4090 6288
329 453 451 515 859

1578 456 1640 516 S.
1688 453 2088 517 THEODORI
2133 452 2496 515 STUDITE

3615 453 3736 514 860

336 602 512 658 quam
545 585 594 643 si
624 602 740 643 non
774 601 909 643 cum
944 586 1068 658 ipso
1107 586 1431 643 collocutus
1463 587 1646 643 fuero.
1699 588 1981 644 Miserunt

2095 583 2244 655 αὐτῷ
2293 584 2584 653 ἀπαντήσω
2613 624 2626 636 .
2678 583 2967 655 Ἓπεμψαν
3023 579 3116 635 οῦν
3169 582 3301 654 μετᾶ
3351 587 3449 637 τοῦ
3499 581 3739 660 ἀδελφοῦ

315 675 514 748 igitur
536 676 785 746 aliquem
821 677 1176 746 cumfratre,
1226 676 1324 748 qui
1377 677 1574 748 ipsum
1631 678 1702 733 ad
1773 679 1982 734 cellam

335 766 588 833 duceret,
617 764 750 836 quia
781 765 949 837 longe
979 765 1252 822 distabat.
1287 765 1354 820 Et
1385 765 1613 834 pulsato
1646 767 1818 836 ostio,
1877 771 1978 822 in—

335 855 520 925 gressi
549 859 724 924 sunt;
760 854 1127 926 salutatoque
1157 855 1326 922 Sene,
1367 855 1649 912 sederunt
1704 857 1768 911 in
1801 856 1980 912 silen-

334 944 438 1001 tio.
473 944 622 1000 Dixit
653 945 853 1016 itaque
875 945 971 1000 ille
1000 946 1253 1002 ecclesiae
1277 947 1456 1002 frater
1491 963 1504 1002 :
1555 951 1758 1018 Surge,
1793 948 1982 1003 disce-

336 1033 430 1100 do,
461 1039 623 1089 orate
653 1051 755 1105 pro
777 1049 890 1089 me.
917 1038 989 1090 At
1012 1035 1184 1090 frater
1207 1035 1574 1106 peregrinus,
1607 1052 1724 1091 non
1743 1034 1984 1091 inventa

333 1137 467 1176 cum
497 1121 645 1178 Sene
673 1123 1040 1192 colloquendi
1083 1124 1371 1192 libertate,
1396 1125 1543 1179 dixit
1573 1125 1771 1180 fratri:
1803 1125 1982 1180 Venio

331 1214 390 1267 et
417 1226 524 1283 ego
552 1215 767 1268 tecum.
801 1213 866 1268 Et
894 1212 1110 1285 egressi
1142 1221 1272 1269 sunt
1303 1213 1501 1269 simul.
1536 1215 1780 1286 Rogavit
1811 1231 1983 1286 porro

335 1299 533 1372 ipsum
564 1305 908 1376 peregrinus
953 1305 1193 1362 dicens:
1258 1307 1374 1361 Due
1433 1322 1527 1362 me
1585 1307 1657 1361 ad
1715 1305 1984 1362 abbatem

336 1391 590 1462 Moysen,
625 1409 691 1449 ex
723 1393 1050 1450 latronibus
1093 1410 1436 1451 conversum
1480 1396 1614 1467 (59).
1666 1395 1752 1451 Ad
1809 1411 1984 1467 quem

336 1491 644 1553 postquam
675 1485 999 1552 venissent,
1031 1485 1295 1555 suscepit
1323 1485 1518 1557 ipsum
1552 1501 1687 1542 cum
1747 1485 1984 1557 gaudio,

339 1579 394 1626 et
425 1573 698 1629 exhibitis
731 1573 1152 1646 hospitalitatis
1181 1573 1391 1631 ofﬁciis
1433 1574 1674 1630 dimisit.
1738 1576 1882 1630 Tum
1937 1575 1988 1629 is

340 1661 440 1732 qui
479 1659 660 1718 alium
692 1664 957 1734 duxerat,
980 1665 1064 1721 sic
1095 1663 1225 1719 inﬁt
1257 1679 1272 1719 :
1315 1663 1480 1733 Ecce,
1545 1665 1758 1720 adduxi
1810 1668 1868 1719 te
1914 1664 1988 1719 ad

340 1751 698 1825 [Arsenium]
750 1755 1105 1811 monachum
1164 1759 1528 1817 extraneum,
1590 1765 1643 1812 et
1690 1757 1761 1812 ad
1819 1757 1988 1826 Egy-

341 1843 527 1914 ptium
561 1858 576 1899 :
609 1849 735 1899 uter
765 1845 950 1914 magis
979 1844 1193 1917 placuit
1221 1845 1374 1901 tibi?
1413 1846 1515 1901 Cui
1562 1846 1735 1903 frater
1766 1862 1781 1903 :
1812 1846 1989 1919 Egy-

2089 676 2424 737 καταστῆσαι
2485 671 2668 742 αὐτὸν,
2721 671 2802 726 ὅτι
2867 671 3076 745 μακρὰν
3115 671 3182 740 ἦν
3228 673 3262 740 ἡ
3313 670 3486 727 κέλλα
3533 672 3736 726 αὐτοῦ·

2089 765 2181 819 καὶ
2211 763 2532 837 κρούσαντες
2573 765 2673 830 τὴν
2728 761 2909 836 θύραν,
2946 759 3200 830 εἰσῆλθον
3232 779 3244 791 ·
3287 762 3379 816 καὶ
3429 762 3739 835 ἀσπασάμε-

2090 875 2172 909 νοι
2237 855 2328 906 τὸν
2384 853 2614 926 γέροντα
2658 849 2904 905 ἐκάθισαν
2961 855 3311 914 σιωπῶντες·
3362 852 3520 908 Εἶπεν
3572 850 3664 906 οὖν
3711 853 3739 906 ὁ

2091 941 2324 1021 ἀδελφὸς
2378 943 2406 996 6
2455 949 2555 1010 τῆς
2602 939 2936 1011 ἐκκλησίας.
2996 940 3330 1016 Ἐγείρομαι,
3385 941 3595 1017 ὑπάγω,
3648 939 3740 995 εὖ-

2093 1035 2268 1103 ξασθε,
2316 1032 2447 1106 ὑπὲρ
2497 1031 2672 1105 ἐμοῦ.
2721 1033 2778 1085 Ὀ
2825 1029 2881 1086 δὲ
2930 1029 3078 1101 ξένος
3129 1029 3386 1103 ἀδελφὸς,
3441 1033 3518 1104 μὴ
3566 1031 3736 1105 εὑρὼν

2093 1123 2406 1200 παῤῥησίαν
2464 1125 2601 1196 πρὸς
2660 1124 2750 1178 τὸν
2811 1124 3063 1198 γέροντα,
3119 1124 3263 1178 εἶπεν
3339 1127 3418 1194 τῷ
3477 1119 3738 1201 ἀδελφῷο

2095 1215 2374 1287 Ἔρχομαι
2407 1213 2562 1288 κάγὼ
2597 1213 2730 1284 μετᾶ
2765 1216 2883 1280 τοῦ,
2939 1213 3036 1266 Καὶ
3086 1209 3308 1282 ἐξῆλθον
3360 1212 3502 1284 ὁμοῦ
3527 1253 3540 1268 .
3593 1218 3744 1284 Παρ-

2095 1304 2345 1357 εκάλεσεν
2372 1301 2464 1356 οὖν
2512 1300 2694 1372 αὐτὸν⁹
2745 1300 2959 1376 λέγων.
3010 1297 3156 1356 Λάϐε
3205 1322 3270 1374 με
3319 1301 3412 1356 καὶ
3463 1302 3596 1373 πρὸς
3645 1301 3739 1354 τὸν

2093 1387 2266 1446 ἆϐϐἆν
2297 1394 2504 1460 Μωσῆν
2540 1392 2630 1446 τὸν
2664 1391 2769 1446 ἀπὸ
2801 1390 3013 1464 λῃστῶν
3045 1434 3058 1447 .
3092 1389 3191 1445 Καὶ
3249 1389 3515 1445 ἐλθόντων
3565 1390 3743 1444 αύτῶν

2095 1482 2232 1556 πρὸς
2265 1479 2448 1546 αὐτὸν,
2483 1478 2694 1552 ἐδέξατο
2729 1480 2890 1535 αὐτὸν
2953 1481 3088 1553 μετᾶ
3133 1484 3330 1554 χαρᾶς,
3381 1479 3471 1534 καὶ
3521 1477 3740 1557 φιλοξε-

2094 1569 2247 1631 νίσας
2280 1571 2357 1644 (d)
2409 1569 2673 1625 ἀπέλυσεν
2695 1589 2709 1602 ·
2771 1569 2869 1624 Καὶ
2921 1567 3065 1642 λέγει
3100 1570 3128 1623 ὁ
3159 1569 3392 1646 ἐνεγκὼν
3423 1569 3514 1623 τὸν
3559 1565 3740 1641 ἕτερον

2097 1657 2330 1738 ἀδελφός
2357 1680 2368 1691 ·
2404 1657 2542 1714 Ἰδοὺ
2575 1658 2847 1735 ἀπήνεγκα
2893 1680 2950 1713 σε
2980 1659 3115 1732 πρὸς
3169 1659 3261 1714 τὸν
3315 1659 3516 1728 ξενικὸν
3571 1678 3742 1729 μονα-

2098 1750 2199 1823 χὸν
2232 1751 2321 1804 καὶ
2377 1751 2514 1824 πρὸς
2550 1751 2642 1804 τὸν
2694 1746 2992 1822 Αίγύπτιον
3021 1767 3036 1780 θ
3070 1747 3152 1809 τίς
3197 1747 3255 1802 ἐκ
3283 1752 3392 1802 τῶν
3439 1745 3534 1802 δύο
3583 1745 3746 1821 ἤρεσέ

2101 1857 2233 1907 σοις
2295 1837 2452 1913 Λέγει
2502 1840 2529 1892 6
2579 1835 2850 1914 ἁδελφόςο
2909 1838 2966 1892 Ὀ
3022 1836 3324 1912 Αἰγύπτιος
3382 1836 3542 1912 ἤρεσέ
3593 1857 3692 1908 μοι
3727 1854 3742 1868 ·

341 1934 499 2004 ptius
528 1933 754 2006 placuit
787 1936 933 1992 mihi
957 1937 1190 1992 Patrum
1222 1937 1452 2006 aliquis,
1486 1936 1576 1992 his
1604 1937 1844 2006 auditis,
1867 1954 1981 1994 ora-

2097 1926 2364 1990 Ἀκούσας
2394 1925 2450 1982 δέ
2478 1948 2561 1989 τις
2591 1931 2701 1982 τῶν
2731 1927 2988 2002 ΙΙατέρων
3019 1931 3209 1994 ταῦτα,
3257 1923 3456 1997 ηὔξατο
3487 1930 3566 1997 τῷ
3600 1929 3742 1997 Θεῷ,

2103 2017 2122 2031 ς
2149 2018 2158 2031 .
2359 2024 2395 2031 --
2416 2018 2428 2031 ,
2579 2013 2603 2031 ε.
2635 2015 2686 2031 -..
2705 2017 2717 2031 ,
2966 2017 2979 2031 .
3115 2020 3141 2031 η
3380 2020 3406 2030 -
3551 2014 3575 2031 ,ι
3682 2015 3702 2030 η

339 2023 422 2078 vit
457 2025 651 2093 Deum,
685 2025 1686 2095 dicens:Domine,remhanomihi
1723 2028 1989 2084 ostende.

343 2111 460 2168 Iste
487 2113 641 2170 enim
683 2115 826 2184 fugit
849 2120 1086 2188 propter
1124 2131 1336 2173 nomen
1386 2124 1571 2173 tuum.
1617 2115 1704 2172 illi
1748 2133 1882 2174 vero
1931 2117 1992 2174 in

345 2201 520 2259 ulnas
549 2204 762 2277 accipit
793 2212 1026 2277 propter
1056 2222 1264 2262 nomen
1296 2211 1486 2262 tuum.
1520 2206 1587 2262 Et
1625 2215 1866 2263 ostensa
1906 2207 1992 2262 illi

347 2297 489 2348 sunt
518 2293 644 2348 duas
687 2310 862 2350 naves
913 2311 1178 2363 magnae;
1221 2300 1278 2351 et
1321 2298 1377 2352 in
1425 2311 1540 2352 una
1582 2297 1816 2367 quidem
1858 2312 1994 2352 con-

344 2381 952 2452 templaturabbatem
988 2385 1294 2440 Arsenium
1326 2390 1382 2440 et
1403 2385 1672 2456 spiritum
1709 2386 1989 2442 Deinavi-

343 2475 548 2539 gantes
579 2471 638 2526 in
663 2472 890 2543 quiete;
923 2482 975 2529 et
1003 2473 1186 2529 abbas
1217 2474 1444 2546 Moyses
1461 2479 1517 2530 et
1545 2475 1734 2546 angeli
1758 2475 1856 2530 Dei
1881 2492 1988 2532 na-

343 2559 619 2630 vigebant
649 2561 709 2615 in
737 2562 940 2627 altera,
966 2563 1224 2618 favorum
1260 2562 1451 2619 mellis
1483 2565 1802 2634 particulas
1831 2565 1890 2619 in
1922 2582 1987 2621 os

340 2648 474 2719 ejus
503 2651 826 2707 inserentes
865 2652 996 2723 (60).
1029 2654 1120 2707 Sic
1149 2651 1246 2708 ille
1280 2654 1554 2709 secedens
1583 2654 1838 2710 virorum
1889 2670 1987 2711 ac-

347 2739 542 2796 cessui
587 2740 930 2812 indulgebat
957 2740 1423 2813 aliquantulum;
1483 2743 1796 2799 mulierum
1853 2760 1987 2802 vero

347 2843 419 2884 ne
452 2827 539 2884 vel
572 2829 869 2886 tantillum
903 2831 1136 2903 quidem
1164 2847 1180 2888 :
1212 2835 1372 2888 totus
1399 2833 1611 2905 quippe
1643 2839 1767 2890 erat
1795 2850 1982 2904 asper,

339 2923 397 2973 et
427 2935 460 2974 a
487 2917 755 2975 liberiore
787 2937 1057 2977 sermone
1087 2920 1337 2993 alienus,
1367 2939 1564 2980 amore
1592 2922 1694 2980 Dei
1737 2939 1981 2996 occupa-

338 3007 531 3064 batur.

410 3100 503 3156 12.
543 3097 752 3156 Mulier
807 3101 1006 3174 itaque
1065 3103 1327 3174 quaedam
1366 3103 1656 3160 senatoria
1717 3103 1982 3162 Romana

338 3185 642 3258 Canopum
677 3189 1036 3246 Alexandria;
1069 3191 1318 3261 devenit,
1353 3192 1512 3249 dives
1567 3193 1736 3250 valde
1792 3211 1857 3250 ac
1915 3195 1986 3249 ti-

339 3291 508 3332 mens
529 3276 732 3344 Deum,
760 3283 1028 3335 sanctum
1061 3282 1365 3337 Arsenium
1397 3283 1588 3339 videre
1616 3284 1977 3341 desiderans.

2103 2017 2282 2094 λέγων
2309 2037 2322 2050 ·
2359 2018 2540 2090 Κύριε,
2575 2013 2748 2086 δεῖξόν
2786 2037 2880 2088 μοι
2927 2017 2990 2070 τὸ
3037 2020 3266 2092 πρᾶγμα
3314 2020 3473 2071 τοῦτο
3499 2034 3511 2048 ο
3547 2014 3629 2068 ὅτι
3682 2015 3745 2075 ὃς

2105 2107 2199 2177 μὲν
2230 2105 2414 2185 φεύγει
2450 2104 2538 2160 διὰ
2567 2106 2630 2160 τὸ
2661 2104 2838 2179 ὄνομά
2868 2127 2988 2175 σου,
3021 2106 3080 2167 ’ὸς
3131 2103 3189 2160 δὲ
3219 2103 3618 2178 ἐναγκαλίζεται
3654 2101 3746 2158 διὰ

2098 2195 2160 2249 τὸ
2193 2192 2369 2268 ὄνομα
2400 2216 2494 2250 σου
2517 2239 2528 2252 .
2564 2194 2660 2250 Καὶ
2695 2191 2912 2268 ἐδείχθη
2967 2196 3118 2267 αύτῷ
3158 2192 3254 2249 δύο
3286 2194 3456 2249 πλοῖα
3490 2191 3700 2269 μεγάλα
3727 2212 3743 2226 ⁸

2099 2284 2187 2339 καὶ
2221 2285 2412 2359 θεωρεῖ
2458 2285 2548 2338 τὸν
2599 2279 2771 2337 ἆϐϐἆν
2815 2285 3084 2357 ’Δρσένιον
3133 2283 3224 2337 καὶ
3274 2283 3337 2338 τὸ
3387 2287 3608 2355 Πνεῦμα
3645 2286 3744 2338 τοῦ

2100 2379 2234 2430 Θεοῦ
2281 2375 2538 2437 πλέοντες
2577 2375 2629 2429 έν
2658 2373 2864 2450 ἡσυγίᾳ
2907 2375 2984 2436 εἷς
3015 2371 3068 2428 ἓν
3097 2375 3169 2445 (e)
3219 2373 3308 2427 καὶ
3339 2374 3368 2427 6
3400 2368 3572 2436 ἀϐϐἆς
3619 2380 3746 2427 Μω-

2099 2471 2198 2532 σῆς
2229 2465 2316 2519 καὶ
2349 2466 2400 2519 οἱ
2433 2463 2662 2540 ἄγγελοι
2691 2464 2789 2518 τοῦ
2839 2468 2972 2519 Θεοῦ
3004 2462 3262 2527 πλέοντες
3305 2463 3382 2524 εἷς
3410 2459 3465 2517 ’έν
3510 2465 3600 2534 (Ι),
3650 2462 3744 2516 καὶ

2099 2553 2376 2628 ἐψώμιζον
2425 2551 2804 2628 μελικηρίδας,
2847 2552 2991 2607 οὕτω
3041 2551 3098 2606 δὲ
3150 2553 3460 2628 ὑποχωρῶν
3506 2551 3598 2612 τὰς
3635 2555 3745 2605 τῶν

2097 2643 2302 2717 ἀνδρῶν
2350 2645 2575 2718 ὁμιλίας
2634 2641 2896 2714 ἐνεδίδου,
2944 2644 3040 2703 τὰς
3088 2646 3194 2696 τῶν
3236 2645 3506 2716 γυναικῶν
3558 2641 3741 2695 ὁτιοῦν

2097 2730 2384 2806 ούδαμῶςυ
2437 2730 2633 2808 δριμὺς
2683 2733 2787 2810 γὰρ
2835 2735 2901 2801 ἧν
2963 2731 3094 2794 ὅλος
3131 2732 3220 2786 καὶ
3278 2729 3742 2805 ἀπαρρησίαστος.

2094 2823 2370 2897 ἐρωτικῶς
2400 2823 2536 2896 πρὸς
2570 2822 2698 2876 Θεὸν
2730 2818 3072 2893 διακείμενος
3093 2861 3108 2876 .

2169 3097 2258 3173 ιβ’.
2293 3093 2558 3152 Ἐλθοῦσα
2597 3094 2884 3170 τοιγαροῦν
2937 3093 3010 3155 εἰς
3051 3091 3142 3148 τὸν
3192 3092 3450 3146 Κάνωπον
3493 3088 3744 3160 Ἀλεξαν·

2093 3183 2271 3261 ὃρείας
2305 3187 2403 3260 μιὰ
2434 3184 2779 3263 συγκλητική
2828 3183 2936 3239 ἀπὸ
2986 3183 3208 3255 Ῥώμης
3238 3181 3478 3236 πλουσία
3507 3177 3740 3258 σφόδρα,

2089 3277 2182 3332 καὶ
2233 3273 2542 3351 φοϐουμένη
2590 3275 2682 3330 τὸν
2739 3274 2890 3342 Θεὸν,
2922 3274 3165 3328 ποθοῦσα
3213 3269 3346 3326 ἰδεῖν
3399 3271 3580 3334 αὐτὸν,
3631 3271 3736 3323 ὑπ-

341 3365 580 3434 Excepit
604 3365 763 3422 illam
817 3369 1178 3440 Theophilus
1226 3371 1739 3443 archiepiscopus;
1799 3391 1971 3445 quem

2094 3364 2306 3437 εδέξατο
2337 3365 2506 3426 αὐτὴν
2537 3366 2564 3420 6
2590 3361 2852 3438 Θεόφιλος
2883 3364 2910 3418 6
2958 3360 3415 3438 ἀρχιεπίσκοπος,
3463 3361 3553 3414 καὶ
3595 3379 3740 3432 παρ-

340 3455 584 3524 rogavit,
645 3458 1020 3527 persuaderet
1075 3460 1230 3528 Seni,
1277 3465 1341 3516 ut
1387 3477 1449 3518 se
1496 3463 1842 3518 admitteret.
1916 3463 1984 3518 Et

339 3549 653 3615 postquam
685 3546 754 3600 ad
778 3561 912 3602 eum
956 3549 1204 3604 venisset
1228 3549 1724 3623 archiepiscopus,
1758 3553 1985 3624 rogavit

337 3636 403 3687 ut
435 3648 562 3688 eam
618 3635 972 3692 admitteret.
1035 3637 1219 3694 Senex
1277 3655 1410 3696 vero
1453 3641 1810 3712 colloquium
1869 3642 1982 3712 ipsi

339 3724 652 3779 recusavit.
673 3725 896 3790 Quibus
927 3727 1100 3782 rebus
1131 3727 1184 3783 ei
1209 3728 1588 3792 denuntiatis.
1613 3731 1780 3801 jubet
1799 3731 1983 3786 sterni

332 3811 608 3882 jumenta
629 3830 758 3881 sua,
785 3814 1023 3872 dicens:
1057 3816 1296 3872 Conﬁdo
1324 3817 1440 3874 Deo
1471 3819 1590 3875 fore
1646 3825 1710 3875 ut
1756 3820 1980 3876 videam

336 3900 571 3973 ipsum:
601 3919 791 3977 neque
821 3906 976 3962 enim
1009 3906 1138 3962 veni
1195 3907 1390 3964 visura
1449 3909 1747 3966 hominem
1795 3909 1982 3982 (multi

335 3990 490 4047 enim
524 3991 794 4051 hominbs
824 3999 964 4050 sunt
1001 3996 1060 4050 in
1081 3995 1313 4053 civitate
1340 3999 1578 4071 nostra),
1610 4001 1708 4056 sed
1730 4000 1980 4072 prophe-

333 4085 454 4136 tam
485 4082 682 4140 visura
713 4085 859 4141 veni.
891 4087 1082 4157 Atque
1112 4088 1184 4144 ad
1215 4088 1424 4145 cellam
1463 4089 1631 4147 Senis
1679 4091 1977 4163 pervenit;

326 4177 485 4226 extra
523 4171 708 4238 illam,
734 4178 846 4230 Deo
878 4174 960 4231 ita
1006 4176 1373 4242 disponente,
1442 4179 1685 4236 vacabat
1731 4181 1918 4237 Senex
1949 4197 1965 4238 :

333 4274 508 4329 quem
531 4263 886 4333 conspicata,
920 4265 1168 4335 procidit
1196 4267 1266 4322 ad
1287 4267 1461 4339 pedes
1492 4269 1652 4338 ejus;
1686 4271 1980 4343 erexitque

331 4346 496 4402 illam
529 4365 662 4406 cum
692 4350 780 4408 ira
810 4352 908 4426 (c),
940 4354 1031 4411 his
1083 4355 1253 4412 dictis
1284 4357 1344 4412 in
1375 4375 1502 4415 eam
1534 4359 1841 4418 intendens
1878 4363 1980 4418 :Si

333 4436 540 4493 faciem
573 4456 763 4496 meam
797 4443 994 4500 videre
1032 4445 1148 4516 vis;
1183 4461 1278 4515 en,
1308 4447 1460 4506 vide.
1520 4448 1622 4505 Illa
1673 4465 1804 4506 vero
1859 4468 1977 4520 prae

335 4531 689 4585 verecundia
720 4532 926 4589 faciem
975 4535 1160 4606 ipsius
1214 4538 1608 4612 contemplata
1663 4557 1780 4598 non
1839 4541 1968 4597 fuit.

333 4619 478 4675 Tum
513 4619 765 4676 Sanctus
799 4638 813 4678 :
846 4625 1047 4680 Nonne
1074 4642 1251 4697 opera
1282 4644 1410 4686 mea
1449 4630 1708 4687 audisti?
1736 4631 1979 4689 Necesse

2092 3456 2340 3511 εκάλεσεν
2387 3455 2546 3510 αὐτὸν
2593 3453 2684 3509 *ἱνα
2730 3453 2888 3527 πείσῃ
2933 3454 3024 3508 τὸν
3061 3453 3291 3528 γέροντα
3359 3449 3604 3519 δέξασθαι
3649 3448 3741 3503 αὖ.
3808 3479 3809 3482 η

2088 3547 2186 3616 τήν
2213 3569 2224 3581 ο
2270 3545 2368 3600 Καὶ
2418 3543 2592 3600 ἐλθὼν
2622 3545 2650 3598 6
2682 3543 3118 3618 ἀρχιεπίσκοπος
3162 3543 3297 3614 πρὸς
3357 3540 3542 3606 αὐτὸν,
3592 3559 3737 3612 παρ-

2092 3635 2274 3692 εκάλει
2325 3632 2568 3706 δέξασθαι
2601 3633 2811 3704 αὐτήν.
2864 3637 2920 3687 Ὁ
2970 3630 3027 3686 δὲ
3071 3631 3244 3707 γέρων
3295 3629 3356 3685 ού
3414 3626 3736 3698 κατεδέξατο

2091 3728 2435 3794 ἀπαντῆσαι.
2485 3726 2572 3786 Ὠς
2623 3720 2713 3778 οὖν
2765 3721 3046 3798 ἀνηγγέλη
3097 3721 3234 3794 αὐτῇ
3283 3723 3470 3788 ταῦτα,
3525 3715 3737 3772 κελεύει

2092 3817 2400 3891 στρωθῆναι
2454 3813 2522 3869 τὰ
2565 3815 2736 3884 κτήνη
2789 3813 2980 3882 αὐτῆς,
3033 3810 3306 3888 λέγουσαο
3362 3806 3608 3864 Πιστεύω
3655 3809 3741 3878 τῷ

2090 3911 2211 3980 Θεῷ
2243 3903 2375 3960 ἰδεῖν
2404 3905 2569 3960 αὐτόν
2594 3922 2610 3936 ο
2643 3901 2704 3958 ού
2735 3901 2836 3979 γὰρ
2869 3900 3155 3976 ἄνθρωπον
3197 3898 3369 3968 ἦλθον
3423 3896 3554 3952 ἰδεῖν
3582 3916 3594 3929 ·
3633 3895 3740 3950 εἷσί

2088 3997 2193 4073 γὰρ
2223 3995 2315 4051 καὶ
2361 3992 2413 4049 ἐν
2444 3997 2513 4068 τῇ
2557 3989 2719 4048 πόλει
2764 3994 2924 4066 ἡμῶν
2971 3987 3179 4045 πολλοί
3225 3989 3540 4062 ἄνθρωποι·
3588 3983 3740 4038 ἀλλὰ

2087 4086 2384 4162 προφήτην
2414 4081 2586 4153 ἦλθον
2618 4079 2747 4136 ἰδεῖν
2776 4123 2790 4137 .
2824 4080 2922 4134 Καὶ
2953 4079 3027 4140 ὡς
3057 4074 3253 4154 ἔφθασε
3298 4077 3419 4152 περὶ
3459 4075 3558 4144 τὴν
3608 4073 3740 4128 κέλ-

2089 4176 2187 4234 λαν
2232 4181 2328 4232 τοῦ
2367 4175 2621 4250 γέροντος
2670 4174 2788 4228 κατ’
2845 4170 3172 4244 οἰκονομίαν
3223 4171 3356 4223 Θεοῦ
3405 4166 3738 4242 ηύκαίρησεν

2085 4261 2188 4338 ἔξω
2224 4273 2327 4336 τῆς
2373 4263 2580 4335 κέλλης
2632 4265 2659 4318 6
2708 4263 2922 4338 γέρωνο
2962 4259 3052 4316 καὶ
3100 4257 3286 4314 ἰδοῦσα
3340 4255 3523 4329 αὐτὸν,
3573 4276 3742 4332 προσ-

2089 4363 2243 4416 έπεσε
2283 4363 2399 4420 τοῖς
2439 4357 2596 4412 ποσὶν
2646 4353 2834 4427 αὺτοῦ,
2882 4353 2972 4409 καὶ
3021 4355 3232 4428 ἤγειρεν
3266 4350 3431 4420 αύτὴν
3487 4349 3603 4422 μετ’
3652 4348 3739 4423 ὀρ-

2085 4457 2210 4526 γῆς,
2261 4449 2349 4503 καὶ
2400 4448 2702 4522 προσέσχεν
2759 4443 2893 4518 αὐτῇ
2945 4441 3159 4516 λέγων·
3219 4440 3284 4495 Εἰ
3331 4440 3392 4494 τὸ
3441 4438 3734 4513 πρόσωπόν

2091 4561 2196 4614 μου
2243 4537 2417 4600 θέλεις
2473 4534 2631 4609 ἰδεῖν,
2679 4533 2820 4605 ἰδοὺ,
2870 4531 3075 4608 βλέπε’
3127 4535 3187 4588 Ἥ
3223 4527 3280 4585 δὲ
3309 4530 3415 4585 ἀπὸ
3467 4528 3740 4604 αἰσχύνης

2089 4631 2154 4685 ού
2183 4629 2478 4698 κατενόησε
2523 4626 2587 4681 τὸ
2616 4625 2913 4698 πρόσωπον
2957 4621 3122 4676 αὐτοῦ
3148 4663 3161 4676 .
3205 4627 3304 4675 Και
3357 4617 3506 4692 λέγει
3555 4619 3730 4691 αὐτῇο

328 4713 455 4764 erat
486 4709 582 4766 illa
615 4711 1008 4768 considerare.
1070 4714 1370 4779 Quomodo
1411 4725 1606 4776 autem
1658 4725 1778 4777 tam
1838 4738 1970 4778 ma—

2094 4718 2198 4776 Ούκ
2225 4715 2464 4786 ἤκουσας
2495 4716 2562 4770 τὰ
2593 4713 2726 4791 ἔργα
2762 4733 2866 4786 μου
2895 4732 2909 4783 ;
2941 4715 3116 4766 Ταῦτα
3151 4708 3372 4780 βλέπειν
3400 4708 3696 4781 ἀναγκαῖον
3721 4750 3733 4763 .

328 4813 504 4870 gnam
537 4799 961 4871 navigationem
991 4801 1298 4861 instituere
1320 4823 1463 4862 ausa
1483 4809 1584 4865 es?
1611 4811 1696 4866 An
1718 4811 1972 4883 ignoras,

330 4887 482 4958 quod
517 4887 730 4943 mulier
759 4889 862 4958 sis,
887 4898 941 4946 et
969 4893 1116 4962 quod
1134 4909 1435 4966 nunquam
1467 4897 1678 4955 debeas
1701 4900 1933 4970 prodire
1951 4901 1978 4955 Ἰ

325 4976 480 5032 Num
512 4977 658 5033 forte
688 4977 805 5034 huc
833 4979 1064 5050 venisti,
1097 4987 1163 5038 ut
1191 4984 1368 5040 abeas
1399 4985 1668 5056 Romam,
1725 4993 1783 5045 et
1812 4989 1975 5046 dicas

328 5064 676 5123 mulieribus
707 5084 723 5124 :
758 5067 887 5125 Vidi
919 5072 1230 5130 Arsenium
1261 5091 1276 5144 ;
1311 5092 1378 5131 ac
1434 5077 1698 5147 pervium
1759 5077 1976 5134 faciant

329 5171 524 5213 mares
555 5157 832 5215 mulieres
854 5161 925 5216 ad
959 5179 1052 5218 me
1071 5164 1462 5222 ventitantes?
1486 5168 1810 5238 Respondit
1830 5167 1970 5225 illa:

327 5245 388 5303 Si
424 5247 667 5304 Domino
689 5247 994 5322 placuerit,
1027 5251 1321 5311 neminem
1344 5254 1458 5312 huc
1489 5255 1683 5314 venire
1729 5257 1970 5329 permit-

2088 4813 2214 4871 Πῶς
2238 4804 2294 4860 δὲ
2323 4805 2412 4861 καὶ
2453 4802 2769 4878 ἐτόλμησας
2818 4806 3043 4870 ποιῆσαι
3075 4803 3332 4854 τοσοῦτον
3365 4795 3578 4866 πλοῦν;
3628 4796 3740 4850 Οὐκ

2089 4895 2271 4967 οἶδας,
2313 4897 2395 4950 δτι
2446 4894 2586 4969 γυνή
2638 4892 2708 4962 εἶ,
2755 4888 2847 4946 καὶ
2894 4889 2992 4945 οὐκ
3045 4885 3285 4966 ὀφείλεις
3334 4883 3736 4962 προσέρχεσθαι

2087 4988 2347 5056 πώποτε;
2383 4981 2537 5054 ¹Ριτίνιιι
2567 4979 2804 5049 ἀπέλθῃς
2853 4980 2926 5042 είς
2975 4979 3216 5052 Ῥώμην,
3265 4976 3355 5031 καὶ
3408 4974 3567 5050 εἷ’πῃς
3617 4981 3738 5036 ταῖς

2085 5078 2344 5155 γυναιξὶν,
2397 5076 2480 5130 ὅτι
2522 5073 2774 5148 Ἑώρακα
2822 5069 3122 5146 Ἀρσένιον,
3172 5069 3262 5123 καὶ
3313 5068 3604 5137 ποιήσουσι
3636 5067 3737 5134 τήν

2085 5166 2352 5223 θάλασσαν
2412 5161 2561 5233 ὁδὸν,
2619 5165 2889 5238 γυναικῶν
2939 5158 3260 5234 ἐρχομένων
3329 5158 3465 5233 πρός
3517 5174 3622 5230 με;
3676 5157 3739 5210 Ἡ

2084 5253 2141 5312 δέ
2187 5257 2369 5311 εἶπεν·
2421 5253 2548 5311 Ἐὰν
2604 5250 2738 5326 θέλῃ
2787 5249 3011 5324 Κύριος,
3067 5247 3166 5303 ούκ
3232 5247 3352 5325 ἀφῶ
3402 5267 3518 5302 τινα
3564 5244 3740 5300 ἐλθεῖν

1690 5373 1928 5431 VARI/E
1967 5375 2276 5432 LECTION
2288 5374 2390 5431 ES.

508 5477 612 5558 Vit,
643 5479 685 5558 ξ
715 5478 778 5537 Ρ.
813 5499 842 5531 α
873 5477 1016 5537 Cum
1054 5480 1426 5540 festinatione
1459 5499 1474 5554 ;
1532 5498 1667 5542 cum
1707 5484 2126 5556 indignatione.
2160 5506 2189 5534 »ι
2265 5482 2342 5555 (d)
2380 5481 2558 5539 Cotel.
2592 5477 3002 5558 φιλοφρονήσεις
3031 5472 3248 5536 αύτούς.
3328 5473 3591 5549 (ε)ϐοιο1.
3623 5467 3739 5528 Eva.

1935 5628 2167 5688 NOTAE.

399 5472 485 5606 (δὲ
508 5477 612 5535 Vit.
643 5479 685 5534 P
715 5478 773 5537 P.

326 5548 407 5624 (I)
489 5551 626 5608 otel.
658 5545 773 5608 ἕνα.

398 5741 511 5814 (59)
540 5745 623 5800 De
669 5741 866 5822 Moyse
901 5760 934 5802 e
987 5743 1214 5804 latrone
1259 5762 1540 5806 converso
1599 5750 1717 5822 agit
1775 5749 1981 5806 Comm.

333 5829 504 5886 prav.
532 5831 701 5874 num.
728 5817 822 5877 28.

2175 5745 2317 5820 (60).,
2347 5745 2458 5803 Res
2488 5743 2610 5820 haec
2639 5746 2804 5820 gesta
2833 5744 3106 5820 narratur
3142 5739 3202 5796 in
3236 5739 3321 5797 Vit
3348 5737 3463 5820 1:13;
3487 5735 3591 5794 lib.
3633 5752 3734 5806 vn,

2100 5810 2232 5892 cap.
2266 5810 2355 5892 18,
2387 5833 2546 5878 num.
2577 5810 2898 5890 2,'et_apud
2928 5813 3173 5872 Coteler.
3206 5827 3339 5885 pag.
3363 5810 3484 5866 368.
