4090 6288
429 470 544 532 861

1070 480 1365 542 ORATIO
1405 480 1539 542 XII.
1587 514 1665 529 -—
1707 486 2101 550 LAUDATIO
2144 486 2207 549 S.
2254 490 2573 552 ABSENII
2616 491 3183 555 ANACHORETE.

3708 491 3825 555 868

433 599 541 656 ὦδε
574 621 598 698 ⁸.
620 600 752 698 ἀλλ’
781 602 947 698 εῖύχου
980 608 1111 682 ὑπὲρ
1161 609 1318 683 ἐμοῦ,
1348 612 1439 667 καὶ
1473 614 1779 689 μνημόνευέ
1811 639 1914 690 μου
1959 617 2057 675 διας

2188 625 2330 678 tam.
2360 626 2465 679 Ast
2495 641 2592 681 ora
2635 642 2738 697 pro
2769 641 2881 694 me,
2934 641 3275 698 semperque
3323 627 3437 682 mei
3482 627 3819 683 memoriam

428 690 651 752 παντός.
686 693 747 749 Ὁ
798 691 853 749 δὲ
902 695 1241 773 ἀποκριθεὶς,
1288 701 1433 755 εἶπεν
1483 703 1640 778 αὐτῇ.
1695 703 1948 781 Εῧχομαι
1992 714 2072 782 τῷ

428 781 569 847 Θεῷ,
601 776 696 832 ἵνα
726 780 1011 859 ἐξαλειφθῇ
1047 786 1107 839 τὸ
1160 787 1510 860 μνημόσυνόν
1552 776 1645 846 σου
1696 776 1899 864 ἐκνίτῆίς
1953 776 2071 850 διαί-

427 867 575 930 νοίας
618 888 744 941 μου.
805 876 977 927 Ταῦτα
1025 875 1314 949 ἀκούσασα,
1366 879 1625 950 ἐξλῆλθεν
1676 888 2069 960 τεταραγμένη.

428 956 526 1009 Καὶ
562 957 636 1019 ὡς
668 959 834 1049 ἦλθεν
865 962 941 1025 εἷς
972 965 1070 1033 τὴν
1094 965 1279 1026 πόλιν.
1313 969 1421 1024 ἀπὸ
1453 970 1635 1042 λύπης
1663 968 1826 1029 ἔϐαλε
1873 956 2073 1049 πυρέτ-

425 1065 554 1102 τειν.
592 1048 688 1101 Καὶ
737 1049 1011 1126 ἀνηγγέλη
1061 1060 1141 1127 τῷ
1193 1058 1366 1129 πάπᾳ,
1418 1060 1503 1115 ὅτι
1562 1063 1791 1132 ἀσθενεῖ,
1825 1064 1921 1118 Καὶ
1953 1048 2070 1120 ίέλ-

426 1134 535 1188 θὼν
565 1136 722 1209 πρὸς,
755 1139 946 1211 αὐτὴν,
979 1145 1276 1217 παρεκάλει
1322 1151 1508 1221 μαθεῖν
1554 1150 1604 1204 τί
1655 1150 1818 1225 ἔστιν,
1852 1153 1883 1208 ὅ
1929 1152 2068 1230 ἔχει.

422 1222 486 1277 Ἠ
512 1221 569 1277 δὲ
599 1224 747 1281 εἶπεν
774 1229 923 1301 αὐτῷ
950 1248 964 1262 °
1004 1233 1126 1288 Εἴθε
1160 1236 1234 1307 μή
1269 1238 1555 1309 ἀπήντησα
1601 1237 1707 1295 ὦδε
1738 1258 1753 1272 ⁶
1800 1242 1922 1297 εἶπα
1966 1221 2067 1319 γὰρ

422 1316 502 1405 τιΞ)
558 1313 789 1388 γέροντι.
845 1322 1169 1393 Μνημόνευέ
1230 1344 1382 1398 μου·
1444 1329 1533 1383 καὶ
1593 1330 1709 1385 εἶπέ
1786 1353 1901 1405 μοι,

421 1397 784 1495 βὸχομαιᾼτῷ
814 1413 952 1481 Θεῷ,
979 1408 1071 1466 ἵνα
1121 1411 1412 1495 ἐξαλειφθῇ
1462 1419 1524 1473 τὸ
1586 1397 1934 1493 μνημόσυνον
1974 1444 2067 1478 σου

420 1488 481 1544 ἐκ
532 1499 641 1583 τῇς
691 1492 934 1560 διανοίας
994 1521 1122 1572 μου.
1155 1504 1261 1558 Καὶ
1315 1488 1434 1560 ῖδοὺ
1486 1488 1596 1583 ἐγῶ
1653 1488 1979 1582 ἀποθνήσκω
2011 1513 2070 1568 ἐκ

416 1585 517 1673 τῇς
579 1579 781 1673 λύπης.
816 1588 921 1642 Καὶ
974 1588 1122 1667 λέγει
1175 1593 1307 1667 αὐτῇ
1369 1598 1396 1649 6
1453 1579 1907 1673 ἀρχιεπίσκοπος.
1958 1602 2070 1658 Οὺκ

422 1668 576 1733 οἶδας
604 1670 689 1727 ὅτι
720 1677 857 1749 γυνὴ
890 1676 957 1748 εἶ,
990 1681 1080 1734 καὶ
1113 1682 1141 1735 6
1172 1682 1371 1756 ἐχθρὸς
1411 1668 1668 1751 διάϐολος
1700 1686 1788 1745 διά
1815 1697 1924 1746 τῶν
1972 1714 2066 1769 γο-

418 1766 620 1816 ναικῶν
676 1766 912 1839 πολεμεῖ
955 1768 1085 1833 τοὺς
1132 1773 1318 1845 ἁγίους
1351 1793 1365 1844 ;
1418 1776 1515 1830 Καὶ
1547 1775 1636 1832 διὰ
1665 1784 1826 1836 τοῦτο
1858 1766 2003 1837 εἶπεν
2037 1786 2064 1838 6

417 1849 606 1941 γέρωνΔ
630 1870 644 1883 ⁶
677 1855 801 1925 περὶ
832 1857 937 1932 γὰρ
967 1865 1068 1927 τῆς
1097 1862 1282 1936 ψυχῆς
1336 1883 1431 1918 σου
1483 1862 1699 1941 εὔχεται
1753 1869 2061 1936 διαπαντός.

414 1937 513 1991 Καὶ
545 1938 718 2003 οὕτως
749 1942 1077 2018 ἐθεραπεύθη
1117 1951 1145 2004 6
1179 1948 1445 2026 λογισμὸς
1492 1937 1678 2025 αύτῆς,
1711 1957 1800 2012 καὶ
1850 1959 2064 2030 ἀπῆλθε

420 2030 554 2099 μετᾶ
600 2036 775 2107 χαρᾶς
832 2034 907 2097 εἷς
954 2038 1021 2092 τὰ
1069 2036 1207 2097 τίδια.
1258 2042 1320 2097 Ἥ
1374 2045 1468 2116 μὲν
1520 2042 1609 2099 οὗν
1642 2047 1869 2122 ἡσυχία,
1903 2051 1992 2105 καὶ
2023 2053 2058 2121 ἡ

413 2116 708 2189 ἀπέντησις
738 2124 964 2197 τοιαύτη
998 2132 1095 2182 τοῦ
1117 2130 1420 2204 Ἀρσενίου.

1055 2225 1310 2279 ΚΕΦΑΛ.
1344 2225 1422 2280 Β’.

2185 712 2351 770 habe.
2386 715 2494 779 Qui
2534 717 2913 786 respondens,
2956 717 3100 773 dixit
3126 716 3212 772 illi
3245 733 3259 771 :
3311 717 3498 773 Orabo
3533 722 3733 784 Deum,
3759 722 3825 772 ut

2182 804 2464 859 memoria
2493 804 2576 858 tui
2627 806 2890 860 deleatur
2945 822 3013 861 ex
3079 807 3274 862 animo
3324 823 3468 862 meo.
3521 806 3647 861 Haec
3685 823 3819 862 cum

2181 894 2475 965 audiissel,
2507 895 2683 951 exivit
2713 897 3076 952 conturbata.
3114 900 3290 969 Atque
3338 903 3402 952 ut
3451 899 3711 969 pervenit
3749 899 3819 953 ad

2182 982 2497 1054 civitatem,
2540 1002 2650 1055 prae
2695 986 2928 1041 tristitia
2974 987 3032 1041 in
3081 987 3282 1043 febrim
3327 987 3567 1043 incidit:
3605 1003 3820 1044 renuu-

2179 1074 2506 1144 tiatumque
2537 1080 2625 1129 est
2654 1092 2812 1145 papae
2841 1076 2978 1147 (61),
3010 1077 3163 1146 quod
3195 1082 3536 1148 aegrotaret;
3573 1078 3671 1149 qui
3693 1093 3820 1133 eam

2178 1163 2480 1233 accedens,
2512 1166 2752 1233 rogabat
2782 1166 3084 1221 certiorem
3130 1183 3192 1221 se
3233 1166 3419 1235 reddi,
3469 1183 3585 1238 quo
3617 1168 3819 1224 morbo

2178 1251 2489 1308 laboraret.
2549 1254 2803 1324 Subjecit
2845 1254 3004 1310 illa:
3066 1253 3300 1311 Utinam
3356 1272 3656 1326 nunquam
3706 1256 3819 1312 huc

2176 1340 2503 1397 venissem!
2535 1344 2651 1397 dixi
2673 1343 2885 1399 etenim
2921 1344 3093 1399 Seni:
3126 1344 3464 1401 Memoriam
3499 1346 3613 1401 mei
3646 1344 3818 1405 habe.

2177 1435 2234 1485 et
2264 1431 2561 1503 respondit
2588 1449 2601 1487 :
2637 1433 2825 1489 Orabo
2848 1434 3050 1501 Deum,
3085 1438 3148 1489 ut
3188 1436 3470 1490 memoria
3499 1434 3585 1490 tui
3615 1435 3819 1490 delea-

2177 1522 2275 1574 tur
2320 1537 2388 1576 ex
2444 1523 2638 1578 animo
2678 1538 2827 1579 meo.
2880 1522 2946 1578 Et
2993 1538 3124 1579 ecce
3169 1523 3384 1580 morior
3431 1539 3536 1595 ego
3571 1540 3684 1594 prae
3718 1524 3821 1579 tri-

2178 1609 2359 1664 stitia.
2408 1610 2662 1666 Rursum
2722 1612 3231 1684 archiepiscopus:
3284 1612 3409 1668 Non
3455 1614 3632 1680 nosti,
3665 1616 3818 1685 quod

2178 1698 2389 1754 mulier
2429 1699 2534 1770 sis,
2583 1704 2641 1755 et
2678 1703 2831 1773 quod
2881 1701 3066 1757 hostis
3099 1701 3369 1758 diabolus
3401 1718 3503 1773 per
3547 1702 3820 1759 mulieres

2175 1786 2478 1859 impugnet
2516 1790 2782 1846 sanctos!
2833 1790 3017 1862 quue
3061 1791 3185 1847 ideo
3230 1790 3375 1847 dixit
3422 1792 3646 1848 Senex:
3681 1809 3816 1857 nam

2176 1894 2277 1949 pro
2309 1882 2500 1937 anima
2527 1886 2626 1937 tua
2655 1881 2892 1937 assidue
2940 1890 3083 1937 orat.
3134 1883 3203 1937 Et
3249 1882 3332 1939 sic
3375 1899 3538 1939 mens
3565 1885 3692 1956 ejus
3724 1900 3816 1940 re-

2175 1974 2368 2025 creata
2395 1975 2484 2026 est
2507 1988 2521 2031 :
2554 1976 2611 2027 et
2634 1987 2767 2027 cum
2795 1972 3010 2043 gaudio
3033 1971 3306 2027 discessit
3336 1974 3405 2028 ad
3424 1974 3655 2044 propria
3677 1974 3813 2045 (62).

2170 2063 2239 2115 Et
2294 2060 2429 2116 talis
2488 2062 2722 2134 quidem
2807 2062 3034 2118 Arsenii
3110 2078 3369 2120 secessus
3416 2067 3473 2118 et
3538 2078 3817 2120 occursus

2174 2148 2307 2205 fuit.

2825 2238 3058 2297 CAPUT
3097 2240 3167 2297 II.

419 2341 629 2400 Donum
660 2348 930 2405 orationis
958 2356 1012 2405 et
1044 2351 1414 2425 lacrymarum
1444 2372 1466 2419 ;
1495 2356 1713 2441 vigila,
1739 2358 2101 2441 documenta,
2140 2363 2292 2441 labor
2318 2382 2588 2441 manuum
2615 2382 2660 2441 ,χ
2692 2367 3061 2437 mortiﬁcatio,
3118 2372 3411 2441 paupertas
3439 2386 3462 2434 ;
3508 2367 3813 2441 discipulo-

1407 2444 1533 2483 rum
1574 2428 1838 2500 dz'mz'ssio,
1870 2437 1921 2488 et
1951 2436 2209 2491 admissio
2228 2454 2250 2499 ,'
2281 2439 2498 2494 reditus
2528 2441 2587 2493 in
2616 2428 2817 2495 ’Troen.

492 2524 579 2596 ιγ’.
614 2524 804 2600 Εὐχῆς
835 2526 892 2582 δὲ
921 2528 1009 2583 καὶ
1051 2534 1552 2613 ταπεινοιρροσύνης
1599 2535 1787 2612 χάρισι
1835 2538 1917 2600 τίς
1967 2538 2059 2593 οὕ-

415 2630 520 2675 τως
570 2611 965 2688 ἐκεκόσμητος
1030 2623 1127 2675 Καί
1186 2644 1269 2685 τις
1330 2625 1425 2696 μὲν
1484 2627 1688 2700 μάρτυς
1748 2628 1775 2681 6
1826 2626 2059 2708 ἀδελφὸς

412 2696 631 2768 ἐκεῖνος,
667 2704 695 2758 6
745 2705 1082 2782 παραϐαλὼν
1138 2710 1187 2767 ἐν
1220 2710 1299 2785 τῷ
1328 2712 1535 2787 κελλίῳ
1564 2720 1664 2770 τοῦ
1693 2696 2057 2793 γέροντοςίὸς

418 2791 679 2865 προσχὼν
712 2789 800 2847 διὰ
827 2802 926 2865 τῆς
956 2796 1172 2872 θυρίδος
1213 2794 1399 2871 ἕνδον;
1451 2805 1646 2878 θεωρεῖ
1690 2806 1781 2859 τὸν
1833 2806 2060 2881 γέροντα

412 2876 543 2933 ὅλον
574 2880 649 2943 ὡς
697 2887 824 2958 πῦρ.
857 2889 957 2943 νΗν
986 2889 1077 2941 καὶ
1109 2888 1254 2959 ἄξιος
1287 2893 1313 2945 6
1347 2891 1580 2971 ἀδελφὸς
1621 2898 1717 2949 τοῦ
1768 2893 1922 2953 ἰδεῖν.
1959 2896 2057 2952 Καὶ

411 2968 484 3029 ὡς
539 2964 810 3043 ἔκρουσεν,
863 2973 1083 3046 ἐξῆλθεν
1137 2979 1164 3031 ὁ
1210 2978 1382 3055 γέρων
1416 3001 1430 3014 ·
1480 2982 1570 3037 καὶ
1612 2981 1740 3038 ἰδὼν
1771 2984 1863 3038 τὸν
1898 2982 2055 3040 ἀδελ-

406 3056 880 3150 φὸν-ἔκθαμϐοι),
917 3065 1066 3140 λέγει
1125 3069 1278 3142 αὑτῷ
1310 3088 1323 3101 ·
1385 3073 1572 3145 Ἔχεις
1622 3071 1839 3143 πολλὴν
1913 3076 2055 3150 ὥραν

410 3145 624 3217 κρούων
659 3174 673 3215 ;
705 3151 793 3219 Μή
828 3149 881 3204 τί
914 3172 1043 3207 ποτε
1094 3152 1232 3216 εἶδες
1282 3155 1388 3211 ὧδε
1422 3178 1436 3227 ;
1489 3159 1588 3213 Καὶ
1639 3161 1778 3215 εἶπεν
1816 3179 1829 3194 ⁸
1889 3162 2055 3237 Οὐχί.

2243 2547 2328 2602 13.
2359 2547 2490 2603 Jam
2523 2564 2654 2605 vero
2677 2549 2810 2620 quis
2829 2549 3108 2605 orationis
3131 2557 3184 2605 et
3205 2549 3557 2607 humilitatis
3580 2550 3814 2606 dotibus

2170 2638 2425 2694 ornatior
2462 2637 2559 2695 illo
2606 2639 2882 2695 exstitit?
2921 2642 3101 2712 Cujus
3152 2641 3384 2713 quidem
3427 2642 3509 2697 rei
3537 2641 3695 2699 testis
3727 2646 3817 2697 est

2171 2725 2347 2783 frater
2385 2727 2501 2797 ille,
2535 2729 2631 2800 qui
2663 2730 2735 2785 ad
2787 2729 2987 2786 cellam
3036 2731 3193 2786 senis
3242 2731 3558 2803 digressus,
3615 2737 3671 2787 et
3714 2731 3816 2787 ob-

2170 2832 2405 2873 servans
2431 2833 2531 2889 per
2563 2819 2875 2875 fenestram
2923 2837 3008 2888 ea,
3042 2837 3169 2892 quas
3202 2820 3419 2875 fiebant
3450 2822 3632 2887 intus,
3666 2819 3816 2875 videt

2169 2921 2368 2961 senem
2418 2910 2625 2977 totum,
2675 2909 2845 2979 quasi
2895 2908 3085 2980 ignem
3118 2910 3201 2981 (et
3248 2925 3388 2965 sane
3432 2911 3643 2981 dignus
3692 2914 3816 2964 erat

2170 2994 2346 3049 frater
2374 2995 2485 3051 ista
2516 2997 2753 3070 videre).
2785 2998 2972 3053 Simul
3022 3003 3198 3071 atque
3222 2998 3271 3053 is
3309 2997 3585 3069 pulsavit,
3620 3013 3816 3069 egres-

2167 3099 2268 3138 sus
2297 3089 2387 3141 est
2418 3101 2612 3155 senex,
2644 3088 2965 3160 vidensque
2996 3089 3231 3145 fratrem
3264 3092 3502 3160 stupore
3533 3088 3813 3159 defixum,

2167 3173 2307 3227 dicit
2336 3173 2425 3230 ei:
2457 3177 2542 3229 An
2574 3193 2607 3230 a
2638 3178 2819 3231 multo
2868 3182 3125 3246 tempore
3176 3177 3475 3248 pulsasti?
3516 3176 3812 3232 Numnam

408 3234 503 3287 Καὶ
566 3233 814 3307 λαλήσας
873 3239 1039 3313 αύτῷ,
1099 3242 1387 3302 ἀπέλυσεν.
1436 3248 1525 3310 Ti;
1559 3247 1616 3303 δὲ
1669 3251 1695 3304 ὁ
1748 3249 1937 3323 εἰπὼν,
1970 3250 2052 3307 ὅτι

408 3322 582 3351 .τί----
632 3324 773 3351 -13-‘
930 3335 954 3345 η-
1096 3331 1116 3351 π
1209 3334 1219 3351 ο
1348 3337 1362 3351 ς
1427 3339 1437 3351 ο
1590 3342 1615 3351 ο.
1654 3339 1670 3351 ε
1727 3340 1738 3351 .
1930 3342 1942 3351 .
2018 3341 2047 3351 η.

2173 3260 2515 3351 εΙίουίᾶηῇἰο
2548 3264 2780 3320 vidisti?
2806 3266 2912 3329 Qui
2945 3233 3123 3321 dixit:
3171 3233 3574 3338 Nequaquam.
3621 3266 3685 3320 Et
3718 3266 3808 3338 ip-

406 3322 585 3396 ὥσπερ
629 3324 807 3392 οὐδεὶς
863 3335 958 3385 τοῦ
1017 3331 1284 3391 παλατίου
1345 3337 1525 3415 ἐφόρει
1588 3339 1838 3414 βελτίονα
1885 3341 2049 3398 αὐτοῦ

403 3410 604 3481 ἐσθῆτα
636 3414 687 3469 ἐν
718 3422 836 3481 τοῖς
867 3420 1169 3493 βασιλείοις
1216 3422 1438 3501 διάγων,
1485 3428 1656 3493 οὕτως
1706 3429 1831 3487 οὒδὲ
1879 3430 1930 3487 ἐν
1980 3436 2050 3507 τῇ

405 3500 697 3596 ἐκκλησία-
732 3513 831 3596 τῆς
877 3510 1126 3579 Σκήτεως
1175 3500 1619 3591 προσερχόμενος
1672 3500 2050 3596 εὐτελεστέραν

410 3590 577 3644 αὐτοῦ
609 3590 778 3654 ἄλλος
812 3594 1095 3674 ἐφόρησεν.
1129 3602 1253 3657 Ὅτε
1292 3606 1379 3659 καὶ
1414 3590 1572 3678 ἐνόθη
1607 3610 1738 3663 ποτὲ
1782 3609 1857 3673 εἷς
1904 3590 2053 3681 Σκῆ-

405 3701 488 3734 τιν
519 3682 654 3755 πρὸς
687 3682 848 3759 ὀλίγα
879 3687 1122 3762 ἰσχάτια,
1153 3693 1243 3747 καὶ
1286 3695 1361 3759 ὼς
1387 3695 1578 3769 Ιμηδὲν
1623 3694 1750 3754 ὄντα
1800 3700 1898 3756 οὐκ
1949 3701 2052 3756 ἀπ-

413 3768 651 3865 έστειλεν
697 3778 775 3865 τῷ
822 3776 1100 3853 ’Δρσενίῳ,
1151 3782 1224 3843 ὡς
1271 3782 1365 3839 ’ίνα
1526 3782 1680 3862 ὕϐριν
1710 3790 1875 3865 πάθῃ.
1912 3795 1968 3844 '0
1999 3790 2055 3847 δὲ

406 3858 579 3935 γέρων
635 3863 888 3929 ἀκούσας,
921 3867 1019 3923 οὐκ
1076 3868 1239 3938 ἦλθεν
1296 3874 1371 3936 εἰς
1413 3878 1511 3946 τὴν
1568 3877 1794 3952 σύναξιν,
1828 3879 2003 3956 λέγων
2040 3899 2055 3914 ⁸

410 3949 738 4047 Ῥφορίσατέ
771 3976 869 4047 μοι
895 3961 991 4011 τοῦ
1154 3957 1340 4016 δοῦναί
1392 3986 1486 4036 μοι
1534 3969 1631 4037 τὴν
1679 3949 1955 4047 εύλογίαν,
1989 3970 2054 4040 ἢν

412 4032 634 4130 (Excedam
668 4042 696 4096 6
728 4044 859 4107 Θεὸς
889 4051 1007 4109 τοῖς
1040 4046 1319 4126 ἀδελφοῖς,
1349 4054 1417 4123 ἢν
1468 4056 1571 4110 οὐκ
1618 4056 1731 4130 εἷμί
1762 4032 1908 4129 ἄξσιος
1958 4058 2058 4115 λα-

411 4120 560 4221 ϐεῖν..
595 4131 694 4184 Καὶ
745 4130 983 4201 ἤκουσαν
1031 4120 1241 4212 πάντες,
1280 4142 1371 4197 καὶ
1420 4120 1782 4221 ὠφελήθησαν
1808 4120 1906 4212 ἐἰς
1956 4151 2053 4221 τὴν

407 4216 754 4315 ’ταπείνωσιν¹
796 4228 892 4277 τοῦ
969 4226 1247 4302 γέροντος.
1336 4231 1437 4287 Καὶ
1481 4216 1760 4291 ἰάπελθὼν
1820 4239 1848 4293 6
1934 4216 2058 4315 πρε-

411 4301 664 4383 σϐύτερος
717 4308 918 4390 ἤγαγεν
981 4316 1140 4372 αὐτὸν
1199 4318 1277 4382 εἷς
1336 4323 1433 4391 τὴν
1491 4324 1701 4398 σύναξιν
1763 4329 1898 4403 μετὰ
1947 4301 2055 4409 χα-

411 4416 526 4470 ρας.

484 4574 566 4637 ιδ’.
598 4580 667 4635 Τὸ
717 4579 773 4638 δὲ
804 4580 1061 4661 διερωτᾷν
1112 4590 1292 4665 αὐτὸν,
1335 4593 1427 4650 καὶ
1475 4598 1552 4670 μὴ
1602 4605 1842 4676 στοιχεῖν
1891 4599 1947 4658 ἐν
1975 4608 2055 4677 τῷ

410 4665 533 4742 ἰδίῳ
563 4678 771 4746 σκοπῷ,
804 4677 868 4731 οὗ
910 4682 1285 4748 ταπεινώσεως
1334 4685 1491 4763 ἔργον
1524 4707 1539 4759 ;
1588 4665 1783 4768 καίπερ
1828 4665 2049 4770 γνώσει,

404 4759 492 4813 καὶ
528 4762 733 4817 συνέσει
771 4766 860 4820 καὶ
916 4769 1074 4848 σοφία
1127 4774 1621 4852 κατηγλαῖσμένος,
1677 4783 1866 4838 Τοίνυν
1919 4806 2054 4841 πυν-

408 4848 707 4945 θανόμενον
737 4853 896 4910 αὐτόν
928 4858 1061 4914 πὸτέ
1089 4882 1211 4917 τινα
1240 4863 1543 4944 Αἰγύπτιον
1572 4877 1696 4945 περί
1740 4876 1846 4928 τῶν
1896 4871 2052 4931 ῒδίων

406 4933 708 5039 λιογιὶσμων,
770 4941 895 5039 ξδὼν
947 4948 1109 5005 αὐτὸν
1167 4949 1348 5029 ἕτερος
1396 4962 1503 5014 τῶν
1555 4957 1824 5039 ἀδελφῶν,
1848 4963 1997 5021 εἶπεν
2031 4985 2046 5002 ο

405 5021 576 5082 Ἀϐϐἆ
636 5030 892 5107 Ἀρσένιε,
950 5041 1066 5101 πῶς
1120 5044 1387 5116 τοσαύτην
1445 5021 1723 5107 παίδευσιν
1796 5053 2046 5128 Ῥωμαϊ-

2166 3365 2295 3404 sum
2354 3349 2661 3418 allocutus,
2721 3353 2949 3409 dimisit
3005 3355 3238 3427 (63-64).
3301 3354 3431 3409 Fuit
3490 3354 3588 3425 qui
3647 3353 3811 3429 dixit,

2161 3437 2338 3509 quod,
2372 3439 2519 3495 sicut
2550 3456 2719 3497 nemo
2752 3443 2809 3499 in
2842 3443 3055 3514 palatio
3076 3448 3324 3514 gestaret
3353 3442 3810 3513 splendidiorem

2164 3535 2400 3598 vestem,
2431 3547 2603 3602 quam
2638 3532 2780 3602 ipse,
2815 3534 3047 3604 quando
3079 3532 3325 3605 degebat
3367 3532 3425 3588 in
3458 3532 3589 3589 aula
3624 3533 3810 3604 impe-

2165 3619 2401 3687 ratoris;
2443 3621 2526 3676 sic
2558 3638 2728 3677 nemo
2760 3639 2872 3692 prae
2907 3624 3033 3692 ipso
3064 3623 3216 3678 alius
3248 3622 3491 3696 gestarit
3519 3622 3807 3692 viliorem,

2164 3713 2470 3779 postquam
2503 3710 2573 3765 ad
2594 3716 2808 3767 castum
2834 3712 3086 3768 Sceticos
3118 3713 3461 3769 accessisset
3492 3712 3627 3781 (65).
3662 3710 3806 3767 Cum

2166 3798 2481 3870 aliquando
2506 3801 2565 3855 in
2598 3800 2749 3856 Sceti
2772 3801 3036 3873 pauculae
3058 3803 3257 3858 caricas
3281 3801 3806 3869 distribuerentur;

2165 3906 2260 3945 eas
2307 3894 2583 3962 tanquam
2633 3907 2726 3947 res
2775 3891 2944 3949 nihili
2989 3893 3228 3949 Arsenio
3261 3908 3375 3947 non
3410 3891 3719 3958 miserunt,
3752 3898 3811 3947 ut

2167 3997 2239 4037 ne
2268 3981 2483 4053 injuria
2522 3981 2870 4040 afﬁceretur.
2903 3984 3025 4049 Quo
3080 3985 3299 4055 audito,
3350 4000 3463 4039 non
3530 3984 3686 4040 venit
3733 3984 3805 4039 ad

2167 4070 2467 4128 collectam
2521 4090 2717 4136 senex,
2777 4075 2977 4129 dicens
3027 4089 3042 4129 :
3104 4073 3462 4146 Segregastis
3521 4089 3635 4142 me,
3690 4088 3805 4128 non

2167 4161 2355 4217 dando
2386 4161 2529 4216 mihi
2579 4161 2866 4235 eulogiam
2905 4161 3039 4235 (66),
3091 4179 3266 4234 quam
3315 4162 3477 4218 misit
3506 4163 3657 4218 Deus
3688 4161 3808 4217 fra-

2166 4249 2385 4318 tribus;
2421 4266 2591 4322 quam
2623 4267 2740 4307 non
2788 4267 2920 4306 sum
2959 4252 3170 4323 dignus
3199 4252 3479 4321 accipere.
3510 4251 3580 4306 Et
3609 4251 3807 4308 audie-

2166 4348 2304 4395 runt
2334 4355 2553 4411 omnes,
2587 4340 2975 4413 aedificatique
3006 4346 3141 4398 sunt
3180 4341 3239 4396 in
3267 4340 3595 4397 humilitate
3625 4341 3803 4396 senis.

2167 4429 2233 4483 Et
2262 4428 2461 4484 abiens
2492 4430 2790 4502 presbyter
2815 4430 2931 4502 (67)
2970 4429 3136 4486 duxit
3165 4430 3359 4502 ipsum
3397 4430 3468 4486 ad
3500 4430 3803 4486 collectam

2166 4534 2301 4575 cum
2339 4518 2571 4591 gaudio.

2240 4607 2327 4663 14.
2378 4609 2464 4663 Ad
2541 4609 2683 4677 haec,
2735 4609 2888 4681 quod
2945 4609 3325 4681 interrogaret
3370 4608 3537 4678 alios,
3583 4625 3803 4680 suoque

2165 4696 2510 4769 neutiquam
2541 4698 2822 4754 arbitratu
2848 4699 3205 4771 procederet,
3231 4715 3422 4754 nonne
3454 4697 3804 4754 humilitatis

2163 4789 2248 4842 est
2265 4803 2411 4858 opus
2432 4784 2459 4840 τ
2490 4788 2724 4843 tametsi
2756 4788 2983 4855 notitia,
3012 4788 3396 4858 intelligentia
3426 4804 3492 4843 ac
3519 4787 3804 4859 sapientia

2162 4877 2571 4933 ornatissimus
2617 4879 2781 4935 foret.
2824 4879 3007 4934 Deum
3034 4877 3228 4949 itaque
3258 4878 3513 4949 quodam
3545 4882 3805 4949 tempore

2157 4967 2485 5040 Egyptium
2526 4967 2781 5039 aliquem
2831 4971 3269 5039 percontaretur
3315 4968 3385 5024 de
3434 4967 3802 5040 cogitationi—

2156 5056 2268 5113 bus
2297 5056 2439 5127 suis,
2466 5057 2615 5114 alius
2644 5059 2883 5129 quidam
2916 5058 3160 5114 fratrum
3193 5058 3383 5130 ipsum
3413 5058 3801 5130 conspicatus,

1986 5184 2220 5242 ΝΟΤᾸΕ.

620 5288 717 5377 Tit?
742 5288 915 5377 ςπάῖτᾳ.
934 5295 1018 5377 Ita
1038 5303 1279 5377 vocatus
1313 5303 1414 5377 fuit
1445 5306 1779 5377 patriarcha
1806 5311 2045 5370 Alexan-

403 5357 886 5453 drinas-.Lyidesis
948 5366 1275 5453 Glossariam
1322 5357 2044 5453 ’ΐᾶιέ-

401 5428 737 5530 Ιεῐέἓῃξαὸεξ.
765 5438 859 5530 τιῖίἱ
876 5442 1143 5530 ’,μακαρίῳ
1175 5428 1569 5530 Θεοφίλῲῄςξῷζ

470 5501 755 5600 eguit;
781 5501 929 5600 ΒΕ
974 5501 1125 5600 λίβος
1287 5501 2042 5600 bag.__§a,"genere;

402 5587 562 5661 natm;
593 5573 932 5661 foetnapud
950 5573 1226 5661 _Co_t_eler.
1262 5573 1551 5661 ῥεέίὸὃᾶ

473 5644 717 5739 (ρο-ορ
741 5644 1003 5739 νέιξηρρ.
1035 5654 1137 5711 lib.
1172 5675 1227 5729 ν,
1262 5644 1598 5735 ⁸ιιιῗόυζὶ8,
1623 5683 1785 5725 num.
1838 5671 1891 5739 ι,
1942 5671 2044 5729 Go-

401 5715 574 5790 teler.
601 5715 735 5790 pag.
775 5720 902 5778 560.

402 5785 1249 5945 “(gQé'Vgtétaﬂlipigség
1316 5821 1449 5881 pag.
1533 5809 1660 5874 506,
1718 5811 1897 5871 libell.
1952 5815 2039 5885 15,

2230 5313 2350 5387 (66),
2379 5310 2671 5387 Εὗλογίαν.
2704 5314 2809 5372 Hic
2838 5314 3094 5385 intelligo
3112 5314 3368 5371 edulium
3398 5314 3797 5372 benedictione

2155 5386 2472 5458 sacerdotis
2518 5386 2942 5455 censecratum,
2993 5388 3145 5457 quod
3198 5394 3328 5458 post
3370 5387 3578 5442 Missas
3623 5387 3796 5443 alicui

2154 5457 2293 5513 dare
2330 5457 2419 5511 vel
2469 5461 2885 5523 transmittere,
2919 5464 3042 5515 erat
3088 5457 3315 5526 signum
3365 5460 3793 5515 communionis

2153 5533 2210 5582 et
2238 5528 2560 5598 cbaritatis,
2594 5532 2679 5586 uti
2709 5532 2921 5587 videsis
2950 5531 3104 5601 apud
3144 5529 3532 5600 Rosweydum
3565 5531 3623 5587 in
3648 5530 3792 5587 Ono-

2150 5601 2394 5657 mastico.

2224 5671 2334 5744 (67)
2372 5672 2616 5731 Coteler.

2150 5741 2219 5816 lit
2245 5759 2261 5812 ;
2293 5741 2323 5794 ἡ
2345 5749 2403 5801 et
2426 5747 2540 5803 Vit.
2566 5741 2677 5802 PF.
2700 5741 2871 5816 lib.v,
2895 5745 3077 5801 libell.
3100 5745 3190 5813 55,
3215 5761 3377 5801 num.
3393 5746 3428 5799 8
3450 5762 3463 5800 :
3484 5766 3513 5795 «
3536 5744 3790 5800 Portavit

2150 5813 2201 5868 ei
2230 5817 2301 5872 de
2338 5816 2541 5874 caricis
2570 5816 2713 5875 illis.
2744 5836 2776 5869 »

2648 5688 2781 5745 pag.
2811 5674 2917 5728 356
2947 5672 3146 5728 addit:
3198 5693 3227 5723 «ι
3275 5671 3506 5729 Caricae
3544 5673 3598 5745 ei
3631 5674 3787 5729 detu-
