4090 6288
305 436 426 498 863

1559 444 1624 504 S.
1670 440 2065 506 THEODORI
2111 438 2477 501 STUDITAE

3591 437 3706 499 864

308 570 490 626 dixit:
523 570 687 628 Abba
733 573 957 639 Arseni,
1011 576 1304 646 quomodo
1355 581 1442 644 tu,
1475 577 1573 647 qui
1615 582 1774 633 tanta
1802 577 1959 634 vales

2078 575 2167 640 κήν
2201 573 2289 627 καὶ
2332 571 2667 641 Ἑλληνικήν
2723 569 3098 642 ἐπιστάμενος,
3129 573 3325 625 τοῦτον
3381 569 3473 624 τὸν
3527 570 3711 645 ἀγροῖ-

307 659 635 716 eruditione
667 661 930 718 Romana
960 680 1026 718 ac
1058 664 1274 733 Graaca,
1298 671 1580 736 agrestem
1613 668 1789 722 istum
1823 683 1954 738 per-

307 750 560 804 contaris
591 751 661 805 de
693 751 807 806 tuis
856 753 1352 823 cogitationibus?
1401 756 1504 811 Cui
1557 757 1756 812 beatus
1789 774 1801 812 :
1841 756 1951 810 Ro-

308 853 539 892 manam
571 839 806 908 quidem
856 849 905 896 et
940 841 1196 897 Graecam
1230 844 1603 915 disciplinam
1633 846 1748 914 (68)
1779 845 1950 912 novi;

309 926 679 998 alphabetum
711 946 843 986 vero
879 931 1057 1001 hujus
1089 934 1331 1004 agrestis
1368 936 1615 989 necdum
1659 935 1856 992 didici.
1887 935 1954 990 Et

307 1033 442 1072 vero
461 1019 740 1089 quidnam
765 1027 1003 1076 sanctus
1035 1022 1321 1094 signiﬁcat
1345 1024 1452 1078 hac
1486 1025 1592 1080 re?
1621 1027 1804 1091 Quod,
1840 1025 1955 1080 nisi

309 1106 442 1176 quis
475 1123 572 1176 per
625 1125 816 1164 veram
858 1109 1252 1167 humilitatem
1284 1117 1417 1168 ante
1456 1113 1652 1168 omnia
1682 1114 1954 1185 alphabe-

309 1201 437 1253 tum
468 1198 674 1268 discat,
712 1200 772 1255 in
805 1203 1078 1256 secundis
1110 1219 1330 1272 ponens
1361 1209 1641 1276 tanquam
1673 1206 1731 1259 in
1765 1222 1956 1261 acces-

310 1287 464 1342 sorio
512 1305 747 1345 omnem
799 1292 1160 1347 mundanam
1207 1293 1577 1364 sapientiam,
1625 1295 1854 1350 etiamsi
1894 1295 1953 1349 in

310 1377 468 1431 omni
500 1378 842 1434 exercitatus
897 1380 1069 1436 fuerit
1128 1380 1403 1452 displina,
1455 1398 1650 1438 revera
1695 1382 1860 1439 rudis
1901 1387 1960 1438 et

309 1464 746 1523 indoctissimus
781 1469 874 1524 sit.
908 1468 1124 1524 Iterum
1149 1469 1348 1541 itaque
1381 1473 1749 1543 interrogavit
1779 1488 1910 1528 eum
1939 1490 1955 1529 :

309 1555 611 1620 Quomodo
645 1574 750 1613 nos
775 1573 843 1613 ex
865 1563 1027 1614 tanta
1048 1559 1370 1615 eruditione
1391 1563 1450 1615 et
1469 1561 1776 1632 sapientia,
1811 1561 1959 1617 nihil

311 1643 492 1716 [boni]
519 1646 837 1715 habemus;
879 1648 1128 1721 Egyptii
1157 1654 1354 1705 autem
1402 1650 1498 1705 isti
1530 1655 1716 1708 tantas
1771 1651 1957 1723 possi-

311 1735 450 1790 dent
496 1736 780 1793 virtutes?
841 1737 1170 1809 Respondet
1208 1739 1527 1796 Arsenius:
1588 1740 1704 1798 Nos
1761 1757 1828 1797 ex
1862 1759 1958 1798 sa-

309 1821 530 1893 pientia
588 1825 792 1879 mundi
851 1824 996 1880 nihil
1061 1826 1384 1883 habemus:
1428 1832 1520 1883 ast
1573 1827 1661 1883 illi
1709 1829 1960 1903 [Egyptii

307 1916 365 1966 et
413 1912 608 1969 idiotas
646 1929 714 1970 ex
773 1914 898 1970 suis
954 1914 1252 1972 laboribus
1302 1922 1719 1989 compararunt
1772 1919 1952 1976 virtu-
1989 1914 2034 1978 B

307 2004 396 2057 tes
426 2002 561 2074 (69).

382 2092 465 2148 i5.
501 2092 711 2148 Praeter
750 2093 1163 2166 humilitatem,
1198 2113 1415 2170 pernox
1443 2098 1624 2154 etiam
1651 2104 1777 2155 erat
1803 2116 1949 2172 san-

308 2186 455 2251 ctus,
488 2187 750 2239 sanctam
769 2184 990 2256 jugiter
1017 2184 1331 2258 lacrymam
1358 2203 1526 2243 suam
1549 2189 1949 2260 profundens:

307 2273 465 2328 omni
499 2272 716 2344 quippe
758 2281 1011 2345 tempore
1041 2275 1174 2331 vitae
1215 2293 1358 2343 suae,
1408 2293 1521 2349 quo
1554 2279 1624 2333 ad
1655 2296 1802 2349 opus
1835 2296 1955 2334 ma-

313 2378 497 2416 nuum
530 2361 792 2430 sedebat,
828 2379 1083 2433 pannum
1121 2366 1389 2436 gestabat
1417 2366 1477 2422 in
1508 2366 1638 2423 sinu
1672 2368 1957 2441 lacryma-

312 2467 443 2505 rum
477 2467 674 2519 causa,
697 2469 764 2507 ex
795 2452 978 2509 oculis
1009 2455 1136 2524 ejus
1186 2455 1518 2512 cadentium
1550 2458 1684 2527 (70).
1727 2461 1805 2513 Ac
1839 2459 1956 2514 haec

312 2540 502 2596 inerat
525 2540 639 2612 ipsi
667 2540 998 2612 vigiliarum
1034 2545 1222 2614 gratia
1253 2562 1432 2616 supra
1453 2562 1632 2617 quam
1680 2547 1795 2604 dici
1828 2564 1955 2619 pos-

312 2629 406 2686 sit.
439 2629 772 2702 Aliquando
803 2633 982 2704 igitur
1009 2635 1230 2690 vocavit
1259 2637 1369 2703 (71)
1409 2636 1679 2693 abbatem
1709 2637 1958 2694 Alexan-

313 2719 487 2774 drum
540 2736 604 2775 ac
655 2720 899 2789 Zoilum,
953 2721 1270 2794 discipulos
1319 2739 1476 2794 suos,
1537 2742 1713 2797 seque
1761 2727 1955 2799 ipsum

313 2808 650 2876 humilians,
683 2811 862 2866 dixit:
908 2813 1389 2884 Quandoquidem
1441 2816 1734 2872 daemones
1765 2818 1956 2888 impu-

315 2902 498 2968 gnant
529 2915 639 2966 me,
677 2915 742 2955 ac
773 2900 964 2956 nescio
997 2917 1068 2955 an
1092 2901 1151 2956 in
1198 2918 1404 2958 somno
1428 2903 1572 2958 mihi
1603 2905 1956 2976 subrepant;

317 2989 544 3041 noctem
576 2985 727 3042 hanc
755 2987 993 3059 vigilate
1043 3004 1292 3059 mecum,
1337 2995 1394 3046 et
1442 2993 1764 3064 observate,
1816 3010 1958 3050 num

315 3073 373 3128 in
396 3075 678 3145 privigilio
727 3076 1060 3157 dormitem.
1091 3078 1277 3150 Igitur
1297 3097 1330 3134 a
1349 3080 1681 3152 vespertino
1704 3088 1962 3152 tempore

315 3167 585 3220 sederunt
631 3166 814 3233 taciti,
844 3182 996 3223 unus
1042 3185 1076 3223 a
1107 3169 1319 3224 dextris
1351 3169 1533 3238 illius,
1571 3170 1716 3227 alter
1754 3188 1786 3227 a
1817 3170 1964 3228 sini-

2061 683 2156 716 κον
2189 663 2312 736 περὶ
2345 665 2451 715 τῶν
2484 665 2594 714 σῶν
2626 658 2830 734 ἐρωτᾷς
2867 658 3154 734 λογισμῶν
3192 681 3206 727 ;
3242 660 3336 713 Καὶ
3369 661 3397 712 ὁ
3450 660 3711 732 μακάριος

2063 747 2162 826 ἔφη
2198 771 2210 782 ·
2257 753 2361 821 Τὴν
2413 751 2510 822 μὲν
2554 751 2876 821 Ῥωμαῖκὴν
2922 750 3012 804 καὶ
3057 746 3391 819 Ἑλληνικὴν
3434 747 3710 805 παίδευσιν

2058 839 2306 913 ⁸ίσταμαι,
2339 843 2427 896 τὸν
2458 838 2514 895 δὲ
2546 835 2869 919 ἀλφάϐητον
2901 844 3000 894 τοῦ
3032 841 3286 914 ἀγροίκου
3317 839 3511 895 τούτου
3560 838 3712 897 οῧπω

2065 931 2375 1004 μεμάθηκα.
2440 930 2499 985 Τί
2558 927 2727 1000 δηλοῖ
2783 931 2810 984 ὁ
2870 932 3020 1006 ἅγιος
3068 930 3120 984 ἐν
3177 931 3406 1003 τούτῳ;
3457 931 3578 988 Ὅτι
3617 930 3710 985 κᾶν

2063 1026 2233 1075 πᾶσαν
2295 1018 2574 1076 παίδευσιν
2629 1019 2665 1094 ᾖ
2720 1041 2802 1082 τις
2860 1018 3194 1092 ἐξησκηκώς,
3229 1021 3306 1094 μὴ
3356 1021 3456 1088 τὴν
3512 1017 3598 1076 διᾶ
3628 1042 3716 1076 τα-

2062 1109 2369 1171 πεινώσεως
2401 1109 2642 1180 ἀληθοῦς
2691 1103 3010 1184 ἀλφᾶϐητον
3059 1108 3110 1164 ἐν
3162 1110 3402 1183 πρώτοις
3438 1111 3628 1182 μάθοι,
3660 1107 3712 1162 ἐν

2063 1195 2294 1270 δευτέρῳ
2322 1199 2488 1261 τιθεὶς
2529 1199 2603 1261 ὡς
2654 1197 2706 1252 ἐν
2749 1197 3010 1274 παρέργῳ
3056 1203 3228 1254 πᾶσαν
3279 1199 3468 1276 σοφίαν
3514 1218 3714 1270 κοσμι-

2057 1289 2183 1357 κὴν,
2217 1286 2541 1350 ἀπαίδευτός
2573 1287 2683 1342 ἐστι
2727 1291 2807 1359 τῷ
2855 1283 2993 1358 ὄντι,
3043 1287 3133 1343 καὶ
3182 1288 3567 1360 ἀμαθέστατος.
3607 1288 3700 1342 Πά-

2064 1374 2149 1430 λιν
2187 1377 2278 1431 οὗν
2312 1376 2667 1454 ἐπηρώτησεν
2699 1373 2858 1432 αὐτόν
2895 1395 2908 1409 ’
2942 1380 3063 1440 Πῶς
3098 1380 3265 1450 ἡμεῖς
3294 1377 3399 1432 ἀπὸ
3443 1377 3715 1446 τοσαύτης

2064 1462 2401 1530 παιδεύσεως
2439 1468 2529 1522 καὶ
2590 1467 2780 1542 σοφίας
2840 1462 2992 1520 οὐδὲν
3049 1463 3270 1540 ἔχομεν,
3331 1465 3484 1520 οὗτοι
3540 1462 3596 1519 δὲ
3664 1463 3715 1518 οί

2062 1554 2352 1629 Αἲγύπτιοι
2393 1557 2657 1619 τοσαύτας
2684 1555 2884 1632 ἆφετάς
2922 1555 3210 1626 κέκτηνται
3241 1575 3256 1626 ;
3306 1552 3462 1629 Λέγει
3508 1553 3654 1626 αὐτῷ
3688 1554 3716 1606 6

2065 1645 2343 1718 Ἀρσένιος
2379 1665 2392 1678 ·
2455 1649 2647 1720 Ἡμεῖς
2695 1646 2802 1700 ἀπὸ
2844 1653 2946 1716 τῆς
2989 1650 3086 1700 τοῦ
3133 1645 3350 1718 κόσμου
3381 1641 3718 1704 παιδεύσεως

2066 1731 2217 1788 οὐδὲν
2247 1731 2449 1810 ἔχομεν
2482 1754 2496 1766 °
2523 1737 2673 1790 οὗτοι
2705 1733 2762 1790 δὲ
2791 1737 2842 1790 οἱ
2872 1735 3164 1810 Αἰγύπτιοι
3211 1736 3297 1790 καὶ
3353 1731 3566 1789 ἰδιῶται
3609 1732 3717 1787 ἀπὸ

2064 1819 2215 1878 ἰδίων
2249 1826 2433 1881 κόπων
2461 1825 2753 1896 ἐκτήσαντο
2784 1825 2881 1887 τὰς
2913 1824 3124 1899 ἀρετάς.

2138 2097 2213 2154 ιε’.
2263 2095 2408 2170 Πρὸς
2443 2091 2500 2149 δὲ
2554 2095 2652 2164 τὴν
2703 2094 3220 2167 ταπεινοφροσύνην,
3279 2091 3370 2146 καὶ
3427 2089 3695 2145 εὖκατάνυ

2061 2205 2190 2247 κτος
2232 2185 2300 2252 ἦν
2334 2185 2361 2238 ὁ
2393 2186 2566 2258 ἅγιος,
2629 2184 2884 2258 προχέων
2935 2182 3167 2244 ἀεννάως
3210 2182 3273 2236 τὸ
3320 2181 3465 2254 ἱερὸν
3513 2178 3715 2234 ἐκείιου

2064 2273 2292 2348 δάκρυον
2328 2293 2340 2306 ·
2375 2272 2504 2328 ὅλον
2536 2272 2640 2347 γὰρ
2659 2273 2750 2328 τὸν
2783 2272 2979 2347 χρόνον
3010 2278 3110 2340 τῆς
3159 2277 3304 2341 ζωῆς
3344 2270 3512 2324 αὐτοῦ
3574 2271 3718 2323 καθ-

2063 2363 2317 2436 εζόμενος
2350 2364 2426 2423 εὶς
2455 2363 2517 2417 τὸ
2548 2361 2872 2437 ἐρχόμενον,
2907 2360 3069 2436 ῥάκος
3104 2361 3246 2435 εἶχεν
3294 2357 3347 2413 ἐν
3397 2363 3477 2431 τῷ
3516 2357 3716 2430 κόλπῳ

2065 2453 2225 2531 χάριν
2257 2456 2363 2508 τῶν
2398 2449 2668 2527 δακρύων,
2697 2455 2803 2507 τῶν
2844 2452 3152 2506 πιπτόντων
3196 2449 3297 2505 ἂπὲ
3345 2452 3454 2503 τῶν
3505 2446 3717 2525 ὀφθαλ-

2069 2547 2188 2614 μῶν
2221 2540 2408 2598 αὐτοῦ.
2446 2547 2664 2615 Προσῆν
2691 2537 2774 2612 ξδὲ
2820 2541 2970 2612 αύτῷ
3025 2541 3115 2595 καὶ
3162 2539 3224 2593 τὸ
3265 2545 3366 2608 τῆς
3416 2537 3720 2614 ἀγρυπνίας

2076 2631 2327 2709 χάρισμα
2375 2631 2680 2708 ὑπερφυῶς.
2741 2631 2880 2686 Ποτῗε
2936 2629 3029 2684 οὖν
3082 2627 3303 2684 ἐκάλεσε
3329 2626 3421 2682 τόν
3458 2647 3517 2682 τε
3547 2621 3722 2724 ἀὸὅᾶν

2067 2717 2414 2796 Ἀλέξανδρον
2460 2721 2550 2776 καὶ
2599 2718 2832 2790 Ζὼϊλον,
2869 2719 2997 2781 τοὺς
3057 2719 3302 2791 μαθητὰς
3367 2717 3555 2784 αὐτοῦ,
3624 2717 3724 2770 καί

2063 2813 2324 2864 ταπεινῶν
2372 2810 2580 2879 ἑαυτὸν,
2632 2806 2852 2883 ε⁹ίρηκεν
2896 2825 2911 2838 ·
2958 2805 3182 2876 Ἐπειδὴ
3234 2807 3286 2861 oi.
3331 2803 3585 2880 δαίμονες
3618 2825 3721 2859 πο-

2068 2897 2298 2972 λεμοῦσί
2348 2919 2435 2972 με,
2487 2897 2578 2954 καὶ
2629 2897 2728 2953 οὐκ
2779 2895 2899 2953 οἶδα
2934 2896 2979 2952 εί
3019 2894 3317 2952 κλέπτουσί
3367 2916 3432 2968 με
3461 2893 3512 2950 ἐν
3542 2893 3722 2966 ὕπνῳ,

2064 2991 2165 3059 τήν
2201 2990 2363 3052 ςύκτα
2393 2991 2594 3060 ταύτην
2631 2989 2925 3044 κοπιάσατε
2959 2989 3076 3063 μετ’
3107 2986 3265 3060 ἐμοῦ,
3308 2988 3395 3043 καὶ
3445 2984 3724 3060 τηρήσατέ

2075 3099 2160 3152 με,
2193 3078 2238 3134 εί
2267 3080 2504 3149 νυστάξω
2537 3079 2588 3134 ἐν
2618 3082 2685 3153 τῇ
2736 3078 3020 3155 ἀγρυπνίᾳ.
3083 3077 3181 3132 Καὶ
3234 3075 3480 3132 ἐκάθισαν
3539 3075 3616 3136 εἷς
3662 3072 3726 3129 ἐκ

2073 3168 2258 3238 δεξιῶν
2287 3169 2474 3239 αὐτοῦ,
2506 3168 2594 3224 καὶ
2655 3169 2736 3230 εἷς
2791 3167 2843 3238 ἐξ
2893 3166 3187 3239 εὐωνύμων
3246 3165 3410 3221 αὐτοῦ
3458 3164 3566 3220 ἀπὸ
3623 3164 3726 3238 ὀψὲ

315 3254 454 3309 stris
488 3270 500 3307 :
535 3257 591 3309 et
640 3256 786 3310 dixit
816 3261 1093 3327 uterque:
1129 3257 1247 3315 Nos
1295 3259 1699 3328 dormivimus,
1741 3265 1798 3316 et
1825 3277 1961 3316 sur-

2078 3261 2469 3330 σιωπήσαντες,
2545 3258 2634 3313 καὶ
2715 3259 2865 3312 εἷπον
2947 3252 3274 3330 ἀμφότεροι,
3351 3253 3435 3310 ὅτι
3528 3254 3723 3326 Ἡμεῖς

317 3345 593 3412 reximus,
623 3346 822 3418 ﬁneque
870 3348 1166 3405 sensimus
1217 3366 1350 3405 eum
1400 3351 1755 3408 nictandem.
1799 3352 1966 3408 Mane

318 3437 511 3489 autem
543 3435 720 3504 (Deus
753 3437 911 3491 novit
933 3443 1134 3493 utrum
1161 3438 1286 3509 ipse
1317 3439 1625 3506 simularit,
1652 3457 1767 3512 quo
1792 3447 1962 3512 puta-

320 3537 540 3587 remus,
555 3522 746 3594 ipsum
763 3525 1211 3594 dormituriisse,
1229 3545 1328 3583 seu
1345 3545 1416 3583 an
1434 3528 1718 3586 naturalis
1732 3546 1966 3588 somnus

319 3626 449 3666 vere
481 3611 532 3666 ei
562 3613 901 3684 obrepserit)
952 3621 1035 3669 ter
1084 3615 1258 3684 ﬂavit,
1293 3633 1359 3671 ac
1410 3633 1539 3672 mox
1569 3619 1839 3687 surrexit,
1873 3619 1968 3674 di-

321 3715 496 3755 cens:
550 3700 922 3757 Dormiturivi
972 3703 1126 3758 enim
1185 3721 1339 3760 vero.
1399 3707 1469 3760 Et
1515 3708 1965 3776 respondimus:

319 3788 438 3845 Nos
463 3790 774 3847 nescimus.
826 3791 1105 3847 Caeterum
1149 3799 1374 3850 noctem
1410 3794 1524 3865 (72)
1557 3801 1728 3851 totam
1756 3798 1970 3853 transi-

321 3880 495 3950 gebat
523 3880 700 3950 vigil;
737 3885 796 3935 et
843 3881 1074 3952 quando
1125 3897 1312 3951 mane,
1361 3893 1570 3940 natura
1601 3885 1678 3941 ita
1708 3891 1968 3960 cogente,

321 3971 586 4025 veniebat
635 3971 1016 4041 dormiturus,
1057 3971 1284 4027 dicebat
1340 3990 1542 4030 somno
1586 3992 1599 4030 :
1644 3977 1968 4048 Adesdum,

322 4075 484 4115 serve
515 4076 767 4132 nequam
805 4078 819 4130 ;
853 4061 1095 4130 adjuva;
1145 4064 1449 4133 somnique
1490 4063 1725 4134 paulum
1767 4082 1969 4138 carpe-

321 4149 440 4216 bat,
474 4151 706 4216 sedens,
739 4154 797 4205 et
827 4150 1026 4205 statim
1048 4153 1485 4223 expergeﬁebat.
1517 4153 1759 4225 Vespere
1779 4160 1969 4211 autem

320 4237 726 4306 Sabbatorum,
761 4243 1066 4310 postquam
1096 4241 1209 4312 (73)
1243 4241 1617 4299 illucescebat
1645 4244 1970 4312 Dominica,

324 4328 664 4384 demittebat
721 4329 902 4386 solem
952 4335 1083 4402 post
1134 4348 1217 4403 se,
1270 4344 1327 4387 et
1371 4335 1718 4391 extendebat
1761 4351 1971 4392 manus

325 4433 460 4472 suas
490 4417 550 4472 iu
581 4416 794 4473 ccelum
822 4435 1017 4485 orans,
1051 4419 1233 4477 donec
1262 4422 1469 4478 iterum
1503 4423 1587 4478 sol
1622 4424 1824 4481 faciem
1843 4425 1969 4495 ejus

325 4506 729 4578 collustraret;
763 4513 819 4565 et
861 4508 965 4580 sic,
1015 4511 1169 4582 quod
1219 4517 1344 4568 erat
1373 4512 1684 4584 reliquum,
1716 4515 1971 4570 sedendo

324 4599 678 4655 insumebat.

398 4690 485 4746 16.
519 4689 768 4745 Etl‘atum
822 4695 1017 4747 autem
1078 4694 1185 4748 hoc
1251 4695 1420 4750 beato
1455 4699 1578 4750 erat
1635 4695 1921 4756 familiare
1954 4709 1982 4750 :'

325 4779 477 4848 quod
513 4778 626 4849 (74)
659 4779 952 4837 sufﬁceret
975 4781 1258 4839 monacho
1281 4798 1382 4853 per
1416 4800 1590 4840 unam
1617 4785 1816 4840 horam
1841 4787 1971 4839 dor-

325 4869 490 4936 mire,
524 4870 693 4924 modo
716 4870 932 4942 pugilis
952 4871 1003 4927 is
1033 4887 1247 4927 nomen
1279 4880 1612 4929 mereretur.
1636 4877 1714 4928 Ac
1735 4874 1927 4929 denuo
1951 4890 1965 4928 :

324 4957 647 5016 Monachus
679 4961 1014 5032 peregrinus
1063 4962 1178 5034 (75)
1211 4963 1268 5017 in
1300 4964 1536 5034 regione
1584 4964 1792 5030 aliena,
1825 4963 1973 5019 nulli

1999 4637 2047 4702 D

2077 3348 2464 3425 ἐκοιμήθηγεν,
2525 3347 2615 3402 καὶ
2671 3347 2994 3420 ἆνέστημεν,
3046 3344 3137 3401 καὶ
3215 3344 3314 3401 οὐκ
3378 3344 3721 3419 ᾖσθάνθημεν

2073 3439 2236 3494 αὐτὸν
2286 3440 2626 3508 νυστὲξαντα,
2656 3436 2745 3492 καὶ
2795 3435 2880 3506 ἐηὶ
2931 3439 3011 3508 τῷ
3057 3434 3228 3511 πρωΐ,
3260 3436 3287 3490 6
3334 3435 3465 3495 Θεὸς
3516 3429 3651 3487 οἶδεν
3685 3433 3723 3502 ἢ

2075 3528 2158 3583 ὅτι
2208 3529 2298 3601 ἀφ’
2345 3529 2539 3582 ἑαυτοῦ
2589 3526 2860 3596 ἐποίησεν,
2906 3523 2994 3580 ’ίνα
3039 3527 3324 3598 νοήσωμεν
3373 3522 3458 3578 ὅτι
3509 3521 3726 3578 ἐνύστα-

2075 3619 2177 3691 ξεν,
2210 3617 2246 3686 ἢ
2280 3619 2363 3673 ὅτι
2393 3618 2509 3672 κατ’
2551 3614 2811 3687 ἀλήθειαν
2859 3616 2894 3684 ἥ
2956 3615 3115 3692 φύσις
3166 3618 3264 3670 τοῦ
3321 3613 3492 3668 ὓπνου
3530 3609 3724 3682 ἦλθεν,

2077 3705 2307 3777 ἐκύσησε
2361 3709 2508 3780 τρεῖς
2564 3705 2757 3773 πνοὰς,
2813 3703 2905 3758 καὶ
2963 3702 3118 3764 εὺθὺς
3195 3703 3413 3772 ἀνέστη,
3475 3700 3651 3775 λέγων
3709 3718 3724 3732 ο

2075 3795 2382 3866 Ἐνύσταξα,
2431 3793 2536 3854 ναί,
2571 3793 2671 3848 Καὶ
2719 3791 3087 3868 ἆπεκρίθημεν
3123 3811 3135 3825 ·
3185 3796 3376 3864 Ἡμεῖς
3419 3788 3516 3845 οὐκ
3573 3785 3729 3844 οῗδα-

2081 3904 2198 3958 μεν.
2249 3882 2403 3952 Ηλήν
2455 3880 2593 3953 ὅλην
2642 3883 2741 3951 τήν
2790 3881 2956 3936 νύκτα
3006 3877 3234 3935 διετέλει
3278 3879 3584 3954 ἀγρυπνῶν,
3633 3880 3728 3931 καὶ

2079 3974 2168 4030 ὅτε
2197 3973 2334 4043 ἦλθε
2363 3978 2442 4046 τῷ
2471 3970 2617 4048 πρωΐ
2651 3969 2740 4027 διὰ
2777 3973 2873 4040 τήν
2922 3971 3076 4048 φύσιν
3136 3967 3486 4040 καθευδῇσαι,
3537 3965 3726 4044 ἔλεγεν

2076 4070 2156 4138 τῷ
2179 4066 2334 4138 ὕπνῳ
2358 4083 2372 4097 °
2406 4069 2601 4140 Λεῦρο,
2632 4064 2760 4118 κακέ
2790 4060 2974 4128 δοῦλε,
3022 4062 3369 4138 ὑπούργησον
3420 4081 3434 4095 ·
3478 4061 3570 4115 καὶ
3617 4059 3732 4134 ἧρ-

2077 4159 2210 4229 παξε
2253 4155 2443 4229 μικρὸν
2487 4156 2864 4227 καθεζόμενος,
2908 4153 2998 4208 καὶ
3048 4152 3244 4214 εὐθέως
3292 4153 3567 4228 ἠγείρετο.
3601 4151 3731 4224 Ὀψὲ

2081 4241 2404 4315 Σαϐϐἀτων,
2451 4242 2868 4322 ἐπιφωσκούσης
2913 4248 3184 4318 Κυριακῆς
3230 4239 3359 4318 ἤφιε
3414 4241 3508 4297 τὸν
3565 4237 3730 4309 ἥλιον

2080 4333 2256 4390 ὀπίσω
2287 4334 2473 4404 αὐτοῦ,
2519 4333 2608 4388 καὶ
2667 4330 2828 4388 ἔτεινε
2882 4331 2978 4394 τὰς
3027 4335 3216 4404 χεῖρας
3273 4331 3443 4385 αὐτοῦ
3501 4327 3577 4390 εἷς
3633 4329 3726 4384 τὸν

2082 4423 2306 4500 οὐρανὸν
2362 4421 2683 4500 εὒχόμενος,
2739 4418 2844 4484 ἓως
2903 4420 2964 4476 οὗ
3021 4419 3185 4476 πάλιν
3237 4421 3264 4473 ὁ
3331 4417 3496 4488 ἥλιος
3564 4415 3731 4490 ἔλαμ-

2081 4517 2177 4588 ψεν
2209 4514 2284 4576 εἰς
2314 4514 2375 4568 τὸ
2425 4513 2716 4588 πρόσωπον
2767 4511 2954 4583 αὐτοῦ,
2987 4509 3077 4565 καὶ
3131 4507 3274 4564 οὕτω
3316 4506 3511 4564 λοιπδν
3562 4507 3727 4563 ἐκαθ-

2081 4604 2254 4673 ἐζετο.

2156 4695 2277 4768 ις’.
2310 4693 2498 4767 Φέρων
2523 4690 2579 4747 δὲ
2607 4693 2673 4762 ἦν
2708 4689 2797 4746 διὰ
2826 4691 3084 4764 γλώσσης
3117 4691 3143 4744 ὁ
3181 4689 3442 4765 μακάριος
3472 4690 3567 4744 καὶ
3598 4689 3726 4743 τοῦ·

2080 4803 2142 4838 το
2176 4826 2190 4840 .
2230 4784 2313 4837 ὅτι
2343 4781 2564 4859 ἀρκετὸν
2593 4785 2672 4854 τῷ
2705 4785 2958 4856 μοναχῷ,
2981 4779 3074 4836 ’ίνα
3104 4783 3363 4852 κοιμᾶται
3398 4781 3526 4852 μίαν
3555 4775 3723 4851 ὢραν,

2081 4871 2166 4927 ἐάν
2217 4870 2356 4926 ἐστιν
2403 4871 2726 4947 ἀγωνιστής,
2780 4871 2876 4926 Καὶ
2937 4869 3122 4938 πάλιν,
3190 4867 3273 4924 ὅτι
3328 4867 3498 4930 Ξένος
3558 4887 3725 4941 μονα-

2082 4962 2183 5036 χὸς
2214 4959 2291 5024 εἷς
2342 4959 2640 5034 ἀλλοτρίαν
2686 4960 2872 5034 χώραν
2938 4956 3105 5032 μηδὲν
3142 4959 3433 5032 μεσαξέτω,
3466 4956 3556 5012 καὶ
3605 4955 3726 5012 ἀνα-

1903 5089 2132 5148 NOTAE.

411 5215 505 5289 68)
541 5216 656 5273 Vit.
682 5218 788 5272 PP.
838 5217 938 5274 lib.
969 5221 1034 5287 ἲν,
1070 5218 1248 5278 libell.
1283 5221 1373 5288 15,
1410 5235 1575 5276 num.
1603 5221 1660 5289 7,
1713 5219 1970 5276 addunt:

323 5307 352 5336 ι(
384 5290 676 5346 Quantum
707 5290 776 5344 ad
817 5291 1118 5346 saeculum.
1154 5312 1178 5342 ι

391 5360 507 5430 (69)
545 5362 644 5415 Vit.
698 5362 804 5415 PP.
862 5361 962 5418 lib.
995 5379 1047 5431 ν,
1098 5363 1275 5418 libell.
1330 5363 1416 5430 10,
1455 5380 1611 5418 ηοω.
1656 5363 1692 5416 5
1730 5367 1970 5417 narrant

321 5445 388 5485 ea
410 5431 636 5507 dixisse
658 5455 686 5507 (ξ
710 5433 972 5507 abbatem
1005 5434 1336 5507 Evagrium.
1370 5456 1400 5484 »
1432 5435 1672 5490 Coteler.
1707 5451 1838 5507 pag.
1862 5435 1967 5489 353

320 5507 378 5557 et
405 5503 549 5558 354:
583 5527 611 5630 ἵ
660 5504 807 5561 Dixit
850 5505 1060 5577 aliquis
1102 5503 1268 5562 b'eato
1309 5507 1578 5562 Arsenio:
1640 5503 1758 5571 Quo
1786 5503 1968 5562 'modo

321 5590 452 5630 nos.
488 5597 515 5625 »
548 5592 576 5629 e
607 5593 657 5630 c.

321 5590 452 5640 nos,
488 5597 515 5625 »
548 5590 657 5632 etc.

389 5646 659 5721 (πολιοί.
712 5651 820 5704 PP.
872 5649 972 5705 lib.
1008 5667 1062 5718 v,
1106 5649 1287 5706 libell.
1335 5650 1390 5719 3,
1442 5667 1600 5706 num.
1634 5650 1962 5707 1.Coteler.

319 5733 452 5791 pag.
487 5719 630 5794 370.
693 5727 771 5794 De
819 5721 989 5794 ﬂetus
1048 5723 1406 5779 abundantia
1437 5725 1494 5778 in
1545 5725 1748 5778 0mm.
1789 5737 1963 5794 praet).

320 5806 486 5847 num.
516 5791 625 5860 45;
657 5797 715 5848 et
743 5793 893 5848 infra
921 5809 1085 5850 num.
1129 5794 1220 5852 23.

392 5862 507 5935 (71)
538 5863 668 5920 Haec
717 5885 747 5914 ‹‹
794 5866 1052 5921 narravit
1099 5866 1277 5924 abbas
1321 5867 1523 5924 Daniel
1556 5889 1585 5919 n
1619 5869 1770 5939 apud
1803 5867 1964 5923 Cote-

2081 5221 2187 5276 ler.
2230 5236 2359 5276 nae.
2391 5220 2516 5275 371.

2144 5236 2543 5361 (72ῗ8ἓοίέίδίκ
2605 5307 2732 5361 pag.
2783 5291 2923 5346 356:
2961 5313 2982 5341 ι
3038 5291 3253 5347 Retulit
3300 5291 3480 5348 abbas
3511 5289 3721 5348 Daniel

2073 5363 2144 5418 de
2176 5363 2382 5419 abbate
2410 5363 2675 5430 Arsenio,
2705 5365 2860 5434 quod
2905 5371 3131 5419 noctem
3163 5370 3364 5431 totam,
3396 5381 3415 5418 ι
3457 5369 3565 5418 etc.
3610 5364 3719 5419 Vit.

2073 5435 2183 5490 PP.
2216 5435 2318 5491 lib.
2351 5451 2405 5503 ν,
2459 5434 2640 5490 libell.
2685 5435 2740 5502 4,
2787 5451 2951 5491 num.
2981 5435 3018 5490 2
3047 5434 3220 5492 etiam
3272 5434 3495 5491 Danieli
3521 5451 3720 5491 narra-

2075 5506 2288 5562 tionem
2321 5507 2606 5563 tribuunt.

2146 5579 2269 5647 (73)
2305 5579 2407 5634 Vit.
2441 5583 2556 5634 PP.
2594 5576 2783 5650 libell.,
2807 5579 2861 5646 4,
2895 5595 3058 5634 ηοω.
3090 5581 3123 5634 3
3153 5577 3390 5636 Coteler.
3425 5593 3554 5650 pag.
3587 5578 3711 5633 356.

2164 5651 2257 5722 74)
2281 5651 2396 5708 .Vit.
2426 5651 2538 5707 PP.
2571 5649 2738 5719 ibid.,
2772 5649 2952 5722 libell.
2995 5653 3084 5720 10,
3116 5668 3279 5708 num.
3305 5653 3359 5707 ο.

2164 5652 2257 5722 74)
2281 5652 2396 5708 .m.
2426 5652 2538 5707 PP.
2571 5652 2738 5719 ibid.,
2772 5652 2952 5706 libell.
2995 5653 3084 5720 ιο,
3116 5668 3279 5708 ηοω.
3305 5653 3359 5707 e.

2141 5652 2256 5794 E75)
2292 5722 2396 5780 Vit.
2459 5723 2566 5778 PP.
2625 5722 2792 5792 ibid.,
2833 5721 3018 5780 libell.
3066 5726 3152 5793 υ,
3197 5739 3360 5781 num.
3394 5723 3421 5778 1
3470 5719 3711 5779 Goteler.

2070 5809 2200 5867 pag.
2231 5794 2361 5852 355.
