4090 6288
390 462 508 525 865

1028 460 1314 523 ORATIO
1356 461 1490 521 XII.
1536 492 1614 504 -—
1657 458 2054 523 LAUDATIO
2100 463 2162 524 5.
2213 461 2525 523 ARSENII
2565 459 3145 523 ANACHORETAE.

3670 464 3789 525 866

393 595 640 652 παύεται.
675 596 772 651 Καὶ
813 593 978 651 πάλιν
1012 595 1154 650 εἶπεν
1180 611 1193 626 ⁸
1235 592 1358 647 Ἐὰν
1387 593 1477 648 τὸν
1510 594 1639 648 Θεὸν
1694 595 2039 665 ζητήσωμεν,

2159 612 2217 650 se
2247 595 2480 667 negotio
2514 595 2766 650 medium
2799 594 3150 665 interponat,
3179 599 3235 649 et
3257 593 3489 665 quietus
3539 595 3667 652 erit.
3718 597 3790 651 Et

394 688 685 765 φανήσεται
746 687 906 757 ἡμῖν,
936 683 1026 739 καὶ
1082 683 1171 737 ἒὰν
1229 681 1388 737 αὐτὸν
1433 684 1818 757 κατάσχωμεν,
1868 703 2034 757 παρα-

399 776 542 849 μένει
601 778 758 847 ἡμῖν.
790 774 1078 847 Εἷργάζετο
1133 770 1188 827 δὲ
1242 772 1332 826 καὶ
1390 777 1507 833 ταῖς
1559 773 1744 847 χερσὶν
1777 775 1803 827 ὁ
1844 771 2037 844 Ἀρσὲ-

396 886 533 933 νιος,
568 861 921 935 ἀποστολικῷ
979 864 1300 940 καυχήματι
1370 862 1763 935 σεμνυνόμενος
1793 883 1804 894 ·
1847 859 2038 917 ἔπλεκε

396 955 501 1030 γάρ
548 954 645 1022 τὴν
708 954 910 1027 σειρὰν,
941 952 1029 1006 καὶ
1090 949 1344 1027 ἔῤῥαπτεν
1390 948 1496 1013 ἓως
1537 952 1679 1023 ὥρας
1709 950 1907 1021 ἓκτης”
1950 953 2035 1005 καὶ

398 1045 462 1099 τὸ
493 1040 558 1112 δὴ
607 1044 941 1115 θαυμαστὸν,
977 1043 1059 1096 ὅτι
1100 1041 1144 1095 εἰ
1191 1043 1265 1113 μή
1319 1036 1453 1111 ἅπαξ
1499 1045 1595 1095 τοῦ
1640 1041 1887 1096 ἐνιαυτοῦ
1945 1042 2041 1095 ούκ

398 1133 673 1205 ἤλλασσεν
723 1139 830 1187 τῶν
886 1130 1052 1207 βαΐων
1085 1132 1148 1186 τὸ
1178 1129 1348 1206 ὕδωρ,
1384 1128 1595 1205 μᾶλλον
1634 1130 1690 1186 δὲ
1724 1133 2037 1205 προσετίθη.

402 1224 502 1280 Καὶ
532 1222 871 1298 παρεκάλουν
903 1220 1062 1276 αὐτόν
1104 1242 1244 1282 τινες
1292 1225 1400 1275 τῶν
1444 1220 1718 1294 Πατέρων,
1748 1218 2000 1296 λέγοντες
2024 1240 2039 1253 ·

403 1314 502 1369 Διά
546 1312 597 1367 τί
648 1311 744 1366 οὐκ
788 1310 1080 1371 ἁλλάσσεις
1124 1308 1231 1366 τῶν
1272 1308 1438 1385 βαῒων
1470 1311 1532 1365 τὸ
1568 1309 1712 1384 ὕδωρ
1740 1332 1754 1380 ;
1780 1310 1863 1365 ὅτι
1904 1311 2042 1380 ὄζει.

402 1403 506 1460 Καὶ
539 1399 720 1476 ἔλεγεν
751 1400 935 1461 αὐτοῖς
962 1419 972 1431 ·
1006 1401 1153 1456 ’Δντὶ
1186 1404 1293 1455 τῶν
1318 1402 1678 1473 θυμιαμάτων
1710 1403 1787 1473 (g)
1817 1400 1904 1454 καί
1933 1406 2040 1455 τῶν

406 1492 613 1565 μύρων,
647 1491 719 1544 ὧν
769 1489 1060 1559 ἀπήλαυσα
1107 1488 1157 1543 ὲν
1190 1494 1268 1561 τῷ
1298 1490 1509 1561 κόσμῳ,
1552 1489 1710 1564 χρεία
1748 1490 2041 1545 ἀπολαύειν

407 1601 475 1655 με
502 1587 602 1649 τῆς
635 1576 903 1640 δυσωδίας
933 1578 1135 1648 ταύτης
1158 1599 1171 1612 ο
1197 1579 1257 1634 ού
1295 1580 1369 1651 μή
1398 1582 1544 1653 παρῇ
1577 1579 1665 1633 καὶ
1696 1580 1758 1633 τὸ
1790 1578 2042 1652 ἐγκρατὲς

402 1669 453 1723 ἐν
520 1674 600 1741 τῷ
656 1666 894 1740 τοιούτῳ
953 1672 1164 1739 σκοπῷ,
1205 1665 1332 1741 ἁλλ’
1391 1668 1697 1738 ὑποκιάζων
1751 1670 1813 1724 τὸ
1864 1674 2042 1742 σῶμα,

403 1756 767 1834 ἐδουλαγώγει
798 1757 1008 1823 ἑαυτὸν,
1044 1758 1117 1819 ὡς
1151 1758 1368 1830 ἄριστος
1401 1755 1800 1830 πωλοδάμνης,
1833 1761 2045 1837 φεύγων

408 1850 502 1922 μὶν
542 1848 633 1903 τὸν
680 1848 864 1921 κόρον,
899 1846 972 1908 ὡς
1024 1844 1281 1922 ὑϐριστὴν
1317 1846 1523 1903 πῶλον.
1556 1854 1661 1916 Τῆς
1717 1848 1937 1921 ὀπώρας
1991 1846 2047 1904 δὲ

403 1938 577 2007 πάντη
613 1938 955 2010 ἀπεχόμενος
1015 1936 1103 2005 ἦν.
1140 1938 1315 1992 Μόνον
1348 1938 1421 1997 ὡς
1450 1937 1698 2007 ἤκουσεν,
1733 1937 1814 1991 ὅτι
1870 1938 2045 1993 ἐτὲλε-

406 2051 490 2085 σεν
524 2030 605 2102 (h)
638 2033 741 2082 πᾶν
772 2026 1011 2101 γέννημα
1059 2028 1299 2101 ὀπώρας,
1334 2025 1517 2103 ἔλεγεν
1563 2028 1653 2104 ἀφ’
1685 2029 1904 2083 ἑαυτοῦ·
1941 2030 2046 2084 Φέ-

408 2117 523 2194 ρετὲ
558 2135 681 2190 μοι’
715 2116 803 2170 καὶ
861 2115 1076 2193 ἐγεύετο
1118 2118 1250 2186 ἅπαξ
1303 2118 1407 2171 ἀπὸ
1453 2120 1666 2173 πάντων
1713 2120 1927 2193 μικρὸν,
1961 2118 2048 2173 εύ-

405 2211 681 2284 χαριστῶν
750 2210 827 2277 τῷ
906 2212 1042 2279 Θεῷ.
1112 2207 1309 2283 ’Έλεγε
1377 2204 1431 2261 δὲ
1497 2209 1524 2261 ὁ
1592 2204 1766 2270 ἀϐϐἆς
1842 2208 2046 2277 Δανιὴλ

408 2298 530 2369 περὶ
589 2295 779 2365 αὐτοῦ,
835 2294 917 2350 ὅτι
977 2299 1216 2349 Τοσαῦτα
1269 2289 1362 2367 ἔτη
1422 2294 1627 2369 ἔμεινεν
1693 2300 1812 2369 μεθ’
1867 2300 2046 2370 ἡμῶν,

415 2389 574 2458 μόνον
632 2383 826 2439 θαλλὶν
888 2384 1038 2439 σίτου
1082 2383 1377 2458 ἐποιοῦμεν
1429 2386 1574 2456 αὐτῷ
1624 2392 1719 2441 τοῦ
1778 2385 2045 2455 ἐνιαυτοῦ,

411 2476 502 2530 καὶ
559 2475 645 2529 ὅτε
695 2471 1079 2550 παρεϐάλομεν
1130 2474 1266 2547 πρὸς
1325 2473 1503 2545 αὐτὸν,
1546 2474 1597 2546 ἐξ
1654 2473 1817 2530 αἱ)τοῦ
1864 2476 2051 2545 4136(0-

422 2583 533 2637 μεν.

487 2744 567 2811 ιζ’.
611 2742 787 2799 Ἀλλά
842 2741 944 2817 γάρ
990 2742 1080 2795 καὶ
1147 2743 1408 2815 ἀκτήμων
1460 2743 1525 2811 ἦν
1587 2744 1613 2797 ὁ
1674 2745 1963 2819 Ἀρσένιος,
2024 2746 2051 2799 ὁ

414 2830 579 2895 ὅντως
610 2834 663 2889 ἐν
693 2834 912 2910 ἀγαθοῖς
944 2833 1231 2896 πλούσιος.
1267 2837 1548 2911 Ἔχρῃζον
1608 2832 1697 2889 οὖν
1731 2838 2051 2912 πράγματος

412 2921 514 2987 ἓως
570 2925 683 2986 ἐνὸς
744 2924 933 2979 λικνοῦ
982 2926 1066 2996 (i),
1099 2923 1187 2978 καὶ
1234 2927 1308 2997 μὴ
1359 2922 1527 2999 ἔχων,
1562 2924 1721 2979 πόθεν
1765 2924 2050 3001 ἀγοράσαι,

413 3008 575 3068 ἔλαϐε
633 3014 777 3087 παρά
836 3034 980 3075 τινος
1044 3011 1284 3087 ἀγάπην,
1338 3019 1428 3067 καί
1488 3016 1667 3068 εἶπεν·
1730 3015 2052 3089 Εὐχάριστῶ

412 3123 519 3172 σοι,
575 3101 757 3175 Κύριε,
805 3100 887 3155 ὅτι
946 3100 1179 3170 ἠξίωσάς
1241 3122 1306 3173 με
1356 3098 1541 3157 λαϐεῖν
1602 3102 1815 3177 ἀγάπην
1858 3100 1946 3157 διά
1990 3103 2053 3156 τὸ

412 3192 584 3265 ὄνομά
638 3213 753 3247 σου.
789 3193 921 3248 Οἶον
972 3190 1029 3246 δὲ
1076 3192 1164 3245 καὶ
1204 3192 1266 3246 τὸ
1297 3192 1467 3265 παρὸν
1498 3192 1755 3254 ἀπαθείας
1788 3190 1863 3246 ὢν
1897 3194 2055 3267 ἀκρο-

408 3281 577 3351 τάτης
638 3281 877 3336 λεκτέον.
920 3279 1089 3336 Ἦλθε
1148 3279 1236 3334 οὖν
1294 3302 1425 3336 ποτε
1483 3282 1619 3357 πρὸς
1675 3282 1837 3337 αὐτὸν
1888 3304 2053 3357 μαγι-

413 3372 683 3443 στριανὸς.
716 3370 892 3443 φέρων
926 3368 1071 3440 αὐτῷ
1121 3367 1384 3440 διαθήκην
1436 3369 1807 3447 συγκλητικοῦ
1862 3371 2049 3439 αὐτοῦ,

412 3460 471 3513 ’ὸς
529 3457 815 3513 κατέλιπεν
872 3458 1019 3530 αὐτῷ
1096 3458 1470 3532 κληρονομίαν
1529 3458 1751 3529 πολλὴν
1824 3459 2049 3537 σφόδρα.

416 3549 515 3603 Καὶ
571 3543 759 3603 λαϐὼν
800 3546 966 3615 αύτὴν
1026 3547 1210 3615 ἤθελεν
1240 3548 1443 3623 σχίσαι.
1482 3552 1680 3604 ’Έπεσε
1711 3547 1766 3604 δὲ
1815 3551 1843 3603 ὁ
1897 3571 2057 3625 μαγι-

416 3637 661 3711 στριανὸς
719 3636 795 3697 εἷς
834 3634 965 3697 τοὺς
1022 3633 1193 3696 πόδας
1242 3637 1405 3690 αὐτοῦ
1456 3637 1630 3711 λέγων
1657 3657 1669 3670 ’
1706 3638 1905 3711 Δέομαί
1936 3660 2057 3707 σου,

420 3728 496 3798 μή
549 3726 749 3800 σχίσῃς
799 3724 988 3795 αὐτὴν,
1027 3727 1101 3796 μή
1156 3723 1461 3799 δεξάμενος.
1500 3728 1639 3800 Πρὸς
1696 3727 1911 3790 τούτοις
1969 3728 2059 3783 καὶ

2144 684 2348 739 iterum
2376 684 2515 738 dixit
2551 700 2564 737 :
2600 683 2658 737 Si
2690 683 2868 737 Deum
2907 684 3015 755 (76)
3056 683 3511 753 ᾳυεεεὶνθιιὶιηιιε,
3544 700 3787 754 appare-

2151 774 2237 828 bit
2265 772 2429 827 nobis
2473 790 2484 825 ε
2512 777 2569 827 et
2599 773 2643 825 si
2675 788 2806 827 eum
2842 774 3228 840 tenuerimus,
3274 773 3640 843 permanebit
3692 790 3793 829 no-

2155 864 2407 919 biscum.
2433 863 2702 917 Manibus
2726 863 2901 917 etiam
2926 861 3203 915 Arsenius
3227 861 3543 929 laborabat,
3579 862 3791 932 gloria-

2149 954 2304 1009 tione
2360 952 2674 1024 apostolica
2722 952 3137 1006 condecoratus
3187 968 3198 1003 :
3245 950 3526 1021 plectebat
3574 951 3791 1022 quippe

2150 1048 2206 1098 et
2236 1042 2557 1097 consuebat
2580 1057 2757 1111 usque
2786 1043 2854 1093 ad
2890 1041 3091 1095 horam
3140 1047 3359 1095 sextam
3394 1057 3405 1094 :
3442 1047 3618 1111 atque
3649 1041 3792 1096 illud

2150 1130 2434 1198 mirabile,
2458 1133 2611 1202 quod
2644 1147 2756 1185 non
2784 1134 3027 1184 mutaret
3069 1146 3283 1200 aquam
3329 1130 3653 1201 palmarum
3681 1131 3794 1185 nisi

2152 1221 2327 1277 semel
2360 1222 2417 1275 in
2451 1238 2624 1288 anno,
2658 1220 2759 1274 sed
2792 1220 2985 1290 potius
3032 1220 3204 1275 aliam
3256 1220 3566 1289 adiiceret:
3604 1220 3797 1292 Roga-

2152 1315 2408 1385 bantque
2437 1329 2569 1367 cum
2603 1312 2836 1382 quidam
2871 1328 2899 1367 e
2932 1313 3219 1382 patribus,
3268 1312 3522 1367 dicentes
3554 1328 3568 1365 :
3610 1314 3797 1376 Quare

2153 1420 2269 1459 non
2310 1407 2504 1457 mutas
2536 1418 2744 1471 aquam
2781 1401 3106 1472 palmarum
3130 1400 3157 1455 *ἲ
3187 1402 3320 1472 quia
3346 1401 3501 1456 fetet.
3532 1400 3796 1472 Dixitque

2155 1492 2270 1547 illis
2304 1509 2317 1547 :
2350 1492 2456 1547 Pro
2487 1490 2863 1556 sufﬁmentis,
2887 1494 2944 1545 et
2975 1492 3311 1562 unguentis,
3347 1491 3558 1562 quibus
3600 1490 3659 1544 in
3692 1507 3796 1544 sae-

2154 1581 2285 1637 culo
2324 1580 2576 1648 fruebar,
2630 1584 2856 1651 oportet
2914 1597 3007 1634 me
3062 1580 3145 1634 uti
3204 1580 3317 1636 isto
3370 1581 3567 1635 fetore.
3599 1580 3798 1651 Neque

2156 1670 2603 1740 temperantiam
2639 1669 2697 1724 in
2732 1669 2839 1724 hic
2872 1685 2929 1724 re
2961 1669 3069 1723 sibi
3113 1669 3473 1741 pr0positam
3524 1669 3799 1735 habebat,

2154 1762 2251 1815 sed
2274 1760 2572 1831 castigans
2594 1776 2830 1829 corpus,
2853 1759 2911 1814 in
2931 1759 3267 1815 servitutem
3306 1760 3453 1815 illud
3478 1760 3672 1830 ipsum
3708 1775 3801 1815 re-

2157 1849 2406 1919 digebat,
2443 1854 2724 1918 tanquam
2767 1849 3023 1919 optimus
3072 1849 3206 1920 equi
3257 1848 3539 1916 domitor;
3573 1850 3802 1920 fugiens

2078 1963 2125 2028 Β
2158 1939 2505 2005 satietatem,
2539 1954 2656 1993 non
2690 1952 2858 1993 secus
2892 1955 2957 1992 ac
2988 1938 3335 1993 insolentem
3379 1937 3628 2010 pullum.
3656 1938 3801 2081 Ε’πὲ-

2158 2028 2349 2081 otibus
2380 2027 2491 2081 (77)
2524 2026 2761 2081 omnino
2813 2026 3158 2081 abstinebat.
3208 2032 3590 2081 praeterquam
3624 2042 3735 2081 duo
3787 2069 3800 2081 .

2158 2028 2349 2084 ctibus
2380 2027 2491 2098 (77)
2524 2026 2761 2081 omnino
2813 2026 3158 2089 abstinebat,
3208 2032 3590 2098 praeterquam
3624 2026 3800 2097 quod,

2158 2116 2258 2171 ubi
2290 2115 2574 2183 audierat,
2607 2131 2777 2170 omne
2834 2117 3130 2170 fructuum
3188 2130 3373 2185 genus
3431 2114 3802 2182 maturuisse,

2156 2221 2225 2261 ex
2254 2220 2313 2260 se
2345 2205 2559 2259 diceret
2591 2223 2604 2261 :
2640 2204 2851 2259 Aﬂ'erte
2882 2205 3047 2259 mihi.
3083 2204 3147 2258 Et
3176 2204 3355 2260 semel
3405 2219 3472 2259 ex
3527 2205 3803 2259 omnibus

2157 2294 2451 2349 modicum
2484 2294 2622 2364 quid
2656 2294 2945 2365 gustabat,
2979 2293 3196 2365 gratias
3227 2309 3406 2365 agens
3438 2293 3572 2349 Deo.
3618 2295 3805 2349 Abbas

2156 2383 2354 2441 Daniel
2377 2383 2448 2439 de
2469 2384 2593 2455 ipso
2616 2383 2850 2438 retulit:
2877 2385 2986 2439 Tot
3005 2399 3191 2439 annos
3213 2383 3428 2439 mansit
3466 2383 3707 2438 nobiscu
3725 2400 3802 2451 m,

2157 2481 2213 2533 et
2245 2477 2482 2532 unicum
2514 2476 2721 2532 thallin
2772 2476 2887 2549 (78)
2921 2477 3195 2531 frumenti
3228 2476 3541 2548 quotannis
3572 2476 3684 2546 ipsi
3706 2477 3807 2531 da-

2166 2568 2373 2623 bamus
2432 2583 2445 2621 :
2507 2572 2563 2622 et
2621 2568 2851 2637 quando
2920 2566 3410 2623 conveniebamus
3466 2566 3681 2637 ipsum,
3739 2583 3807 2623 ex

2160 2658 2362 2713 eodem
2395 2658 2784 2714 comedimus.

2232 2748 2320 2801 17.
2353 2747 2423 2801 Et
2453 2762 2585 2801 vero
2630 2763 2971 2819 quanquam
3024 2747 3170 2802 nihil
3218 2749 3501 2803 Arsenius
3546 2747 3808 2818 posside-

2162 2838 2283 2901 bat,
2318 2854 2449 2891 vere
2479 2842 2673 2892 tamen
2708 2839 2877 2893 bonis
2910 2839 3260 2894 abundabat.
3307 2840 3491 2894 Tanta
3540 2856 3671 2893 cum
3725 2836 3806 2892 la-

2161 2928 2385 2981 boraret
2415 2928 2525 2997 (79)
2590 2944 2780 2982 rerum
2845 2928 3061 2999 inopia,
3123 2934 3188 2983 ut
3243 2929 3328 2983 vel
3380 2945 3496 2983 una
3563 2926 3810 2982 interula

2162 3016 2317 3072 linea
2349 3018 2453 3086 (80)
2488 3018 2797 3089 indigeret,
2834 3034 3021 3089 neque
3057 3018 3286 3074 haberet
3320 3019 3473 3074 unde
3503 3034 3631 3074 eam
3663 3033 3811 3073 eme-

2163 3107 2552 3178 ret;accepit
2608 3108 2680 3162 ab
2739 3107 2933 3178 aliquo
2989 3108 3441 3179 eleemosynam,
3499 3108 3807 3178 dixitque:

2164 3195 2392 3252 Gratias
2422 3196 2530 3251 tibi
2568 3212 2698 3268 ago,
2762 3198 3020 3263 Domine,
3070 3200 3219 3267 quod
3270 3199 3546 3269 dignatus
3596 3214 3685 3252 me
3734 3198 3810 3253 sis

2166 3286 2532 3357 eleemosyna
2596 3291 2836 3357 propter
2889 3303 3100 3342 nomen
3161 3295 3346 3343 tuum.
3402 3287 3567 3344 Nunc
3614 3292 3807 3342 autem

2164 3375 2320 3446 quod
2352 3376 2421 3430 ad
2454 3376 2931 3431 sublimissimam
2975 3377 3157 3431 animi
3195 3395 3227 3431 a
3276 3376 3807 3448 perturbationibus

2164 3465 2328 3520 liberi
2378 3465 2789 3536 perfectionem
2841 3467 3186 3536 pervenerit,
3237 3468 3408 3522 modo
3462 3466 3676 3537 pariter
3720 3467 3811 3521 di-

2112 3608 2115 3613 ,
2166 3555 2440 3608 oendum.
2485 3554 2653 3610 Venit
2682 3556 2797 3623 (81)
2829 3557 2896 3610 ad
2926 3572 3059 3610 eum
3110 3556 3426 3627 aliquando
3479 3556 3812 3628 magistris—

2169 3659 2281 3697 nus
2319 3642 2459 3713 (82),
2518 3644 2783 3698 deferens
2825 3644 2876 3698 ei
2929 3649 3335 3698 testamentum
3394 3644 3499 3698 viri
3558 3643 3813 3712 alicujus

2171 3735 2445 3788 senatorii
2475 3734 2721 3800 ordinis,
2756 3734 2983 3805 cognati
3018 3735 3169 3804 ejus,
3205 3734 3303 3804 qui
3339 3734 3653 3805 reliquerat
3701 3731 3811 3802 ipsi

1771 3836 2014 3892 VARl/E
2054 3838 2467 3896 LECTIONES.

488 3937 564 4007 (g)
597 3936 835 3991 Coleter.
880 3932 1201 4007 ἀρωμάτων.
1280 3935 1359 4007 (Ιι)
1392 3936 1564 3992 Cotel.
1598 3934 1875 4006 ἐτελέσθη.
2044 3935 2218 3994 λίνου.

746 4033 756 4041 “
796 4046 797 4049 ‘
2007 4036 2239 4094 NOTE.

494 4133 611 4206 (76)
640 4129 1023 4206 Ἔπλεκεῌγὰρ
1076 4132 1174 4206 τῂν
1211 4131 1475 4206 λσειράνη
1507 4135 1601 4189 Vit.
1648 4136 1761 4191 PP.
1798 4135 1964 4198 ibid.,
1998 4133 2065 4189 li-

427 4204 560 4264 bell.
593 4204 646 4272 4,
681 4204 912 4276 ηοω.ᾼῦ
940 4204 966 4258 ⁷;
998 4204 1033 4252 “‹‹
1093 4204 1365 4259 Faciebat
1426 4205 1694 4276 plectam.
1732 4229 1759 4257 »
1820 4207 2063 4262 Coteler.

426 4297 554 4351 pag.
589 4279 694 4332 357
728 4293 805 4351 :_«
840 4274 1092 4351 Plcctam
1123 4278 1368 4351 texebat.
1426 4274 1460 4327 ὦ
1520 4278 1639 4333 Vox
1697 4279 1906 4349 plecte,
1939 4294 2066 4349 quas

427 4344 697 4421 videtura
731 4348 928 4421 Graeco
958 4346 1236 4421 (πλεκτὸν,
1260 4344 1448 4421 πλέκω
1480 4344 1835 4421 ᾳυὶρρείθει,
1882 4344 2069 4421 necto,

431 4420 695 4490 contexo)
752 4419 992 4474 formari
1047 4436 1236 4490 posse,
1291 4419 1526 4476 habenas
1591 4419 1728 4476 sunt
1780 4438 1811 4476 ο
1862 4420 2070 4489 palma,

425 4496 629 4565 junco,
664 4496 858 4572 sparto
902 4496 1011 4575 aut
1070 4490 1247 4575 simili
1281 4507 1369 4575 re.
1399 4497 1697 4575 contentae,
1740 4509 1815 4575 ea
1861 4494 2075 4575 quibus

433 4562 663 4634 sportae,
733 4562 1008 4626 canistra,
1043 4562 1272 4633 aliaque
1320 4565 1604 4633 ejusmodi
1670 4562 2074 4619 conﬁciantur.

434 4637 552 4693 Has
583 4633 825 4705 [Egyptii
858 4632 1039 4707 σειρᾲς
1075 4640 1302 4707 vocant.
1334 4636 1526 4690 Adisis
1558 4636 1864 4707 Rosweydi
1911 4640 2079 4689 notas

436 4710 494 4762 in
533 4709 685 4761 hunc
718 4707 928 4759 locum.
960 4705 1203 4776 Hispani
1230 4706 1559 4774 huiusmodi
1592 4705 1849 4762 habenas
1900 4707 2083 4762 nomi-

437 4784 577 4835 naut
629 4777 870 4848 pleytas,
922 4784 995 4840 et,

438 4849 642 4914 scellze,
675 4857 809 4915 etc.,
841 4863 1008 4902 seras.
1042 4849 1186 4903 Vide
1216 4855 1383 4903 notas
1414 4851 1700 4905 Ciacconii
1733 4851 1790 4904 in
1847 4849 2075 4904 Cassia-

439 4936 762 4990 num,pag.
821 4918 947 4972 687.
1002 4919 1167 4974 Locis
1216 4937 1388 4985 supra
1442 4921 1535 4975 hic
1585 4924 1777 4976 citatis
1834 4922 2079 4975 refertur

439 4996 652 5049 factum
684 5005 937 5060 praesens
965 5006 1033 5043 ex
1073 5007 1170 5045 ore
1191 4992 1415 5047 abbatis
1442 4992 1721 5047 Danielis.

510 5065 623 5136 (77)
653 5061 919 5133 Ὀπώρας.
952 5062 1189 5136 ιζὶρεΡΡ.
1246 5064 1410 5132 ibid.,
1473 5064 1651 5119 libell.
1712 5064 1764 5127 4,
1830 5079 1991 5117 num.
2025 5063 2080 5125 6,

440 5142 497 5193 et
518 5133 771 5191 Coteler.
799 5150 931 5203 pag.
965 5133 1069 5185 357
1099 5140 1333 5188 vertunt
1362 5151 1668 5201 pomorum.
1706 5137 1942 5191 Factum
1980 5136 2083 5188 hoc

442 5222 715 5263 narrasse
747 5206 1064 5268 Danielem,
1099 5204 1383 5261 habemus
1413 5209 1692 5263 indidem.

515 5280 628 5350 (78)
659 5272 863 5330 Θαλλὶν
898 5272 1049 5350 σίτου
1088 5278 1189 5332 ινιτ.
1220 5278 1331 5350 ΒΡ.
1372 5278 1511 5332 ibid.
1546 5295 1708 5350 num.
1744 5279 1775 5332 4
1808 5295 1820 5333 :
1858 5276 2087 5350 «_Men—

444 5347 636 5407 suram
663 5364 898 5419 parvam
924 5348 1129 5401 victus.
1166 5370 1194 5397 »
1226 5348 1468 5403 Coteler.
1512 5371 1539 5399 ‹‹
1570 5349 1757 5405 Unum
1792 5347 2086 5413 thallium,

445 5436 779 5478 mensuram
841 5419 1139 5473 frumenti.
1176 5440 1204 5467 »
1262 5421 1424 5487 Apud
1474 5420 1710 5475 Surium
1754 5438 1918 5477 num.
1962 5421 2027 5473 18
2072 5435 2083 5471 :

447 5519 473 5544 «
497 5491 790 5549 Thallium
827 5505 839 5542 :
874 5494 1101 5560 oportet
1140 5490 1295 5544 enim
1326 5491 1414 5543 his
1460 5493 1540 5545 uti
1580 5494 1781 5562 patriis
1830 5489 2087 5548 nomini-

447 5568 578 5621 bus.
604 5586 631 5612 »
660 5564 934 5635 Mensura
966 5563 1162 5635 itaque
1205 5562 1321 5615 haec
1351 5567 1475 5617 erat
1525 5565 1674 5629 apud
1736 5562 2030 5635 Egyptios
2061 5579 2089 5615 e

452 5636 603 5692 foliis
637 5634 873 5702 palmeis
906 5633 1207 5705 confecta;
1242 5638 1409 5701 prout
1458 5635 1751 5705 colligitur
1790 5633 1858 5691 ei
1888 5633 2090 5703 etymo

452 5706 723 5771 nominis,
743 5705 948 5774 dequo
963 5704 1256 5774 Cangius;
1291 5710 1348 5759 et
1378 5704 1620 5761 inferius
1651 5706 1745 5761 hic
1786 5726 1948 5763 num.
1980 5706 2087 5774 17;

452 5780 549 5836 ubi
582 5794 687 5832 vox
718 5772 939 5829 θαλλία.

525 5849 635 5922 (79)
669 5847 916 5922 γαίῃ».
950 5846 1132 5908 lib.v,
1165 5845 1341 5903 libell.
1387 5850 1441 5917 6,
1493 5866 1655 5906 num.
1713 5850 1768 5921 3,
1818 5857 1875 5908 et
1920 5855 2090 5912 Cote-

455 5918 559 5978 ler.
592 5918 723 5992 pag.
760 5918 885 5974 357.

2244 4138 2357 4209 (80)
2392 4138 2587 4213 Λίνον,⁸
2610 4141 2762 4209 quod
2796 4140 3108 4207 substituo,
3142 4140 3295 4195 inter
3352 4140 3468 4195 alia
3527 4142 3823 4213 signiﬁcat

2177 4212 2509 4283 carbosum.
2544 4211 2656 4265 Nos
2687 4228 2819 4266 cum
2853 4212 3135 4267 Cotelerio
3167 4228 3296 4283 pag.
3352 4213 3454 4266 357
3508 4211 3604 4267 hic
3646 4214 3824 4268 intel—

2178 4281 2421 4352 ligimus
2451 4299 2571 4337 rem
2607 4284 2864 4337 affinem.
2900 4284 3021 4355 ένίι.
3072 4281 3182 4338 PP.
3237 4281 3355 4338 rem
3414 4285 3582 4355 plane
3639 4287 3823 4340 diver-

2182 4370 2304 4427 sam
2350 4359 2579 4427 ponunt
2624 4355 2725 4409 lib.
2786 4371 2837 4421 ν,
2897 4354 3076 4409 libell.
3134 4356 3188 4415 6,
3245 4354 3472 4411 num.’4
3516 4372 3530 4409 :
3578 4378 3607 4406 «
3668 4356 3825 4427 Opus

2184 4425 2463 4498 habuitin
2489 4428 2835 4481 necessitate
2866 4443 2973 4481 sua
2996 4443 3180 4497 usque
3218 4427 3289 4481 ad
3338 4444 3511 4482 unam
3555 4425 3824 4498 siliquam

2185 4497 2414 4570 nummi
2444 4498 2459 4567 (
2491 4499 2562 4551 de
2583 4514 2699 4566 qua
2728 4498 2981 4568 Cangius
3012 4500 3070 4551 in
3103 4499 3265 4553 Gloss.
3294 4498 3438 4570 Lat.)
3468 4506 3524 4554 et
3554 4497 3685 4554 cum
3712 4517 3827 4555 non

2187 4569 2496 4642 inveniret,
2529 4570 2751 4642 accepit
2778 4587 2813 4625 ε,
2842 4571 3283 4642 quodamvelut
3321 4571 3764 4642 eleemosynam.
3799 4592 3826 4621 ››

2190 4640 2370 4714 Vetus
2391 4637 2680 4711 interpres
2696 4637 2898 4713 legerit
2924 4637 3036 4714 Em;
3059 4640 3229 4713 νόμου
3261 4641 3395 4706 ἑνός,
3429 4637 3666 4714 quando
3684 4643 3825 4695 scri-

2192 4712 2309 4782 psit
2340 4732 2367 4761 «
2404 4727 2583 4781 usque
2626 4716 2695 4767 ad
2747 4712 2923 4766 nnam
2974 4712 3247 4783 siliquam
3299 4712 3547 4769 nummi.
3583 4736 3610 4763 »
3644 4714 3831 4769 Codex

1097 4793 1185 4853 uae
1251 4772 1320 4831 ex
1393 4780 1464 4832 iis
1548 4781 1936 4853 conficiuntur
1992 4779 2080 4853 _ﬁ-
2115 4772 2160 4836 D
2192 4772 2392 4837 noster
2422 4772 2664 4837 de‘Vitis
2694 4785 2931 4838 Patrum
2965 4772 3471 4853 membranaceus,
3505 4784 3711 4840 litteris
3737 4801 3831 4839 un-

2190 4855 2435 4909 cialibus
2468 4870 2568 4909 seu
2602 4856 2901 4922 quadratis
2936 4858 3077 4910 forte
3108 4873 3141 4909 a
3175 4857 3333 4911 mille
3383 4858 3611 4911 circiter
3659 4859 3831 4911 annis

2191 4928 2462 4999 scriptus,
2526 4928 2631 4999 sub
2691 4927 2921 4999 nomine
2988 4928 3235 4999 Caesarii
3293 4945 3410 4999 ep.,
3471 4945 3537 4982 ac
3598 4934 3835 4983 notatus

2193 5000 2235 5053 Ο
2258 4997 2365 5051 Ms.
2403 5000 2488 5062 10,
2526 4997 2659 5069 legit
2692 5014 2703 5051 :
2740 5020 2768 5049 (ί
2800 4998 2959 5068 Opus
2991 4998 3197 5053 habuit
3226 4998 3283 5053 in
3315 4997 3586 5055 cessitate
3615 5000 3837 5070 (neces-

2194 5070 2385 5137 sitate)
2420 5085 2527 5123 sua
2557 5085 2741 5139 usque
2770 5072 2839 5123 ad
2876 5086 3049 5124 unam
3083 5072 3360 5139 siliquam
3404 5087 3699 5127 nummos.
3734 5092 3761 5121 ››

2262 5141 2375 5210 (81)
2410 5142 2527 5195 Ista
2576 5146 2892 5196 narrantur
2939 5141 2996 5196 in
3035 5142 3131 5197 Vit.
3181 5144 3291 5196 PP.
3352 5142 3517 5210 ibid.,
3572 5142 3747 5197 libell.
3780 5145 3836 5208 6,

2196 5228 2350 5267 num.
2382 5213 2437 5274 2,
2470 5218 2526 5265 et
2557 5214 2711 5282 apud
2736 5213 2979 5283 Goteler.
3018 5230 3148 5283 pag.
3179 5215 3285 5268 362
3319 5230 3387 5268 ex
3417 5230 3515 5268 ore
3558 5214 3834 5269 Danielis.

2268 5284 2389 5357 (82)
2425 5282 2850 5357 Μαγιστριανός,
2909 5282 3304 5357 ηιαθιῂςῑνίαηιιις
3352 5290 3435 5340 vel
3486 5288 3835 5355 magisteria-

2196 5371 2318 5409 nus.
2354 5355 2643 5409 Erant‘illi
2675 5373 2742 5410 ex
2767 5357 2973 5429 ofﬁcio,
3024 5356 3265 5429 militiae
3294 5357 3584 5426 palatium,
3637 5358 3736 5429 qui
3786 5362 3840 5410 et

2198 5431 2414 5495 agentes
2445 5430 2504 5480 in
2534 5429 2712 5481 rebus.
2741 5429 2913 5482 Varia
2945 5428 3014 5483 de
3047 5428 3116 5482 iis
3163 5428 3397 5497 collegit
3444 5428 3838 5497 Rosvweydus

2200 5499 2259 5552 in
2292 5498 2681 5570 Onomastico.
2717 5500 2926 5565 Cangio
2960 5507 3039 5554 est
3062 5500 3327 5568 ofﬁcialis
3356 5502 3604 5568 magistri
3628 5501 3838 5570 ofﬁciu-

2200 5586 2326 5623 rum
2362 5587 2379 5623 :
2413 5569 2473 5623 1n
2508 5569 2735 5624 Codicis
2780 5571 3134 5638 regularum,
3187 5572 3256 5624 ab
3319 5571 3612 5625 Holstenio
3679 5571 3836 5635 editi,

2202 5651 2360 5711 parte
2394 5656 2453 5706 ιι,
2490 5657 2616 5711 pag.
2648 5642 2774 5705 477,
2811 5641 3182 5706 Grimlaicus,
3235 5642 3386 5694 idem
3443 5642 3659 5695 factum
3711 5658 3842 5695 nar-

2203 5728 2338 5766 rans
2372 5729 2384 5766 :
2419 5733 2445 5759 ‹‹
2482 5713 2678 5778 Venit,
2706 5712 2919 5782 inquit,
2953 5712 3193 5781 quidam
3228 5713 3425 5778 homo,
3460 5713 3691 5768 nomine
3726 5713 3841 5765 Ma-

2203 5782 2499 5853 gistratus,
2539 5805 2566 5831 »
2597 5783 2958 5865 ineptissime
3005 5799 3223 5851 ponens
3270 5799 3482 5838 nomen
3534 5782 3842 5854 appellati-

2202 5870 2338 5911 vum
2362 5870 2462 5923 pro
2492 5869 2726 5909 nomine
2750 5870 2997 5924 pTOPPIO.
