4090 6288
377 406 493 470 861

1610 411 1674 474 S.
1718 413 2119 477 THEODORI
2164 416 2528 482 STUDITE

3659 437 3779 499 868

377 563 770 620 hisreditatem
802 565 970 622 valde
1001 580 1273 637 magnam
1300 581 1313 620 :
1339 569 1648 638 postquam
1673 567 1732 623 id
1756 569 2000 642 accepis-

2133 547 2792 642 διακριτικὸς-ύπῆρχεν,
2825 556 2878 613 εἷ’
2922 580 3054 617 ποτε
3095 558 3259 635 ἤρετό
3310 584 3414 628 τις.
3464 567 3777 642 Πυθομένου

376 657 484 720 set,
516 653 700 709 voluit
727 654 1012 711 scindere.
1047 653 1306 710 Procidit
1345 660 1541 712 autem
1595 658 2014 729 magistrianus

376 744 446 799 ad
480 745 654 808 pedes
675 745 825 814 ejus,
849 745 1046 800 dicens
1081 761 1095 800 :
1119 746 1229 801 Oro
1251 750 1328 812 te,
1366 762 1434 801 ne
1457 746 1691 803 scindes
1716 748 1858 804 illud
1884 749 2016 821 (83),

374 833 422 888 si
450 832 758 888 admittere
790 850 1046 889 recusas.
1093 833 1374 891 Praeterea
1419 836 1784 892 discernendi
1832 838 2013 894 facul-

371 925 490 978 tate
517 921 791 994 pollebat,
825 924 873 978 si
907 923 1039 995 quis
1061 939 1196 978 eum
1227 924 1634 998 interrogaret.
1669 926 2014 983 Sciscitante

371 1012 552 1084 igitur
582 1012 790 1068 abbate
821 1013 1014 1069 Marco
1048 1014 1179 1085 (84),
1210 1022 1262 1069 et
1293 1014 1521 1070 dicente
1553 1032 1567 1072 :
1599 1017 1763 1072 Anne
1797 1017 2013 1073 bonum

369 1105 476 1167 est,
502 1101 756 1173 aliquem
780 1101 923 1157 nihil
946 1103 1154 1159 habere
1167 1103 1361 1160 solatii
1385 1104 1441 1159 in
1467 1104 1610 1160 cella
1630 1107 1774 1161 sua?
1799 1107 2014 1165 Etenim

369 1190 488 1245 vidi
521 1191 755 1246 fratrem
796 1191 1008 1248 habere
1046 1209 1224 1264 parva
1275 1193 1452 1261 olera,
1511 1211 1694 1266 eaque
1750 1197 2012 1254 evellere.

369 1280 473 1335 Cui
530 1295 705 1335 senex
739 1296 754 1334 :
785 1280 1009 1336 Bonum
1061 1281 1355 1337 enimvero
1408 1289 1498 1338 est
1537 1299 1550 1338 :
1584 1299 1782 1340 verum
1841 1291 2015 1356 prout

369 1367 625 1424 hominis
675 1369 845 1424 fuerit
890 1370 1163 1426 affectio:
1200 1371 1414 1427 etenim
1469 1374 1517 1427 si
1568 1389 1681 1429 non
1741 1373 2014 1431 habuerit

367 1459 547 1514 robur
575 1458 632 1512 in
669 1458 764 1512 tali
797 1459 966 1514 modo
999 1460 1230 1531 agendi,
1282 1461 1492 1516 iterum
1545 1461 1830 1533 plantabit
1876 1464 2007 1520 alia.

365 1546 528 1603 Alias
585 1563 820 1602 rursum
879 1564 1054 1603 senex
1113 1548 1258 1604 dixit
1333 1549 1527 1606 abbati
1600 1551 1923 1609 Alexandro
1993 1570 2008 1610 :

367 1637 607 1704 Quando
638 1636 956 1693 abscideris
990 1637 1245 1710 palmeos
1292 1644 1421 1696 tuos
1453 1657 1645 1696 ramos
1695 1642 1831 1715 (85),
1880 1643 2009 1699 veni

364 1732 428 1782 ut
459 1743 686 1783 mecum
719 1727 1010 1784 comedas.
1045 1727 1239 1784 Abbas
1272 1735 1468 1784 autem
1499 1729 1822 1787 Alexander
1857 1732 2010 1789 lente

363 1817 668 1873 laborabat
698 1833 764 1873 ac
791 1819 1107 1874 moderate.
1141 1817 1327 1890 thue
1367 1818 1556 1875 adfuit
1603 1824 1854 1892 tempus,
1901 1823 2007 1879 ha-

2130 638 2219 694 οῦν
2279 646 2376 696 τοῦ
2435 637 2576 698 ἀϐϐἆ
2632 645 2854 719 Μάρκου
2908 649 2997 704 καὶ
3043 648 3332 723 λέγοντος·
3368 653 3545 710 Καλὸν
3579 637 3639 712 τῦ
3694 662 3772 731 μή

2123 728 2270 810 ἔχειν
2301 732 2421 787 τίνᾶ
2450 733 2792 808 παράκλησιν
2825 735 2875 791 έν
2907 744 2985 810 τῷ
3033 739 3245 814 κελλίῳ
3295 743 3492 814 autcf»;
3527 746 3614 800 καὶ
3663 728 3767 824 γ-ὰρ

2123 819 2266 876 εἶδον
2322 819 2555 902 ἀδελφὸν
2604 823 2800 900 ἔχοντα
2851 829 3019 902 μικρὰ
3062 827 3273 906 λάχανα
3301 833 3390 888 καὶ
3445 819 3774 910 ἐκριζοῦντα

2123 910 2279 967 αὐτά.
2309 911 2469 969 Εἶπεν
2523 915 2551 968 ὁ
2597 919 2807 989 γέρων·
2843 916 3022 974 Καλὸν
3066 919 3158 992 μέν
3213 920 3389 977 ἐστιν’
3434 921 3580 980 ἀλλὰ
3635 927 3772 1001 πρὸς

2120 1003 2218 1070 τὴν
2247 999 2352 1074 ἕξιν
2385 1007 2481 1058 τοῦ
2512 1003 2799 1078 ἀνθρώπου
2821 1025 2832 1038 ·
2867 1007 2953 1062 ἐὰν
3003 1009 3107 1083 γάρ
3143 1011 3217 1082 μὴ
3251 1007 3354 1087 ἔχῃ
3408 1011 3566 1089 ἶσχῦν
3605 999 3771 1088 ἐντῷ

2118 1091 2353 1166 τοιούτῳ
2399 1093 2609 1168 τρόπῳ,
2641 1094 2804 1150 πάλιν
2855 1098 3068 1176 φυτεύει
3118 1097 3281 1157 ἄλλα.
3319 1101 3552 1159 Ἀλλοτε
3601 1104 3768 1160 πάλιν

2119 1182 2264 1237 εἶπεν
2293 1183 2322 1237 ὁ
2351 1183 2524 1258 γέρων
2572 1186 2650 1256 τῷ
2698 1181 2841 1256 ἆϐϐᾳ
2869 1186 3206 1262 Ἀλεξάνδρῳ
3231 1209 3243 1221 ·
3276 1193 3390 1246 ”Οτ’
3423 1191 3480 1247 ἃν
3533 1195 3768 1272 ἀποσχί-

2121 1293 2218 1345 σῃς
2247 1271 2313 1327 τὰ
2350 1271 2552 1346 θαλλὶᾳ
2581 1277 2641 1347 (ι’)
2671 1297 2794 1344 σου,
2818 1273 2974 1351 δεῦρο
3017 1282 3202 1352 γεῦσαι
3248 1284 3364 1353 μετ’
3394 1281 3551 1354 ἐμοῦ.
3581 1289 3636 1338 Ὁ
3669 1285 3763 1340 οῦν

2119 1358 2288 1424 ἀϐϐἆς
2318 1361 2671 1439 Ἀλέξανδρος
2729 1363 2959 1438 ὁμαλῶς
3014 1367 3286 1443 εἰργάζετο
3343 1371 3432 1424 καὶ
3484 1371 3762 1445 ἐπιεικῶς,

2119 1451 2207 1506 καὶ
2257 1452 2330 1514 ὡς
2379 1453 2656 1528 γεγόνασιν
2689 1456 2724 1523 ἡ
2755 1451 2891 1530 ὥρα,
2924 1455 3104 1528 ἀκμὴν
3140 1457 3260 1535 εἶχε
3301 1456 3523 1522 θαλλία,
3555 1462 3645 1516 καὶ
3675 1463 3765 1517 θέ-

2119 1540 2231 1597 λων
2261 1549 2500 1615 τηρῆσαι
2531 1541 2623 1598 τὸν
2665 1540 2835 1618 λόγον
2887 1548 2984 1599 τοῦ
3013 1544 3287 1620 γέροντος,
3319 1547 3567 1622 ἀνέμεινε
3615 1550 3762 1622 πλη-

2121 1635 2285 1705 ρῶσαι
2329 1630 2484 1688 αὐτοὶ.
2519 1634 2576 1685 Ὀ
2646 1630 2736 1687 οῦν
2785 1627 2954 1696 ἀϐϐἆς
3006 1633 3284 1708 Ἀρσένιος
3343 1637 3419 1698 ὡς
3477 1637 3610 1694 εἶδεν
3677 1639 3762 1696 ὅτι

2116 1719 2386 1795 ἐχρόνισε,
2422 1719 2776 1796 λογισάμενος
2834 1725 3048 1796 μήποτε
3112 1725 3292 1795 ξένους
3349 1724 3525 1803 ἔσχεν,
3549 1727 3764 1803 ἐγεύσα·

2113 1831 2198 1868 το.
2257 1814 2320 1868 Ὁ
2387 1809 2443 1866 δὲ
2491 1810 2871 1888 Ἀλέξανδρος,
2905 1815 2978 1877 ὡς
3028 1813 3287 1882 ἐτέλεσεν,
3351 1815 3450 1892 ὀψὲ
3505 1818 3755 1888 ἀπῆλθεο

361 1906 487 1977 buit
515 1905 839 1962 etiamnum
881 1907 1142 1977 palmeos
1173 1923 1404 1965 ramos:
1438 1908 1756 1982 volensque
1785 1911 2000 1968 obtem-

2113 1901 2202 1955 καὶ
2253 1899 2398 1974 λέγει
2455 1901 2602 1972 αὐτῷ
2655 1903 2684 1956 ὁ
2723 1903 2895 1979 γέρων
2923 1924 2936 1938 ⁸
2969 1905 3167 1966 Ξένους
3197 1901 3398 1981 ἕσχες;
3432 1909 3529 1964 Καὶ
3579 1906 3754 1984 λέγει·

359 2011 561 2066 perare
589 1995 845 2052 sermoni
877 1996 1065 2062 Senis,
1099 1999 1419 2068 permansit
1457 2014 1643 2070 usque
1689 2000 1827 2056 dum
1881 2018 2003 2058 rem

360 2088 538 2141 totam
571 2085 935 2156 explevisset.
962 2086 1157 2142 Abbas
1193 2086 1391 2159 itaque
1436 2089 1711 2145 Arsenius
1757 2095 1821 2146 ut
1859 2092 2005 2148 vidit

360 2189 489 2230 eum
549 2191 744 2231 moras
801 2174 1050 2242 trahere,
1128 2177 1390 2250 cogitans
1445 2179 1494 2234 si
1563 2180 1708 2235 forte
1767 2181 2005 2239 haberet

358 2262 642 2337 hospites,
676 2265 1066 2320 manducavit.
1099 2266 1205 2321 Ast
1234 2267 1561 2323 Alexander
1599 2269 1696 2325 ubi
1733 2270 1999 2339 absolvit,

356 2369 592 2426 vespere
622 2352 814 2410 rediit.
847 2355 948 2410 Cui
993 2371 1169 2411 senex
1208 2359 1338 2411 :An
1385 2356 1642 2428 hospites
1692 2359 2000 2417 habuisti?

358 2441 461 2499 Ille
492 2459 506 2497 :
540 2443 943 2515 Nequaquam,
973 2443 1181 2514 inquit.
1243 2446 1393 2501 Tum
1453 2463 1627 2503 senex
1661 2464 1674 2503 :
1710 2448 1824 2504 Cur
1880 2466 1998 2506 non

354 2531 609 2588 venisti?
667 2533 988 2603 Respondet
1044 2533 1241 2599 :Quia
1295 2533 1490 2590 dixisti
1549 2536 1715 2605 mihi,
1758 2539 1996 2603 Quando

355 2621 673 2678 abscideris
705 2626 837 2677 tuos
869 2639 1085 2691 ramos,
1109 2623 1238 2678 veni
1274 2640 1287 2678 :
1316 2627 1372 2679 et
1402 2623 1713 2681 observans
1745 2629 1993 2683 manda-

2114 1989 2278 2066 Οὐχί.
2311 1991 2482 2046 Εἶπον
2514 1989 2608 2046 οῦν
2640 1991 2816 2062 αὐτῷ’
2853 1996 2977 2053 Πῶς
3010 1991 3108 2048 οὐκ
3136 1993 3304 2062 ἦλθες
3333 2013 3347 2064 ;
3380 1997 3441 2053 Ὁ
3475 1993 3531 2051 δὲ
3569 1995 3756 2072 λέγει.

2111 2081 2237 2138 ’Ότι
2269 2078 2416 2144 εἶπές
2455 2100 2584 2152 μοι’
2616 2081 2734 2138 ”Οτ’
2765 2079 2824 2135 ἂν
2881 2082 3191 2160 ἀποσχίσης
3248 2085 3316 2139 τὰ
3373 2084 3575 2141 θαλλία
3632 2109 3759 2158 σου,

2111 2169 2255 2240 ἐλθὲ,
2287 2171 2373 2225 καὶ
2406 2175 2589 2245 τηρῶν
2639 2191 2732 2225 σου
2771 2171 2861 2226 τὸν
2914 2168 3100 2249 λόγον,
3135 2172 3233 2228 οὐκ
3270 2172 3464 2245 ἦλθον,
3500 2176 3582 2230 ὅτι
3633 2176 3759 2251 ἄρτι

2109 2258 2428 2336 ἐπλήρωσα.
2480 2260 2579 2316 Καὶ
2635 2259 2930 2332 ἐθαύμαζεν
2985 2263 3014 2316 ὁ
3062 2259 3236 2336 γέρων
3305 2265 3404 2332 τὴν
3473 2261 3753 2338 ἆκρίϐείαν

2109 2352 2300 2418 αὐτοῦ,
2337 2349 2428 2406 καὶ
2460 2349 2610 2426 λέγει
2648 2350 2827 2422 αὐτῷ’
2860 2352 3182 2426 Ταχυτέρως
3231 2351 3485 2424 κατάλυε,
3513 2353 3607 2409 ’ἕνα
3661 2357 3754 2412 καὶ

2107 2444 2207 2512 τήν
2241 2441 2453 2514 σύναξίν
2480 2462 2575 2496 σου
2611 2439 2785 2516 βάλῃς
2829 2443 2927 2514 (Ιί),
2957 2441 3047 2496 καὶ
3076 2446 3174 2497 τοῦ
3209 2440 3405 2505 ὕδατός
3460 2465 3556 2498 σου
3602 2467 3760 2518 μετα-

2108 2528 2435 2607 λαμϐάνῃς³
2470 2531 2516 2586 εἰ
2565 2528 2622 2586 δὲ
2678 2531 2843 2606 μήγε,
2872 2529 3088 2607 ταχέως
3147 2529 3264 2606 ἔχει
3320 2533 3382 2588 τὸ
3443 2534 3600 2607 σῶμά
3660 2557 3756 2590 σου

2105 2625 2416 2691 ἀσθενῆσαι.

353 2716 478 2767 tum
524 2715 687 2767 tuum
722 2711 934 2784 [citius]
967 2729 1080 2767 non
1113 2714 1242 2768 veni
1276 2717 1486 2771 :modo
1525 2715 1679 2770 enim
1714 2716 1968 2773 laborem
2002 2715 2308 2788 complevi.
2352 2714 2421 2768 Et
2487 2713 2730 2770 miratus
2775 2717 2867 2769 est
2915 2729 3090 2770 senex
3136 2716 3565 2772 accurationem
3605 2718 3752 2789 ejus,

351 2808 408 2858 et
437 2803 579 2858 dicit
609 2804 659 2859 ei
695 2820 709 2858 :
743 2803 915 2860 Ocius
945 2804 1160 2861 diverte
1189 2806 1322 2875 (86),
1359 2811 1424 2861 ut
1453 2807 1695 2878 synaxin
1727 2807 1843 2881 (87)
1889 2810 2200 2881 persolvas,
2244 2811 2300 2862 et
2345 2821 2558 2877 aquam
2603 2811 2763 2861 tuam
2795 2804 2908 2876 (88)
2941 2820 3179 2862 sumas:
3215 2805 3303 2862 sin
3355 2807 3571 2877 minus,
3604 2813 3758 2866 stat-

356 2892 462 2948 tim
493 2909 700 2964 corpus
729 2894 1138 2950 tuumincidet
1158 2895 1216 2949 in
1249 2895 1669 2954 inﬁrmitatem.

423 2983 510 3036 l8.
579 2983 705 3038 Non
742 2983 1045 3040 verebatur
1137 2983 1340 3040 beatus
1416 2986 1671 3056 quodam
1736 2990 1987 3059 tempore

349 3070 644 3129 humiliari
678 3089 874 3128 coram
904 3072 1211 3145 discipulis
1252 3074 1400 3130 suis.
1465 3074 1616 3130 Dum
1674 3075 1987 3147 aliquando

343 3163 618 3218 resideret
638 3163 694 3218 in
735 3161 1106 3218 inferioribus
1131 3163 1394 3234 partibus
1426 3163 1523 3234 (ι’)
1553 3171 1607 3218 et
1628 3164 1982 3233 turbaretur,

342 3251 538 3308 visum
569 3256 657 3308 est
686 3252 740 3308 ei
772 3250 976 3308 cellam
1009 3251 1366 3324 relinquere;
1399 3252 1634 3309 nihilex
1658 3253 1759 3309 illa
1787 3271 1986 3311 secum

343 3340 546 3396 ferenti
574 3358 587 3395 :
614 3341 1028 3412 profectusque
1048 3345 1138 3396 est
1162 3342 1233 3396 ad
1256 3341 1578 3413 discipulos
1615 3359 1754 3399 suos
1777 3343 1990 3399 Phara-

345 3429 502 3485 nitas
531 3429 924 3485 Alexandrum
957 3446 1024 3486 ac
1053 3429 1297 3487 Zoilum.
1345 3430 1500 3486 Dixit
1559 3448 1693 3503 ergo
1739 3433 1988 3488 Alexan-

345 3520 446 3573 dro
480 3536 492 3572 :
524 3519 728 3590 Surge,
761 3522 819 3574 et
847 3519 1074 3591 naviga.
1112 3518 1176 3574 Et
1208 3535 1430 3575 morem
1470 3519 1674 3591 gessit.
1721 3523 1800 3576 Ac
1829 3521 1986 3578 Zoilo

344 3607 527 3663 dixit:
564 3608 702 3663 Veni
743 3624 967 3663 mecum
1022 3624 1206 3680 usque
1244 3610 1316 3663 ad
1373 3610 1617 3676 ﬂumen,
1682 3616 1739 3664 et
1794 3627 1986 3682 quaere

343 3697 487 3752 mihi
521 3713 752 3765 navem,
785 3714 913 3770 quae
933 3698 1338 3754 Alexandriam
1371 3714 1567 3755 versus
1604 3700 1730 3756 vela
1759 3700 1934 3756 faciat
1966 3717 1979 3755 :

342 3787 544 3859 sicque
573 3792 638 3844 tu
669 3788 740 3843 ad
775 3788 1012 3843 fratrem
1044 3793 1212 3843 tuum
1262 3790 1488 3860 naviga.
1540 3787 1732 3845 Zoilus
1785 3793 1979 3844 autem

2173 2987 2268 3055 ιη’.
2301 2985 2420 3043 Οὐκ
2460 2981 2632 3038 ἐδεῖτο
2689 2980 2747 3037 δὲ
2793 2984 3172 3037 ταπεινοῦσθαι
3229 2987 3408 3058 καιρῷ
3454 3004 3563 3038 τινι
3622 2991 3749 3046 τοῖς

2098 3078 2290 3133 ἑαυτοῦ
2358 3076 2628 3146 μαθηταῖς
2701 3074 2729 3126 ὁ
2791 3073 3055 3146 μακάριος
3139 3075 3504 3145 καθεζομένου
3579 3074 3748 3130 αὐτοῦ

2097 3187 2231 3221 ποτε
2290 3162 2341 3218 ἐν
2396 3167 2514 3224 τοῖς
2563 3162 2710 3216 κάτω
2771 3161 2978 3236 μέρεσι,
3008 3162 3096 3215 καὶ
3150 3159 3522 3236 ὀχλουμένου,
3573 3157 3750 3233 ἔδοξεν

2100 3257 2249 3326 αὐτῷ
2279 3250 2599 3308 καταλιπεῖν
2649 3251 2710 3305 τὸ
2764 3249 3010 3320 κελλέον,
3037 3247 3206 3322 μηδὲν
3234 3249 3285 3321 ἐξ
3317 3250 3482 3306 αὐτοῦ
3536 3248 3745 3307 λαϐών.

2096 3345 2203 3400 Καὶ
2255 3342 2521 3419 ἐπορεύθη
2582 3341 2720 3416 πρὸς
2772 3341 2900 3401 τοὺς
2959 3340 3152 3394 ἑαυτοῦ
3187 3341 3605 3412 μαθητὰς,τοί›ς
3639 3349 3748 3397 Φα-

2098 3432 2335 3508 ρανίτας,
2388 3426 2742 3505 Ἀλέξανδρον
2789 3428 2878 3483 καὶ
2932 3425 3168 3485 Ζώϊλον.
3221 3431 3384 3485 Εἶπεν
3431 3428 3524 3484 οῦν
3578 3428 3750 3502 Ἀλεξα

2095 3519 2313 3594 ἀνδρῳ”
2349 3520 2597 3586 Ἀνάστα,
2659 3515 3016 3574 ἀνάπλευσον.
3080 3516 3179 3572 Καὶ
3233 3516 3485 3586 ἐποίησεν
3545 3520 3744 3581 οὕτως.

2095 3608 2306 3681 Καὶτῷ
2338 3605 2536 3680 Ζωΐλῳ
2584 3606 2730 3661 εἶπεν
2756 3624 2769 3636 ·
2805 3609 2971 3678 Δεῦρο
3018 3605 3134 3675 μετ’
3175 3603 3310 3676 ἐμοῦ
3360 3603 3463 3667 ἓως
3507 3610 3604 3661 τοῦ
3652 3627 3753 3660 πο-

2091 3702 2291 3770 ταμοῦ,
2324 3697 2414 3751 καὶ
2456 3694 2691 3767 ζήτησόν
2729 3714 2824 3767 μοι
2862 3693 3060 3748 πλοῖον
3103 3691 3191 3746 ἐπὶ
3221 3693 3320 3761 τήν
3343 3691 3749 3769 Ἀλεξάνδρειαν

2088 3785 2373 3842 ἀναπλέον.
2409 3784 2508 3840 Καὶ
2566 3784 2738 3846 οὕτως
2796 3783 2885 3838 καὶ
2944 3781 3007 3836 σὺ
3063 3780 3404 3838 ἀνάπλευσον
3463 3784 3598 3860 πρὸς
3645 3785 3738 3838 τὸν

1708 3906 1941 3963 νΑΒΙιΕ
1971 3906 2380 3962 LECTIONES.

408 4015 492 4086 (ι’)
530 4015 628 4070 νει.
662 4016 770 4072 PP.
807 4015 906 4072 lib.
940 4031 994 4085 ν,
1021 4013 1197 4071 libell.
1235 4014 1320 4082 15,
1356 4015 1594 4085 num.9,
1635 4014 1858 4071 addunt
1876 4018 2119 4088 ﬁgypfi.
2285 4014 2359 4072 al.
2397 4011 2542 4088 βαΐα.
2619 4013 2698 4086 (k)
2728 4012 2802 4070 al.
2835 4014 3000 4085 ποιῇς
3042 4008 3350 4086 ἄταράχως.

1920 4131 2148 4188 NOT/E.

412 4248 523 4319 (83)
552 4246 842 4303 Subditur
871 4247 931 4301 in
964 4247 1069 4302 Vit.
1103 4247 1211 4302 PP.
1245 4267 1275 4295 «
1325 4245 1471 4310 Quia
1517 4246 1810 4302 incidetur
1836 4248 1978 4303 mihi

335 4324 528 4391 caput.
559 4320 625 4374 Et
653 4319 876 4390 dicitdei
910 4318 1092 4391 abbas
1129 4319 1410 4373 Arsenius
1436 4333 1450 4373 :
1472 4319 1590 4389 Ego
1628 4321 1789 4391 prius
1829 4336 1981 4376 mor-

331 4390 472 4446 tuus
503 4407 658 4460 sum,
691 4407 862 4461 quam
896 4390 1033 4456 ille;
1080 4390 1204 4460 ipse
1241 4395 1435 4444 autem
1490 4390 1656 4447 modo
1707 4397 1978 4448 mortuus

333 4467 456 4529 est;
489 4463 779 4533 quomodo
811 4478 902 4518 me
933 4461 1067 4517 fecit
1097 4461 1402 4533 haeredem.
1437 4461 1508 4517 Et
1544 4463 1768 4518 remisit
1799 4468 1980 4519 testa-

333 4532 649 4590 mentum?
697 4534 843 4590 nihil
894 4533 1205 4603 accipiens.
1250 4553 1278 4583 »
1315 4532 1479 4588 Hunc
1545 4533 1736 4589 locum
1795 4536 1977 4603 tangit

333 4606 695 4678 biographus
726 4607 878 4661 intra
895 4621 1058 4661 num.
1088 4605 1159 4659 26
1180 4605 1290 4661 sub
1314 4605 1522 4672 linem;
1559 4613 1618 4660 ut
1649 4607 1864 4663 mirum
1897 4607 1976 4662 sit

335 4679 780 4820 ὴιῗὸἓξῃιιάὲιίηοθ
802 4749 898 4806 ille
931 4752 1178 4816 Marcus,
1225 4749 1322 4819 qui
1351 4765 1528 4820 supra
1568 4765 1732 4805 num.
1761 4750 1797 4803 7
1826 4750 1970 4820 (not.

331 4821 472 4891 45)?
501 4822 581 4876 De
612 4826 811 4877 sancto
853 4821 1224 4892 homonyma,
1295 4821 1576 4892 monacho
1636 4823 1693 4874 in
1755 4821 1971 4886 Scethi,

331 4909 463 4947 cum
496 4894 716 4961 epocha
756 4894 892 4948 anni
939 4891 1166 4948 circiter
1217 4891 1340 4958 400,
1392 4898 1588 4946 actum
1638 4893 1730 4946 die
1766 4893 1802 4945 5
1834 4893 1975 4947 Mar-

332 4965 424 5031 tii,
457 4981 585 5037 pag.
627 4966 730 5019 367
758 4990 772 5032 ;
806 4965 906 5019 ubi
945 4969 1002 5019 et
1032 4964 1101 5018 de
1123 4964 1350 5037 duobus
1373 4963 1500 5017 aliis
1524 4978 1648 5033 pag.
1674 4964 1818 5037 368.,
1851 4965 1972 5019 Ca:-

332 5035 641 5091 terumres
669 5037 764 5092 hic
795 5054 829 5092 a
876 5037 1156 5106 scriptore
1205 5036 1338 5088 Vita:
1387 5050 1674 5102 expressa,
1735 5035 1973 5090 habetur

332 5109 392 5165 in
440 5109 539 5165 Vit.
565 5110 673 5164 PP.
706 5108 806 5164 lib.
839 5124 892 5176 v,
925 5106 1106 5162 libell.
1141 5107 1230 5175 10,
1275 5122 1437 5160 num.
1470 5107 1541 5172 7;
1597 5107 1750 5176 apud
1805 5107 1972 5162 Cote-

332 5179 780 5262 leegr.as-._35§~_
942 5248 956 5262 .
1074 5248 1083 5262 .
1457 5248 1469 5259 .

402 5196 803 5322 (ἑῖῧέῑῗοὲὶ).
866 5248 1174 5322 palmulas.
1209 5246 1382 5322 θάλια
1423 5248 1679 5322 simplici
1706 5245 1738 5302 λ
1772 5249 1974 5305 scribit

330 5319 606 5396 Cabgiqs,
633 5325 785 5396 quod
815 5346 842 5374 «
866 5319 924 5378 in
953 5322 1168 5396 Lexico,
1207 5320 1424 5396 inquit,
1462 5323 1565 5374 Ms.
1615 5319 1968 5396 Nicomedis.

328 5392 610 5471 τάφ’ύλλα
651 5392 770 5447 ’τῶν
822 5393 1101 5471 φοινίκων,
1143 5393 1280 5448 folia
1336 5394 1683 5463 palmarum.
1722 5413 1752 5442 ››
1802 5393 1976 5449 Plura.

328 5469 570 5525 ibidem.

399 5540 518 5614 (86)
553 5539 708 5614 Vite.
741 5538 849 5593 PP.
877 5536 978 5614 lib.
1013 5553 1063 5600 ν,
1096 5534 1282 5614 libell.
1306 5535 1425 5614 ιι,
1447 5608 1456 5614 _
1478 5551 1640 5614 num.
1683 5536 1754 5592 1:
1790 5535 1973 5614 sDis-

321 5604 568 5684 junge're
588 5611 919 5684 (interpres
939 5608 1138 5684 legerit
1166 5604 1463 5679 καταλύου)
1494 5607 1564 5663 ab
1584 5623 1761 5684 opere
1781 5613 1881 5662 tuo
1905 5625 1918 5672 ;
1946 5631 1973 5658 »

329 5679 494 5740 sed'«
529 5679 736 5738 inscite
765 5679 822 5737 et
849 5679 1036 5753 alieno
1068 5680 1239 5753 plane
1279 5696 1478 5750 sensu,
1509 5702 1538 5753 η
1581 5679 1776 5753 inquit
1824 5689 1974 5753 recte

329 5755 646 5811 Cotelerius
678 5754 736 5808 in
771 5753 924 5808 notis
953 5751 1202 5809 col.'799
1231 5766 1246 5807 :
1281 5752 1576 5824 quomodo
1607 5752 1762 5806 enim
1798 5771 1827 5801 ‹‹
1858 5752 1976 5806 dis-

323 5827 496 5898 Jungi
527 5828 602 5882 ab
632 5840 823 5897 opere,
858 5847 887 5874 »
935 5841 1038 5881 seu
1097 5841 1245 5896 opus
1301 5822 1530 5880 mittere
1579 5823 1843 5893 jubetur,
1874 5824 1974 5893 qui

2087 4263 2234 4316 opus
2259 4254 2380 4316 jam
2413 4245 2489 4300 ita
2526 4244 2890 4316 impleverat,
2946 4248 3012 4300 ut
3067 4259 3204 4316 non,
3244 4242 3456 4316 fuisset
3514 4243 3745 4316 reditu-

2086 4315 2188 4374 rus
2241 4315 2351 4372 nisi
2411 4315 2720 4388 postquam
2767 4317 2912 4372 illud
2973 4315 3354 4388 implevisset.
3415 4315 3744 4388 Cotelerius

2088 4406 2216 4461 pag.
2239 4390 2344 4445 359
2365 4382 2537 4443 vertit
2561 4382 2710 4443 solve
2737 4389 3008 4460 (addens,
3027 4382 3181 4461 quid
3215 4387 3266 4440 vi
3311 4386 3471 4461 verbi
3524 4382 3737 4461 διαλύω

2087 4457 2202 4541 ᾖοῇ
2233 4457 3148 4541 ἰςιηωιςιιιιμιιλἱείιιιιὶιιηικΔάᾶειζ
3177 4457 3332 4541 quod
3384 4457 3732 4541 solvendum

2009 4521 2372 4604 Djejuuiuin
2406 4521 2862 4604 indicet'potiusg;
2895 4531 2954 4586 id
2996 4521 3151 4603 quod
3193 4521 3260 4604 in
3307 4530 3565 4604 proximo
3624 4537 3732 4598 est,

2087 4601 2114 4655 ἱ(
2134 4601 2347 4678 aquam
2371 4609 2527 4659 tuam
2545 4619 2762 4678 sumas.
2781 4624 2808 4653 ι)
2834 4601 3030 4673 Itaque
3051 4601 3400 4678 preplacet-
3430 4601 3647 4678 divorte
3675 4620 3736 4669 ς»

2084 4671 2382 4732 ᾕοοόοἱω
2412 4671 2672 4730 καταλύω
2704 4691 2808 4747 per
2831 4691 2892 4730 se
2923 4671 2982 4730 et
3023 4671 3076 4747 vi
3124 4674 3279 4747 vocis
3326 4672 3641 4747 significat,
3683 4678 3738 4728 et

2084 4750 2334 4805 cohaeret
2363 4764 2495 4805 cum
2535 4744 2833 4817 adjunctis
2865 4763 2880 4801 :
2911 4744 3081 4817 quasi
3112 4745 3274 4800 dicas
3301 4760 3314 4799 :
3347 4745 3498 4798 intro
3524 4749 3624 4817 "te
3648 4761 3734 4799 re-

2084 4822 2231 4891 cipe,
2257 4820 2492 4892 quiesce
2534 4815 2855 4892 paululum,
2899 4815 2960 4892 ut
2999 4817 3279 4892 _syna_xin_
3314 4831 3411 4892 seu
3473 4815 3730 4892 ofﬁcium

2086 4886 2290 4972 recites
2311 4886 3094 4972 (etquidem‘prputbabet
3123 4886 3445 4972 alia-lectio!
3477 4889 3546 4942 ad
3573 4903 3734 4972 'mar-

2083 4965 2274 5035 ginem
2305 4953 2497 5018 textus
2554 4953 2732 5033 apud-
2765 4960 3108 5035 Coteleriugm
3169 4963 3386 5035 notata_
3418 4953 3734 5035 ἀταράχῳς,

2081 5028 2200 5091 sine
2226 5028 2690 5106 perturbatione),
2723 5041 2776 5088 et
2796 5033 3006 5086 deinde
3037 5031 3250 5106 famem
3276 5028 3482 5106 pellas,
3508 5028 3733 5085 reficias

2083 5102 2252 5176 vires,
2324 5106 2610 5161 sumendo
2667 5120 2879 5176 aquam
2942 5102 3280 5176 tuamrSin
3341 5103 3559 5176 minus,
3620 5108 3728 5157 etc.

2151 5173 2264 5248 (87')
2296 5178 2538 5249 Synaxis
2575 5173 2799 5249 praeter
2829 5175 2942 5229 alia
2988 5173 3286 5249 significat
3325 5173 3584 5249 officium
3635 5188 3732 5228 ec-

2083 5243 2497 5312 clesiasticum,
2530 5243 2594 5302 ut
2619 5246 2837 5304 videsis
2867 5243 3353 5318 apudfCangium
3405 5245 3493 5318 ing
3517 5243 3726 5318 Glossa-

2082 5322 2168 5376 rio
2199 5323 2412 5386 Latino,
2447 5320 2763 5375 Cotelerius
2795 5315 2926 5390 pag.
2952 5317 3058 5372 359
3092 5333 3155 5369 :«
3189 5320 3311 5390 Quo
3361 5323 3418 5390 et
3460 5315 3728 5371 Oflicium

2083 5399 2248 5449 tuum
2282 5392 2507 5447 recites.
2542 5413 2569 5441 »
2614 5391 2718 5446 Vit.
2755 5387 3021 5445 PPfloco
3053 5389 3312 5458 proxime
3343 5387 3517 5443 citato
3560 5405 3574 5442 :
3613 5407 3633 5435 ι
3660 5390 3734 5443 Ut

2084 5473 2136 5520 et
2168 5463 2554 5540 ministerium
2581 5462 2869 5540 psallendi
2902 5461 3166 5540 l‘acias._a
3187 5459 3384 5540 Malim
3407 5481 3431 5540 ε·
3455 5458 3730 5540 piﬁcium

2082 5542 2250 5592 tuum
2285 5533 2549 5605 perﬁcies
2583 5530 2673 5588 vel
2707 5534 2946 5600 recites;
2975 5554 3002 5581 »
3029 5531 3169 5602 quid
3203 5530 3359 5586 enim
3412 5530 3508 5605 hic
3554 5531 3736 5605 mini-

2083 5602 2326 5664 sterium
2364 5605 2670 5673 psallendi,
2703 5611 2811 5660 etc.
2861 5619 2994 5660 cum
3056 5618 3264 5673 vacuo,
3294 5602 3640 5668 ventriculo,
3674 5607 3732 5657 et

2085 5695 2312 5734 summa
2341 5672 2661 5743 debilitate,
2696 5677 2951 5733 indicata
2981 5691 3082 5747 per
3111 5672 3173 5728 τὸ
3206 5672 3309 5729 Sin
3354 5675 3558 5742 minus,
3591 5681 3731 5740 etc.,

2087 5751 2242 5827 quas
2273 5749 2579 5827 saevitur?
2697 5782 2700 5784 τ
3447 5815 3481 5827 ..
3513 5814 3524 5827 .

2155 5821 2270 5894 (88)
2299 5814 2426 5878 Non
2456 5820 2656 5891 utique
2675 5837 2883 5893 aquam
2911 5833 3131 5876 meram
3160 5839 3176 5889 ;
3219 5834 3372 5888 quae,
3404 5814 3552 5871 nihil
3605 5831 3731 5886 pro-
