4090 6288
318 420 437 479 869

949 420 1240 482 ORATIO
1285 420 1420 482 XII.
1467 453 1545 464 -—-
1590 420 2002 484 LAUDATIO
2045 421 2110 482 S.
2156 418 2466 482 ARSENll
2509 420 3086 484 ANACHORETJE.

3601 417 3720 478 870

322 551 552 630 ἀδελφόν
582 575 678 610 σου
704 599 717 612 .
751 559 807 609 Ὃ
839 552 896 610 δὲ
935 553 1145 617 Ζώϊλος
1186 552 1273 608 έπὶ
1321 554 1400 626 τῷ
1450 553 1600 630 λόγῳ
1647 553 1959 628 ταραχθεὶς,

2083 555 2168 610 his
2199 555 2372 612 dictis
2403 558 2692 628 turbatus,
2715 558 2898 613 tacuit
2921 574 2934 612 :
2959 560 3132 628 atque
3163 555 3243 611 ita
3275 554 3424 611 alter
3443 555 3517 612 ab
3541 555 3719 613 altero

321 642 616 712 ἐσιώπησε,
674 646 765 698 καὶ
823 643 996 708 οὕτως
1045 643 1418 719 ἐχωρίσθησαν
1486 643 1576 698 ἀπ’
1652 643 1957 714 ἀλλήλων·

322 733 606 802 Κατῆλθεν
667 731 755 788 οὖν
818 735 846 788 6
892 734 1064 810 γέρων
1119 733 1205 788 ἐπὶ
1238 733 1305 787 τὰ
1357 733 1494 808 μέρη
1530 729 1824 804 Θηϐαίδος,
1873 735 1962 787 καὶ

322 825 616 893 ἠσθένησεν
668 823 970 898 ἀρρωστίαν
1013 823 1257 897 μεγάλην
1287 867 1300 880 .
1352 824 1413 878 Οἱ
1447 821 1501 877 δὲ
1530 822 1723 878 τούτου
1775 820 1965 877 διακο-

321 914 478 982 νηταὶ
512 912 660 968 εἶπον
695 913 832 986 πρὸς
865 911 1148 982 ἀλλήλους
1175 930 1188 943 ⁸
1223 912 1312 980 Μὴ
1361 911 1465 987 ἄρα
1493 933 1574 974 τις
1622 914 1781 984 ἡμῶν
1838 911 1963 968 ἐλύ-

323 1023 464 1072 πησε
526 1002 620 1056 τὸν
679 1000 924 1076 γέροντα,
1002 1003 1091 1055 καὶ
1151 999 1238 1055 διὰ
1298 1002 1457 1056 τουτο
1541 999 1820 1076 ἐχωρίσθη
1877 1002 1965 1074 ἀφ’

325 1093 526 1164 inutilia;
564 1091 657 1145 Καὶ
694 1090 802 1167 οὐχ
833 1088 985 1163 εὗρον
1036 1089 1088 1144 ἐν
1135 1091 1343 1152 ἑαυτοῖς
1393 1088 1546 1145 οὐδέν
1571 1135 1583 1147 .
1617 1092 1859 1166 Ὑγιοὶνας
1910 1088 1966 1145 δὲ

327 1181 355 1234 6
387 1181 561 1255 γέρων
594 1177 738 1233 εἶπεν
767 1197 779 1210 °
815 1176 1163 1252 Πορεύσομαι
1193 1179 1328 1252 πρὸς
1360 1177 1488 1243 τοὺς
1537 1180 1766 1254 πατέρας
1821 1201 1924 1247 μου
1948 1198 1962 1213 ·

323 1267 429 1323 Καὶ
464 1268 638 1331 οὕτως
669 1266 1006 1328 ἀναπλεύσας
1064 1266 1232 1336 ἦλθεν
1283 1267 1357 1329 εἰς
1404 1271 1505 1338 τὴθ
1555 1270 1778 1342 Πέτραν,
1830 1272 1966 1324 ὅπου

326 1358 460 1424 ἦσαν
498 1359 548 1410 οἱ
583 1357 817 1429 μαθηταὶ
848 1355 1011 1411 αὐτοῦ
1033 1376 1045 1388 ·
1077 1359 1262 1418 Ὃντος
1297 1355 1352 1412 δὲ
1382 1357 1544 1412 αὐτοῦ
1595 1359 1832 1429 πλησίον
1869 1364 1965 1415 τοῦ

325 1451 599 1518 ποταμοῦ,
656 1444 918 1516 παιδίσκη
971 1468 1055 1509 τις
1112 1446 1436 1505 Αἱθιόπισσα
1481 1448 1736 1516 ἐλθοῦσα,
1785 1451 1965 1524 ἥψατο

331 1533 598 1607 μηλωτῆς
631 1535 792 1590 αὐτοῦ
820 1581 832 1594 .
876 1541 932 1590 Ὀ
975 1533 1032 1590 δὲ
1079 1537 1248 1611 γέρων
1299 1536 1618 1610 ἐπετίμησεν
1669 1538 1808 1612 αὐτῇ
1835 1583 1850 1598 .
1901 1540 1968 1596 Ἡ

327 1622 424 1678 οὖν
465 1622 722 1695 παιδίσκη
757 1623 899 1700 λέγει
932 1625 1078 1696 αὐτῷ
1108 1645 1121 1658 ⁸
1155 1626 1218 1682 Εἰ
1256 1627 1500 1705 μοναχὸς
1534 1627 1597 1697 εἶ,
1631 1627 1864 1701 πορεύου
1897 1628 1971 1690 εἷς

325 1716 389 1768 τὸ
420 1714 546 1789 ὅρος
573 1758 586 1771 .
621 1718 676 1768 '0
722 1712 778 1768 δὲ
813 1713 982 1789 γέρων
1013 1715 1097 1769 ἐπὶ
1139 1719 1218 1786 τῷ
1259 1715 1411 1790 λόγῳ
1455 1718 1797 1791 κατανυγείς,
1846 1712 1966 1773 ἔλε-

327 1827 419 1878 γεν
451 1804 503 1859 ἐν
566 1805 776 1876 έαυτῷο
829 1804 1084 1879 Ἀρσένιε,
1128 1804 1172 1858 εἰ
1222 1809 1459 1881 μοναχὸς
1506 1807 1574 1876 εἶ,
1623 1806 1859 1881 πορεύου
1893 1809 1969 1870 εἰς

2072 647 2320 715 sejuncti
2352 653 2507 704 sunt.
2527 648 2832 704 Descendit
2864 647 3042 718 igitur
3062 663 3237 703 senex
3261 647 3319 700 in
3355 650 3543 715 partes
3574 647 3723 701 The-

2070 736 2259 791 baidis
2307 739 2440 810 (89),
2501 741 2778 810 gravique
2817 738 3153 793 infirmitate
3221 744 3522 808 correptus
3605 746 3714 792 est.

2072 824 2316 881 Ministri
2349 833 2543 882 autem
2585 831 2712 898 ejus
2762 828 3028 882 dixerunt
3058 825 3210 880 inter
3238 842 3301 880 se
3341 841 3355 879 :
3389 828 3474 881 An
3508 825 3722 898 aliquis

2075 922 2339 970 nostrum
2375 915 2732 972 contristavit
2775 932 2997 980 senem,
3029 929 3214 985 eaque
3247 915 3318 969 de
3350 931 3530 970 causa
3559 932 3593 970 a
3622 932 3724 970 no-

2078 1004 2165 1059 bis
2195 1006 2497 1074 sejunetus
2528 1005 2659 1059 est?
2691 1005 2756 1059 Et
2786 1021 2898 1060 non
2931 1004 3274 1058 invenerunt
3301 1003 3624 1076 quidquam
3656 1005 3715 1058 in

2077 1109 2135 1148 se
2165 1093 2370 1163 culpae.
2405 1093 2652 1148 Sanitati
2700 1098 2894 1148 autem
2943 1095 3245 1147 restitutus
3299 1108 3493 1157 senex,
3527 1094 3670 1148 dixit
3707 1112 3719 1150 :

2079 1182 2180 1238 Ibo
2211 1181 2284 1238 ad
2311 1193 2501 1254 patres
2543 1198 2740 1250 meos;
2771 1190 2826 1236 et
2857 1181 2939 1237 sie
2987 1182 3118 1236 navi
3159 1186 3421 1237 revectus
3450 1183 3611 1238 venit
3663 1183 3722 1237 in

2079 1270 2303 1327 Petram
2337 1272 2472 1344 (90),
2525 1272 2623 1326 ubi
2679 1275 2844 1327 erant
2899 1269 3174 1341 discipuli
3205 1271 3352 1341 ejus.
3385 1270 3529 1326 Cum
3584 1288 3720 1327 vero

2081 1375 2260 1431 prope
2299 1360 2540 1415 ﬂuvium
2590 1364 2759 1428 esset,
2810 1358 3002 1431 puella
3032 1360 3300 1432 quasdam
3364 1359 3726 1430 Ethiopissa

2083 1450 2360 1504 accedens
2401 1449 2594 1521 tetigit
2631 1449 2877 1505 meloten
2931 1449 3044 1520 (91)
3082 1447 3288 1520 ipsius.
3321 1450 3392 1503 At
3429 1465 3606 1505 senex
3634 1451 3725 1504 ln-

2082 1538 2336 1610 crepavit
2364 1555 2515 1594 eam.
2555 1538 2752 1594 Puella
2781 1555 2914 1594 vero
2961 1537 3106 1594 dixit
3132 1537 3258 1593 illi:
3305 1537 3365 1594 Si
3397 1538 3722 1594 monachus

2081 1646 2161 1702 es,
2194 1631 2336 1685 vade
2367 1632 2434 1686 ad
2484 1635 2764 1687 montem.
2798 1635 2981 1687 Senex
3028 1634 3222 1686 autem
3254 1648 3523 1688 sermone
3566 1646 3724 1688 com-

2078 1725 2349 1793 punctus,
2375 1720 2603 1777 dicebat
2635 1721 2788 1777 intra
2818 1737 2912 1777 se:
2953 1720 3180 1788 Arseni,
3214 1719 3262 1776 si
3293 1720 3611 1777 monachus
3640 1737 3724 1792 es,

2079 1811 2224 1866 vade
2269 1811 2344 1867 ad
2397 1816 2674 1867 montem.
2709 1813 2935 1866 Interea
2981 1813 3295 1866 occurrunt
3325 1811 3376 1866 ei
3405 1811 3730 1867 Alexander

325 1895 387 1949 τὸ
419 1892 545 1966 ὄρος
572 1912 585 1924 ·
618 1893 707 1947 καὶ
755 1893 840 1947 ἐπὶ
883 1898 1043 1948 τοῦτο
1091 1894 1408 1964 ἀπήντησαν
1457 1897 1604 1967 αὐτῷ
1637 1896 1666 1950 6'
1693 1918 1752 1951 τε
1783 1896 1969 1968 Ἀλέξ-

2083 1910 2130 1959 et
2176 1903 2405 1971 Zoilus;
2466 1920 2719 1976 cumque
2778 1903 3160 1974 procidissent
3206 1905 3278 1959 ad
3337 1905 3511 1977 pedes
3568 1905 3726 1975 ejus,

331 1981 530 2059 ανδρος
559 1983 650 2037 καὶ
679 1983 907 2053 Ζώϊλος,
939 1985 1030 2038 καὶ
1061 1983 1423 2038 ἐπιπεσόντων
1475 1985 1650 2040 αὐτῶν
1695 1991 1809 2049 τοῖς
1842 1988 1970 2042 ποσὶ

333 2072 519 2140 αὐτοῦ,
577 2066 792 2148 ἔρριψεν
855 2074 1038 2128 ἑαυτὸν
1086 2074 1114 2128 6
1161 2073 1336 2147 Γέρων
1367 2092 1378 2104 ’
1416 2075 1505 2128 καὶ
1557 2071 1819 2130 ἔκλαυσαν
1871 2078 1973 2148 ἀμ-

331 2161 550 2240 φότεροι
578 2205 590 2217 .
645 2161 804 2216 Εἶπεν
839 2159 896 2215 δὲ
918 2164 945 2216 ὁ
975 2161 1145 2235 γέρων
1171 2181 1184 2194 ·
1220 2163 1335 2219 Οὐκ
1364 2163 1652 2232 ἠκούσατε,
1685 2165 1768 2220 ὅτι
1825 2165 1971 2222 ἀσθε·

331 2256 442 2320 νῶς
478 2251 576 2305 Καὶ
611 2250 760 2306 εἶπον
793 2251 943 2321 αὐτῷ
968 2270 981 2282 ·
1032 2251 1139 2306 Ναί
1165 2296 1180 2310 .
1232 2253 1332 2307 Καὶ
1375 2251 1516 2326 λέγει
1539 2254 1567 2308 6
1597 2254 1773 2326 Γέρων
1801 2298 1814 2314 .
1867 2255 1972 2312 Καὶ

336 2339 427 2395 διὰ
473 2341 524 2396 τί
585 2339 682 2395 οὐκ
738 2338 934 2408 ἤλθετε
984 2338 1113 2396 ἰδεῖν
1179 2361 1284 2415 με;
1341 2342 1444 2399 Καὶ
1513 2341 1658 2418 λέγει
1716 2346 1743 2399 6
1799 2341 1971 2408 ἀϐὃᾶς

336 2428 692 2504 Ἀλέξανδρος
717 2473 729 2486 .
762 2433 884 2486 ’Ότι
916 2431 944 2483 6
974 2433 1263 2505 χωρισμός
1311 2453 1409 2486 σου
1441 2432 1528 2510 ἀφ’
1572 2436 1734 2507 ἡμῶν
1780 2435 1842 2488 οὐ
1890 2436 1974 2510 γέ-

336 2540 460 2593 γονε
489 2520 730 2589 πιθανὸς,
762 2519 853 2574 καὶ
883 2518 1088 2575 πολλοὶ
1119 2520 1219 2575 οὐκ
1248 2521 1627 2596 ὠφελήθησαν,
1683 2522 1932 2597 λέγοντες
1955 2543 1970 2557 ⁶

338 2610 464 2665 ’Ότι
497 2608 541 2664 εἰ
576 2611 651 2681 μὴ
683 2611 1036 2684 παρήκουσαν
1081 2613 1178 2663 τοῦ
1223 2611 1503 2684 γέροντος,
1536 2609 1633 2666 οὐκ
1662 2610 1721 2666 ἅν
1765 2611 1975 2688 ἐχωρί-

339 2701 399 2752 σθ
506 2699 584 2730 3-,
673 2697 694 2734 1’
745 2703 795 2734 θ’.
952 2705 964 2718 Ρ
1013 2699 1026 2717 \
1129 2699 1138 2716 ν
1313 2699 1334 2736 ’Ἰ
1415 2705 1463 2733 υ.
1581 2700 1626 2718 v‘
1688 2700 1702 2719 ἱ
1770 2701 1793 2720 ν
1955 2720 1969 2733 ο

405 2719 436 2766 η
495 2718 564 2752 απ
637 2720 810 2752 autem
855 2739 869 2753 .
931 2705 1029 2752 hac
1081 2698 1228 2773 λέγει
1277 2720 1494 2761 aurci...
1558 2707 1720 2776 Βαγω
1769 2723 1934 2775 εγνων

335 2786 498 2841 πάλιν
556 2786 645 2842 οὖν
711 2787 1008 2860 μέλλουσιν
1063 2787 1236 2862 λέγειν
1269 2789 1319 2843 οἱ
1357 2788 1678 2861 ἅνθρωποι⁸
1728 2793 1853 2848 ’Ότι
1896 2794 1972 2864 μή

336 2876 564 2949 εὑροῦσα
714 2877 1003 2951 περιστερὰ
1056 2877 1349 2931 ἀνάπαυσιν
1409 2883 1525 2940 τοῖς
1571 2880 1729 2932 ποσὶν
1784 2880 1973 2950 αὐτῆς,

332 2963 645 3038 ἀνέστρεψεν
698 2965 834 3038 πρὸς
885 2966 1004 3019 Νῶε
1055 2963 1132 3027 είς
1170 2967 1271 3035 τὴν
1320 2961 1593 3023 κιϐωτόν.
1649 2968 1756 3023 Καὶ
1801 2967 1973 3031 οὕτως

330 3052 787 3128 ἐθεραπεύθησαν,
839 3054 928 3107 καὶ
983 3051 1196 3127 ἔμειναν
1252 3056 1367 3128 μετ’
1410 3054 1575 3110 αὖτοῦ
1625 3059 1690 3131 (ι)
1732 3053 1836 3119 ἕως
1878 3065 1979 3128 τῆς

325 3141 590 3213 τελευτῆς
623 3139 789 3199 αὐτὸὖ
814 3186 827 3200 .

938 3235 1176 3291 ΚΕΦΑΛ
1199 3275 1213 3290 .
1270 3236 1328 3289 Γ¹
1350 3279 1367 3294 .

2082 1993 2323 2064 projecit
2378 2009 2441 2049 se
2481 1993 2658 2049 etiam
2716 2009 2936 2049 senex:
2999 1997 3056 2048 et
3109 1994 3396 2049 ﬂeverunt
3429 1995 3724 2066 utrinque.

2082 2085 2235 2140 Dixit
2265 2101 2441 2142 senex
2474 2102 2488 2142 :
2525 2085 2647 2143 Non
2689 2085 2958 2153 audistis,
3001 2086 3149 2156 quod
3191 2089 3520 2155 aagrotarem
3560 2089 3584 2141 τ
3615 2090 3728 2142 Re-

2083 2175 2480 2245 sponderunt:
2517 2175 2601 2230 lta
2647 2181 2752 2230 est.
2804 2175 3062 2230 Rursum
3117 2189 3334 2228 senex:
3366 2173 3437 2228 Et
3466 2190 3571 2228 cur
3608 2189 3727 2232 non

2081 2263 2322 2318 venistis
2362 2279 2456 2318 me
2485 2264 2736 2319 invisum
2768 2263 2796 2318 ?
2828 2267 2894 2317 Et
2943 2263 3088 2318 dixit
3130 2262 3312 2318 abbas
3356 2261 3676 2319 Alexander
3709 2279 3724 2319 :

2079 2352 2366 2422 Separatio
2397 2353 2481 2407 tui
2536 2370 2570 2408 a
2628 2352 2794 2408 nobis
2855 2353 3170 2424 approbata
3228 2351 3376 2407 haud
3413 2351 3568 2419 fuit;
3612 2352 3729 2409 imo

2083 2443 2284 2497 multis
2314 2458 2427 2498 non
2475 2442 2708 2513 profuit,
2742 2443 3075 2498 dicentibus
3108 2457 3121 2497 :
3158 2440 3282 2496 Nisi
3331 2441 3731 2499 inobedientes

2083 2531 2332 2586 fuissent
2361 2531 2511 2598 seni,
2546 2548 2659 2586 non
2693 2530 2895 2603 utique
2925 2547 3048 2586 sese
3077 2530 3150 2586 ab
3180 2529 3327 2601 ipsis
3357 2531 3729 2599 sejunxisset.

2082 2624 2236 2675 Tunc
2267 2619 2391 2676 ille:
2425 2624 2494 2674 Et
2521 2637 2626 2691 ego
2658 2621 2715 2676 id
2748 2621 2898 2675 novi.
2932 2623 3148 2675 Iterum
3182 2635 3315 2688 ergo
3347 2619 3558 2675 dicturi
3591 2625 3733 2675 sunt

2083 2710 2378 2766 homines:
2409 2709 2689 2764 Columba
2712 2727 2825 2766 non
2858 2709 3161 2766 inveniens
3193 2709 3452 2779 requiem
3479 2709 3726 2778 pedibus

2083 2800 2230 2867 suis,
2263 2815 2492 2854 reversa
2522 2804 2610 2855 est
2657 2800 2728 2854 ad
2758 2801 2875 2855 Noe
2906 2799 2965 2853 in
3025 2813 3240 2854 arcam.
3276 2798 3343 2852 Et
3398 2798 3479 2853 sie
3537 2798 3728 2853 curati

2083 2895 2241 2956 sunt,
2285 2894 2741 2960 manseruntque
2799 2904 2932 2945 cum
2967 2905 3032 2944 eo
3092 2903 3277 2959 usque
3337 2887 3408 2942 ad
3477 2892 3724 2944 mortem

2086 2994 2292 3050 ipsms.

2769 3233 2920 3290 CAP.
2954 3233 3053 3290 III.

328 3351 633 3408 Fraudium
668 3353 951 3420 damonis,
985 3355 1034 3409 et
1065 3368 1397 3410 arcanorum
1426 3355 1851 3428 perspicientia;
1880 3357 2122 3423 morbus,
2155 3355 2335 3428 uisio,
2362 3368 2495 3409 cura
2544 3352 2832 3408 vilissimae
2869 3350 3166 3424 sepultura
3185 3367 3208 3416 ;
3235 3364 3418 3416 mors;
3470 3349 3731 3406 habitudo

1525 3431 1785 3499 corporis,
1818 3428 2077 3499 periocha
2105 3427 2253 3494 vitae,
2288 3427 2544 3495 elogium.

403 3552 484 3606 ιθ”.
521 3550 692 3606 Πάλιν
720 3548 895 3605 ἄλλου
926 3552 1252 3626 πυθομέν’›υ,
1303 3553 1392 3608 καὶ
1443 3554 1695 3630 λέγοντος
1724 3557 1804 3626 τῲ
1853 3555 1973 3628 Ἀρ-

329 3640 528 3712 σενίῳ·
580 3641 646 3698 Οἱ
697 3639 958 3714 λογισμοί
1002 3663 1106 3714 μου
1151 3639 1396 3698 θλίϐουσί
1455 3665 1540 3716 με,
1584 3643 1857 3719 λέγοντες·
1893 3645 1970 3702 Οὐ

332 3729 552 3784 δύνασαι
601 3735 906 3800 νηστεῦσαι,
958 3729 1082 3785 οὐδὲ
1135 3730 1466 3806 ἐργάζεσθαι,
1513 3731 1605 3788 κᾶν
1650 3733 1971 3788 ἐπισκέπτου

328 3820 706 3889 ἀσθενοῦντας,
737 3820 1016 3875 καὶτοῦτο
1059 3819 1115 3875 δὲ
1165 3823 1346 3891 ἀγάπη
1398 3822 1536 3876 ἐστίν
1563 3865 1577 3878 .
1629 3821 1804 3885 Εἰδὼς
1838 3821 1895 3878 δὲ
1943 3824 1970 3877 6

327 3910 503 3983 γέρων
536 3911 631 3970 τὰς
664 3909 947 3982 πονηρίας,
979 3910 1068 3963 καὶ
1118 3909 1244 3974 τοὺς
1293 3908 1489 3975 δόλους
1517 3916 1622 3966 τῶν
1672 3909 1971 3986 δαιμόνων,

331 3994 485 4067 λέγει
537 4001 610 4068 τῷ
663 3993 919 4067 ἀδελφῷ·
972 4001 1184 4071 Ὑπαγε,
1237 3996 1395 4075 φάγε,
1448 3998 1557 4067 πίε,
1612 4004 1819 4072 κοιμῶ,
1880 3999 1971 4054 καὶ

336 4086 413 4158 μή
447 4082 644 4160 ἐργάσῃ
672 4104 685 4118 ·
723 4085 892 4157 μόνον
923 4090 1020 4140 τοῦ
1050 4085 1277 4142 κελλίου
1311 4108 1409 4140 σου
1443 4088 1518 4159 μὴ
1565 4089 1776 4162 ἀποτῇς
1809 4105 1820 4122 ·
1860 4087 1969 4158 ἢδη

329 4174 435 4247 γὰρ
465 4174 548 4228 ὅτι
580 4177 614 4244 ἡ
652 4175 901 4248 ὑπομονὴ
934 4180 1031 4230 τοῦ
1060 4175 1288 4232 κελλίου
1322 4178 1471 4256 φέρει
1502 4179 1592 4233 τὸν
1625 4181 1868 4254 μοναχὸν
1898 4179 1975 4243 εἰς

329 4265 430 4332 τὴν
463 4264 606 4334 τάξιν
642 4264 805 4320 αὐτοῦ
829 4309 842 4323 .
877 4265 990 4320 Οὐκ
1027 4263 1432 4340 ἂπελιμπάνετο
1483 4264 1539 4322 δὲ
1582 4272 1679 4322 τοῦ
1730 4266 1970 4342 διορατι-

2157 3556 2242 3609 19.
2279 3558 2422 3609 Dum
2475 3568 2682 3607 rursus
2735 3550 2886 3606 alius
2952 3549 3337 3621 interrogaret
3385 3565 3450 3603 ac
3515 3548 3732 3604 diceret

2085 3643 2372 3699 Arsenio:
2433 3641 2823 3713 Cogitationes
2853 3655 2994 3694 meas
3055 3638 3320 3708 afﬂigunt
3373 3653 3484 3707 me,
3517 3653 3726 3711 sugge-

2085 3737 2276 3788 rentes
2309 3751 2321 3788 :
2353 3735 2478 3787 Non
2509 3731 2663 3786 vales
2686 3731 2973 3801 jejunare,
2992 3745 3095 3784 nec
3116 3728 3378 3800 operari;
3411 3726 3616 3783 saltem
3645 3729 3726 3782 in-

2087 3824 2284 3878 firmos
2325 3823 2495 3877 visita
2527 3839 2541 3890 ;
2577 3826 2749 3890 atque
2794 3820 2903 3874 hoc
2943 3825 3096 3875 certe
3125 3818 3379 3873 Charitas
3409 3823 3510 3873 est.
3546 3819 3726 3872 Senex

2084 3913 2280 3984 itaque
2312 3920 2462 3966 artes
2494 3910 2774 3980 dolosque
2804 3909 3083 3964 daemonis
3132 3911 3432 3979 perspecta
3481 3907 3729 3973 habens,

2085 4002 2230 4058 dixit
2260 4002 2463 4056 fratri:
2513 3999 2695 4065 Vade,
2747 3999 3006 4064 comede,
3057 3997 3208 4065 bibe,
3261 3995 3468 4063 dormi,
3510 4000 3568 4050 et
3615 4013 3733 4050 non

2085 4107 2357 4164 operare:
2391 4090 2564 4144 modo
2589 4106 2620 4144 a
2652 4087 2795 4144 cella
2823 4094 2922 4141 tua
2954 4103 3025 4141 ne
3055 4086 3333 4141 desistas:
3361 4089 3524 4140 norat
3554 4085 3736 4152 enim,

2087 4179 2374 4252 patientiae
2405 4179 2465 4234 in
2506 4179 2652 4233 cella
2690 4176 3096 4233 exercitatione
3145 4173 3500 4230 monachum
3553 4173 3612 4228 in
3645 4191 3739 4228 or-

2085 4271 2281 4326 dinem
2316 4284 2486 4324 suum
2521 4266 2702 4339 redigi
2731 4266 2865 4337 (92).
2898 4265 3096 4337 Neque
3140 4263 3568 4320 destituebatur
3597 4263 3732 4319 cha-

1685 4396 1926 4452 VARI/E
1960 4396 2368 4454 LECTIONES.

1924 4541 2154 4597 ΝΟΤίΕ.

405 4466 483 4538 (α)
519 4465 762 4522 Coteler.
805 4461 985 4538 ἔμεινε
1019 4467 1136 4539 μετ’
1165 4467 1362 4522 αὐτῶν.

333 4636 537 4692 fuisset
559 4637 627 4691 ad
652 4637 1022 4693 eximendam
1047 4639 1262 4694 famem
1285 4642 1341 4695 et
1369 4641 1784 4696 restaurandas
1806 4639 1980 4706 vires,

334 4709 436 4764 sed
471 4715 642 4769 tuam,
677 4726 792 4780 qua
830 4711 984 4765 vesci
1033 4711 1206 4777 soles,
1269 4729 1436 4781 pane,
1469 4712 1686 4779 herbis,
1721 4716 1822 4766 aut
1851 4713 1984 4767 aliis

335 4783 650 4835 esculentis
699 4782 1034 4847 huiusmodi
1095 4790 1455 4852 concoctam,
1511 4800 1683 4850 sume,
1747 4786 1984 4838 comede

335 4852 722 4925 (nongdicitur
744 4852 884 4917 bibe,
917 4855 1069 4924 quod
1108 4855 1171 4909 fit
1200 4855 1258 4908 in
1292 4872 1442 4923 aqua
1481 4857 1681 4925 mera).
1715 4855 1808 4910 Sic
1839 4855 1984 4908 dici-

337 4923 774 4998 tur,‘ju_sculum
831 4923 1078 4990 sumere,
1131 4925 1219 4979 lac
1287 4928 1606 4993 comedere,
1643 4923 1979 4998 quanquam

339 4995 508 5066 panis
539 4995 596 5048 in
623 4996 707 5049 eis
739 5003 1066 5051 maceratus
1098 4999 1194 5052 sit.

409 5067 540 5138 (89),
569 5066 951 5121 Scribendum
987 5069 1078 5122 hic
1122 5069 1495 5133 Alexandria},
1528 5083 1644 5123 non
1679 5069 1984 5138 Thebaidis,

338 5137 789 5211 monuimus_i_n
851 5139 1254 5195 Commentario
1309 5143 1542 5211 praevio,
1583 5157 1744 5194 num.
1777 5142 1864 5195 33.
1913 5137 1990 5195 Ea

338 5225 495 5274 vero,
533 5225 660 5279 quae
692 5208 785 5263 hic
816 5218 1150 5274 narrantur,
1187 5208 1364 5266 habes
1396 5214 1453 5266 in
1494 5212 1627 5265 Vitis
1657 5213 1765 5267 PP.
1799 5213 1898 5267 lib.
1933 5229 1986 5279 v,

341 5279 522 5353 libell.
553 5281 640 5344 15,
677 5297 818 5335 num
850 5283 904 5345 9,
930 5285 1083 5353 apud
1111 5283 1350 5339 Coteler.
1388 5301 1419 5337 a
1451 5299 1580 5353 pag.
1615 5283 1738 5340 363.

409 5352 527 5422 (70)
560 5352 823 5424 Intellige
852 5352 1080 5408 Petram
1120 5355 1314 5420 Troes,
1365 5352 1456 5407 de
1483 5352 1598 5424 qua
1650 5371 1844 5426 supra.
1875 5359 1989 5408 Su—

339 5423 463 5498 ri_us
520 5423 812 5498 nii_m._22
881 5429 1051 5498 vocat
1103 5431 1336 5498 Petram
1393 5423 1674 5498 stromes.
1724 5423 1988 5498 'Apogra-

340 5495 524 5567 phum
561 5494 902 5567 Medicaeum
937 5496 1090 5567 regis
1138 5497 1391 5551 Francia:
1440 5495 1591 5549 infra
1622 5494 1993 5551 citatum'ba-

339 5565 438 5621 bet
470 5565 798 5638 Στρώμνης,
832 5569 929 5623 sed
985 5565 1222 5638 scriptio
1253 5567 1366 5622 sibi
1401 5583 1513 5622 non
1547 5572 1778 5622 constat
1809 5588 1823 5635 ;
1861 5586 1991 5624 nam

339 5642 399 5690 et
437 5634 671 5706 Τρώμην
739 5640 910 5708 paulo
972 5634 1122 5708 post“
1162 5639 1286 5709 lego
1346 5639 1406 5692 in
1465 5639 1776 5694 accusandi
1814 5634 1990 5694 'casu.

339 5709 562 5762 Neutra
594 5709 792 5776 placet.
831 5711 933 5764 Vit.
967 5712 1076 5764 PP.
1111 5709 1327 5764 ibidem
1353 5724 1512 5764 num.
1549 5709 1634 5774 10,
1666 5710 1891 5766 Trohen.

417 5778 531 5847 (91)
566 5777 826 5852 Μελωτή,
886 5781 1086 5836 metote
1113 5781 1198 5837 vel
1241 5784 1483 5846 melotes,
1521 5781 1688 5852 pellis
1745 5783 1932 5850 ovina,
1961 5801 1995 5838 a

350 5850 545 5906 Graeco
593 5847 796 5922 μῆλον,
851 5852 986 5922 ovis,
1037 5853 1137 5908 sed
1205 5861 1258 5910 et
1306 5847 1720 5924 quodcumque
1777 5847 1993 5910 animal

2093 4641 2660 4712 quadrupes.ltaque
2693 4635 3001 4694 Ciaeonius
3029 4635 3088 4690 in
3107 4635 3266 4712 notis
3288 4635 3357 4690 ad
3394 4635 3742 4690 Cassianum

2093 4707 2150 4784 15.
2182 4713 2282 4766 681
2324 4707 2492 4766 recte
2534 4707 2752 4784 censet,
2785 4725 2952 4784 posse
3000 4707 3184 4784 accipi
3235 4723 3337 4784 pro
3366 4723 3745 4784 quacunque

2094 4778 2262 4856 pelle.
2318 4783 2713 4856 Determinate
2757 4778 2922 4856 etiam
2985 4780 3131 4834 sumi
3189 4782 3383 4856 potest
3417 4794 3543 4856 _pro
3595 4778 3744 4856 pelle

2095 4849 2351 4926 caprina.
2414 4854 2726 4908 Cassianus
2759 4853 2923 4926 libro
2980 4868 3022 4918 1,
3081 4849 3265 4926 capite
3314 4851 3368 4917 8,
3402 4849 3745 4926 dermelpte

2098 4921 2517 4982 monachorum
2551 4923 2944 4995 IEgyptiorum
2976 4937 3174 4995 agens,
3207 4922 3304 4995 sie
3322 4921 3524 4975 scribit
3556 4936 3624 4975 :«
3651 4921 3745 4976 Ul-

2019 4974 2065 5037 D
2099 4974 2406 5055 3.5133251"
2424 4974 2677 5052 Bibit—tisi
2697 4974 3117 5065 minem.“
3133 4974 3573 5065 tissimus
3622 4974 3745 5047 se.

2098 5069 2246 5125 lotes
2284 5070 2368 5123 vel
2406 5085 2546 5140 pera
2600 5063 2951 5139 appellatur:
2981 5087 3010 5114 »
3046 5066 3121 5120 De
3155 5064 3242 5119 his
3293 5063 3460 5134 plura
3489 5064 3746 5136 Cangius

2099 5143 2157 5196 in
2193 5139 2437 5212 utroque
2471 5139 2771 5212 Glossario.

2166 5214 2286 5282 (92)
2340 5206 2440 5266 Vit.
2489 5213 2598 5266 PP.
2648 5211 2752 5266 lib.
2799 5226 2855 5276 ν,
2900 5207 3079 5282 libell.
3121 5211 3190 5282 _'7,
3253 5223 3415 5282 num.
3440 5208 3531 5282 _27
3587 5206 3749 5261 hisce

2102 5279 2326 5338 addunt
2365 5285 2436 5338 de
2469 5283 2753 5338 monacho
2783 5284 2928 5337 isto:
2965 5302 2993 5330 «
3025 5279 3130 5343 Qui
3164 5295 3298 5335 cum
3346 5279 3576 5333 fecisset
3629 5283 3748 5332 tres

2105 5357 2254 5420 dies,
2278 5356 2617 5411 exlmdiatus
2647 5359 2758 5422 est,
2781 5359 2839 5408 et
2867 5354 3169 5406 inveniens
3192 5367 3409 5421 paucas
3432 5350 3750 5420 palmulas,

2102 5428 2276 5482 scidit
2307 5445 2403 5482 eas
2440 5445 2451 5481 :
2493 5434 2549 5482 et
2594 5426 2804 5481 iterum
2857 5424 2917 5479 in
2976 5423 3227 5478 crastino
3282 5422 3454 5492 ccepit
3503 5422 3748 5492 plectam

2103 5500 2288 5554 facere
2319 5515 2386 5552 ex
2426 5500 2528 5553 eis.
2576 5499 2681 5561 Qui
2723 5513 2856 5550 cum
2905 5497 3204 5558 esurisset,
3249 5492 3394 5547 dixit
3431 5492 3583 5547 intra
3629 5508 3691 5547 se
3732 5509 3745 5546 :

2105 5571 2245 5625 Ecce
2302 5570 2425 5624 aliae
2494 5585 2685 5639 paucae
2737 5571 2870 5622 sunt
2933 5566 3188 5639 palmas;
3250 5563 3658 5639 explic_o_eas;
3694 5567 3751 5616 et

2104 5643 2414 5696 manduco.
2439 5634 2510 5694 Et
2534 5656 2666 5694 cum
2692 5634 3164 5708 perexpendisset
3186 5652 3304 5702 eas,
3329 5635 3478 5708 dixit
3497 5634 3708 5708 iterum
3734 5650 3748 5688 ξ

2106 5714 2256 5782 Lego
2297 5728 2523 5782 parum,
2559 5713 2641 5764 sic
2669 5706 2981 5782 manduco.
3015 5708 3084 5762 Et
3113 5723 3246 5782 cum
3279 5706 3534 5776 legisset,
3567 5706 3709 5759 dixit
3738 5721 3751 5758 :

2106 5778 2312 5838 Dicam
2336 5778 2666 5852 aliquantus
2720 5780 2994 5852 psalmos.
3025 5787 3093 5852 et
3121 5778 3270 5852 jam_
3293 5792 3530 5832 securus
3586 5791 3754 5852 man-

2106 5857 2273 5910 duco.
2308 5854 2376 5910 Et
2407 5847 2490 5909 ita
2530 5852 2806 5924 paulatim
2839 5847 3204 5920 proﬁciebat,
3234 5847 3349 5904 Deo
3381 5850 3759 5918 cooperante,
