4090 6288
381 405 496 468 871

1616 404 1681 463 8.
1730 402 2130 465 THEODORI
2177 404 2542 468 STUDITIE

3667 421 3785 480 872

383 544 621 600 rismate
678 538 1064 612 perspiciendi
1108 554 1317 594 arcana
1373 536 1460 592 vir
1507 537 1767 599 celebris,
1830 538 2025 595 divina

2139 541 2234 592 κοῦ
2265 537 2626 612 χαρίσματος,
2657 539 2913 613 ἔμπλεως
2963 543 3040 599 ὤν
3071 547 3100 599 ὁ
3131 544 3385 621 ἀοίδιμος
3431 550 3579 611 θείας
3623 551 3786 626 χάρι-

382 633 568 704 gratia
620 628 1148 686 cumulatissimus.
1196 628 1436 683 Sedente
1491 627 1606 698 (93)
1639 645 1702 681 ea
1755 627 1811 682 in
1865 629 2029 695 cella,

382 724 539 778 venit
585 737 709 786 vox,
763 719 960 774 dicens
1019 718 1126 789 ipsi
1163 733 1176 771 ε
1222 717 1535 785 Adesdum,
1589 719 1894 772 ostendam
1928 719 2032 773 tibi

379 829 551 886 opera
583 810 902 865 hominum.
935 809 1309 878 Surgensque
1345 807 1548 874 exivit;
1575 823 1814 872 eumque
1847 817 2034 863 trans-

382 902 545 959 stulit
574 901 634 954 in
686 899 876 953 locum
912 896 1187 968 aliquem,
1229 900 1285 950 et
1325 897 1575 950 ostendit
1607 896 1657 950 ei
1709 897 2031 968 IEthiopem

380 991 744 1049 scindentem
794 987 976 1058 ligna,
1009 991 1181 1056 atque
1225 985 1280 1038 in
1341 1001 1612 1056 magnum
1655 985 1868 1040 fascem
1902 986 2026 1054 illa,

381 1086 815 1138 coacervantem
857 1094 869 1131 :
918 1093 1088 1149 quem
1129 1075 1383 1130 tentabat
1443 1083 1692 1146 portare,
1752 1077 1852 1131 sed
1913 1094 2030 1134 non

377 1175 644 1245 poterat;
688 1175 744 1223 et
785 1183 887 1239 pro
922 1183 988 1222 eo
1022 1170 1086 1220 ut
1139 1166 1394 1220 demeret
1426 1181 1494 1218 ex
1555 1181 1620 1220 eo
1680 1166 2026 1236 quidquam,

379 1263 591 1316 iterum
623 1257 930 1313 discedens
960 1255 1259 1310 scindebat
1292 1253 1472 1324 ligna,
1497 1257 1552 1308 et
1599 1254 1735 1308 fasci
1771 1271 2030 1326 appone-

379 1352 584 1409 baLEt
618 1354 924 1422 postquam
959 1346 1198 1418 paulum
1223 1345 1618 1416 processisset,
1638 1347 1890 1401 ostendit
1913 1347 2026 1419 ipsi

379 1440 712 1512 quemdam,
744 1437 844 1508 qui
901 1438 967 1490 ad
1029 1437 1220 1490 lacum
1253 1435 1465 1499 stabat,
1506 1435 1920 1506 hauriebatque
1958 1453 2025 1491 ex

379 1548 445 1587 eo
477 1545 713 1601 aquam,
746 1531 802 1582 et
831 1526 1214 1581 transferebat
1262 1524 1321 1578 in
1352 1541 1452 1578 vas
1484 1529 1785 1595 pertusum
1825 1542 1836 1592 ;
1871 1528 2024 1596 quod

379 1637 507 1677 eam
566 1617 918 1674 etl'undebat.
982 1619 1045 1669 Et
1102 1615 1291 1668 denuo
1351 1613 1491 1667 dicit
1546 1614 1652 1669 ei:
1712 1614 2022 1683 Adesdum,

381 1709 681 1766 ostendam
715 1704 820 1760 tibi
852 1703 1079 1776 [aliud].
1145 1703 1211 1757 Et
1258 1701 1685 1773 contemplatur
1719 1703 2024 1774 templum,

390 1816 455 1855 ac
487 1799 633 1853 duos
672 1797 847 1864 viros,
879 1794 975 1865 qui
1030 1792 1194 1864 equis
1229 1790 1584 1856 insidebant,
1613 1799 1668 1847 et
1717 1794 2028 1863 portabant

380 1890 600 1958 lignum
630 1885 858 1953 oblique
892 1899 1046 1939 unus
1088 1887 1214 1954 post
1257 1881 1460 1935 alium.
1493 1881 1778 1937 Volebant
1827 1887 2023 1939 autem

381 1995 485 2051 per
516 1976 716 2046 templi
743 1976 986 2043 januam
1029 1969 1274 2041 ingredi,
1307 1973 1363 2024 et
1413 1987 1525 2024 non
1577 1970 1858 2039 valebant,
1891 1972 2029 2043 quia

385 2067 611 2138 lignum
634 2078 836 2119 eorum
864 2065 987 2116 erat
1019 2059 1357 2130 obliquum;
1392 2074 1497 2113 nec
1529 2059 1746 2115 dimisit
1777 2076 1838 2114 se
1878 2077 2029 2116 unus

385 2164 516 2228 post
543 2155 744 2222 alium,
777 2163 836 2206 ut
878 2155 1125 2220 portaret
1157 2149 1381 2219 lignum
1414 2149 1472 2203 in
1506 2155 1729 2205 rectum
1765 2167 1780 2216 ;
1814 2159 1865 2205 et
1898 2151 2026 2207 ideo

388 2246 731 2302 manserunt
784 2245 944 2296 extra
1002 2247 1247 2310 portam.
1282 2238 1351 2292 Et
1402 2238 1805 2294 sciscitabatur
1860 2243 2026 2296 Arse-

389 2333 846 2405 nius,quidnam
880 2330 998 2384 haec
1028 2328 1136 2384 sibi
1169 2327 1397 2383 vellent.
1431 2327 1776 2400 Dictumque
1797 2341 1884 2385 est
1905 2330 2023 2387 illi:

384 2425 456 2479 Hi
488 2431 643 2488 sunt,
676 2421 884 2491 inquit,
918 2419 1016 2490 qui
1068 2421 1298 2488 portant
1347 2416 1569 2488 lignum
1605 2419 1836 2488 justitias
1894 2436 2027 2476 cum

385 2513 682 2585 superbia,
715 2515 774 2567 et
829 2525 946 2564 non
1000 2506 1363 2562 demiserunt
1417 2523 1478 2562 se
1509 2508 1580 2562 ad
1639 2509 2025 2564 incedendum

381 2619 485 2675 per
527 2603 676 2657 viam
729 2597 1012 2655 humilem
1068 2594 1330 2650 Christi:
1391 2595 1518 2650 ideo
1577 2606 1812 2653 manent
1869 2603 2028 2652 extra

381 2706 624 2760 regnum
657 2688 775 2744 Dei.
810 2686 918 2753 Qui
952 2701 1080 2740 vero
1113 2683 1269 2753 ligna
1303 2683 1540 2746 scindit.
1573 2685 1746 2741 homo
1777 2692 1866 2741 est
1898 2701 2027 2756 pec-

380 2781 524 2836 catis
576 2783 838 2844 onustus,
872 2777 973 2849 qui
1023 2777 1146 2832 loco
1207 2774 1562 2842 paenitentiae
1612 2775 1724 2832 alia
1780 2777 2030 2847 adjicere

379 2887 495 2925 non
540 2878 741 2925 cessat.
803 2867 904 2923 llle
957 2875 1173 2934 autem,
1209 2869 1306 2941 qui
1337 2884 1548 2940 aquam
1608 2867 1820 2934 haurit,
1853 2865 2028 2921 homo

378 2969 485 3021 est,
510 2959 611 3030 qui
669 2974 843 3028 opera
902 2958 1139 3029 quidem
1174 2958 1323 3013 bona
1376 2957 1552 3025 facit;
1589 2958 1687 3012 sed
1749 2956 2026 3027 quoniam

379 3049 534 3105 mala
565 3051 828 3119 quaedam
852 3063 982 3102 cum
1015 3047 1086 3102 iis
1117 3047 1307 3115 habet,
1333 3047 1390 3102 in
1423 3064 1488 3102 eo
1512 3048 1665 3102 bona
1689 3047 1862 3102 etiam
1897 3061 2025 3116 per-

380 3138 544 3193 didit.
569 3137 886 3208 Vigilantia
917 3136 1098 3209 igitur
1128 3136 1352 3192 homini
1384 3153 1528 3208 opus
1555 3141 1644 3191 est
1675 3137 1734 3191 in
1756 3134 2027 3206 operibus

379 3229 523 3288 suis,
565 3232 763 3282 utnon
797 3227 852 3280 in
890 3243 1101 3280 vanum
1128 3227 1370 3282 laboret.

447 3316 673 3371 20.1loc
697 3331 924 3385 quoque
955 3313 1024 3369 de
1058 3315 1182 3386 ipso
1210 3320 1509 3370 narratur:
1543 3314 1689 3370 Dum
1715 3314 2026 3385 aliquando
2056 3291 2099 3357 Ο

377 3405 434 3459 in
482 3403 632 3458 Sceti
691 3409 1010 3474 aegrotaret,
1047 3407 1338 3474 profectus
1398 3403 1696 3474 presbyter
1726 3402 1856 3457 tulit
1886 3418 2019 3456 eum

379 3495 450 3548 ad
484 3492 808 3559 ecclesiam,
855 3497 912 3547 et
952 3493 1148 3562 posuit
1180 3495 1237 3546 in
1283 3498 1464 3548 strato
1498 3495 1632 3564 (64),
1667 3508 2023 3563 parvumque

378 3582 620 3638 cervical
651 3582 721 3635 ad
773 3585 950 3653 caput
990 3584 1136 3650 ejus.
1171 3581 1332 3637 Unus
1380 3599 1409 3638 e
1443 3585 1702 3648 senibus,
1752 3598 1882 3636 cum
1925 3597 2023 3636 ve-

377 3672 580 3733 nisset,
611 3676 678 3724 ut
709 3671 897 3739 ipsum
929 3670 1159 3738 viseret,
1193 3676 1248 3725 et
1279 3670 1517 3726 vidisset
1549 3687 1676 3726 eum
1725 3671 1784 3725 in
1817 3675 2021 3735 strato,

378 3759 718 3818 scandalum
751 3776 960 3830 passus
1007 3765 1118 3826 est,
1149 3760 1386 3814 dicens:
1445 3760 1673 3814 Hiccine
1725 3764 1811 3814 est
1842 3759 2022 3814 abbas

376 3852 678 3914 Arsenius,
711 3854 768 3904 et
824 3850 935 3904 hoc
1001 3849 1173 3904 modo
1233 3847 1574 3904 recumbit?
1634 3850 1838 3905 Senior
1891 3865 2023 3904 vero

377 3940 619 4009 sumpsit
649 3955 781 3994 eum
814 3955 880 3994 ac
911 3938 1051 3993 dixit
1094 3955 1106 3992 :
1141 3940 1366 4008 Ecquod
1419 3944 1541 3994 erat
1588 3956 1735 4010 opus
1767 3944 1932 3994 tuum
1966 3940 2019 3994 in

376 4046 526 4102 pago
559 4034 658 4084 tuo
690 4029 717 4084 ?
747 4028 1071 4097 Respondet
1118 4044 1330 4084 senex:
1365 4029 1567 4084 Pastor
1613 4019 1807 4085 ovium
1841 4045 2020 4084 eram.

373 4123 556 4176 Instat
588 4120 887 4191 presbyter
919 4136 932 4174 :
967 4120 1088 4184 Quo
1120 4125 1287 4190 pacto
1345 4118 1540 4191 igitur,
1603 4120 1814 4192 inquit,
1847 4119 2021 4176 vitam

2141 648 2265 688 τος.
2301 628 2620 700 Καθημένου
2653 631 2748 685 οὗν
2782 631 2946 688 αὐτοῦ
2977 633 3055 695 εἷς
3084 636 3146 690 τὸ
3166 635 3414 709 κελλίον,
3445 639 3582 707 ἦλθε
3606 642 3785 715 φωνὴ,

2144 715 2380 791 λέγουσα
2428 717 2609 791 αὐτῷ·
2667 726 2852 796 Δεῦρο,
2907 719 3060 793 δείξω
3114 746 3195 780 σοι
3242 726 3307 780 τὰ
3347 726 3478 802 ἔργα
3533 734 3640 783 τῶν
3691 729 3788 783 ἀν-

2140 807 2397 879 θρώπων,
2427 808 2516 861 καὶ
2557 807 2786 871 ἀναστὰς
2843 810 3087 882 ἐξῆλθεν,
3139 816 3227 868 καὶ
3273 815 3572 891 ἀπήνεγκεν
3625 819 3787 873 αὐτὸν

2141 896 2216 958 εἰς
2244 895 2410 950 τόπον
2450 897 2589 969 τινὰ,
2642 899 2730 952 καὶ
2774 896 2964 969 ἔδειξεν
3018 901 3164 974 αὐτῷ
3211 903 3464 975 Αἰθίοπα,
3513 907 3788 962 κόπτοντα

2139 983 2294 1054 ξύλα,
2325 986 2415 1039 καὶ
2447 991 2712 1042 ποιοῦντα
2743 989 2962 1064 φορτίον
2995 993 3129 1066 μέγα
3155 1010 3168 1024 ⁸
3203 993 3452 1071 ἐπείφαζε
3483 993 3538 1050 δὲ
3597 997 3786 1072 βαστά-

2141 1095 2227 1128 σαι
2259 1075 2408 1145 αὐτὸ,
2441 1076 2530 1130 καὶ
2582 1075 2680 1132 οὒκ
2726 1076 2987 1151 ἠδύνατο,
3017 1083 3106 1136 καὶ
3161 1083 3401 1141 ἀντὶτοῦ
3435 1085 3558 1161 ἆραι
3689 1089 3783 1142 αύ-

2136 1169 2258 1234 τοῦ,
2307 1164 2557 1220 ἀπελθὼν
2590 1166 2754 1221 πάλιν
2802 1165 2995 1225 ἔκοπτε
3040 1171 3193 1242 ξύλα,
3234 1175 3325 1228 καὶ
3371 1177 3664 1250 προσετίθη
3708 1181 3788 1248 τῷ

2137 1255 2346 1332 φορτίῳ
2371 1297 2383 1308 .
2422 1255 2519 1310 Καὶ
2549 1252 2761 1328 προϐὰς
2794 1258 3004 1334 ὀλίγον,
3045 1258 3236 1334 ἔδειξεν
3281 1262 3426 1335 αὐτῷ
3458 1287 3577 1320 τινα
3627 1267 3785 1322 ἱστά-

2142 1363 2301 1414 μενον
2336 1343 2422 1398 ἐπί
2457 1343 2684 1417 λάκκου,
2717 1348 2808 1400 καὶ
2837 1347 3139 1404 ἀντλοῦντα
3184 1349 3329 1425 ὕδωρ
3363 1352 3413 1422 ἐξ
3463 1352 3647 1423 aii-.05,
3697 1355 3786 1408 καὶ

2140 1427 2552 1505 μεταϐάλλοντα
2609 1434 2684 1496 εἰς
2736 1433 3028 1508 δεξαμένην
3087 1443 3523 1514 τετρυπημένην,
3582 1447 3672 1497 καὶ
3720 1446 3781 1499 τὸ

2137 1521 2266 1575 αὐτὸ
2296 1517 2442 1595 ὕδωρ
2494 1520 2825 1596 ἐκχέουσαν.
2883 1527 2989 1580 Καὶ
3031 1527 3197 1582 πάλιν
3249 1527 3392 1603 λέγει
3432 1529 3614 1602 αὐτῷ·
3667 1536 3788 1585 Δεῦ-

2137 1629 2224 1683 ρο,
2285 1608 2439 1681 δείξω
2500 1629 2623 1665 σοι’
2683 1612 3031 1688 καὶ-θεωρεῖ
3088 1616 3230 1690 ἱερὸν
3293 1618 3383 1671 καὶ
3435 1616 3530 1672 δύο
3589 1616 3784 1691 ἄνδρας

2133 1697 2474 1771 καθημένους
2502 1698 2722 1769 ἵπποις,
2780 1702 2868 1756 καὶ
2915 1705 3283 1776 βαστάζοντας
3333 1706 3493 1776 ξύλον
3539 1708 3786 1784 πλαγίως

2132 1789 2223 1846 ἕνα
2254 1793 2389 1846 κατὰ
2442 1797 2540 1846 τοῦ
2581 1793 2736 1855 ἑνός.
2780 1796 3012 1851 ’Ήθελον
3056 1794 3114 1852 δὲ
3155 1795 3244 1852 διὰ
3298 1806 3396 1867 τῆς
3455 1800 3635 1871 πύλης
3689 1807 3785 1855 τοῦ

2134 1882 2284 1953 ἱεροῦ
2335 1881 2620 1951 εἰσελθεῖν,
2677 1885 2902 1939 καὶούκ
2949 1883 3240 1956 ἠδύναντο,
3292 1885 3380 1942 διὰ
3425 1889 3487 1945 τὸ
3536 1891 3668 1945 εἶναι
3718 1893 3784 1946 τὸ

2137 1969 2297 2038 ξύλον
2327 1968 2501 2023 αὐτῶν
2535 1970 2766 2044 πλάγιον
2787 1991 2798 2003 ·
2845 1972 2943 2027 οὐκ
2996 1974 3319 2030 ἐταπείνωσε
3361 1974 3418 2032 δὲ
3448 1977 3606 2032 αὐτόν
3639 1978 3666 2032 ὁ
3700 1981 3781 2040 εἷς

2143 2059 2318 2112 ὀπίσω
2346 2063 2443 2112 τοῦ
2502 2059 2681 2114 ἅλλθυ
2731 2061 2940 2136 ἐνέγκαι
2990 2064 3052 2117 τὸ
3102 2064 3262 2133 ξύλον
3313 2065 3398 2120 ἐπ’
3446 2065 3651 2129 εὐθείας
3694 2069 3784 2122 καὶ

2147 2143 2234 2199 διὰ
2261 2149 2424 2200 τοῦτο
2475 2143 2690 2218 ἔμειναν
2743 2146 2843 2219 Egi}.
2901 2157 3001 2218 τῆς
3051 2149 3274 2222 πύλης.
3334 2154 3592 2208 Ἐπύθετο
3636 2153 3726 2210 οὖν
3757 2155 3786 2208 ὁ

2144 2234 2415 2304 Ἀρσένιος
2453 2235 2505 2290 τί
2600 2240 2806 2307 ταῦτας
2842 2240 2939 2292 Καὶ
2971 2238 3160 2315 ἐῤῥὲθη
3203 2241 3350 2313 αὐτῷ
3376 2285 3389 2298 .
3443 2243 3610 2298 Οὗτοί
3654 2244 3780 2313 εἰσι,

2141 2328 2326 2401 φησίν,
2392 2325 2744 2398 βαστάζοντες
2799 2326 2960 2395 ξύλον
3011 2326 3359 2400 δικαιοσύνης
3432 2332 3568 2403 μετά
3634 2334 3788 2406 ὑπερ-

2137 2412 2499 2489 ηφανίας,καὶ
2551 2413 2649 2469 οὐκ
2705 2415 3139 2486 ἐταπεινώθησαν
3185 2423 3282 2473 τοῦ
3331 2421 3652 2491 πορευθῆναι
3687 2424 3783 2494 (m)

2135 2508 2204 2576 τῇ
2236 2506 2458 2576 ταπεινῇ
2493 2501 2604 2575 ὁδῷ
2652 2508 2749 2559 τοῦ
2798 2511 3054 2580 Χριστοῦ,
3100 2505 3182 2561 διὸ
3235 2509 3485 2581 μένουσιν
3537 2507 3636 2582 ἔξω
3685 2518 3787 2580 τῆς

2139 2589 2420 2665 βασιλείας
2451 2597 2545 2646 τοῦ
2577 2597 2711 2648 Θεοῦ
2747 2615 2760 2628 ’
2803 2595 2830 2648 ὁ
2863 2591 2919 2648 δὲ
2945 2597 3013 2650 τά
3043 2593 3177 2665 ξύλα
3208 2595 3449 2666 κόπτων,
3499 2595 3782 2672 ἅνθρωπός

2137 2681 2248 2735 ἐστι
2323 2681 2374 2735 ἐν
2429 2681 2724 2756 ἁμαρτίαις
2809 2686 3261 2761 πεφορτισμένος,
3336 2688 3424 2741 καὶ
3496 2688 3613 2742 ἀντὶ
3688 2694 3784 2744 τοῦ

2141 2777 2498 2844 μετανοῆσαι,
2531 2767 2686 2846 ἕτερα
2715 2775 3021 2846 προστιθῶν
3063 2774 3124 2828 ού
3154 2775 3408 2830 παύετται
3463 2779 3567 2849 (η).
3619 2779 3720 2833 Καὶ
3756 2779 3783 2831 ὁ

2133 2861 2196 2915 τὸ
2257 2859 2402 2936 ὕδωρ
2465 2860 2697 2931 ἀντλῶν,
2756 2863 3043 2939 ἄνθρωπός
3099 2865 3208 2920 ἐστι
3285 2865 3428 2921 καλά
3506 2868 3599 2939 μὲν
3654 2866 3786 2940 ἔργα

2136 2957 2338 3020 ποιῶν,
2371 2949 2500 3006 ἀλλ’
2532 2951 2718 3022 ἐπειδὴ
2771 2955 2862 3009 σὺν
2907 2954 3088 3017 αὐτοῖς
3131 2953 3247 3028 ἔχει
3294 2956 3414 3010 τινα
3449 2958 3686 3030 πονηρὰ,
3731 2956 3782 3012 ἐν

2135 3046 2312 3118 τούτῳ
2366 3045 2615 3100 ἀπώλεσε
2662 3045 2750 3099 καὶ
2807 3045 2874 3098 τὰ
2922 3044 3171 3120 χρηστά·
3221 3046 3383 3118 Χρεία
3431 3047 3523 3100 οὗν
3572 3049 3787 3118 νήψεως

2135 3137 2214 3208 τῷ
2250 3135 2522 3210 ἀνθρώπῳ
2583 3136 2659 3196 εἷς
2706 3133 2772 3190 τά
2828 3132 2959 3210 ἔργα
3007 3133 3190 3203 αὐτοῦ,
3236 3133 3328 3188 ’ίνα
3381 3136 3454 3206 μή
3504 3134 3578 3197 εἷς
3634 3137 3786 3191 κενὸν

2136 3225 2377 3299 κοπιάσῃ
2414 3269 2428 3282 .
2757 3260 2765 3264 -
2794 3219 2797 3221 ’

2206 3316 2272 3370 κ’.
2308 3313 2677 3386 Διηγούμενον
2711 3310 2768 3367 δέ
2799 3311 2910 3367 ἐστι
2940 3313 3026 3366 καὶ
3059 3317 3221 3366 τοῦτο
3274 3312 3395 3386 περὶ
3442 3312 3605 3368 αύτοῦ
3634 3334 3645 3344 ·
3698 3312 3780 3367 ὅτι

2135 3403 2530 3473 ἀσθενήσαντος
2593 3401 2756 3456 αὐτοῦ
2814 3421 2944 3455 ποτε
3005 3399 3078 3461 εἷς
3155 3407 3380 3469 Σκῆτιν,
3461 3399 3699 3469 ἀπῆλθεν
3752 3404 3779 3455 ὁ

2133 3487 2519 3566 πρεσϐύτερος,
2552 3495 2642 3546 καὶ
2671 3491 2888 3566 ἤνεγκεν
2944 3489 3101 3545 αὐτὸν
3141 3493 3276 3564 πρὸς
3316 3491 3418 3559 τὴν
3463 3489 3780 3558 ἐκκλησίαν,

2131 3583 2220 3635 καὶ
2253 3580 2440 3651 ἔθηκεν
2475 3582 2632 3635 αὐτὸν
2678 3579 2751 3642 εἷς
2799 3577 3124 3654 χαλάόριον,
3168 3579 3257 3634 καὶ
3315 3581 3505 3655 μικρὸν
3554 3601 3782 3655 προσκε-

2133 3667 2363 3743 φάλαιον
2399 3669 2534 3743 πρὸς
2569 3673 2635 3742 τῇ
2671 3668 2880 3745 κεφαλῇ
2927 3667 3089 3722 αὐτοῦ
3117 3713 3130 3726 .
3173 3667 3270 3722 Καὶ
3322 3669 3401 3732 εἷς
3446 3673 3554 3722 τῶν
3598 3669 3782 3743 γερόν-

2133 3781 2240 3814 των
2283 3758 2455 3813 ἐλθὼν
2514 3759 2588 3820 εἰς
2645 3756 2921 3832 ἐπίσκεψιν
2972 3757 3162 3828 αὐτοῦ,
3210 3755 3339 3811 ἰδὼν
3388 3757 3552 3813 αὐτὸν
3599 3758 3675 3819 εἷς
3717 3761 3781 3813 τὸ

2135 3847 2459 3924 χαλάδριον,
2508 3845 2922 3917 ἐσκανδαλίσθη,
2971 3847 3147 3923 λέγων
3173 3864 3187 3879 ·
3229 3849 3396 3910 Ούτός
3441 3847 3582 3904 ἐστιν
3622 3851 3650 3903 ὁ
3681 3844 3784 3903 ἀϐ-

2135 3935 2233 4000 ϐᾶς
2294 3939 2588 4013 Ἀρσὲνιος,
2647 3939 2735 3992 καὶ
2770 3937 2847 4002 εἷς
2895 3942 3062 3992 ταῦτα
3106 3937 3419 4007 ἀνάκειται;
3475 3933 3670 3992 Λαϐὼν
3725 3937 3785 3992 δὲ

2132 4027 2290 4082 αὐτὸν
2335 4029 2363 4082 ὁ
2412 4023 2796 4102 πρεσϐύτερος,
2856 4025 3003 4101 λέγει
3055 4025 3236 4098 αὐτῳ’
3295 4025 3355 4081 Τί
3401 4027 3466 4096 ἦν
3509 4028 3572 4081 τὸ
3622 4022 3783 4101 ἔργον

2135 4139 2229 4173 σου
2278 4117 2330 4173 ἐν
2379 4121 2447 4191 τῇ
2490 4118 2651 4191 κώμῃ
2703 4135 2836 4186 σου;
2889 4115 3041 4192 Λέγει
3076 4115 3291 4192 ὁγέρων
3320 4134 3332 4148 '
3377 4118 3591 4189 Ποιμήν
3640 4138 3780 4190 προ-

1733 4260 1973 4316 VARL‘E
2007 4260 2420 4317 LECTIONES.

443 4366 545 4442 (m)
574 4364 818 4442 Coteler.
851 4361 1375 4442 τοῦ-διορθώσασθαι
1408 4367 1629 4429 ἑαυτοὺς
1660 4366 1749 4422 καὶ
1782 4369 2134 4442 πορευθῆναι,
2179 4375 2288 4425 etc.

371 4434 475 4492 τῶν
505 4437 785 4508 ἁμαρτιῶν
824 4434 1006 4490 αὐτοῦ.

2371 4368 2452 4441 (η)
2485 4366 2727 4423 Coteler.
2761 4363 2936 4427 ἄλλας
2987 4364 3217 4437 ἀνομίας
3265 4365 3551 4439 προστιθεί
3597 4362 3782 4420 ἐπάνω

1956 4529 2194 4585 -ΝΟΤᾸΞ,

369 4664 552 4736 donec
576 4661 793 4736 veniret
822 4661 892 4716 ad
915 4662 1178 4718 ordinem
1214 4679 1408 4719 suum.
1435 4665 1500 4720 Et
1531 4681 1661 4719 cum
1691 4664 2010 4736 accepisset
2043 4666 2088 4729 D

368 4735 620 4789 ﬁdiciam
683 4734 959 4789 adversus
1033 4736 1403 4803 cogitationes
1480 4736 1685 4801 malas,
1745 4734 2012 4791 vincebat

369 4824 486 4862 eas.
515 4828 543 4855 »
601 4805 936 4874 Cotelerius,
978 4822 1109 4877 pag.
1167 4808 1295 4876 355,
1335 4808 1436 4863 illa
1476 4825 1590 4863 non
1641 4808 1773 4877 legit
1812 4808 1872 4862 in
1905 4825 2010 4862 suo

369 4882 548 4932 textu.

439 4948 553 5020 (93)
612 4948 985 5003 Preemittitur
1040 4948 1100 5004 in
1157 4948 1258 5006 Vit.
1292 4952 1401 5005 PP.
1458 4950 1560 5005 lib.
1619 4947 2008 5017 v,libell.18,

368 5037 532 5076 num.
565 5023 636 5074 2:
673 5043 700 5069 «
734 5021 887 5074 Dixit
924 5021 1106 5076 abbas
1138 5021 1356 5087 Daniel,
1392 5021 1489 5092 qui
1521 5027 1642 5076 erat
1687 5020 2013 5090 discipulus

371 5092 599 5148 abbatis
635 5092 893 5156 Arsenii;
925 5093 1062 5162 quia
1095 5093 1347 5147 narravit
1397 5094 1447 5148 ei
1477 5093 1657 5148 abbas
1709 5092 2007 5153 Arsenius.

365 5171 650 5233 tanquam
680 5163 751 5218 de
783 5163 897 5216 alio
919 5163 1110 5233 aliquo
1149 5165 1351 5218 dicens
1389 5165 1553 5234 (puto
1603 5169 1824 5230 tamen,
1856 5165 2010 5232 quod

367 5237 438 5290 de
477 5253 543 5289 eo
585 5235 924 5301 dicebatur).
979 5257 1007 5283 «
1054 5236 1188 5298 Quae
1221 5236 1417 5290 itidem
1478 5252 1546 5290 ex
1605 5251 1702 5289 ore
1756 5234 2012 5290 Danielis

366 5308 693 5361 referuntur
723 5309 867 5376 apud
910 5304 1152 5361 Coteler.
1189 5323 1318 5376 pag.
1350 5307 1472 5362 364.
1499 5309 1561 5362 In
1594 5306 1789 5362 codice
1817 5313 2011 5363 nostro

367 5375 881 5450 membranaceo'O
941 5377 1136 5450 ms._5,
1169 5375 1306 5433 olim
1339 5379 1566 5450 collegii
1604 5378 1786 5433 nostri
1819 5378 2012 5447 lngol-

368 5447 700 5512 stadiensis,
735 5448 832 5517 qui
867 5449 937 5502 ad
988 5448 1202 5504 calcem
1243 5447 1550 5506 inchoatus
1599 5456 1834 5504 notatur
1861 5468 2010 5505 anno

365 5520 490 5583 829,
548 5519 839 5574 habetur:
903 5543 929 5570 ς(
993 5524 1201 5577 Beatus
1259 5523 1538 5577 Arsenius
1589 5523 1896 5590 referebat,
1946 5540 2010 5578 eo

369 5592 546 5663 quod,
571 5591 819 5663 dumﬂin
861 5593 1092 5662 propria
1140 5593 1284 5648 cella
1315 5594 1576 5650 residuos
1607 5594 1781 5662 viros,
1815 5617 1842 5644 ››
1876 5599 2008 5661 etc.,

371 5662 449 5717 ibi
483 5667 568 5718 est
601 5679 613 5716 :
641 5685 668 5711 ‹‹
705 5662 865 5720 Vidit
893 5668 1026 5722 ante
1073 5670 1298 5738 portam
1356 5667 1615 5723 civitatis
1645 5668 1792 5722 duos
1838 5667 2013 5737 juve~

370 5751 494 5806 nes,
521 5757 548 5784 »
579 5741 688 5790 etc.

2193 4663 2304 4732 (94)
2357 4657 2666 4733 Χαλάδριον
2714 4665 2771 4716 et
2828 4655 3146 4733 χαράᾷριον,
3209 4665 3407 4725 matta,
3472 4661 3656 4733 pellis,
3689 4663 3773 4718 vel

2121 4734 2306 4788 lectus
2346 4731 2592 4799 pellibus
2645 4731 2944 4787 instratus.
2977 4731 3120 4786 Vide
3154 4739 3320 4786 notas
3359 4732 3628 4788 Cotelerii
3664 4735 3764 4789 col.

2120 4806 2226 4858 799
2257 4809 2312 4859 et
2341 4805 2598 4860 Glossar.
2624 4805 2801 4860 Graec.
2836 4804 3058 4874 Cangii.
3080 4807 3238 4858 Certe
3270 4806 3421 4872 apud
3462 4811 3767 4872 utrumque

2123 4895 2161 4950 a7
2183 4877 2403 4932 J0anne
2428 4876 2735 4931 Geometra
2758 4876 3099 4950 exprimitur
3130 4891 3232 4946 per
3261 4874 3404 4928 κώεα
3439 4877 3495 4930 in
3530 4893 3766 4950 sequen-

2122 4949 2188 5015 ti,
2211 4965 2382 5019 quem
2415 4950 2620 5012 citant,
2653 4947 2938 5003 versiculo
2966 4962 2979 5014 ;

2195 5053 2446 5130 Μέμφετο
2527 5050 2796 5124 Ἀρσὲνιὸν
2864 5071 2946 5112 τις
3015 5049 3143 5105 ἰδὼν
3212 5050 3300 5105 ἐπὶ
3365 5052 3560 5106 κώεσιν
3623 5049 3771 5110 ὄντα.

2198 5124 2554 5197 Vituperabat
2611 5126 2899 5181 Arsenium
2937 5124 3160 5196 aliquis,
3181 5125 3372 5180 videns
3401 5140 3526 5179 eum
3555 5142 3670 5181 esse
3687 5142 3775 5181 su-

3367 5197 3484 5267 [per
3512 5197 3768 5267 pellibus.

3390 5213 3484 5266 per
3512 5212 3768 5268 peuwus.

2120 5305 2181 5359 τὸ
2204 5310 2349 5365 mbo:
2381 5308 2470 5360 est
2501 5303 2666 5374 pellis
2710 5303 2920 5371 agmina
2952 5303 3039 5356 vel
3081 5303 3252 5358 ovina
3289 5309 3387 5358 :et
3438 5304 3654 5374 quippe
3712 5303 3772 5358 ni

2121 5379 2366 5433 aliorum
2401 5377 2847 5446 quadrupedum
2875 5375 2902 5429 ‘?
2924 5378 3073 5434 Κῶος
3107 5377 3281 5429 etiam
3317 5375 3604 5446 signiﬁcat
3629 5381 3774 5429 stra-

2121 5450 2345 5519 gulum.
2379 5445 2441 5502 In
2492 5445 2822 5517 apog’rapho
2876 5447 3143 5501 Medicam
3177 5447 3324 5513 regis
3382 5445 3634 5519 Francia
3684 5452 3773 5501 est

2123 5517 2334 5581 εὐτελὲς
2362 5539 2414 5572 τι
2446 5523 2670 5589 στρῶμα
2705 5535 2716 5572 ;
2753 5519 2906 5588 apud
2938 5518 3170 5572 Surium
3209 5518 3453 5571 num.2l
3485 5517 3592 5589 vile
3624 5523 3770 5572 stra-

2121 5593 2347 5663 gulum.
2383 5588 2552 5646 Porro
2591 5592 2889 5645 historiam
2927 5590 3078 5646 hanc
3109 5594 3527 5645 commemorat
3557 5588 3766 5644 lauda-

2125 5673 2215 5718 tus
2243 5663 2506 5727 Coteler.,
2540 5677 2670 5733 pag.
2705 5663 2827 5718 367.
