4090 6288
316 343 434 424 s73

959 336 1247 400 ORATIO
1289 336 1420 398 XII.
1469 369 1544 380 —
1593 335 1988 399 LAUDATIO
2027 333 2090 394 S.
2137 333 2450 396 ARSENII
2495 335 3063 398 ANACHORETJE.

3591 343 3710 403 874

317 469 496 528 ϐάτων
536 469 712 548 ἤμην.
774 471 869 525 Καὶ
930 469 1072 546 λέγει
1131 470 1165 544 ὁ¹
1207 464 1568 542 πρεσϐύτερος
1605 487 1618 500 ·
1681 472 1802 528 Πῶς
1844 467 1956 537 οὖν,

2085 466 2376 524 traduxisti
2402 467 2414 520 l
2451 467 2555 522 Hic
2585 483 2738 536 vero,
2760 471 2822 524 In
2845 469 3040 526 labore
3074 471 3279 538 multo,
3299 471 3400 541 ait,
3426 477 3483 530 et
3504 490 3712 532 aerum-

316 563 471 639 φησὶ,
508 559 691 636 διῆγες
744 562 835 616 τὸν
889 559 1006 634 βίον
1059 580 1159 612 σου
1192 602 1206 616 .
1241 561 1302 614 Ὀ
1343 556 1400 612 δέ
1448 579 1610 636 φησιν
1647 576 1658 588 ·
1695 559 1778 612 Ἐν
1808 557 1963 630 κόπῳ

315 651 535 723 πολλῷ,
569 653 658 706 καὶ
693 653 906 726 μόχθῳ.
942 649 1044 705 Καὶ
1076 647 1222 720 λέγει
1255 647 1401 718 αὐτῷ
1427 669 1438 681 ·
1476 649 1576 702 Καὶ
1610 653 1724 709 πῶς
1759 645 1962 722 διάγεις

317 742 516 816 ἀρτίως
543 740 596 795 έν
635 747 715 813 τῷ
744 739 953 811 κελλίῳ
993 760 1087 793 σου
1122 765 1136 807 ;
1171 742 1227 793 Ὁ
1270 735 1328 791 δὲ
1376 731 1477 816 ἔφη
1514 754 1527 768 ⁸
1578 737 1778 799 Καλῶς
1835 737 1966 791 ἀνα-

319 829 585 904 παύομαι.
639 833 736 884 Καὶ
797 827 947 904 λέγει
995 827 1140 898 αὐτῷ
1189 828 1216 882 ὁ
1264 822 1622 901 πρεσϐύτερος
1657 844 1670 856 ·
1733 825 1962 887 Βλέπεις

320 925 510 978 τοῦτον
541 923 632 975 τὸν
674 915 846 974 ἀϐϐἆν
895 917 1203 992 Ἀρσένιονς
1248 917 1426 988 πατὴρ
1473 916 1736 987 βασιλέων
1790 915 1963 990 ὑπῆρ-

325 1032 422 1090 χεν
462 1009 512 1064 ἐν
572 1014 650 1082 τῷ
705 1010 920 1080 κόσμῳ,
972 1007 1061 1061 καὶ
1123 996 1321 1081 χίλιοι
1357 1004 1547 1060 δοῦλοι
1605 1006 1962 1082 σηρικοφόροι

325 1099 589 1174 παρέσταν
634 1100 728 1170 (m)
759 1095 907 1168 αὕτῷ
933 1116 945 1129 ’
999 1094 1280 1167 πολύτιμα
1330 1093 1386 1149 δὲ
1424 1095 1718 1170 στρώματα
1760 1095 1962 1149 ὑποκά-

322 1214 402 1246 τω
432 1190 595 1245 αὐτοῦ
626 1191 690 1257 ἦν
717 1208 729 1222 ·
773 1187 834 1242 σὺ
886 1186 942 1242 δὲ
993 1189 1202 1258 ποιμήν
1246 1185 1343 1255 ὢν,
1378 1187 1488 1263 οὐχ
1535 1187 1698 1255 εἷλες,
1749 1185 1813 1254 ἢν
1876 1190 1965 1240 νῦν

324 1277 494 1356 ἔχεις,
527 1280 818 1333 ἀνάπαυσιν
853 1297 865 1308 ”
900 1278 989 1331 καὶ
1021 1275 1178 1331 οὗτος
1217 1278 1314 1344 τὴν
1362 1277 1593 1349 τρυφὴν,
1625 1278 1688 1343 ἦν
1739 1277 1880 1352 εἶχεν
1913 1275 1964 1329 ἐν

323 1375 402 1441 τῷ
431 1369 644 1442 κόσμῳ,
696 1365 801 1421 ὧδε
863 1365 962 1421 οὒκ
1013 1361 1150 1440 ἔχει.
1212 1363 1352 1420 Ἰδοὺ
1405 1365 1516 1435 οὖν,
1578 1365 1637 1418 σὺ
1691 1367 1785 1437 μὲν
1841 1365 1966 1418 ἁνα-

326 1460 495 1533 παύῃ,
542 1458 784 1519 κάκεῖνος
871 1451 1138 1514 θλίϐεται.
1198 1459 1260 1512 Ὀ
1335 1451 1393 1508 δὲ
1463 1454 1694 1515 ἀκούσας
1778 1459 1964 1525 ταῦτα,

324 1549 626 1626 κατηνύγη,
676 1549 764 1602 καὶ
822 1541 984 1602 ἔϐαλε
1028 1546 1326 1618 μετάνοιαν,
1377 1543 1550 1620 λέγων
1580 1567 1594 1580 ·
1648 1553 1969 1624 Συγχωρη-

325 1641 418 1696 σόν
450 1661 566 1714 μοι,
601 1633 762 1708 ἀδεᾶ,
811 1638 1124 1711 ἡμάρτηκα,
1179 1636 1261 1689 δτι
1311 1635 1470 1697 οὗτος
1528 1633 1692 1703 ἦλθεν
1745 1636 1820 1698 εἷς
1876 1633 1968 1689 κό-

324 1753 450 1800 πον,
491 1729 643 1806 κᾶγὼ
676 1727 752 1790 εἷς
810 1726 1099 1781 ἀνάπαυσιν
1152 1743 1167 1756 ⁸
1204 1725 1292 1778 καὶ
1351 1722 1655 1801 ὠφεληθεὶς
1710 1726 1738 1779 ὁ
1792 1725 1966 1802 γέρων

326 1819 667 1897 ἀνεχώρησε.

397 1911 496 1965 κα’.
551 1909 736 1978 Τοῦτῷ
806 1905 1054 1980 μακαρίῳ
1131 1904 1428 1973 ἐπέστησαν
1487 1906 1538 1958 οἱ
1595 1902 1841 1977 δαίμονες
1919 1904 1970 1959 έν

323 2006 401 2072 τῷ
449 1997 676 2070 κελλίῳ,
737 1993 1018 2057 Θλιϐόντες
1078 1995 1260 2050 αὐτὸν.
1332 1989 1744 2068 Παραλαϐόντες
1805 1992 1861 2048 δὲ
1918 1995 1968 2048 οἱ

329 2089 699 2149 διακονοῦντες
753 2085 919 2157 αὐτῷ,
980 2088 1071 2138 καί
1129 2083 1342 2144 στάντες
1400 2081 1498 2152 ἔξω
1571 2090 1669 2152 τῆς
1746 2080 1967 2148 κὲλλας,

327 2179 564 2250 ἤκουσαν
597 2176 762 2230 αὐτοῦ
796 2177 1034 2250 βοῶντος
1061 2174 1196 2247 πρὸς
1224 2174 1314 2226 τὸν
1350 2172 1476 2227 Θεὸν
1526 2173 1614 2227 καὶ
1666 2171 1919 2247 λέγοντος
1955 2191 1969 2204 °

329 2276 384 2323 '0
426 2269 554 2329 Θεός
617 2287 743 2338 μου,
804 2267 876 2336 μὴ
939 2261 1307 2337 έγκαταλίπης
1369 2283 1433 2334 με
1466 2279 1479 2291 ⁸
1532 2259 1685 2315 οὐδὲν
1743 2260 1974 2331 ἐποίησα

331 2356 554 2412 ἐνώπιόν
586 2376 680 2409 σου
712 2351 909 2430 ἀγαθόν
939 2370 952 2383 ·
992 2351 1138 2407 ἀλλά
1168 2348 1258 2413 δός
1295 2371 1387 2423 μοι
1419 2351 1554 2405 κατὰ
1581 2350 1679 2418 τὴν
1730 2348 1970 2424 χρηστό-

334 2447 471 2516 τητα
502 2467 592 2499 σου
628 2442 815 2518 βαλεῖν
856 2443 1053 2515 ἀρχήν.
1110 2441 1426 2512 Πυθομένου
1476 2437 1530 2494 δὲ
1580 2439 1740 2494 αὐτὸν
1791 2440 1973 2512 ἑτέρου

339 2534 570 2614 ἀδελφοῦ
611 2535 836 2588 ἀκοῦσαι
888 2531 1050 2605 λόγον
1109 2530 1398 2606 ὠφελείας,
1442 2530 1588 2584 εἶπεν
1644 2529 1788 2601 αὐτῳ
1820 2530 1848 2582 ὁ
1894 2529 1978 2601 γέ-

342 2648 446 2700 ρων
481 2645 495 2657 ·
528 2627 657 2694 Ὀση
695 2621 943 2694 δύναμις,
995 2620 1399 2694 ἆγώνισαι,⁹ίνα
1452 2622 1482 2688 ἡ
1541 2616 1693 2674 ἓνδον
1740 2639 1835 2673 σου
1893 2617 1976 2692 ἐρο

337 2715 493 2791 γασὶα
520 2715 654 2769 κατὰ
687 2713 812 2768 Θεὸν
844 2711 902 2784 ᾖ,
933 2711 1018 2763 καὶ
1071 2712 1313 2779 νικήσεις
1359 2709 1425 2764 τὰ
1468 2705 1568 2778 ἔξω
1607 2709 1770 2778 πάθη.
1816 2719 1975 2779 Διηνε

336 2809 443 2868 κῶς
474 2803 562 2859 οὖν
594 2802 647 2858 έν
678 2801 912 2862 πολλοῖς
956 2798 1125 2854 ἔτεσιν
1176 2805 1203 2854 ὁ
1255 2800 1535 2869 Μακάριος
1580 2798 1702 2860 τοὺς
1752 2797 1972 2868 ἀσκητια

333 2895 462 2956 κοῦς
494 2894 664 2948 αὐτοῦ
693 2893 922 2968 ἀγῶνας,
956 2889 1046 2944 καὶ
1088 2887 1371 2950 ἀνάπλεως
1425 2885 1496 2941 ὣν
1546 2890 1744 2950 παντὸς
1793 2907 1977 2956 κατορ-

336 2985 612 3057 θώματος,
641 2980 755 3036 ἒπεὶ
787 2980 1062 3050 ἐνέστηκεν
1114 2979 1141 3032 ὁ
1187 2981 1284 3043 τῆς
1340 2979 1714 3050 μεταστάσεως
1766 2978 1979 3050 καιρὸς,

332 3074 628 3145 παρῃνήνει
660 3073 741 3143 (η)
771 3075 888 3130 τοῖς
923 3069 1192 3141 μαθηταῖς
1227 3067 1390 3121 αὐτοῦ
1424 3064 1594 3141 λέγων
1637 3087 1648 3099 ·
1685 3069 1774 3135 Μή
1817 3087 1978 3143 φρον-

330 3163 519 3232 τίσητε
575 3165 749 3215 ποιεῖν
804 3157 1060 3232 ἆγάπαςο
1119 3156 1251 3229 ὑπὲρ
1308 3154 1444 3226 ἐμοῦ
1485 3174 1498 3187 ·
1564 3156 1672 3232 ἐγὼ
1711 3157 1813 3229 γάρ
1849 3153 1899 3210 εἷ’
1924 3177 1976 3208 τι

334 3253 568 3319 ἐποίησα
616 3249 833 3322 έῃαυτῷ
861 3265 906 3318 Ρ,
951 3246 1153 3314 ταύτην
1203 3242 1315 3319 ἔχω
1376 3246 1570 3318 εὑρεῖν.
1631 3245 1980 3318 Ἒταράχθη-
2013 3231 2061 3294 C

334 3363 427 3396 σαν
462 3339 552 3394 οὖν
588 3341 637 3392 οἱ
673 3338 932 3410 μαθηταὶ.
967 3335 1289 3395 ἀκούσαντες
1321 3339 1487 3388 ταῦτα
1522 3351 1534 3362 ·
1568 3334 1655 3387 καὶ
1688 3334 1834 3408 κέγει
1881 3334 1981 3388 αὐ-

324 3436 442 3491 τοῖς
477 3449 495 3465 ο
530 3426 697 3484 Οὔπω
727 3426 862 3494 ἦλθε
894 3427 928 3493 ἡ
962 3424 1079 3498 ὥρα
1112 3443 1124 3454 ·
1174 3423 1262 3478 ὅτε
1295 3421 1351 3477 δὲ
1381 3419 1624 3500 ἔρχεται,
1660 3421 1804 3496 λέγω
1829 3422 1976 3496 ὀμῖν·

328 3522 581 3593 κριθῆναι
605 3517 661 3570 δὲ
702 3511 818 3589 ἔχω
873 3517 988 3585 μεθ’
1037 3514 1190 3584 ὑμῶν
1242 3512 1330 3567 ἐπὶ
1361 3518 1458 3567 τοῦ
1495 3513 1744 3586 βήματος
1778 3517 1853 3584 (ο)
1884 3517 1980 3566 τοῦ

329 3612 590 3682 Χριστοῦ,
643 3605 729 3659 ἐὰν
782 3601 995 3672 δώσητε
1042 3603 1101 3656 τὸ
1151 3601 1406 3675 λείψανόν
1458 3604 1562 3674 μού
1611 3623 1741 3672 τινι,
1772 3602 1832 3656 Τί
1865 3600 1981 3667 οὗν,

332 3698 489 3774 φησὶ,
543 3697 894 3766 ποιήσομενς
946 3692 1031 3746 ὅτι
1090 3691 1189 3745 οὐκ
1239 3690 1460 3763 οἴδαμεν
1513 3689 1846 3767 ἐνταφιάσαι.
1883 3690 1980 3746 Καὶ

335 3787 484 3860 λέγει
510 3787 694 3844 αὐτοῖς
725 3785 752 3837 ὁ
785 3785 960 3856 Γέρων
997 3799 1010 3811 ⁸
1044 3781 1154 3836 Οὐκ
1195 3778 1373 3834 οἴδατε
1431 3783 1614 3855 βαλεῖν
1663 3779 1900 3854 σχοινίον
1933 3805 1980 3848 q,

333 3876 426 3929 καὶ
458 3874 581 3948 ἇραί
626 3895 691 3946 με
715 3873 790 3932 εἷς
819 3873 882 3926 τὸ
915 3868 1042 3945 ὄρος
1081 3891 1093 3937 ;
1127 3871 1297 3931 Οὗτος
1331 3867 1387 3923 δὲ
1411 3872 1477 3937 ἧν
1509 3870 1536 3923 ὁ
1568 3869 1730 3942 λόγος
1762 3874 1856 3924 τοῦ
1893 3869 1980 3923 Γέ-

340 3986 530 4040 ροντος
582 3983 594 3994 ·
657 3961 915 4037 Ἀρσένιε,
975 3958 1057 4014 διὸ
1126 3957 1393 4028 ἐξῆλθες;
1471 3963 1631 4012 τοῦτο
1691 3965 1978 4031 σημαῖνον.

335 4055 612 4128 Ἐπείπερ,
647 4051 778 4126 φησῖ
812 4053 928 4121 Θεῷ
980 4053 1209 4103 συνεῖναι
1261 4047 1454 4102 σαυτὸν
1515 4047 1771 4121 προέθου,
1804 4048 1981 4102 ἁκλὸ-

2073 576 2166 614 na.
2197 561 2339 612 Tum
2373 559 2519 613 alter
2549 575 2754 614 rursus
2789 575 2801 613 :
2835 561 2905 615 Et
2944 561 3040 631 qui
3092 578 3248 617 nunc
3307 564 3468 632 degis
3508 565 3567 620 in
3613 571 3716 623 tua

2075 647 2265 704 cella?
2293 648 2650 718 Respondit:
2687 648 3002 704 Commode
3060 652 3316 722 quiesco.
3374 653 3443 708 Et
3501 654 3712 710 iterum

2074 737 2373 809 presbyter
2399 751 2411 788 :
2443 735 2618 791 Vides
2659 736 2930 792 abbatem
2964 738 3121 794 hunc
3153 741 3462 797 Arsenium
3488 742 3516 796 ?
3546 743 3717 799 Pater

2074 827 2490 896 imperatorum
2517 831 2638 879 erat
2661 826 2718 879 in
2750 827 2980 892 saeculo,
3005 836 3058 882 et
3092 828 3250 883 mille
3282 830 3480 885 famuli
3512 833 3713 890 sericis

2073 914 2263 969 induti
2321 916 2588 969 astabant
2632 914 2708 978 ei,
2741 915 2996 985 pretiosa
3055 918 3233 973 etiam
3295 925 3476 975 strata
3549 928 3715 978 erant

2075 1004 2277 1058 subter
2307 1007 2429 1075 ipso
2464 1020 2476 1058 :
2513 1009 2572 1057 tu
2604 1020 2736 1058 vero
2770 1020 2881 1058 non
2903 1004 3161 1060 habuisti
3185 1013 3381 1077 pastor
3409 1011 3718 1080 exsistens,

2077 1111 2254 1166 quam
2290 1111 2444 1149 nunc
2472 1094 2675 1160 habes,
2711 1094 2967 1164 requiem
3007 1112 3020 1150 :
3055 1097 3266 1151 sedille
3289 1099 3546 1170 delicias,
3571 1117 3714 1172 quas

2076 1185 2278 1239 habuit
2311 1185 2364 1237 in
2397 1182 2626 1251 saeculo,
2656 1183 2750 1238 hic
2776 1200 2890 1238 non
2941 1183 3134 1239 habet.
3193 1185 3340 1242 Vide
3383 1187 3596 1259 igitur;
3652 1196 3717 1246 tu

2077 1274 2254 1345 quieti
2291 1273 2592 1343 indulges;
2626 1271 2724 1328 ille
2753 1289 2884 1328 vero
2918 1275 3253 1330 atﬂictatur.
3290 1276 3513 1339 Quibus
3545 1280 3717 1334 audi-

2075 1366 2171 1431 tis,
2205 1373 2581 1435 compunctus
2612 1367 2719 1432 est,
2743 1381 2808 1420 ac
2857 1380 3095 1434 corpore
3153 1365 3428 1423 inclinato
3474 1370 3708 1427 veniam

2077 1455 2242 1527 petiit
2269 1455 2516 1510 dicens:
2577 1456 2817 1525 Ignosce
2875 1453 3039 1522 mihi,
3083 1454 3255 1523 abba,
3305 1459 3557 1527 peccavi.
3607 1460 3712 1516 Hic

2076 1547 2233 1600 venit
2260 1545 2329 1600 ad
2363 1544 2639 1610 laborem,
2665 1547 2721 1598 et
2741 1559 2844 1615 ego
2867 1543 2934 1598 ad
2954 1543 3236 1614 requiem.
3265 1546 3327 1601 Et
3359 1562 3493 1603 cum
3525 1548 3718 1605 fructu

2078 1652 2253 1692 senex
2285 1633 2567 1691 discessit.

2149 1907 2239 1958 21.
2282 1903 2522 1958 Beatum
2549 1903 2659 1974 (95)
2703 1904 2885 1959 istum
2931 1903 3245 1977 aliquando
3313 1906 3371 1961 in
3430 1906 3575 1963 cella
3632 1925 3725 1979 ag-

2082 1994 2266 2066 gressi
2297 2001 2433 2048 sunt
2461 1995 2769 2060 daemones,
2804 1994 3124 2061 afﬂigentes
3159 2011 3314 2050 eum.
3361 1997 3721 2054 Accedentes

2079 2088 2271 2140 autem
2296 2083 2396 2149 qui
2421 2083 2828 2138 ministrabant
2848 2083 2983 2156 ipsi,
3000 2094 3051 2140 et
3073 2089 3295 2141 stantes
3316 2090 3472 2142 extra
3493 2087 3722 2155 cellam,

2083 2173 2610 2242 audieruntipsum
2635 2173 2973 2230 clamantem
3021 2175 3094 2229 ad
3154 2175 3356 2246 Deum,
3408 2193 3470 2232 ac
3527 2178 3726 2233 dicen-

2081 2269 2200 2318 tem
2237 2281 2248 2317 :
2283 2264 2327 2317 Ο
2362 2263 2438 2317 mi
2483 2264 2650 2329 Deus,
2688 2278 2757 2317 ne
2789 2264 3165 2335 derelinquas
3196 2281 3326 2332 me;
3376 2266 3519 2322 nihil
3582 2267 3720 2323 boni

2083 2354 2139 2407 in
2175 2356 2486 2423 conspectu
2519 2357 2620 2407 tuo
2652 2354 2781 2424 egi:
2816 2354 2918 2408 sed
2946 2354 3019 2408 da
3069 2353 3212 2408 mihi
3271 2364 3506 2426 propter
3556 2356 3727 2413 beni—

2084 2443 2360 2511 gnitatem
2406 2447 2594 2509 tuam,
2652 2447 2718 2498 ut
2765 2443 2982 2513 jaciam
3038 2444 3510 2500 fundamentum.
3572 2446 3722 2501 Dum

2084 2538 2277 2587 autem
2309 2532 2413 2600 (96)
2432 2531 2580 2585 alius
2610 2532 2783 2586 frater
2803 2531 3183 2603 interrogaret
3230 2533 3450 2605 ipsum,
3475 2537 3537 2589 ut
3583 2535 3724 2595 boni

2083 2620 2302 2692 aliquid
2347 2637 2415 2675 ex
2472 2622 2599 2693 ipso
2661 2622 2904 2688 audiret,
2939 2621 3082 2678 dixit
3121 2638 3334 2678 senex:
3396 2622 3712 2694 Contende,

2084 2716 2367 2783 quantum
2401 2716 2582 2781 potes,
2615 2715 2679 2766 ut
2709 2711 2936 2767 interna
2966 2713 3223 2783 Operatio
3256 2717 3355 2768 tua
3399 2714 3476 2770 sit
3523 2731 3730 2771 secun-

2084 2803 2226 2857 dum
2259 2801 2465 2866 Deum,
2515 2806 2572 2855 et
2628 2808 2890 2856 externas
2950 2802 3334 2873 appetitiones
3395 2804 3726 2875 superabis.

2087 2892 2404 2962 Postquam
2429 2891 2625 2961 itaque
2657 2889 2854 2944 beatus
2876 2890 3111 2946 assidue
3134 2893 3387 2947 ascetica
3418 2909 3522 2947 sua
3545 2897 3726 2948 certa-

2094 2980 2250 3035 mina
2290 2996 2391 3049 per
2421 2978 2632 3035 multos
2663 2995 2847 3034 annos
2867 2978 3218 3035 exanllasset
3246 2981 3381 3051 (97),
3415 2981 3574 3036 omni
3617 2981 3728 3037 vir-

2095 3075 2219 3125 tute
2240 3070 2362 3140 jam
2396 3068 2625 3140 plenus,
2671 3068 3033 3140 instaretque
3086 3073 3314 3138 tempus
3370 3072 3734 3143 migrationis

2095 3160 2242 3228 ejus,
2273 3158 2616 3214 hortabatur
2645 3158 2966 3229 discipulos
2995 3175 3153 3226 suos,
3186 3159 3384 3216 dicens
3419 3177 3432 3214 :
3465 3160 3547 3217 Ne
3571 3161 3730 3217 solli-

2095 3250 2192 3303 citi
2223 3249 2356 3320 (98),
2390 3253 2452 3302 ut
2471 3263 2687 3318 agapas
2707 3249 2818 3318 (99)
2855 3247 3081 3303 faciatis
3105 3265 3205 3317 pro
3229 3266 3360 3304 me:
3423 3267 3558 3306 nam
3600 3268 3732 3323 ego,

2090 3338 2380 3408 siquidem
2409 3337 2550 3391 mihi
2576 3337 2703 3404 feci,
2727 3337 2883 3391 illam
2908 3335 3220 3394 inveniam.
3243 3340 3480 3395 Turbati
3501 3357 3634 3412 ergo
3657 3343 3736 3414 (1)

2090 3426 2539 3497 suntdiscipuli,
2571 3425 2689 3480 haec
2723 3427 3064 3492 audientes;
3095 3433 3152 3482 et
3183 3427 3327 3482 dixit
3357 3428 3476 3483 illis
3506 3447 3520 3485 :
3570 3430 3736 3486 Non-

2091 3519 2230 3570 dum
2254 3515 2412 3570 venit
2443 3515 2616 3583 hora,
2650 3517 2885 3586 quando
2917 3524 3111 3571 autem
3139 3517 3380 3583 venerit,
3412 3519 3601 3574 dicam
3641 3536 3742 3576 vo-

2092 3604 2200 3659 bis.
2233 3603 2525 3657 .ludicium
2565 3603 2720 3657 enim
2763 3603 3054 3657 vobiscum
3118 3603 3314 3658 subire
3379 3605 3560 3661 debeo
3600 3609 3735 3662 ante

2091 3691 2344 3748 tribunal
2403 3691 2638 3758 Christi,
2701 3692 2749 3745 si
2815 3690 3093 3762 cuiquam
3169 3693 3438 3749 dederitis
3521 3712 3732 3764 corpus

2093 3799 2288 3838 meum
2332 3783 2430 3852 (2).
2491 3781 2776 3847 Quidnam
2837 3797 2992 3852 ergo,
3055 3783 3344 3852 inquiunt,
3394 3783 3732 3840 faciemus?

2093 3873 2227 3942 quia
2259 3871 2553 3925 nescimus
2586 3870 2825 3942 (3)i|lud
2851 3871 3118 3942 sepelire.
3143 3871 3213 3926 Et
3243 3870 3386 3927 dicit
3418 3872 3501 3929 eis
3527 3890 3734 3929 senex:

2094 3966 2216 4014 Non
2251 3962 2430 4015 nostis
2461 3961 2686 4014 mittere
2721 3960 2937 4028 funem,
2971 3969 3025 4015 et
3057 3960 3255 4014 tollere
3314 3978 3406 4016 me
3459 3962 3518 4017 in
3576 3969 3733 4018 mon-

2094 4055 2208 4106 tem
2235 4051 2262 4105 ?
2291 4051 2439 4106 Illud
2473 4054 2665 4105 autem
2703 4050 3030 4121 frequenter
3085 4051 3408 4121 usurpabat
3441 4067 3456 4106 :
3502 4051 3736 4120 Arseni,

1687 4185 1929 4241 νΑΒΙίΕ
1971 4186 2378 4242 LECTIONES.

408 4292 483 4363 (0)
513 4291 588 4348 al.
620 4288 861 4361 ἀγάπην.
938 4286 1018 4358 (p)
1052 4285 1286 4341 additur
1317 4285 1471 4356 apud
1499 4283 1673 4340 Cotel.
1718 4284 1949 4358 ἀγάπην.

2030 4286 2107 4357 (q)
2137 4285 2378 4340 Coteler.
2413 4280 2488 4343 εἷς
2519 4282 2610 4336 τὸν
2643 4279 2782 4336 πόδα
2815 4303 2945 4354 μου,
2983 4286 3044 4338 in
3075 4284 3270 4355 pedem
3294 4300 3496 4341 meum.

1933 4411 2146 4467 NOT/E

409 4537 504 4606 (m)
535 4529 804 4606 Παρέσταν
835 4545 937 4601 per
966 4545 1256 4606 syncopen
1292 4545 1390 4606 pro
1434 4524 1792 4606 παρέστησαν.
1819 4529 1998 4582 Paulo
2030 4535 2158 4606 post
2189 4528 2459 4606 occuririt
2488 4525 2784 4606 ἐπέστησαν
2817 4527 3035 4606 absque
3062 4543 3340 4606 syncope.

407 4599 988 4677 (In)'[lapnw§vet,_gpt‘o
1008 4616 1121 4677 quo
1150 4599 1688 4677 substituempﬁvst
1734 4618 1812 4677 :a
1842 4599 2110 4672 παραινέω
2162 4601 2304 4677 nisi,
2332 4616 2498 4677 more
2547 4599 2760 4655 Gl‘iBClS
2802 4600 2938 4654 alibi
2989 4602 3130 4654 satis
3186 4599 3478 4669 familiari,
3538 4602 3739 4654 auctor

339 4671 482 4734 usus
516 4671 684 4732 fuerit
711 4671 1058 4740 anadiplosi,
1094 4688 1194 4726 seu
1227 4671 1681 4742 reduplicatipne
1710 4671 1928 4726 ratione
1959 4673 2225 4728 secundm
2259 4671 2513 4742 syllabae.

410 4752 484 4822 (0)
513 4747 754 4804 Coteler.
791 4737 911 4799 Ἐπὶ
945 4737 1052 4796 τοῦ⁷
1074 4744 1323 4817 βήματος
1352 4737 1447 4795 τόὖ
1478 4737 1713 4818 φοϐεροῦ
1746 4745 1840 4810 (al.
1874 4745 2139 4816 Χριστοῦ)
2165 4762 2177 4798 :
2215 4737 2341 4798 ante
2360 4743 2703 4799 tremendum
2734 4742 3006 4800 tribunal.

409 4880 524 4950 (95)
555 4876 656 4932 Vit.
694 4877 803 4942 PP,
836 4873 935 4929 lib.
967 4891 1019 4943 v,
1053 4871 1232 4927 libell.
1281 4872 1359 4937 l5,
1394 4887 1554 4924 num.
1605 4872 1638 4924 5
1675 4889 1686 4926 :
1739 4869 1984 4937 Coteler,

338 4969 469 5024 pag.
505 4950 632 5003 353.
1067 5015 1076 5024 _

409 5023 520 5093 (96)
559 5022 657 5093 νίιί.
702 5018 810 5093 PP.
845 5017 987 5093 ibid.
1041 5014 1342 5093 libell.
1383 5030 1542 5068 num.

410 5085 524 5165 (97)
569 5085 1069 5165 Ἐξαντλησάμενος
1145 5087 1360 5165 addidi,
1410 5102 1520 5165 qup
1581 5086 1740 5165 ﬁeret
1802 5086 1983 5165 perte-

338 5154 468 5222 ctus
501 5154 742 5227 sensus;
779 5154 889 5216 nisi
910 5154 1066 5215 'forte
1126 5175 1227 5229 pro
1279 5154 1542 5223 διηνεκῶς
1606 5154 1982 5213 scribendum

338 5239 415 5294 sit
446 5233 758 5307 διενεγκών.

412 5310 524 5381 (98)
557 5299 614 5381 tn'
654 5308 751 5381 νιι.
789 5306 900 5360 pp.
953 5303 1167 5381 “spy,
1216 5299 1397 5381 libell.
1457 5301 1544 5368 ιο,
1603 5300 1871 5381 ιιιιιιι.“9,
1910 5305 1989 5381 _et

339 5372 516 5464 apud'
552 5380 793 5434 Coteler.
852 5393 988 5447 pag.
1038 5373 1143 5427 369
1187 5377 1456 5428 narratur
1514 5389 1580 5427 ex
1627 5388 1724 5427 ore
1776 5372 1989 5426 Danie—

340 5454 522 5594 hs(99;
552 5519 796 5594 Ἀγάπας
827 5515 1214 5598 hic_intellige
1245 5514 1666 5598 eleemosynas,
1722 5515 1982 5598 refectio-

339 5586 442 5651 nes
471 5586 815 5667 pauperum.
841 5589 986 5643 Vide
1019 5592 1333 5655 utrumque
1382 5586 1719 5640 G.'.)ssarium
1758 5587 1984 5658 Cangii.

345 5668 458 5722 Vit.
515 5667 624 5722 PP.
682 5665 783 5720 lib.
845 5677 929 5729 ιιι,
993 5675 1156 5714 num.
1211 5658 1334 5724 163,
1367 5673 1499 5728 pag.
1549 5658 1663 5712 524
1722 5657 1984 5715 habent:

662 5761 923 5825 ΡΛτιιοι..
970 5759 1078 5823 Gn.
1110 5755 1320 5821 XCIX.

2103 4895 2131 4923 «
2189 4871 2368 4927 Nemo
2423 4888 2600 4942 super
2674 4887 2764 4926 me
2843 4871 3012 4926 faciat
3096 4869 3465 4942 charitatem,
3515 4869 3633 4942 nisi
3678 4869 3740 4926 in

2100 4945 2224 4999 sola
2275 4940 2614 4998 oblatione:
2658 4959 2764 5014 ego
2815 4943 2865 4998 si
2923 4943 3029 4998 feci
3089 4941 3457 5010 charitatem,
3511 4940 3740 4997 invenio

2100 5016 2283 5071 illam.
2319 5036 2346 5064 »

2170 5088 2250 5158 (1)
2285 5088 2342 5141 In
2383 5089 2485 5142 νίι.
2519 5088 2628 5142 PP.
2661 5086 2762 5140 lib.
2790 5103 2874 5151 ιιι,
2907 5102 3046 5140 num
3109 5086 3230 5153 163,
3266 5103 3395 5158 pag.
3428 5085 3531 5139 523
3566 5102 3740 5158 pras-

2104 5157 2358 5214 mittitur
2388 5176 2401 5213 :
2437 5179 2462 5210 α
2495 5159 2769 5214 Turbatis
2801 5163 2994 5213 autem
3026 5157 3352 5226 discipulis,
3406 5157 3574 5227 quasi
3620 5157 3742 5225 jam

2103 5237 2359 5300 tempore
2391 5231 2836 5301 prOpinquante.
2872 5252 2901 5279 »
2934 5234 2997 5283 Et
3019 5229 3120 5282 lib.
3155 5246 3208 5294 ν,
3240 5227 3423 5283 libell.
3452 5229 3540 5295 15,
3559 5244 3740 5301 ιιυω.

2098 5303 2167 5357 9:
2206 5299 2238 5353 (ξ
2295 5299 2406 5366 Qui
2451 5319 2580 5356 cum
2618 5299 2961 5356 ﬁmoreretur
3013 5303 3222 5354 turbati
3285 5306 3424 5354 sunt
3481 5299 3673 5354 valde.
3712 5319 3738 5351 ι

2101 5374 2364 5438 Coteler.,
2400 5391 2533 5444 pag.
2566 5375 2691 5440 369,
2737 5371 3039 5443 μέλλοντος
3071 5371 3322 5439 τελευτᾷν
3355 5388 3368 5424 :
3431 5371 3565 5425 Cum
3619 5386 3741 5425 mo-

2098 5449 2307 5500 riturus
2332 5451 2486 5499 esset.

2172 5518 2252 5587 (2)
2287 5519 2385 5571 Vit.
2421 5518 2532 5571 PP.
2559 5538 2586 5566 ‹‹
2629 5517 2722 5571 Sic
2752 5515 3125 5586 permiseritis
3159 5514 3432 5584 cuiquam
3504 5513 3572 5568 de
3621 5528 3741 5568 cor-

2096 5605 2230 5660 pore
2261 5605 2383 5660 meo
2414 5587 2636 5660 aliquid
2672 5589 2876 5642 facere.
2919 5609 2946 5635 »

2167 5660 2240 5730 (3)
2284 5659 2390 5716 Vit.
2423 5656 2535 5714 PP.
2571 5681 2598 5709 ι(
2631 5662 2920 5715 Mortuum
2955 5659 3163 5714 vestire
3194 5657 3279 5713 vel
3312 5656 3577 5727 sepelire.
3608 5677 3637 5706 ι

3342 5756 3420 5815 28
