4090 6288
405 398 522 459 875

1639 391 1718 470 is.
1765 389 2164 456 THEODORI
2209 393 2571 459 s'rumm

3669 404 3778 468 876

405 567 582 624 quare
615 549 870 623 [aesculo]
901 565 1167 620 egressus
1187 566 1249 605 es
1272 549 1395 622 (4)?
1425 549 1555 606 Haec
1577 566 1638 606 re
1669 548 2040 622 signiﬁcans:

2169 556 2327 607 νητον
2357 537 2448 591 τὸν
2483 541 2608 592 νοῦν
2641 535 2908 612 διατήρει,
2936 534 3028 595 ’ίνα
3061 540 3138 615 μὴ
3172 536 3258 595 διὰ
3288 544 3388 610 τῆς
3438 535 3603 613 λήθης
3643 542 3783 609 κενὸς

407 641 711 709 Quoniam,
745 639 955 710 aiebat,
988 643 1043 696 te
1074 639 1268 711 ipsum
1301 640 1590 709 obtulisti,
1643 648 1700 696 ut
1749 655 1884 696 cum
1933 638 2049 696 Deo

2161 630 2293 705 γὲνῃ
2326 633 2420 684 τοῦ
2454 627 2894 702 συναμιλλᾶσθαι
2925 633 3009 701 (p)
3037 634 3174 702 Θεῷ.

402 732 738 799 versareris,
771 729 999 786 custodi
1033 734 1285 786 mentem
1313 729 1815 800 imperturbatum,
1839 734 1903 786 ut
1944 746 2044 802 per
2073 725 2418 786 oblivionem
2471 739 2686 779 vacuus
2717 738 2833 777 non
2890 723 2996 777 fias
3055 724 3125 778 ad
3184 725 3629 781 conversandum
3661 742 3781 782 cum

403 825 541 879 Deo.

470 915 560 968 22.
589 911 826 968 Dicebat
855 912 1027 969 etiam
1079 910 1223 967 illud
1257 927 1271 968 :
1308 911 1582 967 Poenituit
1612 911 1766 967 enim
1799 926 1929 967 vero
1975 926 2059 967 me

404 1002 617 1073 saepius
649 1002 749 1073 (5),
777 1001 1038 1058 locutum
1072 1017 1228 1068 esse;
1264 1001 1518 1057 tacuisse
1540 1019 1669 1058 vero
1727 1017 2054 1073 nunquam.

406 1092 522 1148 Hoc
586 1091 802 1163 quippe
852 1091 1132 1147 indicavit
1180 1091 1260 1162 (6)
1314 1092 1584 1159 Sanctus,
1633 1107 1733 1161 per
1798 1089 2054 1146 multilo-

405 1182 603 1254 quium
639 1181 851 1249 saepius
881 1179 1205 1247 hominem,
1236 1181 1336 1251 qui
1368 1196 1483 1235 non
1517 1180 1784 1247 attendit,
1815 1184 1879 1235 ut
1919 1196 2055 1236 con-

407 1288 554 1343 grue.
588 1270 861 1341 proferat,
896 1269 1051 1337 labi;
1086 1270 1143 1324 in
1191 1269 1551 1325 calamitates
1602 1269 1806 1341 utique
1852 1269 2054 1325 morti-

409 1361 562 1416 feras
605 1377 672 1416 ac
725 1359 1128 1415 contentiones
1184 1358 1628 1430 praecipitatum.
1690 1360 1851 1424 Quod
1913 1361 2052 1414 dum

412 1463 616 1505 amens
648 1464 762 1503 non
789 1446 983 1515 sentit,
1017 1447 1355 1517 paenitentia
1387 1463 1500 1501 non
1524 1447 1777 1513 ducitur,
1806 1447 1908 1502 sed
1939 1446 2050 1500 im-

409 1537 692 1610 pudentia
724 1537 916 1607 potius
947 1536 1280 1591 econtrario
1339 1537 1412 1591 ad
1472 1535 1831 1607 loquendum
1884 1535 2054 1592 robo-

412 1634 576 1684 ratur
595 1631 831 1699 propter
851 1626 1282 1682 contentionem
1316 1625 1553 1682 malitiae
1585 1643 1597 1681 :
1652 1643 1786 1681 nam
1848 1626 2052 1698 pedica

408 1718 600 1773 valida
630 1717 750 1772 viro
780 1722 919 1772 sunt
950 1715 1182 1787 propria
1213 1715 1367 1771 labia
1397 1720 1452 1771 et
1493 1716 1713 1787 pr0prii
1755 1715 1873 1771 oris
1919 1733 2052 1771 ver-

409 1807 498 1863 bis
528 1810 814 1878 captatur.
847 1808 918 1861 At
947 1805 1292 1876 sapientem,
1315 1812 1368 1860 et
1401 1805 1499 1876 qui
1533 1809 1788 1860 mentem
1850 1822 2049 1878 expur-

412 1901 612 1968 gatam
646 1896 838 1964 habet,
863 1895 1122 1950 locutum
1153 1899 1359 1966 praeter
1381 1895 1438 1949 id
1480 1895 1632 1964 quod
1680 1894 1895 1956 debuit,
1940 1913 2045 1951 sae—

411 1963 540 2060 puis
571 1986 862 2059 paenituit.
889 1963 1509 2058 Utinam—inquiebat,
1531 2001 1861 2042 sermonem
1903 1986 2055 2042 hunc

2169 1963 2321 2064 φήσὶ,
2358 1963 2622 2059 μιῇ-τόνδε
2661 1983 2823 2058 λόγον
2864 1963 3261 2059 προεξῆνεγκον-
3294 2003 3304 2013 ·

414 2093 532 2132 non
565 2074 918 2146 protuissem
946 2077 956 2131 Ι
985 2077 1066 2129 Ex
1093 2074 1455 2146 multiloquio
1482 2075 1638 2130 enim
1686 2091 1802 2131 non
1820 2076 2059 2131 evitabis

415 2171 731 2237 peccatum.
752 2165 886 2220 Ideo
910 2165 1061 2221 bona
1084 2181 1172 2221 res
1193 2171 1282 2220 est
1303 2169 1698 2236 opportunum
1731 2165 2055 2222 silentium.

417 2255 657 2321 Quando
688 2254 804 2325 iam
838 2255 1005 2310 morti
1037 2260 1157 2309 erat
1187 2254 1420 2310 vicinus
1436 2255 1538 2326 (7),
1596 2255 1866 2310 viderunt
1922 2271 2056 2310 eum

416 2343 866 2399 fratresﬂentem
895 2359 908 2408 ;
940 2352 990 2398 et
1023 2343 1347 2399 dicuntet:
1389 2347 1555 2411 Vere,
1617 2362 1688 2399 an
1748 2350 1807 2400 et
1859 2348 1921 2399 tu
1981 2345 2056 2399 ti-

417 2449 564 2500 mes,
597 2430 817 2490 Pater?
856 2434 1223 2504 Respondet:
1284 2432 1451 2503 Vere,
1494 2434 1690 2503 timor,
1745 2435 1844 2505 qui
1903 2451 2058 2490 nunc

421 2537 650 2578 mecum
673 2523 836 2578 estin
869 2523 978 2578 hac
1009 2523 1170 2593 hora,
1201 2539 1433 2579 mecum
1465 2527 1610 2591 erat,
1669 2539 1737 2578 ex
1785 2540 1899 2595 quo
1948 2540 2060 2579 mo-

419 2611 640 2666 nachus
672 2611 859 2668 factus
890 2629 1021 2668 sum
1051 2612 1155 2685 (7‘)
1188 2629 1201 2666 :
1237 2616 1292 2668 et
1321 2611 1406 2668 sic
1427 2611 1784 2668 obdormivit
1814 2614 1870 2668 in
1895 2630 2055 2686 pace.

418 2704 581 2758 Certe
604 2702 782 2757 abbas
815 2702 1047 2760 Poemen
1083 2703 1182 2775 (8),
1219 2701 1415 2758 audita
1473 2703 1659 2772 ipsius
1709 2710 1913 2771 morte,
1971 2703 2058 2760 la-

420 2807 688 2864 crymans
746 2792 925 2847 dixit:
978 2793 1186 2848 Beatus
1256 2808 1340 2858 es,
1399 2794 1549 2848 abba
1605 2793 1830 2860 Arseni,
1907 2796 2055 2864 quod

417 2881 673 2952 teipsum
707 2880 913 2937 ﬂevisti
947 2881 1007 2935 in
1036 2881 1144 2936 hoc
1177 2883 1397 2938 mundo
1431 2899 1445 2936 :
1479 2883 1578 2953 qui
1609 2883 1764 2938 enim
1796 2885 2055 2954 seipsum

414 2969 509 3025 hic
541 2986 656 3026 non
676 2970 791 3038 ﬂet,
826 2972 884 3025 in
917 2976 1197 3026 mternum
1236 2970 1355 3026 illic
1386 2970 1582 3026 ﬂebit:
1616 2971 1904 3044 siquidem
1963 2971 2056 3026 hic

419 3059 554 3115 ﬂere
584 3058 998 3129 voluntarium,
1032 3058 1151 3116 illic
1211 3076 1329 3116 non
1364 3059 1502 3116 ﬂere
1558 3060 1914 3133 impossibile
1963 3065 2049 3118 est

413 3163 525 3219 prae
560 3150 883 3204 tormentis.

481 3240 574 3292 23.
607 3238 872 3295 Narravit
897 3241 966 3295 de
1009 3240 1135 3312 ipso
1176 3240 1358 3296 abbas
1421 3241 1640 3307 Daniel,
1692 3242 1846 3313 quod
1903 3258 2056 3299 nun,-

2237 907 2343 981 κβ’.
2377 906 2575 978 ’Έλεγε
2615 899 2671 957 δὲ
2701 902 2788 956 καὶ
2822 905 2982 957 τοῦτο
3017 920 3029 934 ⁸
3093 899 3350 973 Λαλήσας
3389 903 3489 979 γὰρ
3535 903 3786 971 πολλάκις

2171 995 2573 1069 μετεμελήθην,
2633 993 2920 1062 σιωπήσας
2977 989 3035 1045 δὲ
3101 988 3379 1048 οὐδέποτε.
3434 991 3616 1066 Τούτῳ
3694 995 3788 1072 γὰρ

2167 1084 2440 1157 ἐδήλωσεν
2475 1085 2501 1136 ὁ
2532 1085 2737 1148 Ὅσιος,
2772 1082 2854 1136 ὅτι
2904 1083 2963 1136 ἐκ
3008 1079 3345 1157 πολυλογίας
3395 1081 3675 1153 πολλάκις,
3705 1087 3787 1140 καὶ

2173 1177 2247 1248 μή
2311 1172 2711 1249 ἐστοχασμένος
2769 1169 3090 1248 προσφέρειν
3150 1171 3216 1225 τὰ
3272 1172 3594 1245 ἁρμόζοντα,
3651 1173 3788 1228 ἐκπί.

2165 1285 2285 1320 πτει
2342 1267 2368 1319 ὁ
2428 1262 2732 1338 ἅνθρωπος,
2791 1259 2880 1315 καὶ
2939 1260 3025 1315 ἐπὶ
3085 1262 3366 1338 συμφορᾶς
3420 1259 3553 1324 τίσως
3584 1263 3667 1318 καὶ
3697 1265 3788 1319 θα-

2163 1354 2526 1432 νατγ,φὸρους,
2585 1353 2670 1406 καὶ
2736 1349 3108 1426 δικαιολογίας
3181 1352 3613 1424 κρημνιζόμενος
3674 1373 3687 1386 ·
3762 1356 3787 1409 ’ὀ

2163 1443 2347 1520 ἄφρων
2383 1445 2459 1516 μὴ
2508 1441 2918 1515 αἰσθανόμενος,
2951 1441 3012 1495 οὗ
3064 1438 3443 1516 μττεμελήθη,
3476 1440 3612 1496 ἀλλὰ
3659 1443 3784 1514 μᾶλ-

2163 1535 2259 1590 λον
2291 1535 2663 1608 ἀναισχυντῶν
2693 1530 2781 1587 ἐπὶ
2812 1533 2873 1587 τὸ
2904 1530 3140 1586 ἐναντίον
3191 1530 3269 1594 εἷς
3300 1533 3362 1586 τὸ
3413 1531 3585 1606 λέγειν
3622 1530 3788 1607 ἀνδρί-

2162 1631 2307 1695 ζεται
2364 1623 2452 1678 διὰ
2506 1618 2618 1698 ἔριν
2666 1623 2855 1682 κακίας
2891 1638 2904 1651 ⁶
2964 1621 3124 1696 παγίς
3175 1622 3277 1697 γὰρ
3312 1620 3514 1696 ἰσχυρὰ
3550 1619 3692 1695 ἀνδρὶ
3727 1623 3786 1676 τὰ

2160 1714 2274 1772 ἴδια
2305 1713 2498 1794 χείλη,
2531 1715 2620 1769 καὶ
2648 1715 2925 1769 ἁλίσκεται
2959 1715 3193 1788 ῥήμασιν
3227 1711 3371 1767 ἰδίου
3423 1712 3702 1786 στόματος.
3728 1714 3785 1768 (Ο

2160 1803 2217 1860 δὲ
2275 1803 2504 1883 εὔφρων,
2553 1804 2644 1859 καὶ
2697 1804 2787 1858 τὸν
2836 1808 2957 1858 νοῦν
3007 1802 3403 1878 κεκαθαρμένον
3435 1802 3664 1877 ἐπέχων,
3694 1799 3786 1856 λαε

2164 1896 2338 1967 λήσας
2371 1896 2514 1969 παρᾶ
2543 1897 2603 1950 τὸ
2647 1892 2786 1962 δέον,
2821 1893 3092 1957 πολλάκις
3119 1893 3489 1967 μετεμελήθη.
3523 1893 3641 1950 Εἴθε
3669 1893 3787 1966 γὰρ,

3365 1985 3429 2037 ὲκ
3476 1981 3573 2059 γᾶρ
3621 1980 3790 2036 ’πολυ-⁹

2167 2076 2354 2151 λογίας
2387 2076 2489 2130 οὐκ
2518 2074 2741 2150 ἐκφεύξῃ
2776 2075 3068 2147 ἁμαρτίαν.
3113 2073 3209 2128 Διὰ
3236 2078 3399 2127 τοῦτο
3434 2070 3594 2126 καλὸν
3627 2073 3661 2140 ἡ
3710 2069 3790 2126 εῦ-

2162 2185 2350 2239 καιρος
2403 2167 2606 2234 σιωπή.
2652 2166 2741 2224 Ὡς
2789 2162 2845 2217 δὲ
2875 2162 3036 2240 ἐγγὺς
3077 2165 3140 2232 ἦν
3174 2161 3270 2217 τοῦ
3299 2162 3552 2232 τελευτᾷν
3593 2176 3630 2230 τ,
3662 2158 3790 2216 εἶδον

2163 2255 2324 2309 αὐτὸν
2359 2252 2409 2308 οἱ
2454 2251 2678 2329 ἀδελφοὶ
2731 2250 3012 2323 κλαίοντα,
3060 2250 3149 2306 καὶ
3199 2251 3454 2328 λέγουσιν
3495 2250 3636 2321 αὐτῷ
3667 2268 3676 2280 ·
3711 2249 3788 2304 Ἐν

2163 2341 2394 2414 ἀληθείᾳ
2425 2343 2512 2397 καὶ
2566 2341 2626 2396 σὺ
2679 2337 2844 2418 φοϐῇ,
2899 2341 3069 2414 Πάτερ
3105 2361 3119 2410 ;
3154 2342 3250 2394 Καὶ
3283 2340 3430 2414 λέγει
3461 2339 3638 2400 αὐτοῖς
3671 2381 3684 2394 .
3715 2340 3794 2393 Ἐν

2161 2429 2392 2502 ἀληθείᾳ
2425 2433 2452 2486 ὁ
2484 2427 2652 2509 φόϐος
2684 2432 2711 2486 ὁ
2734 2435 2822 2484 νῦν
2854 2429 2927 2485 ὢν
2966 2431 3079 2503 μετ’
3119 2430 3252 2502 ἐμοῦ
3301 2427 3354 2483 ἐν
3405 2433 3474 2502 τῇ
3524 2428 3636 2502 ὥρᾳ
3673 2425 3790 2481 ταύ-

2159 2543 2224 2596 τῃ
2259 2540 2271 2552 ⁸
2308 2522 2422 2595 μετ’
2453 2519 2588 2594 ἐμοῦ
2618 2521 2703 2588 ἦν,
2738 2521 2826 2596 ἀφ’
2859 2521 2920 2574 οὗ
2952 2522 3151 2596 γὲγονα
3193 2519 3442 2596 μοναχός
3466 2537 3477 2550 ·
3511 2519 3598 2572 καὶ
3633 2517 3792 2576 οὕτως

2160 2612 2432 2683 ἐκοιμήθη
2469 2609 2522 2664 ὲν
2573 2610 2787 2685 εἰρήνῃ.
2841 2610 3059 2684 ’Δμέλει
3111 2611 3138 2664 ὁ
3189 2605 3358 2671 ἆϐϐἆς
3392 2611 3606 2682 Ποιμήν
3638 2606 3792 2662 ἀκού-

2161 2721 2253 2759 σας
2282 2701 2363 2754 ὅτι
2409 2699 2706 2771 ἐκοιμήθη,
2741 2698 3005 2774 δακρύσας
3043 2698 3186 2754 εἶπεν
3220 2718 3234 2730 ·
3285 2700 3564 2772 Μακάριος
3594 2698 3656 2767 εἴ,
3706 2690 3796 2750 ἅϐ-

2163 2790 2232 2849 6ἆ
2263 2795 2522 2868 Ἀρσένιε,
2557 2793 2638 2847 ὅτι
2671 2790 2936 2850 ἔκλαυσας
2969 2788 3159 2844 σαυτὸν
3191 2787 3243 2844 ἐν
3264 2785 3408 2860 τῷδε
3446 2792 3526 2859 τῷ
3572 2787 3754 2858 κόσμῳ
3779 2802 3790 2815 ·

2161 2885 2188 2938 ὁ
2219 2885 2322 2959 γὰρ
2359 2885 2434 2957 μὴ
2465 2881 2670 2938 κλαίων
2715 2881 2902 2936 ἑαυτὸν
2951 2877 3076 2949 ὧδε,
3132 2877 3368 2939 αἱωνίως
3419 2877 3530 2934 ἐκεῖ
3574 2875 3795 2932 κλαύσε-

2157 2995 2244 3028 ται
2277 2990 2289 3004 ⁸
2327 2972 2432 3027 εἴτε
2467 2971 2560 3027 οὖν
2595 2969 2700 3026 ὧδε
2731 2971 2874 3041 ἒκὸν,
2907 2968 3011 3024 εἴτε
3061 2967 3170 3024 ἐκεῖ
3216 2966 3322 3022 ἀπὸ
3371 2968 3618 3042 βασάνων
3651 2963 3796 3038 ιἀδύ-

2158 3084 2314 3118 νατον
2353 3064 2426 3136 μή
2459 3060 2710 3116 κλαῦσαι.

2232 3244 2335 3316 κγ’.
2365 3243 2675 3316 Διηγήσατο
2719 3237 2776 3294 δὲ
2822 3233 2993 3300 ἀϐϐἄς
3045 3237 3248 3305 Δανιὴλ
3298 3235 3422 3311 περὶ
3483 3236 3670 3304 αὐτοῦ,
3725 3231 3799 3285 ὅτι

415 3343 591 3400 quam
610 3329 764 3400 loqui
798 3329 1042 3385 voluerit
1063 3331 1134 3386 de
1164 3330 1482 3401 quaestione
1507 3331 1699 3402 aliqua
1723 3332 2055 3402 Scripturse,

2171 3330 2428 3387 οὐδέποτε
2457 3331 2696 3401 ἠθέλησε
2727 3326 2965 3397 λαλῆσαι
3008 3329 3225 3399 ζήτημα
3269 3333 3368 3395 τῆς
3420 3332 3658 3402 Γραφῆς,
3689 3321 3798 3376 καί.

413 3433 777 3488 quanquam,
811 3417 859 3472 si
874 3418 1162 3488 voluisset,
1198 3420 1353 3489 loqui
1385 3420 1674 3490 potuisset
1705 3437 1718 3474 :
1754 3422 1853 3476 sed
1879 3437 2062 3491 neque

413 3505 723 3576 epistolam
759 3507 925 3562 facile
957 3508 1272 3564 scribebat.
1308 3508 1548 3574 Quando
1583 3514 1774 3566 autem
1815 3526 1918 3582 per
1965 3511 2061 3565 in-

413 3595 652 3652 tervalla
711 3595 976 3652 veniebat
1033 3598 1102 3652 ad
1163 3595 1465 3653 ecclesiam
1527 3613 1674 3669 pone
1721 3597 2057 3655 columnam

411 3684 670 3752 sedebat,
705 3689 768 3739 ut
796 3701 968 3740 nemo
999 3686 1221 3742 videret
1252 3686 1456 3743 faciem
1488 3687 1638 3756 ejus,
1699 3703 1889 3758 neque
1937 3688 2060 3758 ipse

413 3775 489 3830 rei
522 3773 685 3830 alteri
733 3775 1078 3832 attenderet.
1130 3779 1269 3833 Erat
1306 3775 1506 3832 vultus
1581 3777 1708 3848 ejus
1768 3777 2059 3850 angelieus

411 3865 599 3920 instar
629 3864 810 3921 Jacob
841 3882 856 3932 ;
883 3870 1006 3922 erat
1035 3865 1160 3936 ipse
1193 3870 1351 3922 totus
1381 3883 1562 3922 canus
1597 3885 1611 3935 ;
1645 3883 1742 3923 ore
1798 3868 2055 3933 festivus,

410 3954 628 4019 aridus,
663 3958 887 4011 statura
909 3970 1207 4027 procerus,
1235 3959 1293 4010 at
1341 3973 1456 4027 praa
1515 3961 1813 4013 senectute
1860 3957 2058 4014 incur—

414 4060 542 4099 vus.
576 4043 840 4100 Habebat
874 4045 1111 4101 barbam
1153 4044 1462 4118 prolixam,
1495 4047 1565 4102 ad
1616 4051 1819 4119 pectus
1875 4063 2058 4120 usque

417 4137 791 4202 protensam:
826 4134 926 4206 pili
959 4140 1155 4190 autem
1188 4135 1488 4193 oculorum
1534 4137 1662 4206 ejus
1719 4155 1831 4208 prae
1871 4139 2057 4194 multo

420 4221 559 4278 ﬂetu
591 4223 944 4280 exciderant.
977 4223 1134 4280 Obiit
1171 4241 1390 4281 annum
1450 4242 1625 4293 agens
1688 4243 2057 4300 nonagenum

2169 3441 2270 3496 περ
2319 3419 2618 3493 δυνάμενος
2657 3419 2919 3488 λαλῆσαι,
2972 3417 3016 3470 εἷ
3062 3413 3256 3484 ἤθελεν
3287 3433 3299 3446 ·
3351 3413 3481 3470 ἀλλ’
3529 3411 3651 3469 οὔτε
3694 3411 3804 3466 ἐπι-

2172 3508 2373 3578 στολὴν
2419 3509 2636 3588 ταχέως
2697 3504 2942 3582 ἔγραφεν.
2986 3508 3111 3560 ’Ότε
3160 3502 3215 3559 δὲ
3264 3503 3476 3578 ἤρχετο
3527 3502 3602 3564 εἰς
3632 3502 3725 3569 τήν
3753 3497 3808 3552 ἐκ

2168 3598 2400 3670 κλησίαν
2448 3595 2537 3653 διὰ
2594 3596 2820 3676 χρόνου,
2883 3594 3058 3650 ὀπίσω
3093 3599 3190 3650 τοῦ
3241 3593 3449 3650 στύλου
3516 3592 3804 3658 ἐκαθίζετο,

2166 3690 2257 3744 ἳνα
2291 3687 2482 3762 μηδεὶς
2527 3685 2616 3762 ἴδῃ
2643 3687 2704 3741 τὸ
2737 3685 3030 3761 πρόσωπον
3062 3684 3248 3755 αὐτοῦ,
3287 3685 3362 3756 μή
3417 3703 3476 3737 τε
3523 3680 3676 3740 αὐτὸς
3719 3675 3804 3731 ἆλ-

2172 3778 2271 3834 λου
2302 3783 2524 3855 προσχῇ
2560 3796 2573 3809 ·
2607 3776 2673 3844 ἦν
2709 3773 2766 3829 δὲ
2795 3774 2857 3828 τὸ
2886 3771 3030 3835 εἷδυς
3079 3773 3243 3828 αὐτοῦ
3291 3771 3607 3848 ἀγγελικὸς,
3636 3765 3806 3838 ὥσπερ

2169 3867 2265 3922 τοῦ
2297 3863 2517 3936 Ἰακὼϐ,
2568 3865 2888 3933 ὁλοπόλιος,
2920 3863 3132 3924 ἀστεῖος
3180 3865 3259 3934 τῷ
3310 3862 3542 3935 στόματι
3571 3876 3608 3929 ⁵,
3666 3855 3819 3930 ξηρὸς

2170 3954 2225 4011 δὲ
2258 3957 2473 4031 ὑπῆρχε
2511 3956 2601 4010 καὶ
2657 3954 2885 4029 μακρὸς,
2930 3951 3056 4008 ἀλλ’
3106 3951 3385 4026 ἐκυρτώθη
3430 3950 3536 4005 ἀπὸ
3565 3951 3658 4003 τοῦ
3712 3946 3805 4019 γή-

2171 4067 2300 4122 ρως.
2337 4045 2494 4120 Εἶχεν
2537 4043 2594 4099 δὲ
2629 4045 2724 4099 τὸν
2772 4045 3007 4119 πώγωνα
3039 4038 3224 4117 μέγαν,
3257 4040 3529 4116 φθάνοντα
3573 4035 3675 4098 ἕως
3719 4041 3811 4103 τῆς

2169 4135 2384 4198 κοιλίας
2417 4153 2430 4167 ’
2495 4136 2548 4189 αἱ
2581 4131 2638 4189 δὲ
2685 4135 2874 4207 τρίχες
2924 4136 3030 4186 τῶν
3081 4129 3383 4207 ὀφθαλμῶν
3429 4129 3595 4184 αὐτοῦ
3636 4125 3809 4181 ἔπεσον

2167 4227 2276 4282 ἀπὸ
2309 4229 2404 4282 τοῦ
2434 4223 2651 4281 πολλοῦ
2685 4222 2972 4296 κλαυθμοῦ
3001 4240 3014 4254 ⁸
3047 4218 3276 4293 τελευτᾷ
3305 4224 3323 4257 ι
3355 4217 3416 4275 δὲ
3465 4218 3599 4274 ἐτῶν
3647 4214 3811 4285 ἐνενή-

1763 4354 2008 4412 VARI/E
2049 4355 2466 4412 LECTIONES.

488 4451 560 4523 (ν)
594 4450 665 4506 al.
703 4445 950 4521 ἤμελλεν
984 4444 1342 4524 παραδιδὸναι
1373 4449 1436 4505 τὸ
1465 4453 1694 4524 πνεῦμα.
1773 4453 1841 4525 (5)
1881 4453 2123 4510 Coteler.
2170 4455 2424 4526 ,σώμαι-ει,
2500 4454 2565 4525 (ι)
2597 4450 2840 4509 ροιθιθιι,
2881 4446 3104 4522 ἐγένετο,

2009 4563 2240 4620 NOTAE.

487 4651 566 4723 (p)
601 4645 1070 4725 Xuvapcnieﬂat,
1104 4651 1253 4722 quod
1279 4656 1402 4706 erat
1431 4652 1718 4725 ininostro
1746 4653 2101 4725 apographo,
2133 4668 2314 4725 quam
2343 4652 2437 4707 hic
2469 4651 2616 4725 satis
2659 4651 2726 4725 ad
2771 4650 3134 4725 propositum
3184 4647 3376 4725 faciat,
3451 4664 3570 4725 non
3626 4645 3799 4699 video:

419 4719 518 4780 est
535 4719 690 4778 enim
723 4738 847 4776 cum
877 4721 1062 4791 aliquo
1093 4719 1426 4796 concertare.
1461 4724 1670 4780 Melius
1702 4719 1944 4796 quadrat
1967 4719 2404 4795 ’συνομῐλεῖσθαι,
2439 4733 2497 4778 ut
2522 4724 2614 4780 hic
2644 4722 2720 4778 sit
2748 4719 2961 4779 versari
3010 4737 3143 4778 cum
3193 4721 3308 4776 Deo
3342 4735 3356 4774 :
3421 4721 3629 4790 sicque
3683 4731 3796 4772 con-

416 4796 573 4868 gruit
596 4798 676 4864 τῷ
705 4797 965 4860 σσνεῖναι,
991 4795 1141 4864 quod
1177 4795 1467 4864 praecedit.

489 4892 566 4963 (4)
603 4893 703 4948 Vit.
740 4894 852 4948 PP.
886 4913 914 4943 ‹‹
949 4891 1049 4948 Ille
1072 4896 1267 4947 autem
1318 4908 1510 4948 sermo
1552 4910 1776 4965 semper
1817 4899 1939 4950 erat
2004 4895 2061 4950 in

415 4980 513 5021 ore
543 4965 794 5020 Arsenii.
833 4987 859 5012 »
893 4965 1049 5029 Quod
1083 4965 1260 5019 etiam
1296 4980 1405 5035 prae
1437 4967 1624 5020 oculis
1674 4967 1884 5021 habuit
1931 4984 2060 5022 san-

416 5043 545 5092 ctus
577 5035 942 5107 Euthymius,
982 5040 1043 5090 ut
1073 5040 1300 5108 constat
1329 5052 1396 5090 ex
1427 5038 1556 5091 Vita
1574 5038 1701 5108 ejus
1747 5040 1818 5092 2O
1846 5038 2059 5092 Janua-

416 5109 508 5175 rii,
543 5124 668 5179 pag.
707 5109 832 5174 311,
857 5123 1020 5162 num.
1055 5107 1144 5179 59.
1205 5107 1447 5161 Sanctus
1492 5107 1815 5163 Dorotheus
1872 5109 2061 5164 archi-

417 5177 731 5246 mandrita,
776 5197 809 5234 a
837 5177 1106 5234 Corderio
1139 5183 1336 5232 nostro
1361 5179 1574 5244 editus,
1611 5180 1975 5235 institutione
1997 5182 2062 5234 10

417 5254 502 5307 sic
533 5253 706 5306 habet
739 5268 804 5303 :«c
841 5250 1122 5304 Arsenius
1147 5249 1327 5302 abbas
1357 5250 1466 5303 sibi
1503 5251 1627 5318 ipse
1677 5252 1908 5306 assidue
1967 5252 2059 5305 in-

417 5323 681 5380 culcabat
710 5339 722 5377 :
748 5322 950 5376 Arseni
985 5336 1162 5390 quare
1193 5319 1420 5394 exivisti
1455 5320 1480 5374 ?
1510 5327 1624 5376 Nos
1658 5327 1774 5376 tam
1838 5324 2060 5394 perdite

417 5397 692 5450 socordes
724 5409 950 5456 sumus,
986 5397 1048 5445 ut
1082 5407 1268 5461 neque
1292 5391 1569 5460 sciamus,
1611 5409 1788 5459 quare
1817 5391 2057 5450 e'xiveri-

417 5484 571 5533 mus,
597 5481 785 5534 neque
815 5462 1235 5537 intelligamus,
1272 5461 1410 5532 quid
1445 5464 1560 5537 sit,
1597 5466 1751 5537 quod
1816 5467 2059 5521 volucri-

419 5555 571 5592 mus.
607 5541 972 5606 Quapropter
995 5551 1108 5588 non
1137 5534 1326 5588 solum
1362 5534 1724 5606 proficimus,
1754 5539 1855 5593 sed
1906 5555 2054 5594 sem-

419 5627 522 5681 per
553 5608 889 5681 afiligimur.
928 5627 956 5655 »

491 5680 569 5749 (5)
620 5680 722 5733 Vit.
802 5679 913 5732 PP.
967 5698 993 5726 κ
1073 5677 1310 5749 Semper
1356 5679 1673 5751 paenituit:
1729 5703 1758 5732 »
1811 5680 2053 5740 Coteler.

418 5765 564 5817 sape

491 5822 571 5890 (6)
605 5821 757 5877 llanc
799 5823 1104 5878 asceticam
1163 5821 1626 5893 explanationem
1678 5825 1761 5882 vel
1823 5827 2052 5898 proprio

2176 4899 2363 4950 marte
2385 4894 2677 4964 adjecerit,
2693 4893 2780 4949 vel
2804 4892 3035 4948 aliunde
3049 4891 3223 4947 fuerit
3246 4893 3557 4964 mutuatus
3575 4890 3794 4944 sanctus

2174 4961 2514 5022 Theodorus
2545 4967 2792 5034 Studita,
2808 4981 2982 5037 quam
3003 4980 3105 5020 nec
3129 4963 3283 5034 apud
3305 4961 3685 5030 Cotelerium,
3711 4970 3803 5014 nec

2174 5039 2620 5129 inlz‘it."l’P.nhnic
2645 5037 2888 5129 reperio.
2953 5113 2970 5129 ι
3109 5109 3126 5129 Δ
3207 5106 3284 5129 Μ
3637 5108 3656 5129 ι
3731 5099 3778 5129 ’ἶ

2243 5111 2315 5183 (7)
2357 5111 2454 5166 Vit.
2490 5115 2602 5166 PP.
2638 5133 2664 5159 ‹‹
2699 5106 2840 5164 Cum
2871 5113 3066 5164 autem
3109 5106 3439 5162 traditurus
3503 5108 3658 5162 esset
3699 5106 3802 5173 spi-

2172 5181 2378 5238 ritu'm.
2416 5205 2442 5232 ›)

2241 5254 2345 5327 (7")
2382 5256 2479 5327 Vit.
2505 5255 2612 5308 PP.
2637 5254 2904 5327 addunt:
2946 5273 2985 5327 ς
3043 5254 3116 5327 _Et
3174 5249 3598 5327 timeo_va_lde.
3637 5268 3676 5327 n-
3727 5243 3801 5299 Ad

2169 5316 2378 5398 diem'8
2408 5325 2671 5398 Januarii
2695 5326 2754 5380 in
2784 5323 3007 5398 VitaAB.
3043 5316 3678 5398 Latirentiijustiniani
3717 5331 3806 5398 pa-

2168 5396 2435 5454 triarchae
2472 5397 2696 5463 Veneti,
2730 5412 2854 5468 cap.
2883 5396 3136 5468 1οηριιεζ
3165 5394 3293 5468 561,
3337 5393 3409 5447 de
3454 5394 3583 5468 ipso
3615 5393 3804 5468 Amori-

2170 5473 2298 5524 turo
2349 5470 2563 5526 dicitur
2598 5510 2612 5534 ,
2648 5461 2770 5523 «in
2800 5461 3036 5522 'ﬁducia
3083 5461 3422 5528 Macarium,
3479 5461 3548 5517 in
3609 5461 3805 5534 timore

2166 5543 2472 5597 Arsenium
2535 5532 2824 5596 referens:
2893 5541 3044 5593 Inter
3127 5541 3438 5604 utrumque
3517 5532 3804 5588 incedens.

2167 5617 2235 5666 ut
2267 5630 2401 5668 cum
2435 5613 2646 5668 ﬁducia
2675 5616 2976 5676 metueret,
3006 5624 3107 5664 nec
3138 5610 3263 5663 sine
3294 5609 3504 5661 timore
3551 5604 3802 5660 conﬁde-

2165 5688 2270 5740 ret.
2307 5706 2334 5735 η

2233 5756 2308 5827 (8)
2344 5756 2419 5811 De
2448 5771 2513 5811 eo
2563 5752 3027 5827 Commentarius
3094 5750 3408 5827 ριεεινὶᾳεὶἑ
3439 5745 3538 5819 qui
3589 5745 3644 5801 in
3696 5745 3792 5827 Vit.

2163 5818 2566 5883 PER/ocatur.
2602 5828 2813 5895 Pastor,
2845 5826 2900 5880 id
2939 5818 3330 5894 enim‘notpu‘qv
3365 5818 3565 5874 Grece
3596 5825 3793 5876 sonat.
