4090 6288
310 462 428 523 877

305 617 465 651 κοντα
524 596 676 653 πέντε
702 619 712 630 ·

307 687 454 749 θείας
499 690 724 761 μνήμης
753 687 1039 745 Θεοδοσίου
1069 693 1165 744 τοῦ
1200 687 1444 764 μεγάλου
1487 685 1591 748 ἕως
1639 693 1736 742 τόὖ
1768 709 1952 743 τεσσα-

309 783 575 849 ρακοστοῦ
626 773 778 838 ἔτους
821 786 920 848 τῆς
971 780 1133 834 αὑτοῦ
1185 779 1426 848 ἡλικίας,
1459 779 1548 833 καὶ
1589 777 1639 832 ἐν
1669 782 1737 851 τῇ
1781 780 1950 842 Σκῆτι

305 859 398 936 ἔτη
435 870 512 938 μ’,
544 867 634 920 καὶ
667 864 794 922 δέκα
826 868 902 929 εἷς
933 870 1120 944 Τρώην
1145 875 1245 938 τῆς
1296 867 1406 922 ἅνω
1449 862 1773 928 Βαϐυλῶνος
1821 887 1950 921 κατ-

305 957 480 1011 έναντι
541 958 849 1034 Μέμφεως’
899 960 987 1012 καὶ
1034 953 1128 1029 ἔτη
1180 962 1230 1033 γ’
1280 958 1356 1020 εἷς
1405 959 1496 1012 τὸν
1542 958 1801 1013 Κάνωπον
1851 959 1949 1025 τῆς

304 1043 739 1121 Ἀλεξανδρείας,
772 1047 861 1101 καὶ
920 1044 1065 1103 ἄλλα
1124 1048 1219 1102 δύο
1278 1043 1368 1118 ἔτη
1429 1047 1595 1117 ἦλθεν
1656 1047 1820 1102 πάλιν
1873 1047 1947 1108 εἰς

303 1137 517 1211 Τρώην,
558 1137 648 1191 καὶ
689 1136 800 1191 ἐκεῖ
848 1136 1394 1212 ἒκοιμγςθη,τελέσας
1443 1155 1468 1180 ιι
1517 1137 1570 1192 ἐν
1619 1138 1808 1212 εἰρήνῃ
1857 1137 1945 1191 καὶ

304 1222 460 1301 φόϐῳ
488 1231 619 1281 Θεοῦ
647 1227 736 1281 τὸν
774 1224 976 1301 δρόμον
1009 1226 1171 1283 αὑτοῦ
1199 1250 1210 1261 ·
1245 1226 1328 1282 ὅτι
1359 1227 1425 1296 ἦν
1459 1228 1595 1303 ἀνὴρ
1626 1227 1828 1303 ἀγαθὸς
1858 1226 1947 1281 καὶ

303 1316 528 1390 πλήρης
576 1317 886 1387 Πνεύματος
930 1316 1108 1392 ἁγίου,
1151 1319 1239 1371 καὶ
1289 1317 1539 1380 πίστεως.
1584 1315 1854 1372 Κατέλιπε
1893 1313 1948 1370 δέ

303 1431 400 1482 μοι
444 1411 533 1463 τὸν
585 1410 796 1483 χιτῶνα
836 1409 999 1464 αὐτοῦ
1045 1411 1136 1464 τὸν
1183 1407 1520 1486 ὃερματινὸν,
1557 1409 1646 1464 καὶ
1703 1409 1946 1484 τρίχινον

298 1499 521 1570 κάμισιν
565 1497 776 1567 λευκὸν,
809 1499 897 1552 καὶ
932 1497 1196 1555 σανδάλια
1225 1495 1494 1555 σεϐέννινα
1532 1515 1577 1570 ν,
1610 1501 1699 1554 καὶ
1751 1501 1859 1575 ἐγὼ
1919 1501 1946 1553 ὁ

298 1589 506 1662 ἀνάξιος
547 1587 772 1664 Epopeus:
802 1587 957 1657 αὐτὰ,
991 1587 1140 1649 ὅπως
1182 1589 1487 1665 εὐλογηθῶ.
1521 1594 1693 1644 Τοῦτο
1746 1589 1808 1643 τὸ
1839 1590 1943 1643 πέ-

300 1700 394 1752 ρας
425 1682 523 1732 τοῦ
567 1676 688 1751 βίου
732 1682 828 1732 τοῦ
877 1677 1161 1754 Μακαρίου
1193 1679 1489 1754 Ἀρσενίου,
1523 1681 1595 1740 ὡς
1646 1678 1696 1732 ἐν
1737 1678 1944 1754 ὀλίγοις

299 1767 353 1823 δὲ
385 1766 734 1842 διηγημένον,
765 1764 829 1834 οὐ
887 1771 1022 1823 κατὰ
1065 1768 1126 1822 τὸ
1178 1768 1394 1837 πλῆθος
1445 1774 1553 1824 τῶν
1613 1769 1941 1842 ἀξιαγοὶστων

296 1856 457 1912 αυτοῦ
489 1865 826 1935 πρακτικῶν,
857 1857 1006 1913 ἀλλὰ
1051 1857 1185 1913 κατὰ
1233 1859 1293 1914 τὸ
1343 1861 1540 1936 φθᾰσαι
1591 1857 1942 1933 βραχυμερές

296 1953 478 2022 γραφῇ
557 1947 930 2022 παραδοθῆναι
1008 1947 1154 2019 παρὰ
1239 1953 1346 2004 τῶν
1435 1948 1597 2002 ὁσίων
1654 1948 2022 2046 γερόντων.Β

299 2043 485 2110 Ἡμεῖς
521 2036 577 2093 δὲ
613 2039 702 2092 καὶ
742 2039 808 2092 τὰ
837 2038 958 2112 περὶ
993 2039 1195 2094 ἑαυτῶν
1236 2037 1541 2112 ληψόμενοι
1573 2053 1614 2100 ι,
1650 2037 1750 2092 οὐκ
1778 2037 1942 2108 ὀκνή-

299 2148 461 2200 σομεν
489 2126 674 2201 τόλμῃ
708 2129 986 2201 χρώμενοι
1019 2127 1319 2200 προσθῆναί
1351 2149 1402 2181 τι
1433 2132 1552 2187 τοῖς
1603 2128 1937 2202 εἰρημένοις,

297 2224 395 2284 τῆς
443 2218 534 2288 μὲν
588 2215 1014 2294 πενιχρολογίας
1046 2219 1209 2288 ἡμῶν
1264 2214 1528 2288 δήλωσιν,
1561 2221 1658 2272 τοῦ
1703 2214 1759 2270 δὲ
1808 2217 1941 2291 πρὸς

295 2308 384 2360 τὸν
416 2310 606 2381 ’Ἀγιον
648 2309 818 2362 πόθου
850 2305 1270 2381 ἀποπλήρωσιν.

368 2577 465 2634 κδ’.
510 2578 595 2640 Τίς
647 2579 810 2654 λόγος
881 2578 1136 2650 δυνηθείη
1204 2581 1402 2660 φράσαι
1479 2585 1574 2635 τοῦ
1633 2577 1938 2637 πανολϐίου

291 2668 508 2738 τούτου,
558 2670 647 2722 καὶ
717 2671 1088 2743 τρισμάκαρος
1151 2669 1449 2724 ὁσιωτάτου
1489 2667 1682 2741 ἀνδρὸς
1708 2671 1773 2723 τὰ
1811 2689 1940 2724 κατ-

296 2759 588 2831 ορθώματα
621 2755 1021 2830 διηγήσασθαις
1055 2757 1087 2811 ἃ
1137 2758 1196 2811 οὐ
1234 2759 1398 2830 μόνον
1443 2761 1476 2826 ἡ
1519 2761 1635 2813 καθ’
1667 2761 1814 2831 ἡμᾶς
1844 2779 1940 2832 γε-

293 2848 384 2902 νεὰ
420 2849 701 2919 θαυμάζει,
735 2848 820 2900 καὶ
874 2853 1124 2921 πειρᾶται
1168 2848 1264 2909 τὰς
1313 2851 1507 2902 τούτου
1554 2847 1850 2916 ἀθλητικᾶς
1884 2845 1935 2900 ἐν

293 2939 517 3006 ἀσκήσει
558 2934 894 3009 παλαίστρας
943 2936 1290 3006 ζηλοτυπῶν,
1327 2935 1472 2991 ἀλλὰ
1509 2938 1597 2990 καὶ
1657 2938 1711 2989 οἱ
1776 2937 1941 3009 ἀκρέ-

295 3048 458 3099 μονες
517 3027 605 3080 καὶ
666 3032 957 3104 κορυφαῖοι
1006 3031 1114 3082 τῶν
1166 3027 1331 3103 ἁγίων
1379 3027 1626 3101 ἀρχαίων
1686 3028 1935 3100 Πατέρων

280 3120 382 3186 τήν
419 3121 515 3171 τοῦ
561 3115 901 3188 ἐμηνύσαντο
962 3116 1276 3172 πολιτείαν·
1313 3114 1459 3190 λέγω
1502 3115 1569 3184 δὴ
1625 3116 1714 3170 τὸν
1768 3117 1934 3189 μέγαν

287 3205 584 3276 Εὐοῦμιον,
617 3206 675 3268 ὃς
707 3211 878 3260 πᾶσαν
931 3207 1170 3273 σπουδὴν
1211 3206 1447 3261 ἐποιεῖτο
1491 3208 1686 3260 τούτου
1743 3211 1936 3277 μιμεῖ-

285 3297 409 3349 σθαι
441 3294 533 3355 τὰς
564 3293 776 3366 ἂρετᾶς,
815 3295 916 3364 τήν
963 3315 1022 3348 τε
1066 3294 1300 3369 ἡσυχίαν
1346 3295 1532 3364 αὐτοῦ,
1569 3295 1659 3348 καὶ
1703 3297 1934 3364 σιωπὴν,

279 3385 375 3439 καὶ
422 3383 948 3456 ταπεινοφροσύνην,
978 3385 1039 3439 τὸ
1083 3388 1177 3438 τοῦ
1225 3382 1538 3456 ἐνδώματος
1582 3384 1812 3452 εὐτελὲς,
1846 3387 1934 3440 καὶ

283 3476 386 3542 τὴν
419 3478 527 3527 τῶν
564 3473 874 3547 βρωμάτων
909 3473 1152 3548 ἀποχήν,
1181 3473 1270 3528 καί
1306 3476 1407 3543 τήν
1458 3475 1534 3537 εἰς
1586 3475 1753 3528 πάντα
1803 3496 1933 3548 καρ-

279 3563 460 3634 τερίαν
508 3564 569 3617 τὸ
607 3564 782 3634 ἑαυτῷ
822 3564 1132 3637 προσέχειν,
1166 3562 1301 3618 κατὰ
1347 3565 1408 3617 τὸ
1462 3565 1550 3618 ὑπ’
1580 3563 1784 3618 ἐκείνου
1845 3563 1936 3619 λε-

281 3653 548 3728 γόμενον·
603 3654 862 3726 ’Λρσένιε,
913 3650 997 3706 διὸ
1050 3651 1303 3723 ἐξῆλθεςς
1364 3651 1599 3722 Ἐζήλου
1660 3651 1715 3707 δὲ
1772 3653 1936 3708 αὐτοῦ

282 3743 372 3796 καὶ
422 3744 520 3810 τὴν
583 3741 888 3814 κατάνυξιν,
920 3744 1009 3796 καὶ
1057 3743 1123 3796 τὰ
1182 3739 1406 3816 δάκρυα,
1447 3744 1537 3796 καὶ
1595 3746 1688 3804 τὰς
1736 3743 1938 3798 παννύ-

282 3851 420 3905 χους
453 3833 772 3906 ἀγρυπνίας,
803 3832 864 3886 τὸ
897 3829 1207 3908 φιλέρημὸν
1256 3852 1313 3886 τε
1360 3831 1447 3886 καὶ
1503 3830 1810 3905 μισόὸοξον,
1844 3833 1932 3887 καὶ

939 465 1231 526 ORATIO
1273 466 1408 526 XII.
1456 497 1533 511 —
1578 465 1972 528 LAUDATIO
2017 463 2075 527 S.
2125 463 2443 527 ARSENII
2487 463 3079 528 ANACHORETA'].

759 598 1008 670 ἐποίησεν
1062 599 1118 654 δὲ
1166 599 1241 661 εἰς
1291 599 1353 654 τὸ
1405 598 1669 653 παλάτιον
1716 601 1811 652 τοῦ
1849 603 1941 667 τῆς

2063 600 2352 672 quintum.
2377 600 2587 657 Mansit
2606 615 2774 672 porro
2797 601 2857 656 in
2880 601 3092 674 palatio
3115 603 3482 675 imperatoris
3507 607 3700 664 Theo-

3590 471 3709 532 878

2067 689 2215 744 dosii
2247 690 2461 772 (magni
2525 691 2733 746 divinas
2778 691 3071 747 memoriae
3132 709 3318 765 usque
3350 697 3421 750 ad
3481 713 3702 752 annum

2063 794 2178 833 suae
2228 780 2415 834 astatis
2473 781 2984 852 quadragesimum
3027 781 3143 854 (9):
3204 782 3262 837 in
3310 784 3462 840 Sceti
3520 803 3705 842 annos

2062 868 2480 940 quadraginta:
2514 869 2574 924 in
2604 870 2749 925 Troe
2792 887 2924 927 vero
2954 871 3269 942 superioris
3310 873 3423 945 (10)
3456 875 3704 948 Babylo-

2061 958 2153 1012 nis
2185 975 2384 1012 versus
2415 958 2760 1029 Memphim,
2793 976 2979 1014 annos
3012 962 3247 1017 decem:
3277 967 3393 1019 tres
3425 965 3482 1017 in
3515 967 3706 1021 Cano-

2062 1065 2132 1118 po
2163 1047 2278 1119 (11)
2309 1047 2666 1103 Alexandriae
2703 1065 2716 1102 :
2759 1053 2815 1104 et
2862 1048 3103 1121 reliquis
3151 1051 3378 1107 duobus
3410 1054 3580 1110 annis
3613 1072 3702 1111 re-

2061 1137 2169 1192 diit
2221 1138 2278 1192 in
2337 1143 2560 1202 Troen;
2617 1137 2811 1208 ibique
2868 1140 3240 1209 obdormivit,
3287 1159 3702 1200 consummans

2061 1243 2297 1282 cursum
2331 1243 2502 1283 suum
2533 1229 2594 1282 in
2628 1243 2766 1297 pace
2797 1244 2863 1283 ac
2893 1229 3097 1284 timore
3127 1229 3264 1286 Dei:
3300 1233 3437 1303 quia
3467 1237 3590 1288 erat
3615 1234 3704 1289 vir

2059 1317 2249 1372 bonus
2297 1321 2354 1373 et
2392 1316 2598 1387 plenus
2628 1316 2844 1389 Spiritu
2893 1325 3089 1374 sancto
3147 1323 3204 1374 et
3250 1320 3386 1376 ﬁde.
3448 1321 3704 1393 Reliquit

2058 1413 2250 1465 autem
2283 1409 2427 1465 mihi
2458 1410 2758 1481 pelliceam
2781 1427 2948 1466 suam
2973 1412 3254 1479 tunicam,
3279 1413 3592 1486 albamque
3611 1430 3703 1472 ca-

2059 1499 2284 1554 misiam
2320 1501 2426 1569 (12)
2458 1498 2771 1566 cilicinam,
2815 1514 2919 1555 nec
2951 1517 3066 1556 non
3097 1501 3381 1571 sandalia,
3413 1519 3444 1558 θ
3474 1504 3704 1574 palmu-

2056 1588 2108 1642 la
2140 1588 2419 1642 confecta.
2454 1590 2521 1642 Et
2565 1603 2666 1659 ego
2708 1589 2984 1660 indignus
3016 1589 3112 1645 illa
3153 1591 3394 1663 gestavi,
3429 1597 3493 1648 ut
3523 1593 3704 1649 bene-

2056 1679 2278 1733 dicerer
2307 1679 2440 1748 (13).
2490 1678 2592 1733 Hic
2650 1678 2778 1734 vitte
2834 1679 3060 1734 Arsenii
3123 1682 3446 1749 transitus;
3508 1684 3700 1754 paucis

2056 1769 2292 1840 quidem
2326 1769 2640 1840 expositus,
2697 1786 2809 1823 non
2861 1775 3052 1824 autem
3105 1775 3275 1840 prout
3305 1789 3522 1841 rerum,
3555 1791 3698 1846 quas

2054 1859 2256 1931 gessit,
2290 1858 2674 1914 admiratione
2725 1858 3027 1929 dignarum
3061 1860 3367 1916 multitudo
3398 1863 3696 1934 exigebat;

2056 1950 2154 2005 sed
2191 1955 2361 2020 prout
2409 1951 2732 2004 secundum
2757 1953 2949 2018 tenue,
2987 1952 3137 2022 quod
3173 1954 3490 2022 praecessit,
3534 1970 3700 2010 com-

2053 2039 2331 2110 pendium
2382 2055 2414 2093 a
2456 2039 2675 2094 sanctis
2724 2039 2963 2094 senibus
3013 2040 3228 2112 scripto
3277 2043 3696 2098 commendata:

2052 2132 2212 2183 sunt.
2242 2127 2359 2183 Nos
2388 2144 2544 2195 vero,
2569 2130 2700 2198 post
2730 2127 2848 2183 haec
2879 2129 2951 2184 ab
2980 2128 3124 2199 ipsis
3158 2135 3412 2202 accepta,
3435 2147 3549 2186 non
3572 2148 3700 2203 gra-

2052 2219 2318 2272 vabimur
2348 2218 2561 2273 audere
2590 2217 2830 2288 aliquid,
2865 2227 2918 2273 et
2949 2219 3262 2290 adjungere
3291 2219 3381 2287 iis,
3415 2237 3541 2291 quae
3566 2222 3693 2292 jam

2051 2305 2208 2360 dicta
2247 2310 2404 2370 sunt,
2437 2309 2556 2360 tam
2589 2309 2653 2360 ut
2683 2306 3026 2361 ostendatur
3055 2307 3339 2363 sermonis
3365 2309 3550 2365 nostri
3584 2327 3691 2382 pe-

2052 2395 2237 2462 nuria,
2297 2410 2470 2466 quam
2524 2399 2588 2449 ut
2654 2411 2943 2466 propensa
2997 2395 3057 2450 in
3108 2403 3373 2454 sanctum
3421 2397 3692 2455 voluntas

2052 2484 2370 2555 expleatur.

2118 2574 2208 2629 24.
2261 2575 2537 2639 Quaenam
2605 2574 3054 2632 fortunatissimi
3113 2576 3314 2648 hujus,
3375 2577 3702 2635 beatissimi

2050 2682 2116 2722 ae
2145 2665 2508 2722 sanctissimi
2526 2666 2644 2731 jviri
2677 2671 2831 2722 recte
2862 2667 3024 2722 factis
3049 2669 3416 2724 recensendis
3438 2685 3543 2741 par
3561 2684 3690 2726 esse

2049 2754 2233 2826 possit
2258 2755 2438 2810 oratio
2459 2756 2487 2810 ?
2515 2758 2648 2822 Quae
2681 2771 2796 2810 non
2827 2758 3056 2812 tantum
3088 2762 3228 2813 aetas
3277 2761 3474 2813 nostra
3511 2759 3695 2814 admi-

2050 2849 2227 2909 ratur,
2261 2850 2317 2899 et
2347 2843 2604 2899 aemulari
2650 2849 2896 2901 conatur
2925 2847 3214 2902 exantlata
3243 2846 3316 2902 ab
3365 2846 3464 2903 illo
3493 2847 3693 2904 solita-

2051 2937 2146 2990 riae
2194 2936 2306 2990 vita
2354 2936 2693 3002 certamina,
2740 2938 2840 2993 sed
2887 2937 3262 3008 antiquorum
3297 2955 3526 3009 quoque
3557 2955 3695 2996 san-

2049 3029 2279 3081 ctorum
2337 3025 2578 3080 Patrum
2639 3026 2922 3098 primores
2977 3045 3039 3082 ac
3101 3027 3389 3100 principes
3446 3029 3696 3099 hujusce

2049 3119 2461 3185 expresserunt
2531 3115 2661 3171 vita
2743 3115 3140 3172 institutum:
3224 3133 3504 3189 magnum
3559 3117 3688 3174 dico

2049 3201 2452 3273 Euthymium,
2480 3199 2577 3270 qui
2601 3215 2835 3269 operam
2868 3200 3029 3255 dedit
3053 3200 3390 3266 maximam,
3423 3205 3488 3255 ut
3512 3201 3694 3273 ipsius

2051 3291 2289 3346 virtutes
2346 3289 2711 3356 imitaretur;
2773 3304 3069 3344 secessum
3121 3289 3326 3360 ipsius,
3372 3289 3692 3356 silentium,

2051 3380 2463 3447 humilitatem,
2515 3381 2756 3436 vestitus
2826 3379 3131 3447 vilitatem,
3197 3379 3462 3435 ciborum
3507 3379 3693 3436 absti—

2049 3470 2330 3537 nentiam,
2365 3468 2744 3542 vigilantiam,
2798 3485 2915 3541 qua
2952 3469 3013 3523 in
3056 3469 3328 3524 omnibus
3369 3468 3482 3524 sibi
3512 3473 3690 3525 atten-

2048 3560 2237 3627 debat,
2263 3561 2436 3631 juxta
2467 3558 2548 3624 id,
2599 3559 2753 3630 quod
2785 3559 2857 3614 ab
2889 3558 3015 3630 ipso
3047 3558 3269 3614 dictum
3301 3562 3385 3614 est
3414 3575 3427 3614 :
3461 3559 3691 3626 Arseni,

2048 3671 2152 3709 cur
2192 3653 2447 3724 [saeculo]
2485 3650 2701 3707 existi?
2759 3651 2845 3706 Ad
2898 3649 3018 3706 haec
3075 3649 3340 3706 aemulari
3397 3650 3694 3722 satagebat

2049 3744 2234 3815 ipsius
2283 3742 2812 3813 compunctionem,
2863 3741 3171 3813 lacrymas,
3222 3739 3690 3813 pervigilationes

2048 3838 2388 3902 nocturnas,
2439 3846 2695 3888 amorem
2739 3829 3094 3901 solitudinis,
3145 3829 3346 3886 odium
3395 3828 3588 3901 glorias
3637 3833 3694 3886 et

1649 3958 1893 4016 VARl/E
1927 3959 2325 4015 LEGTIONES.

356 4050 438 4119 (υ)
471 4048 540 4104 al.
574 4046 892 4111 τελειώσας.
928 4049 1007 4121 (υ)
1037 4049 1110 4105 al.
1148 4044 1387 4103 σεϐενίνα
1412 4043 1699 4108 σεϐἐννινα,
1874 4044 2193 4123 λαϐόμενοι.

1873 4176 2108 4233 NOTIE.

356 4271 437 4342 (9)
469 4273 707 4328 Coteler.
742 4290 872 4345 pag.
906 4274 1032 4342 371,
1085 4290 1258 4328 annos
1303 4273 1700 4345 quadragmta,
1737 4279 1802 4330 ut
1828 4275 1936 4332 ali-

283 4345 345 4400 bi
378 4345 858 4412 observavimus;
892 4346 1114 4401 addens
1139 4363 1152 4400 :
1180 4368 1208 4396 ‹‹
1240 4346 1406 4402 Pater
1427 4347 1615 4403 factus
1647 4348 1939 4404 divinissi-

283 4432 518 4470 morum
558 4417 786 4472 Arcadii
817 4423 872 4472 et
904 4417 1162 4473 Honorii.
1200 4439 1228 4466 »

353 4488 466 4556 (ιο)
530 4490 632 4542 Vit.
699 4491 809 4544 ρρ.
865 4489 963 4542 lib.
1015 4504 1068 4551 ν,
1121 4488 1298 4544 libell.
1352 4490 1438 4555 15,
1483 4507 1646 4546 num.
1686 4491 1769 4548 10.
1803 4513 1831 4540 ‹‹
1868 4490 1930 4545 In

277 4560 428 4624 loco,
462 4559 563 4633 qui
597 4560 811 4615 dicitur
851 4560 1082 4633 Trobeu
1125 4577 1302 4633 supra
1342 4561 1739 4633 Babyloniam.
1774 4583 1801 4611 »
1838 4564 1930 4633 I_n—

277 4628 501 4703 terpres
535 4632 594 4686 in
646 4633 842 4703 Graeco
887 4631 1090 4703 legerit
1120 4628 1217 4692 εἰς“
1254 4628 1587 4703 Τρώην-’τήν
1623 4631 1732 4686 ἅνω
1765 4628 1935 4687 Βαϐυ-

277 4697 486 4774 λῶνος,
521 4704 610 4758 vel
658 4701 732 4764 εἷς
792 4697 986 4774 Τρώῆν
1034 4700 1146 4756 ἄνω
1203 4697 1308 4770 τῆς
1351 4697 1698 4767 Βαϐυλῶνος.
1754 4709 1820 4759 Et
1852 4708 1933 4761 sic

275 4772 543 4849 intellige
582 4778 805 4829 textum
840 4772 1142 4849 nostrum:
1178 4791 1365 4846 neque
1404 4778 1558 4849 enim
1592 4779 1715 4832 duae
1757 4778 1934 4849 Baby-

278 4846 444 4918 lones
488 4847 729 4918 fuerunt
781 4850 838 4901 in
871 4848 1134 4918 tEgypto,
1185 4849 1266 4901 uti
1302 4863 1405 4902 nec
1435 4848 1562 4902 duae
1595 4846 1930 4917 Memphes:

279 4921 339 4972 et
371 4915 547 4972 simili
579 4918 738 4972 haud
788 4915 1176 4973 dubie'sensu
1222 4918 1281 4972 in
1331 4920 1476 4973 Fatis
1515 4923 1684 4974 sacris
1723 4915 1933 4976 XEthio-

278 4987 669 5061 picis,aJobo
702 4989 942 5044 Ludolfo
991 4990 1050 5044 in
1099 4991 1340 5044 Historia.
1387 4991 1692 5061 [EthiOpica
1741 4993 1931 5056 editis,

286 5075 422 5130 pag.
458 5059 558 5135 425
592 5061 949 5135 intellegitur
999 5061 1341 5135 Ptolomaeus
1375 5059 1650 5131 martyre
1679 5063 1933 5135 Memphi

287 5131 609 5200 superiore.
630 5131 711 5187 De
732 5132 861 5186 istis
884 5133 1107 5188 duabus
1133 5133 1374 5188 urbibus
1396 5135 1617 5200 dictum
1641 5135 1702 5190 in
1727 5131 1930 5190 Corrim.

286 5218 457 5276 priet).
488 5203 668 5276 Adde,
713 5203 804 5258 hic
840 5203 1123 5276 designari
1174 5205 1524 5276 Babylonem
1577 5223 1808 5274 novam,
1860 5208 1929 5262 ad

285 5272 484 5328 Nilum
536 5273 797 5339 ﬂuvium,
830 5272 1042 5346 postea
1089 5272 1384 5341 dirutam;
1425 5293 1492 5331 ex
1531 5279 1699 5346 cujus
1741 5272 1930 5333 ruinis

283 5346 538 5400 excitata
570 5346 676 5400 fuit
705 5347 763 5401 in
788 5345 1018 5421 viciniis
1051 5347 1189 5421 urbs
1217 5346 1440 5421 Cairus,
1475 5345 1653 5404 totius
1702 5350 1929 5421 Egypti

279 5421 501 5493 caput;
533 5434 566 5471 a
607 5434 724 5493 qua
771 5417 1053 5493 tantisper
1083 5419 1297 5474 distant
1343 5419 1470 5488 eius
1521 5422 1750 5490 rudera,
1773 5417 1928 5493 —quae

277 5487 604 5543 etiamnum
627 5487 817 5544 ’videri
853 5487 1148 5544 dicantur.

355 5559 471 5631 (11)
505 5560 585 5633 De
614 5577 834 5633 canopo
883 5561 1343 5633 supra_;_quibus
1383 5561 1518 5616 addi
1570 5569 1812 5633 possunt
1839 5581 1931 5619 ex-

273 5631 677 5687 notationibus
707 5631 920 5688 Valesii
953 5631 1022 5687 ad
1056 5631 1266 5686 librum
1300 5649 1363 5686 ιιι
1389 5631 1641 5689 Historia?
1668 5636 1929 5690 ecclesia-

266 5704 429 5759 stica?
478 5702 794 5771 Sozomeni,
843 5720 972 5775 pag.
1020 5704 1141 5771 117,
1196 5721 1322 5774 quas
1371 5704 1547 5759 habet
1593 5707 1660 5760 de
1710 5707 1926 5775 insigni

271 5777 628 5831 monasterio
658 5775 1130 5847 Tabennensium
1165 5791 1177 5830 :
1214 5791 1282 5831 ex
1314 5791 1426 5847 quo
1457 5777 1697 5847 factum,
1731 5786 1790 5832 ut
1821 5775 1924 5834 Ca-

278 5862 495 5919 nopus,
527 5861 654 5918 quae
697 5851 866 5905 antea
912 5848 984 5905 ob
1051 5846 1255 5906 luxum
1308 5846 1364 5906 et
1406 5847 1641 5908 delicias
1689 5850 1929 5908 infamis

2049 4277 2256 4343 fuerat,
2317 4274 2510 4330 insula
2585 4274 2867 4330 Metancea
2942 4275 3280 4327 vocaretur:
3347 4271 3690 4343 inducitque

2047 4353 2317 4404 sanctum
2342 4348 2750 4418 Hieronymum
2775 4351 2830 4418 et
2851 4343 3236 4400 Athanasium
3253 4343 3686 4418 presbyterum,

2045 4421 2115 4476 de
2183 4436 2248 4474 eo
2290 4416 2630 4489 loquentes;
2707 4417 2805 4488 qui
2866 4420 3190 4489 postremus
3247 4416 3462 4489 ibidem
3528 4424 3690 4489 vocat

2043 4513 2071 4542 ‹‹
2131 4487 2492 4549 Μοῑδῐιωὶιιω,
2543 4487 2947 4545 suburbanum
3007 4487 3274 4541 maximae
3337 4487 3494 4541 urbis
3550 4488 3688 4541 Ale-

2040 4563 2318 4626 xandriae,
2351 4563 2504 4632 quod
2537 4560 2673 4616 olim
2717 4560 2990 4632 Canopus
3020 4560 3354 4615 vocabatur.
3391 4579 3417 4606 »

2113 4635 2228 4707 (12)
2260 4629 2525 4707 Καμασιν,
2561 4633 2802 4707 Coteler.
2839 4631 3099 4707 Κάμισιν,
3139 4636 3343 4707 estque
3375 4629 3683 4707 subucula,

2043 4702 2514 4771 linea'interula,
2563 4704 2882 4772 indusium,
2933 4704 3112 4757 lintea
3160 4703 3420 4756 sindon:
3472 4702 3540 4756 de
3572 4718 3686 4767 qua

2040 4795 2176 4833 voce
2232 4777 2486 4846 Cangius
2543 4785 2596 4831 et
2651 4777 3059 4834 Onomasticum
3102 4773 3457 4846 “Rosweydi.
3491 4772 3686 4846 Δγοοίίς

2041 4859 2269 4920 etymon
2304 4841 2476 4903 tradit
2517 4852 2751 4902 sanctus
2791 4848 3071 4920 Isidorus
3098 4841 3460 4916 Hispalensis
3629 4861 3685 4898 1x

2042 4915 2378 4989 originum;
2431 4923 2676 4974 stratum
2726 4920 2881 4974 enim
2925 4918 3014 4972 vel
3061 4915 3249 4989 lectus
3277 4932 3436 4989 cama
3485 4915 3688 4989 Hispa-

2043 4987 2171 5048 nico
2198 4992 2473 5047 idiomate
2512 4997 2770 5046 vocatur.
2824 4989 3062 5044 Camisz'a
3110 4987 3288 5044 Gallis
3329 4987 3583 5042 chemise.
3617 4987 3679 5042 In

2040 5063 2328 5134 liturgicis
2371 5068 2461 5118 est
2507 5062 2752 5118 exterior
2796 5062 2975 5117 vestis
3023 5059 3156 5116 alba
3206 5058 3570 5125 clericorum,
3625 5059 3683 5114 in

2041 5135 2280 5191 ecclesia
2313 5134 2523 5206 gestari
2558 5134 2747 5190 solita.

2111 5209 2225 5277 (13)
2277 5201 2639 5261 Inconismus
2692 5205 2902 5277 sancti,
2960 5204 3087 5277 sive!
3131 5202 3378 5277 exterior
3426 5201 3684 5277 corporis

2041 5274 2284 5349 species,
2319 5279 2389 5332 ab
2421 5286 2650 5333 auclore
2681 5275 3276 5349 Vilteqaccuratissime
3306 5274 3400 5349 hic
3431 5274 3684 5349 delinea-

2039 5347 2121 5414 ta,
2153 5355 2422 5404 narratur
2479 5350 2635 5419 apud
2687 5347 2931 5404 Coteler.
2969 5363 3100 5417 pag.
3151 5347 3250 5401 371
3281 5363 3293 5400 :
3321 5347 3400 5419 _in
3441 5347 3540 5401 Vit.
3572 5347 3685 5419 PR.

2040 5422 2140 5476 lib.
2175 5439 2227 5488 v,
2276 5420 2451 5476 Iibell.
2505 5416 2591 5487 {5,
2643 5416 3205 5476 num.10:’ibidem
3256 5416 3434 5471 etiam
3493 5417 3684 5471 brevis

2038 5493 2160 5548 haec
2189 5494 2316 5547 vitae
2368 5492 2684 5563 periorcha.
2729 5490 2918 5548 Codex
2965 5495 3162 5563 noster
3207 5488 3684 5563 Ingolstadiensis

2038 5565 2205 5634 plane
2235 5561 2546 5631 singularis
2569 5569 2676 5630 est,
2703 5565 2842 5618 dum
2865 5561 3008 5634 dicit
3031 5579 3043 5616 :
3080 5583 3108 5611 ‹‹
3131 5561 3374 5634 Moritur
3395 5575 3680 5634 annorum

2037 5631 2268 5690 centum
2301 5652 2406 5701 xv;
2443 5658 2469 5685 υ
2504 5641 2562 5690 at
2615 5635 2779 5690 facile
2817 5633 3028 5688 alicubi
3078 5649 3144 5686 ex
3175 5647 3279 5685 xcv
3329 5632 3474 5700 (quae
3515 5631 3680 5684 lectio

2036 5723 2105 5762 ex
2151 5706 2280 5763 Vita
2337 5715 2553 5775 nostra,
2602 5705 2749 5760 Vitis
2798 5707 2907 5760 PP.
2943 5720 3022 5775 ac
3080 5701 3352 5757 Cotelerio
3406 5701 3681 5775 probatur

2037 5793 2164 5834 esse
2192 5778 2468 5850 genuina)
2510 5771 2743 5836 formari
2793 5774 2980 5848 potuit
3029 5791 3149 5842 cxv,
3195 5771 3550 5844 transposita
3579 5771 3673 5826 lit-

2036 5854 2162 5909 tera
2186 5867 2241 5907 κ.
