4090 6288
330 352 443 413 881

959 351 1251 415 ORATIO
1293 352 1425 414 XII.
1475 386 1553 400 —-
1596 352 1992 415 LAUDATIO
2038 357 2101 417 S.
2150 357 2462 422 ARSENII
2508 360 3089 424 ANACHORET/E.

3619 371 3734 430 882

331 513 446 557 τος,
498 488 549 542 ἐν
699 488 761 542 τὸ
808 487 985 541 πλοῦν
1046 485 1392 562 διαπεράνας,
1454 486 1528 547 είς
1585 488 1677 541 τὸν
1730 486 1978 560 ἀκύμονα

2098 492 2383 563 quillilate
2405 499 2583 551 strato
2604 495 2792 551 simile
2816 497 2941 566 fuit,
2975 498 3279 569 spiritibus
3324 500 3562 556 malitiae
3599 518 3740 573 pro-

331 580 531 653 λιμένα
559 586 661 648 τῆς
706 577 817 649 ἄνῳ
867 577 1145 653 βασιλείας
1189 577 1562 641 κατὲπαυσας.
1613 585 1981 655 Ταπεινοφρο-

334 669 494 740 σύνης
527 669 697 742 ὕψοςς
732 669 819 722 καί
850 667 931 729 τίς
973 668 1146 730 οὕτως
1194 666 1475 722 ἐταπείνου
1528 666 1713 721 ἑαυτὸν
1749 666 1798 722 ἐν
1830 667 1978 722 εὐτε-

335 759 455 830 λείᾳ
514 758 777 827 ἐσθῆτος;
838 756 925 819 Τίς
975 755 1146 821 οὕτως
1193 757 1259 811 τὰ
1297 762 1487 831 πρῶτα
1536 755 1680 835 ἔχων
1717 757 1767 811 ἐν
1823 758 1980 831 βασι-

338 851 510 917 λεῦσι,
571 850 659 903 καὶ
718 848 892 911 πολὺς
952 849 1002 902 ἐν
1064 845 1361 920 παιδεύσει,
1424 850 1658 911 ὕστατος
1708 846 1863 924 ὤφθη
1926 848 1979 901 ἐν

338 938 638 1011 ἀποκρύψει
691 937 959 1013 εὐγενείας
1007 960 1063 993 τε
1112 939 1201 992 καὶ
1252 940 1446 1015 σοφίας
1504 944 1604 1006 τῆς
1654 935 1980 1009 ἀπολλυμέ-

336 1051 474 1100 νης·
526 1032 552 1084 6
604 1028 1065 1105 χρυσοστόλιστος
1112 1031 1535 1105 πενιχροφόρος,
1589 1029 1616 1082 6
1666 1026 1979 1103 πολύσοφος

337 1118 829 1195 ἀγροικιζόμενος·
891 1120 918 1173 ὁ
975 1116 1461 1191 πολυμαθέστατος
1539 1116 1980 1190 μαθητευόμενος

334 1214 455 1270 ταῖς
506 1207 832 1283 ἐρωτήσεσιν
878 1210 1017 1283 [καί]
1060 1213 1177 1270 ταῖς
1231 1207 1562 1280 ἐκμαθήσεσι
1610 1206 1977 1282 προσπαθείας

333 1299 656 1372 νεκρὸτητα,
685 1300 772 1352 καὶ
807 1305 1050 1371 παρῆκες
1079 1296 1246 1373 ἐτερῳ
1276 1296 1459 1352 πλέων
1511 1295 1662 1375 ἔχειν
1694 1342 1705 1354 .
1740 1298 1809 1350 Τὸ
1842 1297 1977 1370 πρὸς

331 1388 461 1448 τοὺς
492 1388 918 1466 ἀγχιστεύαντας
966 1388 1279 1458 αἰσθὲσθαι;
1338 1388 1609 1442 Ἐντεῦθεν
1639 1408 1724 1441 σοι
1773 1386 1835 1441 τὸ
1885 1386 1976 1440 λέ-

330 1499 442 1553 γειν
476 1523 489 1535 .
549 1476 689 1553 Ἐγὼ
742 1477 848 1551 πρὸ
896 1477 1101 1532 ἐκείνου
1150 1477 1438 1547 ἀπέθανον,
1490 1481 1570 1549 τῷ
1613 1480 1981 1551 προαιρετικῷ

330 1566 547 1638 δηλαδὴ
610 1566 822 1639 Θανάτῳ
874 1571 971 1621 τοῦ
1033 1572 1260 1643 φυσικοῦ
1336 1566 1783 1640 προσεθνηκότος
1844 1587 1977 1620 σου.

329 1658 601 1713 Ἐντεῦθεν
632 1657 694 1711 τὸ
741 1657 1006 1731 μακάριόν
1042 1678 1136 1712 σου
1190 1656 1533 1734 ἐπίφθεγμα.
1586 1656 1842 1732 ’Δρσὲνιε,
1898 1654 1979 1709 διὸ

330 1745 549 1819 ἐξῆλθες
577 1766 588 1777 ·
632 1745 659 1800 ’δ
694 1742 879 1815 ᾅδουσι
930 1748 1092 1822 χοροὶ
1148 1752 1452 1819 μοναστῶν,
1507 1745 1757 1824 φέροντες
1798 1767 1978 1814 σωτη-

2092 581 2187 635 cul
2244 584 2447 652 ejectis
2517 585 2717 641 afflatu
2777 586 3033 656 Spiritus
3100 589 3455 645 sanctissimi
3514 593 3741 662 :cujus

2090 673 2367 742 auspiciis
2421 675 2848 745 navigationem
2930 691 3228 745 emensus,
3290 680 3348 734 in
3417 680 3738 752 tranquillo

2092 763 2326 832 superni
2388 766 2552 836 regni
2610 770 2775 835 portu
2832 765 3178 835 requievisti.
3240 769 3327 823 An
3390 768 3737 825 humilitatis

2093 851 2462 907 altitudinem
2495 852 2775 923 eloquar?
2806 855 3014 925 Ecquis
3046 857 3186 912 adeo
3219 858 3479 928 seipsum
3530 858 3740 928 abjecit

2091 939 2151 995 in
2182 940 2405 996 vilitate
2433 944 2677 997 vestitus
2698 943 2724 997 ?
2756 942 2896 1007 Quis
2927 943 3181 1013 primum
3216 947 3367 1017 apud
3414 949 3739 1018 imperato-

2092 1046 2180 1084 res
2214 1030 2403 1085 locum
2438 1036 2661 1099 tenens,
2693 1032 2992 1103 multaque
3033 1035 3320 1104 sapientia
3362 1036 3738 1107 conspicuus,

2092 1119 2234 1174 adeo
2261 1121 2530 1189 apparuit
2577 1125 2932 1192 postremus,
2984 1124 3322 1181 occultando
3373 1126 3735 1181 nobilitatem

2091 1225 2155 1263 ac
2187 1210 2556 1280 sapientiam,
2598 1228 2724 1282 quas
2774 1212 2944 1282 perit.
3008 1214 3116 1279 Qui
3183 1230 3351 1270 aurea
3401 1214 3738 1271 induebaris

2091 1300 2259 1367 stola,
2294 1301 2711 1372 pauperculum
2738 1302 2852 1357 fers
2874 1302 3138 1358 habitum
3169 1320 3182 1370 ;
3218 1304 3317 1374 qui
3348 1321 3477 1360 eras
3508 1304 3742 1375 sapien-

2091 1389 2376 1457 tissimus,
2412 1389 2481 1443 (is
2513 1389 2677 1445 rudis
2709 1394 2766 1445 et
2806 1389 3088 1460 agrestis;
3137 1392 3236 1462 qui
3290 1408 3415 1448 eras
3462 1393 3741 1463 magister

2093 1478 2419 1549 disciplinis
2495 1479 2954 1550 excultissimus,
3034 1480 3584 1552 interrogationibus
3672 1499 3737 1537 ac

2093 1567 2415 1639 disciplinis
2459 1569 2967 1625 mortificationem
3016 1569 3192 1626 discis
3244 1570 3638 1640 aﬂ'ectionum,
3674 1576 3733 1627 et

2090 1657 2339 1728 potiores
2369 1658 2535 1715 alteri
2568 1664 2758 1730 partes
2789 1660 3149 1716 concessisti.
3183 1662 3366 1730 Anne,
3410 1677 3547 1733 erga
3596 1679 3732 1733 pro-

2090 1748 2339 1819 pinquos
2369 1750 2659 1820 quomodo
2692 1749 2931 1805 affectus
2990 1750 3190 1819 fueris,
3242 1750 3484 1822 eloquar
3511 1750 3539 1805 τ
3586 1751 3740 1806 Hinc
3782 1824 3790 1830 α

336 1837 455 1906 ρίας
514 1834 767 1909 ἐφόδιον·
838 1838 1104 1911 ἁμαρτίας
1160 1839 1259 1911 γάρ
1319 1837 1457 1890 ἐστιν
1534 1834 1819 1908 ἐμπόδιον,
1876 1837 1973 1903 τὴν

2098 1855 2248 1892 ,uum
2284 1844 2435 1893 certe
2468 1839 2707 1894 effatum
2753 1840 2862 1909 (15)
2903 1856 2915 1893 :
2950 1842 3067 1910 Ego
3126 1844 3258 1895 ante
3316 1841 3507 1911 ipsum
3569 1856 3732 1895 mor-

334 1925 531 1995 αίτίαν,
566 1922 633 1979 δι’
675 1925 739 1993 ἢν
771 1927 980 1998 κόσμου
1010 1925 1404 2000 ἐπεῤῥάγημεν,
1457 1925 1978 1997 ἐπαναμιμνήσκειν,

330 2015 419 2068 καὶ
450 2014 587 2088 πρὸς
622 2013 788 2087 μηδὲν
815 2013 956 2069 ἄλλο
989 2017 1023 2085 ἢ
1059 2016 1182 2088 περὶ
1213 2013 1375 2069 τοῦδε
1409 2016 1578 2087 μόνου
1638 2015 1937 2089 φροντίζειν
1961 2058 1974 2070 .

2091 1932 2223 1980 tuus
2256 1943 2425 1981 sum:
2459 1927 2785 1982 voluntaria
2840 1929 3105 1983 videlicet
3164 1934 3349 1984 morte
3411 1928 3733 1984 naturalem

2089 2021 2146 2069 te
2176 2021 2570 2086 praevertente.
2605 2016 2751 2071 Hinc
2782 2018 3012 2072 beatum
3061 2026 3219 2072 tuum
3264 2018 3485 2073 dictum
3524 2035 3536 2073 :
3570 2020 3737 2073 Arse-

341 2107 422 2175 ni,
455 2124 636 2178 quare
666 2107 882 2163 existi?
939 2109 1101 2173 Quod
1151 2109 1470 2164 concinnat
1532 2108 1690 2163 chori
1751 2106 2190 2174 monachorum,
2253 2108 2496 2162 ferentes
2554 2107 2828 2163 viaticum
2888 2107 3112 2163 salutis.
3167 2108 3470 2163 Peccatum
3525 2107 3741 2178 quippe

346 2199 587 2269 impedit
617 2214 808 2255 causas
835 2203 1067 2270 propter
1096 2216 1273 2270 quam
1304 2216 1336 2254 a
1368 2200 1586 2254 mundo
1624 2197 1810 2253 avulsi
1851 2214 2071 2266 sumus,
2115 2197 2566 2265 reminiscentia,
2620 2198 2890 2270 nullaque
2936 2198 3051 2254 alia
3099 2215 3267 2269 quam
3324 2200 3393 2254 de
3450 2199 3559 2255 hoc
3617 2197 3740 2253 solo

342 2305 495 2345 cura.

413 2384 509 2448 κζ’.
540 2381 598 2434 Τί
633 2376 689 2433 δὲ
728 2382 762 2448 ἠ
810 2378 1131 2455 ἀγαλλίασις
1171 2386 1270 2449 τῆς
1315 2380 1459 2442 θείας
1490 2380 1843 2449 κατανύξεως,
1882 2399 1977 2452 με·

346 2466 475 2538 λὲτη
524 2468 747 2524 θανάτου
793 2467 1067 2539 διηνεκὴς,
1113 2469 1350 2531 ἀεννάως
1400 2468 1768 2545 πελαγίζουσα
1816 2467 1865 2522 ἐν
1909 2470 1978 2541 τῇ

349 2561 549 2633 καθαρᾷ
602 2558 797 2634 καρδίᾳ
848 2580 964 2629 σου,
1011 2559 1061 2631 ἐξ
1114 2560 1183 2628 ἧς
1229 2560 1296 2614 τὰ
1341 2560 1525 2633 ῥεῖθρα
1572 2564 1677 2613 τῶν
1732 2556 1978 2633 δακρύων

348 2646 682 2710 ἀνελλειπῶς
730 2652 1043 2725 προχέονται
1090 2646 1292 2723 πυρσόν
1338 2670 1421 2702 σοι
1471 2649 1641 2722 ἀνῆψε
1670 2648 1817 2708 θείας
1846 2648 1981 2723 ἀγα-

347 2741 598 2808 πήσεως
659 2741 743 2813 Τῇ
804 2738 1124 2815 σωφροσύνῃ
1183 2734 1429 2811 δεύτερον
1491 2738 1693 2813 Ἰῶσὴφ
1754 2737 1979 2797 εἰκότως

343 2828 631 2901 καλέσαιμι
662 2848 674 2859 ·
710 2826 856 2883 ἀλλά
886 2828 974 2882 καὶ
1015 2829 1075 2883 τὸ
1106 2834 1207 2896 τῆς
1251 2827 1450 2897 θήλεος
1510 2826 1858 2900 μνημόσυνον
1905 2826 1980 2887 εἷς

347 2911 480 2971 ἅπαν
519 2915 741 2989 ἐξαίρων
792 2916 842 2986 ἐξ
892 2917 1062 2990 ἁγνῆς
1113 2913 1334 2990 καρδίας
1379 2936 1511 2971 σου.
1544 2916 1605 2971 Ὁ
1660 2914 1830 2974 ὅντως
1882 2922 1985 2969 Φε-

347 3006 602 3080 ρώνυμος
634 3005 802 3081 ἄρσην
837 3009 924 3079 (δ),
975 3006 1063 3060 καὶ
1110 3003 1261 3059 οὐδὲν
1314 3004 1681 3080 θηλυπρεπῶς
1731 3005 1984 3081 ἐπιφερό-

2165 2380 2251 2433 27.
2285 2379 2414 2436 Jam
2436 2397 2569 2437 vero
2591 2382 2731 2453 quid
2755 2381 3064 2437 exsultatio
3092 2381 3298 2436 divinas
3326 2381 3735 2450 compunctio-

2095 2469 2206 2536 nis,
2240 2486 2304 2525 ac
2336 2470 2635 2525 meditatio
2667 2471 2870 2526 mortis
2902 2470 3159 2537 assidua,
3184 2469 3407 2540 jugiter
3435 2470 3740 2525 exundans

2094 2558 2150 2612 in
2174 2575 2312 2630 puro
2336 2559 2503 2615 corde
2519 2564 2641 2628 tuo,
2676 2576 2704 2615 e
2731 2577 2845 2632 quo
2876 2559 3264 2631 lacrymarum
3313 2560 3528 2615 fluenta
3574 2558 3739 2613 inde-

2094 2648 2351 2704 sinenter
2393 2650 2798 2719 promanantia
2837 2650 3136 2704 ﬂammam
3188 2648 3299 2705 sibi
3352 2648 3742 2705 accenderunt

2093 2736 2299 2793 divinas
2344 2737 2712 2794 dilectionis?
2758 2738 3115 2793 Verecundia
3162 2738 3415 2793 alterum
3466 2742 3519 2792 te
3567 2736 3741 2793 Jose-

2094 2827 2273 2897 phum
2307 2828 2510 2883 merito
2543 2827 2990 2899 appellaverim;
3035 2828 3131 2882 sed
3164 2828 3317 2883 enim
3347 2826 3574 2882 femina:
3611 2843 3727 2882 me-

2093 2918 2341 2973 moriam
2374 2934 2443 2973 ex
2473 2922 2630 2973 casto
2656 2919 2824 2973 corde
2854 2924 2953 2972 tuo
2984 2918 3217 2973 omnino
3256 2916 3514 2972 delevisti
3540 2932 3554 2982 ;
3589 2933 3729 2971 con-

2091 3008 2357 3063 veniente
2396 3009 2477 3062 rei
2509 3007 2932 3079 significatione
2973 3007 3161 3062 ferens
3194 3023 3404 3062 nomen
3460 3005 3587 3070 viri,
3640 3006 3738 3060 ni—

348 3117 508 3169 μενος
535 3142 548 3154 .
574 3100 650 3169 Τῇ
683 3097 969 3171 ἐγκρατείᾳ
1002 3098 1067 3151 τὰ
1118 3097 1261 3165 πάθη
1295 3096 1617 3171 πτερνίζων,
1662 3097 1754 3149 τὸν
1786 3116 1984 3170 πατρι-

2099 3096 2298 3167 bilque
2362 3096 2676 3151 effeminati
2764 3113 2877 3167 prae
2926 3100 2979 3151 te
3047 3097 3257 3151 ferens.
3328 3095 3740 3165 Temperantia

346 3186 526 3260 ἀρχην
578 3180 774 3240 Ἰακὼϐ
824 3182 1129 3254 ἐζηλώσας,
1180 3184 1372 3238 ἐσθίων
1407 3182 1493 3238 διὰ
1539 3184 1600 3239 τὸ
1635 3187 1753 3255 ζῇν,
1787 3183 1851 3237 οὐ
1885 3189 1989 3253 ζῶν

348 3272 438 3328 διὰ
467 3276 530 3328 τὸ
564 3273 756 3329 ἐσθίειν
786 3293 799 3304 ·
834 3274 863 3327 ’ὀ
894 3275 997 3348 γὰρ
1032 3279 1147 3335 τοῖς
1180 3268 1280 3345 ἔξω
1328 3272 1479 3349 λόγῳ
1529 3271 1989 3351 πεφιλοσόφηται,

345 3364 510 3419 τοῦτὸ
544 3385 626 3418 σοι
657 3360 803 3438 ἔργῳ
849 3364 1102 3417 ἑκάστοτε
1151 3361 1512 3438 ἐπεπλήρωτο
1540 3406 1552 3420 .
1602 3366 1677 3427 Τῇ
1728 3362 1994 3437 ἀγρυπνίᾳ

349 3452 424 3514 ὡς
484 3453 774 3525 ἀσώματος
842 3448 1168 3521 διετέλεσας,
1247 3451 1513 3525 κοιμίζων
1574 3453 1700 3512 τοὺς
1769 3452 1989 3525 ἀστέρας

348 3548 466 3604 ταῖς
525 3542 896 3619 ἐγρηγόρσεσι,
954 3542 1330 3617 παραπέμπων
1368 3544 1465 3611 τὴν
1498 3541 1664 3597 νύκτα
1705 3546 1822 3603 ταῖς
1879 3542 1993 3596 ἐπι-

348 3634 605 3703 κλήσεσι,
636 3632 814 3702 πάσης
863 3632 1059 3706 ἀρετῆς
1109 3631 1413 3701 ἀνάπλεως,
1462 3632 1663 3693 παντὸς
1706 3634 1995 3707 κατορθώ-

355 3743 525 3797 ματος
584 3721 812 3796 ἐραστὴς
874 3717 1296 3795 ἀκριϐέστατος.
1348 3726 1413 3775 Ὦ.
1481 3724 1704 3800 φωστὴρ
1755 3728 1854 3790 τῆς
1904 3721 1993 3775 ὑπ’

353 3812 577 3887 οὐρανὸν
637 3812 1034 3889 φωτεινότατε.
1096 3813 1161 3865 Ὦ
1209 3811 1379 3883 ἀστὴρ
1442 3814 1774 3890 ἡσυχαστῶν
1825 3811 1993 3885 αὐγο-

353 3898 619 3956 ειδέστατε
644 3920 655 3932 ·
688 3901 757 3954 ἼὨ
785 3899 949 3962 κλέος
986 3905 1263 3973 μοναστῶν
1294 3899 1759 3955 πολυευκτότατον
1786 3920 1798 3934 °
1834 3898 1990 3975 Εὖγε,

354 3990 566 4065 ἄγγελε,
629 3990 848 4064 ἐπίγειε,
902 3990 1155 4052 ἀπαθείας
1226 3990 1552 4065 ὡραιότησιν
1613 3987 1992 4065 ἐπτερωμένε.

353 4079 522 4153 Εὖγε,
580 4080 784 4154 ἀρετῶν
845 4078 1157 4155 παράδεισε,
1206 4079 1404 4141 παντὸς
1462 4080 1666 4155 ὡραίου
1713 4080 1993 4154 κατορθώ-

358 4190 526 4242 ματος
576 4169 975 4247 πεφυτευμέηε.
1042 4169 1206 4243 Εὖγε,
1264 4168 1455 4243 οὐρανὲ
1506 4172 1817 4244 κατάστερε,
1866 4191 1993 4225 ποι-

353 4256 535 4319 κίλοις
565 4257 792 4314 κάλλεσι
819 4303 832 4317 .
863 4303 876 4317 .
900 4302 913 4314 .
960 4255 1250 4330 δεδιουργη
1264 4257 1386 4331 μένε
1417 4258 1496 4336 ἐφ’
1540 4257 1662 4333 ὕψει
1692 4264 1787 4314 τοῦ
1827 4261 1993 4314 καθα-

355 4347 599 4421 ρωτάτου
636 4349 756 4421 βίου
783 4394 795 4405 .
822 4388 837 4403 .
869 4390 882 4403 .
911 4390 923 4402 .

2104 3202 2307 3256 pravas
2341 3186 2519 3241 animi
2554 3186 3016 3256 perturbationes
3054 3185 3303 3253 calcans,
3357 3184 3743 3256 patriarcham

2098 3274 2274 3330 Jacob
2300 3275 2608 3330 aemulatus
2640 3292 2737 3343 es;
2772 3277 3078 3330 comedens
3112 3280 3176 3330 ut
3204 3275 3446 3344 viveres,
3503 3290 3615 3329 non
3662 3272 3741 3327 vi-

2100 3380 2241 3420 vens
2274 3370 2337 3419 ut
2366 3365 2715 3421 comederes.
2748 3364 2909 3428 Quod
2947 3365 3106 3420 enim
3168 3365 3239 3420 ab
3295 3365 3546 3420 externis
3608 3362 3745 3434 phi-

2103 3455 2470 3524 losophatum
2505 3456 2823 3518 fuitverbo,
2858 3455 3001 3510 illud
3035 3456 3138 3510 abs
3166 3462 3219 3510 te
3251 3455 3469 3527 passim
3536 3453 3745 3525 imple-

2104 3546 2226 3599 tum
2256 3561 2445 3615 opere.
2478 3544 2612 3600 Sine
2644 3560 2846 3600 somno
2878 3544 3242 3616 perdurasti;
3284 3559 3400 3599 non
3456 3557 3625 3599 secus
3684 3557 3749 3597 ac

2103 3634 2151 3688 si
2206 3634 2420 3690 fuisses
2467 3634 2878 3705 incorporeus;
2949 3632 3148 3689 stellas
3225 3634 3453 3704 scpiens
3511 3631 3749 3704 vigiliis,

2100 3726 2452 3793 noctemque
2498 3722 2830 3794 transigens
2878 3722 3375 3790 invocationibus,
3438 3722 3598 3776 omni
3640 3722 3752 3774 vir-

2102 3816 2223 3867 tute
2254 3812 2478 3883 plenus,
2508 3815 2564 3866 et
2593 3812 3093 3867 studiossissimus
3137 3812 3328 3867 omnis
3379 3811 3521 3867 recti
3571 3808 3747 3865 officii

2105 3902 2743 3957 amator.0luminare
2799 3900 3014 3969 omnis,
3076 3918 3200 3972 quae
3260 3900 3368 3956 sub
3424 3898 3568 3955 caelo
3626 3903 3748 3964 est,

2102 3996 2268 4047 terras
2300 3990 2770 4047 lucidissimuml
2810 3992 2852 4045 Ο
2903 3991 3069 4047 stella
3116 3990 3591 4059 hesychastarum
3636 3987 3749 4042 ful-

2104 4080 2450 4153 gidissimal
2513 4098 2544 4136 o
2603 4083 2779 4136 decus
2830 4080 3247 4135 monachorum
3282 4078 3743 4149 optatissimum.

2106 4173 2261 4243 Euge
2293 4171 2588 4227 terrestris
2620 4169 2843 4241 angele,
2878 4170 3101 4225 alarum
3135 4186 3168 4224 a
3207 4169 3400 4240 pravis
3433 4168 3741 4240 appetitio-

2105 4263 2277 4318 nibus
2306 4260 2685 4315 immunitum
2716 4264 3080 4315 venustatem
3115 4258 3337 4314 indute.
3382 4258 3537 4328 Euge
3576 4258 3749 4313 virtu-

2023 4339 2067 4402 D
2098 4358 2223 4407 tum
2254 4350 2538 4421 paradiso,
2572 4350 2732 4405 omni
2766 4358 2991 4404 maturo
3043 4347 3373 4404 honestatis
3409 4350 3593 4404 fructu
3619 4363 3757 4402 con-

354 4439 485 4495 site.
517 4440 682 4510 Euge
713 4438 1008 4495 stellatum
1045 4439 1279 4509 coelum,
1312 4439 1464 4495 varia
1511 4438 2013 4511 pulchritudine...
2061 4443 2407 4499 fabricatum
2465 4456 2642 4511 super
2701 4440 2930 4510 fastigio
2978 4438 3311 4511 purissimae
3365 4439 3492 4496 vitae
3526 4439 3757 4510 (16).....

355 4533 550 4585 cetera
579 4529 986 4586 desiderantur.

1937 4647 2164 4706 NOTIE.

438 4765 501 4837 (ε)
532 4760 756 4837 Ἀρσην.
790 4764 875 4820 Ita
904 4765 998 4820 hic
1029 4767 1247 4823 mutavi
1280 4766 1625 4823 mendosum
1660 4762 1851 4838 ἄρεις..
1883 4766 1984 4822 Vid

2098 4770 2287 4838 tymon
2318 4765 2377 4821 in
2402 4764 2605 4832 Comm,
2637 4765 2865 4837 prmio,
2909 4778 3069 4820 num.
3103 4764 3157 4818 2.

429 4890 801 4965 (15)Diclum_
820 4890 963 4965 illud
986 4891 1072 4947 vel
1095 4896 1316 4965 auctor,
1342 4893 1429 4948 vel
1463 4893 1680 4965 aliquis
1714 4893 1989 4949 transcri-

362 4966 495 5035 ptor
522 4961 889 5035 praetermisit
909 4963 967 5018 in
993 4967 1151 5019 textu
1176 4964 1318 5019 Vitae
1358 4982 1521 5029 num,
1556 4961 1622 5019 i7
1646 4983 1659 5032 ;
1685 4967 1779 5020 sed
1810 4965 2001 5020 aliun—

362 5034 917 5108 degilluderuimua,
952 5040 1015 5089 ut
1059 5041 1216 5106 patet
1261 5053 1331 5092 ex
1370 5038 1665 5093 annotatis
1694 5038 1763 5093 ad
1795 5054 1921 5108 cap.
1944 5041 1999 5094 2.

433 5106 548 5177 (16)
570 5105 629 5161 Si
658 5106 949 5177 epilogum
981 5105 1236 5165 conferas
1280 5125 1413 5164 cum
1463 5109 1722 5181 prologo,
1772 5105 1885 5165 non
1917 5110 2003 5165 vi-

2100 4894 2308 4949 dentur
2339 4893 2432 4948 hic
2469 4892 2585 4949 nisi
2640 4892 2890 4963 paucula
2945 4891 3265 4948 desiderari
3298 4907 3311 4947 :
3350 4907 3540 4962 neque
3601 4892 3757 4947 enim

2109 4965 2437 5021 verosimile
2460 4969 2569 5032 est,
2602 4966 2757 5036 quod
2790 4976 2990 5021 auctor
3024 4980 3195 5036 parvo
3242 4965 3417 5035 capiti
3448 4965 3764 5035 adjungere

2110 5038 2357 5095 voluerit
2388 5037 2638 5093 caudam
2671 5037 2972 5107 majorem.
