4090 6288
1665 331 1730 393 S.
1780 326 2171 401 THEODOBJ
2218 325 2584 390 STUDITIE

1070 483 1185 549 DE
1223 483 1685 560 SEQUENTE
1714 483 2285 552 LAUDATIONE
2314 479 2705 549 FUNEBRI
2740 476 3185 547 MONITUM.

1480 608 1646 676 (ANG.
1684 609 1816 679 ΜΑΙ,
1854 608 2110 665 Biblioth.
2144 624 2293 677 nov.,
2326 613 2366 664 t.
2402 625 2475 671 vr,
2500 625 2553 678 p.
2589 606 2736 678 363.)

475 729 717 788 Matrem
739 747 910 788 suam
941 731 1334 790 Theoctistam
1369 749 1640 806 supremo
1674 734 1874 792 morbo
1904 735 2268 792 laborantem
2319 737 2653 804 peramento
2682 732 2901 804 .piaque
2947 729 3193 803 epistola
3240 728 3569 786 consolatus
3622 728 3814 784 fuerat

401 817 756 889 Theodorus,
791 837 919 894 quis
950 827 1037 877 est
1066 821 1201 878 libri
1233 823 1445 896 prioris
1467 830 1648 880 sexta.
1672 826 1826 881 Idem
1852 842 1979 882 mox
2003 825 2341 882 exstinctam
2376 823 2605 880 funebri
2635 823 2895 878 oratione
2924 825 3259 893 prosecutus
3306 824 3413 888 est,
3465 825 3522 874 et
3567 818 3807 890 quidem

399 907 640 981 insigni,
675 927 855 982 quam
887 920 1207 969 memorant
1239 914 1352 969 duo
1384 913 1715 987 biographi,
1743 921 1943 974 noster
1972 933 2094 988 cap.
2119 916 2174 984 2,
2220 918 2277 971 et
2332 913 2776 970 Sirmondianus
2803 930 2858 983 p.
2890 912 2944 967 3.
2989 912 3114 966 Jam
3169 927 3302 967 vero
3351 927 3479 966 cum
3534 909 3595 964 in
3647 913 3807 965 cata-

396 997 530 1070 logo
565 999 852 1072 impresso
886 1002 1153 1059 codicum
1189 1019 1333 1058 mss.
1368 1002 1730 1060 bibliothecae
1762 1004 1950 1076 Regiae
1981 1004 2343 1073 Parisiensis,
2379 1008 2420 1060 t.
2456 1004 2527 1072 II,
2559 1020 2616 1075 p.
2650 1002 2772 1072 338,
2806 1001 3077 1074 legissem
3101 1000 3316 1058 servari
3345 1000 3403 1055 in
3446 998 3639 1055 codice
3670 999 3803 1054 1491

405 1086 558 1142 hanc
591 1089 835 1145 Studitaa
867 1092 1189 1148 orationem
1218 1092 1287 1147 de
1311 1098 1494 1148 matre
1517 1110 1642 1163 sua,
1676 1110 1921 1166 eamque
1945 1096 2201 1151 nondum
2234 1094 2451 1150 editam
2479 1093 2756 1160 viderem,
2776 1091 2937 1162 justa
2967 1089 3415 1161 mihicupiditas
3464 1089 3662 1145 oborta
3692 1094 3804 1155 est,

392 1177 876 1250 quandoquidem
907 1180 1207 1252 complura
1238 1181 1351 1237 alia
1371 1182 1618 1238 Studitaa
1649 1183 1867 1255 scripta
1896 1185 2213 1251 edideram,
2247 1183 2357 1240 hoc
2387 1182 2780 1255 epitaphicum
2812 1182 3029 1253 pariter
3062 1180 3119 1235 in
3162 1179 3349 1235 lucem
3374 1179 3750 1251 protrahendi
3788 1194 3801 1231 :

398 1267 618 1322 etenim
651 1274 865 1325 sanctae
900 1270 1128 1327 feminae
1155 1272 1483 1328 encomium
1516 1288 1548 1327 a
1578 1281 1774 1329 sancto
1807 1273 1926 1328 filio
1949 1273 2274 1341 recitatum,
2305 1288 2480 1343 quem
2514 1288 2627 1328 non
2657 1268 2944 1328 delectet?
2977 1269 3193 1342 Rogavi
3222 1269 3400 1341 igitur
3449 1285 3551 1340 per
3583 1268 3804 1323 litteras

392 1356 584 1413 virum
618 1359 873 1430 equestri
903 1360 1188 1432 dignitate
1209 1370 1496 1429 ornatum,
1529 1367 1702 1434 atque
1733 1363 1903 1419 editis
1932 1363 2099 1419 libris
2132 1363 2546 1430 clarissimum,
2580 1361 2834 1432 mihique
2859 1360 3084 1431 jamdiu
3144 1358 3400 1414 amicitia
3446 1359 3800 1424 devinctum,

387 1445 570 1502 Paulu
591 1464 646 1503 m
678 1448 1011 1519 Drachium,
1043 1456 1108 1505 ut
1137 1452 1469 1523 praedictam
1506 1452 1754 1508 Studitas
1783 1452 2272 1520 lucubrationem,
2308 1454 2417 1509 mei
2449 1468 2619 1507 causa
2649 1468 2715 1507 ex
2744 1450 3054 1506 Parisiensi
3109 1449 3303 1504 codice
3359 1448 3797 1503 exscribendam

387 1545 642 1605 curaret;
685 1541 837 1609 quod
882 1539 977 1596 ille
1028 1556 1130 1612 per
1185 1542 1483 1614 egregium
1542 1541 1961 1614 calligraphum
2024 1542 2373 1616 Sypsomum
2432 1559 2576 1615 pure
2633 1543 3039 1613 eleganterque
3096 1538 3514 1595 conﬁciendum
3563 1537 3794 1608 sategit.

384 1627 565 1697 Igitur
602 1627 796 1684 Graeco
828 1633 1061 1699 accepto
1092 1630 1431 1702 exemplari,
1464 1631 1710 1687 latinam
1742 1632 2048 1688 confestim
2108 1632 2549 1689 translationem
2602 1631 2810 1703 adjeci,
2873 1634 2937 1685 ut
2990 1628 3121 1700 pius
3179 1628 3273 1683 hic
3331 1627 3800 1683 Commentarius

382 1715 652 1789 plurimis
682 1718 880 1789 prosit.
918 1719 1038 1775 Erit
1067 1721 1242 1788 igitur
1275 1724 1382 1776 hoc
1412 1722 1483 1778 de
1513 1722 1849 1778 Theoctista
1882 1723 2163 1779 scridtum
2204 1722 2647 1795 adjungendum
2682 1720 2788 1791 illi,
2821 1721 2973 1792 quod
3007 1720 3076 1774 de
3119 1717 3373 1789 Platone,
3417 1717 3797 1789 pientissimae

382 1807 647 1878 ejusdem
678 1808 902 1865 femine
935 1809 1126 1881 fratre,
1160 1827 1266 1867 suo
1306 1826 1515 1882 nempe
1545 1810 1852 1880 avunculo,
1886 1816 1943 1867 et
1972 1812 2032 1868 in
2054 1812 2458 1885 spiritualibus
2490 1812 2673 1879 Patre,
2706 1812 2860 1866 idem
2891 1809 3122 1866 Studita
3142 1809 3414 1875 exaravit,
3461 1811 3517 1863 et
3561 1807 3803 1862 Bollan-

381 1894 540 1953 diani
571 1896 631 1953 in
661 1899 847 1969 primo
876 1899 1094 1972 Aprilis
1125 1900 1421 1958 volumine
1451 1903 1712 1974 Append.
1744 1919 1801 1975 p.
1833 1903 2022 1970 46-54,
2052 1920 2117 1960 ex
2147 1903 2423 1960 Vaticano
2453 1903 2647 1959 codice
2672 1902 2900 1973 jamdiu
2934 1899 3289 1972 evulgarunt.

1127 1990 1280 2047 xm.
2055 1997 2107 2062 Α
2904 1991 3014 2046 ην.

402 2093 591 2152 Sancti
618 2096 1094 2187 Patrisnostri'el'
1118 2101 1444 2187 cqnfessor'is
1484 2100 1748 2157 Theodori
1787 2100 2013 2158 Catechet

2145 2104 2248 2155 Τοῦ
2307 2100 2457 2155 ὁσίου
2515 2099 2725 2173 [ἰατρὸς
2763 2101 2944 2187 ﬁva
3006 2097 3096 2152 καὶ
3142 2094 3524 2187 ,ὁμολογηξοῦ
3584 2091 3799 2180 Θεοδώ-

767 2171 846 2226 sis
874 2171 1119 2241 funebris
1147 2173 1205 2226 in
1223 2168 1457 2229 Matrem
1487 2188 1663 2229 suam.

2217 2192 2314 2248 ρου
2370 2168 2686 2247 κατήχησίς
2759 2168 3042 2249 ἐπιτάφιος
3113 2168 3217 2232 εἷς
3262 2168 3376 2237 τὴν
3427 2168 3617 2222 ἑαυτοῦ
3680 2188 3796 2238 μη-

2213 2246 2382 2298 τέοα.

2250 2287 2343 2318 vta-'-
2371 2287 2382 2301 Ι

461 2355 486 2406 1
520 2351 781 2425 Tempus
815 2352 1018 2423 exigit,
1043 2367 1077 2410 ο
1106 2351 1207 2410 ﬁlii
1235 2370 1302 2411 ac
1333 2354 1555 2424 fratres,
1590 2356 2013 2427 utinexspecta

2213 2358 2277 2409 α’.
2309 2353 2556 2427 ’Πνεγκεν
2618 2351 2644 2404 ὁ
2691 2350 2903 2423 καιρὸς,
2952 2347 2997 2402 ὦ
3027 2348 3183 2403 τέκνα
3229 2346 3319 2401 καὶ
3389 2342 3635 2421 ἀδελφοὶ,
3690 2345 3792 2417 ἀγ-

384 2442 505 2496 tam
529 2441 798 2498 notitiam
827 2441 1023 2498 obitus
1045 2442 1274 2515 inclytae
1296 2446 1628 2503 communis
1646 2446 1828 2502 Patris
1855 2445 2030 2502 nostri

382 2529 603 2586 sororis
632 2531 990 2587 nuntiemus.
1025 2531 1156 2588 Haec
1187 2533 1340 2590 enim
1373 2540 1681 2607 postquam
1698 2537 1866 2606 juxta
1891 2553 2028 2609 prae-

385 2619 615 2676 finitam
645 2623 920 2678 creatoris
950 2622 1049 2679 Dei
1080 2623 1434 2680 voluntatem
1468 2627 1897 2696 praesente’vita
1925 2628 2026 2682 de-

380 2709 586 2766 functa
613 2708 741 2779 fuit,
775 2711 845 2766 ad
874 2712 1383 2783 supermundialia
1412 2730 1473 2770 se
1513 2714 1817 2771 transtulit
1870 2715 2026 2771 haud

377 2795 605 2855 luctum
637 2799 804 2856 nobis
843 2790 1284 2873 ineptissimum
1341 2802 1700 2877 relinquens,
1760 2810 1822 2861 ut
1881 2805 2025 2861 forte

380 2887 594 2960 aliquis
624 2890 996 2959 existimabit,
1028 2892 1129 2947 sed
1170 2891 1428 2949 laetitiam
1476 2894 1691 2966 potius,
1745 2895 1817 2952 ob
1865 2896 2025 2964 ejus-

377 2978 509 3034 dem
541 2976 773 3049 plenam
805 2995 904 3050 spe
938 2980 1360 3050 migrationem.
1392 2982 1583 3038 Vultis
1612 2983 1767 3040 enim
1801 2984 2022 3039 narrari

374 3083 410 3123 a
436 3082 528 3122 me
543 3067 706 3124 vobis
725 3066 971 3139 aliisque
992 3068 1086 3125 hic
1104 3072 1490 3143 praseentibus
1527 3074 2019 3146 (quandoquidem

382 3156 539 3213 haud
571 3159 820 3224 tacendi,
853 3160 952 3215 sed
986 3159 1263 3231 loquendi
1294 3167 1526 3231 tempus
1570 3170 1672 3228 est,
1723 3169 1895 3234 prout
1925 3163 2020 3218 illa

382 3248 747 3319 praescriptio
765 3247 933 3319 jubet
964 3253 981 3285 ¹
1015 3265 1028 3305 :
1052 3251 1127 3306 Ne
1141 3250 1330 3311 laudes
1359 3252 1632 3307 hominem
1659 3259 1790 3308 ante
1816 3253 2022 3309 obitum

2138 2439 2323 2515 γελίαν
2376 2441 2501 2512 ὑμῖν
2551 2437 2865 2514 ἀναγγεῖλαι
2908 2434 3338 2508 ἀπροσδόκητον,
3389 2436 3511 2505 ἣτις
3564 2433 3705 2488 ἐστῖν
3758 2435 3787 2486 ὁ

2139 2532 2363 2594 θάνατος
2418 2536 2518 2599 τῆς
2563 2527 2820 2602 ἀοιδίμου
2881 2526 3122 2604 ἀδελφῆς
3180 2529 3276 2580 τοῦ
3330 2523 3517 2579 κοινοῦ
3577 2523 3787 2597 [ἰατρὸς

2137 2623 2295 2693 ἡμῶν
2326 2623 2440 2691 (1)*
2493 2618 2628 2690 αὕτη
2678 2617 2778 2694 γὰρ
2824 2621 2893 2691 τῇ
2940 2613 3219 2692 ὡρισμένῃ
3276 2613 3452 2690 βουλῇ
3496 2616 3591 2667 τοῦ
3643 2618 3785 2681 ζωο-

2135 2711 2379 2765 πλάστου
2411 2714 2543 2765 Θεοῦ
2596 2706 3032 2782 λειτουργήσασα
3063 2710 3145 2776 τῷ
3176 2704 3400 2779 παρόντι
3454 2702 3579 2778 βίῳ,
3623 2722 3784 2775 μετα-

2133 2798 2449 2873 κεχώρηκεν
2485 2797 2560 2860 εἰς
2590 2798 2657 2851 τὰ
2689 2797 3030 2871 ὑπερκὸσμια
3055 2813 3067 2826 ·
3104 2793 3164 2849 οὐ
3214 2791 3394 2861 λύπην
3428 2794 3562 2865 ἡμῖν
3614 2812 3783 2846 κατα-

2136 2889 2372 2944 λιποῦσα
2416 2886 2732 2962 ἀλόγιστον,
2771 2886 2846 2950 ὡς
2898 2887 2958 2941 ἄν
2987 2906 3069 2947 τις
3121 2884 3363 2954 οἰηθείη,
3414 2880 3558 2938 ἀλλὰ
3605 2882 3779 2956 χαρὰν

2134 2976 2500 3050 ἐμποιήσασα,
2534 2975 2624 3031 διὰ
2651 2983 2749 3044 τῆς
2785 2975 3103 3031 εὖελπίστου
3156 2973 3322 3043 αὐτῆς
3387 2966 3733 3045 μεταϐάσεως
3762 3014 3774 3026 .

2134 3067 2326 3122 Θέλετε
2355 3068 2460 3142 γὰρ
2494 3065 2851 3143 διηγήσωμαι
2885 3066 3012 3138 ὑμῖν
3047 3064 3226 3138 ὥσπερ
3254 3062 3346 3123 καὶ
3388 3066 3504 3123 τοῖς
3554 3059 3777 3115 ἐνταῦθα

2131 3156 2349 3228 (ἐπειδὴ
2382 3157 2567 3231 καιρὸς
2600 3157 2660 3211 οὐ
2692 3160 2787 3212 τοῦ
2826 3160 2994 3228 σιγᾷν,
3045 3153 3190 3209 ἀλλὰ
3229 3158 3325 3208 τοῦ
3375 3151 3589 3220 λαλεῖν,
3639 3150 3775 3205 κατᾶ

2130 3251 2229 3315 τὴν
2288 3248 2612 3303 κελεύουσαν
2666 3244 2930 3317 ἐντολήν·
2983 3247 3071 3313 Μὴ
3120 3242 3404 3312 ἐπαινέσῃς
3451 3239 3617 3315 ἄνδρα
3666 3237 3770 3307 ἓως

371 3336 541 3407 ejus),
571 3336 772 3406 vultis,
813 3338 1078 3409 inquam,
1114 3341 1331 3395 narrari
1375 3341 1660 3413 quidquid
1704 3342 1873 3399 beata
1923 3342 2013 3397 illa

2129 3340 2225 3401 τῆς
2285 3335 2468 3406 ἐξόδου
2529 3335 2708 3405 αὐτοῦ)
2762 3336 2862 3389 ὅσα
2918 3333 3166 3405 ἐποίησεν
3210 3335 3245 3403 ἡ
3299 3330 3535 3407 μακαρία
3591 3329 3766 3399 ἐκείνη

367 3425 588 3495 anima,
619 3426 814 3482 adhuc
870 3428 929 3482 in
987 3444 1163 3484 carne
1207 3446 1461 3498 versans,
1522 3431 1659 3486 boni
1709 3432 2009 3503 sanctique

366 3515 563 3584 egerit,
595 3520 653 3569 et
682 3515 933 3572 scelestis
969 3518 1130 3588 regni
1166 3519 1405 3589 praemio
1435 3519 1617 3590 digni.
1655 3520 1796 3591 Ergo
1829 3522 2010 3577 favete

367 3603 633 3671 auribus,
667 3603 772 3659 filii
808 3604 941 3671 mei,
972 3609 1108 3662 dum
1137 3623 1242 3679 ego
1274 3608 1469 3678 procul
1502 3608 1663 3664 omni
1707 3611 2010 3665 mendacio

367 3695 757 3750 narrationem
784 3695 1081 3750 instituam
1109 3713 1122 3749 :
1156 3696 1381 3768 eritque
1402 3698 1564 3754 vobis
1584 3699 1810 3755 femina:
1832 3699 2010 3771 hujus

370 3782 599 3853 notitia,
654 3783 1023 3841 catecbeseos
1073 3802 1187 3843 non
1246 3786 1474 3844 inutilis
1514 3788 1719 3856 instar,
1776 3789 1897 3845 imo
1955 3794 2011 3845 et

364 3871 532 3930 valde
561 3874 853 3945 proficum.

438 3964 493 4018 2.
528 3961 734 4020 Utrum
768 3980 835 4020 ea
874 3964 1107 4037 quidem
1155 3985 1189 4022 a
1235 3968 1572 4038 parentibus
1614 3969 1847 4026 initium
1897 3971 2007 4027 vir-

372 4053 542 4121 tutis,
575 4054 729 4109 sicut
785 4059 843 4109 et
897 4057 1050 4126 vitae,
1107 4058 1440 4127 sumpserit,
1494 4059 1685 4115 dicere
1733 4076 2004 4132 nequeo:

370 4146 689 4214 praesertim
721 4145 856 4213 quia
889 4161 1004 4200 non
1046 4161 1137 4200 res
1176 4151 1308 4202 ante
1335 4163 1439 4217 me,
1471 4150 1570 4204 sed
1601 4155 1733 4220 post
1781 4167 1869 4205 rne
1905 4167 2007 4205 na-

368 4235 516 4300 tum,
538 4236 731 4302 gestas
761 4235 1096 4291 scribendas
1125 4238 1353 4309 suscepi
1380 4254 1393 4304 ;
1428 4243 1603 4310 atque
1631 4240 1701 4294 ab
1744 4256 1810 4296 eo
1859 4245 2007 4297 tem-

369 4336 527 4392 pore,
561 4337 675 4392 quo
704 4323 828 4395 ipsa
858 4325 996 4380 recti
1058 4325 1334 4397 pravique
1388 4327 1796 4385 discretionem
1845 4346 2008 4386 asse-

370 4416 502 4465 cuta
541 4412 664 4466 fuit.
698 4411 951 4470 Pueritia
988 4414 1172 4487 igitur
1210 4424 1381 4488 atque
1413 4419 1800 4477 adolescentia
1828 4421 2010 4476 omis-

372 4501 475 4567 sis,
508 4516 574 4555 cx
606 4503 864 4573 conjugii
894 4504 1022 4574 ejus
1074 4512 1324 4576 tempore
1371 4509 1645 4564 narrandi
1703 4512 2009 4566 exordium

373 4589 697 4660 capiamus.
730 4591 801 4645 Et
830 4595 1101 4663 quamvis
1133 4599 1450 4652 conformis
1485 4599 1618 4653 huic
1650 4608 1855 4655 nostrae
1886 4618 2009 4671 pro-

370 4678 608 4733 fessioni
632 4695 746 4734 non
765 4686 855 4735 est
887 4686 1180 4740 mundana
1217 4688 1459 4758 egregiee
1494 4688 1753 4757 parentis
1797 4694 2007 4744 nostra:

2128 3425 2149 3445 at
2254 3426 2266 3436 ·

2125 3425 2200 3480 ἔτι
2251 3426 2301 3481 ἐν
2359 3426 2516 3499 σαρκὶ
2569 3426 2699 3480 οὖσα
2749 3423 2893 3479 καλά
2936 3445 2995 3478 τε
3037 3424 3127 3478 καὶ
3175 3422 3318 3492 ὅσια,
3374 3421 3465 3476 καὶ
3509 3423 3608 3485 τῆς
3661 3423 3767 3473 τῶν

2120 3514 2359 3588 οὐρανῶν
2413 3512 2692 3589 βασιλείας
2759 3512 2989 3584 ἐπαξια;
3040 3515 3157 3568 θέτε
3205 3509 3271 3580 δὴ
3315 3509 3405 3566 οὖν
3455 3512 3550 3571 τας
3598 3509 3763 3571 ἀκοὰς

2122 3606 2293 3679 ὑμῶν,
2339 3607 2497 3661 τέκνα
2549 3626 2674 3679 μου,
2725 3605 2875 3681 κάγὼ
2929 3604 3286 3683 ὑφηγήσομαι
3343 3603 3490 3674 ὑμῖν,
3524 3598 3622 3670 ἔξω
3661 3604 3759 3653 τοῦ

2122 3693 2351 3769 ψεύδους
2407 3693 2690 3757 παντελῶς
2739 3694 3052 3774 φερόμενος,
3104 3692 3195 3747 καὶ
3243 3693 3524 3766 γενήσεται
3559 3689 3687 3762 ὑμῖν
3720 3692 3755 3757 ἡ

2119 3785 2243 3859 περί
2299 3784 2501 3855 ταύτης
2556 3782 2890 3860 ἀπαγγελία,
2950 3781 3063 3837 ἀντὶ
3120 3784 3479 3856 κατηχήσεως
3529 3781 3604 3852 (2)
3656 3780 3760 3834 οὐκ

2125 3873 2412 3944 ἀνόνητος,
2446 3874 2519 3935 ὼς
2552 3875 2740 3946 οἶμαι,
2768 3870 2914 3926 ἀλλᾶ
2944 3871 3033 3925 καὶ
3067 3870 3214 3942 μάλα
3244 3868 3527 3946 ὠφέλιμος
3554 3911 3567 3924 .

2193 3965 2265 4037 β’.
2334 3966 2428 4019 Ἐκ
2481 3962 2685 4038 γονέων
2748 3964 2842 4034 μὲν
2900 3961 3104 4036 ἧρχθαι
3168 3959 3334 4025 αὐτῆς
3383 3960 3479 4026 τὴν
3536 3957 3756 4032 ἁρετήν,

2121 4056 2303 4127 ὥσπερ
2334 4053 2423 4107 καὶ
2455 4053 2544 4108 τὸν
2582 4053 2724 4122 βίον,
2766 4052 2868 4106 οὐκ
2919 4048 3032 4125 ἔγω
3088 4047 3267 4124 λέγειν
3293 4067 3304 4078 ·
3354 4047 3468 4101 ἐπεὶ
3519 4043 3663 4119 μηδὲ
3692 4049 3758 4101 τὰ

2118 4145 2223 4219 πρὸ
2255 4144 2410 4217 ἐμοῦ,
2445 4142 2590 4201 ἀλλὰ
2634 4144 2701 4198 τὰ
2754 4143 2868 4214 μετ’
2917 4140 3013 4214 ἐμὲ
3056 4147 3343 4217 προ-ἦγμαι
3389 4138 3712 4217 συγγράφειν
3741 4157 3754 4171 ·

2118 4235 2207 4290 καὶ
2252 4235 2395 4304 ἐξότε
2451 4238 2637 4309 πεῖραν
2701 4231 2961 4308 εἰληφυῖα
3015 4230 3080 4300 ἧν
3126 4236 3225 4299 τῆς
3267 4226 3613 4305 διαγνώσεως
3658 4232 3758 4282 τοῦ

2118 4322 2291 4380 καλοῦ
2322 4325 2410 4378 καὶ
2446 4325 2522 4396 μή
2557 4321 2729 4383 οὕτως
2760 4315 2987 4395 ἔχοντος
3016 4363 3028 4375 .
3060 4321 3169 4375 Ἵνα
3187 4318 3282 4372 οὖν
3315 4318 3381 4373 τὰ
3401 4324 3499 4387 τῆς
3530 4318 3757 4390 πρώτης

2116 4417 2206 4470 καὶ
2266 4413 2518 4487 δευτέρας
2594 4410 3043 4485 μεοηλικιώσεως
3127 4411 3413 4482 παρῶμεν,
3498 4408 3603 4462 ἀπὸ
3659 4411 3755 4461 τοῦ

2116 4509 2308 4580 καιροῦ
2357 4512 2455 4572 τῆς
2518 4498 2873 4570 συμϐιώσεως
2933 4498 3219 4575 ἀρξώμεθα
3268 4505 3369 4568 τῆς
3407 4494 3753 4570 διηγήσεως·

2117 4595 2205 4648 καὶ
2238 4592 2283 4646 εἰ
2310 4594 2384 4664 μὴ
2418 4591 2632 4653 οἰκείως
2665 4593 2798 4664 ἡμῖν
2840 4584 2957 4664 ἔχει
2989 4591 3016 4643 ὁ
3046 4588 3311 4660 κοσμικὸς
3345 4587 3462 4660 βίος
3493 4593 3593 4656 τῆς
3625 4584 3757 4640 κα).-

2120 4682 2450 4754 λιμήτορος,
2484 4681 2635 4753 ὅμως
2663 4682 2727 4734 ὲκ
2754 4686 2852 4748 τῆς
2882 4680 3061 4754 ἀρχῆς
3108 4678 3170 4732 ’τὸ
3218 4676 3376 4738 τέλος
3423 4673 3747 4748 κατίδωμεν,

370 4767 506 4836 vita,
538 4772 733 4823 tamen
765 4786 831 4824 ex
862 4772 1146 4845 principio
1178 4776 1348 4830 finem
1389 4777 1814 4848 prospeximus,
1851 4778 2009 4833 ideo-

2128 4771 2422 4847 ἀναγκαίως
2509 4775 2699 4826 τοῦτον
2772 4771 3190 4845 προσθήσομαι.
3250 4768 3492 4837 Ἐκεινης
3572 4765 3744 4820 τοίνυν

371 4870 485 4926 que
514 4856 674 4914 illam
705 4864 833 4914 vttze
876 4867 1098 4933 partem
1132 4866 1459 4921 necessario
1486 4875 1845 4923 connectam.
1878 4867 2011 4923 Fuit

370 4960 507 5016 ergo
529 4945 688 5003 illius
710 4948 895 5020 prima
916 4952 1118 5008 virtus.
1145 4953 1326 5009 Deum
1348 4953 1536 5010 colere
1566 4972 1632 5010 ac
1673 4955 2009 5011 medullitus

373 5036 681 5093 adamare:
708 5038 889 5105 itaut,
915 5057 1249 5112 quanquam
1274 5043 1395 5097 viro
1435 5043 1493 5097 in
1516 5046 1856 5116 conjugium
1888 5048 2006 5101 tra-

371 5122 513 5191 dita,
572 5126 755 5181 nihilo
806 5133 1000 5185 tamen
1087 5131 1281 5185 minus
1342 5130 1657 5186 eniteretur
1713 5135 2006 5188 meliorem

372 5214 563 5283 quoad
592 5216 711 5271 tieri
759 5223 983 5287 poterat
1037 5219 1160 5272 vitae
1220 5233 1455 5274 cursum
1505 5220 1733 5277 sectari.
1795 5221 2007 5285 Quam-

370 5304 566 5359 obrem
597 5321 729 5360 cum
761 5307 1016 5376 primum
1051 5323 1155 5363 nos
1185 5310 1428 5379 peperit,
1471 5325 1583 5365 non
1633 5327 1795 5381 asque
1836 5319 2010 5384 atque

436 5431 456 5466 ³
482 5429 653 5486 Eccli.
684 5446 763 5500 χι,
803 5431 893 5490 30.

436 5557 843 5630 (l)rPlatonem
871 5556 1031 5630 dicit,
1073 5574 1368 5618 summum
1399 5564 1724 5623 monasticae
1771 5566 2005 5627 familiae

368 5629 674 5704 praesidem
706 5634 841 5691 ante
870 5629 1259 5697 Theodorum.

2120 4866 2336 4938 πρῶτον
2397 4860 2751 4933 κατόρθωμα,
2808 4860 2870 4913 τὸ
2927 4859 3016 4913 τὸν
3074 4858 3201 4913 Θεὸν
3281 4852 3609 4926 σεδασθῆναι
3664 4856 3748 4910 καὶ

2116 4950 2387 5026 ἀγαπῆσαι
2442 4948 2492 5022 ἐξ
2552 4948 2867 5020 ὁλοκλήρου
2902 4968 2914 4980 ·
2975 4946 3113 5003 ὥστε
3170 4946 3215 5002 εἶ
3274 4947 3517 5023 συνήφθη
3574 4943 3749 5019 ἀνδρὶ,

2117 5041 2244 5096 ἀλλ’
2293 5040 2429 5111 ὅλην
2498 5034 2691 5108 ἑαυτὴν
2749 5035 2992 5108 ἐϐιάζετο
3049 5045 3148 5108 τῆς
3204 5036 3509 5113 κρείττονος
3558 5036 3754 5109 μοίρας

2116 5132 2387 5209 γενέσθαι·
2436 5128 2524 5184 διὰ
2562 5133 2726 5185 τοῦτο
2784 5130 3083 5205 γεννήσασα
3140 5130 3288 5201 ἡμᾶς
3344 5126 3603 5201 πρώτως,
3655 5126 3758 5181 οὐκ

2119 5222 2236 5278 εἶπε
2273 5222 2336 5275 τὸ
2383 5224 2500 5281 ταῖς
2542 5216 2740 5282 ἄλλαις
2794 5218 3049 5295 γυναιξὶν,
3113 5219 3201 5271 οἶα
3242 5216 3438 5271 ἐκεῖναι
3493 5215 3581 5269 ἐπὶ
3634 5220 3755 5277 τοῖς

2117 5312 2385 5389 νεογόνοις
2441 5312 2661 5367 εἰώθασι
2721 5311 2855 5366 κατᾶ
2912 5307 3233 5384 δαιμονικὴν
3281 5305 3491 5377 κίνησιν
3543 5310 3759 5381 κεχρῆ-

2185 5571 2264 5643 (2)
2294 5568 2651 5643 Catechesim
2686 5560 3201 5643 prOprie_appellat
3242 5559 3386 5619 hanc
3433 5556 3755 5621 orationem

2116 5636 2290 5704 etiam
2323 5636 2899 5719 biographus'nos'ter
2927 5636 3043 5697 loc.
3068 5636 3166 5700 ait.
