4090 6288
358 363 480 422 885

921 360 1215 423 ORATIO
1258 362 1423 424 XIII.
1470 395 1544 406 —
1596 361 1990 428 LAUDATIO
2036 368 2416 431 FUNEBRIS
2463 369 2540 429 IN
2585 367 2928 431 MATREM
2976 366 3208 429 SUAM.

3638 367 3757 430 886

357 492 479 544 σθαι
530 488 925 565 κλῃδονισμοῖς
972 493 1060 547 καὶ
1108 494 1479 566 περιάμμασιν
1527 497 1616 549 καὶ
1667 496 1863 556 ἄλλαις
1912 519 1986 554 τι·

2118 503 2240 559 aliaa
2291 503 2563 559 mulieres
2611 502 2803 559 locuta
2842 506 3178 569 est;neque
3238 502 3303 555 ut
3332 499 3442 556 illae
3474 514 3535 557 se
3572 500 3754 571 gessit

355 580 436 633 σίν
499 579 736 653 ἐπῳδαῖς
799 580 874 643 εἴς
927 603 985 636 τε
1027 584 1153 645 τοὺς
1209 580 1431 661 δίφρους
1463 583 1710 647 καὶτοὺς
1744 589 1999 641 κοιτωνί-

358 690 537 737 σκους,
598 672 1005 747 περιτραχήλιά
1067 694 1123 728 τε
1185 672 1487 747 βάλλουσαι
1562 674 1649 728 καὶ
1707 677 1994 749 περίαπτα,

355 758 486 814 ἀλλ’
515 760 737 835 ἠρκεῖτο
782 760 949 834 μόνον
997 766 1064 836 τῇ
1104 759 1355 841 σφραγῖδι
1399 767 1495 818 τοῦ
1530 769 1805 833 ζωοποιοῦ
1836 787 1996 821 σταυ-

358 853 455 924 ροῦ
502 850 833 926 τετειχίσθαι
889 854 1054 925 ἡμᾶς,
1088 852 1204 907 ἀντὶ
1274 851 1449 909 ὅπλου
1507 856 1652 916 τινὸς
1685 856 1772 910 καὶ
1806 857 1997 929 θυρεοῦ

358 940 727 1014 ἀμαχωτάτου
756 944 918 995 τοῦτο
953 940 1387 1014 προβαλλομένη
1417 964 1429 975 ·
1474 940 1563 998 διὰ
1608 948 1768 999 τοῦτο
1811 950 1997 999 πασῶν

355 1032 464 1082 τῶν
515 1026 701 1083 ἄλλων
761 1034 1028 1103 γυναικῶν
1083 1036 1502 1105 προσκυνουσῶν
1557 1033 1647 1087 καὶ
1706 1034 1997 1089 ἀπανισταο

360 1118 533 1191 μένων
575 1117 625 1191 ἐξ
675 1119 840 1188 αύτῆς
888 1114 1065 1194 ὅψεως
1114 1123 1181 1195 τῇ
1214 1120 1500 1199 αὐτουργῷ
1529 1122 1620 1177 καὶ
1654 1130 1997 1199 μυσταγωγῷ

352 1210 443 1263 καὶ
503 1206 813 1283 διδασκάλῳ
868 1216 978 1267 τῶν
1023 1212 1311 1281 τοιούτων,
1346 1215 1486 1288 μόνη
1540 1215 1637 1270 οὐκ
1676 1216 1927 1291 ἠνείχετο
1958 1220 1992 1286 ἡ

352 1298 593 1373 ἡμετέρα
654 1302 860 1375 μήτηρ,
893 1301 1019 1357 οὕτε
1074 1301 1317 1377 κεφαλὴν
1366 1303 1550 1361 κλῖναι
1600 1306 1842 1378 πώποτε,
1876 1305 1998 1363 οὔτε

352 1385 749 1465 προσδραμεῖν,
781 1387 897 1445 οὐδ’
940 1389 1006 1445 αὖ
1056 1399 1344 1468 μετασχεῖν
1394 1402 1496 1465 τῆς
1546 1399 1834 1472 γοητείας·
1876 1398 1995 1454 καί·

352 1499 453 1553 περ
512 1479 613 1534 ὑπὸ
666 1484 775 1534 τῶν
848 1479 1194 1555 τελουμένων
1250 1482 1620 1558 ἂπειλουμένη
1680 1486 1994 1551 πολλάκις·

352 1566 704 1639 ἀλλ’ὄντως,
745 1572 935 1646 Ψυχαὶ
995 1570 1218 1629 δικαίων
1278 1574 1329 1630 ἐν
1391 1576 1535 1651 χειρὶ
1585 1581 1740 1647 Θεοῦ,
1784 1578 1873 1633 καὶ
1932 1578 1992 1634 οὐ

357 1662 434 1732 μή
493 1656 694 1734 ἅψηται
755 1662 931 1715 αὐτῶν
988 1661 1255 1736 βάσανος·
1323 1666 1417 1720 Καὶ
1479 1668 1505 1721 ὁ
1572 1669 1844 1730 πεποιθὼς
1905 1668 1993 1723 ἐπὶ

356 1751 570 1823 Κύριον,
605 1750 678 1811 ὡς
710 1746 838 1825 ὅρος
868 1753 1035 1813 Σιὼν,
1069 1753 1141 1814 ὡς
1174 1754 1238 1807 τὰ
1273 1756 1439 1827 (λόγια
1470 1778 1654 1833 νρησιν.

423 1929 488 2004 γ’.
525 1929 802 2003 Δεύτερον,
848 1935 945 1985 τοῦ
997 1933 1142 1986 θείου
1195 1934 1364 1988 πόθου
1422 1932 1673 2007 αὔξοντος
1726 1938 1895 2006 αὐτῆς
1944 1937 1992 1992 ἐν

348 2022 417 2091 τῇ
458 2016 673 2091 καρδίᾳ,
721 2018 904 2090 ἐπειδὴ
956 2020 1022 2089 ἧν
1074 2022 1433 2097 ἀγρᾶμματος
1482 2025 1529 2094 ἐξ
1567 2026 1820 2101 ὀρφανίας
1869 2028 1993 2104 ἀγο-

355 2108 515 2179 μένη,
575 2111 943 2183 γραμματίζει
1006 2111 1200 2180 ἑαυτὴν
1271 2116 1305 2181 ἡ
1371 2118 1509 2191 σοφή
1567 2117 1655 2170 καὶ
1712 2118 1991 2189 συνετίζει,

348 2198 437 2253 καὶ
476 2200 539 2253 τὸ
570 2200 889 2271 Ψαλτήριον
932 2201 1285 2273 ἀποστηθίζει
1320 2204 1592 2262 κάλλιστά
1638 2229 1695 2263 τε
1742 2209 1832 2263 καὶ
1882 2231 1996 2263 συν-

347 2290 642 2362 τομώτατα
665 2310 678 2323 ·
719 2290 808 2346 καὶ
840 2295 1003 2347 τοῦτο
1036 2299 1190 2365 πῶς;
1226 2294 1323 2349 οὐκ
1355 2294 1405 2348 ἐν
1436 2295 1617 2369 ἡμέρᾳ
1647 2297 1992 2370 σχολάζουσα

352 2381 421 2451 τῇ
457 2379 676 2454 μελέτῃ,
712 2382 784 2442 ὡς
824 2381 883 2436 ἂν
939 2385 1013 2456 μή
1061 2384 1150 2437 τὸν
1196 2382 1358 2458 ἄνδρα
1410 2383 1804 2460 παραλυπγίσῃ,
1836 2386 1870 2456 ἢ
1902 2389 1991 2443 τὸν

357 2469 501 2522 οἶκον
554 2469 931 2546 ὑπελαττώσῃ,
991 2471 1138 2527 ἀλλὰ
1213 2474 1315 2548 πρὸ
1378 2472 1547 2529 ὕπνου
1603 2496 1660 2530 τε
1724 2477 1813 2531 καὶ
1876 2480 1990 2550 μεθ’

354 2556 541 2628 ὕπνον,
573 2564 1008 2639 φωταγωγούσης
1054 2560 1333 2634 κανδήλης
1370 2564 1649 2637 κάμνουσα
1701 2563 1863 2639 τόνῳ,
1896 2572 1990 2623 τοῦ

354 2646 413 2702 έκ
441 2653 545 2703 τῶν
576 2656 778 2724 χειρῶν
813 2650 978 2727 ἔργου
1011 2653 1109 2707 οὐκ
1137 2653 1334 2726 ἡμέλει
1356 2672 1369 2685 ’
1401 2653 1545 2710 ἀλλὰ
1576 2662 1651 2725 πῆ
1689 2657 1781 2729 μὲν
1811 2657 1989 2729 τούτῳ

356 2739 716 2813 προσέχουσα,
746 2747 819 2809 πῆ
865 2737 921 2794 δὲ
959 2742 1021 2796 τὸ
1062 2738 1241 2816 ἕτερον
1292 2742 1430 2806 εἶδος
1475 2748 1987 2820 μεταχειριζομένη,

352 2827 439 2880 καὶ
487 2828 575 2881 τὸν
637 2827 786 2882 οἶκον
836 2826 1004 2899 ηὕξει.
1038 2833 1125 2886 καὶ
1186 2836 1292 2886 τῶν
1353 2835 1694 2907 μαθημάτων
1746 2835 1989 2910 ἐπελαμ-

352 2910 577 2971 ϐάνετο·
636 2915 816 2973 ἔκτοτε
871 2918 1048 2974 τοίνυν
1100 2922 1201 2976 οὐκ
1255 2921 1523 2978 ἐπαύσατο
1588 2922 1858 2996 ὁμιλοῦσα
1910 2930 1989 2998 τῷ

347 3004 471 3078 θείῳ
502 3005 668 3061 Δαυῖδ
713 3005 924 3081 ἡμέραν
967 3008 1016 3083 ἐξ
1071 3009 1298 3085 ἡμέρας,
1340 3012 1427 3067 καὶ
1474 3019 1592 3076 ταῖς
1642 3014 1806 3076 θείαις
1866 3016 1991 3071 ἀναε-

343 3093 575 3169 γνώσεσι
614 3098 1000 3171 προσέχουσα·
1055 3098 1252 3154 ἐκεῖθεν
1296 3122 1353 3156 τε
1402 3101 1665 3173 καιομένη
1712 3105 1810 3173 τὴν
1858 3125 1989 3179 καρ·

345 3181 483 3254 δίαν,
516 3186 607 3239 καὶ
665 3187 800 3261 πρὸς
848 3188 910 3242 τὸ
963 3187 1167 3261 μέλλον
1214 3191 1411 3267 ἀγαθὸν
1470 3192 1885 3266 ἀναλάμπουσα,
1935 3195 1987 3250 τί

343 3280 492 3329 ποιεῖ
531 3278 617 3330 καὶ
663 3276 713 3330 τί
767 3276 1047 3352 ἐργάζεται
1106 3283 1140 3349 ἡ
1202 3282 1512 3353 θαυμασία;
1556 3282 1986 3358 ἀποκοσμήσασα

345 3363 544 3432 ἑαυτήν
588 3369 695 3419 τῶν
752 3366 1013 3438 ματαίων,
1065 3369 1156 3422 καὶ
1202 3369 1276 3432 ὡς
1326 3372 1653 3448 χηρευτικόν
1698 3394 1749 3427 τι
1798 3382 1991 3448 σχῆμα

347 3449 713 3526 ἀναλαϐοῦσα,
757 3455 930 3519 οὕτως
984 3457 1059 3520 εἷς
1118 3457 1427 3535 ὑπόδειγμα
1480 3461 1648 3518 καλὸν
1696 3463 1990 3541 προῦκειτο

345 3548 463 3605 ταῖς
514 3544 836 3620 γνωρίμοις,
864 3548 1002 3619 μήτε
1050 3546 1322 3621 ὀμνύουσα
1371 3553 1431 3607 τὸ
1470 3552 1730 3622 καθόλου,
1765 3554 1894 3628 μηδ’
1923 3554 1989 3610 αὖ

349 3630 677 3707 ψευδομένη,
713 3639 853 3708 μήτε
898 3637 964 3691 τὰ
1011 3636 1196 3694 πολλὰ
1238 3646 1632 3718 κρεοφαγοῦσα,
1664 3643 1714 3699 ἐν
1765 3649 1846 3717 τῷ
1880 3647 1990 3718 μά-

348 3718 507 3778 λιστα
552 3725 1088 3799 τεσσαρακοστίκειν·
1152 3728 1298 3784 ἀλλὰ
1352 3733 1440 3786 καὶ
1503 3730 1549 3787 εἷ
1598 3754 1729 3789 ποτε
1777 3734 1852 3798 εἷς
1902 3736 1986 3790 εύ-

347 3812 520 3886 ωχίαν
567 3813 932 3887 προύκαλεῖτο
985 3820 1250 3893 γαμικὴν,
1302 3818 1669 3885 λανθανόντως
1729 3823 1985 3899 ὑπεξῆγεν

344 3901 535 3972 έαυτήν
587 3901 851 3975 μηδόλως
899 3908 1177 3980 ἁπτομένη
1211 3915 1408 3982 κρεῶν,
1435 3908 1576 3983 μηδὲ
1615 3914 1677 3968 τὸ
1727 3912 1884 3986 ὄμμα
1910 3913 1987 3969 αἶ’-

342 4009 508 4080 ρᾷουσα
541 3990 615 4055 εἷς
647 3994 714 4049 τὰ
762 3997 1030 4070 θυμελικὰ
1071 3999 1329 4075 παίγνια·
1360 3998 1450 4054 καὶ
1496 4002 1596 4075 γὰρ
1638 4003 1704 4071 ἦν
1756 4004 1985 4080 σώφρων

342 4078 389 4137 εἷ’
435 4081 521 4136 καί
571 4104 655 4147 τις
705 4084 988 4157 ἄλλη,ἓνα
1031 4086 1198 4164 ἄνδρα
1242 4091 1568 4167 γνωρίσασα,
1610 4091 1699 4146 καὶ
1748 4078 1859 4163 τήν
1889 4096 1984 4167 ψυ-

340 4181 450 4258 χὴν
513 4179 645 4252 μετά
700 4180 797 4247 τὴν
855 4179 1139 4256 ἀποταγὴν
1187 4184 1443 4238 τοσοῦτον
1490 4183 1567 4245 εἰς
1598 4184 1758 4258 ἄκρον
1792 4184 1984 4258 ἀγνεύ-

340 4290 495 4340 σασα,
554 4269 628 4331 ὡς
681 4270 766 4323 καὶ
829 4270 994 4345 μέχρι
1046 4267 1319 4348 λογισμοῦ
1373 4275 1748 4347 τυραννήσεως
1821 4274 1975 4351 ἀκρι-

338 4354 606 4415 ϐεύεσθαι.

410 4445 475 4506 δ’,
522 4447 620 4510 Τίς
673 4447 763 4503 οῦν
832 4448 1043 4520 ἐκείνην
1108 4445 1295 4507 ἔλαθεν
1349 4454 1700 4527 μεσονυκτίου
1752 4458 1976 4532 καιρός;

335 4536 522 4610 ἐπειδὴ
574 4538 731 4616 ἔργον
787 4540 849 4594 τὸ
910 4538 1100 4617 λόγιον
1147 4541 1427 4617 ἐπλήρου·
1476 4548 1841 4605 Μεσονύκτιον
1891 4546 1978 4618 ἐξ-

2019 3245 2067 3311 C

2111 610 2239 664 quae
2268 610 2466 650 recens
2497 592 2650 650 natis
2689 592 2970 647 diabolico
3021 589 3304 661 impulsu,
3339 589 3651 646 claviculas
3693 595 3755 646 et

2107 682 2388 754 ligaturas
2419 688 2594 756 atque
2623 682 2739 740 alia
2764 681 3031 755 praetigia
3072 681 3143 736 ad
3189 678 3428 736 sellulas
3451 684 3508 735 et
3537 681 3751 736 cubilia

2108 773 2406 841 adhibent,
2429 780 2668 846 torques
2698 775 2872 830 etiam
2907 777 2962 827 et
2992 770 3248 827 amuleta
3286 768 3451 826 collis
3481 768 3749 838 injicien-

2108 864 2367 929 tes;sed
2418 863 2557 919 satis
2613 862 2665 917 ei
2714 865 2838 917 erat
2868 859 3139 916 salutaris
3197 858 3385 915 erucis
3439 858 3605 929 signo
3641 875 3749 914 nos

2109 952 2495 1017 communire,
2528 955 2701 1023 atque
2749 952 2851 1006 hac
2875 949 3041 1020 quasi
3072 952 3374 1005 armatura
3404 951 3459 1004 et
3506 947 3748 1019 inexpu-

2109 1040 2323 1113 gnabili
2380 1044 2546 1097 scuto
2613 1041 3302 1111 protegere.Itaquecum
3336 1037 3460 1093 aliae
3520 1037 3747 1092 feminae

2107 1130 2528 1189 venerabundm
2577 1133 2953 1201 assurgerent
3010 1131 3318 1199 conspecta
3358 1126 3617 1198 qualibet
3647 1144 3748 1182 au-

2108 1221 2279 1276 ctrice
2308 1223 2363 1274 et
2394 1217 2705 1274 initiatrice
2738 1234 2802 1272 ac
2835 1216 3122 1288 magistra
3153 1215 3487 1285 bujusmodi
3522 1217 3746 1287 praesti-

2107 1309 2355 1381 giorum,
2387 1308 2513 1364 sola
2544 1310 2731 1363 mater
2761 1310 2985 1375 nostra,
3017 1321 3206 1377 neque
3236 1308 3409 1375 caput
3447 1304 3539 1360 his
3571 1304 3747 1361 incli-

2108 1413 2261 1465 nare,
2293 1413 2483 1469 neque
2530 1413 2625 1453 eas
2674 1397 2957 1465 invocare,
2990 1411 3177 1467 neque
3223 1393 3513 1450 ullatenus
3545 1410 3746 1466 super-

2107 1488 2373 1544 stitiones
2403 1487 2753 1560 participare
2784 1502 2959 1558 passa
2979 1490 3104 1550 est;
3136 1501 3285 1556 saepe
3324 1484 3462 1541 licet
3482 1484 3554 1542 ab
3586 1483 3744 1540 illius

2106 1576 2482 1648 professionis
2540 1575 2772 1632 feminis
2826 1575 3016 1631 minas
3092 1578 3346 1646 experta.
3381 1574 3489 1630 Sed
3524 1590 3746 1645 reapse-

2100 1667 2392 1736 justorum
2425 1667 2634 1722 animae
2667 1667 2727 1720 in
2762 1682 2938 1721 manu
2996 1665 3089 1721 Dei
3131 1668 3287 1725 sunt,
3324 1681 3511 1736 neque
3550 1669 3743 1735 tanget

2105 1773 2203 1812 eos
2236 1761 2583 1812 tormentum
2617 1755 2657 1811 ε.
2693 1756 2755 1810 Et
2813 1754 2912 1827 qui
2954 1753 3176 1825 conﬁdit
3226 1756 3284 1809 in
3318 1754 3563 1821 Domino,
3601 1756 3742 1809 sicut

2029 1871 2069 1934 Β
2100 1866 2257 1903 mons
2281 1849 2411 1904 Sion
2431 1849 2473 1913 ³,
2507 1857 2571 1903 ut
2599 1848 2909 1918 Scriptura:
2933 1847 3116 1902 aiunt.

2171 1940 2224 1991 3.
2261 1939 2531 1993 Pesthinc
2554 1938 2746 1992 divino
2781 1953 2972 1992 amore
2995 1938 3052 1991 in
3079 1937 3205 2007 ejus
3230 1938 3399 1992 corde
3423 1941 3736 2005 crescente,

2104 2028 2239 2097 quia
2295 2027 2419 2083 sine
2478 2027 2825 2093 litteratura,
2869 2031 2933 2081 ut
2972 2026 3255 2096 orphana,
3288 2025 3487 2081 relicta
3529 2026 3737 2093 fuerat,

2102 2118 2227 2185 ipsa
2248 2116 2455 2171 litteris
2475 2121 2658 2171 semet
2682 2116 2975 2186 sapienter
3004 2115 3212 2169 imbuit
3243 2115 3650 2185 iustruxitque,
3678 2121 3736 2169 et

2102 2206 2442 2277 psalterium
2500 2206 2723 2277 egregie
2784 2204 3243 2276 brevissimoque
3301 2208 3558 2275 tempore
3616 2220 3746 2259 me—

2102 2298 2296 2353 moria!
2347 2297 2660 2363 mandavit,
2704 2298 2764 2352 Id
2823 2301 3020 2352 autem
3075 2295 3412 2367 quomodo?
3466 2294 3743 2364 Equidem

2103 2387 2255 2442 haud
2282 2386 2533 2442 interdiu
2565 2383 3338 2458 huicoccupationivacans,
3373 2400 3444 2441 ne
3473 2385 3594 2440 viro
3628 2400 3748 2440 me-

2099 2478 2331 2534 lestiam
2372 2481 2611 2546 crearet,
2646 2484 2740 2532 aut
2801 2477 3085 2531 minorem
3144 2474 3368 2529 domini
3403 2490 3604 2530 curam
3636 2474 3745 2529 im-

2100 2568 2398 2639 penderet,
2418 2567 2520 2622 sed
2552 2570 2683 2622 ante
2707 2570 2762 2623 et
2783 2569 2913 2638 post
2933 2581 3225 2631 somnum,
3247 2563 3484 2619 ardente
3513 2562 3748 2618 lucerna

2100 2657 2301 2714 sedulo
2328 2657 2663 2724 lucubrans,
2694 2672 2787 2710 res
2828 2672 2958 2726 quae
2989 2658 3155 2710 erant
3200 2654 3255 2709 in
3309 2651 3580 2708 manibus
3630 2668 3746 2707 non

2102 2746 2449 2818 negligebat,
2473 2747 2573 2801 sed
2625 2746 2797 2801 modo
2855 2744 2993 2801 huic
3050 2744 3224 2799 modo
3273 2742 3439 2798 alteri
3472 2742 3746 2797 cumin-

2100 2841 2278 2903 tenta,
2310 2840 2366 2892 et
2398 2836 2636 2891 domum
2665 2852 2725 2891 re
2759 2834 3025 2890 familiari
3070 2833 3341 2905 augebat,
3381 2836 3436 2886 et
3465 2830 3745 2887 doctrinis

2099 2927 2278 2983 simul
2335 2927 2595 2982 animum
2656 2926 2970 2982 excolebat.
3030 2926 3221 2996 Atque
3270 2939 3434 2980 exeo
3465 2923 3741 2979 nimirum

2100 3028 2353 3088 tempore
2419 3032 2722 3087 nunquam
2783 3014 3007 3070 destitit
3062 3030 3196 3069 cum
3257 3012 3472 3068 Davide
3500 3011 3740 3080 versari,

2099 3105 2312 3161 divinis
2347 3106 2605 3177 quotidie
2626 3104 2969 3161 lectionibus
2995 3119 3231 3175 cperam
3254 3119 3493 3158 navans.
3518 3101 3741 3169 Quibus

2099 3212 2193 3252 cor
2241 3195 2501 3264 incensa,
2529 3211 2595 3250 ac
2628 3194 2805 3249 futuri
2853 3193 2985 3250 boni
3024 3210 3123 3264 spe
3161 3193 3562 3258 exardescens,
3596 3191 3737 3262 quid

2099 3285 2430 3356 aggreditur
2460 3284 2672 3356 quidve
2703 3283 2823 3354 agit
2850 3282 3213 3339 admirabilis
3265 3280 3526 3337 femina?
3557 3279 3738 3337 Vanis

2097 3374 2208 3430 sibi
2276 3374 2546 3429 detractis
2620 3372 3000 3440 ornamentis,
3060 3376 3116 3427 et
3199 3370 3415 3427 viduali
3483 3370 3735 3441 quodam

2096 3463 2309 3520 amictu
2342 3467 2667 3534 assumpto,
2698 3462 3041 3535 praeclarum
3085 3465 3272 3518 semet
3320 3459 3615 3532 exemplar
3648 3461 3734 3514 fa-

2095 3554 2423 3609 miliaribus
2479 3553 2769 3624 praebebat
2827 3568 2842 3609 :
2893 3566 3081 3623 neque
3133 3550 3369 3621 jurabat
3450 3563 3732 3620 unquam,

2093 3661 2282 3717 neque
2306 3642 2711 3712 mentiebatur,
2735 3658 2926 3715 neque
2948 3642 3223 3697 carnibus
3250 3640 3592 3711 plerumque
3614 3653 3734 3693 ves-

2091 3735 2350 3805 cabatur,
2384 3731 2875 3805 quadragesimali
2920 3730 3238 3804 prmsertim
3301 3733 3578 3800 tempore.
3619 3726 3730 3782 Sed

2090 3833 2144 3882 et
2189 3824 2241 3881 si
2293 3823 2523 3893 quando
2575 3823 2647 3879 ad
2706 3822 2970 3895 nuptiale
3025 3820 3343 3877 convivium
3377 3820 3729 3885 avocaretur,

2091 3913 2529 3972 dissimulanter
2586 3929 2647 3969 se
2715 3912 3069 3983 continebat,
3129 3910 3364 3967 intactis
3432 3908 3727 3974 carnibus,

2088 4004 2407 4076 oculosque
2438 4005 2510 4060 ad
2534 4002 2876 4075 thymelicos
2908 4002 3073 4058 lusus
3129 4000 3369 4056 minime
3425 3996 3726 4064 attollens;

2087 4100 2211 4152 erat
2256 4098 2409 4152 enim
2452 4110 2588 4153 cum
2646 4093 2850 4165 primis
2906 4093 3135 4164 pudica,
3168 4105 3352 4147 unum
3386 4088 3571 4145 virum
3631 4102 3734 4159 ag-

2088 4202 2359 4254 noscens,
2392 4184 2773 4256 animumque
2805 4199 2980 4238 suum
3031 4187 3160 4254 post
3187 4178 3464 4237 consortii
3516 4193 3733 4233 renun-

2087 4279 2387 4336 tiationem
2421 4290 2607 4347 usque
2629 4274 2701 4330 ad
2725 4288 3017 4331 summam
3040 4270 3453 4341 cogitationum
3479 4268 3733 4339 ipsarum

2086 4367 2530 4440 castigationem
2561 4364 2992 4436 puriﬁcaverat.

2154 4461 2207 4513 4.
2241 4457 2401 4523 Quod
2457 4472 2595 4528 ergo
2633 4454 2796 4511 illam
2834 4453 3040 4510 mediae
3097 4449 3285 4508 noctis
3317 4454 3548 4520 tempus
3578 4464 3726 4520 pra-

2083 4546 2278 4605 teriit?
2308 4546 2387 4602 Re
2416 4562 2556 4602 sane
2588 4561 2719 4602 vera
2745 4559 2979 4602 sacrum
3011 4541 3247 4597 atratum
3283 4539 3680 4609 complebatur
3713 4552 3728 4594 :

337 4614 655 4705 εγειρόμην
713 4633 808 4683 τοῦ
884 4614 1338 4706 ἐξομολογεῖσθαί
1413 4655 1497 4690 σοι
1571 4636 1658 4692 ἐπὶ
1727 4639 1793 4692 τὰ
1852 4614 1979 4713 κρί-

2098 4638 2263 4693 lfedz'a
2302 4640 2453 4693 nocte
2507 4635 2800 4706 surgebam
2847 4633 2918 4690 ad
2986 4631 3356 4703 conﬁtendum
3412 4628 3515 4685 tibi
3568 4642 3733 4697 super

339 4739 482 4792 ματα
522 4722 621 4788 τῆς
682 4716 1029 4791 δικαιοσύνης
1086 4729 1216 4776 σου⁶
1270 4722 1350 4785 τίς
1411 4721 1467 4779 δὶ
1519 4720 1716 4801 ὄρθρου
1771 4726 1979 4802 ἐξέγερ-

338 4808 569 4878 σιςςτίς
628 4805 684 4862 δὲ
741 4808 925 4885 ἑτέρας
986 4808 1352 4886 διωρισμένης
1429 4813 1775 4889 εὐχαριστίας
1860 4816 1979 4893 ὥρα

335 4896 734 4971 παρελείπετο;
795 4897 1096 4972 Οὐδαμῶς·
1158 4900 1304 4957 ἀλλὰ
1380 4904 1467 4957 καὶ
1537 4911 1636 4974 τῆς
1696 4904 1973 4980 οἰκουρίας

333 4986 675 5062 ἀντεχομένη
704 4985 851 5059 λίαν,
882 4990 970 5044 καὶ
1002 4990 1075 5052 ὡς
1114 4990 1213 5045 οὐκ
1259 4989 1319 5045 ἄν
1367 5013 1449 5047 τις
1478 4998 1585 5048 τῶν
1633 4994 1972 5070 φιλοπόνων,

332 5073 743 5152 πλουσιωτέραν
784 5079 882 5147 τήν
914 5078 966 5133 ἐν
998 5085 1112 5143 τοῖς
1146 5082 1370 5155 ἀγαθοῖς
1412 5081 1592 5157 ἔργοίς
1652 5083 1970 5141 εἰσεποιεῖτο

330 5164 600 5235 ἐπίδοσιν,
652 5166 985 5241 ῥυθμίζουσα
1032 5173 1111 5241 τῷ
1174 5172 1294 5224 καθ’
1333 5171 1523 5240 ἑαυτὴν
1595 5171 1971 5249 ὑποδείγματι,

330 5256 418 5312 καὶ
476 5257 567 5311 τὸν
619 5257 914 5332 ὁμόζυγον,
966 5259 1054 5313 καὶ
1115 5256 1333 5331 παῖδας,
1400 5261 1490 5315 καὶ
1552 5262 1967 5337 θεραπαινίδας·

329 5346 423 5403 τὸν
461 5348 580 5420 μὲν,
615 5367 750 5420 μετα
774 5353 881 5402 τῶν
911 5346 1098 5405 ἄλλων
1129 5349 1219 5403 καὶ
1268 5348 1345 5413 εἷς
1393 5350 1696 5423 ὑπόμνησιν
1737 5352 1971 5430 φέρουσα

328 5435 423 5491 τοῦ
456 5439 743 5492 θανατικοῦ
776 5442 1102 5513 χωρισμοῦ·
1145 5438 1233 5493 καὶ
1286 5435 1374 5494 διὰ
1420 5445 1582 5495 τυῦτο
1627 5439 1972 5514 συμϐουλεύ-

330 5546 464 5582 ουσα
512 5528 602 5582 καὶ
650 5528 1040 5601 παρακαλοῦσα
1084 5528 1183 5596 τὴν
1223 5526 1317 5582 ἄπ’
1364 5526 1628 5599 ἀλλήλων
1680 5530 1967 5607 στέρησιν·

327 5615 423 5675 καὶ
481 5616 665 5692 μέντοι
723 5614 935 5674 πείθει·
992 5616 1082 5672 καὶ
1159 5617 1387 5674 πείσασα
1464 5617 1553 5675 ἐπὶ
1619 5624 1744 5694 μιᾶς
1810 5623 1969 5694 εὐνῆς

399 5768 421 5803 ³
452 5756 697 5840 Sapdu,
734 5770 775 5825 Ι.
799 5764 824 5802 ⁸
854 5767 1002 5825 Psal.
1034 5783 1222 5843 cxnv,
1264 5770 1316 5830 1.
1343 5766 1366 5805 ⁴
1395 5767 1545 5828 Psal.
1580 5786 1770 5846 cxvm,
1792 5772 1880 5831 62.

2088 4728 2299 4798 judicia
2341 4726 2759 4797 justiﬁcationis
2815 4724 2980 4781 tuw‘.
3014 4723 3150 4787 Qum
3209 4725 3404 4777 autem
3441 4717 3733 4773 matutina

2087 4815 2504 4881 consurrectio,
2537 4832 2801 4887 quaenam
2832 4814 2944 4871 alia
2976 4810 3256 4884 praeﬁnita
3287 4809 3601 4881 gratiarum
3622 4812 3730 4863 Deo

2087 4908 2436 4979 agendarum
2468 4905 2610 4961 hora
2637 4902 3182 4977 praetermittebatur
3205 4900 3232 4956 ‘I
3260 4899 3434 4955 Nulla
3459 4913 3726 4971 prorsus.

2084 4997 2196 5052 Sed
2236 5002 2295 5052 et
2325 4997 2536 5051 domus
2575 4994 2856 5050 custodias
2886 5006 3238 5065 magnopere
3269 4989 3487 5051 dedita,
3509 5004 3617 5056 prae
3650 4985 3731 5041 la-

2084 5085 2314 5143 borioso
2346 5084 2627 5156 quolibet,
2661 5083 2893 5139 uberius
2927 5083 3213 5137 bonorum
3239 5093 3481 5151 operum
3532 5091 3733 5131 exem-

2084 5176 2175 5248 plo
2227 5176 2457 5247 proprio
2513 5175 2936 5230 incrementum
2999 5170 3288 5226 efficiebat
3353 5168 3413 5223 in
3468 5166 3612 5235 viro,
3671 5167 3731 5221 in

2081 5265 2306 5333 liberis,
2338 5265 2398 5320 in
2429 5263 2678 5320 ancillis.
2704 5263 2768 5318 Et
2804 5261 2887 5316 illi
2937 5261 3198 5331 quidem,
3232 5263 3434 5325 praeter
3491 5261 3726 5324 caetera,

2083 5356 2335 5412 futurum
2363 5370 2597 5426 quoque
2629 5352 2833 5409 mortis
2864 5368 3039 5407 causa
3069 5349 3491 5420 separationem
3517 5347 3574 5400 in
3612 5360 3731 5401 me-

2083 5448 2329 5503 moriam
2354 5445 2663 5501 revocabat
2695 5464 2709 5513 ;
2743 5444 2989 5513 ideoque
3023 5440 3373 5496 admonebat
3417 5443 3475 5492 et
3515 5435 3734 5492 adhor-

2080 5536 2334 5606 tabatur,
2367 5542 2435 5592 ut
2490 5534 2739 5591 invicem
2800 5531 3203 5589 abstinerent:
3271 5543 3449 5599 quam
3509 5541 3631 5584 rem
3678 5523 3732 5579 ei

2078 5624 2374 5701 persuasit
2404 5625 2462 5683 in
2496 5627 2745 5694 tantum,
2779 5626 2844 5679 ut
2874 5636 2983 5678 uno
3021 5618 3232 5679 lectulo
3270 5621 3519 5687 utentes,
3556 5614 3730 5689 quin-
