4090 6288
367 374 486 435 887

1604 371 1670 432 s.
1715 368 2113 431 THEODORI
2154 356 2516 432 STUDIT/E

3643 358 3767 442 888

366 502 646 581 quennio'
679 511 735 564 et
790 507 944 563 ultra
990 506 1144 561 inter
1173 521 1235 561 se
1268 521 1382 560 non
1406 505 1820 577 cognoverint;
1853 503 2008 574 quod

2144 500 2278 563 ἶλοις
2310 501 2466 557 πέντε
2494 500 2662 558 ἔτεσιν
2695 504 2730 573 ἢ
2760 508 2851 559 xui
2899 509 3057 580 πρὸς,
3102 508 3199 563 οὐκ
3246 504 3475 586 ἔγνωσαν
3518 514 3767 586 ἑαυτοὺς,

363 602 451 654 est
474 596 822 654 admirabile
854 614 919 652 ac
952 613 1171 651 rarum.
1202 594 1310 658 Qui
1343 595 1496 649 enim
1549 595 1701 649 fierit
1725 594 1927 665 possit,
1954 600 2016 647 ut

365 688 525 760 ignis
548 687 853 760 adjacendi
884 686 1112 759 stipulae
1153 703 1266 742 non
1316 687 1725 753 admisceatur,
1762 686 1874 741 nisi
1905 685 2015 741 hoc

366 776 514 833 forte
562 776 1003 850 supranaturale
1054 774 1209 831 fuit?
1266 777 1427 841 Quod
1487 776 1536 831 si
1615 776 1854 841 Boosus,
1914 775 2015 846 qui

370 867 867 922 condormientem
902 865 1156 920 Rutham
1198 881 1315 920 una
1373 868 1538 921 nocte
1579 864 1818 936 reliquit
1864 864 2017 920 inta-

372 959 546 1023 ctam,
578 956 872 1025 laudatur,
906 954 1111 1025 quidni
1143 957 1385 1026 uterque
1435 970 1644 1025 parens
1686 970 1849 1007 meus
1891 968 2017 1007 tne-

375 1041 545 1097 ritam
569 1039 964 1113 temperantiae
996 1038 1238 1112 gloriam
1266 1041 1522 1096 referat?
1550 1040 1676 1096 Esto
1707 1039 1883 1108 igitur
1906 1039 2016 1094 hoc

379 1131 680 1187 amborum
740 1131 1072 1186 encomium
1107 1146 1120 1183 :
1155 1130 1366 1185 etenim
1423 1131 1522 1185 hac
1576 1130 1634 1184 in
1683 1145 1742 1184 re
1775 1145 1889 1185 non
1913 1129 2019 1185 im-

374 1221 606 1291 prOprie
650 1227 812 1292 pater
861 1236 1029 1274 meus
1085 1217 1320 1275 laudem
1379 1220 1580 1275 matris
1629 1217 2017 1291 participabit.

376 1309 507 1365 Jam
538 1326 672 1366 vero
706 1309 885 1364 libros
906 1308 1243 1381 plenissima
1267 1308 1494 1364 virtutis
1527 1309 1739 1364 femina
1778 1307 2018 1363 monitis

374 1408 430 1460 et
487 1401 992 1458 adhortationibus
1042 1404 1360 1459 erudiebat.
1406 1403 1475 1458 Et
1532 1404 1705 1459 modo
1751 1400 2017 1457 rationali

373 1492 537 1562 virga
560 1493 911 1563 percutiens,
932 1493 1102 1547 modo
1134 1492 1438 1548 sedulitate
1461 1493 1777 1559 deducens,
1806 1506 2018 1561 urgens

372 1597 437 1636 au
472 1580 790 1652 provehens
815 1580 885 1635 ad
936 1581 1301 1650 perfectiora.
1334 1582 1478 1645 Quid
1529 1581 1711 1637 inde?
1756 1579 2018 1635 Filiolam

372 1672 652 1728 roborant
681 1671 953 1741 stupendi
987 1673 1192 1727 matris
1223 1689 1438 1740 mores,
1459 1690 1585 1744 quas
1621 1688 1725 1729 nec
1757 1671 1916 1727 illam
1948 1672 2018 1726 ad

369 1758 623 1815 virorum
647 1763 1018 1831 conspectum
1035 1762 1381 1830 adducebat,
1400 1780 1502 1818 nec
1519 1764 1767 1819 feminea
1782 1759 2021 1817 monilia

374 1854 432 1905 et
452 1850 735 1905 dextralia
752 1867 1190 1923 purpureasque
1224 1858 1407 1908 vestes
1430 1854 1618 1909 eidem
1638 1853 1980 1909 ostendebat
2004 1872 2019 1922 ;
2056 1872 2102 1938 Β

380 1940 481 1995 sed
513 1938 585 1995 ad
617 1938 890 2010 pietatem
913 1940 1111 2011 potius
1142 1958 1275 2013 erga
1308 1942 1461 1997 Deus
1493 1942 1845 2014 impellebat,
1877 1946 1932 1997 et
1962 1943 2020 1997 in

380 2030 566 2087 sacris
613 2030 845 2086 Litteris
875 2031 1199 2100 erudiebat,
1234 2049 1517 2105 pauperes
1575 2033 1829 2106 hospitio
1880 2033 2027 2088 exci-

382 2134 516 2192 pere
546 2119 809 2188 docebat,
838 2120 978 2192 quin
1038 2121 1208 2176 etiam
1267 2121 1625 2194 leprosorum
1669 2123 1858 2179 ulcera
1890 2140 2028 2194 pro—

381 2209 527 2281 priis
586 2211 854 2264 manibus
904 2211 1145 2282 cogebat
1196 2211 1548 2283 abstergere.
1600 2214 1894 2268 Postremo
1953 2212 2023 2267 ad

385 2297 566 2354 Deum
598 2298 975 2370 caelestesque
1006 2299 1475 2371 pulchritudines
1505 2317 1573 2357 ex
1617 2301 1709 2357 his
1741 2302 1902 2356 humi
1938 2316 2025 2357 re-

385 2388 654 2461 pentibus
669 2397 919 2444 mentem
945 2388 1147 2460 puellaa
1169 2391 1544 2458 transferens,
1565 2392 1675 2447 Deo
1707 2398 2024 2459 consecrat,

381 2477 456 2532 Et
514 2477 702 2533 lautos
748 2477 977 2547 quidem
1033 2478 1143 2534 hoc
1191 2484 1427 2551 optimae
1458 2480 1819 2537 educationis
1850 2498 2031 2552 argu-

381 2571 647 2623 mentum
699 2568 1158 2622 commentarios
1219 2569 1355 2623 mihi
1424 2570 1858 2641 suppeditaret;
1927 2572 2027 2626 sed

378 2671 452 2711 ne
483 2672 652 2727 quem
694 2661 963 2712 satietate
1013 2673 1272 2726 onerem,
1306 2658 1400 2713 hic
1457 2659 1680 2714 sistam.
1726 2660 1910 2715 Unum
1942 2664 2031 2713 ta-

387 2761 549 2809 men,
580 2746 733 2816 quod
795 2752 949 2801 recte
999 2747 1224 2803 reticeri
1282 2748 1499 2819 nequit,
1526 2749 1793 2818 adjiciam
1831 2766 1843 2803 :
1879 2748 2030 2819 quod

382 2835 666 2892 nimirum
726 2836 1004 2907 quotidie,
1057 2843 1365 2908 postquam
1431 2854 1489 2893 se
1547 2838 1709 2894 liberi
1760 2838 1819 2893 in
1869 2837 2032 2894 lectis

382 2930 860 2997 composuerant,
884 2924 1041 2982 haud
1066 2932 1199 2983 ante
1222 2926 1352 2999 ipsa
1381 2927 1643 2984 cubitum
1678 2928 1818 2995 ibat,
1852 2944 2030 3000 quam

384 3013 794 3085 superveniens
809 3014 994 3071 crucis
1007 3015 1175 3087 signo
1194 3015 1459 3071 membra
1473 3015 1707 3073 illorum
1726 3017 2031 3088 signasset.

394 3102 740 3176 Rursusque
769 3118 900 3160 cum
949 3109 1276 3176 surgerent,
1309 3122 1459 3177 saepe
1506 3122 1614 3162 nos
1653 3105 2036 3162 exstimulans

387 3196 559 3265 atque
586 3193 1009 3266 expergiscens,
1040 3195 1107 3250 ad
1142 3211 1336 3267 preces
1363 3195 1749 3266 compellebat
1776 3213 1788 3250 :
1814 3195 2037 3252 scilicet

396 3286 461 3338 ut
490 3297 604 3338 non
636 3281 767 3355 ipsa
798 3287 1056 3352 tantum,
1087 3283 1190 3339 sed
1213 3288 1269 3340 et
1297 3282 1428 3351 ﬁlii,
1457 3283 1550 3340 Dei
1583 3285 1816 3341 servitio
1847 3301 2041 3341 assue-

399 3378 644 3428 soerent.

472 3461 527 3516 5.
559 3462 677 3533 Age
726 3477 858 3518 vero
907 3463 977 3518 de
1036 3462 1273 3519 famulis
1331 3462 1771 3537 iamulahusque
1824 3463 2043 3520 multus

402 3552 547 3609 mihi
586 3570 775 3610 sermo
823 3556 1167 3624 oboriretur,
1191 3556 1240 3612 si
1290 3570 1575 3627 exponore
1617 3556 1848 3625 vellem,
1895 3572 2046 3628 quo-

403 3643 577 3699 modo
608 3643 737 3700 illos
759 3644 870 3699 sibi
902 3645 1257 3713 conciliaret,
1282 3643 1476 3714 aleret,
1510 3650 1754 3716 potaret,
1787 3647 2043 3701 vestiret.

409 3736 693 3804 quantum
753 3748 923 3788 nemo
972 3733 1120 3789 alius
1167 3734 1256 3789 vel
1288 3732 2042 3805 clementissimus.Neque,

405 3826 470 3876 ut
504 3821 590 3891 iit,
615 3822 784 3894 panis
805 3828 1033 3879 tantum
1049 3829 1105 3877 et
1126 3823 1241 3878 vini
1269 3824 1494 3878 aclardi
1523 3823 1799 3878 diurnum
1830 3824 2042 3878 victum

401 3914 851 3984 suppeditabat;
887 3914 984 3968 sed
1019 3929 1170 3984 saepe
1201 3918 1257 3968 et
1298 3913 1659 3968 solemnibus
1705 3913 2047 3985 plerumque

403 4002 632 4070 diebus,
667 4007 896 4058 recente
926 4018 1095 4057 carne
1152 4003 1467 4069 nutriebat,
1497 4004 1777 4073 piscibus,
1810 4009 1866 4058 et
1914 4002 2046 4057 alti-

404 4089 578 4157 libus,
611 4094 668 4145 et
704 4090 1028 4147 mulsorum
1085 4092 1625 4163 propinationibus;
1657 4096 1792 4163 quia
1837 4109 2044 4164 nempe

408 4179 563 4233 haud
598 4181 724 4251 ipsa
756 4180 878 4235 sola
912 4182 998 4235 his
1029 4182 1143 4236 frui
1165 4182 1407 4237 volebat.
1457 4180 1657 4237 Nonne
1697 4183 1816 4237 haec
1865 4183 2049 4236 dilau-

408 4267 598 4323 danda
628 4274 767 4323 sunt
796 4277 852 4325 et
878 4270 1055 4325 rara?
1077 4286 1267 4325 nonne
1291 4269 1611 4341 peculiares
1643 4280 1851 4327 sanctae
1883 4271 2045 4326 illius

414 4357 625 4411 animae
672 4358 1108 4429 praerogativae?
1139 4359 1319 4413 Credo
1371 4360 1640 4427 equidem
1684 4360 1739 4413 id
1786 4359 1927 4413 mihi
1959 4376 2044 4415 as-

411 4448 740 4502 sentiemini
788 4454 1069 4519 quotquot
1131 4448 1366 4504 auditis.
1435 4448 1543 4503 Sed
1604 4448 1745 4504 illud
1817 4465 2047 4521 quoque

409 4542 563 4592 recte
596 4552 685 4591 me
716 4538 1182 4609 dicturumputo,
1203 4539 1358 4609 quod
1395 4539 1565 4592 etiam
1602 4537 2041 4608 minitabantur,

2123 591 2184 643 τὸ
2224 590 2656 665 παραδοξότατόν
2705 614 2763 647 τε
2803 595 2893 649 καὶ
2952 594 3279 671 δυσεύρητον
3332 618 3346 631 ·
3378 606 3495 663 πῶς
3544 604 3646 681 γὰρ
3702 605 3763 659 ἃν

2126 682 2213 737 καὶ
2250 680 2356 756 οὐχ
2386 681 2702 754 ὁμιλήσειεν
2730 685 2792 740 τὸ
2840 689 2947 760 πῦρ
2993 691 3061 761 τῇ
3106 691 3471 767 παρακειμένη
3519 692 3766 770 “MM-

2125 770 2280 842 εἰμὴ
2336 772 2619 849 ὑπεριρνῶς
2663 773 2775 829 ἐστι
2823 775 2884 829 τὸ
2938 776 3273 851 γινόμενον;
3324 781 3412 835 καὶ
3467 783 3512 836 εἱ
3554 784 3582 837 ὁ
3626 785 3770 854 Βοὸζ

2122 866 2225 926 τήν
2284 858 2444 914 Ῥοὺθ
2494 860 2651 923 ἐάσας
2710 862 2979 943 ἀνέπαφον
3024 866 3528 942 συγκαθευδήσασαν
3566 871 3617 927 ἐν
3668 878 3768 947 μιᾷ

2129 947 2279 1002 νυκτῖ
2311 948 2631 1022 ἐπαινεῖται,
2664 956 2781 1015 πῶς
2847 953 2948 1008 οὐκ
3011 955 3309 1033 ἀμφότεροι
3373 960 3598 1024 εἰκότως
3657 984 3769 1018 σω-

2127 1034 2400 1112 φροσύνης
2432 1040 2826 1116 ἀπενέγκωνται
2854 1040 3053 1113 κλέος;
3087 1044 3246 1102 Ἀλλ’
3289 1042 3424 1105 ἔστω
3466 1050 3560 1124 μὶν
3605 1055 3767 1108 τοῦτο

2127 1129 2243 1179 τοῖν
2293 1122 2444 1181 δυοῖν
2504 1127 2780 1204 ἐγκώμιον
2832 1150 2849 1165 ⁸
2908 1134 3318 1210 παραπολαύσει
3376 1122 3481 1214 γὰρ
3547 1140 3771 1196 ἐνταῦθα

2128 1213 2227 1268 οὐκ
2267 1215 2504 1289 ἀκαίρως
2530 1220 2620 1273 καί
2670 1220 2698 1274 ὁ
2742 1224 3023 1294 γεννήσας,
3082 1229 3176 1280 τοῦ
3223 1231 3322 1293 τῆς
3370 1213 3630 1300 τεκούσης
3669 1228 3771 1286 ἐπ·-

2129 1303 2300 1359 αίνου.
2352 1306 2431 1362 Τὰ
2471 1304 2528 1361 δὲ
2569 1307 2725 1364 τέκνα
2772 1313 2806 1380 ἡ
2855 1314 3150 1388 πανάρετος
3201 1315 3443 1373 παιδεύει
3492 1320 3543 1374 ἐν
3581 1322 3771 1375 νουθε-

2130 1392 2268 1456 σίαις
2335 1396 2422 1449 καὶ
2502 1400 2894 1474 παραινέσεσιν,
2954 1410 3028 1473 πῆ
3113 1405 3207 1478 μὲν
3300 1403 3483 1482 ῥάϐδῳ
3569 1408 3773 1485 λογικῇ

2128 1485 2469 1557 πλήσσουσα,
2502 1496 2575 1559 πῆ
2614 1489 2672 1544 δὲ
2709 1489 2977 1564 ἐμμελείᾳ
3025 1493 3228 1570 ἄγουσα
3277 1500 3366 1553 γαί
3424 1502 3774 1577 προσάγουσα

2129 1576 2219 1630 καὶ
2253 1574 2482 1647 αὕξοῦσα
2524 1577 2601 1641 εἷς
2647 1581 2715 1634 τὰ
2760 1580 3081 1658 τελεώτερα.
3144 1587 3232 1657 Ἐξ
3290 1589 3351 1642 οὗ
3406 1589 3459 1644 τί
3520 1574 3719 1666 γίνεται
3757 1611 3771 1660 ;

2130 1666 2465 1753 καταρτίζει-
2496 1668 2557 1722 τὸ
2603 1670 2891 1745 θυγάτριον
2940 1673 3028 1728 καὶ
3078 1676 3106 1729 ὁ
3149 1676 3353 1752 τρόπος
3403 1680 3709 1753 θαυμαστός
3758 1701 3772 1714 ·

2132 1754 2253 1810 οὕτε
2312 1754 2387 1818 εἷς
2437 1751 2560 1829 ὄψιν
2602 1757 2838 1834 ἆῤῥένων
2897 1763 3152 1839 φέρουσα,
3188 1751 3331 1822 οὔτε
3379 1769 3445 1822 τά
3492 1751 3777 1844 γυναικικὰ

2130 1843 2410 1936 ἓμπλόκια
2460 1848 2551 1901 καὶ
2608 1847 2899 1936 περιδέξια,
2938 1855 3027 1908 xui
3106 1843 3513 1936 nepmdprpupur
3557 1856 3779 1914 ὑποδει-

2133 1934 2367 1989 κνύουσα
2399 1952 2414 1969 ⁸
2458 1938 2592 2010 πρὸς
2626 1935 2682 1993 δὲ
2720 1935 3019 1997 θεοσέϐειαν
3065 1934 3365 2022 ἀνάγουσαι,
3408 1949 3496 2002 καὶ
3547 1947 3613 2003 τά
3658 1949 3777 2024 ἱερὰ

2136 2026 2433 2099 γράμματα
2482 2023 2893 2099 ἐκπαιδεύουσα,
2941 2031 3028 2085 xui
3080 2032 3207 2095 τοὺς
3260 2034 3519 2111 πτωχοὺς
3581 2023 3779 2092 ὐποδέ-

2136 2115 2327 2186 χεσθαι
2376 2112 2785 2189 έκδιδάσκουσα,
2827 2119 2915 2175 xui
2969 2125 3076 2176 τῶν
3146 2119 3341 2179 λωϐὦν
3392 2126 3455 2180 τὰ
3501 2124 3637 2196 ἕλκη
3690 2126 3779 2182 ἐκ·

2141 2201 2430 2275 μάσσεσθαι
2494 2204 2829 2281 αὐτοχείρως
2897 2210 3341 2287 ὑπαναγκάζουσα
3391 2233 3403 2246 '
3455 2214 3545 2269 xui
3594 2214 3777 2284 τέλος,

2139 2291 2213 2353 εἰς
2265 2293 2391 2347 Θεὸν
2441 2296 2529 2348 xui
2578 2296 2643 2349 τὰ
2702 2296 2997 2375 ἐπουράνια
3043 2299 3226 2372 κάλλη
3273 2302 3379 2357 ἀπὸ
3427 2310 3535 2359 τῶν
3577 2302 3781 2361 ἐνθένδε

2139 2382 2506 2456 χαμαιζήλων
2563 2388 2654 2439 τὸν
2723 2390 2845 2441 νοῦν
2899 2394 2996 2443 τοῦ
3057 2390 3243 2465 χορίου
3301 2392 3623 2469 μετάγουσα,
3666 2399 3782 2467 Θεῷ

2138 2471 2467 2541 ἀνατίθησιν.
2516 2473 2690 2529 Ἀλλᾶ
2731 2474 2915 2532 πολλά
2968 2500 3033 2551 με
3082 2477 3261 2555 λέγειν
3311 2484 3345 2551 ἠ
3398 2482 3649 2546 ὑπόθεσις
3681 2491 3780 2553 τῆς

2139 2559 2444 2631 καλλίστης
2501 2563 2671 2631 αὐτῆς
2747 2565 3140 2644 παιδοτροφίας
3214 2572 3584 2647 ὑπομνήματα
3641 2594 3785 2648 παρ-

2139 2650 2401 2724 εχομένη,
2455 2648 2543 2706 διὰ
2585 2654 2673 2708 τὸν
2718 2653 2877 2727 κόρον
2929 2655 3153 2712 ἐνταῦθα
3203 2662 3382 2730 στήτω
3440 2682 3451 2695 ·
3511 2664 3538 2717 ’ὀ
3610 2661 3664 2717 δέ
3716 2684 3784 2735 με

2138 2736 2459 2794 καταλιπεῖν
2492 2740 2554 2795 οὗ
2583 2741 2775 2812 καλὸν,
2806 2749 2970 2800 τοῦτο
3002 2747 3293 2820 προσθείην
3340 2771 3353 2782 ·
3406 2749 3489 2804 ὅτι
3530 2749 3783 2807 ἑκάστοτε

2143 2829 2275 2900 μετά
2327 2828 2387 2882 τὸ
2422 2828 2747 2901 καθευδῆσαι
2794 2835 2921 2895 τούς
2970 2835 3187 2909 παῖδας,
3221 2839 3285 2893 οὐ
3332 2839 3543 2904 πάντως
3580 2840 3643 2909 ἧν
3689 2842 3782 2896 αὖ·

2138 2918 2239 2985 τήν
2291 2921 2667 2991 κοιτασθῆναι,
2706 2923 2831 2996 πρὶν
2892 2924 2951 2978 ἂν
3004 2925 3265 2982 ἀπιοῦσαν
3322 2931 3676 3002 σημειοῦσθαι
3719 2931 3785 2984 τὰ

2143 3010 2290 3082 σφῶν
2346 3005 2486 3079 μέλη
2531 3012 2599 3081 τῇ
2648 3015 2745 3065 τοῦ
2796 3019 3027 3087 σταυροῦ
3076 3013 3333 3093 σφραγῖδι
3367 3036 3381 3051 ⁸
3439 3020 3551 3074 εἶτα
3616 3017 3785 3074 πάλιν

2147 3098 2283 3167 μετᾶ
2311 3098 2410 3165 τήν
2444 3096 2647 3173 ἔγερσιν
2682 3100 2755 3163 ὡς
2796 3099 2882 3156 ἐπὶ
2927 3105 2987 3158 τὸ
3033 3103 3177 3161 πολὺ
3229 3106 3523 3163 νύσσουσαν
3565 3109 3650 3163 xui
3687 3110 3788 3186 ἄφ-

2146 3186 2408 3241 υπνοῦσαν
2442 3190 2589 3260 ἡμᾶς
2613 3188 2702 3244 xui
2749 3193 2885 3267 πρὸς
2946 3198 3265 3275 προσευχήν
3314 3200 3785 3274 προτρεπομένην,

2143 3272 2231 3327 ι’ίνει
2284 3278 2359 3347 μή
2411 3277 2573 3349 μόνον
2626 3278 2825 3352 ἐκείνη,
2874 3280 3019 3338 ἀλλὰ
3066 3272 3264 3340 καὶγήτά
3320 3272 3480 3343 τέκνα
3526 3293 3642 3360 Θεῷ
3697 3286 3790 3343 λα-

2148 3363 2351 3437 τρεύειν
2381 3364 2765 3427 παιδεύωνται.

2221 3458 2281 3510 ε’.
2322 3458 2389 3510 "A
2420 3453 2476 3510 δὲ
2520 3458 2639 3532 περὶ
2686 3458 2897 3516 δούλων
2949 3463 3036 3518 καὶ
3088 3464 3379 3536 δουλίδων,
3406 3468 3581 3530 πολὺς
3631 3470 3658 3523 ὁ
3691 3468 3791 3524 λό-

2148 3564 2268 3636 γος,
2303 3546 2622 3621 βουλομένῳ
2666 3572 2758 3623 μοι
2819 3555 3059 3630 φράζειν,
3123 3555 3219 3611 ὅσα
3270 3558 3445 3629 ἐκείνη
3506 3558 3787 3636 ὡμήρετο.

2151 3628 2441 3710 διέτρεφεν,
2510 3637 2774 3709 ἐπότιζεν,
2858 3640 3207 3715 ἐνεδίδυσκεν,
3277 3648 3351 3709 ὡς
3411 3645 3586 3710 οὐδεὶς
3644 3649 3787 3703 πολὺ

2148 3726 2255 3776 τῶν
2286 3721 2497 3794 ἄλλων,
2528 3728 2619 3782 καὶ
2651 3728 2696 3782 εἶ
2732 3727 2851 3785 λίαν
2886 3732 3283 3810 φιλανθρώπων
3311 3757 3323 3767 ·
3358 3736 3466 3815 οὐχ
3497 3736 3570 3797 ὡς
3598 3737 3787 3815 ἔτυχεν

2151 3811 2297 3886 ἄρτῳ
2339 3815 2427 3869 xui
2469 3814 2600 3890 οἴνῳ
2649 3820 2737 3873 xui
2789 3819 2974 3896 λάρδῳ
3018 3821 3353 3900 δεξιουμένη,
3402 3828 3464 3881 τὸ
3515 3826 3790 3901 ἐφημερήη

2152 3924 2266 3958 σιον
2314 3908 2642 3980 σιτηρέσιον,
2677 3909 2822 3966 ἀλλά
2866 3911 3171 3990 πολλαχῶς
3202 3918 3290 3971 xui
3326 3916 3375 3970 ἐν
3424 3916 3790 3993 έορταστικαῖς

2150 3989 2402 4064 ἡμέραις,
2453 3996 2541 4048 xui
2587 3999 2883 4075 προσφάτῳ
2926 4004 3069 4076 κρέει
3120 4000 3497 4080 διατρέιρουσα,
3549 4005 3705 4079 ὄψοις
3735 4026 3794 4061 τε

2151 4079 2237 4132 xui
2292 4081 2497 4155 ὀρνέοις
2539 4086 2628 4140 καὶ
2683 4096 3092 4162 καρυκευτικοῖς
3146 4094 3511 4168 προπόματιν,
3581 4094 3640 4148 οὐ
3696 4096 3789 4173 9&-

2154 4176 2319 4243 ρούσα
2349 4174 2446 4240 τὴν
2495 4178 2603 4229 τῶν
2652 4178 2916 4233 τοιούτων
2972 4179 3277 4255 μετάληψιν
3328 4181 3407 4260 ἐφ’
3453 4181 3646 4253 ἑαυτῆς
3694 4183 3793 4256 μό-

2151 4282 2247 4330 νης
2304 4262 2613 4336 ἴσταμένην.
2666 4270 2783 4342 Ἆρ’
2840 4270 2938 4324 οὐκ
2994 4269 3242 4328 ἐπαινετὰ
3298 4278 3464 4329 ταῦτα
3521 4276 3611 4330 xui
3666 4276 3795 4347 ξενί-

2154 4354 2331 4421 ζοντα,
2376 4354 2463 4406 xui
2512 4363 2609 4425 τῆς
2666 4358 2821 4433 ἁγίας
2853 4363 3052 4435 ⁵ψυχῆς
3100 4360 3311 4434 ἐκείνης
3355 4366 3793 4439 προτερήματας

2153 4442 2461 4515 συμφήσετε
2493 4442 2599 4497 οἶδ’
2651 4446 2733 4500 ὅτι
2783 4448 2831 4501 oi
2881 4447 3287 4524 ἐνωτιζόμενοι.
3341 4451 3495 4508 Ἀλλ’
3526 4450 3714 4527 ἔμοιγε
3740 4452 3794 4508 εὖ

2154 4525 2214 4583 ἂν
2260 4527 2381 4604 ἔχοι
2421 4533 2557 4606 πρὸς
2612 4534 2823 4598 τούτοις
2874 4537 3065 4610 εἷπεῖν,
3114 4539 3196 4594 ὅτι
3261 4540 3349 4595 καὶ
3409 4541 3647 4613 ἠπείλει,
3708 4542 3793 4597 xui

408 4627 753 4699 corrigebat,
799 4632 855 4682 et
912 4601 1589 4698 praecipue-domesticis
1651 4628 1825 4698 (quod
1888 4601 2033 4683 haud

2158 4620 2471 4693 ἠσφαίζετο,
2503 4621 2593 4675 xui
2646 4625 2881 4696 μάλιστα
2918 4632 3031 4689 τοῖς
3081 4628 3302 4704 ἐγγόθεν
3350 4630 3472 4704 (οὐκ
3518 4630 3623 4686 οἶδ’
3665 4632 3694 4687 ὃ
3724 4653 3793 4703 τι,

409 4719 529 4774 scio
561 4726 756 4773 utrum
797 4719 933 4773 vitio
957 4734 1029 4772 an
1060 4717 1217 4772 laudi
1249 4719 1487 4788 vertam)
1520 4717 1719 4788 alapas
1758 4718 2044 4789 impinge-

410 4809 525 4875 bat,
559 4809 904 4880 obiurgabat
934 4825 1031 4863 eos
1061 4813 1117 4862 et
1183 4807 1552 4863 verberabat:
1587 4809 1723 4878 quia
1771 4808 1891 4863 haec
1943 4809 2047 4863 ho-

410 4902 652 4954 nestatis
692 4900 967 4953 docendae
999 4914 1192 4963 causa,
1228 4917 1257 4952 a
1294 4900 1462 4952 furtis
1490 4898 1878 4962 absterrendi,
1912 4898 2049 4953 alia-

410 5006 656 5060 rumque
679 4988 955 5042 virtutum
992 4990 1184 5042 studio
1210 4989 1457 5055 ﬁebant;
1515 4991 1761 5058 ejusque
1810 4987 2045 5041 rectitu-

410 5081 562 5135 dinis
594 5096 787 5133 amans
818 5080 1047 5133 animus
1080 5080 1381 5132 iracundia
1430 5080 1867 5147 percellebatur,
1911 5094 2043 5134 cum

408 5177 461 5222 et
512 5167 689 5236 aliqui
759 5166 899 5220 satis
957 5165 1223 5220 irritabili
1284 5172 1486 5221 natura
1542 5173 1716 5231 esset,
1774 5168 1893 5220 zelo
1948 5167 2044 5220 Dei

409 5273 560 5326 saepe
591 5262 957 5325 compuncta.
992 5255 1201 5309 Verum
1226 5257 1423 5309 eadem
1451 5261 1580 5326 post
1620 5256 2048 5311 verberatioues

408 5345 738 5401 cubiculum
794 5360 963 5399 suum
1028 5346 1305 5416 ingressa,
1334 5347 1443 5399 sibi
1492 5361 1667 5417 genas
1693 5345 1958 5416 pulsans,
1992 5351 2047 5400 et

410 5444 629 5490 utinam
675 5432 904 5488 doleas!
940 5436 1049 5489 sibi
1078 5437 1297 5503 dicens,
1332 5442 1501 5505 atque
1532 5440 1598 5490 ad
1646 5437 2044 5507 paenitentiam

406 5525 643 5598 inﬂexa,
671 5530 866 5580 vocata
888 5526 959 5580 ad
984 5540 1046 5579 se
1067 5540 1194 5595 quae
1234 5526 1603 5597 vapulaverat
1630 5528 1865 5598 famula,
1902 5528 2047 5584 ﬂexo

405 5630 556 5686 genu
613 5597 841 5672 veniam
874 5614 1124 5687 petebat.
1148 5618 1194 5673 Ο
1225 5619 1489 5673 sanctam
1539 5616 1994 5687 resipiscentiam
2026 5617 2057 5675 ι,

404 5704 567 5770 Certe
598 5703 645 5764 si
703 5704 846 5765 forte
889 5704 1098 5780 aliquis
1139 5709 1334 5780 priora
1379 5706 1806 5780 vituperaverit,
1837 5707 1886 5767 is
1923 5708 2044 5768 haec

2157 4708 2206 4763 ὲν
2244 4711 2393 4786 μέρει
2420 4712 2590 4787 ψόγου
2699 4713 2914 4772 ἐπαίνου
2969 4719 3231 4793 θήσομαι)
3289 4722 3349 4775 τὸ
3406 4722 3495 4775 καὶ
3545 4720 3790 4796 έρῥάπιζε

2155 4801 2244 4855 καὶ
2292 4798 2568 4875 ἐφύϐριζε,
2617 4805 2704 4858 καὶ
2750 4807 3083 4879 προσέτυπτε
3134 4806 3225 4862 διὰ
3265 4812 3327 4863 τὸ
3378 4809 3510 4885 ὑπὲρ
3573 4831 3788 4890 σωφρο-

2159 4889 2321 4960 σύνης
2362 4892 2449 4944 xui
2508 4892 2775 4955 ἀκλοπίας
2822 4897 2910 4949 xui
2962 4895 3137 4968 ἄλλης
3196 4899 3391 4973 ἀρετῆς
3438 4904 3605 4954 ταῦτα
3652 4889 3795 4976 γίνε-

2158 4982 2297 5047 σθαι,
2353 4982 2440 5035 xui
2505 4987 2583 5053 τῷ
2651 4985 2806 5056 θυμῷ
2872 4983 3173 5056 έπλήσσετο
3239 4990 3274 5057 ἡ
3327 4985 3796 5065 σπουδαιόψυχος,

2157 5066 2341 5139 ἐπειδὴ
2375 5073 2462 5124 xui
2497 5072 2703 5150 φύσεως
2821 5074 3088 5150 ὀξυτέρας,
3125 5075 3280 5149 ζήλῳ
3329 5082 3461 5133 Θεοῦ
3508 5080 3572 5133 τά
3613 5078 3800 5135 πολλᾶ

2155 5162 2621 5234 τιτρωσκομένης.
2658 5162 2897 5235 Ἐκείνης
2952 5163 3004 5221 δέ
3046 5165 3185 5221 ἐστιν
3236 5168 3299 5223 τὸ
3355 5169 3490 5240 μετά
3537 5171 3598 5223 τὸ
3651 5189 3800 5225 τετυο

2159 5248 2307 5326 φέναι
2356 5250 2746 5325 εἷσερχομένης
2796 5253 2871 5314 εἷς
2922 5255 3013 5309 τὸν
3059 5257 3433 5327 κοιτωνίσκον,
3465 5257 3553 5313 xui
3601 5259 3800 5333 ὲαυτῇς

2159 5344 2584 5411 ἀντιτυπτούσης
2633 5345 2726 5407 τάς
2781 5346 3027 5419 παρειὰς,
3061 5346 3123 5400 Ei
3179 5347 3430 5417 πονοίης,
3467 5347 3629 5423 ἑαυτῇ
3690 5349 3804 5403 ἐπι-

2159 5432 2448 5507 )εγοόσης,
2501 5434 2603 5488 κάκ
2644 5434 2841 5489 τούτου
2888 5434 3336 5508 ἀνακοπτομένης
3386 5437 3522 5511 πρὸς
3574 5438 3803 5511 μετάμε·

2158 5523 2280 5595 λον,
2328 5525 2417 5580 xui
2463 5526 2562 5593 τὴν
2611 5525 2895 5604 τυφθεῖσαν
2940 5523 3429 5600 προσκαλουμένης
3490 5525 3581 5579 xui
3648 5546 3808 5601 γονυ-

2157 5616 2562 5687 πετούσης,καὶ
2604 5614 2984 5690 ἓξαιτουμένης
3017 5616 3400 5693 συγχώρησαν.
3435 5615 3531 5671 Καὶ
3580 5612 3655 5672 ὢν
3704 5623 3807 5689 τῆς

2160 5707 2383 5782 εὐαγοῦς
2427 5702 2879 5780 ἔπανακλήσεωςι
2929 5702 3024 5762 κᾶν
3073 5705 3204 5786 γὰρ⁸
3224 5707 3288 5763 τὸ
3348 5705 3609 5789 πρότερον
3674 5703 3805 5787 δοίη
