4090 6288
324 384 442 446 889

884 378 1174 444 ORATIO
1216 379 1375 442 XIII.
1421 412 1499 424 —
1538 374 1938 442 LAUDATIO
1981 370 2367 441 FUNEBRIS
2409 379 2488 440 IN
2534 379 2870 442 MATREM
2914 381 3149 444 SUAM.

3512 332 3515 335 ’
3605 327 3725 443 s90

322 540 409 581 τις
440 499 945 591 κατηγορούμενον,
978 514 1122 571 ἀλλά
1151 535 1214 590 γε
1241 515 1305 570 τὸ
1354 511 1599 589 δεύτερον
1647 510 1963 589 παραδόξως

2097 513 2429 571 nirabiliter
2458 516 2609 573 facta
2642 515 2930 587 posterius
2952 515 3405 574 commendabit.
3428 516 3519 573 Sic
3544 521 3722 575 metui

328 604 647 681 γενόμενον,
683 608 710 661 ὁ
765 606 928 667 αὐτὸς
977 602 1341 660 έπαινέσειεν’
1392 604 1514 659 ὅθεν
1561 604 1651 659 καὶ
1704 607 1973 679 κεράσασα

330 701 411 769 τῷ
472 691 630 772 φόϐῳ
687 694 779 749 τὸν
835 689 1015 764 ἔλεον,
1072 695 1161 749 καὶ
1247 694 1555 769 στέργεσθαι
1612 694 1739 768 παρ’
1797 692 1970 748 αὐτῶν

332 783 672 861 ἐγνωρίζετο,
735 784 826 838 καὶ
885 789 1134 860 φρουρεῖν
1195 782 1356 846 αὐτάς
1413 784 1549 859 πρὸς
1596 783 1971 861 σωφρονισμὸν

336 872 683 929 ὑπεδείκνυτο
754 872 843 928 καὶ
893 872 1217 948 ἑκατέρωθεν
1249 873 1312 928 τὸ
1349 872 1632 947 κράτιστον
1679 871 1933 943 ἐκέκτητο
1960 916 1973 931 .

331 962 640 1041 Ἀγάπησιν
676 959 732 1019 δὲ
762 964 910 1039 παρά
955 969 1062 1019 τῶν
1111 969 1548 1038 γειτνιαζουσῶν,
1598 962 1972 1038 ἐλεημοσύνην

334 1051 394 1108 δὲ
422 1053 560 1129 πρὸς
586 1052 713 1115 τοὺς
760 1050 974 1125 ἐνδεεῖς,
1015 1054 1098 1115 τίς
1155 1048 1482 1130 ὑπερέϐαλεν
1523 1053 1763 1125 ἐκείνην;
1815 1051 1976 1129 ἔχου-

334 1164 429 1198 σαν
480 1145 543 1198 τὸ
601 1143 696 1215 μὲν
770 1140 829 1197 ἒκ
879 1146 976 1198 τοῦ
1034 1144 1475 1217 συμμετριάζειν,
1565 1142 1802 1216 μάλιστα
1859 1148 1977 1204 ταῖς

335 1229 765 1306 ὁποδεστέραιςο
809 1233 871 1286 τὸ
926 1229 983 1287 δὲ
1029 1232 1091 1288 ἐκ
1135 1237 1233 1288 τοῦ
1283 1234 1411 1307 ἄγαν
1455 1234 1829 1307 συμπαθοῦσα,
1879 1232 1976 1288 κᾶν

336 1320 464 1378 ὅσον
512 1321 574 1378 τὸ
624 1319 852 1396 δαψιλὲς
911 1325 1010 1387 τῆς
1057 1322 1388 1398 προθέσεως,
1439 1323 1536 1379 οὐκ
1568 1323 1651 1378 εἴα
1689 1324 1976 1401 προφαίνε-

336 1415 457 1467 σθαι
487 1415 520 1482 ἠ
558 1411 849 1488 μετριότης
877 1419 978 1481 τῆς
1014 1413 1288 1486 ὑπάρξεως
1316 1457 1327 1470 .
1360 1413 1510 1484 Πλὴν
1570 1415 1834 1488 μάρτυρες
1879 1416 1978 1483 τῆς

334 1498 604 1572 ἀληθείας
636 1503 688 1556 οἱ
719 1499 923 1557 πολλοὶ
953 1502 1043 1557 καὶ
1068 1501 1339 1564 πολλάκις
1370 1503 1457 1557 καὶ
1504 1502 1975 1580 ἀποτεταγμένως,

337 1589 564 1665 ὀρφανοί
593 1611 651 1645 τε
681 1592 768 1645 καὶ
803 1597 996 1665 χῆραι,
1031 1588 1169 1659 ξένοι
1199 1612 1257 1646 τε
1288 1591 1376 1644 καὶ
1418 1589 1771 1666 αὐτόχθονες,
1821 1612 1976 1646 νοσε-

342 1679 429 1754 ροί
458 1700 518 1735 τε
548 1679 638 1733 καὶ
675 1680 944 1755 γέροντες,
976 1679 1066 1735 καὶ
1098 1682 1149 1735 οἱ
1187 1687 1288 1750 τῆς
1319 1681 1468 1756 ἱερᾶς
1498 1681 1657 1735 νόσου
1688 1679 1977 1759 λαχόντες,

339 1770 486 1847 παρὰ
533 1776 635 1839 τῆς
684 1769 1086 1846 πτωχοτρόιρου
1136 1767 1308 1840 δεξιᾶς
1367 1771 1827 1846 θεραπευόμενοι.
1878 1771 1979 1825 Καὶ

336 1863 469 1935 γοῦν
512 1861 604 1914 καὶ
652 1863 816 1914 τοῦτο
865 1860 1033 1929 αὐτῆς
1076 1861 1138 1915 τὸ
1195 1860 1485 1934 ἐξαίρετον,
1542 1861 1604 1915 τὸ
1662 1857 1975 1916 σύνδειπνον

336 1952 429 2005 καὶ
470 1951 845 2025 ὁμοτράπεζον
894 1952 985 2005 τὸν
1034 1952 1266 2025 Χριστὸν
1316 1946 1486 2026 ἔχειν,
1535 1950 1695 2020 ἡνίκα
1747 1949 1982 2024 μάλιστα

339 2047 519 2116 παρῆν
580 2041 767 2115 καιρὸς
814 2043 911 2095 τοῦ
970 2040 1281 2115 ἑορτάζειν.
1332 2046 1506 2096 Ταῦτα
1554 2040 1614 2095 οὗ
1668 2042 1836 2117 μικρά
1886 2061 1979 2112 μοι

338 2131 725 2210 καταφαίνεται
773 2135 889 2193 τοῖς
936 2132 1310 2210 προληφθεῖσι
1358 2136 1438 2203 τῷ
1485 2131 1646 2206 γάμῳ
1687 2133 1823 2207 πρὸς
1874 2153 1983 2186 σω-

338 2221 532 2297 τηρίας
563 2218 802 2298 ἐφόδιον,
835 2220 879 2276 εί
911 2220 999 2276 καὶ
1031 2215 1106 2276 ἔτι
1154 2221 1332 2296 λέγειν
1382 2220 1478 2276 οὐκ
1526 2219 1726 2297 ἔχομεν
1764 2224 1984 2295 μείζονα

341 2312 465 2386 περῖ
494 2317 592 2380 τῆς
622 2309 1048 2387 εύφημουμένης
1080 2354 1091 2367 .

418 2400 513 2474 ς’.
570 2403 870 2474 Τοιγαροῦν
931 2397 1120 2468 ἐπειδὴ
1179 2398 1403 2476 ἤνεγκεν
1439 2401 1466 2454 ὁ
1507 2401 1694 2474 καιρὸς
1741 2401 1838 2469 τήν
1889 2404 1986 2455 τοῦ

353 2486 642 2562 μοναδικοῢ
702 2492 992 2565 σχήματος
1041 2488 1361 2561 ἀνάκλησιν,
1399 2489 1482 2554 τίς
1530 2490 1635 2565 πρὸ
1683 2488 1916 2560 ἕκείνης,
1948 2490 1983 2560 ἢ

354 2575 637 2651 ὑπεδέξατο
696 2578 823 2640 τοὺς
870 2582 1112 2651 Χριστοῦ
1191 2580 1538 2655 θεραπευτὰς,
1583 2579 1620 2649 ή
1671 2576 1990 2656 ἐξενοδόχη-

353 2689 461 2738 σεν,
519 2667 555 2737 ἢ
614 2665 982 2742 ἐθεράπευσεν,
1055 2668 1293 2740 μάλιστα
1368 2670 1458 2724 καί
1517 2670 1576 2724 ὲκ
1630 2673 1727 2724 τοῦ
1784 2669 1988 2724 οἰκείου

351 2753 587 2833 ἀδελφοῦ
619 2757 988 2832 συνελκομένη
1017 2778 1032 2829 ;
1065 2759 1216 2813 Ὅθεν
1247 2756 1339 2813 ’ἱνα
1367 2759 1431 2813 τά
1486 2757 1672 2814 πολλά
1716 2758 1986 2833 συντέμω,

350 2846 428 2908 εἷς
456 2848 624 2902 πόθον
672 2845 905 2902 ἐλθοῦσα
947 2853 1048 2918 τῆς
1096 2849 1395 2919 ἀσκητικῆς
1447 2853 1614 2919 ζωῆς,
1666 2849 1838 2904 πείθει
1895 2850 1986 2904 τὸν

348 2933 536 3012 ἄνδρα,
597 2936 879 3009 συμπείθει
934 2937 1061 3000 τοὺς
1118 2935 1314 3002 παῖδας
1361 2936 1599 3001 πολλαῖς
1648 2936 1987 3013 ἐπιμελείαις

346 3025 440 3080 καὶ
489 3025 790 3088 νουθεσίαις
836 3027 922 3081 καὶ
980 3027 1359 3102 ὑποσχέσεσιν,
1409 3022 1595 3085 ἔπειτα
1621 3030 1748 3091 τοὺς
1798 3027 1849 3098 ἐξ
1898 3028 1988 3083 ἀν-

348 3112 478 3190 δρὸς
508 3113 779 3193 ἀδελφούς
806 3136 819 3149 ·
851 3117 1035 3172 καὶτὰ
1076 3117 1249 3172 πάντα
1296 3116 1352 3173 εὗ
1401 3114 1716 3191 διαθεμένη,
1768 3114 1986 3197 ἐξέρχε·

341 3225 433 3260 ται
462 3211 561 3275 τῆς
609 3205 783 3269 οἰκίας
833 3202 1012 3280 δῆμον
1070 3206 1205 3262 ὅλου
1256 3211 1335 3280 τῷ
1384 3211 1504 3280 Θεῷ
1558 3210 1984 3283 παραστήσασα·

2011 1908 2059 1972 Β

2084 603 2543 661 misericordiam
2603 606 2957 673 admiscens,
2990 610 3049 662 et
3103 606 3174 662 ab
3232 605 3460 663 ancillis
3527 606 3721 679 palam

2082 695 2411 763 amabatur,
2460 700 2515 751 et
2573 695 2803 752 illarum
2878 712 2941 752 se
3000 696 3298 753 custodire
3357 696 3721 754 honestatem

2083 786 2439 842 monstrabat
2470 805 2485 855 ;
2520 790 2577 842 et
2598 803 2719 842 rem
2752 790 3063 858 utramque
3089 786 3369 858 optimam
3404 787 3722 843 obtinebat.

2081 874 2211 930 Jam
2234 891 2429 931 amore
2459 891 2597 947 erga
2626 876 3095 945 circumstantes,
3128 880 3185 931 et.
3242 876 3608 949 eleemosyna
3652 878 3724 933 ad

2084 980 2318 1037 egenos,
2351 965 2480 1036 quis
2521 982 2646 1020 eam
2679 964 3021 1037 superavit?
3053 965 3117 1020 Et
3165 981 3331 1021 amor
3376 965 3611 1037 quidem
3661 981 3728 1021 ex

2084 1053 2207 1125 ejus
2256 1053 2644 1110 moderatione
2693 1055 3030 1126 apparebat,
3083 1056 3409 1127 praesertim
3448 1071 3586 1127 erga
3634 1056 3727 1111 in-

2086 1142 2374 1199 ﬁrmiores
2416 1143 2809 1199 misericordia
2838 1146 3030 1199 autem
3061 1159 3129 1200 ex
3183 1144 3308 1215 ejus
3350 1144 3531 1200 nimia
3569 1160 3731 1200 com-

2088 1232 2404 1302 passione:
2480 1249 2809 1304 quanquam
2870 1233 3183 1289 voluntatis
3247 1233 3419 1305 hujus
3478 1233 3726 1305 capiam,

2085 1321 2428 1384 facultatum
2487 1327 2814 1380 nostrarum
2874 1322 3243 1380 mediocritas
3300 1322 3579 1396 effulgere
3611 1340 3728 1380 non

2089 1411 2338 1468 sinebat.
2373 1413 2480 1469 Sed
2536 1416 2733 1469 tamen
2794 1416 2969 1469 testes
3026 1411 3281 1468 veritatis
3303 1416 3442 1468 sunt
3482 1411 3647 1469 multi
3676 1415 3733 1468 et

2087 1518 2483 1574 saepenumero
2514 1506 2570 1559 et
2599 1503 2832 1558 statutis
2871 1502 3114 1570 vicibus,
3148 1502 3388 1576 orphani
3432 1519 3497 1558 ac
3517 1502 3731 1568 viduae,

2087 1591 2373 1664 peregrini
2423 1596 2481 1647 et
2539 1591 2847 1665 indigenas,
2880 1591 3076 1664 aegroti
3126 1607 3193 1648 ac
3241 1607 3431 1659 senes,
3463 1595 3520 1647 et
3564 1607 3730 1647 sacro

2089 1681 2291 1736 morbo
2323 1681 2596 1753 correpti,
2629 1682 2727 1753 qui
2749 1683 2877 1752 ejus
2907 1681 3130 1737 nutrice
3179 1696 3496 1753 pauperum
3549 1695 3728 1735 manu

2089 1769 2272 1839 adjuti
2334 1771 2589 1825 fuerunt.
2617 1771 2805 1841 Atque
2858 1769 2966 1825 hoc
3035 1770 3207 1825 etiam
3258 1768 3543 1825 excellens
3574 1766 3632 1823 in
3665 1784 3732 1823 ea

2090 1858 2216 1927 fuit,
2249 1860 2400 1928 quod
2461 1860 2763 1916 convivam
2819 1860 2878 1915 in
2925 1874 3129 1916 mensa
3175 1859 3390 1915 habere
3437 1858 3731 1914 Christum

2089 1948 2430 2021 (pauperam
2463 1949 2739 2021 aliquem,
2783 1951 3109 2022 praesertim
3144 1957 3401 2021 tempore
3459 1947 3733 2004 solemni-

2091 2039 2253 2105 tatis,
2286 2038 2456 2095 solita
2488 2039 2614 2094 fuit.
2647 2043 2777 2095 Haec
2803 2033 2960 2095 haud
2996 2039 3139 2095 levia
3179 2039 3318 2095 mihi
3364 2039 3627 2095 videntur
3675 2037 3733 2092 in

2091 2126 2164 2183 iis
2199 2130 2296 2200 qui
2329 2129 2653 2200 nuptialem
2686 2133 2903 2185 statum
2936 2129 3010 2185 ad
3041 2127 3251 2185 salutis
3282 2128 3562 2185 viaticum
3593 2130 3736 2199 prat-

2095 2223 2510 2289 sumpserunt;
2543 2219 2773 2275 etiamsi
2804 2219 2950 2276 forte
2981 2220 3204 2290 majora
3234 2217 3378 2275 alias
3403 2218 3472 2274 de
3504 2217 3612 2272 hac
3642 2217 3740 2272 be-

2098 2307 2324 2363 nedicta
2349 2308 2567 2364 femina
2598 2308 2789 2365 dicere
2820 2325 2933 2364 non
2966 2307 3344 2365 haberemus.

2164 2398 2218 2452 6.
2251 2397 2638 2462 Quamobrem
2672 2402 2982 2470 postquam
3016 2399 3178 2471 lapsu
3219 2402 3549 2466 temporum
3606 2411 3738 2451 mo-

2096 2487 2359 2543 nachalis
2402 2487 2640 2543 habitus
2692 2488 3001 2544 restitutus
3049 2487 3175 2557 fuit,
3210 2488 3340 2558 quis
3395 2490 3528 2541 ante
3575 2485 3737 2540 illam

2098 2577 2311 2634 Christi
2369 2579 2615 2635 famulos
2673 2579 2947 2651 suscepit,
2979 2578 3233 2651 hospitio
3286 2579 3427 2633 fovit
3466 2576 3739 2647 curisque

2097 2666 2319 2733 refecit,
2352 2683 2386 2722 a
2423 2668 2596 2724 fratre
2653 2669 2968 2739 praesertim
3028 2668 3101 2723 ad
3157 2668 3214 2723 id
3263 2666 3545 2723 inducta?
3574 2664 3739 2721 Unde

2098 2755 2295 2826 etiam,
2324 2760 2390 2812 ut
2414 2757 2597 2813 multa
2625 2757 2967 2829 compendio
3016 2757 3404 2827 intercipiam,
3434 2755 3557 2811 viro
3591 2771 3738 2810 sua-

2098 2844 2215 2913 det,
2238 2844 2438 2902 liberis
2469 2847 2687 2916 pariter
2726 2846 3051 2903 consuadet
3098 2848 3252 2902 curis
3300 2844 3524 2911 multis,
3555 2842 3746 2900 moni-

2098 2934 2172 2991 tis
2203 2952 2268 2991 ac
2304 2935 2815 3008 promissionibus,
2848 2954 2979 2993 mox
3018 2937 3197 2992 etiam
3257 2935 3363 2991 viri
3408 2934 3688 2990 fratribus
3721 2948 3736 2988 :

2098 3030 2155 3082 et
2178 3026 2303 3098 jam
2336 3027 2509 3083 rebus
2551 3026 2698 3083 bene
2728 3026 3087 3099 compositis.
3122 3028 3297 3083 domo
3326 3025 3617 3097 egreditur
3639 3040 3740 3096 po-

2099 3114 2305 3188 pulum
2362 3116 2650 3186 integrum
2692 3116 2809 3173 Deo
2866 3116 3134 3187 offerens,
3184 3119 3436 3187 quatuor
3491 3128 3743 3186 nemque

2100 3206 2273 3278 filios,
2304 3210 2422 3263 tres
2450 3207 2557 3263 viri
2588 3207 2673 3263 sui
2709 3208 3276 3277 fratres,secumque
3306 3205 3497 3276 ipsum
3528 3206 3741 3261 domus

332 3292 567 3369 τέτταρα
625 3294 719 3367 μὲν
774 3294 840 3349 τὰ
894 3293 1050 3349 τέκνα
1104 3296 1202 3368 (3),
1276 3300 1423 3369 τρεῖς
1495 3297 1622 3358 τοὺς
1677 3295 1727 3369 ἐξ
1785 3294 1977 3371 ἀνδρὸς

2097 3300 2283 3367 caput.
2316 3295 2361 3351 Ο
2394 3296 2680 3352 mirabilis
2713 3296 2942 3352 novitas
2967 3296 2980 3350 ί
3006 3312 3038 3351 o
3069 3294 3465 3367 inexspectata
3503 3308 3742 3349 conver-

342 3378 613 3459 ἀδελφοὺς
645 3385 741 3456 (4),
771 3382 862 3437 καὶ
905 3384 1022 3456 μεθ’
1053 3384 1248 3454 ἑαυτῆς
1297 3386 1395 3454 τὴν
1441 3384 1683 3464 κεφαλήν
1715 3429 1729 3443 .
1779 3386 1845 3440 Ὠ
1881 3392 1980 3456 τῆς

335 3472 644 3545 θαυμασίας
693 3472 1087 3545 καινοτομίαςί
1140 3470 1185 3526 ὢ
1214 3480 1314 3543 τῆς
1357 3471 1663 3550 παραδόξου
1717 3475 1981 3549 μετάστοὶ⁴

340 3580 477 3624 σεως
505 3562 517 3617 !
552 3565 721 3617 Τοῦτο
752 3560 946 3633 ἐξένισε
980 3563 1073 3635 μὲν
1125 3563 1259 3618 κατά
1295 3564 1392 3632 τὴν
1425 3565 1636 3640 ἡμέραν
1674 3566 1774 3634 τήν
1828 3566 1985 3640 βασι-

344 3647 491 3719 λίδα,
541 3649 800 3724 ἐξέπληξε
850 3648 906 3705 δὲ
948 3651 1041 3712 τὰς
1075 3650 1410 3729 συγγενίδας,
1461 3650 1735 3728 ἐθάμϐησε
1784 3651 1842 3710 δὲ
1889 3655 1985 3718 τὰς

341 3739 681 3815 γνωρίμους,
745 3739 1017 3811 κατένυξεν
1075 3739 1131 3797 δὲ
1191 3739 1251 3796 οἷ)
1313 3744 1478 3817 μόνον
1534 3744 1660 3806 τοὺς
1716 3745 1979 3820 ὁρῶντας,

342 3827 490 3883 ἀλλά
529 3830 620 3884 καὶ
658 3829 977 3898 ἀκούοντας,
1030 3831 1114 3885 ὅτι
1163 3832 1390 3907 συζυγία
1434 3826 1511 3888 ἔτι
1566 3833 1982 3908 μεσηλικιοῦσα,

345 3918 758 3994 αύααρκουμένη
799 3940 860 3974 τε
904 3921 1042 3975 κατά
1084 3920 1175 3976 τὸν
1212 3920 1348 3996 βίον,
1398 3922 1667 3997 ἀξιώματι
1716 3921 1986 3999 βασιλικῷ

343 4007 435 4063 καὶ
499 4013 834 4082 ταμιευτικῷ
891 4010 1202 4084 τιμωμένη,
1255 4012 1381 4074 τοὺς
1438 4011 1634 4075 παῖδας
1681 4012 1985 4083 ἡλικιώτας

344 4094 573 4172 ἔχουσα,
607 4097 716 4173 οὐχ
762 4097 961 4174 εῗλχθη
1000 4101 1093 4172 μὲν
1135 4105 1213 4172 τῷ
1264 4100 1471 4157 τούτων
1520 4101 1752 4177 φίλτρῳ,
1804 4103 1864 4158 οὐ
1910 4107 1989 4176 τῷ

344 4187 664 4244 καταλιπεῖν
696 4186 959 4264 διάδοχον
988 4195 1084 4244 τοῦ
1125 4189 1332 4266 γένους,
1370 4190 1494 4248 οὐδὲ
1538 4197 1616 4266 τῷ
1662 4190 1859 4267 αἵματι
1890 4200 1990 4265 τῆς

345 4278 687 4353 ἀγχιστείας,
743 4276 866 4334 οὕτε
893 4278 963 4353 τῇ
989 4286 1089 4350 τῆς
1139 4280 1316 4344 οἲκίας
1366 4282 1749 4355 ἀποστερήσει,
1783 4281 1843 4337 ού
1878 4284 1988 4357 μὴν

346 4363 472 4421 οὐδὲ
499 4369 567 4441 τῇ
596 4373 696 4435 τῆς
729 4365 1015 4443 θεραπείας
1044 4367 1412 4445 ἀλλοτριώσει
1440 4387 1454 4402 ⁸
1501 4368 1628 4426 ἀλλ’
1677 4368 1862 4445 ἔῤῥιψε
1895 4372 1989 4446 μὲν

343 4455 440 4516 τάς
492 4454 551 4509 ἐκ
603 4453 869 4529 βασιλέων
917 4457 1103 4531 τιμὰς,
1156 4457 1492 4528 κατεπάτησε
1541 4454 1596 4514 δὲ
1626 4460 1694 4515 τὰ
1722 4462 1816 4515 τοῦ
1864 4461 1988 4537 βίου

343 4543 570 4620 τερπνὰ,
604 4542 821 4620 διέκοψέ
867 4567 925 4601 τε
975 4551 1044 4621 τῇ
1075 4551 1169 4602 τοῦ
1217 4548 1520 4625 πνεύματος
1572 4549 1820 4625 μαχαίρᾳ
1864 4550 1989 4605 ἑαυ-

2091 3382 2307 3441 siolId
2367 3399 2504 3441 sane
2553 3385 2924 3458 peregrinum
2982 3387 3123 3441 tunc
3152 3385 3344 3443 visum
3391 3387 3477 3439 est
3506 3382 3739 3464 reginae,

2091 3478 2330 3546 stupore
2361 3475 2551 3531 affecit
2570 3474 3248 3547 consanguineas,notas
3289 3472 3527 3546 quasvis
3570 3472 3744 3527 admi-

2093 3564 2322 3623 ratione
2352 3566 2681 3638 suspendit,
2704 3566 3047 3638 compunxit
3076 3565 3328 3638 denique
3351 3580 3468 3621 non
3495 3579 3746 3621 cernen-

2093 3658 2180 3711 tes
2210 3660 2438 3713 tantum
2471 3658 2572 3713 sed
2599 3658 3175 3730 etaudientes;quod
3225 3674 3434 3730 nempe
3472 3658 3747 3731 conjugio

2101 3747 2357 3803 medium
2389 3747 2581 3804 adhuc
2610 3763 2841 3804 cursum
2884 3751 3141 3819 tenente,
3172 3748 3301 3820 ipsa
3339 3748 3512 3804 rebus
3551 3751 3618 3804 ad
3657 3748 3747 3803 vi-

2101 3843 2209 3892 tam
2249 3839 2394 3894 satis
2452 3839 2758 3907 instructa,
2823 3838 3107 3911 dignitate
3164 3838 3373 3907 aulica,
3440 3838 3751 3909 quaestoria

2097 3927 2319 3984 scilicet
2350 3926 2601 3997 fulgens,
2635 3927 2788 3983 ﬁlios
2831 3927 3057 3984 habens
3098 3932 3264 3983 astate
3298 3928 3593 3997 ﬂorentes,
3628 3944 3741 3984 non

2097 4016 2309 4072 fuisset
2340 4015 2548 4072 horum
2584 4033 2778 4073 amore
2809 4022 3122 4088 commota,
3155 4034 3270 4072 non
3304 4016 3593 4074 desiderio
3625 4033 3754 4073 suc-

2097 4120 2399 4163 cessorum
2440 4106 2639 4177 stirpis
2683 4106 3074 4178 relinquendi,
3108 4123 3223 4162 non
3282 4107 3746 4178 consanguineo-

2099 4212 2229 4251 rum
2258 4196 2490 4264 affectu,
2523 4212 2708 4266 neque
2738 4197 2951 4252 domus
2980 4195 3370 4265 derelictione,
3404 4212 3591 4266 neque
3633 4211 3754 4252 ser-

2098 4300 2303 4339 vorum
2335 4284 2747 4352 destitutione;
2792 4284 2900 4341 sed
2950 4285 3102 4357 regis
3161 4300 3363 4340 omnes
3411 4283 3757 4356 projecisset

2098 4372 2376 4441 honores,
2402 4373 2528 4430 vitae
2559 4373 2796 4430 delicias
2825 4373 3128 4442 calcasset,
3163 4389 3341 4445 seque
3387 4372 3584 4446 gladio
3633 4374 3754 4445 spi-

2100 4465 2249 4519 ritus
2300 4481 2335 4519 a
2377 4461 2709 4521 carnalibus
2777 4463 3302 4521 consuetudinibus
3370 4462 3745 4536 praecidisset,

2106 4553 2204 4608 Dei
2237 4552 2519 4625 placitum
2554 4554 2933 4625 magnanima
2954 4569 3088 4609 cum
3129 4553 3427 4609 voluntate
3465 4556 3751 4609 exsecuta.

342 4635 443 4703 τήν
476 4631 536 4688 ἔκ
562 4637 670 4688 τῶν
726 4640 995 4708 σαρκικῶν
1044 4635 1305 4715 σχέσεων,
1352 4638 1442 4693 καὶ
1488 4638 1554 4693 τὰ
1597 4637 1823 4710 δόξαντα
1870 4643 1983 4712 Θεῷ

2106 4641 2149 4698 Ο
2179 4644 2536 4699 Abramitica
2570 4660 2702 4700 vere
2732 4644 2928 4700 anima
2958 4648 3135 4715 atque
3166 4642 3347 4698 virilis
3372 4641 3384 4697 !
3409 4643 3606 4699 Merito
3652 4641 3754 4698 ali-

347 4724 601 4798 πέπραχε
652 4720 1117 4799 μεγαλοϐούλως.
1151 4728 1216 4781 Ὢ
1246 4733 1347 4797 τῆς
1397 4722 1757 4802 Ἀϐραμιαίας
1801 4730 1990 4804 ψυχῆς

349 4814 424 4876 ὡς
452 4811 677 4882 ἀληθῶς
705 4814 796 4868 καὶ
823 4812 1238 4892 ἀνδρειόιρρονος
1262 4816 1274 4873 ί
1326 4815 1570 4881 Εἰκότως
1599 4815 1660 4872 ἄν
1689 4839 1773 4881 τις
1819 4817 1985 4889 αὐτὴν

352 4902 486 4977 μετά
522 4909 621 4972 τῆς
673 4899 1065 4975 Μακκαϐαϊκῆς
1119 4906 1345 4981 ἀρίστης
1401 4906 1610 4983 μητρὸς
1670 4908 1989 4978 συντάξειεν,

348 4994 579 5050 θύσασαν
608 4999 676 5069 τῇ
709 4995 978 5071 ἀσκητικῇ
1011 4997 1234 5068 ἀθλήσει
1284 4999 1380 5061 τὰς
1421 4997 1617 5061 ὠδῖνας
1650 5020 1661 5032 ·
1713 5001 1803 5055 καὶ
1856 5002 1989 5073 μετὰ

349 5086 553 5154 “Αννης
585 5089 684 5154 τῆς
745 5084 1206 5159 Σαμουηλίτιδος,
1255 5089 1366 5164 οὐχ
1414 5081 1501 5145 ἕνα
1528 5089 1619 5144 τὸν
1654 5086 1705 5162 ἐξ
1755 5090 1991 5165 ἐπαγγε-⁸

348 5171 496 5244 λίας,
524 5172 652 5229 ἀλλ’
711 5173 840 5230 ὅλον
890 5177 980 5231 τὸν
1028 5178 1234 5253 καρπὸν
1284 5178 1455 5244 αὐτῆς
1499 5180 1874 5257 ἂφιερώσασαν
1911 5185 1992 5253 τῷ

345 5263 570 5339 Κυρίῳ.
618 5265 931 5339 Χαρίσομαι
979 5263 1035 5321 δὲ
1078 5267 1203 5341 ὑμῖν
1251 5273 1369 5332 τοῖς
1418 5268 1710 5345 ἀκροαταῖς
1757 5272 1902 5345 τάχα
1937 5291 1990 5325 τι

348 5353 664 5427 ὁσιώτερον,
694 5354 783 5409 καὶ
834 5355 925 5409 τὸν
974 5363 1073 5426 τῆς
1118 5352 1390 5417 ἐκϐάσεως
1438 5356 1608 5423 αὐτῆς
1659 5360 1860 5432 τρόπον
1904 5357 1993 5414 δι-

346 5440 694 5518 ηγησάμενος
721 5485 732 5502 .
767 5443 888 5500 Ἐπὶ
919 5446 1024 5521 γάρ
1051 5449 1119 5520 τῇ
1143 5446 1420 5522 ὡρισμένῃ
1448 5448 1549 5517 τήν
1570 5448 1743 5503 οἰκίαν
1762 5446 1991 5519 ἐξαλλά-

522 5566 785 5656 Namque
830 5572 1187 5656 Theodorus,
1219 5571 1515 5656 Josephus
1582 5580 1785 5656 postea
1811 5574 1951 5630 arch
1971 5614 1986 5629 .

347 5635 579 5767 gigas”
612 5635 954 5717 Euhymius,
986 5647 1044 5699 et
1071 5635 1194 5699 ﬁlia
1225 5635 1456 5714 una,'de
1485 5635 1603 5716 qua
1644 5645 1763 5716 jam
1796 5662 1989 5703 sermo

2106 4733 2239 4805 quis
2271 4748 2404 4790 cum
2437 4733 2902 4790 Machabaaorum
2938 4731 3345 4789 strenuissima
3388 4736 3568 4789 matre
3597 4731 3751 4789 hanc

2098 4823 2626 4892 connumeraverit,
2680 4839 2807 4894 qua
2863 4823 3114 4879 ascetico
3178 4822 3485 4879 certamini
3546 4826 3753 4893 partus

2099 4928 2234 4968 suos
2264 4912 2516 4969 hostiam
2548 4912 2792 4983 objecit:
2825 4912 3078 4985 itemque
3099 4928 3231 4967 cum
3262 4915 3431 4968 Anna
3460 4911 3753 4968 Samueli-

2099 5001 2238 5069 tide,
2273 5001 2414 5073 quia
2445 5019 2560 5058 non
2590 5018 2774 5057 unum
2808 5017 2876 5056 ex
2909 5005 3065 5072 voto,
3094 5002 3194 5056 sed
3228 5001 3568 5056 universum
3602 4999 3751 5056 uteri

2100 5089 2194 5147 sui
2226 5092 2478 5147 fructum
2511 5092 2760 5147 Domino
2796 5091 3178 5146 consecravit.
3214 5089 3325 5145 Sed
3377 5088 3749 5162 gratiﬁcabor

2100 5180 2263 5239 vobis
2285 5181 2652 5238 auditoribus
2682 5181 2874 5237 adhuc
2908 5180 3134 5253 aliquid
3180 5180 3428 5237 fortasse
3467 5179 3749 5252 sanctius,

2102 5270 2424 5327 discessum
2466 5271 2592 5343 ejus
2640 5269 2989 5327 enarrando.
3022 5274 3164 5325 Nam
3205 5269 3443 5326 deﬁnito
3488 5273 3751 5342 tempore

2102 5361 2275 5417 domo
2297 5360 2425 5432 jam
2454 5362 2759 5430 decedens,
2779 5375 2886 5417 ceu
2914 5361 2965 5417 si
2996 5360 3214 5416 festum
3245 5359 3401 5415 diem
3442 5358 3749 5432 ageret,ad

2106 5467 2168 5507 se
2198 5467 2400 5508 omnes
2431 5451 2769 5508 convocavit
2798 5449 3006 5506 affines
3039 5468 3051 5505 :
3087 5464 3337 5521 quorum
3371 5447 3478 5503 viri
3509 5447 3747 5520 quidem

2170 5575 2253 5646 (4)
2284 5575 2350 5630 In
2379 5574 2974 5646 vitaaTheodoriIcap.
3004 5573 3061 5641 5,
3083 5570 3527 5646 in,interp.lat.
3568 5566 3745 5646 99c“-

2102 5642 2331 5717 μαέὶινη
2358 5642 2533 5702 tribu}
2561 5642 2842 5703 sororibus
2889 5642 3105 5716 corrige
3152 5642 3278 5700 cum
3323 5642 3499 5699 tribus
3547 5642 3744 5715 fratri-

2102 5719 2219 5787 bus,
2246 5718 2345 5773 ubi
2365 5720 2489 5789 jam
2520 5735 2636 5775 non
2668 5717 2839 5775 fuerit
2862 5720 3262 5773 emendatum.
