4090 6288
395 317 508 378 891

1640 321 1705 384 s.
1753 324 2157 387 THEODORI
2199 329 2561 394 s'runma
2605 306 2607 308 ’

3677 329 3796 400 893

395 446 689 536 dolebant,
725 447 955 504 femine
986 448 1154 504 etiam
1189 449 1514 521 plorabant,
1540 454 1909 526 peregrinum
1933 455 2025 512 hor

2155 457 2304 530 ξασα,
2365 463 2439 524 ὡς
2497 462 2610 516 οἷον
2661 458 2867 534 ἄγουσα
2923 460 3251 536 ἑορτάσιμον
3331 459 3563 535 ἡμέραν,
3649 459 3792 515 οὕτω

394 535 660 591 videntes
691 536 1090 607 spectaculum
1116 537 1423 594 voluntarii
1481 541 1811 612 discessus;
1846 561 1910 599 ac
1953 560 2041 601 re-

394 629 662 695 putantes
711 626 973 697 mysterii
1024 628 1654 698 magnitudinem,rem
1734 635 2040 705 praeconiis

393 717 756 772 extollebant.
804 721 950 773 Nam
1005 719 1235 790 utrique
1276 721 1685 792 observabant,
1732 727 2042 796 patremfa-

392 807 584 863 milias
607 809 774 864 domo
796 810 920 879 jam
946 815 1279 882 exeuntum,
1299 818 1542 869 matrem
1576 820 1767 872 autem
1802 833 2038 888 parum-

392 915 494 970 per
523 899 966 968 subsistentem,
1009 919 1143 958 mox
1181 904 1252 958 ad
1311 905 1656 961 asceterium
1715 910 2033 963 transeun-

390 994 528 1057 tem,
555 995 684 1062 post
714 992 1066 1048 divenditam
1098 993 1339 1049 domum
1371 996 1737 1068 pretiumque
1767 998 2034 1068 pauperi—

390 1079 502 1134 bus
558 1080 956 1136 distributum.
1028 1082 1154 1137 Haec
1214 1087 1354 1138 sunt
1413 1083 1620 1140 matris
1698 1090 1909 1142 nostrae
1974 1087 2035 1142 in

390 1169 690 1224 mundana
719 1171 836 1225 vita
867 1171 1157 1239 facinora;
1191 1177 1366 1244 atque
1396 1172 1517 1228 haec
1548 1175 1810 1246 exposui,
1835 1178 1898 1230 ut
1920 1192 2032 1230 non

388 1273 488 1314 vos
520 1258 651 1325 soli,
674 1259 769 1314 sed
804 1262 860 1314 et
889 1261 936 1314 si
971 1260 1070 1331 qui
1103 1260 1160 1314 in
1195 1261 1455 1317 saeculari
1490 1263 1711 1318 mundo
1753 1280 2035 1336 cognove-

390 1347 507 1403 rint
529 1347 797 1415 habeant,
822 1365 934 1419 quo
958 1351 1234 1420 juventur
1265 1351 1675 1422 pulcherrimis
1704 1351 1797 1408 his
1829 1370 2036 1410 narra-

389 1437 670 1505 tionibus,
701 1443 754 1494 et
784 1437 900 1494 Deo
930 1439 1163 1496 laudem
1193 1439 1476 1497 tribuant.

457 1718 509 1774 7.
543 1719 652 1776 Sed
711 1717 898 1792 agesis
951 1718 1176 1790 reliqua
1232 1733 1675 1790 persequamur,
1709 1716 1766 1772 in
1818 1716 2031 1786 quibus

387 1809 674 1880 praecipue
723 1808 1063 1880 proprieque
1121 1823 1310 1863 sermo
1370 1810 1568 1862 noster
1613 1806 1960 1873 versabitur,
1993 1822 2025 1860 0
2061 1827 2110 1892 B

386 1898 599 1954 dilecti.
621 1897 929 1953 Pulchram
963 1897 1097 1952 facit
1128 1895 1532 1962 mutationem,
1565 1895 1894 1966 angelicum
1926 1897 2025 1949 in-

386 1987 572 2042 duens
601 1987 860 2043 habitum
911 1985 1286 2042 ornatissima
1318 1985 1530 2041 femina
1561 2000 1575 2040 :
1610 1983 1931 2040 multorum
1963 1998 2028 2041 eo

384 2075 535 2132 facto
583 2077 870 2147 lacrymas
931 2075 1105 2142 elicit,
1156 2075 1253 2146 qui
1313 2075 1409 2130 illa
1475 2075 1566 2130 die
1630 2075 1811 2130 vocali
1881 2090 2023 2130 con—

381 2170 682 2234 venerant,
722 2165 809 2222 vel
848 2166 1010 2221 etiam
1069 2169 1273 2234 sponte
1324 2168 1756 2231 concurrerant,
1791 2168 1856 2219 ut
1915 2163 2026 2219 hoc

381 2257 786 2311 tantummodo
837 2258 1165 2326 spectarent
1223 2254 1560 2325 mysterium
1620 2253 1838 2326 peragi.
1872 2253 2026 2308 Ade-

383 2361 582 2400 ramus
620 2352 673 2401 et
731 2361 838 2400 nos
887 2360 1014 2398 cum
1065 2344 1320 2414 genitore
1377 2342 1693 2409 communi,
1739 2342 2027 2397 festumne

384 2434 565 2490 acturi
598 2450 670 2489 an
704 2433 1044 2505 phoraturi?
1068 2437 1310 2487 matrem
1337 2432 2027 2502 amittentes,nequejam

384 2523 737 2579 confidentia
767 2522 940 2578 solita
969 2538 1096 2578 eam
1156 2520 1518 2592 alloquentes
1576 2525 1676 2576 aut
1725 2522 2024 2586 adeuntes,

383 2613 482 2669 sed
507 2614 577 2669 de
607 2614 793 2684 ipsius
815 2613 1070 2668 discessu
1093 2612 1410 2683 cogitantes
1435 2614 1640 2666 moesto
1667 2626 1800 2666 cum
1832 2611 2025 2668 corde.

379 2701 526 2756 Nam
559 2719 691 2758 cum
726 2706 781 2757 ct
813 2719 917 2757 nos
948 2701 1056 2773 ipsi
1085 2705 1216 2772 post
1245 2704 1470 2756 certum
1517 2701 1798 2772 temporis
1849 2699 2026 2755 inter-

381 2790 597 2846 vallum
649 2791 864 2847 abituri
926 2792 997 2846 ad
1068 2789 1490 2863 professionem
1557 2805 1823 2846 essemus
1890 2805 2023 2845 cum

380 2881 660 2951 genitore,
693 2897 795 2954 ego
829 2881 1066 2954 quidem
1100 2884 1296 2950 utopte
1319 2896 1385 2934 ex
1433 2878 1680 2934 imberbi
1711 2881 1876 2934 aetate
1899 2880 2025 2949 jam

380 2969 440 3024 in
469 2969 658 3026 virum
719 2970 1120 3043 progrediens,
1153 2968 1357 3024 dolens
1403 2968 1610 3038 utique
1656 2983 2025 3039 mcerensque

376 3074 577 3128 eram;
636 3061 841 3131 qudini
901 3059 1057 3115 enim
1099 3059 1127 3112 ?
1181 3059 1448 3113 Attamen
1521 3073 1652 3112 cum
1707 3057 2022 3128 gratiarum

2148 550 2537 622 προσκαλεῖται
2588 551 2715 612 τοὺς
2763 554 2859 604 τοῦ
2907 549 3093 625 γένους
3144 552 3416 612 ἅπανταςο
3460 551 3546 604 καὶ
3594 550 3645 604 οἱ
3699 551 3792 623 μὲν

2147 639 2384 716 ἤλγουν,
2418 642 2471 695 αἱ
2521 638 2578 694 δὲ
2625 639 2902 714 ἐθρήνουν,
2958 639 3100 710 ξένον
3129 661 3181 694 τι
3225 641 3426 714 ὁρῶσαι
3482 642 3654 712 θέαμα
3695 641 3788 694 τὸν

2148 726 2390 783 ἐθελοντὶ
2425 730 2737 804 χωρισμὸν,
2769 730 2859 782 καὶ
2900 727 2951 784 ἐν
2997 729 3209 792 ἑαυταῖς
3255 726 3645 803 δοκιμαζουσαι
3691 733 3789 782 τοῦ

2151 817 2450 892 μυστηρίου
2490 819 2551 872 τὸ
2604 818 2847 892 μέγεθος,
2896 817 3158 891 ἀνόμνουν
3209 820 3269 873 τὸ
3314 818 3635 892 γινόμενον⁶
3696 817 3787 873 καὶ

2147 906 2249 982 γὰρ
2301 907 2485 983 ἐώρων
2535 906 2858 984 ἀμφότεροι,
2906 909 2998 962 τὸν
3053 907 3148 980 μὲν
3195 906 3401 978 ἐξιόντα
3441 911 3539 976 τῆς
3590 906 3790 977 οἰκίας,

2144 996 2242 1064 τὴν
2277 992 2333 1050 δὲ
2361 996 2498 1068 πρὸς
2531 997 2721 1070 μικρὸν
2767 995 3146 1069 ἐπιμένουσαν,
3188 996 3305 1052 εἶτα
3354 997 3615 1052 ἀπιοῦσαν
3647 997 3787 1071 πρὸς

2143 1083 2205 1137 τὸ
2249 1083 2605 1159 ἀσκητήριον,
2647 1088 2736 1142 καὶ
2767 1085 2935 1156 αὐτὴν
2983 1088 3082 1155 τήν
3138 1085 3312 1142 οἰκίαν
3361 1083 3791 1160 ἆπεμπωληθεῖ-

2147 1194 2236 1229 σαν
2271 1176 2358 1229 καὶ
2393 1173 2768 1248 διανεμθεῖσαν
2802 1182 2917 1236 τοῖς
2963 1174 3189 1232 ἐνδεέσιν
3215 1220 3229 1235 .
3279 1175 3453 1232 Ταῦτά
3503 1178 3634 1232 εἰσιν
3683 1184 3788 1247 τῆς

2143 1265 2411 1342 ἡμετέρας
2447 1270 2654 1343 μητρὸς
2681 1277 2778 1339 τῆς
2808 1277 3083 1342 κοσμικῆς
3129 1271 3375 1345 βιώσεως
3403 1271 3470 1327 τὰ
3516 1269 3786 1345 ἐπίσημα,

2144 1356 2233 1411 καὶ
2263 1362 2430 1413 ταῦτα
2462 1352 2706 1428 διῆλθον,
2739 1360 2849 1433 οὐχ
2879 1357 2975 1414 ’ίνα
3012 1360 3172 1433 μόνον
3225 1360 3404 1434 ὑμεῖς,
3457 1357 3586 1415 ἀλλ’
3616 1359 3662 1415 εἰ
3693 1359 3785 1414 καὶ

2140 1466 2282 1509 τινες
2328 1447 2436 1502 τῶν
2465 1445 2518 1503 έν
2547 1452 2627 1521 τῷ
2673 1448 2866 1521 κόσμῳ
2915 1449 3187 1528 φθάσωσιν
3235 1447 3529 1520 ἐπανιέναι,
3579 1447 3783 1524 ἔχωσιν

2142 1534 2469 1612 ὠφελεῖσθαι
2500 1543 2614 1599 τοῖς
2644 1536 2964 1600 καλλίστοις
3016 1535 3358 1615 διηγήμασιν
3391 1543 3506 1612 Θεῷ
3535 1537 3784 1612 ἀνθομο-

2145 1621 2312 1698 λογού
2322 1647 2469 1699 μενοι
2498 1670 2510 1682 .

2213 1720 2280 1784 ζ’.
2315 1719 2479 1790 Δεῦρο
2514 1713 2580 1785 δὴ
2615 1716 2830 1780 λοιπὸν,
2863 1723 2969 1773 τῶν
2999 1717 3120 1788 ἑξῆς
3151 1716 3426 1793 ἐχώμεθα.
3454 1719 3589 1792 πρὸς
3619 1712 3654 1772 ἃ
3684 1719 3788 1791 μά·

2142 1802 2300 1858 λιστα
2355 1805 2446 1859 καὶ
2491 1804 2708 1868 οἰκείως
2753 1809 2889 1880 ἡμῖν
2936 1804 3039 1877 ἔξει
3071 1809 3099 1861 ὁ
3156 1807 3342 1883 λόγος,
3391 1808 3782 1882 ἠγαπημένοι.

2141 1891 2495 1950 Ἀλλοιοῦται
2525 1896 2624 1963 τήν
2645 1894 2819 1964 καλὴν
2841 1894 3159 1970 ἀλλοίωσιν,
3182 1899 3242 1951 τὸ
3267 1895 3562 1973 ἷσάγγελον
3587 1903 3784 1971 σχῆμα

2141 1982 2626 2061 μεταμφιασαμένη
2677 1987 2712 2053 ἡ
2751 1984 3123 2057 περίκοσμος·
3174 1990 3316 2040 κινεῖ
3367 1989 3499 2060 γοῦν
3548 1983 3781 2041 πολλῶν

2141 2069 2341 2146 δάκρυα
2397 2070 2485 2127 ἐπὶ
2551 2077 2630 2144 τῷ
2703 2073 3054 2149 γεγενημένῳ
3113 2072 3559 2146 συνεληλυθότων
3639 2075 3782 2129 κατὰ

2136 2162 2236 2230 τήν
2279 2161 2508 2237 ἡμέραν,
2558 2160 2698 2216 ἔστιν
2747 2163 2819 2217 ὧν
2867 2163 2956 2218 καὶ
3007 2161 3285 2234 ἀκλήτως,
3335 2161 3430 2218 *ίνα
3478 2170 3567 2218 και
3611 2162 3780 2236 μόνον

2140 2252 2436 2306 θεάσωνται
2493 2251 2554 2305 τὸ
2617 2254 2915 2326 μυστήριον
2985 2251 3353 2326 τελούμενον·
3414 2260 3666 2328 παρῆμεν
3725 2252 3783 2308 δὲ

2136 2339 2226 2394 καὶ
2259 2343 2420 2414 ἡμεῖς
2463 2339 2554 2395 σὺν
2606 2345 2684 2414 τῷ
2731 2343 2898 2414 κοινῷ
2956 2344 3153 2417 Πατρί,
3198 2344 3252 2398 τί
3301 2344 3387 2397 καὶ
3449 2347 3553 2422 φῶ,
3589 2342 3782 2418 sep-rai-

2138 2450 2316 2492 σοντες
2366 2428 2402 2500 ἤ
2436 2431 2838 2503 θρηνήσοντες;
2871 2433 2968 2502 τήν
3018 2453 3076 2487 τε
3132 2430 3338 2506 μητέρα
3387 2426 3784 2502 ἀποϐεϐληκὸο

2135 2539 2241 2587 τες,
2285 2518 2462 2574 οὐκέτι
2515 2521 2649 2594 μετὰ
2695 2528 2796 2590 τῆς
2849 2521 3017 2590 αὐτῆς
3064 2520 3391 2597 παρῥησίας,
3444 2519 3565 2576 οὔτε
3608 2542 3781 2596 προσ-

2139 2607 2477 2680 ομιλοῦντες,
2531 2606 2652 2664 οὔτε
2692 2609 3021 2685 προσιόντες,
3065 2611 3259 2681 τόνπε
3309 2611 3399 2665 ἀπ’
3438 2610 3607 2678 αὐτῆς
3658 2629 3784 2685 χω-

2138 2697 2329 2770 ρισμὸν
2371 2697 2770 2771 ἐπινοούμενοι,
2816 2700 2906 2754 καὶ
2959 2697 3453 2774 καρδιαλγούμενοι
3479 2742 3492 2755 .
3547 2700 3642 2753 Καὶ
3673 2698 3780 2775 γὰρ

2142 2785 2462 2859 μελλόντων
2493 2790 2651 2860 ἡμῶν
2687 2789 2822 2860 μετά
2848 2790 2947 2858 τήν
3009 2787 3407 2864 συμπλήρωσιν
3459 2793 3556 2844 τοῦ
3583 2793 3779 2862 καιροῦ

2137 2874 2380 2949 ἀπαίρειν
2439 2876 2577 2946 πρὸς
2633 2876 2696 2930 τὸ
2753 2876 2842 2931 καὶ
2900 2878 3048 2948 ἡμᾶς
3105 2875 3427 2945 τελεσθῆναι
3489 2878 3622 2950 μετά
3677 2881 3780 2931 τοῦ

2134 2966 2482 3039 γεννήτορος,
2511 2959 2678 3040 ἔγωγε
2729 2965 2822 3038 μὲν
2869 2965 2943 3027 ὡς
2994 2965 3084 3020 ἅτε
3132 2963 3184 3035 ἐξ
3216 2965 3465 3041 ἀγενείων
3500 2966 3577 3028 εἷς
3608 2963 3782 3038 ἄνδρα

2133 3051 2329 3122 τελῶν,
2388 3052 2653 3129 ἀλγεινῶς
2713 3055 2807 3128 μὲν
2863 3055 2952 3109 καὶ
3013 3052 3293 3129 ὀδυνηρῶς
3351 3060 3493 3125 (πῶς
3522 3055 3621 3130 γὰρ
3665 3053 3779 3128 οὔ),

379 3149 624 3217 octione,
686 3149 834 3206 hanc
912 3148 1250 3204 mmstitiam
1304 3148 1575 3204 ferebam.
1610 3148 1720 3202 Sed
1773 3148 2021 3204 duorum

2141 3141 2280 3210 πλὴν
2330 3141 2515 3219 ἔφερον
2572 3145 2686 3217 μετ’
2736 3142 3085 3219 εὐχαριστίας
3111 3143 3174 3198 τὸ
3205 3145 3413 3205 πάθος·
3462 3149 3577 3199 τοῖν
3628 3141 3780 3199 δυοῖν

382 3238 622 3294 fratrum
658 3256 811 3295 unus
835 3239 1148 3295 admodum
1180 3238 1538 3306 adolescens,
1572 3237 1769 3292 statim
1821 3254 1886 3292 ac
1932 3237 2022 3292 af-

380 3327 490 3382 fuit
550 3328 846 3384 discessus
897 3328 1060 3395 hora,
1115 3336 1168 3383 et
1213 3335 1565 3398 poslremum
1622 3330 1748 3382 vale
1788 3327 1910 3397 jam
1943 3325 2025 3382 di-

379 3416 639 3485 cebatur,
671 3426 721 3473 et
754 3417 1231 3488 compellationes
1275 3415 1650 3486 ploratusque
1685 3420 1857 3486 atque
1898 3433 2025 3472 am-

382 3505 585 3578 plexus
637 3506 896 3574 fiebant;
950 3505 1068 3573 ille,
1121 3506 1384 3576 inquam,
1442 3506 1512 3560 ad
1562 3505 1766 3560 matris
1825 3505 2024 3562 sinum

380 3595 694 3651 convolans
761 3595 1220 3664 inseparabiliter
1250 3594 1520 3661 haerebat,
1580 3595 1745 3665 quasi
1810 3594 2024 3651 vitulus

382 3684 604 3758 sejungi
637 3701 699 3741 se
731 3701 1010 3751 renuens,
1042 3683 1397 3756 rogabatque
1424 3688 1485 3739 ut
1537 3697 1852 3755 parumper
1889 3700 2021 3740 cum

385 3778 569 3830 matre
618 3777 879 3831 maneret
928 3782 1047 3828 tum
1093 3774 1221 3844 ejus
1270 3776 1473 3844 postea
1519 3771 1874 3828 voluntatem
1925 3790 2024 3829 ex-

381 3863 674 3933 pleturum
723 3880 782 3920 se
840 3861 1228 3934 promittebat.
1286 3861 1439 3916 Num
1491 3861 1666 3930 igitur
1730 3879 1828 3916 cor
1881 3863 2023 3918 ada-

381 3953 710 4010 mantinum
779 3951 1048 4008 molitum
1107 3955 1211 4020 est,
1245 3955 1347 4006 aut
1385 3950 1660 4019 concidit,
1692 3955 1794 4006 aut
1860 3951 2023 4023 pueri

382 4045 704 4117 ploratibus
739 4045 983 4099 fractum
1007 4042 1123 4098 est?
1146 4040 1386 4097 Minime
1417 4043 1697 4114 gentium.
1731 4041 2020 4106 Quidnam

383 4151 515 4190 vero
565 4138 763 4190 sancte
822 4129 1164 4204 respondit?
1193 4131 1336 4186 Cum
1398 4131 1649 4204 quadam
1681 4131 1877 4187 vultus
1912 4138 2023 4188 tor-

381 4224 574 4290 vitate,
609 4223 1081 4294 potentissimum
1123 4225 1517 4277 maternorum
1565 4222 1853 4276 viscerum
1896 4223 2023 4278 vin-

383 4329 521 4368 eens
553 4312 855 4381 affectum;
881 4311 1002 4367 Nisi
1025 4316 1250 4382 sponte,
1274 4309 1484 4381 inquit,
1522 4309 1626 4379 fili,
1661 4311 1895 4379 abieris,
1918 4328 2022 4385 ego

385 4406 440 4457 te
472 4418 648 4456 manu
684 4400 916 4472 prepria
942 4401 1000 4455 in
1026 4400 1214 4454 navim
1248 4400 1573 4471 imponam.
1602 4400 1785 4456 Cessit
1827 4401 2025 4473 itaque

385 4508 550 4564 puer,
584 4495 639 4546 et
670 4507 935 4545 seorsum
960 4488 1352 4545 discessimus.
1381 4488 1486 4544 Illa
1514 4492 1732 4557 autem,
1766 4493 1830 4544 ut
1860 4494 2020 4560 puto,

2137 3230 2193 3288 δέ
2248 3231 2531 3307 ἀδελφοῖν,
2565 3230 2802 3308 ὁὲτερος
2861 3229 3067 3306 κομιδῇ
3127 3233 3245 3294 νέος
3293 3230 3364 3287 ὢν
3428 3235 3526 3308 (ὅ),
3585 3231 3776 3304 ἐπειδὴ

2135 3324 2311 3394 παρῆν
2343 3324 2378 3392 ἡ
2410 3324 2508 3386 τῆς
2557 3318 2816 3394 ἐκδημία,
2866 3321 3070 3397 ἡμέρα,
3123 3321 3176 3376 οἳ
3217 3342 3276 3376 τε
3306 3321 3566 3396 ἐξιτήριοι
3617 3319 3774 3396 λόγοι

2131 3414 2221 3468 καὶ
2253 3415 2724 3489 προπεμπτήριοι,
2757 3411 2812 3467 α⁹ί
2840 3435 2898 3468 τε
2929 3411 3278 3483 ἀνακλήσεις,
3318 3409 3374 3467 αἶ
3401 3433 3460 3468 τε
3514 3411 3775 3490 οἷμωγαῐ,

2134 3501 2187 3558 α’ί
2215 3525 2274 3558 τε
2314 3503 2669 3579 περιπλοκαὶ,
2719 3501 3028 3582 ἐπέτρεχεν,
3080 3502 3488 3571 εἰσεκολποῢτο,
3534 3499 3773 3557 δυσαπο-

2134 3595 2382 3655 σπάστως
2441 3594 2556 3668 εἶχε
2611 3599 2711 3662 τῆς
2765 3592 2997 3668 μητρὸς,
3057 3592 3250 3647 ὡσανεῖ
3321 3594 3623 3668 μοσχάριον
3672 3594 3776 3662 τὴν

2133 3681 2394 3753 διάζευξιν
2457 3681 2910 3754 ἆπαναινόμενον,
2961 3680 3134 3756 ἐξῄτει
3191 3680 3271 3736 ἐτι
3321 3680 3590 3755 ἐπιμένειν
3636 3683 3774 3756 πρὸς

2137 3771 2314 3849 βραχὺ
2345 3777 2414 3846 τῇ
2451 3772 2637 3846 μητρὶ,
2672 3771 2765 3827 εἶθ’
2798 3770 3019 3846 ὕστερον
3050 3770 3298 3847 πληροῦν
3332 3772 3500 3840 αὐτῆς
3530 3772 3590 3827 τὸ
3640 3772 3777 3846 βού-

2133 3861 2309 3934 λευμα
2363 3858 2711 3938 ἐπήγγελτο.
2762 3861 2884 3935 Ἆρ’
2933 3857 3024 3915 οὗν
3075 3858 3518 3933 κατεμαλακίσθη
3568 3862 3602 3929 ἡ
3637 3857 3775 3915 ἀδά-

2137 3950 2365 4026 μαντίνη
2418 3947 2616 4026 καρδία
2663 3949 2868 4022 ἐκεί-ιη,
2913 3950 2948 4018 ἤ
3011 3952 3315 4023 συνέπεσεν,
3373 3951 3408 4020 ἤ
3460 3949 3777 4006 συνώκλασε

2130 4046 2246 4104 τοῖς
2297 4045 2394 4096 τοῦ
2442 4037 2633 4102 παιδὸς
2674 4039 3227 4115 κλαυθμυρίσμασινς
3279 4040 3544 4114 οὐμενοῦν
3581 4061 3594 4074 ·
3648 4038 3776 4097 ἀλλ’

2135 4133 2251 4186 οἷον
2284 4131 2345 4186 τὸ
2395 4129 2544 4184 ὅσιον
2597 4131 2771 4199 αὐτῆς
2817 4127 3158 4207 ἐπιφθεγμα;
3215 4130 3350 4204 μετά
3393 4151 3536 4195 τινος
3583 4125 3776 4204 ἐμϐρι-

2133 4222 2257 4282 θοῦς
2288 4218 2445 4291 ἕξεως
2477 4219 2936 4295 ὑπερνικήσαντος
2966 4220 3073 4274 τῶν
3111 4220 3382 4294 μητρῴων
3431 4219 3776 4296 σπμάγχνων

2133 4309 2194 4366 τὸ
2219 4311 2710 4385 τυραννικώτατον,
2742 4307 2810 4365 Ei
2841 4309 2916 4381 μή
2960 4308 3121 4379 ἑκὼν,
3171 4309 3355 4386 φησὶν,
3389 4305 3432 4364 ὦ
3465 4309 3648 4364 τέκνον
3680 4311 3780 4365 ἄπ-

2135 4400 2339 4468 έλθοις,
2380 4397 2484 4474 ἐγώ
2537 4420 2594 4453 σε
2651 4402 2719 4472 τῇ
2767 4396 2862 4468 νηΐ
2909 4396 3190 4473 αὐτοχειρὶ
3241 4392 3607 4473 ἐπιϐαλοῦμαι
3657 4404 3776 4472 (6)·

2138 4489 2264 4561 εἶξεν
2296 4487 2386 4542 οὖν
2421 4487 2448 4541 ὁ
2481 4492 2630 4557 παῖς,
2682 4487 2772 4541 καὶ
2823 4483 3002 4558 διέστη
3015 4507 3108 4559 μεν
3141 4485 3477 4566 ἀμφότεροι·
3525 4487 3778 4560 κάκείνη,

382 4549 488 4653 par
537 4549 814 4650 quiddam
870 4582 1171 4648 patrasset,
1205 4594 1272 4633 ac
1328 4578 1386 4632 in
1438 4549 1816 4650 quadraginta
1860 4549 2022 4634 .mar;

2141 4583 2210 4644 ὡς
2251 4577 2420 4648 δοκῶ,
2472 4574 2782 4655 ἐφάμιλλόν
2824 4598 2877 4632 τι
2924 4584 3024 4646 τῆς
3083 4576 3167 4632 ἐπὶ
3215 4549 3312 4632 τοῦ
3357 4549 3465 4634 τῶν
3506 4581 3778 4654 Τεσσαρά-

383 4677 578 4742 tyrum
611 4667 895 4738 supplicio
927 4671 1130 4724 sancta
1153 4671 1358 4736 mater,
1390 4683 1518 4739 quae
1547 4665 1830 4723 celebrem
1855 4667 2022 4724 illum

384 4759 704 4831 spirantem
738 4757 931 4813 adhuc
961 4756 1140 4812 filium
1174 4772 1345 4812 suum
1379 4756 1437 4811 in
1494 4757 1822 4829 plaustrum
1855 4757 2025 4813 attol-

384 4850 512 4906 lens
541 4847 842 4920 imposuit.

454 4943 508 4995 8.
541 4938 687 5004 Quid
743 4954 874 4994 vero
928 4937 1170 5009 postea?
1202 4936 1454 5010 Optabat
1497 4936 1773 5009 praeclara
1806 4937 2022 4993 femina

382 5029 494 5086 sub
526 5027 852 5084 obedientis
884 5028 1072 5100 magis
1093 5026 1304 5093 vivere,
1336 5026 1491 5097 quod
1521 5033 1575 5081 et
1616 5041 1848 5097 equum
1876 5031 2017 5082 erat.

380 5119 488 5174 Sed
514 5118 652 5190 quia
699 5133 768 5172 ex
824 5117 1107 5187 preterito
1166 5121 1492 5186 temporum
1545 5114 1797 5182 turbine,
1832 5129 2019 5184 neque

383 5208 804 5266 monasterium
834 5207 1023 5263 adhuc
1058 5210 1181 5263 erat
1210 5210 1630 5273 constructum,
1665 5221 1846 5275 neque
1897 5222 2018 5261 mo-

451 5333 528 5405 (5)
561 5334 697 5389 Erat
725 5333 820 5390 hic
859 5333 1096 5389 nomine
1125 5329 1492 5402 Euthymius,
1518 5331 1589 5388 de
1638 5345 1754 5401 quo
1777 5331 1930 5386 infra
1958 5330 2017 5387 in

381 5407 579 5462 adnot.
617 5421 747 5477 pag.
781 5421 904 5477 seq.

450 5478 526 5549 (6)
560 5473 900 5532 Sane—torum
933 5476 1082 5532 facta
1119 5474 1499 5545 admiremur,
1542 5473 1638 5544 qui
1682 5474 1880 5530 omnia
1921 5474 2016 5549 pio

376 5547 587 5606 mentis
605 5550 808 5605 affectu
838 5552 1457 5619 egerunt;quanquam
1492 5563 1604 5619 non
1636 5563 1796 5619 aeque
1819 5547 2018 5602 omnia

375 5621 593 5677 imitari
624 5617 924 5677 debemus.
951 5620 1115 5676 Certe
1140 5617 1545 5675 adolescentis
1565 5617 1857 5689 Euthymii
1899 5635 2015 5675 non

375 5693 520 5750 satis
550 5693 784 5749 ﬁrmum
816 5690 1068 5764 religiosi
1085 5689 1339 5764 instituti
1355 5689 1721 5764 suscipiendi
1756 5690 2020 5763 proposi-

372 5769 501 5827 tum
546 5780 680 5823 mox
737 5761 1240 5837 matri'fratrique
1283 5761 2014 5837 sollicitudinem’gravem

2132 4691 2300 4726 κοντα
2334 4667 2619 4742 μαρτύρων
2670 4667 2821 4740 ἁγίας
2873 4666 3078 4741 μητρὸς
3120 4665 3388 4740 ᾀδομένου
3438 4667 3524 4724 ἐπὶ
3555 4673 3625 4744 τῇ
3674 4677 3771 4740 τῆς

2135 4761 2342 4834 ἀμάξης
2380 4761 2476 4812 τοῦ
2503 4755 2580 4812 ἔτι
2629 4754 2958 4830 ἐμπνέοντος
2999 4754 3202 4812 οἰκείου
3243 4757 3368 4812 υἱοῦ
3418 4757 3567 4834 ἄρσει
3597 4781 3657 4816 τε
3685 4762 3772 4816 καὶ

2133 4849 2383 4917 ἐπιθέσει,
2419 4845 2710 4916 ἐξετέλεσεν
2746 4847 2841 4918 (7).

2200 4942 2277 5010 η’.
2337 4935 2511 4995 Ἀλλᾶ
2561 4937 2613 4992 τί
2663 4937 2729 4992 τὰ
2779 4937 2934 5008 ἕξῆςς
2997 4936 3210 4993 Ἐπόθει
3271 4937 3450 4994 τοίνυν
3489 4939 3524 5009 ἡ
3556 4942 3778 5014 γενναία

2130 5029 2390 5105 ἄρχεσθαι
2451 5025 2689 5099 μᾶλλον,
2731 5023 2913 5101 ὥσπερ
2963 5027 3052 5080 καὶ
3085 5027 3149 5094 ἦν
3184 5024 3390 5083 δίκαιον
3417 5046 3430 5060 ³
3483 5027 3670 5100 ἐπειδὴ
3717 5028 3776 5085 δὲ

2129 5118 2188 5174 ἐκ
2233 5125 2333 5187 τῆς
2383 5115 2509 5193 πρὶν
2561 5113 2903 5187 διειλήσεως,
2955 5112 3077 5170 οὔτε
3126 5119 3489 5193 μοναστήριον
3540 5116 3607 5188 ἦν
3651 5139 3776 5173 συν-

2132 5208 2430 5282 ιστάμενον,
2509 5202 2623 5260 οὐδ’
2680 5202 2744 5260 αὖ
2801 5205 2953 5280 ψυχὴ
3032 5205 3414 5280 ἐπιστημόνως
3491 5204 3766 5282 δυναμένη

2127 5335 2357 5402 creavit,
2391 5339 2452 5389 ut
2483 5336 2616 5404 post
2635 5332 2880 5389 dicetur.
2915 5331 3270 5404 Impositura
3315 5338 3506 5391 autem
3555 5335 3770 5393 fuisset

2126 5408 2188 5464 in
2220 5408 2412 5462 navim
2443 5405 2770 5461 Theoctlsta
2793 5404 2998 5468 ﬁlium,
3024 5406 3156 5474 quia
3187 5407 3610 5462 transeundum
3643 5415 3770 5466 erat

2126 5479 2279 5536 ultra
2310 5477 2672 5548 Bosphorum
2705 5477 2775 5531 ad
2809 5476 3185 5533 Saccudionis
3210 5479 3270 5533 in
3303 5479 3441 5535 Asia
3472 5487 3769 5538 monaste-

2126 5552 2302 5607 rium.
2337 5547 2456 5604 Vit’.
2486 5547 2864 5620 Theodrcap.
2885 5548 2942 5604 5.

2195 5623 2275 5693 (7)
2305 5624 2552 5693 Exstant
2577 5619 2980 5693 pulcherrimas
3009 5620 3081 5676 de
3109 5619 3207 5693 his
3253 5639 3326 5680 ιι.
3372 5621 3510 5682 MM.
3537 5624 3764 5685 oratio-

2125 5691 2229 5754 nes
2249 5691 2349 5751 SS.
2385 5691 2604 5766 Basilii,
2627 5699 2682 5748 et
2712 5692 2877 5766 Greg.
2909 5691 3177 5766 Nysseni.
