4090 6288
361 353 480 417 893

920 330 1208 416 ORATIO
1251 352 1414 417 xm.
1462 386 1539 403 —
1580 353 1982 418 LAUDATIO
2027 352 2414 419 FUNEBRIS
2458 352 2537 415 IN
2587 328 2919 416 MATREM
2963 352 3207 416 SUAM.

2935 252 2962 287 κ

3642 354 3761 419 894

361 481 691 557 ἀφηγεῖσθαι
719 485 828 535 τῶτ
858 480 1111 553 πολλῶν,
1142 480 1203 535 ἐκ
1228 480 1430 536 τούτου
1484 478 1725 554 βιάζεται
1761 480 1865 535 ὑπὸ
1908 483 1985 534 toi

2121 482 2293 539 nialis
2349 482 2545 543 aderat
2593 497 2721 554 quae
2779 481 3095 553 prudenter
3154 481 3491 537 caeterarum
3550 482 3760 537 cretum

359 567 600 648 ἀδελφοῦ
654 566 1033 633 κελλιωτικῶς
1071 572 1146 645 (8)
1194 571 1391 644 βιωσαι
1450 568 1584 643 μετὰ
1620 572 1720 634 τῆς
1768 588 2001 644 προκαρ-

361 658 548 729 θείσης
604 656 924 735 θυγατρίδος
980 658 1069 713 καὶ
1145 658 1328 732 ὲτέρας
1377 655 1718 734 συγγενίδος.
1776 661 1850 731 Ζῇ
1908 658 2000 732 μὲν

362 748 553 804 αὐτίκα
587 749 1010 820 ὑπομονητικῶς
1035 770 1047 781 ·
1083 750 1149 820 ζῇ
1180 746 1237 803 δὲ
1268 745 1548 821 ὀδυνηρῶς
1571 767 1584 779 ·
1618 751 1734 809 πῶς
1775 749 1879 822 γὰρ
1913 746 2004 811 οὕς

357 840 451 892 τὸν
512 843 961 915 χειραγωγοῦντα
1021 841 1097 912 μὴ
1151 838 1480 912 κεκτημένη,
1555 839 1645 892 καὶ
1694 836 1791 899 τὰς
1852 836 2003 891 ἀντι-

355 927 699 1002 πραττοῦσας
744 933 825 1000 τῷ
883 923 1117 983 εὒσεὸεῖν
1168 926 1532 1007 ἐφευραμένη,
1581 927 1671 982 καὶ
1718 931 2001 996 τοσοῦτον,

356 1015 496 1071 ὥστε
533 1018 621 1071 καὶ
671 1020 769 1072 τοῦ
809 1017 1057 1089 σεμνείου
1103 1015 1460 1092 ἐξορίζεσθαι.
1510 1014 1780 1089 Αἰδοῦμαι
1830 1015 1998 1071 εἰπεῖν

356 1105 488 1179 ὑπὲρ
547 1104 689 1167 τίνος
728 1105 819 1161 καί
870 1101 958 1160 διὰ
1004 1105 1172 1175 τίνος,
1216 1102 1397 1184 φειδοῖ
1444 1109 1551 1161 τῶν
1593 1105 1997 1180 ἀκροωμένων·

352 1192 522 1267 ὅμως
553 1196 702 1273 φέρει
754 1195 887 1270 ὑπὲρ
931 1198 1029 1250 τοῦ
1075 1195 1249 1250 καλοῦ
1291 1195 1579 1271 πάσχουσα
1626 1196 1714 1250 καὶ
1750 1192 1838 1250 διὰ
1889 1195 1999 1250 Κύ-

353 1301 468 1357 ριον
504 1280 852 1356 πελαζομὲνη
882 1326 896 1340 .
930 1282 1030 1338 Καὶ
1062 1282 1162 1338 οὐκ
1198 1281 1303 1338 οἶδ’
1336 1284 1484 1346 ὅπως
1536 1281 1854 1358 ἆπαγγείλω
1901 1283 1997 1346 τάς

348 1371 705 1443 ἐπαλλήλους
754 1373 1016 1450 ἐπιφορὰς
1063 1373 1151 1428 καὶ
1202 1374 1522 1449 μεταγωγὰς
1570 1380 1669 1442 τῆς
1713 1379 1857 1442 ζωῆς
1904 1373 1998 1427 αὖ·

347 1468 472 1532 τῆς,
512 1463 601 1517 καὶ
660 1464 754 1526 τὰς
816 1458 1191 1538 ἐπισυμϐάσας
1244 1466 1400 1536 ἡμῖν,
1450 1458 1509 1517 ἔκ
1554 1483 1612 1518 τε
1662 1463 1996 1539 συγγενείας,

346 1549 408 1606 ἔκ
431 1571 487 1607 τε
522 1551 800 1625 βασιλείας
850 1552 1061 1627 θλίψεις
1092 1552 1182 1607 καὶ
1231 1550 1424 1614 ὀδύνας
1473 1554 1563 1606 καί
1612 1552 1992 1623 περιστάσειςο

341 1640 407 1696 τὸ
440 1638 497 1695 δὲ
547 1640 908 1717 συναγόμενον
958 1641 1049 1712 ἦν,
1098 1644 1132 1710 ἡ
1186 1638 1571 1714 θρυλλουμένη
1628 1640 1853 1717 μοιχεία
1894 1645 1992 1696 τοῦ

341 1731 773 1805 αὐτοκράτορος,
808 1731 940 1807 ὑπὲρ
981 1730 1046 1798 ἧς
1085 1732 1175 1786 καὶ
1202 1732 1264 1786 τὸ
1293 1732 1525 1806 πάσχειν
1553 1731 1621 1799 ἦν
1652 1730 1790 1805 αὐτῇ
1834 1730 1986 1805 [cod.

2122 588 2315 643 regere
2344 574 2584 644 posset,
2620 575 2925 642 propterea
2959 587 2991 624 a
3034 569 3208 626 fratre
3257 570 3484 641 cogitur
3523 569 3762 627 cellula-

2114 678 2323 718 norum
2359 677 2517 716 more
2574 659 2780 722 vivere,
2816 674 2951 714 cum
3010 658 3130 714 filia
3176 659 3299 730 jam
3342 667 3509 715 antea
3567 663 3758 725 tonsa,

2112 750 2335 820 aliaque
2393 753 2654 822 cognata.
2688 749 3013 819 Statimque
3066 750 3383 819 patientem
3441 749 3619 803 vitam
3653 765 3757 803 ex-

2111 847 2273 912 perta
2303 843 2409 908 est,
2462 838 2899 908 necessarioque
2943 837 3187 907 tristem,
3220 837 3358 908 quia
3413 844 3467 892 et
3515 837 3761 909 spiritali

2110 930 2255 985 duce
2285 929 2541 996 carebat,
2574 927 2625 982 ei
2659 926 2944 997 quasdam
2976 931 3148 981 nacta
3180 930 3269 981 est
3301 926 3530 983 sodales
3562 925 3760 998 pietati

2112 1021 2403 1086 adversas,
2436 1018 2496 1073 in
2528 1022 2759 1073 tantum
2792 1023 2855 1072 ut
2903 1016 3080 1072 etiam
3130 1033 3293 1073 sacro
3323 1015 3423 1072 illo
3477 1015 3603 1073 loco
3652 1033 3758 1072 ex-

2109 1109 2439 1183 pelleretur.
2456 1109 2569 1164 Cur
2591 1115 2780 1164 autem
2812 1106 2901 1163 vel
2933 1108 3104 1177 cujus
3136 1123 3327 1178 opera,
3348 1107 3759 1179 pudetdicere,

2108 1202 2173 1254 ut
2202 1197 2564 1255 audientium
2615 1195 2858 1251 auribus
2901 1210 3153 1266 parcam.
3204 1197 3475 1251 Attamen
3525 1195 3759 1252 virtutis

2108 1304 2302 1354 causa,
2335 1291 2390 1344 et
2438 1292 2673 1360 propter
2726 1286 3044 1342 Dominum
3085 1284 3323 1354 afﬂicta,
3376 1284 3667 1356 patienter
3695 1300 3758 1341 se

2105 1379 2362 1451 gerebat.
2388 1382 2503 1432 Nec
2544 1393 2659 1449 quo
2704 1381 2873 1447 pacto
2906 1376 3143 1431 recitem
3201 1376 3317 1430 scio
3350 1374 3495 1430 alias
3526 1391 3595 1430 ex
3626 1373 3755 1430 aliis

2106 1469 2234 1523 vitae
2265 1469 2388 1539 ejus
2419 1465 2783 1524 calamitates
2812 1470 2869 1522 et
2898 1466 3070 1535 vices,
3103 1473 3445 1536 nostrasque
3482 1464 3759 1520 afﬁnibus

2104 1562 2162 1614 et
2190 1558 2261 1615 ab
2283 1556 2524 1629 imperio
2548 1572 2874 1629 pressuras,
2895 1553 3263 1622 afﬂictiones,
3279 1557 3335 1609 et
3355 1553 3422 1609 ad
3434 1553 3751 1610 versilates.

2103 1646 2343 1702 Summa
2375 1645 2457 1701 rei
2489 1645 2616 1707 fuit,
2649 1642 2940 1701 famosum
2972 1640 3344 1714 imperatoris
3376 1641 3752 1714 adulterium,

2104 1736 2259 1807 quod
2294 1734 2460 1790 matri
2492 1748 2723 1805 quoque
2769 1735 2981 1788 nostra;
3012 1747 3185 1788 causa
3242 1729 3459 1787 doloris
3507 1730 3749 1786 exstitit.

340 1818 505 1893 αὐτή]
532 1863 544 1875 .
578 1820 731 1876 Ἐπεὶ
763 1816 820 1874 δὲ
867 1824 967 1874 τοῦ
998 1820 1380 1895 οἶκουμενικοῦ
1428 1817 1792 1894 τολμήματος
1824 1819 1985 1893 ἐμνή-

379 1911 399 1922 -
558 1907 583 1922 ..
758 1906 952 1922 -..ι
1104 1904 1337 1922 ..ηρ
1468 1910 1544 1922 ..
1663 1910 1723 1922 .,
1846 1912 1953 1922 .-

2101 1826 2267 1883 Nunc
2296 1826 2430 1898 quia
2460 1824 2760 1897 publicum
2794 1824 3022 1879 facinus
3066 1822 3538 1892 commemoravi,
3574 1822 3751 1894 probe

341 1911 496 1979 σθην,
556 1907 673 1964 ἴστε
721 1911 839 1964 οἷον
891 1906 1155 1985 ὀδυνηρὸν
1202 1904 1417 1979 ἔλαϐεν,
1457 1910 1616 1979 ἡνίκα
1663 1910 1807 1985 ἐώρα
1836 1912 1985 1979 ἡμᾶς

340 1997 403 2055 ἐκ
429 2003 526 2055 τοῦ
580 2000 952 2074 μοναστηρίου
984 1999 1420 2075 ἁρπαζομένους,
1473 2001 1800 2056 συνελθοῦσα
1849 2000 1986 2055 κατᾶ

333 2090 436 2157 τὴν
470 2086 657 2164 ὥρανο
708 2085 858 2143 ἀλλὰ
897 2089 941 2144 εἰ
991 2087 1081 2145 καί
1123 2090 1186 2144 τὸ
1232 2090 1448 2163 θρηνεῖν
1495 2090 1559 2159 ἦν
1611 2088 1747 2163 αὐτῇ
1795 2110 1986 2163 μονου-

342 2177 474 2253 μένῃ
511 2176 748 2252 μάλιστα
774 2176 824 2251 ἐξ
864 2180 1044 2251 ἡμῶν,
1095 2178 1192 2233 οὐκ
1221 2179 1613 2254 ἠγανάκτησεν,
1658 2178 1718 2233 οὐ
1763 2178 1982 2254 προίετο

335 2269 494 2343 ῥῆμα
523 2268 729 2343 ἀγενὲς,
776 2265 900 2323 οὐδὲ
949 2266 1139 2344 ἔρρηξε
1182 2271 1274 2323 τὸν
1322 2273 1553 2344 χιτῶνα,
1605 2268 1704 2324 οὐκ
1741 2267 1984 2339 ἠλάλαξε

336 2361 458 2420 τοῖς
484 2361 752 2418 κωκυτοῖς
782 2374 794 2387 ·
828 2353 979 2423 ἀλλ’,
1012 2362 1227 2425 "Arrace,
1257 2357 1443 2433 φησὶν,
1477 2354 1521 2411 ὦ
1541 2353 1729 2417 παῖδες
1755 2357 1845 2412 καὶ
1876 2357 1982 2410 σώ-

341 2446 526 2513 ζοισθε
553 2442 604 2499 ἒν
651 2445 857 2519 Κυρίῳ,
913 2442 1152 2518 ὅπουπερ
1202 2441 1262 2498 ἂν
1312 2444 1628 2519 ἀπάγοισθε,
1676 2443 1765 2498 καὶ
1818 2446 1983 2500 ὁποῖά

345 2533 469 2585 ποτ’
501 2530 560 2586 ἂν
590 2531 832 2602 πάθοιτε,
868 2529 954 2586 διὰ
984 2531 1150 2605 νόμον
1184 2531 1347 2587 αὐτοῦ
1385 2535 1548 2586 τοῦτο
1580 2531 1977 2606 προελόμενοι*

341 2621 543 2698 ἀγαθὸν
572 2622 671 2699 γὰρ
725 2624 852 2696 ὑμῖν
885 2621 994 2678 ὅτι
1026 2620 1086 2677 ἂν
1135 2623 1222 2677 καὶ
1276 2623 1606 2690 ὑποσταίητε
1659 2621 1831 2679 δεινὸν
1884 2621 1981 2697 μὲ-

347 2730 442 2786 χρι
489 2713 574 2767 καὶ
624 2710 872 2787 αἵματος,
924 2713 959 2783 ἢ
1013 2715 1391 2787 προσήκχσθαι
1441 2714 1529 2769 τὸν
1587 2721 1978 2793 μοιχεύσαντα,

339 2802 429 2857 καὶ
465 2800 551 2857 διὰ
595 2808 757 2859 τοῦτο
804 2800 1101 2879 προδοῦναι
1131 2807 1229 2873 τήν
1280 2805 1537 2875 ἀλήθειαν
1568 2848 1580 2861 .
1614 2807 1679 2861 Ὠ
1706 2813 1806 2877 τῆς
1855 2805 1983 2863 τολ-

347 2896 524 2967 μηρΞὶς
554 2893 645 2948 καὶ
674 2893 923 2968 γενναίας
954 2898 1140 2970 ψυχῆς
1173 2897 1185 2951 l
1221 2894 1372 2957 εὐθὺς
1416 2897 1478 2950 οὐ
1528 2898 1835 2969 κατέπεσεν,
1873 2897 1979 2952 ὥσ-

336 3002 440 3056 περ
491 2983 557 3052 ἧν
610 2982 775 3053 εῗκὸς,
824 2983 1257 3060 χθαμαλωτέρας
1305 2986 1395 3039 καὶ
1441 2984 1699 3061 ἀνάνδρου
1746 2990 1975 3042 παθεῖν·

335 3069 487 3125 ἀλλὰ
540 3073 624 3134 τίς
676 3071 1096 3145 συνεξεδήμησε,
1148 3072 1615 3149 συνωδοιπὸρησε,
1662 3077 1979 3150 συνέθραυσε

325 3162 391 3215 τὸ
446 3161 805 3218 ἁπαλώτατον
854 3163 1095 3239 σαρκίον,
1143 3167 1210 3237 τῇ
1262 3162 1358 3220 τοῧ
1407 3160 1567 3239 ὅρους
1645 3162 1972 3233 ὑπερϐάσειο

327 3247 459 3305 οὐδὲ
515 3251 606 3306 τὸν
652 3252 930 3326 πρόθυμον
985 3250 1371 3330 συνοδοιπόρον
1421 3253 1726 3329 εἰραμένηο
1779 3255 1854 3325 α’ί,
1898 3254 1978 3323 α’ί,

328 3345 453 3403 πῶς
476 3343 729 3418 γεγόνασι
798 3343 991 3406 πάντες
1038 3349 1136 3399 τοῦ
1204 3349 1394 3420 καιροῦ
1455 3346 1978 3422 ἀπανθριυπὸτεροι;

321 3429 417 3484 καὶ
471 3428 684 3502 μᾶλλόν
733 3453 872 3494 τινες
919 3434 1009 3487 καὶ
1056 3429 1625 3506 προσεπεμϐαίνοντες
1670 3435 1758 3490 καὶ
1808 3456 1978 3511 προσ-

328 3517 684 3588 ονειδίζοντες
715 3525 822 3575 τῶν
855 3521 1213 3596 ὑποχειρίων,
1257 3523 1331 3585 ὡς
1364 3523 1726 3596 πληρωθῆναι
1773 3526 1834 3580 τὸ
1885 3526 1975 3581 εὖ·

331 3607 641 3685 αγγελικὸν,
697 3610 786 3663 ὅτι
842 3610 1071 3684 Ἐχθροὶ
1130 3616 1224 3666 τοῦ
1269 3611 1556 3687 ἀνθρώπου
1616 3615 1667 3669 οἱ
1717 3615 1981 3671 οἷκειακοὶ

330 3697 541 3752 αὐτοῦ’
604 3696 797 3775 ἔφθασε
851 3703 978 3775 γοῦν
1040 3702 1185 3772 ἡμᾶς
1251 3702 1339 3756 καὶ
1397 3703 1735 3768 αἰκισθέντας
1884 3726 1983 3780 μα-

340 3786 503 3861 καρία
528 3829 540 3842 .

415 3968 485 4023 θ’.
538 3966 635 4023 Καὶ
688 3972 761 4042 μή
814 3991 896 4035 τις
942 3971 993 4026 ἐν
1042 3971 1185 4047 τῷδε
1230 3973 1519 4050 λογίσηται
1569 3974 1789 4040 ἑαυτοὺς
1834 3979 1980 4050 ἡμᾶς

340 4054 721 4130 ἐγκωμιάζειν,
796 4061 892 4116 οὐκ
948 4059 1181 4138 ἔχουτάς
1246 4085 1300 4118 τι
1357 4070 1463 4119 τῶν
1542 4064 1979 4141 ἐπαινουμένων

342 4143 509 4201 ἄλλοι
539 4147 642 4222 γὰρ
674 4150 784 4228 οὐχ
813 4153 977 4222 ἡμεῖς
1031 4153 1083 4206 οἱ
1131 4151 1532 4228 ἂνξ-τισάμενοι,
1563 4156 1653 4210 καί
1683 4160 1762 4228 τῷ
1813 4161 1981 4229 κοινῷ

342 4234 515 4308 Πατρὶ
565 4234 920 4312 ἐπιγραπτέον
962 4240 1023 4293 τὸ
1073 4242 1405 4317 κατόρθωμα
1433 4247 1550 4317 (9)⁶
1596 4242 1690 4300 ἵνα
1716 4242 1773 4300 δὲ
1803 4266 1985 4318 παρα-

345 4323 631 4396 στήσωμεν
664 4326 755 4379 τὸν
803 4334 905 4397 τῆς
950 4326 1344 4403 ἐπαινουμένης
1389 4331 1589 4407 ἀγῶνα,
1639 4333 1979 4409 ἐνεπὲσαμεν,

344 4413 641 4490 σύγγνωτε,
685 4416 759 4478 εἷς
805 4418 933 4482 τοὺς
984 4422 1103 4498 περῖ
1154 4427 1262 4477 τῶν
1311 4423 1589 4497 ἡμετέρων
1637 4424 1851 4481 ἐκείνων
1882 4426 1983 4482 λό-

342 4524 499 4578 γους,
559 4505 632 4566 ὡς
688 4505 749 4560 οὐ
801 4503 1227 4585 βεϐουλήμεθα’
1278 4512 1445 4581 ἀλλὰ,
1493 4512 1670 4589 Μέγας
1716 4517 1743 4570 ὁ
1789 4517 1983 4591 Κύριος

2096 1915 2258 1972 scitis
2313 1931 2493 1987 quam
2554 1929 2703 1986 aegre
2760 1912 2862 1969 illa
2918 1911 3140 1981 tulerit,
3173 1928 3304 1967 cum
3364 1928 3470 1967 nos
3520 1913 3590 1967 de
3622 1927 3746 1968 mo-

2096 2003 2351 2061 nasterio
2409 2004 2731 2060 abstractos
2789 2002 2954 2068 vidit,
2987 2004 3205 2074 quippe
3265 2017 3391 2074 quae
3449 2001 3520 2056 ad
3580 2000 3740 2056 illam

2094 2093 2299 2150 horam
2364 2096 2730 2151 convenerat.
2766 2093 2876 2148 Sed
2937 2093 3202 2164 quamvis
3258 2091 3319 2147 in
3378 2092 3537 2147 luctu
3597 2096 3742 2159 erat,

2094 2182 2365 2239 sodalitio
2407 2183 2725 2256 praesertim
2778 2186 2976 2238 nostro
3033 2180 3300 2253 spoliata,
3334 2197 3449 2237 non
3497 2185 3586 2236 est
3641 2180 3742 2237 in-

2094 2273 2559 2345 dignata,neque
2591 2272 2933 2327 indecorum
2965 2271 3287 2342 quidquam
3318 2268 3741 2342 locuta,neque

2095 2362 2348 2420 tunicam
2383 2361 2577 2427 scidit,
2612 2376 2797 2429 neque
2834 2359 3119 2416 clamores
3150 2358 3427 2431 lugubres
3458 2358 3739 2427 sustulit;

2093 2452 2193 2508 sed
2224 2452 2410 2520 Abite,
2444 2451 2658 2522 inquit,
2693 2449 2819 2518 ﬁlii,
2853 2453 2910 2505 et
2950 2448 3007 2504 in
3049 2447 3295 2504 Domino
3343 2448 3486 2503 salvi
3536 2452 3741 2513 estote,

2093 2556 2443 2613 quocunque
2488 2541 2728 2596 demum
2781 2537 3096 2604 ducemini,
3128 2542 3183 2593 et
3229 2536 3498 2607 quaelibet
3528 2553 3741 2608 perpe-

2091 2630 2340 2699 tiemini,
2400 2629 2869 2701 quandoquidem
2930 2628 3072 2699 legis
3140 2626 3300 2682 illius
3359 2626 3547 2699 gratia
3605 2642 3741 2698 pro-

2092 2723 2345 2792 positum
2387 2721 2493 2778 hoc
2541 2719 2905 2792 suscepistis.
2964 2717 3169 2773 Melius
3230 2716 3383 2772 enim
3439 2718 3600 2773 vobis
3631 2721 3739 2785 est,

2090 2827 2262 2884 grave
2292 2810 2594 2883 quodlibet
2638 2827 2825 2883 usque
2856 2810 2928 2866 ad
2987 2807 3335 2880 sanguinem
3398 2808 3532 2877 pati,
3567 2823 3740 2879 quam

2091 2901 2424 2959 aduletrum
2457 2901 2516 2957 in
2566 2900 3041 2956 communionem
3077 2898 3401 2963 admittere,
3435 2901 3609 2969 atque
3659 2898 3743 2954 ita

2087 2993 2380 3048 veritatem
2418 2991 2682 3063 prodere.
2709 2991 2754 3045 Ο
2785 2990 3078 3061 intrepida
3110 2988 3309 3045 anima
3334 2992 3390 3043 et
3417 3003 3700 3061 generosa
3725 2987 3737 3042 !

2090 3082 2175 3138 Ibi
2229 3083 2473 3137 minime
2523 3079 2798 3148 concidit,
2833 3096 2936 3135 ceu
2968 3096 3074 3151 par
3140 3078 3347 3134 fuisset
3408 3078 3740 3148 contingere

2085 3172 2306 3228 infimae
2335 3170 2508 3228 olicui
2544 3175 2603 3226 et
2634 3170 2847 3227 enervi.
2882 3169 3029 3236 Quid
3060 3184 3195 3226 vero
3216 3169 3243 3224 ?
3268 3167 3582 3223 Nobiscum
3617 3167 3741 3222 dis-

2088 3261 2283 3327 cessit,
2335 3261 2641 3316 nobiscum
2692 3260 2802 3316 iter
2849 3258 3126 3330 suscepit,
3159 3256 3471 3314 delicatum
3521 3256 3742 3312 attrivit

2092 3349 2582 3422 corpusculumin
2600 3349 2814 3406 montis
2828 3364 3094 3417 ascensu,
3118 3346 3347 3402 nullum
3371 3346 3622 3402 alacrem
3636 3346 3739 3400 viae

2091 3440 2365 3496 comitem
2399 3444 2588 3496 nacta.
2624 3437 2781 3495 Heul
2828 3438 2940 3495 heu
2970 3437 2983 3493 l
3019 3436 3308 3510 quomodo
3348 3452 3551 3492 omnes
3582 3452 3742 3490 occa-

2093 3527 2357 3585 sionibus
2415 3528 2567 3584 ﬁunt
2622 3525 3151 3591 inhumanilQuin
3211 3532 3263 3580 et
3324 3523 3589 3579 nonnulli
3646 3524 3744 3579 in-

2092 3617 2393 3675 sultabant
2409 3623 2466 3675 et
2486 3618 2966 3675 conviciabantur
2983 3618 3084 3705 qui
3102 3617 3328 3672 fuerant
3346 3617 3416 3671 de
3429 3615 3541 3671 fam
3554 3613 3740 3677 ulitio.

2093 3714 2158 3765 ut
2186 3709 2577 3782 evangelicum
2607 3708 2750 3764 illud
2784 3709 3177 3780 compleretur
3204 3724 3216 3761 :
3251 3706 3473 3762 Inimici
3504 3705 3744 3760 hominis

2091 3804 2374 3860 domestici
2398 3805 2517 3875 ejus
2545 3803 2586 3856 ⁸.
2631 3805 2831 3875 Itaque
2870 3803 2941 3858 ad
2976 3818 3080 3857 nos
3117 3800 3175 3856 in
3211 3799 3566 3856 cruciatibus
3600 3813 3741 3869 quo-

2093 3909 2204 3965 que
2238 3894 2455 3963 positos
2488 3893 2659 3950 beata
2688 3892 2809 3948 haec
2838 3890 3186 3949 adventavit.

2160 3983 2217 4039 9.
2249 3983 2433 4041 Nemo
2463 3987 2682 4053 autem,
2715 3998 2928 4055 quaeso,
2964 3985 3193 4053 reputet
3241 3984 3469 4036 nosmet
3517 3977 3677 4049 ipsos
3705 3994 3740 4032 a

2092 4071 2261 4128 nobis
2290 4071 2610 4144 praedicari,
2645 4071 2744 4144 qui
2795 4087 2992 4127 revera
3022 4069 3244 4125 nullam
3295 4071 3518 4140 partem
3560 4066 3738 4135 huius

2090 4160 2284 4218 laudis
2342 4161 2704 4235 attingimus.
2762 4160 2984 4232 Quippe
3015 4159 3132 4227 alii,
3178 4174 3296 4214 non
3345 4174 3472 4225 nos,
3504 4161 3741 4212 strenue

2093 4254 2360 4321 egerunt,
2390 4255 2449 4307 et
2496 4248 2792 4306 communi
2824 4248 3021 4322 potius
3069 4247 3224 4303 Patri
3265 4263 3357 4302 res
3407 4246 3551 4302 bene
3581 4247 3741 4315 gesta

2091 4342 2365 4397 vertenda
2402 4345 2513 4397 est.
2570 4339 2859 4412 Ignoscite
2926 4343 3143 4409 autem,
3186 4339 3235 4393 si
3296 4339 3436 4393 dum
3493 4336 3739 4391 laudatae

2091 4427 2320 4484 femina:
2351 4434 2641 4485 certamen
2691 4427 3055 4500 exponimus,
3087 4426 3252 4483 inviti
3295 4426 3356 4482 in
3416 4441 3605 4480 rerum
3641 4422 3741 4478 illa

2091 4533 2218 4573 rum
2250 4520 2643 4574 narrationem
2690 4518 3029 4574 incidimus.
3060 4517 3170 4572 Sed
3203 4515 3431 4586 Magnus
3481 4515 3740 4571 Dominus

343 4592 525 4683 ᾕμῷν,
574 4594 661 4649 καὶ
713 4595 925 4669 μεγάλη
961 4599 995 4664 ἡ
1031 4599 1189 4677 ἰσχὺς
1242 4600 1444 4657 αὐτοῦ.
1499 4608 1586 4666 Ὠς
1637 4603 1811 4676 ἐκείνη
1864 4604 1983 4662 λαν-

2099 4614 2295 4673 noster,
2327 4617 2377 4664 ct
2407 4625 2609 4680 magna
2646 4609 2821 4664 virtus
2858 4607 3016 4680 ejus6
3051 4606 3063 4660 l
3098 4605 3205 4663 Illa
3251 4605 3447 4675 itaque
3498 4604 3647 4659 clam
3680 4603 3740 4658 in

344 4680 613 4745 θανόντως
695 4683 937 4761 ὕπεισῄει
1013 4685 1065 4741 ἐν
1120 4693 1198 4762 τῷ
1272 4691 1516 4769 φρουρίῳ
1593 4695 1689 4757 τὰς
1764 4692 1982 4770 πληγὰς

346 4770 550 4843 ὁρῶσα,
599 4772 688 4827 καὶ
735 4774 930 4839 ταύτας
982 4778 1372 4858 ὑπαλείφοῦσα,
1422 4781 1511 4838 καὶ
1541 4787 1619 4856 τῷ
1670 4787 1785 4856 Θεῷ
1832 4782 1986 4855 δόξαν

344 4859 436 4913 καὶ
467 4861 614 4914 αἶνον
657 4859 707 4916 ἐν
740 4868 818 4935 τῷ
862 4862 933 4919 δι’
963 4866 1191 4938 ἐντολὴν
1240 4870 1403 4925 αὐτοῦ
1449 4876 1617 4927 ταῦτα
1668 4872 1985 4948 ὑφίστασθαι

344 4948 411 5003 τὰ
453 4947 620 5017 αὐτῆς
675 4944 869 5026 ἔγγονα
918 4955 1342 5031 ἀναπέμπουσα·
1391 4959 1564 5023 οὕτως
1611 4963 1760 5034 ἡμᾶς
1810 4963 1986 5017 εὐκτι-

342 5041 455 5099 κῶς
487 5037 577 5091 καὶ
606 5036 1028 5116 κλαυθμυρικῶς
1069 5046 1159 5101 καὶ
1189 5054 1507 5124 περιχαρῶς
1555 5048 1606 5104 ἐν
1662 5053 1982 5130 μεταιχμίῳ

342 5130 452 5180 τῶν
486 5123 583 5182 δύο
613 5131 823 5202 παθῶν,
874 5132 933 5187 ἐκ
983 5140 1084 5191 τῶν
1126 5134 1295 5192 ἐκεῖσε
1325 5141 1460 5215 πρὸς
1491 5140 1557 5195 τὰ
1601 5123 1986 5208 ἐπέκεινα-*τῆς

415 5282 437 5318 ⁸
461 5285 669 5345 Matth.
699 5273 756 5354 x,
787 5287 875 5345 36.
907 5288 931 5323 ⁸
959 5289 1114 5346 Psal.
1146 5307 1327 5364 cxsvr,
1350 5296 1405 5349 5.

413 5445 492 5518 (8)
523 5446 808 5505 Cellulani
838 5467 942 5508 seu
991 5452 1222 5510 celliotae
1271 5453 1543 5512 monachi
1574 5462 1675 5512 aut
1705 5458 1984 5517 moniales

342 5523 955 5603 extranmonasteriurn
989 5525 1047 5603 in
1078 5525 1241 5603 cellis
1271 5526 1623 5603 habitantes,
1664 5529 1735 5586 de
1764 5533 1983 5603 quibus

342 5589 485 5676 satis
510 5588 763 5676 Cangi'us
784 5594 863 5676 in
897 5594 1124 5676 hexico,
1151 5596 1344 5655 citatis
1375 5597 1589 5659 Graecis
1609 5588 1980 5676 'aucto‘ribus,

343 5665 403 5723 et
426 5665 740 5741 preserlitn
769 5665 996 5729 Allatio.

2095 4698 2422 4754 custodiam
2455 4700 2738 4771 ingressa,
2769 4698 2913 4755 visis
2943 4695 3127 4768 plagis
3158 4710 3375 4766 easque
3403 4692 3667 4749 osculata
3687 4698 3742 4746 et

2095 4787 2477 4844 medicamine
2534 4804 2782 4862 ungens,
2816 4789 2929 4844 Deo
2968 4785 3214 4859 gloriam
3264 4784 3613 4854 laudemque
3641 4780 3743 4837 ob-

2094 4877 2252 4948 tulit,
2286 4878 2424 4949 quia
2454 4878 2560 4935 ﬁlii
2599 4878 2689 4934 sui
2747 4880 2982 4950 propter
3037 4874 3299 4947 ejusdem
3356 4873 3543 4945 legem
3599 4870 3738 4927 talia

2096 4969 2456 5039 paterentur.
2491 4966 2587 5023 Sic
2615 4966 2717 5023 illa
2761 4982 2865 5023 nos
2893 4981 3023 5021 cum
3073 4963 3368 5036 precibus,
3399 4960 3740 5034 gemitibus,

2096 5056 2395 5128 simulque
2414 5055 2731 5126 hilaritate,
2751 5056 2902 5111 inter
2914 5055 3019 5110 has
3042 5054 3190 5109 duas
3212 5052 3393 5109 animi
3418 5050 3739 5123 passiones,

2095 5144 2298 5203 abillo
2328 5145 2453 5203 loco
2511 5146 2580 5202 ad
2626 5145 2900 5203 ulteriora
2951 5144 3234 5200 abductos
3291 5140 3580 5198 comitans
3636 5139 3741 5196 ad-

2165 5461 2243 5532 (9)
2273 5460 2400 5530 Ipse
2430 5460 2769 5532 Theodorus
2797 5462 3021 5532 patrem
3052 5471 3222 5532 suum
3251 5450 3575 5532 spiritalem
3603 5450 3735 5508 Pla-

2093 5525 2388 5588 tone'm'ad
2421 5525 2815 5588 constantiam
2833 5532 2892 5585 in
2925 5525 3304 5594 adversitate,
3326 5525 3575 5597 exempli
3617 5540 3734 5579 cte-

2092 5605 2233 5660 teris
2265 5604 2562 5675 praebendi
2612 5620 2807 5671 causa,
2832 5615 3184 5673 magnopere
3225 5594 3514 5656 hortatus'
3546 5594 3736 5652 fuerat

2094 5678 2272 5749 Epist.
2306 5675 2405 5732 lib.
2438 5691 2476 5746 1,
2512 5679 2538 5732 1
2573 5680 2629 5733 et
2655 5678 2712 5732 2.
