4090 6288
400 361 516 426 895

1640 361 1706 420 8.
1751 358 2146 420 THEODORI
2193 361 2556 424 ΞΤΠΒΙΤιΕ

3679 368 3801 428 896

401 494 698 551 mirationi
730 496 868 553 erat.
902 495 957 547 et
986 510 1019 548 a
1049 491 1161 547 Deo
1215 490 1445 562 piisque
1492 490 1830 545 hominibus
1857 492 2042 546 beatae

2171 490 2454 568 ἰπαγωγῆς
2531 495 2966 566 παραπέμπουσα
3036 494 3394 568 ἐθαυμάζετο,
3447 503 3562 570 Θεῴ
3604 521 3661 554 τε
3707 501 3800 555 καὶ

402 600 612 640 nomen
644 582 1121 652 consequebatur.
1145 581 1238 636 Sic
1272 597 1376 636 nos
1411 597 1615 636 rursus
1647 581 1923 652 praevenit
1955 597 2043 635 re-

401 675 644 731 deuntes
669 673 934 729 Catharis
952 678 1008 728 et
1031 671 1506 727 Thessalonicam
1530 672 1802 727 exsilium
1819 672 2041 744 pulsos,

398 764 544 820 hora
591 763 844 818 brumali
901 767 957 818 et
1013 762 1346 832 vespertina
1401 761 1460 816 in
1509 763 1751 818 taberna
1801 763 2044 829 rustica,

399 852 763 908 clandestino
796 857 851 907 et
883 851 1178 923 incognito
1213 852 1484 918 adventu,
1521 857 1580 906 ut
1614 869 1717 907 nos
1747 853 1962 907 videret
1991 855 2047 907 et

399 947 518 998 tota
563 943 738 997 ferme
773 948 936 998 nocte
995 942 1300 998 nobiscum
1354 946 1704 1011 versaretur,
1765 943 1905 996 dum
1940 958 2044 997 nos

400 1030 643 1087 invicem
678 1032 734 1086 in
789 1033 1032 1088 Domino
1073 1035 1423 1087 testamenta
1482 1033 1882 1087 conderemus.
1916 1035 2043 1087 Sta-

398 1120 624 1191 timque
654 1137 885 1176 summo
920 1137 1112 1184 mane,
1144 1121 1297 1192 quod
1330 1124 1452 1176 erat
1477 1121 1748 1176 acerbum
1784 1129 1837 1175 et
1869 1121 2044 1175 mise-

400 1209 600 1278 rabile,
669 1211 952 1282 separatis
1031 1211 1300 1277 invicem,
1362 1209 1463 1265 illa
1521 1209 1645 1264 vale
1711 1211 1928 1276 dicens,
1990 1214 2048 1266 et

396 1303 674 1371 tanquam
706 1301 762 1355 in
794 1300 1004 1356 animai
1034 1300 1534 1356 commendatione
1565 1302 1766 1356 oscula
1801 1299 2048 1368 singulis

399 1389 658 1460 corporis
709 1390 991 1445 membris
1045 1390 1410 1460 imprimens,
1443 1406 1577 1443 cum
1629 1389 1872 1461 gemitu,
1908 1388 2042 1460 Ego,

399 1479 590 1534 aiebat
648 1479 734 1552 (ut
763 1481 889 1550 ejus
943 1479 1234 1535 locutione
1290 1482 1439 1539 utar)
1481 1480 1604 1549 jam
1647 1495 1803 1534 nunc
1851 1495 1881 1534 o
1942 1479 2046 1532 filii

401 1584 674 1640 suprema
727 1570 904 1626 verba
961 1569 1341 1625 morientibus
1397 1569 1585 1624 dicere
1639 1569 1856 1625 videor.
1910 1568 2047 1624 Cui-

401 1657 544 1714 libet
576 1663 768 1714 autem
802 1659 1071 1716 rationali
1115 1669 1296 1715 mente
1339 1659 1579 1730 praedito
1628 1659 1956 1730 cujusmodi
1989 1659 2044 1714 id

405 1751 702 1823 negotium
737 1752 928 1818 fuerit,
979 1751 1304 1822 conjectare
1341 1751 1491 1806 licet.
1525 1751 1671 1805 Nam
1706 1751 1752 1806 si
1787 1758 2049 1806 amanter

404 1839 556 1896 inter
601 1857 662 1896 se
721 1842 1028 1911 copulatis,
1061 1849 1114 1896 et
1175 1857 1307 1896 mox
1355 1840 1686 1896 dissociatis
1743 1839 1828 1906 ﬁt,
1881 1841 2050 1911 juxta

406 1945 682 2000 magnum
714 1930 1075 2002 Theologum
1098 1931 1461 2002 Gregorium,
1498 1930 1670 1985 unius
1703 1930 1958 2000 corporis
1989 1931 2049 1984 in

406 2020 519 2075 duo
577 2021 867 2088 dissectio,
914 2025 970 2075 et
1026 2021 1331 2092 utriusque
1381 2020 1803 2088 mortiﬁcatio;
1855 2019 1939 2074 vel
1999 2020 2050 2074 si

408 2110 580 2166 boum
640 2110 814 2165 simul
881 2110 1284 2178 educatorum,
1344 2111 1651 2181 eidemque
1711 2111 1854 2182 jugo
1913 2110 2049 2165 sub-

408 2200 688 2268 ditorum,
723 2217 839 2254 non
872 2199 996 2256 sine
1047 2200 1279 2272 lugubri
1323 2200 1545 2271 mugitu
1577 2201 1640 2256 ﬁt
1687 2201 2049 2270 dissociatio,

411 2289 666 2360 separari
698 2307 813 2346 non
848 2291 1190 2361 patientium
1218 2308 1232 2358 ;
1258 2291 1418 2361 quid,
1452 2291 1619 2362 quale
1651 2299 2053 2364 quantumque

406 2378 466 2433 in
497 2396 556 2434 re
578 2379 847 2450 presenti
882 2380 1190 2451 contigisse
1214 2380 1639 2435 concedemus?
1669 2381 1818 2436 Sane
1850 2381 2054 2436 utrim-

409 2485 543 2539 que,
583 2468 655 2522 ob
689 2468 788 2522 Dei
839 2469 1123 2536 timorem,
1159 2468 1374 2523 doloris
1434 2470 1807 2525 acerbitatem
1867 2471 2052 2541 repri-

412 2558 758 2626 mebamus;
791 2557 892 2612 sed
917 2558 972 2612 id
1017 2559 1247 2628 quidem
1280 2559 1449 2628 quale
1481 2563 1882 2630 quantumque
1925 2560 2052 2629 fuit,

414 2647 878 2718 magnanimitati
909 2649 1035 2718 ejus
1066 2648 1410 2705 ascribatur.

492 2828 574 2882 10.
609 2826 782 2882 Porro
814 2826 888 2882 ad
945 2843 1033 2882 res
1071 2834 1291 2882 vestras
1349 2830 1504 2895 quod
1565 2829 1790 2897 attinet,
1829 2830 2055 2899 fratres,

420 2915 530 2987 ipsi
559 2933 658 2972 vos
687 2917 988 2982 narrastis,
1019 2917 1543 2988 quibeneﬁcientia
1564 2919 1721 2973 fruiti
1751 2920 1914 2986 estis,
1944 2938 2058 2991 quo

419 3013 674 3077 tempore
706 3021 805 3061 vos
851 3004 1077 3076 collegit
1107 3007 1177 3061 ad
1212 3023 1316 3063 nos
1346 3007 1603 3075 veniens,
1639 3012 1695 3062 et
1732 3024 1836 3064 ceu
1872 3009 2060 3080 pullos

422 3095 559 3150 nido
589 3111 886 3164 excussos,
921 3097 976 3150 in
1009 3112 1180 3151 suum
1221 3097 1539 3153 claustrum
1574 3099 1807 3169 recepit.
1842 3099 2061 3155 Deinde

423 3201 649 3241 reversa
676 3184 940 3257 singulos
971 3187 1268 3242 consolata
1297 3191 1405 3256 est,
1438 3189 1507 3243 ad
1534 3188 1735 3243 urbem
1769 3204 1831 3243 se
1861 3188 2062 3244 confe-

2152 587 2267 642 τοῖς
2324 578 2720 658 εὐσεϐεστέροις
2803 588 2911 639 τῶν
2979 585 3277 658 ἀνθρώπων
3347 591 3752 664 μακαριζομένη
3786 611 3800 622 ·

2156 672 2328 734 οὕτως
2370 674 2700 747 προέφθασεν
2754 673 2906 736 αὖθις
2954 675 3528 756 παλινστροφήσαντες
3577 682 3634 733 ἐκ
3684 684 3799 734 τῶν

2157 762 2374 835 Καθαρά
2412 764 2546 834 (10),
2601 764 2689 818 καὶ
2748 765 2883 838 πρὸς
2940 767 3341 836 Θεσσαλονίκην
3403 765 3804 843 ὑπεροριζομέ-

2153 873 2278 912 νους
2316 851 2390 911 είς
2422 855 2741 927 χειμερινὴν
2787 854 2878 908 καὶ
2928 853 3208 929 έσπεραίαν
3251 854 3393 930 ὥραν
3450 857 3500 912 ἐν
3535 863 3804 933 χωριακῷ

2154 939 2520 1014 καταλύματι,
2579 939 2734 1015 φόϐῳ
2792 943 2989 1017 πολλῷ
3054 951 3446 1025 κρυπτοφανῶς
3505 947 3594 1002 καὶ
3644 947 3805 1002 ἀδια-

2154 1032 2410 1106 γνώστως
2470 1033 2777 1101 θεάσασθαι,
2835 1033 2925 1088 καὶ
3014 1041 3296 1114 συντυχεῖν
3357 1036 3491 1109 ἡμὶν
3554 1034 3600 1092 δ’
3660 1035 3802 1107 ὅλης

2157 1118 2350 1198 σχεδὸν
2383 1128 2482 1189 τῆς
2512 1120 2703 1183 νυκτός
2730 1142 2742 1155 ·
2797 1119 3126 1197 διαθεμένων
3181 1127 3341 1198 ἡμῶν
3390 1123 3651 1196 διαθήκας
3679 1128 3805 1198 (ii)

2155 1210 2248 1272 τὰς
2308 1209 2359 1263 ἐν
2420 1211 2601 1287 Κορίῳ
2657 1214 2794 1288 πρὸς
2869 1213 3175 1285 ἀλλήλους,
3250 1214 3343 1270 καὶ
3419 1215 3572 1278 εὐθὺς
3629 1213 3803 1270 ἔωθεν

2167 1300 2380 1370 (ὁποῖον
2417 1302 2484 1368 ἦν
2537 1301 2782 1377 ἀλγεινὸν
2831 1305 2916 1358 καὶ
2978 1303 3211 1359 ἐλεεινόν
3241 1307 3278 1379 ί)
3333 1303 3801 1381 διαζευγνυμένων

2156 1391 2316 1462 ἡμῶν
2368 1391 2456 1444 ἀπ’
2506 1390 2798 1462 ἀλλήλων,
2837 1393 3086 1462 κάκείνης
3126 1395 3217 1448 τὸν
3266 1398 3652 1469 συντακτήριον
3711 1395 3808 1451 λέ-

2155 1499 2246 1554 γον
2279 1480 2565 1550 ποιούσης,
2616 1481 2704 1536 καὶ
2755 1482 2829 1544 ὡς
2881 1481 3058 1553 ἐξόδια
3103 1489 3219 1547 τοῖς
3274 1483 3578 1560 φιλήμασιν
3629 1506 3804 1560 προσ-

2157 1571 2533 1641 επιτιθεμένης
2593 1573 2726 1643 ἡμῖν
2781 1573 2914 1626 κατὰ
2973 1577 3074 1627 πᾶν
3162 1573 3332 1646 μέλος
3389 1578 3485 1629 τοῦ
3543 1575 3804 1647 σώματος

2161 1659 2295 1731 μετά
2341 1658 2634 1732 κλαυθμῶν
2671 1707 2680 1716 .
2717 1663 2862 1738 Ἐγὼ
2914 1663 3034 1736 γὰρ,
3082 1663 3266 1740 φησὶν,
3317 1663 3460 1738 ἄρτι,
3494 1663 3673 1732 τέκνα,
3704 1661 3801 1718 ἳνα

2157 1749 2242 1802 καὶ
2306 1750 2396 1802 τὸν
2456 1749 2787 1805 αὐτὸλεκτον
2843 1751 3009 1820 αὐτῆς
3070 1752 3229 1825 λόγον
3289 1752 3446 1823 εἷ’πω,
3509 1751 3800 1823 ἐξοδιάζειν

2079 1865 2126 1930 Β
2161 1839 2299 1912 ὑμᾶς
2330 1837 2473 1892 δοκῶ
2504 1841 2614 1910 (12)
2645 1860 2657 1871 ·
2691 1836 2857 1909 ἔξεστι
2901 1840 3264 1916 στοχάσασθαι
3308 1847 3424 1904 ταῖς
3467 1841 3757 1919 ἐχέφροσιν
3781 1859 3796 1872 ⁶

2159 1931 2203 1982 εἰ
2233 1930 2333 2004 γὰρ
2368 1927 2451 1983 ἐπὶ
2492 1935 2607 1990 τοῖς
2639 1932 3011 2006 συγκραθεῖσιν
3043 1929 3395 2006 ἀγαπητικῶς
3433 1933 3570 2006 πρὸς
3615 1930 3802 2002 ἀλλή-

2160 2017 2288 2079 λους
2331 2020 2419 2073 καὶ
2471 2016 2831 2092 διισταμένοις
2868 2020 3089 2096 γίνεται,
3139 2023 3274 2076 κατά
3323 2023 3414 2076 τὸν
3471 2025 3638 2098 μέγαν
3668 2028 3802 2076 Θεο-

2160 2105 2320 2183 λὸγον
2357 2109 2682 2183 Γρηγόριον,
2715 2108 2894 2184 ὥσπερ
2950 2112 3062 2174 ἑνὸς
3114 2113 3368 2183 σώματος
3402 2112 3476 2174 εἷς
3524 2109 3618 2166 δύο
3649 2114 3798 2184 τομὴ

2159 2199 2248 2251 καὶ
2295 2197 2615 2276 ἀμφοτέρων
2666 2199 2947 2273 νέκρωσις,
3061 2201 3286 2275 μόσχῶν
3340 2201 3657 2275 συντρόφων
3706 2202 3801 2255 καὶ

2162 2287 2450 2361 ὁμοζύγων
2510 2285 2772 2358 διάζευξις
2816 2294 3021 2364 γοερῶς
3094 2291 3430 2364 μυκωμένων
3479 2291 3560 2345 ἐπ’
3620 2289 3800 2360 ἀλλή-

2163 2377 2281 2438 λοις
2310 2378 2398 2431 καὶ
2432 2376 2492 2432 οὐ
2525 2379 2797 2457 φερόντων
2831 2381 2929 2449 τήν
2961 2377 3327 2453 ἀλλοτρίωσιν
3355 2400 3369 2413 ·
3411 2381 3461 2434 τί
3509 2381 3600 2435 καὶ
3631 2382 3799 2434 πόσον

2162 2467 2249 2521 καὶ
2281 2465 2474 2534 ἡλίκον
2507 2464 2730 2539 δοίημεν
2771 2468 2857 2522 ἐπὶ
2897 2469 2992 2522 τοῦ
3048 2469 3349 2544 παρόντος;
3400 2469 3488 2524 καὶ
3537 2490 3803 2542 κατεκρα-

2161 2560 2360 2628 τοῦμεν
2395 2557 2691 2631 ἀμφότεροι
2725 2552 2983 2633 φοϐοθείᾳ
3011 2566 3111 2626 τῆς
3141 2556 3531 2632 δριμυπαθείας
3556 2602 3569 2613 .
3626 2556 3804 2614 Ἀλλὰ

2163 2650 2325 2700 τοῦτο
2360 2647 2454 2718 μὲν
2487 2643 2552 2715 δὴ
2587 2651 2831 2702 τοιοῦτον
2867 2646 2956 2702 καὶ
3008 2646 3334 2718 τηλικοῦτον
3369 2648 3447 2719 ὂν,
3479 2651 3579 2717 τῆς
3631 2669 3805 2724 μεγα-

2167 2735 2440 2810 λοψυχίας
2472 2736 2639 2804 αὐτῆς
2674 2738 2924 2809 τιμάσθω
2951 2780 2964 2794 .

2239 2829 2294 2880 ι’.
2327 2825 2396 2879 Τὸ
2430 2823 2486 2880 δὲ
2532 2825 2811 2901 ὑμέτερον,
2865 2825 3115 2905 ἀδελφοὶ,
3166 2828 3320 2882 αὐτοὶ
3369 2827 3722 2903 ἐξηγήσασθε,
3756 2827 3805 2881 o't

2165 2915 2254 2970 καὶ
2304 2922 2403 2984 τῆς
2457 2915 2758 2990 εὐεργεσίας
2818 2914 3240 2987 ἀπολαύσαντες,
3301 2919 3376 2978 ὡς
3427 2912 3807 2991 συμϐέϐληκεν

2173 3007 2310 3078 ὑμᾶς
2391 3005 2718 3084 ἐξερχομένη
2797 3007 2931 3081 πρὸς
3003 3009 3168 3079 ἡμᾶς,
3247 3007 3481 3082 καθάπερ
3561 3008 3808 3066 νεοττοὺς

2167 3093 2477 3174 ἐκριφέντας
2507 3095 2565 3150 ἐκ
2615 3095 2829 3165 καλιᾶς,
2875 3095 2949 3157 εἷς
2997 3099 3058 3151 τὸ
3107 3096 3305 3151 οἰκεῖον
3353 3100 3806 3174 φροντιστήριον·

2169 3180 2352 3239 ἔπειτα
2397 3184 2772 3259 ὑποστρέψας-α
2819 3186 3056 3261 καθάπερ
3108 3182 3330 3242 ἕκαστον
3380 3188 3804 3263 παρηγορήσατο

425 3291 597 3344 rens;
630 3275 888 3348 illucque
917 3283 1208 3351 utcunque
1230 3278 2056 3354 intromissa,ingemiscendo,

2172 3276 2306 3348 πρὸς
2358 3276 2423 3328 τὰ
2478 3273 2532 3329 ἐν
2590 3274 2735 3330 ἄστει
2805 3278 3142 3349 πορευομένη
3176 3299 3188 3310 ·
3252 3276 3464 3331 κάκεῖσε
3547 3273 3809 3336 ποδαπῶς

425 3364 664 3430 orando,
697 3369 752 3419 et
785 3367 936 3421 hunc
969 3366 1256 3437 hospitem
1289 3367 1646 3438 excipiendo,
1677 3366 1858 3421 alium
1893 3367 2064 3422 robo-

423 3452 626 3519 rando,
662 3453 843 3510 alium
887 3457 1292 3521 sustentando,
1327 3457 1505 3511 alium
1559 3457 1974 3512 subducenda:
2010 3461 2068 3512 et

422 3556 579 3596 more
623 3542 824 3612 Optimi
860 3545 1141 3600 oeconomi
1173 3553 1224 3600 et
1255 3546 1579 3600 secundum
1641 3549 1819 3600 Deum
1861 3545 2063 3616 praesi-

419 3630 629 3698 dentis,
661 3633 870 3702 partim
901 3633 1085 3702 alens,
1138 3636 1347 3706 partim
1404 3635 1848 3702 administrans,
1908 3635 2065 3690 velut

418 3739 564 3777 nova
603 3722 845 3794 Natalia,
879 3728 934 3781 et
971 3725 1246 3780 Priscilla:
1278 3727 1506 3782 aemula.
1567 3727 1768 3782 Testes
1799 3744 1922 3795 vos,
1963 3726 2062 3782 be-

420 3812 624 3868 neﬁcia
652 3813 891 3885 experti,
923 3815 1024 3886 qui
1063 3824 1116 3870 et
1158 3816 1359 3887 lingua
1396 3817 1838 3872 commoditates
1897 3833 2062 3872 acce-

417 3907 547 3972 ptas
597 3903 847 3960 fatemini
897 3921 962 3960 ac
1021 3905 1529 3962 celebratis.Tunc
1586 3923 1716 3963 vero
1777 3907 2062 3962 mirabilis

418 3991 540 4048 haec
572 3995 788 4049 femina
819 4003 1165 4064 postremam
1199 4012 1425 4068 quoque
1474 3997 1890 4053 beatitudinem
1924 4014 2063 4053 con-

419 4082 579 4154 sequi
612 4081 786 4155 digna
845 4084 975 4152 fuit,
1009 4086 1284 4140 conviciis
1317 4087 1589 4142 nimirum
1643 4104 1676 4142 a
1707 4088 2061 4158 quibusdam

421 4173 642 4238 affecta,
677 4189 927 4244 quorum
981 4175 1218 4230 nomina
1248 4182 1455 4246 sponte
1506 4177 1751 4246 reticeo;
1785 4181 1840 4233 et
1870 4192 2060 4248 perse-

421 4261 714 4316 cutionem
775 4267 1009 4335 prOpter
1062 4263 1352 4334 justitiam
1415 4283 1582 4334 passa
1620 4282 1684 4321 ac
1740 4267 2062 4329 veritatem.

423 4349 730 4421 Responde
762 4356 825 4406 tu
857 4353 1068 4421 mihi,o
1095 4354 1430 4425 Pater,quid
1451 4372 1551 4426 pro
1581 4360 1637 4410 te
1658 4355 1875 4411 carceri
1905 4372 2065 4411 man-

423 4439 609 4509 cipato
646 4441 1076 4510 patientissima
1105 4442 1226 4498 haec
1257 4445 1621 4512 sustinuerit,
1655 4461 1787 4500 cum
1819 4460 2062 4500 accusa-

419 4529 582 4596 reris,
617 4545 748 4585 cum
807 4532 1052 4601 quaestio
1101 4533 1169 4587 de
1220 4538 1276 4588 te
1319 4533 1498 4601 ﬁeret,
1536 4540 1828 4606 postremo
1877 4536 1949 4590 ob
1983 4533 2062 4588 rei

2173 3361 2488 3419 εἰσελθοῦσα
2544 3361 2907 3438 περιέτρυζεν,
2975 3361 3280 3436 ἠντιϐόλει,
3349 3366 3437 3419 τὸν
3497 3365 3591 3437 μὲν
3638 3385 3812 3439 προσ-

2174 3451 2471 3527 δεχομένη,
2504 3454 2593 3508 τὸν
2629 3453 2685 3508 δὲ
2717 3453 3117 3530 ὑπαλείφουσα,
3145 3455 3234 3510 τὸν
3287 3451 3344 3508 δὲ
3376 3452 3679 3530 ἐρείδουσα,
3717 3454 3807 3508 τὸν

2173 3540 2229 3597 δὲ
2266 3543 2641 3619 ὑπεξάγουσα’
2704 3543 2792 3598 καὶ
2843 3541 2933 3606 οὓς
2999 3544 3092 3616 μὲν
3153 3544 3550 3620 τροφευομένη,
3612 3542 3701 3604 οὓς
3755 3540 3813 3596 δὲ

2173 3631 2544 3707 διοικουμένη,
2579 3634 2653 3695 ὡς
2697 3630 2755 3688 ἄν
2804 3655 2886 3693 τις
2936 3630 3151 3706 ἀριστος
3202 3632 3492 3705 οἰκονόμος
3539 3635 3628 3687 καὶ
3676 3635 3812 3688 κατὰ

2173 3723 2300 3778 Θεὸν
2349 3725 2678 3796 προστάτης,
2709 3725 2742 3791 ἡ
2778 3719 2943 3784 ὄντως
2975 3721 3064 3777 νέα
3095 3723 3359 3791 Ναταλια,
3411 3721 3499 3776 καὶ
3553 3721 3812 3797 Πρισκίλ-

2174 3813 2276 3882 λης
2307 3815 2420 3884 (i3)
2465 3811 2784 3884 ὁμόζηλος’
2837 3811 2926 3865 καὶ
2983 3812 3246 3885 μάρτυρες
3300 3811 3480 3885 ὑμεῖς,
3537 3811 3586 3864 οἱ
3620 3809 3675 3864 εὖ
3706 3832 3811 3864 πα-

2174 3903 2374 3971 θόντες,
2417 3901 2505 3955 καὶ
2567 3898 2654 3955 διὰ
2703 3900 2956 3970 γλώσσης
3012 3900 3074 3954 τὸ
3125 3900 3545 3973 εὐσυμπάθητον
3591 3899 3815 3974 φερόμε-

2171 4011 2262 4045 νον
2321 3988 2539 4066 ἔχοντες
2589 3991 2678 4046 καὶ
2725 3989 3172 4063 θαυμαζόμενον,
3237 3990 3472 4059 ’Πξιώθη
3522 3994 3811 4064 τοιγαροῦν

2171 4085 2464 4151 τηνικαῦτα
2516 4083 2550 4149 ἡ
2599 4080 2871 4153 θαυμασία
2920 4079 3010 4134 καὶ
3067 4084 3163 4133 τοῦ
3217 4077 3529 4133 τελευταίου
3583 4099 3815 4151 μακαρι-

2175 4174 2319 4244 σμοῦ
2351 4170 2807 4246 ἐπιτυγχάνουσα,
2859 4167 3231 4242 ὀνειδιζομένη
3281 4167 3383 4221 ὑπό
3413 4188 3597 4236 τινων,
3647 4168 3720 4220 ὧν
3752 4168 3817 4223 τὰ

2178 4257 2417 4334 ὀνόματα
2467 4259 2602 4314 ἑκὼν
2659 4255 3079 4335 ὑπερϐήσομαιο
3132 4258 3221 4312 καὶ
3275 4258 3456 4331 μέντοι
3503 4254 3814 4331 διωκομένη

2171 4347 2345 4405 ἕνεκεν
2392 4348 2734 4420 δικαιοσύνης
2780 4348 2870 4403 καὶ
2920 4345 3179 4418 ἀληθείας
3207 4389 3220 4404 .
3260 4343 3550 4420 Ἀπόκρινέ
3600 4367 3696 4418 μοι
3727 4347 3818 4400 καὶ

2174 4439 2356 4509 αὐτὸς,
2389 4438 2434 4492 ὦ
2495 4438 2689 4513 Πάτερ,
2733 4436 2762 4492 ὅ
2792 4459 2842 4493 τι
2875 4436 2963 4491 καὶ
3022 4437 3221 4506 ὑπέστη
3276 4433 3362 4489 διὰ
3415 4436 3472 4490 σὲ
3518 4456 3819 4514 πεφρουρι-

2177 4529 2376 4602 σμένου
2423 4549 2517 4582 σου
2564 4525 2714 4582 ἕνεκα
2744 4529 2778 4596 ἡ
2811 4523 3145 4592 πολύαθλος,
3201 4525 3250 4578 ἐν
3290 4530 3356 4599 τῇ
3405 4527 3720 4595 συζητήσει,
3765 4523 3818 4579 ἐν

421 4619 757 4674 necessaria:
818 4619 1328 4677 ministrationem.
1362 4624 1463 4678 Dic
1520 4627 1749 4695 tyranni
1809 4623 2056 4694 rapinas,

2173 4623 2240 4692 τῇ
2273 4615 2518 4692 φροντίδι
2550 4620 2656 4672 τῶν
2702 4617 3045 4691 ἀναγκαίων·
3100 4614 3229 4689 λέγε
3275 4615 3373 4683 τήν
3424 4613 3678 4689 ἁρπαγήν
3724 4617 3816 4669 τοῦ

421 4708 630 4776 minas,
662 4707 1137 4765 examinationes.
1169 4709 1369 4766 Nonne
1417 4713 1541 4782 ipsa
1572 4713 1730 4767 socia
1770 4712 1870 4766 tibi
1901 4711 2064 4767 dolo-

419 4811 550 4850 rum
582 4797 822 4868 triginta
852 4796 1056 4854 diebus
1086 4799 1197 4854 fuit
1224 4800 1283 4854 in
1328 4801 1595 4857 custodia
1643 4801 1896 4867 detenta,
1930 4817 2061 4855 cum

423 4889 674 4956 quatuor
704 4902 972 4942 asceseos
1020 4889 1408 4951 consortibus,
1451 4895 1506 4946 et
1538 4891 1776 4962 quidem
1818 4907 1918 4961 per
1948 4905 2064 4945 car-

421 4991 580 5032 ceres
611 4977 942 5032 distributis
964 4975 992 5032 ?
1018 4979 1215 5051 Ibique
1245 4980 1450 5036 omitto
1482 4980 1673 5037 dicere
1699 4988 1918 5052 quanta
1939 4980 2062 5035 fue-

491 5139 750 5211 (10)Post
771 5139 1230 5198 verberationem
1265 5144 1480 5198 missus
1503 5145 1612 5198 fuit
1630 5161 1662 5198 a
1684 5142 2065 5198 Constantino

422 5212 565 5280 imp.
595 5213 758 5266 exsul
815 5213 1292 5270 Thessalonicam
1353 5217 1693 5270 Theodorus
1751 5231 1882 5269 cum
1940 5215 2068 5270 aliis

423 5285 747 5357 monachis,
781 5285 945 5354 cujus
974 5286 1196 5340 itineris
1229 5290 1416 5357 prima
1458 5288 1676 5341 mensio
1709 5285 1943 5340 fuerunt
1975 5287 2072 5340 Ca-

425 5356 606 5428 thara,
639 5362 703 5410 ut
751 5357 999 5424 ipsemet
1028 5356 1260 5428 scripsit
1289 5360 1466 5427 Epist.
1525 5357 1606 5411 lib
1648 5375 1687 5412 Ι.
1722 5357 1774 5409 3.
1804 5357 1932 5412 Loci
1965 5357 2068 5412 Ca-

427 5425 587 5482 thara
619 5429 836 5482 mentio
875 5428 942 5482 ﬁt
970 5425 1277 5484 etiam'lib.
1312 5425 1372 5496 1i,
1414 5429 1588 5500 epist.
1629 5429 1718 5483 12.

497 5500 984 5572 (ii)Theoctistae
1044 5515 1176 5555 cum
1235 5502 1410 5556 fratre
1485 5501 1781 5572 deportato
1834 5503 2066 5556 noctur-

425 5587 569 5698 ρὲω
628 5571 984 5696 colligquium
1030 5573 1434 5644 cognoscimus
1491 5571 1667 5629 etiam
1715 5589 1782 5628 ex
1812 5574 1980 5643 epist.
2013 5574 2069 5628 3.

448 5659 463 5698 ι
512 5686 525 5698 .
560 5658 599 5698 ι.
632 5658 689 5698 n.
797 5663 845 5698 4.

448 5643 525 5698 ib.
560 5658 599 5710 ι,
631 5658 689 5710 p.
723 5644 845 5698 184.

631 5658 872 5790 Exuit:
905 5712 1241 5790 hujusmodi
1262 5720 1764 5790 testamentorum,
1792 5719 2074 5776 habemus

432 5785 754 5859 exemplum
787 5786 943 5858 apud
971 5785 1168 5858 ipsum
1199 5788 1486 5848 Studitam
1516 5791 1689 5850 infra.

2176 4710 2526 4782 κρατοῦντος,
2558 4707 2656 4775 τήν
2698 4705 2954 4775 ἀπειλὴν,
3003 4705 3100 4771 τήν
3133 4703 3369 4758 ἀνέτασιν
3399 4723 3409 4734 ·
3465 4702 3596 4776 οὐχὶ
3645 4703 3809 4769 καύτή

2173 4795 2547 4870 συμπέπονθέν
2592 4817 2698 4862 σοι,
2753 4795 3223 4869 τριακονθήμερον
3276 4793 3497 4867 μείνασα
3540 4812 3815 4871 φρουρου-

2176 4886 2332 4958 μένη,
2367 4886 2468 4940 ὑπὸ
2519 4885 2787 4961 τεττάρων
2839 4889 2944 4940 τῶν
2997 4886 3464 4956 συνασκουμένιυν,
3513 4882 3604 4937 καὶ
3655 4886 3822 4937 ταῦτα

2177 4971 2517 5051 διῃρημένων
2549 4980 2666 5037 ταῖς
2701 4972 2978 5049 εἷ’ρκταῖς;
3020 4973 3178 5030 κάκεῖ
3225 4971 3295 5028 ἐῶ
3343 4971 3517 5049 λέγειν
3566 4971 3666 5028 ὅσα
3715 4971 3821 5027 ὑπὸ

2243 5141 2820 5224 (t3)_l>riscilla.n_ot‘a
2859 5145 2956 5223 est.
2987 5143 3209 5224 eanct.
3243 5142 3429 5224 apost.
3459 5143 3530 5224 et
3555 5155 3621 5224 ea
3654 5137 3817 5224 Pauli

2173 5210 2455 5286 epistolis.
2495 5215 2569 5268 De
2626 5213 2854 5269 Natalia
2886 5213 2994 5286 psic
3050 5212 3335 5286 Baronius
3386 5213 3443 5266 in
3478 5210 3819 5286 Martyrolo-_

2175 5281 2288 5357 gio.
2328 5290 2349 5340 1
2391 5285 2778 5341 Decembriis:
2814 5307 2843 5334 ‹‹
2874 5285 3093 5357 Sancta:
3143 5284 3404 5357 Natalia,
3444 5281 3644 5357 uxoris
3676 5281 3824 5337 beati

2176 5353 2413 5412 Edriani
2444 5359 2713 5428 martyris
2745 5373 2872 5427 quae
2891 5357 2998 5411 sub
3034 5353 3826 5428 Diocletianoimp._SS.mar-

2175 5431 2402 5501 tyribus
2431 5426 2782 5501 Nicomediae
2813 5428 2872 5483 in
2896 5443 3124 5501 carcere
3153 5427 3400 5483 detentis
3441 5426 3628 5481 multo
3674 5432 3827 5501 tem-

2217 5498 2312 5557 Ore
2369 5500 2718 5555 ministravit
2765 5521 2780 5570 ;
2835 5500 3188 5571 impletoque
3238 5514 3428 5554 eorum
3484 5498 3821 5571 certamine,

2220 5572 2736 5643 onstantinopolim
2770 5569 3068 5642 profecta,
3098 5569 3319 5626 ibidem
3368 5571 3427 5625 in
3485 5584 3626 5643 page
3656 5569 3823 5643 quie-

2178 5646 2277 5719 vit.
2313 5667 2334 5694 ι
2381 5639 2604 5700 Videeis
2635 5639 2861 5719 reliqua
2889 5643 2960 5700 de
2997 5639 3064 5700 ea
3094 5643 3444 5700 documenta
3473 5639 3507 5697 ὁ.
3567 5639 3819 5698 Beronio

2178 5717 2377 5775 citata.
