4090 6288
328 374 446 438 897

896 376 1184 440 ORATIO
1226 378 1381 440 XIII.
1430 410 1506 423 -—
1549 377 1944 445 LAUDATIO
1988 380 2384 445 FUNEBRIS
2430 385 2506 449 IN
2551 387 2877 453 MATREM
2924 393 3161 456 SUAM.

3606 405 3724 466 898

324 514 431 565 τῶν
471 508 743 568 δουλίδων
774 516 871 568 τοῦ
902 510 1178 593 φρουρέως
1211 513 1437 584 ὑπέστη,
1468 514 1559 570 καὶ
1600 515 1700 570 ὅσα
1729 513 1935 571 ἐταλαι-

2075 517 2151 574 rit
2180 536 2351 592 passa
2379 540 2413 578 a
2442 527 2700 584 custodis
2757 529 3009 600 ancillis,
3060 537 3277 605 quanta
3344 534 3403 592 in
3446 541 3720 613 angustia

322 604 560 673 πωρήθη
607 605 744 658 κατά
798 604 897 673 τήν
951 610 1050 673 τῆς
1112 608 1256 673 ζωῆς
1315 602 1593 684 ἀφορμὴν,
1649 604 1738 659 καὶ
1798 604 1961 681 ἄρτον

323 687 524 761 ὀδύνης
555 689 807 748 ἐσθίουσα
853 693 939 747 καί
991 692 1143 766 πόμα
1191 689 1429 767 θλίψεως
1476 693 1709 748 πίνουσα
1737 713 1748 726 '
1778 693 1867 749 καὶ
1902 693 1962 747 οὗ

317 783 417 836 τοῦ
473 781 739 854 παρόντος
789 785 982 857 καιροῦ
1028 784 1095 837 τὰ
1141 779 1395 852 τηνικάδε
1444 781 1827 856 τετολμημένα
1873 782 1962 838 καὶ

318 870 657 945 γεγενημένα
709 868 1125 944 διασημαίνειν·
1198 870 1346 926 ἀλλὰ
1402 871 1798 949 συγχωρείσθω
1845 876 1961 933 τοῖς

322 954 661 1033 δεδρακόσιν,
709 961 740 1015 ὅ
770 981 819 1015 τι
868 962 958 1016 καὶ
1014 962 1357 1038 πεπράχασιν
1384 1006 1399 1020 .
1449 960 1593 1017 οὕτω
1640 962 1746 1037 γὰρ
1790 960 1958 1016 εἰπεῖν

319 1047 749 1123 ἁρμοδιώτερον,
811 1050 855 1104 εἰ
911 1049 1003 1106 καὶ
1059 1050 1314 1127 κρίμασιν
1365 1052 1447 1115 οἷς
1492 1052 1888 1127 παρεχώρησεν
1922 1052 1958 1122 ἢ

320 1136 695 1212 ᾠκονόμησεν,
741 1136 829 1195 ’ίνα
875 1138 1209 1216 ἕγκόπτηται
1260 1140 1441 1209 κακία,
1477 1141 1567 1196 καὶ
1620 1143 1695 1214 μὴ
1747 1141 1823 1204 εἷς
1871 1142 1955 1196 νό-

322 1247 426 1300 μον
473 1220 691 1304 ἔρχεται
731 1229 794 1284 τὸ
841 1229 1347 1305 παρανομούμενον,
1398 1232 1526 1293 Θεὸς
1572 1231 1663 1286 τὸν
1713 1228 1958 1307 διωγμὸν

316 1316 678 1373 ἀνεκαλέσατο
704 1337 717 1350 ·
749 1320 838 1373 καὶ
883 1319 987 1394 γὰρ
1034 1319 1374 1395 ἐπανήκομεν
1421 1322 1472 1375 οἱ
1518 1322 1957 1397 ὕπερορισθὲντες

314 1405 408 1460 καὶ
463 1402 957 1482 διασκυρπωθέντες
1016 1408 1090 1470 εἷς
1160 1410 1379 1479 ταυτὸν⁹
1435 1409 1509 1470 ὡς
1569 1406 1702 1479 ἴστε,
1786 1406 1958 1478 δεξιᾶς

312 1493 572 1568 τυχόντες
604 1502 704 1565 τῆς
736 1495 1139 1561 ἐπανελεύσεως
1170 1498 1314 1573 παρὰ
1343 1504 1443 1568 τῆς
1474 1499 1777 1574 κρατούσης
1804 1541 1819 1555 .

391 1588 480 1642 ια’.
534 1584 709 1642 Ἀλλά
737 1587 788 1643 τί
835 1581 911 1642 ἔτι
961 1591 1029 1662 τῇ
1084 1590 1392 1663 θεοτιμήτῳ
1443 1589 1609 1663 μητρὶ
1652 1590 1789 1665 πρὸς
1835 1610 1950 1651 τοις

313 1676 629 1752 εἴρημὲνοις
676 1680 1069 1754 προσθείημεν,
1126 1681 1215 1735 καὶ
1245 1681 1297 1736 τί
1342 1681 1802 1756 προσερεισόμεθα
1855 1682 1952 1755 ἁρ-

315 1767 655 1844 μοδιώτερον
683 1789 698 1839 ;
726 1773 793 1824 Ὦ
824 1766 1067 1843 δακρύων
1103 1770 1310 1846 ὀχειοί,
1352 1770 1470 1825 ὅσοι
1499 1769 1560 1825 ἐκ
1605 1775 1711 1826 τῶν
1744 1769 1950 1842 ἐκείνης

310 1857 613 1935 ὀφθαλμῶν
647 1858 850 1922 ἀενάως
881 1860 1214 1935 προεχέοντο
1247 1858 1336 1915 διὰ
1364 1859 1456 1916 τὸν
1486 1857 1674 1934 ἄνδρα,
1726 1858 1813 1914 διὰ
1844 1864 1951 1915 τῶν

308 1944 522 2003 παίδων
551 1949 643 2003 τὸν
692 1947 1102 2026 σφαλερώτερον
1151 1953 1284 2023 (14),
1317 1947 1406 2004 διὰ
1433 1950 1494 2004 τὸ
1524 1949 1804 2022 ποίμνιον,
1860 1949 1950 2005 διὰ

306 2039 434 2100 τοὺς
475 2038 905 2111 ὀλισθαίνοντας,
959 2037 1049 2095 διὰ
1076 2040 1166 2094 τὸν
1186 2040 1302 2094 καθ’
1330 2036 1552 2095 ἕκαστον
1601 2040 1905 2116 στηριγμόν
1931 2043 1942 2098 l

307 2125 495 2197 ἐπειδὴ
542 2129 617 2190 ὡς
670 2130 854 2204 μήτηρ
901 2132 1239 2203 πνευματικὴ
1296 2130 1357 2184 τὸ
1406 2127 1576 2184 ἐλεεῖν
1622 2130 1768 2207 εἶχεν
1796 2150 1809 2164 ο
1855 2129 1945 2184 κάξ

306 2219 382 2280 ὡς
413 2216 626 2290 ἀδελφή
663 2218 795 2294 ὑπὲρ
837 2216 1084 2299 ἀδελφῶν
1116 2220 1253 2274 κατά
1274 2217 1465 2296 Κύριον
1493 2219 1571 2274 ἀεὶ
1604 2222 1638 2289 ἡ
1662 2218 1944 2294 γωνίζετο,

304 2306 402 2362 κᾶν
479 2307 540 2362 οὐ
614 2309 938 2381 συνῳκίζετο
974 2352 988 2366 .
1046 2315 1115 2365 ’Ὠ
1170 2313 1357 2385 ψυχῆς
1430 2308 1780 2387 οἷκτίρμονος
1855 2310 1944 2365 καὶ

304 2396 611 2470 ἐλεήμονος
661 2395 945 2460 ἐπίδοσιςί
996 2399 1084 2455 καὶ
1143 2398 1187 2454 ὦ
1237 2398 1574 2476 σπλάγχνων
1644 2403 1943 2474 συμπαθῶν

303 2487 544 2556 κένωσις,
614 2488 676 2542 ού
735 2487 1003 2566 φερόντων
1061 2491 1163 2559 τὴν
1240 2494 1345 2545 τῶν
1420 2489 1756 2563 προσιόντων
1838 2489 1944 2545 στέ-

304 2578 506 2632 νωσινί
565 2575 703 2631 ὥστε
771 2578 860 2632 καὶ
921 2576 1127 2633 δέεσθαι
1205 2577 1371 2649 αὐτὴν
1453 2579 1589 2654 ὑπὲρ
1662 2583 1769 2634 τῶν
1824 2577 1941 2634 δεο-

307 2665 500 2739 μένων,
556 2665 646 2722 καὶ
697 2663 1021 2737 δανείζεσθαι
1071 2668 1202 2742 ὑπὲρ
1251 2672 1345 2722 τοῦ
1414 2666 1637 2723 δανείων
1688 2667 1939 2725 ἀπαλλά-

301 2756 425 2828 ξαι·
483 2757 572 2812 καὶ
630 2756 845 2832 χαίρεεν
906 2756 997 2812 καὶ
1051 2757 1244 2826 ἑαυτὴν
1322 2757 1580 2833 πρίασθαι
1638 2758 1769 2833 ὑπὲρ
1839 2765 1939 2829 τῆς

298 2845 490 2919 ἑτέρων
542 2845 996 2921 ἀπολυτρώσεως,
1044 2848 1617 2923 τραπεζοποιουμένην
1664 2845 1730 2902 αὖ
1779 2848 1940 2904 πλει-

298 2934 484 2997 στάκις
541 2936 1029 3012 χριστομιμήτως,
1090 2935 1180 2990 καὶ
1237 2936 1331 2998 τὰς
1390 2938 1683 3010 πενομένοις
1742 2957 1938 3011 συγκα-

295 3024 565 3098 λουμένη,
597 3026 688 3080 καὶ
735 3030 852 3087 ταῖς
901 3023 1061 3086 ἰδίαις
1116 3024 1303 3100 χερσὶν
1354 3027 1748 3100 ὑπηρετοῦσαν,
1797 3024 1939 3082 διότι

244 3111 254 3123 ’
290 3112 431 3187 ἔρως
460 3114 526 3182 ἦν
566 3114 724 3187 αὐτῇ,
755 3115 818 3169 τὸ
864 3121 964 3184 τῆς
999 3113 1382 3191 φιλοπτωχίας
1434 3113 1669 3190 δώρημα
1693 3160 1706 3172 .
1739 3117 1806 3170 ’Ὠ
1851 3118 1935 3171 τί-

293 3200 425 3275 μίου
460 3203 729 3276 στόματος
761 3209 862 3272 τῆς
901 3201 960 3257 ἐκ
990 3203 1149 3258 Θείων
1183 3202 1385 3278 λογίων
1422 3204 1611 3258 ἀενάου
1643 3202 1935 3278 ἐκμελετή-

2074 607 2248 666 fuerit
2277 613 2432 684 quod
2466 615 2670 673 attinet
2701 616 2772 674 ad
2807 619 2925 675 vitae
2970 624 3475 696 sustentationem,
3506 607 3716 700 panem

2073 697 2289 757 doloris
2318 705 2646 775 comedens,
2689 711 2745 763 et
2783 709 3020 766 calicem
3053 712 3262 770 bibens
3292 697 3711 779 tribulationis.

2071 789 2179 843 Sed
2212 805 2328 846 non
2358 799 2450 848 est
2481 793 2653 866 hujus
2684 799 2964 868 temporis
3004 802 3202 858 omnia
3230 821 3354 874 quas
3402 811 3541 863 tunc
3574 825 3721 867 ausa

2071 881 2128 932 et
2166 887 2290 935 acta
2338 881 2568 939 fuerunt
2614 884 2963 957 significare.
2998 891 3374 962 Ignoscamus
3423 895 3712 956 malorum

2068 968 2403 1025 auctoribus
2435 971 2718 1044 quidquid
2750 982 3016 1048 egerunt.
3047 979 3140 1035 Sic
3167 983 3320 1038 enim
3353 984 3542 1043 dicere
3579 1004 3712 1044 con-

2067 1057 2393 1114 venientius
2424 1064 2509 1115 est
2548 1079 2564 1130 ;
2597 1066 3073 1138 quandoquidem
3105 1070 3346 1141 judiciis
3396 1075 3517 1132 suis
3575 1094 3713 1149 per-

2069 1146 2361 1203 missionis
2405 1153 2507 1205 aut
2552 1153 2948 1225 providentiae,
2987 1162 3052 1214 ut
3083 1159 3301 1218 malum
3333 1146 3710 1237 abrumpere-

2070 1238 2181 1302 tur,
2214 1238 2271 1289 et
2299 1252 2371 1291 ne
2395 1235 2482 1293 lex
2506 1237 2665 1295 ﬁeret
2690 1242 2841 1311 quod
2883 1253 3003 1299 erat
3025 1245 3408 1319 illegitimum,
3442 1235 3710 1322 persecu-

2066 1320 2282 1379 tionem
2315 1323 2468 1382 Deus
2500 1328 2757 1386 sedavit:
2809 1348 2942 1387 nam
2974 1336 3031 1388 et
3066 1336 3320 1400 exsules,
3352 1342 3566 1396 reversi
3595 1358 3705 1398 su-

2065 1427 2238 1481 mus;
2270 1419 2326 1470 et
2356 1416 2631 1488 dispersi,
2677 1420 2870 1477 denuo
2913 1425 3327 1497 convenimus;
3361 1428 3608 1503 felicem,
3641 1434 3705 1487 ut

2064 1503 2249 1571 scitis,
2282 1506 2536 1563 reditum
2567 1509 2672 1565 abs
2713 1516 2992 1584 regnante
3020 1513 3265 1572 Domina
3291 1522 3605 1577 consecuti.

2136 1593 2220 1647 11.
2253 1595 2372 1666 Age
2403 1612 2534 1652 vero
2567 1599 2707 1671 quid
2737 1601 2930 1659 adhuc
2952 1607 3285 1663 veneranda
3333 1610 3534 1669 matris
3571 1612 3706 1674 lau-

2062 1680 2235 1738 dibus
2257 1684 2564 1753 addemus,
2590 1697 2687 1743 aut
2709 1690 2848 1761 quid
2873 1694 3310 1754 convenientius
3332 1704 3658 1764 attexemus
3677 1708 3706 1764 ‘2

2059 1773 2104 1825 0
2125 1770 2517 1844 lacrymarum
2541 1777 2730 1846 rivuli,
2751 1785 3041 1853 quotquot
3063 1799 3131 1839 ex
3152 1787 3281 1858 ejus
3298 1789 3483 1848 oculis
3504 1810 3705 1864 peren-

2059 1862 2213 1916 niter
2249 1861 2559 1933 ﬂuxerunt,
2591 1868 2853 1941 {‘proptcr
2906 1871 3116 1941 virum,
3174 1881 3409 1949 propter
3455 1861 3637 1941 unum
3669 1902 3700 1943 e

2060 1950 2195 2006 ﬁliis
2252 1952 2474 2010 lubrico
2533 1957 2717 2029 magis
2774 1960 3114 2031 obnoxium,
3166 1972 3401 2039 propter
3431 1971 3697 2031 Ecclesiae

2056 2056 2312 2113 gregem,
2345 2054 2580 2116 propter
2609 2046 2824 2118 lapsos,
2858 2051 2998 2107 dum
3032 2053 3296 2126 singulos
3325 2057 3577 2118 solidare
3608 2081 3698 2121 co-

2056 2129 2266 2186 natur!
2299 2132 2564 2207 Namque
2595 2141 2659 2192 ut
2698 2139 2980 2207 spiritalis
3011 2149 3217 2215 mater,
3251 2146 3506 2208 clemens
3535 2158 3697 2225 erat;

2056 2224 2121 2275 ut
2155 2238 2337 2284 soror,
2385 2240 2491 2297 pro
2539 2225 2815 2285 fratribus
2863 2231 2921 2285 in
2968 2230 3213 2292 Domino
3244 2253 3549 2312 nunquam
3580 2224 3696 2302 non

2054 2311 2320 2383 sollicita,
2352 2315 2585 2372 etiamsi
2616 2319 3047 2379 contubernalis
3077 2341 3190 2381 non
3223 2311 3397 2385 esset.
3427 2332 3471 2387 0
3502 2335 3699 2392 anima

2054 2401 2467 2460 misericordias
2498 2410 2554 2461 et
2584 2405 2960 2480 eleemosynaa
2983 2428 3215 2485 semper
3247 2421 3479 2488 parata!
3513 2422 3559 2478 Ο
3588 2424 3699 2481 vis-

2053 2504 2252 2547 cerum
2286 2493 2669 2566 benignorum
2702 2499 2883 2556 effusa
2929 2500 3199 2574 charitas,
3242 2524 3368 2579 quas
3400 2512 3692 2570 neminem

2053 2583 2421 2640 accedentem
2454 2587 2741 2657 angustiis
2789 2590 2919 2661 angi
2949 2592 3210 2651 sinebat!
3261 2596 3342 2653 ita
3391 2604 3456 2656 ut
3501 2607 3699 2673 egeret

2050 2669 2178 2742 ipsa
2211 2688 2313 2743 pro
2344 2673 2761 2748 indigentibus,
2815 2694 3111 2739 versuram
3161 2684 3372 2743 faceret
3409 2705 3513 2760 pro
3538 2669 3695 2748 redi-

2050 2761 2279 2818 mendis
2310 2762 2562 2821 aliorum
2591 2769 2861 2837 versuris,
2891 2772 3126 2842 gestiret
3154 2774 3407 2847 denique
3436 2781 3692 2851 pretium

2048 2868 2152 2924 pro
2183 2851 2429 2910 aliorum
2463 2856 2862 2929 redemptione
2912 2862 3252 2934 persolvere,
3294 2870 3693 2939 trapeziticam

2049 2941 2225 2997 etiam
2256 2944 2577 3015 saepissime
2616 2946 2820 3004 Christi
2851 2949 3176 3008 imitatione
3218 2970 3513 3015 exercens.
3548 2959 3697 3018 Pau-

2047 3031 2279 3102 peribus
2321 3049 2549 3107 quoque
2586 3035 2820 3092 feminis
2862 3041 2933 3094 ad
2984 3056 3047 3097 se
3085 3046 3409 3101 convocatis
3438 3052 3693 3120 propriis

2046 3122 2320 3178 manibus
2378 3123 2785 3197 ministrabat;
2837 3145 3093 3202 namque
3136 3131 3197 3188 in
3245 3134 3466 3192 deliciis
3497 3140 3546 3194 ei
3580 3140 3694 3197 fuit
3762 3186 3767 3195 ,

2051 3224 2184 3282 erga
2213 3210 2413 3282 inopes
2447 3214 2777 3287 benignitas
2818 3217 3193 3293 largitasque.
3228 3226 3273 3280 Ο
3302 3230 3690 3286 venerandum

288 3274 453 3361 σεως,
501 3274 591 3347 καὶ
643 3290 1051 3366 ἀπαραλείπτου
1103 3294 1271 3368 μέχρι
1322 3294 1548 3348 θανάτου
1600 3291 1933 3369 διαλειτουρ-

2050 3315 2135 3369 os,
2168 3304 2321 3371 quod
2357 3302 2553 3359 divina
2603 3304 2836 3377 eloquia
2892 3324 3117 3382 semper
3167 3315 3581 3387 meditabatur,
3634 3326 3694 3378 et

287 3384 555 3457 γήσεωςί
606 3385 671 3438 Ὢ
724 3384 920 3457 τιμίων
969 3382 1150 3440 ποδῶν
1200 3384 1659 3463 ἀποσφυρώσεως,
1721 3386 1780 3442 ἐκ
1833 3394 1933 3471 τῆς

287 3475 637 3545 ἐντευκτικῆς
685 3476 821 3551 πρὸς
874 3478 1003 3534 Θεὸν
1048 3475 1334 3533 ἀνενδότου
1384 3479 1596 3549 πήξεώς
1627 3500 1683 3534 τε
1713 3481 1801 3534 καὶ
1831 3502 1936 3536 πα-

287 3565 633 3640 ραστάσεωςί
667 3567 733 3619 Ὢ
765 3566 829 3620 ού
878 3566 1043 3640 μόνον
1094 3567 1401 3642 ἓσπερινῆς,
1454 3565 1598 3623 ἀλλά
1626 3569 1715 3623 καὶ
1747 3570 1932 3645 ὀρθρι-

286 3662 387 3725 νῆς
431 3654 523 3709 καὶ
577 3661 964 3727 μεσονυκτινῆς
1016 3655 1176 3711 ὁσίων
1229 3660 1430 3735 χειρῶν
1478 3658 1613 3732 πρὸς
1663 3659 1790 3713 Θεὸν
1842 3661 1933 3714 ἐπ-

287 3743 499 3819 ἀρσεως
526 3744 616 3801 καὶ
669 3742 980 3816 διανυτικῆς
1028 3750 1136 3802 τῶν
1186 3745 1519 3817 αἶτηθέντων
1568 3748 1928 3819 ἐπιτεύξεωςῑ

284 3832 381 3888 καὶ
439 3832 485 3887 ὥ
546 3838 865 3908 νυκτερινῶν
925 3832 1184 3888 ἐνυπνίων
1247 3832 1669 3914 δῖασαφήσεωςί
1738 3835 1925 3907 ἐπειδὴ

283 3923 425 3995 πρὸς
453 3924 520 3977 τὰ
568 3923 939 3999 παριστάμενα
989 3922 1236 3998 λυπηρὰ,
1289 3922 1560 3986 πολλάκις
1612 3925 1750 4000 αὐτῇ
1797 3926 1926 3989 Θεὸς

284 4014 346 4066 τὸ
381 4010 587 4085 μέλλον
619 4015 1061 4088 προμεμήνυκεν.
1094 4014 1584 4087 παραμυθούμενος
1613 4016 1711 4083 τήν
1764 4015 1926 4071 αὐτοῦ

284 4102 642 4175 θεράπαιναν.
698 4103 767 4157 ’Ώ
810 4109 910 4173 τῆς
960 4107 1056 4158 τοῦ
1088 4101 1223 4157 ὅλου
1278 4103 1530 4178 σώματος
1564 4102 1613 4173 ἓξ
1646 4104 1924 4175 ἀσκήσεως

280 4190 682 4264 παραλύσεωςί
716 4194 805 4246 καί
838 4187 882 4245 ὤ
914 4190 1165 4253 εὐτελοῦς
1214 4193 1304 4247 καὶ
1354 4192 1603 4247 ἂθάλπου
1649 4194 1699 4246 ἐν
1750 4200 1922 4269 καιρῷ

281 4278 481 4354 κρύους
527 4278 824 4345 ἐνδύσεωςί
870 4281 960 4337 καὶ
1002 4278 1045 4336 ὥ
1089 4284 1378 4356 στρωμνῆς
1426 4279 1681 4356 διαξῆροο
1731 4293 1920 4354 στενῆς

274 4390 335 4425 τε
379 4369 469 4423 καί
522 4365 787 4440 κολοϐἧς,
843 4370 933 4426 χιιιὶ
990 4370 1277 4447 ψυχοόσης
1332 4370 1710 4433 ἀνακλίστωςῑ
1745 4368 1788 4427 ὥ
1820 4378 1922 4439 τῆς

277 4458 481 4535 ἂφίλου
536 4459 627 4515 καὶ
684 4457 1051 4516 ἀσυνδυάστου
1108 4482 1243 4535 προς
1290 4466 1460 4516 πᾶσαν
1526 4457 1650 4536 ὄψιν
1701 4462 1923 4540 ἀίρῥενος

275 4549 603 4614 διαθέσεωςί
654 4553 743 4607 καὶ
793 4547 837 4606 ὥ
883 4559 986 4622 τῆς
1032 4551 1294 4626 ἐπιμόνου
1351 4553 1441 4608 καὶ
1491 4553 1786 4627 τεταμένης
1836 4554 1918 4610 αύ-

2044 3386 2453 3447 incessabilem
2502 3410 2691 3466 usque
2732 3399 2801 3450 ad
2837 3404 3080 3456 mortem
3129 3402 3423 3475 liturgiam
3469 3386 3687 3466 obivit!

2044 3477 2089 3533 Ο
2128 3482 2587 3538 venerandorum
2630 3486 2842 3555 pedum
2887 3488 2957 3543 ad
3006 3491 3427 3551 ambulandum
3483 3498 3697 3556 indesi-

2044 3573 2247 3624 nenter
2270 3571 2340 3625 ad
2378 3573 2556 3628 Deum
2590 3574 2840 3632 malleoli
2872 3579 3025 3634 ﬁrmi
3057 3598 3292 3655 semper
3322 3590 3494 3657 atque
3522 3606 3687 3659 para-

2041 3658 2084 3712 ti
2109 3659 2121 3714 ι
2155 3659 2199 3714 0
2231 3677 2344 3715 non
2376 3678 2607 3733 vespere
2629 3668 2859 3722 tantum
2884 3669 2980 3723 sed
3014 3675 3072 3725 et
3094 3688 3263 3728 mane
3293 3679 3349 3729 et
3378 3658 3546 3732 nocte
3566 3695 3679 3736 me-

2040 3746 2133 3803 dia
2163 3754 2495 3806 sanctarum
2530 3768 2808 3810 manuum
2836 3757 2904 3811 ad
2937 3757 3118 3814 Deum
3152 3762 3413 3831 elevatio,
3445 3770 3501 3821 et
3531 3773 3687 3825 certa

2040 3837 2469 3907 postulatorum
2503 3840 2875 3910 impetratio!
2909 3845 2953 3900 0
2986 3852 3399 3907 nocturnorum
3431 3857 3687 3913 somnio-

2038 3942 2168 3981 rum
2200 3928 2573 3985 revelationes
2596 3930 2608 3985 !
2635 3931 2862 3988 Etenim
2895 3935 2966 3989 ob
2998 3937 3439 3998 circumstantes
3472 3944 3687 4001 moles-

2036 4016 2145 4071 tias
2178 4034 2327 4088 ssepe
2393 4020 2542 4075 Deus
2600 4023 2798 4077 futura
2854 4030 3337 4097 pmmonstravit,
3403 4034 3688 4091 famulam

2037 4121 2202 4158 suam
2240 4107 2566 4164 consolans.
2607 4113 2652 4166 Ο
2700 4113 2881 4167 totius
2932 4118 3188 4188 corporis
3246 4119 3319 4175 ob
3371 4123 3685 4180 asceticam

2035 4193 2211 4249 vitam
2247 4196 2575 4266 dissolutio,
2626 4199 2875 4272 vilisque
2921 4207 2976 4257 et
3010 4205 3161 4261 male
3199 4205 3270 4262 ab
3303 4208 3547 4268 hiberno
3575 4213 3685 4268 fri-

2032 4299 2168 4353 gore
2230 4291 2533 4358 protegens
2582 4289 2878 4346 vestislo
2936 4291 3139 4349 lectule
3188 4296 3390 4365 rigide,
3433 4308 3686 4373 anguste

2033 4378 2335 4446 curteque,
2383 4375 2693 4448 frigidique
2741 4379 3111 4437 discubitus!
3167 4384 3210 4439 Ο
3258 4386 3595 4447 indifferens
3625 4397 3684 4449 et

2030 4463 2477 4521 inconciliabilis
2518 4483 2652 4538 erga
2681 4469 2989 4539 cujuslibet
3027 4472 3134 4528 viri
3167 4485 3467 4546 aspectum
3494 4482 3680 4539 animi

2030 4552 2267 4609 habitus
2300 4554 2312 4610 l
2347 4554 2391 4610 Ο
2422 4562 2693 4612 constans
2724 4563 2779 4614 et
2809 4560 2975 4616 enixa
3007 4562 3195 4634 ipsius
3227 4582 3360 4622 cum
3395 4569 3511 4626 Deo
3537 4572 3676 4628 soli-

270 4649 373 4712 τῆς
409 4643 546 4716 πρὸς
576 4644 702 4699 Θεὸν
740 4643 1031 4715 μονώσεως
1056 4685 1069 4697 .
1103 4644 1199 4697 Διὰ
1237 4646 1398 4698 τοῦτο
1445 4643 1544 4719 γὰρ
1594 4643 1682 4698 καὶ
1715 4639 1917 4717 ἀκηδίᾳ

2054 4644 2204 4698 udo!
2240 4646 2428 4710 Quare
2458 4650 2515 4702 et
2561 4662 2691 4701 cum
2725 4648 2913 4704 tristia
2953 4653 3315 4725 conﬂictans,
3352 4674 3536 4730 neque
3566 4678 3674 4719 nos

274 4731 610 4799 παλαίουσα,
641 4731 732 4786 καὶ
768 4733 906 4804 μήτε
949 4733 1096 4805 ἡμᾶς
1130 4734 1258 4807 ὁρᾷν
1311 4727 1514 4809 ἔχουσα
1567 4735 1917 4810 συχνότερον,

275 4821 418 4894 μήτε
469 4819 642 4876 ἄλλον
697 4820 790 4875 τὸν
848 4826 1225 4895 πνευματικῶς
1276 4821 1663 4900 ὑπαλείφοντα,
1714 4827 1916 4893 ἡττᾶτο

268 4908 577 4983 ποιουμένη
608 4908 704 4972 τὰς
742 4929 890 4972 τινας
939 4907 1208 4984 προόδους
1249 4910 1339 4966 καὶ
1369 4909 1709 4986 ἀποδημίας·
1769 4911 1915 4968 ἀλλά

263 4998 363 5054 κᾶν
417 4998 596 5071 τούτῳ
657 4998 748 5053 τὸν
810 4998 1006 5054 κανόνα
1086 4998 1427 5079 φυλάττουσα
1510 4999 1912 5077 ἀπαράλειπτον

263 5084 649 5143 ἀπεδείκνυτο·
699 5085 744 5142 ὤ
791 5087 1077 5168 φιλεργίας
1124 5086 1542 5165 ἀνυπερϐλήτου
1587 5091 1798 5166 νύκτωρ
1853 5112 1911 5148 τε

264 5176 355 5232 καὶ
410 5178 530 5249 μεθ’
558 5172 766 5252 ἡμέραν
819 5174 1205 5241 διακοπώσεως
1235 5181 1246 5236 !
1294 5180 1383 5234 καὶ
1425 5177 1469 5234 ὣ
1500 5178 1782 5237 δακτύλων
1811 5182 1907 5236 τοῦ

259 5265 586 5342 ἓργαστικοῦ
635 5262 1135 5342 ἀποσκληρῶσεως,
1167 5268 1257 5323 καί
1299 5268 1374 5331 εἷς
1410 5271 1617 5346 βύρσης
1664 5269 1904 5346 σκληρό-

257 5378 397 5429 τητα
449 5357 909 5431 μεταποιηθείσης
955 5366 1055 5429 τῆς
1100 5361 1331 5438 φυσικῆς
1379 5359 1768 5433 ἁπαλότητος·
1820 5363 1897 5437 μή

328 5560 444 5647 (llr)
474 5559 749 5647 Intelligit
776 5560 1171 5647 Euthy'miurn,
1206 5577 1378 5647 quenm
1421 5563 1495 5647 ad_
1522 5565 1904 5647 constantiam

253 5631 456 5689 multis
503 5631 690 5689 verbis
747 5632 1059 5688 roborabat
1120 5633 1247 5705 ipse
1302 5633 1642 5692 Theodorus
1700 5637 1800 5694 lib.
1863 5654 1902 5707 ι,

2030 4750 2182 4805 smpe
2213 4736 2468 4805 aspicere
2500 4736 2720 4804 valens,
2766 4754 2955 4811 neque
2993 4740 3173 4798 alium
3208 4745 3304 4814 qui
3339 4748 3678 4817 spiritaliter

2027 4829 2330 4895 recrearet,
2386 4827 2619 4881 maerori
2666 4828 2896 4896 cedens,
2941 4832 3298 4900 egressiones
3356 4836 3578 4910 aliquas
3622 4848 3677 4897 et

2026 4914 2521 4985 peregrinationes
2553 4915 2828 4973 faciebat:
2881 4926 3278 4979 verumtamen
3316 4924 3375 4980 in
3407 4925 3500 4982 bis
3530 4927 3675 4998 ipsis

2024 5002 2340 5058 solemnem
2375 5021 2610 5075 precum
2661 5007 2921 5063 ordinem
2972 5017 3240 5067 accurate
3271 5013 3580 5073 observare
3609 5036 3671 5076 se

2022 5091 2482 5149 demonstrabat.
2536 5094 2581 5149 Ο
2613 5094 2808 5151 diurni
2841 5100 3234 5171 nocturnique
3264 5103 3477 5161 laboris
3508 5123 3672 5164 sum-

2020 5194 2154 5235 mus
2184 5184 2383 5237 amor!
2420 5183 2463 5238 0
2487 5184 2799 5256 digitorum
2831 5203 2899 5242 ex
2933 5204 3103 5261 opere
3125 5191 3386 5261 durities,
3421 5200 3478 5250 et
3501 5201 3671 5253 natu-

2015 5270 2156 5325 ralis
2181 5272 2509 5327 teneritudo
2531 5273 2590 5328 in
2617 5275 2760 5330 corii
2782 5278 3152 5347 asperitatem
3189 5284 3505 5339 conversa!
3530 5288 3671 5356 quia

2016 5358 2281 5416 videlicet
2311 5378 2428 5417 non
2451 5379 2555 5433 pro
2588 5380 2650 5419 se
2671 5368 2918 5434 tantum,
2944 5367 3025 5437 (id
3059 5368 3213 5424 enim
3238 5371 3475 5429 minime
3498 5391 3665 5432 cura-

2015 5564 2241 5643 epist.__t_
2272 5560 2573 5643 εῌᾷνδρίζου
2604 5564 2697 5643 οὖν
2728 5562 2816 5643 καί
2867 5563 3052 5643 αύτός,
3099 5562 3298 5640 ἀδελφὶ
3342 5573 3461 5643 κῦρι
3495 5570 3665 5627 Εδθις-

2017 5651 2143 5707 pte:
2183 5636 2427 5691 Virililer
2453 5652 2553 5708 age
2580 5641 2633 5689 et
2662 5644 2741 5706 tu,
2783 5636 2996 5692 domine
3021 5642 3194 5709 frater
3238 5636 3518 5714 Euthy'mi,
3550 5650 3662 5703 etc.
