4090 6288
384 419 501 481 899

1633 421 1699 481 S.
1744 420 2142 482 THEODOR]
2187 418 2549 482 ΞΤΗΒΙΤΑΞ

3663 428 3784 491 900

380 552 521 623 bat),
557 551 660 607 sed
685 567 788 623 pro
810 549 992 607 totius
1024 549 1138 607 fere
1162 553 1406 609 ceenobii
1439 554 1801 613 indumentis
1830 572 2007 628 opera

2142 552 2226 609 ὅτι
2283 554 2421 629 πρὸς
2478 554 2541 609 τὸ
2608 554 2802 624 ἑαυτὴν
2860 556 3109 632 ἐπαρκεῖν
3169 556 3531 635 ἐργαζομένης
3594 562 3782 634 (τοῦτο

378 642 569 711 batur,
612 644 677 698 ut
705 657 804 697 vos
835 640 1148 698 auditores"
1168 642 1352 700 scitis.

448 921 536 976 12.
573 918 898 992 Singularis
930 920 1148 991 quippe
1194 918 1257 974 in
1288 917 1399 974 hoc
1440 917 1658 973 femina
1688 915 1790 973 fuit
1822 923 2026 989 praeter

374 1015 601 1077 caetera,
653 1009 736 1065 ita
786 1016 844 1065 ut
892 1009 940 1063 si
991 1024 1103 1081 qua
1153 1008 1211 1063 in
1263 1023 1319 1064 re
1368 1005 1714 1079 reprehendi
1749 1011 1812 1061 ut
1851 1007 2021 1063 homo

372 1103 581 1171 potest,
616 1098 753 1154 hinc
783 1115 923 1154 ansa
951 1097 1280 1169 arripiatur,
1314 1101 1487 1168 atque
1509 1113 1576 1152 ex
1604 1096 1829 1168 reliquo
1856 1098 2023 1167 ejus-

372 1189 504 1243 dem
538 1205 675 1261 erga
703 1188 976 1243 virtutem
1026 1188 1283 1254 fervore;
1318 1203 1431 1258 quo
1471 1186 1647 1241 ﬁebat
1679 1187 2021 1258 plerumque

370 1278 684 1335 vehemens
706 1282 762 1333 et
784 1277 963 1334 nimia
982 1293 1121 1348 erga
1150 1276 1335 1332 socias
1366 1291 1625 1331 asceseos
1657 1292 1721 1330 ac
1752 1276 2016 1331 subditas

370 1368 646 1425 exactrix.
684 1367 807 1424 Imo
830 1370 888 1423 et
935 1365 1237 1423 iracundia
1267 1365 1726 1421 succendebatur
1757 1365 1815 1419 in
1849 1366 2012 1421 defe-

370 1457 557 1514 ctibus
589 1457 708 1512 sive
756 1472 1020 1527 operum.
1070 1456 1191 1511 sive
1250 1453 1729 1526 psalmodiarum,
1782 1455 1901 1510 sive
1940 1455 2013 1510 ad

368 1546 557 1604 ofﬁcia
589 1546 951 1603 assiduitatis
978 1561 991 1612 ;
1046 1560 1290 1616 raroque
1322 1544 1380 1599 in
1426 1543 1516 1599 his
1548 1561 1578 1599 a
1607 1543 1877 1616 quapiam
1910 1560 2014 1600 su-

367 1637 694 1707 perabatur,
750 1635 1138 1706 socordesque
1195 1634 1461 1705 urgebat,
1523 1637 1580 1688 et
1621 1632 1804 1703 alapis
1835 1632 2010 1687 etiam

364 1726 818 1797 inobsequentes
850 1724 1136 1795 pulsabat.
1180 1724 1290 1778 Sed
1335 1728 1527 1777 tamen
1560 1723 1643 1777 sic
1675 1722 1846 1777 etiam
1883 1738 2009 1777 ma-

364 1815 454 1887 gis
483 1813 853 1886 diligebatur,
901 1830 1071 1885 quam
1098 1812 1180 1867 illi
1216 1813 1315 1885 qui
1338 1810 1466 1883 plus
1498 1810 1678 1866 nimio
1709 1809 2011 1882 indulgen-

365 1910 451 1960 tes
485 1907 660 1971 sunt;
704 1903 842 1973 quia
898 1920 1013 1958 non
1071 1901 1181 1956 nisi
1228 1902 1368 1956 recti
1419 1900 1665 1971 bonique
1712 1915 1908 1956 amore
1939 1901 2010 1956 iis
2044 1934 2089 1999 Β

367 1995 623 2050 motibus
654 1992 1075 2065 percellebatur
1100 2010 1107 2043 :
1136 1990 1662 2062 alioquinEprorsus
1692 1991 1761 2046 ab
1798 1990 1883 2045 his
1912 1990 2013 2045 ab-

365 2082 628 2153 horrens,
662 2086 718 2138 et
747 2082 985 2138 subesse
1015 2080 1141 2137 aliis
1172 2082 1528 2152 deposcens:
1564 2078 1795 2135 interim
1831 2081 2011 2135 Deum

364 2172 475 2228 sibi
511 2171 943 2228 misericordem
967 2171 1310 2241 implorans,
1334 2172 1486 2225 sicut
1512 2185 1617 2226 nos
1641 2169 1771 2224 aliis
1796 2168 2012 2241 pariter

362 2266 784 2322 condonamus.
833 2266 1054 2337 Reapse
1086 2268 1216 2335 post
1262 2268 1485 2319 Patrem
1520 2262 1866 2334 (Platonem)
1908 2278 2011 2319 cu-

362 2353 549 2409 stodia
578 2353 894 2420 inclusum,
928 2353 1071 2409 adeo
1120 2352 1258 2408 mihi
1292 2353 1364 2408 ob
1415 2368 1583 2408 suam
1615 2350 2012 2407 humilitatem

363 2442 629 2515 subjecta
658 2448 798 2508 erat,
833 2458 1013 2514 seque
1042 2442 1101 2497 in
1124 2441 1469 2513 obsequium
1491 2440 1826 2508 tradiderat,
1860 2439 2012 2512 utiet

364 2531 641 2588 famulam
665 2549 727 2588 se
749 2529 1082 2603 appellaret,
1106 2534 1163 2586 et
1184 2528 1440 2601 indignis
1473 2528 1716 2600 pedibus
1738 2526 1883 2585 meis
1907 2527 2011 2582 ad-

363 2621 706 2691 volveretur,
757 2625 813 2677 et
860 2619 1050 2677 cordis
1096 2635 1308 2675 arcana
1355 2618 1500 2674 mihi
1544 2617 1911 2689 patefaceret,
1955 2619 2011 2671 et

363 2712 692 2768 nullatenus
721 2730 753 2767 a
803 2712 949 2769 meis
997 2710 1346 2783 praescriptis
1395 2710 1740 2766 discederet.
1789 2708 2009 2764 Pudore

363 2800 540 2873 igitur
564 2801 733 2855 miser
755 2816 856 2871 ego
880 2800 1205 2867 suti'undor,
1230 2800 1455 2871 quoties
1491 2801 1693 2870 reputo
1714 2797 2009 2869 quomodo

363 2890 464 2946 illa
498 2906 583 2945 me
630 2889 935 2946 dominum
985 2894 1330 2961 patremque
1380 2886 1726 2957 neminaret,
1769 2891 1826 2942 et
1864 2902 2006 2958 quo-

366 2981 538 3035 modo
589 2995 681 3034 me
731 2978 961 3046 coleret,
1003 2995 1259 3035 amorem
1295 2976 1490 3033 timori
1523 2976 1873 3043 admiscens,
1905 2991 2010 3032 ne-

362 3086 471 3140 que
505 3074 567 3124 ut
598 3073 805 3138 mater,
837 3069 937 3123 sed
973 3073 1037 3123 ut
1074 3069 1193 3123 filia
1233 3083 1454 3122 morem
1486 3070 1729 3137 gereret.

434 3160 518 3213 13.
556 3161 835 3214 Praeterea
867 3157 959 3214 lex
1007 3157 1092 3211 illi
1140 3156 1228 3213 vel
1279 3156 1447 3211 limes
1479 3154 1845 3211 continentia:
1879 3155 2006 3224 fuit,

2134 644 2235 718 γαρ
2294 642 2531 718 μηδενὸς
2592 643 2762 721 λόγου
2805 648 2940 721 πρὸς
2992 648 3202 723 αὐτῆς),
3236 648 3382 705 ἀλλὰ
3431 651 3685 726 καὶπρὸς
3717 651 3781 706 τὸ

2137 730 2267 788 ὅλον
2317 728 2597 788 κοινόϐιον
2631 732 2824 810 σχεδὸν
2875 733 3222 810 ἐνδιδύσκειν,
3264 738 3338 801 ὡς
3388 738 3693 811 ἐπίστασθε,
3727 740 3781 795 οἱ

2133 822 2420 883 ἀκούοντες
2451 825 2565 898 (15)
2589 867 2602 880 .

2206 912 2298 986 ιβ’.
2336 912 2435 967 Καὶ
2467 913 2570 988 γὰρ
2625 914 2744 983 ξένη
2790 935 2871 976 τις
2919 919 3023 969 τῶν
3080 921 3351 991 γυναικῶν
3381 916 3431 972 ἐν
3461 919 3637 991 τούτῳ
3670 917 3781 996 ὤφ-

2130 1002 2195 1070 θη
2244 1002 2379 1073 μετὰ
2427 1006 2534 1056 τῶν
2587 999 2809 1058 ἄλλων·
2866 1002 3003 1059 ὥστε
3049 1005 3140 1060 καὶ
3189 1005 3241 1061 εἷ’
3266 1028 3318 1061 τι
3371 1007 3446 1068 ὡς
3496 1006 3778 1084 ἄνθρωπον

2129 1090 2295 1160 αὐτὴν
2341 1089 2450 1147 ἔστι
2505 1096 2840 1166 μωμεῖσθαι,
2890 1095 3126 1152 ἐντεῦθεν
3170 1096 3263 1158 τὰς
3311 1098 3559 1174 ἀφορμὰς
3604 1119 3774 1174 προσ-

2129 1186 2286 1251 εῖναι,
2351 1180 2442 1236 καὶ
2489 1181 2549 1237 ἐκ
2593 1188 2692 1249 τῆς
2744 1182 2923 1256 ἄλλης
2976 1186 3146 1256 αὐτῆς
3193 1187 3316 1260 περὶ
3363 1188 3429 1242 τὰ
3473 1188 3615 1243 καλά
3660 1190 3778 1263 θερ-

2131 1270 2392 1344 μότητος,
2432 1270 2748 1342 ἐπιτατικὴν
2802 1274 2876 1338 ὡς
2926 1274 2993 1330 τὰ
3023 1274 3208 1331 πολλὰ
3256 1275 3415 1332 οὖσαν
3466 1273 3770 1352 ἀκριϐολο-

2126 1361 2401 1437 γουμένην
2445 1362 2580 1437 πρὸς
2636 1363 2730 1425 τὰς
2783 1364 3209 1439 συνασκουμένας
3256 1366 3629 1441 ὑποχειρίους,
3680 1367 3770 1422 καὶ

2125 1449 2470 1525 θυμουμένην
2532 1444 2671 1507 ἔστιν
2741 1454 2828 1508 ὅτε
2872 1453 2922 1508 ἐν
2975 1459 3094 1516 ταῖς
3144 1453 3449 1529 ἐλλείψεων
3498 1453 3606 1510 εἴτε
3661 1459 3772 1511 τῶν

2122 1536 2318 1614 ἔργων,
2354 1539 2458 1595 εἴτε
2487 1545 2595 1596 τῶν
2628 1540 2994 1617 ψαλμῳδιῶν,
3047 1542 3153 1599 εἶ’τὲ
3198 1549 3304 1600 τῶν
3339 1546 3726 1620 παραστάσεων
3752 1564 3767 1579 ⁶

2122 1630 2195 1693 ὡς
2227 1633 2315 1685 καὶ
2347 1634 2635 1702 νικηθῆναι
2687 1634 2853 1703 αὐτὴν
2907 1634 2968 1689 οὐ
3001 1633 3294 1703 πολλάκις,
3346 1635 3552 1704 ὠθῆσαί
3580 1657 3638 1691 τε
3668 1658 3771 1690 νυ-

3451 1723 3629 1781 Ἀλλά
3676 1724 3767 1780 καὶ

2119 1808 2216 1864 ἅθ’
2251 1808 2426 1872 οὕτως
2458 1812 2578 1886 εἶχε
2606 1811 2668 1865 τὸ
2702 1813 3001 1886 ἀγαπᾶσθαι
3039 1812 3252 1886 μᾶλλον
3306 1816 3436 1890 ὑπὲρ
3463 1815 3583 1878 τεὺς
3638 1813 3763 1869 λίαν

2120 1899 2536 1971 ὁμαλωτάτους,
2572 1897 2660 1954 διὰ
2688 1901 2750 1955 τὸ
2785 1901 2835 1972 ἐξ
2865 1902 3070 1979 ἀγαθοῦ
3102 1902 3270 1972 αὐτὴν
3329 1905 3595 1959 κινεῖσθαι
3627 1905 3766 1977 πρὸς

2119 1992 2305 2059 ταῦτα,
2338 1990 2427 2044 καὶ
2460 1990 2687 2045 πάντοτε
2737 1991 3187 2068 ἀπο-(ιθώσκουσα
3217 1994 3306 2047 καὶ
3347 1997 3580 2063 ζητοῦσα
3631 1995 3763 2048 ὑπο-

2117 2080 2443 2134 τάσσεσθαι·
2503 2079 2593 2135 καὶ
2651 2081 2834 2155 μέντοι
2897 2078 2984 2135 δια
3038 2086 3197 2137 τοῦτο
3246 2084 3340 2136 τὸν
3398 2083 3525 2137 Θεὸν
3575 2081 3761 2138 ileon-

2122 2165 2279 2241 μένη,
2336 2169 2409 2231 ὡς
2464 2171 2627 2243 ἡμεῖς
2710 2168 2861 2225 αὐτοὶ
2914 2171 3008 2232 τὰς
3085 2174 3463 2246 συγχωρήσεις
3541 2170 3765 2233 εἷ’κότως

2118 2257 2454 2332 ἐποιούμεθα
2479 2280 2492 2292 ο
2526 2260 2616 2313 καὶ
2663 2261 2767 2336 γὰρ
2805 2260 2937 2332 μετᾶ
2959 2263 3057 2330 τήν
3108 2262 3374 2335 κάθειρξιν
3420 2267 3516 2317 τοῦ
3550 2264 3761 2338 Πατρὸς

2115 2353 2372 2404 τοσοῦτον
2428 2349 2662 2424 ὑπετάγη
2719 2371 2823 2423 μου
2870 2355 2938 2424 τῇ
2985 2351 3306 2406 ταπεινώσει
3356 2353 3443 2406 καὶ
3497 2350 3759 2407 ἐπιδέδω-

2115 2458 2204 2493 κεν
2238 2438 2313 2498 si:
2347 2438 2615 2508 ὑπακοὴν,
2667 2436 2806 2495 ὥστε
2852 2440 2943 2493 καὶ
2976 2437 3182 2511 δούλην
3237 2442 3428 2510 ἑαυτὴν
3478 2442 3761 2515 ὀνομάζειν

2120 1722 2447 1791 σταζούσας,
2511 1723 2545 1792 ἢ
2605 1723 2694 1776 καὶ
2754 1722 2973 1797 ῥαπίσαι
3020 1722 3396 1794 ἀνηκοούσας.

2115 2527 2344 2584 καὶτῶν
2376 2528 2605 2600 ἀναξίων
2647 2550 2751 2603 μου
2800 2527 2983 2585 ποδῶν
3037 2531 3382 2607 ἐφάπτεσθαι,
3428 2529 3759 2607 ἐξαγορεύειν

2114 2639 2172 2673 τε
2217 2619 2284 2674 τὰ
2328 2621 2539 2694 κρυπτὰ
2582 2627 2682 2690 τῆς
2731 2617 2979 2693 καρδίας,
3028 2620 3117 2675 καὶ
3168 2620 3245 2683 εἰς
3292 2627 3395 2676 πᾶν
3449 2621 3624 2675 ὁτιοῦν
3682 2623 3760 2693 μὴ

2114 2708 2426 2764 ἀντιτείνειν
2479 2713 2587 2764 τῶν
2648 2707 3070 2785 ἐπιταγμάτων.
3132 2708 3328 2772 Αἰδοῦς
3390 2709 3567 2766 τοίνυν
3623 2711 3762 2781 πλη-

2117 2803 2317 2874 ροῦμαι
2365 2797 2535 2876 ἔγωγε
2579 2801 2606 2854 ὁ
2636 2798 2806 2864 τάλας
2857 2801 3042 2862 ὁσάκις
3093 2798 3152 2855 ἄν
3204 2801 3294 2855 καὶ
3343 2798 3761 2874 ἆναλογίσωμαι

2117 2888 2264 2951 ὅπως
2294 2890 2351 2943 τέ
2384 2910 2452 2962 με
2500 2889 2751 2964 ὼνόμπζε
2800 2889 2985 2963 κύριον
3034 2890 3124 2945 καὶ
3181 2890 3417 2965 Πατέρα,
3472 2889 3560 2945 καὶ
3610 2889 3762 2951 ὅπως

2115 2973 2327 3033 ἐσέϐετο
2379 2978 2689 3051 συμμίξασα
2736 2983 2814 3049 τῷ
2848 2973 3003 3053 φόϐῳ
3058 2979 3149 3033 τὸν
3202 2980 3392 3050 πόθον,
3426 2979 3511 3042 καὶ
3546 2980 3656 3055 οὐχ
3684 2980 3760 3041 ὡς

2118 3069 2328 3142 μήτηρ,
2363 3065 2489 3123 ἄλλ’
2520 3068 2592 3121 ὡς
2622 3068 2807 3122 τέκνον
2840 3070 3217 3144 πειθαρχοῦσα
3249 3112 3262 3125 .

2190 3158 2273 3230 ιγ’.
2323 3157 2463 3231 Πρὸς
2522 3160 2687 3211 ταῦτα
2737 3156 3046 3230 ἐγκρατείας
3097 3157 3192 3230 μὲν
3242 3156 3389 3229 ὅρον,
3440 3157 3503 3212 τὸ
3566 3158 3640 3230 μή
3686 3157 3767 3220 εἷς

361 3265 660 3320 nunquam
685 3248 986 3303 comedere
1012 3246 1086 3302 ad
1107 3250 1444 3303 sactetatem
1470 3262 1483 3301 :
1509 3246 1607 3300 sed
1640 3249 1835 3300 tamen
1857 3244 2007 3301 cibo-

2122 3247 2280 3321 κύρον
2307 3250 2495 3325 φαγεῖν
2526 3245 2674 3320 εἶχεν
2703 3265 2716 3277 ·
2750 3247 2848 3314 τὴν
2900 3244 2956 3301 δὲ
2987 3248 3257 3317 ποιότητα
3285 3250 3393 3300 τῶν
3450 3247 3760 3321 βρωμάτων

364 3353 491 3393 rum
526 3336 864 3409 qualitatem
924 3353 1184 3392 coercere
1228 3351 1329 3407 per
1376 3334 1767 3391 obedientiam
1808 3335 1859 3388 ei
1891 3351 2008 3391 non

360 3428 573 3482 licebat
602 3443 616 3493 ;
651 3427 757 3482 etsi
791 3426 850 3481 in
884 3426 989 3482 hoc
1021 3441 1373 3498 magnopere
1403 3425 1786 3496 repugnabat,
1821 3440 2007 3496 neque

362 3515 727 3574 exaudiebat.
779 3515 969 3572 Semel
1037 3516 1235 3588 itaque
1286 3515 1346 3570 in
1392 3515 1487 3570 die
1543 3513 1902 3581 vescebatur,
1953 3519 2010 3570 et

365 3606 603 3679 quidem
662 3607 818 3661 circa
859 3604 997 3662 solis
1035 3620 1309 3661 occasum
1361 3604 1728 3677 plerumque,
1763 3619 2004 3660 sumens

362 3701 595 3752 tenuem
629 3701 686 3752 et
710 3695 1040 3766 simplicem
1071 3695 1200 3751 sine
1230 3694 1358 3750 oleo
1399 3693 1648 3765 vinoque
1678 3693 1895 3749 cibum.
1941 3692 2009 3749 Et

365 3787 646 3860 siquando
670 3786 836 3842 statis
851 3785 1354 3856 diebusjejunium
1378 3784 1706 3851 omittebat;
1729 3799 1843 3839 non
1866 3799 2007 3839 sane

364 3879 437 3935 ad
479 3877 879 3949 repletionem,
931 3877 1032 3932 sed
1082 3892 1287 3946 parum
1337 3875 1478 3947 quid
1519 3874 1795 3948 brevique
1825 3876 2005 3946 degu-

363 3972 546 4035 stans,
603 3970 723 4023 sats
778 3966 829 4022 ei
887 3969 1031 4022 erat.
1092 3964 1397 4036 Religiosae
1451 3980 1582 4021 vero
1649 3964 2006 4036 paupertatis

363 4056 776 4113 demonstratio
807 4060 948 4124 erat,
971 4054 1125 4125 quod
1152 4053 1296 4110 nihil
1326 4054 1564 4110 omnino
1598 4053 1867 4121 habebat,
1891 4071 2004 4110 non

362 4145 665 4214 famulam,
716 4161 831 4200 non
864 4160 1072 4200 aurum
1118 4148 1513 4214 argentumve,
1546 4158 1735 4216 neque
1763 4144 2002 4199 munda-

360 4251 500 4292 num
535 4234 778 4307 aliquid,
812 4235 912 4290 sed
943 4231 1553 4303 vestimentacilicina,
1583 4233 2007 4306 etpaupercula

356 4325 471 4379 duo
493 4326 852 4395 tegumenta.
878 4322 1007 4378 Haec
1028 4321 1232 4378 mortis
1255 4337 1433 4377 causa
1461 4320 1606 4377 mihi
1628 4325 1685 4377 et
1707 4320 1870 4377 fratri
1890 4323 2005 4376 lar-

356 4410 492 4481 gita,
517 4410 741 4466 caateris
761 4409 1072 4481 sepulturas
1093 4409 1418 4479 reservatis,
1441 4411 1524 4465 sic
1546 4410 1705 4465 nuda
1736 4410 2008 4466 substan-

359 4499 457 4555 tiis
488 4502 544 4555 et
576 4500 781 4555 mundi
823 4500 1148 4567 affectibus,
1197 4499 1321 4555 laeta
1372 4504 1645 4570 tanquam
1677 4499 1745 4554 ad
1777 4498 2007 4571 propria

358 4588 738 4659 proﬁciscens
786 4590 959 4644 rebus
1011 4589 1283 4644 humanis
1339 4589 1599 4656 excessit,
1650 4589 1798 4644 bene
1835 4587 2003 4644 nobis

2119 3334 2395 3390 συστεῖλαι
2453 3337 2488 3403 ἡ
2548 3334 2792 3411 ὑποταγὴ
2856 3335 2957 3389 οὐκ
3016 3333 3124 3403 ε’ία,
3178 3334 3369 3409 καίπερ
3442 3334 3761 3410 προσκειμέσ

2116 3447 2214 3494 νην
2245 3424 2328 3480 ἐπὶ
2372 3429 2531 3479 τοῦτο
2584 3421 2855 3502 σφοδρῶς,
2904 3424 2994 3479 καὶ
3042 3427 3118 3497 μὴ
3153 3425 3577 3497 εἷσακουομένην
3604 3469 3617 3481 .
3660 3425 3759 3480 Ἠν

2116 3514 2298 3569 τοίνυν
2332 3519 2720 3587 μονοσιτοῦσα,
2751 3514 2841 3568 καὶ
2873 3513 3008 3588 πρὸς
3042 3511 3190 3568 δύσιν
3229 3518 3329 3569 τοῦ
3378 3513 3543 3584 ἡλίου
3576 3515 3649 3576 ὡς
3694 3515 3761 3568 τᾶ

2118 3603 2324 3674 πολλὰ,
2380 3599 2871 3678 μεταλαμϐάνουσα
2901 3602 3064 3674 λιτήν
3112 3625 3232 3659 τινα
3260 3604 3351 3659 καὶ
3401 3602 3644 3678 σχέδιον,
3677 3605 3765 3657 ἆν-

2120 3693 2302 3750 ἐλαίον
2333 3715 2390 3749 τε
2420 3696 2511 3749 καὶ
2544 3694 2720 3748 ἄοινον
2767 3696 2866 3763 τήν
2909 3695 3118 3771 τροφήν
3142 3710 3155 3723 '
3188 3691 3285 3747 κᾶν
3332 3694 3495 3748 ὁπότε
3526 3689 3583 3746 δὲ
3631 3713 3762 3747 κατ-

2121 3783 2272 3840 έλυεν
2328 3782 2378 3837 ἐν
2438 3788 2557 3844 ταῖς
2616 3781 2943 3858 ὡρισμέναις
2996 3784 3254 3857 ἡμέραις,
3324 3782 3387 3837 οὐ
3432 3782 3568 3836 κατᾶ
3610 3781 3759 3852 πλη-

2121 3874 2355 3946 σμονὴν,
2398 3872 2450 3943 ἐξ
2498 3869 2688 3945 ὀλίγου
2742 3868 2799 3926 δὲ
2843 3871 2934 3926 καὶ
2982 3872 3118 3926 κατὰ
3171 3872 3365 3946 μικρὸν
3408 3866 3763 3943 λαμϐὶνουσα

2119 3962 2376 4037 ἠρκεῖτο·
2440 3961 2825 4034 ἀκτημοσύνης
2898 3957 2956 4015 δέ
3015 3957 3232 4035 δεῖγμα,
3275 3959 3337 4014 τὸ
3391 3957 3559 4033 μηδὲν
3609 3959 3758 4035 ἔχειν

2119 4050 2308 4119 αὐτὴν,
2366 4053 2505 4125 μήτε
2562 4048 2933 4125 θεραπαινίδα,
2987 4052 3127 4123 μήτε
3184 4049 3428 4125 χρυσίον,
3481 4052 3622 4122 μήτε
3669 4050 3759 4123 ἀρ-

2117 4140 2324 4215 γύριον,
2361 4143 2498 4212 μήτε
2527 4162 2580 4195 τι
2621 4144 2719 4195 τοῦ
2768 4138 2963 4201 αἰῶνος
3012 4138 3230 4210 τούτου,
3262 4138 3297 4207 ἢ
3335 4140 3498 4212 μόνον
3530 4138 3596 4194 τὰ
3640 4138 3761 4214 τρί-

2120 4249 2250 4304 χινα
2323 4230 2481 4303 ῥάκια
2537 4228 2569 4284 ἃ
2624 4224 3016 4305 περιϐέϐλητο,
3094 4229 3182 4283 καὶ
3238 4229 3305 4283 τὰ
3374 4226 3468 4282 δύο
3527 4229 3759 4304 πενιχρᾶ

2120 4318 2468 4391 σκεπάσματα
2524 4323 2684 4389 (16).
2746 4317 2963 4392 Ἀμέκει
3022 4317 3193 4372 τοίνυν
3252 4315 3343 4371 ὅτε
3401 4316 3755 4387 ἀπε-τελεύτα,

2116 4406 2242 4481 ἐμοί
2274 4429 2331 4462 τε
2377 4408 2467 4462 καὶ
2515 4411 2594 4480 τῷ
2650 4404 2870 4480 ἀδελφῷ
2922 4404 3245 4480 διανείμασα
3295 4409 3488 4475 ταῦτα,
3544 4407 3636 4461 καὶ
3694 4408 3757 4461 τὸ

2119 4494 2313 4551 λοιπὸν
2369 4496 2445 4560 εἷς
2503 4496 2857 4572 ἐνταφιασμὸν
2914 4490 3141 4571 ἔχοῦσα,
3200 4494 3370 4556 οὕτως
3429 4496 3608 4570 γυμνὴ
3667 4497 3758 4551 καὶ

2115 4592 2234 4647 ταῖς
2274 4585 2428 4648 ὕλαις
2475 4587 2567 4640 καὶ
2613 4590 2731 4648 ταῖς
2780 4589 2876 4640 τοῦ
2926 4585 3136 4658 κόσμου
3178 4583 3590 4656 προσπαθείσις,
3638 4584 3758 4660 χαί-

355 4678 783 4751 salubriterque
842 4683 1093 4749 precata,
1140 4683 1454 4752 praesentes
1512 4694 1741 4752 quoque
1797 4694 2001 4735 omnes

2122 4697 2279 4731 )ουσα
2332 4676 2419 4730 καὶ
2476 4676 2549 4739 ὡς
2602 4677 2736 4751 πρὸς
2786 4674 2851 4731 τὰ
2900 4671 3018 4729 ῗδια
3067 4678 3345 4749 χωροῦσα,
3402 4671 3755 4750 ἀπεδήμησεν

354 4769 545 4825 crucis
575 4769 838 4841 symbolo
868 4769 1149 4840 signans;
1203 4786 1335 4824 nam
1389 4768 1557 4825 multi
1608 4768 1827 4825 inventi
1861 4771 1999 4824 sunt

353 4859 434 4917 ibi
468 4859 688 4930 fratres,
720 4861 846 4935 ejus
877 4858 1101 4916 obitum
1133 4860 1468 4934 spectaturi.

425 5129 508 5185 14.
561 5131 689 5197 Sed,
732 5145 763 5185 ο
794 5127 1124 5184 veneranda
1154 5133 1209 5182 et
1259 5126 1759 5183 desideratissima
1790 5129 1994 5194 mater,

349 5221 416 5277 ad
450 5224 506 5278 te
532 5220 688 5277 enim
722 5233 1044 5276 sermonem
1074 5219 1366 5277 converto,
1407 5215 1592 5271 dulcis
1637 5214 1780 5271 mihi
1822 5233 1912 5273 res
1943 5221 1999 5272 et

420 5407 534 5477 (15)
567 5405 626 5461 Id
661 5403 921 5477 affirmat
960 5397 1297 5454 Theodorus
1341 5395 1510 5453 etiam
1561 5397 1617 5453 in
1650 5398 1894 5469 epistola
1925 5400 1994 5455 ad

351 5472 623 5543 matrem,
655 5475 756 5530 lib.
796 5490 861 5537 ιι,
891 5472 946 5525 6.

419 5550 531 5622 (16)
563 5540 767 5603 Canter
799 5540 1131 5616 praedictam
1178 5540 1463 5597 Theodori
1496 5542 1563 5597 ad
1602 5545 1843 5598 matrem
1880 5541 1993 5615 epi-

349 5623 814 5762 su(“ttign'Auetor
836 5685 1152 5762 chronicis
1177 5701 1492 5762 synopseos
1534 5685 1673 5742 Vitae
1703 5686 1994 5762 Theodori

347 5757 437 5819 in'
465 5757 719 5818 editione
759 5758 1055 5816 Sirmondi
1087 5757 1156 5814 ad
1200 5774 1294 5815 an.
1326 5758 1452 5827 795,
1486 5763 1651 5831 putat
1680 5757 1989 5830 epistolam

2107 4764 2168 4821 ἐκ
2208 4768 2312 4820 τῶν
2362 4762 2592 4829 ἐνθένδε,
2651 4763 3081 4843 ἐπιφθεγξαμένη
3143 4767 3280 4837 ἡμῖν
3346 4764 3607 4837 εὐκτήρια
3667 4766 3755 4819 καὶ

2106 4857 2373 4930 σωτήρια,
2450 4854 2540 4908 καὶ
2615 4852 3088 4931 κατασφραγίσασα
3161 4849 3381 4907 ἕκαστον
3454 4859 3563 4907 τῶν
3622 4874 3757 4927 παρ-

2109 4944 2430 5015 ισταμένων,
2464 4940 2647 5012 ἐπειδὴ
2702 4944 2789 4998 καῖ
2837 4940 3042 4997 πολλοὶ
3075 4947 3183 4997 τῶν
3233 4939 3480 5021 ἀδελφῶν
3532 4941 3754 5016 εὑρέθη-

2106 5055 2199 5088 σαν
2232 5034 2495 5106 θεώμενοι
2525 5035 2625 5102 τὴν
2658 5032 2916 5106 κοίμησιν
2949 5036 3061 5105 (17)
3090 5075 3101 5086 .

2558 5124 2585 5140 τ

2179 5121 2267 5179 ιδ’.
2329 5123 2490 5178 ²Αλλ’
2548 5124 2592 5176 ὦ
2655 5129 2823 5195 μῆτερ
2886 5117 3150 5195 σεϐασμία
3231 5121 3319 5176 καὶ
3395 5119 3752 5193 πολυπόθητε

2102 5214 2260 5288 (πρὸς
2293 5214 2349 5268 σὲ
2379 5213 2482 5288 γάρ
2514 5212 2629 5285 εἰμι
2689 5211 3162 5288 ἐπιστρεφόμενος,
3196 5211 3256 5265 τὸ
3287 5210 3461 5286 γλυκύ
3518 5232 3612 5285 μοι
3662 5212 3752 5266 καὶ

2104 5402 2178 5457 ad
2209 5408 2452 5457 matrem
2502 5401 2774 5472 scriptam
2829 5399 3006 5455 fuisse
3048 5403 3190 5472 ante
3238 5414 3405 5472 suam
3442 5396 3755 5472 profectio:

2104 5489 2235 5529 nem
2270 5474 2329 5528 in
2362 5468 2638 5528 exsilium
2674 5471 2748 5527 ad
2792 5472 2994 5527 urbem
3044 5468 3521 5526 Thessalonicam
3550 5487 3564 5534 ;
3600 5469 3752 5539 quod

2104 5546 2153 5604 si
2187 5545 2267 5600 ita
2295 5561 2357 5601 se
2386 5544 2642 5608 haberet,
2673 5542 3007 5599 Theoctista
3037 5558 3268 5613 quoque
3300 5557 3399 5611 per
3428 5541 3485 5595 id
3516 5546 3754 5667 terplpus

2104 5616 2343 5667 obiisset
2372 5636 2386 5667 ι
2443 5616 2596 5667 auod
2654 5633 2688 5667 a
2744 5616 2982 5667 veritate
3037 5612 3201 5667 plane
3258 5612 3551 5667 abhorret.
3658 5628 3753 5667 am

2104 5616 2387 5682 obiisset;
2443 5616 2596 5687 quod
2654 5616 2982 5687 apveritate
3035 5612 3213 5687 plane
3258 5612 3551 5687 abhorret.
3604 5612 3753 5667 Nam

2103 5688 2430 5746 Theoctista
2457 5684 2653 5743 oomes
2685 5686 2844 5742 illius
2878 5685 3103 5743 itineris
3134 5684 3254 5740 tilio
3295 5684 3419 5740 fuit.
