4090 6288
277 470 392 532 901

837 469 1130 532 ORATIO
1174 472 1342 533 XIII.
1389 504 1463 516 —
1505 471 1898 537 LAUDATIO
1944 471 2328 536 FUNEBRIS
2375 469 2462 531 IN
2508 469 2838 532 MATREM
2885 471 3134 533 SUAM.

3565 469 3682 531 902

281 599 513 677 πρᾶγμα
570 602 660 658 καὶ
713 599 906 678 ὄνομα,
943 604 1004 658 τὸ
1062 605 1304 675 ποθητόν
1367 624 1458 678 μοι
1517 604 1605 660 καὶ
1673 603 1930 681 ἐράσμιον

2045 622 2276 674 nomen,
2303 604 2704 662 desiderabilis
2725 604 3112 677 amabilisque
3134 608 3477 676 conspectus
3503 609 3685 663 mater

282 692 632 768 θεώρημα,ἡ
682 691 1073 767 μητρότεκνος,
1129 692 1342 766 μᾶλλον
1383 692 1439 748 δὲ
1487 691 1770 757 διτοτόκος
1825 716 1928 768 μου

284 779 575 858 διμήτηρ),
623 786 730 836 ποῦ
779 803 910 838 ποτε
961 785 1108 855 ἡμᾶς
1156 780 1532 846 ἀπολέλοιπας
1585 803 1598 853 ;
1644 789 1750 838 ποῦ
1799 805 1930 840 ποτε

287 872 799 946 μετακεχώρηκας;
844 878 919 940 πῆ
972 870 1028 926 δέ
1079 873 1460 946 μεθωρίσθηςς
1517 879 1592 943 πῆ
1639 871 1695 928 δὲ
1742 875 1830 928 καὶ
1875 873 1926 930 ἐν

282 962 466 1022 ποίοις
494 961 682 1022 τόποις
731 959 1030 1036 ὲναυλίζῃ;
1082 960 1132 1016 ἐν
1185 961 1366 1023 ποίαις
1410 959 1668 1017 έπαύλεσι
1718 983 1929 1038 συγχω-

283 1051 538 1121 ριάζεις;
607 1049 881 1118 ὁπηλίκας
936 1050 1325 1120 κατοπτεύεις;
1381 1051 1477 1108 Τὸν
1530 1051 1632 1127 γὰρ
1690 1052 1931 1128 ἄρχοντα

282 1144 380 1195 τοῦ
403 1140 559 1215 ἀέρος
582 1141 783 1194 τούτου
817 1140 873 1193 εὗ
909 1137 1034 1194 οέὸα
1074 1140 1135 1195 ἐκ
1161 1145 1268 1195 τῶν
1299 1140 1510 1217 ἀγαθῶν
1545 1163 1640 1198 σου
1687 1143 1929 1218 πράξεων

288 1230 741 1306 ὑπερνικήσασαν,
775 1227 944 1284 ἐκεῖσε
997 1229 1132 1284 εἶναι
1182 1226 1303 1286 ἔνθα
1353 1229 1556 1306 ἀπέδρα
1613 1229 1777 1301 ὀδύνη
1840 1231 1934 1287 λύ-

283 1342 361 1389 πη
412 1319 501 1374 καὶ
549 1319 867 1394 στεναγμὸς,
938 1316 1063 1373 ἔνθα
1108 1323 1216 1374 τῶν
1280 1320 1448 1394 ἁγίων
1515 1321 1730 1376 πάντων
1790 1306 1930 1377 ἐστὶν

285 1409 722 1487 εὐφραινομένων
777 1411 811 1478 ἡ
871 1409 1138 1483 κάτοικία,
1196 1409 1318 1466 ἔνθα
1378 1415 1522 1491 ἦχος
1593 1414 1681 1468 καὶ
1761 1415 1929 1488 χορὸς

284 1502 651 1575 ἑορταζόντων
697 1500 790 1556 καὶ
831 1499 1286 1578 ἀγαλλιῶμένων,
1337 1498 1463 1558 ἔτθα
1508 1504 1598 1559 καὶ
1651 1504 1700 1559 οἱ
1759 1506 1932 1560 κοινοὶ

285 1591 450 1662 ἡμῶν
496 1586 724 1665 ἀδελφοὶ
785 1589 878 1652 οὕς
930 1592 1019 1644 καὶ
1079 1590 1349 1662 ἐπόθησας
1405 1593 1494 1646 καὶ
1553 1600 1933 1669 συγκοινωνεῑν

284 1679 408 1753 ἥρω
441 1699 453 1712 ·
499 1677 620 1753 ἄρτι
680 1680 783 1754 γὰρ
843 1680 910 1735 τὰ
968 1677 1242 1754 ἰδιώματα
1296 1689 1396 1751 τῆς
1437 1683 1634 1758 σαρκὸς
1691 1683 1932 1759 παρόντα

283 1765 546 1844 διάφοράν
596 1773 876 1823 ποιοῦνται
923 1776 1023 1839 τῆς
1076 1764 1437 1835 συτϐιώσεως.
1479 1774 1567 1841 Μὴ
1624 1774 1698 1847 μὴ
1735 1770 1930 1828 ἒπιλά-

282 1858 350 1931 θῃ
391 1859 550 1929 ἡμῶν
579 1863 686 1912 τῶν
717 1861 820 1913 σῶν
857 1856 1168 1932 ἐλαχίστων
1194 1860 1391 1914 τέκνων
1420 1879 1431 1890 ·
1472 1862 1569 1933 μὴ,
1602 1861 1927 1936 παρακαλῶ’

286 1947 388 2020 μὴ,
422 1941 720 2015 ἀντιϐολῶ,
756 1949 830 2019 μή
873 1945 1110 2021 ἐπιλήσῃ
1143 1953 1244 2002 τοῦ
1287 1949 1543 2022 ποιμνίου
1578 1972 1671 2006 σου
1702 1956 1797 2006 τοῦ
1849 1975 1929 2026 μι-

283 2039 418 2110 κροῦ
446 2056 506 2090 τε
551 2036 638 2090 καὶ
697 2041 794 2090 τοῦ
841 2033 1086 2110 μεγάλου
1131 2057 1143 2070 ·
1189 2035 1336 2092 ἀλλά
1375 2039 1678 2114 παρῥησίας
1726 2047 1926 2116 τυχοῦ-

290 2145 379 2196 σα,
436 2124 674 2180 πιστεύω
724 2123 768 2180 δ⁷
837 2123 919 2180 ὅτι
977 2125 1068 2181 καὶ
1140 2124 1561 2201 ἐπιτετύχηκας,
1622 2132 1778 2200 στῆθι
1844 2133 1932 2186 καὶ

287 2211 441 2268 ἰλεοῦ
489 2215 577 2269 καὶ
628 2213 912 2288 έξιλάσκου
959 2215 1268 2290 προσεύχου
1324 2218 1412 2271 καὶ
1472 2218 1774 2298 ὑπερεύχου
1844 2222 1930 2276 καὶ

293 2304 513 2378 μᾶλλον
565 2301 683 2379 ἄρτι
748 2304 1150 2380 ὲκτενεστέρως,
1195 2303 1616 2383 παιδαειαωγοῦσα
1661 2309 1751 2364 καὶ
1811 2331 1936 2381 στη-

295 2395 520 2468 ρίζουσα
550 2394 638 2448 καὶ
698 2397 1011 2473 φρουροῦσά
1051 2415 1117 2468 με
1168 2397 1258 2450 τὸν
1305 2393 1542 2452 δείλαιον
1598 2397 1703 2453 ἀπὸ
1761 2395 1933 2477 φόϐου

293 2485 692 2558 ἁμαρτητικοῦ,
739 2481 844 2537 ἀπὸ
909 2482 1102 2558 βέλους
1151 2483 1452 2558 πετομένου
1519 2487 1770 2561 ἀνομίας,
1829 2490 1934 2544 ἀπὸ

280 2573 459 2641 πάσης
490 2570 666 2642 ἄλλης
720 2569 976 2646 ἐπηρείας
1028 2570 1351 2647 δαιμονικῆς
1385 2593 1396 2605 ·
1451 2577 1815 2648 ποιμαίνουσα
1843 2579 1933 2634 καὶ

293 2660 794 2734 συμποιμαίνουσα,
842 2661 1105 2717 νύσσουσα
1152 2664 1239 2718 καὶ
1291 2669 1935 2740 προσυπομιμνῆσκουσα

285 2749 377 2804 3ιά
420 2753 661 2825 ψυχικῆς
712 2749 992 2824 ἐντεύξεως
1024 2771 1036 2784 °
1081 2753 1513 2827 έπισκεπτομένη
1543 2777 1602 2810 τε
1638 2756 1728 2811 καὶ
1778 2757 1935 2815 ἐπαν-

289 2842 593 2914 ορθουμένη
656 2842 927 2913 ἑκάστοτε,
997 2843 1084 2897 καὶ
1145 2846 1390 2917 θεωμένη
1453 2851 1571 2908 πῶς
1621 2847 1932 2923 ἀνισταμαι,

288 2935 406 2991 πῶς
446 2932 738 3004 κεκίνημαι
785 2935 939 3006 ψυχῇ
994 2952 1053 2987 τε
1101 2933 1190 2986 καὶ
1243 2934 1479 3008 σώματι,
1532 2934 1624 2990 ’ίνα
1694 2941 1935 3013 παντοίῳ

277 3017 428 3095 λόγῳ
469 3021 846 3094 ῥυθμούμενος
895 3021 984 3076 καί
1032 3024 1515 3096 καταρτιζόμενος,
1557 3029 1692 3082 κατὰ
1732 3029 1933 3084 σκοπόν

271 3131 330 3164 τε
376 3109 578 3184 βαίνων
615 3117 713 3180 τῆς
769 3113 1048 3182 ἀληθείας,
1100 3113 1286 3189 φθάσω
1328 3114 1636 3190 εὐαρεστεῖν
1680 3124 1796 3189 Θεῷ
1847 3119 1934 3174 διὰ

271 3206 375 3269 τῆς
410 3200 618 3274 ἀγαθῆς
650 3201 994 3276 ἀφηγήσεως,
1027 3203 1115 3256 καὶ
1139 3201 1303 3277 τύχω
1347 3205 1482 3276 μετά
1511 3207 1602 3260 υὸν
1643 3207 1774 3281 τῇδε
1817 3210 1932 3284 βίον

279 3289 376 3344 σὺν
408 3296 525 3352 τοῖς
556 3289 843 3364 ἑπομένοις
881 3313 977 3363 μοι
1012 3293 1114 3346 ὕπὸ
1161 3293 1259 3362 τήν
1291 3296 1492 3363 σκέπην
1528 3317 1622 3351 σου
1655 3301 1813 3371 εἶναι,
1845 3300 1934 3354 καὶ

2043 697 2220 753 simul
2253 700 2309 752 et
2339 696 2481 761 filia,
2515 712 2642 767 quae
2687 696 2777 751 bis
2803 711 2896 751 me
2927 696 3222 768 peperisti,
3278 697 3368 752 bis
3413 697 3682 768 genitrix,

2041 786 2279 842 ubinam
2307 801 2415 841 nos
2440 784 2728 855 reliquisti
2758 785 2785 838 ?
2815 801 3070 856 quonam
3103 789 3159 840 te
3190 784 3450 857 migrasti
3481 785 3508 841 ?
3539 801 3683 856 quos

2041 876 2100 930 in
2127 877 2273 931 fines
2303 873 2592 930 translata
2618 889 2685 941 es
2716 873 2743 928 ?
2773 891 2970 946 quaeve
3020 875 3144 930 loca
3199 891 3354 929 nunc
3396 875 3626 930 habitas
3656 875 3684 930 ?

2041 967 2252 1038 quibus
2294 966 2352 1021 in
2398 965 2634 1021 sedibus
2665 965 3021 1021 diversaris?
3050 965 3246 1036 quales
3285 982 3439 1021 nunc
3476 971 3679 1022 contu-

2043 1056 2307 1113 bernales
2328 1059 2552 1126 spectas
2573 1055 2602 1108 ‘2
2630 1055 2773 1109 Nam
2799 1054 3116 1126 principem
3141 1055 3372 1127 quidem
3397 1057 3546 1112 aeris
3569 1055 3678 1111 hu-

2033 1147 2135 1217 jus
2157 1153 2311 1200 certo
2345 1145 2463 1199 scio
2497 1148 2551 1198 te
2581 1143 2747 1198 bonis
2777 1143 2897 1198 tuis
2927 1143 3200 1215 operibus
3230 1145 3533 1214 devicisse,
3567 1145 3680 1200 ibi-

2040 1251 2154 1307 que
2177 1241 2227 1288 te
2258 1249 2384 1290 esse
2416 1234 2568 1288 unde
2598 1232 2762 1289 dolor
2795 1242 2848 1288 et
2879 1249 3092 1288 maeror
3149 1237 3206 1288 et
3261 1233 3450 1289 luctus
3508 1250 3679 1290 exsu-

2037 1323 2164 1380 lant
2195 1339 2208 1378 :
2244 1323 2340 1378 ubi
2372 1328 2706 1378 sanctorum
2739 1321 3001 1377 omnium
3027 1322 3317 1378 incolatus
3346 1326 3435 1378 est
3490 1322 3680 1378 beato-

2041 1429 2206 1469 rum:
2242 1412 2340 1467 ubi
2373 1412 2651 1484 strepitus
2683 1410 3007 1483 chorusque
3037 1412 3549 1468 solemnizantium
3590 1417 3680 1468 at-

2041 1515 2155 1574 que
2189 1499 2512 1556 laetantium
2535 1504 2624 1555 est
2656 1516 2668 1554 :
2712 1499 2811 1554 ubi
2843 1499 3031 1555 nostri
3081 1515 3421 1556 communes
3469 1501 3680 1556 fratres

2039 1607 2184 1661 quos
2216 1598 2269 1644 et
2299 1589 2508 1644 amasti
2545 1594 2600 1644 et
2629 1593 2924 1644 consortes
2947 1589 3158 1645 habere
3178 1589 3487 1661 exaptasti.
3514 1589 3681 1645 Nunc

2037 1679 2192 1736 enim
2225 1683 2535 1750 praesentes
2565 1678 2755 1733 adhuc
2787 1679 2980 1734 carnis
3036 1680 3417 1750 proprietates
3475 1678 3682 1734 discri-

2041 1786 2170 1825 men
2197 1768 2496 1824 convictus
2526 1767 2804 1823 efﬁciunt.
2838 1767 3038 1839 Neque
3072 1768 3184 1824 mei
3220 1767 3584 1824 obliviscaris
3621 1769 3682 1822 ﬁ-

2039 1859 2249 1914 liorum
2283 1861 2515 1913 tuorum
2536 1856 2790 1912 minimi:
2817 1873 2908 1922 ne,
2934 1858 3196 1928 inquam,
3224 1874 3322 1913 oro
3348 1873 3682 1930 quaesoque,

2043 1948 2244 2020 pusilli
2273 1946 2463 2018 gregis
2493 1949 2577 2001 tui
2611 1962 2805 2002 curam
2839 1947 3078 2003 omittas
3095 1963 3283 2018 neque
3313 1946 3535 2018 magni.
3571 1947 3680 2002 Sed

2044 2038 2413 2094 securitatem
2462 2035 2671 2106 adepta
2721 2037 2889 2091 credo
2957 2036 3114 2092 enim
3169 2041 3224 2091 te
3282 2025 3381 2092 illa
3439 2036 3681 2108 potitam

2045 2130 2241 2183 adesto
2277 2125 2537 2198 indulge,
2610 2127 2940 2197 propitiare.
3018 2125 3130 2181 Ora
3188 2129 3244 2181 et
3303 2141 3473 2181 exora
3529 2141 3683 2183 nunc

2045 2217 2297 2272 maxime
2317 2215 2573 2284 enixius;
2602 2216 2806 2286 dirige,
2831 2216 3020 2282 firma,
3037 2215 3264 2270 custodi
3289 2232 3381 2271 me
3403 2215 3682 2271 miserum

2043 2323 2077 2361 a
2108 2305 2383 2378 peccandi
2416 2303 2698 2376 periculo,
2733 2320 2764 2358 a
2794 2303 2907 2359 telo
2939 2305 3170 2361 volante
3229 2305 3574 2376 iniquitatis,
3612 2305 3682 2361 ab

2045 2399 2203 2454 omni
2244 2396 2469 2468 reliquo
2490 2395 2708 2451 diaboli
2739 2401 3113 2452 nocumento.
3147 2396 3324 2452 Pasce
3356 2413 3467 2466 me,
3523 2413 3680 2453 com-

2044 2502 2235 2559 pasce,
2269 2501 2429 2557 urge,
2464 2501 2790 2551 commone,
2842 2485 3083 2557 spiritali
3138 2486 3441 2558 praesentia
3491 2486 3683 2554 visita,

2045 2575 2268 2647 corrige
2295 2573 2354 2630 in
2377 2573 2647 2645 singulis.
2701 2578 2875 2645 atque
2933 2574 3176 2630 observa
3223 2574 3513 2646 quomodo
3555 2592 3685 2631 sur-

2045 2680 2202 2735 gam,
2243 2663 2535 2733 quomodo
2559 2664 2789 2730 cubem,
2821 2665 3103 2733 quomodo
3117 2679 3356 2735 corpore
3375 2663 3686 2737 animoque

2043 2769 2412 2812 commovear
2446 2769 2460 2806 :
2494 2758 2560 2808 ut
2584 2752 2938 2808 omnimodis
2979 2755 3234 2809 directus
3278 2758 3334 2808 et
3372 2755 3682 2825 perfectus,

2044 2860 2114 2901 ex
2145 2859 2350 2899 norma
2373 2841 2637 2898 veritatis
2667 2843 2962 2912 incedens,
2995 2842 3111 2898 Deo
3141 2842 3368 2915 placere
3388 2843 3538 2900 bono
3559 2845 3684 2899 vitae

2047 2937 2276 2990 tramite
2307 2946 2512 3002 queam
2533 2947 2545 2986 :
2565 2935 2620 2985 et
2652 2931 2943 3003 postbanc
2958 2932 3133 2988 vitam
3158 2933 3460 3003 impetrem
3479 2937 3682 2989 utcum

2046 3020 2282 3079 asseclis
2360 3019 2474 3075 mei
2523 3021 2633 3076 sub
2685 3028 2780 3075 tuo
2831 3020 3147 3091 patrocinio
3198 3021 3360 3086 ﬁam,
3418 3027 3471 3076 et
3528 3020 3685 3078 ﬁlius

2047 3112 2326 3169 minimus
2348 3115 2541 3167 tecum
2575 3112 2788 3167 sortiar
2819 3112 2877 3167 in
2909 3113 3142 3168 dextera
3173 3112 3384 3167 Christi
3411 3113 3511 3168 Dei
3556 3129 3686 3168 nos-

2044 3204 2117 3260 tri
2149 3202 2485 3259 consistere.
2521 3201 2650 3256 Hszc
2683 3219 2795 3271 me,
2822 3219 2853 3258 ο
2887 3201 3016 3269 filii,
3071 3202 3266 3274 eloqui
3305 3202 3512 3257 veritas
3560 3217 3684 3256 coe-

2046 3293 2148 3365 git,
2180 3291 2468 3346 vobismet
2489 3289 2704 3346 scilicet
2727 3291 2866 3347 talia
2887 3291 3100 3346 cursim
3133 3307 3398 3362 perorare
3458 3306 3550 3346 me
3586 3291 3682 3361 ju-

275 3385 687 3454 συμμετασχεῖν
735 3401 830 3435 σου
880 3381 953 3443 ὡς
1006 3383 1184 3436 τέκνον
1237 3381 1528 3460 ἐλάχιστον
1585 3393 1682 3456 τῆς
1727 3388 1788 3444 ἐκ
1845 3388 1930 3445 δε·
1967 3375 2008 3441 C
2047 3383 2340 3440 bentibus.

277 3471 407 3538 ξιῶν
508 3472 741 3543 Χριστοῦ
819 3475 914 3526 τοῦ
991 3473 1150 3544 ἡμῶν
1227 3477 1628 3546 παραστάσεως.

277 3559 369 3614 καὶ
408 3557 560 3632 ὑμῖν,
592 3560 739 3635 παρά
779 3560 955 3634 ῥεῦσιν
987 3562 1296 3617 τὰτοιαῦτα
1325 3562 1655 3622 κελεύουσιν.

1724 3483 1900 3534 Ταῦτα

1997 3498 2083 3552 με,
2175 3471 2354 3538 τέκνα,

2448 3467 2744 3541 ἠνάγκασεν
2847 3471 2881 3538 ἡ
2986 3467 3220 3540 ἀλήθεια
3323 3465 3681 3545 διηγήσασθαι
