4090 6288
393 340 512 402 903

1641 334 1704 393 S.
1747 332 2143 393 THEODORI
2189 324 2333 393 STU
2347 332 2549 394 DITIE

3672 341 3793 400 904

1542 653 2631 832 EPISTOL/E.

1804 898 2114 970 (SIRMOND.
2138 915 2195 970 p.
2239 897 2393 971 177.)

1323 1109 1451 1166 ΤΟΥ
1489 1111 1686 1163 ΟΣΙΟΥ
1728 1107 1994 1162 ΠΑΤΡΟΣ
2032 1110 2231 1163 ΗΜΩΝ
2271 1107 2387 1163 ΚΑΙ
2428 1110 2884 1165 ΟΜΟΛΟΓΗΤΟΥ

803 1259 1487 1360 ΘΕΟΔΩΡΟΥ
1564 1248 2347 1354 ΗΓΟΥΜΕΝΟΥ
2423 1257 2681 1353 ΤΩΝ
2764 1259 3394 1356 ΣΤΟΥΔΙΟΥ

1571 1454 2588 1586 ΕΠΙΣΤΟΛΑΙ.

1533 1769 2048 1869 ΒΙΒΛΙΟΝ
2132 1768 2651 1867 ΠΡΩΤΟΝ

572 1937 659 1989 ΕΚ
697 1935 830 1989 ΤΩΝ
875 1933 1241 1991 ΔΙΑΦΟΡΩΝ
1280 1931 1488 1985 ΑΥΤΟΥ
1528 1927 1913 1984 ΕΠΙΣΤΟΛΩΝ
1947 1924 2214 1982 ΕΚΛΟΓΗ
2243 1930 2379 1980 ΤΗΣ
2414 1930 2679 1981 ΠΡΩΤΗΣ
2718 1927 2831 1981 ΚΑΙ
2871 1927 3213 1984 ΔΕΥΤΕΡΔΣ
3267 1929 3586 1986 ΕΞΟΡΙΔΣ.

1256 2159 1537 2221 SANCTI
1582 2157 1866 2218 PATRIS
1910 2156 2197 2217 NOSTRI
2244 2156 2341 2216 ET
2388 2152 2923 2220 CONFESSORIS

761 2300 1494 2391 THEODORI
1602 2297 2101 2386 PB/EPO:

2142 2301 2359 2385 ilTI
2456 2298 3415 2392 STUDITABUM.

1530 2474 2632 2713 EPISTOLZE,

1657 2805 1997 2894 LIBER
2073 2807 2506 2895 PRIMUS

392 2960 519 3024 ΕΧ
581 2960 997 3024 DIVERSIS
1051 2959 1266 3024 EJUS
1314 2958 2667 3105 EPISTOLESI‘YSQleﬁ'OIZS'ACMR‘IggffCTA
2732 2961 2834 3023 IN
2893 2961 3159 3024 PRIMO
3218 2964 3340 3025 ΕΤ
3378 2964 3801 3029 SECUNDO

751 3257 797 3313 Ι.
828 3287 897 3296 —-
931 3254 1153 3311 Platoni
1189 3253 1343 3325 patri
1372 3253 1678 3325 :pirituali.

2432 3255 2513 3312 Χ.
2546 3286 2611 3297 —-
2645 3254 2897 3311 Πλάτωνι
2931 3261 3287 3331 πνευματικῷ
3316 3259 3504 3335 πατρὶ.

386 3356 694 3408 Theodorus
726 3353 877 3405 exsul
897 3354 1185 3409 Platonem.
1208 3352 1293 3402 vel
1322 3354 1497 3417 potius
1526 3353 1624 3403 sub
1654 3352 2166 3424 Platonis_persona,
2185 3354 2476 3424 monachos
2498 3369 2624 3424 suos
2651 3355 2911 3412 hortatur,
2927 3370 2991 3406 ne
3013 3358 3383 3420 lmperatatori
3405 3357 3645 3409 adultero
3666 3372 3794 3409 con-

1570 3417 1805 3466 sentiant
1863 3417 2144 3477 (Baronius
2185 3432 2271 3467 an.
2297 3417 2391 3467 786
2415 3453 2426 3465 .
2459 3432 2512 3467 n.
2535 3419 2611 3476 4.)

460 3509 684 3576 Quibus
715 3506 903 3563 verbis
942 3511 998 3562 te
1059 3505 1387 3561 aﬂ‘abimur.
1431 3506 1598 3561 Pater
1655 3505 2022 3574 dulcissime,
2055 3516 2099 3575 Α

2204 3503 2263 3560 Τί
2314 3527 2422 3574 σοι,
2473 3504 2517 3560 ὦ
2565 3507 2739 3581 Πάτερ
2805 3506 3107 3584 γλυκύτατε
3157 3511 3342 3582 ἡμῶν,
3394 3510 3795 3587 προσφθεγξώ-

390 3599 609 3655 sanctis
639 3597 961 3653 visceribus
992 3595 1112 3650 tuis
1143 3599 1376 3666 prapter
1407 3595 1594 3650 Deum
1640 3595 1824 3651 orbati
1852 3595 1879 3650 ‘I
1900 3595 2037 3666 quid

387 3687 502 3744 laeti
535 3691 634 3742 aut
658 3685 903 3756 jucundi
933 3683 1243 3755 loquemur
1272 3684 1298 3738 ‘2
1328 3683 1527 3754 Neque
1557 3684 1713 3739 enim
1765 3684 2038 3740 luctuosa

388 3782 444 3832 et
488 3776 675 3831 tristia
715 3775 881 3846 quasi
914 3773 1120 3829 acerbe
1144 3772 1392 3828 ferentes
1413 3773 1519 3827 hoc
1553 3774 1708 3842 quod
1768 3773 2034 3829 exsilium

386 3865 795 3930 existimatur;
837 3862 993 3934 quod
1025 3878 1131 3917 nos
1162 3877 1195 3916 a
1228 3869 1279 3916 te
1330 3860 1648 3917 didicimus
1696 3879 1812 3918 non
1861 3879 2039 3934 agno-

389 3972 570 4021 scere,
604 3958 668 4009 ut
697 3954 797 4024 qui
831 3951 1032 4008 incola
1080 3950 1269 4007 simus
1328 3951 1606 4007 universae
1667 3956 1870 4007 terra);
1926 3954 2028 4008 sed

387 4045 530 4101 illud
554 4043 766 4108 solum,
799 4058 915 4114 quo
946 4041 1076 4113 quis
1108 4058 1141 4095 a
1191 4040 1308 4096 Deo
1367 4057 1470 4112 per
1543 4041 1853 4110 cujuslibet
1903 4044 2031 4114 ejus

390 4133 652 4190 mandati
686 4130 1213 4203 praevaricationem
1240 4129 1476 4198 excidit,
1510 4129 1795 4203 longeque
1845 4132 2031 4203 proji-

394 4224 565 4280 citur.
600 4222 963 4294 Quapropter
990 4220 1313 4291 gaudemus
1335 4235 1475 4275 sane
1495 4228 1549 4275 et
1581 4220 2035 4293 laetamur,quod

389 4311 660 4384 quamvis
688 4310 916 4382 indigni
945 4308 1085 4365 coelo
1116 4312 1174 4365 et
1200 4317 1349 4364 terra
1379 4308 1587 4377 simus,
1618 4313 1809 4364 tecum
1842 4314 2033 4365 tamen

388 4408 591 4458 sanclo
622 4403 782 4471 patre
814 4405 1008 4455 nostro
1036 4398 1197 4470 digni
1229 4397 1413 4453 habiti
1484 4414 1715 4464 sumus,
1774 4398 1871 4471 qui
1929 4416 2031 4469 pro

388 4492 514 4562 ejus
565 4490 839 4545 mandato
889 4490 1008 4543 hinc
1058 4496 1406 4557 pateremur,
1465 4492 1681 4557 tuaque
1710 4489 2033 4545 secundum

389 4596 620 4637 carnem
662 4577 1083 4635 consuetudine
1113 4578 1496 4650 privaremur.
1523 4579 1847 4649 Caateroqui
1878 4579 2032 4633 enim

390 4669 691 4727 nobiscum
714 4684 942 4739 semper
974 4684 1056 4736 es,
1079 4672 1264 4738 pater,
1283 4667 1342 4722 in
1367 4666 1549 4722 oculis
1578 4674 1636 4722 el
1654 4684 1752 4722 ore
1770 4669 2032 4723 omnium

388 4764 674 4816 nostrum.
708 4759 777 4814 Et
807 4759 902 4831 qui
934 4757 1105 4814 aliter
1132 4757 1323 4813 vivere
1344 4757 1663 4829 possimus,
1710 4757 1826 4813 nisi
1890 4775 1923 4813 a
1979 4763 2034 4813 te

387 4854 720 4908 sanctarum
771 4864 1005 4921 precum
1054 4847 1323 4919 praesidio
1357 4851 1648 4918 tegamur,
1706 4850 1764 4902 et
1802 4864 1832 4902 a
1881 4846 2033 4902 malo

387 4954 682 4996 servemur
710 4937 980 4993 innoxii?
1011 4937 1285 4993 Seorsum
1316 4934 1579 5004 abjuncti
1631 4950 1695 4990 ac
1743 4934 2025 5007 segregati

389 5028 606 5101 singuli
638 5028 880 5096 fuimus;
910 5026 1053 5083 salvi
1094 5030 1286 5081 tamen
1328 5039 1533 5080 omnes
1577 5029 1752 5096 atque
1810 5025 2020 5095 integri

389 5136 455 5175 ac
502 5118 745 5175 stabiles
824 5115 1278 5187 permansimus.
1323 5114 1392 5168 Et
1449 5129 1789 5183 quanquam
1857 5130 2029 5185 parva

390 5209 651 5279 quaedam
682 5204 1135 5264 incommodain
1158 5203 1252 5260 via
1301 5201 1668 5274 pertulimus,
1729 5201 2028 5260 nonnullis

389 5304 650 5355 nostrum
681 5297 856 5354 etiam
927 5294 1127 5350 morbo
1192 5290 1443 5357 affectis;
1503 5289 1600 5345 ille
1649 5290 2032 5348 nihilominus

390 5389 492 5459 qui
521 5387 668 5443 dixit
702 5402 714 5440 :
747 5383 1016 5455 Respicite
1045 5379 1297 5438 volatilia
1333 5377 1487 5446 caeli,
1526 5387 1579 5434 et
1637 5379 1762 5435 lilia
1818 5382 1938 5453 agri
1971 5385 2027 5451 ις

388 5479 485 5551 qui
511 5477 749 5533 minime
782 5474 930 5532 fallit
951 5474 1009 5527 in
1043 5469 1352 5544 promissis
1382 5468 1527 5536 suis,
1553 5470 1878 5526 incolumes
1926 5489 2034 5528 nos

386 5570 621 5626 tandem
656 5570 863 5637 praeter
892 5578 1057 5635 spem
1089 5567 1352 5619 nostram
1376 5557 2032 5637 huc[Thessalonicam]

461 5696 477 5730 ¹
509 5692 715 5751 Matth.
756 5708 836 5764 vr,
864 5691 956 5764 26,
986 5689 1075 5747 28.

2151 3595 2303 3666 μεθα,
2358 3594 2408 3648 οἱ
2476 3592 2956 3671 ἀπορφανισθέντες
3004 3593 3093 3650 διὰ
3148 3597 3275 3651 Θεὸν
3335 3595 3441 3652 ὰπὸ
3497 3602 3602 3651 τῶν
3676 3603 3792 3653 σῶν

2148 3678 2310 3757 ἂγίων
2360 3680 2741 3759 σπλάγχνωνς
2793 3690 2953 3740 ποῖον
2994 3682 3052 3740 δὲ
3099 3687 3370 3762 προσηνὲς
3413 3684 3446 3754 ἢ
3492 3688 3790 3761 περιχαρὲς

2147 3769 2369 3845 λέξομεν
2408 3792 2421 3840 ;
2457 3770 2584 3827 οὐδὲ
2631 3793 2731 3849 γαρ
2785 3770 3045 3849 ὀδυρτικά
3091 3780 3179 3830 καί
3227 3770 3473 3849 θλιϐερᾶ,
3506 3773 3791 3849 δυσχεραί-

2148 3882 2325 3922 νοντες
2357 3862 2453 3927 τὴν
2499 3859 2834 3935 δοκουμένην
2894 3861 3104 3939 ἐξορίαν
3139 3883 3150 3895 ⁸
3194 3863 3262 3933 ἥν
3312 3867 3475 3936 ἡμεῖς
3526 3865 3589 3919 οὐ
3631 3868 3790 3939 γινώ-

2145 3971 2287 4005 σκειν
2324 3948 2685 4027 δεδιδάγμεθα
2726 3952 2832 4008 ὑπὸ
2856 3957 2952 4007 σοῦ
2987 3973 2999 3984 ·
3024 3954 3161 4009 κατὰ
3190 3954 3252 4008 τὸ
3300 3953 3592 4028 παροίκους
3640 3959 3789 4028 ἡμᾶς

2144 4042 2273 4096 εἶναι
2306 4041 2481 4111 πάσης
2517 4048 2618 4111 τῆς
2648 4048 2748 4117 γῆς
2781 4063 2793 4075 ·
2826 4042 2860 4111 ἢ
2899 4044 3069 4115 μόνην
3092 4046 3191 4113 τήν
3223 4043 3329 4098 ἆπὸ
3368 4048 3504 4099 Θεοῦ
3554 4042 3641 4098 διὰ
3685 4052 3788 4114 τῆς

2142 4127 2501 4207 παραϐασεως
2540 4139 2639 4201 τῆς
2677 4134 2972 4188 ὁποιασοῦν
3022 4132 3246 4203 ἐντολῆς
3302 4133 3466 4188 αὐτοῦ
3519 4128 3787 4189 ἔκπτωσιν

2143 4223 2233 4276 καὶ
2300 4222 2511 4295 μακρὰν
2574 4221 2913 4300 ἀποῤῥιφήν.
2963 4223 3054 4277 Διὸ
3104 4223 3369 4298 χαίρομεν
3420 4225 3509 4278 καὶ
3567 4224 3787 4302 εὐφραι-

2142 4313 2364 4383 νόμεθα,
2398 4312 2482 4365 ὅτι
2511 4310 2605 4366 κᾶν
2655 4310 2861 4382 ἀνάξιοί
2903 4310 3061 4384 ἐσμεν
3107 4316 3204 4367 τοῦ
3253 4312 3483 4386 οὐρανοῦ
3540 4314 3633 4368 καὶ
3687 4321 3788 4384 τῆς

2143 4405 2268 4471 γῆς,
2299 4397 2447 4467 πλὴν
2497 4398 2589 4452 σὺν
2640 4398 2728 4452 σοὶ
2774 4400 2853 4470 τῷ
2904 4397 3044 4473 ἁγίῳ
3087 4401 3243 4471 ἡμῶν
3293 4401 3467 4476 Πατρί
3511 4402 3792 4472 κατηξιώ-

2142 4488 2312 4559 θημεν
2373 4487 2505 4561 ὑπὲρ
2560 4494 2660 4557 τῆς
2718 4485 2943 4556 ἐντολῆς
2988 4487 3152 4543 αὐτοῦ
3198 4492 3365 4544 ταῦτα
3433 4491 3647 4561 παθεῖν,
3698 4492 3791 4545 καὶ

2143 4576 2469 4650 στερηθῆναί
2503 4596 2599 4630 σου
2642 4582 2741 4645 τῆς
2786 4577 2919 4631 κατὰ
2977 4577 3147 4651 σάρκα
3193 4579 3501 4657 συναφείας.
3567 4576 3793 4642 Ἀλλως

2142 4663 2245 4738 γὰρ
2290 4665 2406 4736 μεθ’
2438 4666 2596 4736 ἡμῶν
2629 4665 2678 4718 εἶ
2712 4663 2814 4737 ἀεὶ,
2866 4664 3061 4736 Πάτερ,
3108 4666 3387 4741 ὁρώμενος
3438 4667 3528 4722 καὶ
3578 4666 3787 4723 συλλαα

2145 4752 2435 4825 λούμενος.
2488 4753 2590 4809 Καὶ
2638 4758 2755 4816 πῶς
2794 4755 2896 4830 γὰρ
2933 4755 3127 4827 ἒτέρως
3176 4758 3436 4828 ζήσομεν,
3478 4755 3526 4811 εἰ
3581 4758 3660 4830 μή
3695 4762 3784 4811 σοῦ

2142 4847 2221 4915 τῷ
2248 4847 2354 4897 τῶν
2394 4842 2564 4918 ἁγίων
2615 4842 2792 4917 εὐχῶν
2833 4844 2999 4917 σκέπῃ
3043 4844 3553 4921 περιφυλαχείημεν
3611 4842 3793 4901 ἀϐλα-

2155 4894 2213 4915 ’Τ
2260 4894 2343 4897 "V
2400 4894 2529 4918 "I‘V'
2618 4894 2784 4917 "hw'
2839 4894 2999 4917 ""V“t'
3051 4894 3548 4921 ”Τ“ῗ⁷’””Λ.⁷’ἺΓ“*’
3613 4894 3758 4901 “vu—

2064 4894 2107 4955 Β
2139 4928 2253 4993 Gai;
2313 4932 2417 4985 ἀπὸ
2474 4936 2570 4985 τοῦ
2649 4938 2916 5007 Πονηροῦ,
3002 4934 3313 5007 καταμόνας
3400 4936 3480 4997 εἷς
3565 4929 3794 4997 ἕκαστος

2139 5024 2297 5094 ἡμῶν
2330 5018 2659 5095 διορισθείςς
2708 5020 2855 5091 πλὴν
2910 5020 3360 5100 ὃιεφυλάχθημεν
3388 5024 3480 5079 καὶ
3527 5022 3790 5080 διασεσῶ-

2137 5109 2307 5179 σμεθα
2355 5106 2444 5161 καὶ
2494 5105 2811 5180 ἡὸράσμεθα
2860 5108 3075 5171 πάντες.
3130 5110 3227 5165 Καὶ
3280 5111 3323 5164 εἰ
3374 5111 3463 5165 καὶ
3516 5111 3713 5184 μικρόν
3743 5133 3794 5166 τι

2136 5197 2662 5269 ἐταλαιπωρήσαμεν
2709 5196 2762 5251 ἐν
2812 5202 2878 5264 τῇ
2925 5196 3055 5269 ὁδῷ,
3105 5201 3265 5253 τινῶν
3317 5199 3409 5253 καὶ
3456 5199 3793 5271 ἀσθενησάν-

2137 5307 2243 5341 των
2296 5305 2307 5317 ·
2361 5284 2512 5357 ὅμως
2564 5286 2592 5339 ὁ
2648 5287 2839 5354 εἰπὼν,
2890 5283 3235 5362 Ἐμϐλὲψατε
3304 5286 3380 5348 εἷς
3446 5289 3511 5342 τὰ
3571 5292 3796 5346 πετεινᾶ

2139 5380 2236 5431 τοῦ
2295 5373 2547 5445 οὐρανοῦ,
2578 5374 2670 5429 καὶ
2728 5376 2804 5438 εἰς
2879 5376 2946 5431 τὰ
3018 5377 3177 5450 κρίνα
3233 5379 3332 5432 τοῦ
3415 5377 3609 5453 ἀγροῦ,
3699 5379 3794 5434 καὶ

2141 5462 2377 5540 ἀψευδὴς
2437 5462 2489 5517 ἐν
2561 5471 2679 5527 ταῖς
2777 5465 3106 5543 ἐπαγγελίας
3191 5465 3376 5536 αὐτοῦ,
3465 5466 3792 5524 ἆπεσώσασο

2140 5559 2311 5630 ἡμᾶς,
2345 5554 2419 5616 ὡς
2460 5553 2558 5607 οὐκ
2605 5554 2935 5631 ἠλπίζομεν,
2983 5556 3357 5631 παραθέμενος
3406 5557 3553 5630 ἡμᾶς
3603 5555 3790 5613 ἐνταῦ-
