4090 6288
288 375 407 434 905

1563 377 2106 442 EPISTOLARUM
2155 379 2298 440 LIB.
2346 379 2394 438 l.

3551 377 3680 440 r906

289 508 354 560 θα
384 505 606 568 ’κλίνας
664 529 720 562 τε
777 510 852 570 εἰς
898 509 1228 582 συμπάθειαν
1283 511 1376 570 τὰς
1436 508 1658 583 καρδίας
1706 516 1813 565 τῶν
1845 509 1935 564 ὅν-

2050 512 2339 583 perduxit,
2384 511 2455 565 ad
2515 525 2786 565 arumnae
2846 515 3055 564 nostra
3113 510 3682 566 commiserationem

289 617 398 649 των
430 594 635 672 ἀνδρῶν
668 605 768 666 τῆς
815 599 1189 675 ταλαιπωρίας
1248 601 1428 672 ἡμῶν,
1461 600 1549 652 καὶ
1593 600 1830 672 μάλιστά
1875 621 1934 674 γε

291 691 387 739 τοῦ
432 685 890 761 ἀρχιεπισκόπου.
940 688 1050 745 Μία
1109 686 1164 742 δὲ
1231 688 1427 742 λοιπὸν
1490 691 1727 763 μέριμνα
1794 689 1934 744 ἐστιν

293 775 428 846 ἡμῖν
468 775 557 826 καὶ
608 772 970 836 ἀδιάσπαστος
1017 773 1336 850 ἀδολεσχία,
1382 777 1514 849 μετά
1561 774 1797 847 δεήσεως
1847 776 1937 831 ἐκ·

295 867 478 924 τενοῦς
540 862 628 916 καὶ
683 865 916 934 ἀναξίας,
1005 865 1067 920 τὸ
1151 865 1209 919 σὲ
1284 869 1691 940 κραταιοῦσθαι,
1761 867 1938 941 Πάτερ

295 953 458 1022 ἡμῶν
516 949 890 1024 πολυπόθητε,
949 954 1038 1008 καὶ
1100 951 1271 1027 μὲνειν
1322 954 1373 1009 ἐν
1430 961 1546 1019 τοῖς
1590 953 1936 1030 δεδογμένοις

295 1045 395 1107 τῆς
431 1039 564 1113 ὑπέρ
593 1039 853 1110 ἀληθείας
885 1047 1018 1096 Θεοῦ
1077 1042 1373 1116 ἁμολογίας
1429 1043 1624 1105 ἀκλινῆ
1680 1045 1770 1098 καὶ
1828 1044 1940 1098 ἀκί-

296 1149 483 1197 νητον,
527 1127 576 1182 ἐν
641 1126 838 1200 μηδενὶ
898 1131 1259 1205 πτυρόμενον,
1307 1133 1343 1202 ἢ
1403 1129 1741 1206 διψυχοῦντα
1819 1137 1936 1194 ταῖς

293 1222 404 1272 τῶν
436 1213 866 1291 προϐαλλόντων
912 1222 1030 1276 κατ’
1067 1218 1367 1298 ἐκστροφὴν
1408 1226 1512 1275 τῶν
1547 1220 1938 1294 οἰκοδομηθέν-

294 1328 402 1361 των
445 1327 528 1361 σοι
562 1307 744 1381 χάριτι
801 1313 934 1362 Θεοῦ
983 1310 1114 1383 ὑπὲρ
1192 1306 1462 1371 εὐσεϐείας
1538 1311 1936 1387 ἀγωνισμάτων

296 1393 699 1470 ἐγχειρήσετιν.
733 1397 1034 1471 Ἐξήχηται
1073 1400 1172 1473 γὰρ
1206 1399 1234 1452 ὁ
1283 1395 1450 1476 λόγος
1499 1406 1805 1474 πανταχοῦ,
1849 1400 1937 1455 καί

295 1483 646 1558 δεδυσώπηκε
687 1485 879 1562 σχεδὸν
931 1494 1103 1543 πᾶσαν
1155 1492 1359 1564 ψυχὴν,
1411 1494 1500 1545 καί
1559 1489 1742 1566 ἤγειρε
1784 1491 1941 1563 κέρας

291 1575 566 1649 σωτηρίας
625 1575 678 1630 ἐν
735 1583 852 1638 τοῖς
910 1585 1279 1653 Χριστιανοῖς,
1339 1579 1427 1633 καὶ
1512 1578 1729 1658 ἀφεῖλεν
1804 1577 1942 1634 ὄνει-

293 1662 384 1726 δος
415 1664 610 1719 ἐκτῶν
660 1669 954 1737 μοναστῶν.
989 1667 1093 1723 Καὶ
1153 1665 1257 1721 οἶδ’
1316 1668 1397 1723 ὅτι
1453 1671 1668 1742 φήσειεν
1720 1666 1942 1730 ἕκαστος

292 1752 349 1808 εὖ
381 1759 613 1832 φρονῶν,
666 1755 748 1809 ὅτι
807 1759 873 1829 ζῇ
929 1758 1151 1830 Χριστῖες
1210 1757 1262 1812 ἐν
1321 1758 1601 1830 ἡμῖν,καῖ
1644 1758 1938 1833 βασιλεύει,

2044 601 2366 657 incolarum
2399 601 2574 656 corda
2617 601 2936 664 inflectens,
2969 601 3064 655 sed
3099 600 3466 671 potissimum
3499 599 3686 655 archi-

2044 691 2320 763 episcopi.
2355 691 2600 761 Reliqua
2650 706 2783 745 vero
2845 704 2959 745 una
3016 693 3104 745 est
3159 705 3294 745 cura
3350 693 3570 755 nostra,
3633 692 3692 744 et

2047 781 2282 836 assidua
2316 779 2633 847 meditatio,
2666 794 2796 833 cum
2832 777 3067 848 prolixis
3096 779 3365 848 precibus
3398 786 3455 833 et
3483 778 3691 834 imme-

2046 868 2196 934 ritis,
2230 871 2291 922 ut
2321 868 2446 940 ipse
2477 867 2886 932 corroboreris,
2919 868 3092 922 Pater
3114 866 3689 933 desiderabilissime,

2046 964 2100 1011 et
2129 957 2186 1011 in
2223 957 2488 1012 instituta
2514 972 2616 1026 pro
2677 955 2914 1011 veritate
2979 955 3079 1011 Dei
3142 956 3504 1013 confessione
3543 957 3694 1012 ﬁxus

2049 1050 2225 1115 atque
2255 1045 2578 1100 immobilis
2605 1061 2840 1100 maneas
2869 1063 2883 1112 ;
2918 1043 3064 1099 nihil
3086 1045 3404 1116 trepidans,
3441 1049 3540 1100 aut
3569 1047 3695 1100 ani-

2048 1150 2209 1188 mum
2241 1135 2600 1189 conturbans
2631 1135 2700 1188 ad
2729 1149 2929 1188 eorum
2964 1133 3245 1204 insultus,
3273 1135 3374 1205 qui
3419 1135 3695 1189 certami—

2048 1239 2188 1279 num
2219 1223 2464 1294 gloriam
2497 1240 2620 1295 quae
2673 1240 2774 1294 pro
2835 1223 3050 1294 pietate
3079 1239 3214 1279 cum
3271 1223 3466 1278 divina
3513 1224 3697 1295 gratia

2050 1312 2269 1378 obiisti,
2318 1317 2568 1368 evertere
2625 1315 2928 1366 conantur.
2992 1311 3206 1382 Sparsa
3263 1313 3419 1368 enim
3479 1313 3696 1383 ubique

2051 1404 2208 1458 fama
2237 1407 2344 1468 est,
2379 1418 2698 1472 omnesque
2729 1401 3145 1472 propemodum
3171 1400 3438 1456 homines
3461 1409 3696 1473 stupore

2051 1491 2378 1563 complevit,
2413 1495 2468 1545 et
2507 1507 2689 1546 cornu
2739 1489 2950 1545 salutis
2998 1490 3181 1545 erexit
3222 1490 3300 1544 in-
3327 1490 3694 1557 Christianis,

2054 1583 2356 1637 infamiam
2377 1583 2646 1638 auferens
2686 1598 2754 1636 ex
2787 1581 2989 1636 ordine
3023 1582 3467 1637 monachorum.
3507 1584 3696 1652 Atque

2056 1671 2187 1737 hoc,
2239 1670 2378 1739 scio,
2439 1670 2714 1726 fatebitur
2773 1669 3184 1742 unusquisque
3237 1686 3474 1741 compos
3532 1679 3694 1725 recta:

2056 1761 2291 1827 mentis,
2325 1763 2513 1816 vivere
2535 1760 2826 1816 Christum
2861 1760 2918 1814 in
2952 1760 3144 1826 nobis,
3193 1765 3249 1815 et
3301 1775 3558 1830 regnare,
3610 1761 3695 1814 ei-

289 1845 378 1899 καὶ
421 1847 803 1919 πειθαρχεῖται
855 1846 1066 1919 μᾶλλον
1126 1849 1256 1922 ὑπὲρ
1296 1849 1612 1922 ἀνθρώπους
1644 1849 1736 1911 οὕς
1785 1846 1936 1904 ἔπλα·

499 1936 511 1952 3
619 1933 642 1952 ΡΙ
777 1936 790 1950 ο
898 1938 964 1952 n~
1131 1934 1154 1952 ﬂ
1196 1939 1214 1952 δ
1239 1940 1286 1952 tu
1479 1937 1520 1952 Νι
1595 1939 1608 1952 ο
1665 1940 1678 1952 ι
1780 1937 1793 1952 1
1847 1943 1869 1952 -ι

2055 1865 2166 1919 que
2189 1849 2422 1904 obedire
2439 1865 2546 1904 nos
2574 1849 2756 1920 magis
2773 1864 2941 1920 quam
2971 1848 3310 1904 hominibus
3341 1866 3490 1920 quos
3538 1865 3696 1904 crea-

292 1956 401 2005 σεν,
453 1936 566 2009 οὐχ
619 1933 710 1989 ἵνα
767 1936 1072 2008 ἀπειθῇται,
1127 1934 1416 2007 δοξάζηται
1475 1937 1532 1993 δὲ
1590 1939 1678 1993 ὑπ’
1736 1937 1935 1994 αὐτῶν.

291 2026 472 2079 Πάντα
502 2023 594 2079 οὖν
641 2026 948 2098 γινώσκεις,
982 2024 1134 2088 οἶδας
1184 2030 1252 2081 τὰ
1303 2025 1509 2097 δέοντα,
1543 2028 1604 2082 οὐ
1643 2036 1743 2098 τῆς
1794 2031 1943 2101 ἡμε-

289 2112 445 2185 τέρκς
498 2113 855 2186 ὑπομνήσεως
920 2113 1051 2188 δέῃ·
1113 2114 1260 2186 πλὴν
1312 2116 1705 2186 προεκέλευσας
1767 2118 1942 2180 οὕτως

289 2205 437 2275 ἡμᾶς
475 2201 716 2277 γράφειν.
768 2205 861 2258 Διὸ
926 2202 990 2272 δὴ
1029 2207 1102 2278 μὴ
1165 2200 1437 2283 φοϐηθῇς,
1492 2207 1684 2280 Πάτερ,
1738 2206 1946 2282 ἄνθρω-

285 2313 412 2362 πον,
445 2294 479 2362 ἢ
535 2291 831 2367 ἀνθρώπων
885 2293 1186 2368 ἐκθλίψεις.
1238 2295 1525 2369 Γνωρίζεις
1571 2295 1654 2351 ὅτι
1705 2298 1760 2349 οἱ
1793 2294 1939 2371 ἅγιοι

287 2382 412 2457 ὅναρ
459 2383 551 2436 καὶ
599 2383 750 2437 σκιὰν
800 2387 967 2438 ταῦτα
1016 2383 1390 2459 λογισάμενοι,
1444 2385 1937 2459 ἐθαυμαστώθησαν

287 2469 338 2524 ἒν
398 2470 603 2543 οὐρανῷ
653 2472 742 2526 καὶ
794 2471 881 2527 ἐπὶ
940 2479 1066 2547 γῆς.
1132 2474 1339 2549 Μικρὸν
1404 2471 1617 2548 δέομαι,
1685 2479 1941 2546 πονήσω-

290 2580 384 2631 μεν
429 2578 441 2590 ·
477 2554 548 2614 ἔτι
615 2561 809 2632 μικρὸν
870 2561 1253 2635 ὑπομείνωμεν
1287 2582 1300 2594 ·
1361 2565 1449 2617 καὶ
1489 2565 1715 2633 ἤνυσται
1746 2567 1880 2637 ἡμῖν
1911 2565 1938 2618 ὁ

287 2645 488 2721 δρόμος
545 2650 573 2704 ὁ
635 2649 822 2712 κολός.
884 2653 979 2704 Καέ
1043 2652 1071 2704 ὁ
1131 2653 1385 2729 στέφανος
1430 2653 1748 2721 πέπλεκται,
1790 2655 1937 2709 καὶὸ

288 2739 480 2810 μισθὸς
523 2738 870 2812 ἑτοιμάζεται
922 2740 1161 2806 αἰώνιος,
1212 2743 1302 2795 καὶ
1343 2741 1502 2819 φίλος
1547 2741 1801 2817 κληθήσῃ
1842 2747 1938 2798 τοῦ

283 2825 600 2899 ἐπουρανίου
665 2826 961 2903 βασιλέως,
1007 2832 1097 2883 καὶ
1150 2834 1255 2883 τῶν
1311 2831 1483 2906 ἁγίων
1531 2832 1814 2900 κοινωνὸς,
1847 2853 1934 2905 κα,

282 2914 642 2988 ὁμολογητής
679 2917 826 2990 παρὰ
873 2917 1199 2992 ἀνθρώποις.
1253 2919 1378 2990 Ναὶ,
1428 2920 1513 2974 ναὶ
1587 2917 1779 2992 δέομαι
1844 2908 1936 2976 και

283 3000 563 3060 ἀντιϐολῶ
610 3006 676 3060 τὰ
729 3006 967 3080 πατρικά
1023 3029 1133 3080 μου
1182 3006 1474 3086 σπλάγχνα
1505 3027 1520 3041 ο
1579 3013 1740 3084 γενοῦ
1803 3011 1932 3082 ἡμῖν

277 3092 579 3168 ὀχύρωμα,
634 3096 910 3169 ὑπομονὴ,
963 3097 1240 3172 καρτερία.
1273 3097 1397 3153 Ἐὰν
1450 3097 1554 3173 γὰρ
1599 3097 1684 3167 σὺ,
1739 3097 1931 3173 Πάτερ,

275 3185 501 3255 στήκῃς,
549 3185 714 3256 ἡμεῖς
761 3184 828 3239 τά
897 3185 1093 3260 ἀχρεῖά
1154 3205 1248 3240 σου
1322 3185 1480 3241 τέκνα
1544 3186 1924 3260 εὐτονούμεθα,

2052 1940 2177 2005 vit;
2213 1956 2327 1994 non
2361 1945 2424 1993 ut
2463 1942 2893 2003 contemnatur,
2930 1939 3029 1993 sed
3064 1938 3421 2008 gloriﬁcetur
3464 1939 3536 1993 ab
3585 1938 3692 1994 eis.

2053 2027 2263 2083 Omnia
2293 2043 2428 2098 ergo
2467 2027 2573 2082 tibi
2623 2036 2922 2098 perspecta
2966 2032 3104 2081 sunt
3137 2042 3150 2082 :
3184 2027 3293 2082 scis
3348 2027 3490 2098 quid
3549 2027 3694 2082 facto

2052 2133 2236 2188 opus;
2269 2116 2723 2172 commonitione
2773 2121 2972 2170 nostra
3022 2131 3135 2169 non
3184 2131 3319 2186 eges
3353 2132 3367 2171 :
3399 2120 3696 2172 verumta-

2053 2223 2186 2261 men
2218 2206 2340 2261 haac
2372 2207 2453 2260 ita
2482 2222 2588 2260 nos
2639 2205 2890 2261 scribere
2939 2205 3289 2276 praecepisti.
3342 2205 3528 2269 Quare
3576 2206 3695 2262 noli

2050 2295 2346 2351 hominem
2380 2295 2602 2356 timere,
2637 2295 2820 2365 Pater,
2852 2303 2949 2349 aut
2991 2294 3295 2350 hominum
3341 2296 3691 2351 vexationes.

2049 2383 2214 2441 Nosti
2233 2388 2468 2440 sanctos
2495 2399 2628 2441 cum
2660 2385 2927 2438 umbram
2961 2387 3016 2437 et
3045 2383 3341 2439 somnium
3371 2382 3492 2439 hac
3521 2384 3696 2442 duce-

2050 2479 2200 2543 rent,
2232 2473 2608 2530 admirabiles
2638 2472 2780 2528 caalo
2819 2472 3104 2544 terrisque
3143 2472 3455 2529 exstitisse.
3505 2473 3698 2530 Modi-

2051 2581 2206 2627 cum,
2231 2580 2445 2635 quaeso,
2469 2563 2802 2618 laboremus
2828 2580 2840 2615 :
2871 2562 3160 2618 modicum
3188 2562 3376 2618 adhuc
3398 2562 3693 2619 sustinea-

2056 2671 2209 2723 mus,
2252 2658 2309 2709 et
2338 2653 2635 2723 egregium
2677 2668 2916 2706 cursum
2951 2652 3521 2707 consummabimus.
3556 2652 3689 2708 Jam

2048 2758 2264 2798 corona
2306 2743 2541 2810 texitur,
2619 2757 2835 2796 merces
2903 2745 3116 2797 aeterna
3189 2747 3572 2812 praeparatur,
3640 2748 3696 2797 et

2048 2831 2302 2888 scelestis
2358 2831 2507 2902 regis
2583 2833 2809 2886 amicus
2877 2839 3327 2902 sanctorumque
3404 2831 3693 2903 particeps

2047 2923 2342 2992 vocabere,
2377 2928 2433 2978 et
2460 2923 2610 2992 apud
2636 2922 2904 2977 homines
2935 2923 3248 2978 confessor.
3294 2921 3410 2990 Sic,
3459 2922 3543 2977 sie
3591 2939 3690 2977 oro

2044 3016 2221 3084 atque
2278 3013 2536 3068 obtestor
2595 3011 2782 3067 Patris
2838 3012 2947 3066 mei
3004 3011 3226 3066 viscera
3283 3018 3462 3067 :esto
3521 3011 3690 3067 nobis

2040 3101 2343 3166 fortitudo,
2391 3100 2696 3172 patientia,
2746 3098 3093 3155 constantia.
3135 3101 3216 3154 Tu
3267 3099 3444 3168 enim,
3500 3103 3688 3168 Pater,

2043 3191 2092 3246 si
2124 3190 2374 3257 steteris,
2399 3205 2513 3244 non
2535 3187 2854 3244 imbecilles
2877 3187 2979 3242 ﬁlii
3005 3189 3085 3243 tui
3118 3188 3466 3245 valentiores
3489 3190 3686 3244 redde-

272 3273 450 3327 πάντα
506 3272 727 3346 οἴσομεν
781 3274 1045 3348 γενναίως
1112 3274 1178 3330 τὰ
1258 3271 1647 3348 συμϐαίνοντα,
1707 3274 1929 3350 δυνάμει

2048 3295 2198 3334 mur:
2232 3282 2288 3334 et
2333 3277 2526 3332 viriles
2584 3277 2813 3333 animos
2871 3276 3186 3348 capiemus,
3247 3293 3415 3333 casus
3481 3293 3687 3333 omnes

272 3365 410 3417 Θεοῦ
438 3362 530 3416 καὶ
563 3362 753 3438 εὐχαῖς
789 3385 905 3418 σου.
964 3365 1054 3419 Ἐκ
1098 3365 1200 3439 γὰρ
1246 3369 1379 3420 Θεοῦ
1426 3368 1460 3435 ἡ
1509 3367 1928 3441 παραχώρησις,

272 3450 450 3513 οὕτως
516 3448 873 3514 εὐδοκοῦντος
932 3451 1148 3514 πάντως
1205 3454 1271 3508 τὰ
1326 3455 1587 3528 ἡμέτερα,
1644 3456 1734 3509 καὶ
1765 3455 1930 3510 αὐτοῦ

272 3537 526 3602 διδόντος
583 3538 832 3613 δύναμιν.
883 3541 988 3602 Τὰς
1035 3541 1393 3618 τεχνολογίας
1441 3548 1549 3599 τῶν
1617 3543 1928 3600 ὑποκλίνειν

274 3650 332 3683 σε
379 3637 482 3698 τῆς
529 3630 792 3700 ἀληθείας
842 3632 1193 3704 πειρωμένων
1249 3635 1324 3705 μή
1493 3637 1685 3703 πτοοῦ,
1728 3631 1771 3688 ὦ
1825 3635 1928 3688 Πά-

270 3740 386 3794 τερ.
415 3717 658 3780 Ἀπλοῦς
690 3721 717 3772 ὁ
752 3718 943 3794 λόγος.
979 3719 1122 3789 Φησὶ
1167 3720 1270 3796 γάρ
1321 3742 1426 3776 που
1484 3723 1511 3775 ὁ
1571 3723 1723 3796 ἅγιος
1781 3725 1928 3778 Ἑπι-

273 3812 464 3886 φάνιος
489 3808 538 3863 ἐν
569 3810 648 3880 τῷ
680 3810 805 3884 περὶ
834 3815 933 3865 τοῦ
967 3813 1158 3887 Πάσχα
1209 3813 1376 3866 αὐτοῦ
1430 3811 1580 3886 λόγῳ
1615 3831 1628 3844 ·
1685 3816 1809 3874 Οἷος
1869 3813 1927 3868 ἂν

368 3895 674 3972 ἄνθρωπος,
737 3897 882 3972 παρᾶ
939 3897 1005 3952 τὰ
1058 3897 1112 3952 ἐν
1173 3902 1241 3972 τῇ
1302 3900 1416 3970 θεία
1467 3904 1654 3977 Γραφῇ
1711 3901 1932 3975 κείμενα

274 3980 693 4059 σομϐουλεύων,
752 3986 858 4040 ἀπὸ
911 3983 1136 4061 καρδίας
1204 3985 1386 4056 λαλεῖ,
1463 3991 1550 4042 καὶ
1625 3989 1934 4062 ἐντάλματα

275 4075 574 4147 ἀνθρώπων
623 4072 893 4148 διηγεῖται
931 4093 944 4106 ⁸
997 4075 1087 4130 καὶ
1136 4075 1259 4150 περὶ
1308 4082 1414 4130 τῶν
1463 4082 1725 4133 τοιοῦτων
1759 4079 1932 4155 φέρων

272 4165 342 4220 τὰ
371 4170 468 4220 τοῦ
513 4163 855 4220 Ἀποστόλου
916 4164 1084 4242 λέγει,
1145 4167 1226 4222 ὅτι
1289 4167 1392 4221 Κᾶν
1449 4165 1676 4242 ἄγγελος
1735 4171 1784 4244 ἐξ
1844 4172 1934 4226 οὐ-

277 4259 447 4329 ρανοῦ
496 4253 660 4322 ἐστιν,
720 4254 962 4327 ἀνάθεμα
1019 4254 1199 4328 αὐτῷ.
1263 4261 1374 4310 Ποῦ
1433 4254 1496 4312 δά
1557 4261 1804 4334 φήσομεν
1849 4261 1934 4322 τὸ,

277 4346 343 4398 Οἱ
405 4345 568 4418 ἱερεῖς
625 4364 728 4417 μου
797 4344 1025 4413 ἠθέτουν
1086 4344 1256 4418 νόμον
1325 4366 1452 4419 μου,
1495 4348 1587 4401 καὶ
1637 4344 1936 4418 ἐϐεϐήλουν

276 4436 348 4488 τὰ
379 4434 500 4509 ἅγιά
535 4454 639 4506 μου
673 4453 688 4500 ;
730 4435 759 4488 ’ὁ
792 4435 1132 4509 προφητικὸν
1180 4434 1237 4488 ὃν
1289 4431 1618 4511 προσλαϐὼν
1654 4439 1682 4491 ὁ
1743 4437 1939 4493 Θεολό-

277 4545 376 4598 γος
407 4525 458 4578 ἐν
489 4528 570 4594 τῷ
619 4524 840 4596 μεγάλῳ
884 4522 1336 4597 Ἀπολογητικῷ,
1382 4525 1737 4599 προστίθησιν
1793 4527 1936 4582 οὕτω

281 4613 456 4682 λέγων
496 4632 508 4644 ·
541 4609 806 4681 Βεῧήλοις
837 4611 926 4666 καὶ
959 4611 1128 4674 ὁσίοις
1183 4615 1250 4667 οὐ
1303 4611 1613 4670 διέστελλον
1651 4637 1663 4648 ο

278 4703 472 4762 αὐτοῖς
533 4703 740 4756 ἅπαντα
794 4702 968 4758 κοινά.
1032 4705 1180 4756 Πόσα
1227 4700 1284 4757 δὲ
1340 4703 1512 4773 ἄλλα,
1558 4705 1646 4759 ἐάν
1695 4727 1776 4766 τις
1809 4705 1939 4780 θέλῃ

281 4791 544 4858 ἀκούειν;
601 4789 954 4845 Παυέσθωσαν
1008 4789 1204 4845 λοιπὸν
1266 4794 1317 4845 o't
1377 4791 1786 4871 διαστρέφοντες
1842 4797 1940 4864 τήν

283 4879 548 4950 ἀλήθειαν
580 4884 676 4933 τοῦ
709 4885 842 4934 Θεοῦ
875 4878 1090 4953 ψευδέσι
1124 4881 1337 4956 λόγοις,
1371 4883 1458 4936 καὶ
1510 4885 1724 4945 ἑαυτοῖς
1773 4905 1940 4958 προσ-

285 4967 587 5041 εχέτωσαν.
637 4969 828 5040 Ἡμεῖς
877 4989 976 5042 γαρ
1026 4977 1124 5038 τῆς
1175 4969 1401 5040 ἐντολῆς
1476 4972 1787 5049 τηλαυγοῦς
1849 4971 1940 5026 οὗ-

286 5080 407 5129 σης,
440 5059 531 5112 καὶ
576 5063 644 5132 τῇ
694 5055 992 5134 παραϐάσει
1043 5062 1104 5114 τὸ
1151 5061 1376 5116 αἰώνιον
1426 5069 1530 5135 πῦρ
1583 5065 1941 5136 ἀπειλούσης,

287 5148 398 5222 οὐχ
429 5147 782 5222 ὐποκύψομεν
809 5153 924 5211 τοῖς
975 5148 1331 5223 ἀνθρωπίνοις
1389 5149 1580 5229 φόϐοις
1630 5154 1664 5222 ἢ
1709 5155 1895 5216 πόνοις
1928 5172 1942 5186 ⁸

289 5238 380 5306 οὐ,
419 5238 496 5309 μὰ
541 5234 668 5296 τοὺς
726 5237 857 5309 ὑπὲρ
916 5239 1110 5313 ἀρετῆς
1170 5239 1382 5312 ἀγῶνας
1418 5260 1430 5271 ·
1492 5241 1619 5296 ἀλλ’
1668 5243 1712 5296 εἰ
1756 5244 1847 5297 καὶ
1884 5243 1944 5298 τὸ

290 5328 428 5399 αἷμα
459 5328 651 5399 χεῦσαι
695 5323 794 5394 δεῖ,
849 5327 981 5398 μετὰ
1038 5333 1212 5404 χαρᾶς
1269 5330 1633 5403 ποιησόμεθα,
1667 5337 1799 5385 Θεοῦ
1865 5330 1945 5386 ἐν·

293 5416 583 5490 ισχύοντος
616 5412 703 5470 διὰ
733 5419 841 5470 τῶν
876 5421 984 5470 σῶν
1011 5417 1179 5490 ἁγίων
1211 5423 1556 5495 προσευχῶν.

365 5686 390 5723 ³
419 5685 599 5754 Galat,
633 5703 673 5758 ι,
705 5688 759 5743 8.
834 5685 859 5722 ³
889 5686 1096 5743 Ezech.
1125 5704 1267 5758 χχιι,
1295 5689 1384 5750 26.

622 5787 882 5850 Parnm.
930 5788 1039 5848 Gn.
1088 5789 1294 5850 XCIX.

2040 3368 2266 3423 fortiter
2295 3367 2574 3436 feremus,
2619 3365 2720 3422 Dei
2761 3365 2976 3420 virtute
3026 3382 3091 3420 ac
3147 3365 3424 3436 precibus
3473 3366 3610 3420 tuis.
3643 3369 3685 3421 A

2041 3462 2155 3512 Deo
2187 3455 2475 3528 siquidem
2539 3461 2628 3511 est
2684 3455 2778 3510 hic
2838 3470 3125 3521 secessus,
3183 3453 3268 3510 sic
3327 3454 3684 3526 approbante

2040 3547 2278 3603 omnino
2311 3561 2401 3601 res
2431 3549 2682 3614 nostras;
2716 3545 2982 3614 viresque
3014 3544 3435 3614 suppeditante.
3466 3545 3681 3600 Facun-

2046 3635 2203 3690 diam
2235 3650 2430 3690 eorum
2466 3633 2563 3705 qui
2595 3637 2650 3688 te
2681 3650 2713 3688 a
2752 3633 2996 3689 veritate
3025 3633 3320 3689 dimovere
3377 3638 3678 3698 conantur,

2043 3724 2192 3780 haud
2227 3739 2522 3794 quaquam
2557 3723 2922 3791 reformides,
2958 3723 3135 3777 Pater.
3172 3721 3426 3792 Simplex
3462 3739 3680 3777 sermo.

2044 3813 2138 3869 Ait
2167 3813 2322 3868 enim
2357 3813 2588 3884 uspiam
2633 3817 2872 3868 sanctus
2924 3811 3279 3883 Epiphanius
3327 3812 3385 3866 in
3425 3811 3680 3866 oratione

2043 3920 2148 3959 sua
2180 3903 2250 3958 de
2280 3901 2576 3970 Paschate,
2610 3901 2797 3971 qualis
2829 3900 2908 3956 sit
2937 3901 3130 3970 homo,
3158 3909 3360 3970 praeter
3379 3915 3446 3954 ea
3467 3915 3596 3970 quae
3621 3900 3679 3954 in

2045 3991 2255 4046 divinis
2287 3991 2522 4046 Litteris
2545 3991 2761 4062 scripta
2800 3995 2956 4057 sunt,
3004 3989 3340 4056 consultus;
3395 4005 3463 4044 ex
3515 3989 3680 4044 corde

2047 4080 2327 4152 loquitur,
2361 4085 2416 4136 et
2445 4084 2675 4146 enarrat
2709 4081 2983 4134 mandata
3013 4078 3340 4133 hominum.
3373 4078 3440 4132 Et
3478 4078 3548 4133 de
3592 4077 3682 4132 his

2045 4171 2190 4242 ipsis
2239 4169 2497 4242 Apostoli
2553 4171 2728 4226 verba
2786 4171 3112 4242 producens
3166 4185 3180 4223 :
3242 4169 3406 4233 Licet,
3465 4167 3682 4239 inquit,

2044 4262 2275 4332 angelus
2313 4261 2376 4314 de
2405 4262 2536 4316 ειειο
2565 4263 2658 4329 sit,
2683 4259 2981 4315 anathema
3010 4259 3099 4313 illi
3119 4262 3160 4312 2.
3194 4260 3316 4322 Quo
3346 4260 3542 4312 autem
3573 4273 3688 4310 nu-

2046 4366 2204 4406 mero
2229 4347 2376 4403 illud
2425 4348 2787 4415 consbimus,
2834 4345 3144 4402 Sacerdotes
3191 4347 3302 4400 mei
3355 4352 3689 4415 contempse-

2050 4447 2178 4495 runt
2210 4438 2382 4506 legem
2429 4454 2630 4506 meam,
2665 4443 2718 4492 et
2756 4437 3076 4508 polluerunt
3122 4438 3443 4490 sanctuaria
3487 4433 3694 4489 meas?

2051 4528 2204 4600 quod
2237 4526 2529 4598 prophetae
2560 4527 2781 4582 dictum
2817 4541 3106 4597 usurpans
3127 4524 3449 4595 Theologus
3482 4524 3539 4578 in
3572 4539 3697 4578 ma-

1717 4614 1844 4670 ἀλλ’
1875 4617 1941 4684 ἦν
1978 4636 2019 4700 ι)
2051 4636 2165 4690 gno
2196 4617 2574 4694 Apologelico,
2609 4616 2730 4671 haec
2761 4615 2922 4670 addit
2955 4633 2967 4670 :
3002 4616 3248 4670 Profana
3276 4621 3330 4669 et
3378 4629 3547 4669 sacra
3577 4628 3695 4666 non

2054 4712 2524 4783 distinguebant,
2557 4708 2655 4762 sed
2701 4706 2898 4762 omnia
2947 4705 3064 4760 illis
3114 4704 3449 4758 communia
3512 4709 3694 4758 erant.

2050 4807 2231 4870 Quam
2269 4800 2448 4857 multa
2479 4805 2614 4854 sunt
2645 4796 2777 4866 alia,
2810 4796 2857 4850 si
2893 4795 3027 4867 quis
3060 4797 3259 4850 audire
3301 4793 3486 4849 velit?
3530 4793 3700 4847 Desi-

2051 4901 2191 4949 nant
2221 4907 2378 4963 ergo,
2415 4888 2512 4960 qui
2561 4885 2723 4942 falsis
2781 4885 3147 4941 sermonibus
3204 4887 3542 4954 pervertunt
3597 4880 3697 4936 Dei

2051 4981 2373 5047 veritatem,
2401 4975 2627 5045 sibique
2659 4972 2804 5044 ipsis
2836 4972 3160 5027 attendant.
3191 4971 3305 5025 Nos
3355 4969 3505 5024 enim
3566 4983 3698 5021 cum

2053 5069 2427 5142 perspicuum
2488 5063 2564 5120 sit
2616 5062 2982 5129 mandatum,
3043 5064 3101 5115 et
3167 5059 3358 5130 ignem
3419 5061 3699 5112 aternum

2053 5155 2562 5232 prrevaricantibus
2643 5153 2917 5219 minetur,
2979 5165 3348 5220 nequaquam
3425 5147 3702 5202 cedemus

2053 5248 2326 5306 humanis
2357 5244 2671 5301 terroribus
2701 5245 2802 5297 aut
2823 5239 3164 5312 suppliciis;
3197 5255 3336 5306 non,
3358 5253 3456 5308 per
3493 5252 3703 5291 susce—

2055 5343 2155 5410 pta
2205 5354 2304 5410 pro
2354 5335 2596 5392 veritate
2655 5332 2992 5388 certamina.
3037 5329 3186 5393 Quin
3247 5327 3298 5382 si
3356 5326 3702 5395 sanguinem

2056 5427 2407 5498 profundere
2431 5439 2578 5494 opus
2601 5421 2944 5490 sit,libentes
2958 5423 3134 5489 atque
3159 5416 3373 5471 hilares
3396 5413 3706 5486 profunde-

2056 5533 2210 5588 mus,
2247 5518 2357 5572 Deo
2388 5530 2494 5570 nos
2527 5528 2627 5584 per
2656 5514 2888 5567 sanctas
2912 5523 3116 5581 preces
3136 5510 3268 5562 tuas
3291 5502 3703 5562 corroborante

3298 5783 3376 5840 29
