4090 6288
484 396 599 455 907

475 617 695 673 bonum
727 619 959 674 certasti
980 622 1272 674 certamen
1302 619 1324 650 ‘
1357 635 1370 672 :
1405 635 1476 674 ne
1507 619 1844 672 deseramus
1868 631 1994 679 nos,
2020 614 2118 670 lux

478 721 628 772 mea,
660 711 718 762 et
747 705 972 763 viscera
995 723 1123 762 mea
1159 725 1170 762 :
1207 724 1280 762 ne
1321 723 1420 776 pro
1451 708 1658 777 exiguo
1689 710 1747 761 et
1782 704 1940 759 brevi
1971 704 2117 759 laeti-

478 795 566 849 tiae
598 795 808 862 fructu,
845 797 1066 852 beatam
1094 796 1268 851 vitam
1312 797 1675 852 amittamus.
1726 795 1808 850 Ne
1859 811 2117 865 praesen-

471 885 621 939 tium
654 902 846 940 rerum
874 886 1245 956 jucunditate
1278 886 1550 957 capiaris,
1573 901 1712 940 neve
1765 885 1836 939 ad
1868 883 2114 939 tribula-

469 975 657 1031 tiones
688 978 1062 1044 suecumbas,
1097 977 1290 1033 frater.
1331 976 1459 1032 Noli
1489 982 1646 1045 terga
1677 976 1832 1029 dare.
1867 973 2114 1028 Gavisus

469 1069 559 1118 est
589 1065 875 1135 Christus,
908 1067 1108 1121 videns
1141 1074 1192 1121 te
1222 1083 1330 1121 sua
1360 1083 1528 1121 causa
1567 1064 1944 1136 ﬂagellatum.
1969 1067 2114 1118 Cave

464 1151 630 1209 illum
655 1155 986 1223 contristes,
1011 1157 1215 1212 dilecte
1235 1157 1335 1223 mi,
1359 1156 1444 1212 vel
1471 1155 1827 1212 colletantes
1855 1153 2110 1225 angelos,

464 1243 553 1297 vel
585 1244 885 1300 dominum
917 1247 1170 1314 Patrem,
1205 1246 1314 1313 vel,
1347 1261 1472 1317 qua:
1506 1261 1611 1300 nos
1653 1244 1875 1315 Spiritu
1913 1247 2111 1298 sancto

465 1335 636 1390 enixa
664 1341 773 1404 est,
803 1337 1193 1392 venerandam
1244 1337 1510 1402 Matrem,
1572 1334 1658 1390 vel
1718 1335 1918 1390 fratres
1976 1339 2110 1388 tuos

465 1439 690 1492 omnes,
715 1441 924 1499 meque
962 1425 1272 1498 praecipue,
1296 1441 1470 1497 quem
1502 1440 1691 1480 amare
1712 1428 1767 1479 te
1788 1423 1949 1480 dicis.
1969 1425 2110 1479 Tres

465 1529 669 1570 sumus
692 1531 862 1572 carne
885 1517 1114 1585 fratres,
1148 1515 1328 1571 simus
1352 1519 1409 1569 et
1429 1515 1640 1586 spiritu
1677 1531 1691 1567 :
1732 1529 1800 1569 ne
1823 1513 2109 1568 violemus

461 1619 694 1660 sacrum
761 1608 818 1659 et
873 1604 1124 1660 divinum
1184 1619 1494 1660 numerum
1539 1619 1947 1674 :exponamus
2000 1619 2108 1658 nos

461 1691 619 1762 ipsos
643 1711 745 1764 pro
774 1693 875 1749 Dei
904 1696 1178 1751 mandato
1209 1696 1276 1750 ad
1319 1693 1699 1765 supplicium,
1744 1698 1808 1747 ut
1839 1692 1896 1746 in
1937 1695 2104 1746 aeter-

459 1797 601 1836 num
634 1784 922 1840 vivamus.
955 1785 1112 1848 Quod
1146 1788 1437 1855 superest,
1470 1783 1705 1838 solliciti
1749 1782 1945 1848 etiam,
1996 1783 2103 1836 Pa—

1730 395 1792 453 S.
1840 391 2238 453 THEODORI
2285 391 2646 454 STUDI'NE

554 527 811 584 Viriliter
866 543 970 599 age
1024 537 1077 582 et
1135 532 1222 594 tu,
1281 527 1513 582 domine
1571 527 1748 580 frater
1804 525 2074 596 Euthymi
2108 541 2120 577 :
2155 525 2209 592 Α

3762 399 3883 460 908

2313 521 2592 599 Ἀνδρίζου
2649 522 2742 580 οὖν
2796 526 2882 579 καὶ
2940 529 3124 596 αὐτὸς,
3186 527 3385 608 ἀδελφέ
3429 536 3551 604 κῦρι
3590 533 3879 605 Εὗθόμιε·

2226 613 2393 667 καλὸν
2427 614 2606 688 ἀγῶνα
2645 614 2905 689 ἠγωνίσω
2939 637 2949 648 ·
2998 620 3072 689 μή
3119 618 3536 696 ἀπολειφθῶμεν
3586 619 3876 692 ἀλλήλων,

2227 706 2342 778 φῶς
2391 703 2520 775 ἐμὸν
2560 705 2650 758 καὶ
2699 703 3012 780 σπλάγχνον
3064 709 3138 779 μή
3197 706 3266 763 δι’
3315 708 3515 785 ὀλίγην
3576 712 3666 768 καὶ
3712 713 3878 786 πρόσ-

2225 813 2411 867 καιρον
2495 794 2709 866 εὐζωίν,
2769 795 3124 871 ἀπολέσωμεν
3199 800 3297 868 τήν
3372 802 3639 872 μακαρίαν
3701 805 3872 872 ζωήν.

2226 884 2314 951 Μὴ
2347 883 2581 961 τερφθῇς
2627 891 2743 948 τοῖς
2772 890 3032 960 παροῦσιν
3081 885 3258 957 ἡδέσι,
3307 891 3395 943 καί
3445 888 3685 964 ὀκλάσῃς
3733 892 3876 965 πρὸς

2222 973 2290 1025 τὰ
2333 968 2579 1047 θλιϐερὰ,
2613 972 2657 1025 ὦ
2716 972 2931 1051 ἀδελφέ.
2989 979 3076 1045 Μὴ
3137 975 3320 1051 δώσῃς
3377 983 3540 1036 νῶτα.
3603 979 3871 1056 Ἐτέριρθη

2225 1059 2316 1114 οὖν
2349 1063 2376 1115 ὁ
2399 1063 2647 1134 Χριστὸς,
2683 1061 2811 1116 ἰδών
2842 1086 2897 1117 σε
2939 1067 3272 1138 τυπτόμενον
3330 1069 3460 1143 ὑπὲρ
3517 1069 3684 1122 αὐτοῦ
3718 1089 3730 1100 ·
3794 1071 3871 1141 μὴ

2226 1151 2472 1224 λυπήσῃς
2506 1151 2688 1222 αὐτὸν,
2721 1154 2962 1226 ἁγαπητέ
3012 1176 3139 1228 μου,
3197 1153 3337 1229 μηδὲ
3386 1156 3514 1219 τοὺς
3543 1158 3878 1233 περιχαρέν-

2219 1261 2315 1302 τας
2356 1239 2645 1317 ἀγγέλους,
2695 1239 2835 1314 μηδὲ
2881 1245 2970 1298 τὸν
3034 1244 3229 1320 Κύριον
3280 1247 3370 1300 τὸν
3434 1248 3667 1322 Πατέρα,
3731 1244 3877 1320 μηδὲ

2219 1333 2319 1400 τὴν
2374 1331 2464 1386 καὶ
2523 1331 2793 1405 Πνεόματι
2853 1335 2989 1408 ἁγίῳ
3037 1332 3338 1390 ὠδίνουσαν
3387 1339 3536 1410 ἡμᾶς
3570 1333 3872 1409 σεϐασμίαν

2219 1419 2463 1494 Μητέρα,
2498 1419 2638 1494 μηδὲ
2667 1420 2797 1484 τοὺς
2829 1421 3100 1501 ἀδελφούς
3128 1447 3222 1480 σου
3271 1427 3474 1488 πάντας
3507 1444 3521 1456 ·
3576 1426 3876 1500 έξαιράτως

2219 1509 2337 1582 ἐμὲ,
2369 1509 2426 1564 ὅν
2459 1509 2635 1586 λέγεις
2667 1508 2842 1586 δῶρον
2865 1511 3068 1591 φιλεῖν.
3103 1517 3264 1589 Τρεῖς
3311 1514 3469 1588 ἐσμεν
3502 1519 3582 1589 (1)
3637 1513 3870 1592 ἀδελροῖ

2217 1600 2278 1653 τὸ
2331 1598 2469 1653 κατὰ
2519 1599 2708 1674 σάρκα,
2769 1595 2905 1655 ἔστω
2957 1603 3046 1656 καὶ
3102 1603 3164 1658 τὸ
3228 1604 3363 1658 κατά
3421 1609 3634 1678 πνεῦμα
3694 1625 3707 1637 ·
3789 1606 3871 1676 μή

2215 1686 2567 1759 ἀτιμάσωμεν
2625 1690 2717 1743 τὸν
2773 1690 2958 1762 τίμιον
3026 1692 3113 1745 καὶ
3190 1694 3476 1766 θεαρχικὸν
3553 1693 3788 1766 ἀριθμόν
3854 1711 3871 1724 ⁸

2215 1773 2393 1850 δῶμεν
2455 1777 2674 1840 ἑαυτοὺς
2735 1779 2865 1853 ὑπὲρ
2932 1779 3160 1850 ἐντολῆς
3237 1787 3370 1836 Θεοῦ
3444 1783 3695 1857 πάσχειν,
3773 1781 3875 1836 ’ίνα

455 1881 567 1942 ter,
599 1892 808 1932 sumus
829 1876 898 1931 de
917 1876 1152 1948 reliquis
1177 1877 1450 1931 fratribus
1475 1876 1692 1930 nostris
1719 1874 2098 1940 dulcissimis,

2216 1868 2464 1938 ζήσωμεν
2492 1868 2586 1922 τάν
2620 1867 2809 1926 αἰῶνα.
2844 1870 2998 1940 Λύπη
3050 1867 3096 1924 δ’
3140 1869 3232 1924 οὖν
3286 1874 3420 1944 ἡμῖν
3471 1872 3603 1941 ἐστι,
3667 1873 3869 1946 Πάτερ,

457 1980 632 2035 quam
667 1965 970 2021 recteillos
999 1965 1279 2021 Dominus
1310 1964 1603 2020 direxerit.
1641 1964 1755 2019 Hoc
1787 1963 1942 2018 enim
1978 1980 2106 2034 pec-

455 2061 677 2108 calores
703 2070 956 2114 oramus.
991 2059 1055 2108 ut
1093 2055 1216 2125 ipse
1267 2053 1498 2108 illorum
1543 2057 1778 2108 curator
1827 2053 1922 2118 sit,
1973 2053 2102 2106 dis-

455 2148 751 2214 pensator,
785 2148 840 2199 et
871 2145 1095 2207 ductor,
1129 2148 1299 2215 prout
1349 2143 1473 2215 ipse
1522 2144 1680 2198 novit
1726 2148 1783 2197 et
1821 2143 1988 2212 jubet
2044 2148 2101 2196 et

454 2232 601 2294 vult,
635 2249 723 2286 res
751 2233 986 2288 illorum
1018 2233 1453 2290 administrans.
1500 2233 1714 2287 Revera
1761 2232 1913 2286 enim
1958 2233 2096 2288 ube-

455 2337 549 2376 res
582 2339 684 2392 pro
729 2322 842 2376 illis
891 2322 1174 2392 lacrymas
1234 2322 1583 2389 fundimus;
1636 2339 1978 2392 semperque
2036 2323 2092 2375 in

458 2411 642 2465 oculis
675 2412 885 2466 nostris
915 2410 1144 2466 illorum
1170 2411 1362 2465 vultus
1393 2417 1713 2474 versantur,
1737 2427 1874 2481 qum
1894 2428 2093 2466 eorum

457 2517 656 2570 preces
707 2501 1085 2570 imploramus
1136 2500 1398 2555 subsidio
1447 2501 1810 2571 negligentim
1861 2505 2092 2554 nostrze.

451 2583 867 2641 Verumtamen
909 2594 962 2640 tu
1015 2604 1116 2658 pro
1173 2587 1449 2641 omnibus
1494 2603 1748 2658 precare,
1812 2592 1997 2652 Pater,
2033 2591 2096 2642 ut

449 2676 796 2747 patientiam
855 2676 1268 2748 adipiscamur,
1330 2675 1686 2742 felicitatem,
1757 2677 2091 2747 praesidium

453 2781 488 2819 a
523 2765 656 2832 Deo,
689 2769 746 2821 et
775 2765 1057 2820 auxilium
1107 2767 1384 2820 adversus
1433 2764 1651 2821 diaboli
1693 2767 2044 2822 tentationes
2077 2782 2090 2820 ε

451 2861 526 2914 et,
560 2855 709 2922 quod
745 2855 854 2910 Deo
879 2854 1180 2925 placuerit,
1215 2859 1277 2910 ut
1327 2860 1381 2910 te
1441 2855 1500 2909 in
1560 2870 1752 2922 carne,
1790 2859 1892 2910 aut
1949 2855 2093 2912 alios

446 2943 653 2998 fratres
683 2951 912 3000 nostros
942 2945 1242 2999 videamus
1277 2960 1290 3000 :
1325 2944 1442 3012 fiat,
1500 2944 1618 3000 fiat.
1656 2945 2004 3008 Quaesumus
2038 2949 2094 3000 et

447 3032 733 3088 audemus
764 3048 832 3088 ex
872 3032 1040 3089 nobis
1093 3033 1346 3089 salutare
1403 3032 1633 3089 dulcem
1691 3033 1925 3089 fratrem
1985 3049 2091 3089 no-

446 3126 657 3190 strum,
690 3122 738 3178 si
770 3126 961 3178 tecum
1002 3127 1110 3191 est,
1174 3129 1270 3177 aut
1328 3123 1377 3178 si
1437 3123 1573 3194 quis
1632 3121 1786 3178 alius
1843 3123 2086 3178 fratrum

447 3216 802 3280 nostrorum,
846 3213 1114 3284 quisquis
1174 3214 1282 3268 erit
1338 3212 1432 3267 cui
1489 3213 1808 3269 nuntiabis.
1866 3212 2090 3269 Salutat

2217 1957 2426 2034 μεγάλη
2475 1959 2564 2010 καὶ
2625 1953 2711 2011 διὰ
2768 1957 2891 2018 τοὺς
2965 1956 3192 2021 λοιποὺς
3266 1959 3526 2034 γλυκίους
3593 1960 3871 2034 ἀτελφοῦς

3692 2055 3870 2105 Τοῦτο

2210 2137 2312 2211 γὰρ
2364 2136 2437 2198 ὡς
2486 2135 2804 2208 ἁμαρτωλοὶ
2866 2134 3161 2209 εὕχόμεθα,
3220 2136 3314 2191 ’ίνα
3374 2139 3534 2199 αὐτὸς
3595 2159 3870 2212 μερίμνη-

2211 2049 2394 2119 ἡμῶν,
2453 2051 2568 2107 πῶς
2623 2047 2650 2099 ὁ
2728 2047 2922 2120 Κύριος
2991 2045 3327 2118 διευθέτησεν
3402 2050 3612 2112 αὐτοὺς.

2207 2227 2306 2294 τής
2344 2225 2520 2279 αὐτῶν
2572 2226 2816 2298 γένηται,
2867 2223 3170 2296 διοικηττβ,
3213 2225 3438 2302 ὁδηγὸς,
3485 2229 3559 2291 ὡς
3607 2226 3717 2282 οἶδε
3767 2231 3864 2282 καὶ

2209 2312 2439 2380 κελεύει,
2472 2312 2559 2366 καὶ
2609 2312 2776 2380 θέλει,
2808 2314 2872 2366 τὰ
2917 2315 3033 2368 κατ’
3091 2313 3284 2376 αὐτοὺς
3338 2316 3704 2388 πρυτανεύων.
3771 2321 3867 2387 Τῷ

3491 2403 3516 2422 ~

2207 2400 2318 2455 ὄντι
2377 2403 2479 2474 γὰρ
2535 2402 2700 2476 πικρὰ
2753 2399 2956 2475 δάκρυα
3027 2403 3403 2477 ἀποστάζομεν
3488 2403 3558 2458 δι’
3608 2406 3807 2466 αὐτούς
3844 2425 3858 2437 ·

2205 2492 2292 2544 καὶ
2349 2490 2431 2544 ἐπ’
2488 2489 2805 2567 ὀφθαλμοὺς
2858 2493 3017 2562 ἡμῶν
3079 2491 3159 2545 ἀεὶ
3217 2493 3270 2545 αἱ
3320 2491 3469 2565 ὄψεις
3510 2494 3688 2547 αὐτῶν
3717 2501 3868 2549 κεῖν-

2202 2601 2311 2647 ται,
2360 2581 2459 2647 τὴν
2519 2579 2691 2656 εὐχὴν
2751 2581 2931 2634 αὐτῶν
2991 2577 3262 2653 δεομένων
3325 2581 3402 2642 εἷς
3459 2583 3715 2656 βοήθειαν
3756 2592 3866 2654 τῆς

2204 2669 2468 2742 ῥᾳθυμίας
2503 2671 2698 2740 ἡμῶν.
2752 2672 2941 2742 Ὅμως
2991 2667 3178 2742 εὔχου,
3225 2671 3270 2723 ὦ
3313 2671 3506 2746 Πάτερ,
3559 2672 3691 2745 ὑπὲρ
3728 2676 3868 2728 πάν-

2201 2779 2333 2826 των,
2393 2758 2675 2829 ὑπομονὴν
2733 2759 3029 2827 κτήσασθαι
3085 2760 3255 2830 ἡμᾶς,
3315 2757 3589 2834 εὐτυχίαν,
3651 2759 3863 2829 σκέπην

2203 2845 2254 2902 ἓν
2287 2851 2442 2914 Θεοῦ,
2471 2847 2559 2900 καὶ
2593 2848 2850 2920 βοήθειαν
2903 2845 2961 2900 ἐκ
3006 2851 3110 2901 τῶν
3160 2852 3475 2921 πειρασμῶν
3523 2855 3620 2904 τοῦ
3671 2846 3868 2904 διαϐό-

2204 2935 2304 2991 λου
2333 2956 2344 2969 ·
2377 2936 2467 2991 καὶ
2500 2936 2529 2990 ὅ
2558 2935 2768 3008 ἀρέσκει
2798 2940 2876 3007 τῷ
2907 2940 3044 3008 Θεῷ,
3075 2936 3200 3010 περὶ
3241 2941 3336 2991 τοῦ
3394 2937 3444 2991 ἐν
3506 2939 3662 3012 σαρκὶ
3722 2937 3865 2994 ἰδεῖν

2204 3049 2260 3082 σε
2289 3027 2324 3096 ἢ
2356 3028 2483 3088 τοὺς
2515 3023 2782 3103 ἀδελφοὺς
2809 3027 2991 3098 ἡμῶν,
3013 3027 3474 3102 γένοιτο,γένοιτο.
3496 3028 3740 3100 Δεόμεθα
3760 3031 3862 3083 καὶ

2199 3115 2495 3189 τολμῶμεν
2531 3113 2578 3184 ἐξ
2639 3117 2797 3187 ἡμῶν
2857 3120 3284 3190 προσαγορεῦσαι
3315 3118 3404 3171 τὸν
3456 3116 3659 3191 γλυκὺν
3689 3121 3862 3190 ἡμῶν

2203 3203 2461 3280 ἀδελφὸν,
2493 3203 2644 3276 εἷ’περ
2677 3203 2788 3257 ἐστὶ
2843 3204 2978 3275 μετά
3015 3208 3131 3271 σοῦ,
3169 3205 3203 3274 ἢ
3251 3205 3342 3258 καὶ
3391 3203 3565 3267 ἄλλος
3614 3205 3864 3285 ἀδελφὸς

445 3317 672 3356 mecum
706 3305 963 3357 sanctam
996 3301 1252 3358 animam
1275 3306 1436 3356 tuam
1469 3301 1745 3357 dominus
1786 3302 2088 3370 diaconus,

2211 3298 2359 3368 ἡμῶν
2423 3297 2540 3348 οἷον
2597 3293 2658 3347 ἂν
2695 3291 2750 3367 ᾖ,
2809 3293 2904 3346 κᾶν
2961 3293 3170 3370 φθάσῃς
3215 3294 3470 3366 μηνύσαι.
3524 3294 3856 3364 Ἀσπάζεται

446 3393 503 3443 et
531 3393 691 3459 pater
711 3396 926 3457 noster,
953 3391 1220 3462 egregius
1245 3391 1414 3447 frater
1437 3407 1621 3458 meus,
1649 3398 1702 3446 et
1742 3391 1900 3446 ﬁlius
1953 3397 2088 3447 tuus

445 3495 779 3535 meonomus
810 3480 1000 3535 caeteri
1031 3480 1356 3535 honorandi
1381 3480 1589 3536 fratres
1611 3485 1668 3535 et
1693 3481 2083 3536 desiderandi.

444 3568 558 3622 Ora
589 3585 690 3639 pro
724 3569 910 3635 nobis,
942 3569 1125 3637 Pater,
1158 3570 1322 3625 enixe
1353 3573 1409 3624 et
1448 3569 1828 3635 incessanter,
1883 3575 1946 3625 ut
1991 3573 2085 3641 ju-

443 3656 565 3711 bcs.
595 3656 764 3712 Aliud
799 3659 955 3714 enim
986 3659 1174 3714 dicere
1199 3676 1312 3714 non
1357 3659 1664 3714 habemus.

1061 3951 1126 4005 Il.
1163 3982 1226 3990 —
1258 3949 1465 4004 Eidem.

2194 3385 2250 3442 δὲ
2281 3385 2370 3440 σὺν
2426 3383 2546 3448 ἐμοὶ
2597 3385 2696 3453 τήν
2758 3383 2908 3458 ἁγίαν
2964 3404 3060 3437 σου
3117 3385 3303 3458 ψυχὴν
3352 3385 3379 3438 ὁ
3428 3385 3615 3456 χόριος
3665 3384 3857 3439 διακο-

2191 3498 2280 3538 νος
2315 3479 2391 3548 (2)
2420 3473 2511 3528 καὶ
2574 3474 2758 3548 Πατήρ
2808 3475 2993 3546 ἡμῶν,
3025 3473 3053 3526 ὁ
3103 3471 3271 3535 καλός
3305 3495 3410 3546 μου
3462 3471 3720 3550 ἀδελςρὸς,
3754 3477 3853 3529 καὶ

2188 3569 2384 3621 τάκνον
2418 3585 2534 3631 σου,
2570 3565 2598 3617 ὁ
2629 3562 2920 3635 οἰκονόμος
2952 3582 2962 3592 ·
2991 3563 3041 3616 οἱ
3071 3559 3257 3617 λοιποὶ
3287 3562 3463 3634 τίμιοι
3493 3560 3721 3637 ἀδελφοῖ
3755 3567 3853 3619 καὶ

2191 3654 2591 3723 πολυπόθητοι.
2627 3648 2813 3728 Εὕχου
2845 3653 3001 3724 ἡμῖν,
3053 3650 3247 3726 Πᾶτερ,
3289 3653 3502 3726 θερμῶς
3551 3652 3641 3706 καὶ
3685 3650 3855 3706 ἀδια-

2192 3743 2448 3809 λείπτως,
2508 3741 2580 3800 ὡς
2640 3738 2902 3801 κελεύεις.
2962 3739 3022 3793 Τί
3078 3739 3181 3814 γὰρ
3256 3736 3394 3795 ἄλλο
3470 3739 3667 3813 λέγειν,
3748 3742 3853 3796 οὐκ

2192 3828 2217 3885 ἕ
2223 3852 2291 3907 χο
2302 3853 2416 3906 μεν.

2778 3937 2852 3994 B'.
2884 3969 2950 3980 —-
2980 3939 3064 4007 Τῷ
3093 3935 3260 4008 αὐτῷ.

573 4075 842 4125 Platonem
872 4073 1079 4138 magnis
1109 4073 1258 4124 eﬁ‘srt
1288 4073 1566 4124 laudibus:
1589 4075 1720 4128 tum,
1751 4071 2098 4197 uzBiqosnuislce:

1843 4149 1872 4183 a
2035 4149 2058 4182 s

2211 4063 2788 4191 gaitatisfzdcfensione
2819 4065 3142 4123 perseveret,
3169 4076 3355 4110 rursus
3385 4065 3714 4114 cohortatur.

2303 4165 2314 4186 ,
2348 4144 2400 4178 n.
2471 4167 2482 4178 .

2157 4168 2170 4191 ’
2213 4165 2314 4186 συν,
2349 4165 2400 4178 με
2443 4165 2482 4178 υ.

513 4253 642 4308 Jam
676 4255 884 4310 iterum
917 4256 985 4310 ad
1019 4259 1074 4310 te
1129 4254 1341 4318 scribo,
1389 4254 1694 4310 dominum
1752 4257 1809 4308 et
1859 4252 2079 4307 Patrem

443 4357 660 4397 meum.
691 4343 895 4400 Nescio
926 4361 999 4400 an
1032 4343 1254 4400 litteras
1303 4360 1463 4399 meas
1531 4343 1844 4414 acceperis.
1895 4343 2083 4412 Atque

446 4427 502 4480 in
537 4427 650 4482 illis
681 4430 918 4500 quidem
959 4431 1111 4501 quod
1162 4436 1396 4502 tempus
1446 4430 1733 4502 exigebat,
1783 4428 1974 4499 quoad
2024 4427 2083 4481 iu

445 4517 614 4571 nobis
647 4517 775 4584 fuit,
808 4519 1046 4589 indigne
1084 4517 1236 4584 licet,
1270 4519 1480 4574 elocuti
1512 4534 1734 4574 sumus.
1769 4517 1933 4572 Nunc
1955 4532 2086 4570 vero

444 4623 566 4674 qum
599 4613 950 4678 congruunt,
981 4612 1038 4662 et
1098 4608 1434 4680 suppeditat
1489 4607 1665 4674 Deus,
1725 4607 1795 4662 ad
1845 4605 2089 4660 humilis

2264 4242 2566 4317 Δευτερεόω
2623 4240 2742 4317 ἄρτι
2799 4261 3018 4320 γραφῶν
3091 4244 3218 4313 [cod
3290 4244 3501 4314 Regius
3578 4243 3848 4320 ἀντιγρά-

2194 4335 2330 4412 φων]
2391 4335 2524 4408 πρὸς
2580 4333 2669 4386 τὸν
2729 4335 2882 4407 κῦριν
2931 4333 3018 4386 καὶ
3075 4331 3282 4407 Πατέρα
3332 4353 3456 4404 μου.
3491 4332 3600 4387 Οὐκ
3644 4333 3770 4390 οἶδα
3801 4339 3847 4392 εἱ

2194 4421 2360 4494 ἐδέξω
2413 4423 2479 4477 τὰ
2534 4423 2846 4497 γράμματα.
2908 4421 3005 4475 Καὶ
3063 4419 3114 4474 ἐν
3183 4419 3406 4483 ἐκείνοις
3465 4420 3576 4493 οὖν,
3630 4424 3683 4478 εἴ
3714 4447 3766 4480 τι
3819 4429 3845 4481 ὁ

2196 4513 2384 4588 καιρὸς
2410 4511 2628 4580 ἀπήτει,
2657 4511 2747 4565 καὶ
2790 4511 2856 4579 ἦν
2905 4512 3038 4583 ἡμῖν
3078 4509 3154 4572 εἷς
3222 4508 3470 4583 δύναμιν,
3503 4511 3739 4583 ἀναξίως
3800 4515 3843 4591 ὃ6

2199 4600 2314 4668 οὖν,
2347 4603 2500 4673 ὅμως
2542 4600 2924 4677 ἐφθεγξάμεθα.
2971 4599 3069 4653 Καὶ
3110 4598 3228 4673 ἄρτι
3277 4596 3331 4653 δὲ
3376 4599 3473 4654 ὅσα
3523 4598 3842 4676 ἐπιϐάλλει,

444 4696 652 4750 animas
683 4713 813 4751 mea:
853 4697 1183 4763 utilitatem,
1229 4702 1328 4752 aut
1385 4697 1458 4752 ad
1516 4701 1625 4752 tuas
1684 4696 1879 4762 etiam,
1929 4695 2081 4765 quod

2211 4691 2279 4744 ιαὶ
2309 4687 2453 4744 διδοῖ
2481 4691 2610 4751 Θεὸς
2643 4687 2722 4742 ἐπ’
2749 4685 2986 4766 ὠφελείᾳ
3015 4695 3114 4756 τῆς
3162 4694 3422 4757 ταπεινῆς
3472 4711 3577 4761 μου
3628 4695 3839 4768 ψυχῆς,

445 4787 751 4841 audentius
782 4788 931 4856 dico,
954 4787 1456 4858 magnanimitatis
1480 4787 1953 4854 consolationem,
1983 4802 2081 4856 pa-

446 4875 551 4938 ter,
585 4873 874 4942 adjiciam.
909 4879 1027 4928 Hoc
1059 4875 1239 4941 enim,
1273 4878 1335 4926 ut
1363 4873 1504 4927 alias
1553 4889 1726 4943 saepe,
1785 4872 1866 4927 ita
1926 4887 2079 4925 nunc

444 4961 572 5016 dico
603 4980 668 5018 ac
701 4964 972 5034 profiteor
1006 4980 1018 5016 :
1061 4963 1108 5016 si
1142 4979 1257 5032 qua
1282 4963 1336 5017 in
1373 4979 1464 5016 me
1503 4968 1592 5016 est
1626 4962 1856 5015 dicendi
1887 4962 1994 5027 vis,
2026 4965 2082 5015 et

443 5052 691 5107 facultas
749 5053 1046 5107 scribendi
1105 5050 1643 5122 quantulacunque,
1680 5066 1792 5104 non
1854 5057 2082 5120 propter

447 5158 536 5196 me
568 5141 854 5197 infelicem
890 5140 1177 5196 famulum
1211 5144 1375 5193 tuum
1409 5139 1604 5193 datam
1639 5139 1835 5204 fuisse,
1869 5139 1966 5193 sed
1998 5138 2080 5193 tui

514 5304 536 5336 ⁴
567 5307 611 5359 Ι.
639 5301 792 5358 Tim.
828 5317 900 5366 1v,
932 5300 988 5353 7.

2189 4779 2224 4848 ἢ
2255 4781 2343 4834 καί
2375 4781 2509 4854 πρὸς
2543 4781 2900 4854 παρηγορίαν.
2932 4777 3154 4851 τολμῶν
3214 4776 3383 4852 λέγω,
3430 4785 3530 4848 τῆς
3591 4785 3692 4846 σῆς
3751 4806 3839 4858 με.

2190 4868 2560 4948 γαλοψυχίας,
2591 4870 2636 4922 ὦ
2684 4872 2876 4944 Πάτερ,
2921 4871 3352 4943 προσερήσομεν.
3401 4874 3568 4924 Τοῦτο
3622 4870 3704 4942 δὲ,
3767 4876 3840 4936 ὡς

2189 4958 2484 5027 πολλάκις,
2517 4961 2605 5014 καὶ
2637 4963 2727 5012 νῦν
2760 4957 2903 5034 λέγω
2933 4959 3020 5012 καὶ
3051 4958 3433 5032 ἀπολογοῦμαι
3470 4980 3481 4993 ·
3526 4961 3608 5014 ὅτι
3653 4961 3708 5016 εἷ’

2192 5047 2354 5124 λόγος
2385 5047 2437 5103 ἐν
2471 5048 2594 5122 ἐμοὶ
2619 5049 2708 5102 καὶ
2751 5045 3126 5118 ἐπιτηδειότης
3159 5053 3272 5110 πῶς
3313 5069 3443 5102 ποτε
3495 5052 3668 5125 μικρά
3711 5057 3835 5127 περὶ

3751 4986 3838 5025 τις

2189 5144 2284 5194 τοῦ
2315 5142 2560 5215 γράφειν,
2598 5139 2658 5193 οὐ
2691 5137 2763 5193 δι’
2793 5138 2888 5210 ἐμὲ
2927 5139 3018 5193 τὸν
3061 5138 3242 5192 ἄθλιον
3291 5135 3486 5192 δοῦλόν
3521 5161 3619 5193 σου
3663 5140 3843 5197 δεδώ-

2031 5419 2075 5474 Ν
2083 5419 2256 5477 ΟΤιΕ.

515 5565 1721 5642 (1)TpsicjcpsvtThAeodorus,Josephus,
1757 5570 1853 5642 qui
1895 5573 2084 5628 ambi-

445 5638 750 5715 episcopus
778 5638 1306 5715 Thessalonicensis
1333 5639 1458 5715 fuit,
1483 5638 1923 5715 et‘Euthymius,
1977 5663 2084 5701 su-

446 5709 551 5790 pra
579 5709 956 5770 in'Theodori
985 5709 1136 5780 Vita,
1170 5726 1329 5768 num.
1360 5712 1417 5771 7.

2262 5574 2564 5653 (3)3690;
2600 5570 2890 5653 διάκονος.
2952 5574 3115 5653 Forte
3171 5570 3552 5653 Naucratius;
3591 5577 3662 5633 de.
3725 5597 3843 5653 quo

2195 5647 2256 5701 in
2283 5647 2566 5703 Theodori
2600 5648 2748 5716 Vita,
2774 5665 2934 5704 num.
2970 5649 3092 5712 125,
3138 5648 3207 5702 ad
3264 5662 3432 5718 quem
3489 5647 3841 5709 Theodorus

2195 5720 2387 5791 plures
2419 5720 2650 5791 scripsit
2680 5720 2979 5793 epistolas.
