4090 6288
363 401 481 465 909

1641 402 2186 469 EPISTOLARUM
2236 405 2381 467 LIB.
2430 402 2476 467 Ι.

3643 402 3761 465 910

363 557 547 613 ρηται,
598 534 724 591 ἀλλ’
772 531 924 591 ἕνεκα
972 540 1072 592 τοῦ
1108 542 1205 593 τοῦ
1232 535 1475 613 Ιὲχοντος
1517 541 1617 610 τὴν
1649 538 1879 614 ἄφθονον
1909 540 2012 616 χά-

2136 558 2318 611 :ausa,
2351 542 2453 612 qui
2482 539 2777 611 copiosam
2825 539 2887 595 in
2916 539 3090 595 corde
3145 540 3558 596 scaturientem
3617 556 3759 612 gra-

364 647 447 699 ριν
479 624 534 679 ἐν
583 622 779 699 καρδίᾳ
823 624 1186 700 πηγάζουσαν.
1237 628 1336 681 Καὶ
1386 625 1476 681 διὰ
1516 632 1678 683 τοῦτο
1726 627 2011 702 ἡδομένως

361 714 454 769 καὶ
502 715 809 789 χαιρόντως
856 712 1015 790 ἔργον
1080 710 1227 791 ἔχεις
1286 714 1555 772 παιδεύειν
1614 718 1704 773 καὶ
1753 718 2008 796 σοφίζειν,

364 807 430 861 ού
486 805 654 879 μόνον
712 808 880 880 ἡμᾶς,
909 808 1003 869 οὕς
1059 807 1133 869 ὡς
1191 804 1515 887 ἀδελφιδοῦς
1572 809 1841 879 οἰηθέντες
1870 811 2011 872 τινὲς

366 892 778 971 ἀπεσφάλησαν,
827 892 972 949 ἄλλα
1026 896 1115 950 καὶ
1159 897 1359 959 πάντας
1408 896 1567 959 ὅσους
1617 895 1678 952 ἐκ
1712 898 2016 971 πνεύματος

366 983 598 1061 ἤνεγκας
630 983 781 1045 υἱούς
807 1005 866 1040 τε
892 985 984 1040 καὶ
1032 983 1228 1048 παῖδάς
1274 1008 1368 1042 σου
1403 1008 1415 1021 ·
1467 987 1557 1043 καὶ
1605 985 1685 1042 ὅτι
1738 985 2014 1059 άληθεύω,

366 1070 533 1147 ἔδειξε
582 1074 648 1128 τὰ
703 1075 998 1150 πράγματα
1043 1077 1173 1150 ὑπὲρ
1231 1080 1327 1131 σοῦ
1395 1075 1663 1147 ἀληθινοῦ
1727 1082 2013 1150 ποιμένος,

366 1166 465 1217 τοῦ
496 1164 593 1232 τήν
622 1164 808 1237 ψυχὴν
839 1164 1141 1226 τεθεικότος
1178 1166 1312 1242 ὑπὲρ
1348 1163 1502 1221 ἰδίων
1554 1162 1842 1241 προϐάτιον
1869 1187 1881 1200 ·
1941 1170 2014 1230 ὡς

370 1251 433 1305 ἂν
464 1253 539 1325 μὴ
585 1258 1035 1327 παρατραποῖμεν
1085 1253 1187 1327 ἔξω
1233 1276 1340 1310 που
1385 1262 1486 1326 τῆς
1539 1255 1822 1327 ἀληθείας,
1872 1258 2020 1332 αἱρε-

366 1342 647 1415 τισάμενοι
696 1344 829 1416 [ms.
890 1345 1030 1418 Reg.
1081 1343 1464 1420 αἲρησάμενοι]
1509 1345 1656 1421 τάχα
1696 1346 2018 1422 προθύμως,

367 1431 461 1485 καὶ
518 1431 581 1486 τὸ
641 1431 839 1487 οἰκεῖον
894 1433 1032 1506 αἷμα
1104 1438 1356 1492 κενῶσαι.
1414 1433 1561 1506 Αὕτη
1622 1433 1714 1490 οῦν
1761 1430 2023 1507 ποιμένος

367 1518 632 1590 ἀληθινοῦ
680 1517 979 1589 ἐπιστασία,
1027 1518 1385 1598 διελέγχουσα
1431 1522 1562 1586 τοὺς
1608 1520 2019 1597 ψευδωνύμουςν

368 1609 463 1663 καὶ
519 1607 693 1672 ὅντως
750 1607 1068 1684 δεικνυμένη
1119 1614 1197 1683 τῷ
1246 1615 1364 1684 Θεῷ
1410 1613 1501 1667 καὶ
1532 1612 1702 1686 Πατρὶ
1732 1612 1823 1668 καὶ
1854 1614 2019 1688 ἀρχι-

367 1696 589 1770 ποίμιοι
633 1695 866 1770 ἐπάξιος,
911 1699 984 1755 Τὰ
1035 1696 1123 1754 διὰ
1178 1701 1233 1756 σε
1294 1705 1587 1777 τοιγαροῦν
1650 1699 2022 1777 κεχαρισμένα

370 1808 465 1858 μοι
497 1788 801 1864 ὀλιγοστῶς
833 1789 950 1851 πώς
990 1809 1075 1845 σοι
1122 1789 1381 1865 προσάγω
1414 1809 1428 1820 ·
1460 1793 1551 1846 καὶ
1591 1791 1643 1846 εἶ
1689 1789 2021 1865 δρεπόμενος

366 1878 496 1939 τοὺς
555 1883 662 1932 τῶν
732 1874 1180 1951 καταϐληθέντων
1244 1900 1329 1934 σοι
1384 1879 1862 1958 πσλυφροντίστως
1927 1881 2016 1936 καὶ

367 1966 623 2040 ἀφθύνως
672 1965 991 2041 σπερμὸτων
1045 1970 1118 2031 ὡς
1166 1971 1362 2045 ἂγαθὸς
1414 1972 1674 2048 γεωργὸς,
1733 1970 1863 2032 τοὺς
1921 1970 2019 2026 οὐκ

369 2053 472 2110 οἶδ’
505 2055 658 2119 ὅπως
705 2056 920 2131 εἴποιμι
966 2057 1336 2136 ἰσχνῡφόρους
1381 2060 1643 2135 καρπούς,
1676 2060 1734 2115 Τί
1781 2059 1872 2114 οὖν
1904 2059 2017 2115 λοι-

369 2146 471 2200 πὸν
533 2144 670 2201 εἷ’πω
728 2147 1036 2224 πρόσφορον
1096 2147 1187 2202 καὶ
1244 2146 1603 2204 εύαπόδεκτον
1657 2152 1724 2223 τῇ
1781 2153 1848 2223 σῇ
1895 2150 2019 2223 ἁγίᾳ

370 2232 550 2307 ψυχῇ,
585 2235 762 2307 Πάτερ
813 2256 920 2308 μου
963 2234 1266 2310 γλυκύτατε
1300 2255 1314 2305 ;
1365 2236 1446 2298 τίς
1484 2257 1551 2309 με
1597 2233 1873 2307 διέστησεν
1915 2237 2021 2291 ἀπὸ

369 2326 468 2377 τοῦ
518 2327 614 2377 σοῦ
656 2325 944 2387 ἀειποθοῦς
990 2325 1340 2398 προσώ-ποῦς
1384 2333 1484 2395 τῆς
1542 2323 1853 2395 ἡδυλάλοῦς
1911 2348 2022 2380 συν-

366 2410 568 2489 τυχίας
599 2433 615 2483 ;
656 2415 754 2482 τῆς
787 2418 1194 2487 σωτηριοποιοῦ
1226 2411 1497 2489 ὁδηγίας;
1532 2416 1605 2469 Σό
1641 2436 1745 2488 μου
1773 2417 1836 2470 τὸ
1883 2420 2019 2493 φῶς,

374 2500 404 2553 ὁ
433 2501 693 2576 ἀειφανής
725 2499 936 2578 λύχνος
959 2507 1064 2557 τῶν
1092 2501 1152 2557 έν
1184 2505 1342 2578 ψυχῇ
1384 2508 1673 2559 σκοτεινῶν
1734 2503 1973 2579 λογισῶν
2008 2521 2022 2536 ·

379 2583 574 2664 ῥάϐδος
614 2591 1057 2665 ὑποστηρίζουσά
1113 2612 1218 2665 μου
1266 2592 1329 2647 τὸ
1386 2591 1574 2648 ἄτονον
1623 2595 1722 2662 τῆς
1776 2590 2022 2664 καρδίας,

381 2679 606 2751 ἀθυμίας
664 2675 965 2753 μεταϐολὴ,
1033 2680 1340 2756 προθυμίας
1397 2680 1625 2757 ἀλοιφὴ,
1678 2681 2022 2759 εὐαγγέλιον,

377 2770 542 2844 χαρά,
573 2770 759 2843 έορτή,
794 2767 1028 2840 εὐδοξία.
1063 2771 1224 2827 Ἀνευ
1264 2774 1361 2825 σοῦ
1397 2772 1487 2825 καὶ
1519 2772 1546 2826 ὁ
1575 2768 1736 2840 ἥλιός
1788 2793 1881 2845 μοι
1929 2793 2025 2827 κα-

376 2860 579 2937 τηφής,
634 2859 778 2934 Ἐγὼ
824 2859 915 2914 τὸν
974 2859 1104 2934 ἀέρα
1165 2858 1384 2933 βλέπειν
1441 2860 1541 2915 οὐκ
1593 2858 1816 2929 ἤθελον,
1858 2863 1893 2932 ἢ
1933 2862 2023 2916 τὸν

379 2948 471 3002 σὸν
515 2944 878 3022 προσϐλέπειν
929 2952 1272 3027 χαρακτῆρα.
1324 2946 1487 3004 Οὐδέν
1525 2971 1617 3023 μοι
1656 2952 1725 3020 ἦν
1756 2948 1860 3020 ἡδὺ
1916 2955 2024 3005 τῶν

375 3036 463 3091 ἐπὶ
503 3039 626 3111 γῆς,
673 3038 747 3107 μὴ
796 3042 1075 3112 παρούσης
1134 3045 1233 3107 τῆς
1291 3045 1390 3109 σῆς
1446 3038 1749 3096 συνουσίας.
1805 3042 1868 3096 Τί
1925 3041 2027 3115 γὰρ

376 3126 593 3199 Πατρὸς
630 3124 895 3195 ἀληθινοῦ
951 3128 1348 3202 ποθεινότερον,
1395 3128 1486 3182 καὶ
1542 3132 1704 3184 τοῦτο
1752 3126 1840 3183 ἐπὶ
1896 3132 2030 3184 Θεοῦ

376 3207 801 3287 λαμϐανόμενον
837 3232 852 3282 ;
884 3212 1008 3270 ora;
1037 3219 1200 3271 τοῦτο
1253 3220 1382 3278 παῖς
1429 3215 1775 3293 φιλόπάτωρ,
1816 3216 1905 3271 καὶ
1941 3215 2029 3271 ὄν-

2119 629 2258 685 tiam
2293 631 2495 685 habes.
2530 629 2786 700 Indeque
2811 627 2939 683 laeto
2970 645 3035 683 ac
3062 628 3263 683 libenti
3294 629 3492 683 animo
3522 630 3577 684 id
3612 631 3758 701 agis,

2119 724 2183 776 ut
2233 719 2441 776 doceas
2495 722 2551 773 et
2608 717 2863 787 erudias,
2919 732 3037 772 non
3077 718 3248 773 modo
3290 734 3415 788 nos,
3461 734 3609 790 quos
3658 737 3762 792 pro

2120 807 2436 881 nepotibus
2466 806 2743 862 habentes
2766 807 3004 877 quidam
3027 806 3404 876 aberrarunt;
3430 807 3532 864 sed
3557 825 3765 867 omnes

2122 900 2286 965 adeo,
2313 900 2603 969 quotquot
2631 912 2700 952 ex
2729 896 2938 967 spiritu
2972 895 3123 952 ﬁlios
3154 897 3487 967 procreasti.
3511 898 3580 953 Et
3610 902 3764 970 quod

2123 988 2234 1058 aio,
2264 1005 2466 1044 verum
2504 1004 2629 1044 esse
2660 1002 2753 1043 res
2784 988 3108 1043 docuerunt
3137 988 3208 1042 de
3226 992 3284 1043 te
3330 1004 3463 1045 vero
3511 993 3763 1061 pastore,

2123 1078 2219 1150 qui
2250 1095 2350 1151 pro
2378 1077 2494 1133 tuis
2523 1077 2726 1132 ovibus
2755 1076 3010 1132 animam
3045 1076 3314 1146 posuisti,
3347 1093 3420 1132 ne
3449 1094 3702 1149 usquam
3732 1096 3767 1136 α

2124 1167 2363 1223 veritate
2403 1165 2787 1222 deﬁ‘ectamus
2813 1185 2827 1234 ;
2860 1165 3051 1237 parati
3080 1164 3168 1221 vel
3200 1167 3541 1239 sanguinem
3571 1169 3764 1241 ipsum

2126 1272 2242 1313 non
2286 1260 2519 1328 gravate
2548 1254 2920 1326 profundere.
2955 1253 3083 1309 Haac
3114 1254 3311 1326 itaque
3356 1257 3471 1312 veri
3521 1259 3768 1327 pastoris

2127 1352 2214 1403 est
2241 1345 2564 1418 vigilantia,
2596 1344 2775 1401 falsos
2822 1345 3196 1417 redarguens,
3228 1350 3285 1401 et
3323 1346 3435 1404 Deo
3492 1364 3559 1403 ac
3591 1348 3768 1418 Patri,

2127 1445 2541 1507 pastorumque
2571 1433 2825 1505 Principi
2864 1449 2995 1489 vere
3050 1434 3288 1506 dignam
3343 1451 3407 1492 se
3462 1436 3766 1494 exhibens.

2129 1527 2266 1593 Quae
2285 1525 2465 1596 igitur
2486 1529 2720 1596 propter
2738 1527 2795 1579 te
2819 1522 2963 1578 mihi
2995 1522 3175 1595 gratis
3203 1539 3481 1581 concessa
3509 1525 3769 1596 fuerunt,

2129 1614 2252 1670 haec
2279 1614 2385 1668 tibi
2417 1614 2619 1683 exigua
2650 1612 2901 1683 quadam
2949 1627 3017 1668 ex
3049 1619 3208 1683 parte
3239 1614 3413 1671 offero
3447 1630 3461 1669 :
3496 1620 3553 1670 et
3594 1617 3769 1672 semi-

2129 1719 2270 1761 num
2302 1718 2427 1774 quae
2459 1717 2673 1773 magna
2712 1715 2849 1756 cura
2878 1700 3111 1773 copiose
3166 1704 3458 1773 sparsisti,
3493 1708 3768 1776 tanquam

2128 1795 2320 1850 bonus
2352 1790 2627 1865 agricola,
2667 1790 2884 1847 exhiles
2917 1790 3113 1847 nescio
3143 1806 3293 1863 quos
3323 1793 3548 1849 fructus
3575 1796 3767 1851 metis.

2133 1883 2279 1952 Quid
2310 1897 2446 1953 ergo
2477 1895 2800 1952 congruum
2831 1880 2904 1935 de
2945 1888 3168 1947 caetero.
3202 1887 3535 1954 sanctisque
3564 1885 3774 1941 animm

2128 1979 2237 2028 tuas
2267 1975 2590 2043 acceptum,
2609 1968 2944 2024 dulcissime
2972 1973 3157 2040 pater,
3191 1973 3479 2040 proferam
3502 1972 3530 2027 ‘l
3560 1974 3775 2046 Ecquis

2130 2078 2223 2118 me
2263 2078 2297 2116 a
2321 2075 2553 2131 semper
2580 2058 2836 2131 optanda
2867 2058 3008 2113 facie
3038 2064 3142 2114 tua
3170 2060 3498 2130 disjunxit?
3526 2078 3560 2118 a
3589 2064 3777 2119 suavi-

2130 2151 2301 2221 loquo
2330 2164 2644 2217 congressu
2675 2146 2704 2201 ?
2743 2165 2775 2202 a
2804 2146 3043 2202 salutari
3092 2149 3265 2203 ductu
3297 2150 3325 2203 ‘l
3352 2150 3439 2205 Tu
3490 2150 3588 2207 lux
3620 2168 3768 2219 mea,

2128 2244 2191 2295 tu
2266 2254 2494 2307 semper
2565 2237 2883 2308 splendens
2956 2236 3192 2292 lucerna
3277 2240 3772 2297 tenebricosarum

2132 2329 2340 2385 anima:
2396 2326 3049 2398 cogitationumzvirgo
3110 2327 3299 2383 cordis
3356 2329 3469 2383 mei
3530 2329 3772 2402 languo-

2133 2434 2256 2473 rem
2290 2416 2558 2484 fulciens,
2593 2415 2859 2470 maaroris
2900 2415 3253 2487 proﬂigatio,
3284 2416 3599 2474 alacritatis
3628 2434 3774 2474 con-

2134 2507 2374 2573 ciliatio,
2404 2506 2626 2561 bonum
2659 2503 2952 2575 nuntium,
2984 2504 3278 2573 gaudium,
3306 2505 3541 2577 festum,
3572 2505 3775 2579 gloria.

2133 2597 2271 2653 Sine
2299 2599 2356 2651 te
2386 2593 2471 2649 sol
2502 2593 2628 2666 ipse
2658 2593 2799 2648 mihi
2832 2593 3231 2663 injucundus:
3275 2610 3403 2651 aere
3429 2595 3554 2665 ipso
3587 2611 3780 2653 carere

2136 2682 2448 2751 malebam,
2482 2698 2657 2753 quam
2690 2682 2809 2737 oris
2855 2681 2940 2737 tui
2965 2692 3272 2754 conspectu
3303 2684 3582 2740 fraudari.
3619 2685 3777 2743 Nihil

2136 2774 2403 2832 omnium
2423 2788 2552 2844 quas
2578 2772 2634 2825 in
2658 2775 2814 2826 terra
2836 2778 2997 2841 sunt,
3019 2788 3193 2828 suave
3218 2774 3361 2828 mihi
3384 2790 3512 2830 esse
3535 2779 3778 2843 poterat,

2138 2865 2187 2921 si
2220 2863 2572 2920 consuetudo
2603 2865 2704 2916 tua
2748 2862 2994 2916 deesset.
3030 2862 3175 2926 Quid
3227 2864 3382 2917 enim
3414 2879 3546 2919 vero
3577 2868 3634 2919 et
3686 2880 3781 2920 se-

2137 2955 2393 3010 cundum
2425 2951 2605 3007 Deum
2660 2954 2822 3021 patre
2868 2948 3181 3022 optabilius
3210 2950 3238 3004 ‘l
3265 2950 3435 3006 Novit
3465 2952 3574 3007 hoc
3623 2952 3780 3009 ﬁlius

2139 3041 2318 3114 patris
2349 3057 2576 3108 amans,
2602 3055 2667 3095 ac
2695 3055 2827 3094 vere
2856 3054 3190 3110 germanus.
3223 3039 3370 3104 Quid
3401 3039 3604 3097 multis
3635 3057 3782 3113 opus

2139 3135 2229 3188 est
2254 3127 2491 3185 verbis?
2525 3128 2713 3184 Dicam
2748 3128 2901 3197 quod
2945 3127 3087 3183 mihi
3117 3128 3343 3184 accidit.
3376 3130 3782 3200 Saepenumero

2140 3217 2319 3285 enim,
2348 3216 2585 3272 tametsi
2617 3216 2686 3271 ad
2729 3231 2955 3271 sacram
3015 3215 3285 3272 cellulam
3319 3222 3478 3273 tuam
3509 3219 3782 3275 accedere

371 3323 484 3365 τως
530 3305 773 3378 γνήσιος.
836 3303 893 3360 Τί
953 3303 1179 3360 πολλῶν
1240 3303 1500 3381 ῥημάτων
1560 3305 1775 3384 χρείας
1836 3304 2024 3377 ἐξείπω

2136 3324 2253 3366 cun
2285 3305 2694 3373 instituissem,
2726 3305 2850 3360 sine
2881 3321 3055 3362 sensu
3090 3304 3287 3373 ﬁebat,
3321 3310 3387 3362 ut
3435 3308 3603 3377 quasi
3659 3310 3779 3364 tra-

375 3394 509 3465 δπερ
543 3391 855 3451 έπάνθανον.
882 3394 1007 3451 ’Ότι
1058 3415 1161 3466 μου
1201 3393 1473 3457 πολλάκις
1504 3396 1592 3450 καὶ
1627 3398 1703 3468 μή
1755 3394 2024 3469 ὡρμημέ-

375 3503 475 3537 νου
505 3480 758 3557 ἔρχεσθαι
790 3481 841 3536 ἐν
873 3486 953 3554 τῷ
999 3483 1141 3558 ἁγίῳ
1188 3482 1399 3557 κελλίῳ
1445 3505 1564 3552 σου,
1616 3482 2025 3554 ἀνεπαισθήτως

375 3592 520 3639 πως,
556 3571 630 3633 ὥς
661 3592 808 3633 τινος
835 3568 1120 3641 ἕλκοντος,
1167 3571 1353 3646 ἐπῄειν
1384 3574 1520 3629 κατὰ
1548 3574 1841 3648 πρόσωπόν
1875 3593 1971 3628 σου
2007 3591 2021 3607 ⁸

381 3662 459 3724 ὡς
508 3659 782 3724 πολλάκις
816 3660 1153 3736 ἐρωτῶντος,
1183 3660 1243 3717 Τί
1287 3664 1414 3732 ἧκες
1449 3682 1464 3732 ;
1503 3662 1726 3738 ἀπορεῖν
1779 3683 1846 3736 με
1887 3662 2021 3717 ἀπο-

382 3750 678 3826 κρίνεσθαι,
733 3749 908 3813 οὕτως
954 3758 1053 3821 τῆς
1101 3751 1372 3826 σωτηρίας
1422 3773 1527 3826 μου
1574 3750 1626 3807 έν
1661 3753 1746 3808 σοὶ
1802 3753 2027 3826 ἀποκρε-

386 3838 654 3913 μαμέντ,ς.
689 3838 787 3893 Καὶ
817 3840 899 3902 τίς
931 3840 1066 3913 πρὸς
1094 3840 1156 3895 τὸ
1188 3844 1302 3916 φῶς
1352 3840 1451 3896 οὐκ
1498 3840 1773 3916 ἐπιτρέχει
1802 3861 1818 3910 ;
1867 3838 2024 3896 Ἀλλ’

386 3930 701 4004 εὐχαριστῶ
729 3932 810 4001 τῷ
850 3932 987 4000 Θεῷ,
1014 3926 1083 3983 δι’
1115 3930 1176 3983 οὗ
1208 3950 1303 3984 σου
1333 3929 1658 4001 ἐξεσπάσθην
1691 3931 1793 3985 ὑπὸ
1820 3934 2022 4008 χειρῶν

383 4023 496 4073 τῶν
518 4019 872 4087 πατησάντων
905 4018 995 4073 τὸν
1029 4019 1196 4091 νόμον
1249 4018 1434 4089 αὐτοῦ,
1487 4020 1577 4074 καὶ
1628 4020 1915 4093 ἠργμένων
1975 4018 2026 4088 ἒξ

391 4108 625 4181 ὁμοίων.
652 4111 742 4178 Μὴ
767 4109 952 4170 αὐτοῖς
977 4107 1258 4184 λογισθείη
1290 4109 1494 4183 Κύριος
1542 4111 1570 4163 ὁ
1616 4108 1744 4171 Θεός
1797 4130 1901 4182 μου
1929 4109 2029 4177 τὴν

386 4197 656 4271 ἁμαρτίαν
692 4214 706 4229 ⁸
739 4195 889 4268 ἓλξοι
941 4194 998 4252 δῖε
1037 4198 1112 4260 εἷς
1158 4197 1448 4273 ἐπίγνωσιν
1495 4201 1592 4251 τοῦ
1638 4197 2027 4270 τολμήματος,

384 4289 626 4342 κάκεῖνοι
672 4287 796 4362 περὶ
843 4284 1000 4343 τοῦδε
1068 4286 1347 4342 ἀνεύθυνοι
1399 4287 1704 4361 εὑρεθῶσιν.
1756 4285 2031 4342 Ἐνέκλει-

388 4377 486 4431 σάν
520 4397 598 4447 σε,
632 4377 706 4437 ὡς
762 4375 1060 4451 ἐμάθομεν,
1093 4374 1147 4431 έν
1196 4376 1423 4448 οίκίσκῷ
1482 4379 1678 4449 μικῶῷ
1726 4377 1806 4450 (3)
1838 4393 1851 4406 ·
1885 4374 2031 4431 ἀλλά

384 4466 485 4521 τοῦ
542 4465 773 4539 ούρανοῦ
837 4486 893 4520 σε
961 4465 1222 4539 οἷκήνορα
1283 4462 1568 4535 ἀνέδειξαν.
1631 4464 2030 4544 Ἐφρούρησαν,

389 4557 491 4610 οὐκ
521 4550 755 4629 ᾔσθοντο
786 4553 843 4611 δέ
875 4575 889 4589 ’
922 4556 1194 4629 θησαυρὸν
1225 4555 1327 4630 γὰρ
1376 4553 1677 4631 ὁμολογίας
1715 4558 1847 4610 Θεοῦ
1882 4572 1894 4587 ⁶
1929 4555 2033 4608 κάκ

2134 3398 2309 3454 hente
2338 3395 2531 3467 aliquo
2563 3395 2635 3450 ad
2666 3398 2722 3450 te
2750 3394 3007 3450 venirem
3042 3412 3056 3450 :
3103 3396 3186 3450 ita
3217 3399 3282 3450 ut
3311 3398 3593 3453 adventus
3639 3412 3782 3453 cau-

2136 3501 2258 3541 sam
2314 3482 2713 3554 interroganti,
2764 3483 2904 3555 quid
2945 3498 3240 3551 causarer,
3295 3484 3635 3557 plerumque
3665 3501 3783 3541 non

2134 3574 2409 3631 haberem
2442 3589 2456 3628 :
2490 3587 2677 3643 usque
2706 3573 2848 3628 adeo
2901 3572 3065 3628 salus
3097 3587 3220 3628 mea
3249 3588 3318 3630 ex
3357 3578 3412 3629 te
3468 3574 3774 3646 pendebat.

2135 3666 2204 3719 Et
2224 3666 2441 3735 quotus
2470 3661 2722 3734 quisque
2750 3664 2840 3717 est
2867 3661 2959 3733 qui
2985 3662 3054 3717 ad
3086 3660 3284 3719 lumen
3317 3679 3433 3719 non
3464 3664 3779 3719 occurrat?

2135 3752 2350 3807 Verum
2383 3752 2602 3823 gratias
2634 3755 2746 3806 Deo
2768 3766 2893 3823 ago,
2928 3754 3163 3822 prapter
3191 3767 3366 3823 quem
3397 3771 3428 3807 a
3457 3757 3513 3808 te
3543 3752 3779 3809 avulsus

2135 3857 2266 3897 sum
2313 3839 2547 3896 illorum
2582 3839 2885 3906 manibus,
2923 3839 3023 3911 qui
3075 3841 3202 3910 ejus
3234 3840 3422 3913 legem
3470 3841 3779 3898 conculca-

2136 3937 2292 3997 runt,
2334 3932 2391 3985 et
2419 3946 2453 3984 a
2483 3927 2781 3984 similibus
2810 3929 3001 3984 exorsi
3030 3934 3182 3984 sunt.
3217 3929 3343 3985 Non
3388 3930 3635 4002 imputet
3663 3931 3780 3987 illis

2138 4019 2417 4076 Dominus
2447 4018 2601 4074 Deus
2632 4034 2798 4073 meus
2827 4022 3132 4096 peccatum
3157 4036 3173 4088 ;
3203 4019 3303 4075 sed
3335 4021 3405 4074 ad
3441 4021 3783 4077 temeritatis

2140 4110 2497 4180 agnitionem
2530 4106 2664 4162 illos
2705 4107 3054 4179 compellat;
3089 4113 3150 4163 ut
3202 4107 3369 4164 nobis
3417 4110 3653 4180 quidem
3685 4127 3781 4183 pa-

2137 4203 2285 4254 trem
2335 4196 2694 4263 restituant;
2753 4197 2866 4267 ipsi
2917 4201 3111 4253 autem
3171 4213 3367 4265 pcenas
3423 4198 3546 4268 eius
3603 4214 3784 4255 causa

2140 4304 2257 4344 non
2289 4287 2470 4341 luant.
2530 4284 2907 4340 Incluserunt
2934 4291 3012 4354 te,
3043 4290 3107 4340 ut
3152 4287 3501 4357 accepimus,
3532 4293 3784 4359 angusta

2139 4378 2199 4432 in
2231 4373 2511 4441 aedicula;
2542 4378 2602 4428 at
2639 4372 2766 4429 cceli
2813 4375 2995 4429 civem
3027 4378 3085 4429 te
3141 4375 3568 4431 renuntiarunt.
3600 4378 3674 4432 Te
3721 4378 3782 4432 in

2141 4465 2467 4522 custodiam
2510 4464 2777 4520 homines
2807 4479 3019 4519 sensus
3075 4469 3337 4536 expertes
3394 4467 3779 4537 conjecerunt,

2141 4556 2480 4611 thesaurum
2537 4552 2926 4611 confessionis
2987 4553 3216 4609 divinae.
3250 4555 3347 4610 Vel
3397 4554 3532 4610 hinc
3588 4560 3783 4612 autem

384 4645 589 4700 τούτου
618 4648 796 4721 γνοῖεν
830 4642 879 4699 δ’
932 4644 1016 4715 ἂν,
1047 4645 1198 4720 εἴπερ
1230 4643 1506 4718 βλέψοιεν,
1532 4644 1615 4699 δτι
1660 4664 1717 4698 σε
1763 4642 1948 4717 τίμιον
1987 4643 2024 4698 ἐπ

2145 4651 2543 4715 agnoscerent,
2573 4643 2620 4698 si
2664 4642 2801 4714 quid
2842 4643 3122 4710 viderent,
3154 4644 3306 4714 quod
3354 4646 3411 4698 te
3467 4644 3784 4716 pretiosum

388 4733 702 4810 ἀνθρώποις
738 4733 1057 4809 ἐγνώρισαν,
1088 4734 1177 4790 καὶ
1207 4732 1400 4808 κόσμῳ
1444 4735 1734 4808 σωτήριον,
1766 4733 1853 4787 καὶ
1896 4732 2036 4788 πολ-

392 4824 515 4885 λοῖς
549 4823 894 4898 φιλοθέατον.

465 4913 665 4984 Ἐὂέξω
719 4913 813 4975 τὰς
865 4914 1085 4987 ἀτιμίας
1140 4915 1231 4969 καὶ
1286 4909 1469 4988 ὕϐρεις
1530 4914 1665 4986 μετά
1720 4915 1959 4987 Χριστοῦ
2021 4931 2036 4946 ο

392 5001 674 5078 ἐδιώχθης
715 5003 789 5064 ὡς
835 5023 1097 5076 μακαριος
1148 5021 1162 5035 ο

1214 5002 1536 5077 έσκόρπισάν
1587 5022 1682 5056 σου
1724 5001 1790 5056 τὰ
1838 4995 2039 5076 πρόϐα-

391 5115 480 5162 τα,
514 5093 598 5148 δτι
645 5113 701 5147 σε
751 5093 844 5148 τὸν
903 5092 1157 5165 ποιμένα,
1218 5095 1293 5156 ὡς
1346 5094 1576 5168 Χριστὸν
1635 5090 1918 5160 ἐπάταξαν.
1979 5090 2040 5146 Εἰ

388 5184 480 5238 καὶ
528 5182 811 5256 τολμηρὸν
863 5181 1055 5250 εἰπεῖν,
1114 5181 1268 5256 ὅμως
1315 5181 1481 5237 αὐτοῦ
1529 5182 1619 5237 καὶ
1768 5184 1945 5260 φωνή,
1980 5181 2042 5235 Εἰ

2150 4734 2302 4804 apud
2334 4732 2600 4788 homines
2628 4733 3002 4800 ostenderint,
3027 4736 3083 4788 et
3113 4732 3332 4788 mundo
3359 4732 3699 4801 salutarem,
3731 4738 3788 4790 et

2148 4822 2352 4878 multis
2382 4823 2793 4894 expetendum.

2227 4911 2445 4967 Probra
2492 4915 2551 4967 et
2597 4909 2981 4967 contumelias
3010 4926 3145 4967 cum
3193 4911 3420 4969 Christo
3475 4912 3786 4982 pertulisti,

2150 5003 2609 5074 persecutionem
2641 5017 2852 5073 passus
2891 5016 2954 5057 es
2983 5006 3050 5057 ut
3094 5002 3340 5057 beatus:
3390 5001 3792 5074 disperserunt

2151 5108 2283 5149 oves
2314 5095 2470 5159 tuas,
2500 5090 2640 5162 quia
2688 5098 2740 5146 te
2770 5094 3086 5163 pastorem,
3126 5091 3276 5147 sicut
3304 5091 3620 5161 Christum,
3655 5110 3791 5165 per-

2153 5184 2483 5240 euaserunt.
2540 5180 2659 5236 Etsi
2706 5181 2894 5237 dicere
2950 5180 3140 5236 audax
3194 5181 3479 5249 videatur,
3533 5186 3790 5239 attamen

1999 5306 2226 5365 NOTAE.

466 5442 543 5514 (3)
576 5438 661 5492 ’Ev
719 5436 946 5514 οἰκίσκῳ
1006 5434 1207 5514 μικρῷ.
1267 5436 1648 5514 Theophanes
1694 5436 1765 5514 ad
1807 5452 2034 5514 annum

392 5504 865 5568 vr'Constantini
910 5504 966 5565 et
1007 5504 1238 5565 'Ire'nes.
1299 5512 1361 5563 Ὁ
1423 5504 1681 5569 βασιλεὺς
1722 5504 2038 5561 ἀπέστειλεν

394 5579 709 5655 Βωρδάνιον
742 5581 835 5635 τὸν
853 5578 1151 5671 κπαίτρίκιον
1184 5577 1274 5633 καὶ
1296 5576 1627 5671 Δομέστικον
1645 5576 2037 5671 τῶνὶΣχολῶν,

471 5654 559 5671 ‘3'
629 5655 638 5671 1
845 5666 851 5671 -
950 5657 989 5671 εγ
1234 5653 1316 5671 .-θ’
1395 5655 1525 5671 Ληαν
1564 5669 1595 5671 ,A
1682 5669 1731 5671 .-κ
1828 5670 1833 5671 ,
2005 5670 2008 5671 ν

392 5647 504 5710 καῖ
519 5655 769 5726 Ἰωάννην
798 5650 901 5726 ξτὸν
950 5647 1179 5726 Κόᾼμητα
1222 5653 1350 5726 τοῦ.-
1377 5647 1640 5726 Ὀφικίου,
1680 5648 1768 5726 καί
1818 5647 2040 5726 εἰσήγα-

394 5746 488 5801 γεν
536 5725 627 5780 τὸν
689 5718 1072 5801 Πλάτωνήωεῖς
1098 5718 1214 5792 τὴν
1257 5718 1460 5801 πόλιν]
1486 5720 1577 5775 καὶ
1605 5718 1931 5801 ἀπέκλεισιν
1956 5718 2041 5801 si“:

398 5793 747 5872 ’Ἑγκεῖστραν
808 5797 865 5850 όν
919 5794 999 5867 τῷ
1056 5797 1170 5868 ναῷ
1226 5796 1322 5848 τοῦ
1377 5793 1843 5868 ’Δρχιστρατηγοῦ
1874 5794 1926 5848 έν
1963 5796 2044 5867 τῷ

2145 5431 2429 5508 Παλατίῳ.
2458 5434 2758 5508 Imperator
2784 5435 3141 5508 Bardaniumr
3167 5433 3464 5508 patricium
3492 5443 3546 5490 et
3581 5435 3794 5491 schola-

2147 5524 2277 5563 rum
2303 5506 2673 5577 domesticum,
2704 5512 2757 5564 et
2804 5510 3070 5563 Joannem
3115 5506 3299 5575 Ofﬁcii
3344 5508 3595 5562 comitem
3622 5511 3791 5572 misit,

2150 5580 2250 5650 qui
2278 5579 2565 5636 Platonem
2606 5580 2667 5634 in
2721 5578 2908 5634 urbem
2950 5577 3258 5650 inductum,
3308 5580 3365 5631 in
3421 5578 3696 5650 ergastulo
3725 5577 3795 5632 ad

2151 5648 2432 5708 Michaelis
2453 5652 2687 5710 σκιαδῆα
2714 5650 2931 5706 militia:
2956 5648 3222 5721 principis
3244 5649 3303 5703 in
3330 5648 3542 5720 palatio
3564 5657 3793 5705 erectam

2155 5721 2321 5778 aedem
2354 5724 2597 5783 inclusit.
