  <div class='ocr_page' id='page_1' title='image "/cluster/home/n/w/nwhite01/storage/ocr_20150623/99/mdp.39015005675577/461.png"; bbox 0 0 4090 6288; ppageno 0'>
   <div class='ocr_carea' id='block_1_1' title="bbox 447 399 561 459">
    <p class='ocr_par' dir='ltr' id='par_1_1' title="bbox 447 399 561 459">
     <span class='ocr_line' id='line_1_1' title="bbox 447 399 561 459; baseline 0 0"><span class='ocrx_word' id='word_1_1' title='bbox 447 399 561 459; x_wconf 80' lang='grc'><strong>911</strong></span> 
     </span>
    </p>
   </div>
   <div class='ocr_carea' id='block_1_2' title="bbox 1687 395 2600 467">
    <p class='ocr_par' dir='ltr' id='par_1_2' title="bbox 1687 395 2600 467">
     <span class='ocr_line' id='line_1_2' title="bbox 1687 395 2600 467; baseline 0.009 -10"><span class='ocrx_word' id='word_1_2' title='bbox 1687 398 1750 458; x_wconf 90' lang='lat' dir='ltr'><strong>S.</strong></span> <span class='ocrx_word' id='word_1_3' title='bbox 1798 395 2197 461; x_wconf 80' lang='lat' dir='ltr'><strong>THEODORI</strong></span> <span class='ocrx_word' id='word_1_4' title='bbox 2241 404 2600 467; x_wconf 62' lang='lat' dir='ltr'><strong>STUDITIE</strong></span> 
     </span>
    </p>
   </div>
   <div class='ocr_carea' id='block_1_3' title="bbox 3730 413 3857 473">
    <p class='ocr_par' dir='ltr' id='par_1_3' title="bbox 3730 413 3857 473">
     <span class='ocr_line' id='line_1_3' title="bbox 3730 413 3857 473; baseline -0.016 0"><span class='ocrx_word' id='word_1_5' title='bbox 3730 413 3857 473; x_wconf 80' lang='grc'><strong>912</strong></span> 
     </span>
    </p>
   </div>
   <div class='ocr_carea' id='block_1_4' title="bbox 446 532 2078 613">
    <p class='ocr_par' dir='ltr' id='par_1_4' title="bbox 446 532 2078 609">
     <span class='ocr_line' id='line_1_4' title="bbox 446 532 2078 609; baseline -0.001 -19"><span class='ocrx_word' id='word_1_6' title='bbox 446 536 633 609; x_wconf 81' lang='lat' dir='ltr'><strong>ipsius</strong></span> <span class='ocrx_word' id='word_1_7' title='bbox 665 551 767 591; x_wconf 84' lang='lat' dir='ltr'><strong>vox</strong></span> <span class='ocrx_word' id='word_1_8' title='bbox 799 538 884 590; x_wconf 88' lang='lat' dir='ltr'><strong>est</strong></span> <span class='ocrx_word' id='word_1_9' title='bbox 908 551 921 589; x_wconf 93' lang='lat'>:</span> <span class='ocrx_word' id='word_1_10' title='bbox 945 533 1007 589; x_wconf 78' lang='lat' dir='ltr'><strong>Si</strong></span> <span class='ocrx_word' id='word_1_11' title='bbox 1026 549 1112 589; x_wconf 83' lang='lat' dir='ltr'><strong>me</strong></span> <span class='ocrx_word' id='word_1_12' title='bbox 1130 532 1409 604; x_wconf 75' lang='lat' dir='ltr'><strong>persecuti</strong></span> <span class='ocrx_word' id='word_1_13' title='bbox 1423 540 1572 600; x_wconf 79' lang='lat' dir='ltr'><strong>sunt,</strong></span> <span class='ocrx_word' id='word_1_14' title='bbox 1586 540 1637 588; x_wconf 81' lang='lat' dir='ltr'><strong>et</strong></span> <span class='ocrx_word' id='word_1_15' title='bbox 1650 549 1740 588; x_wconf 74' lang='lat' dir='ltr'><strong>vos</strong></span> <span class='ocrx_word' id='word_1_16' title='bbox 1768 550 2078 607; x_wconf 83' lang='lat' dir='ltr'><strong>persequen-</strong></span> 
     </span>
    </p>
   </div>
   <div class='ocr_carea' id='block_1_5' title="bbox 2188 532 3853 613">
    <p class='ocr_par' dir='ltr' id='par_1_5' title="bbox 2200 532 3853 613">
     <span class='ocr_line' id='line_1_5' title="bbox 2200 532 3853 613; baseline 0.005 -23"><span class='ocrx_word' id='word_1_17' title='bbox 2200 532 2297 607; x_wconf 75' lang='grc' dir='ltr'><strong>ἐμὲ</strong></span> <span class='ocrx_word' id='word_1_18' title='bbox 2352 535 2595 611; x_wconf 82' lang='grc' dir='ltr'>ἐδίωξαν,</span> <span class='ocrx_word' id='word_1_19' title='bbox 2653 542 2738 595; x_wconf 77' lang='grc' dir='ltr'><strong>καὶ</strong></span> <span class='ocrx_word' id='word_1_20' title='bbox 2801 541 2939 612; x_wconf 75' lang='grc' dir='ltr'>ὑμᾶς</span> <span class='ocrx_word' id='word_1_21' title='bbox 2999 539 3289 613; x_wconf 77' lang='grc' dir='ltr'>διώξουσι’</span> <span class='ocrx_word' id='word_1_22' title='bbox 3350 544 3439 598; x_wconf 82' lang='grc' dir='ltr'><strong>καὶ</strong></span> <span class='ocrx_word' id='word_1_23' title='bbox 3498 542 3699 612; x_wconf 73' lang='grc' dir='ltr'>τᾶλλα,</span> <span class='ocrx_word' id='word_1_24' title='bbox 3746 544 3853 599; x_wconf 73' lang='grc' dir='ltr'><strong>ὅσα</strong></span> 
     </span>
    </p>
   </div>
   <div class='ocr_carea' id='block_1_6' title="bbox 442 619 2093 691">
    <p class='ocr_par' dir='ltr' id='par_1_6' title="bbox 442 619 2093 691">
     <span class='ocr_line' id='line_1_6' title="bbox 442 619 2093 691; baseline 0 -14"><span class='ocrx_word' id='word_1_25' title='bbox 442 623 577 677; x_wconf 80' lang='lat' dir='ltr'><strong>tur‘</strong></span> <span class='ocrx_word' id='word_1_26' title='bbox 611 626 700 691; x_wconf 87' lang='lat' dir='ltr'><strong>;et</strong></span> <span class='ocrx_word' id='word_1_27' title='bbox 729 625 953 689; x_wconf 62' lang='lat' dir='ltr'><strong>caetera,</strong></span> <span class='ocrx_word' id='word_1_28' title='bbox 988 636 1115 691; x_wconf 71' lang='lat' dir='ltr'><strong>quae</strong></span> <span class='ocrx_word' id='word_1_29' title='bbox 1140 620 1332 691; x_wconf 90' lang='lat' dir='ltr'><strong>ipsum</strong></span> <span class='ocrx_word' id='word_1_30' title='bbox 1366 619 1730 690; x_wconf 76' lang='lat' dir='ltr'><strong>sequentium</strong></span> <span class='ocrx_word' id='word_1_31' title='bbox 1757 620 2093 677; x_wconf 86' lang='lat' dir='ltr'><strong>similitudi-</strong></span> 
     </span>
    </p>
   </div>
   <div class='ocr_carea' id='block_1_7' title="bbox 444 708 2091 781">
    <p class='ocr_par' dir='ltr' id='par_1_7' title="bbox 444 708 2091 781">
     <span class='ocr_line' id='line_1_7' title="bbox 444 708 2091 781; baseline 0.001 -14"><span class='ocrx_word' id='word_1_32' title='bbox 444 728 579 768; x_wconf 91' lang='lat' dir='ltr'><strong>nem</strong></span> <span class='ocrx_word' id='word_1_33' title='bbox 620 711 920 768; x_wconf 77' lang='lat' dir='ltr'><strong>declarant</strong></span> <span class='ocrx_word' id='word_1_34' title='bbox 951 725 965 766; x_wconf 88' lang='lat'><strong>:</strong></span> <span class='ocrx_word' id='word_1_35' title='bbox 1008 710 1070 765; x_wconf 88' lang='lat' dir='ltr'><strong>Si</strong></span> <span class='ocrx_word' id='word_1_36' title='bbox 1098 714 1279 765; x_wconf 84' lang='lat' dir='ltr'><strong>tamen</strong></span> <span class='ocrx_word' id='word_1_37' title='bbox 1307 708 1421 780; x_wconf 85' lang='lat' dir='ltr'><strong>ipsi</strong></span> <span class='ocrx_word' id='word_1_38' title='bbox 1449 712 1835 781; x_wconf 84' lang='lat' dir='ltr'><strong>compatimur,</strong></span> <span class='ocrx_word' id='word_1_39' title='bbox 1869 715 1934 766; x_wconf 89' lang='lat' dir='ltr'><strong>ut</strong></span> <span class='ocrx_word' id='word_1_40' title='bbox 1964 729 2091 768; x_wconf 88' lang='lat' dir='ltr'><strong>ma-</strong></span> 
     </span>
    </p>
   </div>
   <div class='ocr_carea' id='block_1_8' title="bbox 441 798 2090 873">
    <p class='ocr_par' dir='ltr' id='par_1_8' title="bbox 441 798 2090 873">
     <span class='ocr_line' id='line_1_8' title="bbox 441 798 2090 873; baseline -0.001 -15"><span class='ocrx_word' id='word_1_41' title='bbox 441 818 592 873; x_wconf 89' lang='lat' dir='ltr'><strong>gnus</strong></span> <span class='ocrx_word' id='word_1_42' title='bbox 621 799 840 856; x_wconf 80' lang='lat' dir='ltr'><strong>Paulus</strong></span> <span class='ocrx_word' id='word_1_43' title='bbox 871 799 971 865; x_wconf 89' lang='lat' dir='ltr'><strong>ait,</strong></span> <span class='ocrx_word' id='word_1_44' title='bbox 997 806 1060 855; x_wconf 84' lang='lat' dir='ltr'><strong>ut</strong></span> <span class='ocrx_word' id='word_1_45' title='bbox 1087 807 1142 855; x_wconf 76' lang='lat' dir='ltr'><strong>et</strong></span> <span class='ocrx_word' id='word_1_46' title='bbox 1166 798 1646 870; x_wconf 78' lang='lat' dir='ltr'><strong>congloriﬁcemur</strong></span> <span class='ocrx_word' id='word_1_47' title='bbox 1673 800 1716 851; x_wconf 79' lang='grc'>⁸.</span> <span class='ocrx_word' id='word_1_48' title='bbox 1748 802 1939 872; x_wconf 84' lang='lat' dir='ltr'><strong>Atque</strong></span> <span class='ocrx_word' id='word_1_49' title='bbox 1969 801 2090 857; x_wconf 84' lang='lat' dir='ltr'><strong>haec</strong></span> 
     </span>
    </p>
   </div>
   <div class='ocr_carea' id='block_1_9' title="bbox 444 892 2095 967">
    <p class='ocr_par' dir='ltr' id='par_1_9' title="bbox 444 892 2095 967">
     <span class='ocr_line' id='line_1_9' title="bbox 444 892 2095 967; baseline 0.001 -17"><span class='ocrx_word' id='word_1_50' title='bbox 444 894 680 967; x_wconf 85' lang='lat' dir='ltr'><strong>quidem</strong></span> <span class='ocrx_word' id='word_1_51' title='bbox 712 895 769 949; x_wconf 92' lang='lat' dir='ltr'><strong>in</strong></span> <span class='ocrx_word' id='word_1_52' title='bbox 801 893 960 949; x_wconf 90' lang='lat' dir='ltr'><strong>hunc</strong></span> <span class='ocrx_word' id='word_1_53' title='bbox 988 893 1243 949; x_wconf 92' lang='lat' dir='ltr'><strong>modum.</strong></span> <span class='ocrx_word' id='word_1_54' title='bbox 1293 892 1437 947; x_wconf 87' lang='lat' dir='ltr'>Mihi</span> <span class='ocrx_word' id='word_1_55' title='bbox 1467 908 1598 949; x_wconf 88' lang='lat' dir='ltr'><strong>vero</strong></span> <span class='ocrx_word' id='word_1_56' title='bbox 1638 893 1878 967; x_wconf 90' lang='lat' dir='ltr'><strong>prodigo</strong></span> <span class='ocrx_word' id='word_1_57' title='bbox 1919 898 1976 950; x_wconf 91' lang='lat' dir='ltr'><strong>et</strong></span> <span class='ocrx_word' id='word_1_58' title='bbox 2004 896 2095 952; x_wconf 82' lang='lat' dir='ltr'><strong>in&#39;</strong></span> 
     </span>
    </p>
   </div>
   <div class='ocr_carea' id='block_1_10' title="bbox 445 981 2092 1055">
    <p class='ocr_par' dir='ltr' id='par_1_10' title="bbox 445 981 2092 1055">
     <span class='ocr_line' id='line_1_10' title="bbox 445 981 2092 1055; baseline 0.003 -18"><span class='ocrx_word' id='word_1_59' title='bbox 445 981 641 1055; x_wconf 87' lang='lat' dir='ltr'><strong>digno,</strong></span> <span class='ocrx_word' id='word_1_60' title='bbox 675 983 895 1039; x_wconf 80' lang='lat' dir='ltr'><strong>sanctis</strong></span> <span class='ocrx_word' id='word_1_61' title='bbox 934 982 1203 1055; x_wconf 79' lang='lat' dir='ltr'><strong>precibus</strong></span> <span class='ocrx_word' id='word_1_62' title='bbox 1233 982 1374 1051; x_wconf 87' lang='lat' dir='ltr'><strong>tuis,</strong></span> <span class='ocrx_word' id='word_1_63' title='bbox 1404 981 1569 1037; x_wconf 88' lang='lat' dir='ltr'><strong>Pater</strong></span> <span class='ocrx_word' id='word_1_64' title='bbox 1599 982 1781 1052; x_wconf 89' lang='lat' dir='ltr'><strong>jusle,</strong></span> <span class='ocrx_word' id='word_1_65' title='bbox 1815 985 2092 1042; x_wconf 86' lang='lat' dir='ltr'><strong>consola-</strong></span> 
     </span>
    </p>
   </div>
   <div class='ocr_carea' id='block_1_11' title="bbox 444 1071 2089 1144">
    <p class='ocr_par' dir='ltr' id='par_1_11' title="bbox 444 1071 2089 1144">
     <span class='ocr_line' id='line_1_11' title="bbox 444 1071 2089 1144; baseline 0.004 -19"><span class='ocrx_word' id='word_1_66' title='bbox 444 1071 665 1129; x_wconf 84' lang='lat' dir='ltr'><strong>tionem</strong></span> <span class='ocrx_word' id='word_1_67' title='bbox 711 1072 863 1128; x_wconf 91' lang='lat' dir='ltr'><strong>hanc</strong></span> <span class='ocrx_word' id='word_1_68' title='bbox 911 1072 1156 1144; x_wconf 87' lang='lat' dir='ltr'><strong>largitus</strong></span> <span class='ocrx_word' id='word_1_69' title='bbox 1194 1076 1283 1126; x_wconf 91' lang='lat' dir='ltr'><strong>est</strong></span> <span class='ocrx_word' id='word_1_70' title='bbox 1328 1071 1659 1127; x_wconf 84' lang='lat' dir='ltr'><strong>misericors</strong></span> <span class='ocrx_word' id='word_1_71' title='bbox 1701 1074 1867 1142; x_wconf 90' lang='lat' dir='ltr'><strong>Deus,</strong></span> <span class='ocrx_word' id='word_1_72' title='bbox 1916 1078 1982 1130; x_wconf 89' lang='lat' dir='ltr'><strong>ut</strong></span> <span class='ocrx_word' id='word_1_73' title='bbox 2031 1079 2089 1131; x_wconf 89' lang='lat' dir='ltr'><strong>et</strong></span> 
     </span>
    </p>
   </div>
   <div class='ocr_carea' id='block_1_12' title="bbox 445 1160 2087 1234">
    <p class='ocr_par' dir='ltr' id='par_1_12' title="bbox 445 1160 2087 1234">
     <span class='ocr_line' id='line_1_12' title="bbox 445 1160 2087 1234; baseline 0.002 -18"><span class='ocrx_word' id='word_1_74' title='bbox 445 1160 655 1233; x_wconf 81' lang='lat' dir='ltr'><strong>spiritu</strong></span> <span class='ocrx_word' id='word_1_75' title='bbox 712 1165 905 1218; x_wconf 86' lang='lat' dir='ltr'><strong>tecum</strong></span> <span class='ocrx_word' id='word_1_76' title='bbox 934 1162 1062 1218; x_wconf 89' lang='lat' dir='ltr'><strong>sim.</strong></span> <span class='ocrx_word' id='word_1_77' title='bbox 1098 1160 1193 1217; x_wconf 87' lang='lat' dir='ltr'><strong>Sic</strong></span> <span class='ocrx_word' id='word_1_78' title='bbox 1224 1160 1381 1217; x_wconf 90' lang='lat' dir='ltr'><strong>enim</strong></span> <span class='ocrx_word' id='word_1_79' title='bbox 1414 1176 1646 1232; x_wconf 89' lang='lat' dir='ltr'><strong>semper</strong></span> <span class='ocrx_word' id='word_1_80' title='bbox 1672 1177 1800 1234; x_wconf 87' lang='lat' dir='ltr'><strong>ago,</strong></span> <span class='ocrx_word' id='word_1_81' title='bbox 1831 1165 2003 1234; x_wconf 88' lang='lat' dir='ltr'><strong>quasi</strong></span> <span class='ocrx_word' id='word_1_82' title='bbox 2034 1172 2087 1221; x_wconf 89' lang='lat' dir='ltr'><strong>te</strong></span> 
     </span>
    </p>
   </div>
   <div class='ocr_carea' id='block_1_13' title="bbox 441 1250 2083 1323">
    <p class='ocr_par' dir='ltr' id='par_1_13' title="bbox 441 1250 2083 1323">
     <span class='ocr_line' id='line_1_13' title="bbox 441 1250 2083 1323; baseline 0.002 -18"><span class='ocrx_word' id='word_1_83' title='bbox 441 1251 692 1318; x_wconf 88' lang='lat' dir='ltr'><strong>videam,</strong></span> <span class='ocrx_word' id='word_1_84' title='bbox 743 1251 913 1323; x_wconf 91' lang='lat' dir='ltr'><strong>quasi</strong></span> <span class='ocrx_word' id='word_1_85' title='bbox 968 1255 1158 1307; x_wconf 86' lang='lat' dir='ltr'><strong>tecum</strong></span> <span class='ocrx_word' id='word_1_86' title='bbox 1216 1250 1441 1322; x_wconf 91' lang='lat' dir='ltr'><strong>loquar,</strong></span> <span class='ocrx_word' id='word_1_87' title='bbox 1483 1252 1643 1321; x_wconf 87' lang='lat' dir='ltr'><strong>quasi</strong></span> <span class='ocrx_word' id='word_1_88' title='bbox 1693 1252 2083 1322; x_wconf 89' lang='lat' dir='ltr'><strong>precationem</strong></span> 
     </span>
    </p>
   </div>
   <div class='ocr_carea' id='block_1_14' title="bbox 442 1340 2082 1415">
    <p class='ocr_par' dir='ltr' id='par_1_14' title="bbox 442 1340 2082 1415">
     <span class='ocr_line' id='line_1_14' title="bbox 442 1340 2082 1415; baseline 0.001 -18"><span class='ocrx_word' id='word_1_89' title='bbox 442 1340 778 1415; x_wconf 88' lang='lat' dir='ltr'><strong>percipiam,</strong></span> <span class='ocrx_word' id='word_1_90' title='bbox 803 1341 970 1413; x_wconf 90' lang='lat' dir='ltr'><strong>quasi</strong></span> <span class='ocrx_word' id='word_1_91' title='bbox 1005 1345 1293 1413; x_wconf 88' lang='lat' dir='ltr'><strong>protegar,</strong></span> <span class='ocrx_word' id='word_1_92' title='bbox 1326 1341 1493 1413; x_wconf 88' lang='lat' dir='ltr'><strong>quasi</strong></span> <span class='ocrx_word' id='word_1_93' title='bbox 1525 1348 1758 1397; x_wconf 90' lang='lat' dir='ltr'><strong>mutuos</strong></span> <span class='ocrx_word' id='word_1_94' title='bbox 1790 1343 2082 1399; x_wconf 89' lang='lat' dir='ltr'><strong>conferam</strong></span> 
     </span>
    </p>
   </div>
   <div class='ocr_carea' id='block_1_15' title="bbox 440 1428 2086 1503">
    <p class='ocr_par' dir='ltr' id='par_1_15' title="bbox 440 1428 2086 1503">
     <span class='ocr_line' id='line_1_15' title="bbox 440 1428 2086 1503; baseline 0.001 -18"><span class='ocrx_word' id='word_1_95' title='bbox 440 1444 739 1487; x_wconf 85' lang='lat' dir='ltr'><strong>sermones</strong></span> <span class='ocrx_word' id='word_1_96' title='bbox 763 1430 833 1485; x_wconf 88' lang='lat' dir='ltr'><strong>ad</strong></span> <span class='ocrx_word' id='word_1_97' title='bbox 865 1428 1274 1486; x_wconf 90' lang='lat' dir='ltr'><strong>stabiliendam</strong></span> <span class='ocrx_word' id='word_1_98' title='bbox 1296 1430 1713 1487; x_wconf 80' lang='lat' dir='ltr'><strong>confessionem</strong></span> <span class='ocrx_word' id='word_1_99' title='bbox 1737 1448 1910 1503; x_wconf 88' lang='lat' dir='ltr'><strong>quam</strong></span> <span class='ocrx_word' id='word_1_100' title='bbox 1943 1448 2086 1488; x_wconf 90' lang='lat' dir='ltr'><strong>con-</strong></span> 
     </span>
    </p>
   </div>
   <div class='ocr_carea' id='block_1_16' title="bbox 441 1518 2084 1591">
    <p class='ocr_par' dir='ltr' id='par_1_16' title="bbox 441 1518 2084 1591">
     <span class='ocr_line' id='line_1_16' title="bbox 441 1518 2084 1591; baseline 0.002 -17"><span class='ocrx_word' id='word_1_101' title='bbox 441 1519 636 1576; x_wconf 86' lang='lat' dir='ltr'><strong>fessus</strong></span> <span class='ocrx_word' id='word_1_102' title='bbox 667 1535 750 1576; x_wconf 89' lang='lat' dir='ltr'><strong>es.</strong></span> <span class='ocrx_word' id='word_1_103' title='bbox 782 1523 855 1575; x_wconf 87' lang='lat' dir='ltr'><strong>At</strong></span> <span class='ocrx_word' id='word_1_104' title='bbox 909 1518 1054 1575; x_wconf 88' lang='lat' dir='ltr'><strong>mihi</strong></span> <span class='ocrx_word' id='word_1_105' title='bbox 1104 1520 1296 1575; x_wconf 87' lang='lat' dir='ltr'><strong>videor</strong></span> <span class='ocrx_word' id='word_1_106' title='bbox 1338 1528 1601 1591; x_wconf 85' lang='lat' dir='ltr'><strong>percepta</strong></span> <span class='ocrx_word' id='word_1_107' title='bbox 1637 1537 1776 1578; x_wconf 89' lang='lat' dir='ltr'><strong>voce</strong></span> <span class='ocrx_word' id='word_1_108' title='bbox 1816 1527 1916 1578; x_wconf 87' lang='lat' dir='ltr'><strong>tua</strong></span> <span class='ocrx_word' id='word_1_109' title='bbox 1964 1522 2084 1579; x_wconf 73' lang='lat' dir='ltr'><strong>haec</strong></span> 
     </span>
    </p>
   </div>
   <div class='ocr_carea' id='block_1_17' title="bbox 440 1607 2081 1683">
    <p class='ocr_par' dir='ltr' id='par_1_17' title="bbox 440 1607 2081 1683">
     <span class='ocr_line' id='line_1_17' title="bbox 440 1607 2081 1683; baseline 0.001 -18"><span class='ocrx_word' id='word_1_110' title='bbox 440 1609 668 1666; x_wconf 89' lang='lat' dir='ltr'><strong>audire:</strong></span> <span class='ocrx_word' id='word_1_111' title='bbox 702 1607 917 1665; x_wconf 88' lang='lat' dir='ltr'><strong>Pusille</strong></span> <span class='ocrx_word' id='word_1_112' title='bbox 942 1609 1551 1681; x_wconf 89' lang='lat' dir='ltr'><strong>Theodore,exiguum</strong></span> <span class='ocrx_word' id='word_1_113' title='bbox 1583 1614 1673 1666; x_wconf 90' lang='lat' dir='ltr'><strong>est</strong></span> <span class='ocrx_word' id='word_1_114' title='bbox 1703 1628 1899 1667; x_wconf 84' lang='lat' dir='ltr'><strong>revera</strong></span> <span class='ocrx_word' id='word_1_115' title='bbox 1926 1612 2081 1683; x_wconf 93' lang='lat' dir='ltr'><strong>quod</strong></span> 
     </span>
    </p>
   </div>
   <div class='ocr_carea' id='block_1_18' title="bbox 440 1696 2082 1770">
    <p class='ocr_par' dir='ltr' id='par_1_18' title="bbox 440 1696 2082 1770">
     <span class='ocr_line' id='line_1_18' title="bbox 440 1696 2082 1770; baseline 0.002 -15"><span class='ocrx_word' id='word_1_116' title='bbox 440 1697 796 1770; x_wconf 87' lang='lat' dir='ltr'><strong>afﬂigimur;</strong></span> <span class='ocrx_word' id='word_1_117' title='bbox 828 1697 965 1769; x_wconf 89' lang='lat' dir='ltr'><strong>quia</strong></span> <span class='ocrx_word' id='word_1_118' title='bbox 995 1713 1158 1768; x_wconf 86' lang='lat' dir='ltr'><strong>spem</strong></span> <span class='ocrx_word' id='word_1_119' title='bbox 1190 1696 1523 1769; x_wconf 82' lang='lat' dir='ltr'><strong>praeclaram</strong></span> <span class='ocrx_word' id='word_1_120' title='bbox 1553 1698 1719 1755; x_wconf 79' lang='lat' dir='ltr'><strong>offert</strong></span> <span class='ocrx_word' id='word_1_121' title='bbox 1747 1701 1920 1757; x_wconf 89' lang='lat' dir='ltr'><strong>Deus.</strong></span> <span class='ocrx_word' id='word_1_122' title='bbox 1953 1701 2082 1758; x_wconf 65' lang='lat' dir='ltr'><strong>Haec</strong></span> 
     </span>
    </p>
   </div>
   <div class='ocr_carea' id='block_1_19' title="bbox 438 1786 2083 1855">
    <p class='ocr_par' dir='ltr' id='par_1_19' title="bbox 438 1786 2083 1855">
     <span class='ocr_line' id='line_1_19' title="bbox 438 1786 2083 1855; baseline 0.001 -11"><span class='ocrx_word' id='word_1_123' title='bbox 438 1788 589 1844; x_wconf 68' lang='lat' dir='ltr'><strong>mimi</strong></span> <span class='ocrx_word' id='word_1_124' title='bbox 617 1790 755 1843; x_wconf 89' lang='lat' dir='ltr'><strong>sunt</strong></span> <span class='ocrx_word' id='word_1_125' title='bbox 791 1786 1134 1855; x_wconf 81' lang='lat' dir='ltr'><strong>consolatio,</strong></span> <span class='ocrx_word' id='word_1_126' title='bbox 1166 1788 1289 1844; x_wconf 73' lang='lat' dir='ltr'><strong>haec</strong></span> <span class='ocrx_word' id='word_1_127' title='bbox 1320 1786 1678 1844; x_wconf 88' lang='lat' dir='ltr'><strong>refocillatio.</strong></span> <span class='ocrx_word' id='word_1_128' title='bbox 1712 1789 1795 1845; x_wconf 91' lang='lat' dir='ltr'><strong>Ne</strong></span> <span class='ocrx_word' id='word_1_129' title='bbox 1833 1791 2083 1847; x_wconf 88' lang='lat' dir='ltr'><strong>reformi-</strong></span> 
     </span>
    </p>
   </div>
   <div class='ocr_carea' id='block_1_20' title="bbox 438 1876 2083 1952">
    <p class='ocr_par' dir='ltr' id='par_1_20' title="bbox 438 1876 2083 1952">
     <span class='ocr_line' id='line_1_20' title="bbox 438 1876 2083 1952; baseline 0.001 -18"><span class='ocrx_word' id='word_1_130' title='bbox 438 1880 561 1943; x_wconf 91' lang='lat' dir='ltr'><strong>des,</strong></span> <span class='ocrx_word' id='word_1_131' title='bbox 592 1879 785 1946; x_wconf 88' lang='lat' dir='ltr'><strong>Pater,</strong></span> <span class='ocrx_word' id='word_1_132' title='bbox 818 1876 933 1932; x_wconf 90' lang='lat' dir='ltr'><strong>mei</strong></span> <span class='ocrx_word' id='word_1_133' title='bbox 963 1893 1160 1944; x_wconf 90' lang='lat' dir='ltr'><strong>causa,</strong></span> <span class='ocrx_word' id='word_1_134' title='bbox 1194 1876 1295 1949; x_wconf 92' lang='lat' dir='ltr'><strong>qui</strong></span> <span class='ocrx_word' id='word_1_135' title='bbox 1328 1893 1526 1933; x_wconf 89' lang='lat' dir='ltr'><strong>servus</strong></span> <span class='ocrx_word' id='word_1_136' title='bbox 1557 1886 1693 1934; x_wconf 91' lang='lat' dir='ltr'><strong>tuus</strong></span> <span class='ocrx_word' id='word_1_137' title='bbox 1743 1896 1876 1935; x_wconf 90' lang='lat' dir='ltr'><strong>sum</strong></span> <span class='ocrx_word' id='word_1_138' title='bbox 1911 1879 2083 1952; x_wconf 82' lang='lat' dir='ltr'><strong>plane</strong></span> 
     </span>
    </p>
   </div>
   <div class='ocr_carea' id='block_1_21' title="bbox 437 1965 2081 2038">
    <p class='ocr_par' dir='ltr' id='par_1_21' title="bbox 437 1965 2081 2038">
     <span class='ocr_line' id='line_1_21' title="bbox 437 1965 2081 2038; baseline 0.002 -16"><span class='ocrx_word' id='word_1_139' title='bbox 437 1967 719 2037; x_wconf 89' lang='lat' dir='ltr'><strong>abjectus,</strong></span> <span class='ocrx_word' id='word_1_140' title='bbox 751 1965 879 2023; x_wconf 71' lang='lat' dir='ltr'><strong>coeli</strong></span> <span class='ocrx_word' id='word_1_141' title='bbox 918 1970 1198 2037; x_wconf 62' lang='lat' dir='ltr'><strong>terrasque</strong></span> <span class='ocrx_word' id='word_1_142' title='bbox 1229 1966 1547 2038; x_wconf 85' lang='lat' dir='ltr'><strong>piaculum,</strong></span> <span class='ocrx_word' id='word_1_143' title='bbox 1582 1968 1916 2024; x_wconf 86' lang='lat' dir='ltr'><strong>mortalium</strong></span> <span class='ocrx_word' id='word_1_144' title='bbox 1947 1986 2081 2025; x_wconf 90' lang='lat' dir='ltr'><strong>om—</strong></span> 
     </span>
    </p>
   </div>
   <div class='ocr_carea' id='block_1_22' title="bbox 437 2051 2080 2127">
    <p class='ocr_par' dir='ltr' id='par_1_22' title="bbox 437 2051 2080 2127">
     <span class='ocr_line' id='line_1_22' title="bbox 437 2051 2080 2127; baseline 0.002 -18"><span class='ocrx_word' id='word_1_145' title='bbox 437 2051 1083 2127; x_wconf 75' lang='lat' dir='ltr'><strong>nium&#39;frigidissimus.</strong></span> <span class='ocrx_word' id='word_1_146' title='bbox 1125 2053 1340 2109; x_wconf 88' lang='lat' dir='ltr'><strong>Verum</strong></span> <span class='ocrx_word' id='word_1_147' title='bbox 1400 2062 1596 2110; x_wconf 87' lang='lat' dir='ltr'><strong>tamen</strong></span> <span class='ocrx_word' id='word_1_148' title='bbox 1638 2055 1827 2111; x_wconf 87' lang='lat' dir='ltr'><strong>dicere</strong></span> <span class='ocrx_word' id='word_1_149' title='bbox 1874 2058 2080 2123; x_wconf 88' lang='lat' dir='ltr'><strong>audeo,</strong></span> 
     </span>
    </p>
   </div>
   <div class='ocr_carea' id='block_1_23' title="bbox 433 2144 2075 2215">
    <p class='ocr_par' dir='ltr' id='par_1_23' title="bbox 433 2144 2075 2215">
     <span class='ocr_line' id='line_1_23' title="bbox 433 2144 2075 2215; baseline 0.004 -18"><span class='ocrx_word' id='word_1_150' title='bbox 433 2148 714 2215; x_wconf 87' lang='lat' dir='ltr'><strong>tanquam</strong></span> <span class='ocrx_word' id='word_1_151' title='bbox 746 2159 844 2214; x_wconf 89' lang='lat' dir='ltr'><strong>spe</strong></span> <span class='ocrx_word' id='word_1_152' title='bbox 883 2144 1037 2199; x_wconf 87' lang='lat' dir='ltr'><strong>bona</strong></span> <span class='ocrx_word' id='word_1_153' title='bbox 1067 2148 1277 2215; x_wconf 58' lang='lat' dir='ltr'><strong>praeter</strong></span> <span class='ocrx_word' id='word_1_154' title='bbox 1305 2144 1578 2199; x_wconf 88' lang='lat' dir='ltr'><strong>meritum</strong></span> <span class='ocrx_word' id='word_1_155' title='bbox 1608 2144 1812 2214; x_wconf 88' lang='lat' dir='ltr'><strong>fretus,</strong></span> <span class='ocrx_word' id='word_1_156' title='bbox 1844 2163 2075 2204; x_wconf 86' lang='lat' dir='ltr'><strong>sursum</strong></span> 
     </span>
    </p>
   </div>
   <div class='ocr_carea' id='block_1_24' title="bbox 433 2232 2078 2305">
    <p class='ocr_par' dir='ltr' id='par_1_24' title="bbox 433 2232 2078 2305">
     <span class='ocr_line' id='line_1_24' title="bbox 433 2232 2078 2305; baseline 0.002 -17"><span class='ocrx_word' id='word_1_157' title='bbox 433 2232 1160 2304; x_wconf 87' lang='lat' dir='ltr'><strong>spectans,intercessione</strong></span> <span class='ocrx_word' id='word_1_158' title='bbox 1192 2236 1292 2287; x_wconf 91' lang='lat' dir='ltr'><strong>tua</strong></span> <span class='ocrx_word' id='word_1_159' title='bbox 1322 2233 1746 2295; x_wconf 87' lang='lat' dir='ltr'><strong>corroboratus,</strong></span> <span class='ocrx_word' id='word_1_160' title='bbox 1773 2252 1887 2305; x_wconf 87' lang='lat' dir='ltr'><strong>non</strong></span> <span class='ocrx_word' id='word_1_161' title='bbox 1917 2236 1989 2291; x_wconf 94' lang='lat' dir='ltr'><strong>ob</strong></span> <span class='ocrx_word' id='word_1_162' title='bbox 2012 2254 2078 2292; x_wconf 87' lang='lat' dir='ltr'><strong>ea</strong></span> 
     </span>
    </p>
   </div>
   <div class='ocr_carea' id='block_1_25' title="bbox 432 2322 2077 2395">
    <p class='ocr_par' dir='ltr' id='par_1_25' title="bbox 432 2322 2077 2395">
     <span class='ocr_line' id='line_1_25' title="bbox 432 2322 2077 2395; baseline 0.003 -18"><span class='ocrx_word' id='word_1_163' title='bbox 432 2322 795 2379; x_wconf 89' lang='lat' dir='ltr'><strong>insolescens</strong></span> <span class='ocrx_word' id='word_1_164' title='bbox 815 2338 943 2393; x_wconf 68' lang='lat' dir='ltr'><strong>quae</strong></span> <span class='ocrx_word' id='word_1_165' title='bbox 981 2337 1186 2393; x_wconf 87' lang='lat' dir='ltr'><strong>passus</strong></span> <span class='ocrx_word' id='word_1_166' title='bbox 1217 2338 1345 2376; x_wconf 90' lang='lat' dir='ltr'><strong>sum</strong></span> <span class='ocrx_word' id='word_1_167' title='bbox 1375 2344 1391 2391; x_wconf 69' lang='grc' dir='ltr'><strong>ς</strong></span> <span class='ocrx_word' id='word_1_168' title='bbox 1424 2324 1523 2377; x_wconf 89' lang='lat' dir='ltr'><strong>sed</strong></span> <span class='ocrx_word' id='word_1_169' title='bbox 1566 2340 1656 2378; x_wconf 87' lang='lat' dir='ltr'><strong>me</strong></span> <span class='ocrx_word' id='word_1_170' title='bbox 1686 2325 1880 2395; x_wconf 90' lang='lat' dir='ltr'><strong>ipsum</strong></span> <span class='ocrx_word' id='word_1_171' title='bbox 1913 2327 2077 2382; x_wconf 90' lang='lat' dir='ltr'><strong>dam-</strong></span> 
     </span>
    </p>
   </div>
   <div class='ocr_carea' id='block_1_26' title="bbox 430 2411 2079 2484">
    <p class='ocr_par' dir='ltr' id='par_1_26' title="bbox 430 2411 2079 2484">
     <span class='ocr_line' id='line_1_26' title="bbox 430 2411 2079 2484; baseline 0.004 -19"><span class='ocrx_word' id='word_1_172' title='bbox 430 2427 580 2466; x_wconf 90' lang='lat' dir='ltr'><strong>nans</strong></span> <span class='ocrx_word' id='word_1_173' title='bbox 614 2411 827 2483; x_wconf 90' lang='lat' dir='ltr'><strong>potius,</strong></span> <span class='ocrx_word' id='word_1_174' title='bbox 859 2411 1015 2482; x_wconf 91' lang='lat' dir='ltr'><strong>quod</strong></span> <span class='ocrx_word' id='word_1_175' title='bbox 1058 2427 1170 2466; x_wconf 89' lang='lat' dir='ltr'><strong>non</strong></span> <span class='ocrx_word' id='word_1_176' title='bbox 1223 2411 1464 2479; x_wconf 88' lang='lat' dir='ltr'><strong>fortiter,</strong></span> <span class='ocrx_word' id='word_1_177' title='bbox 1500 2429 1606 2468; x_wconf 88' lang='lat' dir='ltr'><strong>nec</strong></span> <span class='ocrx_word' id='word_1_178' title='bbox 1647 2417 1707 2469; x_wconf 90' lang='lat' dir='ltr'><strong>ut</strong></span> <span class='ocrx_word' id='word_1_179' title='bbox 1737 2414 1993 2484; x_wconf 83' lang='lat' dir='ltr'><strong>decebat,</strong></span> <span class='ocrx_word' id='word_1_180' title='bbox 2022 2421 2079 2471; x_wconf 91' lang='lat' dir='ltr'><strong>et</strong></span> 
     </span>
    </p>
   </div>
   <div class='ocr_carea' id='block_1_27' title="bbox 431 2500 2076 2572">
    <p class='ocr_par' dir='ltr' id='par_1_27' title="bbox 431 2500 2076 2572">
     <span class='ocr_line' id='line_1_27' title="bbox 431 2500 2076 2572; baseline 0.003 -17"><span class='ocrx_word' id='word_1_181' title='bbox 431 2502 583 2572; x_wconf 91' lang='lat' dir='ltr'><strong>quod</strong></span> <span class='ocrx_word' id='word_1_182' title='bbox 631 2516 837 2572; x_wconf 89' lang='lat' dir='ltr'><strong>pauca,</strong></span> <span class='ocrx_word' id='word_1_183' title='bbox 879 2500 1215 2572; x_wconf 87' lang='lat' dir='ltr'><strong>nulliusque</strong></span> <span class='ocrx_word' id='word_1_184' title='bbox 1266 2502 1567 2569; x_wconf 85' lang='lat' dir='ltr'><strong>momenti,</strong></span> <span class='ocrx_word' id='word_1_185' title='bbox 1603 2503 1858 2559; x_wconf 84' lang='lat' dir='ltr'><strong>viviﬁcas</strong></span> <span class='ocrx_word' id='word_1_186' title='bbox 1887 2506 2076 2560; x_wconf 88' lang='lat' dir='ltr'><strong>consi-</strong></span> 
     </span>
    </p>
   </div>
   <div class='ocr_carea' id='block_1_28' title="bbox 433 2590 2076 2667">
    <p class='ocr_par' dir='ltr' id='par_1_28' title="bbox 433 2590 2076 2667">
     <span class='ocr_line' id='line_1_28' title="bbox 433 2590 2076 2667; baseline 0.002 -21"><span class='ocrx_word' id='word_1_187' title='bbox 433 2592 647 2646; x_wconf 89' lang='lat' dir='ltr'><strong>derans</strong></span> <span class='ocrx_word' id='word_1_188' title='bbox 668 2590 970 2661; x_wconf 85' lang='lat' dir='ltr'><strong>passiones</strong></span> <span class='ocrx_word' id='word_1_189' title='bbox 1009 2594 1371 2658; x_wconf 87' lang='lat' dir='ltr'><strong>sanctorum,</strong></span> <span class='ocrx_word' id='word_1_190' title='bbox 1394 2590 1458 2645; x_wconf 92' lang='lat' dir='ltr'><strong>In</strong></span> <span class='ocrx_word' id='word_1_191' title='bbox 1480 2591 1666 2647; x_wconf 89' lang='lat' dir='ltr'><strong>multa</strong></span> <span class='ocrx_word' id='word_1_192' title='bbox 1686 2593 1840 2649; x_wconf 89' lang='lat' dir='ltr'><strong>enim</strong></span> <span class='ocrx_word' id='word_1_193' title='bbox 1867 2600 2076 2667; x_wconf 86' lang='lat' dir='ltr'><strong>marty-</strong></span> 
     </span>
    </p>
   </div>
   <div class='ocr_carea' id='block_1_29' title="bbox 435 2678 2075 2754">
    <p class='ocr_par' dir='ltr' id='par_1_29' title="bbox 435 2678 2075 2754">
     <span class='ocr_line' id='line_1_29' title="bbox 435 2678 2075 2754; baseline 0.004 -18"><span class='ocrx_word' id='word_1_194' title='bbox 435 2679 518 2736; x_wconf 87' lang='lat' dir='ltr'><strong>ria</strong></span> <span class='ocrx_word' id='word_1_195' title='bbox 546 2678 722 2734; x_wconf 88' lang='lat' dir='ltr'><strong>incidi</strong></span> <span class='ocrx_word' id='word_1_196' title='bbox 776 2678 1083 2734; x_wconf 86' lang='lat' dir='ltr'><strong>duodecim</strong></span> <span class='ocrx_word' id='word_1_197' title='bbox 1123 2679 1518 2736; x_wconf 83' lang='lat' dir='ltr'><strong>voluminibus</strong></span> <span class='ocrx_word' id='word_1_198' title='bbox 1558 2682 1868 2754; x_wconf 83' lang='lat' dir='ltr'><strong>descripta,</strong></span> <span class='ocrx_word' id='word_1_199' title='bbox 1898 2684 1980 2741; x_wconf 90' lang='lat' dir='ltr'><strong>ita</strong></span> <span class='ocrx_word' id='word_1_200' title='bbox 2009 2690 2075 2743; x_wconf 86' lang='lat' dir='ltr'><strong>ut</strong></span> 
     </span>
    </p>
   </div>
   <div class='ocr_carea' id='block_1_30' title="bbox 434 2768 2074 2844">
    <p class='ocr_par' dir='ltr' id='par_1_30' title="bbox 434 2768 2074 2844">
     <span class='ocr_line' id='line_1_30' title="bbox 434 2768 2074 2844; baseline 0.004 -20"><span class='ocrx_word' id='word_1_201' title='bbox 434 2783 530 2824; x_wconf 89' lang='lat' dir='ltr'><strong>cor</strong></span> <span class='ocrx_word' id='word_1_202' title='bbox 559 2768 1013 2840; x_wconf 88' lang='lat' dir='ltr'><strong>obstupesceret,</strong></span> <span class='ocrx_word' id='word_1_203' title='bbox 1047 2785 1151 2824; x_wconf 90' lang='lat' dir='ltr'><strong>nec</strong></span> <span class='ocrx_word' id='word_1_204' title='bbox 1183 2786 1273 2825; x_wconf 90' lang='lat' dir='ltr'><strong>me</strong></span> <span class='ocrx_word' id='word_1_205' title='bbox 1304 2768 1522 2841; x_wconf 90' lang='lat' dir='ltr'><strong>aliquid</strong></span> <span class='ocrx_word' id='word_1_206' title='bbox 1546 2787 1648 2842; x_wconf 90' lang='lat' dir='ltr'><strong>pro</strong></span> <span class='ocrx_word' id='word_1_207' title='bbox 1681 2770 1907 2829; x_wconf 86' lang='lat' dir='ltr'><strong>Christo</strong></span> <span class='ocrx_word' id='word_1_208' title='bbox 1937 2790 2074 2844; x_wconf 86' lang='lat' dir='ltr'><strong>pas-</strong></span> 
     </span>
    </p>
   </div>
   <div class='ocr_carea' id='block_1_31' title="bbox 393 2856 2068 2936">
    <p class='ocr_par' dir='ltr' id='par_1_31' title="bbox 393 2856 2068 2936">
     <span class='ocr_line' id='line_1_31' title="bbox 393 2856 2068 2936; baseline 0.005 -24"><span class='ocrx_word' id='word_1_209' title='bbox 393 2860 396 2863; x_wconf 86' lang='grc'><em>’</em></span> <span class='ocrx_word' id='word_1_210' title='bbox 433 2872 567 2913; x_wconf 89' lang='lat' dir='ltr'><strong>sum</strong></span> <span class='ocrx_word' id='word_1_211' title='bbox 609 2856 800 2914; x_wconf 88' lang='lat' dir='ltr'><strong>dicere</strong></span> <span class='ocrx_word' id='word_1_212' title='bbox 845 2857 1141 2913; x_wconf 90' lang='lat' dir='ltr'><strong>auderem.</strong></span> <span class='ocrx_word' id='word_1_213' title='bbox 1192 2856 1342 2921; x_wconf 87' lang='lat' dir='ltr'><strong>Quid</strong></span> <span class='ocrx_word' id='word_1_214' title='bbox 1398 2874 1570 2929; x_wconf 88' lang='lat' dir='ltr'><strong>porro</strong></span> <span class='ocrx_word' id='word_1_215' title='bbox 1601 2859 1853 2929; x_wconf 91' lang='lat' dir='ltr'><strong>dulcius,</strong></span> <span class='ocrx_word' id='word_1_216' title='bbox 1886 2867 2068 2936; x_wconf 88' lang='lat' dir='ltr'><strong>Pater,</strong></span> 
     </span>
    </p>
   </div>
   <div class='ocr_carea' id='block_1_32' title="bbox 433 2949 2070 3021">
    <p class='ocr_par' dir='ltr' id='par_1_32' title="bbox 433 2949 2070 3021">
     <span class='ocr_line' id='line_1_32' title="bbox 433 2949 2070 3021; baseline 0.004 -18"><span class='ocrx_word' id='word_1_217' title='bbox 433 2952 726 3020; x_wconf 89' lang='lat' dir='ltr'><strong>tanquam.</strong></span> <span class='ocrx_word' id='word_1_218' title='bbox 747 2963 951 3005; x_wconf 86' lang='lat' dir='ltr'><strong>servus</strong></span> <span class='ocrx_word' id='word_1_219' title='bbox 973 2964 1435 3021; x_wconf 88' lang='lat' dir='ltr'><strong>suggero,quam</strong></span> <span class='ocrx_word' id='word_1_220' title='bbox 1466 2966 1569 3020; x_wconf 90' lang='lat' dir='ltr'><strong>pro</strong></span> <span class='ocrx_word' id='word_1_221' title='bbox 1593 2949 1721 3021; x_wconf 90' lang='lat' dir='ltr'><strong>ipso</strong></span> <span class='ocrx_word' id='word_1_222' title='bbox 1753 2952 1922 3021; x_wconf 85' lang='lat' dir='ltr'><strong>pati?</strong></span> <span class='ocrx_word' id='word_1_223' title='bbox 1940 2954 2070 3011; x_wconf 89' lang='lat' dir='ltr'><strong>Sur-</strong></span> 
     </span>
    </p>
   </div>
   <div class='ocr_carea' id='block_1_33' title="bbox 433 3038 2071 3115">
    <p class='ocr_par' dir='ltr' id='par_1_33' title="bbox 433 3038 2071 3115">
     <span class='ocr_line' id='line_1_33' title="bbox 433 3038 2071 3115; baseline 0.004 -22"><span class='ocrx_word' id='word_1_224' title='bbox 433 3053 563 3094; x_wconf 89' lang='lat' dir='ltr'><strong>sum</strong></span> <span class='ocrx_word' id='word_1_225' title='bbox 595 3038 809 3110; x_wconf 89' lang='lat' dir='ltr'><strong>aspice,</strong></span> <span class='ocrx_word' id='word_1_226' title='bbox 842 3041 1031 3104; x_wconf 88' lang='lat' dir='ltr'><strong>Pater,</strong></span> <span class='ocrx_word' id='word_1_227' title='bbox 1062 3053 1233 3095; x_wconf 90' lang='lat' dir='ltr'><strong>cerne</strong></span> <span class='ocrx_word' id='word_1_228' title='bbox 1282 3039 1617 3109; x_wconf 90' lang='lat' dir='ltr'><strong>Dominum,</strong></span> <span class='ocrx_word' id='word_1_229' title='bbox 1647 3039 1871 3098; x_wconf 88' lang='lat' dir='ltr'><strong>intuere</strong></span> <span class='ocrx_word' id='word_1_230' title='bbox 1904 3059 2071 3115; x_wconf 89' lang='lat' dir='ltr'><strong>ange-</strong></span> 
     </span>
    </p>
   </div>
   <div class='ocr_carea' id='block_1_34' title="bbox 431 3127 2073 3195">
    <p class='ocr_par' dir='ltr' id='par_1_34' title="bbox 431 3127 2073 3195">
     <span class='ocr_line' id='line_1_34' title="bbox 431 3127 2073 3195; baseline 0.002 -13"><span class='ocrx_word' id='word_1_231' title='bbox 431 3127 623 3184; x_wconf 89' lang='lat' dir='ltr'><strong>lorum</strong></span> <span class='ocrx_word' id='word_1_232' title='bbox 655 3127 1298 3195; x_wconf 89' lang='lat' dir='ltr'><strong>discursus,considera</strong></span> <span class='ocrx_word' id='word_1_233' title='bbox 1318 3132 1657 3186; x_wconf 90' lang='lat' dir='ltr'><strong>sanctorum</strong></span> <span class='ocrx_word' id='word_1_234' title='bbox 1675 3129 1912 3188; x_wconf 88' lang='lat' dir='ltr'><strong>choros:</strong></span> <span class='ocrx_word' id='word_1_235' title='bbox 1945 3132 2073 3189; x_wconf 89' lang='lat' dir='ltr'><strong>vide</strong></span> 
     </span>
    </p>
   </div>
   <div class='ocr_carea' id='block_1_35' title="bbox 429 3216 2074 3293">
    <p class='ocr_par' dir='ltr' id='par_1_35' title="bbox 429 3216 2074 3293">
     <span class='ocr_line' id='line_1_35' title="bbox 429 3216 2074 3293; baseline 0.004 -22"><span class='ocrx_word' id='word_1_236' title='bbox 429 3218 488 3272; x_wconf 91' lang='lat' dir='ltr'><strong>in</strong></span> <span class='ocrx_word' id='word_1_237' title='bbox 520 3217 674 3273; x_wconf 91' lang='lat' dir='ltr'><strong>edito</strong></span> <span class='ocrx_word' id='word_1_238' title='bbox 722 3226 777 3272; x_wconf 88' lang='lat' dir='ltr'><strong>et</strong></span> <span class='ocrx_word' id='word_1_239' title='bbox 830 3217 1070 3272; x_wconf 89' lang='lat' dir='ltr'><strong>sublimi</strong></span> <span class='ocrx_word' id='word_1_240' title='bbox 1117 3216 1265 3274; x_wconf 91' lang='lat' dir='ltr'><strong>solio</strong></span> <span class='ocrx_word' id='word_1_241' title='bbox 1322 3217 1588 3275; x_wconf 88' lang='lat' dir='ltr'><strong>Judicem</strong></span> <span class='ocrx_word' id='word_1_242' title='bbox 1633 3221 1861 3287; x_wconf 89' lang='lat' dir='ltr'><strong>mundi,</strong></span> <span class='ocrx_word' id='word_1_243' title='bbox 1888 3222 1988 3293; x_wconf 91' lang='lat' dir='ltr'><strong>qui</strong></span> <span class='ocrx_word' id='word_1_244' title='bbox 2018 3227 2074 3278; x_wconf 89' lang='lat' dir='ltr'><strong>te</strong></span> 
     </span>
    </p>
   </div>
   <div class='ocr_carea' id='block_1_36' title="bbox 2198 620 3850 704">
    <p class='ocr_par' dir='ltr' id='par_1_36' title="bbox 2198 620 3850 704">
     <span class='ocr_line' id='line_1_36' title="bbox 2198 620 3850 704; baseline 0.005 -32"><span class='ocrx_word' id='word_1_245' title='bbox 2198 623 2315 680; x_wconf 85' lang='grc' dir='ltr'>τοῖς</span> <span class='ocrx_word' id='word_1_246' title='bbox 2371 620 2760 677; x_wconf 82' lang='grc' dir='ltr'>ἀκολουθοῦσιν</span> <span class='ocrx_word' id='word_1_247' title='bbox 2822 624 2968 697; x_wconf 79' lang='grc' dir='ltr'><strong>αὖτῷ</strong></span> <span class='ocrx_word' id='word_1_248' title='bbox 3023 628 3170 704; x_wconf 71' lang='grc' dir='ltr'>φέρει</span> <span class='ocrx_word' id='word_1_249' title='bbox 3228 628 3327 695; x_wconf 79' lang='grc' dir='ltr'>τὴν</span> <span class='ocrx_word' id='word_1_250' title='bbox 3402 628 3850 682; x_wconf 70' lang='grc' dir='ltr'>ταυτοππὶθειανο</span> 
     </span>
    </p>
   </div>
   <div class='ocr_carea' id='block_1_37' title="bbox 2199 706 3854 795">
    <p class='ocr_par' dir='ltr' id='par_1_37' title="bbox 2199 706 3854 795">
     <span class='ocr_line' id='line_1_37' title="bbox 2199 706 3854 795; baseline 0.005 -32"><span class='ocrx_word' id='word_1_251' title='bbox 2199 706 2362 781; x_wconf 70' lang='grc' dir='ltr'>Εἴπερ</span> <span class='ocrx_word' id='word_1_252' title='bbox 2403 712 2506 785; x_wconf 77' lang='grc' dir='ltr'><strong>γὰρ</strong></span> <span class='ocrx_word' id='word_1_253' title='bbox 2576 713 2972 789; x_wconf 72' lang='grc' dir='ltr'>συμπάσχομεν</span> <span class='ocrx_word' id='word_1_254' title='bbox 3050 714 3216 787; x_wconf 79' lang='grc' dir='ltr'>αὐτῷ,</span> <span class='ocrx_word' id='word_1_255' title='bbox 3276 712 3350 778; x_wconf 78' lang='grc' dir='ltr'>ὥς</span> <span class='ocrx_word' id='word_1_256' title='bbox 3426 737 3590 795; x_wconf 77' lang='grc' dir='ltr'>φησιν</span> <span class='ocrx_word' id='word_1_257' title='bbox 3656 718 3684 771; x_wconf 81' lang='grc' dir='ltr'>ὁ</span> <span class='ocrx_word' id='word_1_258' title='bbox 3748 717 3854 789; x_wconf 76' lang='grc' dir='ltr'><strong>μὲ-</strong></span> 
     </span>
    </p>
   </div>
   <div class='ocr_carea' id='block_1_38' title="bbox 2199 798 3849 877">
    <p class='ocr_par' dir='ltr' id='par_1_38' title="bbox 2199 798 3849 877">
     <span class='ocr_line' id='line_1_38' title="bbox 2199 798 3849 877; baseline 0.007 -27"><span class='ocrx_word' id='word_1_259' title='bbox 2199 817 2297 874; x_wconf 86' lang='grc' dir='ltr'><strong>γας</strong></span> <span class='ocrx_word' id='word_1_260' title='bbox 2369 798 2604 872; x_wconf 83' lang='grc' dir='ltr'>Παῦλος,</span> <span class='ocrx_word' id='word_1_261' title='bbox 2656 799 2748 856; x_wconf 70' lang='grc' dir='ltr'>’ίνα</span> <span class='ocrx_word' id='word_1_262' title='bbox 2818 804 2907 858; x_wconf 84' lang='grc' dir='ltr'><strong>καὶ</strong></span> <span class='ocrx_word' id='word_1_263' title='bbox 2982 801 3444 877; x_wconf 81' lang='grc' dir='ltr'><strong>συνδοξασθῶμεν.</strong></span> <span class='ocrx_word' id='word_1_264' title='bbox 3515 807 3613 861; x_wconf 74' lang='grc' dir='ltr'>Καὶ</span> <span class='ocrx_word' id='word_1_265' title='bbox 3691 808 3849 863; x_wconf 76' lang='grc' dir='ltr'>οὕτω</span> 
     </span>
    </p>
   </div>
   <div class='ocr_carea' id='block_1_39' title="bbox 2202 887 3845 969">
    <p class='ocr_par' dir='ltr' id='par_1_39' title="bbox 2202 887 3845 969">
     <span class='ocr_line' id='line_1_39' title="bbox 2202 887 3845 969; baseline 0.006 -29"><span class='ocrx_word' id='word_1_266' title='bbox 2202 887 2296 959; x_wconf 74' lang='grc' dir='ltr'>μὲν</span> <span class='ocrx_word' id='word_1_267' title='bbox 2329 893 2515 947; x_wconf 84' lang='grc' dir='ltr'>ταῦτα.</span> <span class='ocrx_word' id='word_1_268' title='bbox 2549 892 2712 964; x_wconf 83' lang='grc' dir='ltr'>Ἐμοί</span> <span class='ocrx_word' id='word_1_269' title='bbox 2744 889 2802 947; x_wconf 75' lang='grc' dir='ltr'>δὲ</span> <span class='ocrx_word' id='word_1_270' title='bbox 2830 897 2908 964; x_wconf 81' lang='grc' dir='ltr'>τῷ</span> <span class='ocrx_word' id='word_1_271' title='bbox 2955 891 3150 967; x_wconf 82' lang='grc' dir='ltr'>ἀσώτῳ</span> <span class='ocrx_word' id='word_1_272' title='bbox 3192 895 3281 950; x_wconf 78' lang='grc' dir='ltr'><strong>καὶ</strong></span> <span class='ocrx_word' id='word_1_273' title='bbox 3332 895 3550 969; x_wconf 78' lang='grc' dir='ltr'><strong>ἀναξίῳ,</strong></span> <span class='ocrx_word' id='word_1_274' title='bbox 3583 894 3674 952; x_wconf 82' lang='grc' dir='ltr'>’διά</span> <span class='ocrx_word' id='word_1_275' title='bbox 3732 901 3845 952; x_wconf 88' lang='grc' dir='ltr'><strong>τῶν</strong></span> 
     </span>
    </p>
   </div>
   <div class='ocr_carea' id='block_1_40' title="bbox 2198 979 3848 1062">
    <p class='ocr_par' dir='ltr' id='par_1_40' title="bbox 2198 979 3848 1062">
     <span class='ocr_line' id='line_1_40' title="bbox 2198 979 3848 1062; baseline 0.007 -32"><span class='ocrx_word' id='word_1_276' title='bbox 2198 980 2304 1031; x_wconf 92' lang='grc' dir='ltr'><strong>σῶν</strong></span> <span class='ocrx_word' id='word_1_277' title='bbox 2354 979 2522 1053; x_wconf 84' lang='grc' dir='ltr'>ἁγίων</span> <span class='ocrx_word' id='word_1_278' title='bbox 2569 982 2769 1056; x_wconf 79' lang='grc' dir='ltr'>εὐχῶν,</span> <span class='ocrx_word' id='word_1_279' title='bbox 2801 983 2972 1058; x_wconf 84' lang='grc' dir='ltr'><strong>Πάτερ</strong></span> <span class='ocrx_word' id='word_1_280' title='bbox 3020 981 3213 1055; x_wconf 80' lang='grc' dir='ltr'><strong>δίκαιε,</strong></span> <span class='ocrx_word' id='word_1_281' title='bbox 3255 984 3547 1062; x_wconf 81' lang='grc' dir='ltr'>ἐχαρίσατο</span> <span class='ocrx_word' id='word_1_282' title='bbox 3605 988 3634 1040; x_wconf 86' lang='grc' dir='ltr'>ὁ</span> <span class='ocrx_word' id='word_1_283' title='bbox 3679 985 3848 1056; x_wconf 76' lang='grc' dir='ltr'>ἐλεή-</span> 
     </span>
    </p>
   </div>
   <div class='ocr_carea' id='block_1_41' title="bbox 2199 1070 3845 1150">
    <p class='ocr_par' dir='ltr' id='par_1_41' title="bbox 2199 1070 3845 1150">
     <span class='ocr_line' id='line_1_41' title="bbox 2199 1070 3845 1150; baseline 0.007 -29"><span class='ocrx_word' id='word_1_284' title='bbox 2199 1088 2314 1139; x_wconf 85' lang='grc' dir='ltr'><strong>μων</strong></span> <span class='ocrx_word' id='word_1_285' title='bbox 2365 1070 2558 1144; x_wconf 82' lang='grc' dir='ltr'>Κύριος</span> <span class='ocrx_word' id='word_1_286' title='bbox 2602 1073 2968 1147; x_wconf 75' lang='grc' dir='ltr'>παράκλησιν,</span> <span class='ocrx_word' id='word_1_287' title='bbox 3001 1076 3090 1130; x_wconf 79' lang='grc' dir='ltr'><strong>καὶ</strong></span> <span class='ocrx_word' id='word_1_288' title='bbox 3134 1075 3197 1130; x_wconf 87' lang='grc' dir='ltr'>τὸ</span> <span class='ocrx_word' id='word_1_289' title='bbox 3245 1074 3296 1130; x_wconf 82' lang='grc' dir='ltr'>ἐν</span> <span class='ocrx_word' id='word_1_290' title='bbox 3339 1075 3603 1150; x_wconf 86' lang='grc' dir='ltr'>πνεύματι</span> <span class='ocrx_word' id='word_1_291' title='bbox 3660 1083 3845 1132; x_wconf 88' lang='grc' dir='ltr'>συνεῖ-</span> 
     </span>
    </p>
   </div>
   <div class='ocr_carea' id='block_1_42' title="bbox 2194 1153 3845 1237">
    <p class='ocr_par' dir='ltr' id='par_1_42' title="bbox 2194 1153 3845 1237">
     <span class='ocr_line' id='line_1_42' title="bbox 2194 1153 3845 1237; baseline 0.007 -29"><span class='ocrx_word' id='word_1_292' title='bbox 2194 1153 2278 1209; x_wconf 72' lang='lat' dir='ltr'><strong>vat</strong></span> <span class='ocrx_word' id='word_1_293' title='bbox 2333 1176 2459 1209; x_wconf 90' lang='grc' dir='ltr'>σοι·</span> <span class='ocrx_word' id='word_1_294' title='bbox 2513 1157 2628 1230; x_wconf 81' lang='grc' dir='ltr'>εἷ’μί</span> <span class='ocrx_word' id='word_1_295' title='bbox 2677 1159 2778 1236; x_wconf 69' lang='grc' dir='ltr'><strong>γάρ</strong></span> <span class='ocrx_word' id='word_1_296' title='bbox 2828 1161 2906 1216; x_wconf 65' lang='grc' dir='ltr'><strong>ἀεὶ</strong></span> <span class='ocrx_word' id='word_1_297' title='bbox 2958 1162 3030 1225; x_wconf 75' lang='grc' dir='ltr'><strong>ὡς</strong></span> <span class='ocrx_word' id='word_1_298' title='bbox 3079 1164 3218 1237; x_wconf 84' lang='grc' dir='ltr'>ὁρῶν</span> <span class='ocrx_word' id='word_1_299' title='bbox 3249 1185 3306 1219; x_wconf 93' lang='grc' dir='ltr'><strong>σε</strong></span> <span class='ocrx_word' id='word_1_300' title='bbox 3353 1163 3445 1219; x_wconf 81' lang='grc' dir='ltr'><strong>καὶ</strong></span> <span class='ocrx_word' id='word_1_301' title='bbox 3475 1164 3693 1237; x_wconf 78' lang='grc' dir='ltr'>ὁμιλῶν</span> <span class='ocrx_word' id='word_1_302' title='bbox 3726 1186 3845 1233; x_wconf 79' lang='grc' dir='ltr'>σοι,</span> 
     </span>
    </p>
   </div>
   <div class='ocr_carea' id='block_1_43' title="bbox 2191 1244 3845 1327">
    <p class='ocr_par' dir='ltr' id='par_1_43' title="bbox 2191 1244 3845 1327">
     <span class='ocr_line' id='line_1_43' title="bbox 2191 1244 3845 1327; baseline 0.007 -29"><span class='ocrx_word' id='word_1_303' title='bbox 2191 1244 2283 1299; x_wconf 76' lang='grc' dir='ltr'>καὶ</span> <span class='ocrx_word' id='word_1_304' title='bbox 2331 1245 2407 1309; x_wconf 85' lang='grc' dir='ltr'>ὡς</span> <span class='ocrx_word' id='word_1_305' title='bbox 2450 1249 2815 1321; x_wconf 84' lang='grc' dir='ltr'>κομιζόμενος</span> <span class='ocrx_word' id='word_1_306' title='bbox 2862 1252 2962 1319; x_wconf 77' lang='grc' dir='ltr'>τὴν</span> <span class='ocrx_word' id='word_1_307' title='bbox 3012 1252 3211 1327; x_wconf 43' lang='lat' dir='ltr'><strong>eum,</strong></span> <span class='ocrx_word' id='word_1_308' title='bbox 3243 1253 3334 1308; x_wconf 82' lang='grc' dir='ltr'><strong>καὶ</strong></span> <span class='ocrx_word' id='word_1_309' title='bbox 3375 1254 3447 1313; x_wconf 86' lang='grc' dir='ltr'>ὡς</span> <span class='ocrx_word' id='word_1_310' title='bbox 3482 1254 3845 1327; x_wconf 81' lang='grc' dir='ltr'>σκεπόμενος,</span> 
     </span>
    </p>
   </div>
   <div class='ocr_carea' id='block_1_44' title="bbox 2192 1332 3847 1417">
    <p class='ocr_par' dir='ltr' id='par_1_44' title="bbox 2192 1332 3847 1417">
     <span class='ocr_line' id='line_1_44' title="bbox 2192 1332 3847 1417; baseline 0.01 -31"><span class='ocrx_word' id='word_1_311' title='bbox 2192 1332 2280 1387; x_wconf 78' lang='grc' dir='ltr'><strong>καὶ</strong></span> <span class='ocrx_word' id='word_1_312' title='bbox 2311 1333 2386 1395; x_wconf 84' lang='grc' dir='ltr'><strong>ὡς</strong></span> <span class='ocrx_word' id='word_1_313' title='bbox 2420 1332 2602 1398; x_wconf 80' lang='grc' dir='ltr'>διδοὺς</span> <span class='ocrx_word' id='word_1_314' title='bbox 2635 1338 2725 1391; x_wconf 81' lang='grc' dir='ltr'><strong>καὶ</strong></span> <span class='ocrx_word' id='word_1_315' title='bbox 2757 1334 3051 1412; x_wconf 74' lang='grc' dir='ltr'>λαμϐάνων</span> <span class='ocrx_word' id='word_1_316' title='bbox 3082 1338 3283 1415; x_wconf 85' lang='grc' dir='ltr'>λόγους</span> <span class='ocrx_word' id='word_1_317' title='bbox 3316 1341 3390 1404; x_wconf 84' lang='grc' dir='ltr'><strong>εἰς</strong></span> <span class='ocrx_word' id='word_1_318' title='bbox 3438 1340 3686 1417; x_wconf 73' lang='grc' dir='ltr'>’ἑδρασμα</span> <span class='ocrx_word' id='word_1_319' title='bbox 3735 1346 3847 1407; x_wconf 79' lang='grc' dir='ltr'>τῆς</span> 
     </span>
    </p>
   </div>
   <div class='ocr_carea' id='block_1_45' title="bbox 2193 1420 3849 1502">
    <p class='ocr_par' dir='ltr' id='par_1_45' title="bbox 2193 1420 3849 1502">
     <span class='ocr_line' id='line_1_45' title="bbox 2193 1420 3849 1502; baseline 0.008 -28"><span class='ocrx_word' id='word_1_320' title='bbox 2193 1420 2495 1496; x_wconf 78' lang='grc' dir='ltr'>ὁμολογίας</span> <span class='ocrx_word' id='word_1_321' title='bbox 2525 1426 2590 1493; x_wconf 69' lang='grc' dir='ltr'>ἧς</span> <span class='ocrx_word' id='word_1_322' title='bbox 2623 1425 3013 1502; x_wconf 84' lang='grc' dir='ltr'>ὡμολόγησας.</span> <span class='ocrx_word' id='word_1_323' title='bbox 3049 1429 3149 1484; x_wconf 76' lang='grc' dir='ltr'>Καὶ</span> <span class='ocrx_word' id='word_1_324' title='bbox 3192 1428 3337 1486; x_wconf 89' lang='grc' dir='ltr'>δοκῶ</span> <span class='ocrx_word' id='word_1_325' title='bbox 3397 1452 3491 1486; x_wconf 90' lang='grc' dir='ltr'><strong>σου</strong></span> <span class='ocrx_word' id='word_1_326' title='bbox 3540 1429 3849 1502; x_wconf 82' lang='grc' dir='ltr'>ἐπαῖούσης</span> 
     </span>
    </p>
   </div>
   <div class='ocr_carea' id='block_1_46' title="bbox 2189 1516 3847 1597">
    <p class='ocr_par' dir='ltr' id='par_1_46' title="bbox 2189 1516 3847 1597">
     <span class='ocr_line' id='line_1_46' title="bbox 2189 1516 3847 1597; baseline 0.007 -32"><span class='ocrx_word' id='word_1_327' title='bbox 2189 1517 2289 1580; x_wconf 83' lang='grc' dir='ltr'><strong>τῆς</strong></span> <span class='ocrx_word' id='word_1_328' title='bbox 2336 1520 2522 1590; x_wconf 72' lang='grc' dir='ltr'>φωνῆς</span> <span class='ocrx_word' id='word_1_329' title='bbox 2566 1520 2732 1570; x_wconf 86' lang='grc' dir='ltr'>ταῦτα</span> <span class='ocrx_word' id='word_1_330' title='bbox 2777 1516 3033 1573; x_wconf 80' lang='grc' dir='ltr'>ἀκούειν’</span> <span class='ocrx_word' id='word_1_331' title='bbox 3078 1520 3303 1574; x_wconf 76' lang='grc' dir='ltr'>Ταπεινὲ</span> <span class='ocrx_word' id='word_1_332' title='bbox 3341 1518 3609 1596; x_wconf 76' lang='grc' dir='ltr'>Θεόδωρε,</span> <span class='ocrx_word' id='word_1_333' title='bbox 3642 1524 3847 1597; x_wconf 78' lang='grc' dir='ltr'>μικρὸν</span> 
     </span>
    </p>
   </div>
   <div class='ocr_carea' id='block_1_47' title="bbox 2190 1599 3852 1685">
    <p class='ocr_par' dir='ltr' id='par_1_47' title="bbox 2190 1599 3852 1685">
     <span class='ocr_line' id='line_1_47' title="bbox 2190 1599 3852 1685; baseline 0.005 -30"><span class='ocrx_word' id='word_1_334' title='bbox 2190 1599 2358 1662; x_wconf 79' lang='grc' dir='ltr'>ὄντως</span> <span class='ocrx_word' id='word_1_335' title='bbox 2405 1603 2884 1681; x_wconf 78' lang='grc' dir='ltr'>ταλαιπωροῦμεν,</span> <span class='ocrx_word' id='word_1_336' title='bbox 2917 1606 3031 1662; x_wconf 79' lang='grc' dir='ltr'>ἐπεὶ</span> <span class='ocrx_word' id='word_1_337' title='bbox 3081 1607 3256 1679; x_wconf 75' lang='grc' dir='ltr'>καλὴν</span> <span class='ocrx_word' id='word_1_338' title='bbox 3308 1609 3458 1685; x_wconf 75' lang='grc' dir='ltr'>φέρει</span> <span class='ocrx_word' id='word_1_339' title='bbox 3507 1612 3535 1665; x_wconf 89' lang='grc' dir='ltr'><strong>ὁ</strong></span> <span class='ocrx_word' id='word_1_340' title='bbox 3576 1612 3709 1673; x_wconf 80' lang='grc' dir='ltr'>Θεὸς</span> <span class='ocrx_word' id='word_1_341' title='bbox 3739 1614 3852 1680; x_wconf 77' lang='grc' dir='ltr'>τὴν</span> 
     </span>
    </p>
   </div>
   <div class='ocr_carea' id='block_1_48' title="bbox 2190 1687 3849 1775">
    <p class='ocr_par' dir='ltr' id='par_1_48' title="bbox 2190 1687 3849 1775">
     <span class='ocr_line' id='line_1_48' title="bbox 2190 1687 3849 1775; baseline 0.01 -31"><span class='ocrx_word' id='word_1_342' title='bbox 2190 1687 2407 1749; x_wconf 69' lang='grc' dir='ltr'>ἐλπίδα.</span> <span class='ocrx_word' id='word_1_343' title='bbox 2448 1695 2622 1749; x_wconf 75' lang='grc' dir='ltr'>Ταῦτά</span> <span class='ocrx_word' id='word_1_344' title='bbox 2674 1700 2825 1768; x_wconf 59' lang='grc' dir='ltr'>μοιτ</span> <span class='ocrx_word' id='word_1_345' title='bbox 2856 1697 3139 1773; x_wconf 65' lang='grc' dir='ltr'>κρηγορία,</span> <span class='ocrx_word' id='word_1_346' title='bbox 3190 1702 3358 1754; x_wconf 75' lang='grc' dir='ltr'>ταῦτα</span> <span class='ocrx_word' id='word_1_347' title='bbox 3408 1698 3685 1775; x_wconf 71' lang='grc' dir='ltr'>ἀναψυχή.</span> <span class='ocrx_word' id='word_1_348' title='bbox 3744 1703 3849 1770; x_wconf 82' lang='grc' dir='ltr'>Μή</span> 
     </span>
    </p>
   </div>
   <div class='ocr_carea' id='block_1_49' title="bbox 2191 1776 3852 1860">
    <p class='ocr_par' dir='ltr' id='par_1_49' title="bbox 2191 1776 3852 1860">
     <span class='ocr_line' id='line_1_49' title="bbox 2191 1776 3852 1860; baseline 0.007 -27"><span class='ocrx_word' id='word_1_349' title='bbox 2191 1776 2396 1855; x_wconf 81' lang='grc' dir='ltr'>δείσῃς.</span> <span class='ocrx_word' id='word_1_350' title='bbox 2430 1784 2621 1856; x_wconf 78' lang='grc' dir='ltr'>Πᾶτερ,</span> <span class='ocrx_word' id='word_1_351' title='bbox 2657 1781 2727 1838; x_wconf 79' lang='grc' dir='ltr'>δι’</span> <span class='ocrx_word' id='word_1_352' title='bbox 2773 1785 2872 1860; x_wconf 72' lang='grc' dir='ltr'>ἔμῖε</span> <span class='ocrx_word' id='word_1_353' title='bbox 2916 1787 3010 1842; x_wconf 86' lang='grc' dir='ltr'>τὸν</span> <span class='ocrx_word' id='word_1_354' title='bbox 3058 1784 3256 1842; x_wconf 83' lang='grc' dir='ltr'>δοῦλόν</span> <span class='ocrx_word' id='word_1_355' title='bbox 3312 1808 3406 1843; x_wconf 90' lang='grc' dir='ltr'><strong>σου</strong></span> <span class='ocrx_word' id='word_1_356' title='bbox 3437 1788 3526 1843; x_wconf 77' lang='grc' dir='ltr'><strong>καὶ</strong></span> <span class='ocrx_word' id='word_1_357' title='bbox 3557 1789 3852 1844; x_wconf 55' lang='lat' dir='ltr'><strong>tuti-i=2-</strong></span> 
     </span>
    </p>
   </div>
   <div class='ocr_carea' id='block_1_50' title="bbox 2189 1868 3849 1951">
    <p class='ocr_par' dir='ltr' id='par_1_50' title="bbox 2189 1868 3849 1951">
     <span class='ocr_line' id='line_1_50' title="bbox 2189 1868 3849 1951; baseline 0.007 -30"><span class='ocrx_word' id='word_1_358' title='bbox 2189 1888 2271 1922; x_wconf 91' lang='grc' dir='ltr'><strong>σιν</strong></span> <span class='ocrx_word' id='word_1_359' title='bbox 2302 1868 2728 1946; x_wconf 61' lang='grc' dir='ltr'>ἀπερριμμένον.</span> <span class='ocrx_word' id='word_1_360' title='bbox 2755 1872 2856 1929; x_wconf 80' lang='grc' dir='ltr'><strong>Καὶ</strong></span> <span class='ocrx_word' id='word_1_361' title='bbox 2908 1874 3011 1951; x_wconf 72' lang='grc' dir='ltr'><strong>γάρ</strong></span> <span class='ocrx_word' id='word_1_362' title='bbox 3061 1875 3174 1948; x_wconf 84' lang='grc' dir='ltr'>εἰμι</span> <span class='ocrx_word' id='word_1_363' title='bbox 3214 1880 3312 1930; x_wconf 88' lang='grc' dir='ltr'><strong>τοῦ</strong></span> <span class='ocrx_word' id='word_1_364' title='bbox 3342 1877 3571 1951; x_wconf 81' lang='grc' dir='ltr'>οὐρανοῦ</span> <span class='ocrx_word' id='word_1_365' title='bbox 3613 1878 3706 1933; x_wconf 85' lang='grc' dir='ltr'><strong>καὶ</strong></span> <span class='ocrx_word' id='word_1_366' title='bbox 3737 1885 3849 1948; x_wconf 79' lang='grc' dir='ltr'><strong>τῆς</strong></span> 
     </span>
    </p>
   </div>
   <div class='ocr_carea' id='block_1_51' title="bbox 2189 1959 3853 2042">
    <p class='ocr_par' dir='ltr' id='par_1_51' title="bbox 2189 1959 3853 2042">
     <span class='ocr_line' id='line_1_51' title="bbox 2189 1959 3853 2042; baseline 0.008 -30"><span class='ocrx_word' id='word_1_367' title='bbox 2189 1963 2290 2033; x_wconf 77' lang='grc' dir='ltr'><strong>γῆς</strong></span> <span class='ocrx_word' id='word_1_368' title='bbox 2350 1959 2582 2033; x_wconf 81' lang='grc' dir='ltr'>μίασμα,</span> <span class='ocrx_word' id='word_1_369' title='bbox 2640 1963 2727 2017; x_wconf 81' lang='grc' dir='ltr'><strong>καὶ</strong></span> <span class='ocrx_word' id='word_1_370' title='bbox 2786 1963 2985 2024; x_wconf 74' lang='grc' dir='ltr'>παντὸς</span> <span class='ocrx_word' id='word_1_371' title='bbox 3063 1965 3355 2039; x_wconf 84' lang='grc' dir='ltr'>ἀνθρώπου</span> <span class='ocrx_word' id='word_1_372' title='bbox 3428 1967 3853 2042; x_wconf 71' lang='grc' dir='ltr'>κατεψυγμένος</span> 
     </span>
    </p>
   </div>
   <div class='ocr_carea' id='block_1_52' title="bbox 2197 2045 3849 2128">
    <p class='ocr_par' dir='ltr' id='par_1_52' title="bbox 2197 2045 3849 2128">
     <span class='ocr_line' id='line_1_52' title="bbox 2197 2045 3849 2128; baseline 0.006 -29"><span class='ocrx_word' id='word_1_373' title='bbox 2197 2045 2437 2117; x_wconf 77' lang='grc' dir='ltr'>μᾶλλον.</span> <span class='ocrx_word' id='word_1_374' title='bbox 2490 2048 2642 2119; x_wconf 74' lang='grc' dir='ltr'>Πλὴν</span> <span class='ocrx_word' id='word_1_375' title='bbox 2709 2050 2905 2124; x_wconf 85' lang='grc' dir='ltr'>τολμῶ</span> <span class='ocrx_word' id='word_1_376' title='bbox 2961 2049 3138 2128; x_wconf 79' lang='grc' dir='ltr'>λέγειν</span> <span class='ocrx_word' id='word_1_377' title='bbox 3188 2054 3262 2113; x_wconf 83' lang='grc' dir='ltr'>ὡς</span> <span class='ocrx_word' id='word_1_378' title='bbox 3321 2054 3533 2127; x_wconf 66' lang='grc' dir='ltr'>ἀνάξιος</span> <span class='ocrx_word' id='word_1_379' title='bbox 3594 2053 3849 2126; x_wconf 74' lang='grc' dir='ltr'>εὔελπις,</span> 
     </span>
    </p>
   </div>
   <div class='ocr_carea' id='block_1_53' title="bbox 2192 2132 3852 2217">
    <p class='ocr_par' dir='ltr' id='par_1_53' title="bbox 2192 2132 3852 2217">
     <span class='ocr_line' id='line_1_53' title="bbox 2192 2132 3852 2217; baseline 0.006 -27"><span class='ocrx_word' id='word_1_380' title='bbox 2192 2132 2299 2190; x_wconf 78' lang='grc' dir='ltr'>ἄνω</span> <span class='ocrx_word' id='word_1_381' title='bbox 2332 2137 2551 2210; x_wconf 83' lang='grc' dir='ltr'>βλέπων</span> <span class='ocrx_word' id='word_1_382' title='bbox 2581 2139 2917 2213; x_wconf 82' lang='grc' dir='ltr'>ῥωννύμενος</span> <span class='ocrx_word' id='word_1_383' title='bbox 2951 2141 3054 2195; x_wconf 81' lang='grc' dir='ltr'>ὑπὸ</span> <span class='ocrx_word' id='word_1_384' title='bbox 3103 2143 3204 2211; x_wconf 78' lang='grc' dir='ltr'><strong>τῆς</strong></span> <span class='ocrx_word' id='word_1_385' title='bbox 3254 2149 3351 2211; x_wconf 77' lang='grc' dir='ltr'>σῆς</span> <span class='ocrx_word' id='word_1_386' title='bbox 3398 2140 3709 2217; x_wconf 74' lang='grc' dir='ltr'>πρεσϐείας,</span> <span class='ocrx_word' id='word_1_387' title='bbox 3744 2144 3852 2200; x_wconf 76' lang='grc' dir='ltr'><strong>οὐκ</strong></span> 
     </span>
    </p>
   </div>
   <div class='ocr_carea' id='block_1_54' title="bbox 2192 2223 3849 2307">
    <p class='ocr_par' dir='ltr' id='par_1_54' title="bbox 2192 2223 3849 2307">
     <span class='ocr_line' id='line_1_54' title="bbox 2192 2223 3849 2307; baseline 0.006 -30"><span class='ocrx_word' id='word_1_388' title='bbox 2192 2223 2506 2281; x_wconf 82' lang='grc' dir='ltr'>ἀπευδοκῶν</span> <span class='ocrx_word' id='word_1_389' title='bbox 2551 2227 2627 2291; x_wconf 86' lang='grc' dir='ltr'><strong>εἰς</strong></span> <span class='ocrx_word' id='word_1_390' title='bbox 2658 2229 2689 2283; x_wconf 76' lang='grc' dir='ltr'><strong>ἃ</strong></span> <span class='ocrx_word' id='word_1_391' title='bbox 2728 2224 2944 2298; x_wconf 78' lang='grc' dir='ltr'>ἔπαθον,</span> <span class='ocrx_word' id='word_1_392' title='bbox 2978 2229 3424 2307; x_wconf 69' lang='grc' dir='ltr'>ἐπιμεμφόμενος</span> <span class='ocrx_word' id='word_1_393' title='bbox 3464 2230 3519 2286; x_wconf 76' lang='grc' dir='ltr'>δὲ</span> <span class='ocrx_word' id='word_1_394' title='bbox 3576 2231 3849 2307; x_wconf 72' lang='grc' dir='ltr'>ἐμαυτὸν,</span> 
     </span>
    </p>
   </div>
   <div class='ocr_carea' id='block_1_55' title="bbox 2194 2311 3847 2397">
    <p class='ocr_par' dir='ltr' id='par_1_55' title="bbox 2194 2311 3847 2397">
     <span class='ocr_line' id='line_1_55' title="bbox 2194 2311 3847 2397; baseline 0.007 -32"><span class='ocrx_word' id='word_1_395' title='bbox 2194 2311 2278 2366; x_wconf 75' lang='grc' dir='ltr'><strong>ὅτι</strong></span> <span class='ocrx_word' id='word_1_396' title='bbox 2328 2316 2404 2387; x_wconf 74' lang='grc' dir='ltr'>μὴ</span> <span class='ocrx_word' id='word_1_397' title='bbox 2444 2315 2699 2393; x_wconf 82' lang='grc' dir='ltr'>ἀνδρείως</span> <span class='ocrx_word' id='word_1_398' title='bbox 2751 2320 2840 2373; x_wconf 83' lang='grc' dir='ltr'><strong>καὶ</strong></span> <span class='ocrx_word' id='word_1_399' title='bbox 2889 2321 3026 2374; x_wconf 86' lang='grc' dir='ltr'><strong>κατά</strong></span> <span class='ocrx_word' id='word_1_400' title='bbox 3055 2319 3250 2395; x_wconf 83' lang='grc' dir='ltr'>λόγον,</span> <span class='ocrx_word' id='word_1_401' title='bbox 3282 2321 3371 2375; x_wconf 86' lang='grc' dir='ltr'><strong>καὶ</strong></span> <span class='ocrx_word' id='word_1_402' title='bbox 3411 2322 3493 2375; x_wconf 78' lang='grc' dir='ltr'>ὅτι</span> <span class='ocrx_word' id='word_1_403' title='bbox 3533 2321 3694 2397; x_wconf 82' lang='grc' dir='ltr'>ὀλίγα</span> <span class='ocrx_word' id='word_1_404' title='bbox 3747 2329 3847 2378; x_wconf 70' lang='grc' dir='ltr'>καὶ</span> 
     </span>
    </p>
   </div>
   <div class='ocr_carea' id='block_1_56' title="bbox 2193 2401 3846 2485">
    <p class='ocr_par' dir='ltr' id='par_1_56' title="bbox 2193 2401 3846 2485">
     <span class='ocr_line' id='line_1_56' title="bbox 2193 2401 3846 2485; baseline 0.005 -29"><span class='ocrx_word' id='word_1_405' title='bbox 2193 2401 2409 2465; x_wconf 78' lang='grc' dir='ltr'>οὐδενὸς</span> <span class='ocrx_word' id='word_1_406' title='bbox 2465 2403 2585 2476; x_wconf 77' lang='grc' dir='ltr'>ἀξια</span> <span class='ocrx_word' id='word_1_407' title='bbox 2639 2407 2857 2485; x_wconf 70' lang='grc' dir='ltr'>ἀφορῶν</span> <span class='ocrx_word' id='word_1_408' title='bbox 2915 2409 3053 2482; x_wconf 86' lang='grc' dir='ltr'>πρὸς</span> <span class='ocrx_word' id='word_1_409' title='bbox 3099 2409 3165 2463; x_wconf 78' lang='grc' dir='ltr'>τὰ</span> <span class='ocrx_word' id='word_1_410' title='bbox 3216 2410 3461 2477; x_wconf 85' lang='grc' dir='ltr'>ζωοποιὰ</span> <span class='ocrx_word' id='word_1_411' title='bbox 3519 2411 3665 2481; x_wconf 74' lang='grc' dir='ltr'>πάθη</span> <span class='ocrx_word' id='word_1_412' title='bbox 3726 2417 3846 2466; x_wconf 83' lang='grc' dir='ltr'><strong>τῶν</strong></span> 
     </span>
    </p>
   </div>
   <div class='ocr_carea' id='block_1_57' title="bbox 2194 2492 3848 2575">
    <p class='ocr_par' dir='ltr' id='par_1_57' title="bbox 2194 2492 3848 2575">
     <span class='ocr_line' id='line_1_57' title="bbox 2194 2492 3848 2575; baseline 0.004 -28"><span class='ocrx_word' id='word_1_413' title='bbox 2194 2492 2379 2568; x_wconf 79' lang='grc' dir='ltr'>ἁγίων.</span> <span class='ocrx_word' id='word_1_414' title='bbox 2413 2493 2656 2570; x_wconf 81' lang='grc' dir='ltr'>Ἐγένετό</span> <span class='ocrx_word' id='word_1_415' title='bbox 2692 2518 2785 2570; x_wconf 88' lang='grc' dir='ltr'><strong>μοι</strong></span> <span class='ocrx_word' id='word_1_416' title='bbox 2817 2498 2929 2572; x_wconf 72' lang='grc' dir='ltr'><strong>γὰρ</strong></span> <span class='ocrx_word' id='word_1_417' title='bbox 2968 2495 3196 2553; x_wconf 85' lang='grc' dir='ltr'>πολλῶν</span> <span class='ocrx_word' id='word_1_418' title='bbox 3242 2496 3468 2569; x_wconf 76' lang='grc' dir='ltr'>ἔντευξις</span> <span class='ocrx_word' id='word_1_419' title='bbox 3521 2501 3848 2575; x_wconf 82' lang='grc' dir='ltr'>μαρτυρίων</span> 
     </span>
    </p>
   </div>
   <div class='ocr_carea' id='block_1_58' title="bbox 2194 2583 3853 2669">
    <p class='ocr_par' dir='ltr' id='par_1_58' title="bbox 2194 2583 3853 2669">
     <span class='ocr_line' id='line_1_58' title="bbox 2194 2583 3853 2669; baseline 0.003 -31"><span class='ocrx_word' id='word_1_420' title='bbox 2194 2583 2244 2639; x_wconf 82' lang='grc' dir='ltr'>ἐν</span> <span class='ocrx_word' id='word_1_421' title='bbox 2276 2583 2484 2640; x_wconf 83' lang='grc' dir='ltr'>δώδεκα</span> <span class='ocrx_word' id='word_1_422' title='bbox 2537 2584 2752 2649; x_wconf 68' lang='grc' dir='ltr'>δέλτοις</span> <span class='ocrx_word' id='word_1_423' title='bbox 2803 2586 3339 2663; x_wconf 56' lang='grc' dir='ltr'>ἀπογεγραμμένων</span> <span class='ocrx_word' id='word_1_424' title='bbox 3372 2588 3510 2644; x_wconf 84' lang='grc' dir='ltr'>ὥστε</span> <span class='ocrx_word' id='word_1_425' title='bbox 3552 2592 3853 2669; x_wconf 79' lang='grc' dir='ltr'>παταχθῆ-</span> 
     </span>
    </p>
   </div>
   <div class='ocr_carea' id='block_1_59' title="bbox 2192 2673 3845 2753">
    <p class='ocr_par' dir='ltr' id='par_1_59' title="bbox 2192 2673 3845 2753">
     <span class='ocr_line' id='line_1_59' title="bbox 2192 2673 3845 2753; baseline 0.002 -23"><span class='ocrx_word' id='word_1_426' title='bbox 2192 2697 2278 2731; x_wconf 84' lang='grc' dir='ltr'><strong>ναι</strong></span> <span class='ocrx_word' id='word_1_427' title='bbox 2310 2678 2408 2747; x_wconf 68' lang='grc' dir='ltr'>τὴν</span> <span class='ocrx_word' id='word_1_428' title='bbox 2441 2673 2688 2750; x_wconf 82' lang='grc' dir='ltr'>καρδίαν,</span> <span class='ocrx_word' id='word_1_429' title='bbox 2719 2677 2810 2732; x_wconf 81' lang='grc' dir='ltr'><strong>καὶ</strong></span> <span class='ocrx_word' id='word_1_430' title='bbox 2844 2675 2985 2750; x_wconf 74' lang='grc' dir='ltr'>μηδὲ</span> <span class='ocrx_word' id='word_1_431' title='bbox 3030 2674 3242 2750; x_wconf 80' lang='grc' dir='ltr'>τολμᾷν</span> <span class='ocrx_word' id='word_1_432' title='bbox 3275 2676 3453 2753; x_wconf 80' lang='grc' dir='ltr'>λέγειν</span> <span class='ocrx_word' id='word_1_433' title='bbox 3499 2677 3582 2733; x_wconf 79' lang='grc' dir='ltr'><strong>ὅτι</strong></span> <span class='ocrx_word' id='word_1_434' title='bbox 3631 2673 3845 2735; x_wconf 79' lang='grc' dir='ltr'>ἔπαθόν</span> 
     </span>
    </p>
   </div>
   <div class='ocr_carea' id='block_1_60' title="bbox 2188 2762 3842 2841">
    <p class='ocr_par' dir='ltr' id='par_1_60' title="bbox 2188 2762 3842 2841">
     <span class='ocr_line' id='line_1_60' title="bbox 2188 2762 3842 2841; baseline 0 -20"><span class='ocrx_word' id='word_1_435' title='bbox 2188 2788 2241 2821; x_wconf 87' lang='grc' dir='ltr'><strong>τι</strong></span> <span class='ocrx_word' id='word_1_436' title='bbox 2290 2764 2378 2820; x_wconf 82' lang='grc' dir='ltr'><strong>διὰ</strong></span> <span class='ocrx_word' id='word_1_437' title='bbox 2424 2769 2676 2840; x_wconf 84' lang='grc' dir='ltr'>Χριστόν.</span> <span class='ocrx_word' id='word_1_438' title='bbox 2718 2764 2817 2820; x_wconf 78' lang='grc' dir='ltr'>Καὶ</span> <span class='ocrx_word' id='word_1_439' title='bbox 2874 2764 2927 2819; x_wconf 89' lang='grc' dir='ltr'><strong>τί</strong></span> <span class='ocrx_word' id='word_1_440' title='bbox 2970 2762 3326 2839; x_wconf 68' lang='grc' dir='ltr'>γλυκύτερον,</span> <span class='ocrx_word' id='word_1_441' title='bbox 3372 2765 3567 2841; x_wconf 83' lang='grc' dir='ltr'>Πάτερ,</span> <span class='ocrx_word' id='word_1_442' title='bbox 3624 2767 3842 2840; x_wconf 70' lang='grc' dir='ltr'>ὑπομι-</span> 
     </span>
    </p>
   </div>
   <div class='ocr_carea' id='block_1_61' title="bbox 2191 2851 3845 2931">
    <p class='ocr_par' dir='ltr' id='par_1_61' title="bbox 2191 2851 3845 2931">
     <span class='ocr_line' id='line_1_61' title="bbox 2191 2851 3845 2931; baseline 0 -20"><span class='ocrx_word' id='word_1_443' title='bbox 2191 2858 2414 2930; x_wconf 83' lang='grc' dir='ltr'>μνήσκω</span> <span class='ocrx_word' id='word_1_444' title='bbox 2445 2854 2520 2915; x_wconf 88' lang='grc' dir='ltr'><strong>ὡς</strong></span> <span class='ocrx_word' id='word_1_445' title='bbox 2579 2851 2799 2927; x_wconf 83' lang='grc' dir='ltr'>δοῦλος,</span> <span class='ocrx_word' id='word_1_446' title='bbox 2828 2857 2924 2909; x_wconf 89' lang='grc' dir='ltr'><strong>τοῦ</strong></span> <span class='ocrx_word' id='word_1_447' title='bbox 2984 2851 3053 2909; x_wconf 86' lang='grc' dir='ltr'>δι’</span> <span class='ocrx_word' id='word_1_448' title='bbox 3103 2853 3264 2909; x_wconf 77' lang='grc' dir='ltr'>αὐτὸν</span> <span class='ocrx_word' id='word_1_449' title='bbox 3320 2853 3845 2931; x_wconf 80' lang='grc' dir='ltr'>πάσχειν;“Αθρει,</span> 
     </span>
    </p>
   </div>
   <div class='ocr_carea' id='block_1_62' title="bbox 2188 2941 3846 3020">
    <p class='ocr_par' dir='ltr' id='par_1_62' title="bbox 2188 2941 3846 3020">
     <span class='ocr_line' id='line_1_62' title="bbox 2188 2941 3846 3020; baseline -0.001 -20"><span class='ocrx_word' id='word_1_450' title='bbox 2188 2946 2387 3020; x_wconf 80' lang='grc' dir='ltr'>Πάτερ,</span> <span class='ocrx_word' id='word_1_451' title='bbox 2428 2942 2578 2998; x_wconf 70' lang='grc' dir='ltr'>ἄνων</span> <span class='ocrx_word' id='word_1_452' title='bbox 2639 2942 2739 3016; x_wconf 77' lang='grc' dir='ltr'><strong>ὅρα</strong></span> <span class='ocrx_word' id='word_1_453' title='bbox 2792 2943 2885 2998; x_wconf 90' lang='grc' dir='ltr'>τὸν</span> <span class='ocrx_word' id='word_1_454' title='bbox 2946 2943 3162 3017; x_wconf 79' lang='grc' dir='ltr'>Κύριον,</span> <span class='ocrx_word' id='word_1_455' title='bbox 3196 2941 3458 2998; x_wconf 84' lang='grc' dir='ltr'>ἐπόπτευε</span> <span class='ocrx_word' id='word_1_456' title='bbox 3507 2943 3603 3005; x_wconf 80' lang='grc' dir='ltr'><strong>τὰς</strong></span> <span class='ocrx_word' id='word_1_457' title='bbox 3661 2945 3846 3018; x_wconf 76' lang='grc' dir='ltr'>ἂγγε-</span> 
     </span>
    </p>
   </div>
   <div class='ocr_carea' id='block_1_63' title="bbox 2187 3030 3844 3108">
    <p class='ocr_par' dir='ltr' id='par_1_63' title="bbox 2187 3030 3844 3108">
     <span class='ocr_line' id='line_1_63' title="bbox 2187 3030 3844 3108; baseline -0.001 -19"><span class='ocrx_word' id='word_1_458' title='bbox 2187 3032 2400 3096; x_wconf 73' lang='grc' dir='ltr'>λοθεΐας</span> <span class='ocrx_word' id='word_1_459' title='bbox 2427 3052 2440 3067; x_wconf 91' lang='grc'><strong>·</strong></span> <span class='ocrx_word' id='word_1_460' title='bbox 2501 3032 2766 3101; x_wconf 79' lang='grc' dir='ltr'>ἐνατὲνιζε</span> <span class='ocrx_word' id='word_1_461' title='bbox 2816 3032 2915 3095; x_wconf 81' lang='grc' dir='ltr'><strong>τὰς</strong></span> <span class='ocrx_word' id='word_1_462' title='bbox 2970 3031 3321 3106; x_wconf 80' lang='grc' dir='ltr'>ἀγιοχορείας</span> <span class='ocrx_word' id='word_1_463' title='bbox 3344 3050 3357 3063; x_wconf 89' lang='grc'><strong>·</strong></span> <span class='ocrx_word' id='word_1_464' title='bbox 3385 3030 3472 3086; x_wconf 71' lang='grc' dir='ltr'>’ίδε</span> <span class='ocrx_word' id='word_1_465' title='bbox 3516 3032 3601 3087; x_wconf 75' lang='grc' dir='ltr'><strong>ἐπὶ</strong></span> <span class='ocrx_word' id='word_1_466' title='bbox 3632 3032 3844 3108; x_wconf 78' lang='grc' dir='ltr'>θρόνου</span> 
     </span>
    </p>
   </div>
   <div class='ocr_carea' id='block_1_64' title="bbox 2186 3120 3844 3197">
    <p class='ocr_par' dir='ltr' id='par_1_64' title="bbox 2186 3120 3844 3197">
     <span class='ocr_line' id='line_1_64' title="bbox 2186 3120 3844 3197; baseline -0.001 -18"><span class='ocrx_word' id='word_1_467' title='bbox 2186 3121 2402 3197; x_wconf 79' lang='grc' dir='ltr'>ὑψηλοῦ</span> <span class='ocrx_word' id='word_1_468' title='bbox 2458 3122 2547 3177; x_wconf 80' lang='grc' dir='ltr'><strong>καὶ</strong></span> <span class='ocrx_word' id='word_1_469' title='bbox 2606 3121 2916 3197; x_wconf 70' lang='grc' dir='ltr'>ἐπηρμένου</span> <span class='ocrx_word' id='word_1_470' title='bbox 2967 3121 3058 3175; x_wconf 84' lang='grc' dir='ltr'>τὸν</span> <span class='ocrx_word' id='word_1_471' title='bbox 3102 3122 3301 3195; x_wconf 83' lang='grc' dir='ltr'>Κριτήν</span> <span class='ocrx_word' id='word_1_472' title='bbox 3342 3125 3439 3176; x_wconf 83' lang='grc' dir='ltr'><strong>τοῦ</strong></span> <span class='ocrx_word' id='word_1_473' title='bbox 3486 3120 3738 3194; x_wconf 82' lang='grc' dir='ltr'>κόσμου·</span> <span class='ocrx_word' id='word_1_474' title='bbox 3773 3123 3844 3186; x_wconf 82' lang='grc' dir='ltr'><strong>ὅς</strong></span> 
     </span>
    </p>
   </div>
   <div class='ocr_carea' id='block_1_65' title="bbox 2186 3208 3849 3287">
    <p class='ocr_par' dir='ltr' id='par_1_65' title="bbox 2186 3208 3849 3287">
     <span class='ocr_line' id='line_1_65' title="bbox 2186 3208 3849 3287; baseline 0 -20"><span class='ocrx_word' id='word_1_475' title='bbox 2186 3234 2241 3267; x_wconf 89' lang='grc' dir='ltr'><strong>σε</strong></span> <span class='ocrx_word' id='word_1_476' title='bbox 2291 3211 2611 3287; x_wconf 75' lang='grc' dir='ltr'>ἀνακηρύξει</span> <span class='ocrx_word' id='word_1_477' title='bbox 2662 3212 2851 3266; x_wconf 84' lang='grc' dir='ltr'>πιστὸν</span> <span class='ocrx_word' id='word_1_478' title='bbox 2892 3208 3109 3279; x_wconf 82' lang='grc' dir='ltr'>δοῦλον,</span> <span class='ocrx_word' id='word_1_479' title='bbox 3159 3210 3247 3264; x_wconf 76' lang='grc' dir='ltr'>καὶ</span> <span class='ocrx_word' id='word_1_480' title='bbox 3294 3216 3400 3265; x_wconf 87' lang='grc' dir='ltr'><strong>τῶν</strong></span> <span class='ocrx_word' id='word_1_481' title='bbox 3452 3209 3689 3266; x_wconf 82' lang='grc' dir='ltr'>ἐντολῶν</span> <span class='ocrx_word' id='word_1_482' title='bbox 3741 3213 3849 3267; x_wconf 79' lang='grc' dir='ltr'><strong>αὐ-</strong></span> 
     </span>
    </p>
   </div>
   <div class='ocr_carea' id='block_1_66' title="bbox 430 3291 2078 3378">
    <p class='ocr_par' dir='ltr' id='par_1_66' title="bbox 430 3291 2070 3378">
     <span class='ocr_line' id='line_1_66' title="bbox 430 3291 2070 3378; baseline 0.004 -18"><span class='ocrx_word' id='word_1_483' title='bbox 430 3304 658 3361; x_wconf 84' lang='lat' dir='ltr'><strong>fidelem</strong></span> <span class='ocrx_word' id='word_1_484' title='bbox 686 3322 916 3361; x_wconf 87' lang='lat' dir='ltr'><strong>servum</strong></span> <span class='ocrx_word' id='word_1_485' title='bbox 944 3311 1478 3378; x_wconf 70' lang='lat' dir='ltr'><strong>praeceptorumque</strong></span> <span class='ocrx_word' id='word_1_486' title='bbox 1498 3324 1737 3364; x_wconf 89' lang='lat' dir='ltr'><strong>suorum</strong></span> <span class='ocrx_word' id='word_1_487' title='bbox 1769 3291 2070 3366; x_wconf 82' lang='lat' dir='ltr'><strong>custodem</strong></span> 
     </span>
    </p>
   </div>
   <div class='ocr_carea' id='block_1_67' title="bbox 2188 3291 3842 3378">
    <p class='ocr_par' dir='ltr' id='par_1_67' title="bbox 2188 3297 3842 3377">
     <span class='ocr_line' id='line_1_67' title="bbox 2188 3297 3842 3377; baseline 0 -20"><span class='ocrx_word' id='word_1_488' title='bbox 2188 3301 2279 3357; x_wconf 78' lang='grc' dir='ltr'><strong>τοῦ</strong></span> <span class='ocrx_word' id='word_1_489' title='bbox 2327 3303 2595 3377; x_wconf 76' lang='grc' dir='ltr'>τηρητὴν,</span> <span class='ocrx_word' id='word_1_490' title='bbox 2628 3301 2740 3362; x_wconf 74' lang='grc' dir='ltr'>καὶ,</span> <span class='ocrx_word' id='word_1_491' title='bbox 2770 3300 2833 3354; x_wconf 83' lang='grc' dir='ltr'>τὸ</span> <span class='ocrx_word' id='word_1_492' title='bbox 2885 3305 3091 3373; x_wconf 80' lang='grc' dir='ltr'>μεῖζον,</span> <span class='ocrx_word' id='word_1_493' title='bbox 3125 3297 3505 3375; x_wconf 77' lang='grc' dir='ltr'>ὁμολογητήν.</span> <span class='ocrx_word' id='word_1_494' title='bbox 3542 3300 3677 3357; x_wconf 80' lang='grc' dir='ltr'>Εἶτα</span> <span class='ocrx_word' id='word_1_495' title='bbox 3723 3308 3842 3357; x_wconf 86' lang='grc' dir='ltr'><strong>ποῦ</strong></span> 
     </span>
    </p>
   </div>
   <div class='ocr_carea' id='block_1_68' title="bbox 429 3393 2070 3467">
    <p class='ocr_par' dir='ltr' id='par_1_68' title="bbox 429 3393 2070 3467">
     <span class='ocr_line' id='line_1_68' title="bbox 429 3393 2070 3467; baseline 0.004 -19"><span class='ocrx_word' id='word_1_496' title='bbox 429 3393 855 3464; x_wconf 86' lang='lat' dir='ltr'><strong>pronuntiabit,</strong></span> <span class='ocrx_word' id='word_1_497' title='bbox 906 3398 982 3461; x_wconf 92' lang='lat' dir='ltr'><strong>et,</strong></span> <span class='ocrx_word' id='word_1_498' title='bbox 1031 3396 1186 3465; x_wconf 92' lang='lat' dir='ltr'><strong>quod</strong></span> <span class='ocrx_word' id='word_1_499' title='bbox 1248 3396 1440 3466; x_wconf 88' lang='lat' dir='ltr'><strong>majus</strong></span> <span class='ocrx_word' id='word_1_500' title='bbox 1497 3402 1605 3467; x_wconf 91' lang='lat' dir='ltr'><strong>est,</strong></span> <span class='ocrx_word' id='word_1_501' title='bbox 1665 3399 2070 3454; x_wconf 83' lang='lat' dir='ltr'><strong>confessorem.</strong></span> 
     </span>
    </p>
   </div>
   <div class='ocr_carea' id='block_1_69' title="bbox 434 3483 2070 3557">
    <p class='ocr_par' dir='ltr' id='par_1_69' title="bbox 434 3483 2070 3557">
     <span class='ocr_line' id='line_1_69' title="bbox 434 3483 2070 3557; baseline 0.005 -21"><span class='ocrx_word' id='word_1_502' title='bbox 434 3483 649 3538; x_wconf 90' lang='lat' dir='ltr'><strong>Deinde</strong></span> <span class='ocrx_word' id='word_1_503' title='bbox 679 3498 936 3553; x_wconf 87' lang='lat' dir='ltr'><strong>quonam</strong></span> <span class='ocrx_word' id='word_1_504' title='bbox 968 3488 1023 3538; x_wconf 91' lang='lat' dir='ltr'><strong>te</strong></span> <span class='ocrx_word' id='word_1_505' title='bbox 1054 3483 1286 3539; x_wconf 81' lang='lat' dir='ltr'><strong>mittet?</strong></span> <span class='ocrx_word' id='word_1_506' title='bbox 1314 3485 1439 3540; x_wconf 90' lang='lat' dir='ltr'><strong>Non</strong></span> <span class='ocrx_word' id='word_1_507' title='bbox 1472 3486 1529 3540; x_wconf 91' lang='lat' dir='ltr'><strong>in</strong></span> <span class='ocrx_word' id='word_1_508' title='bbox 1553 3486 1746 3557; x_wconf 80' lang='lat' dir='ltr'><strong>ignem</strong></span> <span class='ocrx_word' id='word_1_509' title='bbox 1765 3492 2070 3555; x_wconf 84' lang='lat' dir='ltr'><strong>aeternum,</strong></span> 
     </span>
    </p>
   </div>
   <div class='ocr_carea' id='block_1_70' title="bbox 433 3571 2071 3647">
    <p class='ocr_par' dir='ltr' id='par_1_70' title="bbox 433 3571 2071 3647">
     <span class='ocr_line' id='line_1_70' title="bbox 433 3571 2071 3647; baseline 0.002 -20"><span class='ocrx_word' id='word_1_510' title='bbox 433 3571 532 3642; x_wconf 90' lang='lat' dir='ltr'><strong>qui</strong></span> <span class='ocrx_word' id='word_1_511' title='bbox 569 3571 685 3644; x_wconf 86' lang='lat' dir='ltr'><strong>legi</strong></span> <span class='ocrx_word' id='word_1_512' title='bbox 715 3573 841 3643; x_wconf 89' lang='lat' dir='ltr'><strong>ejus</strong></span> <span class='ocrx_word' id='word_1_513' title='bbox 870 3587 986 3627; x_wconf 90' lang='lat' dir='ltr'><strong>non</strong></span> <span class='ocrx_word' id='word_1_514' title='bbox 1035 3573 1420 3643; x_wconf 87' lang='lat' dir='ltr'><strong>obsequentes</strong></span> <span class='ocrx_word' id='word_1_515' title='bbox 1462 3575 1712 3647; x_wconf 82' lang='lat' dir='ltr'><strong>excipit:</strong></span> <span class='ocrx_word' id='word_1_516' title='bbox 1752 3579 1849 3632; x_wconf 92' lang='lat' dir='ltr'><strong>sed</strong></span> <span class='ocrx_word' id='word_1_517' title='bbox 1883 3578 1954 3633; x_wconf 91' lang='lat' dir='ltr'><strong>ad</strong></span> <span class='ocrx_word' id='word_1_518' title='bbox 1986 3578 2071 3632; x_wconf 87' lang='lat' dir='ltr'><strong>vi-</strong></span> 
     </span>
    </p>
   </div>
   <div class='ocr_carea' id='block_1_71' title="bbox 434 3661 2075 3740">
    <p class='ocr_par' dir='ltr' id='par_1_71' title="bbox 434 3661 2075 3740">
     <span class='ocr_line' id='line_1_71' title="bbox 434 3661 2075 3740; baseline 0.005 -24"><span class='ocrx_word' id='word_1_519' title='bbox 434 3661 579 3719; x_wconf 87' lang='lat' dir='ltr'><strong>tales</strong></span> <span class='ocrx_word' id='word_1_520' title='bbox 606 3661 796 3730; x_wconf 90' lang='lat' dir='ltr'><strong>sedes,</strong></span> <span class='ocrx_word' id='word_1_521' title='bbox 822 3662 893 3717; x_wconf 89' lang='lat' dir='ltr'><strong>ad</strong></span> <span class='ocrx_word' id='word_1_522' title='bbox 926 3661 1176 3728; x_wconf 85' lang='lat' dir='ltr'><strong>quietem</strong></span> <span class='ocrx_word' id='word_1_523' title='bbox 1227 3662 1639 3731; x_wconf 89' lang='lat' dir='ltr'><strong>immortalem,</strong></span> <span class='ocrx_word' id='word_1_524' title='bbox 1671 3667 1745 3722; x_wconf 85' lang='lat' dir='ltr'><strong>ad</strong></span> <span class='ocrx_word' id='word_1_525' title='bbox 1776 3670 2075 3740; x_wconf 82' lang='lat' dir='ltr'><strong>sempiter-</strong></span> 
     </span>
    </p>
   </div>
   <div class='ocr_carea' id='block_1_72' title="bbox 436 3750 2074 3827">
    <p class='ocr_par' dir='ltr' id='par_1_72' title="bbox 436 3750 2074 3827">
     <span class='ocr_line' id='line_1_72' title="bbox 436 3750 2074 3827; baseline 0.004 -22"><span class='ocrx_word' id='word_1_526' title='bbox 436 3767 571 3805; x_wconf 89' lang='lat' dir='ltr'><strong>nam</strong></span> <span class='ocrx_word' id='word_1_527' title='bbox 597 3750 1064 3821; x_wconf 89' lang='lat' dir='ltr'><strong>immensamque</strong></span> <span class='ocrx_word' id='word_1_528' title='bbox 1096 3752 1372 3819; x_wconf 64' lang='lat' dir='ltr'><strong>latitiam,</strong></span> <span class='ocrx_word' id='word_1_529' title='bbox 1400 3755 1574 3822; x_wconf 80' lang='lat' dir='ltr'><strong>Intra,</strong></span> <span class='ocrx_word' id='word_1_530' title='bbox 1608 3756 1800 3827; x_wconf 90' lang='lat' dir='ltr'><strong>inquit</strong></span> <span class='ocrx_word' id='word_1_531' title='bbox 1821 3758 2074 3824; x_wconf 82' lang='lat' dir='ltr'><strong>euim,in</strong></span> 
     </span>
    </p>
   </div>
   <div class='ocr_carea' id='block_1_73' title="bbox 434 3838 2069 3912">
    <p class='ocr_par' dir='ltr' id='par_1_73' title="bbox 434 3838 2069 3912">
     <span class='ocr_line' id='line_1_73' title="bbox 434 3838 2069 3912; baseline 0.006 -18"><span class='ocrx_word' id='word_1_532' title='bbox 434 3838 700 3912; x_wconf 80' lang='lat' dir='ltr'><strong>gaudium</strong></span> <span class='ocrx_word' id='word_1_533' title='bbox 734 3841 950 3895; x_wconf 80' lang='lat' dir='ltr'><strong>Domini</strong></span> <span class='ocrx_word' id='word_1_534' title='bbox 979 3843 1062 3896; x_wconf 83' lang='lat' dir='ltr'><strong>tui</strong></span> <span class='ocrx_word' id='word_1_535' title='bbox 1090 3839 1133 3899; x_wconf 80' lang='lat'><strong>7.</strong></span> <span class='ocrx_word' id='word_1_536' title='bbox 1184 3842 1460 3897; x_wconf 90' lang='lat' dir='ltr'><strong>Omnium</strong></span> <span class='ocrx_word' id='word_1_537' title='bbox 1492 3848 1752 3901; x_wconf 89' lang='lat' dir='ltr'><strong>nostrum</strong></span> <span class='ocrx_word' id='word_1_538' title='bbox 1800 3848 1953 3903; x_wconf 87' lang='lat' dir='ltr'><strong>oeuli</strong></span> <span class='ocrx_word' id='word_1_539' title='bbox 2001 3850 2069 3903; x_wconf 84' lang='lat' dir='ltr'><strong>ad</strong></span> 
     </span>
    </p>
   </div>
   <div class='ocr_carea' id='block_1_74' title="bbox 434 3931 2075 4006">
    <p class='ocr_par' dir='ltr' id='par_1_74' title="bbox 434 3931 2075 4006">
     <span class='ocr_line' id='line_1_74' title="bbox 434 3931 2075 4006; baseline 0.004 -20"><span class='ocrx_word' id='word_1_540' title='bbox 434 3936 492 3986; x_wconf 89' lang='lat' dir='ltr'><strong>te</strong></span> <span class='ocrx_word' id='word_1_541' title='bbox 520 3931 851 3987; x_wconf 86' lang='lat' dir='ltr'><strong>collimant:</strong></span> <span class='ocrx_word' id='word_1_542' title='bbox 874 3948 1077 3987; x_wconf 87' lang='lat' dir='ltr'><strong>omnes</strong></span> <span class='ocrx_word' id='word_1_543' title='bbox 1099 3937 1156 3988; x_wconf 89' lang='lat' dir='ltr'><strong>te</strong></span> <span class='ocrx_word' id='word_1_544' title='bbox 1175 3936 1369 3990; x_wconf 87' lang='lat' dir='ltr'><strong>stante</strong></span> <span class='ocrx_word' id='word_1_545' title='bbox 1390 3935 1618 4006; x_wconf 86' lang='lat' dir='ltr'><strong>magnis</strong></span> <span class='ocrx_word' id='word_1_546' title='bbox 1648 3940 1704 3991; x_wconf 86' lang='lat' dir='ltr'><strong>et</strong></span> <span class='ocrx_word' id='word_1_547' title='bbox 1723 3938 1928 3994; x_wconf 88' lang='lat' dir='ltr'><strong>erectis</strong></span> <span class='ocrx_word' id='word_1_548' title='bbox 1950 3941 2075 3995; x_wconf 90' lang='lat' dir='ltr'><strong>ani-</strong></span> 
     </span>
    </p>
   </div>
   <div class='ocr_carea' id='block_1_75' title="bbox 433 4018 2071 4094">
    <p class='ocr_par' dir='ltr' id='par_1_75' title="bbox 433 4018 2071 4094">
     <span class='ocr_line' id='line_1_75' title="bbox 433 4018 2071 4094; baseline 0.006 -22"><span class='ocrx_word' id='word_1_549' title='bbox 433 4019 544 4073; x_wconf 89' lang='lat' dir='ltr'><strong>mis</strong></span> <span class='ocrx_word' id='word_1_550' title='bbox 574 4034 803 4075; x_wconf 88' lang='lat' dir='ltr'><strong>sumus.</strong></span> <span class='ocrx_word' id='word_1_551' title='bbox 836 4018 1005 4074; x_wconf 86' lang='lat' dir='ltr'><strong>Adsit</strong></span> <span class='ocrx_word' id='word_1_552' title='bbox 1038 4019 1139 4074; x_wconf 87' lang='lat' dir='ltr'><strong>tibi</strong></span> <span class='ocrx_word' id='word_1_553' title='bbox 1166 4021 1339 4076; x_wconf 89' lang='lat' dir='ltr'><strong>etiam</strong></span> <span class='ocrx_word' id='word_1_554' title='bbox 1372 4027 1548 4094; x_wconf 88' lang='lat' dir='ltr'><strong>atque</strong></span> <span class='ocrx_word' id='word_1_555' title='bbox 1590 4023 1763 4079; x_wconf 88' lang='lat' dir='ltr'><strong>etiam</strong></span> <span class='ocrx_word' id='word_1_556' title='bbox 1793 4026 2071 4083; x_wconf 81' lang='lat' dir='ltr'><strong>auxilium</strong></span> 
     </span>
    </p>
   </div>
   <div class='ocr_carea' id='block_1_76' title="bbox 432 4107 2074 4189">
    <p class='ocr_par' dir='ltr' id='par_1_76' title="bbox 432 4107 2074 4189">
     <span class='ocr_line' id='line_1_76' title="bbox 432 4107 2074 4189; baseline 0.006 -26"><span class='ocrx_word' id='word_1_557' title='bbox 432 4107 535 4163; x_wconf 89' lang='lat' dir='ltr'><strong>Dei</strong></span> <span class='ocrx_word' id='word_1_558' title='bbox 566 4107 837 4164; x_wconf 87' lang='lat' dir='ltr'><strong>muniens</strong></span> <span class='ocrx_word' id='word_1_559' title='bbox 860 4116 934 4178; x_wconf 88' lang='lat' dir='ltr'><strong>te,</strong></span> <span class='ocrx_word' id='word_1_560' title='bbox 958 4109 1313 4165; x_wconf 83' lang='lat' dir='ltr'><strong>confirmans</strong></span> <span class='ocrx_word' id='word_1_561' title='bbox 1332 4115 1409 4180; x_wconf 90' lang='lat' dir='ltr'><strong>te,</strong></span> <span class='ocrx_word' id='word_1_562' title='bbox 1430 4112 1845 4170; x_wconf 89' lang='lat' dir='ltr'><strong>constabiliens</strong></span> <span class='ocrx_word' id='word_1_563' title='bbox 1865 4119 1942 4184; x_wconf 86' lang='lat' dir='ltr'><strong>te,</strong></span> <span class='ocrx_word' id='word_1_564' title='bbox 1967 4117 2074 4189; x_wconf 80' lang='lat' dir='ltr'><strong>tor,</strong></span> 
     </span>
    </p>
   </div>
   <div class='ocr_carea' id='block_1_77' title="bbox 431 4196 2079 4271">
    <p class='ocr_par' dir='ltr' id='par_1_77' title="bbox 431 4196 2079 4271">
     <span class='ocr_line' id='line_1_77' title="bbox 431 4196 2079 4271; baseline 0.008 -21"><span class='ocrx_word' id='word_1_565' title='bbox 431 4196 639 4253; x_wconf 87' lang='lat' dir='ltr'><strong>tiorem</strong></span> <span class='ocrx_word' id='word_1_566' title='bbox 687 4198 936 4255; x_wconf 88' lang='lat' dir='ltr'><strong>reddens</strong></span> <span class='ocrx_word' id='word_1_567' title='bbox 994 4206 1063 4254; x_wconf 89' lang='lat' dir='ltr'><strong>te.</strong></span> <span class='ocrx_word' id='word_1_568' title='bbox 1115 4197 1223 4262; x_wconf 90' lang='lat' dir='ltr'><strong>Qui</strong></span> <span class='ocrx_word' id='word_1_569' title='bbox 1270 4199 1452 4257; x_wconf 89' lang='lat' dir='ltr'><strong>Deum</strong></span> <span class='ocrx_word' id='word_1_570' title='bbox 1504 4203 1695 4271; x_wconf 83' lang='lat' dir='ltr'><strong>times,</strong></span> <span class='ocrx_word' id='word_1_571' title='bbox 1741 4220 1814 4259; x_wconf 91' lang='lat' dir='ltr'><strong>ne</strong></span> <span class='ocrx_word' id='word_1_572' title='bbox 1867 4204 2079 4264; x_wconf 87' lang='lat' dir='ltr'><strong>timeas</strong></span> 
     </span>
    </p>
   </div>
   <div class='ocr_carea' id='block_1_78' title="bbox 432 4288 2073 4360">
    <p class='ocr_par' dir='ltr' id='par_1_78' title="bbox 432 4288 2073 4360">
     <span class='ocr_line' id='line_1_78' title="bbox 432 4288 2073 4360; baseline 0.005 -17"><span class='ocrx_word' id='word_1_573' title='bbox 432 4290 587 4360; x_wconf 89' lang='lat' dir='ltr'><strong>quod</strong></span> <span class='ocrx_word' id='word_1_574' title='bbox 618 4289 753 4346; x_wconf 89' lang='lat' dir='ltr'><strong>fecit</strong></span> <span class='ocrx_word' id='word_1_575' title='bbox 780 4288 886 4344; x_wconf 89' lang='lat' dir='ltr'><strong>tibi</strong></span> <span class='ocrx_word' id='word_1_576' title='bbox 917 4288 1090 4346; x_wconf 89' lang='lat' dir='ltr'><strong>homo</strong></span> <span class='ocrx_word' id='word_1_577' title='bbox 1120 4288 1164 4357; x_wconf 77' lang='grc'>⁸,</span> <span class='ocrx_word' id='word_1_578' title='bbox 1199 4296 1295 4347; x_wconf 88' lang='lat' dir='ltr'><strong>aut</strong></span> <span class='ocrx_word' id='word_1_579' title='bbox 1324 4292 1439 4349; x_wconf 86' lang='lat' dir='ltr'><strong>fors</strong></span> <span class='ocrx_word' id='word_1_580' title='bbox 1470 4294 1643 4350; x_wconf 87' lang='lat' dir='ltr'><strong>etiam</strong></span> <span class='ocrx_word' id='word_1_581' title='bbox 1677 4296 1937 4353; x_wconf 88' lang='lat' dir='ltr'><strong>facturus</strong></span> <span class='ocrx_word' id='word_1_582' title='bbox 1966 4300 2073 4353; x_wconf 89' lang='lat' dir='ltr'><strong>est.</strong></span> 
     </span>
    </p>
   </div>
   <div class='ocr_carea' id='block_1_79' title="bbox 429 4377 2079 4453">
    <p class='ocr_par' dir='ltr' id='par_1_79' title="bbox 429 4377 2079 4453">
     <span class='ocr_line' id='line_1_79' title="bbox 429 4377 2079 4453; baseline 0.007 -19"><span class='ocrx_word' id='word_1_583' title='bbox 429 4378 689 4434; x_wconf 84' lang='lat' dir='ltr'><strong>Conﬁdis</strong></span> <span class='ocrx_word' id='word_1_584' title='bbox 717 4377 778 4433; x_wconf 91' lang='lat' dir='ltr'><strong>in</strong></span> <span class='ocrx_word' id='word_1_585' title='bbox 827 4378 1093 4449; x_wconf 91' lang='lat' dir='ltr'><strong>Domino,</strong></span> <span class='ocrx_word' id='word_1_586' title='bbox 1130 4396 1299 4438; x_wconf 91' lang='lat' dir='ltr'><strong>mons</strong></span> <span class='ocrx_word' id='word_1_587' title='bbox 1350 4400 1412 4439; x_wconf 90' lang='lat' dir='ltr'><strong>es</strong></span> <span class='ocrx_word' id='word_1_588' title='bbox 1444 4384 1604 4453; x_wconf 90' lang='lat' dir='ltr'><strong>Sion,</strong></span> <span class='ocrx_word' id='word_1_589' title='bbox 1647 4402 1762 4443; x_wconf 87' lang='lat' dir='ltr'><strong>non</strong></span> <span class='ocrx_word' id='word_1_590' title='bbox 1821 4405 2079 4446; x_wconf 87' lang='lat' dir='ltr'><strong>commo-</strong></span> 
     </span>
    </p>
   </div>
   <div class='ocr_carea' id='block_1_80' title="bbox 427 4467 2082 4537">
    <p class='ocr_par' dir='ltr' id='par_1_80' title="bbox 427 4467 2082 4537">
     <span class='ocr_line' id='line_1_80' title="bbox 427 4467 2082 4537; baseline 0.007 -12"><span class='ocrx_word' id='word_1_591' title='bbox 427 4468 653 4525; x_wconf 88' lang='lat' dir='ltr'><strong>veberis</strong></span> <span class='ocrx_word' id='word_1_592' title='bbox 698 4467 757 4523; x_wconf 91' lang='lat' dir='ltr'><strong>in</strong></span> <span class='ocrx_word' id='word_1_593' title='bbox 800 4472 1077 4525; x_wconf 67' lang='lat' dir='ltr'><strong>aeternum</strong></span> <span class='ocrx_word' id='word_1_594' title='bbox 1109 4469 1133 4503; x_wconf 75' lang='lat'><strong><em>9</em></strong></span> <span class='ocrx_word' id='word_1_595' title='bbox 1165 4488 1179 4526; x_wconf 88' lang='lat'><strong>:</strong></span> <span class='ocrx_word' id='word_1_596' title='bbox 1213 4471 1635 4532; x_wconf 84' lang='lat' dir='ltr'><strong>inhabitantem</strong></span> <span class='ocrx_word' id='word_1_597' title='bbox 1693 4478 1848 4534; x_wconf 89' lang='lat' dir='ltr'><strong>enim</strong></span> <span class='ocrx_word' id='word_1_598' title='bbox 1903 4479 2082 4537; x_wconf 90' lang='lat' dir='ltr'><strong>habes</strong></span> 
     </span>
    </p>
   </div>
   <div class='ocr_carea' id='block_1_81' title="bbox 432 4558 2080 4630">
    <p class='ocr_par' dir='ltr' id='par_1_81' title="bbox 432 4558 2080 4630">
     <span class='ocr_line' id='line_1_81' title="bbox 432 4558 2080 4630; baseline 0.007 -16"><span class='ocrx_word' id='word_1_599' title='bbox 432 4574 697 4630; x_wconf 73' lang='lat' dir='ltr'><strong>supernae</strong></span> <span class='ocrx_word' id='word_1_600' title='bbox 728 4558 1051 4614; x_wconf 87' lang='lat' dir='ltr'><strong>Jerusalem</strong></span> <span class='ocrx_word' id='word_1_601' title='bbox 1084 4560 1440 4618; x_wconf 86' lang='lat' dir='ltr'><strong>conditorem</strong></span> <span class='ocrx_word' id='word_1_602' title='bbox 1467 4569 1524 4619; x_wconf 91' lang='lat' dir='ltr'><strong>et</strong></span> <span class='ocrx_word' id='word_1_603' title='bbox 1552 4565 1958 4624; x_wconf 87' lang='lat' dir='ltr'><strong>architectum.</strong></span> <span class='ocrx_word' id='word_1_604' title='bbox 1989 4569 2080 4625; x_wconf 86' lang='lat' dir='ltr'><strong>Vi-</strong></span> 
     </span>
    </p>
   </div>
   <div class='ocr_carea' id='block_1_82' title="bbox 2178 3385 3842 3465">
    <p class='ocr_par' dir='ltr' id='par_1_82' title="bbox 2178 3385 3842 3465">
     <span class='ocr_line' id='line_1_82' title="bbox 2178 3385 3842 3465; baseline -0.001 -19"><span class='ocrx_word' id='word_1_605' title='bbox 2178 3413 2235 3447; x_wconf 91' lang='grc' dir='ltr'><strong>σε</strong></span> <span class='ocrx_word' id='word_1_606' title='bbox 2255 3391 2457 3465; x_wconf 78' lang='grc' dir='ltr'>πέμψει</span> <span class='ocrx_word' id='word_1_607' title='bbox 2484 3409 2498 3462; x_wconf 88' lang='grc'><strong>;</strong></span> <span class='ocrx_word' id='word_1_608' title='bbox 2535 3389 2633 3444; x_wconf 79' lang='grc' dir='ltr'><strong>οὐκ</strong></span> <span class='ocrx_word' id='word_1_609' title='bbox 2662 3389 2740 3452; x_wconf 86' lang='grc' dir='ltr'>εἷς</span> <span class='ocrx_word' id='word_1_610' title='bbox 2771 3392 2877 3464; x_wconf 89' lang='grc' dir='ltr'><strong>πῦρ</strong></span> <span class='ocrx_word' id='word_1_611' title='bbox 2924 3388 3169 3457; x_wconf 80' lang='grc' dir='ltr'>αἰώνιον,</span> <span class='ocrx_word' id='word_1_612' title='bbox 3201 3389 3333 3464; x_wconf 77' lang='grc' dir='ltr'>ὅπερ</span> <span class='ocrx_word' id='word_1_613' title='bbox 3384 3385 3651 3462; x_wconf 72' lang='grc' dir='ltr'>λαμϐάνει</span> <span class='ocrx_word' id='word_1_614' title='bbox 3701 3393 3842 3454; x_wconf 74' lang='grc' dir='ltr'>τοὺς</span> 
     </span>
    </p>
   </div>
   <div class='ocr_carea' id='block_1_83' title="bbox 2178 3476 3834 3555">
    <p class='ocr_par' dir='ltr' id='par_1_83' title="bbox 2178 3476 3834 3555">
     <span class='ocr_line' id='line_1_83' title="bbox 2178 3476 3834 3555; baseline -0.001 -18"><span class='ocrx_word' id='word_1_615' title='bbox 2178 3482 2415 3542; x_wconf 80' lang='grc' dir='ltr'>ἀπειθεῖς</span> <span class='ocrx_word' id='word_1_616' title='bbox 2437 3484 2534 3535; x_wconf 88' lang='grc' dir='ltr'><strong>τοῦ</strong></span> <span class='ocrx_word' id='word_1_617' title='bbox 2562 3480 2733 3553; x_wconf 85' lang='grc' dir='ltr'>νόμου</span> <span class='ocrx_word' id='word_1_618' title='bbox 2766 3476 2929 3533; x_wconf 77' lang='grc' dir='ltr'>αὒτοϋ</span> <span class='ocrx_word' id='word_1_619' title='bbox 2954 3497 2968 3512; x_wconf 74' lang='grc'><strong><em>⁸</em></strong></span> <span class='ocrx_word' id='word_1_620' title='bbox 3003 3477 3129 3534; x_wconf 77' lang='grc' dir='ltr'>ἀλλ’</span> <span class='ocrx_word' id='word_1_621' title='bbox 3160 3477 3237 3540; x_wconf 72' lang='grc' dir='ltr'>εἲς</span> <span class='ocrx_word' id='word_1_622' title='bbox 3277 3476 3556 3553; x_wconf 78' lang='grc' dir='ltr'>ζωοδόχον</span> <span class='ocrx_word' id='word_1_623' title='bbox 3595 3479 3834 3555; x_wconf 72' lang='grc' dir='ltr'>χωρίον,</span> 
     </span>
    </p>
   </div>
   <div class='ocr_carea' id='block_1_84' title="bbox 2179 3568 3834 3644">
    <p class='ocr_par' dir='ltr' id='par_1_84' title="bbox 2179 3568 3834 3644">
     <span class='ocr_line' id='line_1_84' title="bbox 2179 3568 3834 3644; baseline 0 -18"><span class='ocrx_word' id='word_1_624' title='bbox 2179 3572 2268 3626; x_wconf 74' lang='grc' dir='ltr'><strong>καὶ</strong></span> <span class='ocrx_word' id='word_1_625' title='bbox 2317 3574 2575 3627; x_wconf 76' lang='grc' dir='ltr'>ἀθάνατον</span> <span class='ocrx_word' id='word_1_626' title='bbox 2625 3571 2978 3640; x_wconf 72' lang='grc' dir='ltr'>κατάπαυσιν,</span> <span class='ocrx_word' id='word_1_627' title='bbox 3032 3568 3120 3623; x_wconf 74' lang='grc' dir='ltr'><strong>καὶ</strong></span> <span class='ocrx_word' id='word_1_628' title='bbox 3165 3568 3696 3644; x_wconf 76' lang='grc' dir='ltr'>ἀπειροαγαλλίατον</span> <span class='ocrx_word' id='word_1_629' title='bbox 3740 3572 3834 3626; x_wconf 75' lang='grc' dir='ltr'><strong>εὖ·</strong></span> 
     </span>
    </p>
   </div>
   <div class='ocr_carea' id='block_1_85' title="bbox 2181 3656 3831 3740">
    <p class='ocr_par' dir='ltr' id='par_1_85' title="bbox 2181 3656 3831 3740">
     <span class='ocr_line' id='line_1_85' title="bbox 2181 3656 3831 3740; baseline -0.001 -24"><span class='ocrx_word' id='word_1_630' title='bbox 2181 3662 2453 3740; x_wconf 71' lang='grc' dir='ltr'>φροσύνην</span> <span class='ocrx_word' id='word_1_631' title='bbox 2487 3664 2620 3734; x_wconf 89' lang='lat' dir='ltr'><strong>[ms.</strong></span> <span class='ocrx_word' id='word_1_632' title='bbox 2667 3662 2805 3733; x_wconf 84' lang='lat' dir='ltr'><strong>Reg.</strong></span> <span class='ocrx_word' id='word_1_633' title='bbox 2841 3658 3250 3736; x_wconf 67' lang='grc' dir='ltr'>θεοφροσύνην].</span> <span class='ocrx_word' id='word_1_634' title='bbox 3286 3656 3507 3715; x_wconf 61' lang='grc' dir='ltr'>Ε’ίσελθε</span> <span class='ocrx_word' id='word_1_635' title='bbox 3555 3660 3682 3735; x_wconf 66' lang='grc' dir='ltr'>γὰρ,</span> <span class='ocrx_word' id='word_1_636' title='bbox 3717 3684 3831 3734; x_wconf 72' lang='grc' dir='ltr'>τρη-</span> 
     </span>
    </p>
   </div>
   <div class='ocr_carea' id='block_1_86' title="bbox 2183 3748 3830 3825">
    <p class='ocr_par' dir='ltr' id='par_1_86' title="bbox 2183 3748 3830 3825">
     <span class='ocr_line' id='line_1_86' title="bbox 2183 3748 3830 3825; baseline 0.001 -20"><span class='ocrx_word' id='word_1_637' title='bbox 2183 3753 2289 3819; x_wconf 81' lang='grc' dir='ltr'>σὶν,</span> <span class='ocrx_word' id='word_1_638' title='bbox 2322 3750 2397 3814; x_wconf 87' lang='grc' dir='ltr'><strong>εἰς</strong></span> <span class='ocrx_word' id='word_1_639' title='bbox 2428 3752 2526 3819; x_wconf 73' lang='grc' dir='ltr'>τὴν</span> <span class='ocrx_word' id='word_1_640' title='bbox 2563 3749 2736 3825; x_wconf 66' lang='grc' dir='ltr'>χαρὰν</span> <span class='ocrx_word' id='word_1_641' title='bbox 2768 3752 2865 3802; x_wconf 85' lang='grc' dir='ltr'><strong>τοῦ</strong></span> <span class='ocrx_word' id='word_1_642' title='bbox 2900 3748 3101 3823; x_wconf 87' lang='grc' dir='ltr'>Κυρίου</span> <span class='ocrx_word' id='word_1_643' title='bbox 3150 3768 3266 3804; x_wconf 90' lang='grc' dir='ltr'>σου.</span> <span class='ocrx_word' id='word_1_644' title='bbox 3312 3750 3532 3804; x_wconf 77' lang='grc' dir='ltr'>Πάντων</span> <span class='ocrx_word' id='word_1_645' title='bbox 3577 3752 3740 3823; x_wconf 78' lang='grc' dir='ltr'>ἡμῶν</span> <span class='ocrx_word' id='word_1_646' title='bbox 3773 3753 3830 3806; x_wconf 80' lang='grc' dir='ltr'>οἱ</span> 
     </span>
    </p>
   </div>
   <div class='ocr_carea' id='block_1_87' title="bbox 2183 3837 3827 3918">
    <p class='ocr_par' dir='ltr' id='par_1_87' title="bbox 2183 3837 3827 3918">
     <span class='ocr_line' id='line_1_87' title="bbox 2183 3837 3827 3918; baseline -0.001 -23"><span class='ocrx_word' id='word_1_647' title='bbox 2183 3839 2459 3918; x_wconf 62' lang='grc' dir='ltr'>ὀφθαλμοὶ</span> <span class='ocrx_word' id='word_1_648' title='bbox 2506 3839 2582 3901; x_wconf 85' lang='grc' dir='ltr'>εἷς</span> <span class='ocrx_word' id='word_1_649' title='bbox 2631 3838 2687 3893; x_wconf 72' lang='grc' dir='ltr'>σὲ</span> <span class='ocrx_word' id='word_1_650' title='bbox 2730 3837 3012 3911; x_wconf 77' lang='grc' dir='ltr'>βλέπουσι,</span> <span class='ocrx_word' id='word_1_651' title='bbox 3046 3837 3242 3899; x_wconf 82' lang='grc' dir='ltr'>Ηάντες</span> <span class='ocrx_word' id='word_1_652' title='bbox 3295 3837 3827 3917; x_wconf 76' lang='grc' dir='ltr'>μεγαλοψυχοῦμεν,</span> 
     </span>
    </p>
   </div>
   <div class='ocr_carea' id='block_1_88' title="bbox 2182 3924 3829 4004">
    <p class='ocr_par' dir='ltr' id='par_1_88' title="bbox 2182 3924 3829 4004">
     <span class='ocr_line' id='line_1_88' title="bbox 2182 3924 3829 4004; baseline 0 -20"><span class='ocrx_word' id='word_1_653' title='bbox 2182 3934 2277 3984; x_wconf 86' lang='grc' dir='ltr'><strong>σοῦ</strong></span> <span class='ocrx_word' id='word_1_654' title='bbox 2308 3925 2790 4004; x_wconf 62' lang='grc' dir='ltr'>ἡδρασμένου.Ε“ίη</span> <span class='ocrx_word' id='word_1_655' title='bbox 2826 3947 2910 3981; x_wconf 86' lang='grc' dir='ltr'><strong>σοι</strong></span> <span class='ocrx_word' id='word_1_656' title='bbox 2935 3924 3023 3982; x_wconf 82' lang='grc' dir='ltr'><strong>ἐπὶ</strong></span> <span class='ocrx_word' id='word_1_657' title='bbox 3055 3924 3220 3981; x_wconf 70' lang='grc' dir='ltr'>πλέον</span> <span class='ocrx_word' id='word_1_658' title='bbox 3245 3929 3279 3996; x_wconf 79' lang='grc' dir='ltr'>ἡ</span> <span class='ocrx_word' id='word_1_659' title='bbox 3309 3928 3531 4000; x_wconf 81' lang='grc' dir='ltr'>βοήθεια</span> <span class='ocrx_word' id='word_1_660' title='bbox 3557 3932 3655 3982; x_wconf 86' lang='grc' dir='ltr'><strong>τοῦ</strong></span> <span class='ocrx_word' id='word_1_661' title='bbox 3687 3935 3829 3984; x_wconf 81' lang='grc' dir='ltr'>Θεοῦ</span> 
     </span>
    </p>
   </div>
   <div class='ocr_carea' id='block_1_89' title="bbox 2183 4014 3831 4094">
    <p class='ocr_par' dir='ltr' id='par_1_89' title="bbox 2183 4014 3831 4094">
     <span class='ocr_line' id='line_1_89' title="bbox 2183 4014 3831 4094; baseline -0.001 -20"><span class='ocrx_word' id='word_1_662' title='bbox 2183 4018 2459 4094; x_wconf 83' lang='grc' dir='ltr'>ὀχυροῦσά</span> <span class='ocrx_word' id='word_1_663' title='bbox 2487 4037 2563 4087; x_wconf 88' lang='grc' dir='ltr'><strong>σε,</strong></span> <span class='ocrx_word' id='word_1_664' title='bbox 2596 4014 2903 4091; x_wconf 82' lang='grc' dir='ltr'>δυναμοῦσά</span> <span class='ocrx_word' id='word_1_665' title='bbox 2950 4037 3028 4086; x_wconf 90' lang='grc' dir='ltr'><strong>σε,</strong></span> <span class='ocrx_word' id='word_1_666' title='bbox 3057 4017 3351 4071; x_wconf 78' lang='grc' dir='ltr'>εὐτονοῦσά</span> <span class='ocrx_word' id='word_1_667' title='bbox 3397 4037 3474 4085; x_wconf 89' lang='grc' dir='ltr'><strong>σε,</strong></span> <span class='ocrx_word' id='word_1_668' title='bbox 3508 4014 3831 4091; x_wconf 78' lang='grc' dir='ltr'>ἀνδρειοῦσά</span> 
     </span>
    </p>
   </div>
   <div class='ocr_carea' id='block_1_90' title="bbox 2185 4100 3833 4183">
    <p class='ocr_par' dir='ltr' id='par_1_90' title="bbox 2185 4100 3833 4183">
     <span class='ocr_line' id='line_1_90' title="bbox 2185 4100 3833 4183; baseline -0.001 -20"><span class='ocrx_word' id='word_1_669' title='bbox 2185 4129 2260 4163; x_wconf 89' lang='grc' dir='ltr'><strong>σε.</strong></span> <span class='ocrx_word' id='word_1_670' title='bbox 2302 4113 2357 4161; x_wconf 88' lang='grc' dir='ltr'>Ὁ</span> <span class='ocrx_word' id='word_1_671' title='bbox 2397 4108 2489 4161; x_wconf 87' lang='grc' dir='ltr'>τὸν</span> <span class='ocrx_word' id='word_1_672' title='bbox 2534 4109 2668 4161; x_wconf 88' lang='grc' dir='ltr'>Θοὸν</span> <span class='ocrx_word' id='word_1_673' title='bbox 2715 4101 3076 4182; x_wconf 73' lang='grc' dir='ltr'>φοϐούμενος,</span> <span class='ocrx_word' id='word_1_674' title='bbox 3110 4106 3187 4178; x_wconf 84' lang='grc' dir='ltr'>μὴ</span> <span class='ocrx_word' id='word_1_675' title='bbox 3220 4100 3468 4183; x_wconf 72' lang='grc' dir='ltr'>φοϐηθῇς</span> <span class='ocrx_word' id='word_1_676' title='bbox 3515 4106 3543 4159; x_wconf 89' lang='grc' dir='ltr'><strong>’ὀ</strong></span> <span class='ocrx_word' id='word_1_677' title='bbox 3602 4107 3833 4177; x_wconf 71' lang='grc' dir='ltr'>ἒποίησέ</span> 
     </span>
    </p>
   </div>
   <div class='ocr_carea' id='block_1_91' title="bbox 2186 4194 3831 4273">
    <p class='ocr_par' dir='ltr' id='par_1_91' title="bbox 2186 4194 3831 4273">
     <span class='ocr_line' id='line_1_91' title="bbox 2186 4194 3831 4273; baseline -0.001 -19"><span class='ocrx_word' id='word_1_678' title='bbox 2186 4220 2271 4254; x_wconf 92' lang='grc' dir='ltr'><strong>σοι</strong></span> <span class='ocrx_word' id='word_1_679' title='bbox 2324 4196 2629 4273; x_wconf 80' lang='grc' dir='ltr'>ἄνθρωπος,</span> <span class='ocrx_word' id='word_1_680' title='bbox 2660 4196 2696 4266; x_wconf 77' lang='grc' dir='ltr'><strong>ἢ</strong></span> <span class='ocrx_word' id='word_1_681' title='bbox 2749 4195 2840 4249; x_wconf 79' lang='grc' dir='ltr'><strong>καὶ</strong></span> <span class='ocrx_word' id='word_1_682' title='bbox 2887 4196 3108 4266; x_wconf 72' lang='grc' dir='ltr'>ποιήσει</span> <span class='ocrx_word' id='word_1_683' title='bbox 3163 4194 3350 4270; x_wconf 75' lang='grc' dir='ltr'>τυχόν.</span> <span class='ocrx_word' id='word_1_684' title='bbox 3412 4195 3684 4259; x_wconf 79' lang='grc' dir='ltr'>Πὲποιθας</span> <span class='ocrx_word' id='word_1_685' title='bbox 3741 4197 3831 4252; x_wconf 79' lang='grc' dir='ltr'><strong>ἐπὶ</strong></span> 
     </span>
    </p>
   </div>
   <div class='ocr_carea' id='block_1_92' title="bbox 2189 4284 3829 4363">
    <p class='ocr_par' dir='ltr' id='par_1_92' title="bbox 2189 4284 3829 4363">
     <span class='ocr_line' id='line_1_92' title="bbox 2189 4284 3829 4363; baseline -0.001 -20"><span class='ocrx_word' id='word_1_686' title='bbox 2189 4290 2405 4363; x_wconf 76' lang='grc' dir='ltr'>Κύριον,</span> <span class='ocrx_word' id='word_1_687' title='bbox 2438 4284 2564 4363; x_wconf 80' lang='grc' dir='ltr'>ὄρος</span> <span class='ocrx_word' id='word_1_688' title='bbox 2596 4285 2646 4340; x_wconf 78' lang='grc' dir='ltr'>εἶ</span> <span class='ocrx_word' id='word_1_689' title='bbox 2676 4286 2839 4346; x_wconf 81' lang='grc' dir='ltr'>Σιὼν.</span> <span class='ocrx_word' id='word_1_690' title='bbox 2874 4285 2935 4339; x_wconf 83' lang='grc' dir='ltr'>οὐ</span> <span class='ocrx_word' id='word_1_691' title='bbox 2989 4284 3299 4359; x_wconf 80' lang='grc' dir='ltr'>σαλευθήσῃ</span> <span class='ocrx_word' id='word_1_692' title='bbox 3350 4284 3425 4347; x_wconf 82' lang='grc' dir='ltr'>εἷς</span> <span class='ocrx_word' id='word_1_693' title='bbox 3482 4287 3572 4340; x_wconf 87' lang='grc' dir='ltr'>τὸν</span> <span class='ocrx_word' id='word_1_694' title='bbox 3626 4285 3829 4343; x_wconf 78' lang='grc' dir='ltr'>αἶῶνα·</span> 
     </span>
    </p>
   </div>
   <div class='ocr_carea' id='block_1_93' title="bbox 2185 4370 3833 4454">
    <p class='ocr_par' dir='ltr' id='par_1_93' title="bbox 2185 4370 3833 4454">
     <span class='ocr_line' id='line_1_93' title="bbox 2185 4370 3833 4454; baseline -0.003 -19"><span class='ocrx_word' id='word_1_695' title='bbox 2185 4379 2435 4436; x_wconf 76' lang='grc' dir='ltr'>κάτοικον</span> <span class='ocrx_word' id='word_1_696' title='bbox 2471 4376 2572 4451; x_wconf 82' lang='grc' dir='ltr'><strong>γὰρ</strong></span> <span class='ocrx_word' id='word_1_697' title='bbox 2620 4370 2770 4454; x_wconf 82' lang='grc' dir='ltr'>ἔχεις</span> <span class='ocrx_word' id='word_1_698' title='bbox 2817 4376 2908 4429; x_wconf 85' lang='grc' dir='ltr'>τὸν</span> <span class='ocrx_word' id='word_1_699' title='bbox 2952 4381 3052 4444; x_wconf 77' lang='grc' dir='ltr'><strong>τῆς</strong></span> <span class='ocrx_word' id='word_1_700' title='bbox 3102 4372 3209 4429; x_wconf 80' lang='grc' dir='ltr'><strong>ἅνω</strong></span> <span class='ocrx_word' id='word_1_701' title='bbox 3239 4375 3606 4449; x_wconf 76' lang='grc' dir='ltr'>Ἰερουσαλὴμ</span> <span class='ocrx_word' id='word_1_702' title='bbox 3642 4378 3833 4453; x_wconf 81' lang='grc' dir='ltr'>τεχνί-</span> 
     </span>
    </p>
   </div>
   <div class='ocr_carea' id='block_1_94' title="bbox 2188 4459 3832 4542">
    <p class='ocr_par' dir='ltr' id='par_1_94' title="bbox 2188 4459 3832 4542">
     <span class='ocr_line' id='line_1_94' title="bbox 2188 4459 3832 4542; baseline -0.001 -20"><span class='ocrx_word' id='word_1_703' title='bbox 2188 4490 2286 4540; x_wconf 85' lang='grc' dir='ltr'><strong>την</strong></span> <span class='ocrx_word' id='word_1_704' title='bbox 2336 4468 2426 4524; x_wconf 82' lang='grc' dir='ltr'><strong>καὶ</strong></span> <span class='ocrx_word' id='word_1_705' title='bbox 2461 4464 2818 4540; x_wconf 84' lang='grc' dir='ltr'>δημιουργόν.</span> <span class='ocrx_word' id='word_1_706' title='bbox 2849 4465 2950 4526; x_wconf 85' lang='grc' dir='ltr'>Τὰς</span> <span class='ocrx_word' id='word_1_707' title='bbox 2998 4459 3254 4526; x_wconf 72' lang='grc' dir='ltr'>ἰοϐόλους</span> <span class='ocrx_word' id='word_1_708' title='bbox 3302 4464 3507 4542; x_wconf 69' lang='grc' dir='ltr'>φωνὰς,</span> <span class='ocrx_word' id='word_1_709' title='bbox 3550 4465 3640 4519; x_wconf 80' lang='grc' dir='ltr'><strong>καὶ</strong></span> <span class='ocrx_word' id='word_1_710' title='bbox 3698 4468 3832 4522; x_wconf 83' lang='grc' dir='ltr'>ἀπα-</span> 
     </span>
    </p>
   </div>
   <div class='ocr_carea' id='block_1_95' title="bbox 2187 4549 3831 4631">
    <p class='ocr_par' dir='ltr' id='par_1_95' title="bbox 2187 4549 3831 4631">
     <span class='ocr_line' id='line_1_95' title="bbox 2187 4549 3831 4631; baseline -0.004 -15"><span class='ocrx_word' id='word_1_711' title='bbox 2187 4558 2531 4631; x_wconf 80' lang='grc' dir='ltr'>τηλοθελεῖς,</span> <span class='ocrx_word' id='word_1_712' title='bbox 2565 4561 2674 4611; x_wconf 90' lang='grc' dir='ltr'><strong>τῶν</strong></span> <span class='ocrx_word' id='word_1_713' title='bbox 2729 4554 2803 4616; x_wconf 85' lang='grc' dir='ltr'>ὡς</span> <span class='ocrx_word' id='word_1_714' title='bbox 2859 4549 3034 4629; x_wconf 74' lang='grc' dir='ltr'>ὄφεων</span> <span class='ocrx_word' id='word_1_715' title='bbox 3096 4554 3512 4628; x_wconf 76' lang='grc' dir='ltr'>ὑποσυρομὲνων</span> <span class='ocrx_word' id='word_1_716' title='bbox 3571 4576 3682 4625; x_wconf 87' lang='grc' dir='ltr'>σοι,</span> <span class='ocrx_word' id='word_1_717' title='bbox 3743 4557 3831 4611; x_wconf 79' lang='grc' dir='ltr'><strong>καὶ</strong></span> 
     </span>
    </p>
   </div>
   <div class='ocr_carea' id='block_1_96' title="bbox 432 4642 2078 4732">
    <p class='ocr_par' dir='ltr' id='par_1_96' title="bbox 432 4647 2077 4727">
     <span class='ocr_line' id='line_1_96' title="bbox 432 4647 2077 4727; baseline 0.007 -25"><span class='ocrx_word' id='word_1_718' title='bbox 432 4647 694 4703; x_wconf 88' lang='lat' dir='ltr'><strong>rulentas</strong></span> <span class='ocrx_word' id='word_1_719' title='bbox 725 4651 783 4702; x_wconf 89' lang='lat' dir='ltr'><strong>et</strong></span> <span class='ocrx_word' id='word_1_720' title='bbox 832 4648 904 4702; x_wconf 89' lang='lat' dir='ltr'><strong>ad</strong></span> <span class='ocrx_word' id='word_1_721' title='bbox 948 4649 1212 4704; x_wconf 86' lang='lat' dir='ltr'><strong>fraudem</strong></span> <span class='ocrx_word' id='word_1_722' title='bbox 1267 4653 1623 4724; x_wconf 89' lang='lat' dir='ltr'><strong>compositae</strong></span> <span class='ocrx_word' id='word_1_723' title='bbox 1653 4671 1854 4713; x_wconf 89' lang='lat' dir='ltr'><strong>eorum</strong></span> <span class='ocrx_word' id='word_1_724' title='bbox 1884 4674 2077 4727; x_wconf 87' lang='lat' dir='ltr'><strong>voces,</strong></span> 
     </span>
    </p>
   </div>
   <div class='ocr_carea' id='block_1_97' title="bbox 2188 4642 3833 4732">
    <p class='ocr_par' dir='ltr' id='par_1_97' title="bbox 2191 4642 3833 4715">
     <span class='ocr_line' id='line_1_97' title="bbox 2191 4642 3833 4715; baseline -0.003 -11"><span class='ocrx_word' id='word_1_725' title='bbox 2191 4646 2458 4704; x_wconf 86' lang='grc' dir='ltr'>θελόντων</span> <span class='ocrx_word' id='word_1_726' title='bbox 2488 4666 2545 4700; x_wconf 87' lang='grc' dir='ltr'><strong>σε</strong></span> <span class='ocrx_word' id='word_1_727' title='bbox 2572 4648 2666 4699; x_wconf 86' lang='grc' dir='ltr'><strong>τοῦ</strong></span> <span class='ocrx_word' id='word_1_728' title='bbox 2706 4642 2870 4715; x_wconf 84' lang='grc' dir='ltr'>ξύλου</span> <span class='ocrx_word' id='word_1_729' title='bbox 2900 4647 2995 4698; x_wconf 89' lang='grc' dir='ltr'><strong>τοῦ</strong></span> <span class='ocrx_word' id='word_1_730' title='bbox 3044 4648 3277 4713; x_wconf 79' lang='grc' dir='ltr'>ζωτικοῦ</span> <span class='ocrx_word' id='word_1_731' title='bbox 3313 4651 3412 4713; x_wconf 84' lang='grc' dir='ltr'>τῆς</span> <span class='ocrx_word' id='word_1_732' title='bbox 3441 4643 3706 4713; x_wconf 83' lang='grc' dir='ltr'>ἀληθείας</span> <span class='ocrx_word' id='word_1_733' title='bbox 3739 4646 3833 4699; x_wconf 79' lang='grc' dir='ltr'>ἀπο</span> 
     </span>
    </p>
   </div>
   <div class='ocr_carea' id='block_1_98' title="bbox 430 4737 2077 4818">
    <p class='ocr_par' dir='ltr' id='par_1_98' title="bbox 430 4737 2077 4818">
     <span class='ocr_line' id='line_1_98' title="bbox 430 4737 2077 4818; baseline 0.008 -28"><span class='ocrx_word' id='word_1_734' title='bbox 430 4738 531 4808; x_wconf 89' lang='lat' dir='ltr'><strong>qui</strong></span> <span class='ocrx_word' id='word_1_735' title='bbox 561 4737 667 4792; x_wconf 91' lang='lat' dir='ltr'><strong>tibi</strong></span> <span class='ocrx_word' id='word_1_736' title='bbox 706 4737 1065 4808; x_wconf 89' lang='lat' dir='ltr'><strong>serpentium</strong></span> <span class='ocrx_word' id='word_1_737' title='bbox 1097 4738 1209 4794; x_wconf 89' lang='lat' dir='ltr'><strong>ritu</strong></span> <span class='ocrx_word' id='word_1_738' title='bbox 1236 4739 1625 4813; x_wconf 89' lang='lat' dir='ltr'><strong>insusurrant,</strong></span> <span class='ocrx_word' id='word_1_739' title='bbox 1647 4748 1828 4818; x_wconf 91' lang='lat' dir='ltr'><strong>teque</strong></span> <span class='ocrx_word' id='word_1_740' title='bbox 1858 4765 1892 4802; x_wconf 93' lang='lat' dir='ltr'><strong>a</strong></span> <span class='ocrx_word' id='word_1_741' title='bbox 1920 4747 2077 4803; x_wconf 88' lang='lat' dir='ltr'><strong>vitali</strong></span> 
     </span>
    </p>
   </div>
   <div class='ocr_carea' id='block_1_99' title="bbox 428 4826 2077 4904">
    <p class='ocr_par' dir='ltr' id='par_1_99' title="bbox 428 4826 2077 4904">
     <span class='ocr_line' id='line_1_99' title="bbox 428 4826 2077 4904; baseline 0.005 -21"><span class='ocrx_word' id='word_1_742' title='bbox 428 4827 693 4883; x_wconf 85' lang='lat' dir='ltr'><strong>veritatis</strong></span> <span class='ocrx_word' id='word_1_743' title='bbox 721 4826 876 4897; x_wconf 85' lang='lat' dir='ltr'><strong>ligno</strong></span> <span class='ocrx_word' id='word_1_744' title='bbox 921 4826 1208 4884; x_wconf 89' lang='lat' dir='ltr'><strong>abducere</strong></span> <span class='ocrx_word' id='word_1_745' title='bbox 1237 4830 1461 4897; x_wconf 91' lang='lat' dir='ltr'><strong>volunt,</strong></span> <span class='ocrx_word' id='word_1_746' title='bbox 1502 4834 1655 4904; x_wconf 86' lang='lat' dir='ltr'><strong>fuge,</strong></span> <span class='ocrx_word' id='word_1_747' title='bbox 1686 4839 1743 4890; x_wconf 91' lang='lat' dir='ltr'><strong>et</strong></span> <span class='ocrx_word' id='word_1_748' title='bbox 1769 4852 1939 4894; x_wconf 88' lang='lat' dir='ltr'><strong>aures</strong></span> <span class='ocrx_word' id='word_1_749' title='bbox 1970 4838 2077 4892; x_wconf 89' lang='lat' dir='ltr'><strong>ob-</strong></span> 
     </span>
    </p>
   </div>
   <div class='ocr_carea' id='block_1_100' title="bbox 430 4916 2075 4996">
    <p class='ocr_par' dir='ltr' id='par_1_100' title="bbox 430 4916 2075 4996">
     <span class='ocr_line' id='line_1_100' title="bbox 430 4916 2075 4996; baseline 0.007 -25"><span class='ocrx_word' id='word_1_750' title='bbox 430 4916 622 4983; x_wconf 85' lang='lat' dir='ltr'><strong>ﬁrma,</strong></span> <span class='ocrx_word' id='word_1_751' title='bbox 667 4916 895 4972; x_wconf 88' lang='lat' dir='ltr'><strong>veritati</strong></span> <span class='ocrx_word' id='word_1_752' title='bbox 952 4916 1121 4973; x_wconf 84' lang='lat' dir='ltr'><strong>firme</strong></span> <span class='ocrx_word' id='word_1_753' title='bbox 1176 4917 1500 4987; x_wconf 75' lang='lat' dir='ltr'><strong>adhaerens,</strong></span> <span class='ocrx_word' id='word_1_754' title='bbox 1533 4923 1846 4996; x_wconf 89' lang='lat' dir='ltr'><strong>multisque</strong></span> <span class='ocrx_word' id='word_1_755' title='bbox 1900 4943 2075 4982; x_wconf 72' lang='lat' dir='ltr'><strong>sacrae</strong></span> 
     </span>
    </p>
   </div>
   <div class='ocr_carea' id='block_1_101' title="bbox 431 5005 2074 5084">
    <p class='ocr_par' dir='ltr' id='par_1_101' title="bbox 431 5005 2074 5084">
     <span class='ocr_line' id='line_1_101' title="bbox 431 5005 2074 5084; baseline 0.005 -22"><span class='ocrx_word' id='word_1_756' title='bbox 431 5007 742 5078; x_wconf 69' lang='lat' dir='ltr'><strong>Scriptura:</strong></span> <span class='ocrx_word' id='word_1_757' title='bbox 776 5005 847 5060; x_wconf 90' lang='lat' dir='ltr'><strong>ad</strong></span> <span class='ocrx_word' id='word_1_758' title='bbox 882 5005 1109 5077; x_wconf 90' lang='lat' dir='ltr'><strong>piorum</strong></span> <span class='ocrx_word' id='word_1_759' title='bbox 1150 5008 1323 5063; x_wconf 90' lang='lat' dir='ltr'><strong>etiam</strong></span> <span class='ocrx_word' id='word_1_760' title='bbox 1356 5010 1661 5067; x_wconf 89' lang='lat' dir='ltr'><strong>hominum</strong></span> <span class='ocrx_word' id='word_1_761' title='bbox 1692 5014 2074 5084; x_wconf 88' lang='lat' dir='ltr'><strong>testimoniis,</strong></span> 
     </span>
    </p>
   </div>
   <div class='ocr_carea' id='block_1_102' title="bbox 429 5094 2078 5171">
    <p class='ocr_par' dir='ltr' id='par_1_102' title="bbox 429 5094 2078 5171">
     <span class='ocr_line' id='line_1_102' title="bbox 429 5094 2078 5171; baseline 0.006 -20"><span class='ocrx_word' id='word_1_762' title='bbox 429 5096 505 5151; x_wconf 87' lang='lat' dir='ltr'><strong>ad</strong></span> <span class='ocrx_word' id='word_1_763' title='bbox 543 5094 940 5151; x_wconf 86' lang='lat' dir='ltr'><strong>omnimodam</strong></span> <span class='ocrx_word' id='word_1_764' title='bbox 973 5096 1440 5154; x_wconf 88' lang='lat' dir='ltr'><strong>immobilitatem</strong></span> <span class='ocrx_word' id='word_1_765' title='bbox 1464 5101 1802 5171; x_wconf 89' lang='lat' dir='ltr'><strong>obstrictus,</strong></span> <span class='ocrx_word' id='word_1_766' title='bbox 1826 5108 1890 5159; x_wconf 89' lang='lat' dir='ltr'><strong>ut</strong></span> <span class='ocrx_word' id='word_1_767' title='bbox 1923 5106 2078 5161; x_wconf 80' lang='lat' dir='ltr'><strong>vocis</strong></span> 
     </span>
    </p>
   </div>
   <div class='ocr_carea' id='block_1_103' title="bbox 432 5185 2074 5263">
    <p class='ocr_par' dir='ltr' id='par_1_103' title="bbox 432 5185 2074 5263">
     <span class='ocr_line' id='line_1_103' title="bbox 432 5185 2074 5263; baseline 0.006 -21"><span class='ocrx_word' id='word_1_768' title='bbox 432 5203 666 5260; x_wconf 92' lang='lat' dir='ltr'><strong>quoque</strong></span> <span class='ocrx_word' id='word_1_769' title='bbox 711 5185 871 5242; x_wconf 88' lang='lat' dir='ltr'><strong>illius</strong></span> <span class='ocrx_word' id='word_1_770' title='bbox 914 5186 1147 5243; x_wconf 90' lang='lat' dir='ltr'><strong>laudem</strong></span> <span class='ocrx_word' id='word_1_771' title='bbox 1200 5205 1576 5261; x_wconf 90' lang='lat' dir='ltr'><strong>consequare.</strong></span> <span class='ocrx_word' id='word_1_772' title='bbox 1611 5192 1717 5260; x_wconf 84' lang='lat' dir='ltr'><strong>Qui</strong></span> <span class='ocrx_word' id='word_1_773' title='bbox 1760 5196 1899 5263; x_wconf 79' lang='lat' dir='ltr'><strong>facit</strong></span> <span class='ocrx_word' id='word_1_774' title='bbox 1942 5201 2074 5263; x_wconf 67' lang='lat' dir='ltr'><strong>haec,</strong></span> 
     </span>
    </p>
   </div>
   <div class='ocr_carea' id='block_1_104' title="bbox 428 5274 2079 5342">
    <p class='ocr_par' dir='ltr' id='par_1_104' title="bbox 428 5274 2079 5342">
     <span class='ocr_line' id='line_1_104' title="bbox 428 5274 2079 5342; baseline 0.007 -12"><span class='ocrx_word' id='word_1_775' title='bbox 428 5292 539 5331; x_wconf 79' lang='lat' dir='ltr'><strong>non</strong></span> <span class='ocrx_word' id='word_1_776' title='bbox 567 5274 875 5331; x_wconf 82' lang='lat' dir='ltr'><strong>movebitur</strong></span> <span class='ocrx_word' id='word_1_777' title='bbox 904 5277 961 5330; x_wconf 89' lang='lat' dir='ltr'><strong>in</strong></span> <span class='ocrx_word' id='word_1_778' title='bbox 991 5280 1255 5332; x_wconf 61' lang='lat' dir='ltr'><strong>mternum</strong></span> <span class='ocrx_word' id='word_1_779' title='bbox 1288 5277 1353 5333; x_wconf 66' lang='grc' dir='ltr'><strong>ιο.</strong></span> <span class='ocrx_word' id='word_1_780' title='bbox 1388 5279 1526 5335; x_wconf 90' lang='lat' dir='ltr'><strong>Sani</strong></span> <span class='ocrx_word' id='word_1_781' title='bbox 1556 5282 1763 5339; x_wconf 82' lang='lat' dir='ltr'><strong>fratres</strong></span> <span class='ocrx_word' id='word_1_782' title='bbox 1794 5288 1935 5340; x_wconf 91' lang='lat' dir='ltr'><strong>sunt</strong></span> <span class='ocrx_word' id='word_1_783' title='bbox 1955 5301 2079 5342; x_wconf 89' lang='lat' dir='ltr'><strong>om-</strong></span> 
     </span>
    </p>
   </div>
   <div class='ocr_carea' id='block_1_105' title="bbox 432 5363 2078 5439">
    <p class='ocr_par' dir='ltr' id='par_1_105' title="bbox 432 5363 2078 5439">
     <span class='ocr_line' id='line_1_105' title="bbox 432 5363 2078 5439; baseline 0.006 -18"><span class='ocrx_word' id='word_1_784' title='bbox 432 5381 573 5421; x_wconf 88' lang='lat' dir='ltr'><strong>nes:</strong></span> <span class='ocrx_word' id='word_1_785' title='bbox 605 5363 879 5419; x_wconf 91' lang='lat' dir='ltr'><strong>dominus</strong></span> <span class='ocrx_word' id='word_1_786' title='bbox 928 5364 1202 5421; x_wconf 87' lang='lat' dir='ltr'><strong>diaconus</strong></span> <span class='ocrx_word' id='word_1_787' title='bbox 1246 5366 1413 5423; x_wconf 90' lang='lat' dir='ltr'><strong>Pater</strong></span> <span class='ocrx_word' id='word_1_788' title='bbox 1442 5385 1629 5439; x_wconf 91' lang='lat' dir='ltr'><strong>meus,</strong></span> <span class='ocrx_word' id='word_1_789' title='bbox 1661 5370 1850 5428; x_wconf 92' lang='lat' dir='ltr'><strong>dulcis</strong></span> <span class='ocrx_word' id='word_1_790' title='bbox 1903 5374 2078 5431; x_wconf 81' lang='lat' dir='ltr'><strong>frater</strong></span> 
     </span>
    </p>
   </div>
   <div class='ocr_carea' id='block_1_106' title="bbox 432 5453 2073 5535">
    <p class='ocr_par' dir='ltr' id='par_1_106' title="bbox 432 5453 2073 5535">
     <span class='ocr_line' id='line_1_106' title="bbox 432 5453 2073 5535; baseline 0.007 -26"><span class='ocrx_word' id='word_1_791' title='bbox 432 5469 615 5520; x_wconf 88' lang='lat' dir='ltr'><strong>meus,</strong></span> <span class='ocrx_word' id='word_1_792' title='bbox 650 5468 716 5509; x_wconf 88' lang='lat' dir='ltr'><strong>ac</strong></span> <span class='ocrx_word' id='word_1_793' title='bbox 754 5453 937 5525; x_wconf 84' lang='lat' dir='ltr'><strong>magis</strong></span> <span class='ocrx_word' id='word_1_794' title='bbox 968 5470 1123 5511; x_wconf 90' lang='lat' dir='ltr'><strong>nunc</strong></span> <span class='ocrx_word' id='word_1_795' title='bbox 1172 5455 1374 5513; x_wconf 88' lang='lat' dir='ltr'><strong>merito</strong></span> <span class='ocrx_word' id='word_1_796' title='bbox 1418 5458 1834 5530; x_wconf 85' lang='lat' dir='ltr'><strong>desiderabilis,</strong></span> <span class='ocrx_word' id='word_1_797' title='bbox 1865 5463 2073 5535; x_wconf 89' lang='lat' dir='ltr'><strong>reliqui</strong></span> 
     </span>
    </p>
   </div>
   <div class='ocr_carea' id='block_1_107' title="bbox 435 5541 2073 5625">
    <p class='ocr_par' dir='ltr' id='par_1_107' title="bbox 435 5541 2073 5625">
     <span class='ocr_line' id='line_1_107' title="bbox 435 5541 2073 5625; baseline 0.006 -26"><span class='ocrx_word' id='word_1_798' title='bbox 435 5542 609 5599; x_wconf 88' lang='lat' dir='ltr'><strong>etiam</strong></span> <span class='ocrx_word' id='word_1_799' title='bbox 642 5541 839 5599; x_wconf 90' lang='lat' dir='ltr'><strong>dilecti</strong></span> <span class='ocrx_word' id='word_1_800' title='bbox 873 5543 1015 5599; x_wconf 90' lang='lat' dir='ltr'><strong>mihi</strong></span> <span class='ocrx_word' id='word_1_801' title='bbox 1040 5549 1098 5602; x_wconf 89' lang='lat' dir='ltr'><strong>et</strong></span> <span class='ocrx_word' id='word_1_802' title='bbox 1139 5544 1465 5601; x_wconf 89' lang='lat' dir='ltr'><strong>honorandi</strong></span> <span class='ocrx_word' id='word_1_803' title='bbox 1517 5547 1621 5604; x_wconf 85' lang='lat' dir='ltr'><strong>filii</strong></span> <span class='ocrx_word' id='word_1_804' title='bbox 1650 5549 1765 5619; x_wconf 89' lang='lat' dir='ltr'><strong>tui;</strong></span> <span class='ocrx_word' id='word_1_805' title='bbox 1800 5568 1902 5622; x_wconf 90' lang='lat' dir='ltr'><strong>pro</strong></span> <span class='ocrx_word' id='word_1_806' title='bbox 1946 5554 2073 5625; x_wconf 88' lang='lat' dir='ltr'><strong>qui-</strong></span> 
     </span>
    </p>
   </div>
   <div class='ocr_carea' id='block_1_108' title="bbox 504 5669 1022 5743">
    <p class='ocr_par' dir='ltr' id='par_1_108' title="bbox 504 5669 1022 5743">
     <span class='ocr_line' id='line_1_108' title="bbox 504 5669 1022 5743; baseline 0.01 -19"><span class='ocrx_word' id='word_1_807' title='bbox 504 5669 720 5743; x_wconf 69' lang='lat' dir='ltr'><strong>‘Joan.</strong></span> <span class='ocrx_word' id='word_1_808' title='bbox 780 5686 876 5743; x_wconf 83' lang='lat' dir='ltr'><strong>xv,</strong></span> <span class='ocrx_word' id='word_1_809' title='bbox 933 5672 1022 5729; x_wconf 91' lang='lat'><strong>20.</strong></span> 
     </span>
    </p>
   </div>
   <div class='ocr_carea' id='block_1_109' title="bbox 1125 5672 1677 5743">
    <p class='ocr_par' dir='ltr' id='par_1_109' title="bbox 1125 5672 1677 5743">
     <span class='ocr_line' id='line_1_109' title="bbox 1125 5672 1677 5743; baseline 0.004 -13"><span class='ocrx_word' id='word_1_810' title='bbox 1125 5672 1149 5707; x_wconf 85' lang='grc'><strong>⁶</strong></span> <span class='ocrx_word' id='word_1_811' title='bbox 1189 5672 1357 5731; x_wconf 82' lang='lat' dir='ltr'><strong>Rom.</strong></span> <span class='ocrx_word' id='word_1_812' title='bbox 1414 5690 1538 5743; x_wconf 78' lang='lat' dir='ltr'><strong>VIII,</strong></span> <span class='ocrx_word' id='word_1_813' title='bbox 1589 5675 1677 5733; x_wconf 89' lang='grc'><strong>17.</strong></span> 
     </span>
    </p>
   </div>
   <div class='ocr_carea' id='block_1_110' title="bbox 431 5742 638 5815">
    <p class='ocr_par' dir='ltr' id='par_1_110' title="bbox 431 5742 638 5815">
     <span class='ocr_line' id='line_1_110' title="bbox 431 5742 638 5815; baseline -0.01 -13"><span class='ocrx_word' id='word_1_814' title='bbox 431 5758 545 5815; x_wconf 78' lang='lat' dir='ltr'><strong>xxv,</strong></span> <span class='ocrx_word' id='word_1_815' title='bbox 581 5742 638 5800; x_wconf 82' lang='grc'>5.</span> 
     </span>
    </p>
   </div>
   <div class='ocr_carea' id='block_1_111' title="bbox 1777 5674 2334 5747">
    <p class='ocr_par' dir='ltr' id='par_1_111' title="bbox 1777 5674 2334 5747">
     <span class='ocr_line' id='line_1_111' title="bbox 1777 5674 2334 5747; baseline -0.004 -14"><span class='ocrx_word' id='word_1_816' title='bbox 1777 5676 1802 5711; x_wconf 81' lang='grc'><strong>’⁷</strong></span> <span class='ocrx_word' id='word_1_817' title='bbox 1831 5676 2033 5736; x_wconf 81' lang='lat' dir='ltr'><strong>Matth.</strong></span> <span class='ocrx_word' id='word_1_818' title='bbox 2083 5692 2214 5747; x_wconf 79' lang='lat' dir='ltr'><strong>xxv,</strong></span> <span class='ocrx_word' id='word_1_819' title='bbox 2244 5674 2334 5731; x_wconf 87' lang='lat'><strong>23.</strong></span> 
     </span>
    </p>
   </div>
   <div class='ocr_carea' id='block_1_112' title="bbox 2186 4734 3829 4816">
    <p class='ocr_par' dir='ltr' id='par_1_112' title="bbox 2186 4734 3829 4816">
     <span class='ocr_line' id='line_1_112' title="bbox 2186 4734 3829 4816; baseline -0.002 -21"><span class='ocrx_word' id='word_1_820' title='bbox 2186 4742 2326 4811; x_wconf 78' lang='grc' dir='ltr'>ἆξαι,</span> <span class='ocrx_word' id='word_1_821' title='bbox 2380 4737 2559 4816; x_wconf 78' lang='grc' dir='ltr'>φεῦγε,</span> <span class='ocrx_word' id='word_1_822' title='bbox 2607 4736 2697 4791; x_wconf 76' lang='grc' dir='ltr'><strong>καὶ</strong></span> <span class='ocrx_word' id='word_1_823' title='bbox 2746 4734 3007 4805; x_wconf 83' lang='grc' dir='ltr'>ἐνωτίζου</span> <span class='ocrx_word' id='word_1_824' title='bbox 3055 4735 3191 4805; x_wconf 76' lang='grc' dir='ltr'>ἅπαξ</span> <span class='ocrx_word' id='word_1_825' title='bbox 3246 4737 3600 4810; x_wconf 76' lang='grc' dir='ltr'>κραταιωθεὶς</span> <span class='ocrx_word' id='word_1_826' title='bbox 3660 4735 3715 4791; x_wconf 78' lang='grc' dir='ltr'>ἐν</span> <span class='ocrx_word' id='word_1_827' title='bbox 3766 4740 3829 4810; x_wconf 74' lang='grc' dir='ltr'><strong>τῇ</strong></span> 
     </span>
    </p>
   </div>
   <div class='ocr_carea' id='block_1_113' title="bbox 2187 4823 3831 4901">
    <p class='ocr_par' dir='ltr' id='par_1_113' title="bbox 2187 4823 3831 4901">
     <span class='ocr_line' id='line_1_113' title="bbox 2187 4823 3831 4901; baseline -0.005 -16"><span class='ocrx_word' id='word_1_828' title='bbox 2187 4829 2436 4900; x_wconf 75' lang='grc' dir='ltr'>ἀληθείᾳ,</span> <span class='ocrx_word' id='word_1_829' title='bbox 2468 4828 2555 4882; x_wconf 85' lang='grc' dir='ltr'><strong>καὶ</strong></span> <span class='ocrx_word' id='word_1_830' title='bbox 2590 4823 2679 4881; x_wconf 73' lang='grc' dir='ltr'>διὰ</span> <span class='ocrx_word' id='word_1_831' title='bbox 2707 4825 2934 4881; x_wconf 88' lang='grc' dir='ltr'>πολλῶν</span> <span class='ocrx_word' id='word_1_832' title='bbox 2974 4828 3287 4901; x_wconf 81' lang='grc' dir='ltr'>μαρτυριῶν</span> <span class='ocrx_word' id='word_1_833' title='bbox 3336 4832 3436 4894; x_wconf 81' lang='grc' dir='ltr'><strong>τῆς</strong></span> <span class='ocrx_word' id='word_1_834' title='bbox 3481 4826 3640 4901; x_wconf 79' lang='grc' dir='ltr'>ἁγίας</span> <span class='ocrx_word' id='word_1_835' title='bbox 3700 4833 3831 4901; x_wconf 76' lang='grc' dir='ltr'>Γρα-</span> 
     </span>
    </p>
   </div>
   <div class='ocr_carea' id='block_1_114' title="bbox 2186 4911 3833 4995">
    <p class='ocr_par' dir='ltr' id='par_1_114' title="bbox 2186 4911 3833 4995">
     <span class='ocr_line' id='line_1_114' title="bbox 2186 4911 3833 4995; baseline -0.002 -23"><span class='ocrx_word' id='word_1_836' title='bbox 2186 4926 2293 4995; x_wconf 73' lang='grc' dir='ltr'>φῆς</span> <span class='ocrx_word' id='word_1_837' title='bbox 2341 4917 2717 4995; x_wconf 68' lang='grc' dir='ltr'>συσφιγχθεὶς,</span> <span class='ocrx_word' id='word_1_838' title='bbox 2764 4914 2870 4970; x_wconf 59' lang='grc' dir='ltr'>ἔσθ(</span> <span class='ocrx_word' id='word_1_839' title='bbox 2928 4915 3015 4969; x_wconf 81' lang='grc' dir='ltr'><strong>ὅτε</strong></span> <span class='ocrx_word' id='word_1_840' title='bbox 3062 4914 3153 4969; x_wconf 80' lang='grc' dir='ltr'>καὶ</span> <span class='ocrx_word' id='word_1_841' title='bbox 3211 4912 3508 4991; x_wconf 84' lang='grc' dir='ltr'>ἀνθρώπων</span> <span class='ocrx_word' id='word_1_842' title='bbox 3568 4911 3833 4983; x_wconf 77' lang='grc' dir='ltr'>εὐσεϐῶν,</span> 
     </span>
    </p>
   </div>
   <div class='ocr_carea' id='block_1_115' title="bbox 2188 5003 3839 5079">
    <p class='ocr_par' dir='ltr' id='par_1_115' title="bbox 2188 5003 3839 5079">
     <span class='ocr_line' id='line_1_115' title="bbox 2188 5003 3839 5079; baseline -0.002 -16"><span class='ocrx_word' id='word_1_843' title='bbox 2188 5010 2264 5070; x_wconf 87' lang='grc' dir='ltr'><strong>εἰς</strong></span> <span class='ocrx_word' id='word_1_844' title='bbox 2321 5005 2561 5071; x_wconf 87' lang='grc' dir='ltr'>παντελῆ</span> <span class='ocrx_word' id='word_1_845' title='bbox 2626 5005 2949 5077; x_wconf 82' lang='grc' dir='ltr'>ἀκινησίανο</span> <span class='ocrx_word' id='word_1_846' title='bbox 3009 5005 3157 5066; x_wconf 82' lang='grc' dir='ltr'>ὅπως</span> <span class='ocrx_word' id='word_1_847' title='bbox 3211 5003 3369 5079; x_wconf 78' lang='grc' dir='ltr'>τεύξῃ</span> <span class='ocrx_word' id='word_1_848' title='bbox 3425 5003 3677 5075; x_wconf 79' lang='grc' dir='ltr'>κάκείνης</span> <span class='ocrx_word' id='word_1_849' title='bbox 3735 5013 3839 5076; x_wconf 79' lang='grc' dir='ltr'>τῆς</span> 
     </span>
    </p>
   </div>
   <div class='ocr_carea' id='block_1_116' title="bbox 2186 5093 3839 5175">
    <p class='ocr_par' dir='ltr' id='par_1_116' title="bbox 2186 5093 3839 5175">
     <span class='ocr_line' id='line_1_116' title="bbox 2186 5093 3839 5175; baseline -0.002 -22"><span class='ocrx_word' id='word_1_850' title='bbox 2186 5105 2367 5175; x_wconf 71' lang='grc' dir='ltr'>φωνῆς</span> <span class='ocrx_word' id='word_1_851' title='bbox 2423 5098 2484 5153; x_wconf 86' lang='grc' dir='ltr'>τὸ</span> <span class='ocrx_word' id='word_1_852' title='bbox 2540 5094 2855 5171; x_wconf 52' lang='grc' dir='ltr'>ἐγκώμιον</span> <span class='ocrx_word' id='word_1_853' title='bbox 2915 5098 2976 5153; x_wconf 82' lang='grc' dir='ltr'>Ὀ</span> <span class='ocrx_word' id='word_1_854' title='bbox 3015 5098 3186 5150; x_wconf 89' lang='grc' dir='ltr'>ποιῶν</span> <span class='ocrx_word' id='word_1_855' title='bbox 3259 5099 3447 5163; x_wconf 80' lang='grc' dir='ltr'>ταῦτα,</span> <span class='ocrx_word' id='word_1_856' title='bbox 3508 5093 3572 5149; x_wconf 78' lang='grc' dir='ltr'>οὐ</span> <span class='ocrx_word' id='word_1_857' title='bbox 3641 5093 3839 5150; x_wconf 54' lang='grc' dir='ltr'>σαλευ.</span> 
     </span>
    </p>
   </div>
   <div class='ocr_carea' id='block_1_117' title="bbox 2186 5183 3837 5259">
    <p class='ocr_par' dir='ltr' id='par_1_117' title="bbox 2186 5183 3837 5259">
     <span class='ocr_line' id='line_1_117' title="bbox 2186 5183 3837 5259; baseline -0.002 -16"><span class='ocrx_word' id='word_1_858' title='bbox 2186 5190 2405 5259; x_wconf 80' lang='grc' dir='ltr'>θήσεται</span> <span class='ocrx_word' id='word_1_859' title='bbox 2489 5185 2564 5249; x_wconf 85' lang='grc' dir='ltr'>εἷς</span> <span class='ocrx_word' id='word_1_860' title='bbox 2638 5185 2730 5240; x_wconf 86' lang='grc' dir='ltr'><strong>τὸν</strong></span> <span class='ocrx_word' id='word_1_861' title='bbox 2809 5183 2999 5241; x_wconf 81' lang='grc' dir='ltr'>αἰῶνα.</span> <span class='ocrx_word' id='word_1_862' title='bbox 3067 5183 3422 5259; x_wconf 82' lang='grc' dir='ltr'>Ὑγιαίνουσιν</span> <span class='ocrx_word' id='word_1_863' title='bbox 3498 5184 3550 5237; x_wconf 74' lang='grc' dir='ltr'>οἱ</span> <span class='ocrx_word' id='word_1_864' title='bbox 3635 5187 3837 5247; x_wconf 68' lang='grc' dir='ltr'>πάντες</span> 
     </span>
    </p>
   </div>
   <div class='ocr_carea' id='block_1_118' title="bbox 2184 5270 3838 5356">
    <p class='ocr_par' dir='ltr' id='par_1_118' title="bbox 2184 5270 3838 5356">
     <span class='ocr_line' id='line_1_118' title="bbox 2184 5270 3838 5356; baseline -0.003 -23"><span class='ocrx_word' id='word_1_865' title='bbox 2184 5276 2431 5356; x_wconf 80' lang='grc' dir='ltr'>ἀδελφοὶ,</span> <span class='ocrx_word' id='word_1_866' title='bbox 2467 5277 2494 5330; x_wconf 89' lang='grc' dir='ltr'><strong>ὁ</strong></span> <span class='ocrx_word' id='word_1_867' title='bbox 2548 5274 2736 5348; x_wconf 86' lang='grc' dir='ltr'>κύριος</span> <span class='ocrx_word' id='word_1_868' title='bbox 2791 5270 3040 5334; x_wconf 80' lang='grc' dir='ltr'>διάκονος</span> <span class='ocrx_word' id='word_1_869' title='bbox 3094 5272 3122 5326; x_wconf 86' lang='grc' dir='ltr'>ὁ</span> <span class='ocrx_word' id='word_1_870' title='bbox 3156 5274 3342 5347; x_wconf 82' lang='grc' dir='ltr'>Πατήρ</span> <span class='ocrx_word' id='word_1_871' title='bbox 3374 5293 3502 5346; x_wconf 89' lang='grc' dir='ltr'>μου,</span> <span class='ocrx_word' id='word_1_872' title='bbox 3536 5272 3563 5327; x_wconf 85' lang='grc' dir='ltr'>ὁ</span> <span class='ocrx_word' id='word_1_873' title='bbox 3621 5270 3838 5347; x_wconf 80' lang='grc' dir='ltr'>γλυκύς</span> 
     </span>
    </p>
   </div>
   <div class='ocr_carea' id='block_1_119' title="bbox 2187 5360 3839 5442">
    <p class='ocr_par' dir='ltr' id='par_1_119' title="bbox 2187 5360 3839 5442">
     <span class='ocr_line' id='line_1_119' title="bbox 2187 5360 3839 5442; baseline -0.002 -21"><span class='ocrx_word' id='word_1_874' title='bbox 2187 5388 2292 5440; x_wconf 89' lang='grc' dir='ltr'><strong>μου</strong></span> <span class='ocrx_word' id='word_1_875' title='bbox 2322 5362 2580 5442; x_wconf 71' lang='grc' dir='ltr'>ἀδελφὸς,</span> <span class='ocrx_word' id='word_1_876' title='bbox 2609 5363 2698 5418; x_wconf 66' lang='grc' dir='ltr'><strong>καὶ</strong></span> <span class='ocrx_word' id='word_1_877' title='bbox 2751 5366 2843 5418; x_wconf 87' lang='grc' dir='ltr'><strong>νῦν</strong></span> <span class='ocrx_word' id='word_1_878' title='bbox 2889 5360 3102 5435; x_wconf 76' lang='grc' dir='ltr'>μᾶλλον</span> <span class='ocrx_word' id='word_1_879' title='bbox 3145 5361 3306 5432; x_wconf 80' lang='grc' dir='ltr'>ἀξίως</span> <span class='ocrx_word' id='word_1_880' title='bbox 3353 5360 3750 5435; x_wconf 83' lang='grc' dir='ltr'>περιπόθητος,</span> <span class='ocrx_word' id='word_1_881' title='bbox 3785 5363 3839 5418; x_wconf 73' lang='grc' dir='ltr'>οἱ</span> 
     </span>
    </p>
   </div>
   <div class='ocr_carea' id='block_1_120' title="bbox 2185 5450 3841 5532">
    <p class='ocr_par' dir='ltr' id='par_1_120' title="bbox 2185 5450 3841 5532">
     <span class='ocr_line' id='line_1_120' title="bbox 2185 5450 3841 5532; baseline -0.003 -19"><span class='ocrx_word' id='word_1_882' title='bbox 2185 5458 2274 5513; x_wconf 88' lang='grc' dir='ltr'><strong>λοι</strong></span> <span class='ocrx_word' id='word_1_883' title='bbox 2303 5456 2399 5512; x_wconf 72' lang='grc' dir='ltr'><strong>ποί</strong></span> <span class='ocrx_word' id='word_1_884' title='bbox 2429 5452 2750 5532; x_wconf 79' lang='grc' dir='ltr'>προσφίλιοι</span> <span class='ocrx_word' id='word_1_885' title='bbox 2779 5452 2872 5508; x_wconf 84' lang='grc' dir='ltr'><strong>καὶ</strong></span> <span class='ocrx_word' id='word_1_886' title='bbox 2901 5451 3080 5527; x_wconf 82' lang='grc' dir='ltr'>τίμιοί</span> <span class='ocrx_word' id='word_1_887' title='bbox 3118 5472 3245 5525; x_wconf 87' lang='grc' dir='ltr'>μου,</span> <span class='ocrx_word' id='word_1_888' title='bbox 3270 5450 3362 5505; x_wconf 77' lang='grc' dir='ltr'><strong>καὶ</strong></span> <span class='ocrx_word' id='word_1_889' title='bbox 3385 5452 3543 5505; x_wconf 79' lang='grc' dir='ltr'>τέκνα</span> <span class='ocrx_word' id='word_1_890' title='bbox 3585 5471 3716 5522; x_wconf 81' lang='grc' dir='ltr'>σου,</span> <span class='ocrx_word' id='word_1_891' title='bbox 3752 5456 3841 5515; x_wconf 86' lang='grc' dir='ltr'>οἷς</span> 
     </span>
    </p>
   </div>
   <div class='ocr_carea' id='block_1_121' title="bbox 2184 5537 3843 5620">
    <p class='ocr_par' dir='ltr' id='par_1_121' title="bbox 2184 5537 3843 5620">
     <span class='ocr_line' id='line_1_121' title="bbox 2184 5537 3843 5620; baseline -0.004 -18"><span class='ocrx_word' id='word_1_892' title='bbox 2184 5546 2276 5602; x_wconf 75' lang='grc' dir='ltr'>σὺν</span> <span class='ocrx_word' id='word_1_893' title='bbox 2328 5545 2453 5619; x_wconf 78' lang='grc' dir='ltr'>ἐμοὶ</span> <span class='ocrx_word' id='word_1_894' title='bbox 2511 5548 2662 5614; x_wconf 78' lang='grc' dir='ltr'>πᾶσι,</span> <span class='ocrx_word' id='word_1_895' title='bbox 2696 5543 2892 5618; x_wconf 78' lang='grc' dir='ltr'>Πάτερ,</span> <span class='ocrx_word' id='word_1_896' title='bbox 2925 5538 3113 5620; x_wconf 73' lang='grc' dir='ltr'>εὔχου.</span> <span class='ocrx_word' id='word_1_897' title='bbox 3168 5540 3361 5601; x_wconf 75' lang='grc' dir='ltr'>Πάντες</span> <span class='ocrx_word' id='word_1_898' title='bbox 3413 5537 3589 5594; x_wconf 80' lang='grc' dir='ltr'>αὐτῶν</span> <span class='ocrx_word' id='word_1_899' title='bbox 3652 5539 3843 5619; x_wconf 75' lang='grc' dir='ltr'>εὐδροο</span> 
     </span>
    </p>
   </div>
   <div class='ocr_carea' id='block_1_122' title="bbox 2428 5666 3843 5739">
    <p class='ocr_par' dir='ltr' id='par_1_122' title="bbox 2428 5666 3843 5739">
     <span class='ocr_line' id='line_1_122' title="bbox 2428 5666 3843 5739; baseline -0.001 -11"><span class='ocrx_word' id='word_1_900' title='bbox 2428 5671 2453 5706; x_wconf 73' lang='lat'>8</span> <span class='ocrx_word' id='word_1_901' title='bbox 2482 5672 2633 5730; x_wconf 89' lang='lat' dir='ltr'><strong>Psal.</strong></span> <span class='ocrx_word' id='word_1_902' title='bbox 2677 5687 2765 5739; x_wconf 86' lang='lat' dir='ltr'><strong>LV,</strong></span> <span class='ocrx_word' id='word_1_903' title='bbox 2792 5671 2849 5728; x_wconf 87' lang='lat'><strong>5.</strong></span> <span class='ocrx_word' id='word_1_904' title='bbox 2951 5668 2975 5704; x_wconf 81' lang='grc'>⁹</span> <span class='ocrx_word' id='word_1_905' title='bbox 3022 5668 3174 5727; x_wconf 85' lang='lat' dir='ltr'><strong>Psal.</strong></span> <span class='ocrx_word' id='word_1_906' title='bbox 3249 5684 3434 5735; x_wconf 83' lang='lat' dir='ltr'><strong>cxxw,</strong></span> <span class='ocrx_word' id='word_1_907' title='bbox 3477 5670 3497 5723; x_wconf 74' lang='grc' dir='ltr'><strong>ί</strong></span> <span class='ocrx_word' id='word_1_908' title='bbox 3584 5666 3631 5703; x_wconf 85' lang='grc'><strong>¹⁰</strong></span> <span class='ocrx_word' id='word_1_909' title='bbox 3682 5668 3843 5727; x_wconf 85' lang='lat' dir='ltr'><strong>Psal.</strong></span> 
     </span>
    </p>
   </div>
  </div>
