4090 6288
284 349 405 409 913

286 504 454 554 μουσι
492 505 501 515 ·

281 572 374 627 καὶ
406 573 714 646 εὐφόρητον
754 580 856 628 πᾶν
906 576 1086 630 ὁτιοῦν
1135 578 1387 633 παθοῦσι.
1425 578 1645 642 Πάντως
1692 581 1782 634 καὶ
1834 583 1932 636 λυ-

282 661 559 733 πούμεθα,
617 663 706 716 καὶ
766 661 1176 737 ἀδημονοῦμεν,
1232 665 1326 720 καὶ
1403 665 1782 741 ἀσχάλλομεν,
1841 671 1928 725 καὶ

285 751 659 823 ῥᾳθυμοῦμεν,
709 753 798 807 καὶ
853 752 1136 830 λογισμῶν
1183 761 1442 829 πονηρῶν
1493 756 1756 832 ὀχλήσεις
1799 758 1928 836 ἔγο.

288 861 384 911 μεν
419 858 432 871 ’
484 842 575 892 καὶ
625 838 751 894 οὐδὲ
799 841 898 915 γαρ
949 838 1089 898 ἔστιν
1141 844 1292 906 ἐκτὸς
1340 845 1581 919 θλίψεων
1640 846 1927 919 παρελθεῖν

283 931 391 981 τῶν
419 925 550 1000 τῇδε
583 947 596 961 ·
627 928 773 984 ἀλλά
810 928 898 985 διά
929 933 1024 1001 τὴν
1049 931 1245 987 ἐλπίδα
1275 934 1364 989 καὶ
1397 933 1567 1008 εὒχήν
1606 958 1700 990 σου
1734 935 1928 1011 ἰσχύο-

286 1038 408 1090 μεν.
459 1018 617 1089 Ἐμοὶ
667 1016 745 1086 δὲ,
802 1021 1002 1095 Πάτερ,
1053 1019 1243 1096 εὔχου,
1287 1022 1370 1077 ὅτι
1423 1025 1512 1080 τὸν
1565 1024 1784 1080 Ἠσαίαν
1833 1026 1926 1081 τόν

282 1105 438 1179 ἅγιον
469 1105 789 1178 ἐκστηθίζω.
829 1111 933 1164 Καὶ
985 1108 1235 1180 δῆθωσόν
1268 1133 1361 1185 μοι
1412 1113 1478 1186 εἰ,
1511 1115 1656 1189 παρά
1694 1116 1756 1170 τὸ
1787 1118 1928 1190 γρά-

281 1217 420 1272 φειν,
456 1197 845 1271 ἀναγινώσκειν
882 1221 949 1270 με
981 1199 1178 1262 θέλεις.

852 1401 923 1457 Γ’.
952 1433 1021 1444 -
1059 1405 1144 1473 Τῷ
1184 1402 1355 1474 αὐτῷ.

1566 357 2124 422 EPISTULABUM
2169 361 2312 421 LIB.
2361 361 2410 419 Ι.

537 486 777 555 ποθητὸν
827 483 1010 548 αὔτοῖς
1045 485 1207 560 μόνον
1330 490 1395 556 σὴ
1430 489 1580 562 ὑγεία
1630 490 1680 544 ἐν
1725 491 1916 565 Κυρίῳ¹

2041 496 2153 551 bus
2179 497 2451 552 omnibus
2487 511 2739 562 mecum,
2775 495 2960 564 Pater,
2991 511 3112 550 ora.
3146 495 3363 551 Omnes
3394 499 3687 552 rectecur—

3565 360 3682 423 9M

2041 593 2179 641 runt
2211 603 2224 644 :
2259 602 2442 645 unum
2475 585 2592 641 illis
2623 589 2844 652 votum,
2896 588 3000 639 tua
3047 584 3105 638 in
3166 584 3416 642 Domino
3475 585 3634 642 salus
3667 602 3680 642 :

2036 675 2158 730 leve
2179 679 2374 730 autem
2406 678 2462 731 et
2491 673 2812 741 tolerabile,
2836 673 3118 744 quidquid
3151 678 3240 730 est
3270 675 3424 745 quod
3451 675 3682 746 patiun-

2038 770 2150 822 tur.
2185 767 2436 822 Omnino
2466 771 2522 822 et
2553 763 2820 820 dolemus
2842 767 2897 818 et
2937 764 3254 832 tristamur,
3289 772 3342 820 et
3388 766 3679 837 angimur,

2037 861 2094 911 et
2125 855 2321 912 animo
2353 854 2681 924 dejicimur,
2706 858 2764 909 et
2794 870 3100 926 pravarum
3135 854 3550 927 cogitationum
3571 854 3682 909 ﬂu-

2037 947 2227 1002 ctibus
2258 945 2545 1015 agitamur
2569 962 2582 999 :
2607 961 2796 1015 neque
2816 945 2971 1000 enim
3004 944 3132 1000 sine
3164 946 3440 1001 aerumnis
3471 962 3540 1001 ex
3573 945 3682 1001 hac

2037 1034 2156 1089 vita
2185 1033 2380 1106 egredi
2412 1033 2544 1088 licst
2576 1053 2592 1098 ;
2623 1033 2724 1088 sed
2757 1049 2857 1102 spe
2879 1032 3132 1102 subnixi,
3165 1049 3233 1090 ac
3269 1033 3540 1106 precibus
3564 1033 3682 1089 tuis

2036 1126 2187 1179 vires
2219 1123 2534 1178 sumimus.
2564 1122 2652 1176 Tu
2675 1137 2832 1188 vero,
2865 1122 3055 1187 Pater,
3088 1124 3232 1178 bene
3255 1122 3401 1178 mihi
3423 1139 3678 1192 precare,

2037 1214 2096 1268 in
2129 1219 2402 1268 sanctum
2434 1212 2642 1268 Isaiam
2666 1211 3028 1268 incumbenti
3065 1216 3122 1268 et
3170 1212 3440 1284 signiﬁca
3509 1212 3676 1274 mihi.

2037 1317 2110 1356 an
2142 1301 2330 1374 legere
2361 1317 2452 1356 me
2469 1301 2772 1366 duntaxat,
2791 1315 2908 1356 non
2930 1305 3123 1357 autem
3147 1306 3203 1356 et
3232 1301 3486 1358 scribere
3508 1302 3674 1358 velis.

2637 1409 2713 1463 III
2753 1441 2822 1449 —
2861 1407 3076 1465 Eidem.

375 1533 812 1583 Thessalonicam
853 1535 908 1583 in
947 1536 1195 1586 exsilium
1229 1539 1556 1602 deportatus,
1592 1541 1799 1593 itineris
1834 1547 1916 1594 sui
1950 1545 2166 1596 modum
2198 1550 2251 1596 et
2279 1545 2520 1596 ordinem
2552 1544 2791 1609 exponit,
2822 1544 3034 1606 (Baron.
3067 1558 3154 1595 an.
3176 1544 3288 1596 796.
3318 1559 3466 1595 num.
3500 1545 3565 1609 1.)

355 1654 671 1725 Προχεῖταί
709 1673 804 1725 μοι
834 1653 894 1706 τὸ
941 1650 1171 1729 δάκρυον
1203 1657 1309 1728 πρὸ
1355 1663 1451 1712 τοῦ
1484 1656 1656 1732 λόγου
1691 1679 1704 1691 ·

280 1739 579 1816 σπλάγχνα
623 1739 858 1796 δονεῖται
893 1759 908 1772 ⁸
949 1742 1040 1796 καὶ
1086 1746 1120 1812 ἡ
1157 1745 1278 1820 χεὶρ
1331 1746 1623 1820 ὑποτρέμει
1651 1754 1748 1804 τοῦ
1795 1751 1926 1824 γρά-

498 1833 584 1885 καὶ
635 1829 872 1904 ἕλκομαι
917 1833 1287 1908 πανταχόθεν,
1329 1837 1417 1890 καὶ
1469 1837 1644 1914 φέρειν
1695 1840 1756 1894 τὸ
1804 1838 1925 1895 ὀδυ-

272 1919 442 1993 νηρὸν
494 1919 602 1994 οὐχ
645 1921 759 1974 οἷός
804 1921 862 1975 τέ
894 1921 1030 1994 εἶμι.
1063 1929 1123 1976 Ὠ
1170 1928 1289 1988 πῶς
1332 1923 1528 2002 ἐνέγκω
1580 1949 1696 1995 σου,
1731 1930 1924 2004 Πάτερ⁷

282 2009 480 2080 Πάτερ,
513 2011 579 2064 τὰ
630 2012 1052 2084 χριστομίμήτα
1081 2011 1226 2083 πάθη
1255 2032 1267 2080 ;
1303 2010 1346 2068 ὢ
1379 2019 1493 2076 πῶς
1540 2014 1673 2070 οἷ’σω
1701 2039 1795 2072 σου
1825 2022 1926 2089 τὴν

281 2097 500 2171 ὑψηλὴν
552 2097 639 2151 καὶ
692 2099 850 2172 ἁγίαν
914 2102 1272 2170 caminus-tv;
1322 2101 1439 2165 πῶς
1491 2105 1783 2176 ὑπαντήσω
1842 2131 1925 2163 σοι

276 2188 412 2241 κατά
470 2185 641 2262 λόγον
698 2187 1087 2268 ἀντιγράιρεινς
1150 2193 1236 2246 καὶ
1297 2198 1395 2246 ποῖ
1461 2195 1774 2267 τράπωμαι,
1833 2198 1921 2253 καὶ

276 2276 396 2329 ὅθεν
451 2274 618 2348 ἴωμαι
672 2277 968 2352 κατάρχειν
1019 2284 1127 2334 τῶν
1186 2283 1569 2357 γραμμάτων;
1634 2284 1775 2359 Πρός
1829 2289 1926 2360 ἐμὲ

274 2362 371 2417 οὖν
427 2364 511 2435 σὺ,
547 2364 590 2418 ὦ
655 2366 849 2440 Πάτερ,
898 2372 1125 2423 τοιαῦτα
1180 2371 1446 2447 γράφεις;
1504 2375 1640 2446 πρὸς
1693 2373 1788 2447 ἐμὲ
1830 2378 1924 2432 τὸν

280 2453 562 2520 σκώληκα,
596 2457 683 2509 καὶ
741 2455 1032 2531 βόρϐορον,
1076 2461 1163 2512 καί
1214 2458 1447 2530 ἄσωτον,
1495 2465 1522 2517 6
1576 2468 1760 2540 Πατὴρ
1810 2489 1926 2545 φω-

282 2543 378 2605 νάς
420 2544 606 2618 ἀφίησι
664 2546 974 2619 πρεπούσας
1019 2547 1233 2620 τέκνῳ;
1290 2551 1544 2606 Ἰκετικὸν
1605 2551 1922 2628 ἀναλαμϐά-

287 2653 395 2692 νεις
425 2640 612 2707 σχῆμα
645 2635 672 2688 ὁ
705 2635 940 2710 ὀφείλων
973 2637 1322 2696 ἱκετεύεσθαι.
1360 2641 1522 2716 Κάγὼ
1557 2642 1748 2699 λοιπόν
1778 2646 1805 2698 ὁ
1835 2647 1925 2700 τά-

289 2721 390 2783 λας
428 2725 480 2778 τί
525 2727 1014 2801 προσφθέγξωμαι;
1064 2729 1154 2782 καὶ
1186 2735 1301 2792 πῶς
1345 2737 1662 2789 ταπεινωθῶ
1709 2741 1788 2807 τῷ
1839 2735 1922 2791 δι-

286 2812 425 2884 καίῳ
460 2833 565 2884 μου
599 2814 804 2889 Πατρί;
853 2816 1002 2888 ὅμως
1035 2815 1296 2890 ἐδεξάμην
1351 2842 1468 2893 σου,
1509 2820 1552 2875 ὦ
1594 2823 1789 2900 Πάτερ,
1821 2829 1919 2895 τήν

283 2899 432 2991 ἁγίαν
479 2900 773 2972 ἐπιστολὴν
826 2902 876 2958 ἐν
936 2909 1123 2982 χερσὶν
1179 2907 1416 2978 ἀναξίαις
1468 2913 1541 2972 ὡς
1591 2899 1919 2991 θεογράφους

277 2989 509 3052 πλάκας.
562 2993 806 3047 Ἤκουσά
865 3015 964 3048 σου
1015 2999 1111 3064 τῆς
1169 2997 1559 3075 ἐγγραμμάτου
1604 2989 1809 3078 φωνῆς
1846 3007 1920 3069 ὡς

271 3078 326 3133 εἶ’
367 3099 452 3142 τις
498 3079 770 3136 ἀκούσειεν
813 3083 1052 3160 ἀγγέλου
1105 3095 1288 3157 φωνῆς
1328 3089 1362 3158 ἢ
1413 3090 1726 3147 ἀποστόλου
1762 3115 1774 3126 ⁸
1825 3097 1913 3149 καὶ

270 3169 553 3244 συνέτριψε
608 3172 708 3239 τὴν
764 3172 1009 3247 κάρδίαν,
1063 3177 1153 3231 καὶ
1211 3174 1463 3252 ἒξέϐλυσε
1520 3178 1771 3256 δάκρυον,
1823 3186 1910 3239 καὶ

270 3257 726 3332 ἀπεκλαύσάμην,
772 3263 860 3316 καὶ
905 3263 1173 3336 ἐθρήνησα
1221 3270 1327 3344 οὐχ
1375 3270 1730 3345 ἱΙερεμιτικὸν
1782 3276 1914 3348 θρῆ-

267 3367 365 3401 νον
422 3345 511 3402 ἐπὶ
562 3351 749 3404 παθῶν
807 3353 1114 3428 θεοστυγέσι
1171 3358 1543 3432 γεγενημένων
1579 3378 1593 3391 ⁵
1663 3345 1825 3415 ἴδιον*
1860 3360 1917 3418 δέ

269 3457 393 3490 τινα
442 3437 532 3491 καὶ
582 3437 963 3516 φιλοπάτριον,
1014 3445 1105 3498 καὶ
1155 3450 1271 3518 Θεῷ
1320 3442 1484 3510 ὅντως
1532 3453 1913 3526 χαριστήριον.

273 3523 541 3587 Αἰνέσεως
595 3527 698 3601 γὰρ
775 3528 1014 3600 ἀληθοῦς
1069 3533 1102 3587 ἃ
1175 3523 1786 3611 ἀπέσταλκαςξΠάτερ⁷
1836 3538 1917 3594 δί-

272 3632 408 3678 καιε,
467 3614 791 3693 ἀπογραφῆς
837 3615 976 3691 ἄξια,
1025 3627 1125 3690 τῆς
1176 3623 1252 3685 εἰς
1302 3627 1428 3680 Θεὸν
1477 3625 1770 3689 ὁλοτελοῦς
1820 3650 1916 3684 σου

274 3702 585 3774 προθέσεως
616 3706 892 3780 γνώριμα.

344 3797 668 3883 Τοιγαροῦν,
713 3793 758 3848 ὦ
808 3796 1004 3872 Πάτερ,
1055 3798 1336 3874 ἐστήριξας
1383 3805 1543 3876 ἡμῶν
1590 3805 1658 3860 τά
1702 3810 1916 3883 φρονή-

278 3901 420 3952 ματα
452 3899 467 3913 ⁸
513 3881 812 3957 ἐνεύρωσας
861 3887 1024 3958 ἡμῶν
1074 3888 1167 3952 τὰς
1214 3889 1458 3966 καρδίας.
1507 3895 1665 3964 Ὑπὲρ
1716 3881 1915 3951 ἐλπίδα

270 3972 305 4039 ἡ
354 3968 545 4044 ἀνδρία
599 3993 695 4028 σου
731 3993 743 4006 ·
795 3976 926 4050 ὑπὲρ
977 3977 1306 4051 προσδοκίαν
1357 3985 1391 4050 ἡ
1454 3983 1729 4058 παρῥησία
1790 4002 1911 4043 σου.

270 4057 485 4147 έΑλλος
531 4081 614 4122 τις
665 4064 800 4135 ἡμῖν
849 4060 1054 4142 ὤφθης,
1095 4068 1130 4137 ἢ
1177 4069 1340 4144 ὅσπερ
1393 4057 1688 4147 ἐγνωρίζου
1718 4091 1731 4104 ’
1782 4073 1914 4139 ὅλος

269 4146 321 4201 ἐν
369 4153 485 4220 Θεῷ
532 4150 936 4224 ἠλλοιωμένος.
984 4155 1118 4228 Δόξα
1165 4159 1243 4230 τῷ
1289 4181 1345 4214 σε
1395 4158 1792 4234 δυναμώσαντι.
1838 4165 1911 4219 06

268 4233 539 4292 κατέϐαλέ
597 4261 653 4294 σε
713 4238 882 4318 φόϐος
944 4244 1224 4317 βασιλείας
1259 4267 1271 4279 ⁸
1351 4247 1450 4304 οὒκ
1506 4251 1780 4329 ἐχαύνωσέ
1855 4275 1912 4310 σε

265 4332 500 4401 γοητική
561 4333 786 4391 θωπεία.
839 4335 953 4410 Οὐχ
1011 4337 1164 4392 ε’ίλου
1223 4344 1560 4418 προσκαίρου
1620 4343 1910 4400 ἀπολαύειν

279 1853 398 1908 φειν
435 1850 450 1862 ⁹

267 4416 492 4488 ἡδονῆς,
530 4420 963 4494 προκινδυνεύειν
997 4426 1168 4482 θέλων
1196 4437 1296 4498 τῆς
1325 4416 1584 4502 ἀληθείας
1612 4438 1708 4488 τοῦ
1757 4441 1912 4492 Θεοῦ.
1947 4418 1992 4481 D

362 4511 571 4581 ποιμὴν
606 4513 634 4564 ὁ
684 4513 875 4582 καλὸς,
909 4515 936 4568 6
968 4517 1077 4578 θεὶς
1127 4520 1224 4587 τήν
1263 4521 1446 4594 ψυχὴν
1480 4523 1610 4597 ὑπὲρ
1642 4527 1750 4578 τῶν
1781 4545 1912 4596 προ-

265 4593 446 4652 ϐάτωΑ
479 4619 490 4630 ’
528 4600 555 4653 6
586 4602 675 4654 καὶ
722 4607 812 4656 νῦν
849 4599 1067 4676 δέσμιος
1097 4604 1177 4660 διδ
1231 4616 1328 4676 τῆς
1359 4593 1616 4688 φρουρᾶς,
1650 4613 1724 4676 ὡς
1763 4593 1910 4688 Χρι-

264 4689 393 4740 στοῦ
428 4686 786 4750 Ἀπόστολος.
819 4697 880 4746 Ὠ
922 4696 1018 4747 τοῦ
1050 4692 1329 4770 δωματίου
1361 4686 1585 4772 ἐκείνου,
1617 4700 1668 4756 ἐν
1703 4704 1748 4774 ᾧ
1779 4686 1912 4777 φέρῃ

264 4777 355 4830 καὶ
413 4779 646 4854 περιάγῃ
708 4779 781 4841 ὡς
837 4780 1023 4856 τίμιον
1083 4787 1168 4840 καὶ
1231 4784 1534 4863 εὔχρηστον
1594 4795 1779 4854 σκεῦος
1832 4797 1910 4864 τῷ

268 4867 514 4940 Δεσπότῃ
549 4867 702 4942 Θεῷί
756 4868 879 4926 Ε’ίθε
910 4870 1002 4928 οὖν
1045 4876 1107 4928 τὸ
1151 4873 1343 4956 ἔδαφος
1391 4879 1564 4935 ἐκεῖνο
1611 4902 1908 4953 περιεπτυ-

267 4954 472 5027 ξάμην,
504 4957 565 5009 οῦ
598 4959 649 5011 οἱ
698 4957 863 5022 πόδες
891 4966 990 5016 τοῦ
1036 4966 1226 5038 κυρίου
1260 4954 1377 5038 μου
1408 4971 1496 5024 καὶ
1551 4974 1761 5046 Πατρὸς
1814 4974 1906 5045 βα-

267 5041 530 5112 δίζουσιν.
565 5043 689 5101 Ε’ίτε
716 5049 813 5110 τὰς
864 5052 1000 5104 κατὰ
1031 5058 1126 5107 σοῦ
1155 5054 1307 5117 κλεῖς
1350 5060 1440 5112 καὶ
1472 5041 1698 5135 κλεῖθρα
1744 5041 1908 5136 προσ-

265 5131 526 5203 εκύνησα,
624 5135 701 5197 ὡς
805 5139 1072 5214 θησαυρὸν
1169 5141 1438 5208 εὐσεϐείας
1545 5149 1905 5226 φυλάττοντα.

263 5221 499 5281 Μᾶλλον
549 5221 606 5278 δὲ
657 5221 970 5301 ἐϐουλόμην
1011 5232 1072 5284 τὸ
1118 5231 1302 5305 τίμιον
1351 5234 1522 5292 ἐκεῖνο
1556 5221 1908 5296 -ἀσπάσασθαι

267 5313 445 5382 στόμα
475 5313 536 5366 τὸ
588 5314 945 5390 ὁμολογῆσαν
975 5321 1065 5373 τὸν
1114 5322 1274 5396 λόγον
1317 5332 1413 5393 τῆς
1453 5325 1712 5397 ἀληθείας
1747 5353 1759 5363 ·
1812 5334 1904 5392 τὰς

264 5402 414 5464 ὁσίας
464 5409 656 5480 χεῖρας
712 5407 808 5468 τὰς
852 5407 1208 5484 ἐπαιρομένας
1255 5414 1330 5476 εἰς
1389 5417 1542 5492 ἁγίας
1596 5425 1904 5498 προσευχὰς

261 5493 351 5546 καὶ
406 5491 852 5565 εὐπροσδέκτους.
897 5504 1006 5553 Ποῦ
1037 5501 1167 5556 ποτέ
1203 5524 1306 5572 μου
1358 5491 1442 5558 τὸν
1468 5491 1648 5580 γλυκὺ⁷
1689 5491 1901 5585 ἀπέπτη

260 5580 599 5653 πρόσωπονς
652 5589 760 5637 ποῦ
811 5583 872 5640 δὲ
912 5591 945 5656 ἡ
994 5592 1262 5663 σωτήριος
1303 5596 1456 5668 φωνή
1506 5602 1901 5673 κατεσιγάσθη;

260 5666 406 5725 Ἰδοὺ
438 5665 504 5739 δὴ
537 5669 643 5746 ἐγὼ
674 5670 904 5751 ὄρφανὸς
939 5677 968 5730 6
1010 5675 1237 5744 ἐλεεινὸς
1268 5665 1357 5736 καὶ
1407 5665 1775 5763 παντέρημος,
1806 5665 1905 5746 οόκ

1951 3057 2000 3120 C

1751 1661 1838 1714 καὶ
1870 1664 1934 1717 τὰ
1965 1675 2011 1737 Β
2113 1665 2414 1721 Proﬂuunt
2446 1664 2587 1720 mihi
2612 1665 2880 1739 lacrymae
2913 1667 3047 1720 ante
3078 1663 3252 1720 verba
3281 1679 3294 1720 :
3345 1664 3427 1735 (et
3460 1664 3681 1722 viscera

2036 1755 2402 1827 quatiuntur,
2435 1759 2491 1809 et
2521 1771 2729 1810 manus
2760 1753 3064 1810 scribendo
3087 1753 3502 1810 contremiscit.
3535 1755 3678 1810 Tor-

2037 1861 2215 1915 queor
2239 1844 2498 1914 undique
2529 1859 2634 1899 nec
2655 1842 2910 1899 dolorem
2935 1844 3080 1898 ferre
3108 1844 3228 1913 jam
3263 1843 3445 1899 valeo.
3471 1844 3541 1899 Et
3561 1861 3677 1915 quo

2036 1938 2224 2006 pacto,
2259 1933 2692 2000 Pater,oPater,
2727 1931 3027 1987 Christum
3059 1931 3359 1987 imitantes
3381 1933 3677 1988 cruciatus

2035 2028 2170 2078 tuos
2194 2023 2479 2093 perferam
2512 2021 2540 2076 ἵ
2579 2038 2694 2092 quo
2748 2025 2912 2091 pacto
2951 2020 3237 2076 excelsam
3297 2025 3678 2093 sanctamque

2034 2112 2446 2167 demissionem
2479 2116 2644 2166 tuam
2695 2110 2996 2166 sustinebo
3025 2110 3053 2163 ?
3101 2125 3214 2180 quo
3253 2118 3418 2182 pacto
3469 2126 3676 2181 queam

2036 2201 2157 2269 tibi,
2195 2206 2370 2272 prout
2392 2201 2537 2256 ratio
2578 2199 2831 2270 postulat
2849 2199 3212 2255 rescribere?
3249 2201 3371 2263 Quo
3404 2217 3496 2256 me
3545 2217 3677 2256 ver-

2035 2299 2152 2346 tam
2187 2295 2242 2346 et
2265 2291 2418 2346 unde
2448 2290 2666 2345 litteras
2689 2290 2958 2344 exordiar
2977 2289 3004 2344 ?
3034 2290 3118 2344 Ad
3155 2305 3243 2344 me
3272 2289 3465 2359 igitur,
3486 2291 3677 2358 Pater,

2036 2389 2093 2435 tu
2128 2381 2268 2436 talia
2306 2379 2514 2435 scribis
2543 2381 2570 2434 ?
2596 2380 2666 2434 ad
2707 2395 2800 2434 me
2830 2377 3238 2447 vermiculum,
3285 2395 3539 2446 casuum,
3584 2381 3676 2436 in-

2034 2473 2474 2540 temperantem,
2508 2473 2675 2524 Pater
2697 2472 3079 2539 congruentes
3109 2468 3230 2523 ﬁlio
3271 2484 3440 2524 voces
3474 2469 3677 2524 mittit.

2034 2558 2334 2630 Supplicis
2365 2557 2590 2613 cultum
2623 2555 2838 2622 induis,
2873 2557 2966 2611 cui
3019 2556 3337 2628 supplicari
3398 2574 3501 2627 par
3556 2562 3666 2613 est.

2031 2650 2103 2702 At
2131 2663 2235 2719 ego
2267 2647 2508 2702 tandem
2550 2647 2752 2700 infelix
2783 2645 2922 2715 quid
2956 2645 3216 2716 eloquar,
3239 2651 3297 2700 et
3336 2661 3451 2716 quo
3502 2651 3673 2716 pacto

2025 2737 2186 2806 justo
2218 2735 2371 2790 Patri
2405 2751 2530 2790 meo
2568 2733 2962 2789 humiliabor?
2988 2733 3396 2789 Verumtamen
3451 2735 3668 2806 accepi,

2028 2825 2477 2895 Pater,indignis
2494 2824 2759 2879 manibus
2778 2828 3038 2880 sanctam
3054 2823 3670 2896 epistolam,tanquam

2031 2916 2265 2971 tabulas
2304 2932 2336 2970 a
2365 2914 2482 2969 Deo
2515 2917 2790 2970 exaratas.
2826 2913 3034 2968 Audivi
3051 2929 3247 2968 vocem
3280 2917 3441 2968 tuam
3461 2912 3672 2970 litteris

2032 3007 2432 3074 consignalam
2466 3004 2601 3058 utsi
2636 3004 2769 3074 quis
2798 3002 2988 3074 angeli
3037 3002 3124 3057 vel
3186 3001 3438 3074 apostoli
3471 3019 3668 3059 vocem

2031 3097 2258 3164 audiat;
2312 3101 2368 3152 et
2425 3112 2522 3153 cor
2587 3096 2854 3152 contrivit
2921 3103 2972 3150 et
3024 3094 3310 3165 lacrymas
3359 3095 3664 3164 eirpressit.

2027 3188 2228 3243 Planxi
2257 3191 2314 3243 et
2348 3186 2704 3242 lamentatus
2726 3203 2878 3253 sum,
2911 3201 3027 3240 non
3072 3183 3404 3241 Jeremitica
3442 3184 3666 3241 lamen-

2029 3278 2266 3346 tatione,
2281 3277 2350 3332 de
2363 3275 2730 3332 inimicorum
2747 3275 2846 3330 Dei
2866 3273 3294 3330 calamitatibus
3310 3274 3660 3344 composita;

2027 3367 2124 3422 sed
2156 3365 2452 3438 peculiari,
2476 3381 2602 3436 qum
2632 3381 2687 3419 et
2726 3363 2986 3420 studium
3019 3363 3076 3418 in
3118 3368 3341 3418 Patrem
3399 3366 3658 3432 testetur,

2026 3460 2226 3512 etvere
2255 3454 2369 3510 Deo
2422 3457 2613 3526 grates
2647 3454 2865 3509 referat.
2903 3452 3064 3508 νει-ω
3101 3452 3255 3508 enim
3290 3451 3664 3520 laudationis,

2025 3545 2195 3599 Pater
2221 3544 2396 3613 iuste,
2429 3548 2562 3597 sunt
2593 3558 2719 3613 quas
2754 3541 2988 3607 misisti,
3040 3541 3215 3610 digna
3263 3557 3390 3613 quas
3447 3539 3666 3596 descri-

2027 3634 2253 3700 bantur,
2289 3632 2598 3702 perfectam
2632 3648 2764 3701 erga
2779 3633 2960 3687 Deum
2985 3635 3261 3697 mentem,
3283 3629 3665 3701 animumque

2026 3726 2191 3776 tuum
2224 3722 2710 3778 demonstrantia.

2095 3812 2282 3876 Quare
2312 3828 2521 3868 sensus
2553 3819 2799 3875 nostros,
2843 3809 3012 3866 Pater
3067 3808 3420 3865 conﬁrmasti
3453 3807 3665 3863 :corda

2025 3906 2224 3958 nostra
2263 3901 2672 3957 corroborasti.
2742 3902 2931 3970 Supra
2989 3915 3155 3970 spem
3215 3897 3491 3954 fortitudo
3540 3901 3661 3962 tua,

2023 4008 2202 4062 supro
2232 3990 2720 4061 exspectationem
2753 3987 2990 4044 libertas
3023 3993 3141 4042 tua.
3176 3988 3338 4042 Alius
3370 3985 3662 4058 quispiam

2024 4080 2193 4136 nobis
2222 4081 2381 4136 visus
2411 4096 2473 4135 es
2497 4081 2568 4134 ab
2587 4095 2652 4136 eo
2672 4095 2850 4150 quem
2877 4093 3245 4132 noveramus:
3281 4080 3438 4131 totus
3464 4077 3522 4130 in
3546 4076 3662 4130 Deo

2024 4171 2392 4226 immutatus.
2429 4169 2576 4225 Laus
2607 4169 2659 4224 ei
2680 4168 2778 4239 qui
2803 4173 2856 4222 te
2888 4165 3270 4222 conﬁrmavit.
3304 4165 3428 4221 Non
3453 4165 3663 4235 dejecit

2023 4265 2077 4316 te
2109 4265 2294 4316 terror
2313 4260 2702 4330 imperatoris.
2738 4274 2852 4312 non
2887 4255 3165 4312 emollivit
3213 4258 3269 4311 te
3327 4253 3660 4310 insidiatrix

2024 4349 2296 4406 adulatio.
2322 4347 2568 4404 Noluisti
2603 4345 2796 4418 exigui
2828 4345 3108 4416 temporis
3173 4343 3470 4414 voluptate
3528 4343 3660 4414 frui,

2025 4440 2122 4509 qui
2145 4455 2246 4511 pro
2279 4438 2378 4493 Dei
2400 4438 2638 4494 veritate
2668 4434 2981 4507 periclitari
3015 4433 3268 4489 volebas.
3296 4433 3491 4488 Bonus
3537 4449 3658 4502 pas-

2023 4535 2132 4596 tor,
2157 4528 2256 4600 qui
2289 4544 2390 4598 pro
2429 4527 2634 4583 ovibus
2659 4525 2914 4580 animam
2943 4522 3136 4595 posuit
3173 4523 3272 4592 qui
3318 4539 3474 4577 nunc
3514 4538 3660 4593 quo-

2025 4635 2137 4690 que
2166 4617 2394 4672 vinctus
2423 4617 2482 4671 in
2515 4615 2774 4671 custodia
2831 4617 2894 4668 ut
2951 4612 3191 4668 Cbristis
3248 4610 3581 4681 Apostolus.
3616 4614 3659 4666 Ο

2025 4707 2293 4764 cellulam
2319 4706 2478 4762 illam
2509 4706 2568 4760 in
2619 4720 2736 4776 qua
2788 4702 3031 4758 versaris
3077 4706 3250 4772 atque
3292 4700 3660 4756 concluderis

2021 4803 2303 4868 tanquam
2334 4794 2658 4867 pretiosum
2690 4796 2746 4850 et
2771 4791 2910 4848 utile
2949 4807 3044 4846 vas
3084 4789 3330 4845 Domino
3363 4789 3500 4844 Deo.
3533 4788 3659 4844 Uti-

2021 4903 2154 4941 nam
2196 4886 2267 4940 ad
2311 4885 2499 4941 solum
2532 4883 2673 4938 illud
2698 4883 3052 4949 advolverer,
3084 4879 3140 4933 in
3165 4895 3280 4949 quo
3352 4877 3575 4933 domini
3607 4885 3661 4934 et

2021 4975 2208 5031 Patris
2242 4975 2352 5030 mei
2377 4975 2551 5045 pedes
2577 4969 2976 5028 inambulantl
3011 4969 3243 5025 Utinam
3275 4971 3332 5023 et
3366 4967 3554 5022 claves
3602 4971 3658 5022 et

2017 5065 2219 5121 clausa
2248 5061 2636 5125 exoscularer,
2669 5077 2800 5133 qua
2828 5060 3168 5115 thesaurum
3203 5057 3437 5128 pietatis
3467 5060 3658 5111 custo-

2019 5155 2184 5210 diunt
2211 5155 2223 5208 l
2258 5154 2408 5221 Quin
2440 5152 2634 5224 potius
2656 5150 3050 5207 venerandum
3081 5164 3142 5203 os
3190 5145 3333 5200 illud
3373 5145 3646 5216 amplecti

2021 5248 2239 5313 malim,
2278 5247 2429 5316 quod
2467 5243 2734 5300 veritatis
2766 5242 2935 5297 verba
2975 5239 3306 5294 confessum
3325 5245 3406 5292 est
3443 5243 3542 5305 ;et
3573 5255 3656 5292 sa-

2015 5356 2146 5393 cras
2176 5353 2406 5400 manus,
2440 5351 2566 5404 quae
2609 5334 2678 5387 ad
2712 5335 2944 5386 sanctas
2965 5333 3022 5383 et
3054 5325 3436 5397 acceptabiles
3460 5342 3655 5394 preces

2013 5429 2379 5482 attolluntur.
2407 5425 2473 5479 Et
2513 5440 2628 5494 quo
2649 5422 2883 5476 tandem
2912 5417 3050 5472 mihi
3084 5416 3274 5470 dulcis
3307 5416 3480 5469 facies
3519 5432 3650 5470 avo-

2016 5516 2172 5583 lavit,
2206 5533 2320 5586 quo
2363 5517 2528 5585 pacto
2561 5509 2841 5568 salutaris
2872 5524 2973 5564 vos
3012 5505 3294 5562 conticuit
3331 5503 3358 5557 ‘I
3408 5503 3488 5558 En
3546 5520 3650 5575 ego

2016 5604 2232 5659 scilicet
2262 5602 2580 5673 orphanus,
2611 5596 2982 5662 miserabilis,
3012 5594 3268 5665 undique
3285 5591 3602 5647 destitutus
3628 5611 3643 5660 ;

2015 5695 2244 5751 Patrem
2278 5708 2474 5748 meum
2517 5707 2633 5746 non
2665 5688 2904 5754 habens,
2938 5683 3227 5741 luminare
3276 5695 3470 5738 meum
3531 5697 3645 5737 non
