4090 6288
374 420 490 480 915

1609 420 1672 480 S.
1719 418 2115 480 'I‘HEUDORI
2161 420 2304 480 STU
2319 419 2519 479 Dl'l‘IE

3649 423 3772 480 916

374 554 617 620 habens,
694 553 982 609 medicum
1029 552 1490 624 nutritoremque
1555 556 1759 609 animae
1819 571 2008 620 mem;

2136 551 2266 626 ἔχων
2297 556 2386 607 τὸν
2437 554 2645 628 Πατέρα
2693 573 2821 626 μου,
2853 553 2950 608 οὐκ
3000 550 3146 629 ἔχων
3193 555 3284 609 τὸν
3335 559 3598 633 φωστῆρά
3635 579 3767 629 μου,

373 644 501 699 sine
548 649 734 698 tutore
784 642 912 697 sine
960 642 1258 697 defensore
1321 643 1596 699 adversus
1646 643 2018 699 invisibiliter

375 735 788 805 impugnantes
808 748 918 798 me,
949 735 1145 787 Factus
1173 747 1296 785 sum
1319 734 1462 787 sicut
1517 749 1710 788 corvus
1761 734 1825 788 in
1884 733 2014 788 soli-

384 823 568 879 tudine
596 826 646 877 et
665 823 803 877 sicut
845 838 1036 891 passer
1078 823 1361 876 solitarius
1391 821 1452 875 in
1517 826 1647 877 tecto
1708 822 1770 889 1*,
1821 824 2018 881 oculos

376 913 684 968 intendens
717 911 996 982 quotidie,
1015 910 1126 966 huc
1148 911 1284 966 illuc
1309 917 1681 983 prospectans
1705 912 2020 967 etcircum~

377 1002 652 1075 spiciens,
687 1018 788 1057 nec
823 1005 1279 1073 usquamoptata
1298 1002 1490 1056 facies.
1518 1001 1629 1057 Sed
1671 1018 1742 1058 ne
1780 1002 1862 1058 sic
1879 1004 2018 1073 qui-

377 1093 508 1148 dem
533 1091 793 1148 dolorem
817 1108 1012 1147 meum
1044 1108 1146 1163 pro
1171 1091 1393 1146 meritis
1416 1107 1765 1163 exaggerare
1781 1109 2015 1163 queam.

377 1183 658 1238 Caeterum
691 1181 902 1250 gratias
941 1197 1070 1252 ago,
1095 1197 1320 1251 agoque
1349 1181 1524 1235 etiam
1591 1187 1764 1252 atque
1815 1183 2014 1250 etiam,

379 1274 531 1343 quod
558 1275 790 1342 propter
821 1271 923 1326 Dei
950 1271 1137 1342 legem
1171 1270 1262 1324 his
1305 1269 1518 1342 dignus
1563 1271 1793 1326 habitus
1845 1288 2012 1336 sum;

379 1363 534 1432 quod
569 1362 709 1416 tanti
736 1360 920 1415 Patris
960 1359 1116 1414 ﬁlius
1151 1376 1473 1430 nuncupor.
1531 1361 1664 1415 Fors
1711 1360 1884 1416 etiam
1941 1377 2016 1416 re-

378 1467 558 1522 gnare
588 1467 690 1520 per
721 1454 773 1504 te
795 1449 966 1503 hodie
996 1449 1207 1503 videar.
1269 1448 1438 1502 Pater
1489 1457 1706 1516 sancte,
1747 1449 1793 1502 si
1845 1449 2016 1505 modo

379 1556 575 1610 preces
614 1544 726 1594 tua
768 1537 991 1595 salvum
1053 1555 1142 1593 me
1186 1539 1536 1593 custodiant.
1597 1539 1798 1594 Timeo
1857 1540 2013 1594 enim

379 1629 627 1700 peccatis
660 1629 824 1697 meis,
855 1634 914 1684 et
943 1629 1400 1698 intemperantiae
1429 1643 1584 1683 mere.
1619 1629 1774 1684 Scito
1819 1634 2014 1684 autem

380 1736 474 1775 me
513 1720 779 1790 precibus
805 1718 940 1787 tuis,
973 1718 1078 1774 etsi
1121 1718 1286 1772 valde
1317 1718 1567 1773 imbellis
1599 1734 1749 1784 sum,
1795 1721 2014 1774 contir—

381 1815 603 1866 matum
635 1813 692 1864 et
728 1814 984 1864 erectum
1020 1825 1033 1862 :
1069 1823 1258 1878 neque
1297 1824 1401 1880 ego
1425 1809 1640 1877 solum,
1681 1811 1783 1865 sed
1816 1827 2016 1866 omnes

382 1916 564 1954 unum
597 1914 824 1966 sumus,
856 1897 1010 1952 idem
1057 1905 1248 1952 tecum
1304 1898 1646 1966 sentientes,
1682 1899 2010 1967 unanimes,

381 1990 454 2044 ad
486 1991 732 2043 mortem
764 2003 945 2058 usque
973 1987 1174 2042 eadem
1207 1987 1426 2058 perpeti
1458 1988 1640 2059 parati
1667 2005 1680 2042 :
1707 2005 1811 2044 nec
1843 2004 2018 2044 causa

382 2083 584 2136 nostra
605 2078 918 2150 quidquam
945 2077 1303 2134 reformides.
1331 2077 1450 2145 Eia,
1483 2078 1668 2144 Pater,
1721 2079 1831 2134 eia.
1892 2080 2013 2147 Eia,

383 2170 601 2242 optime
631 2169 997 2240 gubernator,
1039 2169 1341 2224 aemulator
1381 2169 1633 2241 pietatis,
1681 2180 2014 2226 sanctorum

384 2259 661 2314 imitator.
695 2257 998 2328 Magniﬁce
1030 2273 1226 2312 revera
1275 2259 1584 2328 dimicasti,
1641 2259 1879 2316 viriliter
1926 2261 2019 2315 dc-

378 2347 633 2406 certasti.
669 2349 826 2403 Inter
857 2351 1157 2416 martyres,
1191 2352 1280 2402 sat
1303 2347 1448 2416 scio,
1483 2348 1721 2420 spiritus
1754 2353 1888 2404 tuus
1934 2350 2017 2404 lo-

379 2455 513 2494 cum
545 2438 737 2493 habet.
771 2437 901 2492 Haec
931 2438 1107 2508 igitur
1135 2437 1205 2491 ad
1252 2437 1406 2492 hunc
1455 2440 1712 2508 modum,
1749 2441 2018 2510 quamvis

379 2528 571 2583 adhuc
601 2527 753 2581 inl'ra
784 2525 1136 2581 desiderium
1174 2542 1392 2593 meum,
1419 2534 1471 2581 et
1494 2527 1644 2582 infra
1674 2529 2017 2598 dignitatem

381 2623 561 2672 tuam.
587 2617 653 2670 Et
683 2616 962 2686 quoniam
993 2615 1265 2672 distincte
1305 2633 1538 2672 narrare
1581 2634 1673 2673 me
1710 2620 1885 2688 jubes
1948 2621 2020 2674 ab

383 2705 485 2761 illa
513 2705 1107 2775 die,qualuctuosam
1141 2705 1566 2774 separationem
1607 2707 2019 2776 sustinuimus,

385 2800 573 2850 totum
605 2794 714 2849 iter
745 2797 1030 2861 nostrum,
1068 2799 1191 2848 tum
1217 2810 1344 2865 quae
1377 2793 1436 2849 in
1491 2811 1557 2850 eo
1610 2795 1775 2851 nobis
1832 2797 2023 2851 conti-

383 2887 622 2956 gerunt:
657 2882 927 2955 equidem
951 2883 1140 2954 impar
1169 2900 1301 2938 sum
1327 2904 1341 2952 ;
1377 2885 1678 2955 aggrediar
1699 2889 1892 2941 tamen
1913 2886 2021 2940 im-

387 2973 549 3046 pigre
579 2972 1071 3044 quodjubes.1llo
1093 2990 1227 3046 ergo
1259 2974 1352 3029 die
1385 2992 1499 3045 quo
1540 2975 1734 3030 abiisti
1789 2979 1848 3030 tu
1889 2976 2024 3047 qui-

387 3064 539 3134 dem,
583 3067 768 3130 Pater,
805 3064 873 3118 ad
929 3068 1176 3119 mortem
1235 3069 1337 3120 tua
1393 3065 1709 3130 voluntate,
1756 3065 1921 3120 missi
1971 3069 2028 3120 et

390 3169 494 3208 nos
514 3154 575 3208 in
607 3153 877 3208 exsilium
902 3168 1106 3208 sumus
1136 3153 1340 3221 obviis,
1377 3162 1548 3210 utres
1589 3155 1745 3220 tulit,
1792 3157 2028 3224 jumen-

388 3244 463 3299 tis
491 3243 775 3298 subvecti.
817 3245 885 3298 Et
916 3243 1173 3314 primum
1223 3243 1452 3314 quidem
1491 3248 1770 3316 tanquam
1817 3244 2021 3300 harum

391 3348 588 3387 rerum
621 3333 796 3388 rudes
825 3336 996 3404 atque
1028 3332 1331 3403 inexperti,
1357 3333 1622 3388 nonnihil
1655 3334 1851 3389 animo
1901 3350 2026 3390 con-

391 3422 634 3478 sternati
654 3438 874 3477 sumus.
899 3422 1250 3493 Appulimus
1263 3423 1417 3476 enim
1439 3423 1510 3478 ad
1527 3439 1707 3495 pagos
1729 3424 2032 3494 quosdam,

393 3511 789 3582 spectaculum
811 3511 943 3566 facti
980 3512 1138 3566 omni
1189 3511 1491 3566 hominum
1536 3513 1696 3566 sexui
1751 3516 1807 3568 et
1857 3513 2032 3580 aetati,

396 3601 493 3656 ubi
530 3599 788 3654 tumultu
819 3600 1288 3670 clamoribusque
1337 3599 1585 3671 impletas
1644 3602 1816 3657 nobis
1864 3619 2035 3656 aures

397 3691 646 3753 luerunt,
679 3705 810 3744 cum
853 3689 1140 3744 solverent
1169 3695 1224 3745 et
1246 3690 1633 3746 subsisterent
1669 3691 1739 3745 ad
1800 3707 2032 3762 compa-

396 3779 579 3835 randa
617 3779 792 3834 victui
829 3779 1177 3848 necessaria,
1211 3781 1310 3850 qui
1349 3797 1452 3835 nos
1511 3780 1824 3836 ducebant.
1866 3783 2036 3836 Post-

398 3885 573 3940 quam
617 3885 745 3924 vero
776 3870 1085 3924 assuefacti
1126 3870 1359 3924 tandem
1411 3870 1650 3937 fuimus,
1722 3869 1951 3925 facilius
1984 3879 2037 3925 et

398 3958 587 4015 lenius
619 3958 766 4014 ferre
798 3958 1075 4028 cepimus
1097 3959 1357 4013 adversa.
1393 3958 1667 4014 Omnium
1700 3975 1869 4030 porro
1919 3976 2040 4013 ma-

399 4051 550 4106 xime
591 4067 695 4106 nos
726 4050 977 4121 angebat
995 4051 1178 4105 Patris
1199 4054 1257 4104 et
1288 4049 1507 4105 domini
1530 4051 1757 4106 diaconi
1799 4051 2036 4104 inﬁrmi-

400 4145 511 4194 tas.
545 4141 726 4209 Atque
755 4139 862 4193 hoc
895 4139 1064 4194 modo
1095 4139 1288 4194 tristes
1323 4143 1379 4193 et
1420 4139 1686 4194 exhausti
1741 4141 1849 4194 iter
1901 4157 2037 4194 con-

401 4227 664 4281 fecimus.
690 4227 1016 4281 Mansiones
1048 4233 1242 4282 autem
1277 4227 1396 4282 haec
1431 4229 1684 4296 fuerunt,
1713 4247 1746 4283 a
1776 4228 2038 4283 Catharis

401 4316 473 4369 ad
498 4314 748 4382 Liviana,
773 4315 992 4369 indeed
1025 4315 1292 4370 Leuceas.
1323 4320 1448 4371 tum
1473 4316 1770 4388 Phyraaum
1797 4334 1809 4371 :
1837 4334 1950 4388 quo
1980 4318 2036 4371 in

403 4407 528 4461 loco
559 4404 805 4476 lugubre
828 4406 1107 4476 quiddam
1138 4417 1192 4462 et
1214 4412 1539 4464 memoratu
1574 4409 1811 4478 dignum
1871 4407 2038 4463 nobis

401 4495 631 4550 accidit.
664 4499 801 4549 Cum
844 4496 998 4549 enim
1033 4511 1098 4550 ex
1129 4497 1446 4568 improviso
1479 4516 1540 4553 se
1571 4497 1920 4554 obtulissent
1945 4514 2040 4553 no-

400 4601 528 4639 vem
559 4601 626 4639 ex
658 4585 948 4654 primariis
972 4584 1268 4654 fratribus,
1319 4588 1512 4642 ovium
1576 4587 1762 4643 instar
1809 4588 2037 4658 disper-

401 4690 620 4742 sarum,
652 4673 1150 4730 circumsederunt
1189 4693 1292 4732 nos
1322 4677 1526 4732 flentes
1556 4683 1613 4732 et
1643 4678 2035 4733 cordanostra
2069 4678 2112 4740 D

401 4763 792 4820 conﬁcientes.
829 4767 898 4818 At
939 4765 1145 4819 ductor
1177 4771 1372 4822 noster
1394 4783 1497 4822 nec
1529 4766 1744 4838 alloqui
1765 4783 1865 4822 eos
1895 4766 2035 4821 sine-

401 4854 517 4909 bat.
549 4856 634 4909 Ita
666 4853 944 4908 miserum
979 4853 1037 4908 in
1070 4856 1304 4911 modum
1328 4861 1696 4926 aspectantes
1729 4860 1954 4923 mutuo,
1982 4861 2034 4910 et

398 4943 525 5000 vale
547 4944 826 5008 dicentes,
856 4960 988 4997 cum
1018 4943 1292 5015 lacrymis
1323 4947 1558 5000 tandem
1594 4945 1804 5001 divulsi
1834 4950 1889 4999 et
1944 4961 2042 5000 se-

398 5033 583 5104 parati
617 5032 857 5088 fuimus.
881 5031 1100 5086 Deinde
1123 5032 1355 5087 Paulam
1381 5035 1558 5101 ducti,
1594 5034 1918 5087 invenimus
1945 5049 2042 5088 ve-

399 5123 714 5178 nerandam
750 5137 1006 5176 sororem
1042 5129 1200 5176 luam
1247 5138 1379 5176 cum
1428 5122 1664 5177 domino
1720 5123 1933 5189 Sabba,
1983 5126 2040 5178 et

397 5211 548 5267 clam
586 5212 852 5264 venimus
912 5210 967 5262 in
1012 5215 1412 5278 conspectum,
1465 5215 1760 5279 tutamque
1811 5217 2038 5266 noctem

395 5317 653 5373 congruo
693 5313 957 5353 sermone
980 5299 1252 5353 duximus
1288 5306 1449 5353 :tum
1475 5300 1718 5354 invicem
1763 5306 2038 5370 tanquam

397 5395 563 5450 morti
597 5395 856 5451 addictos
879 5389 1225 5453 salutantes,
1249 5389 1630 5444 discessimus
1660 5405 1793 5444 cum
1817 5391 2036 5462 gemitu

466 5512 508 5546 ¹¹
551 5510 705 5565 Psal.
745 5525 821 5574 Cl,
849 5511 905 5562 7.
936 5509 989 5562 8.

2058 3313 2099 3378 C
2140 3288 2408 3363 ἐξόριστον
2467 3285 2806 3361 ὁδοιπορίαν,
2879 3285 3245 3361 έποχηθέντες
3303 3287 3382 3363 ἐφ’

2128 642 2218 696 τὸν
2273 641 2452 715 ἰατρὸν
2500 643 2586 696 καὶ
2646 642 2846 718 τροφέα
2902 649 3001 710 τῆς
3060 650 3314 712 ταπεινῆς
3371 665 3475 716 μου
3525 648 3714 720 ψυχῆς
3753 665 3766 677 ⁸

2127 730 2582 804 ἀπροστατευτος,
2658 730 3089 804 ἀνεπαμ·3νευτος
3166 733 3299 806 πρὸς
3375 732 3503 794 τοὺς
3586 733 3769 789 πολε-

2131 824 2363 894 μοῦντας
2455 844 2520 895 με
2602 822 2846 896 ἀοράτως
2901 842 2914 855 ⁸
2999 824 3301 896 Ἐγενόμην
3387 826 3514 878 ὤσει
3599 827 3766 900 κόραξ

2127 913 2178 966 ἐν
2264 911 2504 984 ἐρήμῳ·
2583 913 2704 973 ὡς·
2796 913 3077 987 στρουθίον
3137 912 3224 966 ἐπὶ
3309 911 3584 986 δώματος,
3645 916 3769 969 καθ’

2125 1000 2334 1074 ἡμέραν
2423 1000 2836 1078 έποφθαλμιῶν,
2911 998 3015 1054 ὼδε
3083 1001 3298 1056 κάκεῖσε
3375 1001 3593 1076 βλέπων
3675 1003 3769 1057 καὶ

2125 1092 2454 1164 περιαθρῶν,
2505 1091 2592 1143 καὶ
2645 1087 2901 1162 οὐδαμῶς
2951 1091 3012 1143 τὸ
3061 1090 3397 1162 ποθούμενον
3445 1087 3767 1164 ἢὸσωπον.

2131 1180 2226 1234 Καὶ
2279 1179 2432 1232 οὔπω
2489 1180 2606 1232 κατ’
2665 1178 2810 1251 ἀξίαν
2863 1177 3128 1252 δυναίμην
3187 1177 3594 1254 ἐκτραγῳδῆσαί
3658 1203 3768 1254 μου

2123 1269 2184 1322 τὸ
2226 1269 2417 1329 πάθος.
2471 1267 2622 1336 Πλὴν
2676 1268 2984 1341 εὐχαριστῶ
3032 1269 3121 1322 καὶ
3171 1269 3635 1345 ὑπερευχαριστῶ,
3681 1271 3768 1326 ὅτι

2127 1356 2215 1413 διά
2244 1359 2412 1431 νόμον
2445 1364 2578 1414 Θεοῦ
2607 1363 2773 1412 ταῦτα
2815 1359 3159 1432 κατηξίωμαι
3193 1380 3206 1391 ·

2124 1449 2249 1520 τρὸς
2318 1447 2667 1522 έχρημάτισα
2721 1447 2926 1505 τέκνον.
2989 1450 3142 1523 Τάχα
3221 1449 3522 1522 βασιλεύειν
3576 1449 3770 1524 οἴομαι

2127 1535 2214 1591 διὰ
2263 1542 2358 1592 σοῦ
2416 1539 2672 1612 σήμερον.
2737 1537 2909 1610 Πάτερ
2968 1538 3104 1612 ἅγιε,
3164 1537 3318 1613 ε’ίπερ
3376 1543 3410 1609 ἠ
3470 1539 3606 1614 εὐχή
3667 1563 3768 1595 σου

2125 1626 2264 1680 σῶόν
2301 1648 2367 1699 με
2416 1625 2756 1705 διαφυλάξοι.
2809 1625 3033 1682 Δέδοικα
3061 1630 3160 1701 γάρ
3209 1649 3314 1701 μου
3361 1630 3461 1696 τὴν
3504 1629 3773 1705 ἁμαρτίαν

2124 1716 2214 1769 καὶ
2263 1718 2362 1784 τήν
2410 1716 2642 1771 ἀσωτίαν
2680 1735 2694 1747 ’
2741 1714 2863 1790 ε’ίσῃ
2918 1714 2975 1770 δὲ
3022 1717 3306 1790 γινώσκων
3357 1718 3443 1773 ὅτι
3493 1739 3589 1773 σου
3645 1725 3770 1781 ταῖς

2125 1796 2307 1871 ἁγίαις
2368 1795 2557 1872 εὒχαῖς
2615 1798 2904 1872 ἐνίσχυμαι
2951 1799 3041 1852 καὶ
3101 1797 3428 1873 ένίδρυμαι’
3491 1800 3587 1854 κᾶν
3645 1800 3774 1855 λίαν

2126 1885 2585 1961 εὐκαταγώνιστός
2615 1885 2731 1958 εἷ’μι
2766 1906 2779 1919 ·
2829 1887 2920 1941 καὶ
2971 1887 3035 1942 οὐ
3091 1888 3254 1960 μόνον
3305 1889 3430 1965 ἐγὼ,
3484 1887 3630 1944 ἀλλὰ
3678 1889 3774 1944 καὶ

2129 1977 2180 2030 o't
2211 1978 2402 2038 πάντες
2433 1978 2495 2032 τὸ
2537 1976 2590 2031 ἓν
2637 1975 2794 2049 ἐσμεν
2844 1978 3282 2052 συμφρονοῦντές
3329 1999 3414 2032 σοι
3459 1979 3770 2054 σύμψυχοι,

2129 2064 2469 2141 συμπάσχειν
2519 2064 2832 2140 αἱρούμενοι
2891 2065 3056 2140 μέχρι
3110 2067 3363 2122 θανάτου.
3425 2068 3522 2120 Καὶ
3583 2065 3774 2139 μηδα-

2133 2152 2248 2215 μῶς
2300 2149 2457 2217 ἡμῶν
2508 2143 2658 2200 ἕνεκα
2708 2143 2898 2206 δεδιὼς
2947 2148 3034 2217 ᾗς.
3082 2145 3238 2221 Εὖγε,
3287 2147 3332 2200 ὦ
3385 2149 3576 2222 Πάτερ,
3626 2146 3772 2221 εὖγε.

2130 2234 2288 2308 Εὖγε,
2336 2233 2379 2288 ὦ
2429 2232 2610 2308 ἄριστε
2657 2229 2980 2307 κυϐερνῆτα,
3035 2234 3258 2304 ζηλωτά
3313 2244 3412 2305 τῆς
3469 2232 3770 2306 εὕσεϐείας,

2132 2325 2348 2398 μιμητά
2378 2328 2484 2378 τῶν
2532 2324 2720 2399 ἁγίων.
2772 2321 3220 2398 Μεγαλοπρεπῶς
3250 2322 3421 2388 ὅντως
3477 2328 3771 2400 ἠγώνισαι.

2130 2417 2398 2476 Νεανικῶς
2456 2411 2838 2487 ὕπερήθλησας
2875 2431 2887 2442 ⁸
2966 2415 3099 2486 μετὰ
3158 2415 3452 2490 μαρτύριον
3520 2413 3624 2470 οἶδ’
3684 2418 3775 2471 ὅτι

2130 2501 2219 2572 ε⁹ίη
2269 2504 2328 2556 τὸ
2375 2502 2587 2574 πνεῦμά
2634 2523 2749 2560 σου.
2801 2508 2957 2575 ’Έχει
3014 2504 3109 2574 μὲν
3159 2502 3302 2557 οὕτω
3344 2508 3535 2572 ταῦτα,
3585 2505 3631 2560 εἷ
3680 2507 3778 2559 καὶ

2134 2595 2302 2663 μήπω
2352 2595 2453 2656 τῆς
2499 2590 2789 2663 ἐπιθυμίας
2837 2612 2942 2665 μου
2991 2592 3081 2646 καὶ
3127 2594 3227 2660 τῆς
3289 2594 3461 2664 ἀξίας,
3512 2615 3634 2664 σου,
3696 2595 3776 2656 εἷς

2133 2672 2270 2732 δέον.
2306 2674 2457 2729 Ἐπεὶ
2499 2670 2555 2726 δὲ
2603 2671 2842 2733 κελεύεις
2894 2673 3177 2746 ἱστορῆσαί
3230 2695 3315 2728 σοι
3356 2677 3469 2729 κατ’
3502 2670 3650 2739 ἔπος,
3684 2676 3781 2752 ἀφ’

2131 2766 2196 2832 ἧς
2249 2762 2459 2837 ἡμέρας
2511 2763 2814 2834 ὑπέστημεν
2873 2762 3079 2832 ἐκείνην
3137 2764 3238 2831 τὴν
3308 2762 3574 2838 ὀδυνηρὰν
3652 2763 3778 2819 διά.-

2135 2853 2320 2920 ζευξιν,
2371 2853 2468 2921 τήν
2514 2871 2571 2904 τε
2621 2848 2957 2925 ὁδοιπορίαν,
3009 2851 3098 2905 καὶ
3146 2852 3210 2904 τὰ
3255 2853 3372 2906 κατ’
3419 2852 3583 2921 αὐτὴν
3637 2855 3779 2926 ἡμῖν

2135 2935 2522 3012 συμϐεϐηκότα
2553 2957 2566 2969 ⁸
2619 2938 2725 3014 οὐχ
2772 2941 2938 2993 ἱκανῶ
2973 2957 2986 2969 '

3249 1359 3335 1414 ὅτι
3364 1361 3614 1415 τοιούτου
3649 1369 3771 1416 [Ια-

3037 2940 3184 3008 πλην
3231 2942 3292 2994 τὸ
3343 2940 3624 2996 κελευσθέν
3680 2964 3781 3014 μοι

2135 3033 2354 3101 ποιήσω
2403 3031 2720 3085 ἀοκνότατα.
2757 3030 2879 3083 Κατ’
2931 3030 3101 3098 αὐτὴν
3153 3034 3436 3108 τοιγάρτοι
3483 3033 3581 3100 τήν
3637 3032 3781 3104 ἡμέ-

2137 3132 2232 3186 ραν
2263 3112 2380 3165 καθ’
2426 3113 2487 3179 ἣν
2528 3111 2724 3184 ἀπῄεις
2774 3111 2835 3164 σὺ
2890 3110 3006 3182 μέν,
3041 3108 3084 3164 ὦ
3132 3111 3329 3182 Πάτερ,
3359 3111 3456 3178 τὴν
3499 3109 3583 3165 ἒπὶ
3619 3111 3782 3166 θάνα-

2135 3221 2229 3254 τον
2274 3198 2397 3254 ὁδὸν
2443 3206 2511 3274 τῇ
2561 3200 2894 3275 προαιρέσει,
2925 3198 3013 3253 καὶ
3060 3201 3223 3270 ἡμεῖς
3276 3198 3631 3272 ἐστειλάμεθα
3676 3203 3782 3270 τὴν

3460 3290 3542 3350 οἷς
3619 3287 3785 3364 ἔτυχε

2141 3380 2326 3448 ζώοις.
2371 3379 2468 3432 Καὶ
2518 3378 2591 3439 ὡς
2641 3378 2952 3449 ἀπείραστοι
3003 3378 3118 3431 κατ’
3166 3377 3340 3451 ἀρχὰς
3381 3382 3477 3430 τοῦ
3523 3380 3784 3434 τοιούτου

2141 3457 2438 3533 δράματος,
2471 3461 2608 3531 ἦμέν
2655 3479 2770 3519 πως
2821 3458 2870 3511 ἐν
2903 3458 3130 3530 ἀθυμίᾳ.
3168 3453 3632 3532 Προσεϐἀλλομεν
3677 3463 3783 3534 γὰρ

2137 3549 2226 3602 καί
2278 3570 2388 3602 τισι
2443 3550 2676 3621 κώμαις,
2746 3547 3151 3622 θεατριζόμενοι
3219 3547 3306 3602 ἐπὶ
3364 3548 3542 3619 πάσης
3601 3546 3785 3621 ὅψεως

2139 3637 2228 3691 καὶ
2277 3637 2499 3706 ἡλικίας
2544 3637 2843 3710 ἀνθρώπων
2881 3656 2893 3668 ⁸
2948 3633 3206 3711 θορύϐοις
3256 3658 3311 3690 τε
3368 3638 3458 3691 καὶ
3517 3643 3788 3714 κραυγαῖς

2140 3728 2569 3800 περιηχήθημεν
2619 3725 2899 3804 ἀμφότερα
2941 3727 3005 3779 τά
3037 3723 3148 3778 ὦτα
3181 3745 3195 3757 ο
3231 3723 3281 3779 ἔν
3332 3747 3389 3780 τε
3421 3731 3501 3797 τῷ
3528 3727 3788 3802 ἀπαίρειν

2141 3817 2230 3869 καὶ
2287 3814 2612 3870 καταπαύειν
2660 3815 2804 3889 παρά
2859 3816 2920 3869 τὸ
2977 3814 3044 3869 τὰ
3111 3813 3393 3885 ἐπιτήδεια
3451 3816 3787 3890 συμπορίζε-

2143 3907 2257 3958 σθαι
2290 3905 2414 3966 τοὺς
2462 3903 2708 3978 ἄγοντας.
2743 3909 2833 3965 Ὡς
2883 3902 2940 3958 δὲ
2989 3901 3161 3977 ᾔομεν
3211 3907 3387 3977 [unus
3436 3901 3650 3979 ᾔειμεν]
3697 3905 3790 3960 ἐπὶ

2142 3994 2331 4066 πρόσω
2375 3993 2686 4061 ἐθισθέντες,
2717 3993 2844 4068 ῥᾷον
2898 3990 3110 4064 μᾶλλον
3162 3992 3421 4070 ἐφέρομεν
3471 3995 3535 4047 τά
3582 3991 3791 4068 δυσχε-

2144 4082 2235 4148 ρῆ.
2267 4076 2340 4129 Τὸ
2369 4071 2424 4128 δὲ
2473 4076 2634 4128 ἀνιῶν
2662 4077 2808 4147 ἡμᾶς
2853 4072 3017 4127 πλέον
3052 4075 3085 4142 ἡ
3133 4073 3373 4127 ἀσθένεια
3419 4076 3484 4142 ἦν
3531 4079 3627 4128 τοῖ’)
3679 4083 3792 4129 Πα-

2142 4167 2269 4238 τρὸς
2302 4168 2397 4218 τοῦ
2428 4167 2620 4237 κυρίου
2664 4162 2936 4220 διακόνου.
2969 4163 3070 4218 Καὶ
3124 4163 3266 4217 οὕτω
3295 4165 3393 4232 τὴν
3446 4161 3568 4218 ὁδὸν
3622 4163 3792 4239 ἀχθό-

2150 4275 2320 4326 μενοι,
2382 4252 2866 4327 περιαντλούμενοι
2925 4251 3328 4324 διεπεράναμεν.
3390 4253 3556 4308 Αὗται
3615 4252 3672 4308 δέ
3732 4256 3790 4308 αἱ

2145 4335 2448 4406 καταμοναί
2483 4354 2493 4366 ·
2530 4335 2634 4387 ἀπὸ
2679 4335 2747 4388 τὰ
2780 4333 2995 4406 Καθαρά
3044 4333 3119 4394 εἷς
3170 4328 3399 4387 Λιϐιανά
3431 4353 3443 4365 ⁸
3493 4332 3678 4388 ἔπειτα
3711 4334 3791 4395 εἷς

2149 4423 2351 4482 Λεύκας
2386 4441 2398 4454 ·
2436 4421 2532 4476 εἶθ’
2560 4422 2729 4483 οὕτως
2763 4421 2838 4482 εἰς
2869 4423 2933 4476 αὸ
2964 4422 3203 4492 Φὺραιον
3241 4441 3253 4453 ·
3287 4415 3410 4475 ἔνθα
3457 4421 3547 4475 καὶ
3581 4420 3790 4493 ὀδυνη-

2149 4513 2238 4586 ρὸν
2298 4513 2434 4582 ἡμῖν
2491 4507 2714 4581 συνέϐη,
2758 4510 2844 4564 καὶ
2904 4511 3146 4584 ἱστορίας
3204 4509 3371 4579 ἄξιον.
3433 4513 3794 4590 Ὑπεριρανέν-

2145 4626 2231 4666 τες
2261 4604 2361 4678 γάρ
2409 4625 2526 4664 πως
2578 4604 2628 4674 ἐξ
2676 4603 2992 4676 ἀπροόπτου
3043 4601 3190 4656 ἐννέα
3241 4608 3349 4657 τῶν
3394 4604 3794 4674 πρωτευόντων

2146 4691 2418 4769 ἀδελφῶν,
2487 4694 2561 4755 ὡς
2644 4689 2889 4767 πρόϐατα
2974 4689 3356 4767 διεσπαρμένα,
3427 4693 3790 4766 περιέστησαν

2145 4785 2280 4854 ἡμῖν
2334 4781 2636 4852 κλαίοντες,
2681 4782 2771 4836 καὶ
2828 4781 3244 4856 συνθρύπτοντές
3294 4783 3452 4852 ἡμῶν
3506 4785 3605 4850 την
3660 4804 3796 4858 καρ-

2147 4871 2286 4928 δίαν.
2321 4872 2416 4926 Καὶ
2459 4874 2485 4925 ὁ
2539 4873 2631 4944 μὲν
2665 4870 2808 4946 ἄγων
2856 4873 3004 4942 ἡμᾶς
3045 4869 3166 4925 οὐδὲ
3215 4869 3599 4942 προσλαλῆσαι
3652 4872 3740 4928 ε’ία
3775 4893 3789 4906 ·

2145 4954 2350 5008 ἐλεεινὰ
2381 4951 2438 5007 δὲ
2498 4952 2785 5026 βλέποντες
2842 4953 2930 5006 καὶ
2995 4951 3346 5025 βλεπόμενοι,
3374 4955 3464 5006 καὶ
3523 4951 3791 5029 ἐπιφθέγ-

2147 5064 2288 5116 ματα
2321 5041 2592 5112 ἀλλήλοις
2642 5042 2968 5111 έπειπόντες,
2999 5039 3309 5096 τελευταῖον
3361 5043 3493 5115 μετά
3540 5039 3791 5117 δακρύων

2145 5131 2603 5206 διεχωρίσθημεν.
2662 5133 2796 5188 Εἶτα
2869 5132 3228 5206 καταχθέντες
3291 5130 3341 5184 ἐν
3414 5135 3483 5204 τῇ
3573 5132 3789 5205 Παύλᾳ,

2147 5211 2371 5283 εὕρομεν
2401 5213 2499 5279 τήν
2551 5210 2924 5283 πολυτίμητόν
2956 5231 3050 5264 σου
3091 5207 3332 5284 ἀδελφὴν
3378 5209 3470 5264 σὺν
3502 5215 3582 5282 τῷ
3611 5213 3792 5285 κυρίῳ

2149 5295 2456 5372 Σάὅϐᾳ(4),
2487 5304 2738 5373 κρυπτῶς
2788 5297 3218 5372 συνοψισθέντες,
3253 5297 3343 5352 καὶ
3393 5296 3462 5352 δι’
3512 5297 3652 5369 ὅλης
3707 5324 3792 5354 νυ-

2146 5391 2271 5449 κτὸς
2306 5388 2356 5442 ἐν
2396 5393 2577 5460 ταυτῷ
2621 5389 2920 5462 μείναντες,
2953 5384 3288 5457 λαλήσαντές
3348 5408 3406 5441 τε
3455 5388 3523 5442 τὰ
3580 5388 3797 5459 εἰκότα,

1966 5577 2199 5632 NOT/E.

464 5683 542 5749 (4)
607 5683 698 5749 Τῷ
763 5678 933 5751 κυρίῳ
1000 5671 1485 5746 Σάϐϐα.88.ὺ1›ειε,
1545 5677 1906 5734 Studitarum
1977 5679 2024 5731 H

2143 5690 2367 5741 manus,
2435 5675 2494 5731 in
2561 5675 2803 5732 concilio
2847 5675 3077 5732 Nicano
3120 5675 3170 5730 II
3204 5690 3318 5731 una
3355 5689 3489 5732 cum
3549 5674 3793 5735 Platone

395 5753 763 5824 subscriptus
787 5752 1016 5823 legitur
