4090 6288
311 337 425 397 917
798 350 801 353 ’
1585 354 1920 417 EPISTOL.

2031 358 2133 420 ΗΜ
2182 359 2324 420 LlB.
2374 358 2422 418 Ι.
3590 360 3709 425 918

310 469 402 524 καὶ
434 470 804 547 ἀσπασάμενοι
846 476 1131 549 ἀλλήλους
1181 481 1255 544 ὡς
1302 481 1695 555 ἔπιθανατίους,
1744 485 1920 559 διέστη

2031 553 2035 560 ,
2062 495 2118 547 et
2146 493 2482 564 ejulatione.
2515 494 2593 549 Ac
2627 498 2763 550 tunc
2790 493 2985 551 videre
3014 497 3137 550 erat
3165 493 3441 551 convulsa
3470 499 3707 566 pectora

315 579 410 630 μεν
453 562 724 626 στένοντες
773 568 861 620 καὶ
919 570 1300 643 ποτνιώμενοι.
1354 576 1450 629 Ἦν
1506 571 1638 630 ἰδεῖν
1685 575 1794 632 ἐκεῖ
1822 599 1949 634 σπα-

312 650 623 724 ρασσόμενα
699 654 987 733 σπλάγχνα
1060 660 1149 714 καὶ
1215 659 1574 739 σφαδάζοντα,
1634 667 1949 741 θεοπρεπῶς

309 740 618 812 νικωμένης
675 749 775 811 τῆς
852 746 1083 821 φύσεως.
1134 750 1227 804 Ἐκ
1299 750 1468 808 τῶνδε
1539 755 1947 831 κατεπαύσαμεν

308 825 492 922 ἐν-Δτὸξ)
532 829 852 922 Λουπαδίῳ,
910 835 1257 914 φιλοφρόνως
1312 844 1747 915 συμπαθηθέντες
1805 825 1950 922 πάρά

309 917 405 1009 to;
465 916 906 1009 ξενοδοχοῦντος,
950 929 1293 1002 χρησάμενοί
1352 952 1410 986 τε
1456 934 1547 987 καὶ
1600 932 1815 1009 λουτρῷ
1860 916 1950 992 διὰ

305 1006 433 1097 τούς
478 1006 763 1097 μώλωπας
796 1031 810 1044 ⁸
869 1015 1116 1090 γεγόνασι
1174 1021 1278 1094 γὰρ
1336 1021 1424 1074 καί
1464 1043 1622 1077 τινων
1683 1006 1945 1097 δυσίατοι,

305 1094 415 1149 ἀπὸ
469 1103 568 1166 τῆς
634 1095 975 1175 ὁδοιπορίας.
1034 1105 1132 1160 Καὶ
1205 1111 1563 1184 κατήχθημεν
1636 1112 1712 1176 εἰς
1769 1094 1943 1175 Τίλινι

306 1184 458 1282 »Εκεῖ
482 1184 665 1282 τοίνυν
711 1186 1039 1282 καταλαβὼν
1072 1197 1219 1268 ἡμᾶς
1269 1196 1301 1252 ὅ
1327 1220 1384 1253 τε
1416 1194 1618 1263 ’Δϐϐἆς
1667 1204 1944 1282 Ζαχαρίας

307 1275 444 1365 μετά
486 1279 581 1330 τοῦ
630 1277 874 1349 Πιονίου,
919 1280 979 1336 ἐκ
1027 1285 1236 1358 θερμῆς
1292 1287 1595 1361 προθέσεως
1641 1275 1941 1365 κλαίοντες,

301 1364 393 1418 καὶ
467 1367 582 1436 μεθ’
658 1369 818 1440 ἡμῶν
892 1372 1211 1446 αἱρούμενοι
1276 1378 1618 1451 πορεύεσθαι,
1692 1382 1790 1437 κᾶν
1846 1384 1944 1439 ούκ

300 1451 574 1524 εἰάθησαν.
608 1457 742 1512 Ἀπὸ
789 1456 947 1515 τοῦδε
994 1460 1071 1524 εἰς
1124 1462 1441 1539 Ἀλκέριζαν
1474 1487 1489 1500 ·
1540 1469 1600 1524 ἐκ
1645 1470 1817 1527 τῶνδε
1864 1475 1940 1535 εἷς

300 1541 866 1632 ’ᾼναγεγραμμένους,
917 1547 1103 1605 ἐπειτά
1144 1552 1220 1614 είς
1269 1556 1600 1632 Περπερίνάν
1635 1578 1650 1592 ⁸
1695 1561 1937 1618 κάκεῖθεν

295 1630 374 1693 εἷς
404 1633 467 1687 τὸ
519 1635 720 1709 Πάριον
754 1653 770 1670 ο
821 1644 1205 1706 κοινωνοῦντες
1250 1644 1396 1719 ποιρά
1445 1652 1553 1702 τῶν
1600 1647 1934 1723 ἐπισκόπων,

292 1720 443 1791 πλὴν
494 1724 584 1778 καὶ
645 1726 782 1796 μετά
835 1730 1213 1795 ταπεινώσεως
1274 1734 1788 1811 ὑπομιμνήσκοντες
1827 1742 1933 1816 όμ-

286 1811 537 1877 νύοντας.
592 1815 724 1872 Εἶτα
783 1819 858 1880 εἰς
918 1821 1130 1894 Ὁκρὸν,
1198 1821 1396 1880 ἐκεῖθεν
1452 1828 1527 1890 εἰς
1587 1811 1884 1905 Λάμψακον
1917 1851 1931 1866 ·

289 1901 343 1956 ἐν
539 1905 789 1979 εὑρόντες
867 1907 1295 1984 Ἡρακλειώτας,
1380 1901 1933 1993 προσανεπαυσάμεθα

284 1996 606 2068 τριήμερον,
662 1995 816 2052 πλεῖν
870 1998 931 2054 ού
992 1997 1295 2075 δυνάμενοι.
1357 2006 1493 2063 Εἶτα
1549 2008 1925 2084 ἐξορμίσαντες

282 2084 724 2157 κατεπλεύσαμεν
779 2086 831 2141 ἐν
880 2093 948 2163 τῇ
998 2085 1214 2165 Ἀϐύδῳ
1248 2112 1261 2125 ·
1316 2095 1421 2151 ὑπὸ
1469 2101 1565 2152 τοῦ
1618 2097 1791 2155 ἐκεῖσε
1837 2099 1929 2176 ἅρ-

285 2192 480 2248 χοντος
548 2170 782 2238 εὐσεϐῶς
851 2178 1258 2247 κατελεηθέντες
1293 2202 1306 2217 ’
1383 2186 1473 2240 καὶ
1551 2170 1924 2262 ἐπιμείναντες

277 2259 384 2324 ἕως
438 2266 540 2317 τοῦ
594 2259 867 2321 σαϐϐάτου
926 2267 1292 2346 ὀκταήμερον,
1353 2259 1769 2351 ἀπεπλεύσαμεν
1845 2281 1924 2344 εἰς

276 2349 623 2439 ἱΕλεοῦντας.
681 2349 1102 2429 Ἑϐδοματιαῖόν
1157 2380 1217 2416 τε
1273 2362 1473 2436 χρόνον
1523 2349 1918 2439 ἐπιμείναντες,

278 2437 370 2494 διὰ
397 2441 460 2495 τὸ
501 2439 730 2515 ἄπλουν,
771 2441 947 2519 δεξιοῦ
996 2445 1200 2520 ἀνέμου
1250 2450 1594 2524 πνεύσαντος,
1627 2454 1923 2531 ἐπετάσθη-

2061 585 2120 637 et
2149 582 2495 650 fatiscentia,
2531 598 2664 639 cum
2708 583 2979 639 decenter
3020 583 3171 639 victa
3217 584 3445 640 cederet
3476 591 3702 642 natura.

2057 670 2142 726 Ex
2172 670 2278 727 hoc
2315 670 2440 727 loco
2488 670 2736 744 digressi
2780 672 3150 729 substitimus
3181 671 3242 727 in
3292 672 3569 745 Lupadio,
3607 673 3702 729 ubi

2055 765 2424 831 peramanter
2462 761 2533 818 ab
2592 761 2821 834 hospite
2867 760 3047 817 habiti
3097 762 3336 831 fuimus,
3368 761 3694 834 balneoque

2059 849 2150 904 usi
2180 855 2415 924 propter
2455 851 2710 907 vibices:
2762 850 3059 908 nonnullis
3090 851 3246 907 enim
3288 868 3436 923 pene
3464 852 3698 908 insana-

2056 937 2200 994 biles
2228 945 2533 996 evaserunt
2547 956 2617 996 ex
2647 940 2871 996 itineris
2893 940 3230 1013 agitatione.
3264 939 3334 995 Et
3357 939 3699 998 divertimus

2056 1028 2244 1085 Tilim.
2280 1030 2402 1087 Illic
2431 1048 2563 1101 ergo
2584 1036 2888 1088 assecutus
2911 1049 3015 1089 nos
3038 1034 3216 1090 abbas
3236 1036 3546 1093 Zacharias
3562 1053 3695 1095 cum

2056 1119 2273 1190 Pionio,
2309 1138 2420 1193 prae
2460 1121 2638 1178 animi
2669 1123 2875 1178 ardore
2913 1123 3221 1181 nobiscum
3270 1127 3466 1182 venire
3494 1128 3697 1200 cupie—

2055 1211 2231 1267 bant:
2265 1212 2363 1267 sed
2406 1212 2755 1283 permissum
2787 1212 2846 1267 id
2888 1212 2970 1268 eis
3002 1229 3116 1269 non
3149 1213 3278 1270 fuit.
3312 1214 3454 1273 Inde
3480 1217 3696 1275 Alceri-

2051 1315 2199 1368 sam,
2240 1305 2362 1357 tum
2419 1302 2492 1357 ad
2538 1301 3136 1374 Anagegrammenos,
3186 1303 3395 1361 deinde
3438 1305 3695 1378 Pet-peri-

2051 1408 2209 1462 nam,
2242 1397 2416 1464 atque
2434 1391 2596 1448 illinc
2615 1391 2872 1461 Parium,
2897 1408 3026 1448 cum
3052 1392 3336 1466 episcopis
3363 1399 3690 1453 communi-

2049 1486 2273 1550 cantes,
2314 1488 2371 1538 et
2415 1483 2486 1538 de
2535 1482 2921 1554 jurejurando
2983 1483 3244 1539 modeste
3288 1485 3687 1543 admonentes.

2046 1572 2185 1627 Post
2230 1571 2360 1628 Haec
2403 1572 2679 1637 Horcum,
2731 1570 2866 1626 inde
2913 1571 3317 1646 Lampsacum,
3367 1574 3465 1629 ubi
3511 1575 3688 1632 Hera-

2046 1660 2256 1716 cleotas
2286 1661 2465 1729 nacti,
2502 1660 2693 1717 triduo
2726 1660 3002 1717 haesimus
3047 1661 3319 1733 navigare
3349 1679 3465 1718 non
3493 1664 3685 1720 valen-

2046 1754 2151 1807 tes.
2187 1751 2401 1806 Deinde
2431 1749 2722 1807 solventes
2762 1749 3098 1822 appulimus
3140 1751 3430 1821 Abydum,
3473 1769 3506 1807 a
3536 1770 3683 1824 prae-

1965 1870 2011 1935 Β
2044 1839 2169 1935 side
2187 1839 2519 1935 humaniter
2534 1839 2772 1935 excepti.
2796 1838 3059 1935 Cumque
3080 1839 3161 1895 ibi
3185 1855 3368 1935 usque
3391 1841 3461 1935 ad
3475 1841 3685 1935 sabba-

2040 1933 2167 1985 tum
2199 1934 2327 1986 octo
2350 1929 2578 1986 dierum
2602 1931 2783 2000 spatio
2815 1930 3259 1997 mansissemus,
3283 1930 3410 1987 vela
3434 1931 3683 1988 fecimus

2036 2019 2109 2073 ad
2142 2018 2436 2085 Eleuntes,
2493 2018 2593 2073 ubi
2641 2017 3064 2073 hcddomadem
3113 2019 3482 2085 commorati,
3523 2022 3679 2092 quod

2034 2108 2293 2180 navigari
2325 2125 2439 2164 non
2474 2116 2687 2179 posset,
2719 2109 2973 2164 secundo
3005 2112 3175 2165 vento
3207 2108 3386 2165 ﬂante
3415 2108 3683 2181 perveni-

2034 2212 2169 2253 mus
2217 2197 2278 2253 in
2334 2198 2622 2253 Lemnum
2686 2212 2890 2253 novem
2950 2197 3221 2253 horarum
3270 2196 3676 2256 veliﬁcatione.

2033 2286 2362 2343 Orationem
2400 2286 2493 2342 hic
2528 2290 2793 2343 moratur
2841 2287 3022 2360 pietas
3053 2286 3306 2359 episcopi
3337 2287 3440 2358 qui
3479 2303 3592 2356 me,
3625 2289 3675 2344 si

2032 2375 2164 2446 quis
2196 2376 2372 2446 alius,
2404 2377 2653 2448 benigne
2673 2375 2953 2449 suscepit,
2985 2376 3324 2432 consolatus
3351 2381 3459 2439 est.
3483 2381 3542 2433 et
3562 2378 3677 2436 via-

2032 2464 2141 2521 tico
2181 2465 2471 2522 instruxit.

281 2550 378 2602 μεν
409 2529 462 2636 ἐν
497 2536 576 2637 τῇ
594 2534 806 2637 ρήμνιμ
831 2533 896 2637 ᾗ
911 2532 1206 2637 ἐνναωρίῳ.
1240 2542 1453 2611 Ἵστησί
1502 2565 1610 2617 μου
1641 2547 1732 2601 τὸν
1767 2547 1929 2624 λόγον
1975 2550 2200 2607 ἐνταῦθα
2229 2556 2263 2624 ἡ
2293 2558 2392 2609 τοῦ
2436 2549 2733 2610 ἐπισκόπου
2760 2558 2868 2610 τῶν
2898 2551 3032 2628 τῇδε
3071 2549 3330 2612 εὐσέϐεια.
3361 2556 3462 2619 ⁸ος
3489 2557 3589 2611 οὐκ
3629 2556 3681 2611 εἷ’

274 2639 365 2717 τις
391 2620 491 2695 γὰρ
520 2619 689 2683 ἄλλος
703 2622 809 2717 Ακαὶ
838 2620 1183 2697 ἐδεξιώσατο,
1214 2628 1302 2683 καὶ
1329 2634 1705 2709 παρηγόρησε,
1736 2637 1825 2691 καὶ
1846 2619 2178 2717 τέιρωδίασεν.
2253 2619 2263 2624 ἰ
2944 2619 2965 2628 Γ
3720 2630 3721 2633 Ἴ

352 2709 443 2765 Ἐκ
469 2712 575 2763 τῶν
622 2708 756 2784 τῇδε
800 2712 976 2769 τοίνυν
1025 2717 1458 2783 ἀποπλεύσαντες
1508 2708 1559 2778 ἐν
1612 2720 1785 2799 φόϐῳ,
1829 2708 1917 2782 διά

272 2800 360 2893 τὸ-
391 2799 786 2893 παρακείμενον
821 2798 1009 2893 Αέθνος,
1070 2804 1509 2884 ἀντεπεράσαμεν
1573 2798 1916 2893 βορροφόρου

272 2888 364 2941 καὶ
412 2885 767 2961 ῥοιζήδοντος
815 2889 868 2946 ἐν
928 2890 1293 2971 δωδεκαωρίῳ
1345 2901 1536 2956 ἑκατὸν
1574 2885 1917 2975 πεντήκοντα

2097 2734 2235 2791 Inde
2289 2751 2424 2808 ergo
2477 2733 2666 2791 soluta
2722 2734 2874 2795 navi,
2934 2751 3050 2790 non
3108 2734 3234 2791 sine
3288 2742 3463 2806 metu,
3523 2752 3665 2807 pro-

2027 2831 2148 2894 pter
2199 2824 2508 2881 ﬁnitimam
2557 2828 2810 2897 gentem,
2868 2824 2927 2879 in
2985 2824 3287 2881 adversam
3335 2841 3518 2895 oram,
3565 2843 3663 2883 va-

2025 2912 2143 2970 lido
2175 2913 2432 2986 spirante
2469 2914 2664 2984 borea,
2697 2914 3154 2985 transmisimus,
3199 2918 3437 2970 centum
3487 2915 3663 2987 quin-

274 2976 476 3076 μιλίων
508 2974 566 3032 ὃν
616 2979 679 3033 τὸ
727 2978 992 3057 πέλαγος,
1037 2983 1361 3058 ὁρμίσαντες
1410 2991 1461 3043 ἐν
1509 2996 1588 3064 τῷ
1627 2992 1917 3070 Κανάστρῳ

2031 2974 2303 3075 quaginta
2334 3003 2584 3059 millium
2602 2974 2838 3076 pelagus
2869 2974 3174 3060 duodecim
3210 3003 3367 3060 horis
3396 2974 3661 3061 emensi:

268 3064 323 3164 ἐν
353 3071 474 3131 τοῖς
528 3055 925 3140 Θεσσαλονίκης
970 3055 1145 3148 ὁρίοις
1181 3094 1194 3108 ·
1232 3071 1416 3133 ἔπειτα
1473 3055 1571 3143 εἷ’ς.
1612 3055 1912 3158 Παλλήνην

2031 3055 2481 3164 ἔδιζέίῖῴῇξᾷόέ
2495 3055 2845 3149 Exigit-71H;
2876 3055 3187 3148 {Harii—15$
3212 3055 3658 3163 iugatas;

262 3153 334 3209 τὰ
381 3154 645 3230 πρόσγεια
688 3163 785 3213 τοῦ
814 3158 1027 3216 κόλπου
1060 3179 1074 3193 ⁸
1126 3165 1239 3220 εἶτα
1290 3166 1367 3230 εἰς
1415 3168 1477 3223 τὸ
1524 3153 1913 3243 ἔμϐολονξἙκ

263 3242 570 3338 τῶν-ἔνθεν
623 3248 785 3317 ζώοις
827 3249 1003 3338 *πάλιν
1052 3250 1438 3326 ἐπιϐεϐηκότες
1489 3242 1755 3336 Σαϐϐάτῳ
1783 3265 1912 3338 ἡμὲ-

264 3335 585 3427 ρᾳ-ὲορτῆς
622 3341 719 3392 τοῦ
776 3335 1195 3418 Εὕαγγελισμοῦ
1252 3348 1350 3421 (5),
1408 3348 1525 3424 ὥρᾳ
1594 3335 1750 3427 τρίτη
1806 3335 1911 3409 εἰσ-

266 3425 527 3498 ήχθημεν
555 3425 607 3479 ἐν
753 3428 934 3489 πόλει.
970 3432 1070 3487 Καὶ
1121 3431 1214 3490 θ’ία
1262 3438 1297 3506 ἡ
1340 3436 1586 3503 ε’ίσοδοςι
1638 3425 1778 3499 Οὐδὲ
1806 3444 1908 3518 γὰρ

261 3518 428 3568 τοῦτο
505 3513 796 3589 παρελθεῖν
882 3520 1186 3595 ἀναγκαῖον.
1265 3532 1646 3607 Προπεμφθεὶς
1726 3513 1906 3588 τοίνυν

262 3603 414 3677 παρᾶ
459 3607 556 3658 τοῦ
607 3605 860 3683 ὑπάρχου
908 3614 1016 3665 τῶν
1060 3610 1290 3689 ἐξόχων,
1341 3619 1418 3680 εἷς
1471 3603 1607 3691 μέτά
1654 3624 1909 3696 στρατιώ·

264 3699 400 3766 τῶν,
458 3698 790 3772 προσέμενεν
832 3699 883 3755 ἐν
935 3708 1004 3777 τῇ
1053 3704 1351 3783 ἀνατολικῇ
1412 3711 1612 3786 πόρτῃ,
1661 3716 1750 3769 καὶ
1794 3715 1907 3770 ἐπι-

264 3789 449 3839 στᾶσιν
507 3785 815 3859 ὑπήντησαν
877 3790 1053 3866 ὅρθιοι
1113 3793 1202 3850 διά
1260 3805 1442 3873 σιγῆς.
1492 3785 1594 3857 Καὶ
1658 3806 1795 3874 μετά
1847 3806 1910 3860 τὸ

263 3873 525 3931 εἰσελθεῖν
574 3876 879 3970 κλείσαντες
926 3882 1023 3947 τὰς
1060 3885 1261 3955 πύλας,
1308 3891 1447 3964 ἦγον
1491 3888 1581 3947 διὰ
1622 3873 1722 3968 τῇς
1783 3895 1909 3970 ἀγο-

265 3970 385 4039 ρᾶς,
435 3969 920 4041 προπομπεύοντες
951 3970 1039 4028 ἐπὶ
1087 3982 1190 4044 τῆς
1242 3973 1419 4050 ὅψεως
1467 3985 1575 4036 τῶν
1627 3984 1702 4046 εἰς
1745 3969 1906 4043 τούτο

264 4052 792 4150 συνδεδραμηκότων
830 4081 843 4094 ·
893 4063 983 4117 καί
1015 4063 1392 4141 ἀπαγαγόντες
1441 4070 1725 4148 εἰσήγαγον
1770 4096 1910 4150 προς

260 4144 355 4197 τὸν
386 4143 648 4238 ἄρχοντα.
684 4149 783 4203 Καὶ
825 4147 948 4226 εὖγε
976 4155 1055 4223 τῷ
1094 4151 1249 4230 ἀνδρί
1282 4172 1295 4185 ⁸
1339 4143 1699 4236 εὐμενέςγάρ
1738 4143 1905 4238 πρόσ-

262 4254 412 4288 ωπον
472 4232 666 4307 δείξας,
747 4240 879 4310 μετὰ
940 4242 1003 4296 τὸ
1075 4250 1258 4300 πεσεῖν
1334 4250 1552 4326 χρηστά
1620 4250 1907 4328 ἐφθέγξατο

259 4325 420 4396 ἡμῖν.
456 4325 782 4401 Παρέπεμψὲ
826 4349 883 4383 τε
935 4332 1068 4404 πρὸς
1114 4331 1209 4387 τόν
1258 4336 1713 4414 ἀρχιεπίσκοπον,
1748 4325 1909 4418 πρῶ-

2023 3180 2231 3237 deinde
2260 3179 2559 3238 Pallenam
2580 3181 2732 3237 sinui
2756 3180 3084 3253 contiguam
3110 3197 3125 3237 :
3149 3184 3273 3237 tum
3302 3181 3375 3237 ad
3407 3189 3657 3254 portum,

2021 3286 2089 3326 ex
2121 3287 2236 3343 quo
2262 3270 2322 3326 in
2354 3270 2708 3328 animalibus
2752 3271 2965 3326 iterum
2997 3271 3287 3339 sedentes,
3321 3271 3525 3327 urbem
3564 3272 3657 3328 in-

2019 3362 2202 3432 gressi
2247 3377 2456 3417 sumus
2496 3360 2770 3429 Sabhato,
2823 3359 2917 3416 die
2963 3359 3111 3416 festo
3158 3360 3656 3427 Annuntiationis,

2020 3448 2162 3505 hora
2186 3452 2375 3507 tertia.
2407 3449 2602 3513 Qualis
2629 3466 2758 3505 vero
2790 3448 3122 3521 ingressus!
3156 3465 3344 3522 neque
3371 3449 3483 3505 hoc
3514 3466 3655 3521 pra:-

2004 3540 2192 3596 ‘terire
2223 3540 2310 3596 fas
2339 3544 2447 3597 est.
2496 3541 2834 3596 Praemissus
2863 3556 2897 3595 a
2940 3539 3208 3612 praefecto
3244 3555 3398 3596 unus
3437 3555 3503 3596 ex
3533 3539 3655 3613 pri-

2021 3629 2280 3686 moribus
2319 3647 2451 3687 cum
2487 3630 2740 3686 militum
2780 3646 2979 3699 manu,
3030 3630 3104 3686 ad
3135 3628 3484 3685 Orientalem
3516 3646 3658 3701 por-

2019 3723 2140 3775 tam
2159 3718 2545 3791 exspectabat.
2559 3720 2626 3775 Et
2643 3719 3241 3792 appropinquantibus
3255 3718 3442 3789 nobis,
3459 3734 3660 3776 occur-

2020 3813 2224 3865 rerunt
2280 3813 2431 3865 recta
2486 3810 2626 3878 acie,
2658 3808 2928 3865 silentio:
2995 3811 3052 3863 et
3104 3806 3315 3864 clausis
3381 3815 3508 3880 post
3563 3808 3656 3864 in-

2017 3913 2285 3971 gressum
2326 3902 2588 3955 nostrum
2634 3899 2837 3970 portis,
2881 3914 2981 3970 per
3009 3898 3196 3954 forum
3229 3915 3337 3955 nos
3368 3900 3657 3955 duxerunt

2019 3986 2229 4043 celebri
2253 4005 2485 4060 pompa,
2515 3989 2574 4043 in
2596 3987 2783 4044 oculis
2804 4003 3005 4043 eorum
3029 3988 3129 4060 qui
3152 3988 3223 4042 ad
3254 3986 3653 4059 spectaculum

2017 4082 2414 4145 accurrerant,
2441 4078 2953 4150 perduxeruntque
2983 4079 3053 4133 ad
3086 4078 3414 4149 praesidem.
3444 4077 3488 4133 0
3515 4094 3658 4149 pra:-

2017 4165 2240 4223 clarum
2271 4165 2457 4221 virum
2483 4165 2495 4219 l
2530 4165 2825 4238 placidum
2857 4165 3013 4221 enim
3047 4164 3217 4222 nobis
3235 4166 3465 4221 vultum
3494 4166 3658 4222 exhi-

2016 4255 2184 4325 bens,
2216 4271 2345 4310 cum
2380 4260 2708 4327 prostratus
2732 4253 3066 4324 salutasset,
3098 4255 3223 4311 miti
3257 4272 3360 4311 nos
3390 4272 3656 4312 sermone

2017 4343 2230 4399 affatus
2276 4348 2384 4410 est,
2418 4344 2698 4416 misitque
2745 4346 2812 4400 ad
2855 4344 3357 4417 archiepiscopum
3389 4344 3656 4417 precibus

258 4434 353 4505 τον
411 4416 877 4505 προσευξαμένους
907 4420 960 4473 ἒν
1011 4424 1079 4494 τῇ
1142 4423 1273 4499 ἁγία
1332 4427 1528 4503 Σοφίᾳ.
1563 4430 1660 4485 Καὶ
1720 4416 1909 4505 ἐνήτῷ

2031 4437 2148 4488 inte
2177 4432 2323 4488 fusis
2361 4433 2423 4489 in
2454 4439 2666 4490 sanctae
2717 4433 2967 4505 Sophia.
3017 4433 3124 4489 Ubi
3154 4416 3286 4505 ergo
3319 4416 3655 4492 inforatorio

258 4500 532 4595 εὐκτηρίῳ
558 4507 638 4574 τῷ
681 4506 810 4578 παρ’
857 4507 1024 4562 αύτοῦ
1073 4514 1311 4581 ποιήσας
1359 4500 1551 4590 εὐχὴν,
1592 4521 1619 4572 ὁ
1666 4500 1903 4595 ἁγιώταἐ

256 4611 351 4682 τος
377 4587 607 4682 Δέδὲξατο
653 4592 743 4646 καὶ
790 4599 1176 4665 κατησπάσατο
1210 4603 1378 4675 ἡμᾶς,
1439 4587 1724 4678 όμιλήσαςΙ
1768 4612 1904 4682 ἡμῖν

253 4678 321 4732 τά
372 4675 582 4747 δέοντα,
635 4682 723 4735 καὶ
772 4685 900 4758 παρ’
946 4684 1079 4740 αὐτὰ
1128 4692 1426 4762 κρατήσας,
1460 4694 1548 4748 καὶ
1599 4675 1904 4763 ἀναπαύσας

257 4764 349 4821 διά
378 4788 437 4821 τε
481 4766 720 4844 λουτροῦ
768 4772 859 4824 καὶ
909 4774 1237 4848 βρωμάτων.
1268 4784 1344 4854 Τῇ
1398 4779 1617 4856 δευτέρᾳ
1665 4790 1900 4860 πρωϊθεν

251 4859 389 4930 ἧραν
428 4859 619 4947 ᾲὴμᾶς,
671 4860 762 4914 καὶ
821 4858 891 4915 δι’
949 4864 1216 4937 αἲτήσεως
1276 4873 1604 4942 ποιήσαντες
1657 4858 1901 4947 εύξασθαι

251 4966 335 5034 εὶς
387 4945 482 5001 τὸν
537 4946 687 5023 ἅγιον
749 4953 1097 5026 Δημήτριον,
1156 4953 1491 5034 διεχώρισαν
1550 4963 1753 5029 πάντας
1810 4966 1901 5021 ἀπ’

248 5033 545 5105 ἀλλήλων,
578 5042 1062 5111 προπεποιηκότας
1112 5033 1303 5121 εύχήν,
1340 5033 1448 5105 καὶ
1498 5052 1907 5127 ἀσπασαμένους

246 5123 558 5221 ἀλλήλους.
611 5129 762 5221 Τ-οὺς-
784 5126 879 5184 δύο
927 5128 986 5221 δε
1032 5135 1179 5206 ἡμᾶς
1225 5135 1496 5217 ἀδελφοὺς
1541 5123 1902 5221 ἀναγαγόντες

245 5207 335 5269 ἐπὶ
384 5215 476 5269 τὸν
522 5213 576 5270 ἐν
624 5215 670 5286 ᾧ
720 5216 834 5290 εἰμι
877 5219 994 5273 νυνί
1041 5223 1231 5293 τόπον,
1284 5207 1565 5304 διὲξευξαν
1625 5207 1902 5309 δακρυρῶς

241 5304 720 5379 καταφιλήσαντας
769 5305 1081 5383 ἀλλήλους,
1130 5315 1205 5376 ὡς
1265 5318 1352 5373 καί
1401 5340 1554 5383 τινας
1610 5304 1737 5378 τῶν.
1775 5304 1903 5379 θεω-

2015 4537 2122 4577 suo
2154 4527 2426 4593 precatus
2450 4528 2536 4578 est
2564 4523 2994 4590 sanctissimus,
3027 4522 3248 4594 excepit
3286 4539 3413 4591 nos,
3447 4527 3502 4578 et
3532 4524 3657 4595 opi-

2015 4627 2152 4683 pare
2191 4611 2475 4680 tractavit,
2522 4611 2931 4668 consentaneis
2963 4611 3150 4668 verbis
3179 4610 3497 4684 alloquens,
3528 4618 3653 4669 tum

2011 4700 2217 4757 balneo
2266 4701 2528 4773 cibisque
2571 4701 2837 4757 reﬁciens
2884 4718 2951 4757 ac
2991 4702 3322 4757 restituens.
3373 4701 3655 4759 Postridie

2013 4805 2183 4847 mane
2205 4790 2442 4848 abducti
2463 4808 2692 4861 sumus,
2713 4795 2771 4847 et
2787 4807 2885 4862 per
2906 4792 3155 4863 speciem
3178 4793 3349 4862 quasi
3372 4793 3442 4847 ad
3467 4793 3655 4849 sancti

2013 4882 2286 4939 Demetrii
2316 4897 2555 4953 precum
2604 4899 2783 4939 causa
2826 4882 3188 4951 duceremur,
3240 4887 3655 4955 separaverunt

2014 4989 2121 5028 nos
2151 4988 2376 5041 omnes,
2426 4976 2659 5029 orantes
2700 4975 2904 5027 mutuo
2953 4976 3010 5027 et
3048 4971 3174 5027 vale
3226 4971 3505 5029 dicentes.
3537 4972 3653 5029 Nos

2014 5076 2149 5117 vero
2178 5061 2385 5117 fratres
2416 5061 2584 5131 duos,
2617 5077 2751 5117 cum
2801 5060 2861 5116 in
2893 5060 3046 5115 hunc
3083 5060 3141 5115 in
3175 5077 3289 5132 quo
3322 5077 3477 5116 nunc
3507 5062 3652 5134 dcgo

2015 5148 2205 5204 locum
2238 5150 2666 5229 perduxissent,
2698 5151 3104 5222 sejunxerunt,
3144 5150 3414 5206 ﬂebiliter
3437 5150 3654 5224 ample-

2016 5243 2241 5295 ctentes
2288 5244 2511 5308 mutuo,
2547 5241 2687 5296 adeo
2727 5247 2789 5296 ut
2817 5240 3206 5313 Spectantium
3238 5239 3504 5296 nonnulli
3537 5241 3651 5297 mi—

2014 5329 2328 5387 sericordia
2344 5336 2863 5389 commoverentur.
2880 5331 2973 5389 Sic
2994 5347 3056 5387 se
3078 5329 3221 5386 habe
3232 5338 3393 5386 utres
3417 5334 3649 5398 nostrae;

1839 5472 2066 5535 NOTAE.

316 5593 400 5664 (5)
425 5589 671 5680 flete;
704 5593 899 5680 ξρρτῇς
952 5601 1054 5680 τρῠ
1104 5602 1543 5680 εραχχελισμοδ.
1618 5615 1749 5671 Dies
1820 5616 1902 5673 fe-

246 5670 384 5723 stus
411 5664 914 5736 Annuntiationis;
946 5671 1067 5729 sive
1107 5676 1180 5730 25
1208 5664 1428 5746 Mitt-ui;
1455 5664 1771 5742 Sabbat—ui‘n
1798 5664 1906 5744 τίἷίι

2013 5635 2109 5676 an.
2140 5621 2268 5688 797,
2319 5622 2561 5692 proinde
2607 5636 2760 5678 anno
2790 5620 2887 5692 illo
2917 5621 3053 5677 data
3100 5616 3491 5692 videtur-“hec
3519 5618 3649 5690 epi-

2012 5691 2196 5762 stola;
2228 5689 2363 5749 licet
2392 5693 2675 5750 Baronius
2719 5691 2929 5749 referat
2956 5693 3029 5748 ad
3060 5704 3279 5748 annum
3306 5689 3432 5746 796.
