4090 6288
429 339 545 400 919

1670 337 1733 397 S.
1781 335 2179 396 THEODORI
2225 337 2587 402 ΞΤΠΒΙΤᾹΞ

3717 341 3836 400 920

378 450 381 453 Ι
427 472 614 535 Pater,
647 476 702 527 et
729 488 835 544 ego
861 473 955 529 hic
986 473 1161 528 vitam
1198 489 1351 527 nunc
1384 487 1490 543 ago
1530 471 1855 526 luctuosam
1889 472 1948 523 et
1976 467 2070 523 la-

2199 470 2366 537 uévwv
2426 476 2766 548 ταραχθῆναι
2824 478 2892 549 τῇ
2952 477 3276 550 συμπαθείᾳ.
3334 474 3516 536 Οὕτως
3587 474 3658 528 τὰ
3715 473 3838 527 καθ’

431 561 827 616 menlabilem.
862 562 1151 618 Caeterum
1183 560 1439 633 eulogias
1473 563 1683 616 sancta:
1709 574 1921 614 manus
1942 560 2078 625 tuae,

428 649 589 706 velut
609 654 823 705 sancte
844 650 1140 706 Trinitatis
1165 649 1276 704 vim
1307 648 1658 714 obtinentes,
1691 646 2076 717 suscepimus,

431 752 644 809 easque
669 739 905 795 amuleti
928 740 1054 796 loco
1077 739 1381 804 habemus,
1407 743 1463 793 et
1484 736 1669 792 oculis
1693 736 1907 793 nostris
1929 735 2081 792 velut

432 827 724 883 dexteram
758 834 915 884 tuam
962 829 1365 885 exosculantes
1397 828 1793 884 admovemus.
1827 828 2081 883 Rursum

433 915 724 988 lacrymae,
758 934 991 974 rursum
1024 918 1244 974 viscera
1275 917 1715 974 convolvuntur.
1747 917 2078 973 Orationem

434 1006 586 1063 enim
620 1008 886 1064 claudere
934 1014 1021 1063 est
1050 1009 1305 1064 animus.
1358 1008 1402 1064 Ο
1437 1008 1624 1075 Pater,
1657 1023 1760 1064 cur
1790 1023 1883 1063 me
1914 1008 2079 1062 dese-

434 1097 596 1151 ruisti
624 1098 652 1151 ‘2
684 1102 755 1152 At
801 1114 917 1154 non
960 1097 1290 1154 deseruisti.
1343 1098 1638 1161 Quomodo
1674 1114 1707 1152 a
1761 1112 1852 1151 me
1885 1095 2079 1166 procul

432 1185 767 1242 abscessisti
795 1187 823 1240 ‘I
850 1190 923 1243 At
954 1187 1012 1242 in
1046 1204 1137 1243 me
1181 1186 1434 1243 habitas.
1488 1186 1729 1242 Ubinam
1781 1190 1838 1241 te
1868 1186 2079 1241 iterum

432 1275 663 1330 visurus
700 1292 829 1331 sum
851 1276 878 1329 ἱ)
923 1277 1212 1347 quomodo
1242 1280 1301 1330 te
1334 1292 1573 1330 cernam
1605 1274 1632 1329 ‘2
1665 1275 1763 1331 ubi
1794 1274 2079 1331 suavissi-

433 1380 590 1418 mam
614 1368 669 1419 et
685 1365 997 1420 salutarem
1020 1369 1179 1421 tuam
1196 1380 1389 1421 vocem
1414 1363 1762 1419 exaudiam?
1777 1363 2078 1434 ecquando

430 1468 646 1507 mensae
680 1458 790 1508 tuas
820 1454 1152 1510 accumbam
1176 1454 1203 1508 ?
1232 1453 1330 1509 ubi
1361 1470 1679 1523 congressu
1730 1456 1829 1508 tuo
1874 1452 2080 1507 fruar?

432 1546 532 1597 aut
562 1542 661 1596 ubi
693 1543 929 1597 tandem
952 1547 1008 1597 te
1033 1541 1305 1598 audiente
1325 1540 1515 1613 legam
1537 1541 1566 1596 ‘I
1587 1544 1687 1596 aut
1717 1545 1773 1596 te
1798 1546 2081 1612 praesente

432 1646 640 1685 canam
660 1630 688 1685 Ὺ
717 1634 820 1686 aut
848 1629 1219 1703 castigahor?
1256 1635 1359 1686 aut
1389 1629 1825 1702 reprehendar?
1854 1634 1959 1685 aut
1986 1629 2080 1685 ad-

2186 559 2219 626 ἡ
2276 562 2301 572 σε
2363 556 2405 588 ν,
2562 561 2589 581 τ
2712 562 2758 596 ι,
2908 572 2921 587 ν
2967 563 2983 585 \
3066 569 3093 579 -
3345 563 3360 583 ν
3418 565 3431 582 ι
3580 584 3609 597 ,
3783 562 3795 575 ⁵

2230 579 2332 631 μας
2361 579 2500 634 εχει,
2550 584 2595 615 ω
2647 570 2840 637 Πα.ερ.
2885 572 2985 619 Im
3034 585 3125 619 vov
3176 567 3291 638 εἶμι
3340 585 3450 639 εγω
3498 565 3527 618 6
3590 582 3833 623 .απεινος

2186 647 2411 703 ἐνταῦθα
2471 651 2592 723 βίον
2646 649 2823 707 ἕλκων
2899 651 3163 729 ὀδυνηρὸν
3220 654 3311 709 καὶ
3373 650 3836 708 πολυστένακτον.

2183 738 2287 799 Ti:
2326 736 2382 793 δὲ
2413 739 2471 793 ἐκ
2515 748 2616 811 τῆς
2650 742 2805 818 ἁγίας
2835 765 2933 798 κου
2983 744 3172 819 χειρὸς
3221 743 3475 818 εὐλογίας
3517 741 3836 815 ἐδεξάμετα,

2187 825 2262 889 ὡς
2291 823 2520 899 δύναμιν
2555 828 2790 903 ἐχούσας
2823 833 2901 904 (6)
2933 838 3034 901 τῆς
3085 831 3243 905 ἁγίας
3273 827 3499 903 Τριάδος
3533 850 3547 863 ’
3580 830 3673 884 καὶ
3703 824 3837 903 ἔχοο

2190 935 2283 986 μεν
2340 916 2500 980 αὐτὰς
2558 919 2633 979 ὡς
2682 916 3083 995 φυλακτήριον,
3134 920 3224 974 καὶ
3272 918 3614 993 περιτίθεμεν
3667 916 3838 978 αὐτας

2185 1001 2237 1057 ἐν
2272 1004 2578 1082 ὀφθαλμοῖς
2630 1010 2813 1080 ἡμῶν,
2849 1011 2921 1070 ὡς
2970 1010 3067 1077 τήν
3100 1006 3275 1078 δεξιάν
3326 1030 3420 1063 σου
3464 1004 3841 1084 καταφιλοῦν-

2183 1112 2287 1153 τες.
2327 1093 2499 1147 Πάλιν
2553 1092 2783 1169 δάκρυα,
2814 1096 2980 1152 πάλιν
3031 1096 3344 1175 στρέφονταί
3399 1118 3502 1169 μου
3548 1096 3615 1151 τα
3664 1095 3843 1156 ἐντός.

2189 1190 2535 1240 Καταπαῦσαι
2583 1188 2688 1263 γὰρ
2741 1186 2885 1242 θέλω
2937 1188 3031 1243 τὸν
3092 1186 3279 1265 λόγον.
3330 1194 3394 1243 Ὠ
3426 1190 3623 1264 Πάτερ,
3675 1188 3728 1242 τί
3781 1207 3846 1258 με

2185 1270 2577 1347 ἐγκατέλιπες
2642 1276 2801 1333 Ἀλλ’
2859 1276 2958 1331 οὐκ
3015 1277 3391 1353 ἐγκατέλιπες.
3435 1282 3557 1338 Πῶς
3615 1274 3675 1331 δέ
3738 1296 3847 1347 μου

2186 1362 2566 1437 ἂπεμπὶκρυνας
2594 1384 2607 1435 ;
2639 1364 2793 1420 Ἀλλ’
2833 1364 2885 1419 ἐν
2920 1365 3045 1437 ἐμοὶ
3087 1366 3157 1425 εἴ.
3191 1370 3304 1421 Ποῦ
3343 1362 3401 1420 δέ
3432 1387 3490 1420 σε
3528 1361 3607 1421 ἔτι
3645 1363 3846 1439 μέλλω

2187 1451 2353 1524 ὂρᾷν;
2385 1456 2501 1515 πῶς
2542 1474 2600 1507 σε
2631 1453 2840 1528 ὄψομαι
2872 1474 2887 1525 ;
2929 1459 3034 1510 ποῦ
3075 1477 3171 1510 σου
3210 1456 3428 1510 ἀκούσω
3466 1458 3567 1520 τῆς
3606 1451 3849 1524 ἡδίστης

2186 1541 2273 1594 καὶ
2318 1542 2591 1616 σωτηρίου
2643 1551 2867 1619 φωνῆς
2916 1543 3111 1599 Ὀπότε
3159 1566 3255 1599 σου
3305 1545 3553 1619 γένωμαι
3601 1543 3851 1617 ὁμοτρά-

2189 1635 2388 1699 πεζος;
2426 1636 2538 1686 Ποῦ
2586 1653 2682 1686 σου
2724 1634 3010 1695 συνουσίας
3057 1633 3395 1702 incolumem;
3426 1634 3461 1703 ἢ
3514 1632 3743 1688 πώποτε
3791 1631 3845 1687 ἐν

435 1719 750 1774 monebor‘?
780 1718 1140 1790 amplectens
1170 1720 1404 1775 assidue
1442 1720 1498 1774 id
1532 1720 1685 1790 quod
1721 1718 1825 1773 tibi
1859 1718 2082 1789 placue-

2199 1718 2290 1773 ὠσί
2322 1740 2417 1774 σου
2456 1720 2881 1797 ἁνάγνώσομαις
2925 1721 2960 1791 ἢ
2991 1724 3098 1796 πρὸ
3138 1723 3436 1798 προσώπου
3473 1743 3569 1777 σου
3612 1720 3731 1793 ᾅσω
3762 1741 3777 1791 ;
3812 1720 3849 1789 ἢ

436 1807 530 1872 rit,
552 1807 906 1875 convictum,
928 1824 1146 1878 escam,
1170 1812 1395 1880 potum,
1421 1807 1809 1879 colloquium,
1836 1812 2079 1876 statum,

433 1911 686 1964 sessum,
741 1897 1086 1953 recubitum.
1138 1897 1286 1961 Quid
1316 1902 1401 1953 est
1450 1897 1604 1969 quod
1650 1896 1796 1952 mihi
1827 1896 2086 1952 accidit?

435 1986 637 2041 Testes
667 1985 899 2057 appello
946 1985 1243 2052 mortales,
1276 1986 1505 2058 appello
1536 1991 1592 2041 et
1622 1984 1884 2042 caelestes
1917 1990 2084 2057 pote-

436 2081 618 2133 states
650 2082 924 2149 patronas
955 2079 1120 2148 mihi,
1154 2080 1308 2152 quod
1357 2083 1415 2134 te
1461 2078 1550 2134 lex
1580 2078 1683 2135 Dei
1714 2095 1747 2132 a
1788 2094 1880 2133 me
1910 2094 2086 2150 sepa-

436 2167 598 2234 rarit,
630 2168 975 2223 mandatum
1001 2184 1178 2223 unum
1205 2174 1509 2223 aternum.
1534 2167 1749 2223 Audiat
1767 2171 1921 2223 terra
1952 2167 2084 2221 uni-

435 2272 620 2313 versa.
652 2261 963 2328 Propterea
991 2258 1234 2329 gaudeo,
1268 2261 1324 2313 et
1363 2257 1714 2313 laudationis
1737 2271 1935 2312 vocem
1973 2260 2083 2312 Deo

437 2345 636 2402 reddo.
686 2346 1095 2402 Abundantius
1145 2346 1339 2402 omnia
1394 2346 1629 2419 recipio.
1675 2345 1933 2413 Exsulto,
1969 2361 2082 2401 non

437 2433 695 2505 amplius
744 2433 1014 2498 orbahor,
1066 2450 1182 2490 non
1232 2433 1527 2500 tristabor,
1586 2450 1692 2490 nec
1743 2434 2082 2489 indecorum

438 2522 759 2593 quidquam
780 2523 1041 2594 eloquar.
1066 2524 1310 2596 Suscipe
1332 2527 1531 2578 autem
1566 2527 1622 2577 et
1643 2522 1963 2594 superiora,
1984 2523 2084 2578 Pa-

439 2621 543 2678 ter,
577 2619 640 2667 ut
668 2612 894 2669 sincera
922 2617 980 2667 et
1011 2612 1141 2684 pia:
1185 2612 1268 2667 tui
1311 2612 1468 2667 enim
1496 2611 1715 2668 amoris
1757 2619 1895 2667 sunt
1924 2628 2084 2683 sym-

438 2700 588 2757 bola.
622 2700 822 2773 Itaque
843 2701 1117 2773 plangam
1141 2701 1484 2771 etiamnum,
1518 2701 1619 2757 sed
1662 2701 1894 2773 planctu
1923 2704 2086 2773 grato

439 2792 498 2845 et
528 2794 791 2860 accepto.
824 2789 911 2845 Tu
940 2805 1097 2855 vero,
1147 2794 1236 2845 ter
1263 2790 1428 2845 beate
1474 2790 1662 2856 Pater,
1694 2788 1883 2859 gaude
1911 2791 1968 2843 et
1994 2787 2089 2844 lae-

436 2886 575 2934 tare.
614 2876 821 2933 Bravia
849 2878 953 2933 tibi
983 2882 1252 2934 contexta
1273 2885 1405 2933 sunt
1436 2896 1449 2933 :
1486 2876 1769 2948 requietis
1796 2875 1959 2932 locus
1992 2893 2092 2947 pa-

435 2974 600 3022 ratus
630 2974 752 3023 est:
786 2966 946 3022 zelus
964 2971 1104 3023 tuus
1128 2971 1360 3039 patrum
1382 2971 1614 3022 tuorum
1646 2968 1835 3022 zelum
1868 2965 2083 3021 refert:

2192 1813 2589 1887 σωφρονισθῶ;
2650 1814 2686 1883 ἢ
2755 1811 3111 1884 ἐπιτιμηθῶ;
3172 1811 3208 1881 ἢ
3288 1812 3653 1885 ἐπιμνησθῶ;
3731 1808 3849 1883 ἕξιν

2189 1904 2364 1955 ποιῶν
2396 1900 2427 1955 ἃ
2456 1900 2612 1979 φίλον
2656 1923 2765 1971 σοι,
2796 1901 3052 1974 ἑστίασιν,
3100 1904 3321 1978 βρῶσιν,
3355 1902 3545 1968 ποτὸν,
3588 1899 3849 1973 ὁμιλίαν,

2191 1989 2395 2060 στάσιν,
2451 1988 2736 2062 καθέδραν,
2813 1990 3113 2046 ἀνάκλισιν.
3172 1992 3232 2045 Τί
3316 2013 3411 2063 μοι
3483 1985 3852 2062 συμϐἐϐηκες

2195 2077 2360 2133 Καλῶ
2390 2078 2517 2142 τοὺς
2564 2079 2882 2151 ἀνθρώπους
2930 2081 3230 2154 μάρτυρας,
3277 2078 3431 2135 καλῶ
3476 2079 3569 2134 καὶ
3615 2080 3716 2139 τὰς
3749 2076 3855 2133 οὐ-

2196 2168 2410 2242 ρανίους
2442 2165 2693 2241 δυνάμεις
2738 2168 3070 2244 συνηγόρους
3103 2190 3197 2241 μοι
3231 2185 3244 2198 ·
3288 2167 3372 2223 ὅτι
3402 2168 3574 2242 νόμος
3616 2188 3677 2221 σε
3708 2171 3854 2223 Θεοῦ

2197 2254 2457 2329 ἐχώρισεν
2492 2257 2581 2310 ἀπ’
2629 2254 2764 2328 ἐμοῦ
2798 2277 2810 2289 ·
2864 2254 3054 2326 ἐντολή
3112 2257 3211 2328 μία
3252 2255 3494 2318 αἰώνιος.
3522 2257 3853 2309 ’Δκουσάτω

2196 2345 2231 2412 ἡ
2266 2344 2350 2397 ὑπ’
2402 2343 2647 2418 οὐρανόν.
2681 2345 2779 2400 Διᾶ
2824 2348 2984 2400 τοῦτο
3035 2344 3239 2419 χαίρω,
3269 2345 3359 2398 καὶ
3405 2346 3592 2418 φωνήν
3632 2345 3852 2421 ἀφίημι

2196 2431 2446 2494 αἲνέσεως
2506 2437 2641 2505 Θεῷ.
2701 2432 2924 2509 Ἀπέχω
2982 2433 3155 2488 πάντα
3218 2433 3350 2507 ὑπὲρ
3420 2433 3480 2488 ἐκ
3554 2438 3851 2508 περισσοῦ.

2197 2520 2567 2597 ’Δγάλλομαι,
2616 2521 2713 2577 οὐκ
2759 2522 3232 2599 ὀρφανισθήσομαι
3278 2519 3376 2591 ἔτι,
3420 2521 3521 2576 οὐκ
3568 2518 3855 2590 ὀδυνηθτς-

2198 2632 2383 2685 σομαι,
2435 2608 2554 2666 οὐδ’
2602 2612 2785 2686 ἀγενές
2829 2633 2882 2667 τι
2927 2612 3248 2688 φθέγξομαι.
3296 2610 3481 2682 Δέξαιο
3532 2606 3591 2664 δὲ
3640 2612 3736 2665 καὶ
3784 2612 3857 2665 τα

2199 2702 2462 2773 ἀνώτερα,
2529 2700 2726 2776 Πάτερ,
2787 2701 2862 2764 ὡς
2920 2701 3128 2776 εὐαγῆο
3188 2703 3287 2754 τοῦ
3343 2700 3515 2753 πόθου
3587 2719 3686 2753 σου
3742 2699 3851 2771 γὰρ

2198 2785 2472 2863 σύμϐολα.
2509 2788 2659 2857 Πλὴν
2706 2788 2788 2844 ὅτι
2819 2788 2909 2844 καὶ
2958 2785 3035 2844 ἔτι
3088 2787 3421 2861 κλαύσομαι,
3455 2787 3587 2844 ἀλλ⁹
3634 2789 3856 2843 εὐαπά-

2199 2876 2376 2933 δεκτα.
2428 2879 2500 2933 Σὺ
2551 2876 2629 2948 δέ,
2680 2878 2726 2932 ὦ
2771 2879 2945 2952 Πάτερ
2984 2877 3365 2952 τρισμακάριε,
3414 2882 3580 2952 χαῖρε
3623 2877 3716 2930 καὶ
3760 2876 3852 2932 εὖ·

2198 2968 2443 3044 φραίνου.
2475 2969 2548 3022 Τὰ
2601 2962 2827 3043 βραϐεῖά
2874 2989 2960 3023 σοι
3008 2965 3344 3037 ἐπλάκησαν,
3380 2967 3408 3020 6
3458 2972 3559 3034 τῆς
3601 2965 3855 3020 ἀναπαύ-

434 3056 696 3111 custodia
713 3063 808 3112 tua
828 3026 1486 3126 veritatem-proclamat.
1501 3054 1747 3110 Vinctus
1758 3058 1843 3110 est
1859 3055 2083 3124 justus,

2210 3026 2250 3044 ιι
2601 3026 2611 3041 .
2639 3026 2648 3043 .
3208 3026 3218 3037 .
3331 3026 3343 3035 ,
3514 3026 3556 3034 .-

2199 3077 2331 3119 σεως
2357 3057 2525 3121 τόπος
2574 3056 2923 3129 ἡτοίμασται.
2958 3060 3013 3109 Ὀ
3045 3054 3214 3125 ζῆλός
3249 3076 3344 3109 σου
3387 3054 3525 3109 κατᾶ
3553 3053 3685 3116 τοὺς
3737 3076 3849 3109 πα-

434 3145 588 3201 velut
635 3144 1045 3201 intractabilis.
1098 3146 1205 3211 Qui
1255 3144 1530 3215 pietatem
1596 3143 1816 3210 colunt,
1868 3143 2085 3214 gratias

434 3238 657 3306 agunt:
708 3232 810 3304 qui
864 3236 985 3303 pari
1032 3233 1154 3289 zelo
1192 3238 1484 3300 tenentur,
1525 3232 1895 3289 ferventiores
1926 3236 2084 3293 sunt.

435 3322 896 3393 pulcherrimum
951 3322 1251 3379 exordium
1300 3322 1780 3395 contemplantes.
1815 3321 1922 3390 Qui
1957 3337 2085 3394 per-

435 3416 778 3483 sequuntur,
821 3428 1112 3467 sermones
1162 3412 1302 3467 foris
1332 3417 1575 3468 nectunt
1602 3416 1659 3468 et
1691 3410 2083 3477 maledicunt;
2120 3472 2127 3483 ,

435 3501 673 3571 quidam
729 3500 1046 3570 praesertim
1105 3501 1392 3557 monachi.
1454 3501 1615 3556 Intus
1684 3516 1815 3556 vero
1875 3499 2086 3571 cogita-

434 3590 694 3646 tionibus
736 3590 1201 3657 diverberantur,
1252 3595 1310 3645 et
1357 3592 1630 3646 acerbum
1688 3595 2083 3645 accusatorem

436 3679 653 3735 habent
702 3696 869 3734 suam
923 3679 1183 3751 ipsorum
1234 3679 1673 3735 conscientiam.
1728 3677 1876 3744 Quin
1908 3678 2087 3733 etiam

437 3768 825 3823 admirantur.
879 3772 1103 3824 Norunt
1133 3767 1369 3839 quippe,
1405 3772 1469 3821 ut
1498 3783 1744 3837 magnus
1773 3765 2086 3837 Gregorius

437 3857 537 3926 ait,
562 3857 667 3913 viri
691 3857 856 3913 fortis
876 3857 1149 3913 virtutem
1176 3857 1450 3912 admirari
1473 3858 1646 3912 etiam
1673 3856 1869 3912 hostes
1892 3874 1905 3915 ;
1930 3872 2086 3923 cum,

435 3946 524 4000 ira
561 3951 849 4013 cessante,
884 3962 988 4001 suo
1020 3962 1113 4001 res
1143 3950 1437 4001 momento
1476 3946 1821 4001 aestimatur.
1855 3945 1936 3999 Te
1970 3943 2090 3999 lau-

438 4035 580 4090 dant
607 4035 820 4107 angeli,
853 4035 1092 4091 beatum
1126 4035 1447 4107 praedicant
1495 4035 1788 4104 homines,
1821 4033 2091 4090 Christus

439 4124 681 4195 excepit,
715 4124 879 4197 regni
909 4123 1189 4181 coalorum
1244 4124 1348 4181 tibi
1386 4125 1606 4195 januas
1636 4124 1865 4197 aperuit
1895 4124 1956 4178 in
1988 4139 2092 4179 sas-

442 4211 590 4267 cula.
622 4214 829 4268 Amen.

844 4318 938 4375 IV.
974 4349 1042 4361 —
1069 4320 1369 4392 Nicephoro
1398 4322 1709 4392 praeposito.

2192 3144 2350 3219 τέρας
2378 3168 2472 3200 σου
2506 3165 2520 3178 ·
2554 3147 2589 3215 ἡ
2622 3148 2831 3222 φρουρά
2873 3147 2973 3219 βοᾷ
3000 3145 3099 3213 τὴν
3141 3142 3421 3214 ἀλήθειαν.
3456 3140 3651 3213 Ἐδέθη
3694 3145 3724 3199 6
3758 3142 3847 3198 δί-

2192 3256 2369 3303 καιος,
2419 3236 2492 3296 ὡς
2538 3232 2881 3309 δύσχρηστος
2917 3254 2929 3266 ·
2982 3233 3033 3288 οἱ
3081 3230 3133 3287 ἐν
3193 3226 3435 3302 εὐσεϐείᾳ
3494 3231 3847 3309 εὐχάριστοι,

2194 3325 2245 3378 οἱ
2296 3322 2591 3396 ὁμόζηλοι,
2641 3322 2980 3397 θερμότεροι,
3011 3318 3304 3377 κάλλιπον
3366 3319 3665 3394 προοίμιον
3717 3322 3851 3376 θεα-

2196 3415 2441 3487 σάμενοι.
2485 3415 2551 3470 Οἱ
2597 3410 2886 3473 διώκοντες
2929 3410 3134 3485 λόγους
3189 3408 3381 3480 ἔξωθεν
3429 3409 3704 3465 πλέκουσι
3752 3411 3848 3465 καὶ

2193 3505 2497 3573 κακίζουσι,
2529 3504 2617 3556 καὶ
2672 3500 2909 3574 μάλιστα
2958 3499 3153 3561 οἵτινες
3184 3503 3290 3555 τῶν
3346 3503 3631 3574 μοναχῶν.
3664 3501 3851 3557 Ἐσω-

2196 3596 2281 3648 θεν
2313 3591 2369 3648 δὲ
2397 3598 2515 3655 ταῖς
2561 3590 2791 3653 ἐννοίαις
2844 3588 3277 3659 ὑπωπιάζονται,
3326 3587 3417 3642 καὶ
3467 3589 3665 3662 πικρὸν
3716 3610 3850 3643 κατ-

2196 3688 2397 3758 ήγορον
2426 3684 2524 3752 τὴν
2575 3678 2711 3735 ἰδίαν
2764 3676 3067 3749 συνείδησιν
3112 3672 3353 3753 ἔχουσιν.
3386 3676 3537 3732 Ἐπεὶ
3593 3678 3683 3732 καὶ
3720 3681 3850 3732 θαυ-

2200 3776 2477 3849 μάζουσιν.
2530 3777 2701 3831 ’Ίσασι
2744 3770 2849 3844 γὰρ
2900 3766 3149 3843 ἄγασθαι,
3197 3767 3271 3828 ὡς
3321 3766 3349 3819 6
3406 3764 3572 3842 μέγας
3625 3768 3847 3841 Γρηγὸ-

2198 3885 2337 3939 ριος,
2368 3858 2563 3935 ἀνδρὸς
2613 3859 2810 3932 ἀρετὴν
2842 3857 2930 3911 καὶ
2980 3856 3288 3927 πολέμιοι·
3340 3856 3465 3908 ὅταν
3508 3858 3609 3910 τοῦ
3660 3858 3849 3929 θυμοῦ

2196 3953 2461 4028 λήξαντος
2512 3948 2593 4024 ἐφ’
2648 3947 2838 4015 ἑαυτήν
2891 3948 2925 4014 ἠ
2985 3947 3173 4020 πρᾶξις
3219 3942 3609 4016 δοκιμάζηται.
3654 3950 3852 4021 ’Ἄγγε-

2199 4043 2289 4100 λοι
2347 4038 2577 4114 ὑμνοῦσί
2644 4058 2721 4106 σε,
2782 4035 3056 4110 ἄνθρωποι
3130 4036 3537 4106 μακαρίζουσι·
3610 4035 3855 4108 Χριστὸς

2198 4130 2489 4204 ἀπεδέξατο
2523 4149 2536 4162 ·
2579 4130 2674 4190 τὰς
2711 4125 2887 4187 πύλας
2915 4145 2998 4179 σοι
3038 4122 3238 4199 ἀνέῳγε
3275 4128 3375 4191 τῆς
3422 4121 3712 4197 βασιλείας
3747 4129 3856 4181 τῶν

2201 4221 2441 4295 οὐρανῶν
2471 4218 2547 4280 εἰς
2578 4215 2706 4279 τοὺς
2735 4215 2957 4276 αἰῶνας,
2990 4213 3190 4285 Ἀμήν.

2478 4312 2554 4363 Δ¹.
2596 4341 2664 4350 -
2703 4302 3004 4381 Νικηφόρῳ
3034 4296 3445 4377 (7)’ἡγουμένῳ
3476 4302 3575 4374 (8).

548 4427 714 4484 Quam
743 4438 905 4489 grave
934 4425 1004 4477 sit
1032 4426 1208 4477 scelus
1236 4428 1572 4491 imperatoris
1601 4429 1712 4491 qui,
1744 4440 1906 4477 uxore
1936 4425 2170 4487 legitima
2194 4419 2382 4485 ejecta.
2421 4418 2575 4469 aliam
2605 4413 2971 4475 assumpserit.
3001 4411 3216 4474 (Baron.
3245 4421 3373 4459 anu.
3402 4407 3520 4473 795,
3550 4422 3605 4460 u.
3638 4410 3751 4465 63.)

513 4524 756 4580 Reddito
791 4526 965 4581 nobis
1000 4542 1099 4597 per
1129 4526 1429 4582 dominum
1452 4527 1765 4582 diaconum
1788 4538 2089 4596 responso,

444 4629 717 4685 germane
748 4630 814 4669 ac
838 4614 1337 4671 desideratissime
1360 4616 1439 4670 mi
1469 4615 1839 4680 consobrine,
1862 4613 2094 4668 animus

447 4708 571 4757 erat
600 4701 757 4757 illico
788 4703 859 4756 ad
886 4706 944 4757 te
974 4701 1242 4758 scribere.
1276 4703 1386 4757 Sed
1422 4702 1561 4773 quia
1591 4701 1917 4773 bybernum
1951 4705 2095 4755 tem-

452 4807 562 4861 pus
594 4797 738 4859 erat,
771 4795 1179 4862 mutatamque
1193 4791 1505 4847 consilium
1530 4791 1876 4862 retrahebat,
1908 4790 2094 4846 satius

451 4879 588 4936 duxi
621 4896 734 4936 non
765 4880 880 4937 cito
911 4881 1086 4937 verba
1116 4881 1378 4937 fundere.
1399 4882 1720 4950 Postquam
1752 4895 1882 4934 vero
1912 4878 1982 4934 ad
2004 4878 2093 4932 in-

2269 4520 2377 4582 Τῆς
2434 4513 2769 4589 ἀποκρίσεως
2822 4506 3072 4578 δοδείσης
3128 4508 3262 4579 ἡμῖν
3303 4505 3448 4576 παρὰ
3495 4509 3595 4560 τοῦ
3646 4508 3848 4581 κυρίου

2202 4605 2476 4668 διακόνου,
2521 4606 2705 4679 γνήσιε
2751 4600 2840 4655 καὶ
2883 4595 3235 4666 πολυπόθητέ
3284 4615 3388 4666 μου
3437 4593 3646 4667 ἀνεψιὶ,
3691 4596 3855 4657 εὐθὺς

2200 4690 2597 4766 ἠϐουλήθημεν
2638 4687 2939 4747 ἐπιστεῖλαί
2978 4708 3085 4743 σοι.
3118 4684 3265 4741 Ἐπεὶ
3305 4679 3364 4737 δὲ
3399 4682 3467 4751 ἧν
3509 4686 3710 4757 καιρὸς
3741 4705 3861 4760 χει-

2207 4786 2395 4858 μέριος
2428 4786 2524 4859 (9),
2563 4783 2652 4838 καὶ
2687 4784 2719 4851 ἡ
2771 4773 3152 4851 παλιμόουλία
3200 4770 3593 4834 συστέλλουσα,
3650 4776 3855 4851 ἀγαθὸν

2202 4874 2532 4951 ἡγησάμεθα
2584 4874 2659 4947 μὴ
2709 4868 2852 4945 ταχὺ
2902 4865 3081 4923 δοῦναι
3131 4865 3310 4941 λόγον.
3356 4861 3545 4917 Ἠνίκα
3605 4861 3667 4918 δὲ
3719 4864 3858 4938 μετᾶ

2034 5001 2264 5059 ΝΟΤΛΕ.

522 5132 606 5203 (6)
631 5136 719 5204 Ὠς
751 5127 979 5202 δύναμιν
1028 5126 1278 5204 ἐχούσας.
1320 5130 1570 5204 Sanctus
1614 5127 1890 5204 Paulinus
1927 5126 2097 5204 epist.

2200 5127 2568 5184 Theodorum
2594 5128 2703 5183 ista
2731 5123 2897 5182 nihili
2932 5122 3258 5188 facientem,
3290 5118 3390 5190 sed
3420 5117 3856 5190 adversantem,

452 5189 545 5258 45:
581 5189 602 5253 ί
656 5189 1095 5260 Ρέωοωύουιὶἷ
1138 5202 1430 5256 sanctitati
1473 5201 1593 5269 ituaa
1643 5200 1887 5254 unitatis
1918 5189 2102 5267 gratia
2203 5201 2738 5255 commovebantur.
2773 5200 3005 5269 (Baron.
3035 5194 3163 5269 7_9_5,_
3194 5189 3390 5269 n.64.)

457 5274 753 5343 misimus,
781 5274 841 5328 in
863 5290 978 5345 quo
1009 5274 1182 5345 etiam
1213 5272 1517 5345 Trinitatis
1548 5271 1812 5345 soliditas
1842 5271 2101 5345 contine-

2271 5271 2351 5343 (8)
2400 5269 2736 5345 ξΗγουμὲνῳ.
2778 5260 2880 5345 ’ξὶο
2922 5260 3671 5345 appellabanturprafe‘cti
3733 5277 3851 5345 me:

458 5353 570 5426 tur.
604 5330 768 5399 Hunc
801 5330 1010 5426 panem
1028 5343 1351 5426 _eulogiam
1401 5358 1529 5397 esse
1570 5348 1634 5426 tu
1667 5341 2100 5426 facies_digna-
2204 5330 2608 5426 austeriorum,
2643 5330 2938 5426 interdum
2959 5330 3133 5393 etiam
3147 5338 3219 5426 ret
3243 5330 3518 5405 praesides
3536 5330 3659 5400 alii,
3692 5333 3857 5388 velut

456 5415 615 5470 tione
640 5413 935 5471 sumendi.
970 5437 999 5465 ι»
1028 5413 1257 5470 Videsis
1308 5414 1608 5485 Rosweydi
1641 5421 1807 5468 notas
1855 5413 1911 5467 in
1960 5414 2101 5469 Pau-

453 5485 998 5639 Ιιῖίςῃῇιδξηιεέρηίλ
1060 5575 1089 5607 ‹‹
1138 5556 1534 5639 Consobrinus
1570 5556 1873 5639 .Theodori
1931 5555 2095 5611 Nice-

457 5628 679 5697 phorus
706 5632 761 5680 et
785 5627 889 5680 alii
905 5627 1126 5691 afﬁnes,
1151 5628 1305 5697 quod
1328 5643 1395 5682 ex
1418 5627 1945 5697 matrimoniolmp.
1970 5644 2100 5682 cum

459 5698 752 5769 Theodote
783 5702 1034 5769 ipsorum
1071 5700 1411 5769 propinqua,
1436 5701 1559 5769 jam
1596 5704 1854 5769 Augusta
1882 5706 2096 5767 creata,

2204 5413 2262 5468 in
2287 5406 2619 5469 Iustiniam.
2653 5414 2791 5469 Nov.
2832 5427 2959 5484 vm,
2991 5425 3115 5484 cap.
3145 5406 3199 5461 5.
3312 5472 3349 5484 η

2274 5484 2351 5556 (9)
2412 5484 2609 5556 Καιρὸς
2685 5473 2989 5557 χειμέριοξ.
3055 5473 3466 5557 Constantinus
3517 5473 3849 5557 P0591.)er-

2242 5544 2431 5628 eni'tus
2459 5544 2611 5613 anno
2641 5544 2870 5627 in'ipérii
2889 5554 2946 5619 5,
2979 5546 3490 5628 mense-Januario.
3515 5544 3846 5628 indictione

2242 5572 2431 5612 erutus
2459 5574 2611 5613 anno
2641 5572 2870 5627 lmpeﬂl
2889 5572 2946 5619 ἱ),
2979 5572 3175 5606 mense
3194 5572 3490 5603 Januario.
3515 5572 3843 5627 luuwcruuu

2200 5572 2259 5691 ἓ,
2277 5627 2519 5684 Mariam
2542 5630 2850 5698 conjugem
2883 5620 3226 5698 repudiavit,
3245 5617 3389 5698 etin
3412 5619 3843 5698 monasterium

2202 5686 2466 5755 detrusit.
2490 5686 2687 5755 Mense
2720 5686 3222 5765 ‘deinde'Augusto
3244 5686 3573 5765 Theodpteu
3592 5686 3842 5765 cubicu-

462 5768 763 5827 corradere
807 5756 1100 5841 ‘magnun‘i
1157 5756 1459 5840 sperarent
1513 5756 1988 5840 emolumentum,
2038 5756 2097 5828 in
2201 5770 2406 5827 lariam
2436 5770 2733 5830 coronavit
2776 5756 3115 5841 Augustam,
3160 5767 3217 5821 et
3256 5757 3551 5831 illegitimo
3589 5756 3709 5816 sibi
3739 5773 3839 5815 co-
