4090 6288
284 370 401 430 921

1564 370 2052 432 EPISTULARU
2064 367 2114 426 M
2164 363 2310 423 LIB.
2360 363 2406 421 Ι.

3569 349 3686 411 922

284 509 386 571 τῆς
431 501 819 576 ἐπερωτήσεως
876 501 964 555 καὶ
1013 503 1078 555 τὰ
1133 501 1433 576 γράμματα
1493 503 1759 579 ἀπῄτουν,
1808 502 1936 559 αὐτὸ

2052 496 2520 570 terrogationem,
2573 493 2744 550 etiam
2805 490 3007 548 litterae
3055 489 3309 560 idipsum
3360 485 3689 558 ﬂagitantes

291 596 452 646 τοῦτο
484 591 537 645 τί
565 589 645 644 δεῖ
693 586 770 644 ἔτι
802 588 1187 664 διακρίνεσθαι,
1218 593 1304 645 καὶ
1363 593 1438 664 μὴ
1485 593 1545 647 τὸ
1594 594 1927 667 παριστάμε-

291 702 380 735 νον
414 680 677 750 ἐξειπεῖν;
732 684 952 752 Πρῶτον
988 678 1042 734 δὲ
1091 680 1262 735 ἐκεῖνο
1313 680 1443 755 ἐρῶ,
1476 683 1567 736 καὶ
1620 705 1685 754 με
1734 680 1934 751 δέξαιο,

289 773 609 842 τιμιώτατε,
644 772 748 842 ὅτι,
784 772 856 829 ὡς
905 771 993 824 καὶ
1045 771 1208 833 αὐτὸς
1260 769 1436 838 οἶδας,
1473 770 1699 841 πολλῆς
1743 772 1932 832 κακίαις

295 857 598 934 ὑπόδειγμα
627 861 717 913 τὸν
773 859 962 915 ἐαυτοῦ
996 859 1113 934 βίον
1160 861 1586 932 παρεστησάμην
1618 865 1734 921 τοῖς
1783 861 1932 916 πολ·-

297 948 442 1010 λοῖς.
476 947 572 1003 Καὶ
606 946 704 1002 οὒκ
751 943 863 1003 ἔστι
894 947 1088 1022 σχεδὸν
1125 949 1294 1003 εἷπεῖν
1346 949 1591 1026 σφάλμα,
1621 951 1681 1004 οὗ
1735 952 1810 1022 μὴ
1844 951 1932 1004 καὶ

294 1038 460 1100 αὐτὸς
491 1036 595 1110 ἐγὼ
629 1037 916 1112 μετέσχον,
945 1039 1035 1092 καὶ
1067 1037 1261 1101 ἄλλοις
1294 1037 1746 1112 προσπαρὲδωκα.
1777 1038 1930 1095 Ἀλλ’

296 1126 484 1195 ἐπειδή
549 1129 799 1201 μανθάνω
855 1130 953 1198 τὴν
1015 1129 1421 1206 φιλανθρωπίαν
1481 1137 1579 1185 τοῦ
1637 1136 1792 1201 Θεοῦ,
1843 1133 1933 1185 καὶ

291 1216 386 1270 τὸν
464 1215 538 1277 εἲς
615 1216 861 1289 πυθμένα
943 1218 1133 1280 κακίας
1207 1219 1598 1294 κατενεχθέντα
1681 1221 1934 1296 ἀναῤῥύε-

291 1307 435 1373 σθαι,
492 1306 581 1360 καὶ
639 1305 848 1380 ὀρέγειν
910 1314 1070 1382 χεῖρα
1125 1310 1260 1382 πρὸς
1324 1311 1608 1381 μετάνοιαν
1644 1329 1656 1341 ·
1741 1305 1932 1386 ἔφυγον

287 1395 392 1463 τὴν
450 1393 786 1469 ἀπόγνωσιν,
834 1395 925 1449 καὶ
983 1390 1137 1467 ἔδοξα
1198 1399 1391 1471 μικρόν
1451 1420 1501 1453 τι
1551 1399 1932 1474 ὑποστηρίζειν

291 1482 528 1556 ἐμαυτὸν
557 1485 695 1556 πρὸς
722 1485 783 1538 τὸ
817 1485 988 1548 εὐθές.

364 1571 463 1626 Διά
488 1577 670 1640 τοῦτο,
706 1575 780 1637 ὡς
811 1576 838 1630 ὁ
867 1581 974 1630 τῶν
1007 1576 1220 1654 ἀφανῶν
1253 1579 1504 1652 γνώστης
1538 1580 1666 1641 Θεὸς
1714 1579 1926 1635 ἐπίστα-

289 1683 405 1732 ται,
434 1661 795 1738 ἀπεσχοίνισα
846 1663 1079 1738 ἐμαυτὸν
1110 1667 1201 1720 καὶ
1245 1673 1344 1736 τῆς
1396 1665 1783 1745 συνδιατριὸῆς
1827 1674 1934 1724 τῶν

294 1754 569 1825 συγγενῶν
631 1773 758 1824 μου,
816 1753 907 1807 καὶ
963 1757 1061 1808 τοῦ
1117 1754 1344 1828 ἐθισμοῦ
1398 1761 1508 1810 τῶν
1566 1759 1704 1811 κατά
1763 1758 1933 1830 σάρκα

295 1840 472 1915 φίλων
524 1860 652 1912 μου,
700 1844 791 1897 καὶ
843 1842 894 1896 εἷ’
935 1864 1080 1906 τινος
1113 1841 1178 1913 δὴ
1232 1842 1322 1899 οῦν
1370 1845 1566 1914 ἄλλου,
1617 1846 1788 1919 μόνης
1835 1854 1933 1916 τῆς

296 1927 580 2003 δυνάμεως
625 1936 723 1985 τοῦ
767 1937 901 1987 Θεοῦ
959 1930 1364 2006 ἐπιϐοηθούσης
1412 1942 1479 2010 τῇ
1531 1938 1775 2006 ἀσθενείᾳ
1828 1959 1933 2010 μου

294 2019 417 2092 περῖ
468 2018 662 2078 πάντα.
714 2022 814 2076 Καὶ
861 2026 947 2076 νῦν
994 2023 1022 2076 ’ὁ
1076 2025 1411 2095 ἐπεζήτησας
1459 2029 1586 2098 παρ’
1642 2025 1779 2100 ἐμοῦ
1834 2033 1932 2082 τοῦ

296 2109 539 2182 ἀμαθοῦς
576 2111 788 2182 μαθεῖν,
823 2109 997 2176 οὕτως
1045 2109 1185 2187 ἔχει,
1219 2113 1292 2176 ὡς
1341 2113 1526 2189 εἷ’ρηκέ
1557 2136 1641 2170 σοι
1691 2117 1718 2170 ὁ
1750 2117 1934 2187 κύριος

295 2193 565 2258 διάκονος.
609 2202 778 2253 Τοῦτο
834 2197 891 2255 δὲ
932 2200 1029 2256 οὐκ
1079 2202 1336 2277 ἀκρίτως,
1380 2205 1416 2274 ἢ
1465 2205 1930 2282 ἀπεφθεγξάμεθοι,

291 2287 326 2354 ἣ
375 2286 465 2340 καὶ
516 2287 848 2362 ὑπὲσχομεν,
897 2289 1024 2345 ἀλλ’
1077 2291 1129 2345 ἐν
1169 2293 1441 2366 ἐρευνήσει
1494 2295 1584 2347 καὶ
1642 2297 1932 2364 συζητήσει

292 2380 393 2442 τῆς
451 2376 805 2432 θεοπνεύστου
861 2381 1078 2459 Γραφῆς
1133 2377 1514 2454 βεϐαιωθέντες
1558 2384 1648 2438 καὶ
1707 2404 1933 2458 κρατυν-

298 2463 498 2534 θὲντες,
527 2466 616 2518 καὶ
668 2469 774 2538 μην
821 2465 968 2523 ἀλλὰ
1005 2469 1092 2522 καὶ
1139 2468 1210 2523 δι’
1257 2469 1579 2546 ἐρωτήσεως
1625 2477 1734 2528 τῶν
1779 2473 1936 2550 ὀφει-

303 2551 522 2610 λόντων.
556 2555 654 2608 Καί
701 2577 762 2628 γε
792 2558 828 2624 ἡ
878 2557 1110 2628 ἀλήθεια
1141 2558 1316 2622 οὕτως
1365 2557 1505 2635 ἔχει,
1536 2566 1632 2616 τοῦ
1664 2562 1809 2616 θείου
1837 2562 1933 2617 νό-

305 2662 410 2713 μου
438 2640 687 2718 ἐμφανῶς
737 2643 1194 2721 ἀπαγορεύοντος,
1225 2648 1285 2704 οὐ
1337 2647 1424 2704 διὰ
1452 2654 1547 2704 τοῦ
1598 2652 1744 2705 θείου
1778 2651 1932 2707 Παύ-

299 2728 402 2784 λου
435 2730 622 2803 μόνον,
655 2731 801 2788 ἀλλὰ
848 2735 938 2790 καὶ
971 2733 1040 2790 δι’
1090 2735 1276 2792 ἄλλων
1325 2739 1605 2816 θεολόγων
1659 2740 1933 2815 Πατέρων,

297 2819 428 2875 αὐτὸ
491 2825 653 2876 τοῦτο
731 2820 1177 2899 διευκρινοῦντων
1245 2829 1336 2882 καὶ
1411 2829 1933 2900 ἀπολευκαινόντων,

292 2909 386 2963 καὶ
472 2910 1016 2989 συναποφαινομένων
1103 2922 1172 2991 τῇ
1253 2916 1596 2992 ἆποστολικῇ
1683 2918 1934 2996 ἐγκελεύ-

289 3018 396 3056 σει.
448 2999 547 3052 Καὶ
595 3003 714 3063 πῶς
761 2998 954 3058 λοιπὸν
1001 3003 1220 3079 ἀλόγως
1267 3003 1664 3082 ἆδιαφορήσω;
1713 3010 1805 3062 καὶ
1857 3009 1933 3080 μή

291 3085 516 3158 μᾶλλον
560 3084 892 3154 διασταλθῶ,
942 3093 1032 3146 καὶ
1079 3093 1392 3168 ὑπεξαγάγω
1441 3096 1628 3151 ἑαυτὸν
1677 3097 1783 3151 ἀπὸ
1824 3102 1931 3151 τῶν

288 3173 652 3250 βλαπτόντων
697 3180 794 3248 τήν
844 3178 1082 3251 ἐλεεινή-δ
1133 3204 1238 3255 μου
1288 3187 1514 3259 ψυχήν;
1565 3186 1652 3239 καί
1705 3187 1822 3249 οἶος
1873 3185 1934 3242 ἂν

2046 590 2437 650 accesserunt,
2471 583 2610 655 quid
2643 580 2894 653 amplius
2925 579 3250 634 deliberare
3281 593 3426 648 opus
3475 579 3590 640 est,
3621 590 3687 628 ac

2050 697 2162 734 non
2197 679 2389 748 potius
2421 674 2574 746 quod
2607 688 2696 728 res
2723 675 2812 725 est
2843 669 3147 741 proﬁteri?
3178 667 3437 722 Primum
3489 667 3685 720 autem

2048 768 2188 823 illud
2224 766 2436 831 dicam,
2467 765 2545 833 (et
2573 761 2796 818 sustine
2826 775 2939 825 me,
2965 755 3472 825 reverendissime)
3491 768 3602 815 me,
3626 756 3689 806 ut

2048 857 2170 927 ipse
2203 855 2378 914 nosti,
2412 850 2725 922 singularis
2777 847 3051 918 nequitiae
3079 844 3405 914 exemplum
3463 843 3523 897 in
3573 841 3686 895 vita

2049 963 2172 1001 mea
2203 944 2404 1000 multis
2435 941 2764 1006 exstitisse;
2797 953 2901 992 nec
2962 935 3144 990 ullum
3182 935 3295 988 fere
3330 932 3451 986 vitii
3502 946 3687 1002 genus

2047 1053 2197 1104 esse,
2229 1035 2384 1108 quod
2420 1048 2531 1087 non
2563 1033 2619 1085 et
2647 1029 2774 1101 ipse
2802 1027 3115 1097 attigerim,
3144 1028 3199 1080 et
3231 1025 3288 1078 in
3331 1021 3476 1078 alios
3527 1020 3689 1076 deri-

2046 1128 2250 1182 varim.
2275 1124 2690 1180 Verumtamen
2713 1118 2904 1174 sciens
2926 1115 3345 1187 benignitatem
3372 1112 3489 1178 Dei,
3513 1110 3686 1165 etiam

2047 1217 2211 1271 illum
2245 1214 2345 1286 qui
2377 1213 2434 1267 in
2458 1211 2574 1266 imo
2602 1209 2877 1265 vitiorum
2913 1207 3086 1261 fundo
3119 1205 3419 1259 demersus
3442 1201 3540 1266 sit,
3573 1199 3689 1254 eri-

2047 1320 2200 1377 pere,
2226 1317 2586 1371 mauumque
2605 1297 2678 1353 ad
2702 1294 3100 1369 paenitentiam
3140 1293 3429 1362 porrigere
3454 1308 3469 1360 ;
3494 1290 3688 1360 despe-

2045 1394 2330 1448 rationem
2353 1387 2656 1455 declinavi,
2692 1400 2897 1456 meque
2928 1385 3122 1455 ipsum
3147 1382 3217 1437 ad
3252 1379 3388 1436 recti
3431 1378 3688 1434 studium

2046 1482 2348 1555 paululum
2379 1478 2729 1536 conﬁrmare
2770 1475 2930 1530 visus
2962 1489 3117 1528 sum.

2116 1574 2447 1644 Propterea,
2508 1574 2574 1624 ut
2630 1565 2985 1623 occultorum
3017 1561 3285 1632 cognitor
3344 1559 3454 1614 scit
3513 1558 3686 1626 Deus,

2047 1663 2299 1719 subduxi
2334 1677 2424 1718 me
2449 1677 2482 1716 a
2502 1655 2882 1714 contubernio
2903 1653 3366 1724 propinquorum
3401 1661 3685 1713 meorum,

2047 1756 2102 1808 et
2132 1770 2165 1807 a
2195 1748 2617 1806 consuetudine
2668 1745 2988 1802 amicorum
3048 1755 3306 1797 meorum
3365 1735 3687 1793 secundum

2047 1857 2300 1906 carnem,
2326 1839 2687 1908 aliorumque
2709 1831 3122 1905 quorumlibet,
3156 1827 3278 1884 sola
3309 1825 3405 1881 Dei
3428 1823 3688 1896 potentia

2046 1929 2430 1986 imbecillitati
2475 1943 2614 1982 meae
2674 1926 2731 1981 in
2790 1923 3062 1979 omnibus
3125 1917 3463 1989 opitulante.
3524 1914 3685 1978 Quod

2045 2037 2178 2091 ergo
2202 2037 2235 2074 a
2267 2035 2359 2073 me
2383 2018 2616 2072 indocto
2638 2015 2856 2069 discere
2886 2009 3144 2075 voluisti,
3175 2007 3256 2062 sic
3297 2004 3530 2078 penitus
3582 2001 3686 2056 ha-

2045 2111 2159 2178 bet,
2184 2113 2249 2163 ut
2270 2106 2486 2162 dictum
2517 2109 2607 2160 est
2634 2121 2668 2159 a
2696 2101 2934 2158 domino
2966 2098 3228 2153 diacono.
3254 2095 3453 2165 Neque
3499 2092 3554 2146 id
3580 2107 3685 2146 nos

2043 2208 2255 2255 temere
2271 2200 2372 2252 aut
2394 2193 2843 2258 afﬁrmavimus,
2875 2194 2977 2244 aut
3004 2185 3180 2242 locuti
3211 2199 3412 2240 sumus
3442 2200 3456 2237 :
3482 2180 3686 2236 sedin-

2042 2286 2394 2359 vestigandis
2427 2289 2483 2341 et
2503 2279 2936 2356 perscrutandis
2968 2275 3143 2332 sacris
3197 2272 3428 2328 Litteris
3472 2270 3685 2326 conﬁr-

2045 2377 2182 2433 mati
2210 2384 2262 2431 et
2293 2370 2873 2441 corsoborati,iisque
2895 2367 3069 2424 etiam
3120 2359 3492 2433 interrogatis
3545 2375 3686 2430 quos

2044 2473 2444 2530 conveniebat.
2464 2471 2530 2526 Et
2554 2469 2808 2538 profecto
2838 2466 3052 2521 veritas
3075 2462 3154 2517 sic
3181 2460 3378 2524 habet,
3407 2457 3534 2527 lege
3587 2456 3683 2511 di-

2045 2563 2179 2618 vina
2211 2560 2513 2617 manifeste
2569 2560 2820 2623 vetante,
2881 2569 2997 2609 non
3059 2551 3230 2605 modo
3289 2564 3390 2619 per
3448 2547 3684 2601 beatum

2046 2652 2310 2718 Paulum,
2343 2648 2447 2705 sed
2477 2664 2579 2720 per
2607 2647 2754 2702 alios
2785 2644 2959 2700 etiam
2992 2640 3294 2711 theologos
3329 2638 3547 2700 Patres,
3582 2634 3683 2706 qui

2045 2743 2152 2798 hoc
2182 2742 2380 2812 ipsum
2412 2738 2734 2793 discutiunt
2763 2749 2828 2790 ac
2877 2731 3193 2798 declarant,
3245 2731 3303 2782 et
3349 2742 3482 2780 cum
3543 2740 3686 2795 apo-

2044 2832 2249 2889 stolico
2282 2832 2553 2886 mandato
2586 2824 2977 2884 consentiunt.
3009 2821 3078 2875 Et
3107 2833 3387 2891 quorsum
3419 2831 3524 2886 ego
3573 2830 3689 2869 am-

2044 2922 2196 2993 plius
2229 2919 2614 2976 dissimulabo
2645 2912 2993 2981 inconsulte,
3027 2927 3091 2965 ac
3123 2926 3237 2964 non
3282 2906 3474 2978 potius
3507 2907 3685 2959 retra-

2046 3015 2184 3068 ham
2218 3029 2308 3066 me
2338 3011 2554 3082 ipsum,
2586 3012 2643 3062 et
2671 3005 2995 3061 subducam
3029 3000 3100 3054 ab
3131 2998 3205 3053 iis
3237 2995 3334 3067 qui
3391 2992 3684 3049 infelicem

2046 3103 2304 3158 animam
2319 3115 2509 3154 meam
2526 3092 2912 3168 opprimunt?
2934 3091 3229 3156 Quantum
3258 3099 3425 3156 porro
3439 3088 3527 3136 est
3541 3078 3688 3150 peri-

2046 3193 2261 3259 culum,
2285 3207 2419 3246 cum
2442 3190 2678 3244 Patrum
2703 3198 2974 3239 summus
2995 3177 3359 3243 vociferetur,
3402 3182 3455 3228 et
3485 3171 3635 3226 dicat
3667 3175 3684 3214 ε

332 3265 343 3283 Ι
385 3262 410 3283 δ
713 3271 741 3282 ι.
893 3273 919 3283 υ

281 3262 540 3326 κίνδυνος
598 3271 766 3340 παρῇ,
827 3273 923 3322 τοῦ
993 3275 1100 3324 τῶν
1173 3275 1426 3348 Πατὲρων
1500 3278 1935 3350 κορυφαιοτάτου

2052 3282 2106 3337 Si
2129 3252 2266 3352 quid
2292 3281 2356 3334 fit
2378 3283 2579 3350 praeter
2601 3275 2965 3338 mandatum,
3001 3273 3099 3324 aut
3121 3258 3685 3324 mandatoofﬁciens,

285 3355 540 3428 βοῶντος
569 3355 659 3410 καὶ
690 3355 966 3431 λέγοντος,
998 3358 1082 3414 ὅτι
1114 3361 1237 3416 Ἐάν
1270 3384 1322 3417 τι
1352 3365 1480 3438 παρ’
1513 3365 1740 3435 ἐντολήν
1770 3365 1933 3434 ἐστιν,

282 3442 324 3510 ἢ
395 3443 495 3510 τήν
547 3442 798 3530 ἐντολὴν
869 3445 1259 3524 παραϐλάπτῃ,
1321 3449 1578 3526 οῦδαμῶς
1653 3453 1939 3530 ἀνέχεσθαι

284 3531 409 3606 χρή
447 3549 460 3563 ⁸
495 3529 590 3584 κᾶν
645 3539 790 3602 ζωῆς
823 3534 1144 3611 ἐπαγγελίαν
1196 3537 1324 3614 ἔχῃ,
1358 3540 1453 3595 κᾶν
1503 3543 1733 3596 θανάτου
1777 3529 1938 3598 γάπει-

288 3620 437 3688 λήν;
472 3622 580 3676 Ἐῶ
630 3621 810 3697 λέγειν
842 3624 959 3680 ὅσαι
1009 3627 1440 3702 παρυφίστανται
1469 3631 1558 3685 καὶ
1598 3631 1764 3688 ἄλλαι
1796 3634 1941 3707 γρή-

290 3727 434 3775 σεις,
483 3711 558 3782 μή
618 3708 782 3765 ἐῶσαι
835 3715 982 3785 ἡμᾶς
1043 3695 1390 3789 ἐξυποὶγεσθαι
1445 3717 1541 3773 κᾶν
1599 3722 1661 3775 τὸ
1719 3695 1940 3795 σμίκρό-

288 3818 459 3852 τατον
505 3801 632 3873 γοῦν
683 3795 784 3872 ἔξω
828 3804 924 3870 τῆς
973 3801 1200 3873 ἐντολῆς
1242 3823 1256 3838 ⁸
1312 3805 1502 3869 ἄλλως
1542 3829 1599 3863 τε
1641 3811 1731 3863 καὶ
1775 3810 1938 3864 πάλιν

291 3886 674 3963 παραγγελίαν
735 3883 964 3968 ἔχοντας
1021 3897 1118 3947 τοῦ
1188 3896 1432 3970 μεγάλου
1492 3898 1800 3970 Βασιλείου,
1860 3899 1941 3956 ὅτι

294 3975 385 4032 δεῖ
414 3977 588 4031 πάντα
637 3978 1058 4052 ἀπαραλείπτως
1099 3982 1385 4062 φυλάττειν
1436 3988 1502 4041 τά
1551 3985 1639 4043 διὰ
1687 3994 1784 4045 τοῦ
1835 3993 1940 4047 Εὐ·

291 4064 565 4155 αγγελίου
614 4067 701 4122 καὶ
752 4074 859 4124 τῶν
901 4071 1228 4129 ἀποστόλων
1282 4075 1384 4129 ὑπὸ
1443 4081 1538 4130 τοῦ
1582 4078 1779 4155 Κυρίου
1837 4102 1942 4135 ποι-

292 4153 656 4229 ραὸεδομὲνα.
689 4162 863 4213 Ταῦτα
911 4160 986 4224 ὡς
1029 4162 1197 4237 Πατρὶ
1245 4165 1335 4218 καὶ
1387 4153 1700 4244 φιλουμὲνῴ
1746 4169 1944 4244 τεθάρ-

294 4247 445 4333 ῥηκα
493 4249 795 4323 φανερῶσαί
847 4270 930 4304 σοι
965 4269 978 4282 ³
1033 4251 1148 4306 ἐπεὶ
1187 4253 1275 4308 καὶ
1325 4257 1512 4328 ἡμεῖς,
1546 4257 1619 4319 ὡς
1671 4258 1872 4333 μάρτυς
1915 4263 1942 4314 ὁ

292 4331 749 4410 καρδιογνώστης
809 4339 962 4405 Θεὸς,
1022 4338 1145 4396 οὔτε
1214 4343 1561 4417 κηρύσσομεν
1623 4331 1767 4419 (οὕτε
1840 4350 1942 4424 γάρ

293 4424 463 4497 ἐσμεν
523 4424 905 4501 προῦχοντες),
959 4427 1081 4484 οὔτε
1136 4432 1590 4507 ἆπεχθανόμεθα’
1652 4436 1799 4491 ἀλλά
1854 4439 1943 4492 καὶ

295 4516 393 4569 τὸν
469 4517 841 4591 αὐτοκράτορα
917 4521 1006 4573 καὶ
1061 4523 1175 4594 (10)
1251 4521 1626 4579 εὺσεόἐστατον
1715 4529 1945 4600 βασιλέα

2051 3350 2418 3440 nequaquam
2450 3365 2752 3423 terendum
2783 3369 2890 3428 est,
2923 3357 3193 3431 quamvis
3235 3350 3682 3426 promissionem

2053 3438 2199 3526 vitae,
2242 3438 2506 3529 quamvis
2537 3454 2742 3510 mortis
2768 3452 2959 3506 minas
2990 3445 3247 3503 habeat?
3280 3442 3441 3497 Mitto
3496 3438 3687 3494 dicere

2051 3565 2228 3621 quam
2260 3526 2456 3602 multa:
2488 3544 2613 3600 aliae
2646 3543 2764 3598 sint
2794 3540 3116 3602 sententia,
3148 3549 3274 3605 qua
3305 3547 3410 3588 nos
3447 3528 3535 3584 vel
3587 3526 3688 3582 mi-

2053 3639 2276 3694 nimum
2309 3653 2342 3691 a
2365 3635 2632 3690 mandato
2663 3630 2955 3686 discedere
2977 3624 3305 3698 prohibent,
3329 3637 3463 3675 cum
3489 3615 3686 3687 magni

2052 3729 2265 3783 iterum
2305 3724 2497 3780 Basilii
2538 3723 2792 3778 edictum
2846 3716 3164 3772 habeamus
3225 3727 3239 3766 :
3291 3709 3444 3782 quod
3494 3705 3691 3762 omnia

2053 3832 2295 3888 prorsus
2329 3831 2431 3886 per
2463 3809 2840 3882 Evangelium
2899 3810 2955 3862 et
3003 3801 3293 3875 apostolos
3352 3817 3384 3853 a
3441 3795 3688 3851 Domino

2053 3885 2288 3971 tradita,
2321 3885 2600 3960 servanda
2630 3901 2750 3956 sint
2782 3899 2845 3952 ι’.
2883 3898 3010 3952 Hane
3037 3909 3142 3964 ego
3185 3891 3290 3946 tibi
3339 3885 3589 3954 ut:Patri
3635 3887 3692 3938 et

2055 3997 2240 4052 amico
2271 3994 2590 4066 patefacere
2621 4007 2736 4046 non
2766 3985 3040 4051 dubitavi,
3075 3977 3544 4053 quandoquidem
3584 3989 3691 4028 nos

2054 4087 2138 4157 (ut
2166 4086 2333 4142 testis
2363 4087 2450 4139 est
2480 4080 2743 4137 cordium
2772 4077 3066 4146 inspector
3095 4070 3266 4140 Deus)
3307 4081 3494 4137 neque
3544 4079 3692 4134 prae-

2054 4176 2344 4241 dicamus;
2381 4188 2492 4227 non
2539 4170 2693 4225 enim
2741 4165 3184 4238 praeminentes
3231 4171 3473 4222 sumus;
3509 4167 3693 4221 neque

2055 4263 2188 4318 odia
2218 4263 2578 4333 proﬁtemur,
2611 4258 2711 4313 sed
2743 4261 2799 4311 et
2828 4256 3237 4324 imperatorem
3275 4247 3462 4317 ipsum
3511 4242 3694 4312 piissi-

2056 4368 2329 4424 mumque
2361 4364 2556 4422 regem
2588 4346 2864 4402 charitate
2894 4342 3153 4415 gerimus
3180 4338 3236 4392 in
3271 4340 3520 4409 pectore,
3573 4348 3693 4387 orn-

2055 4458 2274 4512 nesque
2323 4438 2607 4510 sanguine
2648 4435 2789 4491 mihi
2839 4433 3206 4503 conjunctos,
3248 4441 3379 4481 cum
3430 4436 3694 4477 necessa-

2057 4533 2276 4588 riorum
2302 4529 2594 4584 studiosus
2626 4526 2760 4590 sim,
2780 4527 2844 4578 ut
2869 4521 2981 4593 ipsi
3008 4515 3194 4574 nostis
3222 4533 3234 4581 ;
3259 4523 3316 4570 et
3338 4511 3692 4567 mentionem

302 4604 319 4624 Ἰ
480 4603 503 4622 ἢ
633 4607 643 4625 1
792 4605 814 4625 )I

298 4603 738 4678 ἐγκαρδιωμένον
789 4605 991 4683 ἔχομεν
1032 4614 1101 4684 τῇ
1151 4613 1358 4687 ἀγάπῃ,
1390 4614 1478 4668 καὶ
1528 4611 1766 4680 ἅπαντας
1819 4621 1936 4679 τοὺς

2055 4624 2178 4694 ejus
2200 4621 2443 4686 facimus
2472 4616 2738 4673 etiamin
2787 4612 2982 4667 divina
3029 4605 3288 4676 liturgia,
3340 4607 3396 4658 et
3445 4616 3546 4672 pro
3595 4596 3692 4652 illo

301 4700 580 4771 συγγενεῖς
636 4718 761 4768 μου,
813 4697 1088 4776 φιλοίδιος
1142 4701 1423 4777 ὑπάρχων,
1469 4707 1542 4767 ὡς
1589 4706 1745 4779 ὑμεῖς
1788 4711 1945 4781 γινώ-

300 4803 478 4854 σκετε,
511 4785 601 4837 καὶ
653 4788 1065 4862 μνημονεύομεν
1100 4787 1264 4845 αὺτοῦ
1310 4792 1400 4846 καὶ
1450 4792 1501 4848 ἐν
1542 4799 1611 4868 τῇ
1660 4797 1777 4868 θείᾳ
1829 4797 1945 4852 λει-

295 4874 549 4947 τουργίᾳ,
598 4877 688 4929 καὶ
737 4875 1084 4952 ἐπευχόμεθα
1134 4877 1244 4952 ἰδίᾳ
1288 4901 1346 4936 τε
1395 4883 1485 4937 καὶ
1533 4881 1793 4956 δημοσίᾳ.
1846 4889 1944 4942 Καὶ

296 4964 400 5026 τῆς
440 4961 767 5049 Ἐκκλησίας
816 4969 1123 5023 κοινωνικοί
1176 4941 1356 5043 ἐσμεν.
1387 4973 1486 5027 Καὶ
1540 4941 1619 5045 μῆ
1669 4941 1941 5049 εἷἠιὴμῖν

295 5071 432 5106 ποτε
473 5048 856 5128 διασχισθῆναι
907 5058 996 5110 ἀπ’
1027 5058 1215 5128 αὐτῆς,
1271 5064 1676 5139 Συγχωρήσατέ
1728 5087 1822 5136 μοι
1855 5048 1942 5138 τῷ

303 5141 462 5214 μόνῳ
513 5143 826 5218 ἁμαρτωλῷ
860 5165 871 5176 ·
925 5145 1156 5220 εἱλόμην
1211 5149 1472 5223 θρηνῆσαι
1522 5153 1620 5214 τὰς
1672 5154 1943 5228 ἁμαρτίας

370 5290 416 5327 ¹²
445 5290 631 5346 Μαι-αι.
668 5291 888 5364 Regula
918 5311 1018 5356 xu,
1050 5313 1176 5367 cap.
1211 5298 1265 5352 3.

2059 4725 2358 4784 precamur
2382 4707 2646 4779 privatim
2669 4720 2736 4760 ac
2757 4701 3006 4773 publice,
3034 4703 3090 4753 et
3110 4693 3376 4750 Ecclesia!
3429 4704 3694 4745 commu-

2057 4782 2248 4858 nionis
2280 4798 2589 4871 participes
2621 4807 2872 4851 sumus:
2921 4790 3192 4859 absitque
3237 4788 3302 4838 ut
3348 4782 3420 4838 ab
3468 4795 3536 4834 ea
3584 4795 3695 4834 un-

2056 4907 2229 4962 quam
2281 4867 2637 4960 separemur.
2700 4881 2988 4954 Ignoscite
3046 4876 3189 4931 mihi
3249 4872 3355 4929 soli
3386 4867 3692 4941 peccatori.

2053 5159 2186 5214 est?
2217 5158 2478 5214 Concede
2508 5156 2614 5212 hoc
2673 5151 2840 5218 mihi,
2893 5143 3266 5204 dilectissime
3323 5135 3688 5198 consobrina,

1882 5401 2110 5457 NOT/E.

293 5518 512 5603 putavit
567 5521 958 5603 matrimonio.
991 5597 1000 5603 _
1029 5522 1254 5603 Mense“
1289 5525 1523 5580 demum
1592 5528 1939 5596 Septembri,

291 5589 611 5668 indictione
642 5593 694 5652 4,
731 5593 1291 5668 feria_hebd_omadis
1340 5603 1564 5666 quarta.
1617 5589 1832 5668 nuptiae
1883 5589 1940 5653 in

293 5661 354 5716 S.
389 5660 698 5717 Mamantis
723 5664 932 5733 templo
984 5664 1286 5721 celebratae
1317 5660 1468 5722 sunt.
1493 5660 1796 5741 (Τιιεοιὲιι.)

2121 5527 2236 5597 (10)
2296 5520 2685 5580 Ετόσεῦέστατον
2748 5516 3014 5597 βασιλέα.
3048 5513 3323 5597 ..βοτὶρῐα
3357 5595 3366 5597 _
3397 5510 3482 5562 est

2052 5576 2296 5668 epistola
2327 5576 2653 5668 pauloante
2678 5576 2924 5668 primum
2942 5576 3244 5668 exsilium;
3265 5595 3397 5668 cum
3425 5576 3685 5634 nondum

2054 5656 2114 5725 se
2145 5656 2514 5741 imperatoris
2546 5656 2961 5722 communione
2993 5656 3367 5728 sejunxisset.
