4090 6288
360 379 476 440 923

1599 383 1661 439 S.
1710 379 1810 439 TH
1823 380 2103 442 EODORI
2149 380 2515 443 STUDITE

3639 376 3760 436 924

363 517 524 584 potes
556 511 736 581 enim,
771 515 860 569 sat
889 512 1027 580 scio,
1065 515 1124 566 ut
1154 511 1388 582 quietus
1433 511 1525 568 hic
1554 529 1747 585 agam,
1782 515 1853 569 ab
1885 530 2009 569 om-

2128 535 2233 587 μου
2283 512 2334 566 ἐν
2381 515 2448 584 τῇ
2497 511 2670 585 γωνίᾳ
2716 509 2902 582 ταύτῃ,
2952 510 3041 565 καὶ
3094 511 3169 582 μή
3231 508 3596 585 συμφύρεσθαι
3641 514 3763 570 τοῖς

360 601 555 670 nibus,
609 603 759 672 quod
823 602 976 668 licet,
1049 607 1387 674 segregatus
1433 620 1446 657 :
1487 607 1544 657 et
1606 604 1726 658 acri
1779 603 2013 660 solertia

362 699 459 745 tua
499 691 738 762 obliqua
769 691 968 760 dirige,
1003 695 1058 746 et
1104 707 1312 762 aspera
1358 693 1684 762 complana,
1736 694 2012 764 pacisque

362 783 572 835 nostrae
606 779 942 835 conciliator
996 783 1140 846 esto,
1189 789 1240 836 et
1287 781 1503 851 quietis
1549 782 1798 852 adjutor,
1849 786 1914 838 ut
1962 782 2012 838 si

363 869 503 939 quid
536 869 672 923 hinc
708 869 876 924 nobis
935 871 1224 925 commodi
1271 874 1479 937 exstet,
1519 871 1677 940 juste
1727 876 1898 941 atque
1947 888 2012 926 ex

363 957 586 1013 ratione
616 959 1010 1029 dispensetur.

2121 603 2172 657 έν
2226 601 2440 674 κόσμῳ.
2487 600 2545 656 Τί
2593 605 2755 654 τοῦτο
2807 595 3105 676 ἔγκλημα;
3157 599 3378 673 χάρισαί
3433 621 3524 671 μοι
3577 602 3765 668 τοῦτο,

2121 693 2474 746 ποθεινότατε
2529 690 2714 764 ἀνεψιέ
2746 707 2758 719 ·
2813 687 2932 743 οἶδα
2985 691 3083 762 γὰρ
3143 689 3224 742 ὅτι
3292 689 3380 742 καὶ
3440 685 3569 761 δύνῃ
3601 709 3614 720 ο
3671 689 3765 742 καὶ

2122 785 2347 856 ἠρεμεῖν
2404 780 2650 850 ἐνταῦθα,
2706 781 2798 834 καὶ
2855 777 3265 834 ἀποδιίστασθαι
3325 779 3519 842 παντὸς
3593 779 3764 852 τυχὸν

2123 872 2412 946 ἀνθρώπου
2446 890 2458 902 ·
2493 870 2584 924 καὶ
2633 874 2702 942 τῇ
2755 869 2989 944 ἐμμελεῖ
3031 866 3283 945 ἀγχινοίᾳ
3314 889 3408 921 σου
3454 867 3520 921 τὰ
3566 865 3767 921 σκολιὰ

2122 961 2353 1030 ποίησον
2384 959 2506 1013 λεῖα
2538 976 2552 990 ⁶
2604 960 2695 1013 καὶ
2736 959 2803 1013 τὰ
2848 978 3185 1032 τραχυνοντα
3231 955 3620 1028 καθομάλισον.
3658 955 3763 1010 Καὶ

363 1052 517 1122 γενοῦ
561 1053 658 1102 τοῦ
719 1050 996 1124 εἰρηνικοῦ
1040 1052 1199 1122 ἡμῶν
1262 1045 1587 1124 βραϐευτής,
1646 1051 1733 1105 καὶ
1789 1058 1890 1121 τῆς
1938 1053 2176 1126 ἡσυχίας
2217 1053 2579 1122 συνασπιστής
2611 1069 2625 1082 '
2676 1047 2768 1104 'iva
2808 1048 2855 1103 εἴ
2897 1050 2989 1103 καί
3038 1071 3087 1102 τι
3138 1051 3273 1118 ἡμῖν
3313 1047 3452 1102 ἐστιν
3500 1047 3553 1102 ἐν
3585 1047 3764 1118 τούτῳ

364 1138 660 1212 χρήσιμον,
693 1136 948 1212 διαῖτήσῃ
983 1136 1206 1200 δικαίως
1239 1141 1326 1193 καὶ
1360 1141 1497 1194 κατά
1529 1139 1713 1215 λόγον.

790 1248 858 1304 V.
891 1281 958 1288 ——
989 1248 1260 1320 Stephano
1289 1267 1322 1304 (ι
1343 1250 1583 1305 secretis.

2515 1249 2588 1303 E'.
2632 1280 2697 1289 -—-
2742 1246 2995 1323 Στεφάνῳ
3033 1246 3354 1319 ἀσηκρῆτις.

425 1364 614 1414 Sacros
644 1367 804 1415 etiam
835 1367 1118 1427 antistites,
1151 1381 1269 1416 cum
1300 1372 1535 1430 peccant,
1565 1368 1664 1417 rite
1696 1367 1760 1416 ab
1792 1368 1928 1423 aliis,
1960 1369 2080 1417 licet
2107 1370 2275 1432 gradu
2307 1365 2652 1416 inferioribus
2672 1365 2967 1416 admoneri.
2993 1366 3206 1426 (Baron.
3237 1377 3324 1411 an.
3358 1362 3470 1419 995,
3504 1375 3556 1410 n.
3593 1362 3700 1423 61.)

437 1479 717 1529 Hesterno
740 1475 834 1529 die
858 1490 993 1530 cum
1016 1475 1268 1545 gloriosa
1292 1475 1600 1545 praesentia
1638 1480 1739 1530 tua
1786 1476 2014 1531 fruere-

367 1580 515 1629 ntur,
546 1569 677 1634 post
707 1563 820 1618 alia
870 1565 1141 1634 quaedam
1192 1564 1496 1634 colloquia,
1547 1581 1796 1636 quorum
1845 1581 2013 1620 causa

367 1656 477 1710 huc
501 1671 760 1721 veneras,
786 1655 1127 1710 devenimus
1151 1655 1386 1710 tandem
1409 1657 1478 1709 ad
1503 1656 1814 1726 Scriptura
1853 1672 2012 1725 quae-

365 1744 606 1813 stiones,
640 1748 696 1798 et
725 1744 784 1797 in
833 1744 1109 1815 ambigua
1158 1744 1441 1799 haerentes
1490 1746 1903 1814 disputatione,
1953 1760 2012 1799 re

365 1834 598 1898 infecta,
627 1833 868 1903 digressi
903 1849 1132 1888 sumus.
1180 1834 1239 1888 Et
1285 1850 1391 1889 nos
1433 1834 1701 1904 quidem,
1748 1833 2007 1902 domine,

368 1923 542 1976 rudes
557 1929 609 1976 et
633 1921 844 1991 ignari,
871 1923 1300 1993 sapientimtuas
1326 1922 1567 1977 minime
1590 1937 1759 1992 pares
1781 1937 2008 1976 sumus.

2125 1925 2284 1980 ταῦτα
2343 1923 2627 1996 διέστημεν
2681 1923 2771 1977 ἀπ’
2819 1920 3089 1992 ἀλλήλων
3124 1940 3138 1952 ·

369 2010 451 2066 Ne
481 2015 673 2066 tamen
707 2026 908 2066 eorum
939 2027 1062 2080 quis
1113 2011 1227 2066 dici
1285 2011 1498 2067 debent
1553 2011 1783 2066 silentio
1845 2010 2012 2065 nobis

356 2101 649 2171 judicium
673 2117 1070 2168 accersamus;
1097 2101 1332 2167 etenim,
1362 2101 1667 2171 Arguendo,
1689 2100 1791 2167 ait,
1819 2115 2015 2170 argues

363 2192 674 2260 proximum
704 2198 882 2258 tuum,
932 2194 983 2244 et
1024 2206 1135 2246 non
1172 2189 1398 2244 habebis
1455 2205 1617 2260 super
1669 2188 1772 2245 illo
1821 2204 2010 2259 pecca-

365 2290 482 2335 tum
515 2280 578 2346 ‘3,
612 2279 865 2334 maxime
913 2295 1044 2334 cum
1094 2279 1417 2349 sapientem
1468 2285 1774 2349 arguentes
1826 2279 2012 2346 magis

367 2368 686 2440 diligamur
720 2386 731 2422 :
765 2371 1155 2424 necessarium
1190 2368 1463 2424 duximus
1494 2367 1876 2439 congruentia
1904 2366 2010 2420 tibi

367 2473 847 2513 commemorare.
883 2459 989 2526 Tu,
1021 2458 1258 2514 domine
1291 2457 1391 2525 mi,
1428 2462 1491 2511 ut
1537 2456 1878 2528 compendio
1919 2455 2011 2509 di-

367 2565 516 2616 cam,
551 2548 1032 2617 interrogationes
1057 2547 1270 2601 multas
1292 2546 1823 2618 responsionesque
1866 2561 2012 2616 pras-

366 2638 580 2705 cidens,
629 2636 750 2690 hac
801 2637 992 2691 dixisti
1035 2637 1207 2691 :Non
1265 2637 1475 2690 debere
1532 2635 1853 2690 antistitem
1912 2634 2011 2704 qui

365 2726 522 2797 gregi
557 2726 776 2797 praesit,
807 2729 969 2780 extra
1000 2725 1134 2780 ﬁdei
1181 2741 1433 2791 causam,
1480 2725 1530 2780 si
1579 2723 1719 2795 quid
1771 2723 1832 2778 in
1881 2721 2011 2777 aliis

374 2815 598 2870 Domini
633 2815 925 2870 mandatis
964 2814 1048 2869 vel
1100 2814 1463 2884 imprudens,
1514 2815 1594 2869 vel
1643 2831 1753 2869 sua
1805 2816 2012 2883 sponte

367 2905 543 2960 faciat
573 2905 726 2975 quod
759 2904 997 2959 vetitum
1033 2905 1131 2974 sit,
1162 2905 1234 2958 ab
1285 2903 1400 2959 ullo
1455 2902 1760 2958 admoneri
1795 2921 1806 2955 :
1842 2900 2012 2954 nobis

368 2999 573 3050 contra
603 2994 1052 3062 afﬁrmantibus,
1104 2995 1342 3050 omnino
1392 2994 1622 3059 debere,
1668 2993 1767 3048 sed
1818 2992 1888 3046 ab
1939 2989 2012 3044 iis

371 3084 471 3156 qui
503 3085 652 3140 inter
673 3083 814 3138 alios
837 3083 1082 3139 scientia
1103 3087 1160 3138 et
1199 3083 1509 3154 prudentia
1558 3082 1839 3138 eminent.
1892 3078 2010 3135 Un-

302 3245 304 3248 ι
367 3173 572 3229 denam
595 3190 724 3228 vero
749 3173 884 3228 dicti
906 3173 1082 3242 hujus
1105 3173 1528 3228 absurditatem
1551 3171 1659 3226 tibi
1691 3187 1805 3226 non
1823 3181 2009 3224 osten-

2195 1476 2284 1529 Ἐν
2315 1478 2383 1546 τῇ
2417 1474 2544 1548 χθὲς
2593 1472 2795 1547 ἡμέρᾳ,
2826 1469 3010 1540 ἐπειδή
3042 1477 3141 1539 τῆς
3190 1466 3445 1528 εὐκλεοῦς
3479 1488 3573 1522 σου
3625 1488 3766 1542 παρ-

2124 1567 2304 1626 ουσίας
2370 1562 2422 1618 ἐν
2497 1565 2701 1635 μεθέξει
2777 1561 3095 1636 γεγόναμεν,
3159 1559 3291 1632 μετά
3364 1579 3514 1619 τινας
3591 1557 3770 1618 ἄλλας

2124 1653 2372 1726 ὁμιλίας,
2402 1653 2470 1707 δι’
2502 1653 2562 1714 ἓις
2595 1652 2684 1707 καὶ
2713 1655 2740 1706 ὁ
2771 1651 2972 1725 τρόπος
3003 1658 3103 1719 τῆς
3134 1648 3360 1704 ἐνταῦθά
3387 1669 3482 1702 σου
3513 1647 3771 1725 ἀφίξεως,

2123 1745 2197 1807 εἷς
2253 1744 2411 1818 λόγον
2462 1765 2579 1805 πως
2640 1741 2986 1814 ἔληλόθαμεν
3049 1745 3331 1816 1³ραφικῶν
3383 1740 3714 1812 ζητημάτων
3755 1757 3769 1770 ’

2121 1839 2210 1892 καὶ
2241 1839 2292 1891 ἐν
2327 1832 2634 1911 ἀμφιϐολίᾳ
2675 1834 2864 1907 πολλῇ
2921 1834 3292 1908 συσχεθέντες,
3325 1833 3601 1892 ἀπιθάνως
3631 1833 3770 1904 πρὸς

3193 1919 3281 1974 καὶ
3333 1922 3498 1993 ἡμεῖς
3551 1919 3669 1991 μὲν,
3721 1919 3770 1972 ὦ

2123 2013 2376 2085 δέσποτα,
2429 2012 2813 2082 ίδιωτίζοντες,
2865 2012 2925 2066 οὐ
2974 2011 3192 2071 πάντως
3235 2009 3371 2064 κατὰ
3417 2009 3516 2077 τὴν
3565 2011 3772 2080 παροῦ-

2123 2105 2215 2158 σάν
2247 2125 2341 2157 σου
2390 2105 2580 2178 σοφίαν
2633 2103 3029 2173 ὑπαντησομεν.
3062 2102 3177 2155 Ἵνα
3227 2096 3285 2153 δὲ
3341 2099 3414 2170 μή
3448 2102 3515 2171 τῇ
3562 2097 3772 2171 ἔφησο-

2122 2193 2282 2268 χάσει
2336 2198 2442 2248 τῶν
2513 2190 2886 2268 ὀφειλομένων
2939 2189 3250 2258 λαληθῆναι
3319 2193 3492 2260 κρῖμα
3549 2187 3768 2248 ἑαυτοῖς

2121 2283 2502 2356 ἀπενέγκοιμεν
2576 2279 2857 2354 (Ἐλεγμῴ
2929 2280 3054 2352 γὰρ,
3113 2276 3297 2356 φησὶν,
3357 2274 3591 2350 ὲλέγξεις
3669 2277 3767 2330 τὸν

2121 2371 2354 2440 πλησίον
2442 2391 2558 2436 σου,
2627 2370 2713 2422 καὶ
2798 2368 2859 2422 οὐ
2944 2369 3098 2441 λήψῃ
3183 2364 3253 2420 δι’
3338 2364 3496 2419 αὐτὸν
3584 2367 3772 2437 ἁμαρ-

2120 2461 2285 2535 τίαν),
2337 2459 2524 2522 ἄλλως
2574 2481 2632 2515 τε
2680 2459 2763 2514 ὅτι
2809 2460 2897 2514 καὶ
2948 2459 3109 2536 σοφὸν
3163 2457 3487 2534 ἐλέγχοντες
3545 2453 3768 2528 μᾶλλον

2123 2550 2609 2622 ἀγαπηθησόμεθα,
2670 2548 2954 2620 ἀναγκαῖον
3029 2545 3293 2618 ᾠήθημεν
3372 2545 3772 2620 προσφωνῆσαί

2123 2661 2205 2694 σοι
2251 2639 2319 2694 τὰ
2365 2635 2756 2692 ἐπιϐάλλοντα.
2807 2641 2866 2692 Ὁ
2922 2635 3111 2710 κύριός
3163 2655 3290 2708 μου,
3337 2631 3427 2687 τίνα
3481 2633 3770 2704 συντόμως

2121 2730 2249 2802 ἐρῶ,
2307 2728 2403 2789 τὰς
2462 2725 2677 2787 πολλὰς
2734 2724 2950 2786 πεύσεις
3008 2726 3095 2779 καὶ
3165 2721 3508 2798 ἀντιρρήσεις
3583 2720 3772 2776 ἐπισυ-

2124 2817 2390 2884 στέλλων,
2425 2815 2654 2887 ἔφησθα,
2686 2816 2760 2876 ὡς
2793 2813 2854 2869 οὐ
2903 2815 3015 2890 χρὴ
3048 2813 3140 2868 τὸν
3190 2815 3512 2888 προεστῶτα
3540 2831 3770 2883 ποιμεν-

2122 2909 2328 2982 άρχην,
2360 2905 2486 2980 ἄτερ
2536 2904 2790 2972 πίστεως,
2822 2903 2911 2957 ἐπὶ
2957 2907 3075 2964 ταῖς
3127 2900 3323 2962 ἄλλαις
3374 2899 3618 2960 ἐντολαῖς
3666 2904 3768 2952 τοῦ

2123 2998 2344 3071 Κυρίου,
2392 2996 2528 3049 κατά
2570 2991 2791 3068 ἄγνοιαν
2841 2992 2876 3061 ἢ
2924 2990 3163 3046 ἐθελοντὶ
3213 2990 3518 3064 πράττοντά
3553 3010 3605 3043 τι
3654 2992 3769 3042 τῶν

2124 3083 2600 3159 ἀπηγορευμένων,
2642 3085 2777 3156 πρός
2826 3103 2971 3143 τινος
3023 3081 3556 3153 ὑπομιμνήσκεσθαι,
3595 3079 3765 3150 ἡμῶν

2121 3175 2415 3251 λεγόντων,
2450 3175 2533 3228 ὅτι
2584 3173 2672 3226 καὶ
2708 3171 2856 3244 μάλα
2889 3190 2901 3202 ·
2953 3168 3083 3224 ἀλλ’
3109 3169 3213 3223 ὑπὸ
3258 3172 3365 3223 τῶν
3408 3166 3766 3241 προεχόντων

367 3264 619 3318 demus?
650 3264 910 3319 Primum
971 3264 1207 3333 quidem
1258 3280 1326 3318 ex
1381 3263 1568 3317 Veteri
1621 3263 2012 3317 Testamento.

2125 3265 2171 3319 ἐν
2218 3265 2413 3338 γνώσει
2460 3264 2552 3317 καὶ
2602 3263 2806 3316 συνέσει
2839 3260 2984 3334 παρᾶ
3028 3257 3157 3321 τοὺς
3207 3256 3439 3318 ἄλλους.
3473 3256 3571 3310 Καὶ
3620 3256 3762 3328 πρὸς

367 3355 514 3418 Quid
537 3354 688 3408 enim
707 3353 776 3408 de
799 3351 1031 3408 Daniele
1063 3369 1262 3408 censes
1283 3353 1310 3406 ?
1341 3355 1423 3407 An
1473 3353 1748 3421 seniores,
1801 3368 2012 3424 quam-

367 3445 454 3500 vis
477 3458 542 3498 ea
560 3444 820 3498 nondum
844 3447 1008 3498 astate
1031 3459 1161 3513 quae
1191 3443 1508 3514 legitimam
1535 3444 1811 3515 loquendi
1833 3446 2011 3501 liber-

369 3538 546 3589 tatem
603 3533 785 3592 daret,
817 3531 876 3584 in
935 3532 1140 3586 divina
1196 3533 1471 3586 Susanna:
1530 3533 2011 3590 condemnatione

371 3622 836 3695 praevaricantes,
872 3638 985 3677 non
1017 3622 1207 3676 solum
1229 3622 1572 3690 admonens,
1598 3638 1799 3679 verum
1832 3625 2005 3680 etiam

370 3713 784 3776 condemnans,
816 3710 1088 3766 laudatus
1110 3715 1217 3777 est,
1253 3728 1323 3766 an
1359 3728 1474 3767 non
1510 3711 1603 3765 ιιι
1651 3711 1866 3767 Deinde
1897 3731 2012 3769 non

371 3801 784 3857 animadvertis
803 3800 951 3856 Joab
981 3800 1039 3855 in
1075 3799 1272 3871 populi
1297 3802 1754 3869 enumeratione,
1789 3819 1920 3858 cum
1953 3804 2013 3860 in

372 3891 475 3947 Dei
507 3891 882 3946 tentationem
907 3906 997 3944 res
1028 3894 1316 3960 vergeret,
1351 3890 1801 3960 supplicantem,
1853 3894 2016 3948 obte-

373 3984 652 4047 stantem,
685 3979 1036 4048 persuadere
1068 3979 1261 4034 divino
1312 3979 1514 4035 Davidi
1563 3986 1894 4048 conantem,
1944 3997 2017 4036 ne

374 4071 432 4123 id
458 4070 628 4124 faciat
662 4068 754 4123 ‘5?
784 4076 919 4131 nota
948 4069 1104 4123 enim
1148 4068 1252 4123 tibi
1295 4074 1384 4124 est
1439 4069 1703 4124 historia.
1753 4071 1843 4125 Me
1883 4086 2015 4126 vero

377 4164 570 4214 movet
589 4164 645 4214 et
667 4159 864 4214 Jethro
900 4175 1176 4228 magnum
1211 4159 1409 4214 Mosen
1444 4159 1789 4228 admonens,
1821 4165 1876 4215 et
1915 4175 2014 4214 ex-

378 4253 620 4308 hortans
660 4270 774 4307 non
807 4254 889 4307 sic
922 4270 1117 4324 regere
1149 4253 1453 4325 populum,
1483 4253 1899 4323 hominemque
1923 4268 2018 4306 ru-

377 4341 654 4395 dimentis
687 4343 1115 4412 quodammodo
1142 4343 1476 4409 instituens,
1500 4343 1927 4412 traducensque
1947 4341 2018 4395 ad

378 4432 690 4486 consilium
716 4449 910 4486 suum.
933 4434 1004 4488 Et
1027 4435 1293 4503 quisnam
1328 4434 1452 4503 ipse
1473 4433 1500 4487 ?
1529 4431 1885 4503 Alienigena,
1909 4431 2017 4486 etsi

379 4537 560 4576 socer.
593 4521 696 4576 Cui
729 4522 970 4592 loquens
992 4524 1018 4577 ?
1051 4523 1110 4578 Ei
1145 4523 1245 4594 qui
1276 4523 1474 4577 omnia
1505 4539 1570 4578 ex
1611 4522 1805 4576 divina
1855 4537 2019 4575 reve-

380 4610 593 4666 latione
636 4611 842 4682 agebat
876 4614 936 4665 ¹⁶.
983 4614 1168 4682 Atque
1225 4613 1345 4667 haec
1401 4611 1636 4682 quidem
1696 4611 1914 4679 paucis,
1949 4626 2020 4664 ne

379 4702 671 4773 longiores
702 4704 909 4758 simus.
944 4703 1392 4757 Transeundum
1417 4705 1504 4756 est
1523 4702 1592 4756 ad
1643 4701 1888 4756 Novum.
1923 4702 2021 4757 Re-

379 4806 702 4860 vereamur,
737 4793 787 4847 si
811 4792 1019 4862 placet,
1040 4791 1483 4862 gloriosissime,
1516 4791 1828 4846 clarissimi
1861 4791 2020 4847 orbis

382 4884 542 4934 terra:
576 4882 852 4950 praeconis
872 4880 1123 4934 edictum
1161 4898 1172 4934 :
1205 4880 1267 4935 Si
1285 4888 1552 4952 postremo
1569 4879 1870 4934 revelatum
1897 4882 2024 4950 fue-

378 4972 478 5038 rit,
511 4973 724 5042 primus
753 4972 908 5026 sileat
934 4968 976 5004 ¹⁷
1011 5011 1026 5025 .
1057 4969 1206 5034 Non,
1241 4970 1396 5024 sicut
1425 4968 1630 5038 objicit
1667 4970 1878 5023 caritas
1903 4973 2022 5036 tua,

380 5069 451 5122 de
483 5068 594 5122 ﬁde
626 5067 768 5122 sola.
802 5068 891 5134 Et,
926 5067 1080 5137 quod
1134 5081 1223 5120 me
1273 5065 1696 5136 propemodum
1747 5065 2021 5136 fugiebat,

383 5173 634 5227 magnus
667 5173 850 5226 praeco
884 5154 1144 5209 veritatis
1191 5153 1447 5208 Joannes
1494 5153 1776 5207 Herodem
1830 5167 2024 5221 repre-

381 5245 578 5300 hendit
613 5243 676 5299 ‘3.
713 5247 929 5310 Quzeso,
965 5241 1248 5311 responde
1279 5241 1442 5296 mihi.
1475 5241 1585 5295 Sed
1635 5239 1926 5310 explodar,
1961 5245 2025 5293 ut

381 5333 544 5386 video
578 5340 629 5384 et
661 5330 986 5394 deridebor,
1013 5328 1164 5398 quod
1191 5326 1542 5397 mquiparem
1566 5343 1658 5382 me
1709 5324 2018 5396 prophetze.

383 5420 547 5477 Absit
579 5438 592 5476 :
628 5436 739 5472 non
777 5419 854 5471 ita
884 5422 994 5485 est,
1029 5418 1421 5486 optimoch'ec
1442 5433 1589 5481 vero,
1623 5415 1835 5486 inquit,
1885 5417 2021 5468 scri-

380 5522 473 5581 pta
519 5516 647 5563 sunt
695 5508 764 5562 ad
829 5509 1216 5562 correctionem
1253 5510 1496 5562 nostram
1548 5505 1635 5559 η’.
1698 5506 1764 5559 Ει
1812 5504 2023 5559 iterum

457 5637 500 5671 ¹³
528 5635 700 5689 Levit.
738 5651 849 5701 xux,
886 5635 981 5700 t7;
1011 5639 1172 5689 Prov.
1203 5651 1278 5693 ιχ.
1312 5634 1365 5687 8.
1403 5632 1449 5668 ¹⁴
1485 5633 1622 5687 Dan.
1657 5649 1780 5697 xm,
1815 5633 1839 5684 1
1884 5649 2046 5704 seqq.

388 5707 431 5745 1⁷
463 5709 484 5764 Ι
513 5709 640 5765 Cor.
673 5723 787 5776 x1v,
819 5709 907 5763 30.
942 5707 986 5743 ¹⁸
1012 5707 1213 5764 Matth.
1248 5723 1362 5777 xw,
1394 5706 1445 5760 4.
1482 5704 1553 5740 ιδ’
1580 5705 1601 5760 1
1632 5705 1757 5760 Cor.
1789 5719 1846 5775 x,
1874 5704 1930 5759 2.

2120 3361 2281 3412 τοῦτο
2341 3354 2533 3409 ὁπόθεν
2591 3353 2680 3408 καὶ
2739 3352 2800 3406 οὐ
2859 3350 3320 3425 παραστησόμεθά
3382 3369 3468 3402 σοι
3521 3348 3582 3401 τὸ
3662 3347 3764 3402 τοῦ

2121 3445 2292 3519 λόγου
2324 3444 2566 3513 ἄτοπον;
2613 3448 2834 3518 Πρῶτον
2873 3443 2966 3515 μὲν
2995 3441 3100 3495 ἀπὸ
3130 3447 3230 3509 τῆς
3279 3439 3524 3500 Παλαιᾶς
3557 3439 3769 3508 Διαθή-

2121 3556 2245 3605 κης,
2276 3535 2336 3588 Τί
2367 3534 2468 3608 γάρ
2503 3555 2588 3587 σοι
2619 3529 2768 3587 δοκεῖ
2814 3533 2876 3586 τὸ
2905 3535 3000 3585 τοῦ
3033 3529 3238 3599 Δανιήλ
3269 3548 3282 3598 ;
3317 3531 3417 3602 ἂρα
3460 3529 3588 3590 τοὺς
3631 3547 3770 3600 πρε-

2123 3619 2432 3696 σϐυτὲρους,
2463 3621 2655 3696 καίπερ
2706 3618 2778 3674 ὢν
2814 3621 2877 3674 οὐ
2907 3624 3002 3673 τοῦ
3051 3618 3286 3691 ἐννόμου
3333 3620 3523 3691 καιροῦ
3554 3624 3655 3685 τῆς
3689 3615 3772 3679 εἷς

2120 3713 2182 3768 τὸ
2216 3711 2393 3786 λέγειν
2443 3712 2533 3765 καὶ
2590 3709 3044 3784 παρρησιάζεσθαι
3095 3706 3337 3776 ἡλικίας,
3387 3709 3771 3781 παρανομοῦν-

2121 3825 2214 3866 τας
2273 3803 2409 3876 πρὸς
2460 3803 2558 3869 τὴν
2621 3807 2719 3869 τῆς
2774 3801 2919 3860 θείας
2969 3796 3259 3868 Σωσάννης
3308 3795 3628 3866 καταδίκην,
3669 3795 3770 3848 ἐπ-

2121 3894 2284 3966 ῃνέθη
2310 3890 2372 3944 οὐ
2401 3891 2564 3962 μόνον
2601 3889 3056 3961 ὑπομιμνήσκων,
3083 3885 3227 3941 ἀλλὰ
3257 3887 3345 3940 καὶ
3378 3884 3716 3960 κατακρίνων
3752 3904 3767 3919 ο

2124 3982 2211 4035 ναὶ
2259 3981 2292 4049 ἢ
2345 3976 2446 4047 cii;
2511 3979 2641 4033 Εἶτα
2685 3976 2745 4032 οὐ
2796 3973 2932 4049 δέχῃ
2981 3976 3072 4029 τὸν
3131 3969 3292 4030 Ἰωὰϐ
3342 3974 3393 4027 ἐν
3452 3977 3521 4047 τῇ
3580 3973 3774 4047 ἀπαριο

2124 4073 2322 4143 θμήσει
2379 4073 2476 4122 τοῦ
2525 4069 2681 4132 λαοῦ,
2733 4063 2887 4128 ὄντος
2945 4069 3041 4120 τοῦ
3094 4063 3369 4137 δράματος
3429 4063 3503 4124 εἷς
3559 4083 3771 4137 παρορ-

2123 4159 2320 4235 γισμὸν
2381 4163 2536 4224 Θεοῦ,
2595 4152 3009 4222 ἀντιϐολοῦντα,
3070 4151 3490 4228 ἐκλιπαροῦντα,
3547 4153 3775 4206 ἀναπεί-

2127 4254 2235 4305 θειν
2288 4249 2625 4322 πειρώμενον
2665 4248 2756 4300 τὸν
2806 4248 2948 4299 θεῖον
3001 4239 3191 4312 Δαϐὶδ,
3245 4244 3321 4314 μή
3378 4247 3538 4296 τοῦτο
3597 4240 3771 4312 δρᾷν;

2129 4340 2284 4392 οἶσθα
2314 4340 2418 4411 γάρ
2448 4340 2544 4405 τὴν
2596 4336 2861 4407 ἱστορίαν.
2895 4335 3031 4406 Ἐμὲ
3071 4332 3129 4386 δὲ
3177 4329 3417 4386 δυσωπεῖ
3459 4332 3548 4385 καὶ
3595 4332 3773 4406 Ἰοθὸρ

2130 4429 2561 4500 ὑπομιμνήσκων
2607 4426 2697 4478 τὸν
2750 4423 2915 4498 μέγαν
2977 4429 3203 4490 Μωσῆν,
3251 4421 3340 4475 καὶ
3387 4421 3775 4496 παρεγγυώμε-

2125 4542 2216 4582 νος
2254 4521 2329 4592 μὴ
2365 4518 2508 4572 οὕτω
2535 4514 2790 4589 διεξάγειν
2820 4516 2912 4570 τὸν
2948 4513 3102 4582 λαὸν,
3135 4514 3224 4568 καὶ
3258 4513 3420 4568 οἱονεὶ
3453 4519 3773 4586 στοιχειιῖΝ,

2054 4609 2217 4711 Ι)κοιὶ
2277 4609 2410 4682 πρὸς
2454 4609 2552 4674 τήν
2598 4605 2802 4660 οἰκείαν
2869 4603 3076 4678 βουλὴν
3142 4601 3616 4678 μεταρρυθμίζων.
3672 4605 3774 4658 Καὶ

2171 4699 2180 4711 ι
2256 4696 2278 4711 ν
2392 4699 2403 4711 I
2422 4704 2430 4711 .
2456 4694 2473 4711 κ
2495 4694 2513 4711 Ν
2673 4697 2687 4711 \
2811 4694 2824 4711 Ἰ
2949 4693 2964 4711 \
3085 4690 3109 4711 δ
3229 4693 3242 4711 Ι
3334 4698 3366 4711 Ιν
3415 4690 3428 4708 ‘
3518 4691 3530 4709 Ι
3660 4696 3687 4706 α’

2129 4699 2212 4760 τίς
2242 4696 2350 4766 ὥνς
2392 4694 2748 4770 Ἀλλογενής,
2781 4694 2826 4748 εἰ
2875 4693 2964 4748 καὶ
3005 4690 3298 4762 κηδεστής.
3333 4690 3430 4745 Καὶ
3478 4691 3582 4744 τίνι
3614 4696 3730 4767 φῶν
3759 4712 3774 4762 ;

2130 4792 2216 4858 Τῷ
2270 4786 2441 4839 πάντα
2497 4785 2635 4838 κατὰ
2691 4783 3034 4856 ἀποκάλυψιν
3094 4785 3228 4836 Θεοῦ
3297 4779 3775 4853 διαπραττομένῳ.

3049 4869 3143 4924 ’ίνα
3195 4871 3272 4943 μή
3326 4871 3774 4944 μακρηγορήσω·

2136 4988 2252 5036 μεν.
2287 4965 2542 5021 Μετιτέον
2574 4961 2630 5016 δὲ
2679 4961 2765 5017 ἐπὶ
2795 4963 2895 5030 τὴν
2949 4960 3102 5018 Νέαν.
3155 4957 3523 5031 Δῖδεσθῶμεν,
3557 4959 3601 5012 εἷ
3643 4959 3778 5032 βού-

2133 4879 2236 4934 Καὶ
2265 4880 2431 4930 ταῦτα
2485 4875 2578 4946 μὲν
2630 4873 2712 4927 ἐπ’
2761 4870 2953 4948 ὀλίγον
2989 4891 3001 4903 ·

2133 5053 2238 5122 λει,
2295 5052 2637 5130 πανεύιρημε,
2696 5050 2785 5105 καὶ
2837 5051 2898 5104 τὸ
2957 5052 3052 5103 τοῦ
3109 5055 3209 5117 τῆς
3262 5046 3591 5121 οἰκουμένης
3657 5044 3778 5101 δια-

2131 5144 2361 5219 πρυσίου
2408 5145 2645 5216 κήρυκος
2689 5141 3060 5214 ὑπαγόρευμα,
3107 5140 3192 5208 τὸ,
3241 5139 3364 5192 Ἐάν
3421 5142 3500 5210 τῷ
3557 5136 3780 5210 ἐσχάτῳ

2135 5234 2492 5312 ἀποκαλυφθῇ
2540 5234 2566 5287 ὁ
2617 5236 2832 5304 πρῶτος
2890 5231 3113 5304 σιγάτω.
3163 5228 3308 5301 Οὐχ,
3366 5226 3438 5288 ὡς
3497 5226 3779 5281 ἀντιτείνει

2133 5327 2166 5393 ἡ
2201 5324 2432 5401 φιλότης
2467 5343 2581 5391 σου,
2633 5325 2794 5375 τοῦτο
2825 5319 2948 5394 περῖ
2995 5317 3162 5391 μόνης
3209 5317 3466 5377 πίστεως.
3499 5315 3624 5383 Καὶ,
3658 5318 3776 5370 οἷον

2136 5413 2200 5483 δή
2261 5435 2326 5486 με
2382 5411 2652 5485 παρέλαθε
2710 5412 2907 5484 μικροῦ
2965 5405 3098 5477 δεῖν,
3150 5408 3178 5460 ὁ
3241 5407 3404 5480 μέγας
3461 5406 3631 5479 κήρυξ
3677 5411 3777 5473 τῆς

2136 5501 2392 5572 ἀληθείας
2453 5500 2703 5568 Ἰωάννης
2761 5495 2981 5573 ἐλέγχει
3037 5496 3129 5549 τὸν
3198 5491 3470 5566 Ἡρώδην.
3533 5495 3780 5568 Ἐρωτῶ,

2107 5633 2149 5667 ¹⁵
2181 5631 2221 5686 Ι.
2259 5631 2398 5703 Reg.
2449 5647 2601 5700 xxxv,
2640 5632 2662 5683 1
2708 5645 2871 5701 seqq.
2934 5629 2978 5665 η
3036 5628 3212 5686 Exod.
3267 5644 3430 5689 xvm.
3488 5630 3552 5684 13
3611 5645 3777 5702 seqq.
