  <div class='ocr_page' id='page_1' title='image "/cluster/home/n/w/nwhite01/storage/ocr_20150623/99/mdp.39015005675577/468.png"; bbox 0 0 4090 6288; ppageno 0'>
   <div class='ocr_carea' id='block_1_1' title="bbox 256 425 375 484">
    <p class='ocr_par' dir='ltr' id='par_1_1' title="bbox 256 425 375 484">
     <span class='ocr_line' id='line_1_1' title="bbox 256 425 375 484; baseline 0.008 -1"><span class='ocrx_word' id='word_1_1' title='bbox 256 425 375 484; x_wconf 71' lang='grc'>925</span> 
     </span>
    </p>
   </div>
   <div class='ocr_carea' id='block_1_2' title="bbox 1536 424 2377 487">
    <p class='ocr_par' dir='ltr' id='par_1_2' title="bbox 1536 424 2377 487">
     <span class='ocr_line' id='line_1_2' title="bbox 1536 424 2377 487; baseline 0.005 -5"><span class='ocrx_word' id='word_1_2' title='bbox 1536 424 2085 487; x_wconf 81' lang='lat' dir='ltr'>EPISTULARUM</span> <span class='ocrx_word' id='word_1_3' title='bbox 2138 428 2278 486; x_wconf 85' lang='lat' dir='ltr'>LIB.</span> <span class='ocrx_word' id='word_1_4' title='bbox 2329 428 2377 486; x_wconf 88' lang='lat' dir='ltr'>l.</span> 
     </span>
    </p>
   </div>
   <div class='ocr_carea' id='block_1_3' title="bbox 3544 419 3663 476">
    <p class='ocr_par' dir='ltr' id='par_1_3' title="bbox 3544 419 3663 476">
     <span class='ocr_line' id='line_1_3' title="bbox 3544 419 3663 476; baseline -0.008 0"><span class='ocrx_word' id='word_1_5' title='bbox 3544 419 3663 476; x_wconf 70' lang='lat'>926</span> 
     </span>
    </p>
   </div>
   <div class='ocr_carea' id='block_1_4' title="bbox 257 554 1906 635">
    <p class='ocr_par' dir='ltr' id='par_1_4' title="bbox 257 556 1899 635">
     <span class='ocr_line' id='line_1_4' title="bbox 257 556 1899 635; baseline -0.003 -17"><span class='ocrx_word' id='word_1_6' title='bbox 257 560 551 634; x_wconf 78' lang='grc' dir='ltr'>ἀπόκριναί</span> <span class='ocrx_word' id='word_1_7' title='bbox 614 582 747 634; x_wconf 89' lang='grc' dir='ltr'>μοι.</span> <span class='ocrx_word' id='word_1_8' title='bbox 804 559 959 617; x_wconf 86' lang='grc' dir='ltr'>Ἀλλ’</span> <span class='ocrx_word' id='word_1_9' title='bbox 1036 560 1327 635; x_wconf 82' lang='grc' dir='ltr'>ἀγχίθυρος</span> <span class='ocrx_word' id='word_1_10' title='bbox 1377 560 1404 612; x_wconf 82' lang='grc' dir='ltr'>ό</span> <span class='ocrx_word' id='word_1_11' title='bbox 1454 560 1588 631; x_wconf 86' lang='grc' dir='ltr'>πρὸς</span> <span class='ocrx_word' id='word_1_12' title='bbox 1641 556 1737 633; x_wconf 67' lang='grc' dir='ltr'>ἐμὲ</span> <span class='ocrx_word' id='word_1_13' title='bbox 1796 558 1899 615; x_wconf 76' lang='grc' dir='ltr'>οἷδ’</span> 
     </span>
    </p>
   </div>
   <div class='ocr_carea' id='block_1_5' title="bbox 2027 554 3658 635">
    <p class='ocr_par' dir='ltr' id='par_1_5' title="bbox 2027 554 3658 627">
     <span class='ocr_line' id='line_1_5' title="bbox 2027 554 3658 627; baseline -0.006 -10"><span class='ocrx_word' id='word_1_14' title='bbox 2027 564 2226 619; x_wconf 80' lang='lat' dir='ltr'>Paulus</span> <span class='ocrx_word' id='word_1_15' title='bbox 2262 580 2274 619; x_wconf 91' lang='lat'><strong>:</strong></span> <span class='ocrx_word' id='word_1_16' title='bbox 2301 563 2611 618; x_wconf 75' lang='lat' dir='ltr'>[milatores</span> <span class='ocrx_word' id='word_1_17' title='bbox 2630 560 2743 616; x_wconf 84' lang='lat' dir='ltr'>mei</span> <span class='ocrx_word' id='word_1_18' title='bbox 2772 566 2965 627; x_wconf 73' lang='lat' dir='ltr'>estate,</span> <span class='ocrx_word' id='word_1_19' title='bbox 2990 560 3129 613; x_wconf 72' lang='lat' dir='ltr'>sicut</span> <span class='ocrx_word' id='word_1_20' title='bbox 3158 564 3208 612; x_wconf 78' lang='lat' dir='ltr'>et</span> <span class='ocrx_word' id='word_1_21' title='bbox 3236 572 3328 627; x_wconf 80' lang='lat' dir='ltr'>ego</span> <span class='ocrx_word' id='word_1_22' title='bbox 3361 554 3571 610; x_wconf 80' lang='lat' dir='ltr'>Christi</span> <span class='ocrx_word' id='word_1_23' title='bbox 3594 556 3658 622; x_wconf 72' lang='grc' dir='ltr'>ιο,</span> 
     </span>
    </p>
   </div>
   <div class='ocr_carea' id='block_1_6' title="bbox 257 649 1909 725">
    <p class='ocr_par' dir='ltr' id='par_1_6' title="bbox 257 649 1909 725">
     <span class='ocr_line' id='line_1_6' title="bbox 257 649 1909 725; baseline -0.001 -20"><span class='ocrx_word' id='word_1_24' title='bbox 257 652 345 706; x_wconf 78' lang='grc' dir='ltr'>ὅτι</span> <span class='ocrx_word' id='word_1_25' title='bbox 382 652 557 725; x_wconf 90' lang='grc' dir='ltr'>γέλως</span> <span class='ocrx_word' id='word_1_26' title='bbox 585 669 597 681; x_wconf 88' lang='grc'><em>’</em></span> <span class='ocrx_word' id='word_1_27' title='bbox 630 652 691 704; x_wconf 89' lang='grc' dir='ltr'>τὸ</span> <span class='ocrx_word' id='word_1_28' title='bbox 724 652 806 704; x_wconf 86' lang='grc' dir='ltr'>ὅτι</span> <span class='ocrx_word' id='word_1_29' title='bbox 840 649 891 704; x_wconf 84' lang='grc' dir='ltr'>ἐν</span> <span class='ocrx_word' id='word_1_30' title='bbox 926 651 1108 722; x_wconf 79' lang='grc' dir='ltr'>μέτρῳ</span> <span class='ocrx_word' id='word_1_31' title='bbox 1145 654 1242 703; x_wconf 82' lang='grc' dir='ltr'>τοῦ</span> <span class='ocrx_word' id='word_1_32' title='bbox 1292 650 1581 724; x_wconf 72' lang='grc' dir='ltr'>προφήτου</span> <span class='ocrx_word' id='word_1_33' title='bbox 1638 649 1909 705; x_wconf 81' lang='grc' dir='ltr'>ἷσοστατεῖ</span> 
     </span>
    </p>
   </div>
   <div class='ocr_carea' id='block_1_7' title="bbox 257 735 1903 812">
    <p class='ocr_par' dir='ltr' id='par_1_7' title="bbox 257 735 1903 812">
     <span class='ocr_line' id='line_1_7' title="bbox 257 735 1903 812; baseline -0.001 -19"><span class='ocrx_word' id='word_1_34' title='bbox 257 740 484 793; x_wconf 70' lang='grc' dir='ltr'>ἔαυτόν.</span> <span class='ocrx_word' id='word_1_35' title='bbox 547 736 703 792; x_wconf 75' lang='grc' dir='ltr'>’Δλλ’</span> <span class='ocrx_word' id='word_1_36' title='bbox 749 738 858 812; x_wconf 73' lang='grc' dir='ltr'>οὐχ</span> <span class='ocrx_word' id='word_1_37' title='bbox 907 737 1099 805; x_wconf 76' lang='grc' dir='ltr'>οὕτως,</span> <span class='ocrx_word' id='word_1_38' title='bbox 1154 735 1197 790; x_wconf 88' lang='grc' dir='ltr'><strong>ὦ</strong></span> <span class='ocrx_word' id='word_1_39' title='bbox 1262 736 1543 811; x_wconf 84' lang='grc' dir='ltr'>βέλτιστε·</span> <span class='ocrx_word' id='word_1_40' title='bbox 1599 741 1778 792; x_wconf 84' lang='grc' dir='ltr'>Ταῦτά</span> <span class='ocrx_word' id='word_1_41' title='bbox 1827 738 1903 807; x_wconf 76' lang='grc' dir='ltr'>δὲ,</span> 
     </span>
    </p>
   </div>
   <div class='ocr_carea' id='block_1_8' title="bbox 258 826 1905 905">
    <p class='ocr_par' dir='ltr' id='par_1_8' title="bbox 258 826 1905 905">
     <span class='ocr_line' id='line_1_8' title="bbox 258 826 1905 905; baseline 0 -24"><span class='ocrx_word' id='word_1_42' title='bbox 258 828 447 905; x_wconf 76' lang='grc' dir='ltr'>φησὶν,</span> <span class='ocrx_word' id='word_1_43' title='bbox 501 827 708 903; x_wconf 77' lang='grc' dir='ltr'>ἐγράφη</span> <span class='ocrx_word' id='word_1_44' title='bbox 770 828 906 900; x_wconf 87' lang='grc' dir='ltr'>πρὸς</span> <span class='ocrx_word' id='word_1_45' title='bbox 960 826 1229 880; x_wconf 76' lang='grc' dir='ltr'>νουθεσίαν</span> <span class='ocrx_word' id='word_1_46' title='bbox 1290 827 1596 899; x_wconf 89' lang='grc' dir='ltr'>ἡμετέραν.</span> <span class='ocrx_word' id='word_1_47' title='bbox 1653 827 1749 882; x_wconf 69' lang='grc' dir='ltr'>Καὶ</span> <span class='ocrx_word' id='word_1_48' title='bbox 1801 826 1905 881; x_wconf 79' lang='grc' dir='ltr'>αὗ-</span> 
     </span>
    </p>
   </div>
   <div class='ocr_carea' id='block_1_9' title="bbox 259 914 1905 991">
    <p class='ocr_par' dir='ltr' id='par_1_9' title="bbox 259 914 1905 991">
     <span class='ocr_line' id='line_1_9' title="bbox 259 914 1905 991; baseline 0 -22"><span class='ocrx_word' id='word_1_49' title='bbox 259 920 344 976; x_wconf 85' lang='grc' dir='ltr'>θις</span> <span class='ocrx_word' id='word_1_50' title='bbox 381 918 407 970; x_wconf 89' lang='grc' dir='ltr'>ὁ</span> <span class='ocrx_word' id='word_1_51' title='bbox 458 916 713 977; x_wconf 76' lang='grc' dir='ltr'>Παῦλος·</span> <span class='ocrx_word' id='word_1_52' title='bbox 776 914 1024 988; x_wconf 77' lang='grc' dir='ltr'>Μιμητάὶ</span> <span class='ocrx_word' id='word_1_53' title='bbox 1085 938 1189 988; x_wconf 88' lang='grc' dir='ltr'>μου</span> <span class='ocrx_word' id='word_1_54' title='bbox 1247 914 1477 990; x_wconf 81' lang='grc' dir='ltr'>γίνεσθε,</span> <span class='ocrx_word' id='word_1_55' title='bbox 1529 916 1705 975; x_wconf 86' lang='grc' dir='ltr'>καθὼς</span> <span class='ocrx_word' id='word_1_56' title='bbox 1756 917 1905 991; x_wconf 86' lang='grc' dir='ltr'>κάγὼ</span> 
     </span>
    </p>
   </div>
   <div class='ocr_carea' id='block_1_10' title="bbox 260 1001 1908 1080">
    <p class='ocr_par' dir='ltr' id='par_1_10' title="bbox 260 1001 1908 1080">
     <span class='ocr_line' id='line_1_10' title="bbox 260 1001 1908 1080; baseline -0.001 -20"><span class='ocrx_word' id='word_1_57' title='bbox 260 1010 497 1080; x_wconf 78' lang='grc' dir='ltr'>Χριστοῦ</span> <span class='ocrx_word' id='word_1_58' title='bbox 523 1049 534 1060; x_wconf 93' lang='grc'>.</span> <span class='ocrx_word' id='word_1_59' title='bbox 564 1011 686 1067; x_wconf 85' lang='grc' dir='ltr'>ΙΙῶς</span> <span class='ocrx_word' id='word_1_60' title='bbox 712 1002 765 1059; x_wconf 79' lang='grc' dir='ltr'>δὲ</span> <span class='ocrx_word' id='word_1_61' title='bbox 788 1006 871 1059; x_wconf 78' lang='grc' dir='ltr'>καὶ</span> <span class='ocrx_word' id='word_1_62' title='bbox 899 1007 1016 1058; x_wconf 83' lang='grc' dir='ltr'>οἷόν</span> <span class='ocrx_word' id='word_1_63' title='bbox 1036 1025 1091 1058; x_wconf 91' lang='grc' dir='ltr'>τε</span> <span class='ocrx_word' id='word_1_64' title='bbox 1115 1001 1418 1077; x_wconf 73' lang='grc' dir='ltr'>ὀρθοδοξεῖν</span> <span class='ocrx_word' id='word_1_65' title='bbox 1440 1006 1529 1058; x_wconf 83' lang='grc' dir='ltr'>τὸν</span> <span class='ocrx_word' id='word_1_66' title='bbox 1562 1003 1908 1079; x_wconf 80' lang='grc' dir='ltr'>λοξοεργοῦν-</span> 
     </span>
    </p>
   </div>
   <div class='ocr_carea' id='block_1_11' title="bbox 260 1089 1908 1168">
    <p class='ocr_par' dir='ltr' id='par_1_11' title="bbox 260 1089 1908 1168">
     <span class='ocr_line' id='line_1_11' title="bbox 260 1089 1908 1168; baseline -0.001 -19"><span class='ocrx_word' id='word_1_67' title='bbox 260 1116 349 1162; x_wconf 89' lang='grc' dir='ltr'>τα,</span> <span class='ocrx_word' id='word_1_68' title='bbox 382 1099 477 1150; x_wconf 88' lang='grc' dir='ltr'>τοῦ</span> <span class='ocrx_word' id='word_1_69' title='bbox 509 1094 655 1149; x_wconf 80' lang='grc' dir='ltr'>θείου</span> <span class='ocrx_word' id='word_1_70' title='bbox 686 1089 947 1149; x_wconf 74' lang='grc' dir='ltr'>Ἰακώϐου</span> <span class='ocrx_word' id='word_1_71' title='bbox 982 1094 1352 1166; x_wconf 68' lang='grc' dir='ltr'>ἐνισταμένου,</span> <span class='ocrx_word' id='word_1_72' title='bbox 1474 1098 1579 1147; x_wconf 90' lang='grc' dir='ltr'>τῶν</span> <span class='ocrx_word' id='word_1_73' title='bbox 1612 1092 1908 1168; x_wconf 79' lang='grc' dir='ltr'>ἓργωνδεί-</span> 
     </span>
    </p>
   </div>
   <div class='ocr_carea' id='block_1_12' title="bbox 258 1181 1907 1260">
    <p class='ocr_par' dir='ltr' id='par_1_12' title="bbox 258 1181 1907 1260">
     <span class='ocr_line' id='line_1_12' title="bbox 258 1181 1907 1260; baseline 0.001 -22"><span class='ocrx_word' id='word_1_74' title='bbox 258 1187 485 1239; x_wconf 82' lang='grc' dir='ltr'>κνυσθαι</span> <span class='ocrx_word' id='word_1_75' title='bbox 516 1187 612 1253; x_wconf 73' lang='grc' dir='ltr'>τὴν</span> <span class='ocrx_word' id='word_1_76' title='bbox 646 1182 824 1238; x_wconf 83' lang='grc' dir='ltr'>πίστιν</span> <span class='ocrx_word' id='word_1_77' title='bbox 853 1204 865 1215; x_wconf 92' lang='grc'>·</span> <span class='ocrx_word' id='word_1_78' title='bbox 913 1184 1001 1237; x_wconf 81' lang='grc' dir='ltr'>καὶ</span> <span class='ocrx_word' id='word_1_79' title='bbox 1032 1183 1159 1243; x_wconf 80' lang='grc' dir='ltr'>τοὺς</span> <span class='ocrx_word' id='word_1_80' title='bbox 1206 1184 1326 1257; x_wconf 86' lang='grc' dir='ltr'>περῖ</span> <span class='ocrx_word' id='word_1_81' title='bbox 1382 1184 1443 1238; x_wconf 88' lang='grc' dir='ltr'>τὸ</span> <span class='ocrx_word' id='word_1_82' title='bbox 1474 1181 1526 1237; x_wconf 81' lang='grc' dir='ltr'>ἔν</span> <span class='ocrx_word' id='word_1_83' title='bbox 1581 1182 1907 1260; x_wconf 76' lang='grc' dir='ltr'>σφαλλομέ-</span> 
     </span>
    </p>
   </div>
   <div class='ocr_carea' id='block_1_13' title="bbox 258 1266 1907 1346">
    <p class='ocr_par' dir='ltr' id='par_1_13' title="bbox 258 1266 1907 1346">
     <span class='ocr_line' id='line_1_13' title="bbox 258 1266 1907 1346; baseline 0 -21"><span class='ocrx_word' id='word_1_84' title='bbox 258 1292 412 1340; x_wconf 86' lang='grc' dir='ltr'>νους,</span> <span class='ocrx_word' id='word_1_85' title='bbox 431 1267 569 1341; x_wconf 85' lang='grc' dir='ltr'>μηδέ</span> <span class='ocrx_word' id='word_1_86' title='bbox 591 1270 652 1325; x_wconf 82' lang='grc' dir='ltr'>τὸ</span> <span class='ocrx_word' id='word_1_87' title='bbox 671 1270 892 1346; x_wconf 86' lang='grc' dir='ltr'>θάτερον</span> <span class='ocrx_word' id='word_1_88' title='bbox 913 1266 1090 1344; x_wconf 74' lang='grc' dir='ltr'>ἔχεινς</span> <span class='ocrx_word' id='word_1_89' title='bbox 1114 1270 1395 1324; x_wconf 72' lang='grc' dir='ltr'>Τοσούτων</span> <span class='ocrx_word' id='word_1_90' title='bbox 1417 1269 1507 1324; x_wconf 82' lang='grc' dir='ltr'>οῦν</span> <span class='ocrx_word' id='word_1_91' title='bbox 1528 1270 1616 1323; x_wconf 83' lang='grc' dir='ltr'>καὶ</span> <span class='ocrx_word' id='word_1_92' title='bbox 1639 1269 1907 1339; x_wconf 79' lang='grc' dir='ltr'>τηλικού-</span> 
     </span>
    </p>
   </div>
   <div class='ocr_carea' id='block_1_14' title="bbox 256 1356 1909 1435">
    <p class='ocr_par' dir='ltr' id='par_1_14' title="bbox 256 1356 1909 1435">
     <span class='ocr_line' id='line_1_14' title="bbox 256 1356 1909 1435; baseline -0.001 -21"><span class='ocrx_word' id='word_1_93' title='bbox 256 1382 372 1414; x_wconf 89' lang='grc' dir='ltr'>των</span> <span class='ocrx_word' id='word_1_94' title='bbox 407 1358 571 1413; x_wconf 81' lang='grc' dir='ltr'>ὅντων</span> <span class='ocrx_word' id='word_1_95' title='bbox 609 1358 923 1432; x_wconf 78' lang='grc' dir='ltr'>μαρτύρων,</span> <span class='ocrx_word' id='word_1_96' title='bbox 955 1359 1052 1412; x_wconf 77' lang='grc' dir='ltr'>οὐκ</span> <span class='ocrx_word' id='word_1_97' title='bbox 1082 1356 1275 1431; x_wconf 79' lang='grc' dir='ltr'>οἷόμάι</span> <span class='ocrx_word' id='word_1_98' title='bbox 1306 1359 1648 1435; x_wconf 81' lang='grc' dir='ltr'>ἀντιφάσκειν</span> <span class='ocrx_word' id='word_1_99' title='bbox 1676 1360 1778 1426; x_wconf 80' lang='grc' dir='ltr'>τὴν</span> <span class='ocrx_word' id='word_1_100' title='bbox 1820 1358 1909 1412; x_wconf 81' lang='grc' dir='ltr'>εὐ-</span> 
     </span>
    </p>
   </div>
   <div class='ocr_carea' id='block_1_15' title="bbox 255 1445 1905 1522">
    <p class='ocr_par' dir='ltr' id='par_1_15' title="bbox 255 1445 1905 1522">
     <span class='ocr_line' id='line_1_15' title="bbox 255 1445 1905 1522; baseline 0 -21"><span class='ocrx_word' id='word_1_101' title='bbox 255 1447 467 1522; x_wconf 87' lang='grc' dir='ltr'>γένειάν</span> <span class='ocrx_word' id='word_1_102' title='bbox 504 1469 629 1504; x_wconf 88' lang='grc' dir='ltr'>σου.</span> <span class='ocrx_word' id='word_1_103' title='bbox 687 1447 751 1505; x_wconf 83' lang='grc' dir='ltr'>Εἰ</span> <span class='ocrx_word' id='word_1_104' title='bbox 802 1445 857 1501; x_wconf 77' lang='grc' dir='ltr'>δὲ</span> <span class='ocrx_word' id='word_1_105' title='bbox 887 1452 1070 1516; x_wconf 89' lang='grc' dir='ltr'>τοῦτο,</span> <span class='ocrx_word' id='word_1_106' title='bbox 1124 1446 1589 1504; x_wconf 81' lang='grc' dir='ltr'>ἀντεπιστελλέτω</span> <span class='ocrx_word' id='word_1_107' title='bbox 1619 1453 1689 1522; x_wconf 80' lang='grc' dir='ltr'>τῇ</span> <span class='ocrx_word' id='word_1_108' title='bbox 1732 1448 1905 1520; x_wconf 87' lang='grc' dir='ltr'>ἀσυμ-</span> 
     </span>
    </p>
   </div>
   <div class='ocr_carea' id='block_1_16' title="bbox 256 1534 1906 1613">
    <p class='ocr_par' dir='ltr' id='par_1_16' title="bbox 256 1534 1906 1613">
     <span class='ocr_line' id='line_1_16' title="bbox 256 1534 1906 1613; baseline 0 -22"><span class='ocrx_word' id='word_1_109' title='bbox 256 1536 421 1612; x_wconf 79' lang='grc' dir='ltr'>φιλίᾳ</span> <span class='ocrx_word' id='word_1_110' title='bbox 454 1541 614 1610; x_wconf 87' lang='grc' dir='ltr'>ἡμῶν</span> <span class='ocrx_word' id='word_1_111' title='bbox 666 1534 949 1598; x_wconf 76' lang='grc' dir='ltr'>ἀναλύσεις</span> <span class='ocrx_word' id='word_1_112' title='bbox 1002 1539 1095 1609; x_wconf 77' lang='grc' dir='ltr'>μὲν</span> <span class='ocrx_word' id='word_1_113' title='bbox 1143 1536 1194 1591; x_wconf 87' lang='grc' dir='ltr'>ἐν</span> <span class='ocrx_word' id='word_1_114' title='bbox 1246 1536 1400 1613; x_wconf 84' lang='grc' dir='ltr'>λόγῳ</span> <span class='ocrx_word' id='word_1_115' title='bbox 1449 1543 1556 1591; x_wconf 87' lang='grc' dir='ltr'>τῶν</span> <span class='ocrx_word' id='word_1_116' title='bbox 1611 1539 1906 1611; x_wconf 71' lang='grc' dir='ltr'>προταθὲν-</span> 
     </span>
    </p>
   </div>
   <div class='ocr_carea' id='block_1_17' title="bbox 256 1624 1905 1701">
    <p class='ocr_par' dir='ltr' id='par_1_17' title="bbox 256 1624 1905 1701">
     <span class='ocr_line' id='line_1_17' title="bbox 256 1624 1905 1701; baseline 0.001 -21"><span class='ocrx_word' id='word_1_117' title='bbox 256 1648 367 1680; x_wconf 91' lang='grc' dir='ltr'>των</span> <span class='ocrx_word' id='word_1_118' title='bbox 396 1646 411 1658; x_wconf 83' lang='grc'>⁶</span> <span class='ocrx_word' id='word_1_119' title='bbox 472 1626 833 1701; x_wconf 80' lang='grc' dir='ltr'>ἀντεξαγωγάς</span> <span class='ocrx_word' id='word_1_120' title='bbox 879 1624 933 1680; x_wconf 80' lang='grc' dir='ltr'>δὲ</span> <span class='ocrx_word' id='word_1_121' title='bbox 986 1624 1442 1700; x_wconf 86' lang='grc' dir='ltr'>διευκρινεστέρας</span> <span class='ocrx_word' id='word_1_122' title='bbox 1493 1631 1598 1680; x_wconf 90' lang='grc' dir='ltr'>τῶν</span> <span class='ocrx_word' id='word_1_123' title='bbox 1647 1648 1905 1681; x_wconf 85' lang='grc' dir='ltr'>συσκευα-</span> 
     </span>
    </p>
   </div>
   <div class='ocr_carea' id='block_1_18' title="bbox 258 1714 1908 1791">
    <p class='ocr_par' dir='ltr' id='par_1_18' title="bbox 258 1714 1908 1791">
     <span class='ocr_line' id='line_1_18' title="bbox 258 1714 1908 1791; baseline 0 -22"><span class='ocrx_word' id='word_1_124' title='bbox 258 1715 611 1788; x_wconf 86' lang='grc' dir='ltr'>σθησομένων</span> <span class='ocrx_word' id='word_1_125' title='bbox 652 1736 772 1771; x_wconf 92' lang='grc' dir='ltr'>σοι.</span> <span class='ocrx_word' id='word_1_126' title='bbox 818 1714 948 1771; x_wconf 77' lang='grc' dir='ltr'>Ε’ίθε</span> <span class='ocrx_word' id='word_1_127' title='bbox 996 1716 1085 1768; x_wconf 86' lang='grc' dir='ltr'>καὶ</span> <span class='ocrx_word' id='word_1_128' title='bbox 1135 1715 1379 1788; x_wconf 78' lang='grc' dir='ltr'>πάρεισιν</span> <span class='ocrx_word' id='word_1_129' title='bbox 1409 1734 1420 1747; x_wconf 78' lang='lat'><strong><em>°</em></strong></span> <span class='ocrx_word' id='word_1_130' title='bbox 1470 1717 1634 1788; x_wconf 80' lang='grc' dir='ltr'>ἡμεῖς</span> <span class='ocrx_word' id='word_1_131' title='bbox 1664 1737 1726 1791; x_wconf 85' lang='grc' dir='ltr'>γε</span> <span class='ocrx_word' id='word_1_132' title='bbox 1776 1737 1908 1769; x_wconf 89' lang='grc' dir='ltr'>σιω-</span> 
     </span>
    </p>
   </div>
   <div class='ocr_carea' id='block_1_19' title="bbox 257 1803 1906 1881">
    <p class='ocr_par' dir='ltr' id='par_1_19' title="bbox 257 1803 1906 1881">
     <span class='ocr_line' id='line_1_19' title="bbox 257 1803 1906 1881; baseline -0.001 -21"><span class='ocrx_word' id='word_1_133' title='bbox 257 1810 541 1878; x_wconf 77' lang='grc' dir='ltr'>πήσομεν,</span> <span class='ocrx_word' id='word_1_134' title='bbox 598 1804 687 1859; x_wconf 82' lang='grc' dir='ltr'>καὶ</span> <span class='ocrx_word' id='word_1_135' title='bbox 738 1806 1066 1881; x_wconf 79' lang='grc' dir='ltr'>συγγνώμην</span> <span class='ocrx_word' id='word_1_136' title='bbox 1118 1812 1217 1874; x_wconf 75' lang='grc' dir='ltr'>τῆς</span> <span class='ocrx_word' id='word_1_137' title='bbox 1263 1803 1576 1873; x_wconf 88' lang='grc' dir='ltr'>ἐνστάσεως,</span> <span class='ocrx_word' id='word_1_138' title='bbox 1632 1805 1826 1881; x_wconf 78' lang='grc' dir='ltr'>καίπερ</span> <span class='ocrx_word' id='word_1_139' title='bbox 1857 1806 1906 1859; x_wconf 82' lang='grc' dir='ltr'>ἐν</span> 
     </span>
    </p>
   </div>
   <div class='ocr_carea' id='block_1_20' title="bbox 260 1894 1905 1969">
    <p class='ocr_par' dir='ltr' id='par_1_20' title="bbox 260 1894 1905 1969">
     <span class='ocr_line' id='line_1_20' title="bbox 260 1894 1905 1969; baseline -0.001 -19"><span class='ocrx_word' id='word_1_140' title='bbox 260 1895 423 1967; x_wconf 70' lang='grc' dir='ltr'>ζήλῳ</span> <span class='ocrx_word' id='word_1_141' title='bbox 481 1894 669 1964; x_wconf 73' lang='grc' dir='ltr'>οὔσης,</span> <span class='ocrx_word' id='word_1_142' title='bbox 720 1894 1098 1967; x_wconf 84' lang='grc' dir='ltr'>αἰτησόμεθα.</span> <span class='ocrx_word' id='word_1_143' title='bbox 1150 1894 1218 1949; x_wconf 86' lang='grc' dir='ltr'>Τὸ</span> <span class='ocrx_word' id='word_1_144' title='bbox 1263 1894 1363 1969; x_wconf 77' lang='grc' dir='ltr'>γάρ</span> <span class='ocrx_word' id='word_1_145' title='bbox 1415 1894 1667 1966; x_wconf 82' lang='grc' dir='ltr'>ἐπιτιμᾷν</span> <span class='ocrx_word' id='word_1_146' title='bbox 1722 1896 1905 1967; x_wconf 88' lang='grc' dir='ltr'>μόνον,</span> 
     </span>
    </p>
   </div>
   <div class='ocr_carea' id='block_1_21' title="bbox 262 1983 1909 2061">
    <p class='ocr_par' dir='ltr' id='par_1_21' title="bbox 262 1983 1909 2061">
     <span class='ocr_line' id='line_1_21' title="bbox 262 1983 1909 2061; baseline 0 -23"><span class='ocrx_word' id='word_1_147' title='bbox 262 1986 497 2061; x_wconf 79' lang='grc' dir='ltr'>ῥᾷστον’</span> <span class='ocrx_word' id='word_1_148' title='bbox 551 1986 640 2038; x_wconf 83' lang='grc' dir='ltr'>καὶ</span> <span class='ocrx_word' id='word_1_149' title='bbox 688 1989 784 2038; x_wconf 83' lang='grc' dir='ltr'>τοῦ</span> <span class='ocrx_word' id='word_1_150' title='bbox 846 1983 1193 2056; x_wconf 72' lang='grc' dir='ltr'>βουλομένου</span> <span class='ocrx_word' id='word_1_151' title='bbox 1251 1984 1466 2046; x_wconf 87' lang='grc' dir='ltr'>παντὸς,</span> <span class='ocrx_word' id='word_1_152' title='bbox 1518 1984 1593 2045; x_wconf 82' lang='grc' dir='ltr'>ὡς</span> <span class='ocrx_word' id='word_1_153' title='bbox 1642 1984 1909 2059; x_wconf 86' lang='grc' dir='ltr'>ἀναγινώ-</span> 
     </span>
    </p>
   </div>
   <div class='ocr_carea' id='block_1_22' title="bbox 263 2070 1905 2148">
    <p class='ocr_par' dir='ltr' id='par_1_22' title="bbox 263 2070 1905 2148">
     <span class='ocr_line' id='line_1_22' title="bbox 263 2070 1905 2148; baseline -0.001 -21"><span class='ocrx_word' id='word_1_154' title='bbox 263 2095 407 2136; x_wconf 87' lang='grc' dir='ltr'>σκεις</span> <span class='ocrx_word' id='word_1_155' title='bbox 429 2094 441 2105; x_wconf 86' lang='grc'><em>’</em></span> <span class='ocrx_word' id='word_1_156' title='bbox 476 2074 537 2127; x_wconf 80' lang='grc' dir='ltr'>τὸ</span> <span class='ocrx_word' id='word_1_157' title='bbox 570 2070 627 2126; x_wconf 77' lang='grc' dir='ltr'>δὲ</span> <span class='ocrx_word' id='word_1_158' title='bbox 654 2073 988 2148; x_wconf 70' lang='grc' dir='ltr'>ἀντεισάγειν</span> <span class='ocrx_word' id='word_1_159' title='bbox 1021 2074 1119 2139; x_wconf 76' lang='grc' dir='ltr'>τὴν</span> <span class='ocrx_word' id='word_1_160' title='bbox 1154 2073 1347 2125; x_wconf 75' lang='grc' dir='ltr'>ἑαυτοῦ</span> <span class='ocrx_word' id='word_1_161' title='bbox 1377 2076 1599 2145; x_wconf 82' lang='grc' dir='ltr'>γνώμην</span> <span class='ocrx_word' id='word_1_162' title='bbox 1649 2070 1738 2126; x_wconf 80' lang='grc' dir='ltr'>διά</span> <span class='ocrx_word' id='word_1_163' title='bbox 1771 2094 1905 2147; x_wconf 84' lang='grc' dir='ltr'>μαρ-</span> 
     </span>
    </p>
   </div>
   <div class='ocr_carea' id='block_1_23' title="bbox 260 2156 1908 2238">
    <p class='ocr_par' dir='ltr' id='par_1_23' title="bbox 260 2156 1908 2238">
     <span class='ocr_line' id='line_1_23' title="bbox 260 2156 1908 2238; baseline -0.001 -22"><span class='ocrx_word' id='word_1_164' title='bbox 260 2163 445 2238; x_wconf 79' lang='grc' dir='ltr'>τυρίας</span> <span class='ocrx_word' id='word_1_165' title='bbox 479 2169 583 2231; x_wconf 78' lang='grc' dir='ltr'>τῆς</span> <span class='ocrx_word' id='word_1_166' title='bbox 614 2160 967 2215; x_wconf 74' lang='grc' dir='ltr'>θεοπνεύστου</span> <span class='ocrx_word' id='word_1_167' title='bbox 1002 2167 1243 2235; x_wconf 78' lang='grc' dir='ltr'>Γραφῆς,</span> <span class='ocrx_word' id='word_1_168' title='bbox 1285 2158 1479 2233; x_wconf 80' lang='grc' dir='ltr'>ἀνδρὸς</span> <span class='ocrx_word' id='word_1_169' title='bbox 1513 2156 1681 2222; x_wconf 83' lang='grc' dir='ltr'>ὅντως</span> <span class='ocrx_word' id='word_1_170' title='bbox 1722 2163 1908 2237; x_wconf 79' lang='grc' dir='ltr'>ὑγιοῦς</span> 
     </span>
    </p>
   </div>
   <div class='ocr_carea' id='block_1_24' title="bbox 262 2248 1911 2327">
    <p class='ocr_par' dir='ltr' id='par_1_24' title="bbox 262 2248 1911 2327">
     <span class='ocr_line' id='line_1_24' title="bbox 262 2248 1911 2327; baseline -0.001 -20"><span class='ocrx_word' id='word_1_171' title='bbox 262 2255 351 2308; x_wconf 78' lang='grc' dir='ltr'>καὶ</span> <span class='ocrx_word' id='word_1_172' title='bbox 379 2256 505 2307; x_wconf 88' lang='grc' dir='ltr'>νοῦν</span> <span class='ocrx_word' id='word_1_173' title='bbox 535 2248 759 2325; x_wconf 79' lang='grc' dir='ltr'>ἔχοντος</span> <span class='ocrx_word' id='word_1_174' title='bbox 786 2273 798 2284; x_wconf 95' lang='grc'><strong>·</strong></span> <span class='ocrx_word' id='word_1_175' title='bbox 838 2252 977 2324; x_wconf 85' lang='grc' dir='ltr'>[Ιρὸς</span> <span class='ocrx_word' id='word_1_176' title='bbox 1012 2248 1068 2305; x_wconf 78' lang='grc' dir='ltr'>δὲ</span> <span class='ocrx_word' id='word_1_177' title='bbox 1119 2252 1181 2305; x_wconf 85' lang='grc' dir='ltr'>τὸ</span> <span class='ocrx_word' id='word_1_178' title='bbox 1216 2252 1291 2323; x_wconf 79' lang='grc' dir='ltr'>μὴ</span> <span class='ocrx_word' id='word_1_179' title='bbox 1336 2250 1412 2309; x_wconf 80' lang='grc' dir='ltr'>εἰς</span> <span class='ocrx_word' id='word_1_180' title='bbox 1460 2250 1717 2324; x_wconf 79' lang='grc' dir='ltr'>ἀμετρίαν</span> <span class='ocrx_word' id='word_1_181' title='bbox 1770 2251 1911 2327; x_wconf 87' lang='grc' dir='ltr'>ἐνεγ-</span> 
     </span>
    </p>
   </div>
   <div class='ocr_carea' id='block_1_25' title="bbox 264 2338 1910 2411">
    <p class='ocr_par' dir='ltr' id='par_1_25' title="bbox 264 2338 1910 2411">
     <span class='ocr_line' id='line_1_25' title="bbox 264 2338 1910 2411; baseline -0.001 -15"><span class='ocrx_word' id='word_1_182' title='bbox 264 2348 374 2397; x_wconf 88' lang='grc' dir='ltr'>κεῖν</span> <span class='ocrx_word' id='word_1_183' title='bbox 407 2343 509 2409; x_wconf 80' lang='grc' dir='ltr'>τήν</span> <span class='ocrx_word' id='word_1_184' title='bbox 542 2341 861 2411; x_wconf 77' lang='grc' dir='ltr'>ἐπιστολὴν,</span> <span class='ocrx_word' id='word_1_185' title='bbox 897 2341 1124 2395; x_wconf 84' lang='grc' dir='ltr'>ἐνταῦθα</span> <span class='ocrx_word' id='word_1_186' title='bbox 1173 2338 1621 2411; x_wconf 84' lang='grc' dir='ltr'>κατεπαυσάμεθα</span> <span class='ocrx_word' id='word_1_187' title='bbox 1665 2342 1756 2395; x_wconf 85' lang='grc' dir='ltr'>τὸν</span> <span class='ocrx_word' id='word_1_188' title='bbox 1804 2340 1910 2395; x_wconf 91' lang='grc' dir='ltr'>λό-</span> 
     </span>
    </p>
   </div>
   <div class='ocr_carea' id='block_1_26' title="bbox 267 2428 1904 2507">
    <p class='ocr_par' dir='ltr' id='par_1_26' title="bbox 267 2428 1904 2507">
     <span class='ocr_line' id='line_1_26' title="bbox 267 2428 1904 2507; baseline -0.001 -21"><span class='ocrx_word' id='word_1_189' title='bbox 267 2453 362 2507; x_wconf 85' lang='grc' dir='ltr'>γον</span> <span class='ocrx_word' id='word_1_190' title='bbox 389 2451 401 2462; x_wconf 82' lang='grc'><em>’</em></span> <span class='ocrx_word' id='word_1_191' title='bbox 435 2431 758 2504; x_wconf 70' lang='grc' dir='ltr'>πάραθέντες</span> <span class='ocrx_word' id='word_1_192' title='bbox 790 2430 879 2484; x_wconf 79' lang='grc' dir='ltr'>καὶ</span> <span class='ocrx_word' id='word_1_193' title='bbox 921 2431 1147 2507; x_wconf 83' lang='grc' dir='ltr'>χρήσεις</span> <span class='ocrx_word' id='word_1_194' title='bbox 1176 2433 1272 2483; x_wconf 90' lang='grc' dir='ltr'>τοῦ</span> <span class='ocrx_word' id='word_1_195' title='bbox 1309 2428 1546 2505; x_wconf 79' lang='grc' dir='ltr'>μεγάλου</span> <span class='ocrx_word' id='word_1_196' title='bbox 1600 2429 1904 2494; x_wconf 77' lang='grc' dir='ltr'>Βασιλεὶου,</span> 
     </span>
    </p>
   </div>
   <div class='ocr_carea' id='block_1_27' title="bbox 2015 645 3660 723">
    <p class='ocr_par' dir='ltr' id='par_1_27' title="bbox 2015 645 3660 723">
     <span class='ocr_line' id='line_1_27' title="bbox 2015 645 3660 723; baseline -0.005 -16"><span class='ocrx_word' id='word_1_197' title='bbox 2015 653 2121 716; x_wconf 88' lang='lat' dir='ltr'>Qui</span> <span class='ocrx_word' id='word_1_198' title='bbox 2154 657 2349 708; x_wconf 91' lang='lat' dir='ltr'>autem</span> <span class='ocrx_word' id='word_1_199' title='bbox 2384 652 2507 707; x_wconf 85' lang='lat' dir='ltr'>ficri</span> <span class='ocrx_word' id='word_1_200' title='bbox 2538 656 2745 723; x_wconf 78' lang='lat' dir='ltr'>potest,</span> <span class='ocrx_word' id='word_1_201' title='bbox 2782 654 2841 704; x_wconf 90' lang='lat' dir='ltr'>ut</span> <span class='ocrx_word' id='word_1_202' title='bbox 2872 652 3025 703; x_wconf 88' lang='lat' dir='ltr'>recte</span> <span class='ocrx_word' id='word_1_203' title='bbox 3058 646 3191 717; x_wconf 91' lang='lat' dir='ltr'>quis</span> <span class='ocrx_word' id='word_1_204' title='bbox 3220 645 3454 710; x_wconf 88' lang='lat' dir='ltr'>sentiat,</span> <span class='ocrx_word' id='word_1_205' title='bbox 3486 660 3660 713; x_wconf 80' lang='lat' dir='ltr'>agens</span> 
     </span>
    </p>
   </div>
   <div class='ocr_carea' id='block_1_28' title="bbox 2016 733 3659 812">
    <p class='ocr_par' dir='ltr' id='par_1_28' title="bbox 2016 733 3659 812">
     <span class='ocr_line' id='line_1_28' title="bbox 2016 733 3659 812; baseline -0.005 -16"><span class='ocrx_word' id='word_1_206' title='bbox 2016 758 2276 812; x_wconf 81' lang='lat' dir='ltr'>perverse</span> <span class='ocrx_word' id='word_1_207' title='bbox 2327 741 2519 795; x_wconf 89' lang='lat' dir='ltr'>divino</span> <span class='ocrx_word' id='word_1_208' title='bbox 2568 740 2783 795; x_wconf 89' lang='lat' dir='ltr'>Jacobo</span> <span class='ocrx_word' id='word_1_209' title='bbox 2816 739 3168 801; x_wconf 80' lang='lat' dir='ltr'>afﬁrmante,</span> <span class='ocrx_word' id='word_1_210' title='bbox 3242 751 3311 788; x_wconf 85' lang='lat' dir='ltr'>ex</span> <span class='ocrx_word' id='word_1_211' title='bbox 3383 733 3659 804; x_wconf 85' lang='lat' dir='ltr'>operibus</span> 
     </span>
    </p>
   </div>
   <div class='ocr_carea' id='block_1_29' title="bbox 2016 824 3660 900">
    <p class='ocr_par' dir='ltr' id='par_1_29' title="bbox 2016 824 3660 900">
     <span class='ocr_line' id='line_1_29' title="bbox 2016 824 3660 900; baseline -0.005 -15"><span class='ocrx_word' id='word_1_212' title='bbox 2016 832 2237 885; x_wconf 78' lang='lat' dir='ltr'>ostendi</span> <span class='ocrx_word' id='word_1_213' title='bbox 2268 831 2465 897; x_wconf 85' lang='lat' dir='ltr'>ﬁdem,</span> <span class='ocrx_word' id='word_1_214' title='bbox 2499 835 2554 884; x_wconf 89' lang='lat' dir='ltr'>et</span> <span class='ocrx_word' id='word_1_215' title='bbox 2595 830 2666 883; x_wconf 89' lang='lat' dir='ltr'>iis</span> <span class='ocrx_word' id='word_1_216' title='bbox 2700 829 2799 900; x_wconf 88' lang='lat' dir='ltr'>qui</span> <span class='ocrx_word' id='word_1_217' title='bbox 2830 828 2984 883; x_wconf 91' lang='lat' dir='ltr'>circa</span> <span class='ocrx_word' id='word_1_218' title='bbox 3007 841 3190 880; x_wconf 91' lang='lat' dir='ltr'>unum</span> <span class='ocrx_word' id='word_1_219' title='bbox 3224 824 3523 890; x_wconf 87' lang='lat' dir='ltr'>aberrant,</span> <span class='ocrx_word' id='word_1_220' title='bbox 3558 839 3660 877; x_wconf 88' lang='lat' dir='ltr'>ne-</span> 
     </span>
    </p>
   </div>
   <div class='ocr_carea' id='block_1_30' title="bbox 2014 912 3662 991">
    <p class='ocr_par' dir='ltr' id='par_1_30' title="bbox 2014 912 3662 991">
     <span class='ocr_line' id='line_1_30' title="bbox 2014 912 3662 991; baseline -0.006 -16"><span class='ocrx_word' id='word_1_221' title='bbox 2014 937 2127 991; x_wconf 89' lang='lat' dir='ltr'>que</span> <span class='ocrx_word' id='word_1_222' title='bbox 2159 920 2404 975; x_wconf 87' lang='lat' dir='ltr'>alterum</span> <span class='ocrx_word' id='word_1_223' title='bbox 2438 920 2664 975; x_wconf 88' lang='lat' dir='ltr'>inesse?</span> <span class='ocrx_word' id='word_1_224' title='bbox 2685 920 2791 973; x_wconf 91' lang='lat' dir='ltr'>Tot</span> <span class='ocrx_word' id='word_1_225' title='bbox 2823 917 3001 988; x_wconf 79' lang='lat' dir='ltr'>igitur</span> <span class='ocrx_word' id='word_1_226' title='bbox 3042 919 3098 969; x_wconf 94' lang='lat' dir='ltr'>et</span> <span class='ocrx_word' id='word_1_227' title='bbox 3154 917 3316 968; x_wconf 89' lang='lat' dir='ltr'>tanta</span> <span class='ocrx_word' id='word_1_228' title='bbox 3366 928 3497 966; x_wconf 90' lang='lat' dir='ltr'>cum</span> <span class='ocrx_word' id='word_1_229' title='bbox 3547 912 3662 966; x_wconf 90' lang='lat' dir='ltr'>sint</span> 
     </span>
    </p>
   </div>
   <div class='ocr_carea' id='block_1_31' title="bbox 2015 1001 3659 1078">
    <p class='ocr_par' dir='ltr' id='par_1_31' title="bbox 2015 1001 3659 1078">
     <span class='ocr_line' id='line_1_31' title="bbox 2015 1001 3659 1078; baseline -0.007 -13"><span class='ocrx_word' id='word_1_230' title='bbox 2015 1009 2369 1075; x_wconf 88' lang='lat' dir='ltr'>testimonia,</span> <span class='ocrx_word' id='word_1_231' title='bbox 2420 1024 2535 1063; x_wconf 82' lang='lat' dir='ltr'>non</span> <span class='ocrx_word' id='word_1_232' title='bbox 2589 1010 2729 1078; x_wconf 91' lang='lat' dir='ltr'>puto</span> <span class='ocrx_word' id='word_1_233' title='bbox 2796 1005 3010 1060; x_wconf 89' lang='lat' dir='ltr'>habere</span> <span class='ocrx_word' id='word_1_234' title='bbox 3076 1001 3438 1057; x_wconf 77' lang='lat' dir='ltr'>nobilitatem</span> <span class='ocrx_word' id='word_1_235' title='bbox 3498 1004 3659 1055; x_wconf 89' lang='lat' dir='ltr'>tuam</span> 
     </span>
    </p>
   </div>
   <div class='ocr_carea' id='block_1_32' title="bbox 2013 1090 3662 1168">
    <p class='ocr_par' dir='ltr' id='par_1_32' title="bbox 2013 1090 3662 1168">
     <span class='ocr_line' id='line_1_32' title="bbox 2013 1090 3662 1168; baseline -0.005 -15"><span class='ocrx_word' id='word_1_236' title='bbox 2013 1099 2160 1168; x_wconf 91' lang='lat' dir='ltr'>quod</span> <span class='ocrx_word' id='word_1_237' title='bbox 2203 1096 2579 1153; x_wconf 80' lang='lat' dir='ltr'>contradicat.</span> <span class='ocrx_word' id='word_1_238' title='bbox 2615 1096 2713 1150; x_wconf 89' lang='lat' dir='ltr'>Sin</span> <span class='ocrx_word' id='word_1_239' title='bbox 2748 1100 2939 1149; x_wconf 89' lang='lat' dir='ltr'>autem</span> <span class='ocrx_word' id='word_1_240' title='bbox 2983 1109 2995 1147; x_wconf 93' lang='lat'>:</span> <span class='ocrx_word' id='word_1_241' title='bbox 3030 1092 3219 1147; x_wconf 88' lang='lat' dir='ltr'>mittat</span> <span class='ocrx_word' id='word_1_242' title='bbox 3251 1091 3461 1161; x_wconf 88' lang='lat' dir='ltr'>impari</span> <span class='ocrx_word' id='word_1_243' title='bbox 3512 1090 3662 1145; x_wconf 87' lang='lat' dir='ltr'>ami-</span> 
     </span>
    </p>
   </div>
   <div class='ocr_carea' id='block_1_33' title="bbox 2016 1181 3658 1255">
    <p class='ocr_par' dir='ltr' id='par_1_33' title="bbox 2016 1181 3658 1255">
     <span class='ocr_line' id='line_1_33' title="bbox 2016 1181 3658 1255; baseline -0.006 -14"><span class='ocrx_word' id='word_1_244' title='bbox 2016 1186 2162 1241; x_wconf 66' lang='lat' dir='ltr'>citiae</span> <span class='ocrx_word' id='word_1_245' title='bbox 2200 1190 2411 1242; x_wconf 66' lang='lat' dir='ltr'>nostra</span> <span class='ocrx_word' id='word_1_246' title='bbox 2436 1184 2756 1241; x_wconf 79' lang='lat' dir='ltr'>solutiones</span> <span class='ocrx_word' id='word_1_247' title='bbox 2798 1181 3265 1255; x_wconf 83' lang='lat' dir='ltr'>propositionum</span> <span class='ocrx_word' id='word_1_248' title='bbox 3301 1184 3658 1242; x_wconf 89' lang='lat' dir='ltr'>nostrarum,</span> 
     </span>
    </p>
   </div>
   <div class='ocr_carea' id='block_1_34' title="bbox 2018 1270 3660 1342">
    <p class='ocr_par' dir='ltr' id='par_1_34' title="bbox 2018 1270 3660 1342">
     <span class='ocr_line' id='line_1_34' title="bbox 2018 1270 3660 1342; baseline -0.006 -12"><span class='ocrx_word' id='word_1_249' title='bbox 2018 1282 2139 1330; x_wconf 89' lang='lat' dir='ltr'>tum</span> <span class='ocrx_word' id='word_1_250' title='bbox 2173 1274 2449 1331; x_wconf 89' lang='lat' dir='ltr'>clariores</span> <span class='ocrx_word' id='word_1_251' title='bbox 2477 1274 2795 1329; x_wconf 89' lang='lat' dir='ltr'>contrarias</span> <span class='ocrx_word' id='word_1_252' title='bbox 2842 1270 3229 1342; x_wconf 81' lang='lat' dir='ltr'>oppositiones</span> <span class='ocrx_word' id='word_1_253' title='bbox 3279 1284 3483 1323; x_wconf 91' lang='lat' dir='ltr'>eorum</span> <span class='ocrx_word' id='word_1_254' title='bbox 3533 1283 3660 1337; x_wconf 67' lang='lat' dir='ltr'>quas</span> 
     </span>
    </p>
   </div>
   <div class='ocr_carea' id='block_1_35' title="bbox 2016 1355 3661 1431">
    <p class='ocr_par' dir='ltr' id='par_1_35' title="bbox 2016 1355 3661 1431">
     <span class='ocr_line' id='line_1_35' title="bbox 2016 1355 3661 1431; baseline -0.006 -12"><span class='ocrx_word' id='word_1_255' title='bbox 2016 1364 2250 1419; x_wconf 88' lang='lat' dir='ltr'>astruis.</span> <span class='ocrx_word' id='word_1_256' title='bbox 2287 1364 2517 1419; x_wconf 86' lang='lat' dir='ltr'>Utinam</span> <span class='ocrx_word' id='word_1_257' title='bbox 2559 1379 2689 1417; x_wconf 89' lang='lat' dir='ltr'>vero</span> <span class='ocrx_word' id='word_1_258' title='bbox 2737 1362 3057 1431; x_wconf 86' lang='lat' dir='ltr'>snppetant,</span> <span class='ocrx_word' id='word_1_259' title='bbox 3090 1363 3146 1412; x_wconf 92' lang='lat' dir='ltr'>et</span> <span class='ocrx_word' id='word_1_260' title='bbox 3204 1374 3313 1413; x_wconf 89' lang='lat' dir='ltr'>nos</span> <span class='ocrx_word' id='word_1_261' title='bbox 3357 1355 3661 1410; x_wconf 87' lang='lat' dir='ltr'>silebimus</span> 
     </span>
    </p>
   </div>
   <div class='ocr_carea' id='block_1_36' title="bbox 2014 1445 3662 1524">
    <p class='ocr_par' dir='ltr' id='par_1_36' title="bbox 2014 1445 3662 1524">
     <span class='ocr_line' id='line_1_36' title="bbox 2014 1445 3662 1524; baseline -0.006 -17"><span class='ocrx_word' id='word_1_262' title='bbox 2014 1454 2357 1524; x_wconf 87' lang='lat' dir='ltr'>veniamque</span> <span class='ocrx_word' id='word_1_263' title='bbox 2397 1451 2785 1508; x_wconf 76' lang='lat' dir='ltr'>contentionis</span> <span class='ocrx_word' id='word_1_264' title='bbox 2814 1458 3040 1517; x_wconf 66' lang='lat' dir='ltr'>nostrae,</span> <span class='ocrx_word' id='word_1_265' title='bbox 3075 1446 3346 1519; x_wconf 85' lang='lat' dir='ltr'>quamvis</span> <span class='ocrx_word' id='word_1_266' title='bbox 3378 1462 3509 1500; x_wconf 91' lang='lat' dir='ltr'>cum</span> <span class='ocrx_word' id='word_1_267' title='bbox 3542 1445 3662 1499; x_wconf 88' lang='lat' dir='ltr'>zelo</span> 
     </span>
    </p>
   </div>
   <div class='ocr_carea' id='block_1_37' title="bbox 2015 1535 3663 1613">
    <p class='ocr_par' dir='ltr' id='par_1_37' title="bbox 2015 1535 3663 1613">
     <span class='ocr_line' id='line_1_37' title="bbox 2015 1535 3663 1613; baseline -0.006 -15"><span class='ocrx_word' id='word_1_268' title='bbox 2015 1544 2357 1613; x_wconf 84' lang='lat' dir='ltr'>conjunctae,</span> <span class='ocrx_word' id='word_1_269' title='bbox 2390 1539 2851 1612; x_wconf 88' lang='lat' dir='ltr'>postulabimus!</span> <span class='ocrx_word' id='word_1_270' title='bbox 2882 1537 3321 1607; x_wconf 84' lang='lat' dir='ltr'>Reprehendere</span> <span class='ocrx_word' id='word_1_271' title='bbox 3351 1535 3507 1590; x_wconf 90' lang='lat' dir='ltr'>enim</span> <span class='ocrx_word' id='word_1_272' title='bbox 3541 1543 3663 1589; x_wconf 85' lang='lat' dir='ltr'>tan-</span> 
     </span>
    </p>
   </div>
   <div class='ocr_carea' id='block_1_38' title="bbox 2016 1625 3659 1700">
    <p class='ocr_par' dir='ltr' id='par_1_38' title="bbox 2016 1625 3659 1700">
     <span class='ocr_line' id='line_1_38' title="bbox 2016 1625 3659 1700; baseline -0.005 -14"><span class='ocrx_word' id='word_1_273' title='bbox 2016 1634 2336 1700; x_wconf 91' lang='lat' dir='ltr'>tummodo,</span> <span class='ocrx_word' id='word_1_274' title='bbox 2370 1632 2535 1687; x_wconf 82' lang='lat' dir='ltr'>facile</span> <span class='ocrx_word' id='word_1_275' title='bbox 2566 1635 2674 1699; x_wconf 88' lang='lat' dir='ltr'>est,</span> <span class='ocrx_word' id='word_1_276' title='bbox 2698 1636 2753 1685; x_wconf 87' lang='lat' dir='ltr'>et</span> <span class='ocrx_word' id='word_1_277' title='bbox 2794 1627 3028 1684; x_wconf 82' lang='lat' dir='ltr'>cuilibet</span> <span class='ocrx_word' id='word_1_278' title='bbox 3058 1625 3269 1681; x_wconf 90' lang='lat' dir='ltr'>volenti</span> <span class='ocrx_word' id='word_1_279' title='bbox 3303 1629 3659 1695; x_wconf 88' lang='lat' dir='ltr'>promptum,</span> 
     </span>
    </p>
   </div>
   <div class='ocr_carea' id='block_1_39' title="bbox 2017 1714 3660 1792">
    <p class='ocr_par' dir='ltr' id='par_1_39' title="bbox 2017 1714 3660 1792">
     <span class='ocr_line' id='line_1_39' title="bbox 2017 1714 3660 1792; baseline -0.004 -17"><span class='ocrx_word' id='word_1_280' title='bbox 2017 1725 2082 1775; x_wconf 91' lang='lat' dir='ltr'>ut</span> <span class='ocrx_word' id='word_1_281' title='bbox 2111 1721 2337 1792; x_wconf 82' lang='lat' dir='ltr'>legisti;</span> <span class='ocrx_word' id='word_1_282' title='bbox 2371 1738 2537 1776; x_wconf 90' lang='lat' dir='ltr'>suam</span> <span class='ocrx_word' id='word_1_283' title='bbox 2568 1735 2703 1774; x_wconf 89' lang='lat' dir='ltr'>vero</span> <span class='ocrx_word' id='word_1_284' title='bbox 2749 1718 3097 1774; x_wconf 89' lang='lat' dir='ltr'>sententiam</span> <span class='ocrx_word' id='word_1_285' title='bbox 3133 1730 3312 1771; x_wconf 69' lang='lat' dir='ltr'>sacrm</span> <span class='ocrx_word' id='word_1_286' title='bbox 3351 1714 3660 1784; x_wconf 60' lang='lat' dir='ltr'>Scriptura:</span> 
     </span>
    </p>
   </div>
   <div class='ocr_carea' id='block_1_40' title="bbox 2020 1804 3661 1873">
    <p class='ocr_par' dir='ltr' id='par_1_40' title="bbox 2020 1804 3661 1873">
     <span class='ocr_line' id='line_1_40' title="bbox 2020 1804 3661 1873; baseline -0.004 -7"><span class='ocrx_word' id='word_1_287' title='bbox 2020 1810 2372 1866; x_wconf 87' lang='lat' dir='ltr'>testimoniis</span> <span class='ocrx_word' id='word_1_288' title='bbox 2386 1810 2790 1865; x_wconf 84' lang='lat' dir='ltr'>conﬁrmatam</span> <span class='ocrx_word' id='word_1_289' title='bbox 2814 1808 3113 1873; x_wconf 88' lang='lat' dir='ltr'>inducere,</span> <span class='ocrx_word' id='word_1_290' title='bbox 3132 1804 3389 1860; x_wconf 86' lang='lat' dir='ltr'>hominis</span> <span class='ocrx_word' id='word_1_291' title='bbox 3404 1810 3486 1858; x_wconf 89' lang='lat' dir='ltr'>est</span> <span class='ocrx_word' id='word_1_292' title='bbox 3508 1820 3661 1859; x_wconf 77' lang='lat' dir='ltr'>sanae</span> 
     </span>
    </p>
   </div>
   <div class='ocr_carea' id='block_1_41' title="bbox 2015 1895 3664 1970">
    <p class='ocr_par' dir='ltr' id='par_1_41' title="bbox 2015 1895 3664 1970">
     <span class='ocr_line' id='line_1_41' title="bbox 2015 1895 3664 1970; baseline -0.004 -16"><span class='ocrx_word' id='word_1_293' title='bbox 2015 1901 2228 1955; x_wconf 88' lang='lat' dir='ltr'>mentis</span> <span class='ocrx_word' id='word_1_294' title='bbox 2260 1900 2572 1970; x_wconf 89' lang='lat' dir='ltr'>acjudicii.</span> <span class='ocrx_word' id='word_1_295' title='bbox 2606 1900 2686 1954; x_wconf 90' lang='lat' dir='ltr'>Ne</span> <span class='ocrx_word' id='word_1_296' title='bbox 2737 1914 2872 1969; x_wconf 87' lang='lat' dir='ltr'>ergo</span> <span class='ocrx_word' id='word_1_297' title='bbox 2934 1897 2992 1952; x_wconf 90' lang='lat' dir='ltr'>in</span> <span class='ocrx_word' id='word_1_298' title='bbox 3040 1895 3397 1949; x_wconf 90' lang='lat' dir='ltr'>immensum</span> <span class='ocrx_word' id='word_1_299' title='bbox 3442 1897 3664 1948; x_wconf 90' lang='lat' dir='ltr'>crescat</span> 
     </span>
    </p>
   </div>
   <div class='ocr_carea' id='block_1_42' title="bbox 2016 1982 3661 2057">
    <p class='ocr_par' dir='ltr' id='par_1_42' title="bbox 2016 1982 3661 2057">
     <span class='ocr_line' id='line_1_42' title="bbox 2016 1982 3661 2057; baseline -0.005 -13"><span class='ocrx_word' id='word_1_300' title='bbox 2016 1990 2279 2057; x_wconf 89' lang='lat' dir='ltr'>epistola,</span> <span class='ocrx_word' id='word_1_301' title='bbox 2306 1990 2479 2044; x_wconf 78' lang='lat' dir='ltr'>tinem</span> <span class='ocrx_word' id='word_1_302' title='bbox 2511 1988 2605 2043; x_wconf 89' lang='lat' dir='ltr'>hic</span> <span class='ocrx_word' id='word_1_303' title='bbox 2636 1987 2906 2053; x_wconf 81' lang='lat' dir='ltr'>fecimus,</span> <span class='ocrx_word' id='word_1_304' title='bbox 2932 1984 3173 2055; x_wconf 84' lang='lat' dir='ltr'>adjectis</span> <span class='ocrx_word' id='word_1_305' title='bbox 3204 1999 3431 2054; x_wconf 90' lang='lat' dir='ltr'>quoque</span> <span class='ocrx_word' id='word_1_306' title='bbox 3462 1982 3661 2053; x_wconf 81' lang='lat' dir='ltr'>magni</span> 
     </span>
    </p>
   </div>
   <div class='ocr_carea' id='block_1_43' title="bbox 2017 2072 3661 2147">
    <p class='ocr_par' dir='ltr' id='par_1_43' title="bbox 2017 2072 3661 2147">
     <span class='ocr_line' id='line_1_43' title="bbox 2017 2072 3661 2147; baseline -0.003 -14"><span class='ocrx_word' id='word_1_307' title='bbox 2017 2078 2210 2133; x_wconf 86' lang='lat' dir='ltr'>Basilii</span> <span class='ocrx_word' id='word_1_308' title='bbox 2253 2078 2558 2134; x_wconf 85' lang='lat' dir='ltr'>sententiis</span> <span class='ocrx_word' id='word_1_309' title='bbox 2590 2078 2659 2131; x_wconf 88' lang='lat' dir='ltr'>ad</span> <span class='ocrx_word' id='word_1_310' title='bbox 2712 2075 3034 2147; x_wconf 87' lang='lat' dir='ltr'>pleniorem</span> <span class='ocrx_word' id='word_1_311' title='bbox 3080 2072 3661 2128; x_wconf 83' lang='lat' dir='ltr'>demonstrationem.</span> 
     </span>
    </p>
   </div>
   <div class='ocr_carea' id='block_1_44' title="bbox 2015 2161 3659 2231">
    <p class='ocr_par' dir='ltr' id='par_1_44' title="bbox 2015 2161 3659 2231">
     <span class='ocr_line' id='line_1_44' title="bbox 2015 2161 3659 2231; baseline -0.003 -10"><span class='ocrx_word' id='word_1_312' title='bbox 2015 2169 2218 2223; x_wconf 86' lang='lat' dir='ltr'>Salvus</span> <span class='ocrx_word' id='word_1_313' title='bbox 2248 2169 2327 2223; x_wconf 88' lang='lat' dir='ltr'>sis</span> <span class='ocrx_word' id='word_1_314' title='bbox 2360 2184 2493 2222; x_wconf 92' lang='lat' dir='ltr'>cum</span> <span class='ocrx_word' id='word_1_315' title='bbox 2548 2170 2665 2221; x_wconf 89' lang='lat' dir='ltr'>toto</span> <span class='ocrx_word' id='word_1_316' title='bbox 2707 2164 2951 2231; x_wconf 87' lang='lat' dir='ltr'>familia,</span> <span class='ocrx_word' id='word_1_317' title='bbox 2980 2164 3213 2219; x_wconf 90' lang='lat' dir='ltr'>domine</span> <span class='ocrx_word' id='word_1_318' title='bbox 3263 2161 3659 2227; x_wconf 88' lang='lat' dir='ltr'>dilectissime,</span> 
     </span>
    </p>
   </div>
   <div class='ocr_carea' id='block_1_45' title="bbox 2017 2250 3662 2327">
    <p class='ocr_par' dir='ltr' id='par_1_45' title="bbox 2017 2250 3662 2327">
     <span class='ocr_line' id='line_1_45' title="bbox 2017 2250 3662 2327; baseline -0.005 -15"><span class='ocrx_word' id='word_1_319' title='bbox 2017 2257 2317 2327; x_wconf 86' lang='lat' dir='ltr'>utrimque</span> <span class='ocrx_word' id='word_1_320' title='bbox 2346 2256 2492 2312; x_wconf 89' lang='lat' dir='ltr'>bene</span> <span class='ocrx_word' id='word_1_321' title='bbox 2523 2254 2742 2310; x_wconf 90' lang='lat' dir='ltr'>valens.</span> <span class='ocrx_word' id='word_1_322' title='bbox 2773 2254 2890 2308; x_wconf 91' lang='lat' dir='ltr'>Nos</span> <span class='ocrx_word' id='word_1_323' title='bbox 2925 2252 3081 2307; x_wconf 89' lang='lat' dir='ltr'>enim</span> <span class='ocrx_word' id='word_1_324' title='bbox 3115 2250 3413 2306; x_wconf 88' lang='lat' dir='ltr'>cbaritatis</span> <span class='ocrx_word' id='word_1_325' title='bbox 3436 2254 3545 2304; x_wconf 78' lang='lat' dir='ltr'>tuae</span> <span class='ocrx_word' id='word_1_326' title='bbox 3561 2250 3662 2303; x_wconf 92' lang='lat' dir='ltr'>bo-</span> 
     </span>
    </p>
   </div>
   <div class='ocr_carea' id='block_1_46' title="bbox 2016 2339 3664 2411">
    <p class='ocr_par' dir='ltr' id='par_1_46' title="bbox 2016 2339 3664 2411">
     <span class='ocr_line' id='line_1_46' title="bbox 2016 2339 3664 2411; baseline -0.004 -11"><span class='ocrx_word' id='word_1_327' title='bbox 2016 2362 2159 2400; x_wconf 91' lang='lat' dir='ltr'>num</span> <span class='ocrx_word' id='word_1_328' title='bbox 2218 2351 2275 2401; x_wconf 92' lang='lat' dir='ltr'>et</span> <span class='ocrx_word' id='word_1_329' title='bbox 2321 2345 2642 2402; x_wconf 90' lang='lat' dir='ltr'>scribentes</span> <span class='ocrx_word' id='word_1_330' title='bbox 2686 2349 2740 2399; x_wconf 88' lang='lat' dir='ltr'>et</span> <span class='ocrx_word' id='word_1_331' title='bbox 2789 2360 2901 2399; x_wconf 89' lang='lat' dir='ltr'>non</span> <span class='ocrx_word' id='word_1_332' title='bbox 2927 2341 3248 2397; x_wconf 86' lang='lat' dir='ltr'>scribentes</span> <span class='ocrx_word' id='word_1_333' title='bbox 3272 2339 3539 2411; x_wconf 89' lang='lat' dir='ltr'>cupimus</span> <span class='ocrx_word' id='word_1_334' title='bbox 3572 2355 3664 2394; x_wconf 88' lang='lat' dir='ltr'>re—</span> 
     </span>
    </p>
   </div>
   <div class='ocr_carea' id='block_1_47' title="bbox 2018 2436 2218 2490">
    <p class='ocr_par' dir='ltr' id='par_1_47' title="bbox 2018 2436 2218 2490">
     <span class='ocr_line' id='line_1_47' title="bbox 2018 2436 2218 2490; baseline 0 -1"><span class='ocrx_word' id='word_1_335' title='bbox 2018 2436 2218 2490; x_wconf 85' lang='lat' dir='ltr'>linere.</span> 
     </span>
    </p>
   </div>
   <div class='ocr_carea' id='block_1_48' title="bbox 271 2516 3661 2598">
    <p class='ocr_par' dir='ltr' id='par_1_48' title="bbox 271 2516 3661 2598">
     <span class='ocr_line' id='line_1_48' title="bbox 271 2516 3661 2598; baseline -0.001 -24"><span class='ocrx_word' id='word_1_336' title='bbox 271 2521 347 2582; x_wconf 87' lang='grc' dir='ltr'>εἷς</span> <span class='ocrx_word' id='word_1_337' title='bbox 404 2518 771 2595; x_wconf 82' lang='grc' dir='ltr'>ἐντελεστέραν</span> <span class='ocrx_word' id='word_1_338' title='bbox 830 2517 1143 2591; x_wconf 78' lang='grc' dir='ltr'>ἀπόδειξιν·</span> <span class='ocrx_word' id='word_1_339' title='bbox 1202 2518 1547 2597; x_wconf 75' lang='grc' dir='ltr'>φυλαχθείης</span> <span class='ocrx_word' id='word_1_340' title='bbox 1605 2519 1695 2573; x_wconf 81' lang='grc' dir='ltr'>οῦν</span> <span class='ocrx_word' id='word_1_341' title='bbox 1756 2524 1891 2592; x_wconf 86' lang='grc' dir='ltr'>ἡμῖν</span> <span class='ocrx_word' id='word_1_342' title='bbox 1978 2525 2279 2590; x_wconf 83' lang='grc' dir='ltr'>πανέστιος,</span> <span class='ocrx_word' id='word_1_343' title='bbox 2331 2524 2358 2577; x_wconf 87' lang='grc' dir='ltr'>ὁ</span> <span class='ocrx_word' id='word_1_344' title='bbox 2415 2523 2772 2598; x_wconf 71' lang='grc' dir='ltr'>ἠγαπημένος</span> <span class='ocrx_word' id='word_1_345' title='bbox 2832 2523 2991 2592; x_wconf 84' lang='grc' dir='ltr'>ἡμῶν</span> <span class='ocrx_word' id='word_1_346' title='bbox 3068 2516 3353 2589; x_wconf 81' lang='grc' dir='ltr'>δεσπότης,</span> <span class='ocrx_word' id='word_1_347' title='bbox 3433 2517 3661 2573; x_wconf 72' lang='grc' dir='ltr'>εὖεκτῶν</span> 
     </span>
    </p>
   </div>
   <div class='ocr_carea' id='block_1_49' title="bbox 274 2605 3441 2686">
    <p class='ocr_par' dir='ltr' id='par_1_49' title="bbox 274 2605 3441 2686">
     <span class='ocr_line' id='line_1_49' title="bbox 274 2605 3441 2686; baseline 0 -23"><span class='ocrx_word' id='word_1_348' title='bbox 274 2609 644 2684; x_wconf 73' lang='grc' dir='ltr'>ἀμφοτέρωθεν</span> <span class='ocrx_word' id='word_1_349' title='bbox 670 2628 682 2641; x_wconf 86' lang='grc'><strong>·</strong></span> <span class='ocrx_word' id='word_1_350' title='bbox 723 2612 886 2682; x_wconf 82' lang='grc' dir='ltr'>ἡμεῖς</span> <span class='ocrx_word' id='word_1_351' title='bbox 919 2608 1021 2683; x_wconf 81' lang='grc' dir='ltr'>γὰρ</span> <span class='ocrx_word' id='word_1_352' title='bbox 1050 2609 1111 2663; x_wconf 79' lang='grc' dir='ltr'>τὸ</span> <span class='ocrx_word' id='word_1_353' title='bbox 1142 2614 1240 2676; x_wconf 83' lang='grc' dir='ltr'>τῆς</span> <span class='ocrx_word' id='word_1_354' title='bbox 1271 2608 1487 2683; x_wconf 79' lang='grc' dir='ltr'>ἀγάπης</span> <span class='ocrx_word' id='word_1_355' title='bbox 1529 2629 1622 2662; x_wconf 86' lang='grc' dir='ltr'>σου</span> <span class='ocrx_word' id='word_1_356' title='bbox 1654 2609 1842 2681; x_wconf 88' lang='grc' dir='ltr'>καλὸν,</span> <span class='ocrx_word' id='word_1_357' title='bbox 1873 2612 1961 2665; x_wconf 79' lang='grc' dir='ltr'>καὶ</span> <span class='ocrx_word' id='word_1_358' title='bbox 1992 2614 2309 2686; x_wconf 76' lang='grc' dir='ltr'>γράφοντες,</span> <span class='ocrx_word' id='word_1_359' title='bbox 2343 2613 2430 2665; x_wconf 78' lang='grc' dir='ltr'>καὶ</span> <span class='ocrx_word' id='word_1_360' title='bbox 2466 2614 2542 2684; x_wconf 80' lang='grc' dir='ltr'>μὴ</span> <span class='ocrx_word' id='word_1_361' title='bbox 2569 2610 2882 2685; x_wconf 73' lang='grc' dir='ltr'>γράφοντες,</span> <span class='ocrx_word' id='word_1_362' title='bbox 2913 2608 3223 2684; x_wconf 84' lang='grc' dir='ltr'>γλιχόμεθα</span> <span class='ocrx_word' id='word_1_363' title='bbox 3253 2605 3402 2681; x_wconf 83' lang='grc' dir='ltr'>ἔχνιν</span> <span class='ocrx_word' id='word_1_364' title='bbox 3429 2652 3441 2664; x_wconf 88' lang='grc'><strong>.</strong></span> 
     </span>
    </p>
   </div>
   <div class='ocr_carea' id='block_1_50' title="bbox 273 2716 1909 2794">
    <p class='ocr_par' dir='ltr' id='par_1_50' title="bbox 273 2716 1909 2794">
     <span class='ocr_line' id='line_1_50' title="bbox 273 2716 1909 2794; baseline 0 -21"><span class='ocrx_word' id='word_1_365' title='bbox 273 2718 362 2773; x_wconf 87' lang='grc' dir='ltr'>Ἐκ</span> <span class='ocrx_word' id='word_1_366' title='bbox 389 2722 485 2771; x_wconf 79' lang='grc' dir='ltr'>τοῦ</span> <span class='ocrx_word' id='word_1_367' title='bbox 529 2716 775 2773; x_wconf 77' lang='grc' dir='ltr'>εἰκοστοῦ</span> <span class='ocrx_word' id='word_1_368' title='bbox 825 2716 999 2792; x_wconf 86' lang='grc' dir='ltr'>λόγου</span> <span class='ocrx_word' id='word_1_369' title='bbox 1054 2722 1161 2794; x_wconf 74' lang='grc' dir='ltr'>τῶν</span> <span class='ocrx_word' id='word_1_370' title='bbox 1212 2717 1552 2787; x_wconf 88' lang='grc' dir='ltr'>Ἀσκητικῶν</span> <span class='ocrx_word' id='word_1_371' title='bbox 1604 2724 1701 2773; x_wconf 90' lang='grc' dir='ltr'>τοῦ</span> <span class='ocrx_word' id='word_1_372' title='bbox 1751 2720 1909 2794; x_wconf 84' lang='grc' dir='ltr'>ἁγίου</span> 
     </span>
    </p>
   </div>
   <div class='ocr_carea' id='block_1_51' title="bbox 922 2787 1249 2845">
    <p class='ocr_par' dir='ltr' id='par_1_51' title="bbox 922 2787 1249 2845">
     <span class='ocr_line' id='line_1_51' title="bbox 922 2787 1249 2845; baseline -0.003 0"><span class='ocrx_word' id='word_1_373' title='bbox 922 2787 1211 2845; x_wconf 80' lang='grc' dir='ltr'>Βασιλείου</span> <span class='ocrx_word' id='word_1_374' title='bbox 1236 2832 1249 2844; x_wconf 95' lang='grc'><strong><em>.</em></strong></span> 
     </span>
    </p>
   </div>
   <div class='ocr_carea' id='block_1_52' title="bbox 336 2876 1911 2953">
    <p class='ocr_par' dir='ltr' id='par_1_52' title="bbox 336 2876 1911 2953">
     <span class='ocr_line' id='line_1_52' title="bbox 336 2876 1911 2953; baseline 0.002 -20"><span class='ocrx_word' id='word_1_375' title='bbox 336 2881 454 2934; x_wconf 85' lang='grc' dir='ltr'>Ὅτι</span> <span class='ocrx_word' id='word_1_376' title='bbox 514 2876 597 2933; x_wconf 88' lang='grc' dir='ltr'>δεῖ</span> <span class='ocrx_word' id='word_1_377' title='bbox 650 2877 741 2933; x_wconf 87' lang='grc' dir='ltr'>τὸν</span> <span class='ocrx_word' id='word_1_378' title='bbox 796 2882 1113 2953; x_wconf 83' lang='grc' dir='ltr'>προεστῶτα</span> <span class='ocrx_word' id='word_1_379' title='bbox 1174 2878 1687 2951; x_wconf 75' lang='grc' dir='ltr'>ὑπομιμνήσκεσθαι</span> <span class='ocrx_word' id='word_1_380' title='bbox 1766 2881 1911 2952; x_wconf 83' lang='grc' dir='ltr'>παρά</span> 
     </span>
    </p>
   </div>
   <div class='ocr_carea' id='block_1_53' title="bbox 268 2964 1911 3043">
    <p class='ocr_par' dir='ltr' id='par_1_53' title="bbox 268 2964 1911 3043">
     <span class='ocr_line' id='line_1_53' title="bbox 268 2964 1911 3043; baseline 0.002 -20"><span class='ocrx_word' id='word_1_381' title='bbox 268 2971 367 3023; x_wconf 87' lang='grc' dir='ltr'>τῶν</span> <span class='ocrx_word' id='word_1_382' title='bbox 428 2967 781 3043; x_wconf 87' lang='grc' dir='ltr'>προεχόντων</span> <span class='ocrx_word' id='word_1_383' title='bbox 840 2965 893 3021; x_wconf 85' lang='grc' dir='ltr'>ἐν</span> <span class='ocrx_word' id='word_1_384' title='bbox 943 2970 1011 3040; x_wconf 83' lang='grc' dir='ltr'>τῇ</span> <span class='ocrx_word' id='word_1_385' title='bbox 1070 2964 1422 3043; x_wconf 81' lang='grc' dir='ltr'>ἀδελφότητι,</span> <span class='ocrx_word' id='word_1_386' title='bbox 1474 2966 1536 3021; x_wconf 79' lang='grc' dir='ltr'>ἄν</span> <span class='ocrx_word' id='word_1_387' title='bbox 1588 2990 1718 3025; x_wconf 91' lang='grc' dir='ltr'>ποτε</span> <span class='ocrx_word' id='word_1_388' title='bbox 1766 2970 1911 3026; x_wconf 88' lang='grc' dir='ltr'>ἀπο-</span> 
     </span>
    </p>
   </div>
   <div class='ocr_carea' id='block_1_54' title="bbox 267 3057 491 3131">
    <p class='ocr_par' dir='ltr' id='par_1_54' title="bbox 267 3057 491 3131">
     <span class='ocr_line' id='line_1_54' title="bbox 267 3057 491 3131; baseline 0.013 -21"><span class='ocrx_word' id='word_1_389' title='bbox 267 3057 449 3131; x_wconf 77' lang='grc' dir='ltr'>σφαλῇ</span> <span class='ocrx_word' id='word_1_390' title='bbox 478 3101 491 3113; x_wconf 91' lang='grc'><strong>.</strong></span> 
     </span>
    </p>
   </div>
   <div class='ocr_carea' id='block_1_55' title="bbox 643 3147 1548 3221">
    <p class='ocr_par' dir='ltr' id='par_1_55' title="bbox 643 3147 1548 3221">
     <span class='ocr_line' id='line_1_55' title="bbox 643 3147 1548 3221; baseline 0.003 -21"><span class='ocrx_word' id='word_1_391' title='bbox 643 3147 735 3201; x_wconf 88' lang='grc' dir='ltr'>Ἐκ</span> <span class='ocrx_word' id='word_1_392' title='bbox 764 3150 862 3201; x_wconf 86' lang='grc' dir='ltr'>τοῦ</span> <span class='ocrx_word' id='word_1_393' title='bbox 892 3151 1218 3219; x_wconf 88' lang='grc' dir='ltr'>τριακοστοῦ</span> <span class='ocrx_word' id='word_1_394' title='bbox 1246 3149 1507 3221; x_wconf 76' lang='grc' dir='ltr'>τετάρτου</span> <span class='ocrx_word' id='word_1_395' title='bbox 1536 3192 1548 3203; x_wconf 93' lang='grc'>.</span> 
     </span>
    </p>
   </div>
   <div class='ocr_carea' id='block_1_56' title="bbox 329 3236 1907 3316">
    <p class='ocr_par' dir='ltr' id='par_1_56' title="bbox 329 3236 1907 3316">
     <span class='ocr_line' id='line_1_56' title="bbox 329 3236 1907 3316; baseline 0.002 -24"><span class='ocrx_word' id='word_1_396' title='bbox 329 3240 431 3293; x_wconf 86' lang='grc' dir='ltr'>Τὸν</span> <span class='ocrx_word' id='word_1_397' title='bbox 503 3240 579 3310; x_wconf 82' lang='grc' dir='ltr'>μὴ</span> <span class='ocrx_word' id='word_1_398' title='bbox 630 3236 1067 3316; x_wconf 83' lang='grc' dir='ltr'>καταδεχόμενον</span> <span class='ocrx_word' id='word_1_399' title='bbox 1116 3238 1182 3292; x_wconf 87' lang='grc' dir='ltr'>τά</span> <span class='ocrx_word' id='word_1_400' title='bbox 1231 3241 1377 3312; x_wconf 89' lang='grc' dir='ltr'>παρά</span> <span class='ocrx_word' id='word_1_401' title='bbox 1419 3244 1514 3294; x_wconf 91' lang='grc' dir='ltr'>τοῦ</span> <span class='ocrx_word' id='word_1_402' title='bbox 1563 3245 1907 3314; x_wconf 78' lang='grc' dir='ltr'>προεστῶτος</span> 
     </span>
    </p>
   </div>
   <div class='ocr_carea' id='block_1_57' title="bbox 263 3326 1905 3404">
    <p class='ocr_par' dir='ltr' id='par_1_57' title="bbox 263 3326 1905 3404">
     <span class='ocr_line' id='line_1_57' title="bbox 263 3326 1905 3404; baseline 0.002 -23"><span class='ocrx_word' id='word_1_403' title='bbox 263 3326 594 3401; x_wconf 83' lang='grc' dir='ltr'>ἐγκριθέντα,</span> <span class='ocrx_word' id='word_1_404' title='bbox 646 3329 757 3401; x_wconf 85' lang='grc' dir='ltr'>χρή</span> <span class='ocrx_word' id='word_1_405' title='bbox 811 3328 862 3381; x_wconf 85' lang='grc' dir='ltr'>ἐν</span> <span class='ocrx_word' id='word_1_406' title='bbox 916 3332 997 3399; x_wconf 76' lang='grc' dir='ltr'>τῷ</span> <span class='ocrx_word' id='word_1_407' title='bbox 1029 3328 1329 3404; x_wconf 68' lang='grc' dir='ltr'>φανερῶ,ἢ</span> <span class='ocrx_word' id='word_1_408' title='bbox 1377 3327 1508 3399; x_wconf 78' lang='grc' dir='ltr'>ἰδίᾳ,</span> <span class='ocrx_word' id='word_1_409' title='bbox 1562 3329 1709 3402; x_wconf 79' lang='grc' dir='ltr'>αὐτῷ</span> <span class='ocrx_word' id='word_1_410' title='bbox 1758 3333 1905 3385; x_wconf 88' lang='grc' dir='ltr'>ἀντι-</span> 
     </span>
    </p>
   </div>
   <div class='ocr_carea' id='block_1_58' title="bbox 263 3410 1909 3494">
    <p class='ocr_par' dir='ltr' id='par_1_58' title="bbox 263 3410 1909 3494">
     <span class='ocr_line' id='line_1_58' title="bbox 263 3410 1909 3494; baseline 0.002 -24"><span class='ocrx_word' id='word_1_411' title='bbox 263 3416 464 3490; x_wconf 87' lang='grc' dir='ltr'>λέγειν,</span> <span class='ocrx_word' id='word_1_412' title='bbox 500 3414 545 3470; x_wconf 64' lang='grc' dir='ltr'>εἳ</span> <span class='ocrx_word' id='word_1_413' title='bbox 590 3438 707 3471; x_wconf 87' lang='grc' dir='ltr'>τινα</span> <span class='ocrx_word' id='word_1_414' title='bbox 749 3410 872 3494; x_wconf 76' lang='grc' dir='ltr'>ἔχοι</span> <span class='ocrx_word' id='word_1_415' title='bbox 905 3412 1071 3491; x_wconf 84' lang='grc' dir='ltr'>λόγον</span> <span class='ocrx_word' id='word_1_416' title='bbox 1123 3418 1346 3492; x_wconf 86' lang='grc' dir='ltr'>ἰσχυρὸν</span> <span class='ocrx_word' id='word_1_417' title='bbox 1386 3420 1520 3473; x_wconf 87' lang='grc' dir='ltr'>κατά</span> <span class='ocrx_word' id='word_1_418' title='bbox 1551 3420 1612 3473; x_wconf 88' lang='grc' dir='ltr'>τὸ</span> <span class='ocrx_word' id='word_1_419' title='bbox 1648 3419 1909 3494; x_wconf 71' lang='grc' dir='ltr'>βούλημα.</span> 
     </span>
    </p>
   </div>
   <div class='ocr_carea' id='block_1_59' title="bbox 258 3505 1909 3583">
    <p class='ocr_par' dir='ltr' id='par_1_59' title="bbox 258 3505 1909 3583">
     <span class='ocr_line' id='line_1_59' title="bbox 258 3505 1909 3583; baseline 0.002 -25"><span class='ocrx_word' id='word_1_420' title='bbox 258 3510 360 3559; x_wconf 89' lang='grc' dir='ltr'>τῶν</span> <span class='ocrx_word' id='word_1_421' title='bbox 435 3509 687 3579; x_wconf 83' lang='grc' dir='ltr'>Γραφῶν,</span> <span class='ocrx_word' id='word_1_422' title='bbox 767 3505 801 3574; x_wconf 77' lang='grc' dir='ltr'><strong>ἢ</strong></span> <span class='ocrx_word' id='word_1_423' title='bbox 870 3508 1218 3575; x_wconf 73' lang='grc' dir='ltr'>σιωπήσαντα</span> <span class='ocrx_word' id='word_1_424' title='bbox 1310 3510 1372 3562; x_wconf 83' lang='grc' dir='ltr'>τὸ</span> <span class='ocrx_word' id='word_1_425' title='bbox 1438 3510 1909 3583; x_wconf 86' lang='grc' dir='ltr'>προστεταγμένον</span> 
     </span>
    </p>
   </div>
   <div class='ocr_carea' id='block_1_60' title="bbox 257 3593 1906 3673">
    <p class='ocr_par' dir='ltr' id='par_1_60' title="bbox 257 3593 1906 3673">
     <span class='ocr_line' id='line_1_60' title="bbox 257 3593 1906 3673; baseline 0.004 -24"><span class='ocrx_word' id='word_1_426' title='bbox 257 3602 428 3650; x_wconf 70' lang='grc' dir='ltr'>ποιεῖν</span> <span class='ocrx_word' id='word_1_427' title='bbox 460 3612 473 3625; x_wconf 82' lang='lat'><strong>‘</strong></span> <span class='ocrx_word' id='word_1_428' title='bbox 511 3594 557 3649; x_wconf 79' lang='grc' dir='ltr'>εἰ</span> <span class='ocrx_word' id='word_1_429' title='bbox 591 3593 647 3649; x_wconf 74' lang='grc' dir='ltr'>δὲ</span> <span class='ocrx_word' id='word_1_430' title='bbox 676 3595 837 3656; x_wconf 76' lang='grc' dir='ltr'>αὐτὸς</span> <span class='ocrx_word' id='word_1_431' title='bbox 889 3596 1228 3671; x_wconf 70' lang='grc' dir='ltr'>αἰσχύνεται,</span> <span class='ocrx_word' id='word_1_432' title='bbox 1262 3594 1455 3660; x_wconf 72' lang='grc' dir='ltr'>ἄλλοις</span> <span class='ocrx_word' id='word_1_433' title='bbox 1501 3600 1609 3653; x_wconf 90' lang='grc' dir='ltr'>τισὶ</span> <span class='ocrx_word' id='word_1_434' title='bbox 1664 3600 1906 3673; x_wconf 78' lang='grc' dir='ltr'>μεσίταις</span> 
     </span>
    </p>
   </div>
   <div class='ocr_carea' id='block_1_61' title="bbox 254 3684 948 3760">
    <p class='ocr_par' dir='ltr' id='par_1_61' title="bbox 254 3684 948 3760">
     <span class='ocr_line' id='line_1_61' title="bbox 254 3684 948 3760; baseline 0.006 -23"><span class='ocrx_word' id='word_1_435' title='bbox 254 3686 381 3756; x_wconf 87' lang='grc' dir='ltr'>πρὸς</span> <span class='ocrx_word' id='word_1_436' title='bbox 411 3688 581 3740; x_wconf 84' lang='grc' dir='ltr'>τοῦτο</span> <span class='ocrx_word' id='word_1_437' title='bbox 614 3684 910 3760; x_wconf 81' lang='grc' dir='ltr'>χρησάσθω</span> <span class='ocrx_word' id='word_1_438' title='bbox 937 3730 948 3741; x_wconf 95' lang='grc'>.</span> 
     </span>
    </p>
   </div>
   <div class='ocr_carea' id='block_1_62' title="bbox 260 3880 1909 3969">
    <p class='ocr_par' dir='ltr' id='par_1_62' title="bbox 260 3880 1909 3969">
     <span class='ocr_line' id='line_1_62' title="bbox 260 3880 1909 3969; baseline 0.004 -33"><span class='ocrx_word' id='word_1_439' title='bbox 260 3883 349 3936; x_wconf 86' lang='grc' dir='ltr'>Ἐκ</span> <span class='ocrx_word' id='word_1_440' title='bbox 404 3885 522 3935; x_wconf 92' lang='grc' dir='ltr'>τῶν</span> <span class='ocrx_word' id='word_1_441' title='bbox 582 3882 813 3936; x_wconf 86' lang='grc' dir='ltr'>Ἠθικῶν</span> <span class='ocrx_word' id='word_1_442' title='bbox 871 3886 969 3969; x_wconf 66' lang='grc' dir='ltr'>τοῦ</span> <span class='ocrx_word' id='word_1_443' title='bbox 1026 3881 1189 3969; x_wconf 61' lang='grc' dir='ltr'>αυτοῦ</span> <span class='ocrx_word' id='word_1_444' title='bbox 1252 3882 1418 3955; x_wconf 86' lang='grc' dir='ltr'>λόγου</span> <span class='ocrx_word' id='word_1_445' title='bbox 1495 3880 1909 3957; x_wconf 77' lang='grc' dir='ltr'>ἐϐδομηκοστοῦ</span> 
     </span>
    </p>
   </div>
   <div class='ocr_carea' id='block_1_63' title="bbox 942 3954 1231 4027">
    <p class='ocr_par' dir='ltr' id='par_1_63' title="bbox 942 3954 1231 4027">
     <span class='ocr_line' id='line_1_63' title="bbox 942 3954 1231 4027; baseline 0.01 -21"><span class='ocrx_word' id='word_1_446' title='bbox 942 3954 1194 4027; x_wconf 86' lang='grc' dir='ltr'>δευτέρου</span> <span class='ocrx_word' id='word_1_447' title='bbox 1219 3998 1231 4010; x_wconf 91' lang='grc'><strong>.</strong></span> 
     </span>
    </p>
   </div>
   <div class='ocr_carea' id='block_1_64' title="bbox 323 4040 1907 4117">
    <p class='ocr_par' dir='ltr' id='par_1_64' title="bbox 323 4040 1907 4117">
     <span class='ocr_line' id='line_1_64' title="bbox 323 4040 1907 4117; baseline 0.004 -22"><span class='ocrx_word' id='word_1_448' title='bbox 323 4044 444 4096; x_wconf 78' lang='grc' dir='ltr'>Ὀτι</span> <span class='ocrx_word' id='word_1_449' title='bbox 484 4042 593 4116; x_wconf 77' lang='grc' dir='ltr'>χρὴ</span> <span class='ocrx_word' id='word_1_450' title='bbox 648 4046 756 4095; x_wconf 90' lang='grc' dir='ltr'>τῶν</span> <span class='ocrx_word' id='word_1_451' title='bbox 804 4040 1083 4117; x_wconf 82' lang='grc' dir='ltr'>ἀκροατῶν</span> <span class='ocrx_word' id='word_1_452' title='bbox 1129 4042 1257 4104; x_wconf 77' lang='grc' dir='ltr'>τοὺς</span> <span class='ocrx_word' id='word_1_453' title='bbox 1305 4041 1765 4115; x_wconf 82' lang='grc' dir='ltr'>πεπαιδευμένους</span> <span class='ocrx_word' id='word_1_454' title='bbox 1813 4048 1907 4109; x_wconf 84' lang='grc' dir='ltr'>τὰς</span> 
     </span>
    </p>
   </div>
   <div class='ocr_carea' id='block_1_65' title="bbox 263 4127 1910 4211">
    <p class='ocr_par' dir='ltr' id='par_1_65' title="bbox 263 4127 1910 4211">
     <span class='ocr_line' id='line_1_65' title="bbox 263 4127 1910 4211; baseline 0.005 -28"><span class='ocrx_word' id='word_1_455' title='bbox 263 4134 475 4207; x_wconf 78' lang='grc' dir='ltr'>Γραφάς</span> <span class='ocrx_word' id='word_1_456' title='bbox 541 4127 853 4203; x_wconf 79' lang='grc' dir='ltr'>δοκιμάζειν</span> <span class='ocrx_word' id='word_1_457' title='bbox 895 4130 961 4185; x_wconf 79' lang='grc' dir='ltr'>τά</span> <span class='ocrx_word' id='word_1_458' title='bbox 1004 4132 1149 4205; x_wconf 87' lang='grc' dir='ltr'>παρά</span> <span class='ocrx_word' id='word_1_459' title='bbox 1194 4136 1301 4186; x_wconf 88' lang='grc' dir='ltr'>τῶν</span> <span class='ocrx_word' id='word_1_460' title='bbox 1358 4129 1697 4188; x_wconf 79' lang='grc' dir='ltr'>διδασκάλων</span> <span class='ocrx_word' id='word_1_461' title='bbox 1750 4134 1910 4211; x_wconf 87' lang='grc' dir='ltr'>λεγό-</span> 
     </span>
    </p>
   </div>
   <div class='ocr_carea' id='block_1_66' title="bbox 266 4241 432 4290">
    <p class='ocr_par' dir='ltr' id='par_1_66' title="bbox 266 4241 432 4290">
     <span class='ocr_line' id='line_1_66' title="bbox 266 4241 432 4290; baseline 0.018 -17"><span class='ocrx_word' id='word_1_462' title='bbox 266 4241 390 4290; x_wconf 83' lang='grc' dir='ltr'>μενα</span> <span class='ocrx_word' id='word_1_463' title='bbox 420 4264 432 4276; x_wconf 94' lang='grc'><strong>.</strong></span> 
     </span>
    </p>
   </div>
   <div class='ocr_carea' id='block_1_67' title="bbox 332 4307 1904 4389">
    <p class='ocr_par' dir='ltr' id='par_1_67' title="bbox 332 4307 1904 4389">
     <span class='ocr_line' id='line_1_67' title="bbox 332 4307 1904 4389; baseline 0.004 -27"><span class='ocrx_word' id='word_1_464' title='bbox 332 4312 449 4363; x_wconf 85' lang='grc' dir='ltr'>Ὅτι</span> <span class='ocrx_word' id='word_1_465' title='bbox 484 4307 566 4362; x_wconf 85' lang='grc' dir='ltr'>δεῖ</span> <span class='ocrx_word' id='word_1_466' title='bbox 614 4310 705 4362; x_wconf 84' lang='grc' dir='ltr'>τὸν</span> <span class='ocrx_word' id='word_1_467' title='bbox 738 4314 1054 4383; x_wconf 80' lang='grc' dir='ltr'>προεστῶτα</span> <span class='ocrx_word' id='word_1_468' title='bbox 1096 4316 1192 4364; x_wconf 92' lang='grc' dir='ltr'>τοῦ</span> <span class='ocrx_word' id='word_1_469' title='bbox 1239 4310 1431 4385; x_wconf 87' lang='grc' dir='ltr'>λόγου,</span> <span class='ocrx_word' id='word_1_470' title='bbox 1469 4313 1602 4384; x_wconf 87' lang='grc' dir='ltr'>μετά</span> <span class='ocrx_word' id='word_1_471' title='bbox 1656 4315 1904 4389; x_wconf 84' lang='grc' dir='ltr'>περισκέ-</span> 
     </span>
    </p>
   </div>
   <div class='ocr_carea' id='block_1_68' title="bbox 260 4395 1905 4479">
    <p class='ocr_par' dir='ltr' id='par_1_68' title="bbox 260 4395 1905 4479">
     <span class='ocr_line' id='line_1_68' title="bbox 260 4395 1905 4479; baseline 0.004 -28"><span class='ocrx_word' id='word_1_472' title='bbox 260 4400 400 4468; x_wconf 70' lang='grc' dir='ltr'>ψεως</span> <span class='ocrx_word' id='word_1_473' title='bbox 431 4397 525 4453; x_wconf 77' lang='grc' dir='ltr'>καὶ</span> <span class='ocrx_word' id='word_1_474' title='bbox 561 4395 883 4469; x_wconf 77' lang='grc' dir='ltr'>δοκιμασίας</span> <span class='ocrx_word' id='word_1_475' title='bbox 934 4398 1173 4470; x_wconf 85' lang='grc' dir='ltr'>πολλῆς,</span> <span class='ocrx_word' id='word_1_476' title='bbox 1206 4400 1341 4454; x_wconf 86' lang='grc' dir='ltr'>κατά</span> <span class='ocrx_word' id='word_1_477' title='bbox 1372 4402 1572 4455; x_wconf 84' lang='grc' dir='ltr'>σκοπὸν</span> <span class='ocrx_word' id='word_1_478' title='bbox 1624 4410 1724 4472; x_wconf 82' lang='grc' dir='ltr'>τῆς</span> <span class='ocrx_word' id='word_1_479' title='bbox 1770 4404 1905 4479; x_wconf 83' lang='grc' dir='ltr'>πρὸς</span> 
     </span>
    </p>
   </div>
   <div class='ocr_carea' id='block_1_69' title="bbox 2118 2718 3568 2779">
    <p class='ocr_par' dir='ltr' id='par_1_69' title="bbox 2118 2718 3568 2779">
     <span class='ocr_line' id='line_1_69' title="bbox 2118 2718 3568 2779; baseline -0.006 0"><span class='ocrx_word' id='word_1_480' title='bbox 2118 2726 2201 2779; x_wconf 75' lang='lat' dir='ltr'>Ex</span> <span class='ocrx_word' id='word_1_481' title='bbox 2228 2739 2475 2779; x_wconf 75' lang='lat' dir='ltr'>sermone</span> <span class='ocrx_word' id='word_1_482' title='bbox 2498 2722 2753 2778; x_wconf 76' lang='lat' dir='ltr'>vicesimo</span> <span class='ocrx_word' id='word_1_483' title='bbox 2784 2722 3145 2776; x_wconf 79' lang='lat' dir='ltr'>Asceticorum</span> <span class='ocrx_word' id='word_1_484' title='bbox 3176 2722 3323 2773; x_wconf 76' lang='lat' dir='ltr'>santi</span> <span class='ocrx_word' id='word_1_485' title='bbox 3351 2718 3568 2773; x_wconf 76' lang='lat' dir='ltr'>Basilii.</span> 
     </span>
    </p>
   </div>
   <div class='ocr_carea' id='block_1_70' title="bbox 2091 2865 3667 2941">
    <p class='ocr_par' dir='ltr' id='par_1_70' title="bbox 2091 2865 3667 2941">
     <span class='ocr_line' id='line_1_70' title="bbox 2091 2865 3667 2941; baseline -0.004 -16"><span class='ocrx_word' id='word_1_486' title='bbox 2091 2871 2252 2937; x_wconf 91' lang='lat' dir='ltr'>Quod</span> <span class='ocrx_word' id='word_1_487' title='bbox 2286 2869 2410 2941; x_wconf 90' lang='lat' dir='ltr'>ipse</span> <span class='ocrx_word' id='word_1_488' title='bbox 2442 2884 2673 2941; x_wconf 91' lang='lat' dir='ltr'>quoque</span> <span class='ocrx_word' id='word_1_489' title='bbox 2706 2867 2998 2923; x_wconf 89' lang='lat' dir='ltr'>admoneri</span> <span class='ocrx_word' id='word_1_490' title='bbox 3039 2866 3283 2921; x_wconf 86' lang='lat' dir='ltr'>antistes</span> <span class='ocrx_word' id='word_1_491' title='bbox 3340 2865 3532 2930; x_wconf 84' lang='lat' dir='ltr'>debet,</span> <span class='ocrx_word' id='word_1_492' title='bbox 3566 2881 3667 2935; x_wconf 87' lang='lat' dir='ltr'>per</span> 
     </span>
    </p>
   </div>
   <div class='ocr_carea' id='block_1_71' title="bbox 2019 2953 3660 3032">
    <p class='ocr_par' dir='ltr' id='par_1_71' title="bbox 2019 2953 3660 3032">
     <span class='ocr_line' id='line_1_71' title="bbox 2019 2953 3660 3032; baseline -0.007 -15"><span class='ocrx_word' id='word_1_493' title='bbox 2019 2977 2117 3017; x_wconf 89' lang='lat' dir='ltr'>eos</span> <span class='ocrx_word' id='word_1_494' title='bbox 2149 2959 2246 3032; x_wconf 89' lang='lat' dir='ltr'>qui</span> <span class='ocrx_word' id='word_1_495' title='bbox 2280 2960 2431 3015; x_wconf 88' lang='lat' dir='ltr'>inter</span> <span class='ocrx_word' id='word_1_496' title='bbox 2455 2960 2664 3013; x_wconf 76' lang='lat' dir='ltr'>fratres</span> <span class='ocrx_word' id='word_1_497' title='bbox 2714 2958 2991 3027; x_wconf 87' lang='lat' dir='ltr'>eminent,</span> <span class='ocrx_word' id='word_1_498' title='bbox 3016 2960 3072 3011; x_wconf 88' lang='lat' dir='ltr'>et</span> <span class='ocrx_word' id='word_1_499' title='bbox 3092 2956 3323 3026; x_wconf 87' lang='lat' dir='ltr'>quando</span> <span class='ocrx_word' id='word_1_500' title='bbox 3348 2953 3574 3008; x_wconf 86' lang='lat' dir='ltr'>labatur</span> <span class='ocrx_word' id='word_1_501' title='bbox 3595 2954 3660 3005; x_wconf 75' lang='grc'>²⁴.</span> 
     </span>
    </p>
   </div>
   <div class='ocr_carea' id='block_1_72' title="bbox 2434 3143 3251 3213">
    <p class='ocr_par' dir='ltr' id='par_1_72' title="bbox 2434 3143 3251 3213">
     <span class='ocr_line' id='line_1_72' title="bbox 2434 3143 3251 3213; baseline -0.005 -14"><span class='ocrx_word' id='word_1_502' title='bbox 2434 3145 2515 3199; x_wconf 75' lang='lat' dir='ltr'>Ea:</span> <span class='ocrx_word' id='word_1_503' title='bbox 2544 3160 2707 3199; x_wconf 79' lang='lat' dir='ltr'>serm.</span> <span class='ocrx_word' id='word_1_504' title='bbox 2733 3143 3010 3198; x_wconf 79' lang='lat' dir='ltr'>tricesimo</span> <span class='ocrx_word' id='word_1_505' title='bbox 3040 3148 3251 3213; x_wconf 78' lang='lat' dir='ltr'>quarto.</span> 
     </span>
    </p>
   </div>
   <div class='ocr_carea' id='block_1_73' title="bbox 2092 3228 3662 3303">
    <p class='ocr_par' dir='ltr' id='par_1_73' title="bbox 2092 3228 3662 3303">
     <span class='ocr_line' id='line_1_73' title="bbox 2092 3228 3662 3303; baseline -0.004 -16"><span class='ocrx_word' id='word_1_506' title='bbox 2092 3234 2234 3287; x_wconf 91' lang='lat' dir='ltr'>Eum</span> <span class='ocrx_word' id='word_1_507' title='bbox 2267 3234 2367 3303; x_wconf 91' lang='lat' dir='ltr'>qui</span> <span class='ocrx_word' id='word_1_508' title='bbox 2392 3232 2540 3287; x_wconf 91' lang='lat' dir='ltr'>nolit</span> <span class='ocrx_word' id='word_1_509' title='bbox 2560 3232 2866 3285; x_wconf 84' lang='lat' dir='ltr'>admittere</span> <span class='ocrx_word' id='word_1_510' title='bbox 2887 3246 3013 3301; x_wconf 66' lang='lat' dir='ltr'>qua:</span> <span class='ocrx_word' id='word_1_511' title='bbox 3047 3229 3292 3283; x_wconf 87' lang='lat' dir='ltr'>antistes</span> <span class='ocrx_word' id='word_1_512' title='bbox 3323 3228 3662 3294; x_wconf 84' lang='lat' dir='ltr'>decreverit,</span> 
     </span>
    </p>
   </div>
   <div class='ocr_carea' id='block_1_74' title="bbox 2020 3317 3661 3393">
    <p class='ocr_par' dir='ltr' id='par_1_74' title="bbox 2020 3317 3661 3393">
     <span class='ocr_line' id='line_1_74' title="bbox 2020 3317 3661 3393; baseline -0.001 -18"><span class='ocrx_word' id='word_1_513' title='bbox 2020 3328 2237 3391; x_wconf 80' lang='lat' dir='ltr'>oportet</span> <span class='ocrx_word' id='word_1_514' title='bbox 2271 3320 2751 3393; x_wconf 86' lang='lat' dir='ltr'>respondereipsi</span> <span class='ocrx_word' id='word_1_515' title='bbox 2787 3319 2977 3391; x_wconf 88' lang='lat' dir='ltr'>palam</span> <span class='ocrx_word' id='word_1_516' title='bbox 3027 3323 3125 3372; x_wconf 85' lang='lat' dir='ltr'>aut</span> <span class='ocrx_word' id='word_1_517' title='bbox 3182 3317 3444 3388; x_wconf 83' lang='lat' dir='ltr'>privatim</span> <span class='ocrx_word' id='word_1_518' title='bbox 3490 3335 3661 3387; x_wconf 85' lang='lat' dir='ltr'>expo-</span> 
     </span>
    </p>
   </div>
   <div class='ocr_carea' id='block_1_75' title="bbox 2019 3406 3664 3482">
    <p class='ocr_par' dir='ltr' id='par_1_75' title="bbox 2019 3406 3664 3482">
     <span class='ocr_line' id='line_1_75' title="bbox 2019 3406 3664 3482; baseline -0.002 -18"><span class='ocrx_word' id='word_1_519' title='bbox 2019 3426 2175 3470; x_wconf 84' lang='lat' dir='ltr'>nere,</span> <span class='ocrx_word' id='word_1_520' title='bbox 2210 3411 2254 3466; x_wconf 89' lang='lat' dir='ltr'>si</span> <span class='ocrx_word' id='word_1_521' title='bbox 2289 3426 2459 3482; x_wconf 83' lang='lat' dir='ltr'>quam</span> <span class='ocrx_word' id='word_1_522' title='bbox 2513 3408 2777 3463; x_wconf 87' lang='lat' dir='ltr'>habuerit</span> <span class='ocrx_word' id='word_1_523' title='bbox 2834 3408 3081 3461; x_wconf 86' lang='lat' dir='ltr'>validam</span> <span class='ocrx_word' id='word_1_524' title='bbox 3138 3406 3417 3461; x_wconf 89' lang='lat' dir='ltr'>rationem</span> <span class='ocrx_word' id='word_1_525' title='bbox 3480 3406 3664 3461; x_wconf 88' lang='lat' dir='ltr'>sacris</span> 
     </span>
    </p>
   </div>
   <div class='ocr_carea' id='block_1_76' title="bbox 2020 3496 3659 3566">
    <p class='ocr_par' dir='ltr' id='par_1_76' title="bbox 2020 3496 3659 3566">
     <span class='ocr_line' id='line_1_76' title="bbox 2020 3496 3659 3566; baseline -0.002 -14"><span class='ocrx_word' id='word_1_526' title='bbox 2020 3500 2253 3555; x_wconf 89' lang='lat' dir='ltr'>Litteris</span> <span class='ocrx_word' id='word_1_527' title='bbox 2292 3503 2773 3554; x_wconf 89' lang='lat' dir='ltr'>consentaneam:</span> <span class='ocrx_word' id='word_1_528' title='bbox 2809 3502 2910 3551; x_wconf 90' lang='lat' dir='ltr'>aut</span> <span class='ocrx_word' id='word_1_529' title='bbox 2949 3501 3101 3551; x_wconf 89' lang='lat' dir='ltr'>certe</span> <span class='ocrx_word' id='word_1_530' title='bbox 3123 3496 3273 3566; x_wconf 91' lang='lat' dir='ltr'>quod</span> <span class='ocrx_word' id='word_1_531' title='bbox 3308 3496 3659 3565; x_wconf 87' lang='lat' dir='ltr'>imperatum</span> 
     </span>
    </p>
   </div>
   <div class='ocr_carea' id='block_1_77' title="bbox 2018 3585 3664 3660">
    <p class='ocr_par' dir='ltr' id='par_1_77' title="bbox 2018 3585 3664 3660">
     <span class='ocr_line' id='line_1_77' title="bbox 2018 3585 3664 3660; baseline -0.005 -13"><span class='ocrx_word' id='word_1_532' title='bbox 2018 3595 2127 3660; x_wconf 89' lang='lat' dir='ltr'>est,</span> <span class='ocrx_word' id='word_1_533' title='bbox 2164 3589 2396 3645; x_wconf 89' lang='lat' dir='ltr'>silentio</span> <span class='ocrx_word' id='word_1_534' title='bbox 2429 3588 2683 3658; x_wconf 88' lang='lat' dir='ltr'>exsequi.</span> <span class='ocrx_word' id='word_1_535' title='bbox 2717 3588 2875 3653; x_wconf 87' lang='lat' dir='ltr'>Quod</span> <span class='ocrx_word' id='word_1_536' title='bbox 2931 3587 2976 3642; x_wconf 88' lang='lat' dir='ltr'>si</span> <span class='ocrx_word' id='word_1_537' title='bbox 3023 3587 3241 3657; x_wconf 90' lang='lat' dir='ltr'>pudore</span> <span class='ocrx_word' id='word_1_538' title='bbox 3285 3585 3664 3655; x_wconf 87' lang='lat' dir='ltr'>prohibeatur</span> 
     </span>
    </p>
   </div>
   <div class='ocr_carea' id='block_1_78' title="bbox 2018 3674 3659 3749">
    <p class='ocr_par' dir='ltr' id='par_1_78' title="bbox 2018 3674 3659 3749">
     <span class='ocr_line' id='line_1_78' title="bbox 2018 3674 3659 3749; baseline -0.005 -14"><span class='ocrx_word' id='word_1_539' title='bbox 2018 3680 2127 3735; x_wconf 91' lang='lat' dir='ltr'>hoc</span> <span class='ocrx_word' id='word_1_540' title='bbox 2170 3681 2364 3734; x_wconf 77' lang='lat' dir='ltr'>facere</span> <span class='ocrx_word' id='word_1_541' title='bbox 2421 3677 2553 3733; x_wconf 89' lang='lat' dir='ltr'>aliis</span> <span class='ocrx_word' id='word_1_542' title='bbox 2611 3676 2985 3749; x_wconf 90' lang='lat' dir='ltr'>quibuspiam</span> <span class='ocrx_word' id='word_1_543' title='bbox 3018 3674 3397 3730; x_wconf 87' lang='lat' dir='ltr'>internuntiis</span> <span class='ocrx_word' id='word_1_544' title='bbox 3426 3675 3496 3728; x_wconf 91' lang='lat' dir='ltr'>ad</span> <span class='ocrx_word' id='word_1_545' title='bbox 3530 3690 3659 3728; x_wconf 90' lang='lat' dir='ltr'>eam</span> 
     </span>
    </p>
   </div>
   <div class='ocr_carea' id='block_1_79' title="bbox 2017 3765 2466 3823">
    <p class='ocr_par' dir='ltr' id='par_1_79' title="bbox 2017 3765 2466 3823">
     <span class='ocr_line' id='line_1_79' title="bbox 2017 3765 2466 3823; baseline -0.009 -1"><span class='ocrx_word' id='word_1_546' title='bbox 2017 3784 2140 3823; x_wconf 86' lang='lat' dir='ltr'>rem</span> <span class='ocrx_word' id='word_1_547' title='bbox 2170 3772 2369 3823; x_wconf 88' lang='lat' dir='ltr'>utatur</span> <span class='ocrx_word' id='word_1_548' title='bbox 2397 3765 2466 3818; x_wconf 66' lang='grc' dir='ltr'>εί.</span> 
     </span>
    </p>
   </div>
   <div class='ocr_carea' id='block_1_80' title="bbox 2017 3869 3647 3947">
    <p class='ocr_par' dir='ltr' id='par_1_80' title="bbox 2017 3869 3647 3947">
     <span class='ocr_line' id='line_1_80' title="bbox 2017 3869 3647 3947; baseline -0.007 -12"><span class='ocrx_word' id='word_1_549' title='bbox 2017 3879 2100 3935; x_wconf 73' lang='lat' dir='ltr'>Ex</span> <span class='ocrx_word' id='word_1_550' title='bbox 2130 3875 2681 3947; x_wconf 77' lang='lat' dir='ltr'>Moraliumejusdem</span> <span class='ocrx_word' id='word_1_551' title='bbox 2698 3889 2944 3929; x_wconf 80' lang='lat' dir='ltr'>sermone</span> <span class='ocrx_word' id='word_1_552' title='bbox 2967 3873 3368 3943; x_wconf 81' lang='lat' dir='ltr'>septuagesimo</span> <span class='ocrx_word' id='word_1_553' title='bbox 3398 3869 3647 3925; x_wconf 80' lang='lat' dir='ltr'>secundo.</span> 
     </span>
    </p>
   </div>
   <div class='ocr_carea' id='block_1_81' title="bbox 2089 4034 3657 4107">
    <p class='ocr_par' dir='ltr' id='par_1_81' title="bbox 2089 4034 3657 4107">
     <span class='ocr_line' id='line_1_81' title="bbox 2089 4034 3657 4107; baseline -0.006 -12"><span class='ocrx_word' id='word_1_554' title='bbox 2089 4042 2249 4107; x_wconf 87' lang='lat' dir='ltr'>Quod</span> <span class='ocrx_word' id='word_1_555' title='bbox 2284 4040 2498 4095; x_wconf 88' lang='lat' dir='ltr'>debent</span> <span class='ocrx_word' id='word_1_556' title='bbox 2537 4038 2834 4093; x_wconf 89' lang='lat' dir='ltr'>auditores</span> <span class='ocrx_word' id='word_1_557' title='bbox 2874 4036 2970 4107; x_wconf 88' lang='lat' dir='ltr'>qui</span> <span class='ocrx_word' id='word_1_558' title='bbox 3027 4051 3253 4090; x_wconf 90' lang='lat' dir='ltr'>sacrum</span> <span class='ocrx_word' id='word_1_559' title='bbox 3307 4034 3657 4087; x_wconf 88' lang='lat' dir='ltr'>Litterarum</span> 
     </span>
    </p>
   </div>
   <div class='ocr_carea' id='block_1_82' title="bbox 2019 4122 3661 4202">
    <p class='ocr_par' dir='ltr' id='par_1_82' title="bbox 2019 4122 3661 4202">
     <span class='ocr_line' id='line_1_82' title="bbox 2019 4122 3661 4202; baseline -0.007 -16"><span class='ocrx_word' id='word_1_560' title='bbox 2019 4132 2187 4202; x_wconf 90' lang='lat' dir='ltr'>periti</span> <span class='ocrx_word' id='word_1_561' title='bbox 2221 4138 2374 4197; x_wconf 89' lang='lat' dir='ltr'>sunt,</span> <span class='ocrx_word' id='word_1_562' title='bbox 2408 4128 2663 4183; x_wconf 89' lang='lat' dir='ltr'>adhibito</span> <span class='ocrx_word' id='word_1_563' title='bbox 2688 4126 2930 4197; x_wconf 89' lang='lat' dir='ltr'>judicio,</span> <span class='ocrx_word' id='word_1_564' title='bbox 2964 4142 3028 4179; x_wconf 86' lang='lat' dir='ltr'>ea</span> <span class='ocrx_word' id='word_1_565' title='bbox 3073 4122 3405 4179; x_wconf 85' lang='lat' dir='ltr'>auscultare</span> <span class='ocrx_word' id='word_1_566' title='bbox 3456 4137 3581 4190; x_wconf 65' lang='lat' dir='ltr'>quae</span> <span class='ocrx_word' id='word_1_567' title='bbox 3628 4138 3661 4174; x_wconf 89' lang='lat' dir='ltr'>a</span> 
     </span>
    </p>
   </div>
   <div class='ocr_carea' id='block_1_83' title="bbox 2019 4216 2751 4277">
    <p class='ocr_par' dir='ltr' id='par_1_83' title="bbox 2019 4216 2751 4277">
     <span class='ocr_line' id='line_1_83' title="bbox 2019 4216 2751 4277; baseline -0.007 -2"><span class='ocrx_word' id='word_1_568' title='bbox 2019 4220 2357 4277; x_wconf 90' lang='lat' dir='ltr'>doctoribus</span> <span class='ocrx_word' id='word_1_569' title='bbox 2388 4218 2658 4273; x_wconf 89' lang='lat' dir='ltr'>dicuntur</span> <span class='ocrx_word' id='word_1_570' title='bbox 2687 4216 2751 4269; x_wconf 71' lang='grc' dir='ltr'>ἐ.</span> 
     </span>
    </p>
   </div>
   <div class='ocr_carea' id='block_1_84' title="bbox 2089 4304 3657 4381">
    <p class='ocr_par' dir='ltr' id='par_1_84' title="bbox 2089 4304 3657 4381">
     <span class='ocr_line' id='line_1_84' title="bbox 2089 4304 3657 4381; baseline -0.007 -16"><span class='ocrx_word' id='word_1_571' title='bbox 2089 4312 2249 4375; x_wconf 88' lang='lat' dir='ltr'>Quod</span> <span class='ocrx_word' id='word_1_572' title='bbox 2283 4309 2381 4381; x_wconf 87' lang='lat' dir='ltr'>qui</span> <span class='ocrx_word' id='word_1_573' title='bbox 2415 4310 2486 4362; x_wconf 87' lang='lat' dir='ltr'>ad</span> <span class='ocrx_word' id='word_1_574' title='bbox 2539 4308 2864 4362; x_wconf 90' lang='lat' dir='ltr'>docendum</span> <span class='ocrx_word' id='word_1_575' title='bbox 2916 4311 3003 4360; x_wconf 92' lang='lat' dir='ltr'>est</span> <span class='ocrx_word' id='word_1_576' title='bbox 3041 4304 3407 4375; x_wconf 63' lang='lat' dir='ltr'>praepositus,</span> <span class='ocrx_word' id='word_1_577' title='bbox 3445 4319 3657 4372; x_wconf 81' lang='lat' dir='ltr'>magna</span> 
     </span>
    </p>
   </div>
   <div class='ocr_carea' id='block_1_85' title="bbox 2020 4392 3655 4469">
    <p class='ocr_par' dir='ltr' id='par_1_85' title="bbox 2020 4392 3655 4469">
     <span class='ocr_line' id='line_1_85' title="bbox 2020 4392 3655 4469; baseline -0.006 -14"><span class='ocrx_word' id='word_1_578' title='bbox 2020 4399 2543 4469; x_wconf 88' lang='lat' dir='ltr'>circumspectione</span> <span class='ocrx_word' id='word_1_579' title='bbox 2575 4396 2900 4467; x_wconf 88' lang='lat' dir='ltr'>acjudicio,</span> <span class='ocrx_word' id='word_1_580' title='bbox 2927 4396 2995 4449; x_wconf 85' lang='lat' dir='ltr'>ad</span> <span class='ocrx_word' id='word_1_581' title='bbox 3030 4410 3161 4448; x_wconf 86' lang='lat' dir='ltr'>cum</span> <span class='ocrx_word' id='word_1_582' title='bbox 3206 4396 3376 4447; x_wconf 77' lang='lat' dir='ltr'>tinem</span> <span class='ocrx_word' id='word_1_583' title='bbox 3421 4398 3481 4445; x_wconf 90' lang='lat' dir='ltr'>ut</span> <span class='ocrx_word' id='word_1_584' title='bbox 3527 4392 3655 4461; x_wconf 85' lang='lat' dir='ltr'>pla-</span> 
     </span>
    </p>
   </div>
   <div class='ocr_carea' id='block_1_86' title="bbox 261 4474 1906 4567">
    <p class='ocr_par' dir='ltr' id='par_1_86' title="bbox 261 4486 1901 4567">
     <span class='ocr_line' id='line_1_86' title="bbox 261 4486 1901 4567; baseline 0.005 -27"><span class='ocrx_word' id='word_1_585' title='bbox 261 4488 387 4541; x_wconf 86' lang='grc' dir='ltr'>Θεὸν</span> <span class='ocrx_word' id='word_1_586' title='bbox 449 4487 873 4559; x_wconf 81' lang='grc' dir='ltr'>εὖαρεστήσεως,</span> <span class='ocrx_word' id='word_1_587' title='bbox 934 4486 1157 4543; x_wconf 74' lang='grc' dir='ltr'>ἕκαστον</span> <span class='ocrx_word' id='word_1_588' title='bbox 1214 4496 1388 4544; x_wconf 76' lang='grc' dir='ltr'>ποιεῖν</span> <span class='ocrx_word' id='word_1_589' title='bbox 1439 4512 1496 4545; x_wconf 92' lang='grc' dir='ltr'>τε</span> <span class='ocrx_word' id='word_1_590' title='bbox 1544 4493 1632 4546; x_wconf 74' lang='grc' dir='ltr'>καὶ</span> <span class='ocrx_word' id='word_1_591' title='bbox 1680 4492 1859 4567; x_wconf 78' lang='grc' dir='ltr'>λέγειν</span> <span class='ocrx_word' id='word_1_592' title='bbox 1890 4514 1901 4525; x_wconf 90' lang='grc'>·</span> 
     </span>
    </p>
   </div>
   <div class='ocr_carea' id='block_1_87' title="bbox 2027 4474 3658 4567">
    <p class='ocr_par' dir='ltr' id='par_1_87' title="bbox 2027 4485 3658 4562">
     <span class='ocr_line' id='line_1_87' title="bbox 2027 4485 3658 4562; baseline -0.006 -15"><span class='ocrx_word' id='word_1_593' title='bbox 2027 4497 2142 4547; x_wconf 74' lang='lat' dir='ltr'>:eat</span> <span class='ocrx_word' id='word_1_594' title='bbox 2164 4491 2303 4556; x_wconf 90' lang='lat' dir='ltr'>Deo,</span> <span class='ocrx_word' id='word_1_595' title='bbox 2335 4506 2501 4562; x_wconf 79' lang='lat' dir='ltr'>agere</span> <span class='ocrx_word' id='word_1_596' title='bbox 2534 4488 2765 4559; x_wconf 84' lang='lat' dir='ltr'>singula</span> <span class='ocrx_word' id='word_1_597' title='bbox 2798 4489 2968 4543; x_wconf 88' lang='lat' dir='ltr'>debet</span> <span class='ocrx_word' id='word_1_598' title='bbox 2999 4504 3064 4541; x_wconf 90' lang='lat' dir='ltr'>ac</span> <span class='ocrx_word' id='word_1_599' title='bbox 3096 4486 3277 4557; x_wconf 91' lang='lat' dir='ltr'>loqui,</span> <span class='ocrx_word' id='word_1_600' title='bbox 3304 4489 3368 4539; x_wconf 92' lang='lat' dir='ltr'>ut</span> <span class='ocrx_word' id='word_1_601' title='bbox 3416 4485 3515 4554; x_wconf 89' lang='lat' dir='ltr'>qui</span> <span class='ocrx_word' id='word_1_602' title='bbox 3565 4501 3658 4538; x_wconf 83' lang='lat' dir='ltr'>eo-</span> 
     </span>
    </p>
   </div>
   <div class='ocr_carea' id='block_1_88' title="bbox 259 4577 1904 4655">
    <p class='ocr_par' dir='ltr' id='par_1_88' title="bbox 259 4577 1904 4655">
     <span class='ocr_line' id='line_1_88' title="bbox 259 4577 1904 4655; baseline 0.005 -27"><span class='ocrx_word' id='word_1_603' title='bbox 259 4577 331 4638; x_wconf 78' lang='grc' dir='ltr'>ὡς</span> <span class='ocrx_word' id='word_1_604' title='bbox 362 4578 651 4655; x_wconf 81' lang='grc' dir='ltr'>ὀφείλοντα</span> <span class='ocrx_word' id='word_1_605' title='bbox 681 4577 769 4632; x_wconf 74' lang='grc' dir='ltr'>καὶ</span> <span class='ocrx_word' id='word_1_606' title='bbox 818 4578 906 4633; x_wconf 84' lang='grc' dir='ltr'>ὑπ’</span> <span class='ocrx_word' id='word_1_607' title='bbox 958 4579 1132 4633; x_wconf 81' lang='grc' dir='ltr'>αὐτῶν</span> <span class='ocrx_word' id='word_1_608' title='bbox 1180 4585 1288 4634; x_wconf 90' lang='grc' dir='ltr'>τῶν</span> <span class='ocrx_word' id='word_1_609' title='bbox 1333 4584 1767 4637; x_wconf 87' lang='grc' dir='ltr'>πεπιστευκότων</span> <span class='ocrx_word' id='word_1_610' title='bbox 1810 4584 1904 4637; x_wconf 78' lang='grc' dir='ltr'>αὐ-</span> 
     </span>
    </p>
   </div>
   <div class='ocr_carea' id='block_1_89' title="bbox 256 4663 799 4737">
    <p class='ocr_par' dir='ltr' id='par_1_89' title="bbox 256 4663 799 4737">
     <span class='ocr_line' id='line_1_89' title="bbox 256 4663 799 4737; baseline 0.011 -22"><span class='ocrx_word' id='word_1_611' title='bbox 256 4669 333 4735; x_wconf 82' lang='grc' dir='ltr'>τῷ</span> <span class='ocrx_word' id='word_1_612' title='bbox 369 4663 757 4737; x_wconf 81' lang='grc' dir='ltr'>δοκιμάζεσθαι</span> <span class='ocrx_word' id='word_1_613' title='bbox 786 4710 799 4722; x_wconf 93' lang='grc'><strong>.</strong></span> 
     </span>
    </p>
   </div>
   <div class='ocr_carea' id='block_1_90' title="bbox 528 4754 1625 4832">
    <p class='ocr_par' dir='ltr' id='par_1_90' title="bbox 528 4754 1625 4832">
     <span class='ocr_line' id='line_1_90' title="bbox 528 4754 1625 4832; baseline 0.005 -24"><span class='ocrx_word' id='word_1_614' title='bbox 528 4754 622 4827; x_wconf 70' lang='grc' dir='ltr'>ς’.</span> <span class='ocrx_word' id='word_1_615' title='bbox 658 4786 725 4796; x_wconf 90' lang='lat'>——</span> <span class='ocrx_word' id='word_1_616' title='bbox 755 4755 1053 4829; x_wconf 84' lang='grc' dir='ltr'>Θεοκτίστῃ</span> <span class='ocrx_word' id='word_1_617' title='bbox 1089 4758 1157 4830; x_wconf 76' lang='grc' dir='ltr'>τῇ</span> <span class='ocrx_word' id='word_1_618' title='bbox 1191 4758 1384 4811; x_wconf 74' lang='grc' dir='ltr'>ἐαυσοῦ</span> <span class='ocrx_word' id='word_1_619' title='bbox 1420 4758 1585 4832; x_wconf 80' lang='grc' dir='ltr'>μητρί</span> <span class='ocrx_word' id='word_1_620' title='bbox 1613 4802 1625 4814; x_wconf 94' lang='grc'>.</span> 
     </span>
    </p>
   </div>
   <div class='ocr_carea' id='block_1_91' title="bbox 2019 4574 3658 4649">
    <p class='ocr_par' dir='ltr' id='par_1_91' title="bbox 2019 4574 3658 4649">
     <span class='ocr_line' id='line_1_91' title="bbox 2019 4574 3658 4649; baseline -0.006 -13"><span class='ocrx_word' id='word_1_621' title='bbox 2019 4598 2149 4636; x_wconf 91' lang='lat' dir='ltr'>rum</span> <span class='ocrx_word' id='word_1_622' title='bbox 2206 4581 2384 4635; x_wconf 89' lang='lat' dir='ltr'>etiam</span> <span class='ocrx_word' id='word_1_623' title='bbox 2434 4578 2656 4649; x_wconf 84' lang='lat' dir='ltr'>judicio</span> <span class='ocrx_word' id='word_1_624' title='bbox 2716 4578 2817 4647; x_wconf 88' lang='lat' dir='ltr'>qui</span> <span class='ocrx_word' id='word_1_625' title='bbox 2874 4592 3022 4631; x_wconf 68' lang='lat' dir='ltr'>cura:</span> <span class='ocrx_word' id='word_1_626' title='bbox 3056 4576 3242 4647; x_wconf 90' lang='lat' dir='ltr'>ipsius</span> <span class='ocrx_word' id='word_1_627' title='bbox 3266 4574 3465 4631; x_wconf 87' lang='lat' dir='ltr'>crediti</span> <span class='ocrx_word' id='word_1_628' title='bbox 3501 4576 3658 4639; x_wconf 88' lang='lat' dir='ltr'>sunt,</span> 
     </span>
    </p>
   </div>
   <div class='ocr_carea' id='block_1_92' title="bbox 2017 4668 2544 4743">
    <p class='ocr_par' dir='ltr' id='par_1_92' title="bbox 2017 4668 2544 4743">
     <span class='ocr_line' id='line_1_92' title="bbox 2017 4668 2544 4743; baseline -0.011 -17"><span class='ocrx_word' id='word_1_629' title='bbox 2017 4670 2349 4743; x_wconf 88' lang='lat' dir='ltr'>probandus</span> <span class='ocrx_word' id='word_1_630' title='bbox 2380 4668 2449 4722; x_wconf 87' lang='lat' dir='ltr'>sit</span> <span class='ocrx_word' id='word_1_631' title='bbox 2480 4668 2544 4721; x_wconf 79' lang='grc'>²³.</span> 
     </span>
    </p>
   </div>
   <div class='ocr_carea' id='block_1_93' title="bbox 2387 4757 3291 4815">
    <p class='ocr_par' dir='ltr' id='par_1_93' title="bbox 2387 4757 3291 4815">
     <span class='ocr_line' id='line_1_93' title="bbox 2387 4757 3291 4815; baseline -0.003 -2"><span class='ocrx_word' id='word_1_632' title='bbox 2387 4759 2476 4815; x_wconf 92' lang='lat' dir='ltr'>VI.</span> <span class='ocrx_word' id='word_1_633' title='bbox 2510 4790 2577 4799; x_wconf 99' lang='lat'><em>—</em></span> <span class='ocrx_word' id='word_1_634' title='bbox 2611 4758 2924 4814; x_wconf 61' lang='lat' dir='ltr'>Theoctislw</span> <span class='ocrx_word' id='word_1_635' title='bbox 2955 4757 3126 4812; x_wconf 82' lang='lat' dir='ltr'>matri</span> <span class='ocrx_word' id='word_1_636' title='bbox 3154 4772 3291 4813; x_wconf 71' lang='lat' dir='ltr'>suae.</span> 
     </span>
    </p>
   </div>
   <div class='ocr_carea' id='block_1_94' title="bbox 275 4853 3665 4930">
    <p class='ocr_par' dir='ltr' id='par_1_94' title="bbox 275 4853 3665 4930">
     <span class='ocr_line' id='line_1_94' title="bbox 275 4853 3665 4930; baseline 0.001 -23"><span class='ocrx_word' id='word_1_637' title='bbox 275 4853 501 4908; x_wconf 89' lang='lat' dir='ltr'>Doloris</span> <span class='ocrx_word' id='word_1_638' title='bbox 533 4859 588 4909; x_wconf 90' lang='lat' dir='ltr'>et</span> <span class='ocrx_word' id='word_1_639' title='bbox 618 4857 836 4911; x_wconf 91' lang='lat' dir='ltr'>amoris</span> <span class='ocrx_word' id='word_1_640' title='bbox 867 4860 1045 4912; x_wconf 89' lang='lat' dir='ltr'>testes</span> <span class='ocrx_word' id='word_1_641' title='bbox 1066 4876 1132 4913; x_wconf 88' lang='lat' dir='ltr'>ac</span> <span class='ocrx_word' id='word_1_642' title='bbox 1163 4859 1394 4929; x_wconf 86' lang='lat' dir='ltr'>pietatis</span> <span class='ocrx_word' id='word_1_643' title='bbox 1424 4858 1627 4929; x_wconf 84' lang='lat' dir='ltr'>plenas</span> <span class='ocrx_word' id='word_1_644' title='bbox 1654 4859 1876 4917; x_wconf 89' lang='lat' dir='ltr'>litteras</span> <span class='ocrx_word' id='word_1_645' title='bbox 1906 4861 2082 4916; x_wconf 86' lang='lat' dir='ltr'>mittit</span> <span class='ocrx_word' id='word_1_646' title='bbox 2114 4860 2305 4927; x_wconf 87' lang='lat' dir='ltr'>matri,</span> <span class='ocrx_word' id='word_1_647' title='bbox 2329 4874 2461 4915; x_wconf 90' lang='lat' dir='ltr'>cum</span> <span class='ocrx_word' id='word_1_648' title='bbox 2493 4874 2619 4913; x_wconf 83' lang='lat' dir='ltr'>eam</span> <span class='ocrx_word' id='word_1_649' title='bbox 2649 4858 2988 4930; x_wconf 84' lang='lat' dir='ltr'>gravissime</span> <span class='ocrx_word' id='word_1_650' title='bbox 3019 4862 3295 4929; x_wconf 65' lang='lat' dir='ltr'>aegrotare</span> <span class='ocrx_word' id='word_1_651' title='bbox 3326 4854 3665 4924; x_wconf 86' lang='lat' dir='ltr'>accepisset.</span> 
     </span>
    </p>
   </div>
   <div class='ocr_carea' id='block_1_95' title="bbox 334 4949 1904 5030">
    <p class='ocr_par' dir='ltr' id='par_1_95' title="bbox 334 4949 1904 5030">
     <span class='ocr_line' id='line_1_95' title="bbox 334 4949 1904 5030; baseline 0.004 -25"><span class='ocrx_word' id='word_1_652' title='bbox 334 4950 391 5005; x_wconf 84' lang='lat' dir='ltr'>Ei</span> <span class='ocrx_word' id='word_1_653' title='bbox 433 4949 551 5005; x_wconf 83' lang='grc' dir='ltr'>οἷόν</span> <span class='ocrx_word' id='word_1_654' title='bbox 580 4972 637 5005; x_wconf 87' lang='grc' dir='ltr'>τε</span> <span class='ocrx_word' id='word_1_655' title='bbox 683 4953 748 5019; x_wconf 75' lang='grc' dir='ltr'>ἦν</span> <span class='ocrx_word' id='word_1_656' title='bbox 797 4951 1003 5028; x_wconf 76' lang='grc' dir='ltr'>δάκρυα</span> <span class='ocrx_word' id='word_1_657' title='bbox 1051 4955 1101 5007; x_wconf 84' lang='grc' dir='ltr'>ἐν</span> <span class='ocrx_word' id='word_1_658' title='bbox 1153 4956 1467 5030; x_wconf 79' lang='grc' dir='ltr'>γράμμασιν</span> <span class='ocrx_word' id='word_1_659' title='bbox 1516 4958 1904 5028; x_wconf 82' lang='grc' dir='ltr'>ἀποκομίζειν,</span> 
     </span>
    </p>
   </div>
   <div class='ocr_carea' id='block_1_96' title="bbox 262 5039 1903 5118">
    <p class='ocr_par' dir='ltr' id='par_1_96' title="bbox 262 5039 1903 5118">
     <span class='ocr_line' id='line_1_96' title="bbox 262 5039 1903 5118; baseline 0.005 -26"><span class='ocrx_word' id='word_1_660' title='bbox 262 5039 549 5111; x_wconf 79' lang='grc' dir='ltr'>ἐμπλήσας</span> <span class='ocrx_word' id='word_1_661' title='bbox 580 5040 781 5110; x_wconf 73' lang='grc' dir='ltr'>ταύτην</span> <span class='ocrx_word' id='word_1_662' title='bbox 836 5063 941 5113; x_wconf 88' lang='grc' dir='ltr'>μου</span> <span class='ocrx_word' id='word_1_663' title='bbox 994 5042 1053 5097; x_wconf 81' lang='grc' dir='ltr'>ἄν</span> <span class='ocrx_word' id='word_1_664' title='bbox 1104 5044 1202 5112; x_wconf 79' lang='grc' dir='ltr'>τὴν</span> <span class='ocrx_word' id='word_1_665' title='bbox 1250 5044 1565 5114; x_wconf 78' lang='grc' dir='ltr'>ἐπιστολὴν,</span> <span class='ocrx_word' id='word_1_666' title='bbox 1618 5045 1776 5118; x_wconf 79' lang='grc' dir='ltr'>τιμία</span> <span class='ocrx_word' id='word_1_667' title='bbox 1816 5048 1903 5101; x_wconf 83' lang='grc' dir='ltr'>καὶ</span> 
     </span>
    </p>
   </div>
   <div class='ocr_carea' id='block_1_97' title="bbox 264 5126 1907 5209">
    <p class='ocr_par' dir='ltr' id='par_1_97' title="bbox 264 5126 1907 5209">
     <span class='ocr_line' id='line_1_97' title="bbox 264 5126 1907 5209; baseline 0.004 -26"><span class='ocrx_word' id='word_1_668' title='bbox 264 5126 494 5201; x_wconf 81' lang='grc' dir='ltr'>γλυκεῖα</span> <span class='ocrx_word' id='word_1_669' title='bbox 549 5129 637 5182; x_wconf 80' lang='grc' dir='ltr'>καὶ</span> <span class='ocrx_word' id='word_1_670' title='bbox 688 5132 987 5199; x_wconf 82' lang='grc' dir='ltr'>θεοπὸθητέ</span> <span class='ocrx_word' id='word_1_671' title='bbox 1040 5154 1144 5203; x_wconf 91' lang='grc' dir='ltr'>μου</span> <span class='ocrx_word' id='word_1_672' title='bbox 1215 5141 1409 5208; x_wconf 82' lang='grc' dir='ltr'>μῆτερ,</span> <span class='ocrx_word' id='word_1_673' title='bbox 1459 5134 1907 5209; x_wconf 78' lang='grc' dir='ltr'>παρεπεμψάμην</span> 
     </span>
    </p>
   </div>
   <div class='ocr_carea' id='block_1_98' title="bbox 270 5216 1911 5298">
    <p class='ocr_par' dir='ltr' id='par_1_98' title="bbox 270 5216 1911 5298">
     <span class='ocr_line' id='line_1_98' title="bbox 270 5216 1911 5298; baseline 0.007 -30"><span class='ocrx_word' id='word_1_674' title='bbox 270 5238 350 5270; x_wconf 91' lang='grc' dir='ltr'>σοι</span> <span class='ocrx_word' id='word_1_675' title='bbox 383 5216 435 5270; x_wconf 83' lang='grc' dir='ltr'>ἐν</span> <span class='ocrx_word' id='word_1_676' title='bbox 484 5218 705 5280; x_wconf 71' lang='grc' dir='ltr'>ταύταις</span> <span class='ocrx_word' id='word_1_677' title='bbox 763 5224 879 5279; x_wconf 80' lang='grc' dir='ltr'>ταῖς</span> <span class='ocrx_word' id='word_1_678' title='bbox 928 5221 1198 5294; x_wconf 85' lang='grc' dir='ltr'>ἡμέραις.</span> <span class='ocrx_word' id='word_1_679' title='bbox 1249 5228 1334 5294; x_wconf 81' lang='grc' dir='ltr'>Τῷ</span> <span class='ocrx_word' id='word_1_680' title='bbox 1377 5221 1491 5279; x_wconf 78' lang='grc' dir='ltr'>ὄντι</span> <span class='ocrx_word' id='word_1_681' title='bbox 1542 5227 1643 5298; x_wconf 81' lang='grc' dir='ltr'>γάρ</span> <span class='ocrx_word' id='word_1_682' title='bbox 1692 5225 1791 5279; x_wconf 76' lang='grc' dir='ltr'>οὐκ</span> <span class='ocrx_word' id='word_1_683' title='bbox 1822 5226 1911 5279; x_wconf 87' lang='grc' dir='ltr'>ἀν-</span> 
     </span>
    </p>
   </div>
   <div class='ocr_carea' id='block_1_99' title="bbox 266 5308 1905 5392">
    <p class='ocr_par' dir='ltr' id='par_1_99' title="bbox 266 5308 1905 5392">
     <span class='ocr_line' id='line_1_99' title="bbox 266 5308 1905 5392; baseline 0.005 -32"><span class='ocrx_word' id='word_1_684' title='bbox 266 5313 428 5369; x_wconf 88' lang='grc' dir='ltr'>εκτῶς</span> <span class='ocrx_word' id='word_1_685' title='bbox 463 5308 607 5383; x_wconf 87' lang='grc' dir='ltr'>φέρω</span> <span class='ocrx_word' id='word_1_686' title='bbox 665 5310 730 5362; x_wconf 81' lang='grc' dir='ltr'>τά</span> <span class='ocrx_word' id='word_1_687' title='bbox 775 5312 896 5383; x_wconf 85' lang='grc' dir='ltr'>περῖ</span> <span class='ocrx_word' id='word_1_688' title='bbox 943 5316 1038 5365; x_wconf 84' lang='grc' dir='ltr'>τοῦ</span> <span class='ocrx_word' id='word_1_689' title='bbox 1077 5312 1313 5381; x_wconf 79' lang='grc' dir='ltr'>ἀκούειν,</span> <span class='ocrx_word' id='word_1_690' title='bbox 1367 5314 1427 5368; x_wconf 77' lang='grc' dir='ltr'>οὐ</span> <span class='ocrx_word' id='word_1_691' title='bbox 1466 5314 1609 5389; x_wconf 91' lang='grc' dir='ltr'>λέγω</span> <span class='ocrx_word' id='word_1_692' title='bbox 1656 5314 1905 5392; x_wconf 79' lang='grc' dir='ltr'>ἐντάφια,</span> 
     </span>
    </p>
   </div>
   <div class='ocr_carea' id='block_1_100' title="bbox 266 5393 1904 5475">
    <p class='ocr_par' dir='ltr' id='par_1_100' title="bbox 266 5393 1904 5475">
     <span class='ocr_line' id='line_1_100' title="bbox 266 5393 1904 5475; baseline 0.009 -29"><span class='ocrx_word' id='word_1_693' title='bbox 266 5393 407 5449; x_wconf 84' lang='grc' dir='ltr'>ἀλλά</span> <span class='ocrx_word' id='word_1_694' title='bbox 436 5398 525 5450; x_wconf 82' lang='grc' dir='ltr'>καὶ</span> <span class='ocrx_word' id='word_1_695' title='bbox 574 5400 858 5469; x_wconf 75' lang='grc' dir='ltr'>νοσήματα</span> <span class='ocrx_word' id='word_1_696' title='bbox 906 5400 1264 5475; x_wconf 80' lang='grc' dir='ltr'>ἐπιθανάσιμα</span> <span class='ocrx_word' id='word_1_697' title='bbox 1291 5447 1302 5459; x_wconf 93' lang='grc'><strong>.</strong></span> <span class='ocrx_word' id='word_1_698' title='bbox 1358 5404 1459 5458; x_wconf 80' lang='grc' dir='ltr'>Καὶ</span> <span class='ocrx_word' id='word_1_699' title='bbox 1504 5402 1593 5458; x_wconf 73' lang='grc' dir='ltr'>’ίνα</span> <span class='ocrx_word' id='word_1_700' title='bbox 1622 5406 1671 5458; x_wconf 87' lang='grc' dir='ltr'>τί</span> <span class='ocrx_word' id='word_1_701' title='bbox 1710 5404 1904 5468; x_wconf 66' lang='grc' dir='ltr'>οὕτως,</span> 
     </span>
    </p>
   </div>
   <div class='ocr_carea' id='block_1_101' title="bbox 269 5484 1905 5567">
    <p class='ocr_par' dir='ltr' id='par_1_101' title="bbox 269 5484 1905 5567">
     <span class='ocr_line' id='line_1_101' title="bbox 269 5484 1905 5567; baseline -0.002 -28"><span class='ocrx_word' id='word_1_702' title='bbox 269 5484 455 5557; x_wconf 65' lang='grc' dir='ltr'>μῆνέρ,</span> <span class='ocrx_word' id='word_1_703' title='bbox 493 5506 619 5556; x_wconf 83' lang='grc' dir='ltr'>μου,</span> <span class='ocrx_word' id='word_1_704' title='bbox 653 5484 807 5541; x_wconf 79' lang='grc' dir='ltr'>ε’ίλου</span> <span class='ocrx_word' id='word_1_705' title='bbox 847 5491 993 5559; x_wconf 75' lang='grc' dir='ltr'>ἡμᾶς</span> <span class='ocrx_word' id='word_1_706' title='bbox 1050 5490 1219 5559; x_wconf 78' lang='grc' dir='ltr'>ἐάσαι,</span> <span class='ocrx_word' id='word_1_707' title='bbox 1276 5493 1599 5564; x_wconf 71' lang='grc' dir='ltr'>ἀγαπήσασα</span> <span class='ocrx_word' id='word_1_708' title='bbox 1630 5498 1718 5548; x_wconf 64' lang='grc' dir='ltr'>τὸν</span> <span class='ocrx_word' id='word_1_709' title='bbox 1772 5494 1905 5567; x_wconf 72' lang='grc' dir='ltr'>μέλ-</span> 
     </span>
    </p>
   </div>
   <div class='ocr_carea' id='block_1_102' title="bbox 266 5570 1907 5657">
    <p class='ocr_par' dir='ltr' id='par_1_102' title="bbox 266 5570 1907 5657">
     <span class='ocr_line' id='line_1_102' title="bbox 266 5570 1907 5657; baseline 0.009 -34"><span class='ocrx_word' id='word_1_710' title='bbox 266 5570 428 5625; x_wconf 84' lang='grc' dir='ltr'>λοντα</span> <span class='ocrx_word' id='word_1_711' title='bbox 474 5574 685 5642; x_wconf 88' lang='grc' dir='ltr'>αἰῶνα;</span> <span class='ocrx_word' id='word_1_712' title='bbox 742 5574 1052 5651; x_wconf 77' lang='grc' dir='ltr'>ἐκδημῆσαι</span> <span class='ocrx_word' id='word_1_713' title='bbox 1102 5580 1192 5657; x_wconf 87' lang='grc' dir='ltr'>ἀφ’</span> <span class='ocrx_word' id='word_1_714' title='bbox 1223 5583 1405 5651; x_wconf 75' lang='grc' dir='ltr'>ἡμῶν,</span> <span class='ocrx_word' id='word_1_715' title='bbox 1458 5583 1549 5635; x_wconf 78' lang='grc' dir='ltr'>καὶ</span> <span class='ocrx_word' id='word_1_716' title='bbox 1603 5581 1907 5655; x_wconf 83' lang='grc' dir='ltr'>ἐνδημῆσαι</span> 
     </span>
    </p>
   </div>
   <div class='ocr_carea' id='block_1_103' title="bbox 338 5713 773 5787">
    <p class='ocr_par' dir='ltr' id='par_1_103' title="bbox 338 5713 773 5787">
     <span class='ocr_line' id='line_1_103' title="bbox 338 5713 773 5787; baseline 0.014 -18"><span class='ocrx_word' id='word_1_717' title='bbox 338 5713 382 5746; x_wconf 74' lang='lat'>‘9</span> <span class='ocrx_word' id='word_1_718' title='bbox 411 5714 433 5769; x_wconf 88' lang='grc' dir='ltr'>Ι</span> <span class='ocrx_word' id='word_1_719' title='bbox 463 5716 590 5773; x_wconf 84' lang='lat' dir='ltr'>Cor.</span> <span class='ocrx_word' id='word_1_720' title='bbox 628 5735 689 5787; x_wconf 78' lang='grc' dir='ltr'>ιι,</span> <span class='ocrx_word' id='word_1_721' title='bbox 725 5721 773 5775; x_wconf 94' lang='grc'>1.</span> 
     </span>
    </p>
   </div>
   <div class='ocr_carea' id='block_1_104' title="bbox 265 5783 633 5857">
    <p class='ocr_par' dir='ltr' id='par_1_104' title="bbox 265 5783 633 5857">
     <span class='ocr_line' id='line_1_104' title="bbox 265 5783 633 5857; baseline 0 -15"><span class='ocrx_word' id='word_1_722' title='bbox 265 5783 355 5852; x_wconf 86' lang='grc'>70,</span> <span class='ocrx_word' id='word_1_723' title='bbox 385 5801 514 5857; x_wconf 76' lang='lat' dir='ltr'>cap.</span> <span class='ocrx_word' id='word_1_724' title='bbox 544 5790 633 5844; x_wconf 88' lang='lat'>37.</span> 
     </span>
    </p>
   </div>
   <div class='ocr_carea' id='block_1_105' title="bbox 853 5720 2010 5797">
    <p class='ocr_par' dir='ltr' id='par_1_105' title="bbox 853 5720 2010 5797">
     <span class='ocr_line' id='line_1_105' title="bbox 853 5720 2010 5797; baseline 0.005 -23"><span class='ocrx_word' id='word_1_725' title='bbox 853 5720 900 5754; x_wconf 78' lang='grc'>²⁰</span> <span class='ocrx_word' id='word_1_726' title='bbox 930 5721 1119 5791; x_wconf 72' lang='lat' dir='ltr'>Rogat.</span> <span class='ocrx_word' id='word_1_727' title='bbox 1150 5722 1261 5793; x_wconf 78' lang='lat' dir='ltr'>fus.</span> <span class='ocrx_word' id='word_1_728' title='bbox 1302 5722 1526 5793; x_wconf 76' lang='lat' dir='ltr'>dispul.,</span> <span class='ocrx_word' id='word_1_729' title='bbox 1559 5724 1898 5797; x_wconf 84' lang='lat' dir='ltr'>interrogat.</span> <span class='ocrx_word' id='word_1_730' title='bbox 1922 5728 2010 5781; x_wconf 84' lang='lat'>27.</span> 
     </span>
    </p>
   </div>
   <div class='ocr_carea' id='block_1_106' title="bbox 2090 4954 3660 5030">
    <p class='ocr_par' dir='ltr' id='par_1_106' title="bbox 2090 4954 3660 5030">
     <span class='ocr_line' id='line_1_106' title="bbox 2090 4954 3660 5030; baseline -0.004 -16"><span class='ocrx_word' id='word_1_731' title='bbox 2090 4960 2149 5015; x_wconf 93' lang='lat' dir='ltr'>Si</span> <span class='ocrx_word' id='word_1_732' title='bbox 2182 4958 2304 5013; x_wconf 81' lang='lat' dir='ltr'>ﬁeri</span> <span class='ocrx_word' id='word_1_733' title='bbox 2339 4960 2533 5030; x_wconf 91' lang='lat' dir='ltr'>posset</span> <span class='ocrx_word' id='word_1_734' title='bbox 2573 4962 2634 5011; x_wconf 90' lang='lat' dir='ltr'>ut</span> <span class='ocrx_word' id='word_1_735' title='bbox 2667 4958 2722 5011; x_wconf 94' lang='lat' dir='ltr'>in</span> <span class='ocrx_word' id='word_1_736' title='bbox 2745 4956 2955 5011; x_wconf 87' lang='lat' dir='ltr'>litteris</span> <span class='ocrx_word' id='word_1_737' title='bbox 2984 4955 3249 5026; x_wconf 70' lang='lat' dir='ltr'>lacrymaa</span> <span class='ocrx_word' id='word_1_738' title='bbox 3282 4954 3660 5022; x_wconf 86' lang='lat' dir='ltr'>deferrentur,</span> 
     </span>
    </p>
   </div>
   <div class='ocr_carea' id='block_1_107' title="bbox 2017 5043 3666 5120">
    <p class='ocr_par' dir='ltr' id='par_1_107' title="bbox 2017 5043 3666 5120">
     <span class='ocr_line' id='line_1_107' title="bbox 2017 5043 3666 5120; baseline -0.004 -17"><span class='ocrx_word' id='word_1_739' title='bbox 2017 5049 2110 5103; x_wconf 90' lang='lat' dir='ltr'>his</span> <span class='ocrx_word' id='word_1_740' title='bbox 2145 5049 2374 5120; x_wconf 89' lang='lat' dir='ltr'>plenam</span> <span class='ocrx_word' id='word_1_741' title='bbox 2410 5047 2561 5102; x_wconf 90' lang='lat' dir='ltr'>hanc</span> <span class='ocrx_word' id='word_1_742' title='bbox 2590 5046 2891 5117; x_wconf 89' lang='lat' dir='ltr'>epistolam</span> <span class='ocrx_word' id='word_1_743' title='bbox 2938 5062 3153 5110; x_wconf 83' lang='lat' dir='ltr'>meam,</span> <span class='ocrx_word' id='word_1_744' title='bbox 3186 5044 3427 5099; x_wconf 89' lang='lat' dir='ltr'>colenda</span> <span class='ocrx_word' id='word_1_745' title='bbox 3459 5043 3666 5097; x_wconf 91' lang='lat' dir='ltr'>etdul-</span> 
     </span>
    </p>
   </div>
   <div class='ocr_carea' id='block_1_108' title="bbox 2019 5132 3667 5207">
    <p class='ocr_par' dir='ltr' id='par_1_108' title="bbox 2019 5132 3667 5207">
     <span class='ocr_line' id='line_1_108' title="bbox 2019 5132 3667 5207; baseline -0.004 -15"><span class='ocrx_word' id='word_1_746' title='bbox 2019 5138 2103 5193; x_wconf 88' lang='lat' dir='ltr'>cis</span> <span class='ocrx_word' id='word_1_747' title='bbox 2160 5137 2387 5207; x_wconf 89' lang='lat' dir='ltr'>Deoque</span> <span class='ocrx_word' id='word_1_748' title='bbox 2429 5141 2666 5205; x_wconf 87' lang='lat' dir='ltr'>accepta</span> <span class='ocrx_word' id='word_1_749' title='bbox 2714 5140 2918 5203; x_wconf 88' lang='lat' dir='ltr'>mater,</span> <span class='ocrx_word' id='word_1_750' title='bbox 2953 5135 3042 5187; x_wconf 82' lang='lat' dir='ltr'>bis</span> <span class='ocrx_word' id='word_1_751' title='bbox 3094 5134 3299 5188; x_wconf 88' lang='lat' dir='ltr'>diebus</span> <span class='ocrx_word' id='word_1_752' title='bbox 3358 5132 3427 5186; x_wconf 87' lang='lat' dir='ltr'>ad</span> <span class='ocrx_word' id='word_1_753' title='bbox 3473 5136 3528 5187; x_wconf 90' lang='lat' dir='ltr'>te</span> <span class='ocrx_word' id='word_1_754' title='bbox 3560 5133 3667 5185; x_wconf 85' lang='lat' dir='ltr'>mi-</span> 
     </span>
    </p>
   </div>
   <div class='ocr_carea' id='block_1_109' title="bbox 2020 5221 3664 5294">
    <p class='ocr_par' dir='ltr' id='par_1_109' title="bbox 2020 5221 3664 5294">
     <span class='ocr_line' id='line_1_109' title="bbox 2020 5221 3664 5294; baseline -0.004 -13"><span class='ocrx_word' id='word_1_755' title='bbox 2020 5227 2252 5282; x_wconf 91' lang='lat' dir='ltr'>sissem.</span> <span class='ocrx_word' id='word_1_756' title='bbox 2289 5226 2506 5281; x_wconf 83' lang='lat' dir='ltr'>Revera</span> <span class='ocrx_word' id='word_1_757' title='bbox 2535 5224 2686 5279; x_wconf 86' lang='lat' dir='ltr'>enim</span> <span class='ocrx_word' id='word_1_758' title='bbox 2714 5223 3217 5294; x_wconf 84' lang='lat' dir='ltr'>impatientissime</span> <span class='ocrx_word' id='word_1_759' title='bbox 3245 5224 3385 5287; x_wconf 82' lang='lat' dir='ltr'>fero,</span> <span class='ocrx_word' id='word_1_760' title='bbox 3418 5238 3550 5275; x_wconf 92' lang='lat' dir='ltr'>cum</span> <span class='ocrx_word' id='word_1_761' title='bbox 3593 5221 3664 5275; x_wconf 92' lang='lat' dir='ltr'>de</span> 
     </span>
    </p>
   </div>
   <div class='ocr_carea' id='block_1_110' title="bbox 2022 5311 3661 5383">
    <p class='ocr_par' dir='ltr' id='par_1_110' title="bbox 2022 5311 3661 5383">
     <span class='ocr_line' id='line_1_110' title="bbox 2022 5311 3661 5383; baseline -0.003 -13"><span class='ocrx_word' id='word_1_762' title='bbox 2022 5318 2197 5372; x_wconf 91' lang='lat' dir='ltr'>rebus</span> <span class='ocrx_word' id='word_1_763' title='bbox 2238 5314 2356 5370; x_wconf 90' lang='lat' dir='ltr'>tuis</span> <span class='ocrx_word' id='word_1_764' title='bbox 2378 5314 2577 5383; x_wconf 89' lang='lat' dir='ltr'>audio,</span> <span class='ocrx_word' id='word_1_765' title='bbox 2611 5330 2726 5368; x_wconf 90' lang='lat' dir='ltr'>non</span> <span class='ocrx_word' id='word_1_766' title='bbox 2781 5313 2906 5367; x_wconf 90' lang='lat' dir='ltr'>dico</span> <span class='ocrx_word' id='word_1_767' title='bbox 2958 5312 3242 5377; x_wconf 80' lang='lat' dir='ltr'>funebria,</span> <span class='ocrx_word' id='word_1_768' title='bbox 3277 5311 3377 5365; x_wconf 88' lang='lat' dir='ltr'>sed</span> <span class='ocrx_word' id='word_1_769' title='bbox 3430 5311 3661 5365; x_wconf 88' lang='lat' dir='ltr'>morbos</span> 
     </span>
    </p>
   </div>
   <div class='ocr_carea' id='block_1_111' title="bbox 2018 5400 3658 5473">
    <p class='ocr_par' dir='ltr' id='par_1_111' title="bbox 2018 5400 3658 5473">
     <span class='ocr_line' id='line_1_111' title="bbox 2018 5400 3658 5473; baseline -0.005 -12"><span class='ocrx_word' id='word_1_770' title='bbox 2018 5407 2195 5461; x_wconf 89' lang='lat' dir='ltr'>etiam</span> <span class='ocrx_word' id='word_1_771' title='bbox 2230 5404 2493 5459; x_wconf 89' lang='lat' dir='ltr'>lethales.</span> <span class='ocrx_word' id='word_1_772' title='bbox 2522 5405 2600 5457; x_wconf 91' lang='lat' dir='ltr'>Ac</span> <span class='ocrx_word' id='word_1_773' title='bbox 2645 5419 2918 5473; x_wconf 87' lang='lat' dir='ltr'>quorsum</span> <span class='ocrx_word' id='word_1_774' title='bbox 2952 5403 3032 5457; x_wconf 88' lang='lat' dir='ltr'>ita</span> <span class='ocrx_word' id='word_1_775' title='bbox 3094 5419 3218 5467; x_wconf 91' lang='lat' dir='ltr'>nos,</span> <span class='ocrx_word' id='word_1_776' title='bbox 3256 5404 3453 5467; x_wconf 86' lang='lat' dir='ltr'>mater,</span> <span class='ocrx_word' id='word_1_777' title='bbox 3489 5400 3658 5453; x_wconf 88' lang='lat' dir='ltr'>relin-</span> 
     </span>
    </p>
   </div>
   <div class='ocr_carea' id='block_1_112' title="bbox 2020 5488 3658 5566">
    <p class='ocr_par' dir='ltr' id='par_1_112' title="bbox 2020 5488 3658 5566">
     <span class='ocr_line' id='line_1_112' title="bbox 2020 5488 3658 5566; baseline -0.004 -16"><span class='ocrx_word' id='word_1_778' title='bbox 2020 5511 2193 5566; x_wconf 90' lang='lat' dir='ltr'>quere</span> <span class='ocrx_word' id='word_1_779' title='bbox 2224 5493 2398 5548; x_wconf 87' lang='lat' dir='ltr'>libuit</span> <span class='ocrx_word' id='word_1_780' title='bbox 2428 5494 2605 5547; x_wconf 84' lang='lat' dir='ltr'>futuri</span> <span class='ocrx_word' id='word_1_781' title='bbox 2637 5491 2829 5546; x_wconf 70' lang='lat' dir='ltr'>saeculi</span> <span class='ocrx_word' id='word_1_782' title='bbox 2871 5489 3198 5546; x_wconf 85' lang='lat' dir='ltr'>desiderio?</span> <span class='ocrx_word' id='word_1_783' title='bbox 3228 5508 3260 5543; x_wconf 89' lang='lat' dir='ltr'>a</span> <span class='ocrx_word' id='word_1_784' title='bbox 3284 5490 3450 5544; x_wconf 89' lang='lat' dir='ltr'>nobis</span> <span class='ocrx_word' id='word_1_785' title='bbox 3501 5488 3658 5544; x_wconf 86' lang='lat' dir='ltr'>abire</span> 
     </span>
    </p>
   </div>
   <div class='ocr_carea' id='block_1_113' title="bbox 2018 5580 3655 5653">
    <p class='ocr_par' dir='ltr' id='par_1_113' title="bbox 2018 5580 3655 5653">
     <span class='ocr_line' id='line_1_113' title="bbox 2018 5580 3655 5653; baseline -0.004 -14"><span class='ocrx_word' id='word_1_786' title='bbox 2018 5590 2076 5639; x_wconf 91' lang='lat' dir='ltr'>et</span> <span class='ocrx_word' id='word_1_787' title='bbox 2104 5586 2174 5640; x_wconf 83' lang='lat' dir='ltr'>ad</span> <span class='ocrx_word' id='word_1_788' title='bbox 2237 5583 2548 5639; x_wconf 87' lang='lat' dir='ltr'>Dominum</span> <span class='ocrx_word' id='word_1_789' title='bbox 2600 5581 3062 5653; x_wconf 82' lang='lat' dir='ltr'>proﬁcisci?Sed</span> <span class='ocrx_word' id='word_1_790' title='bbox 3100 5588 3161 5635; x_wconf 89' lang='lat' dir='ltr'>tu</span> <span class='ocrx_word' id='word_1_791' title='bbox 3193 5580 3495 5645; x_wconf 90' lang='lat' dir='ltr'>nimirum,</span> <span class='ocrx_word' id='word_1_792' title='bbox 3528 5596 3655 5650; x_wconf 56' lang='lat' dir='ltr'>quas</span> 
     </span>
    </p>
   </div>
   <div class='ocr_carea' id='block_1_114' title="bbox 2089 5712 3659 5794">
    <p class='ocr_par' dir='ltr' id='par_1_114' title="bbox 2089 5712 3659 5794">
     <span class='ocr_line' id='line_1_114' title="bbox 2089 5712 3659 5794; baseline -0.005 -15"><span class='ocrx_word' id='word_1_793' title='bbox 2089 5725 2131 5759; x_wconf 78' lang='grc'>²¹</span> <span class='ocrx_word' id='word_1_794' title='bbox 2159 5726 2495 5794; x_wconf 86' lang='lat' dir='ltr'>Interrogat.</span> <span class='ocrx_word' id='word_1_795' title='bbox 2529 5723 2616 5776; x_wconf 86' lang='grc'>47.</span> <span class='ocrx_word' id='word_1_796' title='bbox 2696 5721 2743 5755; x_wconf 80' lang='grc'>²²</span> <span class='ocrx_word' id='word_1_797' title='bbox 2770 5719 2991 5792; x_wconf 83' lang='lat' dir='ltr'>Regula</span> <span class='ocrx_word' id='word_1_798' title='bbox 3020 5718 3114 5787; x_wconf 84' lang='grc'>72,</span> <span class='ocrx_word' id='word_1_799' title='bbox 3146 5732 3272 5789; x_wconf 82' lang='lat' dir='ltr'>cap.</span> <span class='ocrx_word' id='word_1_800' title='bbox 3308 5716 3359 5771; x_wconf 91' lang='grc'>1.</span> <span class='ocrx_word' id='word_1_801' title='bbox 3437 5712 3482 5750; x_wconf 73' lang='grc'>³⁸</span> <span class='ocrx_word' id='word_1_802' title='bbox 3523 5716 3659 5786; x_wconf 82' lang='lat' dir='ltr'>Reg.</span> 
     </span>
    </p>
   </div>
  </div>
