4090 6288
414 350 532 410 927

1657 350 1720 411 S.
1767 347 2169 409 THEODORI
2213 350 2572 412 STUDlT/E

3697 349 3817 408 928

416 482 495 538 ibi
516 489 647 536 sunt
681 482 1007 546 adamaras,
1031 486 1370 558 mutatoque
1384 483 1661 553 majorem
1694 481 1767 536 ob
1789 481 2048 536 allectum

2172 479 2309 554 πρὸς
2344 482 2544 555 Κύριον
2577 501 2591 551 ;
2624 480 2803 537 Ἀλλά
2831 482 2896 535 τὰ
2935 480 3046 535 ἐκεῖ
3094 480 3309 542 πάντως
3358 483 3664 558 ἡγαπήκεῖς
3693 502 3706 514 ·
3760 482 3818 536 ἐκ

418 571 759 644 propositio,
780 571 1140 643 adegregiam
1175 579 1558 644 sanctamque
1591 587 1846 628 sororem
1877 587 2068 626 meam

417 662 716 730 pervenire
747 661 1053 733 gestiebas,
1087 666 1141 716 et
1164 665 1234 718 ad
1270 663 1500 719 dulcem
1541 663 1838 717 dominum
1871 677 2065 716 meum

415 749 821 822 Euthymium,
854 754 954 804 aut
972 752 1039 804 ad
1075 751 1265 821 ipsum
1300 752 1493 824 potius
1552 756 1884 807 sanctorum
1935 750 2070 807 cho-

416 844 660 897 rum.Et
705 857 820 911 quo
867 845 1056 910 pacto,
1095 850 1298 908 mater,
1333 842 1459 896 sine
1508 843 1779 912 lacrymis
1830 858 2063 913 pergam

415 929 724 1002 epistolam
775 935 1072 985 contexere
1099 931 1126 984 ‘?
1155 931 1302 1002 Ergo
1333 932 1388 985 id
1424 931 1713 1003 reliquum
1765 932 1872 986 fuit
1922 932 2064 988 infe-

415 1019 513 1075 lici
562 1018 686 1072 vitae
731 1033 890 1084 meae,
926 1022 990 1073 ut
1041 1024 1282 1074 mortem
1333 1035 1562 1091 quoque
1593 1024 1752 1074 tuam
1781 1020 2064 1075 audiam?

415 1112 482 1163 ut
510 1107 813 1177 lugubrem
851 1107 956 1161 tibi
990 1111 1226 1162 cantum
1260 1109 1597 1178 impendam
1622 1108 1730 1163 ?ul
1768 1111 2061 1165 tumulum

412 1199 581 1251 tuum
641 1210 911 1264 cernens,
944 1195 1138 1266 elegos
1193 1196 1560 1251 inscribam?
1610 1203 1670 1251 ut
1728 1204 1787 1252 tu
1825 1213 2060 1268 corpore

417 1285 649 1357 quidem
683 1284 791 1338 sub
825 1284 1335 1355 terradeponaris:
1361 1285 1564 1356 spiritu
1598 1287 1778 1351 enim,
1801 1290 1892 1341 sat
1915 1287 2056 1354 scio,

413 1375 474 1429 in
525 1373 666 1429 caelo
704 1373 990 1428 habitabis
1026 1390 1038 1426 :
1070 1389 1177 1445 ego
1233 1391 1366 1429 vero
1429 1374 1488 1428 in
1550 1378 1706 1430 terra
1764 1392 2057 1443 maneam,

415 1463 638 1518 tristem
673 1461 864 1517 adhuc
896 1469 950 1517 et
987 1463 1236 1533 peccatis
1259 1463 1506 1518 obsitam
1551 1464 1727 1518 vitam
1778 1465 2061 1520 trahens?

418 1552 720 1618 Quomodo
761 1551 882 1605 haec
915 1551 1199 1606 ferenda?
1227 1552 1376 1607 mihi
1428 1568 1560 1606 vero
1616 1569 1728 1607 non
1766 1555 2055 1610 eveniant.

415 1644 682 1696 Attamen
719 1640 1106 1710 permittenda
1147 1646 1286 1696 sunt
1332 1641 1530 1696 omnia
1560 1643 1798 1697 consilio
1856 1643 2053 1699 volun-

415 1731 640 1802 talique
659 1729 859 1800 optimi
901 1730 999 1783 Dei
1050 1729 1252 1785 nostri.
1279 1730 1445 1785 Novit
1475 1730 1630 1786 enim
1664 1732 1802 1800 quid
1835 1733 2054 1788 condu-

2179 567 2435 630 πλείονος
2489 571 2662 623 πόθου
2701 575 2768 644 τῇ
2803 568 3030 625 διαθέσει
3083 573 3448 643 μετατεθεῖσα,
3497 572 3596 638 τήν
3641 571 3817 640 καλὴν

2178 659 2269 712 καὶ
2303 659 2454 732 ἁγίαν
2511 681 2614 731 μου
2647 657 2884 735 ἀδελφὴν
2930 661 3003 721 ὡς
3054 658 3268 732 μᾶλλον
3321 659 3663 732 ἐπεθύμησας
3707 682 3815 715 κα-

2177 744 2454 816 ταλαϐεῖν,
2487 751 2572 803 καὶ
2607 749 2696 803 τὸν
2731 747 2936 825 γλυκύν
2971 771 3073 819 μου
3123 754 3272 823 κῦριν
3323 749 3621 823 Εὐθῦμιον,
3669 749 3817 822 μᾶλ-

2177 837 2271 892 λον
2307 835 2362 892 δὲ
2394 837 2484 892 τὸν
2539 843 2648 892 τῶν
2702 838 2864 912 ἁγίων
2915 839 3123 912 χορόν.
3179 838 3296 907 Καί,
3352 841 3395 892 ὦ
3444 841 3636 912 μῆτερ,
3695 843 3815 900 πῶς

2173 924 2431 998 ἀδακρυτί
2461 925 2868 1002 παρελεύσομαι
2917 929 3015 995 τήν
3064 927 3356 995 ἐπιστολὴν
3412 927 3812 1003 διερχόμενοςς

2173 1018 2274 1090 ἄρα
2316 1015 2597 1071 ἀπόκειται
2649 1022 2814 1072 τοῦτο
2845 1022 2912 1090 τῇ
2960 1014 3206 1088 δυστήνῳ
3258 1039 3363 1089 μου
3410 1022 3548 1089 ζωῇ,
3591 1015 3684 1071 *ίνα
3720 1019 3810 1071 καὶ

2167 1106 2258 1160 τὸν
2287 1107 2375 1160 σὸν
2415 1107 2636 1160 θάνατον
2666 1106 2880 1161 ἀκούσω
2905 1126 2918 1175 ;
2947 1105 3036 1159 ’ίνα
3069 1104 3321 1180 έπιψάλω
3369 1109 3489 1179 [ηις.
3525 1111 3653 1177 Reg.
3686 1106 3810 1161 ἐπι-

2170 1193 2392 1269 ψάλλω]
2425 1216 2508 1249 σοι
2541 1193 2837 1270 θρηνῳδῶς
2867 1215 2879 1264 ;
2913 1196 2998 1250 ἵνα
3029 1198 3171 1270 ὁρῶν
3224 1217 3319 1250 σου
3348 1197 3440 1250 τὸν
3472 1196 3659 1274 τάφον,
3693 1197 3810 1251 ἐπι-

2165 1286 2358 1360 γράψω
2392 1283 2642 1358 ἐλεγεῖα;
2671 1284 2762 1339 ’ίνα
2794 1285 2897 1338 ὑπὸ
2927 1293 3027 1359 γῆν
3057 1285 3192 1354 αὐτή
3228 1287 3440 1357 σώματι
3488 1287 3580 1358 μὶν
3608 1288 3770 1359 τεθῇς
3799 1306 3811 1319 ’

2167 1373 2428 1444 πνεύματι
2478 1375 2580 1448 γάρ
2614 1371 2714 1428 οἶδ’
2761 1377 2843 1428 ὅτι
2894 1374 2945 1428 ἐν
2999 1374 3250 1448 οὐρανοῖς
3300 1375 3602 1450 αὖλισθήσῃ
3637 1395 3649 1406 ·
3699 1375 3811 1450 ἐγὼ

2167 1459 2224 1515 δὲ
2256 1462 2388 1536 ὑπὲρ
2433 1463 2532 1537 γῆν
2587 1463 2654 1533 ὦ,
2706 1459 2882 1517 ἕλκων
2932 1458 3010 1517 ἔτι
3059 1465 3149 1518 τὸν
3197 1461 3455 1537 ὀδυνηρὸν
3501 1465 3591 1518 καὶ
3641 1463 3815 1518 πολυ-

2164 1551 2477 1625 αμάρτητόν
2515 1573 2620 1624 μου
2659 1551 2811 1625 βίον;
2851 1553 2945 1606 Καὶ
2979 1557 3098 1614 πῶς
3129 1557 3298 1607 ταῦτα
3331 1555 3560 1622 ἀνεκτάς
3598 1555 3674 1625 μή
3713 1574 3810 1624 μοι

2161 1638 2372 1712 γένοιτο
2400 1661 2410 1670 ·
2445 1639 2591 1709 πλὴν
2637 1641 3069 1715 παραχωρητέον
3103 1643 3273 1696 πάντα
3307 1641 3356 1696 ἐν
3385 1646 3452 1714 τῇ
3507 1642 3683 1716 βουλῇ
3717 1645 3805 1697 καὶ

2164 1730 2384 1799 θελήσει
2414 1733 2512 1782 τοῦ
2547 1731 2884 1804 ὑπεραγαθου
2917 1734 3053 1785 Θεοῦ
3086 1733 3243 1802 ἡμῶν
3275 1773 3288 1786 .
3326 1731 3421 1786 Καὶ
3472 1733 3572 1806 γὰρ
3605 1730 3749 1786 οἶδεν
3781 1734 3810 1787 ὁ

416 1831 510 1876 cat
564 1819 881 1890 unicuique
940 1826 1244 1888 nostrum;
1281 1820 1418 1890 quid
1471 1838 1616 1891 opus
1648 1821 1742 1891 sit,
1766 1821 2048 1894 intelligit,

2165 1839 2219 1872 τι
2249 1821 2508 1893 συμφέρει
2542 1819 2750 1890 ἑκάστῳ
2779 1822 2937 1892 ἡμῶν
2966 1839 2977 1850 ·
3014 1819 3293 1874 ἐπίσταται
3327 1822 3389 1874 τὸ
3424 1818 3542 1875 δέον
3567 1842 3579 1853 ·
3614 1841 3809 1894 συναρ-

418 1909 572 1980 quod
606 1923 929 1979 congruum
964 1914 1072 1974 est,
1101 1909 1339 1977 adaptat
1372 1925 1386 1962 :
1422 1908 1674 1963 ﬁliorum
1734 1926 1940 1966 amans
1971 1920 2056 1968 est

419 1997 604 2064 Pater,
630 2001 779 2050 recte
805 1996 999 2051 omnia
1021 1997 1298 2067 disponit,
1322 1997 1483 2064 scite,
1518 1999 1798 2066 consulte,
1831 2002 2058 2072 sapien-

417 2089 508 2142 ter
538 2085 806 2157 pulchere
838 2103 1100 2156 prorsus,
1135 2086 1548 2141 indesinenter.
1584 2089 1719 2154 Et,o
1770 2091 2057 2161 sapientia

416 2177 473 2230 et
499 2173 740 2229 altitudo
764 2174 1120 2243 judiciorum
1180 2176 1346 2244 ejusl
1379 2175 1512 2246 quia
1562 2178 1970 2234 inscrutabiles
2001 2185 2057 2235 et

412 2262 852 2333 investigabiles
883 2263 983 2316 via:
1013 2265 1156 2332 ejus.
1193 2265 1386 2320 Priore
1430 2265 1662 2335 quidem
1703 2267 1825 2323 loco
1890 2285 2054 2324 soro-

410 2368 533 2408 rem
566 2351 889 2422 assumpsit
922 2369 934 2406 :
967 2352 1287 2422 assumpsit
1318 2358 1517 2424 postea
1547 2359 1602 2408 et
1633 2356 1902 2425 fratrem;
1938 2362 2054 2413 ter-

407 2451 552 2506 tium
579 2451 803 2521 quierit.
839 2451 979 2514 Quis
1011 2449 1106 2505 ille
1146 2453 1381 2506 tandem
1434 2454 1664 2510 futurus
1682 2457 1806 2510 est?
1829 2457 1887 2512 Si
1922 2459 2052 2528 qui-

407 2538 536 2593 dem
560 2537 704 2609 ipsa,
739 2553 954 2608 magna
980 2537 1107 2593 laus
1139 2544 1240 2593 est.
1263 2539 1422 2594 Trini
1454 2541 1608 2595 enim
1651 2544 1877 2598 numeri
1912 2562 2052 2616 par-

406 2627 554 2682 tium
580 2627 815 2696 praemio
847 2627 1304 2698 appmpinquas,
1339 2629 1451 2682 vita
1482 2630 1591 2684 rite
1625 2637 1877 2701 peracta,
1922 2651 2049 2705 quae

406 2717 602 2772 omnia
634 2716 944 2788 reliquisti,
979 2717 1176 2772 omnia
1235 2719 1348 2773 Deo
1390 2719 1619 2789 dedisti,
1651 2730 1838 2793 caput,
1870 2740 2049 2780 mem-

404 2809 529 2874 bra,
563 2807 810 2878 teipsam
841 2825 1002 2879 :quaz
1024 2811 1422 2865 venerandum
1456 2827 1666 2882 corpus
1695 2818 1862 2868 tuum
1894 2830 2050 2870 exer-

414 2898 786 2954 citationibus
809 2899 1118 2954 attrivisti:
1153 2899 1330 2954 vitam
1390 2900 1592 2956 multis
1635 2901 1694 2956 in
1750 2902 2047 2960 laboribus

401 2987 640 3059 exegisti
667 3005 681 3055 ;
713 2988 798 3044 vel
849 2992 1069 3043 arctam
1131 2989 1324 3059 potius
1378 2994 1434 3045 et
1475 2995 1785 3062 angustam
1816 2993 2044 3048 Domini

399 3077 550 3132 viam
582 3095 837 3144 emensa,
870 3078 1087 3133 exitum
1113 3079 1169 3132 in
1195 3077 1346 3133 bona
1377 3084 1671 3136 senectute
1702 3097 1856 3136 nunc
1887 3098 2044 3154 quae-

2170 1905 2321 1978 μόζει
2352 1907 2414 1960 τὸ
2448 1908 2650 1982 πρέπον
2679 1927 2691 1939 ·
2744 1907 3108 1984 φιλόστοργός
3161 1907 3272 1962 ἐστι
3299 1925 3310 1939 '
3345 1912 3531 1984 Πατήρ
3557 1929 3570 1942 ⁸
3621 1908 3808 1973 καλῶς

2168 1992 2470 2066 διατίθησιν
2534 1999 2762 2066 ἅπαντα,
2812 1997 3109 2072 εὐστόχως,
3162 1993 3463 2068 εὐϐούλως,
3495 1999 3809 2076 πανσόφως,

2166 2083 2488 2160 παγκάλως,
2539 2083 2989 2148 ἀκαταλείπτως.
3040 2088 3159 2154 Καὶ,
3220 2083 3264 2140 ὥ
3321 2095 3420 2157 τῆς
3469 2090 3659 2164 σοφίας
3708 2094 3811 2144 τοῦ

2169 2173 2368 2248 βάθους
2398 2181 2505 2228 τῶν
2560 2177 2840 2250 χριμάτων
2887 2174 3086 2230 αὒτοῦ·
3139 2177 3221 2230 ὅτι
3269 2177 3665 2252 ἀνεξερεύνητοι
3715 2180 3811 2233 καὶ

2166 2263 2563 2337 ἀνεξιχνίαστοι
2594 2267 2648 2318 αἱ
2679 2263 2797 2319 ὁδοὶ
2833 2265 2997 2320 αὐτοῦ
3023 2311 3035 2324 .
3073 2263 3388 2341 Προσέλαϐε
3417 2272 3547 2342 γοῦν
3580 2268 3643 2321 τὸ
3673 2271 3814 2342 πρό-

2159 2373 2315 2428 τερον
2344 2355 2440 2418 τὴν
2475 2351 2738 2429 ἀδελφὴν,
2771 2353 3162 2429 προσελήψατο
3214 2353 3463 2429 δεύτερον
3495 2357 3583 2410 τὸν
3633 2354 3812 2410 ἀδελ-

2162 2441 2259 2520 φόν
2287 2461 2299 2472 ·
2338 2448 2488 2512 ζητεῖ
2514 2444 2606 2497 τὸν
2652 2444 2833 2518 τρίτον
2864 2488 2876 2500 .
2909 2445 2998 2505 Τίς
3032 2444 3114 2515 εἶή
3151 2446 3344 2514 οὗτος;
3399 2446 3458 2501 Εἰ
3497 2448 3586 2517 μὲν
3637 2447 3806 2515 αὐτῆ,

2165 2532 2300 2606 μέγα
2337 2533 2398 2586 τὸ
2449 2531 2725 2606 ἐγκώμιον
2753 2536 2775 2559 "
2822 2531 3117 2606 Τριαδικῆς
3147 2535 3250 2607 γὰρ
3297 2531 3513 2608 μερίδος
3564 2531 3804 2590 ἔπαθλον

2161 2617 2416 2690 διανόεις,
2467 2619 2650 2684 καλῶς
2703 2620 3034 2695 διαμείψασα
3061 2625 3151 2676 τὸν
3189 2625 3327 2698 βίον,
3382 2624 3555 2678 πάντα
3597 2623 3803 2679 ἀπολι-

2158 2713 2352 2776 ποῦσα,
2385 2713 2555 2765 πάντα
2615 2709 2780 2765 δοῦσα
2838 2716 2971 2782 Θεῷ,
3029 2714 3128 2781 τὴν
3188 2711 3451 2784 κεφαλὴν,
3509 2713 3575 2766 τά
3629 2713 3804 2784 μέλη,

2158 2801 2358 2870 σαυτήν
2385 2820 2396 2832 ⁸
2431 2798 2484 2853 ἐν
2532 2800 2760 2869 ἀσκήσεῖ
2808 2801 3172 2874 κατατρίψασα
3213 2801 3275 2855 τὸ
3305 2800 3488 2873 τίμιόν
3540 2823 3635 2856 σου
3686 2807 3803 2856 σῶ-

2161 2909 2270 2961 μα·
2313 2889 2687 2945 πολύθλιπτον
2740 2891 2854 2967 βίοι
2900 2890 3282 2961 διεξανύσασα·
3336 2891 3549 2964 μᾶλλον
3583 2889 3640 2946 δὲ
3693 2895 3800 2961 τὴν

2156 2981 2346 3047 στενὴν
2375 2981 2465 3034 καὶ
2496 2979 2866 3054 τεθλιμμένην
2908 2978 3031 3035 ὁδὸν
3075 2986 3173 3035 τοῦ
3226 2979 3435 3054 Κυρίου
3487 2978 3796 3054 βαδίσασα·

2155 3068 2244 3123 καὶ
2275 3073 2366 3122 νῦν
2399 3067 2452 3122 ἒν
2481 3078 2634 3142 γήρει
2682 3069 2834 3140 καλῷ
2876 3074 3110 3138 ζητοῦσα
3162 3072 3260 3139 τὴν
3307 3070 3563 3125 ἀνάλυσιν
3591 3114 3605 3126 .
3656 3071 3801 3125 Ταύ-

400 3167 502 3222 ris.
536 3167 699 3224 Hunc
730 3172 920 3223 autem
954 3184 1058 3238 ego
1090 3167 1375 3224 hactenus
1405 3169 1699 3240 deprecor.
1734 3171 2040 3242 Caeterum,

2158 3179 2252 3228 την
2289 3157 2468 3211 τοίνυν
2501 3157 2817 3235 ἀπεύχομαι
2847 3160 2983 3214 τέω>
3017 3157 3134 3234 ἅρτι
3163 3179 3176 3192 ·
3214 3157 3390 3229 Πλὴν,
3449 3159 3733 3233 κράτιστον
3773 3161 3804 3214 ὅ

399 3257 663 3312 omnium
695 3256 1005 3326 optimum,
1041 3257 1195 3326 quod
1230 3256 1346 3312 Deo
1375 3257 1679 3328 placuerit.
1713 3259 1853 3322 Quis
1883 3261 2038 3315 enim

398 3345 726 3401 consultius
777 3361 950 3416 quam
986 3345 1083 3400 ille
1126 3345 1299 3400 rebus
1327 3345 1538 3401 nostris
1571 3347 1938 3417 prospiciet?
1979 3349 2048 3402 At

402 3436 463 3488 tu
497 3432 670 3501 salve,
704 3437 912 3498 mater,
944 3437 1002 3489 et
1049 3432 1345 3500 vivens,et
1401 3440 1652 3490 mortua.
1707 3435 1831 3491 Non
1891 3436 2046 3491 enim

397 3521 680 3588 morieris,
713 3523 986 3592 quoniam
1026 3522 1180 3577 vivas
1219 3539 1302 3579 es.
1351 3523 1652 3579 Voluntate
1692 3531 1955 3581 mortusa
1983 3543 2046 3582 es

394 3611 548 3678 vitae,
573 3611 712 3680 quia
732 3611 946 3666 bonum
979 3615 1268 3668 certamen
1304 3613 1570 3680 certasti;
1603 3614 1744 3684 quia
1800 3617 2045 3672 terrenis

395 3701 570 3757 rebus
601 3702 798 3756 orbata
831 3718 913 3770 es,
938 3707 1003 3756 ut
1026 3703 1346 3758 cmlestium
1378 3703 1568 3758 adires
1598 3703 1994 3762 hereditatem
2023 3723 2036 3774 ;

395 3792 531 3862 quia
590 3791 854 3863 martyrii
905 3793 1225 3847 certamina
1275 3792 1400 3847 sine
1459 3793 1744 3865 sanguine
1803 3795 2044 3865 partici-

397 3880 546 3953 pasti
578 3898 592 3949 ;
626 3881 886 3936 membra
926 3886 1025 3937 tua
1045 3882 1259 3936 Christi
1289 3897 1486 3938 amore
1519 3898 1626 3937 nos
1668 3883 2040 3950 abscindens,

396 3987 598 4026 secura
658 3970 909 4026 discedis
954 3971 1252 4026 intestata.
1305 3970 1419 4026 Nec
1467 3972 1622 4027 enim
1682 3977 1771 4027 est
1806 3974 1876 4028 de
1925 3991 2040 4046 quo

396 4060 646 4126 testeris,
686 4064 890 4132 preter
916 4064 1132 4116 vestem
1170 4066 1325 4116 tuam
1360 4060 1648 4116 cilicinam
1702 4065 1758 4118 et
1803 4062 1852 4117 si
1885 4064 2039 4134 quod

400 4149 559 4204 aliud
593 4153 681 4203 est
727 4149 921 4220 inopis
977 4150 1105 4205 vitae
1149 4149 1872 4207 instrumentum.Nudam
1906 4152 2041 4208 hinc

392 4239 516 4308 jam
549 4238 662 4292 Dco
693 4243 748 4292 te
779 4238 963 4303 sistis,
997 4255 1201 4309 puram
1235 4257 1267 4294 a
1316 4239 1588 4295 sordibus
1632 4241 1875 4297 terrenis
1913 4241 2040 4296 ani-

398 4343 556 4381 mam
589 4343 814 4397 gerens.
840 4327 1031 4382 Habes
1064 4337 1256 4382 tamen
1302 4329 1456 4398 quod
1502 4329 1667 4384 nobis
1716 4329 2036 4400 relinquas,

395 4415 644 4472 validam
681 4417 1090 4486 precationem,
1125 4434 1304 4488 quam
1335 4435 1510 4488 prope
1559 4418 1752 4473 adhuc
1804 4420 2036 4474 infanti-

397 4506 510 4560 bus
540 4505 708 4559 nobis
739 4505 1132 4575 impertiebas,
1165 4507 1464 4560 nocturnis
1507 4506 1665 4562 horis
1701 4507 1942 4579 signans
1986 4513 2042 4564 et

401 4591 995 4662 consignans,preces
1028 4609 1129 4662 pro
1163 4592 1328 4646 nobis
1353 4593 1592 4648 Domino
1626 4610 2043 4666 usquequaque

396 4681 666 4735 offerens.
710 4677 1026 4749 Relinques
1067 4684 1122 4734 et
1155 4680 1466 4751 impigram
1497 4685 1651 4736 tuam
1712 4681 1770 4736 in
1828 4682 2038 4738 divinis

394 4767 640 4839 liturgiis
678 4767 1066 4837 diligentiam,
1088 4771 1349 4824 studium
1383 4770 1672 4825 castitatis
1699 4775 1755 4826 et
1785 4770 2038 4837 virtutis,

394 4860 452 4912 et
482 4855 860 4928 apostolicam
902 4857 1307 4928 gloriationem
1349 4859 1586 4914 laboris.
1622 4860 1834 4915 Revera
1880 4859 2037 4915 enim

394 4945 684 5018 plurimus
699 4951 1035 5001 sanctarum
1056 4963 1335 5002 manuum
1355 4952 1591 5003 tuarum
1623 4947 1782 5003 labor
1801 4947 2038 5014 exstitit,

395 5035 736 5104 operuitque
781 5051 846 5089 ac
896 5034 1057 5101 fovit,
1086 5053 1201 5091 non
1253 5053 1359 5092 nos
1392 5037 1567 5103 solos,
1602 5038 1702 5093 sed
1735 5042 1790 5091 et
1831 5037 2038 5092 fratres

395 5124 574 5180 simul
608 5125 928 5192 universos,
973 5127 1068 5196 qui
1117 5132 1172 5180 te
1210 5142 1314 5181 ceu
1376 5131 1614 5181 matrem
1674 5125 2038 5196 spiritualem

397 5219 806 5286 agnoscentes,
841 5216 1232 5286 colentesque,
1267 5232 1534 5286 peraeque
1565 5219 1627 5269 ut
1674 5232 1779 5272 nos
1830 5216 1943 5286 ipsi
1987 5219 2040 5271 te

395 5304 599 5375 lugent
627 5309 680 5358 et
709 5304 1001 5360 invocant.
1038 5307 1166 5360 Haec
1199 5322 1324 5376 qua:
1366 5305 1626 5360 nondum
1663 5310 1802 5359 sunt
1833 5306 2040 5361 litteris

394 5391 749 5460 efﬁnximus,
782 5394 1240 5449 consolationem
1277 5393 1446 5448 nobis
1472 5393 1613 5464 ipsis
1635 5399 1954 5464 captantes,
1985 5401 2040 5449 et

393 5483 583 5538 cordis
615 5484 797 5537 nostri
833 5501 1082 5546 sensum,
1104 5499 1273 5552 quem
1300 5484 1424 5553 ipsa
1447 5484 1621 5539 etiam
1659 5501 1758 5554 per
1781 5490 1834 5539 te
1865 5485 2038 5550 nosti,

394 5571 832 5644 patefacientcs.
867 5573 984 5642 Ego
1014 5575 1208 5642 igitur,
1235 5579 1415 5626 mater
1447 5578 1755 5640 sancta,ut
1787 5575 2038 5629 maxime

393 5661 621 5727 Vellem,
642 5665 794 5732 quod
826 5668 879 5718 te
910 5680 1022 5719 non
1057 5663 1218 5732 latet,
1250 5663 1442 5719 venire
1463 5681 1578 5720 non
1598 5666 1780 5736 potui,
1805 5670 2036 5736 propter

2153 3253 2232 3319 τῷ
2282 3253 2398 3320 Θεῷ
2447 3248 2625 3324 φίλον,
2675 3251 2762 3302 καὶ
2822 3249 2904 3310 τίς
2964 3249 3304 3323 οἰκειοτέρως
3355 3249 3422 3304 τὰ
3469 3251 3590 3323 περὶ
3646 3252 3799 3323 ἡμᾶς

2156 3336 2508 3412 βουλεύσεται
2557 3338 2682 3412 ἄτερ
2739 3337 2941 3406 αὐτοῦ;
2987 3338 3163 3394 Ἀλλά
3214 3361 3308 3412 μοι
3358 3345 3540 3414 χαῖρε,
3597 3347 3802 3415 μῆτερ,

2151 3428 2240 3482 καὶ
2273 3432 2440 3497 ζῶσα,
2480 3427 2570 3481 καὶ
2619 3428 2942 3501 κοιμωμένη
2972 3473 2984 3497 ,
3037 3429 3110 3483 Οὐ
3157 3427 3258 3502 γὰρ
3307 3430 3598 3498 τεθνήξεις,
3651 3427 3800 3484 διότι

2153 3521 2299 3586 ζῶσα
2358 3518 2438 3570 εἶ’
2499 3518 2806 3586 προαιρέσει
2865 3517 2889 3570 ἀ

2151 3603 2315 3658 καλὸν
2358 3604 2544 3678 ἀγῶνα
2590 3602 2863 3677 ἠγώνισαι
2897 3623 2910 3635 ·

2148 3691 2328 3765 γείων,
2359 3690 2454 3745 ’ίνα
2489 3694 2555 3746 τὰ
2586 3694 2810 3768 οὐράνια
2840 3693 3269 3767 κληρονομήσῃς
3291 3712 3303 3725 ·
3350 3690 3487 3747 διότι
3526 3699 3643 3754 τοῖς
3691 3699 3793 3748 τοῦ

2499 3518 2806 3591 προαιρέσει
2865 3517 3244 3590 ἀπενεκρώθης
3311 3522 3388 3588 τῷ
3449 3516 3587 3591 βίῳ’
3650 3516 3797 3573 διότι

2965 3601 3105 3658 διότι
3177 3603 3472 3676 ἐστερήθης
3521 3609 3626 3659 τῶν
3678 3603 3799 3658 ἐπι-

2151 3783 2450 3858 μαρτυρίου
2481 3782 2770 3855 ὡμίλησας
2817 3783 3002 3845 ἄθλοις
3050 3784 3319 3856 ἀναιμωτί
3349 3805 3360 3816 ’
3396 3784 3462 3838 τὰ
3497 3781 3638 3855 μέλη
3691 3805 3790 3839 σου

2148 3875 2296 3945 ἡμᾶς
2326 3875 2675 3946 ἀποτεμοῦσα
2706 3871 2794 3927 διὰ
2817 3875 2915 3942 τὴν
2949 3874 3160 3946 ἀγάπην
3189 3879 3284 3928 τοῦ
3317 3875 3522 3947 Κυρίου
3547 3892 3559 3905 ”
3594 3874 3794 3948 ἀμέρί-

2152 3983 2283 4035 μνος
2315 3962 2560 4036 ἀπέρχῃ,
2593 3962 2870 4024 ἀδιάθετος
2895 4008 2906 4020 .
2941 3961 3014 4018 Oi)
3045 3963 3147 4038 γὰρ
3178 3962 3400 4037 πάρεστί
3434 3984 3519 4018 σοι
3547 3985 3600 4018 τι
3625 3961 3796 4018 διαθέ-

2150 4054 2293 4121 σθαι,
2391 4054 2454 4106 τὸ
2486 4051 2691 4125 ἔνδυμά
2722 4074 2817 4106 σου
2849 4054 2911 4106 τὸ
2940 4053 3209 4126 τρίχινον,
3241 4053 3329 4106 καὶ
3363 4051 3413 4106 εἷ’
3435 4074 3488 4106 τι
3520 4051 3663 4107 ἄλλο
3690 4061 3795 4122 τῆς

2148 4141 2474 4196 timentinec
2538 4149 2684 4211 ζωῆς
2736 4141 2991 4216 σχέδιον.
3052 4144 3392 4197 ’Λπεντεῦθεν
3439 4139 3546 4211 ἤδη
3610 4144 3797 4214 γυμνή

2147 4230 2469 4306 παρίστασαι
2500 4237 2578 4304 τῷ
2611 4237 2746 4303 Θεῷ,
2777 4231 3010 4305 καθαρὰν
3041 4239 3138 4301 τῆς
3169 4237 3275 4286 τῶν
3326 4231 3470 4286 ὑλῶν
3507 4229 3793 4305 βορϐορώ-

2148 4341 2282 4382 σεως
2315 4321 2548 4399 φέρουσα
2576 4324 2674 4389 την
2729 4324 2914 4396 ψυχήν
2944 4365 2956 4377 .
3005 4323 3190 4395 Ἔχεις
3224 4319 3266 4374 δ’
3302 4321 3331 4374 ὅ
3359 4343 3409 4375 τι
3442 4323 3577 4392 ἡμῖν
3629 4342 3799 4375 κατα.

2148 4408 2380 4484 λείψεις,
2431 4412 2528 4480 τὴν
2580 4413 2835 4485 κραταιὰν
2884 4410 3074 4485 εὐχὴν,
3127 4410 3192 4478 ἢν
3243 4411 3333 4465 καὶ
3382 4409 3604 4480 νηπίοις
3655 4411 3798 4481 ἡμῖν

2151 4497 2269 4553 οὖσι
2311 4499 2506 4573 σχεδὸν
2562 4505 2925 4573 κατέπεμπες,
2977 4504 3280 4572 σημειοῦσα
3335 4501 3423 4553 καὶ
3480 4519 3799 4575 κατασφρα-

2150 4589 2375 4663 γίζουσα
2406 4589 2458 4642 ἐν
2498 4595 2618 4650 ταῖς
2666 4594 2997 4662 νυκτεριναῖς
3042 4587 3233 4662 ὥραις,
3265 4587 3418 4649 λιτὰς
3468 4587 3581 4641 ἀνθ’
3631 4590 3796 4658 ἡμῶν

2147 4681 2224 4748 τῷ
2269 4677 2450 4751 Κυρίῳ
2498 4676 2549 4731 ἐν
2606 4679 2766 4732 παντὶ
2819 4682 2993 4753 καιρῷ
3049 4678 3468 4753 προσφέρουσα.
3525 4675 3798 4732 Καταλεί-

2149 4770 2269 4841 ψεις
2301 4764 2483 4820 δὲκαὶ
2534 4767 2595 4821 τὸ
2642 4765 2829 4821 ἄοκνόν
2878 4788 2972 4820 σου
3031 4765 3081 4820 ἐν
3139 4771 3255 4827 ταῖς
3319 4767 3487 4827 θείαις
3547 4765 3800 4839 λειτουρ-

2147 4855 2315 4930 γίαις,
2364 4857 2449 4908 καὶ
2513 4856 2800 4934 φίλαγνον,
2856 4855 2946 4910 καὶ
3005 4853 3326 4925 σπουδαῖον,
3387 4855 3476 4908 καὶ
3535 4854 3596 4907 τὸ
3654 4853 3799 4908 ἀπο-

2148 4944 2398 5000 στολικὸν
2430 4946 2691 5019 καύχημα
2730 4950 2827 5000 τοῦ
2873 4946 3119 5018 καμάτου
3141 4989 3154 5000 .
3205 4949 3290 5016 Τῷ
3341 4939 3455 4998 ὄντι
3485 4945 3584 5018 γάρ
3618 4942 3798 5007 πολὺς

2148 5034 2396 5108 κάματος
2430 5034 2489 5088 ἐκ
2539 5040 2648 5088 τῶν
2703 5034 2865 5089 ὁσίων
2926 5055 3021 5088 σου
3073 5039 3275 5108 χειρῶν
3331 5031 3644 5102 ἐξελήλυθε,
3699 5034 3793 5086 καὶ

2150 5123 2463 5178 διεσκέπασε
2509 5125 2599 5178 καί
2651 5121 2957 5197 διέθαλψεν,
3019 5123 3124 5199 οὐχ
3175 5125 3321 5195 ἡμᾶς
3375 5122 3594 5194 μόνους,
3646 5118 3797 5175 ἀλλὰ

2149 5215 2239 5269 καὶ
2299 5217 2502 5270 ἅπασαν
2559 5217 2658 5284 τὴν
2747 5212 3125 5291 ἀδελφότητα·
3187 5213 3245 5268 οἷ’
3297 5212 3386 5267 καὶ
3447 5213 3521 5274 ὡς
3580 5211 3793 5285 μητέρα

2149 5306 2522 5376 πνευματικὴν
2602 5301 2819 5378 ἔχοντές
2895 5326 2951 5358 σε
3007 5305 3095 5358 καὶ
3153 5303 3520 5377 περιέποντες,
3577 5302 3646 5354 τὰ
3696 5299 3792 5355 ’ίσα

2150 5395 2285 5465 ἡμῖν
2343 5393 2777 5448 καταλυποῦνται
2837 5415 2893 5448 σε
2950 5400 3039 5448 καὶ
3095 5391 3490 5448 ἀνακαλοῦνται
3524 5436 3538 5448 .
3594 5394 3791 5460 Ταῦτα,

2151 5483 2226 5544 ὡς
2262 5485 2335 5555 μὴ
2384 5484 2664 5559 γινόμενα,
2718 5481 3166 5557 ἐσχηματίσαμεν
3214 5481 3265 5536 ἐν
3315 5486 3432 5540 τοῖς
3481 5479 3793 5553 γράμμασι,

2150 5571 2490 5647 παρηγορίαν
2526 5575 2658 5643 ἡμῖν
2701 5572 2884 5632 αὐτοῖς
2936 5576 3233 5638 ποιοῦντες,
3282 5571 3373 5624 καὶ
3410 5565 3796 5623 ὑποδεικνύον-

2150 5661 2235 5723 τές
2277 5683 2366 5716 σοι
2415 5661 2482 5717 τὰ
2532 5669 2625 5732 τῆς
2669 5660 2891 5738 καρδίας
2938 5665 3124 5734 ἡμῶν,
3174 5661 3308 5734 ἅπερ
3359 5659 3450 5713 καὶ
3491 5658 3540 5727 ἐξ
3591 5657 3794 5726 ³εαυτῆς
