4090 6288
297 398 421 457 929

296 529 603 588 ἐπίστασαι.
641 534 782 607 Ἐγὼ
827 532 1027 604 τοίνυν,
1075 532 1247 609 μητὲρ
1299 554 1404 607 μου
1454 536 1601 610 ἁγία,
1632 536 1709 599 ὡς
1758 538 1934 608 οἶσθα,

295 620 341 673 εἰ
372 622 462 675 καὶ
493 621 692 690 ἤθελον
748 622 1028 695 εἰσελθεῖν,
1061 623 1162 677 οὐκ
1210 623 1362 699 εἶχον
1392 626 1510 696 (11)
1553 630 1693 694 πῶς,
1727 624 1813 681 διὰ
1843 629 1943 696 τήν

299 708 566 784 φροντίδα
594 712 692 781 τήν
743 710 1087 785 ἐπικειμένην
1120 733 1215 786 μοι
1262 713 1518 785 ἀναξίως,
1548 714 1639 769 καὶ
1689 715 1788 771 οὐκ
1819 715 1942 772 οἶδα

294 798 442 871 ποίῳ
475 796 651 875 λόγῳ.
686 803 775 862 Ὠς
814 801 1122 873 θαυμαστὸν
1161 802 1286 879 γὰρ,
1321 804 1510 878 φησὶν,
1544 803 1588 858 εἷ
1630 805 1721 858 καὶ
1755 804 1940 860 Σαοὺλ

298 886 354 942 ἐν
385 891 695 967 προφήταις
732 909 745 922 ⁸
797 889 888 944 καί
921 910 981 966 γε
1021 891 1109 945 καὶ
1157 889 1440 966 Θεόδωρος
1483 890 1535 947 ἒν
1585 893 1939 967 ἡγουμένοις.

298 976 468 1032 Τοῦτό
503 998 570 1050 με
599 978 758 1053 εἶρξε,
808 980 970 1033 τοῦτό
1005 1000 1071 1052 με
1122 977 1441 1054 ἐδέσμησεν.
1485 982 1640 1037 Ἐπεὶ
1691 979 1942 1058 σιδηραῖς

300 1064 554 1121 ἁλύσεσιν
610 1068 655 1121 εἰ
720 1068 787 1137 ἧν
854 1070 1302 1141 κατεπιασμένος,
1361 1068 1680 1145 διέῤῥησσον
1756 1072 1942 1142 αὐτὰς,

296 1158 391 1211 καὶ
438 1158 544 1231 πρὸ
588 1158 887 1232 προσώπου
935 1179 1028 1213 σου
1077 1160 1335 1233 ἱστάμην.
1383 1164 1489 1215 Νῦν
1538 1158 1593 1216 δὲ
1639 1162 1750 1216 ἀντὶ
1808 1162 1942 1236 ἐμοῦ

298 1244 517 1320 ἔπεμψά
574 1267 657 1301 σοι
715 1247 808 1301 τὸν
864 1243 1227 1323 πρεσϐύτερον
1286 1248 1362 1311 εἷς
1425 1252 1621 1324 μικρὰν
1694 1270 1943 1325 παραμυ-

298 1335 438 1404 θίαν,
469 1334 553 1391 ὅτι
582 1336 672 1390 καὶ
721 1335 881 1399 αὐτός
913 1358 997 1391 σοι
1046 1339 1285 1408 ποθητὸς
1335 1339 1424 1393 καὶ
1470 1339 1657 1412 τίμιος
1690 1359 1705 1373 ο
1750 1338 1841 1395 ’ίνα
1886 1338 1941 1395 ἐν

294 1428 429 1478 πᾶσι
475 1427 732 1498 συμπαρῇ
783 1428 852 1499 τῇ
895 1425 1142 1498 ἀσθενείᾳ
1185 1447 1303 1496 σου,
1350 1425 1806 1501 ἐπισκεπτόμενος
1850 1427 1942 1483 καὶ

296 1512 599 1587 φροντίζων
630 1513 697 1569 τὰ
746 1511 933 1569 δέοντα
966 1532 981 1547 ·
1011 1514 1107 1570 κᾶίν
1154 1536 1212 1571 τε
1262 1515 1522 1591 ἐπιμένῃς
1571 1516 1626 1571 ἐν
1673 1522 1792 1580 τοῖς
1843 1518 1944 1572 αὗ-

290 1602 437 1669 τόθι,
486 1600 716 1676 ἐπιμένῃ
749 1620 762 1634 ⁸
815 1603 914 1658 κᾶν
963 1626 1020 1658 τε
1063 1603 1278 1679 ἐξέρχῃ,
1325 1607 1779 1680 συνεξερχόμενος
1828 1606 1942 1680 ἅμα

290 1695 375 1762 τῷ
407 1689 710 1765 οἰκονόμῳ.
754 1698 982 1763 Λοιπὸν,
1032 1694 1106 1755 ὡς
1156 1692 1415 1749 εὐοδώσει
1462 1696 1490 1750 6
1531 1696 1683 1765 Θεὸς,
1719 1697 1806 1750 καὶ
1858 1696 1942 1774 φέ-

295 1781 442 1853 ρειὴ
490 1781 752 1851 ἄσθένεια,
805 1782 1004 1854 οὕτως,
1040 1782 1214 1858 μῆτέρ
1266 1804 1369 1855 μου
1398 1784 1579 1857 τιμία,
1614 1785 1705 1839 καὶ
1754 1782 1938 1860 διαγε-

291 1873 409 1937 νοῦ,
457 1869 547 1924 καὶ
598 1871 675 1944 μή
729 1872 862 1946 ὑπὲρ
908 1869 1130 1945 δύναμιν
1179 1874 1352 1946 ταθῇς
1399 1873 1631 1929 θέλουσα
1680 1872 1935 1944 ἐξελθεῖν.

1580 400 2135 465 EPISTOLARUM
2185 403 2331 462 LIB.
2377 402 2425 462 Ι.

3583 401 3704 463 930

2048 554 2245 595 curam
2273 554 2402 610 quas
2425 537 2667 608 indigno
2700 536 2841 592 mihi
2872 536 3068 593 nescio
3091 553 3206 607 qua
3228 537 3453 593 ratione
3475 538 3698 593 incum-

2055 628 2159 682 bit.
2187 627 2516 684 Mirandum
2549 629 2728 693 enim,
2763 626 2863 695 ait,
2897 625 2945 680 si
2975 625 3151 681 etiam
3184 624 3327 681 Saul
3381 627 3533 681 inter
3569 643 3710 695 pro-

2051 716 2255 787 phetas
2286 716 2372 784 ²⁴;
2408 718 2610 788 utique
2642 716 2691 771 si
2722 720 2779 771 et
2799 715 3311 771 Theodorusinter
3333 715 3701 787 praepositos.

2052 804 2172 861 Hoc
2194 822 2288 861 me
2305 804 2579 873 inhibuit,
2604 805 2715 862 hoc
2746 821 2837 860 me
2866 803 3238 860 constrinxit.
3263 803 3410 859 Nam
3435 804 3483 858 si
3503 803 3705 860 ferreis

2053 894 2274 951 catenis
2309 894 2580 967 alligatus
2615 894 2878 959 fuissem,
2922 894 3329 965 perfregissem
3371 891 3524 960 illas,
3555 896 3614 948 et
3644 893 3704 948 in

2052 983 2238 1040 oculis
2267 983 2387 1039 tuis
2420 998 2775 1054 apparerem.
2814 982 2987 1038 Nunc
3026 998 3159 1037 vero
3215 982 3336 1037 vice
3401 997 3529 1038 mea
3576 997 3706 1053 pre-

2053 1073 2354 1144 sbyterum
2386 1073 2457 1128 ad
2507 1077 2564 1127 te
2593 1071 2727 1127 misi
2757 1072 3003 1127 modicas
3049 1069 3465 1127 consolationis
3496 1071 3703 1143 gratia,

2053 1161 2537 1233 quandoquidem
2567 1162 2618 1217 is
2645 1162 2821 1216 etiam
2881 1158 3171 1231 gratus'et
3229 1178 3400 1217 carus
3458 1160 3704 1229 esttibi,

2053 1255 2118 1306 ut
2148 1251 2207 1306 in
2238 1251 2507 1307 omnibus
2539 1254 2749 1323 praesto
2780 1251 2853 1306 sit
2899 1249 3228 1306 infirmitati
3279 1256 3411 1322 tuae,
3445 1265 3702 1321 congrua

2052 1340 2250 1396 omnia
2282 1340 2590 1411 providens
2639 1342 2697 1395 et
2740 1356 3080 1411 procurans,
3116 1347 3177 1394 ut
3225 1339 3347 1395 sive
3393 1339 3528 1395 istic
3579 1355 3703 1394 ma-

2052 1445 2211 1497 neas,
2255 1445 2371 1485 una
2426 1433 2677 1499 maneat,
2709 1429 2829 1485 sive
2886 1428 3082 1497 abeas,
3112 1428 3288 1484 simul
3343 1429 3512 1485 abeat
3567 1444 3701 1484 cum

2049 1533 2372 1574 (sconomo.
2404 1521 2708 1584 Caeterum,
2740 1517 2894 1575 sicut
2948 1518 3157 1588 diriget
3209 1518 3385 1585 Deus,
3420 1521 3476 1574 et
3538 1519 3689 1574 feret

2050 1606 2397 1675 inﬁrmitas,
2448 1608 2531 1663 sic
2579 1623 2769 1679 perge,
2801 1608 3130 1663 veneranda
3178 1611 3365 1663 mater
3414 1624 3558 1675 mea,
3590 1624 3696 1666 nec

2054 1712 2234 1768 supra
2264 1697 2412 1752 vires
2443 1697 2750 1766 contende,
2768 1697 2963 1768 egredi
2983 1696 3480 1753 festinans.Citius
3499 1702 3690 1754 autem

2049 1785 2338 1856 quomodo
2369 1785 2428 1840 in
2465 1787 2665 1842 morbo
2696 1790 2752 1842 te
2785 1786 2997 1842 habeas
3027 1785 3221 1842 indica
3250 1786 3438 1856 nobis,
3464 1790 3530 1843 ut
3560 1804 3700 1859 pau-

2050 1874 2230 1947 lisper
2250 1875 2900 1932 recreemur.Canonem
2924 1874 3027 1931 tibi
3051 1876 3247 1932 statim
3266 1877 3473 1933 fratres
3492 1893 3699 1936 omnes

294 1933 502 2032 Τάχιον
563 1933 620 2013 δέ
664 1933 841 2023 ’ὅπωςι
878 1933 1106 2035 διαφέρῃ
1174 1960 1227 2015 ἐν
1420 1957 1586 2035 νόσῳ,
1649 1933 1938 2039 διάγνωσιν

2058 1933 2541 2036 pependerunt,et
2561 1964 2899 2021 continuam
2926 1981 3028 2036 pro
3050 1965 3237 2021 salute
3256 1970 3357 2023 tua
3374 1933 3694 2024 orationem

295 2047 514 2121 πέμψον
558 2049 716 2122 ἡμῖν,
762 2047 857 2103 ’ίνα
906 2050 1315 2124 εὖψυχήσωμεν
1373 2051 1588 2126 μικρόν.
1632 2053 1837 2107 Κανόνα
1887 2050 1945 2108 δὲ

296 2135 493 2198 εὐθέως
542 2137 736 2200 πάντες
793 2138 845 2193 οἱ
901 2136 1131 2213 ἀδελφοὶ
1186 2138 1444 2211 ἐποίησάν
1501 2143 1615 2214 (12)
1674 2163 1782 2214 σοι,
1853 2142 1943 2197 καὶ

294 2225 466 2299 εὐχήν
513 2224 702 2301 ἔχουσι
752 2225 975 2298 διηνεκῆ
1009 2228 1132 2303 περὶ
1181 2236 1282 2298 τῆς
1334 2229 1510 2304 ὑγείας
1555 2252 1670 2286 σου.
1714 2233 1943 2305 Χάρισαι

293 2317 429 2388 ἡμῖν
455 2317 556 2385 τὴν
586 2316 740 2392 ἁγίαν
792 2339 888 2372 σου
919 2319 1090 2393 εὐχήν
1126 2338 1139 2352 ⁸
1193 2317 1493 2396 εὐλόγησαν
1543 2324 1692 2394 ἡμᾶς
1744 2342 1941 2395 μητρι‹

2055 2054 2284 2110 habent.
2320 2053 2555 2127 Largire
2585 2054 2749 2111 nobis
2779 2058 3015 2111 sanctas
3045 2070 3245 2126 preces
3272 2059 3427 2123 tuas,
3451 2056 3695 2114 benedic

2055 2145 2224 2201 nobis
2272 2145 2554 2201 maternis
2611 2145 3005 2201 muneribus:
3054 2144 3400 2217 amplectere
3448 2163 3554 2202 nos
3596 2164 3697 2217 per

2053 2234 2297 2290 litteras.
2318 2234 2401 2290 Da
2430 2234 2601 2290 nobis
2632 2251 2855 2306 pacem,
2874 2251 3048 2305 quam
3081 2251 3181 2305 per
3199 2233 3412 2291 Christi
3445 2237 3691 2307 gratiam

2052 2322 2253 2389 habes,
2286 2331 2339 2377 et
2370 2322 2642 2378 habitura
2671 2340 2732 2378 es
2764 2322 2821 2377 in
2849 2322 3061 2378 saecula
3088 2323 3453 2380 saeculorum.

292 2410 413 2466 καῖς
441 2403 668 2479 δωρεαῖς
705 2428 717 2439 ·
750 2406 981 2462 ἄσπασαι
1014 2411 1161 2482 ἡμᾶς
1194 2407 1282 2463 διὰ
1312 2413 1408 2464 τοῦ
1435 2411 1781 2487 γράμματος.
1816 2412 1915 2472 Δὸς
1944 2412 2078 2483 ἡμῖν
2107 2412 2204 2480 τήν
2236 2411 2481 2484 εἰρήνην,
2513 2412 2573 2478 ἣν
2602 2406 2750 2485 ἔχεις
2782 2408 2871 2465 διὰ
2900 2418 3000 2480 τῆς
3031 2411 3258 2486 χᾶριτος
3300 2417 3396 2466 τοῦ
3432 2415 3699 2489 Χριστοῦ,

295 2496 388 2548 καὶ
416 2493 547 2567 ’ἔξεις
580 2497 656 2559 εἷς
687 2496 884 2561 αἶ’ὦνας
916 2499 1148 2556 αἰώνων.

722 2608 792 2663 Ζ’.
835 2643 903 2649 —
944 2609 1148 2683 Εἰρήνῃ
1194 2609 1510 2682 Βασιλίσσῃ.

2515 2611 2632 2667 VII.
2665 2643 2733 2652 —
2766 2614 2938 2668 Irenaz
2959 2612 3240 2682 Augustae.

1050 2721 1241 2770 Irenen
1271 2719 1455 2770 laudat
1487 2719 1630 2783 quod
1664 2721 1865 2770 tributa
1902 2720 2227 2772 relaxaverit.
2259 2720 2477 2783 (Baron.
2510 2734 2595 2769 an.
2625 2719 2734 2777 801,
2768 2733 2823 2768 n.
2860 2719 2962 2783 22.)

374 2800 564 2867 Φωνὴ,
606 2799 794 2876 φησὶν,
842 2798 895 2853 ἐν
951 2802 1126 2872 Ῥαμᾷ
1171 2800 1440 2870 ἠκούσθη,
1490 2800 1518 2853 ὁ
1569 2800 1943 2855 θεοπτικώτα-

300 2907 392 2949 τος
451 2887 761 2962 Ἰερεμίας⁶
821 2889 1021 2963 θρῆνος
1076 2888 1163 2942 καὶ
1233 2886 1471 2963 ὀδυρμὸς
1522 2889 1698 2951 πολύς
1732 2907 1745 2921 ⁸
1818 2890 1945 2943 Ῥα-

299 2976 416 3053 χήλ
469 2978 595 3032 τότε
644 2976 908 3033 κλαίουσα
960 2976 1028 3032 τὰ
1082 2978 1242 3033 τέκνα
1293 2978 1483 3044 αὐτῆς.
1543 2978 1626 3036 Τὰ
1670 2975 1727 3033 δὲ
1802 2998 1944 3053 παρ-

298 3066 428 3120 όντα
459 3067 547 3119 οἷα
578 3065 664 3120 καὶ
702 3065 910 3135 ﬁlim;
946 3066 1111 3120 Πόθεν
1151 3087 1258 3121 που
1289 3067 1444 3141 χθὲς,
1485 3062 1739 3121 δέσποινα
1779 3067 1940 3140 ἡμῶν

2200 2802 2309 2858 V0.1:
2337 2802 2395 2857 in
2422 2801 2589 2857 Rama
2609 2801 2801 2856 audita
2818 2806 2919 2870 est,
2935 2800 3014 2857 ait
3045 2800 3335 2857 visionum
3358 2800 3458 2856 Dei
3481 2808 3703 2872 specta-

2051 2894 2142 2946 tor
2186 2889 2495 2958 Jeremias,
2535 2891 2784 2961 ploratus
2834 2895 2885 2946 et
2929 2888 3181 2945 ululatus
3208 2890 3455 2953 multus;
3504 2892 3702 2946 Rachel

2053 2984 2170 3033 tum
2202 2979 2426 3049 plorans
2454 2979 2598 3048 ﬁlios
2625 2994 2749 3035 suos
2776 2979 2843 3035 ³⁵.
2873 2977 3039 3034 Nunc
3069 2993 3202 3033 vero
3244 2977 3462 3048 qualia,
3495 2983 3550 3034 et
3601 2994 3706 3034 cu-

2048 3069 2307 3140 jusmodi
2329 3075 2470 3125 sunt
2492 3068 2837 3141 praesentia?
2858 3068 3152 3124 undenam
3173 3068 3695 3138 hesterni,domina

295 3155 590 3228 πανάγαθε,
638 3153 987 3232 ἀναφανέντες
1046 3154 1273 3231 ἄγγελοι
1329 3159 1428 3211 τοῦ
1485 3156 1632 3231 ἱεροῦ
1686 3177 1784 3210 σου
1839 3176 1944 3211 πα-

2058 3157 2302 3229 Optima,
2332 3156 2485 3213 sacri
2534 3157 2735 3227 palatii
2784 3157 2871 3212 tui
2921 3157 3106 3213 nuntii
3151 3173 3294 3227 quos
3347 3156 3605 3213 vidimus
3651 3162 3707 3213 et

297 3242 517 3316 λατίου,
547 3244 634 3298 καὶ
686 3242 1066 3308 ἀκουτίσαντες
1095 3246 1231 3317 ἡμῖν
1281 3245 1455 3309 πάσας
1499 3245 1595 3307 τὰς
1639 3244 1946 3321 γεγενημέ-

297 3355 393 3397 νας
426 3355 521 3389 σου
551 3339 658 3390 τῶν
691 3329 865 3410 ἔργων
896 3334 1016 3410 ἄρτι
1048 3335 1273 3398 αἰνέσεις
1299 3355 1313 3406 ;
1345 3337 1600 3410 Ἤχησαν
1631 3338 1797 3409 ἡμῶν
1837 3335 1948 3409 ἀμ-

295 3419 500 3502 φότερα
544 3424 618 3486 ὡς
650 3423 870 3494 ἀληθῶς
915 3425 982 3479 τὰ
1011 3424 1145 3481 ὦτα.
1195 3426 1255 3479 Τί
1296 3428 1624 3500 τοιγαροῦνς
1676 3423 1757 3479 ὅτι
1807 3425 1946 3498 ἧρας

298 3513 625 3585 συσσεισμὸν
676 3515 741 3587 [ἲ.
775 3512 1076 3587 σύσσημον]
1107 3513 1158 3567 ἐν
1207 3518 1325 3578 τοῖς
1370 3515 1564 3589 πέρασι
1608 3513 1948 3584 τηλικαύτης

300 3598 576 3665 εὐσεϐείας
611 3623 624 3636 ’
679 3602 770 3657 καὶ
829 3600 947 3658 ἰδοὺ
1005 3602 1206 3672 ἥκουσέ
1261 3624 1347 3659 σοι
1393 3603 1823 3681 κυκλοτέρωθεν,
1874 3604 1949 3668 ὡς

300 3691 529 3769 νεφέλαι
585 3691 904 3765 πετόμεναι,
963 3692 1111 3748 λιταὶ
1164 3692 1544 3766 παμπληθεῖς,
1599 3693 1946 3769 γεραίρουσαι

302 3783 400 3838 τὸν
452 3782 580 3836 Θεὸν
633 3783 766 3852 ὑπὲρ
814 3786 921 3836 τῶν
968 3782 1157 3836 αἰσίων
1207 3804 1306 3837 σου
1354 3782 1756 3857 καταπράξεων.
1798 3784 1949 3859 Φρά-

309 3876 367 3939 ζε
396 3873 553 3943 ἡμῖν,
581 3868 626 3923 ὦ
677 3868 948 3939 δεσποινα,
988 3871 1069 3931 τίς
1101 3872 1128 3924 6
1178 3865 1496 3935 ἐπιϐιϐάσας
1536 3892 1629 3927 σου
1659 3874 1753 3927 τὸν
1779 3873 1948 3928 καθα-

305 3960 551 4033 ρώτατον
579 3963 701 4015 νοῦν
753 3957 842 4014 ἐπὶ
888 3959 955 4013 τὰ
1008 3959 1116 4033 ὕψη
1156 3964 1264 4014 τῶν
1313 3960 1604 4033 νοημάτων
1655 3967 1756 4031 τῆς
1804 3961 1948 4033 ἀλη-

302 4048 448 4109 θείας
480 4067 494 4079 '
527 4046 668 4103 ὥστε
697 4050 771 4111 ὡς
804 4048 909 4103 ἀπὸ
960 4054 1187 4111 σκοπιᾶς
1216 4069 1366 4111 τινος
1398 4048 1616 4122 ὑψηλῆς
1670 4052 1947 4124 μετεώρου

298 4139 639 4211 καταθρῆσαι
687 4139 753 4193 τὰ
807 4142 1031 4193 τοιαῦτα
1081 4139 1277 4212 ἀρεστά
1329 4143 1444 4210 Θεῷ
1501 4139 1587 4194 καὶ
1643 4140 1805 4209 ὅσια;
1857 4140 1946 4195 Δί-

299 4226 461 4298 δαξον
494 4226 611 4283 ὅθεν
641 4248 725 4282 σοι
758 4229 786 4282 6
823 4234 923 4297 τῆς
955 4222 1226 4290 εὐσεϐείας
1264 4231 1522 4290 τοσοῦτος
1551 4224 1691 4303 ἔρως
1729 4229 1948 4301 ἐνέσκη-

299 4320 373 4392 ψε
404 4335 418 4348 ’
449 4316 636 4378 καλῶς
692 4316 1121 4384 ἀπληστεύεσθαι
1158 4318 1225 4371 τὰ
1272 4316 1547 4392 θεάρεστα,
1578 4318 1670 4373 καὶ
1707 4319 1782 4382 εἰς
1815 4318 1947 4396 ὕπερ

300 4406 491 4462 ἐλάσαι
525 4405 743 4481 φειδοῦς
772 4409 872 4472 τῆς
911 4406 1042 4481 ὑπὲρ
1073 4411 1181 4462 τῶν
1219 4410 1562 4481 Χριστιανῶν
1608 4408 1853 4483 ψυχικῆς
1890 4430 1950 4466 τε

300 4496 396 4552 καὶ
429 4503 749 4569 σωματικῆς
797 4494 1198 4572 πολυωφελοῦς
1241 4495 1603 4572 προμηθείας.
1636 4498 1706 4552 Ἠ
1754 4496 1942 4570 ἐπειδὴ

302 4581 454 4638 πολὺ
501 4560 568 4637 τὰ
610 4560 727 4638 θεῖά
775 4560 1066 4658 φρονοῦσα,
1105 4584 1198 4638 καὶ
1253 4560 1579 4657 ἱμείρόμένη
1639 4560 1945 4661 μητρικῶς,
1980 4560 2026 4624 D

306 4672 410 4727 οὐκ
436 4670 658 4748 ἀρκετὸν
686 4674 886 4748 ἡγήσω
914 4672 977 4727 τὸ
1023 4673 1185 4746 μόνον
1217 4675 1311 4729 τὸν
1352 4672 1487 4729 λαόν
1519 4694 1615 4728 σου
1642 4679 1712 4749 τῇ
1744 4676 1948 4731 ἄνωθεν

302 4761 617 4837 ἐπικουρίᾳ,
666 4762 743 4825 ὡς
791 4762 841 4832 ἐξ
891 4761 1265 4839 Δῖγυπτιακῆς
1321 4783 1469 4825 τινος
1520 4760 1788 4836 δουλείας,
1847 4771 1947 4835 τῆς

306 4848 622 4921 δυσσεϐοῦς,
655 4852 823 4931 φημὶ,
852 4851 1105 4916 πίστεως,
1140 4850 1515 4928 λυτρώσασθαι
1551 4872 1565 4886 ο
1600 4852 1644 4907 εἰ
1679 4855 1783 4927 μή,
1816 4856 1952 4928 μετὰ

302 4948 413 4998 τῶν
445 4937 839 5017 προλαϐόντων
888 4939 1256 5016 πολυτρόπως
1303 4939 1695 5016 ἐκλαμψάντων
1727 4957 1816 4998 σοι
1866 4940 1951 4998 δί-

303 5052 410 5103 κην
460 5030 698 5105 ἀστέρων
755 5029 1288 5106 ἄγαθουργημάτων,
1337 5032 1427 5085 καὶ
1491 5032 1592 5101 τήν
1651 5036 1948 5108 παροῦσαν,

304 5124 386 5185 ὡς
457 5120 750 5197 κολοφῶνά
804 5142 922 5176 τινα
992 5125 1102 5177 τῶν
1158 5124 1387 5197 ἀρετῶν,
1448 5121 1949 5197 ἐπιπροσθήσασθαι

306 5213 507 5288 χάρινς
552 5213 768 5287 "Apoc,
827 5204 1008 5286 ἅγιος,
1065 5212 1240 5287 ἅγιος.
1301 5210 1587 5289 Εὖφράνθη
1642 5214 1670 5267 6
1730 5211 1952 5289 οὐρανὸς

381 5340 428 5376 ³⁸
464 5340 486 5396 l
519 5340 659 5412 Reg.
691 5358 747 5409 κ,
782 5340 870 5395 11.
945 5340 991 5374 ³⁸
1019 5339 1234 5397 Jerem.
1260 5356 1417 5413 XXXI,
1446 5341 1533 5397 15.

2062 3246 2414 3314 audivimus,
2466 3263 2599 3302 cum
2648 3249 2909 3302 recentes
2958 3246 3128 3302 nobis
3185 3262 3418 3315 Operum
3466 3250 3704 3303 tuorum

2062 3334 2264 3392 laudes
2282 3336 2844 3392 commemorarent?
2861 3336 3289 3391 Personuerunt
3302 3351 3493 3391 revera
3517 3338 3702 3391 ambas

2061 3440 2231 3480 aures
2263 3430 2494 3480 nostrae.
2527 3424 2673 3487 Quid
2706 3439 2843 3496 ergo
2867 3422 2895 3478 ?
2941 3424 3074 3495 quia
3125 3422 3421 3479 sustulisti
3475 3424 3704 3496 signum

2062 3515 2134 3569 ab
2164 3514 2440 3569 extremis
2470 3513 2687 3571 finibus
2717 3517 2892 3570 tantas
2944 3514 3173 3585 pietatis
3206 3528 3220 3566 :
3272 3517 3330 3569 et
3374 3529 3505 3569 ecce
3546 3515 3617 3569 ad
3650 3518 3704 3571 te

2060 3604 2304 3658 veniunt
2350 3603 2626 3674 undique,
2657 3607 2714 3658 et
2763 3602 3007 3658 nubium
3056 3602 3242 3657 instar
3283 3601 3701 3672 advolantium,

2062 3708 2259 3764 preces
2289 3691 2752 3762 quamplurimas,
2792 3695 2972 3745 Deum
3005 3689 3312 3746 laudantes
3351 3706 3455 3761 pro
3504 3692 3703 3762 auspi-

2060 3780 2206 3836 catis
2269 3780 2594 3837 actionibus
2645 3780 2785 3836 tuis.
2816 3778 2917 3834 Dic
2975 3779 3164 3845 nobis,
3211 3779 3471 3847 domina,
3501 3780 3699 3851 ecquis

2059 3868 2157 3924 ille
2186 3874 2294 3937 est,
2328 3869 2424 3940 qui
2471 3869 2859 3925 castissimum
2908 3872 3163 3923 mentem
3199 3873 3361 3923 tuam
3411 3868 3595 3924 evexit
3624 3870 3697 3924 ad

2060 3959 2380 4018 altissimos
2423 3976 2629 4017 sensus
2673 3958 2955 4025 veritatis,
2989 3963 3051 4014 ut
3096 3962 3378 4028 tanquam
3427 3973 3496 4013 ex
3540 3958 3696 4014 edita

2060 4049 2297 4122 specula
2325 4054 2382 4105 et
2410 4048 2650 4105 sublimi
2679 4048 2800 4103 hmo
2830 4045 2966 4101 talia
2996 4062 3257 4102 cerneres
3297 4045 3411 4101 Deo
3444 4050 3612 4117 grata
3639 4061 3703 4112 et

2060 4143 2262 4196 sancta
2286 4140 2313 4194 ?
2342 4144 2508 4205 Doce,
2534 4139 2686 4193 unde
2716 4141 2914 4193 tantus
2940 4135 3048 4191 tibi
3078 4135 3313 4207 pietatis
3335 4150 3498 4190 amor
3518 4135 3703 4193 inces-

2061 4229 2153 4297 sit,
2185 4232 2249 4282 ut
2275 4228 2394 4284 Deo
2417 4226 2703 4299 placentia
2730 4224 3145 4282 insatiabiliter
3193 4226 3514 4295 expeteres,
3547 4228 3604 4279 et
3632 4224 3705 4281 ad

2062 4334 2360 4376 summum
2422 4319 2651 4381 culmen
2709 4318 3066 4389 pertingeres
3124 4314 3516 4371 saluberrimae
3573 4331 3710 4385 erga

2060 4408 2529 4465 Christianorum
2543 4415 2663 4463 tum
2679 4408 2895 4464 animas
2907 4411 3035 4462 tum
3049 4421 3289 4477 corpora
3300 4403 3707 4475 providentiae?

2060 4502 2168 4570 An,
2201 4504 2267 4555 ut
2295 4499 2490 4555 divina
2510 4498 2845 4571 intelligens
2876 4506 2930 4553 et
2967 4497 3345 4569 amplectens,
3376 4499 3708 4552 maternum

2059 4591 2119 4646 in
2153 4605 2370 4646 morem
2412 4605 2528 4645 non
2570 4588 2712 4644 satis
2744 4587 2985 4655 duxisti,
3017 4584 3301 4658 populum
3348 4584 3565 4641 caelesti
3601 4601 3710 4658 ope

2057 4678 2215 4736 velut
2229 4694 2297 4733 ex
2312 4677 2649 4749 .‘Egyptiaca
2678 4678 2933 4749 quadam
2955 4674 3709 4747 servitute,impia,inquam

2060 4772 2195 4837 ﬁde,
2220 4769 2541 4836 liberasse;
2576 4769 2690 4826 nisi
2719 4770 2789 4826 ad
2823 4768 3135 4839 praeterita,
3151 4775 3204 4822 et
3234 4767 3494 4823 siderum
3524 4766 3713 4821 instar

2059 4859 2218 4916 varie
2248 4858 2597 4915 collucentia
2625 4858 2907 4916 beneﬁcia
2935 4862 3052 4923 tua,
3085 4856 3257 4925 hanc,
3282 4855 3465 4911 veluti
3508 4871 3711 4927 quem-

2063 4949 2199 5005 dam
2228 4948 2510 5004 virtulum
2540 4951 2775 5005 tuarum
2808 4946 3214 5017 cOIOphonem,
3256 4944 3540 5015 adjiceres
3581 4960 3712 5014 gra-

2062 5037 2252 5095 tiam?
2300 5038 2572 5105 Sanctus,
2606 5041 2864 5103 sanctus,
2899 5040 3158 5090 sanctus.
3200 5033 3450 5088 Laetetur
3499 5030 3712 5087 coelum

2063 5130 2333 5202 desuper,
2359 5145 2492 5184 cum
2524 5144 2697 5184 sacras
2726 5126 2883 5184 vocis
2916 5126 3066 5181 Isaia
3094 5125 3368 5180 dicamus
3399 5120 3716 5189 ",tametsi

2062 5218 2220 5274 istud
2242 5217 2543 5287 audacius,
2560 5218 2699 5289 quia
2720 5216 2875 5272 Deus
2901 5231 3002 5288 per
3031 5221 3085 5269 te
3107 5213 3382 5269 misertus
3404 5215 3494 5268 est
3514 5208 3717 5282 pepuli

1611 5341 1656 5378 2⁸
1678 5342 1787 5400 lsa.
1819 5360 1965 5415 xuv,
1995 5345 2100 5417 23;
2135 5363 2211 5416 ιχ,
2242 5348 2297 5402 4.

1898 5471 2131 5531 NOTIE.

579 5571 881 5659 Είσελθεῖν,
911 5649 923 5659 Α
959 5570 1058 5628 οὐκ
1141 5570 1319 5659 εἶχον.

308 5649 643 5720 scripsitmt
690 5649 1103 5730 apparet,cum
1148 5649 1340 5732 adhuc
1375 5649 1436 5704 in

310 5724 560 5789 seretur,
592 5717 957 5793 promdeque
987 5720 1121 5775 ante
1151 5716 1446 5778 exsilium.

1379 5647 1390 5658 .
1410 5575 1570 5632 Hanc
1652 5578 1960 5658 epistolam

1268 5662 1340 5703 uc
1375 5652 1436 5704 in
1458 5652 1813 5708 monasterio
1835 5667 1963 5710 ver-

2143 5582 2261 5656 (12)
2318 5583 2526 5637 Κανόνα
2590 5576 2841 5652 ἐποίησα.
2918 5580 3402 5656 Εῳμιείᾳεῐῇουῐυ
3459 5576 3716 5635 ofﬁcium

2073 5652 2198 5727 sive
2226 5652 2446 5727 preces,
2480 5670 2627 5727 quas
2657 5670 2761 5727 pro
2791 5668 2945 5725 aegra
2973 5652 3260 5710 Theodori
3293 5656 3479 5709 matre
3511 5665 3714 5706 mona-

2074 5726 2168 5783 chi
2198 5726 2622 5799 persolverunt.
