4090 6288
515 326 629 388 931

1759 327 1825 386 S.
1870 323 2270 386 THEODORI
2314 323 2671 385 STUDITxE

3805 330 3919 391 932

515 458 607 513 sui
641 458 950 529 impletum
990 460 1076 511 est
1122 472 1255 527 ergo
1304 457 1641 512 universum
1690 472 1934 529 regnum
1983 460 2130 511 tuun

2240 451 2494 524 ἀνωθεν,
2547 456 2680 527 μετᾶ
2725 454 2822 509 τοῦ
2871 456 3305 534 ἱεροφωνοτάτου
3349 456 3571 513 Ἡσαΐου
3617 455 3921 529 ἐπιϐοήσο-

514 548 728 619 gaudio
774 553 828 604 et
872 545 1281 613 exsultatione,
1316 547 1587 617 quoniam
1614 546 1877 601 ablatum
1909 550 1997 601 est
2049 546 2159 601 ini-

513 653 697 709 quum
721 637 1127 710 jugum,quod
1153 652 1327 706 supra
1345 637 1535 707 ipsum
1561 640 1687 692 erat
1707 636 2157 708 propositum,ot

509 726 671 796 virga
700 742 826 796 quas
853 741 1024 796 super
1056 724 1272 780 collum
1306 725 1573 797 potentiae
1606 725 1806 795 hujus.
1841 724 1982 791 Quis
2013 725 2155 781 talia

511 815 776 873 audivit?
808 817 909 871 Eia
939 816 1133 883 dicite,
1154 816 1281 871 viri.
1307 816 1445 883 Quis
1478 817 1587 872 sub
1617 816 1729 872 alio
1761 816 2006 889 imperio
2039 815 2153 872 tale

510 923 577 962 ac
594 911 827 963 tantum
851 906 1079 962 facinus
1099 906 1285 962 vidit?
1306 907 1561 962 Laudate
1583 923 1730 973 eam,
1747 922 1951 962 omnes
1972 923 2151 976 popu-

510 996 571 1064 li,
599 996 968 1067 magniﬁcate
996 1011 1123 1052 eam
1183 1012 1436 1062 mecum,
1478 997 1763 1066 principes
1812 1000 1869 1051 et
1925 996 2149 1051 subditi

508 1088 836 1142 sacerdotes
866 1094 920 1141 et
942 1086 1227 1153 monachi,
1252 1091 1308 1141 et
1333 1085 1800 1142 Christianorum
1833 1085 1992 1140 natio
2024 1084 2151 1139 uni-

506 1192 685 1232 versa.
718 1175 845 1231 Non
892 1176 1049 1231 enim
1094 1175 1436 1231 admiranda
1486 1175 1677 1231 solum
1729 1173 1838 1230 fuit
1888 1178 1973 1230 tot
2022 1174 2147 1230 auri

507 1264 857 1322 talentorum
905 1263 1177 1321 remissio
1237 1265 1624 1336 (quanquam
1669 1262 2147 1334 incomparabilis

504 1354 608 1410 illa
638 1372 730 1410 res
767 1355 898 1427 est).
929 1369 1129 1410 verum
1178 1353 1376 1421 etiam,
1403 1354 1557 1425 quod
1603 1352 1900 1423 injustitiaa
1949 1351 2146 1407 multi-

503 1444 633 1516 plex
665 1446 758 1500 via
786 1445 895 1501 hac
933 1443 1104 1501 simul
1148 1444 1372 1499 ratione
1421 1442 1655 1516 praecisa
1702 1452 1808 1511 est,
1841 1459 1988 1514 opus
2036 1441 2145 1498 fuit

500 1535 673 1606 longe
704 1533 1166 1590 sanctissimum.
1199 1531 1422 1587 Sublati
1476 1540 1614 1588 sunt
1643 1548 1675 1588 e
1723 1530 1915 1586 medio
1961 1546 2144 1588 nexus

498 1623 890 1680 violentarum
918 1622 1433 1692 lethiferarumque
1461 1618 1970 1690 exactionum,’qui
2000 1637 2145 1692 prae-

502 1715 837 1771 decessores
864 1717 996 1768 tuos
1028 1728 1232 1767 omnes
1262 1710 1591 1779 latuerunt;
1624 1709 1756 1765 licet
1784 1725 1853 1765 ex
1882 1709 1974 1765 his
2006 1726 2142 1766 non-

2271 565 2389 616 μεν,
2423 546 2468 599 εἶ
2497 547 2587 600 καὶ
2616 544 2926 619 τολμηρὸν,
2959 547 3045 600 ὅτι
3076 544 3296 617 ἐλέησεν
3326 549 3353 602 6
3385 549 3513 610 Θεὸς
3546 546 3637 603 διά
3686 555 3787 604 σοῦ
3819 552 3912 605 τὸν

2266 631 2399 688 λαὸν
2439 637 2623 694 αὐτοῦ.
2654 634 2939 706 Ἐπλήσθη
2984 640 3111 711 γοῦν
3222 638 3475 711 σύμπασά
3515 660 3610 693 σου
3662 640 3917 714 βασιλεία

2265 729 2442 801 χαρᾶς
2468 725 2558 779 καὶ
2606 723 2989 799 ἀγαλλιάσεως
3020 743 3035 758 ·
3068 724 3150 780 ὅτι
3201 726 3480 803 ἀφῄρηται
3513 730 3540 782 6
3583 729 3796 801 ἄνομος
3829 735 3917 798 ζυ-

2260 813 2354 885 γὸς
2387 814 2413 867 6
2464 814 2547 868 ἐπ’
2595 814 2761 883 αὐτὴν
2811 815 3082 888 κείμενος,
3115 815 3206 871 καὶ
3257 819 3291 885 ἡ
3343 814 3542 890 ῥάϐδος
3591 824 3625 888 ἦ
3679 819 3769 873 ἐπὶ
3819 825 3914 874 τοῦ

2261 903 2553 977 τραχήλου
2606 910 2705 973 τῆς
2760 905 3019 972 τοιαύτης
3077 904 3504 981 ἐπικρατήσεως.
3565 909 3659 969 Τίς
3703 907 3912 977 ἤκουσε

2257 996 2520 1063 τοιαῦτα;
2573 990 2750 1069 δεῦρο,
2799 991 3004 1063 εἷ’πατε,
3057 991 3266 1071 ἄνδρες.
3304 996 3403 1051 Καὶ
3432 998 3514 1059 τίς
3550 996 3791 1072 ἑώρακεν
3829 999 3910 1052 ἐπ’

2259 1079 2440 1151 ἄλλης
2477 1081 2753 1155 βασιλείας
2796 1088 3043 1138 τοιοῦτον
3077 1085 3169 1138 καὶ
3217 1089 3472 1140 τοσοῦτον
3526 1089 3905 1160 κατόρθωμαζ

2257 1168 2604 1225 Ἐπαινέσατε
2647 1169 2836 1240 αὐτὴν,
2867 1170 3055 1237 πάντες
3085 1174 3136 1227 οἱ
3185 1173 3311 1228 λαοί
3345 1191 3359 1204 ⁶
3417 1173 3759 1249 μεγαλύνατε
3811 1174 3905 1231 αὖ-

2254 1261 2355 1330 τήν
2404 1262 2495 1315 σὺν
2545 1263 2704 1335 ἡμῖν,
2736 1260 3000 1337 ἄρχοντές
3032 1284 3089 1319 τε
3134 1263 3225 1317 καὶ
3276 1263 3602 1342 ἀρχόμενοι,
3631 1267 3802 1337 ἱερεῖς
3848 1286 3907 1322 τε

2256 1348 2343 1404 καὶ
2396 1350 2676 1422 μονασταὶ,
2708 1351 2796 1405 καὶ
2845 1357 2947 1406 πᾶν
2996 1352 3060 1406 τὸ
3110 1354 3486 1427 Χριστιανικόν
3533 1353 3732 1431 φῦλον.
3765 1352 3905 1410 Οὐδὲ

2249 1439 2374 1515 γὰρ,
2408 1438 2629 1494 ὅτιτῶν
2681 1442 2955 1496 τοσούτων
2980 1445 3075 1497 τοῦ
3123 1441 3355 1519 χρυσίου
3403 1442 3680 1497 ταλάντων
3727 1446 3763 1513 ἡ
3799 1443 3903 1517 ἄφ-

2252 1548 2361 1590 εσις
2414 1529 2616 1605 γέγονε,
2673 1531 2977 1604 θαυμαστὸν
3041 1532 3231 1603 μόνον,
3290 1530 3482 1606 καίπερ
3535 1530 3594 1587 ὃν
3667 1533 3904 1609 ἀνυπέρ-

2250 1611 2457 1687 ϐλητον
2490 1639 2503 1652 ·
2536 1616 2665 1673 ἀλλ’
2711 1617 2796 1673 ὅτι
2827 1619 2916 1673 καὶ
2964 1618 3133 1695 πόρος
3163 1618 3373 1682 ἀδικίας
3426 1619 3820 1684 πολυπλάσιος
3850 1621 3903 1676 ἐν

2246 1710 2315 1780 τῇ
2364 1706 2588 1780 τοιαύτῃ
2647 1706 2895 1763 ὑποθέσει
2944 1708 3290 1781 συνεξεκόπη,
3337 1710 3658 1767 ὁσιώτατον.
3713 1712 3900 1784 Ἦρθη

502 1805 644 1860 nulli
700 1804 792 1876 pie
848 1806 1164 1874 sancteque
1222 1802 1653 1873 imperaverint.
1687 1800 1804 1855 Hoc
1850 1800 2005 1855 enim
2036 1800 2130 1857 tibi

2248 1794 2308 1850 ἐκ
2340 1794 2506 1869 μέσου
2555 1795 2891 1873 στραγγαλιᾶ
2941 1796 3132 1872 βιαίων
3162 1798 3251 1853 καὶ
3300 1800 3672 1876 ψυχοφθόρων
3726 1801 3902 1856 ἀπαι-

499 1893 859 1952 servabatur.
892 1893 1075 1948 Cessit
1117 1891 1558 1963 jusjurandum,
1588 1890 1791 1947 crebra
1837 1889 2135 1959 dejeratio,

499 1982 587 2039 vel
605 1982 797 2054 potius
810 1980 1128 2052 perjurium
1142 1978 1497 2050 exigentium
1516 1976 1689 2034 simul
1705 1981 1762 2032 et
1776 1976 2134 2046 debentium,

497 2072 758 2143 utrisque
787 2070 922 2125 inde
953 2085 1054 2141 pro
1085 2084 1145 2123 re
1194 2072 1327 2123 nata
1374 2067 1812 2137 altercantibus,
1851 2066 1990 2122 dum
2038 2066 2134 2123 ille

494 2162 667 2216 celari
716 2159 977 2215 debitum
1027 2158 1323 2229 exprobat,
1368 2157 1461 2214 hic
1510 2163 1709 2215 contra
1770 2176 1833 2215 se
1884 2156 2135 2230 opprimi

493 2257 853 2305 sacramento
902 2248 1154 2319 adjurat.
1189 2246 1450 2302 Cessavit
1496 2247 1737 2319 inopum
1786 2249 2047 2315 afﬂictio,
2080 2254 2134 2302 et

491 2354 808 2411 pauperum
833 2335 1183 2403 sollicitudo,
1202 2352 1313 2391 non
1331 2336 1456 2405 jam
1490 2352 1605 2408 quo
1633 2338 1888 2394 remedio
1912 2336 2134 2393 mendi-

492 2429 724 2483 citatem
756 2424 1067 2498 depellant,
1101 2423 1518 2495 querentium;
1565 2426 1718 2497 quod
1751 2426 1945 2481 minus
1973 2442 2131 2481 acer-

491 2518 633 2573 bum
668 2515 881 2583 fuerit;
916 2513 1020 2569 sed
1051 2519 1115 2567 ut
1144 2514 1291 2583 quod
1326 2514 1540 2584 injuste
1565 2514 1837 2586 exigitur,
1871 2525 1927 2571 et
1974 2514 2133 2585 quod

493 2606 804 2661 desursum
822 2602 1277 2675 quodammodo,
1312 2609 1373 2657 ut
1423 2605 1640 2674 peccati
1692 2604 1864 2671 fetus,
1898 2603 2128 2675 irrupit,

490 2694 962 2765 compulsoribus
992 2690 1343 2764 persolvant.
1377 2696 1501 2747 Non
1534 2694 1800 2763 pendunt
1830 2710 1986 2749 nunc
2004 2693 2128 2763 viae,

489 2788 644 2840 terra
670 2784 934 2854 marique
963 2781 1289 2853 vectigalia.
1322 2784 1584 2836 Consona
1617 2785 1755 2837 sunt
1785 2781 1906 2837 hec
1936 2784 2131 2853 magni

490 2878 548 2929 et
564 2874 714 2931 sacri
736 2872 1141 2944 Cbrysostomi
1160 2870 1366 2926 verbis.
1382 2870 1508 2926 Non
1530 2871 1783 2943 amplius
1805 2871 2133 2941 spoliantur

487 2964 710 3035 injuste
740 2962 988 3035 pecunia
1028 2960 1437 3016 mediterranei
1469 2960 1540 3016 ab
1573 2960 1666 3029 iis,
1701 2961 1800 3033 qui
1850 2966 2129 3033 angustos

484 3053 711 3109 viarum
731 3052 925 3108 aditus
947 3050 1490 3120 obsident,agrestis
1507 3050 1830 3122 cujuspiam
1851 3051 2129 3108 damonis

487 3158 666 3213 more,
691 3146 793 3198 aut
829 3140 1236 3197 immansueta:
1276 3139 1407 3195 ferae
1437 3139 1747 3195 delibantis
1775 3156 2006 3213 semper
2027 3142 2125 3197 ali:

486 3230 630 3303 quid
642 3247 709 3287 ex
726 3230 953 3287 sarcina
966 3228 1237 3301 pauperis
1251 3227 1634 3284 viatoris.Nec
1647 3244 1854 3284 rursus
1869 3230 2131 3301 turpium

485 3319 822 3391 hujusmodi
851 3318 1218 3376 exactionum
1244 3322 1399 3373 metu
1423 3318 1581 3374 domi
1607 3335 1665 3374 se
1686 3318 1986 3374 continent
2005 3335 2133 3391 ege-

484 3409 567 3479 ni,
591 3425 781 3481 neque
812 3408 1047 3481 Oppida,
1069 3422 1257 3479 neque
1288 3408 1577 3463 maritima
1600 3408 1726 3464 loca
1756 3407 2131 3480 frequentan-

482 3504 570 3555 tes
600 3516 614 3554 :
649 3497 867 3570 ubique
896 3497 1052 3554 enim
1082 3496 1411 3567 iniquitatis
1441 3497 1665 3569 scopuli
1699 3497 2125 3569 prominebant.

482 3588 609 3644 Non
640 3586 893 3659 amplius
924 3590 1114 3641 nautas
1146 3586 1218 3641 ab
1241 3586 1458 3642 oriente
1478 3589 1535 3642 et
1564 3586 1861 3643 occidente
1882 3591 1939 3644 et
1959 3591 2130 3658 aqui-

484 3678 618 3734 lone
643 3676 951 3743 solventes,
982 3675 1306 3747 navigando
1329 3675 1734 3746 praefocantur,
1757 3681 2038 3747 tanquam
2060 3693 2129 3732 ex

484 3770 718 3839 gutture
740 3765 1007 3837 angustis
1030 3764 1298 3820 faucibus
1317 3765 1632 3834 portorium
1647 3766 1948 3821 reddituri.
1965 3766 2128 3822 Libe-

484 3856 594 3914 rati
618 3861 758 3913 sunt
775 3855 874 3927 qui
896 3855 1143 3912 venandi
1167 3859 1345 3909 artem
1370 3859 1659 3923 exercent,
1683 3856 1944 3927 expedite
1968 3873 2124 3929 nunc

480 3946 642 4003 illam
674 3945 980 4016 obeuntes,
1005 3960 1169 4000 sacra
1200 3944 1383 3999 lrene.
1413 3945 1670 4000 Piscator
1699 3944 1797 4016 qui
1830 3950 1947 4000 tres
1981 3946 2124 4002 forte

476 4037 668 4108 pisces
697 4034 891 4102 traxit,
915 4033 1091 4106 idque
1121 4036 1251 4103 post
1282 4048 1557 4103 magnum
1588 4050 1829 4105 prorsus
1861 4034 2122 4091 laborem

476 4125 653 4182 totius
675 4124 806 4181 diei.
834 4140 1016 4179 unum
1042 4124 1292 4194 pendere
1315 4140 1429 4179 non
1454 4122 1698 4195 cogitur.
1726 4125 1956 4196 Auceps
1981 4141 2118 4179 cum

473 4231 609 4270 arcu
643 4217 742 4269 aut
770 4214 927 4269 visco
960 4211 1238 4285 pauculas
1290 4212 1429 4267 forte
1482 4229 1614 4268 aves
1668 4215 1903 4284 ceperit,
1931 4215 2001 4268 ad
2035 4214 2121 4267 vi-

472 4307 626 4358 ctum
659 4302 767 4357 sibi
800 4302 1159 4357 necessarias
1188 4300 1476 4356 immunis
1499 4319 1531 4356 a
1556 4300 1827 4374 vectigali
1853 4319 2116 4371 manens,

467 4391 699 4446 beatius
730 4390 897 4447 vivet.
934 4390 1181 4446 Militum
1215 4407 1423 4446 uxores
1472 4391 1858 4446 domesticum
1892 4390 2116 4447 luctum

466 4479 747 4536 habentes
778 4481 851 4536 ob
880 4480 1133 4536 virorum
1170 4479 1571 4549 amissionem,
1594 4496 1703 4536 non
1734 4481 1938 4537 acerbe
1958 4481 2119 4536 insu-

2247 1886 2534 1958 τημάτων,
2576 1884 2819 1940 λαθοῦσα
2856 1886 2981 1948 τοὺς
3019 1889 3124 1964 πρὸ
3156 1891 3250 1942 σοῦ
3292 1882 3549 1961 ἅπαντας,
3580 1888 3779 1965 καίπερ
3822 1912 3903 1945 τι-

2248 1973 2342 2036 νάς
2373 1969 2609 2036 εὐσεϐῶς
2643 1970 3115 2049 βεϐασιλευκότας.
3151 1981 3320 2031 Τοῦτο
3351 1977 3453 2053 γάρ
3486 1998 3571 2033 σοι
3610 1978 3900 2037 ἀπέκειτο.

2254 2064 2525 2119 Πέπαυταὶ
2557 2064 2842 2141 ἐφομοσία,
2874 2063 3201 2139 πολυορκία,
3244 2064 3457 2140 μᾶλλον
3501 2064 3558 2122 δὲ
3596 2065 3900 2142 ψευδορκία

2251 2152 2339 2208 ἐπί
2376 2174 2434 2209 τε
2480 2158 2584 2207 τῶν
2631 2155 3002 2209 ἀπαιτούντων
3052 2155 3141 2208 καὶ
3195 2155 3605 2228 ἀπαιτουμένων
3639 2177 3654 2191 ·
3709 2157 3898 2239 ἀμᾳο-

2241 2244 2409 2317 τὲρων
2441 2242 2674 2297 ἐντεύθεν
2709 2243 2782 2305 ὡς
2830 2245 2893 2297 τὸ
2926 2239 3134 2317 συμϐάν
3187 2242 3611 2316 ἀπολλυμένων,
3640 2250 3741 2300 τοῦ
3796 2248 3897 2320 μὲν

2243 2330 2352 2385 δτι
2401 2332 2730 2406 ἀποκρύψειε
2779 2332 3142 2407 πειρωμενου,
3175 2336 3272 2387 τοῦ
3324 2330 3405 2403 δὲ,
3437 2333 3466 2387 ὅ
3513 2354 3564 2387 τι
3615 2334 3898 2410 ὒπερπιά-

2243 2442 2351 2476 σειε
2405 2420 2998 2495 καταπολιορκοῦντος.
3052 2421 3329 2478 Πέπαυται
3387 2421 3640 2497 ἔκθλιψις
3701 2446 3895 2481 στενο-

2241 2511 2631 2585 χωρουμένων,
2662 2511 2752 2565 καὶ
2796 2511 3106 2584 πενομένων
3149 2514 3561 2586 φροντιστήρια,
3594 2513 3708 2589 οὐχ
3736 2514 3896 2579 ὅπως

2238 2606 2338 2669 τῆς
2381 2600 2656 2675 πτωχείας
2707 2599 2988 2677 φάρμακον
3037 2599 3380 2675 ἀλεξιτήριον
3440 2602 3737 2677 ἐξευρεθείη
3799 2610 3896 2676 ζη-

2238 2690 2514 2745 τούντων·
2564 2692 2727 2758 ἦττον
2780 2690 2882 2766 γὰρ
2928 2690 2993 2758 ἦν
3045 2689 3106 2743 ἀν
3152 2691 3214 2745 τὸ
3264 2689 3513 2765 λυπηρόν
3548 2709 3562 2723 ·
3614 2690 3743 2747 ἀλλ’
3796 2691 3892 2748 ’ἶνα

2238 2779 2301 2833 τὸ
2329 2779 2640 2849 ἀσύνθετον,
2668 2777 2757 2832 καὶ
2806 2778 3005 2833 ἄνωθέν
3039 2799 3156 2840 πως
3203 2779 3277 2841 ὡς
3326 2778 3590 2853 ἁμαρτίας
3639 2779 3891 2855 γέννημα.

2239 2866 2619 2945 ἐπεισφρῆσαν,
2680 2869 3048 2924 ἀποτίσωνται
3102 2874 3220 2931 τοῖς
3279 2871 3629 2945 πράκτορσιν.
3692 2871 3896 2927 Οὐκέτι

2241 2960 2294 3013 αἱ
2344 2955 2462 3011 ὁδοὶ
2509 2954 2890 3026 τελωνοῦνται,
2925 2957 3045 3011 ὅσαι
3092 2958 3229 3012 κατὰ
3277 2965 3404 3032 γῆν,
3447 2957 3567 3012 ὅσαι
3611 2961 3748 3013 κατά
3803 2963 3897 3015 θά-

2240 3045 2462 3104 λασσαν.
2514 3046 2877 3125 ’Δντίφθογγα
2930 3050 3097 3102 ταῦτα
3150 3050 3257 3101 τῶν
3318 3047 3422 3102 ὑπὸ
3476 3051 3574 3102 τοῦ
3640 3047 3896 3123 μεγάλου

2237 3138 2329 3193 καὶ
2376 3139 2526 3211 ἱεροῦ
2577 3136 2973 3211 Χρυσοστόμου
3032 3136 3351 3212 εἰρημένων.
3405 3135 3598 3192 Οὐκέτι
3640 3139 3893 3211 ἠπειρῶ-

2239 3247 2328 3281 ται
2377 3225 2825 3302 ἐξαργυρίζονται
2879 3223 3042 3281 ἄδικα
3096 3226 3233 3281 κατά
3288 3226 3414 3289 τοὺς
3471 3226 3788 3289 στενωποὺς
3835 3226 3898 3281 ἐκ

2240 3317 2349 3369 τῶν
2388 3312 2804 3389 ἐπικαθημένων
2858 3313 3052 3369 ὡσανεὶ
3093 3314 3283 3391 ἀγρίου
3328 3315 3477 3377 τινὸς
3528 3312 3823 3387 δαίμονος,
3854 3316 3891 3385 ἧ

2240 3403 2530 3459 ἀτιθάσσου
2578 3405 2767 3479 θηρὸς,
2817 3403 3226 3480 ἀπογευομένου
3272 3405 3489 3468 πάντως
3536 3403 3596 3459 ἐκ
3641 3410 3744 3474 τῆς
3792 3408 3893 3459 τοῦ

2239 3493 2535 3567 πενομένου
2581 3492 2766 3550 ὁδίτου
2818 3491 3261 3571 ὲπιφορτώσεως.
3313 3491 3445 3551 Οὐδ’
3495 3491 3558 3547 αὖ
3615 3490 3723 3548 δέει
3778 3497 3888 3549 τῶν

2236 3582 2500 3640 τὸιούτων
2532 3584 2779 3661 αἰσχρῶν
2829 3581 3140 3657 λημμάτων
3174 3581 3316 3638 οἴκοι
3368 3582 3619 3656 μένουσιν
3649 3584 3704 3637 οἱ
3742 3584 3890 3638 arro-

2239 3674 2515 3749 ρούμενοι,
2560 3674 2698 3746 μήτε
2744 3672 2811 3727 τὰ
2855 3672 2907 3727 ἐν
2954 3668 3123 3740 ἄστει,
3178 3674 3317 3746 μήτε
3359 3673 3487 3734 τοὺς
3534 3674 3888 3746 παραθαλασ-

2238 3763 2389 3825 σίους
2445 3764 2647 3823 τόπους
2704 3756 3216 3834 καταλαμϐάνοντες
3249 3779 3264 3795 ·
3323 3765 3607 3835 πανταχοῦ
3665 3762 3765 3834 γὰρ
3831 3762 3885 3815 oi.

2233 3859 2334 3922 τῆς
2364 3849 2578 3915 ἀδικίας
2624 3850 2883 3906 σκόπελοι
2935 3853 3353 3925 προεστήκασιν.
3386 3849 3576 3906 Οὐκέτι
3626 3851 3684 3903 οἱ
3727 3849 3883 3904 πλωο

2232 3944 2394 4016 τῆρες
2443 3941 2548 3996 ἀπὸ
2597 3940 2875 3995 ἀνατολῶν
2932 3941 3024 3995 καὶ
3075 3939 3296 4012 δυσμῶν
3343 3938 3433 3994 καὶ
3495 3937 3668 4014 βοῤῥᾶ
3726 3938 3881 4012 ἐξορα

2238 4031 2484 4105 μώμενοι
2527 4031 2617 4085 καὶ
2663 4029 3059 4092 καταπλέοντες
3112 4030 3527 4105 ὐποπνίγονται,
3577 4028 3653 4089 ὡς
3704 4028 3769 4082 ἂν
3822 4027 3881 4081 ἐκ

2233 4118 2440 4193 λαιμοῦ
2484 4125 2599 4183 τοῖς
2646 4125 2850 4181 στενοῖς
2898 4120 3148 4193 στομίοις
3179 4120 3241 4174 τὸ
3287 4117 3695 4190 τελωνούμενον
3739 4118 3879 4171 ἀπο-

2233 4207 2516 4271 δώσοντες.
2576 4210 2901 4288 Ἀφείθησαν
2964 4210 3014 4263 οἱ
3072 4210 3170 4278 τήν
3240 4209 3564 4283 ἀγρευτικὴν
3644 4204 3878 4280 μέθοδον

2234 4300 2652 4374 μετερχόμενοι,
2706 4298 2926 4371 κούφως
2978 4299 3184 4368 ταύτην
3239 4292 3726 4369 διαλαμϐάνοντες.
3791 4296 3879 4351 Ei-

2229 4389 2369 4465 ρήνη
2403 4389 2685 4463 ἱερόψυχε,
2717 4388 2781 4444 Ὀ
2824 4386 3011 4450 ἁλιεὺς
3060 4388 3231 4466 τυχὸν
3278 4391 3423 4462 τρεῖς
3478 4386 3674 4460 ἰχθυάς
3723 4383 3884 4440 ἀνελο

2226 4480 2414 4552 κύσας,
2445 4481 2536 4536 καὶ
2564 4486 2727 4536 τοῦτο
2775 4479 2990 4541 πάντως
3023 4481 3207 4536 πολλᾶ
3253 4479 3598 4540 κεκοπιακὼς
3631 4477 3702 4533 δι’
3734 4478 3877 4548 ὅλης

466 4585 569 4640 per
599 4569 825 4625 ﬂebunt
857 4568 1241 4624 miserabilem
1269 4574 1324 4624 et
1353 4569 1735 4624 inhumanam
1761 4587 1863 4643 pro
1888 4575 2119 4626 mortuo

2240 4572 2461 4645 ἡμέρας,
2507 4572 2599 4625 τὸν
2659 4568 2753 4625 ἕνα
2811 4571 2913 4625 οὐκ
2953 4569 3325 4625 ἀποτίννυσιν.
3376 4571 3437 4626 Ὁ
3484 4568 3716 4639 τοξότης
3764 4570 3802 4638 ἦ
3849 4569 3877 4620 6

465 4660 841 4715 exactionem.
865 4657 1074 4714 Missos
1099 4657 1240 4713 facio
1260 4657 1554 4725 subulcos,
1581 4658 1775 4714 ovium
1797 4658 2116 4731 institores,

464 4749 587 4804 vini
644 4754 957 4819 emptores.
1015 4747 1180 4803 Mitto
1252 4747 1457 4815 lanios,
1518 4752 1793 4818 textores,
1846 4750 2117 4806 ferrarios

466 4842 717 4906 sutores,
752 4836 1023 4904 fullones,
1056 4837 1457 4905 aromatarios,
1489 4841 1545 4893 et
1590 4839 1974 4895 architectos:
2025 4844 2115 4894 at-

465 4942 575 4999 que
605 4935 667 4981 ut
699 4926 897 4998 paucis
944 4926 1317 4990 complectar.
1352 4931 1534 4981 artem
1587 4943 1841 4994 omnem,
1878 4943 2002 4999 quae
2050 4927 2111 4981 in

464 5033 627 5084 auro,
662 5015 748 5072 vel
773 5015 833 5071 in
867 5014 1049 5087 ligno,
1077 5015 1163 5070 vel
1197 5016 1254 5069 in
1288 5015 1403 5070 alia
1434 5017 1666 5070 demum
1713 5017 1955 5072 materia
1983 5032 2111 5071 cer-

465 5106 645 5175 nitur,
679 5122 750 5161 ne
781 5104 1009 5177 longior
1040 5104 1174 5172 sim,
1209 5104 1268 5159 in
1310 5103 1419 5159 hoc
1464 5103 1765 5161 minutiori
1813 5121 2111 5161 enumera-

464 5196 642 5261 tione,
664 5195 887 5267 optima
907 5193 1169 5261 domina,
1196 5193 1541 5266 plauserunt
1561 5211 1765 5251 omnes
1790 5195 1911 5251 suis
1931 5196 2111 5251 mani-

462 5285 594 5353 bus,
627 5290 684 5340 et
713 5283 897 5356 gavisi
930 5287 1070 5339 sunt
1098 5282 1310 5352 gaudio
1342 5299 1552 5355 magno
1584 5284 1752 5340 valde
1799 5284 2059 5341 dicentes
2093 5302 2106 5339 :

463 5371 810 5429 Benedicam
842 5376 920 5439 te,
956 5370 1223 5440 Domine,
1255 5371 1532 5442 quoniam
1565 5372 1844 5427 misertus
1876 5387 1938 5428 es
1972 5373 2106 5442 mei,

460 5470 517 5519 et
545 5462 730 5518 factus
761 5478 824 5517 es
856 5462 1001 5518 mihi
1031 5460 1091 5517 in
1132 5461 1403 5517 salutem.

2228 4658 2443 4730 ἷξευτὴς
2494 4658 2693 4732 οὕσπερ
2743 4659 3027 4734 ἐθήρευσεν
3088 4659 3312 4735 ὀλίγους
3369 4659 3513 4714 τάχα
3569 4657 3773 4733 ὄρνεις,
3827 4655 3875 4727 ἐξ

2225 4748 2300 4803 ὧν
2346 4748 2493 4820 αὐτῷ
2551 4751 2586 4817 ἡ
2633 4748 2899 4822 ἀναγκαία
2955 4748 3155 4827 τροφὴ,
3216 4747 3619 4823 αλογοθέτητος
3678 4743 3876 4818 δίαμέο

2224 4860 2329 4892 νων
2377 4837 2721 4907 εὐζωήσειεν.
2772 4838 2836 4891 Αἱ
2878 4834 3261 4912 στρατιώτιδες
3307 4837 3372 4891 τὸ
3419 4834 3621 4891 οἰκεῖον
3673 4834 3874 4895 πένθος

2222 4922 2449 5002 ἔχουσαι
2492 4932 2594 4995 τῆς
2639 4924 2895 5001 ἀνδρικῆς
2942 4921 3256 4996 ἀποϐολῆς,
3289 4926 3389 4981 οὐκ
3438 4924 3871 5000 ἐπιθρηνήσουσι

2221 5019 2432 5092 πικρῶς
2477 5017 2577 5084 τὴν
2630 5015 2761 5091 ὑπὲρ
2808 5013 2905 5070 τοῦ
2957 5016 3201 5078 θανέντος
3252 5015 3492 5083 ἐλεεινὴν
3541 5014 3634 5068 καὶ
3691 5014 3873 5068 ἀπάν-

2221 5106 2438 5180 θρωπον
2476 5103 2842 5176 ἐξαπαίτησιν.
2878 5106 2976 5160 Καὶ
3024 5107 3251 5181 πάρειμι
3280 5105 3409 5168 τοὺς
3456 5098 3710 5174 συδότας,
3743 5102 3875 5165 τοὺς

2219 5188 2732 5270 προϐατεμπόρους,
2782 5193 2910 5257 τοὺς
2962 5193 3307 5270 οἶνοπρᾶτας.
3359 5194 3468 5250 Ἐῶ
3514 5192 3691 5266 λέγειν
3740 5192 3869 5253 τοὺς

2218 5284 2579 5360 κρεωπώλας,
2617 5283 2743 5346 τοὺς
2792 5285 3231 5363 ἱστουργοῦντας,
3282 5284 3408 5345 τοὺς
3450 5280 3868 5357 χαλκοτύπους,

2216 5371 2343 5437 τοὺς
2394 5372 2786 5447 σκυτοτόμους,
2834 5376 2961 5437 τοὺς
3033 5371 3411 5439 δευσοποιοὺς,
3460 5372 3869 5447 ἄρωματοπρτὶο

2218 5484 2314 5527 τας
2340 5485 2397 5518 τε
2422 5463 2513 5519 καὶ
2544 5464 2935 5540 ἀρχιτέκτονας
2968 5481 2982 5494 ’
3028 5464 3122 5520 καὶ
3151 5457 3474 5533 συλλήϐδην
3522 5460 3690 5514 εἰπεῖν
3726 5461 3864 5513 6'22-

462 5572 556 5608 σαν
612 5547 865 5625 μέθοδον,
916 5551 1017 5621 ὅση
1067 5550 1204 5604 κατά
1251 5548 1643 5625 χρυσουργίαν,
1705 5550 1804 5623 ὅση
1856 5553 1993 5607 κατά
2040 5552 2390 5630 ξυλουργίαν,
2444 5550 2545 5624 ὅση
2595 5552 2732 5608 κατά
2774 5558 2945 5608 πᾶσαν
3005 5553 3184 5624 ἄλλην
3241 5549 3381 5622 ὕλην
3437 5549 3814 5621 ἐπιθεωρεῖται
3851 5567 3862 5580 ·

464 5663 543 5705 ινα
601 5642 677 5715 μή
743 5642 944 5718 μακρὸν
1020 5638 1363 5714 ἀποτείνοιμι
1422 5637 1632 5717 λόγον⁹
1676 5638 1727 5696 ἐν
1798 5644 1868 5716 τῇ
1923 5643 2148 5717 τοιαύτῃ
2222 5641 2641 5717 κατακερμασίᾳ,
2701 5641 2747 5697 ὧ
2821 5641 3091 5720 πανάγαθε
3162 5640 3439 5712 δέσποινα,
3488 5636 3860 5712 ἐπεκρότησαν
