4090 6288
319 354 439 415 933

1601 353 2155 416 EPISTOLABUM
2205 356 2347 415 LIB.
2395 356 2441 417 Ι.

3613 361 3729 423 934

317 523 441 578 ταῖς
491 518 678 595 χερσὶν
749 519 924 572 αὐτῶν
985 518 1236 586 ἅπαντες,
1294 514 1383 570 καί
1458 514 1729 590 ἐχάρησαν
1790 518 1966 591 χαρὰν
2027 516 2269 593 μεγάλην
2347 513 2576 595 σφόδρα,
2643 515 2818 572 ἐκεῖνα
2896 518 3220 594 εἰρηκότες·
3286 518 3590 596 Εὐλογήσω
3649 543 3726 592 σε,

324 608 509 682 Κύριε,
542 606 622 662 ὅτι
657 605 901 676 ἡλέησάς
937 629 1021 681 με,
1049 606 1140 661 καὶ
1170 605 1351 682 ἐγένου
1380 626 1473 678 μοι
1509 604 1584 667 εἷς
1618 607 1916 680 σωτηρίαν.

397 696 491 750 Διὸ
545 698 823 759 πεποιθὼς
866 691 1061 769 ἔσομαι
1112 695 1199 750 ἐπὶ
1246 700 1315 770 τῇ
1365 692 1634 768 θεοσδότῳ
1675 717 1771 750 σου
1822 698 1968 770 βασι-

2154 704 2464 772 Propterea
2486 702 2755 759 fiduciam
2788 717 3022 758 sumam
3044 702 3106 758 in
3136 702 3248 758 hoc
3278 703 3561 761 divinitus
3592 706 3729 760 dato

320 783 466 857 λείᾳ.
516 791 689 841 Ταῦτα
734 787 906 842 πάντα
961 789 1074 860 (13)
1105 785 1358 846 αῗνέσεως
1387 783 1579 859 πλήρη
1610 785 1699 840 καὶ
1736 784 1968 859 έξυμνή-

319 896 482 945 σεως,
515 877 721 953 Εἰρήνη
773 876 909 956 ιρίλη
950 881 1218 953 Χριστοῦ,
1265 878 1328 932 τὸ
1379 875 1556 951 γλυκὺ
1603 876 1692 931 καὶ
1739 880 1970 953 πρᾶγμα

318 966 412 1020 καὶ
453 962 647 1039 ὄνομα.
678 971 854 1022 Ταῦτα
883 967 945 1021 οὐ
982 968 1146 1041 μόνον
1180 966 1231 1020 ἐν
1262 969 1331 1039 τῇ
1361 965 1673 1041 ἐπικρατείᾳ
1723 973 1826 1034 τῆς
1874 966 1968 1040 βα-

321 1054 534 1117 σιλείας
566 1077 685 1125 σου,
716 1055 862 1111 ἀλλὰ
890 1056 981 1110 καὶ
1023 1055 1192 1131 μέχρι
1241 1054 1521 1130 τερμάτων
1568 1061 1666 1123 τῆς
1718 1053 1971 1127 οἷ’κουμέ-

314 1164 420 1214 νης
462 1142 900 1215 διαδοθήσονται,
930 1145 1020 1199 καὶ
1070 1145 1391 1200 ἀκούσονται
1445 1146 1585 1216 ἡμᾶς
1634 1142 1966 1213 ἀλλοεθνεῖς,

315 1232 412 1287 καὶ
453 1234 840 1307 θαυμάσονται,
876 1235 965 1288 καὶ
1015 1235 1425 1305 πτοηθήσονται
1473 1232 1578 1287 ἀπο
1625 1239 1723 1301 τῆς
1774 1233 1969 1306 εὐπρα-

317 1321 437 1393 ξίας
478 1327 586 1378 τῶν
625 1328 805 1402 σοφῶν
843 1343 938 1377 σου
987 1320 1454 1396 ἐπιτηδευμάτων.
1498 1318 1781 1377 Αἱδοῦνται
1839 1322 1964 1397 γὰρ,

318 1409 742 1488 φησίν,ἀνδρῶν
772 1413 965 1487 ἀρετὴν
1011 1411 1100 1467 καὶ
1148 1412 1431 1486 πολέμιοι,
1466 1413 1493 1467 ὁ
1540 1416 1648 1468 τῶν
1695 1412 1967 1485 θεολόγων

316 1498 661 1576 διαπρύσιος.
694 1500 847 1557 Οὕτω
886 1502 1211 1579 φυλάττεταί
1265 1524 1361 1558 σου
1418 1501 1647 1578 ἆρῥαγὲς
1694 1501 1756 1556 τὸ
1811 1499 1967 1575 βασί-

315 1588 470 1645 λειον
497 1607 511 1622 ·
560 1592 737 1651 οὕτως
786 1588 917 1646 εἷ’κει
960 1592 1050 1647 καὶ
1090 1590 1332 1647 πείθεταί
1373 1612 1458 1646 σοι
1489 1590 1736 1664 ἀσμένως
1764 1590 1827 1645 τὸ
1861 1590 1963 1644 ὑπ·

313 1682 512 1749 ήκοον.
540 1680 716 1754 Ταύτῃ
775 1681 1083 1754 θεραπεύεις
1129 1679 1193 1735 τι)
1241 1686 1396 1736 Θεῖον
1423 1699 1437 1712 ⁸
1466 1680 1635 1755 ταύτῃ
1685 1678 1968 1757 ἐπευφραί-

313 1790 432 1831 νεις
460 1771 586 1831 τοὺς
616 1767 901 1832 ἐκλεκτοὺς
931 1774 1066 1825 Θεοῦ
1094 1769 1381 1845 ἀγγέλους,
1415 1768 1542 1825 ἀλλ’
1572 1767 1663 1824 οῦν
1705 1770 1794 1823 καὶ
1838 1766 1966 1830 τοὺς

315 1857 490 1920 ὁσίως
519 1860 609 1914 καὶ
659 1855 883 1922 δικαίως
924 1859 1409 1934 πολιτευομένους,
1440 1858 1647 1934 Εἰρήνη
1701 1859 1962 1932 θεώνυμε.

313 1946 410 2001 Ἐν
457 1945 676 2009 τούτοις
723 1949 759 2017 ἡ
814 1943 1057 2002 εὐσέϐειά
1107 1968 1202 2002 σου
1252 1945 1573 2021 διαλάμπει,
1606 1948 1692 2003 Ἐν
1747 1946 1966 2008 τούτοις

312 2042 424 2092 πᾶν
456 2038 633 2111 στόμα
678 2038 769 2093 καὶ
823 2043 967 2094 πᾶσα
1021 2037 1243 2113 γλῶσσα
1300 2040 1437 2113 πρὸς
1484 2038 1689 2094 αἴνεσίν
1744 2059 1841 2092 σου
1882 2037 1965 2108 ἐξ·
2000 2022 2046 2086 Β

317 2129 621 2205 ανοίγεται.
653 2129 801 2199 Αὕτη
834 2131 909 2192 ὡς
942 2129 1161 2200 άληθῶς
1209 2133 1244 2199 ἡ
1296 2128 1420 2198 δόξα
1467 2137 1569 2199 τῆς
1595 2127 1927 2199 Ἐκκλησίας
1949 2145 1963 2158 °

319 2217 462 2287 αὕτη
531 2220 567 2288 ἡ
624 2219 815 2297 σφαγὶς
874 2225 973 2287 τῆς
1031 2218 1479 2294 περιποιηθείσης
1539 2240 1622 2273 σοι
1696 2224 1966 2292 πατρικῆς

318 2310 411 2361 καὶ
463 2308 819 2363 θεοπνεύστου
871 2313 980 2363 τῶν
1030 2312 1372 2383 Χριστιανῶν
1422 2306 1760 2385 ὀρθοδοξίας,
1790 2303 1968 2363 ἔκδικε

320 2396 419 2451 τοῦ
469 2402 623 2465 Θεοῦ,
673 2397 762 2452 καὶ
823 2404 926 2466 τῆς
986 2396 1243 2468 ἀληθείας
1283 2397 1584 2472 ὑπέρμαχε.
1634 2395 1967 2466 Τηλικαῦται

326 2507 424 2540 σου
472 2489 524 2539 αἱ
570 2491 678 2541 τῶν
719 2486 923 2558 ἀρετῶν
956 2484 1248 2556 ἐπιδόσεις,
1291 2488 1365 2547 ὡς
1427 2484 1660 2561 μεγάλοι
1710 2486 1800 2540 καὶ
1854 2486 1968 2555 ἀξι-

328 2575 534 2630 έπαινοι
567 2577 619 2630 οἱ
655 2576 834 2649 μισθοί
869 2597 963 2631 σου
989 2595 1001 2608 ·
1036 2576 1110 2638 ὡς
1140 2576 1285 2631 πολύ
1337 2598 1433 2631 σου
1481 2576 1571 2631 καὶ
1624 2571 1968 2650 ὑπερϐάλλον

328 2665 388 2719 τὸ
416 2663 770 2740 ἀνταπόδομα
798 2665 943 2740 παρὰ
986 2670 1084 2720 τοῦ
1130 2671 1237 2720 τῶν
1292 2666 1437 2722 ὅλων
1485 2670 1640 2722 Θεοῦ.
1673 2667 1822 2740 Μέγα
1871 2665 1964 2738 μὲν

326 2753 425 2830 γὰρ
454 2756 545 2809 καί
573 2755 636 2810 τὸ
671 2752 766 2809 ’ἐνα
805 2756 1018 2825 σῶζειν.
1054 2758 1177 2818 Πῶς
1219 2756 1324 2832 γάρ
1375 2752 1473 2825 οὕς
1507 2755 1644 2824 ἐπεὶ,
1677 2752 1750 2817 ὥς
1803 2774 1965 2830 φησιν

326 2842 484 2912 ἡθεία
531 2845 740 2921 Γραφή,
791 2845 847 2899 Ὀ
894 2844 1097 2921 ἐξάγων
1143 2843 1290 2914 ἄξιον
1342 2843 1391 2916 ἐξ
1423 2844 1658 2914 ἀναξίου,
1696 2845 1770 2906 ὡς
1838 2844 1970 2898 στό-

326 2954 401 3005 μα
435 2954 543 3007 μου
572 2927 718 2989 ἔσται
746 2955 759 2968 °
790 2934 852 2988 τὸ
893 2931 951 2988 δὲ
976 2934 1240 2998 τοσαύτας
1266 2935 1446 3009 ψυχάς
1484 2935 1575 2989 καὶ
1623 2933 1686 2989 τὸ
1735 2939 1839 2989 πᾶν
1871 2936 1968 2988 τοῦ

323 3023 486 3091 λαοῦ,
515 3026 632 3086 πῶς
682 3022 743 3078 οὐ
792 3024 930 3096 μέγα
972 3024 1060 3079 ταὶ
1104 3019 1422 3096 σεϐάσμιον,
1462 3024 1553 3078 καὶ
1607 3029 1706 3093 τῆς
1767 3021 1966 3078 ἄνωθεν

322 3110 732 3190 μεγαλοδορεᾶς
765 3112 935 3174 ὅντως
965 3113 1181 3184 ἐπάξιον
1208 3140 1222 3183 ;
1254 3111 1330 3168 Σὺ
1363 3111 1453 3167 οῦν
1497 3114 1560 3167 τὸ
1615 3110 1750 3188 μέγα
1799 3109 1971 3175 ὄντως

316 3203 408 3257 καὶ
441 3217 819 3279 πραγματικόν
850 3202 1041 3277 ὅνομα,
1068 3203 1203 3277 μετὰ
1245 3207 1343 3258 τοῦ
1381 3204 1583 3266 παντὸς
1632 3201 1808 3258 καλοῦ
1852 3201 1973 3258 εἰσ,

316 3291 596 3364 ελήλυθας
653 3292 729 3355 εἷς
777 3294 845 3348 τὰ
904 3291 1191 3369 βασιλεια⁶
1226 3296 1313 3349 καὶ
1366 3292 1429 3348 σὺ
1482 3295 1549 3348 τὰ
1605 3291 1970 3370 ἐγκαταλείμ-

320 3403 469 3456 ματα
495 3389 596 3452 τῆς
629 3379 971 3452 δικαιοσύνης
992 3383 1202 3446 έάσειας
1235 3381 1635 3452 διαιωνίζοντα.

750 3472 830 3530 Η’.
865 3504 936 3517 -
960 3473 1181 3548 Συμεὼν
1213 3473 1525 3548 ἡγουμένῳ.

2077 791 2316 860 imperio
2349 796 2471 847 tuo.
2500 791 2626 846 Haec
2657 792 2854 847 omnia
2874 790 3060 847 laudis
3092 791 3264 863 plena
3286 796 3344 847 et
3364 793 3730 864 praedicatio-

2079 879 2192 946 nis,
2226 879 2390 935 Irene
2425 880 2652 937 Christo
2718 880 2914 949 chara,
2965 880 3155 937 dulcis
3185 887 3242 936 et
3270 896 3330 937 re
3361 886 3419 938 et
3471 882 3727 939 nomine.

2078 967 2208 1024 Haec
2237 986 2353 1026 non
2387 969 2575 1027 solum
2607 987 2724 1042 qua
2754 972 2914 1042 patet
2944 970 3176 1041 imperii
3200 971 3283 1026 tui
3319 975 3594 1042 potestas,
3628 975 3730 1029 sed

2078 1060 2148 1114 ad
2180 1061 2340 1131 ipsos
2373 1076 2562 1131 usque
2586 1060 2743 1116 orbis
2759 1064 2923 1115 terrae
2947 1060 3229 1116 terminos
3248 1061 3727 1118 celebrabuntur:

2077 1149 2436 1220 audientque
2468 1151 2540 1205 de
2569 1149 2738 1204 nobis
2770 1152 2981 1205 exterae
3013 1153 3238 1220 gentes,
3263 1154 3318 1205 et
3342 1150 3729 1218 mirabuntur,

2076 1239 2134 1292 et
2150 1236 2564 1308 obstupescent
2580 1236 3153 1309 sapientissimarum
3178 1237 3472 1294 actionum
3494 1243 3730 1295 tuarum

2078 1324 2430 1382 felicitatem.
2465 1326 2824 1382 Revereatur
2883 1325 3037 1381 enim
3096 1325 3399 1382 hominum
3456 1328 3727 1385 virtutem

2076 1415 2251 1471 etiam
2276 1414 2493 1485 hostes,
2518 1415 2598 1471 ait
2610 1413 3011 1486 theologorum
3031 1414 3389 1471 clarissimus
3403 1415 3467 1471 ³⁷.
3494 1419 3580 1473 Ita
3594 1433 3733 1473 con-

2076 1513 2339 1561 servatur
2366 1506 2786 1562 inconcussum
2820 1504 3137 1576 imperium
3170 1513 3357 1573 tuum,
3400 1505 3481 1562 ita
3510 1508 3728 1563 cedunt

2075 1594 2398 1651 etlibenter
2418 1594 2810 1651 obediunttibi
2835 1594 3077 1649 subditi.
3107 1594 3219 1649 Hac
3236 1601 3360 1651 arte
3382 1594 3567 1651 Deum
3587 1597 3730 1652 colis

2074 1684 2183 1739 hac
2214 1682 2424 1741 electos
2443 1683 2544 1740 Dei
2572 1682 2808 1754 angelos
2847 1682 3130 1752 laetificas,
3163 1684 3278 1739 imo
3324 1689 3384 1740 et
3437 1684 3568 1742 illos
3627 1686 3727 1756 qui

2073 1777 2270 1830 sancte
2301 1790 2366 1829 ac
2390 1774 2551 1845 juste
2569 1773 2748 1829 vitam
2768 1774 3008 1829 ducunt.
3030 1774 3194 1829 Irene
3215 1773 3478 1830 divinum
3495 1790 3728 1832 nomen.

2075 1865 2137 1919 In
2170 1863 2260 1919 his
2292 1863 2476 1935 pietas
2505 1867 2607 1918 tua
2638 1863 2829 1918 elucet
2860 1879 2874 1917 :
2908 1861 2970 1917 in
3015 1861 3109 1917 his
3140 1879 3207 1918 os
3235 1878 3410 1919 omne
3439 1868 3497 1918 et
3524 1863 3731 1936 lingua

2072 1955 2132 2008 in
2152 1953 2352 2010 laudes
2374 1958 2507 2010 tuas
2534 1952 2814 2025 aperitur.
2865 1953 2995 2007 Haec
3028 1968 3163 2008 vera
3199 1957 3291 2009 est
3318 1952 3505 2025 gloria
3533 1953 3730 2011 Eccle-

2075 2043 2173 2099 sia
2207 2060 2220 2099 :
2250 2042 2359 2099 hoc
2389 2042 2653 2115 sigillum
2686 2045 2918 2098 assertis
2945 2058 2978 2096 a
3019 2045 3075 2096 te
3106 2046 3384 2112 paternis,
3417 2048 3482 2098 ut
3521 2044 3731 2098 divini-

2077 2140 2171 2189 tus
2201 2132 2500 2204 inepiratae
2529 2131 2996 2187 Christianorum
3023 2131 3156 2186 fidei
3212 2133 3565 2200 orthodoxae,
3599 2133 3728 2187 vin-

2077 2223 2187 2276 dex
2217 2221 2340 2290 Dei,
2367 2227 2424 2276 et
2454 2222 2717 2277 veritatis
2756 2219 3189 2290 prapugnatrix.
3212 2220 3402 2276 Tanta
3430 2227 3586 2291 sunt,
3614 2223 3729 2276 vir-

2076 2314 2267 2365 tutum
2292 2318 2525 2365 tuarum
2544 2311 2921 2364 incrementa.
2947 2308 3127 2372 Quam
3146 2325 3361 2380 magna
3380 2314 3438 2365 et
3451 2311 3728 2381 praeclara

2080 2412 2301 2453 merces
2332 2396 2458 2454 tua!
2493 2403 2711 2469 quanta
2739 2400 2796 2452 et
2849 2412 3025 2467 quam
3070 2395 3357 2452 excellens
3415 2398 3726 2453 retributio

2077 2486 2148 2543 ab
2181 2488 2581 2543 universorum
2614 2487 2762 2542 Deo!
2802 2485 3274 2555 Magnum‘enim
3309 2503 3555 2557 prorsus
3615 2491 3724 2556 est,

2076 2576 2166 2635 vel
2198 2594 2383 2633 unum
2417 2593 2648 2634 servare
2676 2594 2688 2630 :
2715 2575 2923 2649 quidni
2952 2575 3108 2630 enim
3130 2576 3158 2630 *ἲ
3182 2593 3313 2632 cum
3342 2577 3500 2632 dicat
3526 2576 3727 2632 divina

2077 2667 2375 2739 Scriptura
2408 2684 2420 2721 :
2477 2669 2582 2732 Qui
2616 2666 2795 2721 educit
2841 2667 3067 2737 dignum
3096 2664 3160 2720 de
3199 2666 3445 2734 indigno,
3477 2669 3586 2722 erit
3622 2667 3728 2723 sic-

2078 2763 2138 2813 ut
2171 2774 2229 2814 os
2277 2756 2570 2827 meum”;
2628 2760 2714 2812 tot
2761 2755 2989 2811 animas
3048 2762 3102 2810 et
3154 2755 3434 2826 populum
3492 2771 3728 2811 omnem

2076 2860 2356 2911 servasse,
2387 2843 2679 2916 quomodo
2710 2857 2989 2914 magnum
3012 2856 3128 2896 non
3160 2847 3463 2897 censeatur
3494 2844 3552 2896 et
3601 2841 3730 2913 glo-

2078 2935 2320 3003 riosum,
2349 2944 2403 2992 et
2431 2934 2653 2991 caelesti
2710 2931 3116 2989 muniﬁcentia
3144 2931 3428 3002 dignum?
3457 2933 3542 2987 Tu
3591 2948 3725 3000 ergo

2077 3041 2358 3098 magnum
2397 3041 2594 3082 revera
2623 3028 2682 3079 et
2706 3024 2910 3079 efﬁcax
2941 3037 3174 3090 nomen,
3221 3021 3536 3092 imperium
3591 3037 3727 3076 cum

2079 3116 2237 3172 omni
2270 3116 2422 3171 bono
2466 3113 2685 3170 inivisli
2718 3130 2732 3168 :
2766 3117 2824 3169 tu
2850 3114 3091 3185 justitias
3151 3111 3428 3182 reliquias
3494 3125 3728 3182 semper

2076 3204 2269 3276 vigere
2290 3204 2479 3261 sinas.

2472 3466 2626 3523 VIII.
2665 3496 2728 3508 —
2758 3466 2996 3523 Simeoni
3023 3467 3331 3538 praeposito.

1445 3585 1519 3634 De
1542 3583 1809 3633 monacho
1841 3583 1933 3646 qui
1962 3578 2268 3631 cmnobium
2302 3573 2614 3639 reliquerat.

386 3677 554 3750 “Υπὲρ
585 3678 733 3751 ἡμᾶς
772 3678 839 3734 τὰ
865 3679 985 3734 καθ’
1016 3682 1163 3753 ἡμᾶς
1200 3675 1668 3755 ὑπολαμϐάνουσα
1704 3682 1739 3750 ἡ
1772 3698 1966 3755 πατρι-

316 3768 385 3837 κή
425 3787 528 3820 σου
559 3767 860 3842 άγιωσύνη,
894 3767 984 3824 διά
1011 3773 1117 3824 τῶν
1149 3768 1243 3824 δύο
1273 3771 1442 3840 αὐτῆς
1469 3768 1805 3846 ἰδιογράφων
1831 3772 1965 3842 [ωε.

320 3857 468 3928 Reg.
510 3857 869 3936 ἱερογράφων]
909 3856 1212 3914 ἐπιστολῶν
1242 3858 1521 3932 ὡμίλησεν
1553 3860 1688 3932 ἥμῖν
1735 3858 1802 3914 τά
1844 3856 1970 3930 ξενί-

321 3950 490 4014 ζοντα
519 3945 608 3999 xui
641 3945 1032 4018 ἐκπλήττοντα.
1066 3947 1245 4003 Ἀλλὰ
1274 3950 1397 4023 περὶ
1432 3949 1528 4022 μὲν
1557 3953 1665 4004 τῶν
1708 3967 1971 4022 γράμμα·-

320 4035 574 4113 τοφόρων
587 4033 871 4106 εὐδόκησεν
898 4038 925 4091 ὁ
948 4037 1101 4103 Θεὸς,
1118 4035 1501 4099 ὑποκλιθέντος
1520 4042 1617 4092 τοῦ
1638 4039 1967 4112 ἡγουμένου,

322 4122 705 4202 ἀναληφθῆναι
729 4125 924 4189 αὐτοὺς
963 4125 1017 4181 ἐν
1049 4130 1128 4198 τῷ
1159 4126 1344 4198 οἰκείῳ
1375 4128 1551 4181 αὐτῶν
1589 4124 1964 4200 μοναστηρίῳ·

322 4212 513 4275 καλῶς
539 4217 700 4270 τοῦτο
731 4216 1009 4290 πραξάσης
1037 4222 1135 4286 τῆς
1169 4211 1470 4279 θεοσεϐείας
1493 4237 1609 4274 σου.
1642 4216 1718 4279 εἰς
1756 4216 1819 4271 τὸ
1852 4216 1972 4270 ἀνθ-

323 4310 637 4380 υπενεγκεῖν
670 4306 863 4371 αὐτοὺς
898 4305 986 4362 διὰ
1014 4312 1111 4362 τσῦ
1143 4304 1456 4364 διδακτικοῦ
1488 4307 1658 4378 αὐτῆς
1700 4307 1867 4383 λόγου
1899 4306 1974 4371 εἷς

323 4395 391 4450 τὰ
444 4399 672 4470 πατρῷα
722 4397 812 4451 καὶ
869 4398 1208 4471 πνευματικά
1238 4397 1548 4474 σπλάγχνα.
1582 4397 1711 4472 Περὶ
1762 4394 1821 4452 δὲ
1876 4399 1973 4452 τοῦ

326 4482 860 4557 λειποτακτήσαντος
890 4484 1131 4563 ἀδελφοῦ
1161 4490 1345 4561 ἡμῶν,
1378 4487 1469 4542 καὶ
1501 4488 1576 4548 ὡς
1608 4488 1668 4542 ἐκ
1714 4484 1973 4560 παραδεί-

327 4593 424 4629 σου
454 4579 555 4643 τῆς
585 4571 937 4647 κοινοϐιακῆς
988 4582 1132 4647 ζωῆς
1183 4576 1708 4653 ἐξοστρακισθέντος,
1736 4575 1839 4632 οὐκ
1869 4573 1974 4630 οἶδ’

327 4660 356 4715 ὅ
406 4684 463 4717 τι
519 4660 777 4739 εἵπωμεν.
813 4666 911 4720 Καὶ
971 4667 1136 4739 ἡμεῖς
1193 4666 1492 4739 ἑωρακότες
1549 4667 1645 4720 τὸν
1696 4663 1866 4739 ἄνδρα
1910 4666 1975 4719 τὸ

327 4751 590 4828 πρότερον
638 4755 714 4817 ὡς
781 4754 1005 4826 άληθῶς
1071 4754 1321 4829 ἄμπελον
1379 4756 1751 4833 θεοφύτευτον,
1800 4760 1971 4809 πᾶσαν

329 4842 620 4915 ἀληθινήν,
651 4848 821 4899 πᾶσαν
853 4847 1225 4924 καρποφόρον.
1259 4847 1355 4903 Καὶ
1399 4850 1515 4910 πῶς
1547 4846 1630 4901 ὅτι
1682 4842 1801 4919 ἄρτι
1851 4843 1974 4899 ὲλυ-

335 4935 544 5003 μήνατο
574 4931 741 5003 αῦτήν
764 4933 825 4996 ὗς
868 4932 927 4989 ἐκ
978 4932 1207 5011 δρυμοῦ,
1240 4934 1329 4991 καὶ
1369 4935 1559 5008 μονιὸς
1609 4932 1803 5011 ἄγριος
1852 4955 1976 4989 κατ-

331 5023 627 5096 ενεμήσατο
657 5022 825 5094 αὑτήν
851 5042 862 5055 ·
899 5024 1221 5102 στραφιίσης
1276 5025 1469 5095 αὐτῆς,
1510 5025 1585 5087 ὡς
1644 5025 1840 5093 εἲπεῖν,
1899 5023 1976 5085 εἷς

403 5153 450 5190 ³⁷
478 5155 714 5227 Gregor.
747 5154 1015 5213 Nazianz.
1051 5159 1196 5222 orat,
1227 5156 1318 5224 22,
1352 5157 1461 5212 sub
1493 5156 1595 5211 fin.

1672 5154 1723 5190 ³⁸
1747 5158 1961 5211 Jerem.
1994 5169 2085 5224 xv,
2121 5151 2206 5207 16.

2138 3678 2216 3733 Su
2225 3692 2324 3747 pra
2335 3678 2569 3746 captum
2583 3678 2841 3729 nostrum
2859 3688 2950 3728 res
2963 3675 3194 3728 nostras
3207 3670 3533 3741 suscipiens
3547 3676 3735 3742 pater-

2078 3784 2153 3824 na
2174 3764 2456 3822 sanctitas
2470 3767 2669 3832 tua,ea
2681 3762 2851 3818 nobis
2864 3763 3092 3817 duabus
3106 3777 3281 3819 manu
3298 3760 3733 3832 prOpriaextara

2075 3857 2153 3914 tis
2165 3855 2426 3927 epistolis
2440 3853 2567 3909 suis
2580 3853 3004 3923 exposuit,qum
3019 3850 3458 3906 admirationem
3471 3853 3527 3903 et
3540 3853 3735 3919 stupo-

2080 3945 2561 4016 reminjccerunt.
2578 3942 2689 3999 Sed
2704 3942 2775 3997 de
2792 3939 3108 3996 tabellariis
3123 3938 3504 4010 quidem,Deo
3518 3937 3737 4009 placuit

2079 4040 2144 4092 ut
2166 4033 2690 4105 inﬂex0przeposito
2707 4031 2768 4087 in
2786 4030 3209 4086 monasterium
3225 4044 3399 4083 suum
3416 4027 3737 4098 reciperen-

2080 4135 2174 4182 lur
2207 4142 2221 4181 :
2255 4128 2410 4181 recte
2430 4122 2542 4179 hoc
2571 4125 2780 4192 agente
2812 4120 3024 4191 pietate
3054 4122 3177 4184 tua,
3211 4123 3277 4172 ut
3305 4132 3404 4173 eos
3429 4116 3733 4171 verborum

2080 4231 2318 4271 suorum
2348 4211 2652 4269 admonitu
2682 4208 2941 4280 paternis
2974 4206 3383 4280 spiritualibus
3414 4204 3735 4261 visceribus

2082 4304 2365 4360 stitueret.
2404 4302 2479 4356 De
2508 4300 2685 4355 fratre
2705 4301 2901 4353 autem
2934 4303 3154 4362 nostro,
3187 4293 3288 4365 qui
3329 4295 3597 4350 ordinem
3628 4292 3737 4347 de-

2083 4392 2287 4461 seruit,
2321 4398 2374 4446 et
2419 4394 2706 4460 tanquam
2740 4404 2809 4443 ex
2866 4385 3137 4458 paradiso
3186 4382 3545 4439 cmnobiticss
3603 4382 3735 4437 vitae

2082 4485 2303 4554 ejectus
2331 4484 2441 4548 est,
2475 4479 2617 4552 quid
2667 4478 2857 4533 dicam
2880 4475 3099 4531 nescio.
3127 4473 3400 4529 Vidimus
3430 4477 3488 4527 et
3516 4487 3624 4528 nos
3654 4470 3736 4525 vi-

2085 4590 2216 4629 rum
2245 4574 2436 4637 antea,
2478 4583 2677 4624 revera
2724 4565 3103 4637 plantatama
3159 4567 3274 4618 Deo
3307 4561 3505 4628 vitem,
3550 4563 3734 4615 totam

2082 4677 2298 4726 veram,
2331 4663 2513 4715 totam
2542 4657 2901 4726 frugiferam.
2935 4653 3231 4719 Quomodo
3263 4667 3419 4706 nunc
3450 4650 3737 4705 Extermi—

2082 4752 2233 4806 navit
2258 4765 2381 4805 eam
2409 4762 2543 4819 aper
2567 4746 2630 4801 de
2660 4745 2820 4814 silva,
2851 4747 2901 4799 et
2930 4741 3240 4811 singularis
3274 4743 3425 4811 ferus
3471 4737 3730 4809 depastus

2082 4845 2159 4896 est
2186 4853 2315 4894 eam
2333 4837 2379 4872 ¹⁹
2407 4851 2421 4891 :
2451 4850 2730 4892 conversa
2749 4833 2896 4904 ipsa,
2931 4836 2997 4888 ut
3028 4833 3109 4887 ita
3128 4831 3336 4897 dicam,
3370 4829 3432 4883 in
3452 4826 3736 4882 amaritu-

2084 4933 2283 4988 dinem
2314 4926 2714 4986 mortiferam?
2743 4930 2950 4981 Annon
2983 4923 3158 4992 enim,
3185 4922 3324 4994 quia
3356 4921 3604 4977 traditus
3647 4924 3738 4975 est

2081 5020 2442 5078 immanibus
2474 5017 2610 5073 feris
2663 5015 3029 5088 passionum,
3061 5027 3317 5067 amorem
3359 5009 3550 5065 carnis
3583 5008 3735 5077 dico,

2287 5148 2334 5183 ²⁹
2363 5146 2518 5204 Psal.
2545 5162 2732 5214 LXXIX,
2766 5144 2855 5199 14.

1922 5258 2155 5316 ΝΟΤΛΕ.

408 5355 521 5429 (13)
545 5361 725 5434 Tauro:
761 5358 962 5434 «etwa.
987 5360 1371 5434 Theophanes
1410 5360 1494 5434 ‘ad
1527 5359 1832 5434 annum},
1867 5358 1978 5434 Ire-

339 5425 440 5484 nes
468 5425 725 5505 secundo
751 5448 772 5505 Δτ
802 5434 890 5505 Τῷ
920 5425 1245 5505 δξᾲΜαρτίῳ
1297 5430 1427 5505 μηνὶ
1476 5435 1576 5505 τῆς
1620 5430 1664 5484 θ’
1703 5425 1976 5505 ἱνδιιιτιῶ-

339 5517 449 5575 νος,
481 5499 689 5575 Εῗρήνη
834 5496 1059 5570 εὖσεϐὴς
1110 5496 1420 5575 Βυζαντζοίις
1471 5496 1617 5575 τοὺς-
1655 5499 1974 5575 πολιτικοὺς

343 5566 632 5657 ἐχαρίσατο
677 5566 899 5657 φόρους,
952 5566 1062 5657 καὶ,
1099 5566 1211 5657 τῆς⁷
1244 5569 1478 5628 Ἀϐύδου
1532 5571 1623 5657 et}?
1679 5573 1774 5657 τοῦ
1805 5576 1975 5657 Ἱερορ

342 5639 412 5693 TE
432 5639 705 5721 λεγέμειρέ
725 5639 996 5721 ᾗομέρκια
1016 5639 1319 5721 Δἐκούφισεν
1351 5661 1367 5679 ⁸
1416 5643 1672 5721 μεγάλως
1719 5642 1805 5721 έ-πι
1858 5639 1980 5721 τού-

344 5730 457 5777 τοις
504 5712 597 5771 est
651 5712 844 5780 ἄλλοις
872 5712 1136 5780 ’πολλοῖς
1184 5712 1635 5794 εὐχαριστηθεῖσα
1701 5716 1980 5793 εὐεργετή-

2088 5373 2240 5426 μασι.
2264 5352 2438 5408 Hense
2475 5364 2637 5426 porro
2667 5348 2861 5426 Martio
2898 5346 3224 5426 inﬂationis
3254 5358 3440 5426 ngam,
3465 5341 3734 5426 .piissima

2084 5418 2241 5483 bene
2273 5418 2558 5496 Byzantiis
2578 5421 2773 5496 civilia
2827 5418 3043 5496 remisit
3088 5418 3394 5488 vectigalia,
3428 5418 3479 5471 et
3506 5431 3569 5495 ea
3608 5426 3734 5484 qua?

2084 5497 2230 5571 apud
2285 5490 2541 5571 Abydum;
2576 5496 2626 5548 et
2677 5494 2903 5571 Ηὶθνιιῃι
2950 5490 3214 5571 dicamur
3250 5490 3585 5571 ‘comrlzercia
3665 5499 3734 5538 ex

2082 5559 2237 5643 parte
2266 5559 2558 5643 relaxavit
2583 5580 2603 5620 :
2632 5580 2731 5635 pro
2760 5562 3225 5643 quibus-aliisque
3246 5559 3521 5630 beneﬁciis
3562 5571 3731 5627 papu-

2088 5634 2174 5699 lus
2201 5641 2478 5697 maximas
2505 5635 2558 5693 ei
2585 5634 2768 5707 grates
2794 5634 3009 5692 retulit.
