4090 6288
462 360 578 421 935

1698 356 1764 413 S.
1808 352 2206 417 THEODORI
2254 356 2616 423 STUDlT/E

3739 370 3868 433 936

461 487 1259 563 dominandiquelibidinem,
1274 486 1468 541 videre
1484 493 1567 540 est
1584 484 1748 540 illum
1764 501 1918 540 nunc
1939 501 2080 541 men.

2217 488 2435 561 πικρίαν
2481 494 2771 563 θανατικήν
2800 515 2813 566 ;
2846 496 2934 565 Μὴ
2994 495 3096 571 γὰρ
3138 497 3221 552 ὅτι
3272 499 3336 553 υύ
3382 500 3709 576 παραδοθεὶς
3740 511 3867 567 τοῖς

459 582 537 637 tis
567 580 1053 652 contemplatione
1083 578 1154 631 ab
1212 575 1328 630 illis
1369 576 1688 645 depastum,
1720 578 1777 629 et
1821 580 2102 646 tanquam

457 671 693 728 leonum
725 688 823 728 ore
849 668 1186 726 dilaniatum
1206 665 1234 720 ‘I
1255 665 1457 720 Parem
1488 665 1664 734 enim,
1700 668 1760 719 ut
1786 664 1909 737 ipse
1929 668 2103 734 nosti,

456 782 522 823 ac
555 764 715 821 illius
753 760 856 833 qui
888 756 1222 816 inconsulto
1254 754 1498 811 discedit
1529 772 1563 811 a
1592 759 1775 826 patre,
1816 755 1888 811 ab
1917 771 2103 828 eoque

455 854 823 918 discinditur,
854 852 983 922 eius
1007 847 1234 920 lapsum
1281 862 1409 903 esse
1447 849 1645 901 censet
1674 844 1908 901 divinus
1940 846 2097 902 Basi-

455 946 592 1015 lius,
608 944 702 1016 qui
723 948 987 998 sanctam
1011 936 1423 1009 professionem
1440 934 1531 1005 abj
1542 933 1658 989 icit.
1676 935 1808 991 Ideo
1832 936 2096 993 eteadem

454 1030 1078 1094 excommunicationis
1108 1028 1583 1099 reliquarumque
1632 1043 1934 1097 pcenarum
1962 1042 2097 1083 sen-

452 1128 635 1183 tentia
665 1125 1013 1197 plectuntur.
1044 1119 1155 1174 Sed
1178 1118 1272 1172 hic
1305 1117 1542 1189 quidem
1558 1132 1663 1172 nos
1688 1120 1752 1171 ut
1766 1120 2094 1186 peccatores

453 1234 781 1291 precamur,
814 1217 881 1270 ut
911 1212 1219 1286 pristinam
1274 1208 1464 1265 lucem
1504 1208 1716 1264 iterum
1748 1223 1816 1263 ex
1845 1207 1954 1264 hoc
1984 1224 2094 1265 suo

446 1308 599 1364 vitiis
635 1306 901 1362 hebetato
949 1306 1006 1357 et
1063 1300 1369 1356 obscurato
1418 1296 1709 1353 intellectu
1779 1298 2090 1369 respiciat;

451 1399 808 1467 domumque
820 1394 1012 1449 denuo
1026 1391 1097 1447 ad
1116 1389 1347 1445 dulcem
1368 1389 1599 1444 Patrem
1613 1390 1670 1441 et
1684 1386 2090 1444 charissimam

450 1484 963 1559 congregationem
1012 1484 1350 1541 revertatur.
1400 1476 1623 1531 Fratres
1679 1479 1873 1531 autem
1932 1476 2090 1547 ipsos

447 1575 772 1642 hortamur,
796 1579 857 1627 ut
878 1568 1217 1627 coenobitico
1239 1564 1542 1622 certamini
1561 1564 1781 1621 fortiter
1799 1564 2090 1633 insistant,

451 1680 555 1722 nec
584 1667 820 1737 propter
848 1659 1013 1732 impii
1041 1658 1269 1728 lapsum
1301 1653 1699 1712 convellantur
1730 1670 1746 1710 :
1778 1655 1876 1710 sed
1900 1655 2092 1726 potius

448 1752 779 1812 sincerioris
810 1750 964 1818 fidei,
988 1744 1536 1815 indissolubilisque
1557 1743 1932 1801 connexionis
1955 1744 2092 1799 inde

448 1858 653 1900 ansam
683 1839 1001 1911 arripiant;
1027 1836 1203 1907 idque
1233 1834 1302 1889 ad
1334 1832 1639 1904 sanguinis
1672 1848 1858 1903 usque
1889 1833 2090 1903 profu-

447 1933 695 1998 sionem,
718 1926 1211 2002 quemadmodum
1233 1922 1349 1978 Deo
1371 1922 1736 1994 pleniPatres
1749 1922 2084 1993 praedicant,

448 2028 513 2078 ut
542 2038 645 2093 per
673 2018 997 2077 absolutam
1032 2014 1318 2086 religiosae
1338 2013 1465 2068 vitas
1501 2012 1914 2083 perfectionem
1939 2029 2089 2068 mar-

445 2112 580 2184 tyrii
611 2124 882 2166 coronam
914 2107 975 2160 in
1005 2105 1098 2159 die
1151 2103 1356 2174 judicii
1390 2102 1693 2173 recipiant,
1726 2100 1970 2158 chorum
2001 2102 2084 2158 in-

446 2203 653 2256 euntes
682 2214 811 2254 cum
827 2195 1120 2257 Dositheo,
1152 2197 1210 2248 et
1240 2191 1468 2261 Acacio,
1490 2198 1543 2246 et
1564 2190 1917 2261 Domitiano,
1949 2191 2085 2247 viris

445 2289 616 2361 plane
630 2284 1145 2355 sanctissimis,qui
1160 2299 1393 2338 summa
1406 2298 1538 2337 cum
1553 2282 1885 2338 odedientia
1908 2282 2085 2338 vitam

441 2384 777 2452 exegerunt.
810 2376 989 2433 Hodie
1018 2388 1292 2444 namque,
1326 2373 1478 2427 sicut
1526 2371 1806 2428 sanctitas
1863 2377 1965 2428 tua
2024 2373 2084 2427 in

444 2470 666 2541 reliquo
697 2467 951 2539 epistolae
979 2469 1141 2520 textu
1175 2463 1256 2519 ait
1279 2478 1439 2518 mera
1464 2461 1672 2533 ubique
1718 2462 1983 2518 confusio
2031 2468 2088 2518 et

443 2556 837 2614 inobedientia
868 2572 881 2609 :
918 2556 1058 2609 dum
1086 2551 1295 2622 singuli
1354 2553 1468 2606 fere
1520 2551 1797 2606 humanis
1844 2567 2087 2608 consue-

440 2646 746 2703 tudinibus
779 2645 1061 2711 nituntur,
1119 2641 1560 2712 vicinorumque
1603 2639 1905 2709 institutis,
1956 2657 2087 2713 qua»

445 2735 544 2791 Dei
575 2735 803 2807 legibus
827 2733 999 2804 plane
1030 2732 1410 2787 adversantur
1434 2746 1446 2784 :
1473 2728 1814 2800 maluntque
1834 2729 2008 2800 hujus
2030 2736 2087 2787 et

437 2823 592 2880 illius
606 2822 926 2896 praepositi,
944 2835 1124 2892 quam
1139 2818 1470 2874 divinorum
1486 2820 1722 2873 Patrum
1746 2824 2083 2875 nostrorum

433 2913 615 2969 vitam
641 2913 968 2969 observare.
997 2912 1120 2976 Quo
1150 2908 1238 2975 fit,
1269 2911 1335 2963 ut
1358 2912 1640 2977 pastores,
1672 2910 1731 2962 et
1759 2906 1820 2963 in
1852 2906 1947 2963 his
1979 2923 2085 2980 ego

433 3004 679 3075 primus,
712 3000 1092 3072 desipiamus,
1114 3007 1169 3054 et
1222 2997 1529 3053 Dominum
1562 3012 1677 3052 non
1732 3011 2082 3067 queremus,

434 3107 537 3149 nec
556 3087 1131 3163 irreprehensihilem
1161 3091 1220 3144 et
1247 3088 1619 3143 constantem
1641 3085 1772 3142 vita;
1795 3086 2083 3143 rationem

434 3181 851 3253 investigemus
876 3198 890 3249 ;
924 3179 1025 3236 sed
1050 3178 1219 3250 quasi
1234 3175 1676 3249 anliquatalege
1689 3177 1814 3243 Dei,
1837 3181 1893 3232 et
1910 3176 2086 3232 aboli-

2216 576 2522 643 ἀτιθάσσοις
2574 582 2733 655 θηρσὶ
2782 588 2889 638 τῶν
2937 589 3144 656 παθῶν,
3178 586 3535 663 φιλοσαρκίας
3584 614 3662 664 τε,
3685 595 3863 673 φημὶ,

2214 667 2301 720 καὶ
2332 666 2654 745 φιλαρχίας,
2685 665 2825 727 ἔστιν
2861 670 2990 727 ἰδεῖν
3021 674 3181 729 αὐτὸν
3210 674 3331 753 ἄρτι
3368 683 3435 753 τῇ
3466 685 3563 735 τοῦ
3592 665 3707 736 νοῦ,
3728 665 3867 737 θέω-

2212 754 2301 828 ρίᾳ
2334 758 2781 833 βιβρωσκόμενον
2836 762 2924 817 ὑπ’
2953 764 3156 836 αὐτῶν,
3206 767 3296 821 καὶ
3332 772 3865 847 κατασπαραττύμεο

2209 864 2298 899 νον
2356 848 2445 901 οἷα
2499 847 2605 904 ἀπὸ
2664 849 2935 923 στόματος
2988 853 3396 927 λεὸντωνςΤὴν
3437 855 3564 928 ῗσην
3617 860 3744 935 γὰρ,
3777 860 3861 922 ὡς

2210 934 2383 1003 οἶσθα,
2415 938 2587 1011 κρίνει
2638 938 2950 996 ἀπόπτωσιν
2998 943 3026 996 6
3071 944 3214 1007 θεῖος
3256 944 3560 1017 Βασίλειος,
3588 934 3670 1020 τῶ
3717 948 3863 1004 ἆλὸ-

2207 1045 2319 1099 γως
2376 1026 2750 1101 ἀναχωροῦντι
2825 1031 2915 1084 καὶ
2985 1031 3410 1107 ἀποσχιζομένῳ
3469 1038 3694 1111 πατρὸς,
3752 1043 3859 1093 τοῦ

2204 1114 2293 1167 καὶ
2340 1114 2469 1170 αὐτὸ
2510 1118 2573 1170 τὸ
2632 1120 2772 1173 θεῖον
2823 1119 3147 1196 ἐπάγγελμα
3202 1123 3698 1200 ἀπορῥιπτομένου.
3753 1127 3859 1182 Διά

2202 1206 2364 1258 τοῦτο
2411 1207 2504 1259 καὶ
2550 1213 2649 1275 τῆς
2699 1208 2868 1278 αὐτῆς
2909 1209 3009 1264 εἰσι
3040 1208 3334 1283 καταδίκης
3364 1211 3451 1268 ἐπὶ
3482 1220 3580 1284 τῆς
3610 1214 3855 1270 ἀκοινω-

2201 1291 2410 1363 νησίας,
2439 1296 2530 1349 καὶ
2576 1300 2682 1351 τῶν
2733 1294 2919 1353 ἄλλων
2966 1299 3276 1372 ἐπιτιμίων.
3306 1300 3485 1359 Ἀλλά
3521 1308 3712 1359 τοῦτον
3749 1308 3853 1377 μὲν

2203 1382 2477 1457 εὐχόμεθα
2525 1385 2599 1447 ὡς
2648 1386 2969 1461 ἁμαρτωλοὶ
3019 1389 3338 1460 ἁντωπῆσαι
3385 1390 3551 1447 πάλιν
3581 1394 3719 1468 πρὸς
3784 1397 3854 1449 τὸ

2200 1473 2463 1546 πρότερον
2505 1479 2644 1549 φῶς,
2675 1475 2734 1530 ἐκ
2782 1479 2881 1545 τῆς
2925 1473 3370 1549 ἀμϐλυωπαθοῦς
3424 1482 3512 1536 καὶ
3569 1482 3854 1560 ἐζοφωρὲ-

2198 1583 2294 1632 νης
2326 1562 2489 1619 αὐτοῦ
2519 1562 2762 1628 ἐννοίας·
2794 1567 2883 1620 καὶ
2932 1564 3123 1623 οἶκαδε
3179 1568 3331 1632 αὖθις
3384 1571 3647 1627 ἐπανιέναι
3704 1574 3851 1647 πρὸς

2197 1651 2290 1707 τὸν
2355 1652 2559 1727 γλυκὺν
2622 1655 2853 1730 Πατέρα,
2900 1656 2989 1711 καὶ
3057 1660 3156 1728 την
3242 1659 3508 1738 φιλτάτην
3568 1660 3846 1720 συνοδίαν.

2199 1742 2407 1806 Αὐτοὺς
2439 1741 2495 1799 δὲ
2534 1744 2660 1807 τοὺς
2706 1743 2977 1824 ἀδελφοὺς
3024 1748 3449 1824 παρακαλοῦμεν
3497 1759 3687 1821 στῆναι
3735 1775 3851 1829 γεν-

2197 1832 2362 1894 ναίως
2392 1835 2528 1907 πρὸς
2557 1836 2659 1903 τήν
2687 1830 3039 1905 κοινοϐιακήν
3073 1837 3302 1909 ἄθλησιν
3326 1860 3340 1874 ·
3372 1840 3463 1896 καὶ
3514 1843 3592 1915 μή
3642 1842 3846 1899 σαλευ-

2199 1924 2354 1992 θῆναι
2386 1922 2447 1978 ἐκ
2473 1931 2574 1993 τῆς
2603 1929 2700 1980 τοῦ
2748 1921 2974 1989 ἀσεϐοῦς
3019 1930 3418 1992 καταπτώσεως
3445 1946 3459 1961 ⁸
3515 1929 3730 2003 μᾶλλον
3785 1930 3847 1987 δὲ

2194 2011 2283 2064 καὶ
2333 2010 2549 2083 μᾶλλον
2589 2011 2825 2068 ἐντεῦθεν
2871 2012 3256 2088 ἐπιδράξασθαι
3307 2018 3687 2093 γνησιωτὲρας
3736 2021 3844 2075 πί-

2196 2120 2363 2162 στεως
2393 2102 2481 2155 καὶ
2535 2100 2903 2158 ἀδιασπαστου
2950 2106 3287 2175 συντεύξεως,
3328 2110 3586 2161 τοσοῦτον
3636 2107 3845 2183 μέχρις

2193 2187 2442 2261 α’ίματος,
2492 2191 2669 2253 καθὼς
2718 2193 2769 2245 οἰ
2818 2193 3072 2269 θεορὸροι
3125 2197 3354 2263 Πατέρες
3404 2195 3839 2273 διαγορεύουσιν,

2190 2275 2280 2331 ’ίνα
2325 2277 2632 2350 τελειότητι
2680 2284 2775 2335 τοῦ
2818 2281 3178 2337 ὑποτακτικοῦ
3227 2281 3401 2339 αὑτῶν
3435 2285 3574 2359 βίου,
3606 2287 3699 2342 τὸν
3736 2292 3840 2342 τοῦ

2199 2369 2497 2442 μαρτυρίου
2548 2368 3209 2446 στέφανονάναδήσωνται
3267 2370 3319 2427 ἐν
3375 2378 3445 2448 τῇ
3504 2373 3687 2449 ἡμὲρᾳ
3741 2383 3850 2445 τῆς

2613 2458 2932 2533 χορεύοντες
2993 2463 3127 2535 μετά
3184 2463 3462 2533 Δοσιθέου,
3528 2465 3617 2519 καὶ
3679 2465 3847 2521 Ἀκα-

2194 2545 2335 2615 κίου,
2367 2547 2455 2601 καὶ
2505 2554 2859 2620 Δομετιανοῦ,
2889 2553 2995 2603 τῶν
3038 2548 3178 2605 πάνυ
3220 2551 3514 2626 παναγίων,
3547 2557 3653 2607 τῶν
3703 2575 3846 2608 παν-

2194 2636 2452 2706 υπηκὸως
2496 2638 2594 2706 τήν
2618 2637 2900 2694 πολιτείαν
2936 2637 3369 2696 τετελειωκότων
3429 2644 3684 2716 Σήμερον
3713 2644 3847 2718 γὰρ,

2193 2725 2369 2787 καθὼς
2425 2727 2481 2780 αἱ
2539 2725 2731 2783 λοιπαὶ
2787 2728 2962 2806 φωναὶ
3008 2735 3109 2799 τῆς
3150 2730 3436 2800 ὁσιότητός
3467 2751 3588 2801 σου,
3620 2731 3851 2805 ἀκρισία

2192 2816 2336 2870 πᾶσα
2389 2816 2480 2871 καὶ
2527 2815 2887 2888 ἀνυποταξίαο
2941 2815 3393 2893 ἐπερειδομένων,
3451 2824 3561 2874 τῶν
3617 2819 3845 2876 πάντων

2196 2453 2551 2530 διαγνώσεως,

2193 2905 2389 2981 σχεδὸν
2445 2905 2615 2961 εἰπεῖν
2661 2913 2779 2970 ταῖς
2832 2910 3192 2983 ἀνθρωπίναις
3241 2908 3567 2979 συνηθείαις,
3600 2911 3693 2965 καὶ
3724 2915 3855 2974 ταῖς

2192 3000 2300 3050 τῶν
2383 2996 2825 3073 προσεχεστέρων
2892 2996 3366 3071 λδιακρατήσεσιν,
3462 2999 3511 3067 ἐξ
3595 2998 3851 3061 ἐναντιας

2192 3083 2448 3159 ἐχούσαις
2490 3089 2596 3139 τῶν
2647 3084 2883 3142 ἐντολῶν
2928 3092 3024 3143 τοῦ
3075 3091 3210 3142 Θεοῦ
3233 3103 3247 3119 ·
3280 3088 3368 3142 καὶ
3404 3087 3616 3159 μᾶλλον
3650 3088 3854 3162 αἱρου-

2196 3173 2370 3248 μένων
2401 3178 2499 3229 τοῦ
2550 3172 2723 3238 δεῖνος
2773 3174 2863 3231 καὶ
2916 3180 3012 3231 τοῦ
3064 3173 3238 3238 δεῖνος
3288 3176 3602 3250 ἡγουμένου
3660 3197 3853 3251 παρα-

434 3278 492 3329 to
506 3246 2087 3342 Evanvgelio,h‘ebescentibusquespiritu-alibussanctio-
2114 3246 2166 3312 Ο
2191 3246 2376 3337 τηρεῖν
2432 3265 2522 3319 τὸν
2578 3266 2724 3339 βίον,
2753 3264 2788 3334 ἢ
2850 3269 2958 3321 τῶν
3016 3265 3309 3321 θεσπεσίων
3341 3246 3594 3341 ἰῙατέρων
3653 3246 3846 3341 ἡμῶν,

432 3362 628 3431 nibus,
660 3365 854 3432 atque,
884 3363 951 3415 ut
978 3358 1163 3428 magis
1202 3356 1451 3427 impium
1483 3355 1623 3426 quid
1656 3356 1870 3425 dicam,
1916 3356 2087 3429 quasi

436 3456 656 3507 mutato
684 3448 1033 3506 immutabili
1064 3447 1200 3503 Deo.
1234 3446 1379 3502 Nam
1407 3449 1464 3503 et
1492 3446 1602 3503 hoc
1659 3445 1792 3503 illos
1840 3451 2083 3518 spectat,

432 3542 534 3612 qui
563 3556 794 3613 semper
823 3540 1097 3595 incusant
1125 3544 1178 3592 et
1209 3536 1359 3605 dies,
1390 3540 1449 3591 et
1478 3539 1695 3601 aetates,
1727 3537 1873 3606 quod
1915 3535 2086 3591 aliter

431 3631 727 3697 hae,aliter
757 3629 867 3685 illae
886 3643 948 3684 se
971 3627 1243 3683 habeant.

2194 3354 2381 3408 Ἔνθεν
2440 3355 2497 3407 οἱ
2553 3354 2826 3428 ποιμένες,
2858 3354 2909 3426 ἐξ
2950 3355 3023 3409 ὧν
3066 3353 3171 3431 ἐγὼ
3220 3360 3461 3430 πρῶτος,
3509 3356 3850 3433 ἠφρονεύσα-

2198 3464 2316 3516 μεν,
2349 3444 2437 3499 καὶ
2477 3446 2568 3500 τὸν
2620 3446 2815 3518 Κύριον
2855 3445 2954 3500 οὐκ
2996 3445 3353 3519 ἐκζητοῦμεν,
3404 3443 3532 3501 οὐδὲ
3576 3448 3639 3501 τὸ
3688 3448 3844 3521 ἀμώ-

2196 3555 2369 3607 μητον
2417 3536 2504 3589 καὶ
2556 3534 2619 3589 τὸ
2658 3533 2995 3610 ἀκράδαντον
3046 3542 3147 3605 τῆς
3194 3534 3474 3599 πολιτείας
3514 3536 3845 3612 ἰχνηλατοῦ-

2196 3644 2291 3697 μεν
2321 3643 2334 3656 ·
2386 3622 2513 3679 ἀλλ’
2563 3624 2637 3685 ὡς
2683 3623 3091 3686 παλαιωθέντος
3145 3629 3243 3687 τρῦ
3299 3625 3445 3680 θείου
3502 3625 3698 3699 νόμου,
3750 3628 3845 3681 καὶ

430 3717 775 3794 ἀργήσαντος
804 3720 899 3770 τοῦ
932 3712 1281 3789 Εὐαγγελίου,
1316 3713 1403 3767 καὶ
1435 3712 1814 3782 ἀτονησάντων
1848 3716 1959 3767 τῶν
1990 3717 2371 3786 πνευματικῶν
2404 3715 2639 3787 θεσμῶν,
2672 3715 2783 3785 καὶ,
2810 3713 2901 3769 ’ίνα
2931 3735 2981 3769 τι
3032 3713 3173 3770 εῗπω
3221 3714 3310 3769 καὶ
3358 3717 3842 3794 βλασφημότερον,

428 3807 503 3869 ὡς
537 3804 944 3868 ἂλλοιωθέντος
973 3808 1069 3860 τοῦ
1100 3800 1477 3857 ἀναλλοιώτου
1510 3807 1665 3859 Θεοῦ.
1695 3805 1861 3857 Τοῦτο
1902 3801 2004 3876 γάρ
2031 3801 2143 3856 ἐστι
2174 3802 2309 3877 πρὸς
2340 3802 2400 3857 τὸ
2434 3802 2611 3879 λέγειν
2644 3803 2732 3857 καὶ
2776 3805 3146 3859 καταιτιᾶσθαι
3177 3802 3303 3867 τοὺς
3349 3805 3580 3880 χρόνους
3618 3806 3707 3859 καὶ
3742 3808 3839 3869 τὶς

427 3898 640 3970 ἡμέρας
667 3897 761 3951 καὶ
789 3894 884 3959 τὰς
914 3893 1121 3971 γενεὰς,
1152 3890 1398 3954 ἀλλοίως
1441 3893 1534 3966 μὲν
1564 3890 1789 3959 ἐκείνας,
1829 3892 1918 3947 καὶ
1949 3890 2197 3955 ἀλλοίως
2227 3891 2443 3955 ταύτας.

493 3993 608 4061 Ego
629 4004 764 4044 vero
797 4004 912 4042 non
943 4004 977 4042 a
1003 3990 1265 4057 tempore
1290 3983 1583 4040 invectum
1617 3984 1726 4040 hoc
1757 3983 2072 4039 discrimen

420 4078 731 4135 contendo.
756 4076 870 4133 Nec
900 4075 1053 4131 enim
1087 4073 1260 4130 aliam
1319 4074 1564 4128 formam
1612 4072 1804 4129 induit
1836 4071 2072 4138 ccelum,

422 4182 527 4222 nec
561 4172 785 4222 motum
825 4165 1027 4233 alium,
1088 4179 1192 4219 nec
1252 4163 1427 4218 aliam
1486 4161 1675 4218 lucem
1726 4162 1840 4217 diei
1883 4161 2071 4233 opifex

418 4253 662 4327 lampas,
696 4270 801 4310 nec
823 4257 1029 4325 praeter
1060 4252 1298 4309 solitum
1338 4251 1605 4308 ordinem
1653 4252 1835 4306 fertur
1873 4255 1930 4306 et
1957 4251 2072 4306 cir-

417 4344 755 4415 cumagitur
774 4343 1353 4399 universum.Statuit
1381 4342 1533 4397 enim
1550 4340 1669 4409 illa,
1695 4344 1760 4396 ut
1784 4341 2067 4411 scriptum

2253 3982 2397 4057 Ἐγὼ
2429 3980 2485 4037 δὲ
2538 3982 3001 4059 ἀνταποκρίνομαι
3035 3983 3110 4045 ὡς
3140 3983 3203 4038 οὐ
3229 3982 3374 4059 παρά
3400 3984 3463 4038 τὸ
3491 3988 3589 4038 τοῦ
3630 3985 3836 4060 χρόνου

2183 4068 2437 4149 διάφορον
2523 4077 2684 4128 τοῦτο
2747 4073 2996 4148 ὑπήχθη.
3058 4070 3195 4128 Οὐδὲ
3276 4073 3380 4149 γὰρ
3463 4073 3833 4152 ἑτερόμορφος

2179 4163 2391 4236 γέγονεν
2448 4163 2476 4216 6
2534 4161 2785 4237 οὖρανὸς,
2837 4159 2962 4216 οὐδὲ
3020 4160 3419 4237 ἐτεροκίνητος,
3472 4160 3598 4216 οὐδέ
3647 4164 3833 4237 ἑτερο-

2182 4250 2407 4325 λαμπὴς
2437 4253 2464 4305 6
2501 4249 2833 4328 δημιοοργὸς
2863 4258 2963 4321 τῆς
2995 4252 3205 4326 ἡμέρας
3234 4254 3483 4328 φωστὴρ,
3518 4251 3645 4308 οὐδὲ
3685 4256 3832 4330 παρα

2178 4342 2277 4411 τήν
2337 4341 2466 4415 πρὶν
2515 4342 2663 4413 τάξιν
2717 4342 2933 4420 φέρεταί
2978 4363 3036 4397 τε
3083 4343 3174 4397 καὶ
3228 4340 3523 4419 διεξάγεται
3579 4344 3644 4399 τὸ
3702 4350 3826 4402 πᾶν.

417 4438 526 4500 est,
556 4436 613 4488 in
638 4438 907 4488 ztemum
933 4431 1067 4487 etin
1114 4432 1381 4488 arculum
1437 4432 1636 4488 saeculi
1654 4446 1675 4492 ;
1732 4439 2068 4502 praeceptum

2193 4435 2409 4500 Ἔστησε
2476 4432 2577 4505 γὰρ
2618 4432 2770 4500 αὐτὰ,
2803 4432 2938 4486 κατά
2992 4431 3059 4485 τὰ
3118 4431 3313 4507 Λὸγια,
3373 4430 3450 4493 εἰς
3506 4432 3599 4487 τὸν
3660 4433 3833 4488 αἰῶνα

414 4525 615 4592 posuit.
646 4525 829 4576 etnon
856 4520 1174 4592 praeteribit
1205 4518 1271 4573 ³ο.
1303 4520 1406 4575 Sed
1455 4525 1646 4575 ortum
1680 4519 1737 4574 id
1770 4524 1877 4587 est,
1927 4535 2067 4574 san-

2191 4520 2263 4573 ιαὶ
2315 4518 2390 4580 εἰς
2446 4520 2539 4574 τὸν
2587 4520 2759 4574 αἰῶνα
2814 4523 2911 4573 τοῦ
2968 4519 3165 4580 αἰῶνος
3199 4539 3211 4551 ·
3264 4522 3590 4595 πρόσταγμα
3650 4520 3828 4587 ἔθετο,

414 4612 695 4675 ctissime,
725 4627 792 4666 ex
826 4610 1143 4666 mutatione
1180 4609 1370 4664 liberae
1401 4609 1716 4665 voluntatis
1747 4610 1818 4664 ab
1869 4625 2065 4664 amore

411 4701 608 4757 divino
635 4699 946 4764 destitutis,
980 4699 1372 4770 all'ectumque
1395 4714 1564 4754 suum
1596 4698 1667 4752 ad
1700 4697 2065 4755 caducadeﬁ-

412 4791 620 4863 gentis,
653 4790 924 4861 gloriosa,
955 4788 1221 4859 exempla
1250 4789 1414 4859 sequi
1438 4787 1840 4854 detractantis,
1873 4802 2063 4858 neque

414 4880 787 4952 archetypam
812 4878 1003 4950 potius
1036 4879 1397 4949 patriamque
1442 4877 1697 4932 divinam
1746 4877 2059 4948 imaginem

413 4973 755 5045 exprimere,
788 4987 962 5041 quam
993 4970 1282 5025 deformes
1322 4974 1379 5023 et
1414 4969 1633 5023 alienas
1676 4985 1741 5023 ac
1763 4968 2062 5038 prodigio—

413 5079 530 5118 sas.
555 5062 942 5125 Quamobrem
974 5058 1154 5114 animi
1183 5058 1497 5112 simulacra
1528 5057 1807 5127 gerimus,
1849 5057 2058 5127 partim

413 5152 651 5223 quidem
668 5152 934 5206 humana;
958 5152 1179 5203 naturae
1198 5146 1420 5216 aliquid
1437 5146 1732 5212 habentia,
1748 5146 2060 5216 partimca.

410 5237 1011 5314 nis,partimleopardi
1026 5234 1500 5306 fortassc,partim
1520 5233 1694 5304 piscis
1709 5235 2058 5293 autalterius

410 5330 638 5404 reptilis
652 5328 980 5399 cujuspiam
1008 5343 1021 5382 :
1046 5326 1354 5381 sanctitate
1371 5334 1467 5380 tua
1485 5323 1800 5396 anagogice
1830 5325 1953 5381 haec
1971 5325 2057 5380 in-

409 5416 996 5492 telligente.Quiergo
1024 5414 1166 5471 talia
1196 5414 1421 5485 decepti
1446 5413 1736 5480 elfutiunt,
1758 5418 1858 5469 aut
1882 5419 2057 5471 Evan-

406 5510 560 5583 gelia
589 5507 779 5581 palam
810 5510 867 5563 et
895 5506 1054 5562 nuda
1085 5505 1271 5561 fronte
1291 5504 1672 5576 perfringanl,
1700 5509 1756 5561 et
1779 5504 2053 5577 martyris

478 5692 526 5731 ³⁸
555 5689 707 5749 Psal.
730 5706 956 5762 cxnvm,
986 5690 1041 5746 6.

2174 4607 2265 4662 καὶ
2324 4610 2384 4662 οῦ
2434 4608 2842 4683 παρελεύσεται.
2896 4606 3073 4665 Ἀλλά
3128 4612 3290 4664 τοῦτο
3350 4605 3720 4683 συμϐέϐηκεν,
3779 4612 3827 4665 ὦ

2173 4698 2459 4773 ἀγιώτατε,
2491 4700 2628 4753 κατά
2683 4698 2745 4752 τὸ
2803 4697 3212 4773 ἐνηλλαγμὲνον
3285 4700 3385 4766 τῆς
3474 4700 3825 4769 αὐτεξουσίου

2173 4785 2563 4862 προαιρέσεως,
2623 4786 3049 4862 ὀλιγωρησάσης
3107 4786 3167 4842 ἐκ
3223 4791 3320 4842 τοῦ
3393 4789 3539 4842 θείου
3592 4782 3825 4863 ἔρωτος,

2171 4877 2259 4930 καὶ
2300 4877 2421 4950 περί
2451 4877 2517 4931 τα
2546 4875 2795 4945 πρόσυλα
2823 4879 2922 4945 τήν
2975 4877 3173 4946 ἑαυτῆς
3221 4874 3397 4955 ἔφεσιν
3440 4874 3824 4943 ἐκδεδωκυίας,

2169 4965 2259 5019 καὶ
2292 4966 2355 5019 οὐ
2405 4965 2691 5037 θελούσης,
2724 4963 2853 5020 οὐδὲ
2900 4965 3231 5041 αἱρουμένης
3286 4970 3393 5021 τῶν
3441 4964 3680 5021 εὐκλεῶν
3731 4967 3823 5043 ἐφ-

2170 5056 2402 5128 άψασθαι
2447 5052 2927 5131 παραδειγμάτων,
2968 5053 3095 5110 οὐδὲ
3171 5054 3508 5129 μεταγράψαι
3558 5056 3665 5111 ἀπὸ
3724 5063 3822 5125 τῆς

2167 5144 2482 5219 ἀρχετύπου
2511 5145 2602 5200 καὶ
2635 5145 2865 5221 πατρίου
2893 5142 3193 5206 θεοεειδοῦς
3241 5145 3470 5213 εἰκόνος,
3502 5146 3561 5200 ἐκ
3610 5144 3665 5199 δὲ
3712 5151 3818 5201 τῶν

2168 5231 2494 5311 δυσμόρφων
2555 5235 2644 5289 καὶ
2716 5233 3035 5290 ἀλλοκότων
3097 5234 3189 5288 καὶ
3253 5234 3817 5310 τερατουργουμένων,

2165 5322 2262 5378 Διά
2291 5328 2454 5379 τοῦτο
2504 5325 2572 5379 τά
2618 5326 2830 5399 ψυχικά
2877 5321 3181 5397 ἰνδάλματα
3238 5322 3593 5399 ἐπιφέρομεν,
3613 5325 3677 5379 τὸ
3724 5324 3816 5397 μὲν

2162 5434 2215 5467 τι
2245 5411 2585 5490 ἀνθρωπείου
2622 5412 2785 5488 μέρος
2824 5407 3041 5487 ἔχοντα,
3069 5413 3132 5467 τὸ
3167 5409 3224 5467 δὲ
3275 5412 3455 5481 κυνὸς,
3486 5412 3550 5466 τὸ
3602 5409 3660 5468 δὲ
3706 5412 3819 5467 λεο-

2164 5500 2375 5578 πάρδου
2404 5504 2600 5577 τυχὸν,
2632 5502 2693 5557 τὸ
2726 5499 2782 5556 δὲ
2812 5500 3029 5576 ἰχθύος,
3130 5521 3278 5565 τινος
3310 5498 3487 5555 ἄλλου
3519 5504 3629 5556 τῶν
3660 5501 3815 5576 ἕρπε-
