4090 6288
337 371 452 432 937

1616 351 2165 418 EPISTOLARUM
2212 352 2355 413 LIB.
2402 355 2451 414 Ι.

3614 358 3732 419 938

333 507 449 560 τῶν
482 521 494 533 ·
531 497 892 576 ἀναγωγικῶς
923 498 1091 551 ταῦτα
1120 486 1511 566 λαμϐανούσης
1542 496 1641 559 τῆς
1691 489 1974 560 ὑσιότητός

2112 492 2148 544 :t
2168 487 2618 559 justiﬁcationes
2651 489 2909 559 Domini,
2939 493 2997 546 et
3024 492 3220 548 omnia
3248 508 3280 547 a
3310 491 3530 548 sanctis
3552 495 3735 548 trans-

337 613 453 648 σου.
489 592 556 648 O't
588 590 655 645 τὰ
683 592 906 643 τοιαῦτα
947 586 1239 661 τοιγαροῦν
1289 579 1348 635 ἐκ
1402 582 1731 657 φενακισμοῦ
1783 580 1979 652 βαττα-

340 681 604 758 ρίζοντες,
638 679 674 748 ἢ
733 676 1045 752 ῥηξάτωσαν
1077 674 1259 749 γυμνῇ
1317 673 1385 743 τῇ
1416 666 1648 758 ,κε-σαλῇ
1696 668 1764 722 τὰ
1812 669 1983 743 Εὐαγ-

340 753 526 846 γέλια,
583 767 674 823 καὶ
749 768 816 820 τὰ
873 762 1164 839 μαρτύρια,
1222 758 1315 814 καὶ
1368 757 1436 812 τὰ
1490 753 1833 830 δικαιώματα
1887 760 1984 811 τοῦ

344 843 570 934 Κυρίου,
628 855 722 911 καὶ
777 859 949 910 πᾶσαν
1011 849 1198 907 δέλτον
1256 843 1767 924 ἁγιοπαράδοτον,ἢ
1824 848 1986 900 τοῦτο

348 933 764 1023 μήίποιοῦντις,
810 945 873 1000 τὸ
919 937 1191 1013 νηπιῶδες
1249 939 1507 1015 φρόνημα
1560 934 1650 990 καὶ
1693 933 1982 1011 ἀλόγιστον

341 1035 692 1110 ἀποθέμενοι,
717 1033 792 1096 ὡς
835 1027 1003 1092 ὅντως
1034 1029 1110 1092 εἷς
1166 1024 1333 1103 ἄνδρα
1382 1024 1677 1086 τελοῦντος
1712 1030 1811 1093 τῆς
1852 1023 1990 1093 ἠλι-

345 1126 467 1189 κίας
488 1128 585 1179 τοῦ
614 1119 996 1195 πληρώματος
1041 1120 1139 1173 τοῦ
1186 1117 1448 1190 Χριστοῦ,
1498 1111 1634 1167 κατά
1680 1112 1747 1166 τὰ
1792 1114 1989 1166 θεοποι-

346 1212 548 1288 ράδοτα
612 1211 782 1288 λόγια
833 1227 847 1241 ·
908 1207 999 1262 καὶ
1046 1202 1529 1279 περιπατείτωσαν,
1586 1199 1675 1255 καὶ
1721 1198 1848 1261 τοὺς
1896 1197 1991 1254 ἄλ-

347 1302 482 1367 λους
514 1297 978 1356 ἐκπαιδευέτωσαν
1014 1314 1028 1328 ·
1063 1294 1101 1366 ἢ
1139 1289 1270 1367 μηδ’
1294 1288 1475 1366 ἕτερον
1525 1294 1635 1344 τῶν
1684 1288 1990 1363 εἰρημένων

347 1398 649 1463 ποιοῦντες,
677 1390 766 1445 καὶ
799 1390 926 1464 γοῦν
969 1386 1033 1441 τὸ
1082 1385 1286 1439 ἑαυτῶν
1328 1379 1595 1452 ἆθέλητον
1645 1380 1735 1435 καὶ
1784 1377 1991 1435 ἄσωτον

344 1479 914 1558 κατηγορησάτωσαν.
967 1476 1127 1537 Ἴσως
1184 1471 1288 1548 γάρ
1343 1471 1528 1531 αὐτοῖς
1584 1465 1733 1525 ἔσται
1800 1469 1993 1558 ,καιρὸς

346 1556 690 1647 ἀνανηψεως.
714 1572 823 1625 Φεῦ
855 1564 912 1622 δέ
946 1564 1080 1640 μοιί
1113 1563 1293 1637 Πάτερ
1323 1560 1644 1636 τιμιώτατε,
1684 1558 1768 1613 ὅτι
1796 1556 1993 1633 ’ἔνοχος

350 1659 424 1717 ὢν
487 1644 700 1714 πάντων
747 1660 855 1711 τῶν
905 1652 1232 1728 εἰρημένων,
1281 1648 1372 1705 καί
1432 1648 1611 1719 πάσης
1664 1644 1995 1724 διαστροφῆς

348 1751 439 1808 καὶ
499 1747 857 1817 ἂνευθῦτητος
911 1742 1206 1818 ὑπουργὸς,
1266 1739 1342 1801 ὡς
1404 1734 1745 1812 ἐπεμϐαίνειν
1800 1734 1996 1799 ἄλλοις

352 1837 606 1914 ἠρξάμην
649 1835 741 1890 καὶ
805 1832 1145 1907 νομοθετεῖν.
1202 1826 1593 1884 Κλαυσάτωσαν
1648 1825 1741 1880 καὶ
1789 1823 2001 1900 θρηνεί-

343 1950 528 1984 τωσαν
556 1928 640 1983 ἐπ’
671 1926 794 2000 ἐμοὶ
849 1922 940 1979 καὶ
1000 1922 1146 1977 οἱτοὶ
1184 1919 1237 1975 οἱ
1296 1917 1616 1989 ἀναίσθητοι
1664 1916 1838 1986 λίθοι,
1878 1936 1994 1971 κιν-

348 2017 629 2075 δυνεύοντι
675 2016 813 2073 κατά
873 2019 1048 2070 πᾶσαν
1116 2011 1284 2086 ὥραν,
1330 2009 1419 2065 καὶ
1471 2008 1726 2086 ῥήσσοντι
1763 2006 1826 2061 τὸ
1867 2006 1994 2061 ποί-

350 2132 510 2185 μνιον
567 2112 667 2165 τοῦ
734 2107 973 2183 Χριστυῦ
1044 2102 1271 2173 ἀναξίως
1350 2121 1445 2176 μοι
1527 2096 1994 2174 παραδεδομένον,

344 2201 589 2257 Τοσαῦτὰ
642 2219 735 2271 μοι
787 2196 1049 2274 προήχθη
1102 2190 1380 2248 κελεύοντί
1441 2210 1549 2262 σοι,
1597 2187 1672 2243 ὧν
1712 2186 1998 2259 θεοτίμητε

347 2290 829 2362 ἀνταποκριθῆναι.
873 2285 1047 2345 Αὐτὸς
1086 2280 1143 2338 δὲ
1181 2278 1563 2356 ἐρηρεισμένος
1596 2275 1670 2332 ὣν
1718 2280 1786 2351 τῇ
1837 2274 1999 2331 δυνά-

355 2401 444 2453 μει
484 2383 585 2434 τυῦ
634 2376 973 2450 Πνεὺματος,
1005 2373 1096 2427 καὶ
1140 2374 1208 2444 τῇ
1262 2369 1556 2444 περιλήψει
1586 2371 1692 2422 τῶν
1741 2363 1997 2439 νομίμων

353 2470 446 2524 καὶ
476 2468 720 2544 πατρίων
752 2463 1008 2535 ἐντολῶν,
1040 2461 1295 2532 ἀκίνητος
1340 2459 1525 2532 μένοις
1574 2456 1666 2511 καὶ
1704 2453 1998 2516 ἀσάλευτος

354 2559 448 2613 καὶ
502 2554 917 2626 ἀκαταπτὸητος
961 2551 1019 2606 ἐκ
1056 2554 1162 2607 τῶν
1210 2548 1356 2623 παρά
1401 2568 1565 2604 τινων
1637 2544 2001 2620 πολυτρόπως

2092 577 2275 634 missa
2301 578 2634 635 volumina:
2669 583 2771 635 aut
2809 580 2857 635 si
2889 580 2998 635 hoc
3038 583 3223 638 facere
3266 582 3549 647 abnuant,
3582 598 3730 653 pue-

2090 666 2257 723 rilem
2290 683 2529 724 sensum
2559 672 2616 724 et
2644 686 2678 725 a
2706 668 2926 726 ratione
2966 669 3223 727 alienum
3259 672 3639 745 deponentes,
3670 675 3736 726 ut

2093 757 2193 828 qui
2236 758 2427 829 reipsa
2456 757 2517 813 in
2568 758 2758 814 virum
2807 761 3090 815 evaserint
3130 760 3320 818 aetatis
3349 761 3732 834 plenitudinis

2092 846 2309 903 Christi
2337 846 2406 902 “.
2464 847 2791 904 secundum
2821 847 3018 905 divina
3047 849 3303 921 oracula,
3346 854 3404 907 et
3436 849 3738 910 ambulent

2092 936 2230 1009 ipsi,
2278 940 2336 994 et
2365 936 2509 993 alios
2566 936 2869 993 erudiant:
2905 942 3005 994 aut
3035 938 3085 995 si
3117 936 3389 996 neutrum
3422 941 3608 997 facere
3634 957 3737 997 vo-

2092 1026 2245 1096 lunt,
2277 1043 2441 1084 suam
2493 1027 2754 1099 ipsorum
2786 1029 3114 1085 socordiam
3146 1036 3204 1086 et
3232 1030 3739 1103 intemperantiam

2097 1121 2390 1173 accusent.
2418 1117 2680 1173 Forsitan
2697 1122 2931 1190 tempus
2948 1119 3056 1175 erit
3077 1136 3188 1191 quo
3213 1120 3580 1193 resipiscant.
3605 1121 3738 1187 Sed,

2096 1205 2210 1262 heu
2240 1204 2415 1262 mihi!
2438 1206 2605 1262 Pater
2632 1206 3064 1278 colendissime,
3097 1209 3199 1280 qui
3232 1208 3444 1266 horum
3476 1211 3756 1266 omnium

2098 1312 2229 1353 reus
2252 1312 2377 1368 quas
2408 1296 2547 1365 dixi,
2579 1298 2885 1368 omnisque
2907 1297 3028 1353 vitii
3059 1303 3116 1354 et
3155 1300 3457 1372 pravitatis
3489 1299 3740 1372 adjutor,

2098 1385 2385 1442 insultare
2406 1385 2543 1443 aliis
2574 1386 2741 1459 ccepi,
2774 1386 3044 1459 legesque
3096 1389 3411 1462 praefigere.
3453 1388 3740 1461 Plangant

2102 1489 2194 1529 me
2224 1473 2572 1547 lugeantque
2593 1474 2818 1547 lapides
2845 1475 2955 1547 ipsi
2973 1493 3185 1534 sensus
3215 1482 3498 1550 expertes,
3522 1478 3622 1550 qui
3643 1493 3746 1550 per

2101 1563 2365 1636 singulas
2388 1563 2561 1620 horas
2581 1581 2780 1622 versor
2800 1565 2861 1621 in
2885 1565 3244 1635 discrimine,
3269 1566 3599 1640 Christique
3617 1582 3744 1639 gre-

2103 1668 2235 1725 gem
2266 1653 2504 1726 indigno
2536 1653 2680 1710 mihi
2724 1655 3112 1711 commissum
3143 1656 3382 1728 dissipa.
3412 1658 3596 1729 Atque
3629 1655 3747 1713 haec

2104 1742 2410 1811 hactenus,
2434 1746 2492 1798 te
2511 1743 2776 1815 jubente,
2802 1762 2836 1801 a
2859 1745 2970 1801 Deo
2995 1744 3297 1814 honorate,
3323 1745 3614 1818 respondi.
3664 1745 3749 1803 Tu

2103 1846 2237 1888 vero
2265 1831 2516 1902 Spiritus
2546 1832 2755 1889 virtute
2806 1833 3117 1903 subnixus,
3148 1834 3665 1907 legitimarumque
3696 1837 3753 1890 et

2105 1924 2478 1992 paternarum
2519 1922 2890 1979 sanctionum
2940 1924 3364 1994 observatione,
3423 1923 3750 1981 immobilis

2105 2026 2403 2083 permane,
2425 2015 2481 2067 et
2497 2010 2882 2069 inconcussus
2911 2017 3086 2084 atque
3102 2013 3449 2084 intrepidus,
3473 2014 3752 2071 adversus

2107 2101 2497 2173 quorumdam
2528 2100 2704 2158 variis
2735 2102 2794 2159 in
2842 2107 2897 2158 te
2929 2103 3143 2172 modis,
3184 2110 3489 2160 ventorum
3523 2120 3587 2160 ac
3615 2120 3748 2176 pro-

2107 2189 2389 2246 cellarum
2441 2190 2646 2259 instar,
2685 2189 2975 2247 irruentes
3034 2192 3421 2261 rumusculos,
3470 2192 3627 2264 regia
3663 2192 3754 2248 in-

2108 2283 2281 2351 tegre
2301 2278 2429 2334 vita
2457 2278 2549 2335 via
2571 2280 2864 2344 incedens,
2899 2284 2957 2336 et
2984 2279 3186 2337 inanes
3208 2281 3514 2337 hominum
3536 2286 3751 2337 utram-

2111 2384 2223 2440 que
2259 2369 2320 2426 in
2367 2373 2591 2442 partem
2635 2386 2806 2426 voces
2836 2375 3242 2441 contemnens,
3273 2389 3339 2428 ac
3387 2388 3491 2445 pro
3522 2371 3752 2428 humili-

2109 2460 2226 2513 tate
2275 2461 2473 2514 nostra
2500 2457 2629 2514 sine
2658 2457 3095 2517 intermissione
3126 2475 3300 2517 orans
3329 2477 3508 2533 quam
3535 2459 3759 2517 studio-

2114 2561 2372 2602 ειεειωθ.

356 2645 976 2724 προσεπεισφρησάντων
1025 2662 1132 2710 τοι,
1165 2639 1273 2704 ’,οἶα
1325 2638 1539 2710 ἀνέμων
1599 2635 1634 2705 ἢ
1690 2637 2023 2712 τρικυμιῶν,
2080 2631 2410 2711 λογυδρίων,
2471 2635 2667 2710 βαίνων
2723 2635 2774 2691 ἐν
2829 2641 2899 2711 τῇ
2951 2634 3214 2713 βασιλικῇ
3271 2635 3385 2711 ὁδῷ
3428 2641 3531 2713 τῇς
3578 2637 3761 2713 ἀκραι·

362 2719 525 2813 φνοῦς
584 2719 890 2800 πολιτείας,
911 2729 1003 2784 καὶ
1055 2727 1157 2796 τήν
1226 2724 1306 2805 ἐφ’
1363 2723 1588 2800 ἑκάτερα
1637 2719 1998 2797 παρατρέχων
2062 2722 2454 2799 ματαιολογίαν
2514 2728 2624 2778 τῶν
2693 2724 3012 2798 ἀνθρώπων,
3064 2724 3363 2800 εὐχόμενός
3411 2747 3469 2782 τε
3516 2723 3764 2782 ἀδιαλεί-

356 2847 509 2888 πτως
543 2825 678 2881 ὑπὲό
703 2829 805 2893 τῆς
833 2821 1213 2880 ταπεινώσεως
1246 2817 1403 2890 ἡμῶν
1436 2814 1503 2869 τά
1533 2814 1811 2891 κράτιστα.

1831 2939 2001 3015 [ις’ὀ]

786 2950 862 3006 Θ’.
896 2981 964 2992 --
998 2943 1242 3018 Γελασίῳ
1273 2944 1512 3018 μαθητῇ.

2555 2942 2653 3000 ΙΧ.
2686 2975 2752 2987 -
2787 2944 2999 3001 Gelasio
3028 2945 3318 3018 discipulo.

1502 3061 1790 3125 Apostatss,
1816 3061 1877 3109 ut
1910 3058 1976 3109 ad
2005 3059 2385 3110 monasterium
2415 3060 2616 3112 redeat.

427 3194 496 3244 Ὢ
531 3189 712 3244 τέκνον
756 3204 885 3259 μου,
934 3176 1078 3238 ἀϐϐἄ
1130 3177 1380 3246 Γελάσιε,
1436 3179 1555 3240 πῶς
1606 3170 1741 3231 πυτέ
1797 3194 1854 3230 σε
1909 3174 1993 3245 ἐξ·

2179 3175 2224 3232 Ο
2253 3175 2338 3231 fili
2369 3177 2475 3244 mi,
2515 3176 2664 3233 abba
2707 3177 2914 3247 Gelasi,
2949 3195 3064 3251 quo
3102 3180 3340 3235 tandem
3372 3182 3539 3251 pacto
3571 3181 3757 3239 malo-

354 3280 689 3354 ωστράκισεν
723 3275 751 3329 6
799 3272 1104 3348 ἀρχέκακος
1163 3272 1403 3331 Σατανᾶς
1460 3265 1520 3322 ἒκ
1574 3268 1673 3321 τοῖ’)
1722 3259 2006 3321 κοινοϐια-

355 3350 856 3441 κοῦ-παραδείσου,
890 3362 965 3424 ὡς
1011 3359 1142 3415 ποτὶ
1187 3358 1279 3414 τὸν
1329 3353 1512 3429 Ἀδὰμ
1558 3353 1618 3410 ἐκ
1661 3359 1761 3423 τῆς
1818 3350 2006 3425 Ἐδὶμ,

355 3457 646 3515 πεισθέντα
673 3457 744 3528 τῇ
789 3450 968 3529 βουλῇ
997 3453 1097 3506 τοῦ
1141 3447 1540 3522 ὀφιογνώνονος
1576 3445 1824 3517 ’Δμμοῢν
1857 3460 1872 3511 ;
1904 3442 2005 3496 Καὶ

356 3549 486 3622 ἄρτι
518 3541 718 3619 αὖλίζῃ
750 3541 804 3598 έν
835 3539 1025 3600 τόποις
1077 3537 1171 3600 οὕς
1214 3537 1313 3592 οὐκ
1362 3533 1650 3591 ἐπισκοπεῖ
1703 3533 1731 3587 6
1787 3531 2007 3606 Κύριος,

361 3636 755 3711 ἂκανθοφορῶν
782 3631 872 3687 καὶ
922 3627 1282 3703 ἐργαζόμενος
1335 3624 1386 3680 ἐν
1434 3622 1625 3711 ἱδρῶτι
1679 3625 1777 3711 τοὺ
1834 3639 2009 3711 προσ-

364 3728 523 3781 ώπου
547 3707 615 3778 τά
649 3707 798 3792 πάθη
835 3724 934 3788 τῆς
991 3717 1238 3791 ἀτιμίας.
1288 3714 1346 3770 Τί
1393 3714 1496 3790 γὰρ
1533 3710 1701 3767 καλὸν
1751 3707 2013 3783 ἐξεληλυ-

365 3815 480 3877 θὼς
513 3819 557 3868 Π
589 3809 840 3887 εἰργάσω,
874 3807 910 3878 ἢ
943 3806 1148 3882 ἐργάζῃ
1180 3825 1195 3875 ;
1234 3805 1295 3859 Τί
1336 3801 1392 3858 δὲ
1422 3802 1483 3857 οὗ
1519 3800 1730 3875 μᾶλλον
1771 3799 2012 3887 πονηρὸν

362 3904 456 3960 καὶ
488 3885 752 3957 ἀπευκτόν
788 3920 802 3969 ;
835 3894 1087 3967 Ἐξέλιπέ
1134 3915 1231 3950 σου
1278 3895 1341 3948 τὸ
1379 3891 1565 3968 νοερὸν
1597 3894 1710 3967 φῶς
1757 3895 1857 3959 τῆς
1908 3885 2010 3943 ὁδ-

366 3992 534 4071 ηγίας
567 4010 581 4024 ο
626 3985 853 4058 ἐσϐέσθη
888 3988 915 4041 ὁ
964 3986 1199 4059 σπινθὴρ
1245 3989 1346 4052 τὴς
1386 3986 1759 4071 πνευματικῆς
1802 3977 2010 4071 φιλίας.

367 4067 435 4138 Ol
462 4080 617 4146 φίλοι
650 4099 747 4134 σου
776 4076 866 4133 καὶ
899 4076 950 4130 οἱ
982 4072 1221 4146 πλησίον
1256 4092 1373 4144 σου,
1405 4071 1468 4126 οὗ
1500 4068 1661 4144 μόνον
1695 4067 1837 4144 λέγω
1884 4068 2010 4130 τοὺς

361 4142 654 4231 ποθεινούς
713 4188 809 4222 σου
867 4162 1163 4243 ἀδελφοὺς,
1222 4158 1367 4218 ἀλλὰ
1416 4160 1507 4215 καὶ
1563 4159 1689 4221 τοὺς
1736 4161 1831 4212 τοῦ
1880 4160 2012 4211 Θεοῦ

362 4258 654 4338 ἀγγέλους,
686 4256 740 4328 ἐξ
770 4255 1015 4316 ἐναντίας
1069 4274 1165 4307 σου
1208 4244 1587 4324 ἀπομακρὸθεν
1632 4246 1878 4319 ἔστησαν,
1922 4245 2012 4338 καὶ

361 4334 603 4428 ἤγγισαν
634 4348 685 4403 οἱ
735 4344 1016 4420 δαίμονες,
1068 4340 1420 4412 ἐκζητοῦντες
1456 4338 1715 4396 ἀποκέσαι
1761 4357 1856 4391 σου
1884 4334 2013 4428 τοὺς

360 4423 868 4514 προειργασμένους
927 4432 1258 4503 ἀσκητικοὺς
1332 4429 1632 4514 καμάτους.
1700 4430 1841 4514 ΠοῦΔ
1881 4423 2015 4480 ποτέ

364 4512 465 4583 σου
496 4512 537 4596 ἡί
573 4512 786 4599 καθαρά
814 4523 1130 4600 προσευχή;
1161 4522 1267 4576 ποῦ
1296 4512 1428 4575 ποτέ
1457 4538 1553 4573 σου
1597 4518 1633 4587 ἡ
1683 4512 2015 4590 ἀκράδαντος

366 4616 677 4692 ὁμολογίας
731 4615 766 4683 ἠ
809 4612 1119 4691 φωτοποιὸς
1178 4608 1514 4685 ἐξαγόρευσις
1563 4626 1579 4679 ;
1643 4607 1679 4675 ἡ
1749 4603 2013 4692 ἀγγελικὴ

366 4690 746 4783 χοροστασία;
785 4690 831 4773 ὴί
866 4699 1208 4775 θεομίμητος
1259 4699 1473 4767 ὑπακοή
1509 4719 1523 4768 ;
1570 4697 1606 4767 ἡ
1648 4690 2014 4772 χριστοφόρος

368 4793 888 4874 ταπεινοφροσύνης
954 4789 1126 4846 έκεῖνο
1184 4792 1249 4844 τὸ
1305 4786 1474 4843 καλὸν
1531 4784 1620 4842 καί
1676 4785 1926 4861 τερπνὸν,
1985 4784 2014 4838 ’ὀ

372 4882 490 4956 ᾅδει
523 4887 552 4939 ὁ
583 4873 1008 4958 ᾇίσματογράφος
1042 4876 1231 4948 Δαϐὶδ,
1263 4880 1298 4949 ἡ
1331 4876 1416 4933 ἒπὶ
1451 4878 1513 4931 τὸ
1545 4875 1676 4931 αὐτὸ
1708 4873 2016 4944 συνοίκησίς

372 4991 473 5032 σου
521 4978 630 5030 τῶν
681 4971 977 5052 ἀδελφῶν;
1025 4970 1246 5026 Τούτων
1305 4968 1518 5023 πάντων
1579 4963 1767 5034 ἐπειδὴ
1808 4962 2015 5040 ἔρημος

369 5066 621 5143 γέγονας,
658 5061 838 5117 τέκνον
900 5080 1026 5134 μου,
1085 5052 1230 5133 ἔχεις
1297 5054 1717 5131 ἀντεισαχθέντα
1796 5075 1882 5108 σοι
1951 5054 2016 5107 τά

371 5153 610 5223 ἐναντία,
640 5151 946 5223 σκοτασμὸν
978 5149 1127 5215 νοὸς,
1169 5145 1501 5223 ἀναλγησίαν
1555 5149 1767 5223 ψυχῆς,
1817 5143 2016 5216 πώρω-

374 5266 456 5301 σιν
506 5240 831 5319 καρδιακῆν,
878 5238 1214 5308 δυσπιστίαν,
1267 5235 1634 5305 ἀνελπιστίαν,
1691 5233 2018 5309 ὀλιγωρίαν,

374 5331 545 5405 φόϐον
587 5334 838 5402 θανάτου,
867 5331 1073 5405 τρόμον
1104 5326 1427 5403 ἀπολογίας.
1472 5324 1572 5379 Καὶ
1622 5325 1677 5379 τί
1727 5323 1809 5378 δεῖ
1857 5343 2019 5378 κατα-

375 5398 558 5505 λέγὶειν
586 5421 643 5479 ’ἐν
668 5419 916 5491 ἕκαστον,
965 5418 1048 5476 ὅτι
1101 5417 1298 5474 στένων
1346 5415 1438 5470 καὶ
1484 5413 1698 5487 τρέμων
1751 5417 2019 5475 Καϊνικῶς

372 5503 594 5601 πάγίτως
653 5508 933 5580 διαϐιοῖς;
982 5509 1087 5567 Καὶ
1146 5503 1300 5563 οὔπω
1358 5503 1506 5582 λέγω
1556 5506 1667 5559 τῶν
1748 5506 2017 5578 σαρκικῶν

2119 3280 2252 3321 rum
2283 3268 2341 3321 te
2369 3269 2574 3322 auctor
2587 3266 2850 3337 Satanas,
2881 3283 2948 3324 ex
2969 3268 3300 3327 cmnobiaco
3329 3270 3620 3341 paradiso,
3653 3272 3764 3328 sic-

2119 3356 2185 3409 ut
2213 3354 2395 3410 Adam
2452 3354 2591 3412 olim
2623 3370 2692 3411 ex
2730 3355 2909 3422 Eden,
2966 3357 3287 3431 serpentini
3325 3360 3573 3416 Ammon
3623 3376 3761 3417 con-

2122 3441 2254 3499 silio
2305 3444 2651 3501 obsecutum
2716 3446 3163 3504 exterminavit?
3218 3447 3289 3505 Et
3335 3464 3493 3505 nunc
3530 3450 3592 3505 in
3621 3449 3764 3508 locis

2120 3532 2347 3591 habitas
2379 3550 2507 3607 quas
2546 3533 2826 3594 Dominus
2873 3552 2992 3595 non
3021 3537 3276 3611 respicit,
3310 3539 3510 3612 spinas
3549 3540 3762 3612 produ-

2120 3639 2282 3695 cens,
2311 3628 2369 3682 et
2394 3625 2724 3698 ignominiaa
2757 3628 3058 3700 passiones
3088 3628 3148 3685 in
3180 3629 3393 3686 sudore
3440 3628 3637 3687 vultus
3677 3630 3764 3686 tui

2120 3729 2413 3772 exercens.
2447 3714 2593 3779 Quid
2633 3715 2789 3772 enim
2821 3716 2961 3773 recti
2992 3733 3063 3775 ex
3092 3734 3206 3791 quo
3238 3718 3535 3790 digressus
3565 3735 3648 3790 es,
3675 3718 3762 3775 vel

2120 3804 2312 3876 egisti,
2343 3803 2430 3860 vel
2461 3820 2615 3861 nunc
2647 3806 2772 3877 agis
2798 3806 2827 3861 Ἰ
2871 3807 3014 3874 Quid
3049 3808 3242 3878 potius
3275 3823 3392 3863 non
3426 3822 3759 3880 perversum

2121 3911 2187 3951 ac
2233 3894 2691 3952 detestandum?
2755 3896 2973 3954 Deiecit
3003 3898 3316 3954 te'mentis
3345 3898 3544 3954 lumen
3603 3898 3758 3970 quod

2120 3983 2277 4039 viam
2310 3984 2714 4041 monstrabat:
2746 3986 3028 4043 exstincta
3047 3991 3137 4043 est
3153 3986 3409 4043 scintilla
3438 3987 3760 4060 spiritualis

2122 4072 2594 4129 necessitudinis.
2616 4074 2802 4131 Amici
2850 4079 2906 4131 et
2944 4076 3189 4147 proximi
3228 4077 3353 4144 tui;
3385 4092 3503 4133 non
3532 4079 3759 4132 tantum

2122 4161 2503 4219 charissimos
2558 4163 2769 4219 fratres
2827 4168 2961 4221 tuos
3008 4164 3159 4235 dico,
3193 4165 3294 4222 sed
3342 4166 3500 4237 ipsos
3528 4181 3762 4237 quoque

2123 4250 2226 4306 Dei
2246 4251 2523 4322 angelos:
2558 4252 2868 4308 adversum
2917 4256 2975 4309 te
3009 4254 3241 4311 eminus
3278 4259 3560 4311 steterunt
3579 4253 3628 4289 ³³
3662 4299 3677 4324 ,
3707 4259 3767 4311 et

2123 4340 2359 4413 propius
2385 4356 2680 4398 accessere
2711 4343 3021 4411 daemones,
3054 4348 3352 4401 anteactos
3374 4344 3606 4401 labores
3630 4348 3765 4401 tuos

2123 4430 2399 4486 asceticos
2446 4429 2675 4487 abolere
2732 4432 3046 4504 cupientes.
3104 4434 3359 4490 Ubinam
3418 4451 3567 4506 pura
3624 4434 3763 4491 olim

2047 4542 2093 4606 Β
2124 4519 2377 4606 precatio
2417 4518 2565 4576 tua?
2621 4521 2862 4578 ubinam
2901 4522 3254 4581 inconcussa
3296 4523 3629 4581 confessio?
3668 4524 3764 4580 ubi

2126 4605 2432 4679 splendida
2475 4608 2946 4682 exomologesis?
2989 4610 3085 4668 ubi
3144 4611 3408 4684 angelica
3461 4612 3622 4669 chori
3652 4613 3765 4669 tre-

2127 4696 2427 4767 quentatio
2449 4697 2478 4752 ?
2511 4697 2612 4754 Dei
2642 4699 2848 4755 aemula
2871 4700 3198 4770 obedienla,
3231 4701 3529 4757 Christum
3560 4717 3766 4773 gerens

2124 4786 2455 4858 humilitas,
2493 4788 2716 4844 bonum
2749 4788 2897 4844 illud
2940 4793 2998 4845 et
3018 4790 3371 4861 jucundum,
3403 4792 3557 4863 quod
3576 4792 3766 4847 canti—

2125 4892 2324 4933 corum
2374 4876 2619 4949 scriptor
2664 4877 2943 4950 praadicat
2986 4878 3188 4948 David,
3220 4880 3461 4936 fratrum
3494 4881 3553 4935 in
3586 4896 3763 4935 unum

2124 4964 2410 5022 habitatio
2439 4965 2486 4999 ³³
2510 4965 2537 5021 ?
2575 4965 2678 5023 His
2707 4965 2983 5023 omnibus
3015 4969 3289 5039 quoniam
3322 4968 3555 5025 orbatus
3591 4967 3768 5037 es,ﬁli

2127 5055 2231 5124 mi,
2257 5056 2545 5113 contraria
2571 5073 2697 5128 quae
2727 5055 2938 5113 horum
2966 5055 3095 5113 loca
3117 5056 3385 5113 immissa
3407 5061 3547 5114 sunt
3568 5057 3766 5124 habes,

2126 5145 2591 5203 obscurationem
2622 5147 2856 5215 mentis,
2896 5151 3193 5217 stuporem
3219 5148 3420 5215 animi,
3444 5147 3767 5203 caecitatem

2126 5235 2341 5305 cordis,
2400 5236 2885 5305 incredulitatem,
2938 5236 3426 5310 desperationem,
3461 5235 3768 5303 incuriam,

2128 5325 2334 5382 mortis
2366 5330 2608 5393 metum,
2640 5326 2941 5384 horrorem
2964 5326 3194 5399 judicii.
3240 5328 3308 5383 Et
3336 5326 3472 5398 quid
3506 5342 3654 5397 opus
3684 5329 3775 5381 est

2128 5415 2367 5487 singula
2397 5431 2757 5489 percensere,
2779 5432 2911 5474 cum
2941 5430 3185 5488 gemens
3214 5420 3272 5472 et
3298 5419 3558 5473 tremens
3602 5413 3767 5471 Caini

2128 5519 2371 5575 prorsus
2393 5521 2552 5564 more
2572 5508 2750 5564 vitam
2777 5508 2954 5563 ducas
2972 5503 3000 5560 2
3032 5504 3146 5561 Nec
3169 5520 3425 5562 memoro
3446 5503 3764 5562 carnalium

454 5697 498 5736 ³ι
530 5696 739 5771 Ephes.
772 5711 848 5768 ιν,
882 5694 968 5751 13.
1047 5689 1095 5725 3’
1124 5688 1273 5747 Psal.
1303 5701 1516 5757 xxxvii,
1548 5687 1633 5743 12.
1710 5684 1757 5723 ³³
1786 5686 1936 5746 Psal.
1969 5702 2180 5759 cxxxn,
2212 5689 2264 5743 1.

702 5800 975 5859 ΡΑτΒοι.
1023 5793 1133 5855 Gs.
1162 5787 1383 5877 XCIX.

3386 5791 3466 5850 ΒΟ
