4090 6288
416 309 533 368 939

1666 311 1728 369 S.
1774 307 2168 367 THEODOltl
2217 308 2577 369 S'l‘UDIT/E

3693 316 3818 378 94-0

413 438 800 510 cupiditatum
834 441 1061 494 turbam
1086 439 1356 495 interiora
1373 445 1472 494 tua
1490 440 1977 509 inflammantem,
2002 443 2056 494 et

2171 439 2356 491 παθῶν
2398 441 2488 493 τὸν
2547 439 2709 514 ἐσμὸν
2765 440 3188 516 ἀναῤῥιπίζοντά
3236 464 3330 496 σου
3387 444 3453 498 τά
3518 444 3818 516 ἐντός,καῖ

413 533 722 601 peccatum
755 529 1224 584 succendentem.
1260 529 1644 600 Quapropter,
1677 528 1759 584 fili
1790 530 1889 590 mi,
1924 545 2061 600 per-

411 622 612 689 specta
655 633 757 688 per
811 617 1096 673 humilem
1147 615 1452 689 epistolam
1490 635 1680 674 meam
1720 618 1973 686 veritate,
2006 623 2062 672 et

413 710 484 765 ad
513 707 712 764 lumen
745 709 1086 779 suspiciens,
1133 725 1198 764 ac
1228 708 1509 765 divinitus
1558 712 1968 780 compunctus,
2002 711 2056 762 et

413 800 596 854 amice
645 797 1003 866 vulneratus,
1036 806 1426 870 reputansque
1456 815 1520 853 ac
1544 799 1870 869 recogitans
1903 797 2058 852 unde

411 886 712 956 excideris,
746 891 803 941 et
831 887 892 941 in
914 886 1123 956 quibus
1155 887 1408 943 miseriis
1441 887 1707 954 verseris,
1739 890 1795 941 et
1826 887 1924 941 ubi
1953 887 2056 940 ha-

411 976 583 1042 bites,
647 991 876 1047 nempe,
911 981 976 1031 ut
1025 976 1110 1031 sic
1167 976 1384 1044 dicam,
1442 976 1502 1031 in
1525 975 1920 1032 tabernaculis
1950 975 2058 1031 Ce-

413 1067 519 1120 dar
538 1063 625 1132 ³⁴;
684 1065 805 1120 redi
839 1066 908 1120 ad
940 1081 1144 1120 sanam
1185 1069 1465 1131 mentem,
1499 1082 1728 1121 recurre
1759 1066 1831 1121 ad
1865 1063 2055 1120 locum

407 1163 593 1223 tuum,
653 1155 1071 1228 expergiscere,
1131 1173 1428 1220 renovare,
1451 1160 1507 1211 et
1538 1155 1857 1224 recalesco;
1899 1158 1953 1209 et
1985 1171 2057 1210 ne

406 1243 602 1300 boram
653 1244 971 1309 cunctaris,
1025 1259 1096 1300 ne
1118 1244 1296 1311 diem,
1329 1261 1401 1300 ne
1444 1243 1912 1300 hebdomadem:
1953 1243 2054 1299 sed

405 1333 754 1406 quantocius
785 1333 1056 1390 omnibus
1079 1334 1340 1404 abjectis,
1370 1334 1641 1404 praesenti
1671 1341 1845 1404 atque
1875 1335 2053 1388 intre-

405 1422 540 1494 pido
573 1421 766 1479 animo
799 1423 870 1479 ad
907 1439 1000 1478 me
1030 1423 1162 1478 veni
1202 1422 1490 1478 infelicem
1526 1423 1755 1478 Patrem
1785 1426 1974 1483 tuum,
1999 1426 2055 1477 et

403 1512 475 1566 ad
560 1512 822 1584 egregios
880 1513 1089 1568 fratres
1146 1517 1300 1581 tuos,
1373 1515 1429 1566 et
1486 1528 1763 1583 magnum
1829 1509 2054 1566 Patrem

398 1616 621 1670 meum,
654 1605 710 1657 et
741 1599 969 1657 Patrem
1018 1605 1208 1656 tuum.
1253 1601 1322 1655 Et
1360 1601 1469 1656 hac
1503 1601 1740 1671 quidem
1764 1601 1834 1656 de
1867 1616 2047 1656 causa

399 1690 713 1746 consilium
772 1694 915 1750 erat.
972 1694 1283 1761 postquam
1317 1698 1369 1745 te
1400 1691 1550 1746 istuc
1602 1689 1917 1760 appulsum
1949 1704 2050 1745 co-

398 1779 592 1850 gnovi,
627 1780 803 1835 etiam
857 1780 1094 1836 fratrem
1128 1796 1259 1835 cum
1317 1779 1528 1835 litteris
1559 1779 1802 1847 mittere,
1831 1778 1929 1849 qui
1966 1783 2047 1832 te-

396 1873 707 1925 revocaret.
732 1869 843 1925 Sed
877 1869 1013 1940 quia
1046 1869 1346 1941 presbyter
1375 1869 1699 1924 litterarum
1723 1867 1872 1923 lator
1903 1867 2043 1922 mihi

398 1959 566 2028 plane
606 1958 972 2014 confirmavit
1030 1964 1086 2014 te
1143 1960 1214 2014 ad
1248 1960 1408 2014 solas
1443 1959 1662 2013 litteras
1718 1961 2041 2023 venturum,

396 2046 523 2102 ideo
545 2047 790 2117 epistola
821 2052 1130 2103 contentus
1164 2048 1267 2102 fui.
1297 2048 1367 2102 Et
1387 2064 1520 2101 vero
1545 2047 1753 2117 jubent
1784 2063 2044 2116 prorsus,

393 2137 476 2190 {ili
510 2137 611 2204 mi,
655 2137 808 2192 sicut
856 2137 1080 2191 dictum
1113 2145 1221 2205 est,
1265 2154 1379 2192 non
1413 2136 1601 2192 solum
1634 2152 1739 2206 ego
1765 2136 1964 2202 miser,
1989 2141 2045 2190 et

393 2225 561 2281 Pater
584 2241 770 2292 meus,
803 2242 1004 2281 verum
1036 2231 1093 2280 et
1123 2225 1308 2281 nostri
1353 2225 1575 2280 domini
1606 2225 1862 2280 Joannes
1895 2241 2044 2295 prae-

393 2332 597 2370 cursor
627 2332 693 2371 ac
753 2315 1010 2371 Joannes
1043 2314 1392 2386 Theologus,
1427 2319 1492 2369 ut
1548 2330 1723 2384 quam
1758 2313 2044 2368 citissime

389 2407 635 2474 gradum
669 2405 912 2471 referas,
958 2403 1302 2474 priusquam
1337 2409 1389 2457 te
1423 2403 1725 2473 inopinata
1756 2419 1914 2456 mors
1947 2418 2042 2456 oc-

393 2498 584 2565 cupet.
627 2493 786 2560 Quod
843 2493 891 2547 si
953 2492 1293 2547 obﬁrmatus
1351 2491 1562 2558 adhuc,
1614 2492 1767 2562 quod
1805 2490 2043 2544 minime

392 2598 542 2649 reor,
575 2582 953 2647 obdurescas,
997 2587 1048 2635 ct
1080 2581 1457 2652 pertinaciter
1497 2579 1774 2647 resistas;
1811 2579 1956 2633 scito
1987 2584 2042 2632 te

389 2670 960 2725 excommunicatum
1011 2685 1160 2738 esse,
1204 2674 1261 2725 et
1291 2686 1325 2724 a
1347 2668 1564 2724 sanctis
1597 2667 1894 2733 omnibus,
1926 2671 1982 2721 et
2009 2683 2042 2720 a

389 2759 557 2814 nobis
617 2759 1024 2830 peccatoribus
1055 2759 1236 2814 donec
1285 2759 1496 2814 faciem
1537 2759 1793 2813 nostram
1823 2756 2037 2811 videas.

390 2848 492 2903 Sin
553 2852 747 2904 autem
799 2849 1051 2920 gradum
1083 2849 1320 2914 referes,
1362 2851 1427 2902 ut
1453 2845 1760 2916 jussimus,
1787 2845 1910 2915 jam
1941 2859 2039 2899 ve-

392 2937 560 2993 niens
593 2935 822 2994 solutus
850 2953 935 3005 es,
962 2943 1082 2993 tum
1113 2937 1182 2992 ad
1215 2936 1411 2992 divina
1441 2937 1614 3004 dona,
1644 2941 1769 2990 tum
1800 2933 1870 2989 ad
1897 2932 2039 2988 alios

393 3025 579 3082 cibos.

846 3135 909 3189 X.
953 3163 1020 3174 —-
1050 3133 1271 3190 Νίσαιαο
1294 3130 1584 3202 discipulo.

2170 526 2540 604 ἀναιρλέγοντα
2604 532 2702 598 τὴν
2756 530 3038 603 ἁμαρτίαν.
3098 533 3198 585 me
3257 531 3345 604 δὴ,
3414 534 3598 588 τέκνον
3683 557 3815 607 μου,

2171 615 2421 691 ἐπιγνοὺς
2451 620 2512 674 τὸ
2544 619 2744 689 ἀληθὲς
2775 617 2863 673 διὰ
2891 623 2991 689 τῆς
3027 624 3284 690 ταπεινῆς
3337 644 3440 694 μου
3490 622 3816 696 ἐπιστολῆς,

2165 704 2253 758 καὶ
2303 700 2607 778 ἀναϐλέψας
2653 706 2787 775 πρὸς
2844 706 2905 761 τὸ
2947 711 3085 784 φῶς,
3125 708 3213 762 καὶ
3265 712 3618 788 κστανυχθείς
3689 713 3814 764 θεῖ-

2165 797 2296 864 κῶς,
2326 795 2416 848 καὶ
2464 792 2699 870 πληγεὶς
2755 795 3011 869 φιλικῶς,
3043 797 3133 850 καί
3181 796 3498 868 ἀναπλήσας
3547 800 3637 854 καὶ
3687 801 3818 854 ἀνα-

2164 882 2430 958 γνωρίσας
2489 885 2606 938 ὅθεν
2667 885 2933 956 ἐξέπεσας,
2992 886 3080 940 καὶ
3139 885 3188 940 ἐν
3265 887 3447 950 παίοις
3496 888 3541 942 εἶ
3588 886 3812 957 δεινοῖς,

2164 971 2255 1026 καὶ
2304 976 2408 1026 ποῦ
2455 980 2756 1046 παροικεῖς,
2794 975 2867 1036 ὡς
2939 975 3126 1047 εἰπεῖν,
3181 976 3314 1049 μετά
3353 981 3457 1030 τῶν
3507 981 3815 1052 σκηνωμά-

2164 1083 2270 1115 των
2305 1059 2488 1137 Κηδάρ
2538 1081 2550 1094 ·
2603 1063 2940 1136 ἀνάσφηλον,
2988 1065 3079 1120 καὶ
3139 1063 3508 1139 ἀναπήδησον,
3556 1068 3646 1122 καὶ
3705 1070 3813 1123 ἀν-

2165 1154 2437 1226 εγέρθητι,
2470 1153 2559 1207 καὶ
2617 1153 2976 1225 ἁνανεώθητι,
3036 1156 3125 1210 καὶ
3183 1155 3617 1232 ἀναθερμάνθητι
3652 1180 3665 1191 ·
3718 1159 3814 1213 καὶ

2169 1241 2244 1313 μὴ
2279 1241 2440 1314 ὥραν,
2495 1243 2569 1314 μή
2616 1243 2847 1316 ἡμέραν,
2901 1245 2979 1316 μὴ
3036 1241 3314 1317 ἑϐδομάδα
3347 1264 3361 1277 ·
3415 1243 3558 1302 ἀλλά
3615 1248 3812 1302 θᾶττον

2164 1329 2373 1404 χαίρεϊν
2420 1335 2578 1385 πᾶσιν
2638 1331 2826 1402 εἰπὼν,
2884 1335 2984 1400 ἧκε
3033 1330 3360 1406 ἐρρωμένως
3399 1336 3489 1388 καὶ
3530 1335 3817 1391 ἂνενδοιά-

2163 1440 2304 1483 στως
2350 1421 2486 1495 πρός
2549 1441 2614 1492 με
2667 1423 2757 1476 τὸν
2820 1419 3085 1492 δύστηνόν
3127 1443 3222 1477 σου
3271 1424 3497 1496 Πατέρα,
3529 1425 3620 1480 καὶ
3669 1428 3814 1497 πρὸς

2160 1511 2260 1580 τὴν
2282 1509 2457 1580 καλήν
2491 1531 2584 1564 σου
2614 1507 2985 1586 ἀδελφότητα,
3016 1510 3107 1565 καὶ
3139 1513 3273 1586 πρὸς
3322 1513 3414 1568 τὸν
3470 1515 3637 1590 μέγαν
3691 1521 3814 1569 Πα-

2158 1599 2289 1674 τέρα
2321 1621 2426 1673 μου
2462 1602 2550 1654 καὶ
2603 1597 2814 1675 Πατέρα
2860 1621 2977 1657 σου.
3035 1601 3137 1654 Καὶ
3184 1603 3320 1676 πρὸς
3358 1606 3518 1656 τοῦτο
3569 1600 3810 1658 ἐϐουλό-

2162 1710 2269 1761 μην
2317 1690 2430 1762 μὲν,
2479 1689 2640 1756 ἡνίκα
2687 1685 2888 1762 ἔμαθον
2936 1692 3020 1744 ὅτι
3066 1690 3250 1744 αὐτόθι
3301 1691 3680 1763 ἔξεπελάσθης,
3714 1695 3807 1747 καὶ

2155 1776 2390 1856 ἀδελφὸν
2441 1777 2652 1852 πέμψαι
2702 1779 2794 1832 σὺν
2844 1783 2959 1840 τοῖς
3005 1780 3352 1853 γράμμασιν,
3408 1781 3493 1834 ἱνα
3534 1801 3591 1835 σε
3637 1780 3807 1857 ἀναῤ-

2159 1868 2408 1941 ῥόσηται.
2445 1868 2591 1921 Ἐπεὶ
2638 1864 2693 1920 δὲ
2724 1868 2751 1921 ὁ
2781 1868 3250 1944 γραμματοφόρος
3292 1869 3383 1923 καὶ
3433 1865 3803 1944 πρεσϐύτερος

2155 1952 2521 2011 ἒϐεὸαιώσάτό
2557 1977 2622 2028 με
2652 1958 2869 2018 πάντως
2927 1955 2986 2010 ἒκ
3053 1957 3233 2028 μόνων
3283 1963 3391 2012 τῶν
3449 1960 3797 2033 γραμμάτων

2155 2045 2305 2114 ἥκειν
2360 2067 2436 2115 σε,
2484 2043 2572 2098 δια
2617 2050 2779 2099 τοῦτο
2826 2043 3096 2119 ἠρκέσθην
3145 2052 3214 2120 τῇ
3258 2045 3546 2120 ἐπιστολῇ.
3582 2050 3690 2104 Καὶ
3722 2047 3792 2117 δὴ

2154 2136 2388 2205 πάντως,
2420 2134 2604 2189 τέκνον
2652 2156 2778 2206 μου,
2829 2137 3006 2197 καθὼς
3042 2135 3277 2208 εἴρηται,
3313 2136 3374 2190 οὐ
3411 2137 3577 2210 μόνον
3636 2137 3742 2211 ἐγὼ
3781 2141 3808 2191 ὁ

2152 2225 2341 2291 τάλας,
2401 2226 2491 2278 καὶ
2549 2225 2576 2276 ὁ
2629 2225 2816 2298 Πατήρ
2879 2245 3007 2296 μου,
3067 2223 3212 2279 ἀλλά
3273 2225 3361 2280 καὶ
3422 2227 3472 2279 οἱ
3545 2225 3804 2281 δεσπόται

2153 2318 2333 2387 ἡμῶν,
2387 2315 2413 2367 ὁ
2473 2310 2817 2388 Πρόδρομος,
2867 2315 2955 2367 καὶ
2997 2315 3024 2366 ὁ
3075 2314 3372 2389 Θεολόγος,
3426 2315 3802 2392 ἐγκελεύονταί

2153 2425 2260 2472 σοι,
2309 2405 2545 2481 τάχιστα
2595 2404 2942 2471 ἀποκινῆσαι,
2995 2402 3120 2476 πρὶν
3166 2401 3585 2476 ἀπροσδοκήτου
3639 2407 3803 2458 θανά-

2149 2515 2245 2547 του
2277 2486 2561 2564 καταλάϐῃ
2593 2490 2656 2544 τὸ
2685 2489 2863 2554 τέλος.
2897 2491 2964 2546 Εἴ
2995 2487 3051 2544 δέ
3083 2512 3156 2553 τι,
3189 2492 3218 2544 ’ὀ
3252 2491 3360 2569 οὐχ
3395 2488 3801 2566 ὑπολαμϐάνω,

2152 2581 2594 2656 σκληρυνόμενος
2625 2578 2965 2653 σκληρυνθῇς
2997 2581 3087 2634 καὶ
3120 2578 3464 2644 αὕθαδιάσεις
3499 2601 3512 2612 ·
3564 2581 3803 2657 γίνωσκε

2150 2671 2510 2740 ἀκοινώνητόν
2553 2691 2608 2724 σε
2657 2669 2816 2738 εἶναι,
2857 2670 2945 2724 καὶ
3000 2669 3058 2724 ἐκ
3105 2672 3320 2726 πάντων
3352 2675 3457 2726 τῶν
3487 2671 3676 2744 ἁγίων,
3707 2674 3800 2728 καί

2150 2761 2202 2833 ἐξ
2233 2763 2392 2834 ἡμῶν
2416 2764 2524 2815 τῶν
2557 2757 2926 2833 ἁμαρτωλῶν,
2958 2755 3062 2822 ἕως
3113 2760 3174 2814 ἂν
3225 2757 3346 2835 ὄφει
3391 2763 3454 2816 τὸ
3502 2762 3801 2836 πρόσωπον

2240 2855 2268 2866 ..ι
2407 2850 2420 2868 ς
2479 2850 2493 2868 κ
2571 2851 2633 2882 τ’
2674 2869 2684 2878 ,
2779 2850 2792 2870 r
2991 2871 3001 2880 _
3108 2850 3120 2868 ι
3237 2849 3250 2868 ν
3355 2872 3374 2882 ⁸
3463 2853 3472 2868 ν
3694 2850 3754 2872 να

2149 2855 2327 2924 ἡμων.
2362 2847 2504 2906 Ειδε
2561 2869 2931 2918 αηοκινησεις,
2993 2851 3172 2912 καθως
3233 2851 3640 2925 ενετειλαμεθα,
3683 2872 3796 2922 ηοη

2151 2941 2451 3017 ἐρχόμενος
2496 2937 2797 3011 λελυμένος
2841 2939 2907 3010 εἴ,
2957 2938 3046 2992 καὶ
3092 2943 3201 2994 τῶν
3249 2940 3406 2995 θείων
3458 2939 3672 3017 δώρων,
3705 2942 3800 2995 καὶ

2149 3036 2256 3087 τῶν
2289 3028 2477 3086 ἄλλων
2512 3029 2843 3104 βρωμάτων.

2614 3119 2672 3174 1'.
2705 3151 2772 3161 —
2803 3117 3055 3190 Νικολάῳ
3089 3120 3328 3193 μαθητῇ.
3638 3124 3796 3194 [κα’.]

1291 3231 1464 3280 Electo
1496 3232 1549 3279 in
1581 3232 1927 3294 praepositum
1945 3228 2106 3280 tradit
2135 3227 2400 3290 praecepta
2420 3223 2539 3272 vitae
2563 3221 2890 3270 monasticae.

460 3322 941 3394 Quandoquidem
974 3322 1074 3377 Dei
1107 3325 1278 3382 nutu.
1313 3319 1635 3392 spiritualis
1667 3320 1747 3374 ﬁli
1778 3318 2030 3386 Nicolae,

387 3416 457 3468 ad
502 3413 853 3485 praefecturae
902 3413 1125 3483 apicem
1179 3415 1410 3466 evectus
1441 3427 1523 3477 es,
1558 3411 1858 3466 observare
1905 3425 2032 3465 om-

387 3503 526 3557 nino
559 3504 756 3568 debes,
788 3517 914 3573 quze
946 3502 1003 3556 in
1056 3500 1165 3556 hoc
1195 3500 1391 3554 libello
1412 3505 1692 3571 praecepta
1717 3503 1874 3555 sunt.
1906 3499 2032 3553 Non

385 3593 566 3663 igitur
599 3591 890 3646 ullatenus
920 3591 1285 3654 immutabis,
1320 3605 1494 3661 quam
1529 3606 1561 3643 a
1587 3588 1870 3660 spirituali
1905 3604 2030 3642 mo-

392 3682 642 3737 nasterio
657 3688 758 3736 tuo
780 3680 1051 3750 accepisti
1077 3679 1305 3735 forman
1327 3685 1383 3733 et
1397 3679 1652 3749 regulam
1666 3720 1678 3744 ,
1704 3678 1922 3748 absque
1939 3693 2026 3730 ne-

388 3771 676 3827 cessitate.
709 3771 832 3825 Nou
859 3769 1183 3840 possidebis
1207 3784 1272 3822 ex
1306 3768 1415 3824 hoc
1458 3768 1675 3822 mundo
1709 3767 2029 3838 quidquam

391 3877 495 3917 nec
525 3860 628 3915 tibi
687 3859 980 3930 pr0prium
1015 3874 1257 3927 repones
1313 3858 1400 3912 vel
1443 3858 1670 3911 unicum
1703 3861 2025 3927 argentum.

382 3953 508 4006 Non
540 3950 763 4005 divides
794 3949 1051 4005 animum
1083 3953 1141 4003 et
1170 3964 1268 4001 cor
1300 3951 1464 4002 tuum
1489 3947 1697 4000 affectu
1731 3946 2024 4015 curisque,

383 4044 619 4110 propter
647 4055 742 4094 eos
796 4037 896 4108 qui
931 4037 1034 4092 tibi
1067 4054 1100 4091 a
1129 4035 1245 4090 Deo
1289 4035 1590 4090 commissi
1623 4039 1776 4101 sunt,
1805 4034 2027 4105 tibique

381 4130 438 4183 in
470 4128 675 4199 spiritu
709 4125 813 4182 filii
836 4142 900 4181 ac
933 4127 1136 4181 fratres
1168 4125 1302 4182 facti
1325 4128 1466 4180 sunt
1491 4141 1503 4190 ;
1529 4140 1644 4179 non
1675 4140 1812 4195 erga
1835 4140 2029 4179 neces-

382 4217 565 4272 sarios
623 4216 761 4272 olim
795 4215 1120 4271 secundum
1178 4230 1433 4283 carnem,
1467 4223 1564 4269 aut
1596 4221 1891 4285 cognatos,
1926 4218 2026 4268 aut

382 4306 619 4368 amicos.
651 4309 752 4360 aut
805 4303 1053 4360 sodales.
1101 4308 1221 4358 Non
1253 4303 1523 4374 erogabis
1553 4319 1644 4358 res
1683 4301 2022 4358 monasterii

382 4396 492 4463 tui,
527 4410 718 4465 neque
763 4394 821 4448 in
852 4395 987 4462 vita,
1039 4409 1226 4463 neque
1280 4401 1412 4463 post
1442 4397 1709 4462 mortem,
1733 4392 1852 4448 sive
1881 4391 2030 4448 elee-

383 4501 636 4554 mosyna:
659 4482 849 4547 titulo,
882 4483 1001 4538 sive
1022 4481 1218 4554 legati,
1242 4482 1300 4536 in
1329 4486 1460 4538 tuos
1489 4481 1628 4538 olim
1654 4481 2029 4550 necessarios,

2219 3308 2440 3378 Ἐπειδὴ
2503 3305 2721 3378 εὐδοκία
2775 3311 2908 3362 Θεοῦ
2944 3302 3368 3381 προεϐιϐάσθης,
3421 3308 3606 3363 τέκνον
3644 3331 3797 3363 πνευ-

2148 3402 2372 3477 ματικὸν
2427 3399 2686 3465 Νικόλαε,
2740 3397 2815 3461 εἷς
2861 3398 2922 3451 τὸ
2980 3405 3078 3467 τῆς
3141 3398 3496 3473 ἡγουμενείας
3554 3399 3792 3472 ἀξίωμα,

2144 3490 2264 3547 δέον
2325 3486 2706 3564 παραφυλάξαι
2765 3506 2822 3539 σε
2879 3485 3050 3539 πάντα
3109 3487 3173 3540 τὰ
3235 3485 3591 3559 ἔντεταλμένα
3624 3509 3706 3542 σοι
3737 3492 3792 3542 ἓν

2139 3585 2220 3653 τῷ
2281 3580 2508 3652 παρόντι
2563 3576 2918 3650 γραμματίῳ.
2973 3575 3049 3631 Οὐ
3111 3572 3421 3648 διαλλάξεις
3471 3578 3560 3630 οὖν
3622 3578 3788 3652 ὅνπερ

2139 3664 2443 3743 παρέλαϐες
2481 3667 2650 3721 τόπον
2697 3665 2785 3718 καὶ
2840 3668 3034 3718 κανόνα
3086 3667 3228 3740 παρὰ
3279 3673 3380 3734 τῆς
3410 3674 3784 3738 πνευματικῆς

2141 3780 2237 3814 σου
2281 3763 2449 3830 μονῆς
2483 3755 2534 3810 ἐν
2568 3757 2761 3809 ἅπασιν
2795 3753 2917 3808 ἄνευ
2955 3753 3214 3829 ἀνάγκης.
3248 3753 3319 3808 Οὐ
3368 3758 3542 3828 κτήσῃ
3595 3778 3646 3810 τι
3688 3760 3786 3809 τοῦ

2137 3848 2347 3920 κόσμου
2393 3847 2618 3915 τούτου,
2671 3841 2791 3898 οὐδὲ
2852 3843 3302 3918 ἀποθησαυρίσεις
3356 3842 3662 3916 ἰδιορίστως
3707 3845 3782 3906 εἰς

2139 3938 2322 3991 ἑαυτὸν
2360 3935 2524 4010 μέχρι
2574 3933 2662 3988 καὶ
2709 3932 2827 3995 ένὸς
2879 3932 3157 4007 ἀργυρίου.
3213 3932 3288 3989 Οὐ
3331 3930 3784 4007 διαμερίσειςτήν

2137 4028 2320 4101 ψυχήν
2353 4030 2444 4079 καῖ
2499 4027 2597 4092 τὴν
2643 4019 2866 4096 καρδίαν
2908 4043 3002 4076 σου
3050 4020 3102 4074 ἐν
3158 4018 3342 4100 σχέσει
3391 4023 3478 4077 καὶ
3515 4024 3786 4100 φροντίδι,

2135 4119 2280 4191 παρά
2335 4118 2461 4178 τοὺς
2519 4114 2984 4186 πεπιστευμένους
3044 4134 3128 4167 σοι
3190 4113 3290 4167 ὑπὸ
3341 4118 3497 4180 Θεοῦ,
3542 4114 3790 4189 καίγεν-

2133 4207 2410 4280 νωμένους
2441 4227 2528 4259 σοι
2559 4207 2940 4277 πνευματικῶς
2974 4202 3125 4264 υἱοὺς
3154 4203 3244 4256 καὶ
3289 4199 3563 4278 ἀδελφούς
3592 4223 3605 4234 ·
3663 4204 3789 4259 οὕτε

2135 4296 2211 4358 εἷς
2256 4295 2381 4356 τούς
2430 4315 2561 4350 ποτε
2592 4292 2762 4354 ἰδίους
2806 4293 2939 4347 κατά
2988 4291 3178 4366 σάρκα,
3302 4297 3592 4368 συγγενεῖς,
3697 4294 3789 4370 φί-

2141 4384 2295 4452 λους,
2328 4385 2363 4453 ἦ
2398 4383 2754 4456 συνεταίρους.
2785 4381 2862 4438 Οὐ
2907 4381 3089 4455 χρήσῃ
3122 4386 3240 4442 τοῖς
3285 4382 3383 4449 τῆς
3433 4381 3642 4445 οἰκείας
3691 4404 3788 4435 σου

2145 4482 2340 4548 μονῆς,
2383 4471 2504 4528 οὕτε
2563 4477 2693 4544 ζῶν,
2739 4468 2862 4526 οὔτε
2923 4471 3060 4543 μετά
3111 4471 3360 4539 θάνατον,
3425 4467 3789 4543 ὲλεημονητι-

382 4578 447 4628 ut
478 4573 696 4629 dictum
728 4579 834 4637 est,
873 4577 929 4626 et
961 4572 1216 4626 amicos:
1254 4585 1358 4625 nec
1388 4572 1544 4626 enim
1577 4573 1647 4626 de
1686 4572 1906 4626 mundo
1946 4586 2028 4640 es,

2151 4569 2270 4634 ιῶς,
2304 4563 2338 4632 ἢ
2370 4561 2815 4634 κληρονομικῶς,
2849 4558 2924 4621 εἷς
2972 4557 3099 4621 τοός
3151 4577 3288 4613 ποτε
3344 4559 3785 4632 προειρημένους

386 4669 451 4718 ut
482 4680 575 4719 res
607 4662 810 4718 mundi
844 4661 1096 4733 attingas
1124 4677 1137 4714 :
1171 4664 1558 4733 praeterquam
1590 4660 1637 4716 si
1672 4662 1772 4732 qui
1805 4661 1949 4717 forte
1969 4676 2037 4715 ex

383 4754 644 4809 omnobio
677 4753 739 4809 in
797 4753 1061 4808 ordinem
1094 4755 1362 4807 nostrum
1424 4752 1801 4808 transierint:
1859 4757 2035 4822 atque

382 4845 469 4899 ita
515 4860 713 4898 curam
762 4857 962 4898 eorum
1011 4857 1174 4914 geres
1206 4843 1378 4912 juxta
1427 4846 1760 4897 sanctorum
1797 4842 2031 4897 Patrum

383 4933 731 5002 exemplum.
774 4933 899 4989 Non
932 4933 1255 5004 possidebis
1286 4949 1547 4999 servum,
1580 4947 1768 5002 neque
1801 4932 1872 4986 ad
1910 4939 2035 4987 tuos

386 5040 546 5090 usus,
580 5038 764 5094 neque
794 5023 866 5077 ad
892 5020 1226 5078 monasterii
1259 5021 1352 5075 cui
1395 5019 1695 5091 praesides,
1731 5037 1836 5076 nec
1865 5019 2032 5074 deni-

385 5129 497 5183 quc
527 5113 598 5168 ad
655 5113 773 5185 agri
832 5114 936 5183 tui,
988 5112 1285 5167 hominem
1345 5111 1444 5180 qui
1477 5111 1548 5166 ad
1583 5109 1684 5165 Dei
1717 5109 2030 5180 imaginem

387 5205 572 5257 factus
600 5206 724 5258 est:
760 5203 864 5258 hoc
922 5200 1075 5255 enim
1103 5198 1486 5254 saecularibus
1520 5198 1658 5253 solis
1689 5212 2031 5253 concessum

383 5299 487 5347 est.
523 5292 611 5346 Tu
645 5308 773 5347 vero
827 5290 1076 5360 teipsum
1109 5287 1382 5343 exhibere
1425 5287 1725 5342 unanimis
1757 5285 2032 5340 fratribus

379 5383 496 5436 tuis
527 5396 760 5437 servum
791 5379 986 5435 animo
1012 5379 1210 5445 debes,
1243 5377 1378 5432 licet
1407 5385 1642 5432 externa
1675 5374 1867 5447 specie
1901 5379 2030 5430 tan-

379 5486 557 5542 quam
589 5468 860 5524 dominus
878 5473 934 5525 et
952 5467 1234 5540 magister
1256 5466 1540 5522 babearis.
1580 5464 1830 5521 Feminei
1857 5480 2031 5520 sexus

457 5671 505 5708 ⁸⁴
530 5671 695 5730 Cant.
728 5688 769 5745 ι,
797 5673 850 5732 4.

2146 4651 2318 4716 ἰδίους
2371 4653 2460 4706 καὶ
2519 4649 2732 4728 φίλους.
2788 4649 2864 4707 Οὐ
2922 4649 3024 4724 γὰρ
3079 4648 3138 4702 ἐκ
3193 4653 3288 4704 τοῦ
3345 4650 3554 4722 κόσμου
3600 4650 3791 4718 εῖ,⁹ίνα

2147 4741 2383 4816 μετέχῃς
2414 4746 2520 4796 τῶν
2551 4739 2609 4794 ἐκ
2636 4744 2732 4794 τοῦ
2764 4737 2972 4811 κόσμου
3008 4757 3019 4769 °
3053 4736 3200 4806 πλὴν
3257 4737 3301 4791 εἰ
3352 4740 3427 4810 μή
3483 4759 3589 4793 που
3627 4761 3791 4811 μετα-

2145 4832 2290 4908 βαῖέν
2341 4851 2477 4891 νινες
2523 4829 2583 4884 ἐκ
2627 4833 2722 4884 τοῦ
2772 4831 3093 4884 κοινωνικοῦ
3127 4828 3248 4903 βίου
3281 4826 3356 4890 εἷς
3388 4827 3450 4882 τό
3481 4830 3602 4882 καθ’
3635 4831 3786 4902 ἡμᾶς

2137 4922 2318 4994 τάγμα
2367 4938 2381 4953 ·
2439 4921 2528 4975 καὶ
2587 4918 2728 4975 οὕτω
2797 4919 3097 4998 φροντίσεις
3160 4919 3295 4972 κατά
3356 4918 3593 4992 μίμησιν

2139 5011 2306 5087 ἁγίων
2367 5012 2636 5084 Πατέρων.
2679 5010 2752 5064 Οὐ
2809 5011 2981 5082 κτήσῃ
3014 5005 3230 5079 δοῦλον,
3281 5005 3404 5062 οὔτε
3458 5009 3533 5070 εἰς
3588 5007 3787 5063 οἰκείαν

2139 5100 2352 5178 χρείαν,
2415 5096 2536 5155 οὔτε
2601 5099 2677 5162 εἰς
2734 5098 2799 5166 ἣν
2859 5096 3178 5168 ἐπιστεύθης
3241 5099 3434 5170 μονὴν,
3518 5095 3645 5153 οὔτε
3713 5097 3792 5160 εἰς

2139 5189 2341 5264 ἀγρούς
2402 5209 2519 5255 σου,
2569 5187 2658 5241 τὸν
2705 5189 2819 5240 κατ’
2870 5185 3052 5240 εἰκόνα
3101 5190 3234 5239 Θεοῦ
3277 5185 3532 5260 γεγονότα
3582 5184 3791 5260 ἄνθρω-

2140 5300 2241 5333 πον
2278 5299 2290 5311 '
2323 5281 2483 5333 τοῦτο
2521 5276 2621 5350 γὰρ
2658 5275 2846 5348 μόνοις
2887 5280 3003 5334 τοῖς
3036 5274 3086 5329 ἐν
3140 5280 3218 5347 τῷ
3270 5274 3375 5347 βίῳ
3423 5276 3791 5353 συγκεχώρη-

2139 5389 2247 5424 ται.
2285 5367 2377 5422 Σοὶ
2405 5364 2462 5419 δέ
2492 5366 2669 5440 χρεὼν
2719 5364 2906 5419 ἑαυτὸν
2961 5369 3259 5438 παρασχεῖν
3305 5370 3419 5426 τοῖς
3467 5365 3783 5438 ὁμοψόχοις

2143 5480 2239 5516 σου
2287 5456 2546 5534 ἀδελφοῖς
2599 5454 2797 5512 δοῦλον
2847 5460 2916 5531 τῇ
2953 5455 3224 5530 προθέσει,
3263 5454 3358 5510 κᾶν
3407 5459 3476 5530 τῇ
3523 5451 3626 5528 ἕξω
3667 5453 3788 5510 ἔπι-

3682 4924 3789 4973 τῶν
