4090 6288
267 354 378 416 941

1548 359 2095 426 EPISTOLARUM
2143 365 2296 424 LIB.
2343 363 2389 422 Ι.

3546 366 3666 426 942

267 485 457 559 φανείᾳ
527 488 600 546 ὡς
677 484 945 556 δεσπότης
1005 488 1196 562 λογίζῃ
1278 490 1366 543 καὶ
1433 487 1776 556 διδάσκαλος.
1833 495 1907 549 Οὐ

2025 498 2238 554 animal
2281 497 2352 552 ad
2393 495 2715 552 necessaria
2765 496 3085 552 ministeria
3143 496 3370 552 nullum
3426 497 3663 564 habeas,

268 575 470 651 σχοίης
522 580 656 643 ζῶον
715 582 824 630 τῶν
866 576 929 631 ἐκ
972 581 1068 630 τοῦ
1099 576 1296 647 θήλεος
1344 577 1529 653 γένους
1587 581 1660 642 εἰς
1720 582 1906 654 χρείαν

269 663 628 738 ὑπουργικήν,
663 667 690 718 ὁ
746 670 825 737 τῷ
882 664 1036 734 θήλει
1084 668 1411 722 παντάπασιν
1462 669 1906 742 ἀποταξάμενος·

271 748 396 805 οὔτε
446 751 498 806 ἐν
544 756 612 826 τῇ
667 757 830 826 μονῇ,
864 751 986 808 οὔτε
1033 753 1084 808 ἐν
1116 760 1232 817 τοῖς
1259 756 1478 830 ἀγροῖς·
1513 759 1690 820 καθὼς
1735 758 1910 821 οὐδεὶς

266 844 377 894 τῶν
408 841 575 896 ὁσίων
606 843 694 896 καὶ
739 843 902 916 ἀγίων
945 846 1197 918 Πατέρων
1246 847 1406 918 ἡμῶν
1453 845 1752 921 ἐχρήσατο,
1788 846 1910 903 οὔτε

272 935 308 1000 ἡ
360 931 516 1005 φύσις
558 931 690 1002 αύτή
741 933 1036 1007 ἐπιτρέπει.
1085 935 1194 989 Οὐκ
1241 936 1612 1010 ἐποχούμενος
1674 937 1764 1012 ἔσῃ
1810 936 1908 994 *ίπ-

270 1041 396 1081 ποις
444 1021 532 1074 καὶ
583 1016 841 1092 ἡμιόνοις
889 1021 1009 1076 ἄνευ
1040 1021 1272 1098 ἀνάγκης
1297 1046 1310 1055 ·
1343 1023 1488 1078 ἀλλὰ
1519 1028 1909 1100 Χριστομιμή-

267 1129 378 1170 τως
415 1112 833 1185 πεζοπορήσεις.
873 1111 930 1165 Εἰ
965 1109 1010 1164 δ’
1042 1109 1102 1166 οὗ
1125 1132 1137 1144 ⁸
1183 1111 1372 1176 πῶλός
1406 1135 1490 1168 σοι
1520 1115 1582 1168 τὸ
1619 1116 1906 1190 ὑποζύγιον

268 1196 441 1258 ἔσται.
495 1198 900 1278 Παραφυλάξεις
958 1200 1168 1266 πάντως
1208 1204 1272 1258 τὸ
1318 1205 1386 1259 τὰ
1415 1206 1587 1260 πάντα
1615 1208 1682 1260 τὰ
1728 1205 1779 1260 ἐν
1838 1211 1906 1281 τῇ

264 1287 605 1364 ἀδελφότητι
659 1291 816 1345 κοινά
871 1292 1010 1346 εἶναι
1074 1293 1164 1346 καὶ
1219 1293 1483 1367 ἀμέριστα
1518 1313 1532 1327 ⁸
1585 1296 1675 1350 καὶ
1738 1293 1904 1368 μηδὲν

261 1380 401 1433 κατά
461 1378 622 1453 μέρος
677 1384 774 1434 τοῦ
822 1381 1148 1436 καθέκαστον
1193 1382 1270 1444 εἷς
1311 1381 1705 1456 ἐξαυθέντησιν,
1742 1385 1906 1460 μέχρι

258 1466 353 1521 καὶ
385 1466 627 1546 ῥαφίδος.
653 1475 762 1524 Σοῦ
795 1467 851 1525 δὲ
881 1473 969 1525 καὶ
999 1473 1062 1527 τὸ
1103 1476 1262 1545 σῶμα
1307 1473 1397 1528 καὶ
1439 1475 1474 1542 ἠ
1525 1476 1700 1550 ψυχὴ,
1736 1477 1812 1547 μή
1854 1475 1906 1528 τί

258 1579 324 1632 γε
354 1555 518 1628 ἄλλο,
549 1558 782 1616 ἔστωσαν
841 1559 1306 1639 διαμεμερισμένοι
1346 1562 1398 1618 ἐν
1449 1564 1659 1634 ἰσότητι
1689 1565 1904 1640 ἀγάπης

260 1652 393 1702 πᾶσι
449 1654 566 1712 τοῖς
619 1658 1007 1723 πνευματικοῖς
1069 1673 1169 1707 σου
1224 1651 1428 1716 τέκνοις
1485 1655 1575 1709 καὶ
1623 1653 1903 1732 ἀδελφοῖς.

259 1741 380 1797 Οὐκ
411 1738 734 1812 ἐξουσιάσεις
765 1743 850 1798 ἐπὶ
889 1749 1006 1805 τοῖς
1041 1741 1188 1798 δυσὶν
1232 1742 1489 1821 ἀδελφοῖς
1546 1765 1641 1800 σου
1689 1745 1778 1798 καὶ
1815 1744 1906 1800 τέ-

261 1850 409 1890 κνοις
445 1852 552 1901 μου
578 1852 591 1864 ο
627 1828 748 1886 οὕτε
777 1832 912 1905 πρὸς
957 1832 1164 1911 ἀρχὴν,
1197 1834 1319 1888 οὕτε
1368 1834 1503 1908 πρὸς
1555 1835 1904 1907 χειροτονίαν

261 1918 458 1992 πρᾶξαί
517 1941 567 1973 τι
626 1920 790 1992 παρὲξ
847 1927 946 1990 τῆς
1004 1929 1274 1995 πατρικῆς
1330 1943 1425 1976 σου
1474 1921 1904 1984 έντάλσεως.ού

260 2007 458 2081 σχοίης
523 2009 656 2081 μετά
705 2014 984 2082 κοσμικῶν
1034 2009 1447 2088 ἀδελφοποιίας,
1491 2011 1526 2080 ἢ
1573 2013 1902 2079 συντεκνίας,

260 2097 288 2148 ὁ
322 2099 494 2173 ιρυγάς
521 2103 617 2152 τοῦ
647 2100 857 2171 κόσμου
887 2101 977 2154 καὶ
1026 2105 1123 2155 τοῦ
1170 2101 1370 2176 γάμου.
1401 2099 1480 2158 Οὔ
1530 2102 1632 2177 γάρ
1681 2101 1904 2176 εὕρηται

258 2185 310 2236 ἐν
337 2192 455 2248 τοῖς
488 2188 754 2260 Πατράσιν
791 2206 804 2219 ·
839 2187 884 2240 εἰ
937 2187 994 2242 δὲ
1036 2189 1122 2242 καὶ
1174 2187 1416 2261 εὕρηται.
1475 2189 1778 2256 σπανιάκις,
1813 2191 1903 2244 καὶ

257 2279 417 2330 τοῦτο
478 2275 539 2329 ού
606 2276 792 2349 νόμος.
854 2277 927 2329 Ού
1000 2279 1348 2350 συνεπιαθῇς
1418 2280 1552 2349 μετά
1615 2283 1903 2352 γυναικῶν,

259 2365 405 2435 πλὴν
461 2374 559 2436 τῆς
619 2369 756 2421 κατά
805 2369 976 2441 σάρκα
1049 2370 1277 2440 μητρὸς,
1335 2370 1424 2424 καὶ
1485 2369 1745 2446 ἀδελφῆς,
1806 2371 1908 2425 οὐκ

261 2456 381 2512 οῖδα
416 2458 460 2512 εί
509 2460 584 2530 μή
638 2480 719 2520 τις
757 2459 849 2533 βία
895 2460 984 2513 καὶ
1035 2458 1265 2532 ἀνάγκη,
1299 2461 1478 2522 καθὼς
1509 2459 1906 2534 παρακελεύον-

263 2569 350 2601 ται
375 2548 426 2599 οἱ
456 2543 600 2622 ἅγιοι
639 2547 887 2622 ΙΙατέρες.
921 2545 995 2602 Οὔ
1037 2548 1236 2623 σχοίης
1276 2549 1337 2602 τὸ
1388 2547 1773 2626 πολυπρὸοδον
1817 2548 1906 2602 καὶ

266 2635 694 2711 πολυγύρευτον,
753 2641 876 2692 ἄνευ
957 2637 1200 2714 ἀνάγκης
1277 2635 1772 2712 ἐγκαταλιμπάνων
1845 2637 1908 2690 τὸ

268 2725 465 2780 οἰκεῖον
490 2725 747 2798 ποίμνιον
775 2747 786 2757 ·
822 2727 957 2780 ὅπου
988 2747 1046 2802 γε
1093 2725 1182 2779 καὶ
1231 2724 1603 2801 ἐγκαθημένου
1663 2747 1756 2780 σου
1810 2725 1908 2799 μὸ-

276 2814 362 2877 λις
414 2814 763 2884 διασώζοιντο
827 2816 894 2869 τὰ
952 2815 1422 2888 πολυτροπώτατα
1476 2817 1565 2870 καὶ
1623 2813 1912 2887 πολυδιεξ-

274 2903 464 2959 ὁδευτα
522 2904 722 2979 λογικέι
779 2902 1044 2978 πρόϐατα.
1112 2905 1521 2980 Παραφυλάξεις
1585 2905 1796 2968 πάντως
1851 2903 1912 2960 τὸ

271 2997 542 3049 ποιεῖσθαι
598 2997 845 3068 τρισάκις
901 2997 998 3065 τήν
1059 2997 1366 3069 κατήχησιν
1404 2999 1472 3068 τῇ
1505 2990 1794 3069 ὲϐδομάδι,
1825 2995 1911 3050 καὶ

263 3085 383 3138 καθ’
444 3083 708 3158 ἑσπέραν·
772 3080 956 3153 ἐπειδὴ
1034 3080 1515 3158 πατροπαράδοτον
1574 3088 1760 3154 τοῦτο,
1823 3082 1916 3138 καὶ

261 3173 557 3245 σωτήριον.
619 3170 694 3229 Οὐ
768 3169 922 3242 δοίης
973 3172 1104 3246 ὅπερ
1154 3171 1380 3248 λέγουσι
1443 3173 1633 3246 μικρὸν
1690 3176 1906 3247 σχῆμα,

1932 1887 1980 1952 Β

2021 587 2123 657 qui
2166 585 2397 641 feminis
2417 585 2656 640 omnino
2679 586 3052 653 renuntiasti,
3080 601 3182 638 nec
3204 586 3264 639 in
3290 587 3666 654 monasterio,

2019 693 2122 731 nec
2152 676 2211 730 in
2241 677 2434 747 agris:
2470 673 2667 730 nullus
2717 674 3009 746 siquidem
3059 680 3400 730 sanctorum
3431 675 3665 731 Patrum

2019 782 2160 820 usus
2187 769 2296 830 est,
2327 770 2384 820 et
2414 772 2623 820 natura
2651 764 2780 834 ipsa
2810 780 2924 819 non
2967 764 3274 834 permittit.
3330 764 3458 820 Non
3487 765 3668 819 vehe—

2017 856 2096 910 ris
2128 855 2296 925 equis
2326 858 2429 909 aut
2459 853 2635 909 mulis
2658 854 2877 925 absque
2901 853 3274 921 necessitate;
3308 855 3410 908 sed
3454 853 3669 908 Christi

2015 943 2280 1014 exemplo
2322 942 2570 1014 pedibus
2627 943 2737 998 iter
2785 943 2960 997 facies
3005 959 3018 996 :
3067 942 3157 996 sin
3209 943 3431 1011 minus,
3472 941 3670 1013 pullus

2016 1034 2165 1089 asini
2197 1033 2658 1103 eritjumentum
2683 1040 2860 1087 tuum.
2893 1032 3137 1088 Curabis
3185 1033 3424 1088 omnino
3458 1035 3518 1086 ut
3567 1031 3662 1086 in—

2014 1127 2104 1177 ter
2153 1121 2354 1177 fratres
2418 1123 2752 1176 communia
2797 1125 2855 1177 et
2920 1122 3176 1177 indivisa
3241 1122 3362 1176 sint
3443 1121 3662 1188 omnia,

2016 1216 2073 1267 et
2119 1211 2261 1266 nhiil
2307 1211 2657 1281 cujusquam
2710 1210 3010 1280 proprium
3085 1210 3218 1280 jure
3276 1209 3539 1277 dominii,
3593 1225 3666 1265 ne

2013 1315 2148 1356 acus
2179 1300 2435 1369 quidem.
2465 1299 2587 1354 Tibi
2617 1315 2747 1355 vero
2779 1304 2836 1354 et
2887 1315 3101 1370 corpus
3130 1303 3188 1354 et
3220 1299 3439 1367 anima,
3467 1314 3540 1354 ne
3571 1299 3664 1352 di-

2011 1404 2139 1444 cam
2170 1393 2395 1453 caetera,
2427 1403 2589 1458 aqua
2620 1389 2783 1444 lance
2813 1387 3115 1444 charitatis
3146 1388 3204 1441 in
3238 1403 3444 1443 omnes
3474 1387 3666 1459 spiri-

2012 1477 2200 1533 tuales
2227 1477 2382 1533 ﬁlios
2405 1485 2533 1533 tuos
2565 1493 2630 1532 ac
2662 1478 2866 1533 fratres
2896 1477 3245 1532 dividantur.
3304 1477 3433 1532 Non
3478 1478 3661 1532 uteris

2012 1571 2295 1639 potestate
2357 1582 2496 1638 erga
2558 1568 2703 1623 duos
2749 1568 2949 1622 fratres
2995 1570 3148 1632 tuos,
3200 1571 3258 1622 et
3293 1565 3446 1621 ﬁlios
3488 1581 3662 1632 meos,

2013 1662 2078 1712 ut
2107 1655 2193 1711 vel
2225 1656 2294 1712 ad
2325 1657 2747 1726 praefecturam,
2798 1655 2880 1711 vel
2930 1655 3001 1710 ad
3051 1655 3481 1710 ordinationem
3534 1655 3661 1710 sine

2012 1746 2196 1800 Patris
2231 1745 2400 1814 jussu
2441 1745 2762 1816 quidquam
2823 1760 2986 1816 agas.
3029 1745 3110 1799 Ne
3163 1745 3475 1800 contrahas
3523 1760 3656 1798 cum

2013 1833 2392 1890 saecularibus
2482 1834 2893 1902 fraternitates,
2993 1833 3080 1888 vel
3186 1833 3658 1901 conﬁliationes;

2011 1925 2224 1996 quippe
2254 1924 2354 1995 qui
2385 1923 2664 1979 smeulum
2710 1927 2768 1978 et
2815 1924 3048 1994 nuptias
3095 1922 3402 1993 reliquisti.
3461 1922 3660 1993 Neque

2008 2013 2162 2068 enim
2199 2017 2381 2068 exstat
2424 2012 2760 2083 exemplum
2807 2011 2870 2067 in
2921 2011 3217 2077 Patribus;
3252 2016 3308 2066 et
3347 2013 3400 2066 si
3448 2015 3657 2076 exstat,

2006 2119 2306 2173 perrarum
2337 2104 2448 2168 est,
2481 2117 2584 2158 nec
2618 2101 2760 2170 legis
2791 2101 2904 2155 vim
2937 2101 3132 2156 habet.
3177 2101 3301 2154 Non
3346 2101 3656 2172 epulabere

2009 2209 2142 2247 cum
2175 2191 2428 2255 feminis,
2459 2197 2696 2262 excepta
2718 2199 2909 2245 matre
2928 2198 3023 2245 tua
3048 2190 3368 2245 secundum
3393 2206 3650 2255 carnem,

2006 2287 2062 2336 et
2094 2290 2298 2345 torore,
2334 2281 2445 2334 nisi
2477 2279 2564 2334 vis
2597 2279 2792 2349 aliqua
2823 2284 2881 2332 et
2903 2279 3216 2334 necessitas
3241 2286 3464 2350 urgeat,
3496 2279 3653 2332 sicut

2009 2371 2329 2425 admonent
2360 2369 2548 2424 sancti
2580 2368 2798 2423 Patres.
2832 2367 2914 2423 Ne
2954 2368 3224 2439 frequens
3255 2367 3338 2423 sis
3367 2369 3425 2422 in
3457 2382 3654 2437 egres-

2009 2459 2171 2516 sibus
2200 2464 2257 2514 et
2284 2457 2957 2526 circumcursationibus,
2993 2456 3293 2528 proprium
3319 2457 3463 2512 ovile
3485 2455 3654 2512 dese-

2013 2565 2146 2604 rens
2190 2550 2316 2604 sine
2355 2549 2722 2613 necessitate,
2773 2562 2907 2602 cum
2957 2545 3194 2602 difﬁcile
3244 2545 3342 2608 sit,
3379 2545 3554 2601 etiam
3600 2545 3653 2600 si

2013 2639 2279 2694 assiduus
2311 2638 2570 2707 incubes,
2604 2637 2912 2692 variabiles
2953 2641 3010 2691 et
3039 2635 3308 2691 erraticas
3339 2634 3655 2694 rationales

2013 2745 2147 2785 oves
2176 2744 2423 2784 servare.
2457 2729 2604 2783 Cura
2634 2743 2868 2798 prorsus
2901 2732 2963 2781 ut
3009 2724 3358 2780 catechesim
3393 2723 3656 2795 qualibet

2015 2818 2379 2874 hebdomade
2429 2826 2514 2873 ter
2552 2818 2750 2885 facias,
2797 2817 2869 2872 ad
2912 2832 3258 2886 vesperum;
3314 2813 3590 2885 quoniam
3625 2831 3658 2868 a

2014 2909 2284 2965 Patribus
2317 2910 2373 2964 id
2414 2909 2717 2977 traditum,
2751 2913 2810 2963 et
2839 2909 3092 2963 salutare
3141 2910 3246 2962 est.
3299 2905 3381 2961 Ne
3427 2904 3656 2960 dederis

2015 3015 2258 3070 parvum
2280 3014 2450 3069 quem
2483 3001 2694 3054 vocant
2724 2997 3012 3060 habitum,
3043 3012 3109 3050 ac
3136 2995 3321 3051 veluti
3363 2999 3496 3065 post
3523 3010 3653 3063 epa-

2015 3089 2159 3144 tium
2193 3087 2490 3160 temporis,
2522 3087 2768 3142 alterum
2788 3085 2942 3140 velut
2963 3101 3243 3156 magnum
3279 3099 3292 3137 :
3325 3099 3480 3138 unus
3503 3083 3656 3139 enim

2015 3182 2106 3233 est
2133 3176 2393 3243 habitus,
2428 3177 2580 3230 sicut
2619 3179 2676 3228 et
2726 3174 3036 3244 baptisma,
3074 3171 3566 3244 quemadmodum
3596 3171 3656 3224 in

255 3257 447 3315 ἔπειτα
507 3261 640 3334 μετά
697 3262 931 3335 χρόνους
978 3259 1158 3337 ἕτερον
1219 3263 1292 3320 ὡς
1353 3262 1513 3336 μέγα.
1553 3264 1643 3318 Ἓν
1689 3261 1792 3335 γάρ
1840 3262 1902 3315 τὸ

2018 3281 2174 3322 more
2230 3265 2338 3320 fuit
2383 3268 2708 3318 sanctorum
2766 3263 3026 3316 Patrum.
3081 3261 3164 3316 Ne
3209 3259 3658 3330 transgrediaris

255 3357 481 3424 σχῆμα,
514 3349 694 3424 ὥσπερ
723 3349 812 3404 καὶ
843 3351 906 3404 τὸ
939 3352 1241 3424 βάπτισμα,
1274 3352 1454 3412 καθὼς
1505 3353 1556 3404 οἱ
1606 3351 1754 3424 ἅγιοι
1807 3355 1907 3404 Πα-

248 3439 409 3515 τέρες
442 3440 771 3514 ἐχρήσαντο.
805 3439 877 3495 Ού
927 3435 1180 3514 παραϐᾔς
1233 3442 1360 3501 τοὺς
1416 3441 1619 3514 νόμους
1668 3440 1757 3494 καὶ
1809 3461 1909 3493 κα-

251 3530 412 3592 νόνας
452 3535 557 3584 τῶν
603 3529 882 3604 Πατέρων,
910 3531 1016 3605 πρό
1049 3551 1110 3604 γε
1139 3531 1354 3585 πάντων
1384 3536 1478 3584 τοῦ
1510 3530 1667 3605 ἁγίου
1701 3531 1908 3605 Πατρὸς

251 3620 421 3691 ἡμῶν
456 3618 739 3674 Βασιλείου
763 3639 775 3651 ·
809 3616 957 3673 ἀλλά
980 3611 1089 3674 ’πᾶν
1118 3619 1147 3672 ὅ
1193 3641 1244 3674 τι
1289 3626 1464 3680 ποιεῖς
1513 3622 1547 3690 ἢ
1600 3618 1802 3696 λέγεις,
1835 3619 1910 3682 ὡς

256 3707 564 3781 μαρτυρίαν
622 3703 765 3785 ἔχων
827 3707 884 3762 ἐκ
940 3712 1045 3761 τῶν
1103 3713 1328 3785 Γραφῶν
1387 3709 1626 3782 πράξεις,
1658 3709 1692 3777 ἤ
1727 3709 1802 3769 ὼς
1853 3708 1910 3763 ἐκ

255 3802 533 3871 πατρικῆς
594 3818 688 3850 σου
739 3796 1040 3867 συνηοείας,
1093 3795 1213 3850 ἄνευ
1271 3794 1628 3872 παραϐάσεως
1675 3796 1907 3866 ἐντολῆς

254 3887 418 3942 Θεοῦ.
453 3886 527 3942 Οὐ
559 3885 904 3959 καταλείψεις
933 3887 995 3940 τὸ
1026 3884 1281 3958 ποίμνιόν
1326 3907 1442 3955 σου,
1474 3887 1563 3940 καὶ
1605 3888 1680 3948 εἰς
1725 3884 1905 3959 ἕτερον

261 3972 581 4049 μεταϐήσῃ,
691 3979 826 4049 πρὸς
881 3975 1102 4048 μείζονα
1136 3974 1282 4045 ἀξίαν
1330 3974 1753 4049 ἐπαναδράμοις,
1786 3973 1907 4028 ἄνευ

254 4071 533 4136 πατρικῆς
582 4085 682 4118 σου
757 4061 1118 4138 διαγνώσεως.
1163 4063 1240 4120 Ού
1299 4061 1568 4142 φιλιάσεις
1619 4067 1751 4138 μετά
1805 4085 1908 4118 κα-

251 4161 506 4222 νονικῆς,
541 4151 668 4208 οὐδὲ
699 4149 1024 4228 παραϐάλῃς
1054 4152 1104 4206 ἐν
1157 4155 1448 4227 γυναικείῳ
1489 4155 1740 4227 σεμνείῳ,
1783 4152 1907 4208 οὐδὲ

249 4244 572 4314 καταμόνας
622 4241 911 4314 ὁμιλήσεις
966 4243 1304 4315 μοναζούσῃ,
1345 4243 1379 4311 ἢ
1429 4247 1693 4316 κοσμικῇ,
1736 4244 1782 4297 εἰ
1827 4245 1901 4316 μή

248 4353 364 4387 που
399 4331 605 4406 ἀνάγκη
638 4327 828 4385 ἕλκοι·
872 4330 962 4384 καὶ
991 4330 1114 4386 τότε
1148 4329 1244 4386 δύο
1293 4331 1574 4405 παρόντων
1626 4331 1676 4405 ἐξ
1727 4332 1906 4388 ἑκατέ-

250 4442 356 4497 ρου
405 4421 603 4494 μέρους
655 4421 986 4494 προσώπων.
1017 4420 1086 4474 Τὸ
1125 4419 1227 4496 γὰρ
1273 4419 1348 4488 ἓν,
1408 4419 1482 4482 ὥς
1533 4443 1712 4499 φησιν,
1747 4419 1906 4476 εὺεπ-

251 4505 680 4582 ηρέαστον.οὒκ
726 4508 952 4578 ἀνοίξεις
997 4510 1097 4578 τὴν
1150 4509 1313 4584 Ούραν
1367 4516 1466 4579 τῆς
1515 4509 1754 4583 ποίμνης
1815 4510 1900 4565 ἐπὶ

2017 3357 2174 3428 leges
2212 3361 2270 3412 et
2314 3357 2545 3426 regulas
2592 3355 2844 3420 Patrum,
2895 3353 3178 3423 praecipue
3227 3351 3417 3407 sancti
3467 3350 3660 3405 Patris

2016 3446 2200 3500 nostri
2229 3443 2426 3500 Basilii
2453 3461 2467 3499 :
2502 3443 2602 3498 sed
2628 3442 2911 3512 quidquid
2933 3456 3070 3512 agas
3099 3440 3348 3502 discave,
3375 3444 3660 3510 tanquam

2017 3533 2423 3590 testimonium
2464 3548 2534 3587 ex
2563 3531 2744 3587 sacris
2784 3530 3010 3586 Litteris
3050 3530 3286 3596 habeas,
3327 3533 3426 3585 aut
3453 3544 3521 3583 ex
3551 3543 3660 3597 pa-

2016 3627 2184 3679 terna
2214 3622 2665 3687 consuetudine,
2714 3621 2772 3674 id
2830 3636 2955 3691 age,
3005 3621 3133 3675 sine
3177 3617 3358 3674 divini
3389 3616 3659 3689 praecepti

2019 3711 2514 3782 pravaricatione.
2544 3709 2669 3765 Non
2701 3709 2936 3764 deseres
2983 3722 3216 3780 gregem
3266 3710 3455 3773 tuum,
3497 3712 3558 3759 ut
3587 3702 3662 3758 ad

2019 3802 2267 3858 alterum
2301 3809 2586 3868 transeas,
2618 3799 2707 3855 vel
2728 3799 2799 3854 ad
2831 3800 3108 3869 majorem
3141 3796 3483 3868 dignitatem
3523 3810 3660 3848 con-

2019 3896 2264 3950 scendae
2299 3893 2426 3948 sine
2456 3893 2642 3949 Patris
2671 3892 2754 3946 tui
2785 3891 3042 3946 arbitrio.
3074 3888 3198 3943 Non
3230 3889 3393 3942 ineas
3424 3885 3666 3941 familia-

2017 3984 2168 4038 rium
2214 3998 2347 4038 cum
2413 3982 2712 4046 cononica,
2779 3995 2962 4050 neque
3025 3977 3306 4032 muliebre
3373 3977 3663 4030 monaste-

2016 4072 2169 4127 rium
2202 4071 2570 4143 ingrediaris,
2603 4085 2784 4140 neque
2829 4083 3092 4123 seorsum
3135 4082 3268 4121 cum
3319 4063 3439 4119 ulla
3486 4062 3664 4118 collo-

2015 4161 2214 4232 quaris
2281 4160 2566 4216 monacha
2625 4160 2710 4213 vel
2775 4156 3062 4223 saeculari,
3145 4154 3260 4210 nisi
3347 4153 3665 4209 necessitas

2016 4249 2454 4322 compellat;ac
2485 4252 2610 4303 tum
2644 4262 2877 4317 quoque
2902 4245 3127 4300 duabus
3166 4242 3440 4312 utrinque
3471 4257 3666 4312 perso-

2017 4340 2109 4395 nis
2159 4339 2493 4394 astantibus
2553 4353 2566 4391 :
2620 4351 2738 4392 una
2783 4334 2964 4403 enim,
3009 4338 3076 4388 ut
3119 4333 3305 4398 aiunt,
3358 4330 3664 4386 calumniae

2015 4428 2267 4485 obnoxia
2295 4431 2403 4483 est.
2445 4426 2572 4480 Non
2617 4424 2838 4495 aperias
2886 4423 3101 4478 ostium
3150 4420 3338 4487 ovilis,
3391 4424 3455 4474 ut
3493 4418 3666 4473 femi-

2015 4534 2151 4573 nam
2212 4516 2390 4571 ullam
2421 4515 2774 4570 intromittae
2821 4511 2948 4568 sine
3006 4526 3220 4581 magna
3281 4508 3662 4564 necessitate:

254 4595 458 4670 εἰσόδῳ
509 4597 762 4662 παντοίας
805 4597 1082 4672 γυναικὸς,
1132 4597 1256 4652 ἄνευ
1328 4598 1570 4674 μεγάλης
1625 4599 1902 4674 ἀνάγκης*

2017 4607 2171 4678 quod
2205 4607 2252 4661 si
2285 4606 2504 4677 absque
2536 4606 2740 4658 mutuo
2782 4606 3014 4671 aspectu
3061 4599 3292 4655 admitti
3324 4601 3529 4670 potest,
3562 4611 3661 4650 ne-

256 4689 303 4743 εἱ
370 4685 426 4741 δὲ
487 4685 708 4749 δυνατὸς
771 4688 817 4742 εἴ
873 4687 1203 4761 ἀσυμφανῶς
1253 4685 1529 4766 δέχεσθαι,
1562 4686 1690 4742 οὐδὲ
1745 4693 1907 4744 τοῦτο

257 4773 605 4846 ἀπόϐλητον.
648 4777 725 4834 Ού
774 4779 1020 4847 ποιήσεις
1063 4780 1270 4849 σεαυτῷ
1318 4778 1683 4854 καταγώγιον,
1791 4784 1907 4840 τοῖς

259 4872 653 4939 πνευματικοῖς
697 4888 790 4922 σου
834 4867 1042 4927 τέκνοις
1086 4866 1233 4921 οἶκον
1295 4869 1580 4940 κοσμικὸν,
1620 4867 1670 4922 ἐν
1713 4869 1758 4939 ᾧ
1808 4868 1908 4923 εἰσι

261 4962 536 5030 γυναῖκες,
569 4955 657 5010 ἐπὶ
708 4957 894 5030 συχνῷ
948 4950 1356 5030 παραϐάλλωνο
1408 4955 1536 5011 ἀλλ’
1594 4956 1783 5031 ἐκλέξῃ
1835 4957 1910 5018 εἰς

260 5044 474 5119 ἀνδρῶν
510 5039 758 5099 εύλαϐὦν
788 5046 883 5106 τὰς
916 5042 1212 5118 παροδικάς
1254 5045 1341 5100 καὶ
1379 5045 1672 5119 ἀναγκαίας
1722 5045 1911 5120 χρείας

259 5138 558 5191 ποιεῖσθαι.
619 5133 694 5191 Ού
751 5137 927 5209 κτήσῃ
999 5136 1246 5207 μαΟητήν
1303 5135 1378 5197 εἰς
1432 5135 1494 5188 τὸ
1540 5133 1765 5189 κελλίον
1816 5157 1910 5190 σου

263 5225 546 5300 μειράκιον
633 5226 996 5298 προσπαθῶς·
1060 5223 1188 5278 ἀλλ’
1268 5225 1326 5279 ἐκ
1392 5225 1688 5298 προσώπου
1741 5225 1912 5279 ἀνυπ-

257 5312 456 5383 όπτου,
489 5315 580 5368 καὶ
612 5312 671 5368 ἐκ
701 5310 974 5390 διαφόρων
1005 5310 1274 5389 ἀδελφῶν,
1305 5313 1403 5381 τὴν
1462 5315 1761 5389 ὑπουργίαν
1813 5336 1908 5369 σου

256 5405 528 5472 ποιήσεις.
594 5403 665 5457 Οὐ
742 5405 916 5477 κτήσῃ
995 5402 1292 5475 ἱματισμὸν
1351 5400 1756 5479 ἐξηλλαγμένον
1815 5406 1908 5458 καὶ

255 5491 594 5565 πολύτιμον,
629 5490 747 5547 ἄνευ
776 5496 872 5546 τοῦ
905 5491 1194 5566 ἱερατεύειν
1234 5511 1292 5544 σε
1315 5507 1329 5522 ⁶
1363 5489 1511 5546 ἀλλά
1555 5497 1674 5556 τοῖς
1717 5513 1906 5548 ταπει-

258 5584 376 5641 νοῖς
431 5581 871 5654 πατρομιμήτως
930 5577 1020 5632 καὶ
1079 5575 1273 5648 ἐνδύσῃ
1327 5577 1419 5634 καὶ
1475 5576 1738 5655 ὑποδύσῃ.
1794 5581 1908 5638 Ούκ

258 5663 360 5744 ἔσῃ
411 5666 776 5746 ἁϐροδίαιτος,
807 5667 930 5724 οὔτε
977 5667 1028 5723 ἐν
1079 5666 1253 5738 οἰκείᾳ
1288 5689 1382 5724 σου
1425 5665 1660 5743 δαπάνῃ,
1687 5666 1808 5725 οὔτε
1852 5670 1903 5727 ἐν

2020 4713 2129 4766 que
2161 4695 2222 4752 id
2250 4693 2685 4766 negligentiam.
2719 4691 2843 4746 Non
2875 4690 3052 4746 facies
3099 4688 3206 4743 tibi
3252 4686 3661 4750 diversorium,

2022 4790 2122 4841 aut
2168 4783 2565 4855 spiritualibus
2614 4781 2750 4837 filiis
2798 4781 2916 4834 tuis
2964 4777 3299 4834 secularem
3335 4776 3578 4831 domum
3605 4775 3663 4828 in

2022 4891 2134 4947 qua
2162 4875 2282 4930 sint
2311 4873 2541 4928 feminae
2585 4887 2600 4928 :
2633 4871 2717 4927 ita
2745 4875 2808 4926 ut
2828 4885 2954 4925 eam
2985 4869 3315 4940 frequentes
3345 4882 3358 4920 :
3393 4866 3491 4920 sed
3513 4864 3666 4936 apud

2022 4963 2322 5034 religiosos
2353 4961 2546 5031 potius
2579 4959 2730 5015 viros
2772 4955 3077 5021 diversari,
3099 4961 3156 5011 et
3185 4953 3512 5010 necessaria
3542 4951 3666 5006 vitai

2021 5051 2284 5106 subsidia
2311 5065 2512 5120 capere
2555 5048 2834 5105 studebis.
2873 5051 2999 5102 Non
3030 5045 3272 5101 habebis
3300 5045 3361 5098 in
3389 5041 3537 5098 cella
3568 5046 3669 5096 tua

2021 5140 2375 5212 discipulum
2421 5139 2868 5205 adolescentem,
2897 5153 3014 5208 quo
3064 5133 3355 5190 afficiare:
3391 5133 3491 5187 sed
3535 5147 3668 5200 per-

2021 5245 2174 5285 sonae
2207 5229 2448 5285 minime
2487 5231 2791 5299 suspectae,
2844 5242 2909 5281 ac
2955 5225 3319 5280 diversorum
3369 5223 3510 5276 adeo
3559 5221 3668 5275 fra-

2018 5322 2174 5374 trum
2208 5318 2527 5374 ministerio
2559 5316 2760 5373 uteris.
2798 5315 2922 5372 Non
2972 5316 3047 5369 sit
3094 5314 3196 5371 tibi
3243 5311 3668 5369 vestimemtum

2020 5409 2404 5479 elaboratum,
2429 5413 2487 5465 et
2528 5407 2874 5478 pretiosum,
2925 5408 3132 5476 praeter
3162 5399 3541 5465 sacerdotale;
3568 5398 3669 5453 sed

2019 5498 2317 5554 humiliter
2356 5498 2590 5554 Patrum
2643 5493 2904 5564 exemplo
2953 5498 3009 5550 et
3054 5492 3312 5549 indueris
3347 5496 3404 5546 et
3446 5487 3670 5544 calcea-

2016 5587 2193 5644 berie.
2229 5587 2354 5644 Non
2403 5587 2518 5644 eris
2567 5585 2850 5642 delicatus
2898 5598 2964 5638 ac
2993 5581 3206 5648 lautus,
3229 5594 3425 5659 neque
3457 5577 3516 5631 in
3552 5575 3669 5648 pri—

2014 5681 2142 5735 vato
2174 5682 2275 5735 tuo
2313 5681 2572 5749 sumptu,
2607 5690 2788 5748 neque
2842 5673 2899 5728 in
2946 5672 3236 5744 hospitum
3301 5667 3666 5740 recoptionc:
