4090 6288
452 327 567 388 943

434 553 857 610 thesaurizabis
889 569 1096 608 aurum
1149 553 1209 607 in
1241 553 1590 609 monasterio
1621 557 1752 620 tuo;
1795 553 1899 610 sed
1923 555 2092 626 quid-

439 644 577 714 quid
615 643 676 699 in
725 658 1079 715 unoquoque
1124 657 1336 713 genere
1388 642 1757 709 redundabit,
1821 645 2094 715 adaperto

444 732 588 789 atrio
617 736 718 788 tuo
748 733 1126 804 pauperibus,
1158 735 1483 788 sanctorum
1509 733 1740 789 Patrum
1774 749 1958 802 more,
1982 733 2094 790 lar-

445 824 587 896 gire.
631 823 757 880 Non
808 824 1069 880 servabis
1109 822 1303 879 locum
1354 824 1710 894 obaeratum,
1754 839 1860 880 nec
1889 841 2090 882 curam

443 929 603 982 geres
650 912 978 969 oeconomia:
1031 928 1044 966 :
1098 913 1198 968 sed
1243 915 1366 968 tota
1422 929 1562 968 cura
1607 916 1709 967 tua
1755 914 2086 969 animarum

442 1011 583 1059 esto.
616 1005 842 1058 Aurum
871 1018 1003 1058 VBPO
1034 1005 1092 1058 0t
1121 1018 1215 1057 P88
1247 1001 1374 1058 llBlli
1406 1002 1759 1058 necessarias
1788 1019 2086 1060 mconomo

445 1093 794 1160 committes,
829 1097 884 1148 et
913 1091 1166 1158 cellario,
1199 1099 1252 1147 et
1283 1096 1347 1146 ut
1374 1094 1582 1163 cuique
1611 1094 1878 1148 convenit
1919 1094 2088 1150 mini-

443 1181 617 1237 sterio
657 1197 672 1236 :
704 1182 784 1236 ita
818 1181 1117 1249 nimirum,
1151 1189 1213 1235 ut
1247 1197 1422 1252 penes
1452 1185 1508 1235 te
1555 1182 1627 1236 sit
1675 1183 1940 1238 omnium
1981 1199 2087 1254 po-

443 1280 640 1337 testas.
672 1279 728 1331 et
757 1275 950 1331 ofﬁcia
977 1273 1037 1329 in
1067 1274 1222 1330 hunc
1245 1279 1345 1329 aut
1376 1272 1565 1340 illum,
1590 1277 1656 1330 ut
1682 1274 1860 1342 voles,
1892 1279 2086 1331 trans-

438 1367 610 1436 feras,
659 1367 1062 1436 rationemque
1111 1363 1308 1436 exigas
1351 1363 1665 1433 cujuslibet
1711 1364 2086 1421 administra-

435 1455 636 1524 tionis,
669 1458 842 1526 prout
891 1453 1206 1510 mandasti.
1256 1453 1382 1509 Non
1430 1453 1610 1509 facies
1641 1453 1725 1509 vel
1757 1469 1892 1526 ages
1921 1453 2082 1525 quid-

436 1560 612 1617 quam
643 1543 703 1599 in
736 1559 794 1600 re
826 1543 944 1599 ulla
973 1559 1040 1599 ex
1070 1542 1305 1614 proprio
1337 1557 1534 1610 sensu,
1558 1542 1676 1598 sive
1708 1542 2086 1613 proﬁciscen-

434 1633 575 1689 dum
609 1637 718 1700 est,
761 1648 865 1689 seu
896 1633 1269 1690 vendendum
1299 1630 1386 1686 vel
1421 1633 1766 1698 emendum;
1802 1647 1992 1703 neque
2023 1634 2082 1689 in

433 1722 762 1793 receptione
809 1720 896 1777 vel
948 1720 1228 1792 ejectione
1291 1720 1554 1788 fratrum,
1603 1736 1794 1791 neque
1844 1721 1906 1776 in
1952 1719 2082 1777 aliis

436 1815 605 1870 rebus
633 1815 913 1882 externis;
953 1815 1053 1870 sed
1086 1829 1274 1884 neque
1317 1813 1379 1869 in
1436 1814 1642 1869 animae
1686 1811 1909 1882 erratis,
1955 1814 2082 1870 sine

436 1903 680 1959 consilio
718 1919 921 1958 eorum
955 1901 1052 1973 qui
1064 1900 1287 1972 judicio
1319 1905 1375 1957 et
1392 1901 1602 1972 pietate
1622 1905 1889 1972 paestant,
1917 1901 2086 1957 unius

437 2000 536 2050 aut
565 1994 834 2060 duorum,
866 1992 1121 2048 triumve
1160 1999 1259 2046 aut
1289 1989 1563 2061 plurium,
1594 1997 1766 2061 prout
1794 2005 1885 2045 res
1917 1991 2082 2059 feret,

438 2083 590 2140 sicut
611 2083 925 2139 aPatribus
938 2081 1233 2138 sancitum
1249 2086 1352 2136 est.
1373 2083 1503 2135 Haec
1516 2080 1736 2149 omnia,
1750 2084 1807 2135 et
1822 2095 2085 2151 quascun'

437 2189 547 2243 que
573 2171 682 2228 alia
699 2171 994 2243 accepisti,
1020 2169 1277 2226 servabis
1311 2174 1364 2223 et
1382 2170 1689 2238 custodies,
1714 2173 1779 2225 ut
1798 2170 1945 2225 bene
1974 2169 2080 2225 tibi

432 2263 527 2330 sit,
559 2265 616 2317 et
637 2276 911 2332 prospere
924 2276 1058 2330 agas
1080 2259 1140 2314 in
1164 2257 1409 2314 Domino
1431 2259 1708 2314 omnibus
1728 2258 1935 2314 diebus
1953 2259 2079 2315 vitis

430 2355 560 2404 tuae.
582 2349 949 2405 Contrarium
961 2349 1118 2404 enim
1136 2346 1289 2403 absit
1305 2345 1392 2401 vel
1419 2346 1609 2401 dicere
1625 2347 1710 2402 vel
1730 2347 2004 2418 cogitare.

1687 331 1753 390 S.
1800 330 2203 393 THEODORI
2247 335 2614 396 STUDITIE

442 465 553 520 hoc
581 464 737 520 enim
769 464 839 519 ad
871 464 1046 533 hujus
1078 463 1204 517 vitae
1247 464 1604 534 voluptarios
1638 465 1907 534 pertinet.
1966 464 2084 520 Non

2207 471 2324 527 ταῖς
2359 465 2664 546 ὑποδοχαῖς
2700 474 2805 525 τῶν
2857 471 3020 542 ξένων
3057 492 3070 505 ·

3735 356 3859 413 9M

3115 479 3276 532 τοῦτο
3317 480 3422 554 γὰρ
3469 488 3570 551 τῆς
3632 483 3857 558 μερίδος

2203 559 2312 609 τῶν
2357 555 2778 613 ἀπολαυστικῶν
2828 566 2925 616 τοῦ
2974 564 3240 636 παρόντος
3286 567 3431 640 βίου.
3475 571 3552 627 Οὐ
3593 555 3857 649 θησαυρί-

2203 665 2312 707 σεις
2369 648 2596 721 χρυσίον
2651 649 2702 703 ἐν
2758 657 2824 725 τῇ
2883 659 3025 727 μονῇ
3071 672 3200 710 σοιν
3235 657 3380 712 ἀλλά
3408 661 3469 715 τὸ
3495 663 3632 716 κατᾶ
3661 648 3857 733 περισ-

2203 736 2345 790 σείαν
2407 735 2495 790 ἐπὶ
2553 740 2754 802 παντὸς
2812 738 2990 806 εἷ’δους
3040 744 3340 817 μεταδοίης
3380 754 3495 813 τοῖς
3528 752 3855 825 πενομένοις

2196 821 2252 878 ἐν
2284 823 2482 898 ἀνοίξει
2511 830 2609 896 τῆς
2660 827 2836 899 αὐλῆς
2875 852 2992 899 σου,
3020 833 3198 896 καθὼς
3247 835 3336 890 καὶ
3387 839 3437 891 οἱ
3489 839 3638 916 ἅγιοι
3666 821 3857 896 ⁷Πατέ-

2200 933 2310 988 ρες.
2341 915 2414 970 Οὐ
2446 921 2733 991 κρατήσεις
2763 920 2931 976 τόπον
2965 924 3374 1001 ἡσφαλισμένον
3415 931 3506 984 καὶ
3538 915 3652 1000 τήν
3699 931 3853 986 οἰκο-

2197 1006 2435 1076 νομικήν
2481 1006 2778 1084 φροντίδα·
2837 1009 2966 1067 ἀλλ’
3019 1011 3156 1068 ἔστω
3215 1036 3297 1070 σοι
3341 1021 3486 1072 πᾶσα
3543 1021 3576 1088 ἡ
3632 1023 3855 1098 φροντὶς

2196 1093 2469 1163 ἀνήκουσα
2519 1098 2641 1171 περὶ
2691 1103 2798 1154 τῶν
2856 1104 3072 1180 ψυχῶν.
3115 1105 3183 1158 Τὸ
3243 1102 3299 1160 δὲ
3350 1111 3603 1182 χρυσίον,
3642 1093 3738 1166 καὶ
3781 1113 3852 1164 τα

2196 1182 2331 1275 κατά
2361 1185 2570 1275 χρείαν,
2605 1185 2926 1263 ἐγχειρίσεις
2955 1196 3034 1262 τῷ
3065 1192 3364 1267 οἰκονόμῳ,
3389 1202 3470 1270 τῷ
3514 1199 3850 1275 κελλαρίτῃ,

2194 1271 2286 1364 καὶ
2316 1272 2393 1335 ὡς
2423 1269 2712 1332 ἐπιϐάλλει
2743 1277 2797 1332 ἐν
2845 1280 3042 1355 ἑκάστῃ
3094 1279 3344 1356 διακονίᾳ
3366 1305 3380 1319 ·
3415 1269 3512 1341 σοῦ
3541 1269 3852 1364 προδηλως

2193 1359 2402 1416 πάντων
2452 1364 2552 1434 τὴν
2601 1364 2846 1434 ἐξουσίαν
2887 1363 3137 1447 ἔχοντος,
3184 1372 3277 1428 καὶ
3324 1359 3722 1455 μεταφέροντος
3772 1380 3852 1441 ὡς

2195 1447 2252 1543 bis
2301 1449 2477 1543 βούλῃ
2538 1453 2766 1543 ἑκάστην
2813 1455 3094 1515 διακονίαν
3158 1460 3212 1516 ἐν
3267 1467 3348 1535 τῷ
3399 1447 3623 1540 τυχόντι
3677 1488 3853 1543 προσ-

2194 1541 2348 1612 ώπῳ,
2378 1542 2468 1595 καί
2499 1541 2986 1617 ἀπολαμϐάνοντος
3010 1550 3104 1606 τὸν
3139 1549 3302 1626 λόγον
3348 1554 3578 1626 ἑκάστης
3627 1541 3852 1628 διοική-

2193 1648 2328 1690 σεως
2385 1631 2519 1685 καθὸ
2576 1633 2816 1709 ἐντέλλῃ.
2850 1638 2924 1692 Οὐ
2973 1640 3228 1710 ποιήσεις
3281 1664 3334 1697 τι
3395 1642 3430 1712 ἢ
3463 1646 3679 1715 πράξεις
3729 1649 3851 1702 κατ’

2193 1715 2394 1772 οἰκείαν
2426 1721 2653 1794 γνώμην
2686 1721 2738 1776 ἐν
2770 1727 2926 1780 παντὶ
2978 1729 3292 1803 πράγματι,
3319 1728 3443 1786 οὔτε
3486 1733 3538 1788 ἐν
3586 1733 3846 1809 προόδῳ,

2192 1805 2315 1862 οὔτε
2344 1806 2396 1862 ἐν
2428 1809 2620 1882 πράρει
2650 1812 2741 1868 καὶ
2773 1813 3058 1889 ἀγορασία,
3093 1815 3218 1875 οὔτε
3245 1819 3298 1875 ἐν
3335 1817 3479 1896 δοχῇ
3511 1823 3547 1891 ἢ
3595 1805 3650 1878 ἐν
3703 1805 3845 1880 circo;

2194 1899 2366 1970 κρίσει
2395 1895 2656 1977 ἀδελφοῦ,
2689 1900 2813 1958 οὔτε
2843 1903 2896 1959 ἐν
2943 1905 3238 1983 ὑπαλλαγῇ
3287 1908 3583 1984 διακονίας,
3619 1911 3746 1968 οὔτε
3784 1914 3842 1968 ἐν

2194 1986 2354 2060 ἄλλῳ
2384 1991 2491 2045 τινὶ
2519 1995 2626 2046 τῶν
2668 2000 3012 2066 σωματικῶν,
3046 1995 3174 2054 ἀλλ’
3207 1998 3301 2054 οὖν
3346 1999 3471 2057 οὐδὲ
3499 2001 3551 2056 ἐν
3583 2009 3699 2066 τοῖς
3733 2007 3842 2077 tim-

2190 2082 2376 2151 χικοῖς
2416 2079 2750 2155 σφάλμασιν,
2789 2081 2914 2139 ἄνευ
2964 2085 3174 2160 βουλῆς
3220 2093 3332 2144 τῶν
3377 2094 3732 2167 προεχόντων
3785 2095 3850 2147 ἐκ·

2191 2166 2383 2240 γνώσει
2425 2171 2514 2224 καὶ
2545 2167 2818 2244 εὐλαϐείᾳ,
2847 2175 2962 2236 ἑνὸς
3008 2175 3044 2244 ἢ
3095 2173 3214 2246 δύο,
3253 2179 3288 2247 ἢ
3334 2181 3425 2234 καὶ
3455 2166 3642 2254 τριῶν,
3674 2183 3710 2250 ἢ
3745 2185 3842 2237 καὶ

2190 2257 2478 2328 πλειόνων,
2537 2261 2672 2315 κατά
2721 2265 2820 2331 τὴν
2875 2264 3241 2338 ὑποκειμένην
3306 2268 3599 2324 ὑπόθεσιν·
3652 2269 3840 2346 ὥσπερ

2187 2345 2492 2403 ἐντέταλται
2557 2355 2856 2426 Πατρικῶς.
2892 2356 3074 2410 Ταῦτα
3130 2356 3327 2429 πάντα,
3368 2358 3459 2412 καὶ
3518 2359 3618 2414 ὅσα
3675 2345 3844 2436 ἕτερα

426 2433 751 2511 παρέλαϐες,
811 2436 1070 2510 φυλάξοις
1126 2435 1214 2490 καὶ
1275 2436 1626 2512 φρουρήσοις,
1672 2433 1764 2489 ’ίνα
1803 2435 1860 2489 εὖ
1919 2456 2004 2489 σοι
2061 2433 2304 2511 γένηται,
2353 2439 2441 2491 καὶ
2499 2432 2592 2513 ἔσῃ
2645 2439 3101 2516 κατευοδούμενος
3161 2445 3213 2500 ἐν
3273 2448 3461 2523 Κυρίῳ
3517 2451 3691 2512 πάσας
3743 2432 3843 2514 τὰς

424 2528 630 2602 ἡμέρας
661 2528 758 2598 τῆς
790 2531 936 2596 ζωῆς
969 2547 1085 2582 σου.
1118 2525 1185 2579 Τὸ
1214 2523 1315 2598 γὰρ
1339 2522 1576 2578 ἐναντίον
1609 2522 1772 2593 ἀπείη
1811 2526 1898 2580 καὶ
1935 2523 2106 2600 λέγειν
2135 2527 2223 2581 καὶ
2257 2527 2483 2586 ἐννοεῖν.

709 2674 801 2731 ΧΙ.
835 2703 903 2717 -
933 2671 1218 2730 Anastasio
1263 2673 1508 2744 episcopo
1554 2673 1783 2731 Cnosia.

2325 2677 2430 2733 IA'.
2459 2709 2527 2718 ——
2559 2677 2897 2754 Ἀναστασίῳ
2937 2679 3216 2758 ὲπισκόπῳ
3257 2685 3521 2750 Κνωσίας.

3669 2688 3806 2767 [κβὀ
3828 2692 3848 2767 l

1858 2799 1934 2850 De
1965 2799 2137 2852 ofﬁcio
2155 2803 2412 2866 episcopi.

499 2903 645 2968 Quid
675 2902 764 2959 vis
793 2901 924 2970 tibi,
958 2899 1329 2958 sanctissime
1356 2897 1547 2968 Pater,
1602 2904 1660 2957 et
1707 2900 1843 2972 quid
1891 2904 2079 2958 tanto-

431 3009 561 3065 pere
583 2996 714 3066 post
735 3007 914 3048 unam
934 2997 992 3048 et
1023 2990 1261 3047 alteram
1309 2990 1740 3048 excusationem
1769 2991 1959 3047 adhuc
1985 2992 2080 3049 in-

433 3086 568 3143 stas.
603 3087 668 3139 ut
697 3100 730 3139 a
757 3097 839 3138 me
869 3082 1137 3154 imperito
1167 3088 1226 3140 et
1255 3084 1411 3140 vitiis
1441 3081 1634 3138 dedito
1665 3080 1937 3138 utilitatis
1969 3098 2079 3138 ser-

2258 2902 2319 2956 Τί
2367 2923 2449 2958 σοι
2495 2901 2728 2981 γέγονεν,
2772 2908 2816 2962 ὧ
2873 2909 3130 2982 ἱερώτατε
3181 2912 3380 2990 Πάτερ,
3419 2915 3509 2970 καὶ
3549 2914 3600 2972 τί
3641 2922 3846 2973 τοσοῦ-

2187 3011 2278 3047 τον
2341 2993 2474 3067 μετά
2532 2999 2659 3068 μίαν
2709 2999 2799 3053 καὶ
2852 2997 3097 3076 δευτέραν
3157 3006 3483 3081 παραίτησιν
3533 3001 3611 3062 ἔτι
3653 3030 3844 3085 παρα-

2189 3077 2374 3158 ϐιάζῃ,
2409 3085 2547 3141 ὥστε
2599 3093 2724 3162 παρ’
2756 3089 2893 3162 ἐμοῦ
2940 3095 3037 3146 τοῦ
3072 3094 3314 3166 ἀμαθοῦς
3361 3098 3452 3150 καὶ
3496 3101 3838 3171 περιπαθοῦς

437 3187 666 3228 monem
689 3172 936 3244 recipias
957 3169 985 3226 τ
1005 3173 1124 3243 Ego
1147 3173 1340 3243 potius
1363 3176 1473 3229 ate
1493 3171 1682 3227 doceri
1710 3185 1853 3242 cpus
1871 3170 2077 3242 habeo,

2196 3170 2470 3249 εἰληφέναι
2545 3173 2711 3251 λόγον
2771 3177 3076 3256 ὠφελείας
3135 3185 3353 3260 Ἔγωγε
3424 3169 3636 3258 μᾶλλον
3713 3185 3838 3265 ἔχω

440 3263 535 3332 qui
587 3265 645 3316 et
674 3261 876 3316 ordine
903 3261 1140 3317 inferior
1175 3278 1329 3332 sum,
1374 3268 1429 3317 et
1457 3260 1572 3316 vita
1601 3261 1946 3329 obcazcatus,
1969 3278 2081 3318 non

440 3352 510 3406 de
542 3351 913 3422 episcopatus
945 3350 1172 3419 ofﬁciis,
1215 3353 1412 3423 (quam
1444 3351 1598 3406 enim
1636 3350 1868 3420 ineptus
1909 3352 2017 3406 sim
2045 3350 2086 3422 l)

439 3442 538 3496 sed
564 3442 634 3496 de
649 3441 970 3496 monastico
985 3446 1159 3512 statu,
1177 3443 1294 3497 sive
1318 3443 1388 3498 de
1409 3440 1782 3512 praepositum
1801 3457 1814 3508 ;
1830 3457 2082 3510 quonam

439 3536 609 3602 pacto
631 3529 868 3601 indigne
889 3530 1029 3585 mihi
1052 3531 1435 3587 commissum
1455 3545 1679 3600 gregem
1700 3538 2087 3600 congruenter

439 3635 666 3690 regens,
701 3620 1017 3691 propitium
1048 3620 1110 3676 in
1133 3621 1380 3676 terribili
1400 3620 1799 3692 responsionis
1823 3635 1961 3676 mese
1991 3621 2084 3675 die

433 3709 694 3780 judicem
744 3709 1067 3764 nanciscar.
1109 3710 1216 3765 Sed
1249 3715 1312 3765 tu
1344 3709 1620 3766 nimirum
1655 3725 1756 3779 per
1793 3724 2085 3766 summam

440 3798 789 3854 modestiam
804 3801 962 3853 tuam
979 3797 1086 3854 hoc
1107 3798 1279 3869 egisti
1302 3814 1315 3852 :
1340 3799 1636 3870 explorare
1653 3797 1806 3852 enim
1824 3797 2086 3868 ignoran-

440 3890 580 3944 tiam
607 3900 796 3944 meam
812 3887 1092 3957 voluisse,
1117 3889 1174 3942 id
1191 3887 1334 3942 mihi
1377 3889 1448 3944 de
1461 3888 1793 3960 pontificatu
1814 3893 1912 3942 tuo
1926 3889 2086 3942 nefas

444 3983 532 4034 est
551 3977 856 4050 suspicari.
876 3978 994 4049 Ego
1015 3995 1144 4034 vero
1169 3993 1361 4032 meum
1405 3977 1590 4049 ipsius
1629 3978 1900 4048 gradum,
1934 3995 1966 4033 ο
1990 3995 2088 4032 sa-

445 4085 604 4124 crum
637 4073 830 4140 caput,
850 4068 1217 4140 pertimesco,
1250 4072 1308 4124 et
1339 4069 1545 4123 animo
1577 4073 1755 4124 aestuo
1786 4068 1939 4124 circa
1969 4069 2091 4123 ani-

448 4175 676 4214 marum
697 4157 1208 4227 gubernationem;
1231 4159 1523 4231 quomodo
1545 4159 1777 4214 tandem
1801 4174 1869 4213 ex
1893 4159 2088 4213 turbu-

449 4249 603 4303 lento
632 4262 698 4303 ac
735 4245 1057 4318 procelloso
1105 4249 1251 4302 mari
1303 4247 1595 4319 spirituali
1641 4249 1912 4303 traditum
1947 4233 2092 4303 mil)i

449 4351 688 4407 parvum
719 4335 830 4390 hoc
860 4340 916 4391 et
945 4335 1240 4408 spirituale
1260 4336 1617 4408 navigiolum
1643 4338 1714 4392 ad
1738 4337 1939 4393 salutis
1971 4352 2093 4409 por-

449 4436 572 4482 tum
603 4426 913 4497 perducam
941 4442 953 4480 :
982 4441 1115 4482 cum
1147 4427 1217 4482 ad
1243 4443 1460 4483 munus
1483 4426 1592 4484 hoc
1613 4431 1668 4482 et
1695 4427 1813 4482 vita
1840 4427 2090 4498 integra,

2191 3262 2378 3337 χρείαν
2413 3266 2513 3319 ὑπὸ
2538 3271 2632 3320 σοῦ
2663 3270 2995 3346 φωτισθῆναι
3022 3290 3036 3304 '
3071 3273 3098 3326 ὁ
3129 3273 3219 3328 καὶ
3261 3278 3330 3348 τῇ
3374 3278 3519 3348 τάξει
3561 3262 3842 3349 δεύτερος,

2192 3352 2280 3404 καὶ
2337 3357 2414 3424 τῷ
2475 3355 2580 3428 βίῳ
2646 3355 3065 3432 ἐσκοτισμὲνος’
3119 3361 3180 3416 οὐ
3229 3364 3296 3418 τὰ
3343 3365 3467 3434 περί
3525 3365 3836 3436 ἐπισκοπῆς

2194 3439 2524 3514 ὀφειλόμενα
2553 3461 2566 3474 ·
2601 3449 2698 3517 φεῦ
2729 3447 2834 3523 γὰρ
2861 3455 2959 3518 τῆς
2987 3448 3125 3522 ἐμῆς
3157 3450 3342 3513 ἀνοίας
3369 3454 3381 3508 ί
3417 3453 3564 3509 ἁλλά
3591 3455 3657 3509 τά
3706 3458 3840 3530 περί

2197 3540 2527 3605 μοναχικῆς,
2577 3533 2678 3590 ε’ίτ’
2739 3536 2830 3592 οὖν
2882 3541 3248 3613 ἡγουμενικῆς
3312 3547 3711 3615 καταστάσεως,
3773 3549 3842 3602 τὸ

2193 3625 2310 3681 πῶς
2357 3619 2458 3697 ἄρα
2515 3623 2936 3701 ἀφηγησάμενος
2995 3631 3128 3684 κατά
3179 3631 3347 3708 λόγον
3386 3635 3446 3688 τὸ
3479 3634 3837 3708 ἐμπιπευθέν

2199 3731 2291 3782 μοι
2339 3710 2568 3781 ἀναξίως
2613 3715 2886 3788 ποίμνιον,
2921 3717 3134 3794 εῧρδιμι
3185 3723 3312 3775 Θεὸν
3349 3720 3489 3777 ’ίλεω
3547 3724 3597 3777 ἐν
3653 3727 3842 3799 ἡμέρᾳ

2192 3806 2292 3868 τῆς
2345 3809 2575 3876 φρικτῆς
2618 3803 2919 3880 ἀπολογίας
2971 3829 3094 3880 μου.
3129 3809 3299 3865 Ἀλλά
3349 3817 3511 3867 τοῦτο
3561 3815 3840 3876 πέπονθας

2195 3892 2410 3950 πάντως
2460 3890 2506 3960 ἐξ
2547 3890 2710 3966 ἄκρας
2772 3898 3261 3972 μετριοφροσύνης.
3312 3901 3679 3971 Ἐκπειράζειν
3736 3905 3838 3980 γάρ

2200 3999 2304 4051 μου
2335 3982 2432 4048 τὴν
2466 3980 2838 4051 ἀπαιδευσίαν,
2873 3985 2934 4039 οὐ
2966 3987 3121 4059 θέμις
3156 4009 3220 4060 με
3257 3989 3504 4045 ὑπονοεῖν
3550 3994 3649 4062 τήν
3701 3994 3842 4068 ἀρχ-

2202 4071 2497 4143 ιερωσύνην
2546 4093 2661 4128 σου.
2696 4073 2842 4147 Ἐγὼ
2889 4075 3067 4130 τοίνυν
3119 4075 3331 4133 δέδοικα
3377 4081 3442 4134 τὰ
3491 4086 3588 4135 τοῦ
3631 4082 3839 4138 οἰκείου

2203 4158 2434 4230 βαθμοῦ,
2466 4161 2510 4212 ὦ
2541 4161 2658 4234 ἱερὰ
2688 4163 2922 4241 κεφαλὴ,
2950 4165 3040 4219 καὶ
3083 4165 3305 4242 ἰλιγγιῶ
3351 4168 3474 4242 περὶ
3521 4172 3620 4239 τήν
3667 4175 3839 4248 ψυχε-

2196 4248 2296 4316 κήν
2337 4244 2658 4322 κυϐέρνησιν
2703 4256 2781 4324 τῷ
2822 4251 2969 4308 ὄντι·
3003 4259 3120 4318 πῶς
3162 4254 3226 4326 δὴ
3261 4255 3351 4311 οὖν
3382 4259 3440 4313 ἐκ
3468 4267 3570 4329 τῆς
3597 4260 3840 4317 πολυτα-

2200 4337 2378 4413 ράχου
2407 4338 2497 4392 καὶ
2526 4338 2888 4413 ἀεικυμάντου
2919 4349 3124 4415 νοητῆς
3159 4343 3437 4418 θαλάσσης
3485 4345 3839 4424 ἂποσώσαιμι

2197 4426 2258 4480 τὸ
2317 4425 2648 4502 ἐγχειρισθέν
2707 4451 2802 4503 μοι
2858 4435 3018 4487 τοῦτο
3078 4435 3414 4511 βραχύτατον
3472 4439 3561 4492 καὶ
3623 4438 3843 4514 λογικὸν

449 4521 506 4572 et
552 4515 794 4572 scientia
831 4516 1038 4572 idonea
1081 4515 1159 4572 sit
1200 4531 1384 4588 opus;
1437 4521 1504 4573 ut
1540 4521 1820 4589 tanquam
1870 4517 2084 4588 duplici

2197 4516 2488 4590 πλοιάριον
2531 4517 2605 4579 εἷς
2648 4517 2844 4592 λιμένα
2883 4525 3156 4597 σωτηρίας
3183 4543 3197 4557 ·
3230 4525 3312 4580 ὅτι
3357 4526 3491 4600 πρὸς
3534 4534 3701 4584 τοῦτο
3751 4533 3842 4586 καὶ

451 4606 610 4662 clavo
628 4605 1302 4677 gubernans,vigilonler
1317 4623 1381 4662 ac
1395 4607 1573 4679 perite
1604 4608 1885 4663 intactum
1916 4607 2085 4678 aquis

451 4696 668 4769 peccati
715 4696 1005 4767 meipsum
1045 4702 1102 4752 et
1131 4712 1228 4751 eos
1261 4697 1362 4768 qui
1393 4712 1485 4752 me
1528 4701 1858 4768 sequuntur
1888 4702 2084 4753 custo-

451 4787 630 4841 diam.
663 4784 794 4840 Haec
821 4784 999 4855 igitur
1028 4789 1149 4840 tam
1179 4785 1375 4840 miseri
1407 4790 1496 4841 est
1524 4786 1838 4843 excusatio.
1869 4790 2083 4842 Verum

451 4875 584 4946 quia
613 4873 940 4930 sanctitatis
970 4877 1082 4928 tuae
1133 4882 1413 4946 praecepto
1446 4875 1677 4946 pe‘nitus
1710 4891 1822 4930 non
1863 4876 2084 4931 obtem-

450 4981 668 5034 perare,
701 4964 929 5018 tametsi
978 4963 1128 5018 vires
1177 4981 1334 5020 meas
1385 4968 1640 5034 superet,
1670 4965 1925 5036 periculo
1972 4982 2088 5022 non

448 5060 643 5112 vacat:
681 5057 998 5126 praesertim
1046 5072 1179 5111 cum
1221 5057 1290 5111 ab
1338 5056 1462 5127 ipso
1509 5057 1683 5112 etiam
1733 5061 1902 5112 Patre
1961 5073 2088 5114 meo

449 5147 791 5202 mandatum
814 5145 1131 5216 acceperim
1155 5163 1168 5201 :
1196 5145 1498 5216 utriusque
1519 5147 1850 5202 obedientia
1882 5148 2086 5219 fretus,

452 5237 554 5291 hoc
584 5235 710 5302 tibi,
730 5233 1087 5289 divinissime
1101 5233 1286 5304 Pater,
1320 5251 1421 5305 per
1441 5235 1916 5292 commonitionis
1957 5253 2087 5308 spe-

447 5326 593 5381 ciem
640 5323 956 5394 profitebor
983 5339 997 5377 :
1029 5323 1199 5394 longe
1232 5325 1422 5394 majus
1471 5324 1789 5396 multisque
1823 5325 2089 5396 partibus

447 5413 713 5471 navicula
744 5428 873 5467 mea
901 5411 1272 5469 excellentius
1303 5428 1430 5470 esse
1460 5414 1756 5485 navigium
1785 5416 2088 5486 perfectio-

448 5505 538 5559 nis
567 5507 695 5570 tuaa,
728 5501 1333 5574 episcopale,inquam
1361 5504 1681 5576 fastigium,
1715 5504 1759 5559 si
1784 5521 1916 5561 cum
1942 5522 2085 5578 prae-

450 5592 624 5666 positi
645 5591 928 5663 dignitate
942 5597 1329 5662 comparetur:
1355 5601 1408 5650 et
1429 5597 1588 5650 tanto
1611 5595 1856 5664 scilicet,
1871 5600 2088 5668 quanto

450 5684 510 5740 in
541 5681 738 5756 plures
767 5681 1080 5756 imperium
1099 5684 1339 5742 sortitus
1353 5701 1431 5755 es,
1458 5700 1672 5758 eosque
1692 5701 1805 5741 non
1829 5684 2088 5744 valentes

2195 4604 2474 4668 πολιτείας
2507 4608 2827 4688 ἀκραιφνοῦς
2861 4611 3020 4685 χρεία
3049 4615 3133 4668 καί
3171 4616 3423 4691 γνώσεως
3469 4618 3663 4688 ἱκανῆς
3716 4618 3839 4675 ἐπι-

2193 4696 2374 4771 τυχία,
2405 4694 2481 4750 ’ἶν’
2512 4698 2585 4758 ὡς
2643 4698 2695 4753 ἐν
2757 4698 2906 4756 δυσὶν
2955 4701 3145 4779 αὐχέσι
3178 4702 3599 4785 πηδαλιουχῶν,
3624 4712 3845 4785 γρηγό-

2195 4807 2303 4861 ρως
2332 4788 2420 4841 καὶ
2450 4785 2826 4862 ἐπιστημόνως
2863 4791 3332 4850 ἀκαταϐάπτιστον
3363 4801 3478 4860 τοῖς
3527 4795 3683 4853 ὕδασι
3737 4808 3840 4869 τῆς

2194 4876 2458 4950 ἁμαρτίας
2518 4877 2750 4950 ἐμαυτόν
2796 4901 2854 4934 τε
2901 4883 2991 4936 καὶ
3043 4884 3170 4945 τοὺς
3217 4882 3516 4958 ἒπομένους
3568 4909 3662 4960 μοι
3722 4887 3842 4944 δια-

2195 4965 2470 5045 φυλάττω.
2521 4965 2665 5038 Αὕτη
2717 4971 2898 5024 τοίνυν
2945 4973 2978 5040 ἡ
3036 4971 3142 5045 ἐμή
3193 4972 3466 5050 ἀπολογία
3512 4980 3611 5030 τοῦ
3639 4978 3846 5033 ταλαι-

2193 5056 2402 5127 πώρου.
2436 5056 2584 5111 Ἐπεί
2631 5055 2687 5112 δὲ
2733 5059 2795 5113 τὸ
2843 5062 2942 5125 τῆς
2994 5062 3277 5130 ὁσιότητός
3310 5085 3404 5118 σου
3434 5062 3676 5140 κὲλευμα
3739 5069 3844 5123 οὐκ

2194 5143 2472 5200 ἀκίνδυνον
2529 5147 2703 5217 πάντη
2760 5148 3104 5218 καταλιπεῖν,
3158 5152 3202 5206 εἰ
3260 5154 3349 5208 καί
3408 5154 3539 5228 ὑπὲρ
3601 5153 3844 5230 δύναμίν

2198 5255 2301 5306 μου
2359 5236 2684 5308 ἁνυπήκοον,
2718 5234 2903 5298 ἄλλως
2961 5257 3018 5292 τε
3065 5240 3152 5293 καὶ
3213 5240 3271 5294 ἐκ
3320 5246 3417 5295 τοῦ
3466 5241 3673 5297 οἷκείου
3733 5267 3842 5316 μου

2196 5325 2404 5398 Πατρὸς
2439 5323 2539 5392 τήν
2585 5324 2861 5402 ὑποταγὴν
2915 5323 3201 5401 δεξάμενος
3232 5347 3246 5360 ·
3288 5331 3567 5391 πεποιθὼς
3731 5333 3849 5407 ειμ-

2195 5412 2434 5491 φοτέρων
2478 5411 2768 5486 εὐπειθείᾳ,
2797 5416 2958 5469 τοῦτό
2994 5437 3102 5484 σοι,
3151 5419 3194 5471 ὦ
3241 5419 3481 5475 θειότατε
3539 5421 3743 5496 Πάτερ,
3787 5423 3843 5478 ἐν

2196 5500 2328 5557 ε’ίδει
2389 5503 2746 5577 ὑπομνήσεως
2823 5504 3232 5584 ἐπιφθέγξομαι,
3292 5507 3375 5564 ὅτι
3450 5515 3639 5583 μεῖζον
3702 5515 3846 5567 κατὰ

2193 5592 2336 5648 πολὺ
2366 5593 2455 5648 καὶ
2485 5589 2829 5667 ὑπερϐάλλον
2858 5596 2920 5649 τὸ
2952 5595 3146 5651 πλοῖον
3195 5601 3294 5663 τῆς
3343 5601 3442 5664 σῆς
3482 5598 3839 5671 τελειότητος

2192 5683 2327 5758 πρὸς
2376 5684 2436 5738 τὸ
2483 5681 2616 5757 ἐμὸν
2660 5683 2923 5760 νηάριον·
2987 5687 3132 5764 φημῖ
3209 5684 3276 5756 δὴ
3355 5689 3416 5743 τὸ
3475 5687 3838 5746 ἐπισκοπικόν
