4090 6288
325 381 447 442 945

1604 378 2153 442 EPISTOLARUM
2202 379 2348 441 LlB.
2398 382 2443 440 Ι.

3603 382 3721 441 946

328 516 536 589 ὕψωμα
564 514 699 590 πρὸς
739 515 802 570 τὸ
852 513 1215 588 ἡγουμενικὸν
1268 511 1481 585 ἀξίωμα
1510 532 1522 545 °
1579 514 1666 568 καὶ
1712 516 1968 568 τοσοῦτον

2085 513 2351 583 fortasse,
2385 531 2489 571 nec
2520 515 2941 585 conspirantes,
2974 530 3078 569 nec
3106 514 3367 584 ejusdem
3417 521 3635 571 natura
3667 521 3722 570 et

327 602 547 677 ὅσῳπερ
579 606 639 659 ἄν
682 604 771 658 καὶ
821 601 1090 658 πλειόνων
1143 598 1331 678 ἄρχειν
1366 601 1627 674 ἠξιώθης,
1677 602 1766 657 καὶ
1804 606 1970 657 ταῦτα

328 693 443 772 οὐχ
474 692 708 749 ἐκόντων
739 692 899 763 ρίσως,
934 690 1059 747 οὐδὲ
1097 692 1526 768 ὁμογνωμόνων,
1577 692 1701 748 ούδέ
1728 700 1828 761 τῆς
1876 692 1971 747 αῦ-

322 790 432 853 τῆς
487 784 697 860 φύσεως
746 784 835 837 καὶ
885 781 1055 855 ἀξίας,
1102 780 1249 836 ἀλλά
1290 785 1379 837 καὶ
1432 782 1670 857 ἀρῥένων
1727 784 1814 837 καὶ
1872 784 1969 851 θη-

327 871 516 944 λειῶν,
579 876 856 945 μοναστῶν
883 892 943 926 τε
988 870 1078 926 καὶ
1132 869 1393 946 μιγάδων,
1443 872 1727 946 ἀρχόντων
1774 894 1833 926 τε
1880 870 1969 926 καὶ

325 962 676 1037 ἀρχομένων,
727 961 1024 1035 γημάντων
1074 961 1164 1015 καὶ
1214 960 1465 1037 ἀγάμων,
1517 958 1729 1016 δούλων
1781 982 1838 1015 τε
1880 959 1970 1015 καὶ

327 1049 651 1125 ἐλευθέρων,
689 1048 936 1128 ὀρφανῶν
969 1069 1027 1104 τε
1057 1049 1144 1104 καὶ
1185 1050 1556 1125 χηρευόντων,
1605 1048 1884 1105 πλουσίων
1913 1070 1972 1104 τε

329 1141 422 1194 καὶ
470 1142 741 1210 πενήτων,
803 1137 1235 1195 δυναστευόντων
1296 1162 1353 1195 τε
1410 1142 1500 1196 καὶ
1556 1142 1975 1214 καταπονουμέ-

330 1251 460 1301 νων,
511 1227 928 1307 χρεωφειλετῶν
980 1250 1039 1283 τε
1067 1229 1157 1282 καὶ
1204 1227 1513 1297 δανειστῶν,
1563 1227 1970 1307 ἀϐροδιαιτούν-

330 1342 441 1374 των
488 1341 543 1375 τε
572 1322 659 1374 καὶ
717 1319 1256 1393 λιμοκτονουμένων,
1302 1321 1737 1394 πολυκτημόνων
1782 1344 1841 1377 τε
1883 1322 1971 1377 καὶ

332 1408 610 1477 ἀνεστίων,
663 1409 1197 1485 μαλακοφορούντων
1243 1432 1302 1465 τε
1348 1414 1437 1466 καὶ
1488 1410 1924 1485 ῥακοδυτούντων
1956 1456 1972 1468 .

329 1504 511 1553 Ταῦτα
566 1499 673 1573 γὰρ
731 1498 821 1553 καί
879 1498 1059 1554 πλείω
1117 1500 1322 1555 τούτων
1375 1501 1473 1556 οὐκ
1504 1501 1837 1578 ἐπιφαίνεται
1893 1506 1973 1573 τῷ

330 1587 587 1661 ἡμετέρῳ
622 1587 727 1661 βίῳ
751 1607 763 1619 ·
799 1588 827 1642 6
861 1586 917 1643 δὲ
949 1589 1039 1650 σὸς
1071 1588 1451 1661 ἐμπέπλησται
1480 1635 1492 1647 .
1544 1592 1649 1647 Καὶ
1698 1591 1826 1646 οὐδὲ
1869 1596 1971 1653 πᾶς

332 1679 361 1733 6
395 1677 529 1740 λαός
588 1698 682 1731 σου
745 1678 845 1731 ὑπὸ
908 1683 1033 1751 μιᾶς
1091 1678 1374 1757 φροντίδος
1434 1678 1790 1750 δεδιοίκηται,
1849 1678 1974 1736 οὐδέ

329 1766 547 1821 πάντων
580 1767 645 1821 τὰ
676 1768 942 1841 πρόσωπα
971 1768 1059 1821 καὶ
1090 1768 1156 1822 τά
1186 1768 1427 1841 ὀνόματα
1458 1771 1637 1839 οἶσθα,
1692 1769 1804 1825 οὐδ’
1848 1772 1972 1825 ἐκά-

332 1878 461 1911 στου
491 1858 586 1911 τάς
622 1854 882 1929 μεθόδους
911 1862 1010 1925 τῆς
1048 1860 1192 1926 ζωῆς
1234 1854 1605 1932 διαγινώσκεις
1635 1878 1649 1891 ⁸
1683 1858 1828 1915 ἀλλὰ
1875 1859 1973 1915 ἄλ·
2008 1895 2054 1959 Β

331 1946 422 2002 λοι
454 1943 644 2009 ἄλλως
683 1945 818 2001 κατά
862 1944 1003 2001 πολὺ
1052 1947 1113 2001 τὸ
1147 1944 1398 2022 διάφνρον
1450 1944 1668 2023 ἔχουσιν
1697 1991 1710 2005 .
1758 1950 1823 2006 Οἱ
1875 1950 1969 2020 μὲν

328 2037 431 2112 γάρ
464 2035 593 2097 ἴσως
651 2040 1043 2110 γεωπονοῦσιν,
1101 2038 1154 2091 oi.
1213 2036 1270 2091 δὲ
1326 2037 1737 2111 ναυτίλλουσιν,
1807 2039 1859 2092 oi.
1918 2036 1975 2093 δὲ

331 2125 779 2201 ποιμαινεύουσιν
809 2171 822 2196 ,
863 2128 915 2181 οἱ
967 2126 1023 2183 δὲ
1073 2128 1458 2202 ἀπρακτοῦσιν,
1507 2131 1560 2183 οἱ
1625 2127 1682 2184 δὲ
1724 2150 1971 2205 πρακτο-

331 2217 580 2293 ρεύονται
606 2236 619 2247 ’
658 2217 749 2271 καὶ
779 2215 953 2279 πολὺς
987 2218 1013 2271 6
1045 2217 1214 2292 λόγος
1259 2221 1357 2283 τῆς
1389 2219 1469 2297 ἐφ’
1500 2218 1706 2290 ἑκάστῳ
1758 2217 1972 2293 ὁρωμέ-

329 2331 430 2379 νης
460 2307 711 2384 ἐργασίας
744 2352 757 2365 .
787 2308 913 2363 Ἐπὶ
960 2309 1174 2370 τούτοις
1208 2307 1265 2363 δὲ
1293 2313 1452 2364 πᾶσιν
1506 2307 1629 2371 ὅσος
1667 2310 1757 2364 καὶ
1804 2308 1976 2379 πηλί-

332 2418 427 2459 κος
479 2398 506 2450 6
558 2396 727 2457 κόπος
772 2397 784 2451 l
835 2396 971 2450 καθὲι
1018 2394 1336 2472 λογίζομαι,
1382 2396 1714 2473 ἀλόγιστος·
1766 2395 1891 2456 ὅσος
1946 2397 1974 2450 6

335 2484 523 2560 ἱδρὼς,
556 2487 583 2540 ὁ
618 2486 789 2561 ἀγὼν,
846 2486 874 2538 6
924 2482 1152 2557 δρόμος,
1196 2488 1231 2555 ἡ
1285 2486 1520 2555 εὐτονία,
1572 2488 1606 2554 ἡ
1647 2484 1888 2563 φροντὶς,
1938 2487 1973 2555 ἡ

343 2576 597 2649 μέριμνα,
630 2577 664 2643 ἡ
693 2569 907 2644 ἔκτηξις
934 2580 1033 2643 τῆς
1067 2576 1285 2649 σαρκὸς,
1318 2578 1352 2645 ἡ
1386 2574 1554 2648 ὀδύγη
1615 2579 1716 2640 τῆς
1765 2578 1972 2653 ψυχῆς,

339 2669 497 2734 ἡτῆς
547 2662 786 2726 διανοίας
837 2666 1161 2733 κατακοπήι
1212 2668 1415 2739 Ὥσπερ
1464 2663 1555 2720 οὖν
1589 2666 1617 2720 ὁ
1665 2665 1977 2720 ἀπευθύνων

335 2757 433 2824 τήν
485 2758 607 2809 ναῦν
658 2754 709 2808 ἐν
761 2752 973 2828 μεγάλῃ
1025 2753 1160 2827 ζάλῃ
1211 2755 1300 2809 καὶ
1348 2752 1625 2829 καταιγίδι
1678 2753 1975 2827 θαλάσσης,

334 2843 467 2903 ὅλος
506 2846 693 2917 νήφων
726 2843 841 2898 ἐστὶ
870 2843 959 2897 καὶ
998 2844 1409 2918 ἀπερίτρεπτος,
1457 2843 1783 2900 ἀνύστακτον
1832 2844 1976 2923 ἔχων

332 2934 427 2989 τὸν
462 2932 747 3012 ὀφθαλμόν
776 2952 787 2965 ⁸
823 2930 947 2987 οὐδὲ
975 2933 1075 3007 γὰρ
1110 2934 1185 2995 εἰς
1222 2934 1431 3011 βραχὸν
1466 2934 1613 3011 φέρει
1645 2933 1882 2989 κίνδυνον
1914 2935 1975 2990 τὸ

335 3030 551 3099 μικρῶς
609 3028 729 3085 πῶς
784 3044 1152 3097 παρεμπεσειν
1228 3024 1474 3098 ἀπειρίαν
1525 3024 1616 3079 καὶ
1674 3025 1973 3099 ἀμέλειαν·

332 3114 480 3169 οὕτω
511 3112 709 3185 πολλῷ
746 3111 958 3185 μᾶλλον
990 3114 1017 3167 6
1050 3108 1386 3186 κυϐερνήτης
1413 3118 1520 3169 τῶν
1550 3117 1743 3189 ψυχῶν
1772 3115 1975 3191 ἀγωνι-

330 3203 664 3275 στικώτερον
694 3201 781 3255 καὶ
834 3196 1211 3275 ἀκριϐέστερον
1270 3199 1462 3257 εἰδέναι
1516 3201 1722 3281 ὀφείλει
1768 3205 1831 3258 τὸ
1878 3206 1975 3272 τῆς

2082 603 2382 675 dignitatis
2409 604 2545 671 ;sed
2576 620 2766 661 mares
2794 602 3008 675 pariter
3032 620 3098 658 ac
3121 603 3722 671 feminas,monaobos

2081 697 2139 748 et
2166 693 2496 763 saeculares,
2525 693 2772 765 imperio
2824 692 3096 764 praditos
3128 697 3184 749 et
3221 694 3505 761 subditos,
3520 695 3722 765 conju-

2081 799 2182 854 ges
2212 787 2270 839 et
2291 784 2543 852 caelibes,
2557 800 2750 839 servos
2774 799 2840 839 ac
2860 782 3096 851 liberos,
3111 782 3403 852 orphanos
3424 787 3480 840 et
3498 783 3722 853 viduas,

2080 873 2285 929 divites
2330 877 2387 927 et
2434 889 2740 945 pauperes,
2772 875 3033 943 potentes
3082 874 3140 927 et
3178 871 3400 942 inepes,
3432 873 3725 929 debitores

2081 967 2137 1019 et
2168 964 2540 1033 feneratores,
2572 962 2736 1019 laute
2776 962 3031 1018 viventes
3062 966 3120 1018 et
3167 962 3319 1017 fame
3374 961 3725 1034 laborantes,

2079 1051 2397 1124 locupletes
2453 1055 2509 1108 et
2549 1055 2698 1108 tecto
2756 1054 3036 1119 carentes,
3096 1050 3348 1106 molliter
3402 1053 3642 1109 vestitos
3671 1058 3730 1109 et

2080 1158 2388 1213 pannosos.
2404 1141 2534 1197 Haec
2565 1140 2743 1207 enim,
2766 1144 2822 1197 et
2842 1141 2933 1196 his
2956 1140 3213 1211 plura,in
3235 1141 3353 1197 vita
3383 1144 3581 1198 nostra
3610 1160 3727 1200 non

2080 1237 2435 1301 cernuntur;
2466 1236 2565 1287 tua
2604 1247 2736 1287 vero
2784 1231 2877 1287 bis
2924 1231 3133 1287 referta
3161 1235 3269 1287 est.
3303 1231 3417 1289 Nec
3475 1233 3726 1304 populus

2080 1326 2217 1378 tuus
2248 1320 2358 1377 sub
2390 1338 2506 1377 una
2534 1336 2671 1376 cura
2713 1320 3022 1376 universus
3052 1320 3296 1392 cogitur,
3324 1337 3429 1378 nec
3459 1324 3725 1379 omnium

2082 1412 2255 1467 facies
2293 1414 2350 1466 et
2407 1411 2646 1467 nomina
2703 1410 2881 1478 nosti,
2911 1426 3018 1466 nec
3075 1410 3206 1465 vita
3260 1411 3725 1484 uniuscujusque

2082 1500 2204 1556 vias
2233 1505 2290 1555 et
2332 1500 2585 1556 rationes
2633 1499 2944 1569 distinguis
2976 1517 2989 1567 ;
3024 1499 3126 1555 sed
3156 1498 3253 1553 alii
3301 1498 3467 1556 aliter
3514 1516 3726 1572 magno

2083 1591 2421 1647 discrimine
2445 1606 2505 1646 se
2536 1590 2769 1646 habent.
2801 1589 3031 1645 Etenim
3083 1588 3183 1644 alii
3216 1593 3433 1645 terram
3483 1591 3727 1647 fortasse

2082 1680 2299 1751 colunt,
2334 1680 2433 1736 alii
2490 1681 2787 1752 navigant,
2820 1678 2917 1734 alii
2973 1695 3174 1751 greges
3232 1683 3501 1751 pascunt,
3534 1680 3633 1737 alii
3663 1682 3723 1735 in

2083 1770 2200 1826 otio
2257 1770 2495 1841 degunt,
2538 1768 2636 1824 alii
2696 1768 3100 1839 negotiantur:
3159 1766 3519 1839 longumque
3573 1774 3728 1825 esset

2085 1876 2232 1932 quas
2269 1859 2332 1915 in
2372 1857 2617 1930 singulis
2670 1857 2933 1913 videmus
2972 1857 3348 1928 occupatione
3406 1872 3724 1915 recensere.

2087 1951 2149 2005 In
2180 1948 2273 2005 his
2330 1952 2520 2004 autem
2568 1948 2842 2005 omnibus
2882 1947 3068 2017 qualis
3111 1950 3478 2018 quantusque
3518 1947 3727 2003 labor!

2085 2038 2380 2108 aestimari,
2423 2041 2487 2092 ut
2541 2042 2703 2108 puto,
2760 2053 2877 2092 non
2937 2043 3143 2106 potest.
3200 2037 3469 2101 Quantus
3526 2038 3728 2105 sudor,

2085 2133 2401 2193 certamen,
2469 2143 2696 2197 cursus,
2773 2126 3091 2196 contentio,
3151 2142 3311 2187 cura.
3371 2126 3726 2195 sollicitudo,

2084 2217 2273 2273 carnis
2337 2216 2593 2283 afﬂictio,
2669 2215 2852 2272 animi
2917 2216 3104 2285 dolor,
3172 2217 3382 2273 mentis
3447 2216 3731 2288 defatiga-

2086 2307 2162 2362 tio
2190 2306 2218 2362 Τ
2250 2306 2750 2373 Quemadmodum
2781 2322 2914 2376 ergo
2961 2306 3061 2376 qui
3092 2322 3296 2362 navem
3328 2306 3611 2375 gubernat
3667 2304 3728 2360 in

2085 2398 2314 2469 magnis
2328 2398 2503 2453 maris
2518 2397 2794 2452 ﬂuctibus
2808 2401 2863 2452 et
2876 2399 3240 2466 tempestate,
3254 2399 3411 2451 totus
3424 2395 3725 2467 advigilat,

2086 2496 2139 2545 et
2166 2488 2227 2543 in
2258 2502 2323 2543 ea
2353 2503 2487 2542 cura
2505 2486 2729 2542 deﬁxus
2759 2492 2986 2553 est,nec
3007 2501 3287 2541 sumnum
3313 2484 3499 2541 oculis
3537 2485 3726 2542 indul-

2083 2582 2181 2650 get
2208 2578 2349 2648 (non
2379 2576 2535 2631 enim
2568 2575 2727 2647 parvi
2758 2579 2816 2631 et
2835 2573 3076 2645 periculi
3098 2574 3146 2629 si
3176 2572 3263 2629 vel
3294 2574 3502 2645 exigua
3531 2573 3726 2645 aliqua

2085 2669 2324 2738 obrepat
2351 2666 2641 2737 imperitia
2671 2664 2761 2720 vel
2792 2663 3189 2735 negligentia),
3214 2663 3296 2720 sic
3326 2663 3507 2719 multo
3541 2666 3726 2735 magis

2086 2756 2418 2814 animarum
2441 2756 2798 2827 gubernator
2814 2752 3169 2826 praefectum
3190 2758 3385 2825 partes
3405 2753 3728 2810 studiosius

2086 2851 2143 2903 et
2167 2848 2497 2903 accuratius
2534 2849 2729 2900 teneat
2758 2859 2995 2899 necesse
3025 2847 3133 2912 est,
3166 2860 3238 2899 ne
3295 2843 3539 2898 extremi
3569 2842 3728 2899 exitii

2087 2936 2370 3006 profundo
2417 2935 2802 3004 demergatur.
2835 2933 3165 3004 Propterea,
3198 2934 3257 2988 at
3294 2931 3562 3000 arbitror,
3594 2948 3728 2987 san-

2087 3025 2362 3092 ctissime,
2396 3038 2641 3093 magnus
2689 3021 3002 3095 Apostolus
3032 3019 3391 3076 exclamabat
3432 3036 3447 3074 :
3480 3022 3610 3088 Quis
3640 3022 3729 3074 in-

2086 3115 2359 3184 ﬁrmatur,
2391 3118 2446 3166 et
2474 3127 2569 3183 ego
2615 3126 2726 3167 non
2768 3110 3022 3180 inﬁrmor
3054 3111 3081 3163 ?
3123 3111 3244 3181 quis
3288 3108 3728 3175 scandalizatur,

2085 3211 2137 3260 el
2159 3218 2261 3276 ego
2290 3218 2401 3258 non
2428 3217 2566 3256 uror
2592 3200 2640 3234 ³⁵
2658 3200 2685 3254 'l
2717 3200 2784 3255 Et
2816 3200 3030 3255 iterum
3059 3214 3080 3253 :
3135 3200 3332 3254 Factus
3378 3214 3500 3253 sum
3527 3198 3731 3255 Judaei:

331 3290 662 3366 προστασίας
711 3285 896 3365 ἔργον,
944 3288 1036 3344 ’ίνα
1089 3292 1165 3363 μὴ
1227 3268 1571 3366 ὑποϐρύχιος
1620 3294 1839 3369 γένηται
1896 3298 1974 3366 τῷ

2091 3268 2354 3366 tanquam
2383 3291 2638 3357 Judzus;
2670 3292 2737 3345 iis
2767 3291 2861 3361 qui
2891 3289 2990 3343 sub
3022 3289 3135 3359 lege
3162 3292 3310 3355 sunt,
3340 3291 3612 3359 tanquam
3634 3288 3731 3343 sub

335 3381 490 3454 βυθῷ
516 3385 618 3448 τῆς
650 3376 927 3441 ἀπώλείας
950 3420 961 3434 .
996 3380 1094 3432 Διά
1120 3384 1312 3449 ταῦτα,
1357 3381 1432 3442 ὼς
1464 3382 1643 3453 οἶμαι,
1692 3380 1974 3455 ἀγιώτατε,

333 3464 468 3523 ἐϐόα
527 3468 555 3521 ὁ
616 3464 784 3541 μέγας
844 3466 1180 3528 ’Δπόστολος
1214 3511 1228 3536 ,
1287 3469 1378 3531 Τίς
1449 3470 1674 3537 ἀσθενεῖ,
1729 3470 1820 3524 καὶ
1881 3471 1981 3525 οὐκ

334 3559 585 3627 ἀσθενῶς
642 3556 726 3618 τίς
788 3554 1222 3628 σκανδαλίζεται,
1305 3559 1394 3614 καὶ
1453 3560 1554 3614 οὐκ
1610 3558 1720 3637 ἐγὼ
1774 3566 1981 3636 πυροῦ-

340 3668 441 3721 μαι
472 3670 487 3714 ;
520 3645 618 3701 Καὶ
663 3646 828 3701 πάλιν
855 3690 869 3715 ,
922 3651 1049 3703 ’Ότι
1092 3646 1358 3724 ἐγενόμην
1407 3654 1526 3711 τοῖς
1579 3646 1860 3710 Ἰουδαίοις
1906 3652 1980 3713 ὡς

334 3733 626 3807 Ἰουδαῖος,
692 3740 809 3797 τοῖς
880 3734 983 3790 ὑπὸ
1049 3737 1215 3809 νόμον
1285 3738 1358 3799 ὡς
1433 3738 1535 3792 ὑπὸ
1611 3738 1802 3811 νόμον,
1860 3746 1978 3802 τοῖς

333 3826 570 3898 ἀνόμοις
615 3824 689 3885 ὡς
729 3823 958 3897 ἄνομος,
1020 3827 1095 3897 μὴ
1155 3823 1230 3879 ὤν
1287 3827 1512 3900 ἄνομος,
1572 3824 1697 3882 ἀλλ’
1755 3826 1975 3903 ἔννομος

336 3918 594 3988 Χριστῷ.
655 3918 780 3974 Τοῖς
836 3918 965 3967 πᾶσι
1024 3914 1224 3991 γέγονα
1297 3916 1363 3969 τὰ
1433 3915 1627 3988 πάντα,
1696 3915 1791 3972 *ἕνα
1845 3918 1975 3981 τοὺς

338 4002 545 4060 πάντας
604 3998 890 4074 κερδήσω.
954 3999 1093 4056 Ἰδοὺ
1150 4002 1324 4064 οὕτως
1396 4003 1485 4058 καὶ
1539 4005 1589 4059 οἱ
1646 4012 1762 4060 κατ’
1818 4008 1978 4062 αὐτὸν

329 4090 552 4151 κανόνες
597 4090 686 4144 καὶ
738 4088 857 4163 ὅροι
911 4089 1241 4160 ἐπισκοπῆς·
1294 4094 1531 4167 καθάπερ
1584 4098 1672 4149 καὶ
1724 4095 1874 4150 αὐτοὶ
1925 4097 1977 4150 οἱ

332 4177 612 4234 θεσπέσιοι
666 4183 893 4253 Πατέρες
926 4184 1088 4254 ἡμῶν
1137 4180 1513 4259 διαγορεύουσι
1541 4226 1555 4242 .
1607 4186 1810 4241 Λοιπὸν
1851 4186 1976 4239 ἀνα-

332 4272 493 4343 γνοὺς
538 4270 626 4324 καὶ
678 4267 932 4347 διαγνοὺς
992 4272 1057 4326 τὰ
1111 4277 1216 4327 τῶν
1268 4274 1455 4348 ἁγίων,
1506 4276 1593 4327 καὶ
1642 4274 1726 4329 ἐπὶ
1786 4281 1976 4350 χεῖρας

332 4356 481 4432 ἔχων
509 4360 575 4413 τὰ
608 4358 981 4433 θεοπαράδοτα
1014 4360 1174 4435 λόγια
1198 4383 1210 4393 ·
1243 4362 1293 4415 τί
1326 4363 1462 4436 πρὸς
1492 4363 1626 4435 ἐμοῦ
1664 4368 1759 4418 τοῦ
1805 4364 1972 4419 τάλα·

332 4469 429 4508 νος
460 4449 708 4503 τοιοῦτόν
740 4471 792 4503 τι
827 4448 1104 4520 ἐπιζητεῖς
1131 4469 1144 4519 ;
1179 4452 1318 4526 Ἐγὼ
1350 4450 1497 4507 δοκῶ
1540 4454 1627 4507 τὸν
1679 4452 1971 4509 ἐπίσκοπον

334 4538 477 4592 εἶναι
508 4532 725 4616 ἔφορον,
753 4541 843 4593 καὶ
875 4537 1165 4594 ὑπεύθυνον
1215 4547 1314 4609 τῆς
1361 4540 1450 4595 ἐπὶ
1480 4546 1609 4595 πᾶσι
1638 4548 1745 4597 τῶν
1796 4545 1974 4617 ἀρχο-

2091 3384 2208 3454 lege
2227 3397 2436 3444 essem;
2465 3383 2538 3436 iis
2566 3383 2661 3451 qui
2684 3380 2803 3435 siue
2833 3380 2951 3448 lege
2981 3385 3160 3445 erant,
3184 3386 3445 3449 tanquam
3473 3380 3592 3433 sine
3619 3378 3736 3446 lege

2088 3488 2297 3535 essem;
2327 3487 2451 3526 cum
2500 3471 2622 3525 sine
2657 3468 2777 3538 lege
2808 3485 2923 3523 non
2950 3484 3144 3534 essem,
3175 3466 3267 3523 sed
3294 3468 3354 3522 in
3406 3467 3520 3537 lege
3568 3482 3735 3523 essem

2090 3561 2313 3618 Christi.
2345 3559 2610 3617 Omnibus
2641 3562 2826 3614 omnia
2856 3560 3037 3628 factus
3066 3573 3212 3625 sum,
3242 3561 3304 3612 ut
3346 3570 3534 3613 omnes
3566 3557 3733 3611 lueri-

2086 3654 2319 3723 facerem
2350 3650 2417 3705 ³⁸.
2453 3650 2558 3715 En.
2589 3649 2676 3704 vel
2719 3650 2843 3719 ejus
2874 3648 3180 3715 sententia,
3212 3645 3370 3717 leges
3401 3648 3457 3701 et
3504 3646 3734 3716 regulas

2087 3742 2477 3812 episcopatus,
2495 3738 2987 3811 quemadmodum
3008 3740 3066 3792 et
3087 3736 3265 3791 divini
3284 3751 3517 3807 quoque
3537 3734 3735 3790 Patres

2087 3830 2274 3887 nostri
2298 3833 2609 3885 testantur.
2645 3828 2950 3893 Caeterum,
2983 3841 3117 3881 cum
3150 3829 3486 3881 sanctorum
3518 3822 3736 3895 placita

2086 3922 2245 3991 legas
2275 3923 2331 3976 et
2360 3917 2672 3989 intelligas,
2697 3920 2754 3972 et
2774 3917 2973 3972 divina
3001 3914 3233 3971 oracula
3262 3915 3323 3969 in
3345 3915 3616 3969 manibus
3636 3912 3735 3967 ha-

2085 4011 2245 4077 beas,
2276 4009 2418 4081 quid
2449 4009 2523 4063 ad
2558 4024 2650 4063 me
2682 4006 2896 4061 misero
2928 4005 3043 4061 tale
3071 4003 3371 4074 quidpiam
3401 4002 3689 4074 efﬂagitas
3709 4002 3736 4056 ‘I

2085 4102 2203 4171 Ego
2263 4099 2605 4171 episcopum
2667 4112 2874 4152 censeo
2933 4098 3319 4167 inspectorem
3375 4108 3527 4163 esse,
3558 4110 3624 4149 ac
3663 4093 3735 4147 de

2084 4189 2359 4245 omnibus
2392 4204 2518 4259 quae
2551 4204 2584 4242 a
2614 4185 2866 4241 subditis
2898 4189 3156 4255 aguntur
3187 4182 3537 4252 obnoxium;
3569 4198 3735 4253 ange-

2082 4277 2204 4334 lum
2230 4295 2346 4334 non
2369 4276 2661 4338 silentem,
2671 4274 3148 4344 justiﬁcationem
3182 4274 3281 4329 Dei
3311 4278 3585 4345 perpetuo
3598 4288 3736 4342 pras‘

2082 4368 2369 4423 dicantem
2388 4384 2400 4433 ;
2419 4365 2652 4421 oculum
2681 4364 3035 4431 insomnem,
3052 4364 3245 4435 gregis
3276 4363 3369 4418 sui
3391 4361 3732 4434 singillatim

2080 4459 2206 4514 vias
2245 4458 2713 4515 considerantem
2748 4472 2761 4522 ;
2796 4453 3181 4510 simulacrum
3213 4453 3452 4518 Christi,
3484 4453 3555 4508 ad
3576 4453 3732 4522 quod

2084 4548 2292 4604 intenti
2341 4547 2440 4617 qui
2496 4551 2837 4616 sequuntur,
2862 4543 3042 4598 vitam
3097 4558 3262 4599 suam
3316 4544 3386 4597 ad
3440 4541 3733 4613 Evangelii

335 4625 517 4699 μένων
575 4627 863 4702 γενομένης
924 4628 1301 4703 διαπράξεως.
1378 4631 1644 4705 ’Ἄγγελον
1693 4632 1970 4706 ἀσίγητον,

2091 4638 2334 4694 formam
2358 4636 2639 4706 efﬁngant
2661 4653 2675 4701 ;
2700 4634 2883 4689 facem
2901 4635 3176 4703 perpetuo
3194 4633 3513 4697 ardentem,
3538 4632 3611 4687 iis
3633 4632 3734 4702 qui

332 4717 402 4772 τὰ
440 4720 536 4771 τοῦ
588 4721 721 4772 Θεοῦ
780 4715 1123 4790 δικαιώματα
1173 4720 1545 4791 κηρύσσοντα·
1604 4718 1762 4795 ὄμμα
1816 4721 1975 4777 ἀκοί-

340 4825 521 4879 μητον
548 4806 643 4867 τὰς
676 4806 902 4862 ἑκάστου
933 4805 1092 4869 ὁδοὺς
1141 4813 1248 4862 τῶν
1297 4809 1386 4864 ὑπ’
1424 4810 1594 4865 αὐτοῦ
1642 4811 1978 4885 ἐξαγομένων

336 4890 768 4967 ἐπιϐλεπόμενον
797 4916 809 4928 ο
866 4897 1095 4969 μίμημα
1147 4903 1397 4973 Χριστοῦ,
1432 4899 1507 4961 εἰς
1540 4901 1598 4954 ’ὀν
1633 4901 1684 4955 οἱ
1723 4899 1978 4974 ἑπόμενοι

337 4982 706 5057 προσέχοντες
738 4985 835 5053 τήν
861 4986 1063 5040 ἑαυτῶν
1098 4988 1241 5055 ζωὴν
1284 4987 1654 5064 εὖαγγελικῶς
1701 5008 1980 5065 χαρακτη-

338 5074 591 5149 ρίζουσιο
655 5081 918 5152 φωστῆρα
973 5074 1253 5150 ἀειλαμπῆ
1315 5084 1431 5141 τοῖς
1490 5079 1538 5149 ἐξ
1598 5080 1815 5156 ἀγνοίας
1891 5082 1980 5135 καὶ

336 5163 611 5237 ἁμαρὸίας
643 5170 1049 5239 νυκτομαχοῦσι
1079 5169 1479 5241 γνωριζόμενον
1518 5212 1529 5224 .
1562 5171 1653 5225 τὸν
1681 5169 1847 5245 λόγον
1881 5177 1979 5239 τῆς

340 5251 693 5316 διδασκαλίας
742 5251 1143 5331 ἐπομϐρίζοντα
1179 5264 1295 5321 τοῖς
1349 5257 1547 5333 διψῶσι
1586 5262 1651 5315 τὰ
1698 5264 1976 5334 σωτήριον

341 5343 636 5415 οἰκονόμον
691 5344 958 5419 μέγιστον,
988 5348 1079 5401 τὸν
1132 5349 1356 5402 ἑκάστου
1408 5350 1525 5421 βίον
1578 5352 1980 5425 λογοθετεῖσθαι

345 5432 624 5506 μέλλοντα
650 5433 704 5488 ἐν
736 5440 908 5509 καιρῷ
937 5435 1354 5499 ἀνταποδόσεως
1380 5481 1393 5493 .
1427 5438 1559 5493 Οὔτε
1590 5440 1679 5495 οὖν
1716 5444 1898 5513 μεῖζόν
1925 5463 1979 5497 τι

337 5528 440 5591 τῆς
490 5523 628 5595 πρὸς
668 5525 795 5579 Θεὸν
842 5525 1144 5601 ἐγγύτητος
1194 5527 1284 5580 καὶ
1333 5525 1570 5601 ἀγάπης,
1621 5530 1735 5584 οὔτ’
1782 5529 1846 5584 αὖ
1895 5531 1981 5585 εύ-

412 5711 467 5747 ³⁵
494 5712 548 5771 ll
578 5710 709 5770 Cor.
739 5725 821 5783 xi,
850 5709 946 5768 29.
1047 5707 1094 5746 ³⁸
1122 5709 1146 5767 Ι
1178 5707 1306 5768 Cor.
1337 5726 1415 5782 ut,
1444 5711 1641 5768 20-23.

2089 4727 2149 4783 in
2180 4723 2515 4798 ignorantia
2530 4723 2862 4794 peccatique
2881 4721 3136 4777 tenebris
3159 4720 3460 4788 dimicant,
3492 4721 3733 4790 conspi—

2090 4832 2298 4878 cuam;
2319 4830 2648 4870 sermonem
2670 4812 2971 4874 doctrinae,
2986 4811 3269 4867 solutaria
3298 4810 3630 4868 sitientibus
3648 4813 3734 4866 in-

2089 4906 2468 4971 fundentem;
2507 4903 2971 4972 dispensatorem
3005 4902 3354 4968 maximum,
3389 4900 3491 4972 qui
3523 4900 3594 4956 de
3624 4899 3736 4956 sin-

2089 4994 2358 5067 gulorum
2390 4994 2530 5060 vita,
2562 4991 2962 5048 retributionis
2992 4994 3275 5061 tempore,
3300 4990 3581 5047 rationem
3608 4990 3732 5045 red-

2090 5085 2320 5141 diturus
2351 5082 2421 5138 sit
2452 5084 2644 5152 itaque
2673 5080 2836 5136 nulla
2862 5080 3118 5136 afﬁnitas
3148 5096 3282 5135 cum
3317 5083 3427 5135 Deo
3469 5083 3525 5134 et
3554 5078 3739 5135 chari-

2092 5180 2181 5231 tas
2213 5178 2399 5245 major
2429 5176 2652 5243 est,aut
2682 5172 2775 5227 cui
2807 5171 3012 5226 certior
3034 5171 3110 5226 sit
3132 5186 3562 5241 merces,quam
3595 5187 3736 5242 prae-

2091 5266 2316 5321 fectura
2336 5268 2500 5318 tanta
2523 5279 2535 5316 :
2563 5262 3058 5334 quemadmodum
3085 5260 3350 5315 Christus
3371 5260 3492 5332 ipse
3514 5265 3731 5330 aposto-

2090 5354 2281 5409 lorum
2316 5352 2560 5422 principi
2592 5350 2738 5405 dixit
2771 5364 2784 5404 :
2836 5349 2895 5403 Si
2922 5365 3075 5404 amas
3122 5366 3227 5417 me,
3260 5351 3435 5415 Pelre,
3469 5348 3593 5420 plus
3626 5348 3730 5414 his,

2088 5458 2248 5515 pasce
2267 5458 2385 5498 oves
2415 5456 2560 5496 meas
2590 5438 2657 5494 ³⁷.
2692 5438 2807 5496 Nec
2837 5438 3224 5509 periculosius
3255 5439 3601 5508 quidquam,
3630 5440 3733 5494 aut

2090 5531 2396 5588 exitiosius
2426 5546 2603 5601 quam
2635 5529 2693 5584 in
2724 5543 2792 5584 ea
2823 5526 3060 5599 indigne
3088 5526 3321 5584 versari.

1743 5712 1787 5750 ³⁷
1812 5717 1978 5773 Joan.
2007 5728 2124 5780 xxi,
2153 5713 2239 5770 15.
