4090 6288
412 369 526 428 947

1657 373 1718 427 S.
1767 370 2161 430 THEODORI
2206 370 2566 431 STUDlT/E

3692 371 3816 430 958

416 504 757 576 μισθὸτερον,
810 503 883 563 ὡς
1035 501 1343 572 τηλικαύτη
1405 501 1722 555 ἐπιστασία·
1785 503 1961 564 καθώς
2011 523 2172 577 φησιν
2230 503 2390 566 αὐτὸς
2441 504 2468 556 ὁ
2515 503 2747 576 Χριστὸς
2797 503 2930 575 πρὸς
2976 502 3067 557 τὸν
3108 505 3407 580 κορυφαῖον
3455 500 3767 556 ἀποστολον
3798 522 3817 534 ο

415 618 442 644 ‹‹
477 593 541 648 Εἰ
574 591 751 670 φιλεῖς
799 614 884 665 με,
921 595 1105 667 Πέτρε,
1139 591 1333 646 πλεῖον
1379 592 1610 661 τούτων,
1662 593 1923 664 ποίμαινε
1964 593 2032 648 τά
2075 590 2321 666 πρόϐατά
2355 614 2479 667 μου.
2517 617 2543 644 ››
2585 590 2724 648 Οὔτε
2767 590 3229 666 ἐπικινδυνότερον
3276 593 3368 645 καὶ
3417 589 3822 664 ὀλεθριώτερον

413 688 530 744 τοῖς
560 683 786 752 ἀναξίως
816 682 1014 751 ταύτην
1048 682 1451 755 ἀσπαζομένοις
1478 727 1490 738 .

481 777 554 829 At
582 780 665 840 tu,
696 774 938 838 satscio,
972 774 1206 828 Patrum
1239 775 1472 844 Optime,
1508 776 1696 829 bonus
1728 778 1924 845 pastor
1961 791 2044 843 es,
2078 777 2128 841 Α

415 866 514 936 qui
547 865 799 920 animam
833 871 992 919 tuam
1030 883 1126 933 pro
1158 867 1365 921 ovibus
1396 883 1625 936 semper
1655 867 1920 937 posuisti,
1953 882 2056 937 pro

415 971 766 1025 unaquaque
821 960 994 1024 caput
1021 956 1324 1022 objiciens,
1362 956 1662 1011 hominum
1722 956 1910 1010 minas
1941 972 2053 1011 non

413 1045 816 1110 reformidans,
843 1045 1139 1099 veritatem
1165 1047 1224 1100 in
1257 1047 1690 1100 adversantium
1723 1045 1908 1099 oculis
1938 1062 2052 1099 non

413 1133 808 1199 dissimulans,
833 1134 991 1187 unici
1024 1135 1174 1204 regis
1208 1134 1489 1189 voluntati
1524 1135 2052 1190 obsecundans.Ad

415 1223 556 1289 haec,
592 1237 838 1293 arguens
869 1239 1003 1276 cum
1041 1222 1328 1290 libertate,
1362 1240 1591 1294 poenam
1624 1226 1889 1294 irrogans
1921 1240 2054 1278 cum

413 1311 672 1378 lenitate,
705 1312 1019 1382 pacificans
1041 1317 1096 1367 et
1119 1313 1499 1368 reconcilians
1522 1313 1887 1374 dissidentes,
1923 1331 2057 1384 pro-

414 1401 613 1455 fanum
647 1417 680 1454 a
727 1405 928 1455 sancto
979 1402 1295 1472 prudenter
1342 1403 1644 1470 dirimens,
1687 1411 1740 1457 et
1784 1421 1991 1459 sanum
2025 1424 2058 1460 δ.

415 1489 700 1557 morbido,
735 1505 808 1545 ne
839 1491 1179 1562 contagione
1200 1507 1306 1545 sua
1337 1493 1592 1546 vicinum
1621 1492 1866 1560 inticiat;
1901 1495 2058 1564 quod

414 1577 641 1632 aberrat
670 1578 729 1632 in
763 1578 916 1632 viam
949 1580 1255 1647 reducens,
1289 1582 1441 1650 quod
1470 1582 1770 1636 inﬁrmum
1803 1587 1891 1637 est
1920 1600 2056 1638 con-

415 1665 692 1735 solidans,
727 1668 881 1739 quod
931 1672 1293 1724 confractum
1327 1677 1410 1725 est
1467 1669 1714 1742 alligans
1743 1673 1806 1725 ³⁸.
1871 1675 2055 1738 Quam

417 1755 711 1826 multiplex
740 1772 935 1812 revera
965 1763 1128 1812 tuum
1153 1762 1242 1813 est
1260 1774 1404 1828 opus
1428 1759 1440 1812 !
1463 1759 1901 1830 Prepositorum
1926 1762 2058 1818 visi-

419 1844 578 1912 tatio,
625 1845 985 1900 celliotarum
1064 1847 1420 1916 approbatio,
1479 1850 1948 1920 presbyterorum
2004 1855 2060 1908 et

416 1932 792 1989 diaconorum
817 1935 1127 2004 ordinatio,
1146 1939 1203 1991 et
1232 1936 1442 1992 horum
1474 1939 1735 1994 omnium
1760 1941 1888 1995 vitm
1919 1956 2059 1996 cen-

421 2040 594 2081 sura:
625 2024 930 2080 viduarum
962 2026 1245 2092 defensio,
1277 2027 1670 2097 orphanorum
1704 2031 2056 2097 subsidium,

2233 772 2390 828 Ἀλλ’
2421 773 2602 843 αὑτὸς,
2636 770 2692 825 εὖ
2724 769 2870 833 οῖδα,
2921 771 3171 846 Πατέρων
3205 769 3404 845 ἄριστε,
3441 771 3525 826 ὅτι
3568 773 3643 833 ὡς
3677 772 3821 846 ἀγα-

2164 865 2255 926 θὸς
2288 865 2495 934 ποιμὴν
2533 864 2630 930 τήν
2662 865 2848 936 ψυχὴν
2882 883 2975 915 σου
3023 862 3103 915 ἀεὶ
3151 862 3404 921 τεθεικὼς
3452 861 3501 914 εἴ
3531 861 3659 934 ὑπὲρ
3702 866 3818 914 τῶν

2164 956 2268 1006 σῶν
2327 947 2635 1024 προϐάτων,
2690 949 3126 1024 προκινδυνεύων
3175 951 3304 1024 ὑπὲρ
3354 951 3472 1010 ἐνὸς
3542 951 3769 1004 ἑκάστου
3801 969 3819 982 ο

2169 1041 2243 1112 μή
2277 1039 2616 1111 πτοούμενος
2649 1039 2875 1099 ἀπειλὰς
2905 1039 3243 1112 ἀνθρωπίνας
3271 1054 3282 1068 ·
3332 1042 3407 1110 μή
3464 1036 3821 1093 ὑποστελλό-

2171 1149 2328 1201 μενος
2357 1131 2445 1182 τὸν
2485 1135 2583 1196 τῆς
2627 1129 2883 1198 ἀληθείας
2933 1128 3098 1200 λόγον
3133 1127 3182 1197 ἐξ
3216 1127 3454 1189 ἐναντίας
3501 1132 3612 1182 τῶν
3663 1129 3821 1182 ἀντι·-

2168 1216 2553 1291 διατιθεμένων
2581 1236 2593 1247 ·
2627 1220 2688 1272 τὸ
2729 1223 2827 1272 τοῦ
2862 1217 3032 1290 μόνου
3085 1216 3355 1292 βασιλέως
3399 1216 3620 1290 θέλημα
3665 1216 3818 1271 ἀπο-

2167 1309 2476 1381 θεραπεύων
2505 1351 2517 1364 .
2554 1308 2693 1381 Πρὸς
2735 1307 2952 1368 τούτοις
2995 1306 3242 1382 ἐλέγχων
3295 1306 3428 1378 μετά
3473 1305 3817 1379 παρρησίας,

2168 1397 2434 1468 ἐπιτιμῶν
2505 1397 2637 1468 μετά
2703 1396 3056 1469 συμπαθείας,
3147 1395 3437 1470 εἷρηνεύων
3519 1395 3608 1450 καὶ
3685 1417 3822 1451 κατ-

2171 1487 2462 1543 αλλάσσων
2492 1487 2618 1549 τοὺς
2671 1486 3069 1561 διισταμένους,
3120 1487 3395 1564 ἀφορίζων
3447 1489 3580 1561 μετὰ
3629 1487 3819 1561 εὐκρι-

2170 1578 2289 1638 σίας
2321 1579 2382 1631 τὸ
2417 1575 2656 1649 βέϐηλον
2689 1577 2796 1632 ἀπὸ
2827 1582 2924 1632 τοῦ
2956 1578 3131 1645 ὁσίου,
3161 1578 3223 1631 τὸ
3255 1577 3404 1651 ὑγιὲς
3435 1577 3541 1631 ἀπὸ
3578 1580 3675 1631 τοῦ
3724 1598 3820 1630 νε·-

2166 1667 2482 1737 νοσηκότος,
2516 1669 2590 1729 ὡς
2622 1667 2681 1721 ἂν
2715 1668 2788 1739 μὴ
2825 1664 3084 1740 μεταδοίη
3111 1673 3211 1735 τῆς
3256 1665 3454 1728 οἰκείας
3504 1664 3822 1741 ἂρῥωστίας

2168 1761 2248 1828 τῷ
2304 1755 2700 1827 πλησιάζοντι·
2761 1757 2822 1810 τὸ
2877 1755 3237 1828 πλανώμενον
3315 1755 3688 1833 ἐπιστρέφων·
3748 1754 3820 1808 τὸ

2166 1846 2464 1916 ἠσθενηκὸς
2547 1844 2848 1921 ἐνισχύων·
2915 1845 2978 1898 τὸ
3047 1845 3503 1918 συντετριμμένον
3578 1841 3824 1898 καταδε-

2168 1939 2417 2011 σμεύων.
2453 1941 2541 1997 Ὠς
2572 1935 2715 1990 πολύ
2761 1956 2858 1989 σου
2908 1931 3078 1996 ὅντως
3126 1935 3187 1988 τὸ
3236 1930 3433 2008 ἕργονί
3486 1933 3820 2007 ἡγουμένων

2169 2026 2468 2099 ἐπίσκεψις,
2536 2023 2857 2080 κελλιωτῶν
2927 2023 3216 2098 ἐπίκρισις,
3284 2020 3664 2098 πρεσϐυτέρων
3722 2023 3824 2077 καὶ

417 2113 766 2169 afﬂictorum
799 2114 962 2182 ultio,
995 2132 1406 2186 oppressorum
1438 2120 1819 2190 propugnatio
1855 2136 1869 2186 ;
1913 2121 2056 2192 quin

2180 2114 2432 2170 διακόνων
2466 2115 2863 2190 χειροτόνησις,
2897 2115 2986 2168 καὶ
3023 2113 3142 2188 βίου
3188 2114 3400 2168 τούτων
3447 2113 3659 2167 πάντων
3695 2113 3826 2167 ἐπι-

2227 2209 2238 2218 ·
2634 2209 2661 2218 -
3036 2203 3046 2218 ι
3193 2203 3205 2216 η
3359 2206 3386 2216 σ-
3508 2201 3522 2218 ~.
3742 2200 3754 2218 ο

418 2202 593 2257 etiam
621 2202 920 2274 dignitatis
944 2207 1319 2261 conservatio.
1337 2207 1482 2271 Quia
1508 2208 1606 2262 ubi
1631 2209 1772 2263 nihil
1796 2214 1884 2264 est
1905 2211 2058 2280 quod

419 2290 689 2361 pietatem
724 2292 893 2347 laedat
946 2293 1034 2347 vel
1083 2295 1381 2364 impediat,
1413 2297 1622 2366 subjici
1678 2315 1784 2353 nos
1832 2314 2065 2368 quoque

420 2379 582 2435 omni
611 2379 854 2451 imperio
886 2386 943 2436 et
971 2383 1242 2451 potestati
1291 2389 1534 2454 oportet,
1566 2387 2063 2442 benevolentiam-

421 2483 534 2539 que
592 2475 890 2540 perpetuo,
923 2471 972 2524 si
1022 2471 1146 2526 fieri
1204 2479 1414 2542 potest,
1472 2475 1733 2530 omnium
1794 2475 2060 2539 retinere,

423 2560 689 2626 prompte
721 2573 788 2612 ac
831 2559 1081 2630 benigne
1112 2561 1445 2628 salutando,
1482 2581 1547 2618 ac
1581 2566 1858 2633 majorem
1889 2565 2062 2620 etiam

426 2644 700 2699 honorem
730 2646 1108 2703 redhibendo.
1143 2650 1306 2704 Absit
1334 2652 1487 2706 enim
1521 2656 1584 2706 ut
1615 2654 1684 2708 de
1715 2653 2069 2709 beatitudine

427 2742 524 2787 tua
579 2734 870 2802 dicantur,
905 2751 1036 2806 quae
1092 2738 1391 2794 contrariae
1450 2741 1733 2797 malorum
1768 2749 2066 2813 pastorum

428 2822 576 2891 parti
607 2824 987 2880 conveniunt!
1011 2829 1104 2896 qui
1129 2828 1316 2898 turpis
1334 2829 1555 2885 scilicet
1581 2831 1728 2887 lucri
1749 2832 1930 2903 gratia
1954 2849 2069 2904 gre-

434 2925 566 2982 gem
597 2913 978 2984 pascunt,qui
996 2915 1065 2968 ad
1087 2914 1218 2971 vita
1238 2919 1895 2990 commodadignitatem
1920 2921 2069 2976 hanc

432 2999 789 3068 referunt,ad
814 3002 1006 3057 carnis
1030 3002 1446 3075 laxamentum,
1478 3007 1548 3061 ad
1572 3009 1911 3078 cupiditatis
1942 3010 2069 3063 tru-

430 3092 612 3156 ctum,
644 3090 716 3144 ad
748 3089 1035 3148 ﬂuxarum
1065 3109 1240 3164 opum
1272 3096 1777 3166 conquisitionem,
1805 3100 1872 3152 ad
1897 3098 2072 3168 pluri-

430 3195 658 3233 morum
710 3183 872 3235 terrea
925 3183 1198 3252 jugerum
1259 3187 1706 3256 possessionem,
1765 3189 2071 3260 gregisque

429 3281 729 3322 servorum
751 3285 817 3322 ac
848 3271 1132 3338 pecudum
1159 3274 1451 3330 numerosi
1478 3291 1490 3328 :
1524 3275 1766 3346 ideoque
1787 3292 1903 3332 non
1925 3277 2072 3332 divi-

433 3355 544 3421 nis,
562 3356 662 3409 sed
678 3355 952 3414 humanis
970 3361 1193 3416 artibus
1215 3363 1284 3416 ad
1306 3364 1658 3434 praefecturae
1689 3366 1918 3421 culmen
1941 3383 2070 3436 pro-

430 3441 658 3509 siliunt,
681 3449 744 3498 ut
771 3445 832 3499 in
864 3447 1130 3503 subditos
1159 3451 1536 3521 supercilium
1558 3453 1918 3522 attollant,et
1938 3459 2072 3510 ante

2173 2209 2453 2280 τήρησις·
2512 2209 2702 2278 χηρῶν
2785 2203 3104 2278 προστασία,
3183 2203 3430 2279 ὀρφανῶν
3505 2200 3822 2276 ἐπικουρία,

2175 2293 2654 2366 καταπονουμένων
2705 2290 2999 2361 ἐκδίκησις,
3052 2289 3420 2364 ἀδικουμένων
3485 2291 3823 2364 ὑπερμάχη-

2177 2405 2281 2451 σις,
2313 2385 2402 2436 καὶ
2463 2381 2645 2454 μέντοι
2695 2383 2786 2436 καὶ
2837 2382 3117 2454 ὑπεροχῆς
3173 2378 3525 2450 διατήρησις.
3586 2376 3819 2447 Ἐπειδή

2177 2475 2300 2528 ὅταν
2334 2470 2500 2544 μηδὲν
2597 2473 2659 2525 τὸ
2712 2470 2951 2547 βλάπτον
2984 2472 3072 2525 καὶ
3119 2469 3334 2525 κωλύον
3368 2469 3443 2531 εἰς
3487 2466 3824 2537 θεοσέϐειαν,

2181 2563 2569 2617 ὑποτάσσεσθαι
2643 2560 2731 2615 καὶ
2789 2563 2936 2633 ἡμᾶς
3013 2563 3155 2633 πάσῃ
3213 2560 3362 2633 ἀρχῇ
3436 2559 3524 2613 καὶ
3603 2558 3826 2628 ἐξουσίᾳ

2178 2654 2464 2726 προσήκει,
2525 2651 2612 2705 καὶ
2698 2650 2964 2722 φιλιάζειν
3027 2647 3115 2703 διὰ
3168 2649 3389 2717 παντὸς,
3449 2647 3498 2701 εἷ’
3562 2645 3820 2714 δυνατὸν,

2179 2740 2314 2815 πρὸς
2371 2741 2606 2799 ἅπαντας
2639 2737 2727 2792 διὰ
2773 2746 2872 2807 τῆς
2924 2735 3288 2811 εὐμεταδότου
3340 2738 3426 2791 καὶ
3479 2734 3822 2812 φιλοφρόνου

2182 2828 2477 2903 δεξιώσεως
2521 2829 2610 2882 καὶ
2658 2825 3099 2903 προεπιδόσεως.
3151 2826 3339 2896 Ἀπείη
3400 2827 3503 2899 γάρ
3543 2827 3661 2897 περί
3715 2832 3826 2893 τῆς

2186 2918 2586 2994 μακαριότητός
2621 2940 2720 2972 σου
2747 2919 2814 2971 τὰ
2859 2925 2959 2986 τῆς
3005 2915 3237 2978 ἐναντίας
3290 2914 3508 2988 μερίδος
3557 2919 3663 2968 τῶν
3721 2935 3829 2968 κα-

2181 3014 2290 3064 κῶν
2327 3008 2605 3081 ποιμένων
2654 3006 3027 3082 διαγορεύεινί
3089 3009 3203 3060 οἷον
3262 3010 3370 3059 τῶν
3413 3001 3833 3078 αἷσχροκερδῶς

2183 3101 2586 3173 ποιμαινόντων
2635 3100 2698 3152 τὸ
2741 3099 3030 3170 ποίμνιον·
3081 3100 3186 3150 τῶν
3249 3096 3324 3156 εἷς
3382 3095 3634 3170 ἀφορμήν
3697 3094 3828 3166 βίου

2185 3189 2554 3263 λογιζομένων
2610 3190 2710 3257 τήν
2765 3185 3021 3257 τοιαύτην
3081 3186 3251 3256 ἀξίαν,
3333 3185 3422 3238 καὶ
3483 3184 3558 3245 εἷς
3624 3184 3832 3255 σαρκὸς

2183 3279 2495 3346 ἀνάπαυσιν,
2545 3277 2634 3332 καὶ
2685 3276 2762 3338 εἷς
2819 3275 3104 3348 ἐπιθυμίας
3161 3274 3482 3341 ἀπόλαυσιν,
3537 3271 3613 3332 εἷς
3660 3275 3831 3326 κατά-

2185 3369 2369 3442 σχεσίν
2401 3389 2458 3421 τε
2505 3366 2746 3421 πλούτου
2794 3365 2890 3419 τοὺ
2937 3363 3171 3439 ῥέοντος,
3213 3364 3302 3417 καὶ
3333 3361 3410 3424 εἰς
3457 3369 3645 3430 κτῆσιν
3689 3359 3831 3415 πλέ-

2189 3461 2330 3529 θρων
2367 3464 2470 3532 γῆς
2518 3456 2690 3510 τόσων
2733 3456 2824 3509 καὶ
2865 3455 3064 3526 τόσων,
3109 3453 3313 3528 ἀγέλης
3361 3473 3418 3507 τε
3474 3449 3829 3526 ἀνδραπόδων

430 3532 835 3592 honoratiores
882 3547 1215 3611 arroganter
1235 3518 1504 3600 sedeant.
1539 3545 1702 3600 Mitto
1734 3547 1804 3600 de
1830 3518 1950 3601 illis
1982 3547 2069 3600 di-

2184 3548 2273 3601 καὶ
2319 3545 2679 3620 βοσκημάτων
2727 3542 3011 3612 πληθύος.
3067 3544 3164 3597 Καὶ
3201 3539 3289 3596 διὰ
3335 3546 3494 3596 τοῦτο
3543 3538 3829 3614 ἀνθρωπί-

431 3637 580 3692 cere,
595 3624 692 3693 qui
715 3626 1140 3683 causidicorum
1159 3647 1315 3686 more
1329 3649 1426 3702 pro
1441 3634 1677 3689 caducis
1690 3636 1864 3689 rebus
1882 3635 2075 3690 decer-

431 3715 577 3774 tant.
611 3721 665 3768 et
697 3730 798 3783 pro
846 3717 1108 3772 veritatis
1165 3721 1541 3792 dogmatibus
1599 3740 1715 3778 non
1773 3724 2072 3780 resistunt-

431 3802 712 3872 Quodque
745 3803 834 3858 his
865 3804 1034 3878 longe
1065 3809 1298 3878 gravius
1324 3816 1434 3878 est,
1469 3811 1540 3865 de
1571 3812 1640 3865 iis
1672 3812 1771 3882 qui
1811 3813 2072 3868 subdito-

432 3907 560 3944 rum
591 3891 744 3947 bona
765 3895 1010 3964 rapiunt,
1035 3903 1091 3952 et
1121 3900 1702 3972 exsugunt,indeque
1733 3903 2072 3973 potentiam,

431 3982 487 4033 et
509 3979 934 4038 redundantem
966 4001 1140 4053 opum
1172 3988 1397 4057 copiam
1438 3992 1832 4048 accumulant.
1856 3993 2076 4058 Quibus

432 4066 583 4122 enim
618 4075 680 4122 ut
708 4072 1017 4142 egentibus
1051 4089 1288 4130 manum
1315 4079 1531 4149 porrigi
1556 4097 1662 4151 par
1681 4086 1823 4150 erat,
1848 4083 1952 4137 hos
1975 4084 2074 4153 qui

432 4157 654 4211 sensim
686 4163 930 4217 atterere
974 4180 1088 4218 non
1120 4165 1411 4231 dubitant,
1444 4169 1675 4224 cuinam
1724 4172 1941 4227 similes
1982 4173 2078 4226 di—

429 4248 684 4300 centur?
709 4248 951 4305 Patrone
982 4257 1037 4306 et
1065 4253 1298 4317 Joanni,
1325 4272 1648 4328 eorumque
1679 4261 2074 4330 sectatoribus,

435 4332 670 4403 quibus,
696 4338 796 4404 ait,
821 4344 1127 4409 argentum
1151 4347 1207 4395 et
1234 4359 1440 4399 aurum
1474 4363 1585 4402 non
1611 4353 1751 4417 erat,
1777 4351 1875 4404 sed
1896 4351 2075 4406 divini

432 4421 686 4492 Spiritus
725 4427 904 4493 gratia
943 4427 971 4481 ?
1003 4445 1073 4483 an
1125 4431 1344 4486 Simoni
1377 4433 1561 4504 Mago,
1596 4443 1650 4490 et
1677 4436 1839 4492 Judaa
1878 4440 2077 4510 prodi-

436 4511 564 4580 tori,
597 4517 656 4566 et
685 4513 840 4568 Giezi
864 4518 1075 4583 cupido
1107 4521 1379 4588 pecunias,
1403 4539 1467 4577 ac
1499 4525 1737 4596 reliquis
1759 4527 1937 4597 hujus
1967 4545 2078 4584 se-

436 4599 547 4654 culi
577 4601 854 4659 divitibus
875 4604 902 4657 ?
933 4607 1012 4662 De
1044 4608 1115 4662 iis
1142 4617 1334 4666 autem
1355 4612 1501 4682 dico,
1520 4615 1620 4685 qui
1646 4618 1800 4686 quod
1823 4634 2078 4687 praesens

436 4694 524 4744 est
554 4691 766 4760 solum,
801 4703 862 4748 ut
890 4695 1034 4765 ipsis
1089 4699 1234 4754 bene
1264 4699 1360 4765 sit,
1411 4709 1671 4773 spectant
1713 4723 1729 4775 ;
1770 4708 1871 4776 qui
1914 4708 2077 4764 carni

437 4780 712 4850 serviunt,
747 4787 804 4838 et
834 4784 890 4837 in
942 4802 1080 4842 auro
1111 4787 1362 4845 deﬁxum
1393 4808 1492 4847 cor
1533 4794 1744 4850 habent
1780 4811 1793 4848 :
1827 4797 1928 4867 qui
1959 4796 2077 4851 for-

2181 3656 2283 3696 νως
2315 3637 2404 3690 καὶ
2450 3635 2511 3688 ού
2559 3638 2751 3695 θεϊκῶς
2798 3631 3192 3703 ἐπιπηδώντων
3250 3635 3330 3702 τῷ
3371 3630 3492 3704 ὕψει
3541 3637 3641 3698 τῆς
3683 3650 3829 3703 προ-

2183 3725 2422 3793 στασίας,
2482 3724 2556 3784 εἷς
2615 3724 2675 3776 τὸ
2733 3723 2902 3796 αἶ’ρειν
2960 3725 3058 3789 τήν
3120 3719 3286 3798 ὀφρὺν
3345 3721 3481 3774 κατά
3535 3724 3642 3773 τῶν
3697 3720 3828 3773 ὑπο-

2183 3813 2492 3887 δεεστέρων,
2553 3814 2642 3867 καὶ
2725 3813 3153 3886 προκαθέζεσθαι
3213 3805 3458 3883 σοϐαρῶς
3514 3809 3650 3862 κατά
3712 3813 3826 3862 τῶν

2187 3903 2535 3977 ὑπερτίμων.
2581 3903 2678 3955 Καὶ
2708 3903 2779 3955 ἐῶ
2831 3899 3013 3977 λέγειν
3063 3901 3183 3974 περὶ
3234 3903 3341 3952 τῶν
3400 3896 3827 3971 διαμαχομένων

2178 3991 2272 4046 ’ίσα
2296 3994 2385 4046 καὶ
2417 3997 2525 4046 τῶν
2569 3989 2857 4045 δικανικῶν
2911 3991 3042 4060 ὑπὲρ
3087 3992 3196 4042 τῶν
3245 3985 3644 4058 ἀπολλυμένων
3690 4006 3830 4058 πρα-

2181 4083 2426 4154 γμάτιον,
2458 4081 2546 4135 καὶ
2597 4082 2698 4134 οὐκ
2748 4079 3146 4150 ἀνθισταμένων
3203 4077 3334 4149 ὑπὲρ
3381 4081 3486 4129 τῶν
3532 4081 3633 4142 τῆς
3675 4074 3829 4127 εύσε-

2185 4168 2330 4232 ϐείας
2390 4169 2677 4245 δογμάτων
2709 4190 2722 4203 ·
2767 4171 2826 4239 ἤ,
2875 4170 2937 4221 τὸ
2986 4166 3130 4221 πολὺ
3177 4171 3364 4241 χεῖρον
3409 4167 3638 4234 τούτων,
3698 4167 3823 4239 περῖ

2182 4266 2287 4314 τῶν
2323 4260 2691 4313 ὑποσπώντων
2725 4257 2814 4311 καὶ
2860 4256 3290 4322 ὑπωπιαζόντων
3336 4255 3402 4307 τά
3447 4256 3556 4307 τῶν
3603 4255 3828 4325 ὑποχει-

2185 4352 2336 4424 ρίων,
2369 4350 2470 4402 κάκ
2497 4348 2693 4402 τούτου
2727 4346 3186 4421 συναθροιζόντων
3223 4344 3444 4415 δύναμιν
3482 4344 3571 4395 καὶ
3601 4363 3829 4414 περιου-

2185 4442 2412 4511 σιασμόν
2441 4484 2452 4495 .
2514 4442 2607 4502 Οἷς
2636 4439 2739 4512 γὰρ
2794 4434 3005 4510 μᾶλλον
3053 4433 3158 4490 ἔδει
3211 4440 3374 4511 χεῖρα
3423 4434 3631 4506 ὀρέγειν
3671 4453 3832 4488 πενο-

2189 4530 2388 4601 μένοις,
2419 4528 2642 4589 τούτους
2675 4529 2806 4582 κατὰ
2862 4526 3055 4600 μικρὸν
3107 4519 3375 4578 ἐκθλίϐειν
3427 4523 3489 4576 οὐ
3523 4523 3832 4595 παραιτού-

2190 4640 2360 4691 μενοι,
2393 4617 2497 4671 τίνι
2547 4617 2987 4688 ὁμοιωθήσονται
3021 4636 3036 4684 ;
3071 4615 3258 4688 Πέτρῳ
3304 4611 3395 4666 καί
3445 4611 3672 4684 Ἰωάννῃ
3727 4610 3831 4685 ἆρα

2183 4709 2427 4767 καὶτοῖς
2480 4705 2704 4767 ὀπαδοῖς
2763 4704 2972 4760 αὐτῶν·
3027 4706 3134 4768 οῖς,
3191 4701 3377 4779 φησὶν,
3423 4699 3680 4773 ἀργύριον
3738 4699 3830 4753 καὶ

2186 4796 2415 4870 χρυσίον
2465 4797 2572 4870 οὐχ
2623 4797 2889 4868 ὑπῆρχεν,
2943 4791 3071 4847 ἀλλ’
3101 4793 3134 4860 ἡ
3167 4794 3262 4844 τοῦ
3312 4790 3459 4842 θείου
3513 4787 3829 4860 Πνεύματος

436 4873 590 4960 tasse
619 4873 677 4925 et
703 4869 812 4940 ipsi
847 4872 1200 4946 tenerentur,
1233 4883 1289 4934 et
1319 4881 1385 4935 ad
1431 4898 1668 4938 usuram
1698 4884 1838 4940 dant
1868 4901 2069 4955 paupe-

2187 4869 2387 4960 ia'zpic;
2436 4886 2470 4953 ἦ
2507 4869 2716 4958 Σίμωνι
2753 4888 2830 4955 τῷ
2869 4882 3041 4958 Μάγῳ
3080 4881 3170 4934 καὶ
3213 4877 3389 4949 Ἰούδᾳ
3435 4882 3515 4948 τῷ
3561 4875 3830 4951 προδότῃ,

436 4956 621 5027 ribus,
657 4960 757 5029 qui
788 4960 938 5017 bona
983 4966 1053 5018 ad
1111 4969 1376 5039 proprias
1404 4971 1751 5041 cupiditates
1809 4973 2076 5041 retinent,

436 5052 606 5115 atque
662 5048 920 5119 indignis
960 5067 1027 5108 ex
1085 5055 1285 5112 vitioso
1318 5060 1542 5125 effectu,
1594 5060 1677 5114 vel
1740 5062 2081 5132 propinquis

435 5136 556 5191 suis
585 5145 842 5205 erogant.
896 5146 1149 5205 Quorum
1182 5163 1316 5203 cura
1345 5151 1535 5204 omnis
1569 5150 1627 5204 in
1679 5167 1744 5204 eo
1778 5151 1964 5206 forsan
1996 5144 2082 5206 est

436 5229 645 5299 posita,
663 5239 725 5284 ut
753 5233 932 5288 multa
955 5244 1154 5292 serant
1180 5245 1529 5311 metantque,
1551 5249 1616 5296 ut
1636 5242 1892 5312 plurima
1917 5243 2079 5313 plan-

434 5323 641 5373 tentet
669 5321 962 5395 colligant,
988 5335 1051 5382 ut
1079 5335 1327 5399 augeant
1357 5338 1414 5384 et
1437 5332 1793 5402 ampliticent
1822 5339 2083 5391 armenta

435 5414 611 5478 atque
651 5428 889 5483 greges:
927 5420 1202 5486 tanquam
1233 5419 1493 5486 agricolas
1523 5421 1783 5491 quidam,
1817 5428 2081 5494 tempora

432 5498 825 5569 observantes,
859 5509 914 5559 et
935 5504 1164 5560 lucrum
1194 5521 1262 5562 ex
1291 5509 1445 5578 vulgi
1480 5511 1721 5581 penuria
1749 5517 2073 5584 captantes.

507 5677 556 5713 ³⁸
583 5677 785 5738 Ezech.
818 5697 1004 5750 xxxiv,
1036 5683 1087 5738 4.

2188 4975 2278 5030 καὶ
2313 4978 2467 5047 Γιεζῇ
2499 4978 2576 5044 τῷ
2605 4973 2945 5052 φιλαργύρῳ,
2981 4971 3069 5024 καὶ
3103 4974 3219 5029 τοῖς
3271 4967 3489 5028 λοιποῖς
3533 4965 3830 5028 πλουσίοις

2189 5069 2286 5118 τοῦ
2318 5063 2511 5123 αἰῶνος
2540 5062 2775 5132 τούτους
2818 5059 3066 5116 Ἐκείνων
3099 5056 3154 5112 δέ
3201 5057 3366 5132 λέγω,
3419 5060 3525 5109 τῶν
3556 5057 3618 5108 τὸ
3649 5056 3829 5129 παρὸν

2196 5155 2357 5224 μόνον
2409 5153 2554 5214 ὅπως
2611 5152 2797 5212 αὐτοῖς
2849 5152 2904 5204 εὑ
2964 5144 3066 5220 ἔξει
3115 5147 3477 5215 σκοπούντων,
3528 5145 3616 5197 καὶ
3662 5145 3832 5219 σάρκα

2191 5245 2613 5318 θεραπευόντων,
2644 5241 2840 5312 καὶτῷ
2889 5242 3078 5313 χρυσῴ
3106 5240 3174 5310 τῇ
3225 5233 3419 5309 καρδίᾳ
3467 5233 3831 5308 προστιθεμέ-

2189 5355 2316 5400 νων,
2349 5334 2435 5385 καῖ
2469 5331 2693 5395 ’,τούτων
2741 5328 2878 5390 ⁸ίσως
2927 5327 3272 5395 τοκιςόντων,
3371 5323 3460 5377 ἐπὶ
3490 5321 3830 5394 πλεονασμῷ

2192 5421 2579 5492 διανειμαντων
2609 5425 2724 5480 τοῖς
2767 5417 2982 5484 ἐνδεέσι,
3036 5418 3125 5470 καὶ
3174 5416 3307 5486 πρὸς
3339 5415 3404 5466 τά
3437 5413 3611 5465 οἰκεῖα
3668 5413 3832 5480 θελη-

2194 5533 2334 5584 ματα
2417 5509 2915 5585 κατακρατούντων,
2973 5506 3061 5560 καὶ
3142 5503 3472 5578 προσπαθῶς
3543 5506 3667 5562 τοῖς
3732 5499 3833 5554 οὐκ
