4090 6288
259 370 382 431 949

1538 373 2088 437 EPISTOLARUM
2138 376 2281 435 LIB.
2330 377 2376 436 l.

3546 374 3667 434 950

256 503 458 574 ἀξίοις,
491 505 525 574 ἢ
569 509 684 568 τοῖς
734 505 1071 580 ἀγιστεύουσι
1133 504 1457 583 χρωμένων.
1508 502 1716 567 Ο’ίτινες
1769 504 1904 576 ὅλην

2026 512 2086 564 ut
2115 509 2236 564 haec
2276 512 2332 564 et
2382 508 2478 564 illa
2517 511 2773 566 vendant
2822 509 2910 565 vel
2963 512 3184 579 emant,
3231 508 3663 582 negotiatorum

259 591 526 670 φροντίδα
554 591 837 667 κέκτηνται
881 597 1026 671 τάχα
1057 596 1142 650 ἐπὶ
1193 599 1290 648 τοῦ
1338 598 1550 670 σπεῖραι
1599 593 1784 649 πολλὰ
1814 594 1902 649 καὶ

258 684 598 756 ἀμήσασθαι,
631 686 720 740 καὶ
770 685 858 740 ἒπί
903 684 1000 741 τοῦ
1044 688 1298 764 φυτεῦσαι
1344 688 1579 738 τοσαῦτα
1625 685 1715 738 καί
1763 705 1903 758 καρ-

259 775 568 846 πώσασθαι,
628 778 717 830 καὶ
775 777 862 833 ἐπὶ
931 781 1029 831 τοῦ
1085 777 1394 850 προσθεῖναι
1471 776 1560 829 καὶ
1633 774 1906 845 πληθῦναι

265 863 538 939 βουκόλια
637 865 871 939 ποίμνια
906 885 918 898 ⁸
953 867 1133 940 ὥσπερ
1163 865 1301 926 τινὲς
1333 865 1568 941 γεωργοὶ
1617 885 1904 939 καιροσκο-

263 958 497 1015 ποῦντες
555 957 646 1009 καὶ
695 957 1308 1030 καταπραματευόμενοι
1363 956 1460 1017 τὰς
1515 950 1717 1014 ἒνδείας
1773 954 1907 1026 πρὸς

259 1045 328 1098 τὸ
361 1044 566 1099 πωλεῖν
612 1045 700 1100 καὶ
747 1047 1031 1121 ἀγοράζειν
1081 1049 1247 1100 ταῦτα
1296 1045 1384 1099 καὶ
1433 1043 1628 1113 ἐκεῖνα,
1661 1064 1904 1119 πραγμα-

262 1138 528 1196 τευτικῶς
574 1134 662 1188 καὶ
714 1134 1029 1209 ἐμπορικῶς
1081 1135 1248 1189 οἱονεὶ
1297 1132 1738 1206 πολιτευόμενοι,
1781 1131 1904 1187 ἀλλ’

263 1222 372 1276 οὐκ
401 1221 766 1285 ἐπισκοπικῶς
794 1223 884 1278 καὶ
926 1224 1208 1297 ἱερατικῶς
1243 1241 1255 1254 ⁸
1307 1223 1442 1296 πρὸς
1473 1223 1534 1276 τὸ
1586 1221 1745 1292 μόνον
1779 1241 1904 1274 πτε-

264 1316 444 1386 ρῶσαι
483 1314 667 1387 ψυχήν
714 1313 804 1367 καὶ
857 1314 1090 1387 ἁρπάσαι
1139 1312 1347 1386 κόσμου
1396 1312 1483 1366 καὶ
1535 1309 1719 1365 δοῦναι
1771 1315 1904 1382 Θεῷ,

260 1401 359 1455 καὶ
393 1402 519 1455 ὅλον
547 1404 608 1456 τὸ
656 1401 910 1475 ποίμνιον
960 1401 1325 1456 διασώσασθαι
1375 1400 1433 1455 ἐκ
1480 1403 1705 1455 θανάτου
1737 1401 1908 1474 ἀμαρ-

260 1492 410 1559 τίας,
441 1493 528 1547 καὶ
582 1491 754 1555 οὕτως
784 1493 919 1547 κατά
969 1489 1214 1565 δεύτερον
1263 1490 1425 1564 λόγον
1475 1492 1561 1544 καὶ
1614 1491 1678 1544 τά
1717 1490 1904 1559 ἐπιτή-

261 1579 384 1636 δεια
414 1587 512 1651 τῆς
559 1582 835 1656 παρούσης
880 1587 1022 1651 ζωῆς
1073 1579 1143 1634 δι’
1192 1579 1496 1653 οἰκονόμων
1548 1579 1637 1633 καὶ
1686 1578 1906 1652 ἐπιτρό-

259 1692 385 1726 πων
436 1672 772 1743 πορίζεσθαι.
811 1669 967 1726 Ἀλλ’
1015 1669 1135 1725 οὐαί
1188 1692 1304 1744 μοι,
1352 1668 1434 1724 ὅτι
1476 1668 1696 1742 ἐμαυτῷ
1741 1673 1908 1724 ταῦτα

259 1759 549 1834 κατέλεξα,
598 1761 657 1815 ἐκ
699 1765 806 1815 τῶν
857 1760 1072 1815 οἰκείων
1116 1763 1300 1815 παθῶν
1350 1759 1412 1814 τὰ
1465 1757 1562 1814 οὒκ
1615 1758 1738 1813 ὄντα
1788 1764 1904 1820 τοῖς

260 1849 466 1913 ἄλλοις
508 1849 958 1926 διαγραφόμενος.
992 1849 1063 1905 Σὺ
1115 1848 1190 1921 δὲ,
1224 1849 1269 1903 ὦ
1310 1845 1678 1921 πανσεὸάσμιε
1709 1847 1903 1922 Πάτερ,
1939 1896 1984 1960 Β

337 1943 364 1960 n
446 1941 459 1955 ‘
554 1937 580 1960 ’ἱ
689 1942 701 1958 '!
759 1941 773 1958 \
869 1943 897 1954 ’ν
1119 1939 1132 1958 Ι
1379 1944 1400 1954 ν
1488 1940 1501 1960 ε
1611 1942 1634 1953 9
1652 1959 1658 1960 κ
1721 1959 1731 1960 κ
1751 1937 1764 1954 ν
1827 1941 1904 1960 ην,

260 1941 498 2014 καθαρὸς
547 1937 621 1994 ὣν
677 1941 782 1994 ἀπὸ
830 1943 937 1994 τῶν
983 1939 1268 2011 τοιούτων,
1309 1944 1430 2000 ταῖς
1488 1940 1660 2012 ἱεραῖς
1715 1937 1904 2015 εὐχαῖς

261 2029 396 2090 τοὺς
426 2028 654 2098 νοητοὺς
689 2028 886 2090 λύκους
933 2023 1268 2098 ἀποσοϐοίης
1298 2026 1357 2082 ἐκ
1396 2034 1495 2096 τῆς
1527 2035 1910 2101 Χριστοσφρα-

260 2120 454 2196 γίστου
487 2117 764 2180 ἐπαύλεως
796 2139 910 2174 σου.
948 2116 1020 2172 Εὖ
1061 2115 1166 2172 οἶδ’
1197 2119 1277 2170 ὅτι
1309 2118 1395 2172 καὶ
1432 2119 1577 2172 ταῦτ’
1609 2114 1785 2190 ἄγοις,
1817 2117 1904 2170 καὶ

265 2209 536 2284 διεξάγοις
589 2208 664 2271 εἷς
711 2209 778 2262 τά
826 2206 1008 2282 χωρία
1063 2211 1169 2260 τῶν
1223 2207 1446 2280 ἀρετῶν,
1503 2205 1770 2282 ἐκτρὲφων
1815 2206 1906 2260 καὶ

265 2298 535 2353 λιπαίνων
566 2301 634 2371 τῇ
666 2298 774 2366 πόᾳ
819 2302 919 2365 τῆς
952 2295 1226 2368 ἐμμελοῦς
1275 2317 1368 2350 σου
1411 2293 1783 2363 διδασκαλίας,
1815 2295 1908 2349 καὶ

263 2393 346 2460 τῷ
403 2385 554 2442 ὕδατι
607 2393 705 2456 τῆς
750 2388 985 2460 καθαρᾶς
1031 2385 1263 2447 πίστεώς
1309 2407 1405 2440 σου
1440 2406 1452 2417 ·
1510 2386 1600 2438 καὶ
1653 2385 1907 2440 ἑκάστοτε

267 2478 563 2552 προσάγοις
599 2475 809 2548 θύματα
841 2473 1000 2530 δεκτά
1046 2481 1164 2537 ταῖς
1196 2475 1448 2551 λογικαῖς
1499 2496 1594 2530 σου
1624 2477 1713 2529 καὶ
1744 2479 1905 2550 ἡγνι-

268 2568 488 2640 σμὲναις
535 2571 614 2638 τῷ
673 2570 791 2638 Θεῷ
849 2564 1125 2636 λατρείαις
1159 2587 1171 2598 ο
1230 2564 1378 2620 ἀλλὰ
1433 2571 1549 2626 ταῖς
1605 2564 1906 2638 ἱκετηρίαις

2009 598 2207 670 potius
2229 603 2735 671 mercatorumque
2759 600 2875 655 ritu
2906 599 3186 666 viventes,
3216 615 3388 671 quam
3420 602 3509 666 ut,
3543 598 3668 670 epi-

2011 704 2322 760 scoporum
2353 693 2410 744 et
2431 691 2797 745 sacerdotum
2835 705 3014 756 more,
3041 689 3272 745 animas
3301 692 3534 744 tantum
3564 705 3663 744 ex-

2011 775 2213 843 citent,
2245 779 2579 848 mundoque
2627 783 2854 850 ereptas
2908 779 3154 833 reddant
3185 781 3318 846 Deo,
3367 784 3422 832 et
3463 780 3658 832 totum

2012 882 2300 938 gregema
2331 867 2550 938 peccati
2593 873 2781 924 morte
2825 867 3155 922 vindicent:
3215 871 3342 921 tum
3406 868 3666 922 secundo

2019 955 2228 1010 deinde
2257 955 2382 1011 loco
2405 957 2735 1012 necessaria
2751 955 2882 1011 vitae
2913 955 3093 1026 hujus
3110 955 3378 1011 subsidia
3400 972 3503 1027 per
3524 972 3660 1011 ceco-

2014 1061 2219 1100 nomos
2233 1050 2747 1116 procuratoresque
2765 1045 3154 1115 suppeditent.
3173 1045 3283 1100 Sed
3298 1044 3410 1099 heu
3429 1060 3520 1099 me
3537 1047 3547 1100 l
3566 1044 3668 1115 qui

2014 1133 2159 1188 mihi
2189 1133 2304 1204 ipsi
2336 1134 2455 1189 haec
2487 1132 3030 1206 narro,expropriis
3051 1133 3288 1188 vitiisea
3307 1133 3508 1204 quaein
3524 1133 3656 1188 aliis

2015 1238 2130 1278 non
2150 1227 2289 1278 sunt
2319 1223 2673 1280 describens.
2709 1224 2792 1278 Tu
2827 1239 2980 1290 vero,
3018 1209 3433 1279 colendissime
3474 1223 3664 1290 Pater,

2014 1329 2148 1368 cum
2179 1314 2453 1369 omnibus
2479 1314 2569 1369 his
2587 1330 2809 1384 careas,
2827 1313 3009 1369 sacris
3036 1313 3310 1384 precibus
3325 1313 3664 1384 spirituales

2012 1402 2184 1472 lupos
2232 1420 2265 1458 a
2286 1403 2467 1474 septis
2481 1404 2596 1460 tui
2610 1403 2822 1460 Christi
2843 1402 3058 1458 annulo
3078 1403 3403 1475 obsignatis
3424 1402 3662 1471 expelle.

2013 1491 2083 1546 Et
2103 1492 2341 1563 quidem
2374 1492 2480 1547 hoc
2504 1493 2671 1565 Legis,
2723 1508 2828 1548 nec
2887 1508 2979 1548 me
3027 1492 3190 1557 latet,
3244 1492 3566 1562 educisque
3605 1492 3664 1544 in

2014 1597 2252 1652 campos
2282 1582 2587 1649 virtutum,
2604 1599 2848 1652 pascens
2866 1585 2922 1638 et
2951 1581 3334 1653 impinguans
3353 1581 3536 1636 herba
3558 1597 3666 1636 sua

2014 1671 2102 1725 vis
2150 1672 2438 1736 doctrinae
2486 1675 2621 1741 tuis,
2671 1676 2728 1727 et
2784 1687 2936 1742 aqua
2997 1673 3238 1727 sincera:
3298 1670 3432 1726 ﬁdei
3498 1673 3656 1726 tuae:

2015 1760 2366 1831 assidueque
2389 1761 2559 1816 oti‘ers
2571 1760 3206 1831 acceptabileshostias,
3227 1775 3329 1830 per
3349 1758 3662 1815 rationales

2014 1855 2071 1908 et
2099 1855 2465 1908 consecratos
2486 1851 2602 1907 Deo
2625 1850 2834 1906 cultus.
2869 1851 3019 1915 Quin
3051 1849 3483 1921 precationibus
3513 1865 3663 1920 pra:-

2017 1945 2271 2009 vertens,
2305 1957 2478 2010 pasce
2511 1957 2603 1995 me
2628 1956 2864 2011 quoque
2899 1939 3055 1994 vitiis
3087 1938 3460 2010 peccatisque
3499 1937 3666 1994 obsi-

2016 2034 2145 2085 tum
2178 2046 2277 2084 oro
2309 2033 2365 2084 et
2393 2028 2651 2084 obtestor
2684 2037 2776 2096 ;et
2808 2028 3061 2099 ignosce,
3089 2027 3138 2083 si
3173 2027 3277 2083 tibi
3336 2026 3522 2082 risum
3575 2044 3665 2082 ex-

2018 2119 2311 2190 imperitia
2344 2135 2474 2174 mea
2495 2119 2668 2174 movi.
2694 2119 2819 2174 Non
2842 2117 3000 2173 enim
3026 2134 3154 2173 mea
3184 2121 3416 2189 sponte,
3431 2119 3530 2173 sed
3567 2133 3668 2172 co-

2017 2217 2180 2265 actus
2193 2223 2361 2262 sacra
2375 2211 2431 2263 et
2448 2207 2738 2279 spirituali
2755 2206 3038 2262 charitate
3051 2207 3263 2273 tua,vel
3278 2207 3471 2277 potius
3486 2206 3563 2260 im
3571 2221 3668 2278 pe-

2017 2297 2250 2363 rio,huc
2271 2297 2559 2366 descendi,
2583 2313 2697 2353 non
2724 2297 2792 2351 ad
2819 2295 3129 2351 utilitatem
3160 2299 3317 2350 tuam
3337 2295 3660 2366 quidquam

2016 2387 2246 2451 effatus,
2269 2386 2367 2440 sed
2404 2386 2477 2440 ad
2508 2386 2823 2456 specimen,
2848 2389 2914 2440 ut
2963 2384 3099 2454 dixi,
3135 2385 3371 2440 sinceris
3418 2401 3553 2454 erga
3604 2390 3660 2440 te

2017 2476 2374 2532 obedientiae.
2412 2475 2592 2530 Valde
2621 2475 2681 2530 in
2715 2474 2957 2530 Domino
2980 2491 3082 2546 pro
3113 2473 3282 2529 nobis
3311 2490 3508 2543 orans,
3560 2475 3662 2545 qui

2016 2565 2124 2622 soli
2140 2570 2468 2637 peccatores
2483 2581 2711 2631 sumus,
2729 2565 2893 2620 Pater
2906 2565 2961 2620 in
2977 2563 3248 2619 omnibus
3266 2561 3665 2619 sanctissime.

268 2657 615 2735 προφθάνων,
667 2654 984 2727 ποιμαίνοις
1035 2655 1176 2727 κάμέ
1223 2656 1314 2709 τὸν
1361 2655 1801 2724 τληπαθὲστατον
1843 2655 1932 2708 καὶ
1981 2653 2462 2728 πολυαμάρτητον,
2514 2651 2704 2724 δέομαι
2753 2649 2844 2706 καῖ
2899 2646 3190 2716 ἀντιϐολῶ,
3245 2650 3334 2705 καὶ
3395 2651 3671 2726 σύγγνωθι

269 2745 322 2801 εἷ’
362 2768 414 2800 τι
459 2744 690 2822 ὥφλησα
744 2746 962 2820 γέλωτά
1013 2766 1097 2799 σοι
1156 2745 1392 2818 ἀμαθίας
1455 2766 1580 2818 μου.
1634 2743 1788 2812 Πλὴν
1838 2743 1920 2798 ὅτι
1981 2744 2087 2822 οὐχ
2147 2743 2307 2813 ἐκὼν,
2367 2740 2492 2796 ἀλλ’
2551 2739 2852 2802 ἐκϐιασθεὶς
2913 2741 3016 2795 ὑπὸ
3067 2742 3166 2808 τῆς
3221 2740 3367 2813 ἱεράς
3427 2760 3523 2793 σου
3580 2739 3672 2792 καὶ

270 2841 647 2908 πνευματικῆς
710 2834 950 2908 ἀγάπης,
1037 2833 1251 2906 μᾶλλον
1311 2833 1367 2888 δὲ
1436 2832 1757 2905 κελεύσεως,
1815 2836 2026 2902 καθῆκα
2082 2830 2312 2905 ἐμαυτὸν
2381 2831 2457 2893 εἷς
2528 2834 2714 2888 τοῦτο.
2793 2829 2864 2884 Οὐ
2920 2829 3057 2904 πρὸς
3127 2827 3313 2898 ὄνησίν
3392 2829 3486 2883 σού
3552 2849 3674 2884 τινα

270 2927 635 3006 φθεγξάμενος
672 2943 684 2956 ⁸
727 2922 873 2978 ἀλλά
927 2925 1064 2997 πρὸς
1098 2918 1339 2996 ἔνδειξιν,
1376 2924 1450 2985 ὡς
1500 2923 1735 2994 εἷ’ρηται,
1771 2923 2015 2991 ὑπακοῆς
2066 2922 2428 2997 ἀνυποκρίτου
2460 2941 2576 2977 σου.
2628 2921 2879 2995 ’Έῤῥωσο
2910 2918 2961 2973 ἐν
2995 2919 3200 2994 Κυρίῳ,
3236 2920 3673 2994 ὑπερευχόμενος

267 3020 431 3091 ἡμῶν
459 3019 568 3070 τῶν
602 3013 784 3086 μόνων
817 3012 1185 3088 ἁμαρτωλῶν,
1214 3013 1282 3068 τὰ
1308 3013 1481 3068 πάντα
1512 3014 1774 3068 ὁσιώτατε
1804 3013 1997 3088 Πάτερ.

538 3130 636 3187 ΙΒ’.
678 3162 746 3170 —
785 3133 956 3202 Θωμᾷ
996 3125 1272 3201 δισυπάτῳ
1314 3133 1446 3202 (15).
1491 3131 1643 3202 [κζ’.]

343 3253 482 3307 Ποία
511 3253 834 3326 πρόσρησις,
884 3250 919 3320 ἢ
968 3251 1050 3313 τίς
1093 3249 1259 3328 λόγος
1310 3251 1708 3326 παρακλήσεως
1754 3253 1911 3326 εὕρε-

264 3343 386 3412 θείη
428 3342 564 3416 πρὸς
595 3343 753 3414 ἡμῶν
787 3345 894 3396 τῶν
948 3345 1210 3396 ταπεινῶν
1241 3347 1310 3416 τῇ
1353 3346 1420 3414 σῇ
1461 3343 1744 3416 κύριότητι
1775 3342 1909 3416 πρὸς

257 3435 330 3489 τὰ
361 3432 546 3486 ἐνόντα
592 3431 729 3507 αὐτῇ
781 3430 1025 3506 λυπηρά,
1055 3430 1099 3484 ὦ
1149 3429 1411 3501 δέσποτα;
1465 3432 1760 3502 Ἐξενώθης
1807 3438 1907 3500 τῆς

199 3535 202 3539 ‘
257 3519 622 3596 ἐνεγκαμένης
673 3541 730 3574 σε
774 3521 862 3574 καὶ
913 3522 1185 3595 θρεψάσης
1225 3520 1441 3583 πόλεως
1476 3539 1487 3551 ·
1539 3520 1906 3593 ἀπεστερήθης

251 3618 364 3680 τῆς
425 3609 681 3684 μεγίστης
752 3609 926 3670 ἑστίας
967 3628 981 3642 ·
1032 3611 1424 3683 ἀπεγυμνὼθης
1497 3616 1596 3679 τῆς
1656 3610 1908 3681 λαμπρᾶς

257 3699 436 3771 ἀξίας,
470 3701 770 3773 προσθήσω
817 3696 896 3769 δὲ,
927 3699 1017 3753 καὶ
1064 3707 1164 3768 τῆς
1215 3699 1484 3774 ὑπάρξεως
1518 3717 1532 3730 ⁸
1582 3697 1909 3768 ἀποδιὲστης

251 3796 374 3845 τῶν
407 3787 602 3866 φίλων,
632 3793 741 3842 τῶν
793 3789 1064 3858 συνήθων,
1097 3792 1206 3842 τῶν
1237 3788 1478 3864 φιλάτων
1526 3810 1621 3842 σου
1657 3787 1856 3843 τέκνων
1890 3807 1903 3819 ·

261 3879 650 3953 ὑπερωρίσθης
699 3874 806 3931 ὧδε
835 3878 1049 3931 κάκεῖσε
1081 3895 1094 3908 ⁶
1143 3875 1293 3931 τὰδὲ
1339 3883 1438 3946 τῆς
1474 3877 1760 3953 ὑπερορίας
1810 3875 1908 3931 ὅσα

253 3969 340 4028 εἰς
389 3967 753 4020 κακοπάθειαν
786 3971 864 4038 τῷ
913 3966 1068 4036 ἀήθει
1114 3987 1209 4020 σου
1259 3966 1493 4039 σώματι,
1543 3963 1715 4022 ἔνδεια
1758 3968 1905 4041 βρω-

261 4057 477 4128 μάτων,
528 4055 816 4127 πομάτων,
850 4054 1117 4130 λούτρων,
1165 4053 1359 4129 ὲρθμία
1405 4054 1772 4128 ὁμιλούντων,
1823 4054 1904 4109 εὐ-

256 4146 434 4218 πορία
490 4140 1094 4218 προσεπεμϐαινόντων,
1151 4143 1641 4214 προσπλησὸντων.
1689 4147 1756 4202 Οἱ
1801 4143 1901 4220 γάρ

254 4255 395 4290 ποτε
438 4233 773 4310 εὔγνώμονες
805 4233 890 4288 ν’ὖν
943 4232 1074 4295 ἴσως
1123 4234 1460 4307 ἀγνώμονες,
1508 4236 1597 4290 καὶ
1647 4237 1698 4290 οἱ
1748 4234 1900 4307 φίλοι

253 4323 349 4380 καὶ
400 4322 666 4396 γνώριμοι
719 4326 1101 4399 τετράφθωσαν
1149 4323 1215 4377 τὰ
1261 4325 1564 4396 πρώσωπα,
1677 4324 1902 4400 ἐγγύθεν

253 4414 287 4482 ἢ
355 4413 622 4486 μακρόθεν
671 4411 819 4472 ὅντες
866 4413 972 4466 ἀπὸ
1020 4413 1115 4466 τοῦ
1148 4413 1434 4488 γνωρίζειν
1482 4415 1568 4468 καὶ
1604 4414 1778 4492 φιλεῖν
1813 4416 1902 4470 καὶ

254 4499 541 4572 κήδεσθαι.

331 4592 569 4666 Φροντὶς
642 4591 730 4645 ἐπὶ
802 4589 1018 4651 τούτοις
1096 4594 1201 4646 τῶν
1283 4586 1362 4645 ἔτι
1437 4591 1908 4666 ἐπιλελειμμὲνων

260 4683 549 4754 ὑπηρετῶν
583 4677 818 4749 δούλων,
850 4680 939 4734 καὶ
970 4681 1076 4753 πρό
1117 4701 1178 4754 γε
1207 4679 1412 4736 τούτων
1452 4687 1560 4738 τῶν
1592 4681 1904 4739 καλλίστων

2387 3131 2508 3186 ΧΙΙ.
2545 3131 2771 3187 ΤΙιοηικ
2810 3127 2888 3183 bis
2918 3125 3131 3182 consuli
3157 3124 3312 3196 (15').

2094 3259 2295 3327 Qualis
2318 3255 2713 3328 compellatio,
2745 3257 2846 3307 aut
2875 3250 3208 3322 cujusmodi
3254 3249 3676 3306 consolationis

2020 3367 2132 3406 vox
2189 3348 2317 3415 tibi,
2379 3345 2635 3412 domine,
2695 3343 2768 3398 ab
2820 3339 3143 3396 humilibus
3193 3339 3362 3396 nobis
3424 3339 3669 3395 inveniri

2019 3443 2210 3512 queat,
2242 3437 2314 3492 ad
2345 3435 2538 3490 tristia
2557 3434 2677 3488 haec
2699 3431 2849 3486 mala
2872 3447 2999 3502 quae
3021 3428 3281 3485 sustines
3298 3429 3327 3482 ‘i
3343 3429 3667 3484 Exactuses

2018 3545 2050 3584 ι
2081 3526 2309 3582 civitate
2343 3539 2468 3594 quae
2502 3527 2557 3577 te
2586 3520 2791 3592 genuit
2820 3523 2876 3574 et
2905 3516 3172 3573 educavit
3204 3534 3218 3584 ;
3279 3516 3540 3588 privatus
3607 3531 3670 3570 es

2019 3613 2387 3688 amplissima
2415 3613 2588 3667 domo
2615 3628 2629 3678 ;
2655 3609 2943 3682 spoliatus
2996 3624 3060 3664 es
3105 3606 3318 3662 illustri
3357 3606 3662 3679 dignitate,

2018 3706 2225 3762 addam
2261 3702 2462 3767 etiam,
2495 3698 2826 3770 opulentia:
2861 3699 3201 3767 segregatus
3230 3711 3292 3750 es
3323 3694 3394 3749 ab
3426 3694 3659 3763 amicis,

2017 3811 2052 3850 a
2080 3791 2494 3856 familiaribus,
2521 3806 2553 3844 o
2581 3786 2946 3843 charissimis
2977 3783 3176 3840 liberis
3199 3784 3338 3852 tuis,
3363 3782 3527 3839 exsul
3546 3782 3662 3837 huc

2014 3883 2157 3938 illuc
2175 3881 2408 3937 delatus
2429 3895 2492 3934 es
2520 3895 2533 3933 :
2567 3877 2626 3931 in
2650 3875 2852 3932 exsilio
2875 3882 3064 3930 autem
3088 3872 3234 3927 nihil
3257 3888 3372 3927 non
3393 3872 3462 3926 ad
3488 3887 3657 3926 vexa—

2015 3974 2227 4030 tionem
2260 3972 2667 4041 comparatum
2691 3965 2920 4036 corpori
2970 3967 3069 4018 tuo
3111 3961 3350 4017 minime
3398 3963 3658 4024 assueto,

2012 4062 2260 4133 penuria
2289 4060 2424 4127 cibi,
2457 4061 2647 4130 potus,
2681 4055 3042 4119 balneorum,
3066 4049 3320 4106 solitudo
3343 4047 3660 4116 sodalium,

2010 4145 2734 4222 irequentiairruentium,
2770 4140 3205 4198 insultantium.
3235 4138 3345 4202 Qui
3375 4137 3531 4192 enim
3551 4137 3654 4191 be—

2013 4239 2200 4296 nevoli
2235 4237 2375 4293 olim
2407 4240 2598 4301 erant,
2632 4248 2787 4288 nunc
2822 4232 2966 4286 forte
2996 4229 3232 4296 infesti;
3261 4230 3318 4282 et
3351 4226 3449 4297 qui
3482 4226 3655 4282 amici

2012 4329 2276 4398 notique,
2316 4327 2651 4382 averterunt
2695 4321 2873 4377 facies
2926 4336 3088 4388 suae,
3131 4320 3234 4372 aut
3261 4316 3503 4388 propius
3559 4319 3661 4370 aut

2010 4417 2244 4488 longius
2275 4414 2472 4487 positi,
2503 4430 2576 4468 ne
2607 4414 2954 4482 agnoscant,
2989 4407 3078 4463 vel
3107 4410 3327 4472 ament,
3359 4409 3417 4461 et
3452 4420 3652 4462 curam

1933 4493 1980 4556 D
2012 4511 2238 4579 gerant.

2086 4595 2171 4651 Ad
2202 4595 2324 4650 hac
2355 4591 2690 4649 sollicitudo
2736 4604 2936 4646 eorum
2971 4587 3072 4659 qui
3097 4585 3289 4642 adhuc
3319 4586 3560 4650 restant,
3577 4581 3664 4638 fa-

2018 4685 2337 4750 mulorum,
2369 4697 2690 4748 servorum,
2722 4683 2800 4746 et,
2836 4685 2966 4734 ante
3016 4692 3244 4742 omnes,
3293 4673 3662 4747 egregiorum

1837 4865 2068 4924 NOTAE.

330 4992 442 5066 (ίξ)
474 4993 646 5066 Θωμᾷ
672 4987 1373 5066 δισυπάτῳ.Τὴοορ1]αῃοε
1405 4996 1475 5050 ad
1493 5010 1708 5049 annum
1727 4994 1910 5066 5_Leo-

262 5061 356 5138 nis
388 5061 859 5138 P'orphyrogenn.
877 5061 1023 5136 Μέση
1046 5061 1311 5138 ἑϐδομάδι
1342 5070 1446 5138 τῶν
1479 5069 1742 5138 νηστειῶν
1766 5062 1908 5138 ἔκρα-

260 5136 403 5212 τῄθη
450 5133 606 5212 Λ-ἔιον
629 5133 705 5212 ’τε
751 5136 841 5188 καὶ
864 5133 1088 5212 ’βωμᾶς
1118 5133 1567 5212 κουϐικουλάριοι
1594 5157 1605 5166 ·
1640 5137 1730 5191 καὶ
1761 5133 1909 5189 οὗτοι

262 5206 352 5282 σὺν
415 5207 503 5258 καὶ
539 5205 766 5282 ’ἕτεροις
825 5206 1126 5282 εὐλαϐἑσιν-
1181 5205 1468 5282 ἂνδράσιν,’
1515 5211 1589 5270 ὼς
1649 5228 1909 5282 ,προσκυ-

255 5281 464 5338 νοῦντες
500 5277 598 5351 τὰς
623 5277 783 5351 ἀγίας
807 5280 912 5351 ,καὶ
971 5279 1168 5340 σεπτάς
1232 5277 1441 5340 εἰκόνας
1473 5301 1485 5311 ·
1545 5277 1719 5337 Medio
1749 5283 1908 5351 jeju-

255 5353 482 5404 niorum
513 5349 843 5423 ἢϐἰτάονηαίίϐ
872 5353 972 5411 Leo
1003 5363 1055 5408 et
1088 5353 1334 5423 Thomas
1368 5353 1721 5420 cubicularii,
1753 5349 1912 5423 quasi

253 5428 469 5476 sanctas
491 5427 545 5475 et
566 5422 902 5492 venerandas
931 5426 1199 5492 imagines
1249 5422 1568 5490 coluissent,
1616 5443 1739 5479 cum
1763 5422 1911 5479 foliis

256 5495 519 5563 religiosis
555 5491 696 5546 viris
725 5491 1107 5563 omnprehensi
1131 5499 1282 5549 sunt.
1317 5497 1459 5550 Item
1497 5502 1701 5552 auctor
1725 5500 1912 5551 incero

254 5569 364 5629 tus,
397 5563 495 5634 qui
527 5563 868 5639 Theophani
899 5569 1258 5639 subjunctus
1291 5574 1377 5639 est
1403 5585 1416 5620 :
1442 5584 1573 5639 pag.
1601 5569 1705 5639 440
1725 5585 1776 5624 ο.
1811 5565 1913 5639 Καί

252 5655 334 5696 τις
367 5633 572 5707 Θωμᾶς
631 5633 919 5708 πατρίκιος
974 5633 1083 5692 ἀπὸ
1141 5633 1456 5691 δισυπάτων
1508 5633 1818 5713 γενόμενος,
1850 5637 1908 5697 ’ὃς

2011 4989 2136 5046 τότε
2185 4989 2284 5058 τὴν
2335 4984 2659 5058 Ἐκκλησίαν
2710 4977 3012 5057 παρέλαϐεν
3071 4980 3329 5058 &1t6_'roii
3376 4972 3658 5058 ⁵βαιζιλὲευς

2015 5045 2317 5141 ἄσφαγλίάας
2374 5060 2478 5141 κτὰς
2519 5045 2859 5141 ἆιτύλοιςηιιτόὖκ
2884 5051 3333 5141 ,πατριαρχείουζ
3366 5045 3658 5132 ἆπεδίωξεν

2015 5125 2231 5200 αὐτοὺς,
2265 5134 2338 5193 ὡς
2371 5131 2529 5200 δῆθεν
2569 5135 2666 5185 τοῦ
2711 5125 2977 5201 βασιλέως
3010 5125 3200 5198 ’χωρὶς
3239 5125 3405 5201 ταῦτα
3434 5125 3658 5201 ποιοῦν-

2018 5227 2136 5275 τας,
2167 5192 2277 5262 οἷο.
2309 5192 2436 5261 Mox.
2459 5205 2681 5259 Thomas
2711 5192 2935 5275 quidam
2952 5192 3228 5275 patiic'jus
3258 5196 3338 5275 bis
3367 5192 3656 5275 accusat,

2061 5267 2135 5335 ui,
2151 5285 2280 5334 tunc
2308 5278 2454 5332 velut
2484 5267 2829 5345 imperatoris
2867 5267 3044 5345 rius—su.
3105 5268 3404 5345 Ecclesium
3457 5267 3653 5318 tutan—

2055 5369 2142 5406 am
2163 5352 2493 5418 susceperat,
2514 5339 2688 5416 portis
2718 5342 3053 5418 patriarfirhii
3080 5339 3326 5418 occlusis.
3352 5351 3438 5390 eos
3481 5349 3656 5418 remo.-

2017 5406 2094 5478 ὺξι
2115 5423 2258 5476 velut
2282 5406 2834 5487 inscio,'impera'tore
2851 5413 3160 5487 istiusmodi
3182 5482 3194 5487 _
3215 5411 3466 5487 facinora.
3504 5406 3661 5486 moti-

2017 5500 2120 5560 tos,
2153 5501 2262 5548 etc.
2297 5493 2376 5547 De
2415 5478 2801 5561 appellatione
2830 5484 3073 5556 disypati
3103 5481 3321 5537 videsis
3380 5478 3660 5534 Glossaria

2018 5563 2316 5634 Ducangii.

2093 5631 2247 5707 (15‘;
2266 5631 2688 5691 Consolatoria.
