4090 6288
415 317 524 376 951

1667 313 1726 371 S.
1773 313 1874 370 'l‘lI
1890 313 2172 372 l‘IODORl
2213 312 2572 376 S'l‘UDl'l‘fE

3702 326 3827 383 952

412 449 756 504 liberorum.
788 451 853 503 Et
887 449 1126 504 facultas
1156 462 1272 502 non
1297 450 1568 517 suppetlt.
1602 446 1669 500 Et
1699 447 2056 516 praetereaad

2177 443 2409 503 παίδων.
2474 451 2572 504 Καὶ
2639 451 2700 504 τὸ
2773 448 3022 506 δύνασθαι
3081 451 3144 506 οὐ
3220 453 3495 526 πρόσεστι.
3558 456 3653 509 Καὶ
3730 453 3828 509 ἐπὶ

414 541 618 596 urbem
644 540 936 605 considas,
971 539 1122 594 sicut
1152 554 1164 588 :
1192 537 1268 592 Ad
1290 535 1528 608 ﬂumina
1563 536 1855 606 Babylonis
1877 537 2068 592 abdu—

414 635 545 688 ctus
575 631 871 702 quondam
917 629 978 684 in
1017 629 1284 700 Assyrios
1318 627 1512 695 Israel,
1547 627 1643 682 ubi
1680 627 1934 693 sedimus,
1969 628 2067 682 in-

415 722 641 792 quiunt,
665 723 713 774 et
743 721 1019 789 ﬂevimus,
1041 719 1172 772 dum
1201 717 1618 772 recordaremur
1648 716 1776 771 Sion
1801 715 1945 768 39-“.
1962 717 2064 772 Ge-

416 813 596 867 mitus
625 828 776 883 ergo,
811 817 867 867 et
898 811 1181 874 maeroris,
1214 813 1271 864 et
1302 809 1691 878 lacrymarum
1724 807 1903 880 plenae
1926 812 2065 863 sunt

415 918 507 956 res
538 907 672 969 tuae,
700 904 770 956 At
801 917 932 956 vero
957 916 1090 955 cum
1123 899 1377 954 scientiae
1408 898 1615 970 gratia,
1644 901 1700 952 et
1739 897 2061 968 prudentia:

417 995 569 1048 dono
602 993 876 1062 praeditus
898 991 1001 1059 sis,
1037 991 1489 1060 haudquaquam
1523 993 1580 1044 te
1610 989 1667 1042 in
1699 989 1791 1044 his
1815 989 2064 1045 arbitror

414 1082 647 1152 penitus
679 1082 986 1136 concidere
1013 1100 1026 1138 :
1055 1080 1269 1151 quippe
1291 1079 1392 1150 qui
1433 1095 1546 1134 non
1589 1078 1824 1150 ignores
1879 1079 2061 1132 vitam

414 1173 667 1228 hominis
702 1171 972 1227 militiam
996 1187 1144 1240 esse,
1171 1172 1333 1240 juxta
1369 1169 1680 1224 clarissimi
1707 1168 1813 1224 Job
1832 1174 2058 1225 senten-

408 1262 547 1316 tiam
583 1261 650 1329 4‘,
683 1262 782 1332 qui
815 1264 1040 1332 quanta
1094 1276 1404 1330 perpessus
1464 1258 1561 1324 sit,
1609 1258 2059 1326 intelligentiam

411 1355 571 1406 tuam
597 1367 712 1406 non
737 1351 914 1417 fallit;
943 1351 1021 1404 uti
1047 1366 1149 1404 nec
1173 1349 1284 1404 alia
1306 1348 1499 1404 omnis
1517 1347 2060 1418 instabilitashujus

409 1442 536 1496 vita:
567 1441 734 1496 aliter
763 1449 931 1511 atque
961 1439 1130 1494 aliter
1161 1440 1219 1493 in
1251 1438 1373 1494 dies
1399 1439 1578 1492 ferme
1617 1453 1818 1492 omnes
1862 1436 2059 1493 horas-

411 1547 521 1603 que
549 1529 848 1586 variantis.
881 1529 1084 1584 Fluxui
1120 1527 1275 1583 enim
1303 1532 1359 1582 et
1401 1526 1645 1582 refluxui
1692 1527 1898 1581 similis
1951 1531 2059 1595 est,

407 1626 466 1676 et
497 1619 756 1688 ﬂoribus,
783 1624 840 1676 et
861 1618 1126 1683 somniis,
1147 1617 1392 1686 aliisque
1423 1617 1480 1670 id
1513 1632 1717 1686 genus,
1752 1621 1813 1670 ut
1851 1616 2061 1672 divinae

409 1712 646 1764 Patrum
678 1726 845 1764 voces
876 1708 1266 1763 afﬁrmarunt.
1292 1705 1539 1776 Reputet
1563 1705 1719 1760 enim
1741 1705 2055 1761 rationem-

2178 537 2392 600 τούτοις
2440 539 2636 612 καθέζῃ
2682 541 2789 614 πρὸ
2844 545 2941 595 τοῦ
2999 542 3208 614 ἄστεος,
3259 544 3377 598 οἷον
3432 542 3520 600 ἐπὶ
3575 549 3679 600 τῶν
3720 567 3829 600 πο-

2175 631 2363 697 ταμῶν
2439 623 2759 691 Βαϐυλῶνός
2834 652 2966 685 ποτε
3041 631 3383 707 ἀπαγόμενος
3459 633 3536 694 εἷς
3622 635 3826 690 Ἀσσυ-

2179 715 2329 786 ρίους
2411 716 2676 791 Ἰσραήλ·
2755 717 2806 772 έν
2889 720 2957 791 ᾧ,
3039 720 3225 797 φησὶν,
3299 721 3644 794 ἐκαθίσαμεν,
3727 724 3827 778 καὶ

2177 801 2515 876 ὲκλαύσαμεν
2585 805 2638 860 ἐν
2712 811 2790 878 τῷ
2872 811 3175 881 μνησθῆναι
3248 812 3395 884 ἡμᾶς
3469 818 3568 879 τῆς
3647 813 3826 870 Σιών.

2176 899 2494 968 Στεναγμοῦ
2546 897 2725 951 τοίνυν
2783 897 2872 952 καὶ
2932 899 3225 976 κατηφείας
3282 900 3370 954 καὶ
3447 898 3691 977 δακρύων
3751 904 3825 956 τὰ

2173 984 2258 1038 σά.
2293 982 2450 1040 Ἀλλ’
2488 983 2603 1040 ἐπεὶ
2655 987 2910 1060 πρόσεστί
2960 1010 3047 1043 σοι
3095 991 3352 1064 γνώσεως
3402 992 3676 1066 χάρισμα,
3727 995 3821 1047 καὶ

2173 1075 2484 1146 φρονήσεως
2542 1071 2775 1148 δώρημα
2813 1097 2825 1110 ·
2893 1076 2953 1130 οὐ
3015 1077 3233 1140 πάντως
3290 1079 3640 1136 καταπίπτειν
3702 1081 3828 1134 οἷό-

2176 1163 2310 1234 μεθά
2353 1184 2409 1216 σε
2457 1163 2507 1217 ἐν
2557 1166 2772 1227 τούτοις
2807 1186 2821 1198 ·
2873 1163 3051 1221 εἰδότα
3091 1166 3175 1222 ὅτι
3220 1169 3572 1242 πειρατήριον
3623 1172 3650 1224 ὀ
3699 1170 3826 1244 βίος

2173 1250 2478 1325 ἀνθρώπου,
2511 1255 2646 1308 κατὰ
2690 1256 2782 1308 τὸν
2832 1253 3089 1328 ἀοίδιμον
3124 1252 3274 1327 Ἰὼϐ,
3307 1259 3365 1320 ὃς
3415 1258 3512 1313 ὅσα
3557 1260 3825 1315 πέπονθεν

2171 1339 2270 1394 οὐκ
2299 1342 2481 1416 ἀγνοεῖ
2508 1364 2602 1397 σου
2634 1347 2668 1412 ἡ
2718 1345 3050 1416 πολυπειρία
3081 1366 3094 1379 ο
3147 1345 3273 1402 οὐδὲ
3300 1349 3401 1415 τὴν
3442 1346 3618 1420 ἄλλην
3655 1351 3826 1405 ἄστα-

2167 1451 2258 1484 τον
2288 1433 2455 1509 ιρορὰν
2475 1439 2573 1502 τῆς
2596 1434 2896 1507 παραυτίκα
2929 1441 3095 1505 ζωῆς,
3117 1435 3319 1492 ἄλλοτε
3348 1436 3536 1500 ἄλλως
3573 1439 3823 1518 ἐχούσης

2170 1520 2307 1574 κατά
2348 1525 2519 1575 πᾶσαν
2571 1521 2763 1602 σχεδὸν
2816 1524 3023 1598 ἡμέραν
3073 1547 3131 1580 τε
3178 1527 3269 1580 καὶ
3323 1525 3492 1602 ὥραν.
3525 1532 3660 1602 Ῥοῇ
3710 1529 3824 1604 γὰρ

2169 1611 2280 1676 καὶ,
2341 1610 2592 1686 ἀπορῥοῇ
2650 1609 2840 1684 ἔοικεν,
2899 1612 3074 1669 ἄνθεσί
3136 1637 3194 1670 τε
3250 1617 3343 1670 καὶ
3401 1617 3667 1692 ὀνείρασι,
3726 1617 3826 1672 καὶ

2170 1700 2401 1753 οἷστισιν
2453 1698 2667 1764 ἄλλοις,
2719 1703 2856 1756 κατὰ
2893 1705 2984 1766 τὰς
3029 1705 3175 1766 θείας
3225 1706 3411 1783 φωνὰς
3460 1710 3568 1760 τῶν
3621 1707 3825 1783 ἁγίων.

407 1814 519 1868 que
551 1813 750 1853 secum
783 1798 939 1852 ineat
972 1794 1299 1850 veneranda
1327 1809 1489 1849 mens
1516 1797 1642 1862 tua,
1668 1810 1844 1865 quam
1870 1793 2057 1851 multa

2170 1787 2602 1862 ’Δναλογιζέσθω
2648 1792 2752 1865 γάρ
2792 1813 2886 1846 σου
2934 1795 2969 1862 ἡ
3019 1795 3178 1868 τιμία
3229 1797 3408 1871 ψυχὴ,
3441 1794 3584 1850 πόσα
3632 1795 3684 1851 ἐν
3735 1803 3824 1870 τῷ

407 1889 478 1942 ab
508 1886 635 1958 ipso
668 1886 851 1942 exsilii
886 1886 970 1940 tui
1005 1893 1260 1955 tempore
1291 1888 1526 1954 peracta
1556 1883 1674 1938 sint
1707 1899 1720 1937 :
1763 1883 1903 1939 dum
1959 1885 2058 1941 alii

405 1975 642 2044 cadunt,
678 1975 776 2031 alii
799 1981 1135 2045 exsurgunt,
1161 1973 1258 2028 alii
1283 1972 1614 2028 moriuntur
1637 1972 1735 2028 alii
1759 1990 2056 2045 prospere,

403 2066 536 2121 aliis
555 2081 720 2122 secus
735 2069 937 2137 agunt.
958 2065 1024 2119 Et
1045 2062 1240 2118 nullus
1253 2061 1492 2117 omnino
1508 2066 1701 2117 status
1717 2071 1802 2118 est
1835 2064 2064 2119 stabilis

403 2158 462 2212 in
483 2156 590 2210 hoc
618 2155 874 2211 versatili
901 2153 1030 2210 vitae
1054 2156 1261 2209 nostraa
1289 2168 1484 2208 cursu.
1520 2150 1668 2206 Illud
1705 2153 1880 2208 etiam
1906 2171 2061 2225 prie-

401 2251 558 2302 terea
587 2261 791 2300 verum
823 2249 931 2310 est,
964 2244 1024 2299 in
1057 2242 1255 2298 exsilio
1290 2241 1537 2313 quodam
1553 2257 1754 2296 omnes
1776 2259 1882 2298 nos
1904 2259 2058 2311 esse,

403 2338 690 2405 quatenus
717 2351 820 2406 per
837 2333 1258 2404 protoplastum
1284 2331 1354 2386 de
1373 2331 1743 2402 paradiso,ut
1765 2332 2056 2401 proditum

413 2429 524 2491 est,
557 2423 725 2494 ejecti
749 2439 974 2489 sumus,
1000 2428 1055 2476 et
1076 2423 1135 2477 in
1167 2420 1394 2476 mortali
1426 2421 1532 2475 hac
1585 2437 1687 2475 ora
1731 2437 2058 2490 versamur,

409 2515 596 2585 quoad
630 2517 970 2568 cantemus:
1005 2511 1152 2566 Educ
1181 2511 1245 2565 de
1297 2509 1539 2565 custodia
1577 2512 1824 2565 animam
1858 2526 2056 2578 meam,

407 2602 477 2656 ad
503 2601 867 2672 conﬁtendum
892 2603 1108 2656 nomini
1137 2608 1225 2654 tuo
1255 2599 1325 2664 ‘2,
1359 2615 1428 2653 ex
1458 2598 1709 2654 incolatu
1753 2599 1827 2654 ad
1877 2599 2057 2656 liber-

407 2692 587 2743 tatem
620 2691 1013 2744 transeuntes.
1048 2689 1237 2752 Quare
1281 2702 1353 2741 ne
1382 2685 1442 2738 in
1501 2685 1773 2740 exsilium
1829 2687 2060 2757 quidem

409 2792 578 2848 agere
608 2776 875 2832 homines
899 2780 1149 2846 possunt
1171 2789 1525 2846 congeneres
1556 2790 1717 2842 suos,
1752 2775 1797 2829 si
1827 2777 2059 2846 proprie

407 2865 766 2936 loquendum
799 2869 910 2934 est,
943 2881 1077 2920 cum
1112 2863 1346 2935 ipsimet
1375 2867 1630 2918 extorres
1674 2863 1812 2919 sint.
1841 2864 2057 2921 Omnes

408 2956 701 3026 siquidem
734 2956 966 3010 advenae
992 2959 1047 3010 at
1077 2953 1367 3025 peregrini
1417 2953 1690 3025 descripti
1750 2969 1974 3022 sumus,
2008 2955 2055 3010 si

405 3045 819 3103 consolationis
848 3047 1315 3113 incitamentum,
1365 3045 1620 3116 petimus
1661 3045 2054 3117 obsecramus,

408 3140 472 3192 ut
495 3152 622 3208 quae
646 3136 1006 3205 acciderunt,
1032 3151 1243 3207 magno
1261 3135 1412 3190 feras
1433 3136 1648 3202 animo,
1677 3137 1733 3188 et
1760 3151 1893 3191 cum
1915 3153 2056 3208 gra-

2177 1877 2371 1950 μεταξὺ
2420 1881 2604 1953 χρόνῳ
2653 1887 2750 1950 τῆς
2799 1881 3096 1959 ἀπαγωγῆς
3159 1885 3485 1959 πέπρακται,
3543 1889 3649 1940 τῶν
3718 1887 3822 1959 μὲν

2172 1968 2676 2040 ἀπομεπτωκότων,
2732 1975 2840 2025 τῶν
2900 1969 2956 2026 δὲ
3013 1972 3425 2047 ἀνυψωθέντων,
3478 1973 3662 2030 ἄλλων
3725 1997 3825 2032 τε-

2171 2057 2466 2128 θνηκότων,
2516 2059 2710 2134 ἑτέρων
2771 2061 3247 2137 εὐπραγησάντων,
3298 2062 3484 2120 ἄλλων
3541 2061 3827 2141 δυστυχη-

2173 2149 2395 2203 σάντων.
2449 2149 2547 2202 Kal
2599 2146 2825 2221 οὐδεμία
2876 2149 3057 2212 στάσις
3101 2152 3152 2206 ἐν
3202 2157 3280 2224 τῷ
3327 2152 3538 2226 ἀστάτῳ
3587 2155 3677 2208 καὶ
3729 2155 3825 2210 εὐ-

2170 2239 2376 2309 κινήτῳ
2437 2235 2624 2310 δρόμῳ
2678 2244 2774 2293 τοῦ
2827 2239 2946 2314 βίου
3004 2243 3190 2313 ἡμῶν.
3255 2242 3458 2300 Ἐκεῖνό
3533 2265 3592 2298 τε
3647 2245 3822 2300 πάλιν

2169 2322 2370 2394 ἀληθὲς
2419 2324 2500 2393 ὂν,
2551 2325 2633 2380 ὅτι
2692 2329 2886 2390 πάντες
2944 2327 3222 2401 ἄνθρωποι
3281 2330 3334 2384 ἐν
3395 2330 3573 2407 ἐξορίᾳ
3628 2331 3827 2406 ἐσμὲν,

2166 2414 2302 2468 κατά
2347 2415 2409 2468 τὸ
2458 2415 2839 2485 ἀποικισθῆναι
2891 2420 3037 2491 ἡμᾶς
3087 2415 3176 2473 διά
3224 2423 3322 2474 τοῦ
3374 2422 3819 2496 πρωτοπλάστου

2168 2502 2226 2557 ἐκ
2280 2503 2376 2558 τοῦ
2429 2501 2773 2579 παραδείσου,
2835 2507 2908 2567 ὡς
2967 2508 2995 2561 ὁ
3053 2505 3239 2582 λόγος,
3290 2507 3380 2562 καὶ
3440 2508 3514 2571 εἰς
3569 2507 3694 2564 τόδε
3756 2511 3823 2565 τὸ

2167 2594 2542 2670 θανατηφόρον
2602 2594 2811 2668 χωρίον
2862 2594 3251 2666 ἐναυλίζεσθαι,
3299 2595 3404 2660 ἕως
3458 2598 3518 2653 ἂν
3576 2600 3659 2670 τὸ,
3711 2601 3826 2670 Ἐξ

2169 2685 2339 2758 ἀγαγε
2392 2683 2450 2737 ἐκ
2504 2683 2753 2754 φυλακῆς
2809 2687 2909 2754 τήν
2967 2689 3150 2760 ψυχήν
3211 2708 3337 2758 μου,
3379 2691 3478 2743 τοῦ
3537 2687 3823 2762 ἐξομολο-

2168 2774 2433 2849 γήσασθαι
2506 2777 2583 2827 τῶ
2664 2773 2891 2846 ὀνοματί
2963 2797 3079 2842 σου,
3139 2774 3385 2849 ᾄδωμεν,
3455 2773 3822 2851 μεταϐαίνον-

2165 2882 2252 2924 τες
2304 2863 2364 2915 ἐκ
2409 2863 2694 2935 παροικίας
2745 2865 2819 2926 εἰς
2867 2861 3203 2940 ελευθερίαν.
3254 2868 3417 2921 Ὥστε
3464 2865 3595 2922 οὐδὲ
3635 2867 3824 2942 ἐξορί-

2170 2958 2274 3022 ζειν
2336 2950 2572 3006 δόναιντ⁹
2643 2951 2702 3007 ἂν
2775 2951 3049 3030 ἄνθρωποι
3107 2954 3235 3017 τοὺς
3309 2957 3622 3032 ὀμογονεῖς,
3681 2961 3824 3013 κατά

2165 3042 2226 3094 τὸ
2256 3036 2472 3116 ἀκριϐὲς
2518 3046 2614 3097 τοῦ
2663 3040 2855 3119 λόγου,
2888 3043 3154 3118 ἐξόριστοι
3201 3040 3352 3106 ὄντες
3403 3045 3616 3104 καύτοί,
3662 3049 3818 3101 Ἐπεὶ

2167 3132 2362 3192 πάντες
2413 3132 2667 3203 πάροικοι
2725 3132 2814 3186 καὶ
2869 3129 3249 3207 παρεπίδημοι
3301 3136 3813 3211 περιγεγράμμεθα.

402 3197 617 3280 tiaram
647 3225 871 3281 actione
900 3197 1095 3281 tristia
1179 3224 1338 3295 quod
1369 3223 1606 3295 quidem
1633 3197 1741 3280 tibi
1777 3241 1892 3280 non
1916 3197 2048 3282 vde-

2171 3220 2240 3276 Ei’
2293 3243 2345 3275 τι
2385 3225 2633 3276 τοιοῦτον
2677 3224 2959 3299 φάρμακόν
3020 3244 3103 3278 σοι
3163 3224 3502 3299 παρηγορίας
3559 3226 3820 3298 παραμύ-

405 3315 588 3370 fuisse
617 3315 968 3370 conﬁdimus
999 3331 1013 3368 :
1049 3316 1145 3385 qui
1179 3314 1334 3369 enim
1384 3313 1551 3369 aliter
1601 3330 1923 3370 aerumnam
1974 3315 2061 3371 in-

407 3406 711 3475 gruentem
748 3404 1100 3473 perferemus
1119 3403 1146 3457 ?
1174 3402 1406 3458 Accedit
1432 3403 1582 3471 quod
1617 3419 1896 3475 magnum
1925 3405 2060 3460 inde

404 3492 636 3546 lucrum
668 3492 1127 3563 reportabimus;
1163 3491 2059 3563 perinfelicitatem,felicitatem

405 3581 719 3650 majorem;
752 3596 855 3651 per
888 3585 1313 3652 paupertatem,
1344 3580 1579 3634 divitias
1609 3597 1726 3634 non
1749 3587 2059 3652 pereuntes

413 3685 515 3739 per
535 3668 860 3738 infamiam,
889 3669 1134 3741 gloriam
1198 3667 1607 3724 immortalem.
1650 3670 1801 3733 Quin
1833 3676 1890 3724 et
1946 3672 2058 3743 ipsi

412 3758 660 3813 fortasse
691 3758 1004 3829 principes,
1031 3757 1109 3828 pii
1145 3758 1523 3828 imperatores
1539 3758 1740 3824 nostri,
1765 3759 2060 3814 adducen-

413 3852 510 3904 tur
538 3848 798 3915 tandém,
829 3851 894 3903 ut
923 3852 978 3903 te
1008 3850 1247 3903 domum
1280 3851 1566 3913 revocent,
1591 3851 1646 3901 et
1676 3847 1782 3902 tibi
1804 3865 2060 3920 congrua

413 3938 747 3994 restituant.
781 3937 1062 3992 Novimus
1092 3936 1247 3992 enim
1279 3935 1510 3991 illorum
1535 3936 1982 4006 humanitatem,
2007 3947 2060 3994 et

408 4043 586 4097 quam
618 4026 804 4094 facile,
838 4026 896 4081 in
930 4026 1060 4082 istis
1093 4025 1408 4096 praesertim
1443 4025 1614 4080 rebus
1651 4026 1883 4082 meliora
1918 4043 2059 4084 con-

407 4116 539 4170 silia
568 4116 820 4187 capiant.
853 4117 1077 4172 Interea
1106 4121 1302 4171 autem
1332 4117 1473 4169 dum
1507 4119 1752 4185 perstas,
1789 4121 2053 4174 console-

407 4210 503 4260 tur
529 4209 582 4260 te
595 4205 880 4261 Dominus
911 4206 1064 4261 Deus
1082 4206 1478 4262 consolatione
1492 4205 1793 4277 patientia)
1806 4211 1863 4262 et
1879 4209 2057 4265 actio-

408 4296 501 4350 nis
533 4295 874 4366 gratiarum,
911 4297 1021 4352 Sed
1055 4306 1109 4352 et
1141 4295 1503 4368 principibus
1536 4297 1681 4367 ipsis
1709 4299 2058 4368 persuadeat

407 4390 473 4439 ut
499 4401 636 4456 erga
666 4389 720 4440 te
741 4385 955 4442 faciant
975 4387 1126 4457 quod
1153 4387 1324 4442 modo
1356 4386 1579 4441 dictum
1603 4389 1712 4454 est,
1736 4390 1792 4442 et
1811 4391 1866 4442 te
1893 4391 2054 4459 opta-

405 4474 701 4530 tissimum
737 4473 807 4530 iis
837 4477 1153 4533 restituant
1186 4475 1286 4547 qui
1319 4480 1376 4533 te
1405 4475 1681 4548 diligunt.

728 4800 891 4857 XIII.
923 4833 993 4842 —-
1031 4801 1105 4856 De
1132 4817 1266 4857 cura
1283 4803 1704 4874 insepultorum.

481 4928 759 4993 Quoniam
777 4929 950 4984 homo
967 4930 1034 4983 ad
1054 4929 1366 4999 imaginem
1383 4930 1482 4985 Dei
1497 4929 2054 5002 similitudinemque

407 5027 638 5076 creatus
670 5023 777 5089 est,
815 5036 1052 5075 necesse
1082 5025 1169 5074 est
1192 5018 1444 5074 humana
1473 5022 1906 5090 natura,quoad
1930 5023 2052 5076 lieri

406 5117 618 5183 potest,
653 5111 950 5182 archetypi
985 5112 1354 5179 lineamenta,
1413 5115 1690 5182 tanquam
1743 5113 1959 5183 imago,
1994 5113 2052 5168 in

404 5203 595 5272 seipsa
625 5206 807 5271 gerat.
851 5205 993 5254 Cum
1023 5216 1157 5270 ergo
1191 5202 1340 5255 Deus
1372 5201 1652 5256 bonitatis
1683 5218 1803 5255 suae
1852 5203 2049 5270 provi-

399 5291 653 5344 dentiam
682 5289 738 5341 in
778 5289 977 5342 omnia
1006 5288 1313 5356 diffundat,
1333 5305 1558 5358 aequum
1578 5290 1748 5344 fuerit
1779 5287 2049 5344 homines

397 5377 806 5432 inenarrabilis
830 5377 1125 5448 sapientiae
1153 5379 1451 5449 providam
1477 5378 2044 5432 administrationem

395 5485 499 5539 pro
522 5465 741 5522 viribus
766 5466 1004 5523 imitari.
1031 5467 1190 5523 Unde
1211 5472 1268 5524 et
1291 5485 1396 5524 nos
1431 5467 1678 5524 humiles
1701 5484 1766 5524 ac
1789 5466 2042 5533 minimi,

471 5655 600 5696 39—”
628 5655 780 5712 Psal.
817 5671 1040 5724 cxxxvr,
1077 5657 1124 5712 1.
1204 5658 1244 5693 ⁶¹
1277 5656 1386 5713 Job
1413 5673 1510 5725 vn,
1544 5657 1596 5712 8.

2834 3310 3116 3384 αῗτοῦμεν,
3167 3307 3590 3384 ἀντιϐολοῦμεν,
3624 3313 3700 3375 εἰς
3751 3315 3817 3369 τὸ

2170 3397 2396 3474 ἐνεγκεῖν
2461 3401 2826 3474 μοκροθύμως
2883 3401 2949 3455 τὰ
3005 3396 3308 3475 συμϐάντα,
3354 3401 3699 3476 εὐχαρίστως
3748 3404 3820 3458 τά

2170 3488 2434 3562 λυπηρά’
2513 3491 2643 3564 ὅπερ
2720 3490 3056 3563 πεπείσμεθα
3127 3490 3420 3569 ἐσχηκέναι
3506 3512 3582 3547 σε.
3661 3493 3812 3548 Ἐπεὶ

2168 3580 2326 3633 πόθεν
2362 3575 2592 3633 ἄλλοθεν
2642 3577 2861 3650 οἷ’σομεν
2891 3580 2991 3648 τὴν
3036 3577 3335 3657 ἐπιφοράν;
3373 3580 3506 3635 Εἶτα
3554 3578 3636 3634 ὅτι
3686 3581 3812 3635 κάν-

2167 3671 2349 3722 τεῦθεν
2405 3668 2470 3722 τὰ
2532 3666 2742 3743 μεγάλα
2791 3665 3175 3742 κερδανοῦμεν,
3237 3666 3307 3723 δι’
3382 3669 3641 3743 ἀπραξίας
3717 3669 3812 3725 εὑ-

2168 3758 2393 3832 πραξίαν
2442 3759 2540 3826 τήν
2592 3757 2833 3830 μείζονα,
2885 3755 2973 3812 διά
3019 3757 3202 3819 πενίας
3251 3757 3489 3814 πλοῦτον
3529 3761 3623 3815 τὸν
3673 3761 3809 3834 ἀμε-

2165 3849 2471 3914 τάπτωτον,
2507 3844 2576 3900 δι’
2607 3845 2819 3916 ἀδοξίας
2854 3843 3008 3920 δόξαν
3051 3848 3150 3915 τήν
3185 3848 3477 3920 ἀκήρατον.
3514 3849 3613 3904 Καὶ
3665 3851 3814 3927 τάχα

2168 3938 2688 4008 παρακληθήσονται
2737 3935 2826 3991 καὶ
2875 3935 3026 3991 αὐτοὶ
3087 3939 3138 3991 οἱ
3196 3942 3515 4011 κρατοῦντες
3575 3934 3812 4001 εὐσεϐεῖς

2168 4029 2327 4099 ἡμῶν
2366 4025 2608 4101 βασιλεῖς
2646 4025 2744 4099 ὀψέ
2774 4046 2904 4080 ποτε
2945 4025 3297 4101 ἐπαναγαγεῖν
3330 4049 3387 4082 σε
3436 4026 3513 4089 εἷς
3543 4029 3610 4082 τὰ
3642 4027 3810 4099 οἴκοι,

2171 3312 2284 3363 θιον
2336 3308 2736 3385 παρακλήσεως
2769 3329 2782 3341 °

2168 4118 2257 4172 καὶ
2291 4116 2589 4172 ἀποδοῦναι
2637 4118 2704 4171 τὰ
2750 4113 2957 4172 δέοντα.
2989 4119 3170 4189 Ἰσμεν
3201 4117 3303 4192 γάρ
3347 4117 3523 4172 αὐτῶν
3571 4118 3634 4172 τὸ
3683 4118 3810 4194 φιλ-

2167 4209 2448 4281 άνθρωπον
2500 4208 2588 4260 καὶ
2638 4204 3036 4279 εὐμετάμελον,
3088 4207 3235 4280 ᾧπερ
3286 4211 3588 4281 κιχρῶνται
3644 4207 3807 4282 μεγά-

2169 4298 2278 4358 λως
2314 4295 2398 4350 έπὶ
2431 4301 2546 4358 τοῖς
2593 4295 2893 4357 τοιούτοις.
2925 4297 3070 4356 "Ean;
3103 4292 3150 4348 δ’
3194 4295 3252 4349 ἃν
3299 4295 3604 4368 ἐπιμένοις,
3638 4317 3810 4371 παρα-

2165 4385 2389 4442 καλέσαι
2430 4406 2487 4439 σε
2538 4383 2736 4458 Κύριος
2789 4385 2816 4438 ὁ
2849 4383 2977 4444 Θεὸς
3028 4382 3368 4457 παρακλήσει
3421 4384 3809 4459 ὑπομονητικῇ

2165 4475 2254 4528 καὶ
2300 4474 2706 4549 εὐχαριστηρίῳ
2739 4490 2753 4505 ⁸
2803 4471 2951 4528 ἀλλά
2992 4473 3080 4526 καὶ
3141 4471 3374 4527 πείσειεν
3432 4473 3628 4534 αὐτοὺς
3682 4473 3812 4538 τοὺς

2087 4574 2134 4638 D
2165 4568 2492 4639 κρατοῦντας
2549 4564 2612 4618 τὸ
2663 4563 3062 4637 προειρημένον
3113 4564 3248 4635 ἡμῖν
3301 4564 3496 4636 πρᾶξαι
3554 4562 3642 4618 ἐπὶ
3700 4565 3809 4632 σοὶ,

2156 4655 2244 4710 καὶ
2292 4651 2588 4710 ἀποδοῦναι
2638 4675 2698 4709 σε
2741 4653 2832 4708 τὸν
2880 4651 3247 4726 περιπόθητον
3298 4657 3416 4715 τοῖς
3463 4651 3686 4730 φιλοῦσί
3729 4675 3806 4712 σε.

2201 4803 2303 4859 ll".
2345 4833 2413 4842 —
2450 4799 2541 4862 Εἷς
2577 4800 2680 4868 τήν
2722 4795 2993 4853 διακονίαν
3034 4802 3144 4852 τῶν
3184 4798 3566 4872 ἀπρονοήτων.
3611 4800 3761 4872 [κθ’.]

2234 4930 2358 4984 ’Ότι
2408 4927 2522 4981 κατ’
2569 4924 2749 4978 εἰκόνα
2793 4921 2925 4979 Θεοῦ
2969 4923 3060 4978 καὶ
3119 4924 3382 4995 ὁμοίωσιν
3436 4925 3464 4978 ὁ
3523 4921 3804 4997 ἄνθρωπος

2164 5012 2422 5086 ἔκτισται,
2482 5015 2762 5088 ἀναγκαῖον
2819 5017 2887 5087 τῇ
2945 5010 3258 5087 ἀνθρωπίνῃ
3337 5012 3513 5090 φύσει,
3573 5013 3800 5068 καθόσον

2164 5106 2399 5183 ἐφικτὸν,
2449 5105 2522 5168 ὡς
2575 5103 2844 5158 εἰκόνιτά
2893 5107 2988 5157 τοῦ
3035 5104 3348 5178 ἀρχετύπου
3404 5104 3701 5175 μιμήματα
3750 5103 3802 5158 ἐν

2163 5198 2324 5260 ἑαυτῆ
2383 5193 2702 5269 περιφένειν.
2757 5193 2908 5249 Ἐπεὶ
2965 5190 3056 5246 οῦν
3115 5192 3178 5246 τὸ
3245 5197 3396 5247 Θεῖον
3460 5191 3548 5246 ἐπὶ
3629 5193 3806 5248 πάντα

2163 5284 2339 5356 διήκει
2369 5286 2466 5353 τὴν
2495 5288 2594 5348 τῆς
2641 5282 2838 5344 οἷκείας
2888 5281 3224 5356 ἀγαθότητος
3271 5281 3559 5356 πρόνοιαν,
3589 5279 3799 5336 δίκαιον

2161 5374 2219 5427 ἃν
2253 5372 2334 5442 εἷή
2382 5371 2728 5445 ἐκμιμεῖσθαι
2773 5373 2835 5424 τὸ
2890 5369 3221 5443 ἀνθρώπινον
3263 5370 3361 5436 τὴν
3409 5377 3506 5439 τῆς
3557 5369 3801 5444 ἀρρήτου

2161 5466 2349 5543 σοςρίας
2400 5461 2798 5537 προνοητικὴν,
2857 5461 2930 5523 ὡς
2991 5457 3233 5532 δυνατὸν,
3294 5456 3588 5530 διοίκησιν.
3635 5461 3798 5517 ’Όθεν

1675 5658 1720 5692 ⁴²
1752 5654 1900 5713 Psal.
1933 5672 2078 5722 σιω,
2105 5653 2160 5708 8.
