4090 6288
288 371 414 431 953

1570 371 2119 436 EPISTOLARUM
2159 375 2305 435 LIB.
2354 376 2400 436 Ι.

3573 376 3692 434 954

292 506 391 560 καὶ
422 509 583 581 ἡμεῖς
617 510 667 563 οἱ
708 507 944 564 ταπεινοὶ
984 506 1072 562 καὶ
1111 506 1419 581 ἐλάχιστοι.
1453 503 1702 566 εὐλαϐῶς
1753 504 1829 569 εἷς
1876 506 1931 560 τὸ

2056 505 2237 563 Deum
2269 512 2596 566 reverenter
2624 509 2942 583 intuentes,
2974 510 3398 583 oharitatisque
3427 526 3565 583 erga
3594 525 3694 566 co-

296 601 453 651 Θεῖον
488 596 789 667 ἀπιδόντες,
820 598 909 652 καὶ
940 598 1075 671 πρὸς
1103 597 1167 652 τὸ
1199 593 1479 672 ὁμόφυλον
1513 596 1610 663 τὴν
1663 596 1936 672 ἀγαπητι-

296 686 400 753 κὴν
475 684 711 742 διάθεσιν
769 682 1154 755 ἀναλαϐόντες,
1213 687 1520 758 καθήκαμεν
1586 683 1809 746 ἑαυτοὺς
1860 685 1934 747 εἷς

294 773 425 830 τόδε
480 777 542 830 τὸ
593 773 778 839 ἀσεϐὲς
827 776 1096 849 σύστημα,
1146 777 1322 836 καθὼς
1377 774 1753 842 ὑποτέτακται,
1799 774 1940 850 πρό-

298 886 451 920 νοιαν
517 866 839 939 ποιούμενοι
922 870 1027 922 τῶν
1093 866 1447 939 ἀπρονοήτων
1535 863 1936 937 σκηνωμάτων,

295 953 403 1009 εἶτ’
433 954 523 1010 οῦν
572 957 1000 1029 νενεκρωμένων,
1048 954 1136 1009 καὶ
1186 953 1245 1009 ἐκ
1291 955 1476 1015 πενίας
1506 953 1540 1022 ἢ
1575 953 1634 1008 ἐκ
1683 954 1936 1024 ξενιτείας

297 1046 380 1117 μή
440 1044 680 1119 ἐχόντων
727 1050 842 1108 πῶς
900 1044 1277 1117 ἐκκομίζεσθαι
1325 1043 1413 1098 καὶ
1472 1042 1823 1098 ἐνθάπτεσθαι
1884 1043 1933 1099 ἐν

290 1136 463 1209 ταύτῃ
490 1141 558 1209 τῇ
595 1134 953 1210 βασιλευούσῃ
980 1138 1088 1189 τῶν
1123 1133 1339 1189 πόλεων
1369 1177 1382 1190 .
1413 1138 1502 1206 Τῷ
1533 1135 1710 1188 τοίνυν
1760 1135 1938 1207 τούτῳ

292 1222 427 1296 θείῳ
485 1224 640 1295 τύπῳ
714 1221 1138 1298 ἐπερειδόμενοι,
1198 1224 1406 1295 ἑκάστῳ
1473 1244 1531 1278 τε
1588 1223 1821 1295 ἐνιαυτῷ
1878 1225 1938 1279 ἐκ

292 1315 406 1366 τῶν
466 1312 779 1385 προσόντων
834 1312 981 1385 παρά
1049 1315 1182 1367 Θεοῦ
1257 1308 1499 1387 δωρεῶν,
1556 1313 1584 1367 ὁ
1636 1314 1817 1375 καθεὶς
1864 1312 1940 1376 ὡς

292 1400 415 1475 ἐχει
448 1398 750 1473 δυνάμεως,
799 1396 1109 1469 καταϐολὴν
1161 1401 1479 1473 ποιούμενοι
1528 1402 1666 1474 πρὸς
1695 1423 1753 1456 τε
1800 1403 1939 1477 ἀγο-

297 1489 489 1564 ρασίαν
544 1488 826 1568 ἐνταφίων,
874 1490 965 1545 καὶ
994 1493 1059 1545 τὰ
1086 1495 1196 1546 τῶν
1228 1490 1303 1552 εἷς
1346 1492 1521 1568 ταφὴν
1573 1489 1757 1547 ἄλλων
1810 1515 1936 1547 συν-

288 1578 577 1646 τελοῦντα,
611 1577 930 1652 διορίζομεν
964 1580 1017 1634 ἐν
1050 1579 1235 1652 Κυρίῳ
1262 1580 1389 1635 τάδε
1414 1623 1427 1637 .
1477 1581 1692 1635 Τούτων
1728 1603 1935 1655 μηνυο-

294 1670 477 1742 μένων
522 1666 559 1737 ἤ
610 1670 996 1743 θεωρουμένων
1042 1675 1177 1724 κατᾶ
1224 1667 1478 1745 περίοδον
1527 1672 1664 1744 πρὸς
1712 1672 1936 1727 ἑκάστου

289 1763 407 1813 τῶν
441 1757 868 1834 συνειλεγμένων
897 1758 948 1814 ἐν
994 1763 1063 1833 τῇ
1114 1757 1445 1838 ἀδελφότητι
1486 1762 1671 1835 νεκρὸν
1727 1761 1939 1835 ἅνθρω-

2046 602 2254 667 gnatos
2285 599 2454 655 nobis
2502 600 2773 657 affectum
2805 602 3222 674 suscipientes,
3259 618 3368 657 nos
3402 602 3565 672 ipsos
3595 599 3692 671 pio

2047 686 2182 742 huic
2212 689 2383 743 coetui
2408 689 2807 761 adjunximue,
2840 695 2904 747 ut
2923 692 3309 748 constitutum
3339 695 3444 751 est.
3470 706 3684 760 procu-

2047 781 2241 833 rantes
2262 778 2527 850 neglecta
2554 780 2930 837 tabernacula
2950 798 3053 837 seu
3086 783 3387 847 cadavera,
3416 796 3541 850 quas
3577 795 3690 850 pra:

2046 865 2243 937 inopia
2270 866 2360 921 vel
2383 868 2790 939 peregrinitate
2811 886 2925 925 non
2949 869 3168 926 habent
3191 870 3338 925 unde
3356 869 3685 936 efferantur,

2048 958 2106 1009 et
2140 954 2455 1011 humentur
2482 956 2542 1011 in
2574 956 2681 1012 hac
2711 959 2871 1030 regia
2898 957 3143 1014 civitate.
3178 957 3321 1013 Huic
3352 958 3531 1029 igitur
3562 972 3697 1013 nor-

2049 1059 2155 1099 mae
2186 1043 2393 1099 divina:
2424 1045 2626 1111 innixi,
2659 1050 2714 1102 et
2742 1048 3057 1118 quotannis
3087 1047 3307 1119 singuli
3340 1062 3408 1102 ex
3437 1046 3693 1117 acceptis

2047 1150 2081 1188 a
2110 1133 2225 1189 Deo
2275 1134 2617 1191 muneribus
2664 1136 2735 1190 ad
2768 1136 3100 1192 funebrium
3148 1136 3531 1208 emptionem,
3559 1151 3689 1206 quae

2047 1224 2120 1279 ad
2153 1222 2397 1278 aliorum
2426 1224 2788 1295 sepulturam
2832 1225 3073 1292 faciunt,
3102 1242 3202 1295 pro
3242 1226 3514 1281 facultate
3545 1241 3689 1282 con—

2048 1311 2388 1382 tribuentes,
2413 1312 2535 1369 haec
2555 1313 2615 1369 in
2637 1314 2883 1370 Domino
2903 1315 3335 1371 constituimus.
3361 1314 3431 1369 Ut
3450 1314 3692 1385 quicun-

2050 1418 2157 1471 que
2189 1403 2495 1471 indicatus,
2520 1404 2607 1459 vel
2640 1410 2984 1476 conspectus
3006 1406 3064 1461 in
3094 1404 3368 1473 transitu,
3390 1404 3460 1460 ab
3493 1405 3690 1477 aliquo

2048 1511 2079 1549 e
2110 1494 2323 1549 fratum
2376 1495 2842 1567 congregatione,
2877 1499 3142 1551 mortuus
3190 1495 3365 1551 homo
3414 1495 3607 1564 fuerit,
3640 1496 3691 1551 is

2049 1582 2500 1656 congruentibus
2522 1586 2812 1655 exsequiis
2841 1586 3134 1655 efferatur,
3157 1585 3599 1655 deponaturque
3628 1585 3686 1639 in

2047 1673 2351 1729 destinatis
2380 1672 2541 1729 vobis
2574 1674 2754 1730 sacris
2786 1674 3147 1730 conditoriis.
3179 1675 3330 1731 Tum
3362 1677 3427 1729 ut
3456 1677 3688 1745 quotan-

2048 1764 2158 1828 nis,
2192 1766 2247 1817 et
2293 1760 2577 1833 principio
2609 1763 2967 1831 indictionis,
3001 1768 3056 1820 et
3102 1779 3204 1833 per
3232 1763 3357 1819 dies
3388 1763 3687 1835 Quinqua-

290 1869 424 1920 πον,
482 1852 674 1903 τοῦτον
728 1854 842 1911 τοῖς
899 1852 1268 1922 προσήκουσιν
1326 1850 1597 1928 ἐνταφίοις
1652 1850 1931 1926 ἐκκομίζε-

2045 1852 2285 1924 genarii,
2319 1852 2660 1909 memoriam
2709 1854 2972 1909 omnium
3002 1854 3404 1909 funeratorum
3438 1853 3498 1907 in
3529 1869 3688 1908 com-

292 1940 440 2008 σθαι,
510 1937 855 1993 ἀποτίθεσθαι
931 1938 983 1993 ἐν
1070 1944 1188 2003 ταῖς
1280 1939 1740 2014 ἀποτεταγμέναις
1810 1942 1935 2014 ὑμῖν

292 2027 473 2091 ὁσίαις
503 2029 738 2098 θήκαις.
789 2028 886 2083 Καὶ
934 2029 1041 2101 μὴν
1092 2026 1181 2082 διά
1225 2033 1321 2083 τοῦ
1370 2027 1636 2091 ἐνιαυτοῦ,
1686 2029 1833 2105 ἀρχῇ
1882 2052 1940 2086 τε

295 2114 565 2183 ἷνδίκτου,
624 2116 712 2171 καὶ
763 2115 851 2171 διὰ
897 2124 998 2186 τῆς
1048 2116 1099 2172 ἐν
1148 2122 1218 2191 τῇ
1278 2123 1627 2192 Πεντηκοστῇ
1687 2119 1938 2192 πολυμε-

294 2206 467 2280 ρείας,
498 2204 766 2261 ἐπιτελεῖν
796 2209 943 2281 ἡμᾶς
993 2205 1190 2268 κοινῶς
1228 2207 1294 2261 τὰ
1347 2208 1668 2280 μνημόσυνα
1716 2210 1935 2263 πάντων

289 2300 402 2351 τῶν
436 2292 801 2366 κηδευθέντων
828 2313 846 2331 ⁶
883 2297 1185 2351 ποιούντων
1233 2299 1393 2370 ἡμῶν
1427 2295 1481 2351 ἐν
1509 2302 1691 2370 ταυτῷ
1734 2297 1794 2352 ἐκ
1837 2304 1938 2367 τῆς

294 2389 653 2464 συνεισφορᾶς
702 2386 791 2439 καὶ
846 2385 1063 2460 ἀγάπην
1114 2385 1511 2462 παρακλήσεως
1576 2393 1932 2460 σωματικῆς·

302 2475 381 2545 μὴ
444 2476 625 2548 μέντοι
682 2468 784 2545 ἕξω
839 2478 947 2530 τῶν
1005 2476 1408 2548 νενομισμένων
1462 2479 1560 2545 τῆς
1617 2475 1934 2550 αὐταρκείας

299 2562 478 2637 ὅρων·
527 2564 601 2624 ὡς
658 2564 693 2634 ἢ
761 2561 1059 2636 πολυοινίᾳ
1123 2565 1157 2634 ἢ
1225 2562 1536 2642 πολυφαγίᾳ
1599 2564 1935 2641 ἐξορχεῖσθαι

299 2655 448 2725 ἡμᾶς
477 2655 541 2707 τὰ
572 2652 962 2727 ἐπιτελούμενα
1016 2654 1335 2727 μνημόσυνα
1360 2676 1371 2688 ⁸
1417 2653 1566 2711 ἀλλά
1614 2658 1732 2728 μετ’
1769 2655 1937 2712 εὐλα-

300 2735 445 2803 ϐείας
501 2741 875 2820 ἀναφερόντων
937 2746 1097 2815 ἡμῶν
1159 2740 1474 2819 δοξολογίαν
1525 2748 1605 2816 τῷ
1668 2745 1933 2815 καταξιώ-

300 2852 444 2887 σαντι
471 2835 617 2905 ἡμᾶς
668 2837 785 2906 Θεῷ
832 2836 931 2904 τήν
981 2836 1131 2891 ὁσίαν
1177 2836 1378 2906 ταύτην
1426 2834 1650 2905 τελετὴν
1700 2840 1935 2908 ποιήσα-

299 2923 442 2993 σθαι,
503 2922 678 2986 οὕτως
736 2922 826 2978 ἐπὶ
881 2925 980 2993 τήν
1039 2931 1138 2994 τῆς
1194 2927 1466 3000 τραπέζης
1529 2926 1663 2981 ἰέναι
1724 2927 1933 3004 χρείαν,

293 3011 948 3089 προσαναγινωσκομένου
976 3011 1088 3085 ἤδη
1120 3018 1217 3069 τοῦ
1252 3013 1449 3088 τόμου,
1482 3016 1556 3078 ὡς
1606 3014 1666 3071 ἂν
1712 3016 1801 3071 καὶ
1851 3016 1936 3072 ἐπ’

291 3100 464 3171 αὐτῆς
496 3109 595 3171 τῆς
629 3110 835 3178 τροφῆς
868 3105 1028 3176 ἡμῶν
1063 3103 1131 3159 τὰ
1176 3104 1374 3179 ἀρεστά
1426 3108 1609 3179 Κυρίῳ
1662 3104 1933 3179 μεταδιώ-

287 3212 403 3247 κειν
432 3211 445 3224 ·
504 3196 602 3247 τοῦ
649 3194 787 3248 κατά
840 3194 1144 3269 περισσείαν
1197 3192 1591 3269 διανεμομένου
1640 3203 1929 3271 πτωχοῖςο

2047 1957 2225 1997 mune
2254 1940 2651 2010 celebremus;
2684 1941 2958 1998 facientes
3007 1941 3223 1997 ibidem
3254 1958 3323 1997 ex
3352 1940 3609 1997 collectis
3634 1947 3689 1996 et

2046 2047 2265 2102 agapen
2296 2047 2581 2103 corporeae
2609 2032 2939 2088 refectionis
2964 2056 2979 2100 ;
3012 2047 3129 2088 non
3152 2047 3291 2087 sane
3321 2035 3484 2086 extra
3503 2029 3688 2101 legiti-

2044 2136 2151 2176 maa
2185 2120 2536 2191 frugalitatis
2578 2121 2893 2189 terminos;
2926 2120 3008 2176 ita
3040 2124 3101 2177 ut
3149 2137 3263 2192 prae
3295 2120 3567 2176 ebrietate
3599 2120 3688 2174 vel

2042 2210 2294 2280 crapula,
2325 2226 2525 2280 sacra,
2566 2225 2740 2281 quam
2789 2209 3171 2278 celebramus,
3206 2210 3498 2265 memorias
3550 2208 3689 2263 illu-

2042 2299 2251 2356 damus
2283 2314 2297 2354 :
2333 2300 2432 2355 sed
2455 2314 2586 2355 cum
2618 2299 2936 2356 reverentia
2964 2299 3195 2355 laudem
3219 2300 3334 2354 Deo
3357 2300 3687 2365 offerentes,

2042 2388 2143 2460 qui
2175 2405 2282 2445 nos
2303 2405 2478 2444 sacrae
2500 2388 2679 2459 hujus
2700 2388 3058 2443 caeremoniae
3079 2387 3463 2444 celebratione
3484 2388 3690 2459 digna-

2042 2486 2140 2535 tus
2163 2482 2270 2534 est.
2296 2479 2388 2535 Sic
2408 2479 2480 2534 ad
2505 2494 2722 2534 mensa:
2745 2495 2893 2550 opus
2914 2479 3245 2547 accedatur,
3269 2478 3685 2548 adjunctajam

2040 2567 2175 2623 libri
2203 2568 2472 2637 lectione,
2503 2572 2569 2623 ut
2612 2568 2670 2623 in
2711 2567 2839 2639 ipso
2869 2568 3050 2622 etiam
3099 2570 3273 2638 pastu
3304 2570 3526 2634 nostro,
3559 2582 3683 2636 quas

2041 2658 2284 2714 Domino
2313 2660 2453 2714 sunt
2494 2660 2659 2727 grata
2708 2664 3149 2714 consectemur:
3196 2673 3325 2728 quae
3374 2660 3687 2726 supersunt

2040 2748 2398 2820 pauperibus
2418 2746 2705 2818 erogando
2729 2762 2743 2814 ;
2776 2763 2892 2803 non
2912 2745 3292 2818 gliscentibus
3308 2744 3460 2801 inter
3480 2744 3685 2816 epulas

2041 2838 2313 2894 inanibus
2344 2836 2554 2905 verbis,
2589 2852 2693 2891 nec
2741 2835 3026 2906 ridiculis,
3058 2851 3129 2891 ne
3160 2835 3350 2891 dicam
3394 2833 3631 2889 ludicris
3664 2851 3677 2889 :

2042 2926 2519 2999 quandoquidem
2538 2925 2723 2981 cuivis
2739 2925 3064 2981 Christiano
3082 2925 3139 2981 id
3160 2924 3307 2983 ratio
3328 2928 3501 2980 vetat.
3523 2923 3683 2986 Quod

2041 3016 2092 3072 si
2121 3016 2283 3088 loqui
2314 3019 2597 3085 oporteat,
2629 3031 2819 3071 sermo
2852 3015 2928 3070 sit
2957 3014 3029 3069 de
3075 3014 3148 3069 iis
3180 3030 3308 3085 quas
3339 3012 3688 3068 Christianis

2041 3106 2395 3163 conveniunt
2428 3123 2442 3160 :
2475 3106 2799 3161 cavendum
2845 3103 3304 3176 jusjurandum;
3355 3103 3688 3160 habendam

2042 3199 2246 3251 mutuo
2268 3194 2608 3250 charitatem
2633 3212 2648 3262 ;
2680 3194 2983 3250 veritatem
3014 3210 3113 3249 ore
3134 3193 3519 3264 promendam
3544 3209 3559 3260 ;
3593 3194 3692 3248 do-

289 3284 373 3354 μὴ
418 3257 936 3355 ἐμπολιτευομένων
984 3284 1167 3360 ἀργῶν
1219 3257 1481 3359 ῥημάτων
1529 3284 1582 3340 ἐν
1631 3290 1701 3359 τῇ
1754 3257 1931 3341 Quat—

2042 3286 2166 3342 lum
2198 3284 2594 3355 invidiamque
2630 3284 3009 3356 fugiendam;
3057 3282 3501 3338 beneficentiam
3531 3284 3690 3338 omni

284 3397 394 3445 σει,
466 3373 606 3449 μηδὲ
672 3374 1112 3453 γελοιασμάτων,
1170 3377 1388 3434 πολλοῦ
1447 3400 1508 3455 γε
1565 3380 1731 3434 εἰπεῖν
1800 3401 1933 3434 παι-

283 3464 457 3541 γνίων
486 3485 500 3498 ’
534 3464 674 3520 ὅποτ
704 3486 767 3540 γε
796 3463 920 3521 οὐδὲ
946 3470 1027 3538 τῷ
1056 3468 1283 3541 τυχόντι
1330 3472 1650 3543 Χριστιανῷ
1698 3468 1931 3547 ἐνεργεῖν

281 3552 506 3629 δέχεται
557 3556 586 3609 ὁ
629 3553 831 3632 λόγος.
888 3555 950 3612 Εἰ
1000 3553 1057 3611 δὶ
1104 3557 1194 3612 καὶ
1244 3557 1431 3614 λαλεῖν
1485 3557 1716 3629 δεήσειε,
1765 3565 1932 3617 ταῦτα

280 3642 390 3700 ὅσα
456 3646 649 3718 πρέπει
727 3651 1118 3719 Χριστιανοῖς·
1185 3648 1271 3719 τὸ,
1338 3647 1699 3724 φυλάττεσθαι
1782 3652 1930 3720 ἡμᾶς

281 3734 451 3808 ὅρκον
497 3754 511 3768 ·
580 3734 664 3805 τὸ,
731 3733 949 3810 ἀγάπην
1043 3733 1191 3809 ἔχειν
1257 3736 1309 3792 ἐν
1394 3736 1718 3809 ἀλλήλοις·
1787 3737 1931 3806 ἀλή-

280 3826 432 3878 θειαν
520 3823 577 3879 ἐκ
657 3828 754 3879 τοῦ
822 3825 1090 3897 στόματος
1174 3825 1459 3905 προφέρειν
1494 3845 1509 3859 ⁸
1580 3826 1747 3882 δόλου
1840 3829 1927 3882 καὶ

280 3914 489 3993 φθόνου
575 3911 991 3988 ἀποδιδράσκειν
1025 3932 1040 3944 ’
1110 3914 1354 3978 εὐποιίας
1434 3917 1496 3971 τὸ
1563 3919 1699 3971 κατὰ
1770 3914 1934 3971 δύνα-

288 4023 387 4075 μιν
419 4001 776 4076 ἀντέχεσθαι*
833 4004 1139 4068 ἐπισκέψεις
1187 4008 1458 4060 ποιεῖσθαι
1496 4009 1604 4060 τῶν
1650 4005 1701 4059 ἐν
1752 4004 1929 4084 φυλα-

280 4098 428 4159 καῖς,
460 4097 566 4149 τῶν
611 4093 660 4147 ἐν
710 4092 1076 4169 ἀρρωστίαιςο
1129 4096 1420 4170 προσέχειν
1471 4102 1587 4158 ταῖς
1620 4098 1924 4172 ἀναγνώσε-

2040 3376 2231 3433 studio
2262 3375 2625 3432 retinendam
2653 3399 2668 3443 ;
2701 3374 2968 3430 infirmos
2998 3380 3052 3429 et
3072 3373 3175 3445 qui
3206 3372 3265 3428 in
3296 3390 3525 3430 carcere
3555 3382 3689 3430 sunt

2039 3464 2397 3532 visitandos;
2421 3462 2768 3520 lectionibus
2791 3461 3235 3518 auscultandum
3256 3465 3313 3517 et
3334 3461 3405 3516 iis
3430 3460 3532 3533 qui
3553 3478 3691 3533 prte-

2042 3557 2181 3610 sunt
2208 3554 2268 3609 in
2319 3552 2632 3610 Ecclesiis:
2664 3553 2886 3609 honore
2933 3551 3178 3608 invicem
3228 3550 3692 3623 prasveniendos,

2042 3644 2143 3703 Dei
2176 3646 2499 3717 presertim
2548 3645 2879 3701 sacerdotes
2909 3648 2967 3699 et
2997 3643 3352 3712 monachos;
3386 3643 3693 3714 hospitali-

2038 3739 2146 3794 tati
2179 3736 2572 3804 studendum;
2604 3753 2638 3791 a
2667 3734 3050 3791 fornicatione
3070 3738 3126 3790 et
3155 3734 3434 3790 ebrietate
3456 3734 3687 3805 penitus

2040 3826 2900 3895 abstinendum;orthodoxam
2952 3824 3129 3879 fidem
3182 3823 3690 3879 conservandam:

2038 3919 2111 3975 ab
2143 3916 2550 3973 haereticorum
2581 3914 2990 3971 communione
3022 3911 3223 3983 procul
3255 3911 3686 3983 refugiendum.

2040 4010 2258 4063 Horum
2280 4004 2571 4076 siquidem
2595 4004 2813 4059 mentio
2835 4007 2893 4059 et
2924 4002 3229 4058 meditatio
3254 4001 3571 4058 multorum
3592 4016 3687 4057 no-

2037 4096 2129 4152 bis
2161 4096 2444 4151 bonorum
2471 4094 2621 4149 viam
2656 4093 2906 4149 muniet.

282 4203 362 4252 σι,
394 4183 481 4236 καὶ
511 4188 627 4244 ταῖς
658 4183 709 4237 ἐν
742 4180 1061 4253 ἐκκλησίαις
1092 4182 1405 4259 προεδρίαις
1434 4208 1445 4219 ·
1480 4185 1765 4256 ἀλλήλους
1794 4190 1862 4258 τῇ
1894 4186 2031 4257 τιμῇ
2072 4184 2455 4257 προηγεῖσθαι,
2486 4182 2574 4235 καὶ
2633 4180 2874 4253 μάλιστα
2904 4180 3065 4251 ἱερεῖς
3112 4200 3170 4232 τε
3217 4183 3352 4232 Θεοῦ
3382 4179 3471 4232 καὶ
3527 4198 3689 4250 μονα-
3766 4224 3775 4231 .

280 4272 411 4335 στάς
436 4290 450 4303 ’
483 4271 781 4350 φιλοξενίαν
818 4272 1170 4347 μεταδιώκειν
1200 4296 1213 4309 ’
1247 4276 1497 4349 πορνείας
1517 4278 1606 4331 καὶ
1639 4275 1809 4348 μέθης
1836 4277 1899 4329 τὸ
1929 4272 2165 4330 καθόλου
2191 4272 2483 4347 ἀπέχεσθαι
2502 4288 2515 4301 ·
2538 4272 2636 4339 τὴν
2658 4269 2946 4345 ὀρθόδοξον
2970 4268 3147 4322 πίστιν
3172 4271 3420 4343 κατέχειν
3443 4288 3455 4300 ·
3494 4270 3689 4341 αἱρετι-

282 4368 399 4417 κῶν
431 4364 719 4425 κοινωνίας
740 4365 1067 4442 ἀποφεύγειν
1092 4409 1105 4421 .
1142 4366 1238 4421 Καὶ
1272 4368 1375 4442 γὰρ
1403 4371 1511 4422 τῶν
1541 4366 1808 4421 τοιούτων
1845 4363 2014 4421 λαλιᾶ
2041 4364 2131 4419 καὶ
2162 4361 2388 4435 μελέτη,
2420 4360 2647 4415 πολλῶν
2682 4361 2891 4434 ἀγαθῶν
2923 4358 3178 4434 πρόξενος
3202 4358 3401 4433 γένοιτ’
3434 4357 3490 4411 ἂν
3526 4361 3688 4431 ἡμῖν.

355 4452 583 4516 Ταύταις
643 4461 764 4517 ταῖς
821 4456 989 4518 θείαις
1046 4458 1331 4527 συνθήκαις
1410 4459 1925 4531 συγκατατιθέμενοι

2106 4454 2205 4510 His
2234 4453 2449 4510 divinis
2488 4452 2776 4509 institutis
2823 4455 3151 4507 annuentes
3200 4454 3258 4505 et
3296 4451 3686 4516 adhaerentes,

281 4542 375 4598 καὶ
409 4544 788 4616 συνεπόμενοι,
839 4542 1184 4617 ἐπεδώκαμεν
1234 4544 1456 4610 ἑαυτοὺς
1498 4547 1572 4607 ὡς
1618 4551 1696 4616 τῷ
1746 4545 1929 4621 Κυρίῳ

282 4629 425 4703 τῷδε
480 4638 559 4705 τῷ
617 4636 969 4706 συστήματι.
1034 4635 1179 4705 Φησὶ
1237 4636 1387 4712 γάρ·
1447 4637 1503 4689 Ὀ
1559 4637 1792 4706 ποιήσας
1851 4636 1926 4690 ἐνὶ

281 4721 493 4776 τούτων
550 4725 659 4777 τῶν
731 4720 978 4801 ἀδελφῶν
1045 4744 1150 4796 μου
1224 4728 1330 4779 τῶν
1405 4722 1734 4798 ἐλαχίστως,
1802 4724 1926 4797 ἐμοὶ

283 4810 593 4881 πεποίηκε·
660 4809 831 4883 μηδὲν
890 4815 997 4867 τῶν
1073 4811 1337 4885 κειμένων
1392 4814 1722 4883 ἀθετοῦντες,
1788 4811 1927 4886 μηδὲ

282 4898 732 4973 παραμελοῦνιες
756 4944 769 4957 .
803 4904 894 4963 Ὠς
947 4901 1036 4957 ἐάν
1076 4923 1209 4957 ποτε
1247 4903 1437 4978 ὀφθείη
1476 4924 1558 4965 τις
1606 4908 1713 4959 τῶν
1764 4901 1924 4959 ἀδελ-

284 4994 397 5068 φῶν
467 4986 503 5057 ἤ
572 4996 827 5066 παρορῶν
906 4992 996 5046 τὸν
1083 4991 1329 5064 κείμενον
1412 4994 1620 5067 νεκρὸν,
1686 4993 1775 5047 καὶ
1847 4995 1921 5066 μὴ

284 5079 540 5153 ἀναφέροι
597 5078 675 5151 τῷ
723 5082 789 5135 τὰ
837 5088 1030 5156 πρῶτα
1082 5081 1296 5159 φέροντι
1355 5091 1453 5153 τῆς
1510 5080 1921 5162 ἀδελφότητος·

284 5169 319 5236 ἢ
370 5168 423 5223 ἐν
472 5174 592 5231 τοῖς
649 5170 891 5241 ἀρίστοις
948 5172 1311 5250 φθεγγόμενος
1370 5174 1403 5227 ἃ
1462 5174 1537 5243 μὴ
1598 5174 1775 5245 θέμις,
1834 5180 1923 5228 καί

282 5260 535 5332 πράττων
562 5262 627 5314 τὰ
659 5262 762 5334 οὐχ
796 5261 939 5332 ὅσια,
990 5264 1064 5324 ὡς
1104 5265 1345 5318 ἐντεῦθεν
1392 5266 1485 5319 τὸν
1536 5267 1664 5320 Θεὸν
1717 5285 1921 5339 παρορ-

284 5348 548 5422 γίζεσθαι,
597 5348 858 5423 ἐπιτιμίῳ
910 5347 1317 5407 ὑποϐάλλεσθαι
1367 5353 1511 5425 παρὰ
1554 5359 1651 5409 τοῦ
1681 5356 1923 5428 προκαθ-

285 5437 613 5508 ηγουμένου,
668 5444 832 5510 τριῶν
884 5443 1105 5513 ἡμερῶν
1158 5442 1345 5514 ἀποχῇ
1397 5440 1568 5503 οἷ’νου,
1618 5443 1704 5497 καὶ
1756 5445 1920 5517 ἀργυ-

286 5526 401 5598 ρίου
432 5528 549 5589 eve:
589 5524 892 5603 καταϐολῇ,
935 5532 1032 5585 εἷθ’
1084 5530 1258 5593 οὕτως
1308 5529 1473 5585 αἰτεῖν
1523 5533 1659 5606 πρὸς
1705 5534 1766 5586 τὸ
1799 5534 1919 5605 ἑξῆς

352 5713 401 5751 ⁴³
426 5712 634 5772 Matth.
664 5727 826 5786 nm,
854 5713 946 5770 4ο.

2039 4545 2180 4600 huic
2224 4559 2331 4598 nos
2363 4542 2536 4599 σαιιυὶ
2584 4545 2861 4611 tanquam
2908 4539 3151 4595 Domino
3182 4539 3558 4606 addiximus;
3611 4539 3691 4594 ait

2038 4634 2193 4690 enim
2221 4649 2233 4687 :
2265 4632 2377 4702 Qui
2402 4633 2592 4701 fecerit
2616 4632 2715 4685 uni
2744 4630 2808 4686 de
2839 4630 2921 4685 his
2945 4629 3219 4698 fratribus
3246 4628 3383 4685 meis
3414 4629 3687 4697 minimis,

2038 4726 2190 4783 mihi
2208 4726 2340 4795 fecit
2368 4723 2414 4759 ⁴⁸
2445 4741 2459 4779 :
2493 4723 2637 4780 nihil
2662 4739 2865 4779 eorum
2896 4739 3024 4794 qum
3055 4721 3279 4779 sancita
3308 4727 3446 4778 sunt
3472 4723 3687 4794 impro-

2038 4819 2262 4885 bantes,
2286 4831 2476 4887 neque
2504 4816 2907 4886 aspernantes,
2932 4817 2997 4869 ut
3028 4813 3078 4867 si
3101 4813 3333 4883 quando
3365 4812 3688 4883 deprehen-

2037 4925 2137 4967 sus
2169 4908 2343 4964 fuerit
2389 4906 2693 4978 quisquam
2724 4920 2793 4959 ex
2820 4903 3121 4971 fratribus,
3154 4903 3254 4974 qui
3285 4902 3372 4959 vel
3393 4903 3685 4973 jacentem

2037 5001 2328 5055 mortuum
2372 4994 2673 5065 despiciat,
2705 4998 2763 5050 et
2813 4994 2883 5049 ad
2912 4992 3257 5063 primarium
3305 4991 3686 5048 fraternitatis

2036 5104 2150 5143 non
2180 5087 2408 5152 referat,
2441 5085 2528 5140 vel
2560 5085 2618 5139 in
2650 5083 2722 5139 iis
2771 5082 3031 5154 prandiis
3076 5081 3346 5153 loquatur
3395 5097 3518 5151 quae
3568 5098 3684 5137 non

2033 5177 2186 5246 licet,
2211 5180 2414 5249 agatve
2445 5192 2558 5231 non
2582 5178 2759 5243 recta,
2783 5174 2863 5228 ita
2895 5177 2958 5227 ut
2978 5172 3132 5227 Deus
3154 5171 3291 5226 inde
3313 5170 3640 5227 offendatur
3664 5187 3677 5239 ;

2034 5265 2190 5322 hunc
2240 5263 2581 5336 prmpositus
2620 5278 2800 5334 poena:
2840 5259 3131 5331 subjiciat,
3184 5258 3271 5315 vel
3322 5259 3603 5315 triduanaa
3651 5276 3685 5314 a

2032 5357 2163 5413 vino
2222 5355 2612 5423 abstinentiae,
2670 5352 2867 5409 multae
2926 5351 3102 5408 unius
3160 5350 3415 5420 argentei
3472 5366 3488 5407 :
3550 5354 3678 5406 tum

2033 5446 2105 5501 ab
2137 5446 2235 5502 illo
2266 5445 2731 5502 emendationem
2761 5444 2821 5498 in
2849 5450 3146 5515 posterum
3176 5442 3391 5512 exigat.
3416 5441 3502 5497 Ad
3535 5440 3679 5508 hac,

2031 5535 2459 5593 observandum
2488 5534 2650 5591 vobis
2684 5540 2746 5589 ut
2793 5548 2925 5589 cum
2955 5531 3126 5590 alicui
3174 5531 3424 5588 fratrum
3455 5532 3679 5587 vestro-
