4090 6288
389 345 504 402 955

1636 354 1702 412 S.
1748 352 2145 412 'I‘HEODORI
2190 352 2554 413 STUDl'l‘IE

3673 357 3792 416 956

390 493 521 532 rum
544 477 873 534 communis
897 495 1055 536 mors
1084 482 1376 555 obtigerit,
1401 487 1750 544 conveniant
1771 506 1889 544 una
1913 504 2024 544 om-

2153 486 2440 559 βελτίωσιν
2471 531 2484 542 .
2539 487 2683 561 Πρὸς
2729 485 2946 548 τούτοις
2995 485 3353 564 φυλάττεσθαι
3403 489 3540 562 ὑμᾶς
3572 492 3663 545 καὶ
3704 493 3794 562 τὸ,

389 581 514 634 nes,
547 571 603 622 et
626 569 785 639 justa
815 568 896 623 illi
929 571 1262 641 persolvant
1296 591 1309 629 :
1347 579 1410 631 ut
1460 593 1528 632 ex
1559 577 1666 634 hoc
1697 579 1875 635 etiam
1907 579 2042 635 lau-

393 659 562 713 detur
590 659 859 729 egregius
893 664 1072 715 castus
1102 667 1310 734 vester,
1346 665 1417 720 ad
1449 666 1694 738 gloriam
1725 673 1780 723 et
1809 668 2040 724 laudem

393 746 690 818 magniﬁci
713 748 822 804 Dei
845 749 1047 804 nostri.
1064 751 1200 807 Fide
1223 753 1398 825 igitur
1419 773 1483 811 ac
1501 762 1660 813 metu
1683 757 1817 814 huic
1840 759 2034 814 libello

391 853 499 892 nos
523 843 925 908 aggregantes,
941 840 1114 895 etiam
1131 844 1370 898 nomina
1385 850 1582 902 nostra
1594 847 2036 903 subnotavimus

389 942 521 981 cum
568 927 896 998 quantitate
944 930 1255 988 oblationis
1303 941 1508 990 nostras
1564 937 1842 1006 minimae,
1873 937 2033 994 illius

391 1017 718 1071 mercedem
775 1017 831 1071 in
876 1018 1069 1074 futuro
1119 1022 1328 1078 sacculo
1363 1029 1730 1094 expectantes
1778 1044 1810 1080 a
1848 1019 2058 1081 remu-'

384 1107 848 1175 neratore,justo
865 1108 1062 1177 judice
1085 1111 1515 1180 omnium,Jesu
1542 1114 1768 1172 Christo
1790 1116 2030 1171 Domino

388 1211 452 1247 ac
481 1200 598 1248 Deo
630 1199 847 1250 nostro.

2153 573 2276 630 ὅταν
2304 579 2447 650 τῦχῃ
2496 577 2572 630 ἐνὶ
2619 579 2725 630 τῶν
2773 574 3022 649 ἀδελφῶν
3075 577 3225 649 ὑμῶν
3258 578 3284 630 6
3315 579 3494 640 κοινὸς
3541 581 3794 649 θάνατος,

2151 669 2352 726 πάντας
2413 667 2852 739 συναθροίζεσθαι
2903 665 2989 720 ἐπὶ
3038 667 3099 720 τὸ
3147 663 3298 734 αὐτὸ,
3347 667 3434 721 καὶ
3482 669 3581 737 τήν
3628 669 3796 725 ἐκκο-

2151 753 2319 828 μιδὴν
2361 756 2448 808 καὶ
2498 753 2804 828 ἐνταφίοισιν
2853 754 3017 809 αὐτοῦ
3066 757 3373 810 ποιεῖσθαι·
3426 757 3566 813 ὥστε
3611 759 3700 813 καὶ
3731 759 3794 813 ἐκ

2143 845 2343 899 τούτου
2388 845 2459 899 τὸ
2506 842 2674 898 καλὸν
2729 844 2878 916 ὑμῶν
2941 844 3220 918 σύνταγμα
3277 845 3600 902 ἐπαινεῖσθαι
3653 851 3795 924 πρὸς

2146 933 2299 1007 δόξαν
2333 935 2422 988 καὶ
2472 936 2623 987 αἶνον
2662 939 2759 988 τοῦ
2815 933 3214 1008 μεγαλοδώρου
3263 941 3397 989 Θεοῦ
3445 939 3644 1010 ἡμῶν.
3699 939 3793 994 Πί-

2144 1043 2256 1076 στει
2289 1018 2377 1075 οῦν
2441 1021 2530 1074 καὶ
2581 1016 2738 1094 φόϐῳ
2785 1018 2926 1092 τῷδε
2969 1028 3049 1093 τῷ
3096 1025 3456 1096 γραμματείῳ
3507 1024 3794 1095 συντάξαν-

2142 1133 2227 1173 τες
2263 1110 2508 1178 ἑαυτοὺς,
2551 1111 2737 1164 καὶτὰ
2780 1112 2980 1164 ἑαυτῶν
3033 1111 3274 1184 ὀνόματα
3325 1113 3794 1188 ὑπεσημηνάμεθα

2146 1201 2238 1254 σὺν
2269 1205 2347 1271 τῷ
2393 1205 2568 1271 ποσῷ,
2619 1200 2718 1268 τὴν
2753 1197 3183 1271 μισθαποδοσίαν
3231 1202 3432 1271 ταύτης
3481 1205 3641 1274 ἡμῶν
3687 1207 3789 1272 τῆς

382 1282 686 1359 ἐλαχίστης
746 1288 1052 1359 προθέσεως
1097 1289 1527 1366 ἀπεκδεχόμενοι
1579 1295 1632 1349 ἐν
1689 1299 1766 1366 τῷ
1817 1293 2073 1367 μέλλοντι
2123 1293 2276 1346 αἰῶνι
2328 1293 2474 1366 παρά
2531 1297 2628 1346 τοῦ
2711 1288 3117 1363 μισθαποδότου
3177 1288 3389 1347 δικαίου
3444 1299 3630 1366 κριτοῦ
3676 1300 3787 1348 τῶν

393 1372 540 1428 ὅλων
577 1379 758 1444 Ἰησοῦ
788 1380 1032 1448 Χριστοῦ
1069 1384 1164 1434 τοῦ
1198 1383 1394 1456 Κυρίου
1421 1384 1508 1436 καὶ
1541 1389 1674 1438 Θεοῦ
1705 1385 1865 1456 ἡμῶν
1887 1429 1900 1441 .

785 1479 938 1532 XIV.
972 1511 1040 1521 —-
1075 1483 1292 1552 lgnatio
1319 1487 1635 1555 praeposito.

2473 1482 2566 1536 IA'.
2601 1513 2668 1523 —-
2701 1478 2946 1556 Ἰγνατίῳ
2974 1481 3270 1553 ἡγουμένῳ
3295 1524 3308 1538 .

1643 1575 1963 1624 Monachum
1993 1572 2272 1636 fugitivum
2304 1573 2512 1635 repetit.

451 1649 596 1703 Ante
616 1649 817 1704 omnia
845 1649 1215 1708 salutationis
1238 1654 1497 1710 debitum
1532 1662 1783 1728 paternas
1806 1656 2020 1712 sancti-

2205 1654 2316 1726 Πρὸ
2346 1653 2547 1714 παντὸς
2579 1651 2749 1707 ἄλλον
2778 1653 2839 1706 τὸ
2869 1658 2968 1720 τῆς
3013 1652 3388 1726 προσηγορίας
3429 1653 3593 1728 χρέος
3645 1656 3792 1708 ἀπο-

389 1738 493 1792 tati
544 1741 658 1792 tua;
702 1737 1014 1809 persolvo:
1055 1741 1139 1796 sic
1187 1743 1342 1798 enim
1393 1744 1610 1800 debui:
1647 1749 1776 1800 tum
1822 1745 2031 1800 deinde

378 1842 612 1881 causam
664 1843 949 1898 exponam
1005 1828 1328 1887 litterarum
1389 1850 1667 1890 mearum.
1717 1833 2032 1890 Rationalis

381 1915 503 1970 ovis
525 1919 930 1984 nostra,frater
950 1917 1066 1987 ille,
1086 1919 1394 1992 multiplici
1416 1923 1739 1979 animarum
1759 1925 2030 1980 interem-

376 2006 567 2075 ptoris
606 2006 726 2079 lupi
759 2009 958 2064 fraude
1005 2009 1252 2078 illectus,
1285 2013 1356 2067 ab
1405 2013 1615 2068 humili
1647 2015 1780 2070 ovili
1831 2019 2028 2070 nostro

381 2094 599 2164 ejectus
623 2101 729 2163 est,
753 2102 1192 2170 susceptusque,
1219 2104 1281 2155 ut
1312 2102 1710 2172 cognovimus,
1736 2104 1796 2158 in
1829 2120 2032 2159 mona—

381 2184 556 2239 sterio
581 2186 909 2241 sanctitatis
937 2193 1064 2242 tuas.
1093 2191 1253 2254 Quod
1287 2192 1334 2244 si
1367 2193 1556 2246 statim
1581 2210 1647 2247 ac
1678 2193 1842 2249 illum
1874 2211 2030 2249 exce-

378 2273 485 2343 pit,
511 2274 760 2329 reditum
795 2275 878 2329 illi
911 2278 1208 2348 suasisset,
1233 2281 1430 2336 dolum
1462 2283 1796 2352 ostendens,
1819 2289 1877 2339 et
1907 2286 2026 2339 exi-

379 2363 530 2416 tium
564 2380 678 2434 quo
709 2365 954 2420 affectus
985 2374 1092 2435 est,
1128 2385 1195 2422 ac
1243 2369 1453 2425 deinde
1485 2372 1777 2427 meliorem
1812 2376 2027 2428 factum

381 2451 454 2506 ad
488 2452 954 2508 mediocritatem
1004 2461 1262 2511 nostram
1314 2459 1658 2529 reduxisset,
1693 2463 1837 2516 nihil
1869 2465 1941 2516 ab
1972 2479 2030 2518 re

387 2541 607 2595 factum
630 2550 802 2609 esset,
822 2545 921 2598 sed
947 2546 1100 2615 quod
1123 2545 1307 2616 ipsam
1329 2548 1572 2615 deceret,
1593 2553 1742 2605 sicut
1764 2569 1796 2606 a
1814 2553 2032 2607 sanctis

377 2629 532 2698 jussi
557 2646 786 2685 sumus.
812 2631 977 2686 Nunc
998 2650 1151 2699 vero,
1175 2642 1480 2706 postquam
1508 2643 1730 2692 tantum
1756 2641 2032 2710 temporis

376 2718 628 2785 efﬂuxit,
663 2723 717 2774 et
750 2721 910 2775 nulla
941 2722 1162 2777 reditus
1214 2727 1452 2795 mentio,
1483 2729 1837 2800 interrogare
1867 2729 2028 2797 libet,

392 2824 503 2878 quo
529 2814 698 2879 pacto
723 2811 1075 2882 discipulum
1101 2831 1294 2870 meum
1319 2816 1501 2886 pietas
1523 2823 1620 2872 tua
1650 2819 1808 2875 velut
1828 2821 2031 2892 ignara

391 2897 651 2953 retineat.
697 2901 869 2968 Atqui
917 2904 1236 2971 oportebat,
1286 2921 1418 2960 cum
1469 2908 1726 2978 primum
1777 2910 2028 2981 agnovit,

2138 1741 2333 1796 τιννύω
2397 1747 2466 1816 τῇ
2526 1745 2762 1815 πατρικῇ
2819 1763 2912 1794 σου
2973 1742 3249 1815 ἁγιωσύνῃ
3283 1761 3296 1774 ·
3361 1740 3575 1818 ὤφελον
3631 1745 3736 1817 γάρ
3773 1764 3788 1776 ·

2141 1831 2255 1885 εἶθ’
2304 1831 2478 1892 οὕτως
2525 1832 2624 1900 τήν
2677 1829 2856 1886 αἶ’τίαν
2903 1836 3010 1884 τῶν
3063 1830 3404 1906 γραμμάτων
3445 1832 3744 1907 ἀπαγγελῶ
3771 1877 3787 1889 .

2141 1916 2421 1993 Πρόϐατον
2475 1924 2635 1992 ἡμῶν
2691 1919 2910 1995 λογικὸν
2947 1921 2975 1974 6
3027 1917 3175 1976 δεῖνα
3227 1921 3256 1974 6
3306 1917 3556 1998 ἀδελφὸς,
3607 1919 3787 1976 δελεα-

2141 2010 2284 2071 σθεὶς
2338 2009 2438 2063 ὑπὸ
2489 2013 2588 2074 τῆς
2645 2007 3031 2082 πολυμεθόδου
3085 2011 3419 2084 πανουργίας
3465 2015 3562 2064 τοῦ
3608 2015 3786 2089 ψυχο-

2141 2100 2344 2176 φθόρου
2404 2098 2596 2167 λύκου,
2657 2099 2929 2170 ἀπεξεώθη
2984 2105 3083 2168 τῆς
3140 2106 3398 2168 ταπεινῆς
3455 2102 3614 2172 ἡμῶν
3665 2101 3786 2155 ποί-

2144 2210 2306 2261 μνης,
2338 2189 2448 2260 καὶ,
2483 2190 2555 2250 ὡς
2586 2188 2854 2264 ἔγνωσται
2883 2191 3042 2262 ἡμῖν,
3073 2186 3419 2266 προσεδέχθη
3453 2189 3504 2244 ἐν
3533 2194 3601 2263 τῇ
3638 2195 3781 2263 μονῇ

2138 2284 2237 2345 τῆς
2297 2277 2583 2347 ὁσιότητός
2625 2299 2758 2334 σου.
2813 2277 2910 2332 Καὶ
2960 2279 3005 2332 εἰ
3060 2279 3153 2351 μὶν
3215 2278 3457 2351 παρευθυ
3516 2278 3780 2352 δεξαμένη

2139 2368 2486 2437 νενουθέτηκε
2549 2371 2615 2422 τὰ
2682 2371 2816 2440 πρὸς
2889 2370 3260 2443 ὑποστροφὴν,
3348 2367 3782 2425 ὕποδεικνύουσα

2139 2460 2236 2526 τὴν
2270 2459 2480 2526 ἀπάτην
2509 2458 2599 2512 καὶ
2646 2460 2735 2512 τὸν
2789 2457 3012 2532 ὅλεθρον
3043 2460 3100 2512 ὃν
3131 2456 3392 2513 πέπονθεν
3421 2479 3432 2490 ⁸
3487 2461 3597 2513 εἶτα
3651 2461 3780 2534 βελ-

2137 2548 2378 2600 τιώσασα
2409 2547 2759 2623 ἀνθυπηγαγε
2791 2549 2924 2620 πρὸς
2955 2550 3055 2617 τὴν
3089 2547 3361 2602 εὐτέλειαν
3399 2551 3560 2619 ἡμῶν
3587 2568 3598 2580 ο
3652 2547 3784 2604 οὐδὲ

2138 2635 2200 2688 τὸ
2230 2633 2473 2705 ἀπεικὸς,
2505 2635 2650 2689 ἀλλά
2674 2636 2735 2690 τὸ
2768 2632 3074 2712 ἕφαρμόζον
3108 2635 3268 2710 αὐτῇ,
3300 2636 3374 2699 ὡς
3427 2635 3784 2708 ἐντετάλμεθα

2144 2723 2245 2777 ὑπὸ
2291 2727 2398 2777 τῶν
2450 2723 2614 2798 ἀγίων
2644 2768 2655 2780 .
2716 2725 2866 2780 Ἐπεὶ
2917 2723 2974 2779 δὲ
3020 2729 3276 2786 τοσοῦνος
3331 2727 3532 2799 χρόνος
3576 2726 3783 2799 παρίπ-

2139 2835 2321 2882 πευσε,
2362 2814 2451 2867 καὶ
2503 2811 2749 2886 οὐδαμοῦ
2780 2817 2814 2883 ἡ
2849 2813 3130 2884 ἀνάλυσις,
3179 2815 3521 2889 ἐρωτηθῆναι
3575 2816 3779 2890 βούλο-

2144 2923 2263 2975 μαι,
2295 2901 2438 2974 ποίῳ
2464 2905 2651 2977 τρόπῳ
2679 2905 2769 2958 τὸν
2804 2906 3052 2976 μαθητήν
3085 2925 3188 2975 μου
3219 2903 3497 2976 ἐπικρατεῖ
3525 2906 3560 2973 ἡ
3593 2906 3779 2979 θεοφί-

390 3003 561 3055 quem
589 3005 704 3043 non
749 2991 1097 3058 totonderat,
1131 2993 1410 3050 dimittere
1445 3013 1457 3050 :
1493 3001 1554 3050 ut
1585 3014 1714 3068 qua
1761 3000 1904 3054 satis
1935 3000 2024 3055 in-

2141 2990 2261 3045 λειά
2291 3011 2405 3060 σου,
2440 2992 2514 3055 ὡς
2545 2993 2811 3068 ἀγνοοῦσα
2837 3037 2850 3051 ,
2891 2991 3047 3049 Ἀλλ’
3080 2986 3185 3047 ἔδει
3239 2995 3352 3066 μετ’
3406 2991 3775 3067 ἐπιγνώσεως,

2139 3081 2160 3096 η
2300 3079 2313 3090 ς
2424 3080 2437 3096 ς
2498 3081 2508 3096 .
2780 3083 2794 3096 .
2927 3084 2936 3096 .
3007 3085 3017 3096 .
3106 3085 3129 3096 η
3328 3081 3341 3096 .
3548 3083 3561 3096 ,

385 3075 621 3148 telligit,
653 3085 938 3149 quantum
971 3081 1027 3136 id
1068 3082 1282 3140 habeat
1325 3086 1678 3143 detrimenti.
1711 3089 1830 3144 Scit
1875 3091 2028 3146 enim

387 3167 523 3236 quid
551 3169 774 3224 sanciat
791 3169 1025 3227 divinus
1048 3189 1416 3246 magnusque
1437 3176 1705 3248 Basilius,
1730 3185 1846 3234 uta
1869 3180 2028 3236 nulla

386 3256 749 3314 fraternitate
771 3260 1098 3331 recipiatur,
1124 3263 1218 3334 qui
1243 3281 1276 3319 a
1303 3267 1546 3322 fratrum
1571 3284 1808 3323 suorum
1832 3278 2024 3324 contus

389 3345 588 3400 bernio
619 3347 878 3416 resilivit,
912 3353 1206 3414 Quomodo
1254 3355 1406 3409 enim
1447 3357 1763 3413 consistere
1805 3360 2028 3430 possint

395 3435 682 3502 ccenobia,
719 3438 830 3492 nisi
861 3439 968 3495 hoc
999 3449 1174 3512 caput
1205 3461 1319 3514 prae
1345 3447 1620 3502 omnibus
1651 3447 2030 3504 observetur?

391 3525 550 3587 Quod
578 3525 622 3578 si
648 3525 800 3582 inter
819 3529 1017 3585 saeculi
1039 3531 1214 3602 hujus
1247 3532 1677 3606 ludimagistros
1698 3537 1754 3590 in
1779 3538 2029 3608 discipli-

392 3628 524 3667 nam
553 3615 806 3685 recipere
850 3634 1093 3688 puerum
1129 3639 1242 3676 non
1287 3623 1438 3692 licet,
1473 3625 1571 3695 qui
1623 3625 1785 3682 alteri
1816 3628 2026 3682 scholis

391 3702 640 3758 traditus
672 3707 768 3773 sit,
791 3711 892 3761 aut
921 3708 969 3762 si
1003 3711 1134 3780 quis
1166 3712 1218 3766 id
1249 3713 1442 3778 faciat,
1465 3729 1598 3768 eum
1631 3732 1832 3771 omnes
1862 3716 2030 3771 colle-

385 3791 462 3847 cti
495 3793 686 3849 multae
717 3814 1014 3870 pomisque
1043 3803 1384 3872 subjiciunt,
1417 3810 1632 3875 quanto
1659 3807 1848 3878 magis
1878 3809 2029 3863 inter

388 3897 494 3937 nos
527 3885 894 3944 sanctissime
926 3892 1110 3953 Pater,
1146 3894 1245 3964 qui
1279 3894 1336 3947 in
1370 3896 1467 3951 Dei
1516 3896 1772 3952 Ecclesia
1801 3913 2023 3966 sumus,

390 3976 446 4026 et
478 3976 702 4030 animas
726 3979 1087 4036 instituimus
1118 3985 1186 4037 ad
1213 3985 1540 4055 exemplum
1573 3987 1743 4058 primi
1767 3989 2023 4059 magistri

388 4067 445 4116 et
476 4067 726 4134 pastoris
777 4073 957 4124 nostri
1000 4071 1136 4126 Jesu
1188 4073 1446 4128 Christi?
1478 4075 1682 4146 Utique
1729 4093 1842 4132 non
1894 4094 2023 4132 sum

387 4153 617 4208 nescius
669 4164 719 4210 te
785 4159 1075 4230 sapientia
1125 4163 1479 4235 scientiaque
1527 4165 1839 4221 abundare.
1891 4167 2023 4232 Sed,

394 4257 586 4310 quaeso
637 4249 710 4310 te,
743 4248 875 4303 facti
913 4250 1085 4320 hujus
1135 4253 1558 4309 absurditatem
1609 4256 1930 4323 considera,
1959 4261 2021 4310 tu

389 4332 660 4399 maxime,
695 4336 794 4405 qui
824 4337 976 4392 inter
1023 4357 1218 4396 sacros
1251 4343 1455 4398 fratres
1504 4345 1684 4414 gradu
1718 4349 1774 4400 et
1804 4344 2021 4401 honore

387 4422 746 4490 prasemines.
771 4426 853 4480 An
889 4430 1100 4496 nescis,
1125 4433 1512 4502 sanctissime,
1537 4435 1689 4504 quod
1721 4439 1820 4488 tuo
1845 4434 2017 4489 etiam

382 4509 538 4578 gregi
564 4512 800 4568 noxium
824 4517 900 4570 sit
921 4519 1169 4574 alienam
1190 4538 1354 4576 ovem
1377 4523 1649 4594 copulare
1668 4523 1695 4577 ‘I
1717 4521 1859 4577 Cum
1881 4538 2016 4593 ergo

379 4598 438 4652 in
489 4602 754 4657 confesso
803 4606 877 4660 sit
924 4611 1151 4664 tantum
1203 4613 1444 4677 malum,
1477 4628 1736 4680 oramus,
1769 4616 1834 4666 ut
1881 4627 2013 4666 cum

377 4684 600 4744 litteras
619 4692 914 4762 simplices
933 4701 1158 4754 nostras
1176 4701 1487 4771 acceperis,
1504 4701 1781 4756 fratribus
1803 4699 2013 4756 nostris

377 4774 437 4828 in
469 4793 592 4833 eam
644 4795 762 4837 rem
794 4784 990 4840 missis
1038 4787 1204 4842 illum
1255 4790 1467 4856 tradas,
1499 4796 1558 4844 ut
1607 4790 1677 4844 ad
1713 4788 2012 4860 proprium

379 4865 525 4920 ovile
556 4871 858 4937 reducant,
890 4891 1023 4930 cum
1056 4877 1228 4932 rebus
1274 4877 1540 4933 Ecclesiae
1571 4895 1718 4950 quas
1750 4877 2011 4932 abstulit.

377 4955 537 5018 Quod
565 4959 612 5012 si
657 4961 898 5034 obsequi
949 4966 1121 5021 frater
1168 4968 1403 5035 abnuat,
1437 4969 1738 5024 confestim
1788 4986 1820 5021 a
1850 4983 2013 5022 sacro

372 5039 534 5098 illum
570 5048 704 5102 ovili
728 5055 826 5108 tuo
858 5052 915 5106 in
943 5053 1153 5109 malam
1186 5072 1305 5110 rem
1328 5057 1573 5124 ejectum
1605 5055 1766 5110 velis.
1792 5055 1894 5109 Sin
1915 5070 2014 5108 au-

371 5133 507 5200 tem,
543 5139 693 5202 quod
729 5141 967 5196 minime
999 5159 1215 5209 remur,
1248 5150 1375 5214 post
1405 5144 1670 5198 notitiam
1702 5143 1851 5200 hanc
1883 5143 2014 5198 reti-

371 5237 506 5278 nere
536 5224 703 5280 illum
736 5231 951 5300 pergis,
984 5233 1128 5286 scito
1161 5233 1400 5303 ligatum
1435 5250 1468 5288 a
1495 5233 1662 5288 nobis
1716 5247 1862 5302 esse,
1895 5247 2009 5287 non

371 5314 606 5384 temere,
658 5317 760 5371 sed
805 5335 1016 5388 magno
1063 5337 1298 5390 prorsus
1338 5322 1584 5391 judicio,
1618 5321 1702 5376 vel
1749 5321 1934 5392 potius
1978 5338 2011 5376 a

371 5407 573 5456 sancta
603 5406 881 5462 'l‘rinitatc
904 5413 960 5460 et
992 5409 1276 5463 universis
1323 5411 1773 5465 sacerdotalibus
1806 5411 2009 5465 decre-

370 5487 444 5544 tis
494 5498 552 5545 ut
600 5496 1008 5550 communione
1057 5504 1248 5553 careat
1311 5498 1638 5555 divinorum
1699 5501 2005 5568 donorum,

369 5583 546 5650 atque
567 5583 916 5637 exteriorum
942 5601 1168 5656 quoque
1188 5588 1452 5644 ciborum
1483 5589 1793 5656 consortio,
1817 5591 2005 5661 quoad

369 5683 637 5724 reversus
667 5671 924 5728 mandrae
953 5689 1073 5730 suae
1121 5677 1478 5734 restituatur.
1514 5679 2004 5746 Quemadmodum

2139 3081 2196 3134 ὃν
2259 3079 2356 3133 οὐκ
2411 3080 2710 3155 ἀπέκειρεν,
2769 3083 3225 3156 ἀποπέμψασθαι·
3311 3081 3385 3146 ὡς
3438 3083 3778 3155 γινώσκουσα

2135 3170 2279 3225 πολὺ
2325 3174 2388 3226 τὸ
2434 3168 2768 3235 ἐπιϐλάϐές.
2817 3172 3130 3226 Ἐπίσταται
3186 3173 3290 3246 γάρ
3319 3171 3370 3226 τί
3418 3173 3704 3244 νομοθετεῖ
3747 3175 3776 3226 ὁ

2137 3263 2279 3321 θεῖος
2318 3261 2407 3316 καὶ
2462 3265 2624 3335 μέγας
2672 3260 2976 3328 Βασίλειος,
3015 3265 3111 3317 τοῦ
3142 3260 3503 3332 ἂπρόσδεκτον
3557 3263 3693 3316 εἶναι
3724 3261 3776 3316 ἐν

2135 3351 2329 3413 πάσαις
2383 3358 2504 3416 ταῖς
2555 3350 2910 3429 ἀδελφότησι,
2964 3353 3058 3406 τὸν
3103 3349 3473 3422 ἀποπηδῶντα
3521 3358 3621 3420 τῆς
3667 3357 3775 3405 τῶν

2137 3441 2353 3496 οἰκείων
2415 3439 2666 3519 ἀδελφῶν
2729 3439 3015 3519 συναφοίας
3049 3485 3064 3498 .
3118 3445 3240 3501 Πῶς
3288 3440 3392 3514 γὰρ
3449 3438 3508 3493 ἃν
3556 3440 3647 3494 καὶ
3697 3461 3780 3493 συ-

2134 3531 2393 3600 σταίησαν
2454 3532 2520 3584 τὰ
2576 3526 2849 3599 κοινόϐια,
2885 3531 2930 3583 εἰ
2992 3531 3068 3602 μὴ
3136 3534 3301 3584 τοῦτο
3360 3529 3774 3602 παρατηρηθείη

2132 3621 2238 3692 πρό
2272 3641 2333 3696 γε
2363 3622 2578 3674 πάντων
2618 3620 2679 3673 τὸ
2729 3618 3062 3697 κεφάλαιονς
3115 3619 3177 3672 Εἰ
3226 3618 3326 3691 γάρ
3357 3617 3444 3672 ἐπὶ
3491 3622 3596 3672 τῶν
3648 3639 3774 3670 παι-

2134 3707 2543 3764 δοδιδασκάλων
2568 3710 2663 3763 τοῦ
2685 3710 2897 3780 κόσμου
2927 3706 3266 3780 τούτου,οὐχ
3295 3709 3409 3760 οἷον
3431 3707 3532 3779 [τε]
3557 3704 3666 3761 ἐστι
3693 3705 3775 3760 δέ-

2133 3801 2318 3870 ξασθαι
2387 3798 2438 3852 ἐν
2487 3805 2602 3859 τοῖς
2654 3795 2938 3869 μαθήμασί
2994 3817 3100 3849 τινα
3145 3796 3234 3848 τὸν
3289 3793 3340 3848 ἐν
3391 3795 3545 3867 trqu
3584 3795 3768 3868 σχολῇ

2132 3887 2501 3964 παραδοθέντα
2552 3885 2719 3942 παῖδα
2745 3907 2756 3917 ·
2792 3887 2826 3955 ἢ
2865 3890 3023 3940 τοῦτο
3071 3888 3333 3938 ποιοῦντα
3385 3879 3767 3938 ὑποϐάλλουσι

2134 3977 2586 4051 συνηθροισμένοι
2619 3978 2670 4030 οἱ
2702 3977 2894 4036 πάντος
2927 3974 3226 4047 ἐπιτιμίοις
3278 3973 3452 4045 ζημίᾳ
3473 3991 3487 4005 ο
3521 3975 3676 4044 πόσῳ
3707 3995 3770 4046 γε

2137 4068 2350 4141 μᾶλλον
2385 4068 2465 4145 ἐφ’
2496 4071 2680 4141 ἡμῶν,
2734 4066 3005 4139 ἁγιώτατε
3039 4065 3230 4136 Πάτερ,
3279 4068 3388 4117 τῶν
3438 4061 3769 4132 Ἐκκλησίας

2133 4164 2269 4213 Θεοῦ
2319 4157 2686 4234 κατεγόντων,
2747 4157 2834 4209 καὶ
2891 4157 3086 4231 ψυχῶν
3133 4151 3583 4226 καθηγουμένων,
3634 4155 3768 4206 κατὰ

2137 4247 2365 4320 μίμησιν
2394 4251 2492 4301 τοῦ
2549 4247 2771 4318 πρώτου
2819 4240 3149 4298 διδασκάλου
3179 4241 3268 4295 καὶ
3316 4242 3574 4314 ποιμένος
3606 4243 3766 4313 ἡμῶν

2134 4335 2313 4404 Ἰησοῦ
2363 4337 2645 4406 Χριστοῦ;
2694 4328 2828 4385 Οἶδα
2872 4331 3051 4384 τοίνυν
3104 4329 3186 4383 ὅτι
3239 4326 3674 4401 πεπληρωμένος
3721 4332 3768 4382 εἰ

2129 4424 2318 4501 σοφίας
2351 4424 2438 4478 καὶ
2468 4424 2714 4498 γνώσεως
2743 4464 2756 4477 .
2789 4419 2966 4474 Ἀλλά
3014 4417 3206 4491 δέομαί
3238 4439 3333 4472 σου
3381 4417 3676 4493 ἐπιγνῶναι
3704 4422 3766 4474 τὸ

2127 4514 2495 4587 πραττόμενον
2553 4507 2802 4576 ἔκτοπον,
2875 4509 2963 4564 καὶ
3027 4507 3265 4582 μάλιστα
3338 4506 3498 4567 αὐτὸς
3547 4508 3575 4562 ὁ
3623 4529 3767 4581 προ-

2129 4604 2270 4678 έχων
2299 4607 2407 4657 τῶν
2441 4601 2651 4669 ἄλλων,
2685 4602 2776 4656 καὶ
2814 4599 3010 4675 βρίθων
3045 4598 3096 4653 ἐν
3126 4599 3245 4671 ἰερᾷ
3287 4594 3622 4675 ἀδελφότητι
3649 4641 3662 4656 ,
3694 4601 3764 4652 ’Ἥ

2125 4692 2221 4746 οὐκ
2247 4690 2420 4755 οἶδας,
2469 4692 2750 4760 ὁσιώτατε,
2797 4691 2880 4744 ὅτι
2911 4690 2999 4744 καὶ
3055 4687 3202 4759 αὐτῷ
3249 4687 3328 4757 τῷ
3375 4686 3618 4758 ποιμνίῳ
3668 4707 3765 4740 σου

2123 4778 2421 4846 ἐπιϐλαϐές
2484 4782 2595 4836 ἐστι
2662 4779 2943 4835 συνάπτειν
3031 4773 3309 4852 πρόϐατον
3405 4773 3767 4850 ἐτεροδέσπο-

2120 4892 2211 4925 τον
2237 4889 2251 4940 ;
2283 4870 2554 4925 Τοσοότου
2587 4869 2678 4924 οῦν
2710 4865 2888 4937 ὄντος,
2930 4865 3150 4936 λοιπὸν,
3195 4862 3637 4936 ὡμολογημένου
3666 4866 3764 4918 τοῦ

2122 4965 2332 5025 κακοῦ,
2393 4954 2830 5031 ἀντιϐολοῦμεν.
2898 4956 3062 5025 ἡνίκα
3137 4950 3259 5026 δέξῃ
3337 4954 3498 5024 ἡμῶν
3557 4951 3624 5006 τά
3683 4949 3762 5006 εὖ·

2123 5048 2256 5116 τελῆ
2321 5048 2618 5123 γράμματα
2653 5091 2666 5114 ,
2763 5043 3096 5119 παραδοῦναι
3195 5041 3325 5096 αὖτὸ
3416 5045 3531 5101 τοῖς
3623 5041 3760 5112 πρὸς

2122 5139 2249 5193 αὐτὸ
2337 5144 2498 5194 τοῦτο
2595 5140 2914 5212 πεμφθεῖσιν
3011 5131 3268 5206 ἀδελφοῖς
3358 5133 3518 5202 ἡμῶν
3566 5174 3581 5198 ,
3669 5129 3760 5185 ’ίνα

2121 5230 2392 5304 ἀγάγωσιν
2455 5227 2610 5282 αὐτὸν
2684 5227 2816 5295 πρὸς
2889 5224 2986 5292 τὴν
3081 5219 3219 5275 ἰδίαν
3296 5219 3560 5290 ποίμνην,
3643 5220 3764 5291 μεθ’

2119 5318 2192 5371 ὧν
2258 5320 2632 5395 ἓσφετερίσατο
2709 5313 3039 5390 πραγμάτων
3112 5316 3211 5379 τῆς
3270 5305 3647 5395 Ἐκκλησίας,
3699 5309 3759 5363 Εἰ

2119 5406 2175 5462 δέ
2223 5394 2467 5478 ἀπείθείᾳ
2507 5414 2709 5481 χρῆται
2743 5406 2770 5458 6
2814 5401 3070 5478 ἀδελφὸς,
3116 5397 3548 5470 ἀποσκορακίσαι
3599 5394 3762 5450 αὕτὸν

2119 5499 2337 5568 θελήσει
2365 5503 2464 5566 τῆς
2516 5499 2662 5570 ἱερᾶς
2714 5493 2879 5548 αὐτοῦ
2923 5491 3163 5564 ποίμνης
3211 5485 3516 5561 παραυτίκα
3541 5527 3555 5540 .
3589 5485 3653 5538 Εἰ
3687 5483 3756 5555 δ’,

2118 5587 2249 5661 ὅπερ
2282 5587 2380 5641 οὐκ
2419 5586 2665 5660 οἰόμεθα,
2721 5583 2854 5657 μετά
2899 5583 2997 5650 τὴν
3048 5583 3245 5655 γνῶσιν
3293 5576 3495 5645 ταύτην
3543 5574 3761 5630 ἐπικατ-

2120 5680 2268 5753 έχειν
2302 5677 2462 5734 αὐτὸν
2495 5673 2772 5752 βούλεται,
2822 5671 3134 5748 γινωσκένὼ
3185 5668 3267 5724 ὅτι
3309 5663 3593 5740 δεδεμένος
3643 5662 3756 5720 ἐστὶ
