  <div class='ocr_page' id='page_1' title='image "/cluster/home/n/w/nwhite01/storage/ocr_20150623/99/mdp.39015005675577/485.png"; bbox 0 0 4090 6288; ppageno 0'>
   <div class='ocr_carea' id='block_1_1' title="bbox 397 322 516 382">
    <p class='ocr_par' dir='ltr' id='par_1_1' title="bbox 397 322 516 382">
     <span class='ocr_line' id='line_1_1' title="bbox 397 322 516 382; baseline -0.025 -1"><span class='ocrx_word' id='word_1_1' title='bbox 397 322 516 382; x_wconf 86' lang='grc'>959</span> 
     </span>
    </p>
   </div>
   <div class='ocr_carea' id='block_1_2' title="bbox 1640 304 2557 372">
    <p class='ocr_par' dir='ltr' id='par_1_2' title="bbox 1640 304 2557 372">
     <span class='ocr_line' id='line_1_2' title="bbox 1640 304 2557 372; baseline -0.005 -1"><span class='ocrx_word' id='word_1_2' title='bbox 1640 312 1704 372; x_wconf 91' lang='lat' dir='ltr'>S.</span> <span class='ocrx_word' id='word_1_3' title='bbox 1751 307 2151 372; x_wconf 79' lang='lat' dir='ltr'>THEODORI</span> <span class='ocrx_word' id='word_1_4' title='bbox 2196 304 2557 368; x_wconf 74' lang='lat' dir='ltr'>S&#39;l‘UDIT/E</span> 
     </span>
    </p>
   </div>
   <div class='ocr_carea' id='block_1_3' title="bbox 3697 302 3818 364">
    <p class='ocr_par' dir='ltr' id='par_1_3' title="bbox 3697 302 3818 364">
     <span class='ocr_line' id='line_1_3' title="bbox 3697 302 3818 364; baseline 0.008 -1"><span class='ocrx_word' id='word_1_5' title='bbox 3697 302 3818 364; x_wconf 82' lang='lat'>960</span> 
     </span>
    </p>
   </div>
   <div class='ocr_carea' id='block_1_4' title="bbox 398 438 2072 523">
    <p class='ocr_par' dir='ltr' id='par_1_4' title="bbox 398 448 2072 523">
     <span class='ocr_line' id='line_1_4' title="bbox 398 448 2072 523; baseline -0.008 -11"><span class='ocrx_word' id='word_1_6' title='bbox 398 455 668 512; x_wconf 88' lang='lat' dir='ltr'>sitatione</span> <span class='ocrx_word' id='word_1_7' title='bbox 705 454 887 511; x_wconf 88' lang='lat' dir='ltr'>libera</span> <span class='ocrx_word' id='word_1_8' title='bbox 927 467 1025 510; x_wconf 90' lang='lat' dir='ltr'>eos</span> <span class='ocrx_word' id='word_1_9' title='bbox 1052 451 1153 523; x_wconf 88' lang='lat' dir='ltr'>qui</span> <span class='ocrx_word' id='word_1_10' title='bbox 1183 451 1470 508; x_wconf 80' lang='lat' dir='ltr'>excelsam</span> <span class='ocrx_word' id='word_1_11' title='bbox 1499 448 1678 505; x_wconf 86' lang='lat' dir='ltr'>vitam</span> <span class='ocrx_word' id='word_1_12' title='bbox 1710 449 1868 503; x_wconf 87' lang='lat' dir='ltr'>tuam</span> <span class='ocrx_word' id='word_1_13' title='bbox 1898 459 2040 501; x_wconf 90' lang='lat' dir='ltr'>con-</span> <span class='ocrx_word' id='word_1_14' title='bbox 2071 503 2072 512; x_wconf 16' lang='grc' dir='ltr'>χ</span> 
     </span>
    </p>
   </div>
   <div class='ocr_carea' id='block_1_5' title="bbox 2181 438 3825 523">
    <p class='ocr_par' dir='ltr' id='par_1_5' title="bbox 2181 438 3825 516">
     <span class='ocr_line' id='line_1_5' title="bbox 2181 438 3825 516; baseline 0 -21"><span class='ocrx_word' id='word_1_15' title='bbox 2181 464 2278 513; x_wconf 48' lang='grc' dir='ltr'>ηινι,</span> <span class='ocrx_word' id='word_1_16' title='bbox 2327 445 2423 496; x_wconf 84' lang='grc' dir='ltr'>τοῦ</span> <span class='ocrx_word' id='word_1_17' title='bbox 2482 438 2653 506; x_wconf 75' lang='grc' dir='ltr'>ὅντως</span> <span class='ocrx_word' id='word_1_18' title='bbox 2711 443 3038 516; x_wconf 75' lang='grc' dir='ltr'>ἀμωμήτως</span> <span class='ocrx_word' id='word_1_19' title='bbox 3099 442 3479 515; x_wconf 85' lang='grc' dir='ltr'>βιοτεύοντος.</span> <span class='ocrx_word' id='word_1_20' title='bbox 3530 443 3825 511; x_wconf 80' lang='grc' dir='ltr'>Φώτισον,</span> 
     </span>
    </p>
   </div>
   <div class='ocr_carea' id='block_1_6' title="bbox 400 544 776 618">
    <p class='ocr_par' dir='ltr' id='par_1_6' title="bbox 400 544 776 618">
     <span class='ocr_line' id='line_1_6' title="bbox 400 544 776 618; baseline -0.005 -17"><span class='ocrx_word' id='word_1_21' title='bbox 400 544 776 618; x_wconf 86' lang='lat' dir='ltr'>templantur.</span> 
     </span>
    </p>
   </div>
   <div class='ocr_carea' id='block_1_7' title="bbox 755 797 1691 873">
    <p class='ocr_par' dir='ltr' id='par_1_7' title="bbox 755 797 1691 873">
     <span class='ocr_line' id='line_1_7' title="bbox 755 797 1691 873; baseline -0.006 -17"><span class='ocrx_word' id='word_1_22' title='bbox 755 801 900 856; x_wconf 87' lang='lat' dir='ltr'>XVI.</span> <span class='ocrx_word' id='word_1_23' title='bbox 924 830 994 840; x_wconf 90' lang='lat'><strong>—</strong></span> <span class='ocrx_word' id='word_1_24' title='bbox 1025 800 1321 873; x_wconf 83' lang='lat' dir='ltr'>Nicephoro</span> <span class='ocrx_word' id='word_1_25' title='bbox 1348 797 1691 866; x_wconf 81' lang='lat' dir='ltr'>Imperatori.</span> 
     </span>
    </p>
   </div>
   <div class='ocr_carea' id='block_1_8' title="bbox 2164 530 3825 608">
    <p class='ocr_par' dir='ltr' id='par_1_8' title="bbox 2164 530 3825 608">
     <span class='ocr_line' id='line_1_8' title="bbox 2164 530 3825 608; baseline -0.001 -22"><span class='ocrx_word' id='word_1_26' title='bbox 2164 530 2462 607; x_wconf 77' lang='grc' dir='ltr'>ὁδήγησον,</span> <span class='ocrx_word' id='word_1_27' title='bbox 2522 534 2844 602; x_wconf 80' lang='grc' dir='ltr'>ἐπάκουσον,</span> <span class='ocrx_word' id='word_1_28' title='bbox 2916 534 3183 608; x_wconf 88' lang='grc' dir='ltr'>πρόσχες,</span> <span class='ocrx_word' id='word_1_29' title='bbox 3261 531 3574 602; x_wconf 80' lang='grc' dir='ltr'>ἐπίστησον,</span> <span class='ocrx_word' id='word_1_30' title='bbox 3652 530 3825 586; x_wconf 76' lang='grc' dir='ltr'>λῦσον</span> 
     </span>
    </p>
   </div>
   <div class='ocr_carea' id='block_1_9' title="bbox 2163 620 3822 697">
    <p class='ocr_par' dir='ltr' id='par_1_9' title="bbox 2163 620 3822 697">
     <span class='ocr_line' id='line_1_9' title="bbox 2163 620 3822 697; baseline -0.001 -22"><span class='ocrx_word' id='word_1_31' title='bbox 2163 622 2340 693; x_wconf 80' lang='grc' dir='ltr'>πάσης</span> <span class='ocrx_word' id='word_1_32' title='bbox 2402 621 2678 697; x_wconf 84' lang='grc' dir='ltr'>διχονοίας</span> <span class='ocrx_word' id='word_1_33' title='bbox 2742 622 2868 686; x_wconf 77' lang='grc' dir='ltr'>τοὺς</span> <span class='ocrx_word' id='word_1_34' title='bbox 2933 621 3172 697; x_wconf 70' lang='grc' dir='ltr'>ὁρῶντας</span> <span class='ocrx_word' id='word_1_35' title='bbox 3269 643 3363 677; x_wconf 89' lang='grc' dir='ltr'>σου</span> <span class='ocrx_word' id='word_1_36' title='bbox 3430 623 3520 676; x_wconf 87' lang='grc' dir='ltr'>τὸν</span> <span class='ocrx_word' id='word_1_37' title='bbox 3591 620 3822 695; x_wconf 78' lang='grc' dir='ltr'>ὑψηλὸν</span> 
     </span>
    </p>
   </div>
   <div class='ocr_carea' id='block_1_10' title="bbox 2167 712 2324 786">
    <p class='ocr_par' dir='ltr' id='par_1_10' title="bbox 2167 712 2324 786">
     <span class='ocr_line' id='line_1_10' title="bbox 2167 712 2324 786; baseline 0.013 -20"><span class='ocrx_word' id='word_1_38' title='bbox 2167 712 2283 786; x_wconf 82' lang='grc' dir='ltr'>βίον</span> <span class='ocrx_word' id='word_1_39' title='bbox 2312 756 2324 768; x_wconf 92' lang='grc'>.</span> 
     </span>
    </p>
   </div>
   <div class='ocr_carea' id='block_1_11' title="bbox 2497 801 3466 879">
    <p class='ocr_par' dir='ltr' id='par_1_11' title="bbox 2497 801 3466 879">
     <span class='ocr_line' id='line_1_11' title="bbox 2497 801 3466 879; baseline 0 -21"><span class='ocrx_word' id='word_1_40' title='bbox 2497 802 2626 878; x_wconf 72' lang='grc' dir='ltr'>Ις’.</span> <span class='ocrx_word' id='word_1_41' title='bbox 2659 834 2726 845; x_wconf 87' lang='lat'>—-</span> <span class='ocrx_word' id='word_1_42' title='bbox 2757 801 3055 879; x_wconf 80' lang='grc' dir='ltr'>Νικηφόρῳ</span> <span class='ocrx_word' id='word_1_43' title='bbox 3089 802 3304 876; x_wconf 87' lang='grc' dir='ltr'>βασιλεῖ</span> <span class='ocrx_word' id='word_1_44' title='bbox 3331 801 3466 874; x_wconf 75' lang='grc'>(16).</span> 
     </span>
    </p>
   </div>
   <div class='ocr_carea' id='block_1_12' title="bbox 1023 897 3192 966">
    <p class='ocr_par' dir='ltr' id='par_1_12' title="bbox 1023 897 3192 966">
     <span class='ocr_line' id='line_1_12' title="bbox 1023 897 3192 966; baseline 0.001 -18"><span class='ocrx_word' id='word_1_45' title='bbox 1023 899 1098 948; x_wconf 91' lang='lat' dir='ltr'>De</span> <span class='ocrx_word' id='word_1_46' title='bbox 1131 898 1438 962; x_wconf 73' lang='lat' dir='ltr'>patriarcha</span> <span class='ocrx_word' id='word_1_47' title='bbox 1468 899 1524 947; x_wconf 88' lang='lat' dir='ltr'>in</span> <span class='ocrx_word' id='word_1_48' title='bbox 1556 897 1757 946; x_wconf 86' lang='lat' dir='ltr'>Tarasii</span> <span class='ocrx_word' id='word_1_49' title='bbox 1785 897 1963 948; x_wconf 88' lang='lat' dir='ltr'>locum</span> <span class='ocrx_word' id='word_1_50' title='bbox 1992 899 2355 965; x_wconf 73' lang='lat' dir='ltr'>subrogando.</span> <span class='ocrx_word' id='word_1_51' title='bbox 2391 901 2603 966; x_wconf 88' lang='lat' dir='ltr'>(Baron.</span> <span class='ocrx_word' id='word_1_52' title='bbox 2637 916 2780 952; x_wconf 86' lang='lat' dir='ltr'>anno</span> <span class='ocrx_word' id='word_1_53' title='bbox 2797 902 2910 964; x_wconf 89' lang='lat'>806,</span> <span class='ocrx_word' id='word_1_54' title='bbox 2941 916 3090 951; x_wconf 88' lang='lat' dir='ltr'>num.</span> <span class='ocrx_word' id='word_1_55' title='bbox 3117 903 3192 963; x_wconf 74' lang='grc'>4.)</span> 
     </span>
    </p>
   </div>
   <div class='ocr_carea' id='block_1_13' title="bbox 473 978 2056 1047">
    <p class='ocr_par' dir='ltr' id='par_1_13' title="bbox 473 978 2056 1047">
     <span class='ocr_line' id='line_1_13' title="bbox 473 978 2056 1047; baseline -0.002 -9"><span class='ocrx_word' id='word_1_56' title='bbox 473 982 721 1038; x_wconf 86' lang='lat' dir='ltr'>Omnino</span> <span class='ocrx_word' id='word_1_57' title='bbox 757 980 839 1036; x_wconf 90' lang='lat' dir='ltr'>sic</span> <span class='ocrx_word' id='word_1_58' title='bbox 871 980 1130 1035; x_wconf 82' lang='lat' dir='ltr'>futurum</span> <span class='ocrx_word' id='word_1_59' title='bbox 1158 984 1300 1047; x_wconf 89' lang='lat' dir='ltr'>erat,</span> <span class='ocrx_word' id='word_1_60' title='bbox 1335 983 1400 1035; x_wconf 85' lang='lat' dir='ltr'>ut</span> <span class='ocrx_word' id='word_1_61' title='bbox 1427 980 1618 1034; x_wconf 86' lang='lat' dir='ltr'>bonus</span> <span class='ocrx_word' id='word_1_62' title='bbox 1661 978 1815 1034; x_wconf 91' lang='lat' dir='ltr'>Deus</span> <span class='ocrx_word' id='word_1_63' title='bbox 1863 983 2056 1035; x_wconf 88' lang='lat' dir='ltr'>noster</span> 
     </span>
    </p>
   </div>
   <div class='ocr_carea' id='block_1_14' title="bbox 402 1069 2055 1142">
    <p class='ocr_par' dir='ltr' id='par_1_14' title="bbox 402 1069 2055 1142">
     <span class='ocr_line' id='line_1_14' title="bbox 402 1069 2055 1142; baseline -0.002 -13"><span class='ocrx_word' id='word_1_64' title='bbox 402 1072 672 1129; x_wconf 71' lang='lat' dir='ltr'>Ecclesiae</span> <span class='ocrx_word' id='word_1_65' title='bbox 701 1087 816 1126; x_wconf 76' lang='lat' dir='ltr'>suae</span> <span class='ocrx_word' id='word_1_66' title='bbox 844 1086 1046 1127; x_wconf 90' lang='lat' dir='ltr'>curam</span> <span class='ocrx_word' id='word_1_67' title='bbox 1093 1085 1299 1142; x_wconf 80' lang='lat' dir='ltr'>gerens</span> <span class='ocrx_word' id='word_1_68' title='bbox 1331 1069 1604 1140; x_wconf 89' lang='lat' dir='ltr'>pietatem</span> <span class='ocrx_word' id='word_1_69' title='bbox 1653 1077 1902 1125; x_wconf 83' lang='lat' dir='ltr'>vestram</span> <span class='ocrx_word' id='word_1_70' title='bbox 1949 1069 2055 1125; x_wconf 91' lang='lat' dir='ltr'>hac</span> 
     </span>
    </p>
   </div>
   <div class='ocr_carea' id='block_1_15' title="bbox 403 1160 2055 1232">
    <p class='ocr_par' dir='ltr' id='par_1_15' title="bbox 403 1160 2055 1232">
     <span class='ocr_line' id='line_1_15' title="bbox 403 1160 2055 1232; baseline -0.001 -14"><span class='ocrx_word' id='word_1_71' title='bbox 403 1167 570 1218; x_wconf 69' lang='lat' dir='ltr'>aetate</span> <span class='ocrx_word' id='word_1_72' title='bbox 599 1162 841 1231; x_wconf 90' lang='lat' dir='ltr'>imperio</span> <span class='ocrx_word' id='word_1_73' title='bbox 906 1161 1226 1232; x_wconf 68' lang='lat' dir='ltr'>praeﬁceret</span> <span class='ocrx_word' id='word_1_74' title='bbox 1273 1160 1782 1218; x_wconf 87' lang='lat' dir='ltr'>Christianorum:</span> <span class='ocrx_word' id='word_1_75' title='bbox 1831 1165 1894 1215; x_wconf 87' lang='lat' dir='ltr'>ut</span> <span class='ocrx_word' id='word_1_76' title='bbox 1939 1177 2055 1216; x_wconf 88' lang='lat' dir='ltr'>non</span> 
     </span>
    </p>
   </div>
   <div class='ocr_carea' id='block_1_16' title="bbox 402 1251 2056 1311">
    <p class='ocr_par' dir='ltr' id='par_1_16' title="bbox 402 1251 2056 1311">
     <span class='ocr_line' id='line_1_16' title="bbox 402 1251 2056 1311; baseline -0.002 -1"><span class='ocrx_word' id='word_1_77' title='bbox 402 1253 698 1311; x_wconf 73' lang='lat' dir='ltr'>smcularis</span> <span class='ocrx_word' id='word_1_78' title='bbox 731 1251 921 1308; x_wconf 89' lang='lat' dir='ltr'>solum</span> <span class='ocrx_word' id='word_1_79' title='bbox 975 1251 1286 1308; x_wconf 78' lang='lat' dir='ltr'>dominatio</span> <span class='ocrx_word' id='word_1_80' title='bbox 1318 1252 1467 1308; x_wconf 90' lang='lat' dir='ltr'>male</span> <span class='ocrx_word' id='word_1_81' title='bbox 1489 1251 1805 1308; x_wconf 88' lang='lat' dir='ltr'>constituta</span> <span class='ocrx_word' id='word_1_82' title='bbox 1843 1251 2056 1306; x_wconf 88' lang='lat' dir='ltr'>rectius</span> 
     </span>
    </p>
   </div>
   <div class='ocr_carea' id='block_1_17' title="bbox 401 1340 2054 1415">
    <p class='ocr_par' dir='ltr' id='par_1_17' title="bbox 401 1340 2054 1415">
     <span class='ocr_line' id='line_1_17' title="bbox 401 1340 2054 1415; baseline -0.002 -14"><span class='ocrx_word' id='word_1_83' title='bbox 401 1343 899 1415; x_wconf 79' lang='lat' dir='ltr'>componeretur),</span> <span class='ocrx_word' id='word_1_84' title='bbox 917 1342 1016 1398; x_wconf 88' lang='lat' dir='ltr'>sed</span> <span class='ocrx_word' id='word_1_85' title='bbox 1034 1341 1469 1397; x_wconf 86' lang='lat' dir='ltr'>ecclesiasticus</span> <span class='ocrx_word' id='word_1_86' title='bbox 1485 1341 1655 1398; x_wconf 90' lang='lat' dir='ltr'>etiam</span> <span class='ocrx_word' id='word_1_87' title='bbox 1677 1340 2054 1411; x_wconf 80' lang='lat' dir='ltr'>principatus,</span> 
     </span>
    </p>
   </div>
   <div class='ocr_carea' id='block_1_18' title="bbox 404 1431 2056 1504">
    <p class='ocr_par' dir='ltr' id='par_1_18' title="bbox 404 1431 2056 1504">
     <span class='ocr_line' id='line_1_18' title="bbox 404 1431 2056 1504; baseline -0.001 -15"><span class='ocrx_word' id='word_1_88' title='bbox 404 1434 454 1489; x_wconf 91' lang='lat' dir='ltr'>si</span> <span class='ocrx_word' id='word_1_89' title='bbox 513 1433 655 1504; x_wconf 92' lang='lat' dir='ltr'>quid</span> <span class='ocrx_word' id='word_1_90' title='bbox 713 1434 958 1501; x_wconf 83' lang='lat' dir='ltr'>deesset,</span> <span class='ocrx_word' id='word_1_91' title='bbox 1008 1431 1449 1500; x_wconf 78' lang='lat' dir='ltr'>instauraretur,</span> <span class='ocrx_word' id='word_1_92' title='bbox 1501 1436 1558 1488; x_wconf 89' lang='lat' dir='ltr'>et</span> <span class='ocrx_word' id='word_1_93' title='bbox 1600 1448 1744 1487; x_wconf 90' lang='lat' dir='ltr'>nova</span> <span class='ocrx_word' id='word_1_94' title='bbox 1791 1431 2056 1503; x_wconf 68' lang='lat' dir='ltr'>quaedam</span> 
     </span>
    </p>
   </div>
   <div class='ocr_carea' id='block_1_19' title="bbox 407 1520 2057 1594">
    <p class='ocr_par' dir='ltr' id='par_1_19' title="bbox 407 1520 2057 1594">
     <span class='ocr_line' id='line_1_19' title="bbox 407 1520 2057 1594; baseline -0.002 -15"><span class='ocrx_word' id='word_1_95' title='bbox 407 1522 740 1594; x_wconf 87' lang='lat' dir='ltr'>conspersio</span> <span class='ocrx_word' id='word_1_96' title='bbox 783 1521 948 1577; x_wconf 85' lang='lat' dir='ltr'>ﬁeret</span> <span class='ocrx_word' id='word_1_97' title='bbox 996 1521 1055 1575; x_wconf 92' lang='lat' dir='ltr'>in</span> <span class='ocrx_word' id='word_1_98' title='bbox 1105 1528 1352 1592; x_wconf 90' lang='lat' dir='ltr'>utroque</span> <span class='ocrx_word' id='word_1_99' title='bbox 1389 1520 1455 1574; x_wconf 63' lang='grc'>4⁸.</span> <span class='ocrx_word' id='word_1_100' title='bbox 1508 1521 1668 1585; x_wconf 91' lang='lat' dir='ltr'>Quod</span> <span class='ocrx_word' id='word_1_101' title='bbox 1720 1521 1956 1592; x_wconf 88' lang='lat' dir='ltr'>quidem</span> <span class='ocrx_word' id='word_1_102' title='bbox 1997 1520 2057 1576; x_wconf 90' lang='lat' dir='ltr'>in</span> 
     </span>
    </p>
   </div>
   <div class='ocr_carea' id='block_1_20' title="bbox 405 1609 2058 1682">
    <p class='ocr_par' dir='ltr' id='par_1_20' title="bbox 405 1609 2058 1682">
     <span class='ocr_line' id='line_1_20' title="bbox 405 1609 2058 1682; baseline -0.002 -15"><span class='ocrx_word' id='word_1_103' title='bbox 405 1611 584 1667; x_wconf 88' lang='lat' dir='ltr'>altero</span> <span class='ocrx_word' id='word_1_104' title='bbox 615 1611 876 1667; x_wconf 89' lang='lat' dir='ltr'>membro</span> <span class='ocrx_word' id='word_1_105' title='bbox 907 1610 1176 1681; x_wconf 61' lang='lat' dir='ltr'>praeclare</span> <span class='ocrx_word' id='word_1_106' title='bbox 1205 1611 1393 1682; x_wconf 88' lang='lat' dir='ltr'>ipsius</span> <span class='ocrx_word' id='word_1_107' title='bbox 1424 1610 1613 1682; x_wconf 81' lang='lat' dir='ltr'>gratia</span> <span class='ocrx_word' id='word_1_108' title='bbox 1636 1610 1756 1681; x_wconf 89' lang='lat' dir='ltr'>jam</span> <span class='ocrx_word' id='word_1_109' title='bbox 1789 1609 2058 1681; x_wconf 83' lang='lat' dir='ltr'>praestitit</span> 
     </span>
    </p>
   </div>
   <div class='ocr_carea' id='block_1_21' title="bbox 409 1699 2060 1771">
    <p class='ocr_par' dir='ltr' id='par_1_21' title="bbox 409 1699 2060 1771">
     <span class='ocr_line' id='line_1_21' title="bbox 409 1699 2060 1771; baseline -0.002 -15"><span class='ocrx_word' id='word_1_110' title='bbox 409 1700 624 1756; x_wconf 86' lang='lat' dir='ltr'>Christi</span> <span class='ocrx_word' id='word_1_111' title='bbox 656 1717 862 1756; x_wconf 87' lang='lat' dir='ltr'>amans</span> <span class='ocrx_word' id='word_1_112' title='bbox 893 1699 1203 1770; x_wconf 87' lang='lat' dir='ltr'>imperium</span> <span class='ocrx_word' id='word_1_113' title='bbox 1219 1702 1500 1765; x_wconf 89' lang='lat' dir='ltr'>vestrum,</span> <span class='ocrx_word' id='word_1_114' title='bbox 1533 1704 1708 1771; x_wconf 89' lang='lat' dir='ltr'>atque</span> <span class='ocrx_word' id='word_1_115' title='bbox 1737 1700 1880 1755; x_wconf 89' lang='lat' dir='ltr'>adeo</span> <span class='ocrx_word' id='word_1_116' title='bbox 1915 1715 2060 1770; x_wconf 82' lang='lat' dir='ltr'>prae-</span> 
     </span>
    </p>
   </div>
   <div class='ocr_carea' id='block_1_22' title="bbox 411 1787 2057 1861">
    <p class='ocr_par' dir='ltr' id='par_1_22' title="bbox 411 1787 2057 1861">
     <span class='ocr_line' id='line_1_22' title="bbox 411 1787 2057 1861; baseline -0.003 -13"><span class='ocrx_word' id='word_1_117' title='bbox 411 1798 559 1848; x_wconf 86' lang='lat' dir='ltr'>stare</span> <span class='ocrx_word' id='word_1_118' title='bbox 589 1797 786 1861; x_wconf 80' lang='lat' dir='ltr'>perget</span> <span class='ocrx_word' id='word_1_119' title='bbox 832 1787 1049 1845; x_wconf 61' lang='lat' dir='ltr'>caelesti</span> <span class='ocrx_word' id='word_1_120' title='bbox 1100 1789 1340 1845; x_wconf 89' lang='lat' dir='ltr'>numine</span> <span class='ocrx_word' id='word_1_121' title='bbox 1385 1789 1850 1845; x_wconf 89' lang='lat' dir='ltr'>corroboratum.</span> <span class='ocrx_word' id='word_1_122' title='bbox 1898 1787 2057 1844; x_wconf 82' lang='lat' dir='ltr'>Reli-</span> 
     </span>
    </p>
   </div>
   <div class='ocr_carea' id='block_1_23' title="bbox 409 1878 2055 1951">
    <p class='ocr_par' dir='ltr' id='par_1_23' title="bbox 409 1878 2055 1951">
     <span class='ocr_line' id='line_1_23' title="bbox 409 1878 2055 1951; baseline -0.002 -17"><span class='ocrx_word' id='word_1_123' title='bbox 409 1895 590 1951; x_wconf 87' lang='lat' dir='ltr'>quum</span> <span class='ocrx_word' id='word_1_124' title='bbox 659 1879 826 1934; x_wconf 91' lang='lat' dir='ltr'>modo</span> <span class='ocrx_word' id='word_1_125' title='bbox 872 1882 980 1947; x_wconf 90' lang='lat' dir='ltr'>est,</span> <span class='ocrx_word' id='word_1_126' title='bbox 1013 1883 1079 1933; x_wconf 89' lang='lat' dir='ltr'>ut</span> <span class='ocrx_word' id='word_1_127' title='bbox 1125 1878 1373 1934; x_wconf 83' lang='lat' dir='ltr'>alterum</span> <span class='ocrx_word' id='word_1_128' title='bbox 1431 1878 1557 1949; x_wconf 91' lang='lat' dir='ltr'>pari</span> <span class='ocrx_word' id='word_1_129' title='bbox 1615 1893 1754 1934; x_wconf 89' lang='lat' dir='ltr'>cura</span> <span class='ocrx_word' id='word_1_130' title='bbox 1809 1879 2055 1945; x_wconf 83' lang='lat' dir='ltr'>fruatur,</span> 
     </span>
    </p>
   </div>
   <div class='ocr_carea' id='block_1_24' title="bbox 412 1967 2058 2041">
    <p class='ocr_par' dir='ltr' id='par_1_24' title="bbox 412 1967 2058 2041">
     <span class='ocr_line' id='line_1_24' title="bbox 412 1967 2058 2041; baseline -0.002 -15"><span class='ocrx_word' id='word_1_131' title='bbox 412 1969 655 2041; x_wconf 89' lang='lat' dir='ltr'>parique</span> <span class='ocrx_word' id='word_1_132' title='bbox 677 1967 1008 2040; x_wconf 87' lang='lat' dir='ltr'>prudentia.</span> <span class='ocrx_word' id='word_1_133' title='bbox 1031 1967 1085 2022; x_wconf 87' lang='lat' dir='ltr'>It</span> <span class='ocrx_word' id='word_1_134' title='bbox 1115 1982 1244 2024; x_wconf 82' lang='lat' dir='ltr'>vero</span> <span class='ocrx_word' id='word_1_135' title='bbox 1276 1975 1400 2040; x_wconf 89' lang='lat' dir='ltr'>post</span> <span class='ocrx_word' id='word_1_136' title='bbox 1429 1968 1616 2024; x_wconf 89' lang='lat' dir='ltr'>Deum</span> <span class='ocrx_word' id='word_1_137' title='bbox 1664 1975 1721 2024; x_wconf 90' lang='lat' dir='ltr'>et</span> <span class='ocrx_word' id='word_1_138' title='bbox 1768 1984 1902 2024; x_wconf 91' lang='lat' dir='ltr'>cum</span> <span class='ocrx_word' id='word_1_139' title='bbox 1943 1968 2058 2023; x_wconf 91' lang='lat' dir='ltr'>Deo</span> 
     </span>
    </p>
   </div>
   <div class='ocr_carea' id='block_1_25' title="bbox 414 2054 2062 2128">
    <p class='ocr_par' dir='ltr' id='par_1_25' title="bbox 414 2054 2062 2128">
     <span class='ocr_line' id='line_1_25' title="bbox 414 2054 2062 2128; baseline -0.001 -15"><span class='ocrx_word' id='word_1_140' title='bbox 414 2074 448 2113; x_wconf 90' lang='lat' dir='ltr'>a</span> <span class='ocrx_word' id='word_1_141' title='bbox 476 2056 640 2113; x_wconf 88' lang='lat' dir='ltr'>vobis</span> <span class='ocrx_word' id='word_1_142' title='bbox 672 2057 960 2112; x_wconf 87' lang='lat' dir='ltr'>tribuetur</span> <span class='ocrx_word' id='word_1_143' title='bbox 991 2071 1093 2128; x_wconf 89' lang='lat' dir='ltr'>per</span> <span class='ocrx_word' id='word_1_144' title='bbox 1122 2056 1601 2128; x_wconf 86' lang='lat' dir='ltr'>approbationem</span> <span class='ocrx_word' id='word_1_145' title='bbox 1635 2056 1908 2128; x_wconf 68' lang='lat' dir='ltr'>legitimas</span> <span class='ocrx_word' id='word_1_146' title='bbox 1939 2054 2062 2111; x_wconf 88' lang='lat' dir='ltr'>ele—</span> 
     </span>
    </p>
   </div>
   <div class='ocr_carea' id='block_1_26' title="bbox 414 2143 2063 2217">
    <p class='ocr_par' dir='ltr' id='par_1_26' title="bbox 414 2143 2063 2217">
     <span class='ocr_line' id='line_1_26' title="bbox 414 2143 2063 2217; baseline -0.001 -16"><span class='ocrx_word' id='word_1_147' title='bbox 414 2145 622 2201; x_wconf 87' lang='lat' dir='ltr'>ctionis</span> <span class='ocrx_word' id='word_1_148' title='bbox 635 2145 811 2202; x_wconf 84' lang='lat' dir='ltr'>futuri</span> <span class='ocrx_word' id='word_1_149' title='bbox 831 2145 1272 2217; x_wconf 86' lang='lat' dir='ltr'>archiepiscopi.</span> <span class='ocrx_word' id='word_1_150' title='bbox 1299 2146 1380 2201; x_wconf 90' lang='lat' dir='ltr'>De</span> <span class='ocrx_word' id='word_1_151' title='bbox 1398 2161 1534 2217; x_wconf 92' lang='lat' dir='ltr'>quo,</span> <span class='ocrx_word' id='word_1_152' title='bbox 1565 2147 1796 2217; x_wconf 89' lang='lat' dir='ltr'>quando</span> <span class='ocrx_word' id='word_1_153' title='bbox 1814 2162 1881 2201; x_wconf 84' lang='lat' dir='ltr'>ex</span> <span class='ocrx_word' id='word_1_154' title='bbox 1894 2143 2063 2202; x_wconf 86' lang='lat' dir='ltr'>nobis</span> 
     </span>
    </p>
   </div>
   <div class='ocr_carea' id='block_1_27' title="bbox 413 2231 2062 2304">
    <p class='ocr_par' dir='ltr' id='par_1_27' title="bbox 413 2231 2062 2304">
     <span class='ocr_line' id='line_1_27' title="bbox 413 2231 2062 2304; baseline -0.001 -16"><span class='ocrx_word' id='word_1_155' title='bbox 413 2231 588 2288; x_wconf 90' lang='lat' dir='ltr'>etiam</span> <span class='ocrx_word' id='word_1_156' title='bbox 630 2231 1030 2303; x_wconf 85' lang='lat' dir='ltr'>peccatoribus</span> <span class='ocrx_word' id='word_1_157' title='bbox 1085 2237 1140 2288; x_wconf 89' lang='lat' dir='ltr'>et</span> <span class='ocrx_word' id='word_1_158' title='bbox 1194 2232 1454 2304; x_wconf 86' lang='lat' dir='ltr'>indignis</span> <span class='ocrx_word' id='word_1_159' title='bbox 1485 2232 1770 2289; x_wconf 89' lang='lat' dir='ltr'>sciscitari</span> <span class='ocrx_word' id='word_1_160' title='bbox 1802 2231 2062 2299; x_wconf 88' lang='lat' dir='ltr'>voluisti,</span> 
     </span>
    </p>
   </div>
   <div class='ocr_carea' id='block_1_28' title="bbox 416 2320 2062 2391">
    <p class='ocr_par' dir='ltr' id='par_1_28' title="bbox 416 2320 2062 2391">
     <span class='ocr_line' id='line_1_28' title="bbox 416 2320 2062 2391; baseline -0.001 -15"><span class='ocrx_word' id='word_1_161' title='bbox 416 2337 611 2377; x_wconf 88' lang='lat' dir='ltr'>coram</span> <span class='ocrx_word' id='word_1_162' title='bbox 644 2320 908 2380; x_wconf 89' lang='lat' dir='ltr'>Domino,</span> <span class='ocrx_word' id='word_1_163' title='bbox 943 2320 1036 2390; x_wconf 90' lang='lat' dir='ltr'>qui</span> <span class='ocrx_word' id='word_1_164' title='bbox 1070 2336 1176 2374; x_wconf 88' lang='lat' dir='ltr'>nos</span> <span class='ocrx_word' id='word_1_165' title='bbox 1200 2320 1568 2390; x_wconf 88' lang='lat' dir='ltr'>judicaturus</span> <span class='ocrx_word' id='word_1_166' title='bbox 1595 2326 1704 2388; x_wconf 86' lang='lat' dir='ltr'>est,</span> <span class='ocrx_word' id='word_1_167' title='bbox 1728 2321 1797 2376; x_wconf 85' lang='lat' dir='ltr'>de</span> <span class='ocrx_word' id='word_1_168' title='bbox 1821 2336 1886 2375; x_wconf 92' lang='lat' dir='ltr'>eo</span> <span class='ocrx_word' id='word_1_169' title='bbox 1909 2320 2062 2391; x_wconf 89' lang='lat' dir='ltr'>quod</span> 
     </span>
    </p>
   </div>
   <div class='ocr_carea' id='block_1_29' title="bbox 419 2409 2063 2479">
    <p class='ocr_par' dir='ltr' id='par_1_29' title="bbox 419 2409 2063 2479">
     <span class='ocr_line' id='line_1_29' title="bbox 419 2409 2063 2479; baseline -0.001 -13"><span class='ocrx_word' id='word_1_170' title='bbox 419 2409 628 2466; x_wconf 87' lang='lat' dir='ltr'>dicturi</span> <span class='ocrx_word' id='word_1_171' title='bbox 661 2422 864 2465; x_wconf 86' lang='lat' dir='ltr'>sumus</span> <span class='ocrx_word' id='word_1_172' title='bbox 895 2409 954 2464; x_wconf 91' lang='lat' dir='ltr'>in</span> <span class='ocrx_word' id='word_1_173' title='bbox 986 2409 1328 2479; x_wconf 88' lang='lat' dir='ltr'>diejudicii,</span> <span class='ocrx_word' id='word_1_174' title='bbox 1361 2409 1458 2465; x_wconf 90' lang='lat' dir='ltr'>hic</span> <span class='ocrx_word' id='word_1_175' title='bbox 1487 2413 1576 2465; x_wconf 89' lang='lat' dir='ltr'>est</span> <span class='ocrx_word' id='word_1_176' title='bbox 1607 2426 1816 2465; x_wconf 85' lang='lat' dir='ltr'>sensus</span> <span class='ocrx_word' id='word_1_177' title='bbox 1849 2414 2063 2466; x_wconf 88' lang='lat' dir='ltr'>noster.</span> 
     </span>
    </p>
   </div>
   <div class='ocr_carea' id='block_1_30' title="bbox 419 2497 2066 2570">
    <p class='ocr_par' dir='ltr' id='par_1_30' title="bbox 419 2497 2066 2570">
     <span class='ocr_line' id='line_1_30' title="bbox 419 2497 2066 2570; baseline -0.001 -14"><span class='ocrx_word' id='word_1_178' title='bbox 419 2501 546 2557; x_wconf 87' lang='lat' dir='ltr'>Non</span> <span class='ocrx_word' id='word_1_179' title='bbox 577 2500 868 2566; x_wconf 88' lang='lat' dir='ltr'>novimus,</span> <span class='ocrx_word' id='word_1_180' title='bbox 901 2514 1006 2555; x_wconf 89' lang='lat' dir='ltr'>nec</span> <span class='ocrx_word' id='word_1_181' title='bbox 1053 2497 1278 2553; x_wconf 88' lang='lat' dir='ltr'>scimus</span> <span class='ocrx_word' id='word_1_182' title='bbox 1310 2498 1492 2554; x_wconf 91' lang='lat' dir='ltr'>ullum</span> <span class='ocrx_word' id='word_1_183' title='bbox 1525 2516 1538 2566; x_wconf 92' lang='lat'>;</span> <span class='ocrx_word' id='word_1_184' title='bbox 1573 2516 1688 2555; x_wconf 85' lang='lat' dir='ltr'>non</span> <span class='ocrx_word' id='word_1_185' title='bbox 1720 2499 1870 2570; x_wconf 92' lang='lat' dir='ltr'>quod</span> <span class='ocrx_word' id='word_1_186' title='bbox 1903 2499 2066 2555; x_wconf 81' lang='lat' dir='ltr'>defe-</span> 
     </span>
    </p>
   </div>
   <div class='ocr_carea' id='block_1_31' title="bbox 420 2587 2068 2658">
    <p class='ocr_par' dir='ltr' id='par_1_31' title="bbox 420 2587 2068 2658">
     <span class='ocr_line' id='line_1_31' title="bbox 420 2587 2068 2658; baseline -0.002 -13"><span class='ocrx_word' id='word_1_187' title='bbox 420 2590 606 2645; x_wconf 87' lang='lat' dir='ltr'>cerint</span> <span class='ocrx_word' id='word_1_188' title='bbox 636 2587 743 2643; x_wconf 90' lang='lat' dir='ltr'>viri</span> <span class='ocrx_word' id='word_1_189' title='bbox 792 2587 874 2642; x_wconf 88' lang='lat' dir='ltr'>ita</span> <span class='ocrx_word' id='word_1_190' title='bbox 902 2592 960 2644; x_wconf 90' lang='lat' dir='ltr'>et</span> <span class='ocrx_word' id='word_1_191' title='bbox 989 2603 1256 2643; x_wconf 90' lang='lat' dir='ltr'>sermone</span> <span class='ocrx_word' id='word_1_192' title='bbox 1286 2587 1548 2644; x_wconf 85' lang='lat' dir='ltr'>illustres</span> <span class='ocrx_word' id='word_1_193' title='bbox 1598 2587 1763 2658; x_wconf 89' lang='lat' dir='ltr'>(sunt</span> <span class='ocrx_word' id='word_1_194' title='bbox 1810 2588 1966 2644; x_wconf 87' lang='lat' dir='ltr'>enim</span> <span class='ocrx_word' id='word_1_195' title='bbox 2012 2592 2068 2644; x_wconf 90' lang='lat' dir='ltr'>et</span> 
     </span>
    </p>
   </div>
   <div class='ocr_carea' id='block_1_32' title="bbox 423 2676 2066 2750">
    <p class='ocr_par' dir='ltr' id='par_1_32' title="bbox 423 2676 2066 2750">
     <span class='ocr_line' id='line_1_32' title="bbox 423 2676 2066 2750; baseline -0.001 -15"><span class='ocrx_word' id='word_1_196' title='bbox 423 2681 534 2735; x_wconf 90' lang='lat' dir='ltr'>Deo</span> <span class='ocrx_word' id='word_1_197' title='bbox 580 2679 863 2750; x_wconf 88' lang='lat' dir='ltr'>perspecti</span> <span class='ocrx_word' id='word_1_198' title='bbox 892 2684 945 2733; x_wconf 90' lang='lat' dir='ltr'>et</span> <span class='ocrx_word' id='word_1_199' title='bbox 975 2676 1333 2744; x_wconf 91' lang='lat' dir='ltr'>hominibus,</span> <span class='ocrx_word' id='word_1_200' title='bbox 1376 2678 1588 2750; x_wconf 90' lang='lat' dir='ltr'>impari</span> <span class='ocrx_word' id='word_1_201' title='bbox 1636 2677 1772 2733; x_wconf 88' lang='lat' dir='ltr'>licet</span> <span class='ocrx_word' id='word_1_202' title='bbox 1819 2677 2066 2747; x_wconf 86' lang='lat' dir='ltr'>ratione,</span> 
     </span>
    </p>
   </div>
   <div class='ocr_carea' id='block_1_33' title="bbox 425 2765 2070 2840">
    <p class='ocr_par' dir='ltr' id='par_1_33' title="bbox 425 2765 2070 2840">
     <span class='ocr_line' id='line_1_33' title="bbox 425 2765 2070 2840; baseline -0.001 -17"><span class='ocrx_word' id='word_1_203' title='bbox 425 2771 598 2838; x_wconf 87' lang='lat' dir='ltr'>atque</span> <span class='ocrx_word' id='word_1_204' title='bbox 645 2766 704 2822; x_wconf 91' lang='lat' dir='ltr'>in</span> <span class='ocrx_word' id='word_1_205' title='bbox 737 2765 943 2838; x_wconf 87' lang='lat' dir='ltr'>primis</span> <span class='ocrx_word' id='word_1_206' title='bbox 1001 2765 1285 2838; x_wconf 62' lang='lat' dir='ltr'>praeclaras</span> <span class='ocrx_word' id='word_1_207' title='bbox 1337 2767 1516 2823; x_wconf 88' lang='lat' dir='ltr'>menti</span> <span class='ocrx_word' id='word_1_208' title='bbox 1569 2768 1728 2840; x_wconf 71' lang='lat' dir='ltr'>tuae),</span> <span class='ocrx_word' id='word_1_209' title='bbox 1780 2768 1878 2824; x_wconf 90' lang='lat' dir='ltr'>sed</span> <span class='ocrx_word' id='word_1_210' title='bbox 1933 2767 2070 2838; x_wconf 90' lang='lat' dir='ltr'>quia</span> 
     </span>
    </p>
   </div>
   <div class='ocr_carea' id='block_1_34' title="bbox 427 2856 2067 2929">
    <p class='ocr_par' dir='ltr' id='par_1_34' title="bbox 427 2856 2067 2929">
     <span class='ocr_line' id='line_1_34' title="bbox 427 2856 2067 2929; baseline -0.002 -16"><span class='ocrx_word' id='word_1_211' title='bbox 427 2856 598 2913; x_wconf 85' lang='lat' dir='ltr'>talem</span> <span class='ocrx_word' id='word_1_212' title='bbox 631 2857 778 2912; x_wconf 89' lang='lat' dir='ltr'>ratio</span> <span class='ocrx_word' id='word_1_213' title='bbox 808 2856 1088 2928; x_wconf 86' lang='lat' dir='ltr'>deposcit,</span> <span class='ocrx_word' id='word_1_214' title='bbox 1119 2861 1176 2912; x_wconf 86' lang='lat' dir='ltr'>et</span> <span class='ocrx_word' id='word_1_215' title='bbox 1204 2856 1558 2914; x_wconf 89' lang='lat' dir='ltr'>desiderium</span> <span class='ocrx_word' id='word_1_216' title='bbox 1603 2857 1833 2929; x_wconf 89' lang='lat' dir='ltr'>imperii</span> <span class='ocrx_word' id='word_1_217' title='bbox 1863 2857 2067 2926; x_wconf 87' lang='lat' dir='ltr'>vestri,</span> 
     </span>
    </p>
   </div>
   <div class='ocr_carea' id='block_1_35' title="bbox 427 2946 2070 3018">
    <p class='ocr_par' dir='ltr' id='par_1_35' title="bbox 427 2946 2070 3018">
     <span class='ocr_line' id='line_1_35' title="bbox 427 2946 2070 3018; baseline 0 -15"><span class='ocrx_word' id='word_1_218' title='bbox 427 2946 524 3018; x_wconf 88' lang='lat' dir='ltr'>qui</span> <span class='ocrx_word' id='word_1_219' title='bbox 573 2946 752 3017; x_wconf 86' lang='lat' dir='ltr'>possit</span> <span class='ocrx_word' id='word_1_220' title='bbox 795 2947 970 3004; x_wconf 92' lang='lat' dir='ltr'>corde</span> <span class='ocrx_word' id='word_1_221' title='bbox 1018 2947 1268 3017; x_wconf 82' lang='lat' dir='ltr'>perfecto</span> <span class='ocrx_word' id='word_1_222' title='bbox 1309 2947 1761 3018; x_wconf 84' lang='lat' dir='ltr'>justiﬁcationes</span> <span class='ocrx_word' id='word_1_223' title='bbox 1815 2947 1915 3002; x_wconf 90' lang='lat' dir='ltr'>Dei</span> <span class='ocrx_word' id='word_1_224' title='bbox 1973 2963 2070 3004; x_wconf 83' lang='lat' dir='ltr'>ex—</span> 
     </span>
    </p>
   </div>
   <div class='ocr_carea' id='block_1_36' title="bbox 427 3035 2068 3108">
    <p class='ocr_par' dir='ltr' id='par_1_36' title="bbox 427 3035 2068 3108">
     <span class='ocr_line' id='line_1_36' title="bbox 427 3035 2068 3108; baseline 0.002 -18"><span class='ocrx_word' id='word_1_225' title='bbox 427 3037 688 3108; x_wconf 86' lang='lat' dir='ltr'>quirere;</span> <span class='ocrx_word' id='word_1_226' title='bbox 722 3035 819 3108; x_wconf 89' lang='lat' dir='ltr'>qui</span> <span class='ocrx_word' id='word_1_227' title='bbox 848 3037 1030 3108; x_wconf 89' lang='lat' dir='ltr'>gradu</span> <span class='ocrx_word' id='word_1_228' title='bbox 1055 3040 1228 3108; x_wconf 91' lang='lat' dir='ltr'>atque</span> <span class='ocrx_word' id='word_1_229' title='bbox 1247 3037 1446 3094; x_wconf 88' lang='lat' dir='ltr'>ordine</span> <span class='ocrx_word' id='word_1_230' title='bbox 1469 3037 1540 3092; x_wconf 93' lang='lat' dir='ltr'>ab</span> <span class='ocrx_word' id='word_1_231' title='bbox 1562 3036 1835 3093; x_wconf 83' lang='lat' dir='ltr'>inferiore</span> <span class='ocrx_word' id='word_1_232' title='bbox 1849 3037 2068 3094; x_wconf 89' lang='lat' dir='ltr'>sensim</span> 
     </span>
    </p>
   </div>
   <div class='ocr_carea' id='block_1_37' title="bbox 427 3115 2142 3199">
    <p class='ocr_par' dir='ltr' id='par_1_37' title="bbox 427 3115 2142 3199">
     <span class='ocr_line' id='line_1_37' title="bbox 427 3115 2142 3199; baseline 0 -18"><span class='ocrx_word' id='word_1_233' title='bbox 427 3127 498 3181; x_wconf 91' lang='lat' dir='ltr'>ad</span> <span class='ocrx_word' id='word_1_234' title='bbox 530 3126 884 3196; x_wconf 82' lang='lat' dir='ltr'>superiorem</span> <span class='ocrx_word' id='word_1_235' title='bbox 934 3126 1274 3195; x_wconf 85' lang='lat' dir='ltr'>ascenderit,</span> <span class='ocrx_word' id='word_1_236' title='bbox 1318 3127 1419 3198; x_wconf 90' lang='lat' dir='ltr'>qui</span> <span class='ocrx_word' id='word_1_237' title='bbox 1468 3131 1725 3184; x_wconf 87' lang='lat' dir='ltr'>tentatus</span> <span class='ocrx_word' id='word_1_238' title='bbox 1765 3127 1940 3184; x_wconf 83' lang='lat' dir='ltr'>fuerit</span> <span class='ocrx_word' id='word_1_239' title='bbox 1969 3143 2069 3199; x_wconf 86' lang='lat' dir='ltr'>per</span> <span class='ocrx_word' id='word_1_240' title='bbox 2100 3115 2142 3181; x_wconf 88' lang='lat' dir='ltr'>C</span> 
     </span>
    </p>
   </div>
   <div class='ocr_carea' id='block_1_38' title="bbox 428 3215 2074 3289">
    <p class='ocr_par' dir='ltr' id='par_1_38' title="bbox 428 3215 2074 3289">
     <span class='ocr_line' id='line_1_38' title="bbox 428 3215 2074 3289; baseline 0 -17"><span class='ocrx_word' id='word_1_241' title='bbox 428 3216 646 3284; x_wconf 88' lang='lat' dir='ltr'>omnia,</span> <span class='ocrx_word' id='word_1_242' title='bbox 678 3215 779 3287; x_wconf 91' lang='lat' dir='ltr'>qui</span> <span class='ocrx_word' id='word_1_243' title='bbox 838 3231 906 3272; x_wconf 85' lang='lat' dir='ltr'>ex</span> <span class='ocrx_word' id='word_1_244' title='bbox 961 3215 1046 3271; x_wconf 90' lang='lat' dir='ltr'>eis</span> <span class='ocrx_word' id='word_1_245' title='bbox 1077 3232 1206 3287; x_wconf 66' lang='lat' dir='ltr'>quas</span> <span class='ocrx_word' id='word_1_246' title='bbox 1235 3233 1445 3288; x_wconf 85' lang='lat' dir='ltr'>passus</span> <span class='ocrx_word' id='word_1_247' title='bbox 1476 3223 1587 3284; x_wconf 86' lang='lat' dir='ltr'>est,</span> <span class='ocrx_word' id='word_1_248' title='bbox 1619 3218 1855 3274; x_wconf 88' lang='lat' dir='ltr'>tentatis</span> <span class='ocrx_word' id='word_1_249' title='bbox 1885 3218 2074 3289; x_wconf 87' lang='lat' dir='ltr'>possit</span> 
     </span>
    </p>
   </div>
   <div class='ocr_carea' id='block_1_39' title="bbox 428 3303 2072 3378">
    <p class='ocr_par' dir='ltr' id='par_1_39' title="bbox 428 3303 2072 3378">
     <span class='ocr_line' id='line_1_39' title="bbox 428 3303 2072 3378; baseline 0.001 -18"><span class='ocrx_word' id='word_1_250' title='bbox 428 3320 595 3376; x_wconf 90' lang='lat' dir='ltr'>opem</span> <span class='ocrx_word' id='word_1_251' title='bbox 629 3305 776 3360; x_wconf 81' lang='lat' dir='ltr'>ferre</span> <span class='ocrx_word' id='word_1_252' title='bbox 804 3303 870 3357; x_wconf 73' lang='lat'>‘7.</span> <span class='ocrx_word' id='word_1_253' title='bbox 903 3305 973 3360; x_wconf 88' lang='lat' dir='ltr'>Et</span> <span class='ocrx_word' id='word_1_254' title='bbox 1003 3304 1136 3376; x_wconf 88' lang='lat' dir='ltr'>quid</span> <span class='ocrx_word' id='word_1_255' title='bbox 1173 3305 1369 3361; x_wconf 87' lang='lat' dir='ltr'>multis</span> <span class='ocrx_word' id='word_1_256' title='bbox 1400 3307 1551 3377; x_wconf 87' lang='lat' dir='ltr'>apud</span> <span class='ocrx_word' id='word_1_257' title='bbox 1597 3311 1652 3362; x_wconf 89' lang='lat' dir='ltr'>te</span> <span class='ocrx_word' id='word_1_258' title='bbox 1695 3306 1885 3363; x_wconf 89' lang='lat' dir='ltr'>verbis</span> <span class='ocrx_word' id='word_1_259' title='bbox 1924 3322 2072 3378; x_wconf 88' lang='lat' dir='ltr'>opus</span> 
     </span>
    </p>
   </div>
   <div class='ocr_carea' id='block_1_40' title="bbox 430 3394 2072 3469">
    <p class='ocr_par' dir='ltr' id='par_1_40' title="bbox 430 3394 2072 3469">
     <span class='ocr_line' id='line_1_40' title="bbox 430 3394 2072 3469; baseline 0 -18"><span class='ocrx_word' id='word_1_260' title='bbox 430 3400 520 3451; x_wconf 88' lang='lat' dir='ltr'>est</span> <span class='ocrx_word' id='word_1_261' title='bbox 551 3394 648 3465; x_wconf 90' lang='lat' dir='ltr'>qui</span> <span class='ocrx_word' id='word_1_262' title='bbox 679 3395 878 3450; x_wconf 88' lang='lat' dir='ltr'>omnia</span> <span class='ocrx_word' id='word_1_263' title='bbox 907 3395 1082 3464; x_wconf 89' lang='lat' dir='ltr'>nosti,</span> <span class='ocrx_word' id='word_1_264' title='bbox 1115 3398 1173 3450; x_wconf 89' lang='lat' dir='ltr'>et</span> <span class='ocrx_word' id='word_1_265' title='bbox 1200 3411 1269 3452; x_wconf 82' lang='lat' dir='ltr'>ex</span> <span class='ocrx_word' id='word_1_266' title='bbox 1299 3396 1382 3451; x_wconf 86' lang='lat' dir='ltr'>tui</span> <span class='ocrx_word' id='word_1_267' title='bbox 1413 3396 1599 3467; x_wconf 87' lang='lat' dir='ltr'>ipsius</span> <span class='ocrx_word' id='word_1_268' title='bbox 1619 3401 1772 3452; x_wconf 89' lang='lat' dir='ltr'>statu</span> <span class='ocrx_word' id='word_1_269' title='bbox 1796 3414 1862 3453; x_wconf 88' lang='lat' dir='ltr'>ac</span> <span class='ocrx_word' id='word_1_270' title='bbox 1887 3395 2072 3469; x_wconf 74' lang='lat' dir='ltr'>digni-</span> 
     </span>
    </p>
   </div>
   <div class='ocr_carea' id='block_1_41' title="bbox 430 3483 2077 3557">
    <p class='ocr_par' dir='ltr' id='par_1_41' title="bbox 430 3483 2077 3557">
     <span class='ocr_line' id='line_1_41' title="bbox 430 3483 2077 3557; baseline 0.001 -17"><span class='ocrx_word' id='word_1_271' title='bbox 430 3489 547 3540; x_wconf 86' lang='lat' dir='ltr'>tate</span> <span class='ocrx_word' id='word_1_272' title='bbox 587 3488 820 3540; x_wconf 87' lang='lat' dir='ltr'>tantum</span> <span class='ocrx_word' id='word_1_273' title='bbox 870 3483 1063 3539; x_wconf 90' lang='lat' dir='ltr'>virum</span> <span class='ocrx_word' id='word_1_274' title='bbox 1123 3485 1228 3540; x_wconf 90' lang='lat' dir='ltr'>tibi</span> <span class='ocrx_word' id='word_1_275' title='bbox 1287 3487 1709 3557; x_wconf 61' lang='lat' dir='ltr'>repraesentes?</span> <span class='ocrx_word' id='word_1_276' title='bbox 1757 3487 2077 3543; x_wconf 77' lang='lat' dir='ltr'>Praelucere</span> 
     </span>
    </p>
   </div>
   <div class='ocr_carea' id='block_1_42' title="bbox 433 3572 2074 3645">
    <p class='ocr_par' dir='ltr' id='par_1_42' title="bbox 433 3572 2074 3645">
     <span class='ocr_line' id='line_1_42' title="bbox 433 3572 2074 3645; baseline -0.001 -15"><span class='ocrx_word' id='word_1_277' title='bbox 433 3572 656 3630; x_wconf 66' lang='lat' dir='ltr'>cateris</span> <span class='ocrx_word' id='word_1_278' title='bbox 687 3575 914 3645; x_wconf 86' lang='lat' dir='ltr'>oportet</span> <span class='ocrx_word' id='word_1_279' title='bbox 962 3591 1079 3630; x_wconf 89' lang='lat' dir='ltr'>non</span> <span class='ocrx_word' id='word_1_280' title='bbox 1109 3589 1279 3630; x_wconf 90' lang='lat' dir='ltr'>secus</span> <span class='ocrx_word' id='word_1_281' title='bbox 1323 3592 1390 3631; x_wconf 92' lang='lat' dir='ltr'>ac</span> <span class='ocrx_word' id='word_1_282' title='bbox 1432 3576 1614 3632; x_wconf 89' lang='lat' dir='ltr'>solem</span> <span class='ocrx_word' id='word_1_283' title='bbox 1665 3578 1816 3632; x_wconf 86' lang='lat' dir='ltr'>inter</span> <span class='ocrx_word' id='word_1_284' title='bbox 1861 3577 2074 3633; x_wconf 88' lang='lat' dir='ltr'>sidera.</span> 
     </span>
    </p>
   </div>
   <div class='ocr_carea' id='block_1_43' title="bbox 433 3662 2076 3739">
    <p class='ocr_par' dir='ltr' id='par_1_43' title="bbox 433 3662 2076 3739">
     <span class='ocr_line' id='line_1_43' title="bbox 433 3662 2076 3739; baseline 0 -19"><span class='ocrx_word' id='word_1_285' title='bbox 433 3668 574 3720; x_wconf 90' lang='lat' dir='ltr'>Cum</span> <span class='ocrx_word' id='word_1_286' title='bbox 616 3663 796 3735; x_wconf 83' lang='lat' dir='ltr'>igitur</span> <span class='ocrx_word' id='word_1_287' title='bbox 824 3662 996 3720; x_wconf 89' lang='lat' dir='ltr'>talem</span> <span class='ocrx_word' id='word_1_288' title='bbox 1048 3680 1165 3721; x_wconf 88' lang='lat' dir='ltr'>non</span> <span class='ocrx_word' id='word_1_289' title='bbox 1213 3664 1538 3728; x_wconf 89' lang='lat' dir='ltr'>videamus,</span> <span class='ocrx_word' id='word_1_290' title='bbox 1583 3683 1689 3723; x_wconf 91' lang='lat' dir='ltr'>nec</span> <span class='ocrx_word' id='word_1_291' title='bbox 1736 3667 2076 3739; x_wconf 69' lang='lat' dir='ltr'>suffragium</span> 
     </span>
    </p>
   </div>
   <div class='ocr_carea' id='block_1_44' title="bbox 433 3753 2079 3812">
    <p class='ocr_par' dir='ltr' id='par_1_44' title="bbox 433 3753 2079 3812">
     <span class='ocr_line' id='line_1_44' title="bbox 433 3753 2079 3812; baseline 0 -2"><span class='ocrx_word' id='word_1_292' title='bbox 433 3755 582 3810; x_wconf 82' lang='lat' dir='ltr'>ferre</span> <span class='ocrx_word' id='word_1_293' title='bbox 612 3753 920 3810; x_wconf 79' lang='lat' dir='ltr'>audemus.</span> <span class='ocrx_word' id='word_1_294' title='bbox 955 3753 1074 3810; x_wconf 89' lang='lat' dir='ltr'>Hoc</span> <span class='ocrx_word' id='word_1_295' title='bbox 1103 3771 1236 3810; x_wconf 87' lang='lat' dir='ltr'>vero</span> <span class='ocrx_word' id='word_1_296' title='bbox 1276 3756 1572 3812; x_wconf 58' lang='lat' dir='ltr'>memoria)</span> <span class='ocrx_word' id='word_1_297' title='bbox 1601 3772 1775 3812; x_wconf 82' lang='lat' dir='ltr'>causa</span> <span class='ocrx_word' id='word_1_298' title='bbox 1810 3771 1926 3811; x_wconf 92' lang='lat' dir='ltr'>non</span> <span class='ocrx_word' id='word_1_299' title='bbox 1952 3756 2079 3811; x_wconf 90' lang='lat' dir='ltr'>sine</span> 
     </span>
    </p>
   </div>
   <div class='ocr_carea' id='block_1_45' title="bbox 436 3842 2080 3918">
    <p class='ocr_par' dir='ltr' id='par_1_45' title="bbox 436 3842 2080 3918">
     <span class='ocr_line' id='line_1_45' title="bbox 436 3842 2080 3918; baseline 0.001 -19"><span class='ocrx_word' id='word_1_300' title='bbox 436 3847 591 3900; x_wconf 87' lang='lat' dir='ltr'>metu</span> <span class='ocrx_word' id='word_1_301' title='bbox 621 3846 679 3897; x_wconf 91' lang='lat' dir='ltr'>et</span> <span class='ocrx_word' id='word_1_302' title='bbox 709 3842 1024 3900; x_wconf 83' lang='lat' dir='ltr'>reverentia</span> <span class='ocrx_word' id='word_1_303' title='bbox 1062 3845 1453 3916; x_wconf 80' lang='lat' dir='ltr'>suggerimus,</span> <span class='ocrx_word' id='word_1_304' title='bbox 1495 3845 1647 3918; x_wconf 88' lang='lat' dir='ltr'>quod</span> <span class='ocrx_word' id='word_1_305' title='bbox 1680 3845 1875 3915; x_wconf 90' lang='lat' dir='ltr'>ipsum</span> <span class='ocrx_word' id='word_1_306' title='bbox 1909 3844 2080 3917; x_wconf 86' lang='lat' dir='ltr'>plane</span> 
     </span>
    </p>
   </div>
   <div class='ocr_carea' id='block_1_46' title="bbox 438 3930 2079 4006">
    <p class='ocr_par' dir='ltr' id='par_1_46' title="bbox 438 3930 2079 4006">
     <span class='ocr_line' id='line_1_46' title="bbox 438 3930 2079 4006; baseline 0.001 -18"><span class='ocrx_word' id='word_1_307' title='bbox 438 3947 551 3988; x_wconf 90' lang='lat' dir='ltr'>non</span> <span class='ocrx_word' id='word_1_308' title='bbox 575 3932 723 4004; x_wconf 84' lang='lat' dir='ltr'>fugit</span> <span class='ocrx_word' id='word_1_309' title='bbox 735 3930 1151 4002; x_wconf 88' lang='lat' dir='ltr'>peritissimam</span> <span class='ocrx_word' id='word_1_310' title='bbox 1169 3937 1226 3988; x_wconf 91' lang='lat' dir='ltr'>et</span> <span class='ocrx_word' id='word_1_311' title='bbox 1239 3933 1493 3990; x_wconf 89' lang='lat' dir='ltr'>divinam</span> <span class='ocrx_word' id='word_1_312' title='bbox 1511 3934 1880 4006; x_wconf 88' lang='lat' dir='ltr'>prudentiam</span> <span class='ocrx_word' id='word_1_313' title='bbox 1893 3938 2079 4002; x_wconf 84' lang='lat' dir='ltr'>tuam;</span> 
     </span>
    </p>
   </div>
   <div class='ocr_carea' id='block_1_47' title="bbox 439 4022 2084 4097">
    <p class='ocr_par' dir='ltr' id='par_1_47' title="bbox 439 4022 2084 4097">
     <span class='ocr_line' id='line_1_47' title="bbox 439 4022 2084 4097; baseline 0.001 -20"><span class='ocrx_word' id='word_1_314' title='bbox 439 4026 503 4077; x_wconf 92' lang='lat' dir='ltr'>ut</span> <span class='ocrx_word' id='word_1_315' title='bbox 532 4037 598 4077; x_wconf 80' lang='lat' dir='ltr'>ex</span> <span class='ocrx_word' id='word_1_316' title='bbox 627 4022 914 4092; x_wconf 88' lang='lat' dir='ltr'>episcopis</span> <span class='ocrx_word' id='word_1_317' title='bbox 961 4023 1138 4077; x_wconf 87' lang='lat' dir='ltr'>etiam</span> <span class='ocrx_word' id='word_1_318' title='bbox 1179 4028 1235 4078; x_wconf 86' lang='lat' dir='ltr'>et</span> <span class='ocrx_word' id='word_1_319' title='bbox 1265 4040 1332 4078; x_wconf 83' lang='lat' dir='ltr'>ex</span> <span class='ocrx_word' id='word_1_320' title='bbox 1363 4023 1706 4096; x_wconf 73' lang='lat' dir='ltr'>praepositis,</span> <span class='ocrx_word' id='word_1_321' title='bbox 1747 4029 1804 4080; x_wconf 88' lang='lat' dir='ltr'>et</span> <span class='ocrx_word' id='word_1_322' title='bbox 1851 4041 1918 4079; x_wconf 83' lang='lat' dir='ltr'>ex</span> <span class='ocrx_word' id='word_1_323' title='bbox 1965 4030 2084 4097; x_wconf 88' lang='lat' dir='ltr'>sty-</span> 
     </span>
    </p>
   </div>
   <div class='ocr_carea' id='block_1_48' title="bbox 438 4097 2082 4181">
    <p class='ocr_par' dir='ltr' id='par_1_48' title="bbox 438 4097 2082 4181">
     <span class='ocr_line' id='line_1_48' title="bbox 438 4097 2082 4181; baseline 0.001 -14"><span class='ocrx_word' id='word_1_324' title='bbox 438 4112 578 4180; x_wconf 90' lang='lat' dir='ltr'>litis,</span> <span class='ocrx_word' id='word_1_325' title='bbox 607 4114 664 4166; x_wconf 88' lang='lat' dir='ltr'>et</span> <span class='ocrx_word' id='word_1_326' title='bbox 693 4127 762 4166; x_wconf 79' lang='lat' dir='ltr'>ex</span> <span class='ocrx_word' id='word_1_327' title='bbox 791 4109 1052 4181; x_wconf 79' lang='lat' dir='ltr'>inclusis,</span> <span class='ocrx_word' id='word_1_328' title='bbox 1086 4115 1206 4167; x_wconf 92' lang='lat' dir='ltr'>tum</span> <span class='ocrx_word' id='word_1_329' title='bbox 1256 4113 1466 4170; x_wconf 90' lang='lat' dir='ltr'>deinde</span> <span class='ocrx_word' id='word_1_330' title='bbox 1497 4130 1566 4170; x_wconf 88' lang='lat' dir='ltr'>ex</span> <span class='ocrx_word' id='word_1_331' title='bbox 1609 4114 1762 4171; x_wconf 88' lang='lat' dir='ltr'>clero</span> <span class='ocrx_word' id='word_1_332' title='bbox 1781 4097 2082 4171; x_wconf 57' lang='lat' dir='ltr'>&#39;delectum</span> 
     </span>
    </p>
   </div>
   <div class='ocr_carea' id='block_1_49' title="bbox 438 4199 2082 4276">
    <p class='ocr_par' dir='ltr' id='par_1_49' title="bbox 438 4199 2082 4276">
     <span class='ocr_line' id='line_1_49' title="bbox 438 4199 2082 4276; baseline 0.002 -20"><span class='ocrx_word' id='word_1_333' title='bbox 438 4201 680 4264; x_wconf 81' lang='lat' dir='ltr'>habens,</span> <span class='ocrx_word' id='word_1_334' title='bbox 712 4217 781 4256; x_wconf 87' lang='lat' dir='ltr'>ex</span> <span class='ocrx_word' id='word_1_335' title='bbox 807 4199 924 4256; x_wconf 90' lang='lat' dir='ltr'>illis</span> <span class='ocrx_word' id='word_1_336' title='bbox 955 4201 1097 4270; x_wconf 87' lang='lat' dir='ltr'>ipsis</span> <span class='ocrx_word' id='word_1_337' title='bbox 1132 4203 1396 4272; x_wconf 87' lang='lat' dir='ltr'>perfectis</span> <span class='ocrx_word' id='word_1_338' title='bbox 1425 4205 1720 4272; x_wconf 89' lang='lat' dir='ltr'>desumas,</span> <span class='ocrx_word' id='word_1_339' title='bbox 1754 4203 2082 4276; x_wconf 87' lang='lat' dir='ltr'>prudentia,</span> 
     </span>
    </p>
   </div>
   <div class='ocr_carea' id='block_1_50' title="bbox 439 4288 2085 4362">
    <p class='ocr_par' dir='ltr' id='par_1_50' title="bbox 439 4288 2085 4362">
     <span class='ocr_line' id='line_1_50' title="bbox 439 4288 2085 4362; baseline 0.001 -16"><span class='ocrx_word' id='word_1_340' title='bbox 439 4307 636 4356; x_wconf 89' lang='lat' dir='ltr'>sensu,</span> <span class='ocrx_word' id='word_1_341' title='bbox 685 4306 751 4345; x_wconf 89' lang='lat' dir='ltr'>ac</span> <span class='ocrx_word' id='word_1_342' title='bbox 796 4288 912 4345; x_wconf 90' lang='lat' dir='ltr'>vita</span> <span class='ocrx_word' id='word_1_343' title='bbox 951 4290 1171 4346; x_wconf 84' lang='lat' dir='ltr'>caeteris</span> <span class='ocrx_word' id='word_1_344' title='bbox 1220 4295 1670 4362; x_wconf 62' lang='lat' dir='ltr'>praestantiores.</span> <span class='ocrx_word' id='word_1_345' title='bbox 1723 4295 2085 4352; x_wconf 85' lang='lat' dir='ltr'>Descendant</span> 
     </span>
    </p>
   </div>
   <div class='ocr_carea' id='block_1_51' title="bbox 440 4378 2088 4456">
    <p class='ocr_par' dir='ltr' id='par_1_51' title="bbox 440 4378 2088 4456">
     <span class='ocr_line' id='line_1_51' title="bbox 440 4378 2088 4456; baseline 0.002 -21"><span class='ocrx_word' id='word_1_346' title='bbox 440 4380 598 4436; x_wconf 91' lang='lat' dir='ltr'>enim</span> <span class='ocrx_word' id='word_1_347' title='bbox 640 4378 870 4450; x_wconf 64' lang='lat' dir='ltr'>stylita,</span> <span class='ocrx_word' id='word_1_348' title='bbox 902 4385 1107 4436; x_wconf 86' lang='lat' dir='ltr'>exeant</span> <span class='ocrx_word' id='word_1_349' title='bbox 1157 4382 1402 4451; x_wconf 89' lang='lat' dir='ltr'>inclusi;</span> <span class='ocrx_word' id='word_1_350' title='bbox 1446 4385 1922 4456; x_wconf 89' lang='lat' dir='ltr'>quandoquidem</span> <span class='ocrx_word' id='word_1_351' title='bbox 1972 4399 2088 4455; x_wconf 94' lang='lat' dir='ltr'>pu-</span> 
     </span>
    </p>
   </div>
   <div class='ocr_carea' id='block_1_52' title="bbox 2236 980 3830 1057">
    <p class='ocr_par' dir='ltr' id='par_1_52' title="bbox 2236 980 3830 1057">
     <span class='ocr_line' id='line_1_52' title="bbox 2236 980 3830 1057; baseline -0.003 -20"><span class='ocrx_word' id='word_1_352' title='bbox 2236 981 2509 1054; x_wconf 77' lang='grc' dir='ltr'>’Έμελλεν</span> <span class='ocrx_word' id='word_1_353' title='bbox 2544 983 2571 1036; x_wconf 85' lang='grc' dir='ltr'>ὁ</span> <span class='ocrx_word' id='word_1_354' title='bbox 2601 982 2806 1057; x_wconf 85' lang='grc' dir='ltr'>ἀγαθὸς</span> <span class='ocrx_word' id='word_1_355' title='bbox 2837 982 2967 1043; x_wconf 83' lang='grc' dir='ltr'>Θεὸς</span> <span class='ocrx_word' id='word_1_356' title='bbox 2997 984 3156 1054; x_wconf 81' lang='grc' dir='ltr'>ἡμῶν</span> <span class='ocrx_word' id='word_1_357' title='bbox 3189 988 3291 1051; x_wconf 77' lang='grc' dir='ltr'>τῆς</span> <span class='ocrx_word' id='word_1_358' title='bbox 3341 983 3536 1035; x_wconf 75' lang='grc' dir='ltr'>ἑαυτοῦ</span> <span class='ocrx_word' id='word_1_359' title='bbox 3569 980 3830 1048; x_wconf 85' lang='grc' dir='ltr'>Ἐκκλη-</span> 
     </span>
    </p>
   </div>
   <div class='ocr_carea' id='block_1_53' title="bbox 2164 1065 3825 1146">
    <p class='ocr_par' dir='ltr' id='par_1_53' title="bbox 2164 1065 3825 1146">
     <span class='ocr_line' id='line_1_53' title="bbox 2164 1065 3825 1146; baseline -0.001 -20"><span class='ocrx_word' id='word_1_360' title='bbox 2164 1071 2279 1133; x_wconf 89' lang='grc' dir='ltr'>σίας</span> <span class='ocrx_word' id='word_1_361' title='bbox 2365 1072 2688 1146; x_wconf 71' lang='grc' dir='ltr'>φροντίζων,</span> <span class='ocrx_word' id='word_1_362' title='bbox 2746 1072 2844 1140; x_wconf 84' lang='grc' dir='ltr'>τήν</span> <span class='ocrx_word' id='word_1_363' title='bbox 2908 1071 3168 1143; x_wconf 76' lang='grc' dir='ltr'>ὑμετέραν</span> <span class='ocrx_word' id='word_1_364' title='bbox 3226 1065 3503 1125; x_wconf 77' lang='grc' dir='ltr'>εὐσέϐειαν</span> <span class='ocrx_word' id='word_1_365' title='bbox 3561 1068 3659 1124; x_wconf 82' lang='grc' dir='ltr'>ἐπὶ</span> <span class='ocrx_word' id='word_1_366' title='bbox 3722 1077 3825 1139; x_wconf 79' lang='grc' dir='ltr'>τῆς</span> 
     </span>
    </p>
   </div>
   <div class='ocr_carea' id='block_1_54' title="bbox 2163 1157 3827 1235">
    <p class='ocr_par' dir='ltr' id='par_1_54' title="bbox 2163 1157 3827 1235">
     <span class='ocr_line' id='line_1_54' title="bbox 2163 1157 3827 1235; baseline -0.001 -21"><span class='ocrx_word' id='word_1_367' title='bbox 2163 1160 2442 1234; x_wconf 76' lang='grc' dir='ltr'>παρούσης</span> <span class='ocrx_word' id='word_1_368' title='bbox 2478 1166 2661 1232; x_wconf 78' lang='grc' dir='ltr'>γενεᾶς</span> <span class='ocrx_word' id='word_1_369' title='bbox 2707 1161 3112 1234; x_wconf 79' lang='grc' dir='ltr'>προστήσασθαι</span> <span class='ocrx_word' id='word_1_370' title='bbox 3169 1157 3471 1235; x_wconf 78' lang='grc' dir='ltr'>βασιλεύειν</span> <span class='ocrx_word' id='word_1_371' title='bbox 3521 1164 3635 1214; x_wconf 82' lang='grc' dir='ltr'>τῶν</span> <span class='ocrx_word' id='word_1_372' title='bbox 3691 1167 3827 1231; x_wconf 78' lang='grc' dir='ltr'>Χρι-</span> 
     </span>
    </p>
   </div>
   <div class='ocr_carea' id='block_1_55' title="bbox 2166 1245 3822 1324">
    <p class='ocr_par' dir='ltr' id='par_1_55' title="bbox 2166 1245 3822 1324">
     <span class='ocr_line' id='line_1_55' title="bbox 2166 1245 3822 1324; baseline -0.001 -21"><span class='ocrx_word' id='word_1_373' title='bbox 2166 1254 2395 1304; x_wconf 86' lang='grc' dir='ltr'>στιανῶν</span> <span class='ocrx_word' id='word_1_374' title='bbox 2422 1270 2434 1284; x_wconf 87' lang='grc'><strong>·</strong></span> <span class='ocrx_word' id='word_1_375' title='bbox 2482 1250 2574 1303; x_wconf 83' lang='grc' dir='ltr'>ἳνα</span> <span class='ocrx_word' id='word_1_376' title='bbox 2627 1249 2702 1321; x_wconf 90' lang='grc' dir='ltr'>μή</span> <span class='ocrx_word' id='word_1_377' title='bbox 2756 1249 2919 1322; x_wconf 90' lang='grc' dir='ltr'>μόνον</span> <span class='ocrx_word' id='word_1_378' title='bbox 2948 1250 2982 1317; x_wconf 80' lang='grc' dir='ltr'>ἡ</span> <span class='ocrx_word' id='word_1_379' title='bbox 3015 1252 3256 1322; x_wconf 81' lang='grc' dir='ltr'>κοσμική</span> <span class='ocrx_word' id='word_1_380' title='bbox 3290 1249 3435 1324; x_wconf 77' lang='grc' dir='ltr'>ἀρχὴ</span> <span class='ocrx_word' id='word_1_381' title='bbox 3471 1247 3526 1302; x_wconf 77' lang='grc' dir='ltr'>εὖ</span> <span class='ocrx_word' id='word_1_382' title='bbox 3559 1245 3822 1320; x_wconf 79' lang='grc' dir='ltr'>διατεθῇ,</span> 
     </span>
    </p>
   </div>
   <div class='ocr_carea' id='block_1_56' title="bbox 2165 1337 3827 1412">
    <p class='ocr_par' dir='ltr' id='par_1_56' title="bbox 2165 1337 3827 1412">
     <span class='ocr_line' id='line_1_56' title="bbox 2165 1337 3827 1412; baseline -0.001 -19"><span class='ocrx_word' id='word_1_383' title='bbox 2165 1344 2343 1402; x_wconf 86' lang='grc' dir='ltr'>κακῶς</span> <span class='ocrx_word' id='word_1_384' title='bbox 2390 1337 2725 1412; x_wconf 76' lang='grc' dir='ltr'>διακειμένη,</span> <span class='ocrx_word' id='word_1_385' title='bbox 2782 1337 2928 1393; x_wconf 81' lang='grc' dir='ltr'>ἀλλὰ</span> <span class='ocrx_word' id='word_1_386' title='bbox 2994 1339 3083 1392; x_wconf 73' lang='grc' dir='ltr'>καὶ</span> <span class='ocrx_word' id='word_1_387' title='bbox 3138 1340 3166 1407; x_wconf 71' lang='grc' dir='ltr'>ἦ</span> <span class='ocrx_word' id='word_1_388' title='bbox 3225 1338 3362 1392; x_wconf 77' lang='grc' dir='ltr'>κατὰ</span> <span class='ocrx_word' id='word_1_389' title='bbox 3409 1340 3508 1408; x_wconf 77' lang='grc' dir='ltr'>τὴν</span> <span class='ocrx_word' id='word_1_390' title='bbox 3566 1337 3827 1405; x_wconf 83' lang='grc' dir='ltr'>Ἐκκλη-</span> 
     </span>
    </p>
   </div>
   <div class='ocr_carea' id='block_1_57' title="bbox 2168 1424 3827 1504">
    <p class='ocr_par' dir='ltr' id='par_1_57' title="bbox 2168 1424 3827 1504">
     <span class='ocr_line' id='line_1_57' title="bbox 2168 1424 3827 1504; baseline -0.002 -21"><span class='ocrx_word' id='word_1_391' title='bbox 2168 1429 2283 1483; x_wconf 92' lang='grc' dir='ltr'>σίαν</span> <span class='ocrx_word' id='word_1_392' title='bbox 2344 1428 2632 1504; x_wconf 80' lang='grc' dir='ltr'>ἡγεμονία,</span> <span class='ocrx_word' id='word_1_393' title='bbox 2691 1427 2737 1482; x_wconf 74' lang='grc' dir='ltr'>έί</span> <span class='ocrx_word' id='word_1_394' title='bbox 2792 1449 2846 1482; x_wconf 91' lang='grc' dir='ltr'>τι</span> <span class='ocrx_word' id='word_1_395' title='bbox 2905 1424 3100 1491; x_wconf 80' lang='grc' dir='ltr'>ἐνδεῶς</span> <span class='ocrx_word' id='word_1_396' title='bbox 3164 1425 3290 1498; x_wconf 83' lang='grc' dir='ltr'>ἔξει,</span> <span class='ocrx_word' id='word_1_397' title='bbox 3348 1426 3674 1504; x_wconf 82' lang='grc' dir='ltr'>ἀνορθωθῇ,</span> <span class='ocrx_word' id='word_1_398' title='bbox 3736 1428 3827 1480; x_wconf 85' lang='grc' dir='ltr'><strong>καί</strong></span> 
     </span>
    </p>
   </div>
   <div class='ocr_carea' id='block_1_58' title="bbox 2166 1515 3827 1597">
    <p class='ocr_par' dir='ltr' id='par_1_58' title="bbox 2166 1515 3827 1597">
     <span class='ocr_line' id='line_1_58' title="bbox 2166 1515 3827 1597; baseline -0.002 -25"><span class='ocrx_word' id='word_1_399' title='bbox 2166 1517 2282 1572; x_wconf 90' lang='grc' dir='ltr'>νέον</span> <span class='ocrx_word' id='word_1_400' title='bbox 2311 1539 2429 1580; x_wconf 90' lang='grc' dir='ltr'>πως</span> <span class='ocrx_word' id='word_1_401' title='bbox 2471 1517 2692 1597; x_wconf 71' lang='grc' dir='ltr'>φύραμα</span> <span class='ocrx_word' id='word_1_402' title='bbox 2740 1516 2961 1591; x_wconf 82' lang='grc' dir='ltr'>γένηται</span> <span class='ocrx_word' id='word_1_403' title='bbox 3014 1515 3066 1571; x_wconf 82' lang='grc' dir='ltr'>έν</span> <span class='ocrx_word' id='word_1_404' title='bbox 3115 1515 3487 1595; x_wconf 67' lang='grc' dir='ltr'>ἀμφοτέροις.</span> <span class='ocrx_word' id='word_1_405' title='bbox 3539 1517 3722 1587; x_wconf 76' lang='grc' dir='ltr'>Ὅπερ</span> <span class='ocrx_word' id='word_1_406' title='bbox 3757 1519 3827 1587; x_wconf 79' lang='grc' dir='ltr'>τῇ</span> 
     </span>
    </p>
   </div>
   <div class='ocr_carea' id='block_1_59' title="bbox 2168 1603 3824 1682">
    <p class='ocr_par' dir='ltr' id='par_1_59' title="bbox 2168 1603 3824 1682">
     <span class='ocr_line' id='line_1_59' title="bbox 2168 1603 3824 1682; baseline -0.002 -22"><span class='ocrx_word' id='word_1_407' title='bbox 2168 1605 2332 1662; x_wconf 81' lang='grc' dir='ltr'>αὑτοῦ</span> <span class='ocrx_word' id='word_1_408' title='bbox 2362 1606 2550 1682; x_wconf 86' lang='grc' dir='ltr'>χάριτι</span> <span class='ocrx_word' id='word_1_409' title='bbox 2598 1608 2952 1682; x_wconf 83' lang='grc' dir='ltr'>κατώρθωκεν</span> <span class='ocrx_word' id='word_1_410' title='bbox 3005 1604 3056 1659; x_wconf 81' lang='grc' dir='ltr'>ἐν</span> <span class='ocrx_word' id='word_1_411' title='bbox 3103 1610 3183 1676; x_wconf 75' lang='grc' dir='ltr'>τῷ</span> <span class='ocrx_word' id='word_1_412' title='bbox 3232 1604 3309 1660; x_wconf 79' lang='grc' dir='ltr'>ένῖ</span> <span class='ocrx_word' id='word_1_413' title='bbox 3363 1606 3512 1678; x_wconf 89' lang='grc' dir='ltr'>μέρει</span> <span class='ocrx_word' id='word_1_414' title='bbox 3564 1606 3600 1673; x_wconf 82' lang='grc' dir='ltr'><strong>ἠ</strong></span> <span class='ocrx_word' id='word_1_415' title='bbox 3655 1603 3824 1681; x_wconf 76' lang='grc' dir='ltr'>φιλό-</span> 
     </span>
    </p>
   </div>
   <div class='ocr_carea' id='block_1_60' title="bbox 2165 1691 3825 1772">
    <p class='ocr_par' dir='ltr' id='par_1_60' title="bbox 2165 1691 3825 1772">
     <span class='ocr_line' id='line_1_60' title="bbox 2165 1691 3825 1772; baseline -0.004 -20"><span class='ocrx_word' id='word_1_416' title='bbox 2165 1717 2392 1772; x_wconf 88' lang='grc' dir='ltr'>χριστος</span> <span class='ocrx_word' id='word_1_417' title='bbox 2445 1698 2598 1771; x_wconf 81' lang='grc' dir='ltr'>ὑμῶν</span> <span class='ocrx_word' id='word_1_418' title='bbox 2653 1693 2936 1770; x_wconf 73' lang='grc' dir='ltr'>βασιλείασ</span> <span class='ocrx_word' id='word_1_419' title='bbox 2988 1692 3135 1750; x_wconf 86' lang='grc' dir='ltr'>ἀλλὰ</span> <span class='ocrx_word' id='word_1_420' title='bbox 3180 1695 3270 1750; x_wconf 88' lang='grc' dir='ltr'>καὶ</span> <span class='ocrx_word' id='word_1_421' title='bbox 3319 1691 3397 1749; x_wconf 82' lang='grc' dir='ltr'>ἔτι</span> <span class='ocrx_word' id='word_1_422' title='bbox 3444 1695 3825 1769; x_wconf 72' lang='grc' dir='ltr'>κατορθώσειε</span> 
     </span>
    </p>
   </div>
   <div class='ocr_carea' id='block_1_61' title="bbox 2163 1780 3831 1861">
    <p class='ocr_par' dir='ltr' id='par_1_61' title="bbox 2163 1780 3831 1861">
     <span class='ocr_line' id='line_1_61' title="bbox 2163 1780 3831 1861; baseline -0.005 -19"><span class='ocrx_word' id='word_1_423' title='bbox 2163 1793 2283 1849; x_wconf 83' lang='grc' dir='ltr'>ταῖς</span> <span class='ocrx_word' id='word_1_424' title='bbox 2342 1786 2544 1841; x_wconf 79' lang='grc' dir='ltr'>ἄνωθεν</span> <span class='ocrx_word' id='word_1_425' title='bbox 2603 1785 2797 1861; x_wconf 81' lang='grc' dir='ltr'>ῥοπαῖς</span> <span class='ocrx_word' id='word_1_426' title='bbox 2855 1782 3279 1858; x_wconf 86' lang='grc' dir='ltr'>δυναμουμένη.</span> <span class='ocrx_word' id='word_1_427' title='bbox 3345 1783 3685 1856; x_wconf 81' lang='grc' dir='ltr'>Λειπόμενον</span> <span class='ocrx_word' id='word_1_428' title='bbox 3737 1780 3831 1838; x_wconf 74' lang='grc' dir='ltr'>οὖν</span> 
     </span>
    </p>
   </div>
   <div class='ocr_carea' id='block_1_62' title="bbox 2167 1871 3829 1950">
    <p class='ocr_par' dir='ltr' id='par_1_62' title="bbox 2167 1871 3829 1950">
     <span class='ocr_line' id='line_1_62' title="bbox 2167 1871 3829 1950; baseline -0.004 -19"><span class='ocrx_word' id='word_1_429' title='bbox 2167 1876 2306 1931; x_wconf 81' lang='grc' dir='ltr'>ἐστιν</span> <span class='ocrx_word' id='word_1_430' title='bbox 2341 1875 2484 1950; x_wconf 84' lang='grc' dir='ltr'>ἄρτι,</span> <span class='ocrx_word' id='word_1_431' title='bbox 2515 1877 2604 1930; x_wconf 86' lang='grc' dir='ltr'>καὶ</span> <span class='ocrx_word' id='word_1_432' title='bbox 2656 1875 2721 1929; x_wconf 89' lang='grc' dir='ltr'>τὸ</span> <span class='ocrx_word' id='word_1_433' title='bbox 2768 1871 2948 1949; x_wconf 72' lang='grc' dir='ltr'>ἕτερον</span> <span class='ocrx_word' id='word_1_434' title='bbox 2998 1881 3096 1943; x_wconf 82' lang='grc' dir='ltr'>τῆς</span> <span class='ocrx_word' id='word_1_435' title='bbox 3142 1872 3270 1944; x_wconf 75' lang='grc' dir='ltr'>’ίσης</span> <span class='ocrx_word' id='word_1_436' title='bbox 3318 1871 3630 1928; x_wconf 74' lang='grc' dir='ltr'>ἀπολαῦσαι</span> <span class='ocrx_word' id='word_1_437' title='bbox 3683 1892 3829 1945; x_wconf 90' lang='grc' dir='ltr'>προ-</span> 
     </span>
    </p>
   </div>
   <div class='ocr_carea' id='block_1_63' title="bbox 2175 1959 3827 2041">
    <p class='ocr_par' dir='ltr' id='par_1_63' title="bbox 2175 1959 3827 2041">
     <span class='ocr_line' id='line_1_63' title="bbox 2175 1959 3827 2041; baseline -0.005 -21"><span class='ocrx_word' id='word_1_438' title='bbox 2175 1963 2404 2041; x_wconf 85' lang='grc' dir='ltr'>μηρείας</span> <span class='ocrx_word' id='word_1_439' title='bbox 2435 1965 2526 2019; x_wconf 87' lang='grc' dir='ltr'>καὶ</span> <span class='ocrx_word' id='word_1_440' title='bbox 2582 1964 2906 2037; x_wconf 84' lang='grc' dir='ltr'>θεραπείας.</span> <span class='ocrx_word' id='word_1_441' title='bbox 2958 1967 3126 2018; x_wconf 77' lang='grc' dir='ltr'>Τοῦτο</span> <span class='ocrx_word' id='word_1_442' title='bbox 3177 1960 3221 2017; x_wconf 86' lang='grc' dir='ltr'>δ’</span> <span class='ocrx_word' id='word_1_443' title='bbox 3272 1959 3331 2016; x_wconf 79' lang='grc' dir='ltr'>ἂν</span> <span class='ocrx_word' id='word_1_444' title='bbox 3374 1960 3461 2032; x_wconf 80' lang='grc' dir='ltr'>ε’ίη</span> <span class='ocrx_word' id='word_1_445' title='bbox 3515 1960 3658 2034; x_wconf 84' lang='grc' dir='ltr'>μετᾶ</span> <span class='ocrx_word' id='word_1_446' title='bbox 3698 1960 3827 2016; x_wconf 84' lang='grc' dir='ltr'>Θεὸν</span> 
     </span>
    </p>
   </div>
   <div class='ocr_carea' id='block_1_64' title="bbox 2172 2049 3830 2128">
    <p class='ocr_par' dir='ltr' id='par_1_64' title="bbox 2172 2049 3830 2128">
     <span class='ocr_line' id='line_1_64' title="bbox 2172 2049 3830 2128; baseline -0.003 -20"><span class='ocrx_word' id='word_1_447' title='bbox 2172 2057 2263 2109; x_wconf 86' lang='grc' dir='ltr'>καὶ</span> <span class='ocrx_word' id='word_1_448' title='bbox 2324 2056 2414 2108; x_wconf 86' lang='grc' dir='ltr'>σὺν</span> <span class='ocrx_word' id='word_1_449' title='bbox 2477 2057 2593 2126; x_wconf 83' lang='grc' dir='ltr'>Θεῷ</span> <span class='ocrx_word' id='word_1_450' title='bbox 2637 2053 2772 2128; x_wconf 88' lang='grc' dir='ltr'>πρὸς</span> <span class='ocrx_word' id='word_1_451' title='bbox 2826 2052 2976 2125; x_wconf 84' lang='grc' dir='ltr'>ὑμῶν</span> <span class='ocrx_word' id='word_1_452' title='bbox 3033 2049 3372 2126; x_wconf 85' lang='grc' dir='ltr'>δωρηθῆναι,</span> <span class='ocrx_word' id='word_1_453' title='bbox 3421 2049 3510 2105; x_wconf 82' lang='grc' dir='ltr'>διὰ</span> <span class='ocrx_word' id='word_1_454' title='bbox 3553 2057 3662 2120; x_wconf 87' lang='grc' dir='ltr'>τῆς</span> <span class='ocrx_word' id='word_1_455' title='bbox 3710 2050 3830 2104; x_wconf 83' lang='grc' dir='ltr'>κατ’</span> 
     </span>
    </p>
   </div>
   <div class='ocr_carea' id='block_1_65' title="bbox 2176 2140 3832 2220">
    <p class='ocr_par' dir='ltr' id='par_1_65' title="bbox 2176 2140 3832 2220">
     <span class='ocr_line' id='line_1_65' title="bbox 2176 2140 3832 2220; baseline -0.005 -20"><span class='ocrx_word' id='word_1_456' title='bbox 2176 2144 2528 2220; x_wconf 83' lang='grc' dir='ltr'>εὐαρέστησιν</span> <span class='ocrx_word' id='word_1_457' title='bbox 2581 2146 2824 2216; x_wconf 84' lang='grc' dir='ltr'>νομίμου</span> <span class='ocrx_word' id='word_1_458' title='bbox 2855 2141 3089 2218; x_wconf 78' lang='grc' dir='ltr'>ἐκλογῆς</span> <span class='ocrx_word' id='word_1_459' title='bbox 3135 2145 3232 2197; x_wconf 74' lang='grc' dir='ltr'>τοῦ</span> <span class='ocrx_word' id='word_1_460' title='bbox 3283 2140 3583 2214; x_wconf 84' lang='grc' dir='ltr'>μέλλοντος</span> <span class='ocrx_word' id='word_1_461' title='bbox 3641 2140 3832 2217; x_wconf 76' lang='grc' dir='ltr'>ἀρχιε-</span> 
     </span>
    </p>
   </div>
   <div class='ocr_carea' id='block_1_66' title="bbox 2178 2230 3831 2310">
    <p class='ocr_par' dir='ltr' id='par_1_66' title="bbox 2178 2230 3831 2310">
     <span class='ocr_line' id='line_1_66' title="bbox 2178 2230 3831 2310; baseline -0.005 -19"><span class='ocrx_word' id='word_1_462' title='bbox 2178 2234 2457 2310; x_wconf 84' lang='grc' dir='ltr'>ρατεύειν.</span> <span class='ocrx_word' id='word_1_463' title='bbox 2509 2232 2660 2290; x_wconf 80' lang='grc' dir='ltr'>Ἐπεί</span> <span class='ocrx_word' id='word_1_464' title='bbox 2711 2232 2768 2288; x_wconf 78' lang='grc' dir='ltr'>δὲ</span> <span class='ocrx_word' id='word_1_465' title='bbox 2818 2235 2907 2288; x_wconf 86' lang='grc' dir='ltr'>καί</span> <span class='ocrx_word' id='word_1_466' title='bbox 2952 2234 3082 2308; x_wconf 88' lang='grc' dir='ltr'>παρ’</span> <span class='ocrx_word' id='word_1_467' title='bbox 3128 2234 3288 2304; x_wconf 73' lang='grc' dir='ltr'>ἡμῶν</span> <span class='ocrx_word' id='word_1_468' title='bbox 3339 2230 3685 2300; x_wconf 73' lang='grc' dir='ltr'>ἐπεζήτησας</span> <span class='ocrx_word' id='word_1_469' title='bbox 3740 2250 3831 2301; x_wconf 87' lang='grc' dir='ltr'>μα-</span> 
     </span>
    </p>
   </div>
   <div class='ocr_carea' id='block_1_67' title="bbox 2173 2320 3829 2398">
    <p class='ocr_par' dir='ltr' id='par_1_67' title="bbox 2173 2320 3829 2398">
     <span class='ocr_line' id='line_1_67' title="bbox 2173 2320 3829 2398; baseline -0.005 -18"><span class='ocrx_word' id='word_1_470' title='bbox 2173 2329 2302 2394; x_wconf 86' lang='grc' dir='ltr'>θεῖν,</span> <span class='ocrx_word' id='word_1_471' title='bbox 2351 2329 2458 2378; x_wconf 90' lang='grc' dir='ltr'>τῶν</span> <span class='ocrx_word' id='word_1_472' title='bbox 2527 2321 2874 2398; x_wconf 81' lang='grc' dir='ltr'>ἁμαρτωλῶν</span> <span class='ocrx_word' id='word_1_473' title='bbox 2926 2324 3013 2377; x_wconf 84' lang='grc' dir='ltr'>καὶ</span> <span class='ocrx_word' id='word_1_474' title='bbox 3063 2320 3318 2392; x_wconf 80' lang='grc' dir='ltr'>ἀναξίων,</span> <span class='ocrx_word' id='word_1_475' title='bbox 3369 2321 3434 2374; x_wconf 80' lang='grc' dir='ltr'>τὸ</span> <span class='ocrx_word' id='word_1_476' title='bbox 3486 2320 3829 2394; x_wconf 78' lang='grc' dir='ltr'>παριστάμε-</span> 
     </span>
    </p>
   </div>
   <div class='ocr_carea' id='block_1_68' title="bbox 2171 2408 3826 2487">
    <p class='ocr_par' dir='ltr' id='par_1_68' title="bbox 2171 2408 3826 2487">
     <span class='ocr_line' id='line_1_68' title="bbox 2171 2408 3826 2487; baseline -0.005 -19"><span class='ocrx_word' id='word_1_477' title='bbox 2171 2436 2262 2468; x_wconf 91' lang='grc' dir='ltr'>νον</span> <span class='ocrx_word' id='word_1_478' title='bbox 2297 2417 2453 2487; x_wconf 83' lang='grc' dir='ltr'>ἡμῖν,</span> <span class='ocrx_word' id='word_1_479' title='bbox 2487 2414 2561 2474; x_wconf 87' lang='grc' dir='ltr'>ὡς</span> <span class='ocrx_word' id='word_1_480' title='bbox 2615 2411 2844 2467; x_wconf 84' lang='grc' dir='ltr'>ἐνώπιον</span> <span class='ocrx_word' id='word_1_481' title='bbox 2884 2413 3084 2487; x_wconf 86' lang='grc' dir='ltr'>Κυρίου</span> <span class='ocrx_word' id='word_1_482' title='bbox 3113 2411 3210 2466; x_wconf 76' lang='grc' dir='ltr'>τοῦ</span> <span class='ocrx_word' id='word_1_483' title='bbox 3261 2408 3560 2481; x_wconf 86' lang='grc' dir='ltr'>μέλλοντος</span> <span class='ocrx_word' id='word_1_484' title='bbox 3605 2410 3826 2464; x_wconf 83' lang='grc' dir='ltr'>εὐθῦναι</span> 
     </span>
    </p>
   </div>
   <div class='ocr_carea' id='block_1_69' title="bbox 2173 2497 3828 2577">
    <p class='ocr_par' dir='ltr' id='par_1_69' title="bbox 2173 2497 3828 2577">
     <span class='ocr_line' id='line_1_69' title="bbox 2173 2497 3828 2577; baseline -0.004 -19"><span class='ocrx_word' id='word_1_485' title='bbox 2173 2507 2344 2576; x_wconf 79' lang='grc' dir='ltr'>ἡμᾶς,</span> <span class='ocrx_word' id='word_1_486' title='bbox 2378 2504 2501 2577; x_wconf 80' lang='grc' dir='ltr'>περὶ</span> <span class='ocrx_word' id='word_1_487' title='bbox 2551 2501 2612 2556; x_wconf 79' lang='grc' dir='ltr'>οὗ</span> <span class='ocrx_word' id='word_1_488' title='bbox 2667 2501 2944 2574; x_wconf 89' lang='grc' dir='ltr'>μέλλομεν</span> <span class='ocrx_word' id='word_1_489' title='bbox 2998 2500 3175 2574; x_wconf 82' lang='grc' dir='ltr'>λέγειν</span> <span class='ocrx_word' id='word_1_490' title='bbox 3235 2498 3286 2554; x_wconf 85' lang='grc' dir='ltr'>έν</span> <span class='ocrx_word' id='word_1_491' title='bbox 3340 2497 3522 2572; x_wconf 82' lang='grc' dir='ltr'>ἡμέρᾳ</span> <span class='ocrx_word' id='word_1_492' title='bbox 3567 2500 3828 2574; x_wconf 87' lang='grc' dir='ltr'>κρίσεως.</span> 
     </span>
    </p>
   </div>
   <div class='ocr_carea' id='block_1_70' title="bbox 2174 2585 3830 2666">
    <p class='ocr_par' dir='ltr' id='par_1_70' title="bbox 2174 2585 3830 2666">
     <span class='ocr_line' id='line_1_70' title="bbox 2174 2585 3830 2666; baseline -0.006 -18"><span class='ocrx_word' id='word_1_493' title='bbox 2174 2593 2348 2654; x_wconf 78' lang='grc' dir='ltr'>οὕτως</span> <span class='ocrx_word' id='word_1_494' title='bbox 2413 2588 2573 2666; x_wconf 81' lang='grc' dir='ltr'>ἔχει·</span> <span class='ocrx_word' id='word_1_495' title='bbox 2644 2591 2719 2645; x_wconf 88' lang='grc' dir='ltr'>Οὑ</span> <span class='ocrx_word' id='word_1_496' title='bbox 2809 2590 3174 2666; x_wconf 83' lang='grc' dir='ltr'>γινώσκομεν,</span> <span class='ocrx_word' id='word_1_497' title='bbox 3269 2585 3395 2642; x_wconf 74' lang='grc' dir='ltr'>οὐδὲ</span> <span class='ocrx_word' id='word_1_498' title='bbox 3488 2585 3830 2658; x_wconf 71' lang='grc' dir='ltr'>ἐπιστάμεθά</span> 
     </span>
    </p>
   </div>
   <div class='ocr_carea' id='block_1_71' title="bbox 2171 2675 3828 2756">
    <p class='ocr_par' dir='ltr' id='par_1_71' title="bbox 2171 2675 3828 2756">
     <span class='ocr_line' id='line_1_71' title="bbox 2171 2675 3828 2756; baseline -0.007 -18"><span class='ocrx_word' id='word_1_499' title='bbox 2171 2703 2332 2739; x_wconf 86' lang='grc' dir='ltr'>τινα.</span> <span class='ocrx_word' id='word_1_500' title='bbox 2385 2681 2491 2756; x_wconf 84' lang='grc' dir='ltr'>οὑχ</span> <span class='ocrx_word' id='word_1_501' title='bbox 2545 2682 2628 2735; x_wconf 85' lang='grc' dir='ltr'>ὅτι</span> <span class='ocrx_word' id='word_1_502' title='bbox 2685 2677 2950 2734; x_wconf 82' lang='grc' dir='ltr'>ἀπέλιπον</span> <span class='ocrx_word' id='word_1_503' title='bbox 3010 2680 3067 2732; x_wconf 81' lang='grc' dir='ltr'>οἱ</span> <span class='ocrx_word' id='word_1_504' title='bbox 3129 2675 3530 2750; x_wconf 85' lang='grc' dir='ltr'>διαλάμποντες</span> <span class='ocrx_word' id='word_1_505' title='bbox 3606 2677 3661 2732; x_wconf 84' lang='grc' dir='ltr'>ἐν</span> <span class='ocrx_word' id='word_1_506' title='bbox 3728 2676 3828 2750; x_wconf 82' lang='grc' dir='ltr'>βίῳ</span> 
     </span>
    </p>
   </div>
   <div class='ocr_carea' id='block_1_72' title="bbox 2178 2765 3832 2845">
    <p class='ocr_par' dir='ltr' id='par_1_72' title="bbox 2178 2765 3832 2845">
     <span class='ocr_line' id='line_1_72' title="bbox 2178 2765 3832 2845; baseline -0.007 -18"><span class='ocrx_word' id='word_1_507' title='bbox 2178 2772 2267 2827; x_wconf 85' lang='grc' dir='ltr'>καὶ</span> <span class='ocrx_word' id='word_1_508' title='bbox 2299 2769 2452 2845; x_wconf 88' lang='grc' dir='ltr'>λόγῳ</span> <span class='ocrx_word' id='word_1_509' title='bbox 2501 2769 2626 2843; x_wconf 81' lang='grc' dir='ltr'>(εἶσὶ</span> <span class='ocrx_word' id='word_1_510' title='bbox 2675 2769 2778 2842; x_wconf 81' lang='grc' dir='ltr'>γὰρ</span> <span class='ocrx_word' id='word_1_511' title='bbox 2825 2770 2916 2823; x_wconf 82' lang='grc' dir='ltr'>καὶ</span> <span class='ocrx_word' id='word_1_512' title='bbox 2960 2773 3076 2839; x_wconf 82' lang='grc' dir='ltr'>Θεῷ</span> <span class='ocrx_word' id='word_1_513' title='bbox 3125 2766 3437 2844; x_wconf 78' lang='grc' dir='ltr'>φαινόμενοι</span> <span class='ocrx_word' id='word_1_514' title='bbox 3479 2765 3570 2822; x_wconf 84' lang='grc' dir='ltr'>καὶ</span> <span class='ocrx_word' id='word_1_515' title='bbox 3626 2765 3832 2838; x_wconf 83' lang='grc' dir='ltr'>ἀνθρώ-</span> 
     </span>
    </p>
   </div>
   <div class='ocr_carea' id='block_1_73' title="bbox 2174 2855 3828 2934">
    <p class='ocr_par' dir='ltr' id='par_1_73' title="bbox 2174 2855 3828 2934">
     <span class='ocr_line' id='line_1_73' title="bbox 2174 2855 3828 2934; baseline -0.007 -18"><span class='ocrx_word' id='word_1_516' title='bbox 2174 2883 2324 2931; x_wconf 90' lang='grc' dir='ltr'>ποις,</span> <span class='ocrx_word' id='word_1_517' title='bbox 2354 2859 2400 2914; x_wconf 66' lang='lat' dir='ltr'>si</span> <span class='ocrx_word' id='word_1_518' title='bbox 2433 2859 2522 2914; x_wconf 85' lang='grc' dir='ltr'>καὶ</span> <span class='ocrx_word' id='word_1_519' title='bbox 2551 2858 2650 2913; x_wconf 83' lang='grc' dir='ltr'>οὑκ</span> <span class='ocrx_word' id='word_1_520' title='bbox 2672 2856 2780 2930; x_wconf 68' lang='grc' dir='ltr'>’ίσῳ</span> <span class='ocrx_word' id='word_1_521' title='bbox 2811 2857 2983 2934; x_wconf 88' lang='grc' dir='ltr'>λόγῳ,</span> <span class='ocrx_word' id='word_1_522' title='bbox 3014 2858 3105 2912; x_wconf 84' lang='grc' dir='ltr'>καὶ</span> <span class='ocrx_word' id='word_1_523' title='bbox 3137 2855 3374 2930; x_wconf 79' lang='grc' dir='ltr'>μάλιστα</span> <span class='ocrx_word' id='word_1_524' title='bbox 3401 2859 3472 2929; x_wconf 80' lang='grc' dir='ltr'>τῇ</span> <span class='ocrx_word' id='word_1_525' title='bbox 3517 2859 3588 2929; x_wconf 82' lang='grc' dir='ltr'>σῇ</span> <span class='ocrx_word' id='word_1_526' title='bbox 3624 2874 3828 2932; x_wconf 78' lang='grc' dir='ltr'>φωτει-</span> 
     </span>
    </p>
   </div>
   <div class='ocr_carea' id='block_1_74' title="bbox 2174 2943 3832 3026">
    <p class='ocr_par' dir='ltr' id='par_1_74' title="bbox 2174 2943 3832 3026">
     <span class='ocr_line' id='line_1_74' title="bbox 2174 2943 3832 3026; baseline -0.005 -21"><span class='ocrx_word' id='word_1_527' title='bbox 2174 2951 2242 3026; x_wconf 76' lang='grc' dir='ltr'>νῇ</span> <span class='ocrx_word' id='word_1_528' title='bbox 2268 2951 2468 3025; x_wconf 76' lang='grc' dir='ltr'>ψυχῇ),</span> <span class='ocrx_word' id='word_1_529' title='bbox 2501 2947 2616 3004; x_wconf 81' lang='grc' dir='ltr'>ἐπιί</span> <span class='ocrx_word' id='word_1_530' title='bbox 2646 2945 2703 3004; x_wconf 76' lang='grc' dir='ltr'>δὲ</span> <span class='ocrx_word' id='word_1_531' title='bbox 2731 2951 2980 3002; x_wconf 79' lang='grc' dir='ltr'>τοιοῦτον</span> <span class='ocrx_word' id='word_1_532' title='bbox 3018 2951 3167 3018; x_wconf 85' lang='grc' dir='ltr'>ζητεῖ</span> <span class='ocrx_word' id='word_1_533' title='bbox 3197 2947 3224 3000; x_wconf 86' lang='grc' dir='ltr'>ὁ</span> <span class='ocrx_word' id='word_1_534' title='bbox 3256 2945 3420 3019; x_wconf 84' lang='grc' dir='ltr'>λόγος</span> <span class='ocrx_word' id='word_1_535' title='bbox 3475 2944 3565 3000; x_wconf 84' lang='grc' dir='ltr'>καὶ</span> <span class='ocrx_word' id='word_1_536' title='bbox 3600 2946 3631 2998; x_wconf 87' lang='grc' dir='ltr'>ὁ</span> <span class='ocrx_word' id='word_1_537' title='bbox 3663 2943 3832 3002; x_wconf 84' lang='grc' dir='ltr'>πόθος</span> 
     </span>
    </p>
   </div>
   <div class='ocr_carea' id='block_1_75' title="bbox 2177 3032 3826 3114">
    <p class='ocr_par' dir='ltr' id='par_1_75' title="bbox 2177 3032 3826 3114">
     <span class='ocr_line' id='line_1_75' title="bbox 2177 3032 3826 3114; baseline -0.007 -18"><span class='ocrx_word' id='word_1_538' title='bbox 2177 3047 2279 3110; x_wconf 80' lang='grc' dir='ltr'>τῆς</span> <span class='ocrx_word' id='word_1_539' title='bbox 2312 3040 2465 3112; x_wconf 88' lang='grc' dir='ltr'>ὑμῶν</span> <span class='ocrx_word' id='word_1_540' title='bbox 2503 3038 2803 3114; x_wconf 86' lang='grc' dir='ltr'>βασιλείας,</span> <span class='ocrx_word' id='word_1_541' title='bbox 2833 3037 2924 3091; x_wconf 85' lang='grc' dir='ltr'>τὸν</span> <span class='ocrx_word' id='word_1_542' title='bbox 2957 3036 3009 3091; x_wconf 84' lang='grc' dir='ltr'>ἐν</span> <span class='ocrx_word' id='word_1_543' title='bbox 3051 3034 3233 3106; x_wconf 79' lang='grc' dir='ltr'>τελείᾳ</span> <span class='ocrx_word' id='word_1_544' title='bbox 3285 3033 3481 3110; x_wconf 80' lang='grc' dir='ltr'>καρδίᾳ</span> <span class='ocrx_word' id='word_1_545' title='bbox 3526 3032 3826 3106; x_wconf 73' lang='grc' dir='ltr'>δυνάμενον</span> 
     </span>
    </p>
   </div>
   <div class='ocr_carea' id='block_1_76' title="bbox 2179 3123 3829 3200">
    <p class='ocr_par' dir='ltr' id='par_1_76' title="bbox 2179 3123 3829 3200">
     <span class='ocr_line' id='line_1_76' title="bbox 2179 3123 3829 3200; baseline -0.006 -15"><span class='ocrx_word' id='word_1_546' title='bbox 2179 3129 2477 3200; x_wconf 78' lang='grc' dir='ltr'>ἔκζητῆσαι</span> <span class='ocrx_word' id='word_1_547' title='bbox 2535 3129 2602 3183; x_wconf 82' lang='grc' dir='ltr'>τὰ</span> <span class='ocrx_word' id='word_1_548' title='bbox 2668 3131 2766 3182; x_wconf 79' lang='grc' dir='ltr'>τοῦ</span> <span class='ocrx_word' id='word_1_549' title='bbox 2822 3129 2956 3181; x_wconf 79' lang='grc' dir='ltr'>Θεοῦ</span> <span class='ocrx_word' id='word_1_550' title='bbox 3035 3124 3400 3198; x_wconf 84' lang='grc' dir='ltr'>δικαιώματα,</span> <span class='ocrx_word' id='word_1_551' title='bbox 3461 3124 3552 3180; x_wconf 82' lang='grc' dir='ltr'>τὸν</span> <span class='ocrx_word' id='word_1_552' title='bbox 3639 3123 3829 3197; x_wconf 59' lang='lat' dir='ltr'>saepe</span> 
     </span>
    </p>
   </div>
   <div class='ocr_carea' id='block_1_77' title="bbox 2180 3212 3826 3290">
    <p class='ocr_par' dir='ltr' id='par_1_77' title="bbox 2180 3212 3826 3290">
     <span class='ocr_line' id='line_1_77' title="bbox 2180 3212 3826 3290; baseline -0.005 -15"><span class='ocrx_word' id='word_1_553' title='bbox 2180 3222 2270 3276; x_wconf 86' lang='grc' dir='ltr'>καὶ</span> <span class='ocrx_word' id='word_1_554' title='bbox 2319 3220 2462 3290; x_wconf 79' lang='grc' dir='ltr'>τάξει</span> <span class='ocrx_word' id='word_1_555' title='bbox 2508 3218 2569 3274; x_wconf 85' lang='grc' dir='ltr'>ἐκ</span> <span class='ocrx_word' id='word_1_556' title='bbox 2625 3221 2722 3273; x_wconf 78' lang='grc' dir='ltr'>τοῦ</span> <span class='ocrx_word' id='word_1_557' title='bbox 2776 3217 2911 3270; x_wconf 84' lang='grc' dir='ltr'>κατὰ</span> <span class='ocrx_word' id='word_1_558' title='bbox 2972 3215 3164 3289; x_wconf 82' lang='grc' dir='ltr'>μικρὸν</span> <span class='ocrx_word' id='word_1_559' title='bbox 3225 3214 3302 3276; x_wconf 77' lang='grc' dir='ltr'>εἷς</span> <span class='ocrx_word' id='word_1_560' title='bbox 3358 3215 3419 3268; x_wconf 87' lang='grc' dir='ltr'>τὸ</span> <span class='ocrx_word' id='word_1_561' title='bbox 3481 3212 3826 3287; x_wconf 79' lang='grc' dir='ltr'>ὑψηλότερον</span> 
     </span>
    </p>
   </div>
   <div class='ocr_carea' id='block_1_78' title="bbox 2180 3302 3830 3386">
    <p class='ocr_par' dir='ltr' id='par_1_78' title="bbox 2180 3302 3830 3386">
     <span class='ocr_line' id='line_1_78' title="bbox 2180 3302 3830 3386; baseline -0.008 -20"><span class='ocrx_word' id='word_1_562' title='bbox 2180 3307 2625 3386; x_wconf 86' lang='grc' dir='ltr'>προανηγμένον,</span> <span class='ocrx_word' id='word_1_563' title='bbox 2675 3307 2766 3362; x_wconf 87' lang='grc' dir='ltr'>τὸν</span> <span class='ocrx_word' id='word_1_564' title='bbox 2809 3305 3202 3379; x_wconf 82' lang='grc' dir='ltr'>πεπειραμένον</span> <span class='ocrx_word' id='word_1_565' title='bbox 3251 3305 3387 3360; x_wconf 81' lang='grc' dir='ltr'>κατὰ</span> <span class='ocrx_word' id='word_1_566' title='bbox 3416 3303 3618 3370; x_wconf 82' lang='grc' dir='ltr'>πάντα,</span> <span class='ocrx_word' id='word_1_567' title='bbox 3672 3302 3732 3364; x_wconf 81' lang='grc' dir='ltr'>ὃς</span> <span class='ocrx_word' id='word_1_568' title='bbox 3773 3319 3830 3372; x_wconf 89' lang='grc' dir='ltr'>γε</span> 
     </span>
    </p>
   </div>
   <div class='ocr_carea' id='block_1_79' title="bbox 2184 3391 3830 3473">
    <p class='ocr_par' dir='ltr' id='par_1_79' title="bbox 2184 3391 3830 3473">
     <span class='ocr_line' id='line_1_79' title="bbox 2184 3391 3830 3473; baseline -0.008 -18"><span class='ocrx_word' id='word_1_569' title='bbox 2184 3400 2234 3473; x_wconf 79' lang='grc' dir='ltr'>ἐξ</span> <span class='ocrx_word' id='word_1_570' title='bbox 2303 3400 2376 3454; x_wconf 81' lang='grc' dir='ltr'>ὧν</span> <span class='ocrx_word' id='word_1_571' title='bbox 2409 3397 2665 3466; x_wconf 86' lang='grc' dir='ltr'>πέπονθε,</span> <span class='ocrx_word' id='word_1_572' title='bbox 2714 3400 2830 3456; x_wconf 86' lang='grc' dir='ltr'>τοῖς</span> <span class='ocrx_word' id='word_1_573' title='bbox 2873 3394 3286 3469; x_wconf 88' lang='grc' dir='ltr'>πειραζομένοις</span> <span class='ocrx_word' id='word_1_574' title='bbox 3334 3391 3537 3448; x_wconf 87' lang='grc' dir='ltr'>δύναιτ’</span> <span class='ocrx_word' id='word_1_575' title='bbox 3584 3391 3650 3447; x_wconf 78' lang='grc' dir='ltr'>ἂν</span> <span class='ocrx_word' id='word_1_576' title='bbox 3705 3392 3830 3464; x_wconf 85' lang='grc' dir='ltr'>βοη-</span> 
     </span>
    </p>
   </div>
   <div class='ocr_carea' id='block_1_80' title="bbox 2185 3475 3830 3557">
    <p class='ocr_par' dir='ltr' id='par_1_80' title="bbox 2185 3475 3830 3557">
     <span class='ocr_line' id='line_1_80' title="bbox 2185 3475 3830 3557; baseline -0.009 -13"><span class='ocrx_word' id='word_1_577' title='bbox 2185 3492 2380 3554; x_wconf 77' lang='grc' dir='ltr'>θῆσαι.</span> <span class='ocrx_word' id='word_1_578' title='bbox 2417 3487 2516 3542; x_wconf 86' lang='grc' dir='ltr'>Καὶ</span> <span class='ocrx_word' id='word_1_579' title='bbox 2544 3487 2597 3540; x_wconf 89' lang='grc' dir='ltr'>τί</span> <span class='ocrx_word' id='word_1_580' title='bbox 2650 3484 2732 3540; x_wconf 87' lang='grc' dir='ltr'>δεῖ</span> <span class='ocrx_word' id='word_1_581' title='bbox 2769 3483 2955 3540; x_wconf 80' lang='grc' dir='ltr'>πολλὰ</span> <span class='ocrx_word' id='word_1_582' title='bbox 3003 3483 3179 3556; x_wconf 81' lang='grc' dir='ltr'>λέγειν</span> <span class='ocrx_word' id='word_1_583' title='bbox 3227 3484 3365 3557; x_wconf 90' lang='grc' dir='ltr'>πρὸς</span> <span class='ocrx_word' id='word_1_584' title='bbox 3415 3483 3473 3537; x_wconf 72' lang='grc' dir='ltr'>σὲ</span> <span class='ocrx_word' id='word_1_585' title='bbox 3518 3483 3612 3538; x_wconf 85' lang='grc' dir='ltr'>τὸν</span> <span class='ocrx_word' id='word_1_586' title='bbox 3666 3478 3723 3536; x_wconf 81' lang='grc' dir='ltr'>εὖ</span> <span class='ocrx_word' id='word_1_587' title='bbox 3767 3475 3830 3532; x_wconf 82' lang='grc' dir='ltr'>εἰ·</span> 
     </span>
    </p>
   </div>
   <div class='ocr_carea' id='block_1_81' title="bbox 2187 3571 3828 3648">
    <p class='ocr_par' dir='ltr' id='par_1_81' title="bbox 2187 3571 3828 3648">
     <span class='ocr_line' id='line_1_81' title="bbox 2187 3571 3828 3648; baseline -0.01 -13"><span class='ocrx_word' id='word_1_588' title='bbox 2187 3579 2338 3648; x_wconf 90' lang='grc' dir='ltr'>δότα,</span> <span class='ocrx_word' id='word_1_589' title='bbox 2389 3577 2477 3632; x_wconf 84' lang='grc' dir='ltr'>καὶ</span> <span class='ocrx_word' id='word_1_590' title='bbox 2522 3577 2582 3631; x_wconf 83' lang='grc' dir='ltr'>ἐκ</span> <span class='ocrx_word' id='word_1_591' title='bbox 2633 3578 2732 3644; x_wconf 75' lang='grc' dir='ltr'>τῆς</span> <span class='ocrx_word' id='word_1_592' title='bbox 2790 3573 2990 3636; x_wconf 83' lang='grc' dir='ltr'>οἰκείας</span> <span class='ocrx_word' id='word_1_593' title='bbox 3048 3574 3424 3634; x_wconf 83' lang='grc' dir='ltr'>καταστάσεως</span> <span class='ocrx_word' id='word_1_594' title='bbox 3486 3571 3573 3626; x_wconf 82' lang='grc' dir='ltr'>καὶ</span> <span class='ocrx_word' id='word_1_595' title='bbox 3635 3586 3828 3643; x_wconf 85' lang='grc' dir='ltr'>προκο-</span> 
     </span>
    </p>
   </div>
   <div class='ocr_carea' id='block_1_82' title="bbox 2189 3653 3828 3737">
    <p class='ocr_par' dir='ltr' id='par_1_82' title="bbox 2189 3653 3828 3737">
     <span class='ocr_line' id='line_1_82' title="bbox 2189 3653 3828 3737; baseline -0.008 -13"><span class='ocrx_word' id='word_1_596' title='bbox 2189 3675 2298 3736; x_wconf 82' lang='grc' dir='ltr'>πῆς</span> <span class='ocrx_word' id='word_1_597' title='bbox 2329 3668 2419 3722; x_wconf 88' lang='grc' dir='ltr'>τὸν</span> <span class='ocrx_word' id='word_1_598' title='bbox 2449 3666 2777 3737; x_wconf 79' lang='grc' dir='ltr'>τηλικοῦτον</span> <span class='ocrx_word' id='word_1_599' title='bbox 2823 3664 3242 3737; x_wconf 83' lang='grc' dir='ltr'>ἁνιστοροῦντα;</span> <span class='ocrx_word' id='word_1_600' title='bbox 3275 3665 3395 3719; x_wconf 89' lang='grc' dir='ltr'>Τῶν</span> <span class='ocrx_word' id='word_1_601' title='bbox 3423 3658 3656 3716; x_wconf 87' lang='grc' dir='ltr'>πολλῶν</span> <span class='ocrx_word' id='word_1_602' title='bbox 3687 3653 3828 3733; x_wconf 73' lang='grc' dir='ltr'>ὀφεί-</span> 
     </span>
    </p>
   </div>
   <div class='ocr_carea' id='block_1_83' title="bbox 2189 3746 3829 3831">
    <p class='ocr_par' dir='ltr' id='par_1_83' title="bbox 2189 3746 3829 3831">
     <span class='ocr_line' id='line_1_83' title="bbox 2189 3746 3829 3831; baseline -0.009 -18"><span class='ocrx_word' id='word_1_603' title='bbox 2189 3757 2274 3814; x_wconf 86' lang='grc' dir='ltr'>λει</span> <span class='ocrx_word' id='word_1_604' title='bbox 2323 3755 2694 3831; x_wconf 84' lang='grc' dir='ltr'>προλάμπειν,</span> <span class='ocrx_word' id='word_1_605' title='bbox 2746 3755 2820 3815; x_wconf 85' lang='grc' dir='ltr'>ὡς</span> <span class='ocrx_word' id='word_1_606' title='bbox 2853 3752 2906 3808; x_wconf 82' lang='grc' dir='ltr'>ἐν</span> <span class='ocrx_word' id='word_1_607' title='bbox 2939 3749 3193 3826; x_wconf 82' lang='grc' dir='ltr'>ἄστρασιν</span> <span class='ocrx_word' id='word_1_608' title='bbox 3238 3750 3432 3820; x_wconf 80' lang='grc' dir='ltr'>ἣλιος.</span> <span class='ocrx_word' id='word_1_609' title='bbox 3479 3751 3671 3805; x_wconf 79' lang='grc' dir='ltr'>Ἡνίκα</span> <span class='ocrx_word' id='word_1_610' title='bbox 3718 3746 3829 3801; x_wconf 86' lang='grc' dir='ltr'>τοί-</span> 
     </span>
    </p>
   </div>
   <div class='ocr_carea' id='block_1_84' title="bbox 2187 3832 3823 3919">
    <p class='ocr_par' dir='ltr' id='par_1_84' title="bbox 2187 3832 3823 3919">
     <span class='ocr_line' id='line_1_84' title="bbox 2187 3832 3823 3919; baseline -0.009 -18"><span class='ocrx_word' id='word_1_611' title='bbox 2187 3868 2275 3902; x_wconf 89' lang='grc' dir='ltr'>νυν</span> <span class='ocrx_word' id='word_1_612' title='bbox 2309 3845 2416 3919; x_wconf 84' lang='grc' dir='ltr'>οὑχ</span> <span class='ocrx_word' id='word_1_613' title='bbox 2464 3846 2678 3917; x_wconf 85' lang='grc' dir='ltr'>ὁρῶμεν</span> <span class='ocrx_word' id='word_1_614' title='bbox 2728 3845 3003 3912; x_wconf 79' lang='grc' dir='ltr'>τοιοῦτου,</span> <span class='ocrx_word' id='word_1_615' title='bbox 3047 3838 3172 3896; x_wconf 78' lang='grc' dir='ltr'>οὐδὲ</span> <span class='ocrx_word' id='word_1_616' title='bbox 3203 3839 3617 3912; x_wconf 81' lang='grc' dir='ltr'>ἁποτολμῶμεν</span> <span class='ocrx_word' id='word_1_617' title='bbox 3659 3832 3823 3910; x_wconf 75' lang='grc' dir='ltr'>ψηφί-</span> 
     </span>
    </p>
   </div>
   <div class='ocr_carea' id='block_1_85' title="bbox 2191 3921 3825 4004">
    <p class='ocr_par' dir='ltr' id='par_1_85' title="bbox 2191 3921 3825 4004">
     <span class='ocr_line' id='line_1_85' title="bbox 2191 3921 3825 4004; baseline -0.007 -13"><span class='ocrx_word' id='word_1_618' title='bbox 2191 3937 2419 3992; x_wconf 85' lang='grc' dir='ltr'>σασθαι.</span> <span class='ocrx_word' id='word_1_619' title='bbox 2474 3937 2643 3988; x_wconf 80' lang='grc' dir='ltr'>Τοῦτο</span> <span class='ocrx_word' id='word_1_620' title='bbox 2694 3929 2751 3986; x_wconf 72' lang='grc' dir='ltr'>δὲ</span> <span class='ocrx_word' id='word_1_621' title='bbox 2799 3931 2874 3993; x_wconf 85' lang='grc' dir='ltr'>ὡς</span> <span class='ocrx_word' id='word_1_622' title='bbox 2924 3929 2977 3984; x_wconf 80' lang='grc' dir='ltr'>ὲν</span> <span class='ocrx_word' id='word_1_623' title='bbox 3029 3930 3330 4004; x_wconf 81' lang='grc' dir='ltr'>ὑπομνήσει</span> <span class='ocrx_word' id='word_1_624' title='bbox 3387 3927 3524 4001; x_wconf 84' lang='grc' dir='ltr'>μετὰ</span> <span class='ocrx_word' id='word_1_625' title='bbox 3559 3921 3825 3989; x_wconf 81' lang='grc' dir='ltr'>συστολῆς</span> 
     </span>
    </p>
   </div>
   <div class='ocr_carea' id='block_1_86' title="bbox 2191 4009 3823 4092">
    <p class='ocr_par' dir='ltr' id='par_1_86' title="bbox 2191 4009 3823 4092">
     <span class='ocr_line' id='line_1_86' title="bbox 2191 4009 3823 4092; baseline -0.008 -14"><span class='ocrx_word' id='word_1_626' title='bbox 2191 4025 2280 4079; x_wconf 86' lang='grc' dir='ltr'>καὶ</span> <span class='ocrx_word' id='word_1_627' title='bbox 2335 4020 2517 4084; x_wconf 77' lang='grc' dir='ltr'>αἰδοῦς</span> <span class='ocrx_word' id='word_1_628' title='bbox 2578 4020 2977 4092; x_wconf 79' lang='grc' dir='ltr'>ὑποτιθέμεθα·</span> <span class='ocrx_word' id='word_1_629' title='bbox 3031 4016 3163 4092; x_wconf 82' lang='grc' dir='ltr'>ὅπερ</span> <span class='ocrx_word' id='word_1_630' title='bbox 3214 4015 3488 4086; x_wconf 80' lang='grc' dir='ltr'>ἆλάθητόν</span> <span class='ocrx_word' id='word_1_631' title='bbox 3539 4014 3654 4068; x_wconf 82' lang='grc' dir='ltr'>ἐστι</span> <span class='ocrx_word' id='word_1_632' title='bbox 3700 4009 3823 4066; x_wconf 77' lang='grc' dir='ltr'>πάν·</span> 
     </span>
    </p>
   </div>
   <div class='ocr_carea' id='block_1_87' title="bbox 2191 4098 3824 4186">
    <p class='ocr_par' dir='ltr' id='par_1_87' title="bbox 2191 4098 3824 4186">
     <span class='ocr_line' id='line_1_87' title="bbox 2191 4098 3824 4186; baseline -0.008 -18"><span class='ocrx_word' id='word_1_633' title='bbox 2191 4134 2300 4174; x_wconf 86' lang='grc' dir='ltr'>τως</span> <span class='ocrx_word' id='word_1_634' title='bbox 2358 4117 2425 4186; x_wconf 80' lang='grc' dir='ltr'>τῇ</span> <span class='ocrx_word' id='word_1_635' title='bbox 2479 4109 2798 4182; x_wconf 85' lang='grc' dir='ltr'>πολυπείρῳ</span> <span class='ocrx_word' id='word_1_636' title='bbox 2846 4108 2934 4163; x_wconf 88' lang='grc' dir='ltr'>καὶ</span> <span class='ocrx_word' id='word_1_637' title='bbox 2989 4107 3105 4177; x_wconf 83' lang='grc' dir='ltr'>θείᾳ</span> <span class='ocrx_word' id='word_1_638' title='bbox 3168 4103 3495 4181; x_wconf 78' lang='grc' dir='ltr'>μεγαλονοίᾳ</span> <span class='ocrx_word' id='word_1_639' title='bbox 3549 4120 3684 4158; x_wconf 87' lang='grc' dir='ltr'>σου·</span> <span class='ocrx_word' id='word_1_640' title='bbox 3739 4098 3824 4152; x_wconf 52' lang='grc' dir='ltr'>(ἕνα</span> 
     </span>
    </p>
   </div>
   <div class='ocr_carea' id='block_1_88' title="bbox 2197 4184 3824 4269">
    <p class='ocr_par' dir='ltr' id='par_1_88' title="bbox 2197 4184 3824 4269">
     <span class='ocr_line' id='line_1_88' title="bbox 2197 4184 3824 4269; baseline -0.009 -11"><span class='ocrx_word' id='word_1_641' title='bbox 2197 4204 2300 4258; x_wconf 83' lang='grc' dir='ltr'>ἀπὸ</span> <span class='ocrx_word' id='word_1_642' title='bbox 2329 4224 2388 4257; x_wconf 87' lang='grc' dir='ltr'>τε</span> <span class='ocrx_word' id='word_1_643' title='bbox 2417 4206 2524 4256; x_wconf 88' lang='grc' dir='ltr'>τῶν</span> <span class='ocrx_word' id='word_1_644' title='bbox 2567 4200 2900 4267; x_wconf 83' lang='grc' dir='ltr'>ἐπισκόπων,</span> <span class='ocrx_word' id='word_1_645' title='bbox 2954 4197 3058 4251; x_wconf 84' lang='grc' dir='ltr'>ἀπό</span> <span class='ocrx_word' id='word_1_646' title='bbox 3089 4217 3146 4250; x_wconf 87' lang='grc' dir='ltr'>τε</span> <span class='ocrx_word' id='word_1_647' title='bbox 3173 4200 3278 4250; x_wconf 88' lang='grc' dir='ltr'>τῶν</span> <span class='ocrx_word' id='word_1_648' title='bbox 3329 4193 3680 4269; x_wconf 76' lang='grc' dir='ltr'>ἡγουμένων,</span> <span class='ocrx_word' id='word_1_649' title='bbox 3729 4184 3824 4244; x_wconf 77' lang='grc' dir='ltr'>ἀπό</span> 
     </span>
    </p>
   </div>
   <div class='ocr_carea' id='block_1_89' title="bbox 2195 4278 3825 4358">
    <p class='ocr_par' dir='ltr' id='par_1_89' title="bbox 2195 4278 3825 4358">
     <span class='ocr_line' id='line_1_89' title="bbox 2195 4278 3825 4358; baseline -0.009 -11"><span class='ocrx_word' id='word_1_650' title='bbox 2195 4313 2253 4347; x_wconf 90' lang='grc' dir='ltr'>τε</span> <span class='ocrx_word' id='word_1_651' title='bbox 2282 4296 2390 4347; x_wconf 91' lang='grc' dir='ltr'>τῶν</span> <span class='ocrx_word' id='word_1_652' title='bbox 2445 4290 2736 4358; x_wconf 87' lang='grc' dir='ltr'>στυλιτῶν,</span> <span class='ocrx_word' id='word_1_653' title='bbox 2787 4286 2891 4342; x_wconf 82' lang='grc' dir='ltr'>ἆπό</span> <span class='ocrx_word' id='word_1_654' title='bbox 2943 4308 3000 4341; x_wconf 93' lang='grc' dir='ltr'>τε</span> <span class='ocrx_word' id='word_1_655' title='bbox 3027 4290 3132 4340; x_wconf 90' lang='grc' dir='ltr'>τῶν</span> <span class='ocrx_word' id='word_1_656' title='bbox 3176 4283 3529 4357; x_wconf 81' lang='grc' dir='ltr'>ἐγκλείστων,</span> <span class='ocrx_word' id='word_1_657' title='bbox 3577 4283 3695 4337; x_wconf 80' lang='grc' dir='ltr'>εἶτα</span> <span class='ocrx_word' id='word_1_658' title='bbox 3739 4278 3825 4331; x_wconf 66' lang='grc' dir='ltr'>τοῦ</span> 
     </span>
    </p>
   </div>
   <div class='ocr_carea' id='block_1_90' title="bbox 2195 4367 3823 4456">
    <p class='ocr_par' dir='ltr' id='par_1_90' title="bbox 2195 4367 3823 4456">
     <span class='ocr_line' id='line_1_90' title="bbox 2195 4367 3823 4456; baseline -0.009 -20"><span class='ocrx_word' id='word_1_659' title='bbox 2195 4380 2410 4456; x_wconf 82' lang='grc' dir='ltr'>κλήρου</span> <span class='ocrx_word' id='word_1_660' title='bbox 2453 4376 2854 4454; x_wconf 85' lang='grc' dir='ltr'>ὑποδεχόμενος</span> <span class='ocrx_word' id='word_1_661' title='bbox 2904 4374 3164 4450; x_wconf 80' lang='grc' dir='ltr'>ἐκλογήν,</span> <span class='ocrx_word' id='word_1_662' title='bbox 3197 4373 3448 4444; x_wconf 83' lang='grc' dir='ltr'>ἐξαύτῶν</span> <span class='ocrx_word' id='word_1_663' title='bbox 3481 4393 3539 4427; x_wconf 85' lang='grc' dir='ltr'>τε</span> <span class='ocrx_word' id='word_1_664' title='bbox 3567 4376 3676 4426; x_wconf 88' lang='grc' dir='ltr'>τῶν</span> <span class='ocrx_word' id='word_1_665' title='bbox 3723 4367 3823 4422; x_wconf 84' lang='grc' dir='ltr'>ἐπι-</span> 
     </span>
    </p>
   </div>
   <div class='ocr_carea' id='block_1_91' title="bbox 441 4459 2072 4551">
    <p class='ocr_par' dir='ltr' id='par_1_91' title="bbox 441 4469 2072 4545">
     <span class='ocr_line' id='line_1_91' title="bbox 441 4469 2072 4545; baseline -0.001 -20"><span class='ocrx_word' id='word_1_666' title='bbox 441 4469 663 4526; x_wconf 89' lang='lat' dir='ltr'>blicum</span> <span class='ocrx_word' id='word_1_667' title='bbox 694 4473 784 4524; x_wconf 86' lang='lat' dir='ltr'>est</span> <span class='ocrx_word' id='word_1_668' title='bbox 809 4469 1184 4526; x_wconf 90' lang='lat' dir='ltr'>commodum</span> <span class='ocrx_word' id='word_1_669' title='bbox 1224 4475 1377 4544; x_wconf 91' lang='lat' dir='ltr'>quod</span> <span class='ocrx_word' id='word_1_670' title='bbox 1410 4473 1703 4545; x_wconf 64' lang='lat' dir='ltr'>queritur.</span> <span class='ocrx_word' id='word_1_671' title='bbox 1732 4474 2004 4530; x_wconf 91' lang='lat' dir='ltr'>Discerne</span> <span class='ocrx_word' id='word_1_672' title='bbox 2030 4480 2072 4527; x_wconf 88' lang='lat' dir='ltr'>e1</span> 
     </span>
    </p>
   </div>
   <div class='ocr_carea' id='block_1_92' title="bbox 2181 4459 3822 4551">
    <p class='ocr_par' dir='ltr' id='par_1_92' title="bbox 2194 4459 3822 4538">
     <span class='ocr_line' id='line_1_92' title="bbox 2194 4459 3822 4538; baseline -0.011 -13"><span class='ocrx_word' id='word_1_673' title='bbox 2194 4467 2511 4525; x_wconf 87' lang='grc' dir='ltr'>δεδωκότων</span> <span class='ocrx_word' id='word_1_674' title='bbox 2569 4463 2758 4522; x_wconf 75' lang='grc' dir='ltr'>λαϐὼν</span> <span class='ocrx_word' id='word_1_675' title='bbox 2812 4465 2941 4528; x_wconf 82' lang='grc' dir='ltr'>τοὺς</span> <span class='ocrx_word' id='word_1_676' title='bbox 2999 4466 3053 4520; x_wconf 82' lang='grc' dir='ltr'>ἐν</span> <span class='ocrx_word' id='word_1_677' title='bbox 3121 4463 3347 4531; x_wconf 88' lang='grc' dir='ltr'>συνέσει,</span> <span class='ocrx_word' id='word_1_678' title='bbox 3402 4461 3494 4516; x_wconf 80' lang='grc' dir='ltr'>καὶ</span> <span class='ocrx_word' id='word_1_679' title='bbox 3554 4459 3822 4538; x_wconf 72' lang='grc' dir='ltr'>φρονήσει,</span> 
     </span>
    </p>
   </div>
   <div class='ocr_carea' id='block_1_93' title="bbox 443 4557 2086 4636">
    <p class='ocr_par' dir='ltr' id='par_1_93' title="bbox 443 4557 2086 4636">
     <span class='ocr_line' id='line_1_93' title="bbox 443 4557 2086 4636; baseline 0.001 -20"><span class='ocrx_word' id='word_1_680' title='bbox 443 4557 659 4623; x_wconf 82' lang='lat' dir='ltr'>confer,</span> <span class='ocrx_word' id='word_1_681' title='bbox 704 4560 761 4612; x_wconf 91' lang='lat' dir='ltr'>et</span> <span class='ocrx_word' id='word_1_682' title='bbox 799 4571 933 4613; x_wconf 88' lang='lat' dir='ltr'>cum</span> <span class='ocrx_word' id='word_1_683' title='bbox 981 4558 1127 4630; x_wconf 89' lang='lat' dir='ltr'>ipsis</span> <span class='ocrx_word' id='word_1_684' title='bbox 1171 4563 1574 4634; x_wconf 88' lang='lat' dir='ltr'>deprehendas</span> <span class='ocrx_word' id='word_1_685' title='bbox 1623 4565 1974 4636; x_wconf 87' lang='lat' dir='ltr'>digniorem.</span> <span class='ocrx_word' id='word_1_686' title='bbox 2019 4562 2086 4618; x_wconf 91' lang='lat' dir='ltr'>Et</span> 
     </span>
    </p>
   </div>
   <div class='ocr_carea' id='block_1_94' title="bbox 440 4649 2082 4721">
    <p class='ocr_par' dir='ltr' id='par_1_94' title="bbox 440 4649 2082 4721">
     <span class='ocr_line' id='line_1_94' title="bbox 440 4649 2082 4721; baseline 0.001 -15"><span class='ocrx_word' id='word_1_687' title='bbox 440 4650 647 4706; x_wconf 88' lang='lat' dir='ltr'>beatus</span> <span class='ocrx_word' id='word_1_688' title='bbox 688 4662 772 4716; x_wconf 89' lang='lat' dir='ltr'>es,</span> <span class='ocrx_word' id='word_1_689' title='bbox 804 4649 862 4701; x_wconf 90' lang='lat' dir='ltr'>et</span> <span class='ocrx_word' id='word_1_690' title='bbox 891 4662 1020 4703; x_wconf 89' lang='lat' dir='ltr'>vere</span> <span class='ocrx_word' id='word_1_691' title='bbox 1064 4653 1153 4705; x_wconf 88' lang='lat' dir='ltr'>ter</span> <span class='ocrx_word' id='word_1_692' title='bbox 1188 4652 1364 4721; x_wconf 89' lang='lat' dir='ltr'>beati,</span> <span class='ocrx_word' id='word_1_693' title='bbox 1410 4653 1460 4709; x_wconf 87' lang='lat' dir='ltr'>si</span> <span class='ocrx_word' id='word_1_694' title='bbox 1505 4653 1630 4710; x_wconf 72' lang='lat' dir='ltr'>haec</span> <span class='ocrx_word' id='word_1_695' title='bbox 1677 4653 1877 4710; x_wconf 89' lang='lat' dir='ltr'>omnia</span> <span class='ocrx_word' id='word_1_696' title='bbox 1919 4668 2082 4709; x_wconf 84' lang='lat' dir='ltr'>exse-</span> 
     </span>
    </p>
   </div>
   <div class='ocr_carea' id='block_1_95' title="bbox 443 4740 2084 4814">
    <p class='ocr_par' dir='ltr' id='par_1_95' title="bbox 443 4740 2084 4814">
     <span class='ocr_line' id='line_1_95' title="bbox 443 4740 2084 4814; baseline 0.001 -18"><span class='ocrx_word' id='word_1_697' title='bbox 443 4743 708 4814; x_wconf 87' lang='lat' dir='ltr'>quamini</span> <span class='ocrx_word' id='word_1_698' title='bbox 753 4740 968 4802; x_wconf 86' lang='lat' dir='ltr'>Christi</span> <span class='ocrx_word' id='word_1_699' title='bbox 1000 4741 1346 4809; x_wconf 88' lang='lat' dir='ltr'>imitatores,</span> <span class='ocrx_word' id='word_1_700' title='bbox 1400 4743 1631 4800; x_wconf 89' lang='lat' dir='ltr'>Domini</span> <span class='ocrx_word' id='word_1_701' title='bbox 1681 4742 1886 4801; x_wconf 82' lang='lat' dir='ltr'>nostri.</span> <span class='ocrx_word' id='word_1_702' title='bbox 1936 4743 2084 4798; x_wconf 88' lang='lat' dir='ltr'>Hinc</span> 
     </span>
    </p>
   </div>
   <div class='ocr_carea' id='block_1_96' title="bbox 442 4832 2085 4907">
    <p class='ocr_par' dir='ltr' id='par_1_96' title="bbox 442 4832 2085 4907">
     <span class='ocr_line' id='line_1_96' title="bbox 442 4832 2085 4907; baseline -0.001 -20"><span class='ocrx_word' id='word_1_703' title='bbox 442 4832 632 4904; x_wconf 87' lang='lat' dir='ltr'>magis</span> <span class='ocrx_word' id='word_1_704' title='bbox 661 4834 962 4907; x_wconf 88' lang='lat' dir='ltr'>magisque</span> <span class='ocrx_word' id='word_1_705' title='bbox 985 4833 1430 4890; x_wconf 83' lang='lat' dir='ltr'>conﬁrmabitur</span> <span class='ocrx_word' id='word_1_706' title='bbox 1459 4833 1770 4905; x_wconf 88' lang='lat' dir='ltr'>imperium</span> <span class='ocrx_word' id='word_1_707' title='bbox 1800 4836 2085 4898; x_wconf 88' lang='lat' dir='ltr'>vestrum,</span> 
     </span>
    </p>
   </div>
   <div class='ocr_carea' id='block_1_97' title="bbox 444 4920 2087 4994">
    <p class='ocr_par' dir='ltr' id='par_1_97' title="bbox 444 4920 2087 4994">
     <span class='ocr_line' id='line_1_97' title="bbox 444 4920 2087 4994; baseline -0.001 -18"><span class='ocrx_word' id='word_1_708' title='bbox 444 4923 916 4994; x_wconf 84' lang='lat' dir='ltr'>magniﬁcabitur</span> <span class='ocrx_word' id='word_1_709' title='bbox 973 4937 1181 4978; x_wconf 89' lang='lat' dir='ltr'>nomen</span> <span class='ocrx_word' id='word_1_710' title='bbox 1239 4924 1499 4978; x_wconf 81' lang='lat' dir='ltr'>vestrum</span> <span class='ocrx_word' id='word_1_711' title='bbox 1554 4922 1613 4976; x_wconf 90' lang='lat' dir='ltr'>in</span> <span class='ocrx_word' id='word_1_712' title='bbox 1643 4920 2087 4994; x_wconf 88' lang='lat' dir='ltr'>generationes:</span> 
     </span>
    </p>
   </div>
   <div class='ocr_carea' id='block_1_98' title="bbox 443 5009 2090 5084">
    <p class='ocr_par' dir='ltr' id='par_1_98' title="bbox 443 5009 2090 5084">
     <span class='ocr_line' id='line_1_98' title="bbox 443 5009 2090 5084; baseline -0.002 -17"><span class='ocrx_word' id='word_1_713' title='bbox 443 5012 810 5083; x_wconf 85' lang='lat' dir='ltr'>augebuntur</span> <span class='ocrx_word' id='word_1_714' title='bbox 842 5012 1095 5084; x_wconf 89' lang='lat' dir='ltr'>denique</span> <span class='ocrx_word' id='word_1_715' title='bbox 1124 5011 1263 5067; x_wconf 87' lang='lat' dir='ltr'>anni</span> <span class='ocrx_word' id='word_1_716' title='bbox 1301 5009 1664 5080; x_wconf 87' lang='lat' dir='ltr'>principatus</span> <span class='ocrx_word' id='word_1_717' title='bbox 1711 5010 1913 5066; x_wconf 90' lang='lat' dir='ltr'>vestri.</span> <span class='ocrx_word' id='word_1_718' title='bbox 1967 5009 2090 5064; x_wconf 92' lang='lat' dir='ltr'>Duo</span> 
     </span>
    </p>
   </div>
   <div class='ocr_carea' id='block_1_99' title="bbox 444 5098 2094 5173">
    <p class='ocr_par' dir='ltr' id='par_1_99' title="bbox 444 5098 2094 5173">
     <span class='ocr_line' id='line_1_99' title="bbox 444 5098 2094 5173; baseline -0.002 -15"><span class='ocrx_word' id='word_1_719' title='bbox 444 5101 736 5173; x_wconf 88' lang='lat' dir='ltr'>siquidem</span> <span class='ocrx_word' id='word_1_720' title='bbox 769 5102 890 5158; x_wconf 63' lang='lat' dir='ltr'>hac</span> <span class='ocrx_word' id='word_1_721' title='bbox 921 5117 1164 5157; x_wconf 88' lang='lat' dir='ltr'>munera</span> <span class='ocrx_word' id='word_1_722' title='bbox 1183 5099 1389 5155; x_wconf 86' lang='lat' dir='ltr'>tribuit</span> <span class='ocrx_word' id='word_1_723' title='bbox 1418 5098 1767 5156; x_wconf 89' lang='lat' dir='ltr'>Christianis</span> <span class='ocrx_word' id='word_1_724' title='bbox 1798 5101 1970 5166; x_wconf 87' lang='lat' dir='ltr'>Deus,</span> <span class='ocrx_word' id='word_1_725' title='bbox 2002 5115 2094 5154; x_wconf 88' lang='lat' dir='ltr'>sa-</span> 
     </span>
    </p>
   </div>
   <div class='ocr_carea' id='block_1_100' title="bbox 515 5226 1519 5296">
    <p class='ocr_par' dir='ltr' id='par_1_100' title="bbox 515 5226 1519 5296">
     <span class='ocr_line' id='line_1_100' title="bbox 515 5226 1519 5296; baseline -0.004 -10"><span class='ocrx_word' id='word_1_726' title='bbox 515 5231 558 5265; x_wconf 75' lang='grc'><strong>⁴⁶</strong></span> <span class='ocrx_word' id='word_1_727' title='bbox 589 5232 610 5285; x_wconf 94' lang='grc' dir='ltr'><strong>Ι</strong></span> <span class='ocrx_word' id='word_1_728' title='bbox 641 5230 768 5285; x_wconf 87' lang='lat' dir='ltr'>Cor.</span> <span class='ocrx_word' id='word_1_729' title='bbox 802 5245 858 5294; x_wconf 86' lang='lat' dir='ltr'>v,</span> <span class='ocrx_word' id='word_1_730' title='bbox 889 5229 944 5283; x_wconf 90' lang='lat'>7.</span> <span class='ocrx_word' id='word_1_731' title='bbox 1048 5226 1096 5260; x_wconf 85' lang='grc'>⁴⁷</span> <span class='ocrx_word' id='word_1_732' title='bbox 1123 5227 1289 5283; x_wconf 81' lang='lat' dir='ltr'>Hebr.</span> <span class='ocrx_word' id='word_1_733' title='bbox 1324 5243 1401 5296; x_wconf 86' lang='lat' dir='ltr'>IV,</span> <span class='ocrx_word' id='word_1_734' title='bbox 1434 5227 1519 5282; x_wconf 73' lang='lat'>15.</span> 
     </span>
    </p>
   </div>
   <div class='ocr_carea' id='block_1_101' title="bbox 2195 4546 3820 4633">
    <p class='ocr_par' dir='ltr' id='par_1_101' title="bbox 2195 4546 3820 4633">
     <span class='ocr_line' id='line_1_101' title="bbox 2195 4546 3820 4633; baseline -0.009 -18"><span class='ocrx_word' id='word_1_735' title='bbox 2195 4561 2286 4615; x_wconf 79' lang='grc' dir='ltr'>καὶ</span> <span class='ocrx_word' id='word_1_736' title='bbox 2357 4560 2483 4633; x_wconf 85' lang='grc' dir='ltr'>βίῳ,</span> <span class='ocrx_word' id='word_1_737' title='bbox 2550 4561 2657 4612; x_wconf 88' lang='grc' dir='ltr'>τῶν</span> <span class='ocrx_word' id='word_1_738' title='bbox 2723 4554 2911 4612; x_wconf 85' lang='grc' dir='ltr'>ἄλλων</span> <span class='ocrx_word' id='word_1_739' title='bbox 3005 4554 3342 4630; x_wconf 86' lang='grc' dir='ltr'>πρτέχοντας</span> <span class='ocrx_word' id='word_1_740' title='bbox 3426 4546 3820 4624; x_wconf 76' lang='grc' dir='ltr'>(καταϐάτωσαν</span> 
     </span>
    </p>
   </div>
   <div class='ocr_carea' id='block_1_102' title="bbox 2191 4635 3821 4726">
    <p class='ocr_par' dir='ltr' id='par_1_102' title="bbox 2191 4635 3821 4726">
     <span class='ocr_line' id='line_1_102' title="bbox 2191 4635 3821 4726; baseline -0.01 -21"><span class='ocrx_word' id='word_1_741' title='bbox 2191 4651 2294 4726; x_wconf 79' lang='grc' dir='ltr'>γὰρ</span> <span class='ocrx_word' id='word_1_742' title='bbox 2345 4649 2434 4703; x_wconf 89' lang='grc' dir='ltr'>καὶ</span> <span class='ocrx_word' id='word_1_743' title='bbox 2485 4645 2754 4714; x_wconf 83' lang='grc' dir='ltr'>στυλῖται,</span> <span class='ocrx_word' id='word_1_744' title='bbox 2805 4639 3197 4700; x_wconf 80' lang='grc' dir='ltr'>ἐκϐαινέτωσάν</span> <span class='ocrx_word' id='word_1_745' title='bbox 3252 4662 3310 4697; x_wconf 90' lang='grc' dir='ltr'>τε</span> <span class='ocrx_word' id='word_1_746' title='bbox 3356 4639 3444 4695; x_wconf 88' lang='grc' dir='ltr'>καί</span> <span class='ocrx_word' id='word_1_747' title='bbox 3493 4635 3821 4713; x_wconf 81' lang='grc' dir='ltr'>ἕγκλειστοι·</span> 
     </span>
    </p>
   </div>
   <div class='ocr_carea' id='block_1_103' title="bbox 2193 4723 3816 4813">
    <p class='ocr_par' dir='ltr' id='par_1_103' title="bbox 2193 4723 3816 4813">
     <span class='ocr_line' id='line_1_103' title="bbox 2193 4723 3816 4813; baseline -0.008 -19"><span class='ocrx_word' id='word_1_748' title='bbox 2193 4723 2414 4813; x_wconf 76' lang='grc' dir='ltr'>έπείπερ</span> <span class='ocrx_word' id='word_1_749' title='bbox 2473 4741 2632 4810; x_wconf 79' lang='grc' dir='ltr'>κοινῇ</span> <span class='ocrx_word' id='word_1_750' title='bbox 2693 4735 2964 4812; x_wconf 80' lang='grc' dir='ltr'>συμφέρον</span> <span class='ocrx_word' id='word_1_751' title='bbox 3020 4735 3080 4788; x_wconf 85' lang='grc' dir='ltr'>τὸ</span> <span class='ocrx_word' id='word_1_752' title='bbox 3143 4730 3526 4803; x_wconf 86' lang='grc' dir='ltr'>ζητούμενον),</span> <span class='ocrx_word' id='word_1_753' title='bbox 3583 4723 3816 4800; x_wconf 80' lang='grc' dir='ltr'>ἐπικρίνῃ</span> 
     </span>
    </p>
   </div>
   <div class='ocr_carea' id='block_1_104' title="bbox 2195 4817 3821 4896">
    <p class='ocr_par' dir='ltr' id='par_1_104' title="bbox 2195 4817 3821 4896">
     <span class='ocr_line' id='line_1_104' title="bbox 2195 4817 3821 4896; baseline -0.007 -14"><span class='ocrx_word' id='word_1_754' title='bbox 2195 4827 2284 4883; x_wconf 86' lang='grc' dir='ltr'>καί</span> <span class='ocrx_word' id='word_1_755' title='bbox 2346 4825 2439 4881; x_wconf 80' lang='grc' dir='ltr'>σὺν</span> <span class='ocrx_word' id='word_1_756' title='bbox 2491 4824 2675 4886; x_wconf 82' lang='grc' dir='ltr'>αὐτοῖς</span> <span class='ocrx_word' id='word_1_757' title='bbox 2734 4821 2989 4896; x_wconf 80' lang='grc' dir='ltr'>ἀποδείξῃ</span> <span class='ocrx_word' id='word_1_758' title='bbox 3046 4822 3138 4878; x_wconf 86' lang='grc' dir='ltr'>τὸν</span> <span class='ocrx_word' id='word_1_759' title='bbox 3194 4820 3525 4892; x_wconf 79' lang='grc' dir='ltr'>ἀξιώτερον.</span> <span class='ocrx_word' id='word_1_760' title='bbox 3586 4817 3685 4872; x_wconf 83' lang='grc' dir='ltr'>Καὶ</span> <span class='ocrx_word' id='word_1_761' title='bbox 3732 4828 3821 4884; x_wconf 80' lang='grc' dir='ltr'>μα·</span> 
     </span>
    </p>
   </div>
   <div class='ocr_carea' id='block_1_105' title="bbox 2202 4904 3818 4993">
    <p class='ocr_par' dir='ltr' id='par_1_105' title="bbox 2202 4904 3818 4993">
     <span class='ocr_line' id='line_1_105' title="bbox 2202 4904 3818 4993; baseline -0.012 -20"><span class='ocrx_word' id='word_1_762' title='bbox 2202 4918 2393 4993; x_wconf 80' lang='grc' dir='ltr'>κάριος</span> <span class='ocrx_word' id='word_1_763' title='bbox 2440 4915 2508 4984; x_wconf 76' lang='grc' dir='ltr'>εἴ,</span> <span class='ocrx_word' id='word_1_764' title='bbox 2562 4912 2773 4988; x_wconf 82' lang='grc' dir='ltr'>μᾶλλον</span> <span class='ocrx_word' id='word_1_765' title='bbox 2823 4911 2880 4967; x_wconf 73' lang='grc' dir='ltr'>δὲ</span> <span class='ocrx_word' id='word_1_766' title='bbox 2934 4910 3026 4966; x_wconf 86' lang='grc' dir='ltr'>καὶ</span> <span class='ocrx_word' id='word_1_767' title='bbox 3072 4910 3481 4985; x_wconf 83' lang='grc' dir='ltr'>τρισμακάριοι,</span> <span class='ocrx_word' id='word_1_768' title='bbox 3540 4904 3626 4961; x_wconf 73' lang='grc' dir='ltr'>ἐὰν</span> <span class='ocrx_word' id='word_1_769' title='bbox 3673 4904 3818 4959; x_wconf 77' lang='grc' dir='ltr'>τοῦτο</span> 
     </span>
    </p>
   </div>
   <div class='ocr_carea' id='block_1_106' title="bbox 2200 4993 3820 5080">
    <p class='ocr_par' dir='ltr' id='par_1_106' title="bbox 2200 4993 3820 5080">
     <span class='ocr_line' id='line_1_106' title="bbox 2200 4993 3820 5080; baseline -0.01 -18"><span class='ocrx_word' id='word_1_770' title='bbox 2200 5007 2330 5062; x_wconf 80' lang='grc' dir='ltr'>ὅλον</span> <span class='ocrx_word' id='word_1_771' title='bbox 2389 5003 2762 5080; x_wconf 80' lang='grc' dir='ltr'>ἀπεργάσησθε</span> <span class='ocrx_word' id='word_1_772' title='bbox 2837 5000 3277 5077; x_wconf 77' lang='grc' dir='ltr'>Χριστομίμητοι</span> <span class='ocrx_word' id='word_1_773' title='bbox 3324 5001 3485 5070; x_wconf 78' lang='grc' dir='ltr'>ἡμῶν</span> <span class='ocrx_word' id='word_1_774' title='bbox 3540 4993 3820 5080; x_wconf 36' lang='grc' dir='ltr'>δεσπόται-ο</span> 
     </span>
    </p>
   </div>
   <div class='ocr_carea' id='block_1_107' title="bbox 2203 5076 3814 5167">
    <p class='ocr_par' dir='ltr' id='par_1_107' title="bbox 2203 5076 3814 5167">
     <span class='ocr_line' id='line_1_107' title="bbox 2203 5076 3814 5167; baseline -0.008 -14"><span class='ocrx_word' id='word_1_775' title='bbox 2203 5096 2303 5154; x_wconf 83' lang='grc' dir='ltr'>Καὶ</span> <span class='ocrx_word' id='word_1_776' title='bbox 2354 5095 2405 5151; x_wconf 84' lang='grc' dir='ltr'>ἐν</span> <span class='ocrx_word' id='word_1_777' title='bbox 2463 5094 2640 5166; x_wconf 87' lang='grc' dir='ltr'>τούτῳ</span> <span class='ocrx_word' id='word_1_778' title='bbox 2698 5087 2776 5149; x_wconf 79' lang='grc' dir='ltr'>ἔτι</span> <span class='ocrx_word' id='word_1_779' title='bbox 2840 5089 3052 5167; x_wconf 77' lang='grc' dir='ltr'>μᾶλλον</span> <span class='ocrx_word' id='word_1_780' title='bbox 3111 5089 3527 5166; x_wconf 78' lang='grc' dir='ltr'>κρατυνθήσεται</span> <span class='ocrx_word' id='word_1_781' title='bbox 3585 5085 3732 5158; x_wconf 85' lang='grc' dir='ltr'>ὑμῶν</span> <span class='ocrx_word' id='word_1_782' title='bbox 3785 5076 3814 5140; x_wconf 80' lang='grc' dir='ltr'><strong>ἧ</strong></span> 
     </span>
    </p>
   </div>
   <div class='ocr_carea' id='block_1_108' title="bbox 2029 5297 2259 5355">
    <p class='ocr_par' dir='ltr' id='par_1_108' title="bbox 2029 5297 2259 5355">
     <span class='ocr_line' id='line_1_108' title="bbox 2029 5297 2259 5355; baseline -0.009 0"><span class='ocrx_word' id='word_1_783' title='bbox 2029 5297 2259 5355; x_wconf 70' lang='lat' dir='ltr'>NOTAE.</span> 
     </span>
    </p>
   </div>
   <div class='ocr_carea' id='block_1_109' title="bbox 519 5412 2084 5490">
    <p class='ocr_par' dir='ltr' id='par_1_109' title="bbox 519 5412 2084 5490">
     <span class='ocr_line' id='line_1_109' title="bbox 519 5412 2084 5490; baseline 0 -20"><span class='ocrx_word' id='word_1_784' title='bbox 519 5418 633 5488; x_wconf 83' lang='lat'>(16)</span> <span class='ocrx_word' id='word_1_785' title='bbox 715 5413 1017 5490; x_wconf 82' lang='grc' dir='ltr'>Νικηφόρω</span> <span class='ocrx_word' id='word_1_786' title='bbox 1108 5412 1353 5490; x_wconf 83' lang='grc' dir='ltr'>Βασιλεῖ.</span> <span class='ocrx_word' id='word_1_787' title='bbox 1433 5414 1769 5490; x_wconf 79' lang='lat' dir='ltr'>«Defuncto</span> <span class='ocrx_word' id='word_1_788' title='bbox 1822 5415 2084 5490; x_wconf 75' lang='lat' dir='ltr'>_Tarasio</span> 
     </span>
    </p>
   </div>
   <div class='ocr_carea' id='block_1_110' title="bbox 447 5488 2086 5560">
    <p class='ocr_par' dir='ltr' id='par_1_110' title="bbox 447 5488 2086 5560">
     <span class='ocr_line' id='line_1_110' title="bbox 447 5488 2086 5560; baseline -0.001 -18"><span class='ocrx_word' id='word_1_789' title='bbox 447 5491 818 5560; x_wconf 84' lang='lat' dir='ltr'>(patriarcha)</span> <span class='ocrx_word' id='word_1_790' title='bbox 843 5488 1156 5557; x_wconf 84' lang='lat' dir='ltr'>imperator</span> <span class='ocrx_word' id='word_1_791' title='bbox 1187 5488 1440 5560; x_wconf 87' lang='lat' dir='ltr'>cogitare</span> <span class='ocrx_word' id='word_1_792' title='bbox 1469 5489 1639 5558; x_wconf 77' lang='lat' dir='ltr'>cmpit</span> <span class='ocrx_word' id='word_1_793' title='bbox 1670 5489 1740 5544; x_wconf 90' lang='lat' dir='ltr'>de</span> <span class='ocrx_word' id='word_1_794' title='bbox 1783 5488 1911 5560; x_wconf 87' lang='lat' dir='ltr'>ejus</span> <span class='ocrx_word' id='word_1_795' title='bbox 1951 5503 2086 5542; x_wconf 88' lang='lat' dir='ltr'>suc-</span> 
     </span>
    </p>
   </div>
   <div class='ocr_carea' id='block_1_111' title="bbox 449 5559 2085 5631">
    <p class='ocr_par' dir='ltr' id='par_1_111' title="bbox 449 5559 2085 5631">
     <span class='ocr_line' id='line_1_111' title="bbox 449 5559 2085 5631; baseline -0.001 -15"><span class='ocrx_word' id='word_1_796' title='bbox 449 5575 676 5616; x_wconf 86' lang='lat' dir='ltr'>cessore</span> <span class='ocrx_word' id='word_1_797' title='bbox 703 5559 1007 5631; x_wconf 81' lang='lat' dir='ltr'>deligendo</span> <span class='ocrx_word' id='word_1_798' title='bbox 1042 5577 1055 5615; x_wconf 91' lang='lat'><strong>:</strong></span> <span class='ocrx_word' id='word_1_799' title='bbox 1104 5560 1164 5614; x_wconf 90' lang='lat' dir='ltr'>in</span> <span class='ocrx_word' id='word_1_800' title='bbox 1196 5559 1309 5631; x_wconf 91' lang='lat' dir='ltr'>quo</span> <span class='ocrx_word' id='word_1_801' title='bbox 1338 5564 1403 5616; x_wconf 85' lang='lat' dir='ltr'>ut</span> <span class='ocrx_word' id='word_1_802' title='bbox 1432 5561 1684 5631; x_wconf 89' lang='lat' dir='ltr'>speciem</span> <span class='ocrx_word' id='word_1_803' title='bbox 1741 5559 1941 5615; x_wconf 87' lang='lat' dir='ltr'>saltem</span> <span class='ocrx_word' id='word_1_804' title='bbox 1989 5575 2085 5615; x_wconf 88' lang='lat' dir='ltr'>os-</span> 
     </span>
    </p>
   </div>
   <div class='ocr_carea' id='block_1_112' title="bbox 447 5630 2099 5707">
    <p class='ocr_par' dir='ltr' id='par_1_112' title="bbox 447 5630 2099 5707">
     <span class='ocr_line' id='line_1_112' title="bbox 447 5630 2099 5707; baseline 0.001 -19"><span class='ocrx_word' id='word_1_805' title='bbox 447 5631 714 5692; x_wconf 85' lang='lat' dir='ltr'>tenderet</span> <span class='ocrx_word' id='word_1_806' title='bbox 742 5630 993 5707; x_wconf 86' lang='lat' dir='ltr'>pietatis,</span> <span class='ocrx_word' id='word_1_807' title='bbox 1039 5630 1323 5692; x_wconf 85' lang='lat' dir='ltr'>consuluit</span> <span class='ocrx_word' id='word_1_808' title='bbox 1363 5630 1734 5691; x_wconf 86' lang='lat' dir='ltr'>Theodorum</span> <span class='ocrx_word' id='word_1_809' title='bbox 1783 5631 2099 5705; x_wconf 84' lang='lat' dir='ltr'>Studitam,</span> 
     </span>
    </p>
   </div>
   <div class='ocr_carea' id='block_1_113' title="bbox 2193 5393 3821 5484">
    <p class='ocr_par' dir='ltr' id='par_1_113' title="bbox 2193 5393 3821 5484">
     <span class='ocr_line' id='line_1_113' title="bbox 2193 5393 3821 5484; baseline -0.013 -15"><span class='ocrx_word' id='word_1_810' title='bbox 2193 5414 2380 5469; x_wconf 90' lang='lat' dir='ltr'>virum</span> <span class='ocrx_word' id='word_1_811' title='bbox 2423 5412 2662 5484; x_wconf 89' lang='lat' dir='ltr'>quidem</span> <span class='ocrx_word' id='word_1_812' title='bbox 2718 5411 2934 5482; x_wconf 88' lang='lat' dir='ltr'>pietate</span> <span class='ocrx_word' id='word_1_813' title='bbox 2983 5409 3288 5482; x_wconf 85' lang='lat' dir='ltr'>insignem,</span> <span class='ocrx_word' id='word_1_814' title='bbox 3317 5413 3418 5484; x_wconf 86' lang='lat' dir='ltr'>_u_t_</span> <span class='ocrx_word' id='word_1_815' title='bbox 3454 5401 3730 5484; x_wconf 71' lang='lat' dir='ltr'>proferret</span> <span class='ocrx_word' id='word_1_816' title='bbox 3771 5393 3821 5484; x_wconf 72' lang='lat' dir='ltr'>in</span> 
     </span>
    </p>
   </div>
   <div class='ocr_carea' id='block_1_114' title="bbox 2196 5475 3816 5556">
    <p class='ocr_par' dir='ltr' id='par_1_114' title="bbox 2196 5475 3816 5556">
     <span class='ocr_line' id='line_1_114' title="bbox 2196 5475 3816 5556; baseline -0.009 -16"><span class='ocrx_word' id='word_1_817' title='bbox 2196 5475 2478 5550; x_wconf 75' lang='lat' dir='ltr'>medium,</span> <span class='ocrx_word' id='word_1_818' title='bbox 2511 5501 2683 5556; x_wconf 89' lang='lat' dir='ltr'>quem</span> <span class='ocrx_word' id='word_1_819' title='bbox 2721 5475 2901 5556; x_wconf 73' lang='lat' dir='ltr'>sciret</span> <span class='ocrx_word' id='word_1_820' title='bbox 2927 5487 3088 5540; x_wconf 85' lang='lat' dir='ltr'>tanto</span> <span class='ocrx_word' id='word_1_821' title='bbox 3101 5475 3472 5538; x_wconf 53' lang='lat' dir='ltr'>&#39;sacerdotid</span> <span class='ocrx_word' id='word_1_822' title='bbox 3505 5475 3761 5547; x_wconf 79' lang='lat' dir='ltr'>dignum.</span> <span class='ocrx_word' id='word_1_823' title='bbox 3791 5482 3816 5512; x_wconf 67' lang='grc' dir='ltr'><strong>ν</strong></span> 
     </span>
    </p>
   </div>
   <div class='ocr_carea' id='block_1_115' title="bbox 2193 5555 2918 5629">
    <p class='ocr_par' dir='ltr' id='par_1_115' title="bbox 2193 5555 2918 5629">
     <span class='ocr_line' id='line_1_115' title="bbox 2193 5555 2918 5629; baseline -0.008 -15"><span class='ocrx_word' id='word_1_824' title='bbox 2193 5559 2425 5629; x_wconf 91' lang='lat' dir='ltr'>(Baron.</span> <span class='ocrx_word' id='word_1_825' title='bbox 2459 5555 2555 5614; x_wconf 86' lang='lat' dir='ltr'>an.</span> <span class='ocrx_word' id='word_1_826' title='bbox 2588 5555 2715 5627; x_wconf 88' lang='lat'>806,</span> <span class='ocrx_word' id='word_1_827' title='bbox 2745 5570 2806 5612; x_wconf 92' lang='lat' dir='ltr'>n.</span> <span class='ocrx_word' id='word_1_828' title='bbox 2837 5555 2918 5624; x_wconf 75' lang='lat'>3.)</span> 
     </span>
    </p>
   </div>
  </div>
