4090 6288
337 355 449 417 961

1613 347 2171 412 EPISTOLABUM
2223 349 2367 409 LIB.
2416 352 2462 409 Ι.

3618 362 3734 420 962

346 486 592 560 βασιλεία
615 504 628 518 ο
666 480 1129 560 μεγαλυνθήσεταί
1184 501 1241 535 τε
1291 481 1351 535 τὸ
1381 480 1554 552 ὄνομα
1587 481 1739 553 ὑμῶν
1772 479 1848 541 εἰς
1891 501 1977 555 γε·

2098 481 2410 538 cerdotium
2442 489 2496 538 et
2526 482 2861 554 imperium,
2912 500 3014 557 per
3059 502 3185 559 quae
3216 490 3443 560 colitur,
3477 509 3575 562 per
3605 511 3732 566 quzs

339 577 459 628 νεὰν
499 576 589 629 καὶ
623 575 805 652 γενεάν
829 593 841 604 ·
876 573 1238 644 αὐξηθήσεται
1282 568 1338 623 δὲ
1390 569 1480 622 καὶ
1528 570 1594 624 τὰ
1624 567 1718 624 τοῦ
1746 569 1975 643 κράτους

343 667 492 736 ὑμῶν
541 659 656 735 ἔτη.
702 661 924 731 Ἐπειδὴ
977 659 1072 716 δύο
1119 664 1286 714 ταῦτα
1336 657 1562 714 δέδωκεν
1607 659 1634 712 6
1678 659 1807 721 Θεὸς
1863 663 1978 720 τοῖς

340 759 689 829 Χριστιανοῖς
759 753 1081 829 δωρήματα,
1140 752 1436 826 ἱερωσύνην
1500 751 1588 805 καί
1679 749 1977 825 βασιλείαν.

340 847 420 899 Δι’
450 846 524 898 ὢν
584 843 951 917 θεραπεύεται,
976 841 1046 897 δι’
1093 841 1165 896 ὧν
1216 845 1502 912 κοσμεῖται
1551 840 1624 901 ὡς
1668 837 1721 893 ἐν
1772 838 1981 912 οὐρανῷ

335 935 404 988 τὰ
460 933 688 1010 ἐπίγεια.
748 933 1036 1006 Ὀπότερον
1117 929 1206 986 οὖν
1271 929 1496 999 ἀναξίως
1575 924 1714 1003 ἔχει,
1773 929 1862 983 καὶ
1916 928 1979 982 τὸ

338 1023 468 1080 ὅλον
520 1024 728 1099 ἀνάγκη
779 1020 1220 1099 συγκινδυνεύειν.
1253 1023 1412 1076 Ὥστε
1472 1019 1518 1074 εἰ
1571 1019 1860 1094 βούλοισθε
1909 1021 1978 1091 τῇ

341 1111 591 1187 βασιλείᾳ
632 1113 786 1184 ὑμῶν
838 1115 1149 1186 συγκροτεῖν
1196 1108 1263 1162 τὰ
1313 1107 1559 1182 μέγιστα,
1590 1107 1680 1161 καὶ
1739 1104 1827 1160 διὰ
1880 1107 1978 1174 τῆς

340 1200 621 1265 Βασιλείας
669 1201 822 1275 ὑμῶν
868 1205 997 1255 πᾶσι
1039 1204 1158 1262 τοῖς
1223 1200 1608 1272 Χριστισινοῖς⁸
1663 1194 1978 1271 ἰσόῤῥοπον,

331 1293 396 1345 τὸ
447 1291 571 1346 ὅσον
623 1290 699 1352 εἰς
746 1288 994 1363 δύναμιν,
1025 1295 1125 1358 τῆς
1177 1288 1312 1343 κατὰ
1340 1288 1438 1355 τήν
1477 1284 1755 1360 βασιλείαν
1786 1285 1980 1359 ἀρετῆς

335 1380 492 1454 ὑμῶν
557 1377 770 1452 δέξηται
821 1380 912 1434 καὶ
979 1381 1014 1448 ἡ
1072 1376 1376 1448 Ἐκκλησία
1433 1375 1525 1430 τὸν
1586 1376 1778 1440 ἑαυτῆς
1836 1375 1982 1449 πρό-

333 1466 491 1546 εδρον
517 1490 531 1502 ·
560 1468 652 1524 ’ίνα
681 1467 1086 1545 ἆγαλλιάσηται
1114 1469 1181 1521 τὰ
1219 1465 1464 1540 οὐράνια,
1496 1463 1588 1518 καὶ
1632 1461 1732 1535 ᾄσῃ
1763 1463 1830 1518 τὰ
1858 1462 1980 1518 ἐπί-

2087 575 2389 642 ornantur,
2421 576 2476 628 et
2506 573 2906 644 gubernantur
2951 576 3278 636 caelestium
3319 583 3583 654 exemplo
3616 591 3732 642 ter-

2090 678 2249 718 rena.
2282 661 2578 719 Utrumvis
2598 679 2734 735 ergo
2759 667 2964 736 praeter
2982 666 3325 739 dignitatern
3360 687 3420 728 se
3443 672 3732 744 habuerit,

2089 755 2274 808 totum
2306 768 2425 809 una
2453 752 2766 826 periclitari
2797 771 3032 812 necesse
3061 761 3168 813 est.
3194 759 3402 828 Quare,
3433 761 3484 818 si
3518 764 3737 835 optima

2089 840 2333 913 imperio
2379 845 2568 899 vestro
2621 843 2925 924 decernere
2975 845 3166 919 vultis,
3203 857 3256 903 et
3288 865 3390 920 per
3425 851 3734 925 imperium

2089 936 2347 989 vestrum
2400 934 2671 990 omnibus
2721 935 3100 1006 Christianis;
3177 940 3480 1011 aequalem,
3541 946 3734 1015 quoad

2091 1019 2216 1074 ﬁeri
2272 1023 2475 1091 potest,
2531 1021 2914 1093 imperatoriae
2963 1024 3165 1081 virtuti
3216 1032 3418 1084 vestra
3459 1033 3738 1088 sortiatur

2090 1108 2345 1164 Ecclesia
2398 1110 2708 1180 praesulem
2755 1128 2946 1181 suum,
2997 1117 3063 1169 ut
3131 1114 3390 1173 exultent
3457 1119 3714 1176 coelestia

2088 1197 2466 1270 laetenturque
2494 1204 2739 1255 terrena.
2773 1200 2902 1257 Dux
2949 1201 3108 1258 vobis
3149 1205 3227 1260 sit
3273 1205 3372 1261 Dei
3415 1222 3643 1276 manus,
3677 1210 3734 1264 in

2091 1303 2208 1358 qua
2227 1290 2284 1344 et
2311 1303 2410 1343 cor
2438 1293 2693 1344 vestrum
2724 1297 2830 1357 est,
2854 1291 3244 1364 ostendatque
3276 1297 3515 1352 meliora
3536 1313 3559 1361 ;
3581 1303 3639 1353 et
3663 1299 3734 1354 ab

2089 1394 2158 1434 ea
2179 1376 2461 1450 recipietis
2490 1379 2562 1435 ob
2615 1383 2916 1452 susceptos
2969 1398 3072 1453 pro
3119 1399 3289 1455 opere
3321 1385 3432 1442 hoc
3482 1387 3733 1459 labores,

2089 1483 2260 1524 curas
2290 1472 2348 1523 et
2375 1468 2815 1531 sollicitudines,
2852 1485 3098 1542 regnum
3135 1475 3578 1544 sempiternum.

328 1580 474 1634 γεια.
509 1557 612 1631 Ε’ίη
673 1561 708 1629 ἡ
764 1559 889 1634 χεῖρ
944 1561 1040 1614 τοῦ
1097 1559 1251 1628 Θεοῦ,
1285 1555 1337 1611 ἐν
1482 1558 1572 1609 καὶ
1629 1556 1664 1624 ἡ
1723 1551 1919 1639 καρδία
1969 1553 2121 1627 ὑμῶν
2169 1554 2334 1628 ἐστιν,
2368 1557 2444 1618 εἰς
2488 1553 2710 1633 ὁδηγίαν
2741 1558 2833 1612 καὶ
2863 1557 3206 1634 ἀποκάλυψιν
3238 1565 3334 1616 τοῦ
3404 1565 3731 1639 κρείττονος.

331 1649 434 1703 Καὶ
495 1647 844 1722 ἀπολήψεσθε
896 1647 1026 1720 παρ’
1081 1646 1252 1715 αὐτῆς
1300 1645 1425 1706 τοὺς
1489 1644 1622 1718 ὑπὲρ
1664 1646 1763 1699 τοῦ
1810 1637 1968 1718 ἔργου
2006 1646 2200 1700 τούτου
2232 1641 2752 1718 καταϐαλλομένους
2796 1647 2924 1719 ὑμῖν
2951 1649 3147 1711 πόνους
3197 1649 3287 1704 καὶ
3349 1637 3614 1728 μερίμνας
3643 1654 3734 1709 καὶ

330 1736 648 1814 φροντίδας,
680 1739 780 1806 τήν
817 1735 1097 1812 βασιλείαν
1128 1737 1230 1804 τὴν
1259 1731 1583 1809 ἀδιάδόχον.

609 1866 700 1922 ῙΖ’.
736 1896 803 1906 -
835 1861 1049 1936 Ἰωάννῃ
1081 1859 1365 1934 σπαθαρίῳ
1398 1862 1528 1933 (17).
1562 1856 1718 1932 [λδ’.]

2478 1863 2662 1920 XVII.
2696 1894 2764 1906 -—
2789 1865 2990 1922 Joanm'
3019 1867 3342 1940 Spatharz’o.

1108 2001 1182 2051 De
1210 2000 1440 2064 imagine
1469 1998 1521 2049 8.
1552 1996 1828 2058 Demetrii,
1863 1998 1916 2047 in
1946 1997 2211 2061 baptismo
2246 1999 2485 2050 adhibita
2515 2015 2613 2064 pro
2644 2006 2975 2066 susceptare.

407 2104 560 2160 Θεῖόν
605 2123 656 2157 τι
709 2099 889 2176 δρᾶμα
931 2099 1226 2172 ἀκηκοότες
1261 2098 1598 2174 πεπραχέναι
1631 2119 1725 2152 σου
1754 2099 1852 2168 τὴν
1881 2118 1973 2152 κυ-

2155 2099 2426 2157 Divinum
2475 2104 2770 2175 quoddam
2830 2104 3061 2161 facinus
3111 2123 3143 2161 a
3193 2107 3591 2166 dominatione
3633 2115 3735 2168 uat

333 2193 586 2270 ριότητα,
617 2190 1029 2265 τεθαυμάκαμεν
1058 2189 1147 2245 ἐπὶ
1193 2193 1263 2263 τῇ
1317 2187 1527 2264 μεγάλῃ
1571 2209 1671 2242 σου
1721 2187 1796 2248 ὡς
1840 2185 1978 2257 ἀλη-

332 2287 446 2346 θῶς
473 2282 675 2350 πίστει,
707 2279 954 2354 ἄνθρωπε
980 2285 1078 2334 τοῦ
1111 2283 1267 2335 Θεοῦ.

410 2373 554 2443 Φησί
585 2372 688 2446 γὰρ
737 2371 765 2424 ὁ
824 2366 1040 2442 διδάξας
1087 2371 1395 2446 χρήσασθαί
1450 2389 1508 2422 σε
1559 2371 1628 2442 τῇ
1668 2367 1788 2442 ἱερᾷ
1818 2365 1981 2422 εἰκόνι

337 2466 438 2516 τοῦ
490 2457 977 2536 μεγαλομᾶρτυρος
1019 2458 1360 2535 Δημητρίου,
1404 2458 1519 2513 ἀντὶ
1569 2454 1846 2531 ἀναδόχου
1901 2479 1983 2511 τι·

340 2553 460 2621 νὸς,
489 2556 579 2605 καῖ
627 2549 798 2612 οὕτως
857 2546 1160 2604 ἐπιτελέσαι
1215 2549 1278 2604 τὸ
1337 2547 1591 2622 φώτισμα
1647 2551 1744 2601 τοῦ
1791 2549 1986 2625 θεοφυ-

345 2640 549 2696 λάκτου
602 2660 701 2693 σου
750 2637 961 2695 τέκνου.
996 2637 1116 2705 Καὶ,
1158 2633 1203 2690 ὣ
1243 2639 1344 2703 τῆς
1391 2637 1810 2706 πεποιθήσεωςί
1845 2632 1986 2692 Οὐδὲ

341 2731 395 2786 ἐν
453 2733 534 2802 τῷ
591 2726 816 2806 Ἰσραὴλ
867 2730 1022 2802 εὗρον
1080 2725 1350 2798 τοσαύτην
1407 2727 1612 2799 πίστιν,
1670 2726 1698 2780 6
1755 2723 1984 2800 Χριστός

340 2821 408 2874 οὐ
459 2819 618 2894 μόνον
671 2818 795 2872 τότε
842 2821 923 2889 τῷ
972 2817 1339 2895 ἑκατοντάρχῃ
1374 2813 1521 2871 δοκῶ
1549 2814 1977 2893 ἐπιφθέγξασθαι,

344 2908 490 2964 ἀλλὰ
544 2907 633 2962 καὶ
685 2907 769 2961 σοὶ
812 2906 932 2981 ἄρτι
970 2910 1050 2979 τῷ
1095 2903 1387 2985 ἐφαμίλλῳ
1432 2909 1502 2971 τῆ
1552 2904 1752 2964 πίστει,
1784 2903 1986 2980 Εὕρετο

339 2998 516 3054 τοίνυν
566 2997 770 3053 ἐκεῖνος
809 2995 837 3050 ’ὁ
888 2996 1254 3067 ἐπεζήτησεν
1288 2993 1544 3071 ἐπέτυχες
1594 2995 1684 3049 καὶ
1732 2993 1891 3056 αὐτὸς
1924 2991 1986 3048 οῦ

336 3088 626 3151 πέποιθας.
662 3088 809 3143 Ἐκεῖ
836 3088 897 3141 τὸ
947 3088 1088 3141 θεῖον
1121 3081 1444 3162 πρόσταγμα
1491 3084 1606 3140 ἀντὶ
1652 3090 1754 3154 τῆς
1795 3103 1989 3157 σωμα-

337 3185 500 3248 τικῆς
549 3177 883 3252 παρουσίας·
931 3176 1200 3232 κάνταῦθα
1247 3178 1282 3246 ἡ
1331 3177 1616 3249 σωματική
1664 3173 1821 3229 εἰκὼν
1871 3173 1988 3228 ἀντὶ

336 3272 440 3325 τοῦ
470 3266 855 3343 πρωτοτύπου.
887 3268 1034 3322 Ἐκεῖ
1086 3269 1374 3340 συμπαρῆν
1423 3269 1503 3338 τῷ
1551 3265 1702 3342 λόγῳ
1743 3265 1771 3319 6
1826 3264 1991 3340 μέγας

339 3357 551 3435 Λόγος,
581 3359 828 3434 ἂοράτως
859 3359 929 3430 τῇ
963 3356 1179 3428 θεότητι
1203 3355 1265 3411 τὸ
1295 3351 1596 3430 παράδοξον
1649 3360 1747 3423 τῆς
1795 3352 1992 3415 ἰάσεως

2089 2189 2299 2246 factum
2330 2192 2656 2259 audientes,
2686 2193 2878 2249 mirati
2900 2211 3108 2250 sumus
3138 2196 3211 2251 ob
3235 2213 3505 2269 magnam
3538 2215 3736 2256 revera

2090 2278 2290 2349 ﬁdem,
2319 2280 2492 2336 homo
2523 2281 2650 2338 Dei.

2158 2369 2428 2427 Atﬁrmat
2456 2371 2612 2428 enim
2644 2373 2746 2443 qui
2779 2373 2992 2440 retulit,
3026 2379 3081 2431 te
3101 2393 3324 2432 sacram
3350 2380 3547 2451 magni
3580 2375 3731 2436 mar-

2090 2464 2234 2532 tyris
2262 2460 2536 2516 Demetrii
2559 2461 2875 2533 imaginem
2900 2467 3258 2536 susceptoris
3275 2467 3586 2537 cujusdam
3608 2469 3733 2525 loco

2092 2550 2452 2619 adhibuisse,
2509 2555 2683 2623 atque
2742 2552 2826 2608 ita
2883 2553 2986 2610 ﬁlii
3044 2558 3131 2610 tui
3195 2572 3229 2611 a
3290 2556 3406 2613 Deo
3463 2560 3734 2615 custoditi

2091 2640 2447 2710 baptismum
2488 2642 2802 2713 peregisse.
2853 2643 2940 2711 Et,
2976 2661 3008 2699 ο
3057 2644 3332 2701 fiduciam
3364 2650 3524 2703 tuam
3557 2647 3571 2702 ι
3617 2653 3738 2706 Non

2090 2730 2278 2785 inveni
2307 2736 2520 2786 tantam
2552 2729 2710 2798 ﬁdem
2757 2734 2818 2787 in
2857 2733 3032 2790 Israel
3062 2732 3130 2802 ‘3,
3191 2750 3305 2791 non
3363 2735 3546 2792 solum
3601 2753 3737 2792 cen-

2092 2818 2313 2874 turioni
2360 2823 2499 2874 tunc
2537 2836 2571 2874 a
2615 2819 2838 2876 Christo
2868 2821 3088 2878 dictum
3137 2822 3406 2893 arbitror,
3448 2825 3548 2881 sed
3582 2840 3739 2881 nunc

2093 2907 2268 2963 etiam
2298 2907 2404 2964 tibi
2442 2908 2540 2978 qui
2571 2906 2682 2963 ﬁde
2727 2913 2917 2967 certas
2964 2927 3098 2967 cum
3153 2911 3276 2968 illo.
3329 2914 3557 2970 Invenit
3603 2931 3739 2987 ergo

2093 2997 2192 3054 ille
2224 2999 2377 3070 quod
2419 3003 2747 3070 quaerebat;
2797 3002 3040 3073 adeptus
3067 3019 3129 3059 es
3178 3009 3232 3058 et
3262 3003 3388 3075 ipse
3419 3005 3570 3076 quod
3603 3022 3741 3077 spe-

2094 3087 2255 3143 rasti.
2314 3087 2399 3143 Ibi
2446 3088 2707 3144 divinum
2753 3091 3096 3146 mandatum
3141 3107 3246 3164 pro
3277 3094 3560 3165 corporali
3594 3111 3739 3166 prae-

2096 3175 2320 3233 sentia:
2353 3175 2448 3232 hic
2466 3193 2743 3250 corporea
2763 3179 2954 3250 imago
2985 3180 3107 3236 vice
3125 3181 3429 3254 prolotypi.
3464 3182 3549 3238 Ibi
3581 3183 3737 3240 enim

2093 3264 2284 3321 verbis
2339 3266 2541 3322 aderat
2596 3283 2876 3339 magnum
2941 3268 3220 3338 Verbum,
3272 3271 3571 3328 divinitate
3633 3290 3741 3328 sua

2095 3354 2362 3411 mirabile
2392 3355 2659 3412 sanitatis
2704 3373 2852 3428 opus
2894 3357 3266 3416 invisibiliter
3303 3361 3648 3432 perﬁciens;
3685 3366 3742 3417 et

336 3447 756 3524 ἐργασάμενοςο
815 3446 1083 3502 κάνταῦθα
1141 3443 1197 3500 δὲ
1256 3447 1419 3510 συνῆν
1479 3445 1507 3498 ὁ
1569 3442 1987 3549 μεγαλόμαρτυς

2098 3443 2193 3500 hic
2227 3443 2436 3516 pariter
2493 3461 2742 3518 magnus
2800 3451 3019 3520 martyr
3073 3448 3314 3520 imagini
3369 3468 3486 3506 suae
3535 3452 3738 3522 spiritu

335 3535 608 3610 πνεύματι
665 3541 734 3611 τῇ
795 3535 970 3607 οἰκείᾳ
1027 3535 1192 3590 εἰκόνι
1250 3535 1311 3589 τὸ
1393 3532 1589 3612 βρέφος
1667 3531 1985 3608 δεχόμενος.

335 3624 525 3682 Ἀλλᾶ
577 3619 845 3698 βεϐήλοις
897 3625 994 3697 μὲν
1048 3624 1235 3685 ἀκοαῖς
1311 3622 1402 3678 καὶ
1471 3621 1718 3684 ἀπίστοις
1783 3624 1988 3696 ψυχαῖς

337 3718 512 3770 ταῦτα
560 3710 926 3790 ἀπαράδεκτα,
979 3713 1055 3775 ὡς
1123 3710 1358 3768 ἄπισταο
1407 3711 1497 3767 καὶ
1569 3712 1807 3785 μάλιστα
1871 3715 1990 3773 τοῖς

342 3804 787 3881 Εἰκονομάχοις·
837 3805 906 3876 τῇ
954 3799 1009 3856 δὲ
1057 3805 1124 3876 σῇ
1167 3797 1406 3874 εὐσεϐείᾳ
1464 3801 1656 3877 ἐναργῆ
1719 3801 1785 3856 τὰ
1840 3822 1992 3876 γνω-

340 3894 582 3969 ρίσματά
637 3915 695 3949 τε
751 3895 840 3948 καὶ
912 3890 1281 3968 ὑποδείγματα
1331 3895 1720 3970 πεφανέρωται.
1767 3892 1830 3948 Τί
1889 3893 1990 3967 γὰρ

339 3989 424 4056 τῷ
455 3988 571 4055 Θεῷ
599 3981 851 4038 ἀδυνατεῖ
899 3983 1159 4061 παρέχειν
1208 3989 1322 4045 τοῖς
1373 3983 1682 4038 πιστεύουσι
1709 4003 1740 4053 ;_
1757 3984 1843 4038 καὶ
1876 3987 1993 4044 πῶς

344 4073 481 4148 οὖχῖ
511 4071 564 4126 ἐν
590 4077 659 4146 τῇ
691 4072 858 4127 εἰκόνι
923 4074 950 4126 6
992 4070 1389 4145 εἰκονιζόμενος
1445 4072 1753 4144 ὁμωνύμως
1805 4070 1992 4147 ὁρᾶταί

342 4183 405 4217 τε
433 4162 523 4216 καὶ
557 4163 689 4216 εἶναι
721 4161 1028 4217 πιστεύεται
1054 4181 1067 4231 ;
1107 4185 1134 4214 ‹‹
1168 4165 1232 4216 ’[-Ι
1263 4161 1365 4236 γὰρ
1395 4167 1494 4228 τῆς
1517 4161 1743 4222 εἰκόνος,
1778 4160 1939 4236 φησὶν
1965 4162 1992 4214 6

350 4251 520 4326 μέγας
555 4251 862 4321 Βασίλειος,
893 4252 1029 4324 τιμή
1064 4249 1152 4305 ἐπὶ
1183 4251 1245 4304 τὸ
1267 4249 1621 4324 πρωτότυπον
1654 4244 1940 4305 διαϐαίνει.
1963 4271 1992 4300 n

341 4344 506 4396 "om
538 4345 720 4418 σαφῶς
751 4341 778 4395 ὁ
814 4343 1017 4413 μάρτυς
1049 4340 1114 4408 ἦν
1149 4337 1239 4393 διὰ
1284 4342 1387 4405 τῆς
1436 4338 1635 4400 οἰκείας
1673 4338 1880 4400 εἰκόνος
1932 4339 1994 4394 τὸ

351 4429 552 4507 βρέφος
609 4421 1038 4508 εἰσδεχόμενοςο
1093 4427 1175 4505 ἐφ’
1232 4427 1357 4483 ὅσον
1415 4426 1556 4483 οὕτω
1614 4427 1994 4490 πεπίστευκας.

347 4517 525 4574 Ἀλλᾶ
555 4517 636 4580 τίς
666 4519 700 4587 ἢ
736 4516 948 4590 εὐδοξία
974 4524 1074 4588 τῆς
1111 4515 1507 4592 μεγαλωσύνης
1549 4537 1667 4588 σου,
1700 4517 1782 4570 ὅτι
1832 4516 1995 4588 τηλι-

347 4611 566 4678 κοῦτον,
608 4609 670 4662 τὸ
714 4605 780 4677 δή
833 4607 1144 4682 λεγόμενον,
1177 4607 1455 4662 σύντεκνον
1506 4608 1902 4681 προσεκτήσως
1934 4605 1994 4661 οὐ

349 4699 442 4754 τὸν
472 4696 618 4754 δεῖνα
647 4696 683 4768 ἢ
714 4698 803 4752 τὸν
838 4695 1006 4770 δεῖνα,
1037 4698 1279 4776 ἄρχοντα
1306 4697 1476 4770 τυχὸν
1505 4696 1540 4766 ἢ
1588 4693 1848 4768 δυνάστην
1874 4716 1886 4728 ·
1921 4694 1999 4750 εἶ’-

350 4809 446 4842 ποι
496 4784 543 4841 δ’
574 4785 632 4841 ἃν
685 4783 802 4841 οὐδ’
831 4788 992 4842 αὐτὸν
1037 4786 1129 4840 τὸν
1179 4786 1240 4840 τὸ
1281 4783 1525 4858 διάδημα
1571 4785 1946 4860 περικείμενον
1979 4802 1992 4815 ⁶

356 4877 558 4952 μείζων
603 4877 704 4952 γὰρ
747 4876 837 4930 καὶ
889 4875 1178 4950 ὑπέρτερος
1227 4877 1255 4928 6
1307 4873 1679 4950 ἐξευρημένος.
1714 4877 1839 4931 Τῶν
1889 4875 1993 4950 γὰρ

356 4965 643 5040 μαρτύρων
690 4967 718 5019 6
778 4967 1103 5040 κράτιστος·
1153 4969 1260 5019 τῶν
1312 4966 1738 5039 θαυματουργιῖη
1786 4965 1815 5017 6
1875 4961 1998 5019 δια-

351 5056 603 5133 πρύσιος’
627 5060 734 5110 τῶν
768 5053 945 5134 φίλων
976 5057 1208 5129 Χριστοῦ
1240 5054 1267 5108 6
1290 5057 1532 5130 γνήσιος·
1557 5057 1665 5108 τῶν
1694 5051 1942 5129 ἅγγελων
1969 5054 1996 5107 6

354 5145 702 5219 συμπολίτης
729 5163 741 5175 ·
773 5149 1007 5200 τοσαῦτα
1037 5144 1126 5199 καὶ
1153 5143 1455 5214 τηλικαῦτα
1483 5144 1575 5199 καὶ
1626 5141 1876 5214 δυνηθεὶς
1907 5143 1997 5197 καὶ

355 5232 652 5308 δυνάμενος
700 5232 753 5290 ἐν
791 5241 906 5297 τοῖς
956 5234 1058 5290 ὑπὸ
1109 5234 1196 5290 τὸν
1242 5230 1462 5308 οὐρανόν
1487 5253 1499 5265 ·
1540 5230 1678 5288 ὥστε
1707 5231 1796 5287 ἀπ’
1829 5229 1996 5308 ἄκρου

429 5385 478 5424 ⁴⁸
505 5385 707 5444 Matth.
743 5401 866 5446 vm.
903 5385 992 5440 10.

2099 3549 2353 3606 praesens
2382 3537 2523 3600 erat,
2545 3534 2825 3592 infantem
2847 3537 3189 3610 suscipiens.
3213 3537 3430 3595 Verum
3449 3540 3593 3609 (haec
3623 3557 3746 3613 pro-

2099 3623 2251 3680 fanis
2303 3623 2539 3695 quidem
2599 3625 2862 3690 auribus,
2922 3631 2980 3682 et
3047 3627 3367 3684 incredulis
3423 3631 3741 3697 mentibus,

2099 3712 2342 3769 minime
2367 3713 2716 3784 recipienda,
2739 3715 3420 3786 tanquamincredibilia,
3445 3717 3740 3786 videntur,

2098 3801 2346 3858 maxime
2375 3802 2812 3871 Iconomachis;
2865 3804 3067 3874 pietati
3113 3823 3247 3862 vero
3287 3810 3402 3862 tute
3433 3808 3746 3862 manifesta

2099 3894 2443 3962 argumenta
2473 3896 2530 3946 et
2568 3892 2832 3964 exempla
2865 3895 3152 3964 patefacta
3199 3900 3357 3951 sunt.
3410 3895 3558 3961 Quid
3592 3896 3744 3951 enim

2101 3989 2188 4037 est
2245 3982 2391 4053 quod
2444 3982 2593 4038 Deus
2643 3987 2864 4054 prstare
2914 3984 3282 4040 credentibus
3333 4001 3445 4040 non
3508 3984 3744 4055 possit?

2102 4075 2204 4128 aut
2232 4073 2522 4142 quomodo
2556 4073 2612 4126 in
2646 4073 2900 4145 imagine
2941 4091 3054 4128 non
3085 4075 3435 4146 homonyme
3461 4076 3740 4144 cernitur,

2103 4163 2160 4214 et
2198 4159 2393 4214 inesse
2440 4161 2713 4230 creditur,
2759 4161 2854 4230 qui
2918 4161 3415 4232 repraesentetur?
3473 4161 3748 4233 Imaginis

2104 4247 2392 4318 siquidem
2425 4250 2625 4318 honor,
2649 4253 2711 4303 ut
2741 4264 2987 4319 magnus
3016 4251 3099 4304 ait
3127 4249 3399 4319 Basilius,
3431 4251 3644 4307 transit
3676 4252 3748 4306 ad

2107 4340 2493 4409 prototypum.
2517 4337 2704 4400 Quare
2727 4337 3099 4394 manifestum
3123 4343 3178 4395 et
3196 4344 3509 4410 martyrem
3541 4340 3746 4409 fuisse,

2107 4427 2205 4499 qui
2238 4427 2521 4484 infantem
2553 4443 2655 4498 per
2703 4428 2996 4499 propriam
3026 4429 3340 4501 imaginem
3375 4429 3752 4502 suscipiebat,

2107 4516 2489 4588 quatenusita
2505 4516 2820 4572 credidisti.
2844 4517 2978 4586 Sed,
2996 4534 3028 4574 ο
3052 4519 3542 4589 magniﬁcentiam
3568 4525 3750 4588 tuam,

2108 4606 2204 4678 qui
2260 4604 2436 4662 talem
2485 4622 2551 4661 ac
2587 4609 2815 4661 tantum
2865 4614 3231 4678 syntecnum,
3266 4611 3330 4662 ut
3357 4613 3588 4675 vocant,
3632 4625 3759 4664 sor-

2106 4695 2251 4752 titus
2282 4713 2364 4759 es,
2400 4711 2512 4750 non
2562 4695 2713 4750 hunc
2751 4695 2838 4751 vel
2886 4695 3072 4765 illum,
3125 4696 3446 4768 principem
3493 4702 3636 4770 puta
3665 4697 3755 4752 vel

2109 4785 2451 4856 dynastam;
2480 4787 2581 4838 aut
2623 4784 2818 4854 ipsum
2867 4783 3041 4840 etiam
3089 4783 3190 4855 qui
3238 4785 3560 4842 diademate
3609 4787 3755 4841 redi-

2106 4873 2286 4928 mitus
2307 4879 2412 4928 est.
2443 4873 2628 4943 Major
2655 4872 2808 4928 enim
2837 4872 3124 4946 longeque
3166 4875 3435 4946 superior
3464 4881 3552 4931 est
3582 4891 3755 4946 quem

2108 4961 2392 5034 reperieti.
2407 4962 2725 5034 Martyrum
2741 4962 2952 5033 quippe
2968 4962 3343 5031 fortissimus,
3369 4964 3686 5019 miriﬁcoru
3700 4981 3753 5020 m

2107 5051 2494 5123 clarissimus,
2535 5067 2846 5123 germanus
2886 5051 3098 5107 Christi
3128 5053 3374 5123 amicus,
3407 5052 3752 5125 angelorum

2107 5142 2280 5199 civis:
2335 5142 2435 5215 qui
2478 5146 2564 5199 tot
2609 5147 2888 5214 tantaque
2939 5143 2999 5198 in
3049 5144 3221 5198 terris
3272 5159 3502 5216 semper
3546 5143 3756 5214 potuit,

2107 5237 2449 5305 potestque;
2475 5237 2539 5290 ut
2559 5234 2618 5290 in
2636 5233 2903 5289 omnibus
2926 5232 3043 5289 oris
3067 5233 3486 5291 miraculorum
3512 5248 3754 5289 suorum

1947 5486 2176 5546 NOT/E.

431 5622 542 5694 (17)
572 5621 794 5691 Ἰωάννη
829 5613 1136 5694 Σπαθαρίῳ.
1169 5616 1379 5674 Joanni
1410 5618 1913 5691 sprotospatharii,
1967 5634 1987 5675 ε

2098 5617 2278 5688 tajuli,
2326 5615 2397 5673 ab
2445 5615 2606 5673 Irene
2652 5614 2816 5673 electi
2864 5617 3084 5673 mentio
3131 5619 3218 5672 est
3263 5616 3416 5688 apud
3447 5613 3758 5688 Theopha—

363 5711 497 5752 nem
524 5693 595 5752 ad
638 5709 869 5753 annum.
891 5693 960 5748 10
991 5693 1202 5748 Irenes.
