4084 6284
481 329 599 389 963

1718 320 1777 381 S.
1826 325 2226 388 THEODORI
2270 328 2635 393 STUDITIE

3749 349 3858 409 904

478 461 623 515 tuba
643 458 986 515 celebretur.
1009 455 1224 510 Beatus
1242 453 1433 523 reipsa
1452 468 1535 513 es.
1561 452 1645 508 vir
1664 454 1946 524 piissime,
1966 460 2106 528 quod

2231 465 2331 528 τῆς
2370 467 2474 536 γῆς
2503 459 2607 525 ἕως
2637 463 2807 539 ἄκρου
2856 469 2957 541 γῆς
3005 471 3073 541 τῇ
3115 468 3377 545 σάλπιγγι
3424 477 3530 527 τῶν
3574 476 3855 548 θαῦμάτων

477 549 655 605 talem
687 550 891 603 nactus
921 545 1004 601 sis
1049 548 1443 614 susceptorem
1478 560 1491 595 ι
1534 547 1619 597 ter
1651 542 1848 599 beatus
1877 552 1932 600 et
1961 545 2119 603 {ilius

476 641 639 699 tuus,
667 636 829 710 quia
874 638 1034 690 tanta
1080 632 1264 704 gloria
1311 635 1368 687 et
1412 632 1670 703 potentia
1720 633 1955 703 prmdito
1986 651 2116 692 sus-

477 734 678 799 ceptus
721 727 818 782 sit.
877 724 1055 780 Nobis
1103 738 1234 778 vero
1280 722 1476 777 videre
1518 721 1687 779 liceat
1738 722 1895 779 hunc
1927 724 2115 781 ﬁlium

476 822 646 874 tuum
677 814 856 873 sancti
897 813 1172 869 Demetrii
1230 812 1656 883 cognominem,
1687 812 1735 867 si
1763 814 1999 881 annuis,
2034 819 2115 884 ut,

475 909 750 976 tanquam
767 903 952 975 ipsius
968 902 1156 957 ﬁlium
1182 900 1616 972 amplectentes,
1631 907 1690 956 et
1709 903 1984 974 congruis
2004 903 2116 975 ipsi

474 995 679 1064 verbis,
725 996 791 1048 ut
837 995 1189 1065 peccatores,
1248 989 1688 1061 compellamus,
1737 996 1794 1045 et
1845 1007 1965 1047 rem
2014 1010 2116 1065 ge—

474 1088 623 1138 stam
651 1083 723 1137 ad
756 1082 901 1138 alios
924 1095 1155 1152 quoque
1177 1079 1665 1135 transmittamus.
1706 1080 1821 1136 Nec
1845 1080 2000 1136 enim
2024 1097 2113 1137 res

473 1171 751 1243 pulchras
775 1169 932 1226 sileri
962 1168 1250 1235 convenit,
1284 1169 1384 1224 sed
1416 1167 1548 1225 aliis
1579 1169 1649 1223 ad
1675 1169 1781 1240 pitB
1810 1170 1939 1227 ﬁdei
1964 1170 2114 1228 clara

475 1261 825 1317 documenta
853 1259 1117 1333 proponi.

771 1568 985 1626 XVIII.
1018 1597 1087 1609 —-
1114 1566 1407 1624 Stauract'o
1446 1566 1732 1638 Spathario
1757 1568 1820 1624 ".

2227 548 2395 604 αὐτοῦ
2444 548 2907 627 διαθρυλλεῖσθαι.
2953 556 3232 633 Μακάριος
3282 557 3453 623 ὅντως
3502 564 3564 633 εἶ,
3612 567 3733 640 ἄνερ
3779 568 3855 620 εὖ·

2226 632 2525 713 σεϐέστατε,
2559 640 2642 696 ὅτι
2690 644 2944 699 τοιούτου
2997 647 3306 722 τετύχηκας
3355 648 3671 727 ἀναδόχου’
3716 676 3856 728 τρισ-

2228 727 2489 801 μακάριός
2552 752 2648 786 σου
2720 733 2811 788 καὶ
2869 735 2897 788 6
2955 737 3135 809 γόνος,
3193 732 3340 813 ἔχων
3409 741 3502 795 τὸν
3579 727 3855 817 δεξάμενον

2221 815 2547 886 τηλικοῦτον
2579 826 2661 893 τῷ
2703 821 2848 878 κλέει
2888 823 2979 879 καὶ
3031 823 3275 900 δυνάμει.
3306 827 3463 884 Ἀλλ’
3512 815 3723 905 ἴδοιμεν
3770 836 3855 888 τὸν

2223 906 2339 960 υἱόν
2373 929 2471 962 σου
2521 911 2610 965 καὶ
2661 912 2953 987 ὁμώνυμον
3004 920 3102 970 τοῦ
3142 916 3301 992 ἁγίου
3338 920 3681 993 Δημητρίου,
3714 922 3853 997 εἴπερ

2222 999 2582 1073 συγκατὲρχῃ,
2611 998 2724 1068 ἵνα,
2756 1000 2832 1063 ὡς
2882 1004 2996 1058 υἱὸν
3046 1004 3209 1060 αὐτοῦ
3254 1010 3743 1082 προσπτυξάμενοι,
3796 1011 3858 1065 τὰ

2222 1085 2404 1174 εἰκότα
2437 1090 2530 1160 μὲν
2572 1094 3073 1170 προσφθεγξώμεθα
3117 1094 3207 1149 καὶ
3256 1098 3421 1169 ἡμεῖς
3479 1098 3553 1160 ὡς
3604 1101 3855 1174 ἁμαρτὼ-

2221 1173 2331 1264 λοί,
2364 1169 2583 1251 ἔχωμεν
2634 1177 2692 1234 δὲ
2734 1169 2808 1235 τὸ
2857 1179 3106 1256 διήγημα
3147 1184 3239 1239 καὶ
3289 1184 3363 1247 εἷς
3418 1169 3653 1261 ἑτέρους⁷
3689 1169 3855 1264 παρα-

2215 1263 2471 1337 πέμπειν.
2505 1272 2597 1323 Δεῖ
2622 1269 2728 1344 γὰρ
2759 1270 2826 1324 τὰ
2859 1269 3001 1328 καλᾶ
3043 1274 3120 1346 μὴ
3171 1278 3496 1347 σιωπᾶσθαι,
3529 1276 3677 1333 ἀλλὰ
3720 1263 3851 1353 προ·

2215 1355 2424 1444 κεῖσθαι
2464 1360 2581 1418 τοῖς
2647 1355 2842 1419 ἄλλοις
2909 1359 2988 1425 εἷς
3043 1360 3277 1425 πίστεως
3333 1360 3591 1427 εὐσεϐοῦς
3651 1364 3843 1444 ἐναργῆ

2217 1440 2609 1518 ὑποδείγματα.

2422 1572 2530 1628 ΙΗ’.
2562 1604 2631 1614 -
2663 1575 2984 1649 Σταυρακίῳ
3025 1579 3305 1653 σπαθαρίῳ
3333 1583 3468 1656 (18).
3503 1581 3655 1656 [λε’.]

1972 1658 2033 1708 In
2061 1658 2211 1710 obitu
2240 1660 2355 1711 ﬁlii.

541 1765 783 1818 Causam
808 1762 1042 1833 quidem
1077 1761 1311 1817 humilis
1344 1762 1614 1818 absentia
1645 1764 1849 1816 nostras
1872 1760 1998 1830 jam
2020 1758 2106 1814 di-

2291 1762 2395 1830 Τὴν
2449 1762 2544 1835 μὲν
2587 1763 2761 1819 αἰτίαν
2802 1769 2901 1832 τῆς
2948 1776 3210 1838 ταπεινῆς
3250 1770 3513 1835 ἀπουσίας
3562 1775 3723 1846 ἡμῶν
3750 1772 3849 1844 ἤδη

472 1851 685 1919 ximus,
708 1868 812 1907 nec
832 1868 979 1922 Opus
999 1856 1089 1907 est
1109 1851 1367 1923 amplius
1389 1866 1687 1907 excusare.
1724 1848 1886 1904 Unde
1913 1852 2110 1905 autem

473 1941 807 1998 ordiemur?
829 1945 929 1996 aut
950 1957 1075 2012 quae
1095 1941 1342 1997 facultas
1380 1939 1623 1996 inveniri
1647 1942 1820 2011 queat
1840 1938 2110 2010 presenti

470 2030 807 2086 veneranda:
830 2032 1032 2086 anime
1056 2034 1257 2085 vestrae
1279 2029 1459 2085 dolori
1484 2028 1829 2085 conveniens
1848 2026 1876 2081 ’ἲ
1896 2029 2109 2092 Quem-

470 2120 783 2175 admodum
822 2120 979 2175 enim
1021 2120 1283 2174 medicus
1314 2120 1384 2173 ad
1418 2117 1794 2173 insanabilem
1836 2117 2108 2172 morbum

468 2210 769 2279 accedens,
849 2209 1044 2264 animo
1103 2208 1280 2263 bmret
1333 2208 1570 2279 ancipiti
1627 2223 1881 2278 quonam
1943 2210 2110 2278 pacto

468 2300 824 2355 curationem
883 2300 1276 2372 aggrediatur,
1353 2303 1437 2355 sic
1502 2302 1559 2353 et
1618 2314 1725 2353 nos
1792 2306 2108 2353 aestuamus

469 2389 675 2445 incerti
724 2406 839 2460 qua
887 2390 1108 2445 ratione
1154 2388 1497 2461 gravissimo
1548 2386 1700 2442 malo
1747 2392 1935 2443 vestro
1966 2402 2107 2440 con-

468 2478 812 2535 solationem
870 2479 1192 2534 alfcramus.
1254 2480 1297 2533 0
1361 2474 1793 2533 calamitatem!
1848 2494 1880 2531 ο
1923 2476 2109 2531 infor-

469 2569 727 2625 tunium!
753 2570 908 2626 Obiit
926 2571 1088 2625 vobis
1106 2569 1261 2625 filius
1282 2569 1553 2640 elegeans
1573 2572 1629 2624 et
1652 2569 1942 2624 formosus
1968 2586 1982 2635 ;
2007 2566 2108 2622 ille

469 2661 567 2732 qui
601 2668 860 2716 materna
906 2661 1127 2716 viscera
1171 2660 1389 2731 primus
1420 2659 1771 2715 recluserat:
1804 2674 1907 2730 per
1937 2672 2108 2729 quem

466 2749 631 2806 vobis
662 2755 968 2823 parentum
1013 2765 1227 2806 nomen
1268 2748 1543 2817 inditum,
1586 2748 1937 2820 principium
1971 2763 2107 2818 pro-

467 2839 795 2911 pagationis
842 2839 1088 2911 generis,
1124 2838 1286 2894 radix
1324 2838 1739 2911 procreationis
1771 2837 2106 2904 liberorum,

468 2928 740 2985 surculus
761 2928 1064 2985 rationalis
1093 2927 1555 3001 germinationis,
1580 2927 1770 2999 prima
1791 2926 1947 2982 velut
1976 2943 2109 2983 rosa

468 3022 720 3089 paterna
769 3018 1156 3075 fecunditatis.
1190 3015 1254 3072 Et
1287 3017 1422 3089 quid
1478 3017 1690 3084 dicam,
1740 3020 1806 3071 ut
1837 3015 1942 3071 ﬁlii
1972 3016 2109 3087 pul-

2221 1847 2443 1922 εἴπομεν
2473 1872 2485 1883 ·
2518 1852 2607 1906 καὶ
2647 1854 2714 1908 οὐ
2748 1858 2859 1933 χρή
2890 1876 2942 1910 τι
2974 1856 3140 1912 πλέον
3187 1858 3599 1936 ἀπολογεῖσθαι.
3636 1868 3756 1925 Πῶς
3802 1860 3852 1917 δὲ

2219 1937 2524 2011 ἀρξόμεθα;
2559 1940 2596 2010 ἢ
2644 1942 2725 2004 τίς
2786 1942 3009 2018 δύναμις
3057 1945 3355 2019 ὲξευρεθείη
3416 1950 3495 2014 εἰς
3541 1952 3606 2005 τὸ
3655 1947 3849 2024 συμϐὰν

2218 2029 2391 2090 πάθος
2427 2035 2545 2093 ταῖς
2577 2031 2783 2103 τιμίαις
2815 2034 2964 2106 ὑμῶν
3017 2038 3263 2110 ψυχαῖς;
3296 2040 3553 2114 Καθάπερ
3612 2041 3712 2117 γάρ
3778 2061 3849 2100 τις

2220 2116 2403 2190 ῗατρὸς
2434 2118 2518 2173 ἐπὶ
2550 2117 2787 2194 δυσιάτῳ
2834 2123 2978 2197 νόσῳ
3007 2123 3327 2200 ἐρχόμενος,
3362 2128 3650 2203 ἀμηχανίᾳ
3705 2146 3849 2203 περι-

2221 2205 2450 2277 ίσταται,
2482 2207 2630 2271 ὅπως
2660 2207 2897 2286 ἐπιϐάλῃ
2931 2215 3027 2282 τὴν
3061 2213 3374 2288 ἐγχείρησιν
3408 2233 3422 2249 ⁸
3473 2218 3656 2281 οὕτως
3712 2217 3848 2293 ἰλιγ-

2215 2301 2445 2369 γιῶμεν,
2478 2301 2711 2363 πῶςτὸν
2744 2300 3151 2374 παρακλητικὸν
3204 2303 3366 2380 λόγον
3420 2305 3505 2360 ἐπὶ
3558 2312 3637 2379 τῷ
3695 2307 3845 2383 βαρυ-

2214 2386 2364 2458 τάτῳ
2392 2386 2543 2460 ὑμῶν
2574 2390 2730 2443 πείθει
2763 2391 3234 2467 προσενέγκασθαι.
3270 2395 3333 2448 Ὦ
3389 2396 3487 2466 τῆς
3531 2397 3842 2473 συμφορᾶςί

2217 2473 2262 2527 ὢ
2328 2482 2427 2544 τῆς
2508 2472 2868 2549 συμϐάσεωςί
2932 2478 3111 2555 ᾤχετο
3173 2484 3300 2556 ὑμῖν
3362 2490 3487 2547 παῖς
3548 2484 3715 2546 καλὸς
3767 2483 3844 2539 καὶ

2216 2564 2417 2636 ὡραῖος
2446 2585 2456 2597 ·
2489 2566 2649 2627 αὐτὸς
2701 2568 2728 2621 ὁ
2775 2570 2870 2631 τὰς
2909 2572 3132 2645 πρώτας
3173 2573 3445 2646 μητρικάς
3493 2572 3693 2636 ὠδῖνας
3742 2572 3845 2629 δια·

2216 2650 2384 2715 λύσας
2410 2672 2422 2685 ·
2459 2651 2528 2708 δι’
2568 2655 2629 2709 οὗ
2672 2656 2797 2728 ὑμῖν
2826 2660 2887 2712 τὸ
2915 2664 3023 2713 τῶν
3056 2658 3254 2735 γονέων
3292 2658 3462 2735 ὄνομα
3510 2664 3842 2738 κεχρημάτι-

2215 2760 2340 2796 κεν·
2371 2744 2406 2812 ἡ
2438 2743 2586 2819 ἀρχὴ
2630 2752 2729 2814 τῆς
2779 2743 3046 2823 διαδοχῆς
3095 2754 3191 2804 τοῦ
3230 2750 3418 2821 γένους
3445 2769 3458 2782 ⁸
3491 2753 3526 2821 ἡ
3588 2753 3707 2826 ῥίζα
3755 2762 3842 2818 τῆς

2213 2833 2555 2895 τεκνοποιίας
2584 2853 2598 2866 ’
2632 2835 2659 2888 ὁ
2692 2836 2866 2910 ὅρπηξ
2895 2842 2995 2905 τῆς
3027 2836 3262 2915 λογικῆς
3315 2838 3721 2917 βλαστοφορίας
3745 2860 3757 2871 ο
3787 2840 3842 2894 τὸ

2215 2921 2378 2976 οἱονεὶ
2426 2923 2743 2999 πρωτοφυὲς
2803 2922 2960 3001 ῥόδον
3015 2930 3115 2992 τῆς
3160 2932 3427 3002 πατρικῆς
3460 2929 3839 3007 καρποφορίας.

2216 3009 2317 3065 Καὶ
2374 3010 2426 3065 τί
2475 3011 2536 3066 ἂν
2586 3011 2800 3088 εἴποιμι
2850 3022 3127 3090 παριστῶν
3184 3018 3247 3072 τὸ
3305 3018 3467 3092 γόνου
3535 3018 3839 3088 κάλλοςςῆ

468 3107 863 3165 cbritudinem
900 3107 1178 3180 explicem
1210 3106 1239 3160 ‘I
1266 3108 1355 3162 An
1399 3107 1556 3179 quod
1602 3106 1898 3163 crescebat
1941 3122 2103 3178 puer,

2218 3098 2300 3154 ὅτι
2352 3102 2416 3156 τὸ
2472 3101 2688 3157 παιδίον
2739 3101 2929 3178 ηὔξανε
2975 3106 3065 3161 καὶ
3114 3107 3445 3183 προέκοπτεν
3508 3108 3703 3180 ἡλικίᾳ
3762 3106 3839 3161 καὶ

468 3196 922 3270 proﬁciebatque
952 3202 1121 3254 aetate
1141 3200 1199 3253 et
1226 3195 1548 3263 intellectu,
1570 3201 1627 3251 et
1649 3195 1838 3267 gratia
1860 3192 1959 3250 Dei
1980 3198 2105 3251 erat

471 3285 532 3341 in
554 3286 651 3344 illo
671 3287 738 3357 5°,
760 3290 1048 3359 quantum
1062 3291 1119 3342 et
1137 3286 1247 3357 ipsi
1268 3302 1337 3341 ex
1358 3302 1418 3342 re
1435 3302 1607 3357 parva
1630 3284 1845 3356 experti
1868 3284 2112 3340 sumus?

473 3376 777 3440 Quomodo
824 3376 1005 3449 igitur
1040 3375 1174 3432 talis
1223 3392 1289 3432 ac
1341 3380 1538 3432 tantus
1589 3374 1790 3430 lethali
1839 3375 2009 3442 ferro,
2043 3390 2110 3431 ex

472 3464 637 3536 ipsis,
670 3468 735 3519 ut
784 3464 863 3520 ita
910 3464 1122 3536 dicam,
1171 3462 1390 3519 lumbis
1439 3462 1646 3519 vestris
1686 3472 1966 3532 exsectus,
2016 3462 2107 3519 in-

471 3551 881 3609 consolabilem
916 3554 1072 3609 cordi
1102 3558 1293 3609 vestro
1320 3552 1571 3608 dolorem
1604 3568 1717 3608 non
1752 3552 1978 3623 pariat?
2007 3556 2111 3608 aut

468 3643 602 3716 quis
632 3660 744 3698 non
779 3641 1221 3699 collamentetur
1250 3651 1302 3699 et
1350 3642 1670 3711 condoleat,
1711 3646 1993 3714 tanquam
2036 3641 2109 3697 ob

465 3732 701 3804 aliquod
726 3732 906 3804 ipsius
924 3733 1255 3788 membrum
1278 3733 1336 3786 in
1358 3731 1522 3787 vobis
1547 3730 1737 3801 gladio
1767 3734 2059 3787 succisum
2081 3731 2109 3786 ’ἲ

466 3821 861 3894 lngemiscant
892 3823 1097 3878 merito
1131 3830 1340 3892 patres,
1383 3820 1762 3893 pulcherrimi
1800 3821 1974 3891 hujus
2001 3819 2107 3874 ﬁlii

464 3912 775 3967 orbitatem
824 3916 1171 3983 spectantes.
1224 3912 1487 3983 Lugeant
1529 3913 1586 3965 et
1616 3917 1829 3965 matres
1862 3913 1980 3965 tam
2012 3925 2107 3967 ve-

463 4009 649 4059 nustas
681 4000 860 4072 prolis
890 4001 1203 4056 sectionem
1232 4004 1553 4056 cernentes.
1586 3998 1920 4055 Rescissum
1951 3998 2104 4056 enim

461 4108 659 4148 revera
687 4094 780 4147 est
809 4092 1139 4148 membrum
1182 4096 1480 4146 vestrum:
1532 4089 1792 4146 abscissa
1844 4095 1932 4145 est
1973 4105 2105 4146 caro

458 4184 675 4237 vestra.
695 4181 871 4252 Seges
895 4181 1104 4253 ingens
1126 4179 1378 4249 doloris;
1406 4179 1706 4235 medicinae
1733 4178 2103 4250 pharmacum

460 4270 722 4326 invenire
747 4269 1003 4326 difﬁcile.
1038 4269 1249 4325 Maeror
1277 4268 1336 4324 in
1372 4268 1612 4339 familia,
1639 4268 1876 4325 tristitia
1915 4269 1975 4323 in
2006 4270 2105 4326 do-

459 4359 732 4427 mesticis,
784 4358 945 4415 dolor
984 4360 1043 4413 in
1092 4358 1391 4429 cognatis;
1434 4359 1534 4414 sed
1580 4375 1694 4431 prae
1732 4358 2003 4414 omnibus
2043 4359 2103 4414 in

459 4464 562 4504 avo
622 4448 857 4503 domino
916 4446 1178 4519 patricio,
1228 4451 1284 4502 et
1331 4448 1389 4503 in
1441 4447 1567 4503 avia
1613 4448 1850 4503 domina
1915 4453 2101 4519 proto-

457 4536 773 4609 spatbaria.
830 4535 1098 4607 Undique
1147 4537 1342 4607 gravia
1393 4540 1448 4591 et
1478 4536 1687 4592 tristia.
1727 4535 1940 4592 Verum
1971 4554 2098 4610 age,

455 4627 545 4683 vir
564 4624 799 4698 optime,
818 4624 913 4695 qui
937 4629 992 4681 et
1013 4623 1395 4697 intelligentia
1409 4624 1694 4693 abundas,
1717 4631 1773 4682 et
1793 4626 2095 4697 prudentia

455 4718 716 4785 praestas,
749 4717 805 4769 et
835 4713 1149 4784 plurimam
1179 4728 1248 4769 ex
1291 4712 1612 4769 multorum
1654 4732 1941 4771 annorum
1985 4732 2095 4772 usu

457 4805 701 4875 adeptus
731 4817 793 4857 es
840 4800 1164 4869 scientiam,
1218 4800 1327 4856 tibi
1376 4802 1500 4874 ipse
1549 4803 1798 4871 medere,
1841 4802 2095 4874 teipsum

457 4909 621 4948 sana.
654 4890 905 4963 Conjice.
957 4907 1176 4963 quasso,
1232 4891 1447 4946 mentis
1498 4890 1695 4947 oculos
1740 4893 1801 4947 in
1843 4892 2097 4949 universi

458 4981 1047 5053 contemplationem;
1102 4980 1323 5049 respice
1372 4980 1445 5034 ad
1496 4980 1769 5051 antiquas
1819 4984 2033 5049 aetates,
2066 4997 2101 5035 a

456 5071 645 5143 primo
674 5072 802 5142 ipso
850 5078 1086 5143 parente
1125 5073 1323 5125 nostro
1371 5070 1576 5137 Adam,
1633 5075 1693 5125 et
1737 5069 1869 5124 vide
1916 5086 1980 5125 ac
2013 5085 2099 5124 rc-

457 5176 756 5233 cogncsce,
807 5159 938 5232 quis
996 5159 1057 5215 in
1113 5157 1303 5214 lucem
1346 5173 1610 5227 egressus
1660 5158 1719 5212 in
1754 5158 1862 5213 boc
1893 5157 2101 5213 saeculo

458 5249 863 5323 permanserit,
896 5252 952 5303 et
1006 5264 1121 5304 non
1178 5246 1491 5302 exorientis
1540 5246 1729 5303 instar
1759 5246 1874 5301 feni
1928 5248 2102 5303 citius

529 5374 576 5413 ‘"
605 5374 1020 5433 Consolatoria.
1128 5371 1178 5407 ⁵ο
1215 5372 1354 5429 Luc.
1388 5389 1449 5440 ιι,
1483 5373 1571 5428 40.

2216 3189 2442 3260 συνέσει,
2474 3192 2564 3247 καὶ
2596 3194 2759 3271 χάρις
2789 3199 2921 3249 Θεοῦ
2947 3195 3014 3264 ἦν
3058 3193 3140 3251 ἐπ’
3169 3196 3340 3270 αὐτῷ,
3372 3199 3495 3253 ὅσον
3550 3197 3611 3254 ἐκ
3660 3200 3839 3272 μικροῦ

2213 3278 2305 3333 καὶ
2336 3280 2499 3353 ἡμεῖς
2532 3282 2943 3356 πεπειρᾶμεθα;
2978 3288 3105 3347 Πῶς
3146 3284 3326 3341 τοίνυν
3365 3286 3427 3342 τὸ
3468 3291 3713 3342 τοιοῦτον
3759 3283 3837 3340 καῖ

2211 3367 2542 3438 τηλικοῦτον
2574 3368 2842 3443 έκτμηθὲν
2873 3376 2941 3448 τῇ
2980 3376 3233 3449 θανατικῇ
3286 3396 3359 3449 μοι
3366 3376 3556 3453 χαίρᾳ,
3589 3376 3640 3448 ἐξ
3687 3374 3838 3443 αὐτῆς

2213 3457 2383 3511 εἰπεῖν
2432 3465 2553 3532 τῆς,
2579 3458 2779 3539 ὀσφύος
2830 3463 3003 3534 ὑμῶν,
3038 3462 3099 3518 οὐ
3147 3465 3519 3540 κατεργάσειεν
3555 3467 3616 3522 ἃν
3648 3466 3836 3538 ἀπαρα-

2214 3548 2455 3619 μύθητον
2497 3546 2663 3625 ἄλγος
2694 3549 2747 3604 ἐν
2775 3554 2845 3624 τῇ
2874 3549 3067 3626 καρδία
3103 3553 3252 3627 ὑμῶν
3278 3574 3293 3625 ;
3325 3554 3361 3624 ἢ
3394 3555 3477 3617 τίς
3513 3556 3579 3611 οὐ
3637 3574 3835 3627 συμπο-

2210 3638 2479 3691 τνιάσεται
2528 3639 2619 3692 καὶ
2678 3637 3171 3717 συναλγυνθῆσεται
3258 3641 3345 3698 ἐπὶ
3400 3649 3480 3717 τῷ
3539 3644 3836 3718 τεμνομένῳ

2211 3721 2300 3779 διὰ
2328 3725 2509 3798 ξίφους
2536 3747 2673 3781 κατα
2694 3749 2747 3783 τι
2788 3733 2895 3782 τῶν
2946 3730 3304 3809 ὑπαρχόντων
3354 3733 3502 3805 αύτῷ
3566 3732 3741 3808 μελῶν
3770 3729 3834 3789 ὡς

2210 3812 2292 3893 ἐφ’
2352 3816 2521 3889 ὑμῖν;
2583 3818 2896 3888 Στενάξειαν
2956 3816 3005 3873 δ’
3063 3817 3123 3873 ἃν
3176 3820 3403 3884 εἰκότως
3456 3824 3549 3877 καὶ
3606 3822 3831 3893 πατέρες,

2205 3904 2458 3960 τοιούτου
2489 3905 2787 3962 καλλίστου
2822 3906 3016 3970 παιδὸς
3047 3905 3332 3980 ἀποϐολὴν
3384 3912 3666 3985 θεώμενοι.
3706 3917 3831 3983 Θρη-

2207 3998 2423 4067 νήσειαν
2452 3994 2500 4050 δ’
2525 3996 2583 4052 ἂν
2617 3998 2707 4052 καὶ
2744 3998 2995 4074 μητέρες,
3024 4000 3362 4072 τηλικούτου
3401 4002 3613 4077 ὡραίου
3645 3999 3832 4073 σπλὰγ·

2207 4106 2340 4161 χνου
2388 4086 2626 4161 ἐκνομήν
2674 4086 3142 4164 προσϐλέπουσαι.
3173 4090 3450 4164 Τέτμηται
3479 4093 3583 4168 γὰρ
3632 4090 3832 4158 ἀληθῶς

2211 4175 2384 4249 μέλος
2438 4178 2609 4250 ὑμῶν.
2653 4180 3008 4234 Ἐκκέκοπται
3068 4181 3193 4254 σὰρξ
3258 4181 3433 4252 ὑμῶν,
3465 4182 3527 4235 τὸ
3588 4174 3829 4252 ὀδυνηρὸν

2207 4264 2375 4333 πολὺ,
2460 4267 2523 4321 τὸ
2608 4269 2988 4341 θεραπευτικὸν
3073 4270 3361 4345 φάρμακον
3447 4268 3827 4344 δυσεξεύρητον.

2209 4357 2485 4434 Κατήφεια
2541 4354 2628 4411 ἐπὶ
2674 4363 2775 4426 τῆς
2831 4357 3027 4429 οἰκίας,
3073 4355 3236 4430 ὀδύνη
3297 4357 3387 4414 ἐπὶ
3429 4361 3559 4421 τοὺς
3616 4356 3827 4420 οἲκέτας,

2207 4442 2355 4515 λύπη
2399 4443 2487 4499 ἐπὶ
2537 4446 2664 4507 τοὺς
2694 4452 2972 4521 συγγενεῖς
2998 4465 3010 4480 '
3048 4446 3264 4520 μᾶλλον
3298 4446 3355 4504 δὲ
3393 4449 3501 4525 πρὸ
3528 4449 3727 4505 τούτων
3753 4441 3825 4497 ἐπὶ

2208 4535 2299 4588 τὸν
2328 4535 2647 4609 προπάτορα
2676 4535 2861 4609 κύριον
2893 4537 3203 4608 πατρίκιον,
3235 4537 3324 4592 καὶ
3370 4540 3470 4606 τήν
3519 4537 3827 4612 προμτςτορα

2206 4622 2395 4697 κυρίαν
2448 4624 2957 4700 πρωτοσπαθαρίαν.
3010 4627 3278 4681 Πάντοθεν
3327 4623 3475 4682 δεινὰ
3534 4628 3623 4682 καὶ
3686 4616 3824 4695 περί-

2206 4710 2373 4769 λυπα.
2408 4711 2581 4768 Ἀλλὰ
2622 4710 2779 4788 δεῦρό
2842 4735 2959 4787 μοι,
2990 4714 3128 4790 ἀνὴρ
3195 4716 3429 4792 χρηστὲ,
3478 4717 3505 4770 ὁ
3566 4713 3729 4774 πολὺς
3779 4705 3823 4761 ἐν

2207 4801 2432 4870 συνέσει,
2467 4802 2495 4855 6
2546 4801 2713 4875 σοφός
2762 4801 2815 4855 ἐν
2867 4806 3148 4877 φρονήσει,
3201 4805 3229 4858 ὁ
3268 4803 3532 4876 πλείστην
3589 4799 3824 4865 συνειλη-

2206 4890 2326 4965 χὼς
2357 4889 2418 4945 ἐκ
2446 4888 2674 4946 πολλῶν
2706 4895 2812 4946 τῶν
2848 4894 3065 4967 χρόνων
3096 4895 3195 4964 τήν
3243 4900 3442 4971 γνῶσιν
3467 4914 3480 4927 ⁸
3517 4892 3702 4949 σαυτὸν
3748 4888 3821 4940 οε·

2208 4981 2509 5054 ράπευσον·
2566 4981 2757 5035 σαυτὸν
2814 4982 2982 5039 ἴασαι.
3042 4979 3304 5039 Ἐπίϐαλέ
3355 5006 3473 5052 σου,
3521 4975 3819 5058 παρακαλῶν

2206 5069 2303 5124 τὸν
2342 5069 2627 5144 ὀφθαλμὸν
2656 5074 2755 5136 τῆς
2797 5068 3038 5137 διανοίας
3069 5073 3146 5136 εἷς
3170 5076 3268 5143 τήν
3312 5080 3412 5144 τῆς
3450 5073 3669 5132 κτίσεως
3717 5068 3820 5119 θεον

2211 5158 2328 5235 ρίαν
2355 5178 2367 5191 ·
2414 5154 2691 5233 ἔμϐλεψον
2735 5161 2810 5223 εἰς
2860 5162 3097 5238 ἀρχαίας
3141 5163 3348 5240 γενεὰς,
3399 5164 3489 5218 ἀπ’
3539 5162 3702 5217 αὐτοῦ
3740 5153 3821 5209 τοῦ

2208 5249 2555 5323 προπάτορος
2604 5252 2766 5322 ἡμῶν
2798 5248 3009 5325 Ἀδάμ·
3043 5251 3133 5307 καὶ
3176 5250 3265 5307 ’ίδε
3306 5253 3395 5308 καὶ
3444 5254 3605 5329 γνῶθι
3650 5246 3725 5306 τίς
3751 5242 3819 5296 ἕν’

2004 5506 2007 5511 .
2039 5448 2275 5507 ΝΟΤΛΕ.

529 5574 641 5645 (l8)
700 5568 1019 5645 Σταυρακίῳ
1066 5569 1379 5645 Σπαθαρίῳ.
1438 5571 1603 5645 Forte
1656 5571 1707 5628 is
1760 5573 2097 5631 Stauracius

460 5643 762 5719 patricius,
796 5643 1014 5717 publici
1044 5660 1252 5701 cursus
1291 5643 1606 5716 logotbeta,
1643 5646 1710 5702 de
1758 5661 1871 5718 quo
1917 5647 2098 5704 multa

2206 5578 2362 5722 δὲ)ἓὲ
2401 5578 2811 5652 Theophanem
2863 5582 2932 5638 ad
2984 5598 3203 5641 annum
3256 5586 3314 5640 11
3369 5584 3560 5641 Ireues
3599 5583 3652 5637 et
3676 5571 3810 5632 dein-
