4084 6284
279 316 396 376 965

1558 321 1833 383 EPISTO
1843 324 2112 387 LABUM
2155 329 2305 390 LIB.
2350 334 2399 392 Ι.

3560 359 3674 423 966

276 454 455 525 ἐμεινε
484 457 564 525 τῷ
593 453 750 506 αἰῶνι
769 453 949 525 τούτῳ
968 452 1044 513 εἷς
1075 455 1191 529 φῶς
1212 450 1413 523 ἐλθὼν,
1443 452 1572 509 ἀλλ’
1602 455 1731 531 οὐχὶ
1753 454 1892 529 δίκηε

2032 462 2381 529 deﬂoruerit,
2404 485 2468 524 ac
2490 485 2594 542 per
2613 480 2860 534 mortem
2883 480 3240 541 dessiccatus
3261 488 3339 543 sit
3363 507 3377 543 :
3396 494 3496 546 aut
3516 494 3667 552 sicut

274 540 663 602 ἀνατέλλοντος
697 543 902 617 χόρτου
931 544 1121 597 θᾶττον
1156 540 1418 613 ἐξήνθησε
1460 543 1551 598 καὶ
1601 545 1914 620 ἀπεξηράν-

272 633 341 702 θη
376 630 463 686 διὰ
493 633 747 702 θανάτου,
777 629 815 701 ἤ
859 633 932 694 ὡς
964 630 1014 686 ἐν
1065 631 1292 708 ῥεύματι
1341 635 1680 707 ποταμιαίῳ,
1722 637 1805 690 δτι
1852 637 1916 692 τὸ

276 719 371 793 μὲν
406 719 699 791 ὑπεξῆλθε,
736 721 799 775 τὸ
831 718 887 775 δὲ
939 721 1278 795 ἆντεισῇλθε,
1325 724 1422 775 τοῦ
1460 724 1595 777 κατὰ
1645 721 1913 799 διαδοχήν

270 809 461 882 γένους
495 811 569 883 μή
604 808 917 883 ἱσταμένου,
951 805 1099 865 ἀλλά
1149 808 1594 888 παρατρέχοντος
1629 815 1751 867 καθ’
1798 814 1917 868 έκά-

273 918 406 969 στην
435 899 644 974 ἡμέραν
678 919 690 931 ·
725 896 898 961 οὕτως
948 900 1002 954 οἱ
1041 901 1388 975 γεννήσαντες
1434 901 1564 961 τοὺς
1595 904 1743 974 ἡμᾶς
1791 924 1913 980 γεν-

269 989 558 1058 νήσαντας,
587 986 681 1042 καὶ
720 989 773 1043 οἱ
824 986 1042 1044 ἐκείνων
1087 990 1385 1064 ἀνώτεροι’
1432 992 1522 1044 καὶ
1571 989 1911 1061 ἀναποδίζων

269 1078 299 1130 ὁ
332 1075 499 1152 λόγος
532 1077 608 1138 εἰς
637 1079 737 1146 τὴν
769 1079 1052 1153 καταρχὴν
1093 1077 1406 1134 ἐλεύσεται·
1440 1079 1530 1134 καὶ
1579 1081 1783 1135 κατιὼν
1813 1084 1913 1136 πά-

267 1164 361 1220 λιν
392 1166 466 1229 εἷς
492 1169 594 1237 τήν
639 1166 946 1223 συντέλειαν
978 1165 1138 1223 τοῦδε
1163 1172 1261 1222 τοῦ
1300 1169 1499 1229 παντὸς
1545 1171 1869 1242 καταντήσει
1895 1214 1910 1230 .

266 1255 370 1311 Καὶ
427 1257 526 1312 οὐκ
581 1255 723 1312 ’ἐστιν
784 1255 843 1318 ὃς
905 1258 1149 1327 ζήσεται,
1194 1257 1329 1311 κατά
1384 1257 1446 1311 τὸ
1504 1260 1909 1335 γεγραμμένον,

259 1345 355 1400 καὶ
388 1344 486 1401 οὐκ
533 1345 723 1420 ὄψεται
775 1347 1045 1403 θάνατον.
1105 1346 1174 1400 Τὸ
1232 1342 1290 1400 δὲ
1343 1346 1538 1421 παρὸν,
1599 1347 1911 1424 λειτουργία

257 1456 348 1498 τις
381 1433 739 1512 διωρισμένη,
769 1438 861 1492 καὶ
899 1436 1251 1514 πραγματεία
1280 1438 1585 1513 ἡμερήσιος
1606 1456 1623 1472 ·
1674 1437 1765 1494 καί
1812 1441 1911 1495 αύ-

256 1523 390 1581 τίκα
446 1527 522 1590 εἰς
573 1526 642 1582 τὰ
697 1529 872 1582 οἰκεῖα
924 1526 1287 1599 ἐπανέλευσις,
1345 1533 1448 1597 τῆς
1513 1532 1619 1582 τῶν
1682 1527 1906 1601 ἐνθένδε,

257 1613 434 1692 λέγω,
465 1616 595 1678 πςὸς
625 1617 692 1672 τὰ
738 1614 909 1671 έκεῖσέ
951 1610 1298 1690 μεταϐάσεως
1324 1662 1337 1675 .
1394 1618 1765 1692 Πατριάρχαι,
1815 1618 1907 1674 καὶ

254 1703 586 1780 παρῆλθον·
644 1712 946 1784 προφῆται,
1004 1706 1096 1760 καὶ
1157 1705 1465 1780 μετῆλθον·
1522 1705 1751 1782 πατέρες
1815 1709 1905 1763 καὶ

256 1795 516 1868 μητέρες,
548 1794 638 1849 καὶ
670 1794 993 1873 ἀπεγένοντο
1018 1815 1031 1827 ·
1065 1792 1293 1873 ἀδελφοὶ
1322 1795 1413 1850 καὶ
1446 1793 1603 1873 φίλοι
1632 1796 1722 1851 καὶ
1772 1818 1904 1872 συγ-

250 1887 456 1956 γενεῖς,
505 1883 597 1938 καὶ
645 1880 993 1960 παρέδραμον
1022 1927 1037 1940 .
1087 1884 1151 1939 Τί
1200 1881 1258 1938 δε
1309 1882 1596 1957 βασιλεῖς;
1636 1882 1776 1940 τίδὲ
1807 1889 1897 1940 σα²

248 1973 453 2046 τράπαι
479 1994 494 2043 ;
526 1972 580 2028 τί
610 1970 667 2027 δὲ
697 1972 1001 2052 ἄρχοντες;
1034 1974 1085 2028 τί
1118 1970 1176 2027 δὲ
1205 1978 1349 2028 πᾶσα
1379 1971 1596 2044 ἡλικία,
1648 1976 1738 2028 καὶ
1789 1979 1891 2030 πᾶν

246 2062 404 2136 γένος
434 2061 757 2137 ἀνθρώπους
790 2062 930 2136 Οὐχὶ
979 2063 1174 2124 πάντες
1215 2062 1322 2117 ὑπά
1350 2069 1452 2136 γῆν
1482 2062 1754 2139 γεγόνασι,
1805 2069 1894 2119 καί

246 2151 575 2221 γενήσονται
626 2151 821 2224 μικρὸν
877 2148 1095 2225 ὕστερον
1158 2149 1217 2204 ἐκ
1270 2155 1371 2224 γῆς
1431 2148 1665 2228 φύντες;
1732 2151 1893 2207 Ἀλλ’

242 2233 351 2290 ὥδε
375 2240 442 2292 τὸ
473 2238 807 2311 ζητούμενον
832 2259 845 2272 ·
874 2235 967 2292 ’ίνα
1013 2237 1200 2300 καλῶς
1242 2239 1309 2293 τὰ
1352 2237 1579 2294 ἐνταῦθα
1624 2238 1890 2314 ἀμείψαν-

241 2347 351 2396 τες,
374 2328 465 2382 καὶ
498 2329 634 2404 πρὸς
666 2330 727 2384 τὸ
764 2329 1024 2403 βούλημα
1051 2334 1150 2384 τοῦ
1198 2328 1566 2399 πεποιηκότος
1608 2334 1743 2383 Θεοῦ
1791 2330 1892 2403 ἐμ-

249 2415 734 2490 πολιτευσάμενοι,
789 2422 887 2474 τοῦ
936 2417 1109 2473 ἐκεῖσε
1166 2415 1550 2495 φοϐερωτάτου
1602 2419 1890 2495 κριτηρίου

241 2506 342 2574 τήν
402 2507 731 2581 παράστασιν
790 2507 1148 2581 ἀκατάκριτον
1225 2507 1582 2583 εύρήσωμεν·
1641 2507 1774 2582 ὅπερ
1826 2509 1890 2564 τὸ

249 2592 504 2669 ὑμέτερον
545 2598 729 2652 τέκνον
779 2597 1042 2673 ἀσφαλῶς
1102 2597 1193 2651 καὶ
1253 2592 1490 2671 βεϐαίως
1546 2597 1738 2672 εὕρατο
1796 2596 1887 2652 καὶ

244 2683 644 2760 ἐπιτετύχηκε.
702 2688 981 2762 Μακάριος
1022 2685 1145 2761 γάρ,
1188 2688 1373 2760 φησὶν,
1426 2688 1454 2740 ὁ
1505 2685 1557 2740 ἐν
1602 2691 1882 2760 γεννητοῖς

243 2780 510 2851 γυναικῶν
549 2771 850 2852 ὀλιγόϐιος,
895 2777 986 2831 καὶ
1034 2773 1093 2830 ὃν
1142 2777 1169 2830 6
1224 2775 1420 2850 Κύριος
1468 2773 1745 2846 ἐξελέξατο
1797 2776 1889 2831 καὶ

244 2860 614 2934 προσελάϐετο
646 2863 698 2920 ἐν
736 2866 931 2940 πρώτῃ
981 2863 1197 2936 ἡλικίᾳ,
1251 2865 1328 2938 μὴ
1379 2865 1725 2940 πειρασθέντα
1776 2870 1887 2921 τῶν

244 2956 450 3026 πικρῶν
483 2953 896 3028 ἁμαρτημάτων
925 2958 1023 3009 τοῦ
1051 2950 1180 3028 τῇδε
1212 2953 1332 3029 βίου
1357 2996 1372 3010 .

309 3041 542 3113 Ἐξῆλθε
588 3042 681 3098 καὶ
730 3042 973 3109 ἀπῆλθεν
1035 3044 1064 3097 6
1111 3042 1299 3119 κύριος
1346 3045 1674 3119 Σωτήριχος
1718 3065 1890 3122 φερω-

235 3130 425 3206 νύμως
455 3130 509 3187 ἐν
547 3132 792 3209 σωτηρίᾳ
815 3152 829 3166 ο
862 3133 1013 3207 ἤχου
1044 3133 1410 3207 ἑορταζόντων
1438 3133 1886 3207 καταξιούμενος,

236 3219 619 3297 ἀγαλλιάσεως
676 3219 1075 3292 ἀνεκλαλήτου,

234 3308 472 3373 κόλποις
508 3305 755 3386 Ἀϐραὰμ
784 3310 1206 3384 ἀναπαυομένων
1257 3313 1471 3387 βρεφῶν
1521 3311 1721 3387 ἁγίων·
1776 3334 1886 3385 μη-

232 3397 344 3453 κέτι
408 3395 682 3454 δουλεύων
740 3401 915 3478 φθορᾷ
969 3400 1059 3455 καὶ
1116 3400 1296 3475 σαρκὶ,
1346 3398 1622 3470 ἀϊδιότητι
1667 3402 1836 3456 συνών
1868 3444 1882 3459 .

234 3487 511 3543 Ἐντεῦθεν
562 3489 876 3565 βουλόμεθά
906 3511 963 3545 σε
1003 3486 1304 3564 λαμϐάνειν
1353 3489 1449 3552 τὰς
1492 3491 1742 3567 ἀφορμὰς
1785 3498 1885 3561 τῆς

232 3579 606 3653 παρηγορίας,
659 3578 896 3635 ἐντεῦθεν
953 3579 1048 3641 τὰς
1103 3580 1518 3656 παρακλήσεις.
1570 3584 1735 3634 Γενοῦ
1785 3578 1883 3652 δη-

236 3668 507 3742 μιουργὸς
600 3667 957 3744 εὐφροσύνης,
1038 3669 1129 3723 καὶ
1196 3670 1532 3744 θεραπευτής
1593 3668 1654 3723 οὐ
1715 3670 1881 3743 μόνον

235 3759 461 3827 σαυτοῦ,
510 3754 656 3811 ἀλλά
700 3757 790 3810 καὶ
847 3763 948 3826 τῆς
1001 3756 1191 3832 κυρίας
1247 3763 1347 3826 τῆς
1405 3757 1728 3830 σπαθαρίας,
1785 3764 1885 3827 τῆς

238 3843 482 3917 μάλιστα
512 3842 774 3918 δεομένης
808 3845 1046 3921 ἶατρέίας
1087 3846 1177 3899 καὶ
1228 3845 1651 3920 παρακλήσεως,
1707 3842 1794 3901 διὰ
1821 3848 1884 3901 τὸ

236 3936 436 4011 μικρὸν
469 3934 758 4009 περιπαθὲς
778 3955 791 3969 ·
829 3936 945 3990 εἶτα
974 3937 1066 3990 καὶ
1095 3940 1204 3990 τῶν
1256 3935 1467 3990 λοιπῶν
1520 3933 1882 4012 διαφερόντων

234 4043 317 4077 σοι
343 4043 357 4056 ·
398 4023 473 4085 ὡς
504 4022 565 4077 ἃν
595 4022 822 4099 δειχθῇς
852 4026 920 4079 τὰ
949 4027 1067 4080 θεῖα
1123 4023 1578 4096 πεπαιδευμένος,
1609 4025 1700 4080 καὶ
1750 4029 1884 4081 Θεοῦ

230 4111 391 4186 νόμῳ
425 4113 791 4187 κρατούμενος
821 4133 834 4146 ’
867 4114 956 4168 καὶ
989 4112 1147 4175 εἰδὼς
1178 4118 1284 4169 ποῦ
1310 4134 1440 4169 ποτε
1478 4113 1644 4187 ἀπῄει
1677 4115 1704 4168 6
1748 4116 1886 4188 μεθ-

235 4203 562 4276 ιστάμενος·
620 4204 711 4257 καὶ
773 4200 1011 4276 μάλιστα
1069 4202 1157 4259 ἐπὶ
1224 4208 1320 4258 τοῦ
1388 4207 1483 4258 σοῦ
1541 4203 1882 4280 γλυκυτάτου

228 4290 427 4346 τέκνου
451 4306 468 4322 ο
500 4290 586 4346 ὅτι
617 4291 715 4347 οὐκ
744 4292 820 4354 εἰς
861 4291 1104 4364 θάνατον,
1155 4291 1280 4348 οὐδὲ
1309 4291 1387 4356 εἷς
1415 4294 1479 4349 τὸ
1513 4296 1591 4366 μὴ
1622 4295 1706 4364 ὃν,
1755 4292 1884 4349 ἀλλ’

235 4379 309 4443 εἷς
339 4383 490 4451 ζωὴν
540 4382 783 4451 αἰώνιον,
826 4382 917 4438 καί
958 4383 1035 4445 είς
1084 4384 1215 4438 Θεὸν
1255 4384 1346 4439 τὸν
1394 4385 1462 4438 τὰ
1510 4381 1679 4439 πάντα
1722 4385 1879 4455 ποιή-

235 4490 436 4526 σαντα·
473 4471 563 4526 καὶ
607 4472 681 4535 ὡς
728 4471 789 4527 ἂν
839 4471 1267 4549 παραδειχθείης
1316 4475 1571 4547 πατράσι,
1613 4472 1702 4528 καὶ
1750 4476 1880 4527 πᾶσι

1162 3224 1599 3297 συναριθμήσεως
1657 3222 1766 3278 τῶν
1822 3224 1874 3279 ἐν
1906 3210 1950 3278 C

2023 552 2085 648 in
2112 553 2371 614 ﬂuminis
2399 558 2588 633 lapsu,
2624 566 2758 636 quia
2788 585 2923 640 pars
2957 588 3076 629 una
3108 579 3367 648 recessit,
3402 580 3580 639 altera
3606 586 3665 641 in

2023 642 2213 702 locum
2273 653 2575 722 successit,
2635 672 2845 729 genere
2897 677 3003 734 per
3062 668 3493 727 successionem
3548 691 3667 731 non

2023 735 2402 835 subsistente,
2430 745 2532 800 sed
2579 762 2683 817 per
2728 749 2852 806 dies
2891 754 3157 826 singulos
3205 762 3663 835 praetervolanle,

2023 827 2102 925 ita
2142 827 2242 897 qui
2272 831 2562 899 genitores
2592 842 2824 896 nostros
2854 827 3225 916 genuerunt;
3246 853 3302 904 et
3350 849 3441 907 his
3488 827 3664 925 supe;

2024 914 2207 972 riores
2239 934 2253 971 :
2287 934 2641 993 sursumque
2671 927 2929 999 relegens
2956 935 3100 989 ratio
3123 936 3193 991 ad
3212 936 3449 996 initium
3475 914 3663 1014 usque

2020 1007 2337 1077 perveniet,
2369 1014 2425 1065 et
2454 1018 2652 1070 contra
2682 1016 3040 1078 descendens
3071 1026 3141 1080 ad
3175 1027 3433 1085 universi
3484 1007 3661 1091 finem

2021 1098 2463 1195 progredietur:
2491 1103 2551 1159 Et
2578 1120 2687 1161 non
2716 1115 2797 1164 est
2822 1113 2920 1182 qui
2941 1112 3103 1183 vivet,
3136 1119 3202 1172 ut
3231 1119 3517 1190 scriptum
3555 1132 3661 1195 est,

2019 1192 2077 1241 et
2131 1203 2238 1245 non
2292 1190 2497 1248 videbit
2549 1204 2783 1253 mortem
2811 1198 2881 1252 δί.
2940 1202 3200 1262 Praesens
3255 1223 3393 1265 vero
3456 1190 3664 1283 status,

2021 1291 2236 1332 munus
2266 1280 2557 1351 quobdam
2589 1292 2673 1341 est
2702 1288 3025 1359 deﬁnitum,
3056 1298 3113 1349 et
3158 1295 3272 1352 diei
3327 1298 3507 1356 unius
3557 1280 3665 1359 ne;

2017 1366 2253 1459 gotiatio
2277 1384 2291 1424 :
2314 1372 2442 1428 tum
2461 1372 2673 1431 deinde
2692 1377 2889 1436 statim
2911 1382 2983 1437 ad
3005 1399 3115 1440 sua
3136 1385 3357 1444 reditus
3382 1406 3399 1458 ;
3445 1389 3515 1446 ab
3546 1390 3665 1459 his,

2018 1455 2280 1549 inquam,
2315 1461 2386 1516 ad
2417 1461 2516 1519 illa
2544 1466 2973 1541 commigratio.
3009 1455 3578 1549 Patriarcha-olim,
3610 1455 3667 1538 et

2015 1548 2422 1608 transierunt:
2466 1555 2782 1628 prophetas,
2842 1565 2902 1617 et
2958 1562 3228 1621 abierunt
3279 1583 3293 1623 :
3352 1548 3569 1639 patres
3607 1575 3665 1627 et

2016 1640 2252 1730 matres,
2281 1643 2337 1695 et
2366 1657 2491 1698 esse
2520 1643 2815 1703 desierunt
2847 1664 2861 1704 :
2896 1650 3105 1708 fratres
3133 1656 3190 1708 et
3219 1656 3394 1713 amici
3437 1662 3494 1714 et
3523 1674 3662 1730 pro-

2012 1727 2242 1798 pinqui,
2272 1732 2330 1821 et
2357 1735 2716 1821 praetervecti
2745 1742 2900 1794 sunt.
2926 1742 3073 1806 Quid
3097 1760 3269 1814 porro
3291 1748 3497 1818 reges?
3518 1727 3659 1821 quid

1933 1841 1980 1906 Β
2015 1825 2256 1888 satrapas
2272 1817 2301 1872 Ἰ
2332 1820 2473 1890 quid
2502 1822 2796 1897 principes
2817 1828 2845 1882 ?
2874 1829 3019 1901 quid
3037 1836 3176 1888 antas
3197 1817 3396 1893 omnis
3419 1842 3475 1895 et
3489 1817 3664 1897 omne

2009 1921 2196 1978 genus
2216 1909 2521 1967 hominum
2542 1912 2570 1967 τ
2599 1912 2801 1973 Nonne
2822 1934 3025 1976 omnes
3047 1916 3158 1979 sub
3181 1928 3401 1982 terram
3426 1927 3657 1985 ierunt?

2003 1998 2063 2050 et
2089 1998 2261 2068 paulo
2294 2015 2426 2055 mox
2456 2001 2648 2071 ibunt,
2680 2020 2812 2062 cum
2844 2023 2910 2063 ex
2959 2016 3112 2066 terra
3165 2014 3278 2079 orti
3318 2015 3486 2072 sint?
3537 2018 3651 2074 Sed

2003 2084 2111 2141 hoc
2143 2087 2421 2145 nimirum
2455 2096 2545 2146 est
2574 2096 2718 2164 quod
2769 2097 3087 2168 quaeritur;
3145 2106 3209 2157 ut
3263 2103 3414 2160 banc
3463 2106 3640 2163 vitam

2001 2179 2153 2231 recte
2207 2180 2614 2251 transigentes,
2670 2191 2724 2239 et
2780 2200 2847 2241 ex
2912 2187 3013 2245 Dei
3058 2192 3375 2248 conditoris
3452 2197 3636 2252 nostri

1998 2263 2297 2322 voluntate
2326 2277 2754 2339 conversantes,
2814 2278 2967 2346 apud
3021 2279 3631 2342 formidolosissimum

1999 2351 2144 2408 illud
2184 2356 2439 2414 tribunal
2470 2363 3011 2423 condemnationem
3046 2370 3406 2428 declinemus
3439 2390 3453 2427 :
3483 2376 3634 2446 quod

2000 2442 2157 2501 ﬁlius
2177 2452 2365 2503 vester
2384 2450 2509 2505 sine
2530 2453 2604 2506 du
2616 2452 2707 2509 bio
2731 2471 2796 2509 ac
2817 2459 3139 2516 certissime
3160 2469 3504 2519 consecutus
3527 2470 3634 2521 est.

2000 2532 2208 2591 Beatus
2237 2538 2419 2606 enim,
2461 2540 2561 2609 ait,
2617 2543 2769 2598 inter
2809 2551 2978 2604 natos
3017 2550 3347 2619 mulierum,
3399 2555 3492 2609 cui
3528 2554 3645 2611 vita

2001 2623 2184 2679 brevis
2214 2632 2321 2694 est,
2356 2632 2411 2682 et
2440 2646 2610 2700 quem
2644 2632 2927 2692 Dominus
2957 2637 3130 2711 elegit
3154 2645 3213 2695 et
3237 2643 3564 2713 assumpsit
3583 2644 3642 2698 in

2000 2714 2190 2786 prima
2241 2720 2427 2788 aetate,
2484 2737 2599 2777 non
2658 2727 2944 2782 tentatum
3004 2731 3219 2786 amaris
3277 2730 3457 2803 hujus
3515 2733 3642 2790 vita;

2000 2807 2277 2877 peccatis.

2069 3060 2325 3119 Excessit
2354 3068 2411 3120 et
2440 3065 2583 3122 abiit
2603 3066 2877 3125 dominus
2899 3070 3262 3141 Soterichus,
3284 3075 3509 3132 nomini
3537 3094 3642 3136 suo

1995 3155 2400 3223 congruenter,
2427 3152 2484 3208 in
2508 3156 2721 3225 salute;
2758 3158 2963 3215 festum
2988 3160 3143 3216 diem
3179 3165 3476 3233 agentium
3499 3183 3640 3222 sono

1987 3239 2200 3311 dignus
2221 3241 2480 3311 habitus,
2510 3246 2894 3303 exsultatione
2923 3250 3336 3321 inexplicabili,
3361 3268 3641 3327 aggrega-

1990 3333 2086 3387 tus
2109 3332 2181 3387 ad
2207 3332 2572 3403 quiescentes
2587 3334 2647 3391 in
2669 3336 2912 3392 Abrahae
2932 3338 3064 3394 sinu
3094 3347 3328 3397 sanctos
3359 3343 3633 3412 infantes,

1990 3420 2151 3477 carni
2176 3425 2234 3477 et
2257 3423 2615 3494 corruptioni
2637 3441 2751 3481 non
2791 3428 3047 3499 amplius
3099 3431 3382 3501 serviens,
3431 3432 3631 3489 fruens

1991 3510 2329 3568 aeternitate.
2346 3511 2489 3568 Hinc
2510 3519 2855 3586 argumenta
2872 3517 3306 3590 consolationis,
3350 3521 3488 3578 hinc
3527 3524 3639 3578 do-

1992 3598 2130 3656 loris
2151 3599 2475 3658 levamenta
2491 3618 2699 3676 capere
2720 3608 2776 3659 te
2793 3606 3086 3661 volumus.
3111 3614 3332 3665 Auctor
3356 3619 3477 3666 esto
3501 3611 3644 3668 laeti-

1990 3688 2085 3746 tiae
2103 3694 2160 3747 et
2175 3695 2421 3760 curator,
2443 3708 2553 3748 non
2574 3693 2660 3748 tui
2679 3695 2868 3764 modo,
2889 3698 2989 3752 sed
3008 3694 3242 3754 domine
3258 3715 3486 3772 quoque
3507 3717 3639 3773 spa-

1989 3777 2210 3848 tharite,
2245 3796 2375 3851 quas
2397 3781 2691 3837 curatione
2723 3787 2780 3839 et
2808 3783 3015 3840 solatio
3055 3785 3129 3840 ob
3170 3787 3437 3858 exiguam
3488 3789 3642 3843 tole-

1990 3869 2237 3924 rantiam
2260 3870 2579 3941 plurimum
2601 3877 2725 3944 eget
2751 3888 2765 3940 ;
2810 3890 2874 3929 ac
2914 3873 3269 3945 reliquorum
3298 3877 3506 3933 deinde
3528 3878 3631 3933 tibi

1990 3966 2432 4030 conjunctorum
2466 3978 2481 4017 :
2512 3977 2582 4016 ne
2623 3963 2898 4017 ostendas
2939 3966 2995 4019 te
3048 3964 3263 4020 divinis
3315 3966 3630 4027 imbutum.

1989 4047 2210 4120 Deique
2233 4048 2342 4120 legi
2366 4050 2780 4121 obsequentem
2804 4068 2818 4118 ;
2844 4051 3230 4123 necignarum
3255 4070 3369 4124 quo
3394 4055 3633 4110 tandem

1990 4134 2197 4191 abierit
2223 4137 2319 4207 qui
2344 4138 2638 4209 migravit;
2664 4154 2730 4192 ac
2751 4141 2889 4194 tuus
2911 4141 3230 4211 praesertim
3255 4140 3633 4198 dulcissimus

1987 4224 2180 4296 ﬁlius;
2232 4227 2384 4296 quod
2418 4244 2530 4284 non
2561 4227 2633 4283 ad
2683 4233 2954 4295 mortem,
3006 4245 3194 4301 neque
3240 4232 3311 4287 ad
3354 4230 3631 4301 nihilum,

1988 4316 2090 4372 sed
2116 4315 2188 4371 ad
2220 4315 2399 4372 vitam
2430 4317 2870 4390 sempiternam,
2903 4322 2959 4373 et
2985 4319 3057 4374 ad
3088 4318 3270 4375 Deum
3305 4321 3404 4392 qui
3437 4322 3635 4378 omnia

1989 4407 2205 4464 creavit
2238 4422 2252 4460 :
2283 4410 2455 4479 atque
2477 4412 2541 4464 ut
2569 4406 2781 4463 eximio
2811 4408 3098 4479 patribus,
3130 4411 3399 4482 notisque
3439 4412 3632 4466 omni-

1989 4498 2099 4553 bus
2128 4497 2347 4554 funeris
2377 4514 2554 4555 causa
2582 4497 2912 4554 convocatis
2941 4498 3025 4556 sis
3054 4499 3335 4571 exemplo,
3396 4507 3458 4554 ut
3497 4516 3629 4555 cum

232 4564 352 4622 τοῖς
371 4559 674 4636 γνωρίμοις
724 4560 813 4616 καὶ
845 4558 1292 4636 συνειλεγμένοις
1318 4561 1368 4616 ἐν
1396 4564 1465 4631 τῇ
1494 4558 1711 4632 κηδείᾳ,
1747 4561 1881 4616 ὑπό-

2004 4584 2315 4655 gratiarum
2338 4585 2564 4642 actione
2580 4592 2633 4641 et
2652 4584 2947 4642 moderate
2991 4558 3305 4642 liberorum
3321 4558 3333 4568 ι
3353 4585 3628 4642 orbitates

236 4644 438 4723 δειγμα
467 4647 657 4717 καλὸν,
694 4652 811 4723 μετ’
841 4651 1191 4726 εὐχαριστίας
1220 4651 1312 4706 καὶ
1361 4649 1717 4727 σωφροσύνης
1764 4647 1880 4704 δια-

235 4738 416 4815 φέρειν
450 4739 545 4801 τὰς
572 4742 678 4794 τῶν
726 4739 926 4795 τέκνων
975 4736 1281 4809 ἀποϐολᾶς,
1312 4740 1402 4794 καὶ
1439 4740 1516 4814 μὴ
1567 4739 1878 4794 ἀντιτείνειν

236 4832 371 4883 Θεοῦ
400 4832 520 4890 τοῖς
548 4830 961 4905 προστάγμασιν
988 4873 1003 4886 .

236 4937 339 4996 ΙΘ’.
398 4966 469 4980 -
526 4937 668 5012 Πρὸς
729 4937 791 4992 τὸ
850 4936 1029 5012 κοινὸν
1086 4940 1186 5012 τοῦ
1264 4934 1400 4992 λαοῦ
1475 4936 1881 5011 Ἀντισάρχου.

984 5006 1135 5083 [λζὀ]

1991 4675 2201 4743 ferant,
2234 4674 2565 4746 divinisque
2593 4674 2855 4747 imperiis
2886 4690 3005 4732 non
3037 4678 3385 4747 repugnent.

2150 4920 2289 4979 XIX.
2320 4955 2392 4965 —
2415 4924 2703 4983 Communi
2716 4924 2906 4998 populi
2927 4923 3374 4982 Antisarchensis
3403 4924 3469 4979 ".

1278 5109 1351 5158 De
1379 5106 1648 5158 Marciano
1676 5112 1918 5171 apostata
1947 5102 2041 5171 qui
2072 5103 2143 5154 ad
2171 5116 2237 5153 eo
2266 5101 2578 5152 diverterat.

306 5215 608 5291 Γράμματα
664 5211 954 5289 ἐδεξάμεθα
998 5214 1145 5290 παρά
1188 5218 1292 5284 τῆς
1337 5214 1664 5288 τιμιότητος
1716 5213 1868 5287 ὑμῶν

236 5305 360 5378 περὶ
400 5307 501 5357 τοῦ
546 5304 793 5378 μαθητοῦ
839 5305 1024 5378 ἡμῶν,
1073 5306 1171 5359 τοῦ
1223 5300 1395 5358 πάλαι
1442 5299 1871 5378 ἀποδράσοντος,

236 5392 327 5447 καὶ
359 5390 413 5448 ἐν
442 5396 559 5455 τοῖς
590 5393 801 5465 αὐτόθι,
833 5393 935 5448 οὐκ
960 5389 1062 5448 οἶδ’
1091 5389 1261 5462 ὅπως,
1283 5390 1489 5465 ἀμαθίᾳ
1518 5389 1610 5446 καὶ
1660 5391 1876 5447 ἀνοσιό-

235 5501 362 5553 τητι
417 5479 866 5560 προσδιχθέντος,
923 5483 1015 5537 καὶ
1064 5480 1119 5537 ἐν
1177 5480 1255 5537 ἐνὶ
1317 5478 1495 5556 ἄντρῳ
1542 5479 1660 5537 ούνὶ
1715 5502 1880 5556 μονα-

312 5665 358 5703 ⁶¹
390 5666 538 5727 Psal.
570 5684 839 5743 uxxvm,
868 5669 960 5726 49.
1050 5668 1100 5706 ⁵³
1130 5668 1192 5726 F.
1222 5668 1612 5728 Aumaromis.

2053 5212 2299 5269 Litteras
2328 5207 2715 5266 venerationis
2754 5208 2952 5263 vestras
3001 5219 3346 5276 accepemns
3389 5203 3461 5259 de
3508 5202 3628 5258 dis-

1986 5300 2179 5374 cipulo
2201 5307 2415 5370 nostro,
2437 5297 2536 5370 qui
2558 5297 2850 5369 quondam
2876 5293 3126 5366 aufugit,
3146 5298 3205 5350 et
3224 5292 3287 5349 in
3325 5292 3455 5349 istis
3487 5291 3624 5360 oris,

1988 5393 2180 5451 nescis
2210 5408 2324 5466 quo
2351 5393 2540 5463 pacto,
2574 5405 2673 5461 per
2720 5384 3075 5459 imperitiam
3133 5388 3191 5441 et
3250 5384 3415 5441 nefas
3476 5398 3634 5439 rece-

1990 5483 2216 5556 ptus,in
2241 5484 2408 5540 antro
2428 5477 2696 5551 quodam,
2721 5493 2836 5534 non
2860 5473 3309 5541 monasterium,
3333 5472 3430 5529 sed
3462 5470 3643 5530 vitio-
