4084 6284
470 352 586 410 967

1706 349 1764 408 s.
1813 349 2213 410 THEODOB]
2260 319 2621 416 srvet”;

3739 363 3842 424 968

469 518 601 558 rum
641 500 980 571 speluncam
1013 500 1313 559 exstruxit,
1350 503 1415 555 ut
1445 500 1601 557 hunc
1649 501 1947 558 absolvere
1979 501 2113 556 veli-

2232 488 2476 561 στήριον,
2509 489 2654 544 ἀλλᾶ
2687 490 2984 567 λῃστήριον
3022 495 3209 548 παθῶν
3241 492 3668 570 ἀναδειμαμένου
3699 515 3709 530 '
3766 497 3844 553 ’ἕνα

475 608 628 647 mus.
655 591 720 646 Et
748 589 939 645 brevis
960 594 1043 644 est
1067 590 1391 660 responsio.
1418 589 1745 646 Marcianus
1793 591 2118 662 discipulus

474 683 692 748 noster,
719 679 900 735 donec
918 678 990 734 ad
1015 679 1435 734 monasterium
1467 695 1638 735 suum
1683 681 1902 744 redeat,
1922 680 1979 735 in
2004 696 2120 751 quo

479 767 933 827 renuntiationis
962 783 1082 822 sua:
1113 771 1286 838 pacta
1315 771 1426 824 Deo
1456 771 1605 825 teste
1634 768 1872 841 pepigit,
1905 768 2120 840 ligatus

474 861 909 930 damnatusque
942 856 1223 924 manebit,
1257 861 1313 912 et
1342 857 2121 928 communione,juxtadivi-

476 965 586 1006 nos
601 963 747 1020 quos
761 947 996 1018 scripsit
1010 947 1722 1019 canones,indignus.Non
1736 948 1891 1004 enim
1906 946 2120 1003 anobis

471 1039 766 1094 intentata
787 1042 876 1094 est
888 1036 1288 1104 comminatio,
1314 1037 1416 1092 sed
1439 1054 1473 1092 a
1492 1037 1760 1093 Patribus
1779 1037 1879 1092 Dei
1901 1037 2117 1108 Spiritu

471 1129 707 1184 amatis.
723 1127 904 1198 Hujus
916 1143 1049 1199 ergo
1064 1125 1311 1182 salutem
1329 1126 1376 1181 si
1393 1127 1625 1192 amatis,
1642 1125 1953 1182 hortamini
1969 1126 2114 1182 utad

472 1234 577 1272 sua
591 1217 806 1273 redeat.
822 1217 1005 1280 Quem
1023 1233 1128 1271 nos
1141 1215 1482 1286 pcenitentia
1504 1217 1739 1271 ductum
1752 1257 1766 1284 ,
1791 1231 2120 1272 reversum-

469 1323 584 1378 que
614 1305 870 1378 paternis
893 1305 1211 1361 visceribus
1242 1305 1505 1375 excipere
1538 1304 1725 1376 parati
1749 1320 2108 1374 sumus,om-

468 1395 752 1466 niumque
763 1397 1086 1451 erratorum
1099 1392 1330 1449 veniam
1344 1392 1428 1447 illi
1447 1393 2115 1457 dare.Quemadmodum

466 1483 624 1537 enim
646 1482 774 1538 ﬁeri
795 1498 913 1537 non
947 1484 1157 1552 potest,
1178 1480 1316 1552 quin
1341 1480 1463 1536 ovis
1488 1497 1521 1536 a
1541 1481 1781 1536 mandra
1802 1497 1907 1537 sua
1920 1480 2119 1538 avulsa

467 1575 524 1626 et
553 1571 830 1627 aberrans
853 1571 1107 1626 ferarum
1133 1570 1338 1641 praedm
1365 1569 1734 1640 subjiciatur,
1757 1571 1843 1627 sic
1863 1587 1897 1626 a
1918 1585 2116 1626 mona-

468 1661 646 1718 sterio
671 1659 887 1716 nefarie
909 1660 1251 1731 degressum
1274 1675 1381 1715 sua
1401 1663 1694 1730 sponte,et
1714 1659 1773 1714 in
1794 1659 1919 1716 loco
1942 1675 2116 1730 quem

469 1749 749 1806 Dominus
769 1765 884 1806 non
909 1748 1502 1820 aspicitresidentem,
1526 1766 1561 1804 a
1583 1749 1947 1805 daemonibus
1988 1748 2116 1821 capi

468 1855 706 1897 necesse
726 1843 834 1895 est.
873 1838 1032 1894 Illius
1065 1855 1201 1911 ergo
1231 1838 1379 1894 cella
1401 1838 1733 1895 daamonum
1757 1843 1848 1895 est
1871 1838 2114 1906 latebra,

467 1929 738 2000 decipula
752 1928 1106 1998 animarum,
1129 1927 1328 1984 schola
1344 1927 1655 1984 mulierum
1667 1971 1681 1997 ,
1705 1929 1899 1985 omnis
1912 1927 2115 2001 nequi-

464 2018 555 2073 tiae
585 2017 825 2074 ofﬁcina
855 2032 872 2074 :
906 2015 1262 2089 quibuslibet
1290 2017 1480 2073 verbis
1511 2017 1791 2086 modisve,
1825 2021 1928 2073 aut
1958 2017 2105 2088 ipse,

463 2111 562 2163 aut
591 2123 715 2174 vos,
766 2123 890 2178 quae
955 2107 1108 2162 dicta
1156 2110 1314 2174 sunt,
1375 2107 1741 2163 dissimulare
1799 2108 2109 2165 conemini.

461 2199 650 2262 Quare
666 2198 717 2255 si
741 2197 1099 2268 obtemperet
1122 2200 1178 2252 et
1201 2197 1636 2269 obtemperetis,
1673 2197 1945 2269 praclare
1977 2213 2109 2254 cum

460 2288 728 2357 utrisque
753 2291 982 2358 agetur,
1013 2290 1080 2341 ut
1110 2285 1367 2341 divinam
1400 2287 1860 2357 indignationem
1894 2288 2112 2342 minas-

459 2391 570 2446 que
600 2376 854 2432 evadatis
899 2375 1037 2432 :sin
1089 2375 1308 2444 minus,
1358 2375 1687 2447 pervicaciae
1730 2380 1933 2432 vestrae
1984 2378 2108 2431 fr‘u-

461 2465 679 2521 ctusoh
703 2465 902 2520 oculos
925 2464 1194 2520 cernetis.
1222 2465 1566 2520 Benedictus
1587 2469 1782 2521 autem
1809 2481 1842 2519 a
1866 2465 2108 2521 Domino

461 2556 869 2612 sanctissimus
901 2556 1230 2627 episcopus,
1265 2555 1369 2626 qui
1399 2556 1555 2627 leges
1594 2557 1879 2621 observat,
1906 2560 1962 2610 et
1990 2556 2109 2610 im-

459 2645 622 2714 pium
664 2643 866 2716 procul
902 2648 1085 2700 arcet.
1118 2644 1318 2716 Neque
1363 2645 1519 2701 enim
1570 2644 1935 2701 ordinatione
1984 2644 2103 2700 ullo

457 2733 637 2791 modo.
661 2733 878 2806 dignus
907 2739 1018 2804 est,
1053 2733 1318 2805 quamvis
1350 2733 1465 2789 huc
1488 2738 1834 2790 revertatur.
1873 2735 2109 2806 Perspe-

458 2825 550 2877 cta
578 2821 735 2878 enim
767 2822 914 2878 mihi
945 2823 1071 2892 ejus
1100 2826 1241 2879 sunt
1274 2825 1490 2892 omnia,
1533 2838 1712 2896 supra
1759 2838 1934 2894 quam
1964 2823 2099 2894 ipsi,

457 2916 523 2967 ut
552 2912 657 2984 qui
684 2914 810 2984 ejus
840 2916 1005 2984 pater
1034 2913 1271 2970 fuerim.

2143 1887 2191 1953 B

2225 581 2418 631 τοῦτον
2466 577 2675 641 λύσεως
2723 581 3038 656 ἀξιώσωμεν
3063 627 3075 639 .
3117 585 3214 639 Καὶ
3266 586 3529 659 σύντομος
3561 589 3592 653 ἡ
3627 586 3843 662 ἀπόκρι-

2230 686 2311 728 σις
2339 711 2351 722 .
2406 670 2711 742 Μαρκιανὸς
2742 672 2768 724 ὁ
2805 675 3051 744 μαθητὴς
3094 676 3256 746 ἡμῶν
3304 672 3407 736 ἕως
3455 676 3513 730 ἂν
3552 678 3842 752 ὑποστρέψῃ

2229 754 2280 809 ἐν
2313 759 2391 827 τῷ
2442 757 2624 831 οἰκείῳ
2675 761 3044 836 μοναστηρίῳ,
3095 760 3147 817 ἓν
3177 763 3222 835 ᾦ
3260 765 3356 826 τὰς
3403 767 3670 835 συνθήκας
3712 763 3845 821 ἔθετο

2229 844 2330 898 ὑπὸ
2384 846 2614 921 μάρτυρι
2647 853 2761 920 Θεῷ
2811 857 2910 918 τῆς
2964 851 3240 924 ἀποταγῆς
3288 852 3472 926 αὐτοῦ,
3521 853 3663 909 ἔσται
3711 851 3845 909 δεδε-

2230 931 2388 1004 μένος
2440 934 2530 989 καὶ
2589 940 3045 1012 κατακεκριμένος
3093 940 3182 994 καὶ
3242 941 3456 1014 ἀνάξιος
3522 950 3620 1013 τῆς
3665 965 3845 998 κοινω-

2224 1022 2360 1092 νίας,
2416 1025 2536 1078 καθ’
2599 1025 2690 1090 οὓς
2745 1022 2941 1102 ἔγραψε
2990 1029 3402 1092 θεοκελεόστους
3459 1033 3721 1093 κανόνας.
3780 1033 3848 1089 Οὐ

2226 1113 2328 1188 γὰρ
2388 1111 2439 1182 ἐξ
2497 1115 2656 1187 ἥμῶν
2764 1117 3120 1192 ἀπηρτημένη
3182 1118 3406 1189 ἀπειλὴ,
3465 1118 3593 1175 ἀλλ’
3639 1120 3698 1175 ἐκ
3743 1124 3846 1176 θεο-

2225 1202 2500 1257 πνεύστων
2560 1204 2852 1279 Πατὲρων.
2911 1212 3109 1262 Τοῦτον
3164 1208 3340 1263 τοίνυν
3420 1209 3571 1285 εἷ’περ
3628 1210 3847 1284 ἀγαπᾶτε

2229 1293 2513 1362 σώζεσθαι,
2573 1295 2931 1366 νουθετήσατε
2962 1297 3423 1368 ἀνθυπονοστῆσαι
3453 1299 3529 1362 εἰς
3557 1301 3624 1355 τὰ
3655 1300 3845 1358 οἲκεῖα.

2226 1381 2326 1438 ’Όν
2359 1382 2524 1453 ἥμεῖς
2557 1383 3027 1458 μεταμελόμενον,
3060 1388 3152 1442 καὶ
3203 1387 3632 1464 ὑποστρέφοντα,
3671 1410 3848 1462 πατρι·

2226 1477 2344 1534 κοῖς
2410 1471 2746 1549 σπλάγχνοις
2803 1471 3018 1549 ἕτοιμοί
3087 1475 3245 1550 ἐσμεν
3334 1475 3710 1549 ὑποδέξασθαι,
3768 1479 3848 1535 καὶ

2227 1569 2578 1638 συγχωρῆσαι
2623 1564 2795 1618 πάντα
2850 1565 2917 1620 τὰ
2973 1565 3340 1640 ἡμαρτημένα
3393 1567 3572 1639 αὐτῷ.
3624 1571 3711 1632 Ὠς
3760 1571 3848 1642 γὰρ

2227 1650 2329 1707 οὐκ
2359 1650 2470 1706 ἔστι
2501 1647 2774 1726 πρόϐατον
2807 1652 2866 1708 έκ
2889 1661 2990 1724 τῆς
3020 1653 3166 1717 ἰδίας
3220 1653 3458 1732 μάνδρας
3498 1659 3846 1724 ἀποσπασθὲν,

2224 1741 2315 1796 καὶ
2371 1739 2778 1814 ἁποπλανηθὶν,
2826 1745 2901 1817 μή
2951 1743 3299 1820 θηριάλωτον
3347 1749 3623 1820 γενέσθαι·
3690 1749 3848 1810 οὕτως

2222 1831 2311 1884 τὸν
2345 1831 2451 1886 ἀπὸ
2493 1832 2862 1907 μοναστηρίου
2911 1832 3266 1909 ἐξερχόμενον
3317 1837 3537 1910 ἀνόμως
3567 1837 3621 1893 έν
3658 1843 3735 1912 τῷ
3783 1841 3852 1894 οἶ-

2220 1921 2350 1993 κείῳ
2381 1919 2650 1993 θελήματι
2683 1923 2771 1976 καὶ
2813 1921 2864 1977 ἐν
2915 1923 3068 1997 τόπῳ
3118 1924 3180 1979 οὗ
3231 1926 3330 1980 οὐκ
3380 1924 3669 1983 ἐπισκοπεῖ
3697 1930 3724 1982 ὁ
3756 1933 3851 1984 Κύ-

2223 2030 2338 2085 ριος
2386 2012 2761 2084 καθεζόμενον,
2808 2013 2884 2085 μή
2921 2013 3024 2068 ὑπὸ
3056 2010 3336 2088 δαιμόνων
3387 2014 3596 2072 ἂλῶναι
3625 2063 3638 2074 .
3669 2019 3737 2072 Τὸ
3766 2018 3847 2072 οὖν

2220 2099 2440 2156 κελλίον
2474 2100 2657 2169 αὐτοῦ,
2711 2100 2926 2179 φωλεός
2975 2102 3086 2157 ἐστι
3135 2100 3428 2177 δαιμόνων,
3482 2107 3849 2182 ἀγρευτήριον,

2220 2193 2436 2264 ψυχῶν,
2487 2188 2873 2266 παιδευτήριον
2921 2197 3215 2268 γυναικῶν,
3270 2195 3447 2265 πάσης
3498 2197 3725 2270 ἀνομίας
3773 2196 3849 2272 ἐρ-

2219 2283 2514 2354 γαστήριον
2539 2299 2551 2312 ο
2585 2279 2681 2334 κᾶν
2716 2281 2927 2342 ὁποίοις
2960 2277 3017 2335 ἄν
3053 2280 3237 2356 λόγοις
3287 2284 3376 2337 καὶ
3425 2286 3677 2359 τρόποις,
3710 2286 3743 2349 ἧ
3773 2288 3848 2340 αὐ-

2217 2371 2311 2432 τὸς
2352 2369 2387 2438 ἢ
2431 2371 2585 2441 ὑμεῖς
2638 2369 2942 2443 μεθοδεύειν
3001 2376 3254 2448 πειρᾶσθε
3304 2376 3370 2428 τὰ
3431 2374 3740 2452 λεγόμενα.
3793 2379 3846 2434 Εἰ

2219 2458 2312 2514 οὗν
2363 2459 2618 2514 ὑπακούει
2668 2461 2756 2514 καὶ
2811 2462 3130 2532 ὑπακούετε,
3163 2462 3218 2516 εὖ
3249 2460 3308 2517 ἂν
3357 2463 3478 2540 ἔχοι
3531 2465 3846 2546 ἀμφοτέροις

2218 2553 2451 2626 φυγοῦσι
2481 2550 2575 2610 τὰς
2607 2549 2746 2610 θείας
2789 2550 2954 2625 ὀργὰς
3005 2550 3094 2606 καὶ
3145 2550 3407 2618 ἀπειλάς³
3459 2555 3503 2608 εἰ
3553 2554 3615 2611 δὲ
3657 2559 3730 2631 μή
3771 2578 3842 2631 γε,

2218 2637 2411 2714 ὄψεσθε
2440 2640 2692 2693 ἀπέναντι
2724 2644 2833 2694 τῶν
2887 2639 3191 2718 ὀφθαλμῶν
3225 2643 3376 2715 ὑμῶν
3426 2645 3552 2708 τοὺς
3597 2653 3701 2716 τῆς
3727 2667 3846 2720 παρ·

2215 2735 2383 2798 ακοῆς
2434 2728 2586 2800 ὑμῶν
2629 2728 2912 2804 καρπούς.
2963 2733 3020 2783 '0
3070 2727 3126 2784 δὲ
3183 2732 3484 2805 ἁγιώτατος
3561 2733 3844 2798 ἐπίσκοπος

2216 2817 2588 2892 εὐλογημένος
2622 2815 2761 2873 ἔστὶν
2793 2819 2896 2873 ὑπὸ
2948 2821 3175 2894 Κυρίου,
3221 2827 3404 2896 τηρῶν
3446 2822 3577 2886 τοὺς
3632 2827 3844 2900 νόμους,

2210 2910 2300 2964 καὶ
2330 2909 2421 2962 τὸν
2455 2907 2670 2963 ἀνόσιον
2703 2907 2895 2984 πόρρω
2926 2930 3028 2963 που
3063 2907 3279 2966 διώκων
3309 2957 3322 2970 .
3357 2911 3431 2967 Οὐ
3463 2913 3561 2989 γὰρ
3617 2935 3846 2992 χειροτοο

457 3000 576 3064 νίας
606 2999 755 3071 ἄξιος
782 3001 847 3055 τὸ
878 3000 1138 3071 καθόλου,
1171 2999 1270 3056 κᾶν
1319 3001 1545 3057 ἐνταῦθα
1595 2999 1910 3077 ὑποστρέψῃ
1938 3043 1952 3058 .
1999 2998 2133 3056 Οἶδα
2174 3001 2275 3074 γὰρ
2317 2998 2383 3054 τὰ
2435 2998 2599 3053 αὐτοῦ
2650 2998 2781 3072 ὑπὲρ
2829 2995 3029 3053 ἐκεῖνον
3078 2999 3261 3070 αὐτὸν,
3320 3004 3500 3076 πατὴρ
3546 3004 3718 3060 αὐτοῦ
3766 3025 3846 3082 γε·

456 3089 633 3165 γονώς
655 3132 669 3149 .

796 3201 922 3257 XX.
955 3230 1023 3243 —-
1052 3200 1336 3274 Pinuphio
1367 3208 1420 3259 et
1448 3202 1590 3259 Mari
1617 3202 1776 3273 ﬁliis.

2393 3198 2475 3256 κ’,
2507 3229 2574 3241 -
2607 3197 2885 3275 Πινουφίῳ
2915 3196 3004 3251 καὶ
3036 3197 3199 3271 Μάρῃ
3227 3198 3436 3260 τέκνοις
3465 3240 3476 3255 ⁸
3514 3196 3632 3273 [λη’

1474 3338 1541 3389 Ut
1569 3337 1795 3388 redeant
1823 3337 1889 3387 ad
1920 3333 2302 3387 monasterium
2333 3334 2476 3385 unde
2508 3333 2841 3397 aufugerant.

531 3453 854 3511 Consilium
886 3457 1010 3510 erat
1039 3456 1108 3511 ad
1142 3471 1244 3512 vos
1303 3472 1417 3511 non
1478 3456 1747 3524 scribere,
1806 3458 2109 3528 propterea
2139 3469 2182 3537 α

463 3545 615 3616 quod
647 3544 914 3600 secundae
957 3544 1155 3600 littere
1205 3549 1409 3601 vestrae
1459 3561 1590 3601 cum
1659 3545 1952 3618 prioribus
2004 3561 2114 3600 non

463 3632 928 3688 consentiebant.
963 3633 1192 3689 Priores
1224 3634 1459 3705 quidem
1488 3634 1804 3690 celerrimae
1834 3634 2112 3704 poeniten-

466 3723 561 3778 tiae
593 3721 934 3792 reditusque
984 3723 1055 3777 ab
1114 3739 1217 3778 nos
1267 3723 1640 3795 sponsionem
1701 3723 2109 3791 continebant;

464 3812 818 3883 posteriores
850 3827 983 3868 vero
1026 3811 1280 3868 abnuere
1326 3830 1428 3869 vos
1481 3817 1540 3868 et
1596 3829 1862 3868 recusare
1918 3817 2111 3868 osten-

465 3904 631 3957 dunt.
692 3903 882 3972 Atque
937 3901 1047 3956 hoc
1096 3906 1152 3957 et
1210 3901 1356 3958 illud
1427 3904 1721 3958 causando
1779 3902 2112 3974 praetexitis,

462 4007 569 4047 nec
610 3990 805 4062 potius
857 4007 1116 4047 errorem
1176 3997 1429 4048 vestrum
1482 3993 1738 4048 veritatis
1787 3992 1982 4048 studio
2033 3994 2114 4047 ia-

462 4079 694 4147 temini,
728 4080 933 4135 ﬂentes
964 4096 1030 4136 ac
1068 4080 1330 4138 dolentes
1394 4083 1468 4138 ob
1527 4098 1594 4138 ea
1643 4097 1766 4154 quae
1815 4098 2112 4153 perperam

459 4169 870 4226 commisistis.
897 4170 955 4225 Si
1009 4187 1144 4242 ergo
1175 4188 1275 4227 vos
1300 4173 1566 4244 paenitet,
1595 4173 1924 4244 residetque
1945 4171 2001 4226 in
2020 4189 2115 4228 vo-

463 4259 556 4314 bis
583 4259 838 4315 scintilla
867 4259 1096 4314 timoris
1135 4260 1256 4327 Dei,
1305 4261 1562 4318 excitans
1609 4262 1784 4317 corda
1827 4265 2014 4316 vestra
2046 4261 2113 4315 ad

464 4347 888 4420 promissiones
921 4351 978 4402 et
1011 4353 1205 4418 pacta,
1241 4365 1367 4419 quae
1397 4350 1512 4407 Deo
1545 4351 1832 4421 nobisque
1879 4351 1950 4404 ad
1999 4354 2115 4406 tre-

465 4439 739 4494 mendum
773 4439 896 4508 ejus
928 4438 1210 4505 tribunal,
1240 4441 1488 4496 testibus
1512 4441 1732 4514 angelis
1762 4444 1818 4496 et
1839 4440 2114 4495 fratribus

461 4526 771 4596 universis,
809 4527 961 4598 pacti
993 4527 1155 4592 estis,
1187 4528 1335 4584 bene
1367 4530 1543 4586 habet
1581 4548 1594 4587 :
1627 4546 1814 4602 neque
1854 4530 1969 4585 huc
2019 4535 2117 4584 aut

457 4613 601 4671 illuc
633 4615 1039 4684 respexeritis;
1072 4617 1168 4672 sed
1204 4616 1469 4688 protinus
1510 4619 1755 4690 abrupto
1797 4618 1950 4688 quod
1999 4617 2113 4671 daa-

461 4701 1054 4771 moninjecitvinculo
1072 4705 1286 4776 proprii
1311 4723 1522 4762 sensus
1557 4725 1622 4762 ac
1655 4707 1966 4772 libertatis,
1999 4721 2114 4776 quo

460 4810 562 4848 vos
593 4791 838 4863 decepit,
864 4808 934 4847 ex
960 4795 1229 4850 ccenobio
1260 4812 1366 4850 vox
1388 4799 1722 4863 extrudens,
1744 4805 1796 4853 et
1817 4797 2117 4852 adducens

2291 3451 2404 3506 Οὐκ
2442 3447 2755 3526 ἐϐουλόμην
2800 3453 2928 3526 ὑμῖν
2980 3449 3304 3525 ἐπιστεῖλαι,
3339 3449 3428 3509 διὰ
3455 3454 3516 3510 τὸ
3546 3453 3616 3510 τά
3647 3453 3849 3531 δεύτερα

2226 3542 2523 3616 γράμματα
2579 3543 2731 3615 ὑμῶν
2783 3544 2858 3615 μή
2911 3548 3218 3621 συμφωνεῖν
3269 3550 3378 3607 νοῖς
3419 3549 3750 3624 προτέροις.
3787 3548 3850 3601 Τὰ

2231 3631 2323 3703 μὲν
2378 3633 2616 3707 πρότερα
2673 3629 3001 3706 ἐπαγγελίαν
3062 3631 3210 3707 εἶχον
3264 3635 3530 3708 ταχίστης
3590 3636 3849 3713 μεταγνώ-

2227 3739 2362 3780 σεως
2393 3720 2483 3774 καὶ
2529 3718 2792 3783 ἐλεύσεως
2841 3721 2978 3795 πρὸς
3031 3721 3178 3795 ⁸ᾖμόἱς
3208 3739 3222 3755 ⁸
3255 3724 3322 3778 τὰ
3351 3720 3409 3776 δὲ
3449 3721 3695 3800 δεύτερα,
3739 3724 3848 3779 ἀνά·

2225 3829 2399 3862 νευσιν
2432 3810 2520 3862 καὶ
2553 3808 2892 3885 ἄνατροπήν.
2949 3810 3050 3865 Καὶ
3100 3813 3184 3866 ὅτι
3229 3809 3660 3889 ἐπαιρορμίζεσθε
3702 3818 3846 3869 τοῦτο

2224 3899 2311 3952 καὶ
2346 3898 2516 3952 ἐκεῖνο
2543 3917 2555 3930 ⁸
2589 3898 2676 3952 καὶ
2725 3897 2853 3973 οὐχὶ
2907 3897 3117 3971 μᾶλλον
3150 3897 3202 3953 ἐν
3249 3900 3480 3972 ἂληθείᾳ
3532 3903 3847 3978 ὁμολογεῖτε

2223 3989 2285 4042 τὸ
2341 3991 2583 4060 πταῖσμα
2643 3988 2816 4061 ὑμῶν,
2879 3990 3200 4061 θρηνοῦντες
3260 3992 3347 4045 καί
3399 3991 3846 4067 μεταμελόμενοι,

2225 4075 2305 4154 ἐφ’
2338 4078 2416 4138 οἷς
2472 4080 2653 4138 κακῶς
2702 4076 3057 4151 πεπράχατε·
3116 4077 3184 4133 Εἴ
3232 4077 3322 4132 οῦν
3382 4089 3712 4152 μετανοεῖτε,
3769 4082 3842 4135 καὶ

2224 4160 2365 4219 ἔστιν
2417 4163 2469 4219 ἐν
2524 4166 2649 4239 ὑμῖν
2706 4167 2934 4241 σπινθὴρ
2995 4161 3166 4244 φόϐου
3227 4173 3381 4236 Θεοῦ,
3442 4170 3707 4226 ἀνακαίων
3763 4170 3845 4230 τας

2222 4255 2445 4332 καρδίας
2495 4258 2646 4330 ὑμῶν
2690 4257 2765 4318 εἰς
2821 4255 2882 4319 ἃς
2938 4255 3205 4312 δεδώκατε
3251 4257 3553 4334 ὁμολογίας
3607 4262 3697 4316 καὶ
3743 4282 3847 4316 συν-

2225 4347 2392 4414 θήκας
2419 4349 2534 4417 Θεῷ
2593 4367 2649 4400 τε
2697 4346 2785 4401 καὶ
2838 4347 2996 4418 ἡμῖν,
3048 4344 3136 4400 ἐπὶ
3179 4351 3276 4402 τοῦ
3324 4343 3558 4426 φοϐεροῦ
3613 4353 3845 4427 βήματος

2223 4431 2412 4502 αὐτοῦ,
2458 4431 2560 4487 ὑπὸ
2596 4433 2854 4508 μάρτυσιν
2895 4431 3149 4510 ἀγγέλοις
3199 4434 3291 4490 καὶ
3335 4437 3478 4510 πάσῃ
3523 4437 3593 4512 τῇ
3641 4437 3846 4516 ἀδελφό-

2221 4543 2368 4592 τητι,
2403 4519 2458 4576 εὖ
2489 4522 2548 4577 ἂν
2597 4521 2758 4596 ἔχοι·
2810 4527 2900 4577 καί
2955 4521 3096 4595 μηδὲ
3145 4523 3380 4580 ἐντεῦθεν
3437 4524 3579 4599 μηδέ
3625 4527 3842 4583 ἐντεῦθεν

2223 4607 2630 4686 ἐπιϐλέψησθε·
2663 4611 2810 4668 ἀλλὰ
2857 4613 3139 4686 συντόμως
3189 4611 3570 4691 διαρρήξαντες
3611 4620 3710 4687 τὴν
3752 4617 3844 4671 διπὸ

2221 4707 2318 4756 τοῦ
2346 4699 2606 4775 δαίμονος
2638 4702 2963 4776 συμπλοκὴν
3019 4711 3118 4774 τῆς
3151 4709 3518 4780 προσπαθείας
3570 4708 3722 4781 ὑμῶν
3766 4708 3842 4762 καὶ

2230 4789 2590 4866 ἰδιορυθμίας,
2635 4795 2671 4867 ᾗ
2714 4792 3059 4863 πεπλάνηκεν
3101 4795 3242 4867 ὑμᾶς
3293 4791 3541 4850 ἐκϐαλὼν
3589 4803 3687 4852 τοῦ
3740 4819 3841 4852 κοι-

462 4883 534 4936 ad
568 4881 714 4949 loca,
739 4897 866 4952 quae
890 4883 1171 4938 Dominus
1204 4900 1318 4940 non
1342 4885 1608 4956 respicit.
1645 4887 1769 4950 Quo
1801 4885 1955 4940 enim
2006 4900 2112 4954 pa-

2224 4875 2433 4951 νοϐίου,
2463 4882 2554 4936 καὶ
2583 4881 2856 4956 περιάγων
2899 4884 3034 4956 ὑμᾶς
3085 4883 3160 4945 εἷς
3205 4885 3408 4946 τόπους
3450 4883 3544 4948 οὓς
3597 4885 3693 4941 οὐκ
3738 4886 3843 4940 ἑπι-

463 4976 553 5026 cto
610 4969 882 5041 respiciat
925 4972 996 5026 ad
1049 4977 1384 5028 sanctorum
1449 4975 1636 5042 ipsius
1699 4974 2112 5028 mandatorum

462 5062 821 5116 eversionem
849 5059 876 5112 ?
911 5061 1118 5118 Venite
1148 5064 1218 5117 ad
1251 5079 1379 5131 nos,
1423 5065 1632 5133 venite,
1664 5065 1834 5120 corde
1866 5063 2113 5118 contrito

462 5154 637 5221 atque
661 5149 867 5205 humili
901 5166 1192 5218 sermone,
1228 5155 1293 5206 ut
1314 5152 1602 5208 diversam
1639 5170 1670 5207 a
1692 5152 1937 5223 pristina
1980 5150 2108 5205 vita)

464 5239 746 5294 rationem
779 5238 993 5294 ineatis
1047 5240 1208 5295 Prior
1241 5240 1396 5295 enim
1428 5239 1568 5294 laeva
1607 5240 1737 5307 fuit,
1770 5256 1897 5310 quae
1939 5240 2110 5295 tacita

463 5327 683 5384 sensim
716 5325 1066 5383 relaxatione
1096 5327 1321 5384 ferociae
1360 5335 1567 5383 vestrae
1599 5332 1655 5385 et
1703 5327 2108 5395 contumaciae,

464 5419 534 5473 ad
566 5415 875 5490 apostasiae
917 5415 1230 5486 perniciem
1287 5433 1386 5473 vos
1443 5417 1714 5489 abripuit.
1776 5417 1894 5474 Nos
1950 5434 2105 5484 vero,

461 5508 789 5579 peccatores
842 5503 998 5574 licet,
1031 5506 1289 5575 paternis
1339 5506 1660 5564 visceribus
1708 5524 1810 5564 vos
1862 5507 2106 5580 excipie-

462 5611 615 5666 mus,
638 5593 924 5650 humilem
951 5595 1205 5651 animam
1243 5600 1501 5654 nostram
1527 5598 1596 5655 ad
1639 5602 1883 5656 mortem
1918 5611 2107 5668 usque

462 5686 835 5756 exponentes,
861 5687 922 5741 ut
942 5688 1163 5742 vestras
1186 5690 1244 5742 et
1263 5687 1444 5744 animi
1477 5693 1534 5745 et
1565 5688 1821 5762 corporis
1858 5687 2104 5744 inﬁrmi-

2225 4976 2416 5024 σκοπεῖ
2445 4970 2640 5046 Κύριος
2687 4974 2827 5044 (πῶς
2874 4971 2977 5046 γὰρ
3007 4972 3070 5026 ἃν
3102 4974 3189 5028 καὶ
3243 4972 3585 5049 ἐπισκοπῆσῃ
3620 4975 3702 5029 ἐπ’
3731 4976 3843 5029 ἀθε-

2223 5061 2375 5129 τήσει
2405 5065 2512 5114 τῶν
2543 5061 2706 5135 ἁγίων
2751 5061 2916 5117 αὑτοῦ
2962 5061 3193 5117 ἐντολῶν
3222 5065 3260 5135 ς)
3303 5063 3470 5133 ἧκατε
3499 5066 3633 5137 πρὸς
3686 5067 3840 5137 ἦμᾶς,

2223 5151 2388 5218 ἣκατε
2435 5148 2488 5204 ἐν
2545 5151 2973 5226 συντετριμμένῃ
3018 5149 3216 5226 καρδίᾳ
3271 5153 3360 5207 καὶ
3421 5152 3568 5229 λόγῳ
3625 5173 3842 5208 τετοπει-

2219 5237 2467 5312 νωμένῳ,
2500 5238 2635 5314 πρός
2665 5240 2727 5294 τὸ
2759 5239 2932 5296 ἄλλον
2966 5241 3103 5313 ὑμᾶς
3139 5240 3264 5316 βίον
3313 5238 3671 5298 ἀναλαϐέσθαι
3723 5244 3839 5316 ὑπὲρ

2218 5329 2310 5384 τὸν
2368 5327 2632 5402 πρότερον
2661 5371 2673 5384 .
2734 5334 2793 5383 Ὀ
2843 5329 2945 5406 γὰρ
2994 5329 3258 5404 πρότερος
3304 5332 3487 5394 σκαιὸς
3533 5333 3596 5400 ἦν
3654 5331 3712 5386 ἐκ
3753 5337 3839 5398 τῆς

2220 5417 2357 5473 κατά
2405 5418 2595 5493 μικρὸν
2644 5420 2968 5492 χαυνώσεως
3018 5419 3351 5492 θρασύτητος
3400 5420 3552 5491 ὑμῶν
3584 5421 3669 5474 καὶ
3716 5422 3839 5474 ἀντιο

2221 5505 2442 5584 λογίας,
2479 5509 2768 5583 ὑπαγαγὼν
2823 5510 2962 5581 ὑμᾶς
2996 5508 3141 5582 αὐτῷ
3188 5515 3289 5578 τῆς
3332 5507 3656 5572 ἅποστασίας
3702 5511 3837 5565 πτώ-

2221 5619 2389 5671 μασι.
2436 5598 2533 5651 Καὶ
2590 5600 2752 5671 ἡμεῖς
2811 5596 2904 5652 κᾶν
2962 5597 3282 5673 ἁμαρτωλοί
3343 5599 3525 5672 ἐσμεν,
3582 5598 3703 5654 ἀλλ’
3756 5596 3835 5652 οὑν

2221 5685 2565 5762 σπλάγχνοις
2609 5692 2894 5762 πατρικοῖς
2949 5685 3356 5764 προσδεξόμεθα
3404 5688 3564 5762 ὑμᾶς,
3607 5689 3691 5742 καί
3744 5689 3829 5756 τήν
