4084 6284
257 308 375 368 989

1535 297 2076 361 EPISTOLABUM
2119 296 2269 358 LIB.
2315 295 2363 355 Ι.

3544 297 3662 357 970

258 443 463 497 ἑαυτῶν
504 439 763 506 ταπεινὴν
807 438 992 511 ψυχήν
1049 434 1216 509 μέχρι
1255 432 1483 487 θανάτου
1546 431 1907 500 ὑποτιθέντες,

2052 434 2174 486 ates
2204 429 2541 487 toleremus.
2573 430 2769 502 Neque
2820 431 2975 487 enim
3028 446 3095 486 ex
3144 446 3256 502 quo
3300 429 3448 501 lapsi
3497 432 3661 499 estis,

262 530 341 591 εἷς
386 529 448 583 τὸ
500 523 858 582 ἀναϐαστάσαι
911 525 1061 596 ὑμῶν
1102 525 1168 577 τὰ
1223 523 1570 594 ἀσθενήματα
1617 522 1753 574 κατά
1810 523 1906 593 ψυ-

260 622 372 694 γήν
402 638 459 672 τε
507 617 596 671 καὶ
650 622 828 689 σῶμα.
862 614 937 671 Οὐ
967 615 1066 688 γὰρ
1214 612 1341 666 ὅτου
1374 610 1817 680 ἀπωλισθήσατε,
1853 611 1905 664 ἐν

266 706 567 780 ἀμεριμνίᾳ
615 706 904 781 γεγόναμεν
930 723 942 736 ·
980 704 1160 776 ὥσπερ
1206 699 1330 755 οὐδὲ
1370 701 1454 755 ἐπὶ
1514 704 1620 753 τῶν
1677 698 1859 753 ἄλλων
1893 718 1905 730 ·

267 796 416 852 ἀλλά
468 793 780 867 τηκομένην
830 791 1029 868 ἔχομεν
1090 791 1141 845 ἐν
1217 792 1429 851 ἑαυτοῖς
1486 790 1582 856 τὴν
1648 785 1907 861 καρδίαν·

266 887 355 941 καὶ
406 885 543 957 πρὸς
600 886 693 938 τὸν
751 883 880 938 Θεὸν
939 879 1183 955 α⁹ίροντες
1239 880 1417 956 φωνὴν
1480 881 1636 950 ἡμῶν
1697 877 1912 951 οἰκτρὰν

268 976 358 1031 καὶ
420 970 808 1043 βέϐηλον,’ίνα
864 972 1310 1042 ἀνθυπονοστήσῃ
1396 969 1535 1041 ὑμᾶς
1607 967 1742 1041 πρὸς
1813 969 1910 1036 τὴν

278 1058 509 1135 μάνδραν
573 1061 748 1131 ὑμῶν,
791 1058 1075 1131 ἐμπνεύσει
1124 1059 1398 1134 λογισμοῦ
1468 1055 1772 1127 μετανοίας.
1808 1055 1912 1111 Καὶ

274 1151 467 1225 ἐάνπερ
499 1150 673 1210 οὕτως
717 1150 989 1223 πράξοιτε,
1026 1148 1368 1221 θεραπεύοιτε
1434 1144 1597 1200 πάλιν
1647 1145 1737 1199 τὸν
1790 1145 1917 1199 Θεὸν

2018 519 2144 575 sine
2173 537 2311 574 cura
2344 519 2562 574 fuimus
2592 524 2648 575 et
2669 519 3066 576 sollicitudine
3086 522 3153 576 de
3175 520 3356 588 vobis,
3382 520 3534 576 sicut
3560 537 3664 576 nec

2019 610 2087 663 de
2116 608 2261 665 aliis.
2297 608 2444 673 Quin
2474 610 2733 664 extabuit
2762 609 2819 664 in
2848 610 3017 664 nobis
3050 626 3147 664 cor
3176 614 3463 675 nostrum,
3494 610 3665 666 mise-

2022 713 2267 768 ramque
2300 714 2363 753 ac
2396 698 2700 769 profanam
2724 714 2920 753 vocem
2943 703 3202 753 nostram
3229 699 3295 752 ad
3323 699 3667 755 Deumtolli-

2027 803 2176 853 mus,
2211 791 2273 840 ut
2304 788 2370 840 ad
2396 788 2698 841 mandram
2757 793 3009 843 vestram
3063 805 3161 843 vos
3218 797 3462 857 revocet,
3521 804 3667 844 con-

2026 874 2221 930 silium
2252 875 2545 944 inspirans
2598 876 2967 945 pmnitenlie.
3010 878 3167 941 Quod
3231 877 3331 930 ubi
3394 877 3667 944 feceritis,

2026 965 2206 1019 Deum
2239 963 2442 1018 iterum
2479 969 2653 1019 etnos
2680 972 3006 1035 peccatores
3030 965 3355 1037 placabitis.
3374 967 3494 1021 Non
3512 966 3673 1022 enim

2029 1055 2233 1125 quaerit
2257 1060 2502 1110 mortem
2537 1056 2871 1126 peccatoris,
2915 1056 3015 1110 sed
3078 1060 3142 1111 ut
3199 1062 3584 1125 convertatur,
3618 1060 3675 1113 et

2030 1143 2202 1198 vivat.

271 1241 361 1297 καὶ
417 1243 565 1314 ἡμᾶς
622 1238 752 1301 τοὺς
816 1236 1197 1313 ἁμαρτωλούς.
1258 1237 1329 1291 Οὐ
1389 1236 1491 1312 γὰρ
1567 1240 1718 1305 ζητεῖ
1789 1236 1881 1289 τὸν
1963 1233 2187 1287 Θάνατον
2243 1237 2340 1285 τοῦ
2400 1230 2753 1306 ἀμαρτωλοῦ,
2811 1232 2886 1296 ὡς
2936 1234 2999 1288 τὸ
3060 1233 3371 1311 ἐπιστρέψαι
3429 1237 3520 1289 καὶ
3582 1238 3675 1307 ζῇν

272 1331 453 1387 αὐτόν.

350 1418 737 1490 Ἐπιστρὲψατε
784 1415 900 1482 οὖν,
962 1415 1335 1489 ἐπιστρέψατε,
1395 1415 1520 1487 πρὶν
1594 1412 1745 1491 ἄφνω
1804 1413 1923 1467 ἐπι-

282 1514 380 1582 στῇ
438 1510 563 1581 ὑμῖν
625 1507 874 1581 ὄλεθρος,
905 1506 1085 1568 καθὼς
1131 1510 1211 1577 τῷ
1264 1506 1589 1579 Πετρωνίῳ*
1624 1504 1710 1558 καὶ
1771 1504 1922 1575 εὑρε-

277 1602 408 1667 θῆτε
459 1598 587 1653 κενά
614 1598 703 1651 καὶ
743 1597 978 1665 ἀνόνητα
1016 1594 1469 1668 μεταμελόμενοι,
1503 1595 1592 1649 ὅτε
1644 1601 1743 1661 τῆς
1798 1613 1923 1663 μετ-

281 1689 541 1761 αμελείας
601 1684 788 1761 κὲρόος
846 1682 1019 1741 οὐδέν.
1078 1689 1191 1739 Ποῦ
1242 1683 1420 1738 τοίνυν
1476 1684 1604 1738 εἰσὶν
1656 1684 1705 1736 oi
1764 1681 1924 1756 λόγοι

2107 1412 2481 1469 Revertimini
2500 1430 2657 1485 ergo,
2683 1414 3058 1483 revertimini,
3079 1416 3420 1487 priusquam
3443 1421 3680 1488 repente

2034 1504 2407 1575 superveniat
2466 1505 2628 1560 vobis
2685 1506 2975 1574 interitus,
3035 1506 3187 1561 sicut
3256 1508 3564 1574 Petronio;
3624 1514 3681 1564 et

2032 1594 2328 1649 incassum
2352 1600 2407 1649 et
2428 1595 2555 1650 sine
2588 1594 2777 1650 fructu
2813 1596 3005 1652 dolere
3025 1613 3126 1651 vos
3140 1597 3677 1668 sentiatis,quando

2036 1683 2384 1754 pmnitentize
2439 1683 2670 1739 lucrum
2723 1684 2951 1740 nullum
3006 1685 3132 1741 erit.
3187 1688 3295 1740 Ubi
3352 1703 3483 1742 vero
3534 1692 3671 1743 sunt

283 1800 399 1848 σου,
455 1777 732 1851 Πινούφιε,
795 1776 883 1829 καὶ
937 1777 1053 1845 σοῦ,
1108 1774 1265 1848 Μάρη
1299 1793 1313 1841 ;
1351 1774 1651 1847 μαρτυρίου
1709 1772 1922 1844 ἀγῶνας

2050 1773 2324 1843 promissa
2382 1778 2504 1840 tua,
2556 1773 2920 1842 Pinuphi,et
2958 1781 3077 1843 tua,
3134 1775 3364 1830 Mares?
3417 1776 3680 1848 martyrii

282 1867 649 1940 ὑποδέχεσθαι
699 1863 787 1918 διὰ
842 1865 942 1932 τήν
1002 1862 1320 1919 ταπείνωσιν
1376 1865 1537 1935 ἡμῶν
1597 1863 1919 1935 προεθυμεῖ-

282 1960 405 2012 σθε’
446 1954 657 2028 μᾶλλον
700 1952 757 2009 δὲ
806 1952 893 2009 διὰ
937 1955 1035 2023 τὴν
1086 1954 1359 2027 σωτηρίαν
1402 1955 1501 2021 τὴν
1532 1954 1600 2004 δι’
1635 1952 1876 2017 ὑπακοῆς
1905 1968 1921 1985 ο

279 2050 370 2105 καὶ
414 2052 575 2104 τοῦτο
624 2044 935 2107 πολλάκις·
984 2044 1074 2100 καὶ
1124 2046 1292 2117 μικρά
1339 2065 1420 2103 τις
1482 2042 1621 2117 αὖρα
1671 2041 1921 2102 ἐλθοῦσα,

276 2138 549 2214 ἐῤῥίπισεν
602 2136 751 2208 ὑμῶν
805 2138 868 2207 Π,
902 2135 1082 2207 ὑμᾶς],
1117 2134 1189 2194 ὡς
1221 2132 1283 2186 ἄν
1332 2146 1449 2186 τινα
1503 2133 1728 2203 ἀνέμην.
1765 2133 1926 2187 Ἀνα-

280 2232 512 2302 νήψατε,
566 2220 897 2299 ἐπιϐλέψατε
966 2223 1041 2285 εἰς
1093 2223 1245 2291 Θεὸν,
1309 2218 1588 2300 φοϐήθητε
1645 2221 1750 2275 ἀπὸ
1817 2225 1923 2273 «cam

279 2318 561 2393 χριμάτων
618 2314 805 2379 αὐτοῦ,
855 2314 945 2367 καὶ
1002 2312 1049 2381 ἐξ
1111 2311 1185 2365 ὧν
1246 2310 1625 2364 συνεπίστασθε
1682 2310 1925 2384 πράξεων

285 2409 459 2478 ὐμῶν
482 2408 565 2459 ὅτι
614 2403 667 2458 ἓν
728 2401 958 2462 ἐκείναις
1023 2402 1188 2472 μόνον
1222 2399 1320 2454 οὐκ
1348 2399 1571 2472 ἀρκετὸς
1606 2399 1732 2472 ὑμῖν
1763 2404 1865 2460 πᾶς
1900 2399 1926 2451 ὁ

288 2492 408 2565 βίος
460 2489 534 2552 εἰς
586 2486 892 2561 μετάνοιαν.
926 2486 983 2540 Τί
1040 2485 1235 2540 λοιπὸν
1297 2486 1609 2559 προσθήκας
1675 2486 1929 2558 ἁμαρτη-

292 2580 475 2651 μάτων
516 2579 867 2652 προστίθεσθε
918 2575 1005 2629 ἐπὶ
1058 2576 1415 2649 ἁμαρτήμασι
1448 2572 1753 2646 χαλεποῖς;
1786 2574 1928 2647 Πρὸς

290 2666 347 2723 δὲ
393 2668 453 2723 τὸ
499 2670 701 2742 γρᾶψαι
742 2668 890 2738 ἡμᾶς
945 2665 1021 2725 εἷς
1051 2664 1142 2725 οὓς
1176 2663 1449 2738 εἰρήκατε,
1483 2662 1731 2735 ἀσμένως
1762 2682 1930 2737 προσ-

292 2758 575 2833 δεχθέντες
632 2757 723 2809 καὶ
781 2752 1227 2829 ξενοδοχοόμενοι
1278 2753 1364 2807 ὑπ’
1397 2754 1599 2815 αὐτῶν,
1632 2757 1791 2807 τοῦτο
1836 2754 1929 2824 μὲν

295 2848 356 2902 οὐ
405 2849 701 2919 *ποιοῦμεν
738 2844 799 2898 οὐ
848 2845 947 2918 γὰρ
997 2842 1047 2912 ἐξ
1098 2846 1256 2915 ἡμῶν
1307 2840 1558 2911 ἐξήλθετε
1624 2839 1715 2896 διὰ
1762 2841 1929 2913 λόγον

302 2940 565 3004 ὑπακοῆς,
593 2933 686 2988 ’ίνα
731 2933 999 3007 κρίνωμεν
1046 2932 1225 3002 ἀξίους
1278 2930 1579 3005 ὑποδοχῆς.
1614 2931 1933 2988 Τούναντίον

294 3024 352 3080 δὲ
396 3024 904 3099 καταλογιζόμενοι,
952 3021 1244 3095 ὁριζόμεθα
1296 3021 1422 3092 ὑμῖν
1477 3020 1667 3082 οὕτως.
1701 3021 1821 3100 ’Λφ’
1866 3026 1932 3091 ἧς

292 3114 383 3171 οὖν
435 3118 643 3187 ἡμέρας
695 3111 900 3183 δέξεσθε
946 3111 1013 3166 τά
1060 3112 1380 3187 γράμματα,
1424 3109 1788 3180 ἀποκινήσατε
1834 3133 1928 3167 κα-

285 3201 618 3265 ταλαϐόντες
649 3205 715 3259 τὰ
764 3201 1003 3260 ἐνταῦθα.
1032 3202 1092 3257 Εἴ
1141 3199 1198 3255 δὲ
1246 3201 1586 3264 ἀπειθοῦντες
1620 3200 1930 3273 ἐπιμένητε,

294 3295 431 3370 ὅπερ
474 3297 549 3368 μὴ
606 3291 721 3365 δῴη
770 3294 797 3347 ὁ
844 3294 990 3361 Θεὸς,
1024 3292 1052 3345 ’ὸ
1084 3291 1420 3367 ἀπεύχομαι,
1453 3291 1569 3346 ἐστὲ
1622 3292 1935 3361 ἀκοινώνη-

291 3408 403 3454 τοι,
454 3382 903 3456 κατακεκριμένοι
960 3402 1017 3436 τε
1075 3382 1161 3436 καὶ
1229 3378 1736 3454 καταδενικασμένοι
1794 3382 1937 3456 παρά

296 3474 532 3546 ἀληθείᾳ
562 3471 883 3545 δικαζοόσῃ,
923 3470 1309 3546 νενεκρωμένοι
1359 3492 1415 3525 τε
1464 3475 1563 3540 τήν
1613 3474 1818 3549 ψυχὴν,
1850 3473 1938 3526 καὶ

296 3564 651 3639 ἐστερημένοι
729 3565 826 3617 τοῦ
900 3562 1227 3633 πνεύματος,
1285 3562 1461 3620 καθὼς
1523 3563 1549 3614 ὁ
1606 3561 1773 3636 μέγας
1851 3564 1940 3617 καὶ

296 3656 444 3715 θεῖος
478 3651 760 3714 Βασίλειος
798 3650 1129 3727 ἀπεφήνατο·
1160 3648 1288 3704 ἀλλ’
1310 3646 1431 3703 οὔτε
1462 3650 1513 3703 οἱ
1548 3647 1941 3725 ὑποδεχόμενοι

300 3744 469 3815 ὑμᾶς,
514 3740 615 3811 ἔξω
674 3739 1037 3813 κατακρίσεως
1095 3737 1250 3809 εἰσιν,
1311 3740 1382 3800 ὡς
1446 3740 1521 3811 μὴ
1588 3740 1713 3801 τοὺς
1772 3740 1949 3801 θείους

298 3832 532 3893 κανόνας
565 3829 948 3909 φυλάττοντες,

544 3922 665 3976 KA'.
696 3952 767 3962 ——
799 3917 1024 3991 Συμεὼν
1064 3917 1351 3990 μονάζοντι
1383 3920 1514 3991 (19).
1550 3917 1704 3992 [λδ’.]

2033 1862 2351 1918 certamina
2374 1862 2519 1917 inire
2537 1862 2860 1933 gistiebatis
2892 1868 3128 1935 propter
3158 1866 3503 1921 tenuitatem
3568 1882 3679 1922 no-

2034 1957 2236 2017 stram,
2270 1951 2354 2006 vel
2384 1952 2576 2020 potius
2605 1957 2843 2023 propter
2895 1953 3137 2009 salutem
3196 1971 3323 2025 quae
3378 1971 3479 2026 per
3536 1955 3679 2012 obe—

2036 2040 2314 2097 dientiam
2348 2040 2698 2112 requiritur:
2743 2040 2919 2113 idque
2970 2043 3347 2114 frequenter:
3403 2048 3461 2099 et
3507 2061 3681 2115 parva

2037 2130 2301 2200 quaedam
2327 2146 2469 2184 aura
2509 2146 2627 2195 vos,
2658 2130 2815 2185 velut
2844 2131 3141 2203 stipulam,
3173 2133 3544 2188 disturbavit.
3568 2135 3680 2189 Ex-

2038 2217 2456 2289 pergiscimini,
2496 2218 2678 2273 Deum
2714 2220 3001 2289 respicite,
3044 2220 3270 2290 judicia
3328 2223 3449 2293 ejus
3501 2223 3677 2294 perti-

2041 2307 2297 2374 mescite,
2329 2307 2419 2361 vel
2450 2324 2517 2362 ex
2544 2310 2745 2364 vestris
2775 2309 3107 2365 actionibus
3150 2327 3398 2381 quarum
3457 2312 3676 2367 conscii

2040 2396 2199 2458 estis,
2234 2398 2383 2465 quod
2420 2398 2491 2451 ob
2524 2412 2623 2451 eas
2651 2397 2807 2453 solas
2842 2402 2962 2453 tota
2981 2398 3096 2454 vita
3142 2415 3258 2455 non
3304 2399 3555 2455 sufﬁciat
3609 2400 3679 2454 ad

2040 2486 2463 2557 pcenitentiam.
2499 2486 2647 2549 Quid
2683 2487 2755 2542 de
2785 2492 2991 2543 caetero
3013 2489 3413 2544 additamenta
3470 2505 3680 2560 pecca-

2040 2582 2230 2632 torum
2262 2574 2538 2646 gravibus
2570 2576 2823 2646 peccatis
2856 2577 3147 2647 adjecistis
3168 2578 3195 2633 ?
3226 2576 3300 2633 Ut
3328 2594 3461 2634 vero
3492 2580 3565 2635 ad
3586 2595 3683 2636 eos

2042 2665 2388 2732 scribamus,
2421 2681 2568 2735 quos
2617 2665 3008 2734 signiﬁcastis,
3070 2669 3222 2738 quod
3276 2667 3525 2739 benigne
3582 2684 3684 2723 vos

2043 2754 2381 2825 receperint,
2415 2759 2480 2809 ut
2522 2754 2770 2825 hospitio
2798 2756 3131 2825 invitarint;
3174 2757 3229 2812 id
3282 2757 3518 2829 quidem
3578 2757 3689 2812 mi-

2044 2845 2200 2901 nime
2222 2844 2467 2899 fecimus
2492 2858 2505 2896 :
2532 2845 2670 2914 quia
2691 2860 2759 2900 ex
2784 2845 3120 2900 obedientiae
3149 2851 3293 2901 nutu
3320 2864 3352 2902 a
3376 2846 3542 2903 nobis
3568 2863 3681 2901 non

2044 2933 2292 3002 exiistis,
2325 2938 2385 2987 ut
2415 2932 2671 3003 hospitio
2720 2935 2929 3005 dignos
2971 2934 3327 3004 judicemus,
3389 2936 3488 2991 sed
3540 2952 3683 2990 cou-

2048 3024 2288 3081 trarium
2322 3040 2558 3094 prorsus
2607 3024 2935 3088 sentientes,
2998 3026 3078 3081 ita
3133 3026 3298 3080 vobis
3355 3027 3678 3082 edicimus:

2045 3131 2160 3185 quo
2195 3129 2261 3168 ex
2284 3114 2375 3168 die
2405 3112 2628 3168 litteras
2654 3114 3013 3182 acceperitis,
3044 3115 3155 3170 huc
3186 3114 3374 3170 redire
3395 3116 3678 3171 festinate.

2047 3204 2206 3267 Quod
2242 3202 2290 3258 si
2325 3207 2697 3258 contumaces
2739 3204 3126 3274 perstiteritis,
3167 3205 3322 3274 quod
3382 3221 3496 3259 non
3556 3222 3683 3274 per-

2049 3294 2238 3346 mittat
2270 3296 2435 3360 Deus,
2459 3292 2611 3363 quod
2644 3309 2934 3359 exsecror,
2958 3293 3448 3349 excommunicati
3474 3299 3685 3361 estote,

2049 3380 2295 3436 convicti
2327 3391 2381 3436 et
2436 3382 2805 3435 condemnati
2847 3381 3072 3451 judicio
3128 3382 3411 3449 veritatis,
3471 3375 3687 3439 mortui

2052 3470 2265 3537 anima,
2289 3478 2339 3525 et
2365 3470 2571 3540 spiritu
2606 3471 2815 3540 orbati,
2840 3473 3324 3542 quemadmodum
3358 3490 3606 3542 magnus
3623 3490 3689 3528 ac

2054 3560 2286 3615 divinus
2319 3559 2566 3615 Basilius
2609 3562 3003 3631 pronuntiavit
3035 3579 3048 3617 :
3082 3563 3183 3617 sed
3218 3578 3405 3634 neque
3433 3564 3549 3633 {qui
3591 3580 3691 3619 vos

2055 3650 2381 3722 exceperint
2436 3656 2597 3707 extra
2640 3654 3183 3709 condemnationem
3242 3660 3401 3722 sunt,
3465 3658 3529 3710 ut
3593 3655 3695 3726 qui

2057 3742 2281 3797 divinos
2312 3758 2565 3798 canones
2596 3758 2710 3798 non
2747 3744 3072 3799 observent.

2508 3923 2659 3980 XXI.
2692 3924 2936 3980 Simeom'
2955 3925 3245 3980 monacho.

1320 4018 1394 4067 De
1422 4019 1675 4081 Josepho.
1709 4020 1952 4082 deposito
1981 4022 2197 4085 (Baron.
2233 4036 2318 4071 an.
2351 4021 2461 4081 808,
2494 4036 2547 4072 n.
2582 4022 2678 4085 14.)

380 4104 681 4177 ’¹Εγνωμεν,
740 4100 785 4153 ὦ
843 4100 1042 4173 Πάτερ,
1092 4097 1181 4152 καὶ
1242 4096 1330 4152 διὰ
1376 4103 1481 4151 τῶν
1536 4096 1949 4173 προλαϐόντων,

302 4193 431 4251 οἷος
460 4190 549 4245 καὶ
582 4189 778 4258 ἡλίκος
812 4186 1041 4264 γέγονας
1071 4208 1207 4261 προς
1259 4188 1357 4254 τήν
1388 4188 1711 4241 ταπείνωσιν
1746 4192 1904 4261 ἡμῶν
1934 4209 1947 4221 ⁸

302 4282 363 4337 ἐν
413 4286 541 4334 πᾶσι
599 4284 713 4339 τοῖς
772 4272 1146 4349 συμϐεϐηκόσι
1190 4271 1469 4347 θλιϐεροῖς
1529 4275 1810 4349 ὁμαλίζων
1860 4282 1946 4334 καὶ

306 4371 594 4427 διευθετῶν
654 4370 828 4424 πάντα
878 4368 1013 4441 πρὸς
1062 4368 1124 4421 τὸ
1176 4365 1474 4429 λυσιτελὲς.
1508 4372 1688 4441 Ἵσμεν
1748 4369 1805 4424 δὲ
1861 4371 1948 4424 καὶ

303 4467 401 4516 νῦν
448 4458 747 4534 περίλυπόν
809 4478 864 4511 σε
923 4455 1011 4511 διὰ
1067 4464 1168 4526 τῆς
1229 4456 1553 4532 ἐπαγγελίας
1582 4464 1679 4513 τοῦ
1710 4458 1950 4535 ἀδελφοῦ

2136 4105 2204 4159 Et
2225 4114 2393 4159 antea
2408 4106 3028 4175 perspeximus,Pater,
3054 4106 3190 4176 quis
3205 4104 3510 4178 qualisque
3528 4105 3706 4162 fueris

2061 4209 2197 4260 erga
2228 4193 2619 4249 humilitatem
2646 4200 2907 4251 nostram
2933 4195 2988 4249 in
3014 4197 3287 4250 omnibus
3310 4196 3562 4250 adversis
3578 4211 3706 4266 quis

2061 4283 2232 4337 nobis
2263 4282 2621 4350 acciderunt,
2652 4300 2783 4338 cum
2818 4284 2996 4338 lenire
3027 4301 3085 4339 ea
3109 4285 3396 4353 studeres,
3428 4292 3481 4338 et
3511 4285 3710 4340 omnia

2061 4372 2307 4442 dirigere
2330 4372 2388 4426 in
2415 4380 2668 4427 nostram
2694 4374 3020 4429 utilitatem.
3055 4375 3124 4428 Et
3145 4390 3301 4428 nunc
3333 4374 3709 4429 vehementer

2063 4462 2376 4517 sollicitum
2402 4467 2457 4518 te
2486 4479 2613 4517 esse
2645 4465 2864 4519 scimus
2894 4465 2967 4520 ob
3002 4466 3195 4520 fratris
3221 4466 3276 4518 in
3325 4482 3383 4520 re
3442 4465 3710 4535 praesnti

304 4552 635 4627 γεγενῆσθαι
689 4546 742 4601 ἐν
790 4552 909 4610 τοῖς
951 4546 1399 4619 παρισταμένοις.
1448 4546 1623 4603 Ἀλλά
1678 4548 1728 4602 τί
1779 4549 1932 4603 πάθω

2072 4553 2513 4623 professionem.
2547 4554 2757 4609 Verum
2809 4556 2942 4625 quid
3006 4556 3313 4621 faciamus,
3364 4572 3494 4610 cum
3524 4559 3712 4611 exstet

312 4658 452 4715 μεν;
486 4640 567 4693 ὅτι
603 4636 795 4705 ἐντολὴ
846 4640 979 4691 Θεοῦ
1023 4636 1329 4709 πρόκειται,
1362 4637 1452 4692 καὶ
1493 4636 1710 4696 κανόνες
1763 4645 1965 4711 Πατρι-

308 4729 402 4786 κοί
453 4727 799 4801 ἀπείργοντες
855 4727 1005 4797 ἡμᾶς
1064 4725 1123 4779 ἐκ
1180 4728 1276 4789 τῆς
1334 4726 1596 4795 τοιαύτης
1653 4728 1958 4788 κοινωνίας.

308 4816 443 4873 Ὧδε
474 4816 530 4871 δὲ
561 4818 753 4892 φθάσοι
784 4817 819 4883 ἡ
849 4819 1045 4888 ταχεῖα
1078 4815 1218 4887 ῥοπή
1272 4836 1389 4882 σου,
1427 4814 1517 4867 καὶ
1574 4817 1608 4883 ἡ
1659 4815 1960 4890 εἰλικρινής

310 4930 411 4964 σου
444 4907 577 4980 πρὸς
605 4905 699 4960 τὸν
732 4904 859 4959 Θεὸν
890 4905 977 4957 καὶ
1004 4906 1150 4975 ἡμᾶς
1196 4902 1324 4964 τοὺς
1357 4904 1717 4977 ἁμαρτωλοὺς
1753 4906 1958 4980 σχέσις.

308 5000 412 5055 ⁸Ἰν’
471 4994 651 5069 ὥσπερ
707 4996 824 5048 τινὰ
885 4993 1173 5068 τρικυμίαν
1235 4993 1561 5069 μεταγάγοις
1622 4995 1711 5048 τὸν
1773 5016 1961 5069 πειρα-

310 5088 475 5161 σμὸν,
534 5085 623 5138 καὶ
679 5081 1021 5159 γαληνιάσης
1072 5082 1170 5149 τὴν
1241 5083 1489 5158 ταραχὴν
1561 5086 1668 5137 τῶν
1726 5078 1957 5138 εὐσεϐῶν

386 5233 440 5269 ⁵³
470 5232 669 5289 Ezech.
704 5249 901 5299 xxxm,
940 5233 1023 5287 11.

2080 4643 2172 4696 Dei
2207 4644 2565 4708 mandatum,
2601 4649 2656 4697 et
2689 4645 2920 4699 Patrum
2948 4661 3198 4700 canones
3232 4650 3496 4700 arcentes
3528 4662 3632 4699 nos
3680 4663 3714 4700 a

2074 4731 2173 4785 tali
2205 4732 2659 4786 communione?
2687 4735 2805 4788 Huc
2825 4735 2982 4788 adsit
3012 4737 3175 4789 velox
3217 4737 3524 4803 propensio
3567 4744 3662 4790 tua
3695 4753 3711 4801 ;

2072 4821 2451 4890 sincerusque
2480 4838 2615 4891 erga
2650 4820 2833 4877 Deum
2866 4828 2923 4877 et
2944 4840 3049 4878 nos
3075 4829 3405 4894 peccatores
3438 4823 3711 4892 affectus;

2074 4914 2135 4963 ut
2164 4915 2444 4981 tanquam
2504 4912 2892 4966 decumanum
2950 4913 3260 4982 quemdam
3322 4913 3562 4967 ﬂuctum
3623 4928 3716 4968 re-

2073 5015 2310 5054 moveas
2342 5001 2747 5071 tentationem,
2812 5001 3275 5073 tranquillaeque
3333 5002 3711 5071 agitationem

2075 5088 2303 5160 piorum
2322 5090 2696 5146 dominorum
2719 5097 3076 5147 nostrorum.
3114 5092 3236 5149 Non
3259 5092 3413 5147 enim
3436 5092 3717 5148 adversus

1911 5330 2137 5387 NOT/E.

390 5474 779 5551 (19)A2'Jt1$ti)‘l.
924 5470 1544 5551 multiplicisirneone
1602 5471 1830 5551 studita
1881 5472 1969 5525 vi-

317 5542 765 5606 desis'Leonem
800 5546 1083 5600 Allatium
1104 5542 1166 5598 in
1204 5542 1457 5597 Diatriba
1502 5542 1570 5597 de
1627 5544 1965 5598 Simeonnm

313 5621 567 5693 scriptis,
609 5634 739 5691 pag.
764 5618 851 5672 23.
895 5617 975 5672 De
1005 5616 1272 5671 Simeone
1304 5630 1474 5685 porro
1508 5630 1711 5671 manac
1732 5615 1830 5684 ho,
1871 5615 1966 5674 Ni-

644 5717 906 5779 Paraon.
954 5715 1059 5777 Gn.
1094 5712 1306 5779 XCIX.

2082 5474 2319 5543 cepgori
2354 5475 2718 5545 imperatoris
2750 5478 3206 5545 consanguineo,
3244 5493 3434 5531 sermo
3478 5484 3563 5530 est
3608 5492 3721 5529 non

2081 5561 2195 5617 uno
2229 5547 2285 5599 in
2320 5546 2442 5601 loco
2475 5548 2623 5615 apud
2657 5547 3086 5617 Theophanem.
3113 5548 3333 5616 Scripta
3366 5557 3557 5602 autem
3582 5553 3720 5601 csta

2077 5616 2369 5674 Theodoro
2401 5617 2523 5675 haec
2539 5619 2781 5689 epistola
2808 5620 3038 5675 nomine
3068 5619 3350 5674 Platonis.

3324 5718 3395 5778 31
