4084 6284
461 308 576 368 971

1707 303 1772 364 S.
1819 295 2224 362 THEODORI
2265 293 2626 358 STUDITE

3713 301 3809 361 97!

459 440 592 497 illos
613 439 784 496 nobis
805 454 992 496 sermo
1012 442 1103 495 est
1121 439 1312 494 vitata
1339 435 1788 502 communionis,
1803 450 1907 490 nec
1929 448 2088 490 causa

2216 431 2378 500 ἡμῶν
2411 426 2706 488 δεσποτῶν.
2741 433 2820 488 Οὐ
2873 431 2978 509 γὰρ
3014 434 3149 508 πρὸς
3181 432 3381 495 αὐτοὺς
3427 436 3561 508 ἡμῖν
3608 435 3634 488 ὃ
3673 431 3810 508 λόγος

464 530 872 588 controversiae
915 545 927 584 :
962 530 1103 600 quin
1131 529 1325 600 potius
1356 528 1566 596 honor,
1602 527 1914 592 veneratio,
1954 540 2112 579 amor

468 629 522 679 et
554 634 920 693 congressus,
956 623 1126 689 prout
1156 634 1243 673 res
1275 617 1492 688 exigit:
1527 617 1620 672 sed
1647 617 1920 670 adversus
1941 613 2106 668 illum

462 712 562 784 qui
595 715 797 782 prater
821 709 921 778 jus
956 709 1160 778 fasque
1191 723 1363 762 omne
1385 706 1754 762 manifestum
1778 721 1846 759 ex
1874 704 2106 758 Domini

457 799 754 857 sententia
785 797 1115 853 adulterum
1145 797 1467 852 coronavit:
1504 795 1605 867 qui
1637 810 1814 849 ausus
1836 802 1924 848 est
1959 795 2105 847 tanti

474 887 711 945 sceleris
737 887 968 957 adjutor
999 894 1052 940 et
1109 892 1362 940 assertor
1408 884 1533 939 ﬁeri
1584 899 1775 939 coram
1837 882 2105 936 universo

465 978 684 1033 mundo
723 994 737 1032 :
776 991 947 1046 quem
981 974 1245 1030 Christus
1274 973 1396 1044 ipse
1427 974 1698 1044 deposuit
1720 973 1969 1027 duorum
2001 987 2104 1026 ca-

463 1081 677 1123 nonum
711 1080 899 1133 reum,
932 1068 995 1118 ut
1024 1061 1168 1117 alios
1199 1061 1498 1118 omittam:
1534 1061 1706 1115 unius
1737 1059 1970 1130 quidem
2005 1060 2104 1128 qui

463 1171 569 1211 nec
599 1153 823 1224 epulari
866 1153 1268 1225 presbyterum
1319 1151 1377 1204 in
1436 1148 1654 1221 bigami
1703 1147 1922 1218 nuptiis
1977 1163 2102 1216 per-

465 1243 646 1300 mittit
675 1243 720 1278 "
767 1240 1036 1313 (adulteri
1095 1239 1249 1296 enim
1307 1239 1558 1294 scribere
1616 1253 1728 1293 non
1781 1253 1960 1291 ausus
2017 1241 2105 1291 est

465 1335 696 1401 canon),
728 1341 942 1405 quanto
1003 1331 1199 1386 minus
1247 1329 1578 1386 coronare?
1646 1327 1882 1382 alterius
1948 1343 2098 1395 vero,

466 1423 746 1496 quoniam
783 1421 884 1494 qui
942 1423 999 1476 in
1061 1421 1281 1476 crimen
1337 1417 1568 1488 aliquod
1628 1416 1827 1487 lapsus
1894 1417 1991 1480 sit,
2039 1433 2103 1470 ac

463 1517 768 1586 prepterea
798 1509 1360 1576 excommunicatus,
1392 1508 1504 1562 nisi
1539 1507 1688 1561 intra
1721 1522 1941 1560 annum
2002 1522 2104 1574 pro

464 1599 936 1658 reconciliatione
979 1615 1084 1654 sua
1116 1601 1350 1669 pugnet,
1393 1596 1650 1667 amplius
1700 1595 1924 1649 admitti
1976 1597 2103 1664 ejus

468 1705 661 1747 vocem
715 1705 827 1744 non
876 1687 1008 1743 licet
1055 1686 1122 1740 5‘.
1183 1687 1284 1741 Hic
1339 1702 1474 1740 vero
1531 1684 1628 1753 qui
1672 1700 1873 1739 nevem
1920 1701 2102 1740 annos

464 1783 809 1839 excesserat,
869 1775 1078 1832 insiliit
1134 1776 1190 1830 in
1250 1774 1588 1830 Ecclesiam.
1650 1774 1710 1828 Si
1758 1773 1938 1844 igitur
2014 1775 2102 1828 hic

462 1870 762 1931 innocens,
807 1866 994 1922 multo
1027 1865 1211 1938 magis
1237 1864 1466 1919 adulter
1495 1863 1620 1933 ipse
1649 1881 1662 1929 ;
1697 1863 1744 1917 si
1783 1878 1916 1918 vero
1969 1879 2100 1918 reus

463 1958 573 2013 iste
603 1956 844 2028 peccati,
879 1957 1012 2027 quis
1041 1956 1110 2009 de
1143 1970 1208 2008 eo
1231 1954 1511 2024 ambigat,
1547 1953 1645 2022 qui
1680 1951 2004 2020 conjunxit,
2047 1957 2103 2006 et

466 2048 524 2102 in
544 2046 820 2119 Spiritum
855 2049 1117 2099 sanctum
1153 2041 1598 2112 blasphemavit,
1641 2042 1782 2111 quin
1822 2041 2103 2111 impurior

463 2137 539 2192 sit
566 2141 622 2191 et
653 2131 1047 2190 detestabilior
1074 2132 1102 2187 ?

535 2399 665 2454 Hec
695 2400 854 2464 sunt,
877 2397 1043 2452 Pater
1069 2400 1283 2462 sancte,
1307 2412 1446 2467 quae
1467 2412 1565 2450 cor
1584 2400 1849 2450 nostrum
1873 2404 2101 2451 contra-

466 2489 630 2554 hunt,
665 2492 722 2542 et
751 2488 1020 2542 timorem
1055 2485 1365 2540 incutiunt.
1398 2485 1558 2540 Hanc
1578 2486 1650 2539 ob
1682 2501 1918 2538 causam
1941 2487 2095 2554 quod

461 2592 596 2631 cum
626 2575 736 2630 isto
767 2592 880 2630 non
915 2575 1425 2637 communicarem,
1452 2590 1555 2628 nec
1586 2589 1716 2627 cum
1745 2574 2100 2641 praecedente

463 2664 815 2736 patriarcha,
849 2664 947 2734 qui
977 2662 1240 2718 adultero
1261 2663 1734 2717 communionem
1759 2662 1935 2717 dabat
1966 2679 1978 2716 :
2009 2663 2100 2717 in-

461 2753 610 2810 clusi
646 2754 884 2820 fuimus,
915 2769 1020 2824 ego
1051 2752 1364 2822 quidemin
1397 2768 1463 2806 eo
1507 2751 1601 2805 ubi
1653 2751 1870 2806 resides
1931 2751 2095 2819 loco;

461 2843 807 2914 praepositus
834 2848 1028 2896 autem
1053 2839 1811 2911 etreliquiThessalonicam
1841 2840 2094 2911 relegati.

464 2932 572 2988 Sed
607 2933 796 2986 denuo
837 2931 1205 2999 congregavit
1252 2946 1356 2984 nos
1402 2929 1554 2984 Deus
1614 2931 1878 2999 precibus
1927 2932 2092 2985 tuis:

457 3037 522 3077 ac
543 3036 612 3075 ne
629 3021 712 3076 sic
730 3021 962 3091 quidem
979 3026 1196 3074 temere
1209 3035 1317 3073 nos
1335 3019 1710 3087 adjunximus
1728 3019 2092 3089 patriarchae,

457 3108 566 3164 nisi
605 3114 908 3180 postquam
944 3110 1139 3162 fassus
1161 3110 1245 3162 est
1281 3123 1384 3162 nos
1417 3111 1569 3160 recte
1594 3106 1813 3160 fecisse.
1844 3107 1901 3162 Si
1935 3122 2090 3177 ergo,

454 3213 583 3252 eum
611 3202 877 3269 regnaret
908 3195 1256 3251 adulterium
1287 3200 1342 3250 et
1364 3211 1646 3249 canonum
1681 3197 2089 3267 transgressio,

456 3293 612 3343 metu
663 3288 904 3343 minime
951 3285 1476 3352 dissimulavimus,
1539 3286 1637 3341 Dei
1691 3285 1899 3340 virtute
1939 3287 2088 3353 freti,

455 3380 748 3449 quomodo
770 3393 947 3439 nunc,
980 3377 1072 3447 pio
1104 3375 1441 3431 dominante
1472 3375 1738 3446 imperio,
1765 3377 1936 3430 unius
1968 3393 2091 3445 pre-

453 3466 666 3534 sbyteri
699 3482 875 3522 causa
904 3465 1227 3521 timidiores
1247 3465 1488 3530 erimus,
1509 3467 1935 3535 prodemusque
1957 3481 2089 3522 cum

453 3561 653 3625 aperto
685 3557 889 3610 animae
923 3553 1478 3624 periculoveritatem
1501 3554 1529 3607 ?
1548 3553 1925 3624 Nequaquam
1954 3556 2084 3610 :sed

450 3646 684 3700 ferenda
708 3643 873 3699 nobis
897 3644 1088 3714 potius
1110 3643 1302 3698 omnia
1325 3658 1512 3713 usque
1533 3643 1601 3696 ad
1629 3647 1892 3708 mortem,
1909 3660 2083 3709 quam

447 3739 511 3790 ut
541 3749 674 3788 cum
707 3749 772 3788 eo
795 3733 1320 3800 communicemus,
1344 3730 1428 3785 vel
1457 3748 1589 3786 cum
1621 3731 1692 3784 iis
1715 3731 1813 3800 qui
1837 3732 2084 3789 cumillo

444 3822 824 3879 sacriﬁcant:
891 3821 1072 3890 quoad
1123 3821 1381 3892 privetur
1429 3821 1770 3886 sacerdotio,
1813 3823 2085 3891 quemad-

445 3913 680 3968 modum
714 3913 825 3965 sub
857 3912 1045 3982 priore
1075 3910 1421 3980 patriarcha.
1442 3914 1575 3964 Esto
1590 3925 1952 3966 economus:
1983 3928 2084 3966 cur

448 4002 620 4056 etiam
640 4001 879 4070 indigne
894 3998 1078 4053 sacris
1095 4003 1368 4068 operatur
1387 3997 1610 4052 ?Desiit
1623 4013 1747 4052 esse
1762 3998 2079 4070 Presbyter.

443 4089 604 4153 Quod
637 4091 684 4144 si
716 4089 836 4143 haec
867 4087 986 4142 illis
1018 4104 1133 4142 non
1167 4087 1414 4157 placent,
1449 4086 1547 4157 qui
1589 4102 1723 4141 cum
1764 4103 1830 4141 eo
1898 4091 2080 4143 sacri-

437 4179 633 4245 ﬁcant,
664 4178 940 4234 videbunt
971 4176 1261 4248 quomodo
1304 4191 1363 4230 se
1429 4182 1650 4247 gerent.
1702 4176 1945 4232 Parcant
2001 4184 2081 4232 te-

437 4267 650 4322 nuitati
670 4272 902 4333 nostris,
933 4269 1029 4336 qui
1063 4264 1509 4334 acquiescimus,
1537 4265 1798 4336 nihilque
1823 4267 1892 4320 ad
1919 4267 2077 4322 hunc

443 4372 627 4427 usque
656 4356 809 4410 diem
846 4356 1019 4411 locuti
1047 4371 1250 4410 sumus
1287 4372 1298 4409 :
1361 4356 1457 4409 sed
1521 4355 1753 4410 biennio
1786 4373 1892 4411 nos
1957 4362 2074 4412 toto

436 4445 857 4508 continuimus,
891 4460 956 4500 ex
990 4460 1103 4516 quo
1127 4444 1372 4516 ingressi
1397 4453 1530 4498 sunt
1564 4449 1628 4498 ut
1675 4446 1934 4515 pacatius
1967 4444 2074 4501 hoc

2135 1800 2180 1864 Β

2178 2711 2186 2719 ,
2208 2657 2337 2713 ἐπὰν

2215 525 2319 587 τῆς
2352 519 2741 585 ἀκοινωνησίας
2771 540 2785 552 ·
2820 519 2942 576 οὐδὲ
2971 526 3005 591 ἡ
3038 523 3182 577 αἰτία
3210 531 3311 592 τῆς
3340 518 3776 600 ἀμφισϐητήσεως
3804 547 3813 558 ο

2220 606 2520 679 μᾶλλονδὲ
2651 611 2788 682 τιμὴ
2835 614 2920 666 καὶ
2973 615 3006 682 ἡ
3049 613 3435 686 προσκύνησις,
3494 615 3528 681 ἡ
3561 612 3705 688 φιλία
3744 614 3815 668 καὶ

2216 697 2250 764 ἡ
2283 692 2507 766 ἔντευξις
2537 698 2676 752 κατὰ
2706 701 2768 753 τὸ
2801 698 3158 776 ὀφειλόμενον
3187 719 3198 730 ·
3232 702 3367 775 πρὸς
3411 700 3468 754 δὲ
3498 701 3586 754 τὸν
3634 699 3820 773 ἀνόμως

2217 789 2622 862 στεφανώσαντά
2668 790 2760 843 τὸν
2809 793 3176 865 μοιχεύσαντα
3226 792 3362 846 κατὰ
3408 793 3499 846 τὸν
3552 790 3701 865 λόγον
3739 796 3818 845 τοῦ

2214 876 2457 950 Κυρίου·
2518 881 2652 951 πρὸς
2709 881 2801 933 τὸν
2859 879 3214 952 τολμήσαντα
3270 880 3600 950 τηλικούτου
3677 885 3819 936 κακοῦ

2216 967 2485 1041 ὑπῠυργὸν
2537 969 2780 1042 γενέσθαι
2827 970 2917 1023 καὶ
2979 967 3285 1044 βεϐαιωτήν
3344 969 3431 1025 ἐπὶ
3486 971 3578 1024 τοῦ
3639 972 3819 1040 κόσμου

2212 1054 2435 1118 παντὸς,
2478 1055 2535 1108 ὃν
2589 1057 2821 1129 καθῆρεν
2874 1056 3033 1118 αὐτὸς
3081 1058 3109 1110 ὁ
3161 1058 3414 1130 Χριστὸς,
3475 1054 3590 1111 δυσὶ
3635 1056 3820 1110 κανόσιν

2215 1142 2566 1215 ὑττοπεσύντα⁹
2601 1144 2718 1198 ἐπεὶ
2747 1146 2836 1198 καὶ
2869 1144 3066 1207 ἄλλοις
3095 1165 3108 1177 ·
3149 1149 3283 1200 κατά
3335 1147 3430 1219 μὲν
3473 1148 3564 1200 τὸν
3609 1150 3819 1218 πρῶτον,

2213 1232 2296 1285 ὅτι
2351 1230 2473 1285 οὐδὲ
2527 1233 2834 1298 ἐστιαθῆναι
2895 1235 2968 1296 εἷς
3023 1233 3380 1307 διγαμοῦντος
3449 1235 3621 1309 γάμον
3676 1255 3821 1307 παρα-

2216 1327 2498 1394 χωροῦντα
2553 1325 2643 1377 τὸν
2702 1319 3098 1397 πρεσϐύτεόονο
3160 1325 3236 1386 εἰς
3295 1327 3395 1400 γὰρ
3461 1329 3658 1403 μοιχοῦ
3711 1321 3824 1378 οὐδὲ

2213 1406 2513 1482 ἐτόλμησεν
2547 1413 2574 1464 ὁ
2616 1415 2790 1466 κανὼν
2824 1415 3048 1487 γράψαι,
3081 1415 3237 1486 πόσῳ
3285 1435 3343 1488 γε
3406 1413 3615 1486 μᾶλλον
3663 1433 3821 1490 στεφα-

2213 1505 2415 1565 νῶσαις
2452 1503 2593 1555 Κατά
2651 1501 2705 1556 δὲ
2763 1504 2854 1558 τὸν
2907 1501 3178 1576 δεύτερον,
3229 1505 3312 1558 ὅτι
3371 1505 3462 1558 τὸν
3517 1503 3828 1558 ὑπο-πεσόντα

2213 1587 2263 1642 ἔν
2291 1609 2397 1643 τινι
2441 1590 2741 1665 σφάλματι,
2772 1591 2862 1644 καὶ
2913 1589 3002 1644 διὰ
3049 1595 3214 1646 τοῦτο
3262 1591 3635 1668 άφορισθὲντας
3674 1589 3718 1643 εἷ’
3762 1590 3825 1660 μή

2213 1677 2362 1739 ἐντὸς
2420 1679 2665 1733 ἐνιαυτοῦ
2724 1679 3120 1754 ἐπαγωνίζεσαι
3196 1683 3265 1752 τῇ
3336 1681 3510 1751 οἰκεῖα
3585 1681 3826 1744 συστάσει,

2213 1769 2312 1823 οὐκ
2348 1769 2459 1838 ἐξὸν
2489 1763 2566 1823 ἔσι
2611 1773 2796 1848 φωνὴν
2827 1771 2990 1825 αὐτοῦ
3034 1769 3458 1846 προσδεχθῆναι.
3497 1776 3555 1826 Ὁ
3605 1769 3658 1825 δὲ
3703 1768 3830 1824 ἐννέα

2213 1860 2444 1932 χρόνους
2521 1855 2772 1926 ὑπερϐὰς,
2842 1859 3192 1931 εἲσεπήδησεν
3269 1862 3318 1915 ἐν
3400 1865 3468 1934 τῇ
3528 1859 3828 1929 Ἐκκλησία.

2211 1947 2274 2000 Ei
2305 1945 2395 2000 οὖν
2443 1949 2597 2011 οὖτςς
2639 1948 2898 2018 ἀναίτιος,
2929 1948 3126 2022 πολλῷ
3180 1948 3393 2022 μᾶλλον
3445 1952 3472 2004 ὁ
3533 1950 3826 2022 μοιχεύσας.

2211 2033 2276 2089 Ei
2309 2033 2364 2088 δὲ
2403 2035 2602 2097 ἐκεῖνος
2650 2034 2840 2112 ἔνοχος
2894 2045 2993 2107 τῆς
3049 2039 3337 2110 ἁμαρτίας,
3375 2037 3458 2098 τίς
3509 2033 3826 2115 ἀμφιϐάλλει

2211 2127 2334 2198 περὶ
2373 2131 2468 2178 τοῦ
2509 2127 2852 2197 συζεύξαντος
2903 2129 2994 2182 καὶ
3045 2125 3501 2203 δοσφημήσαντος
3568 2132 3698 2182 κατὰ
3746 2129 3828 2180 τοῦ

2213 2213 2370 2288 ἁγίου
2419 2215 2747 2287 Πνεύματος,
2781 2216 2854 2277 ὡς
2905 2216 3033 2291 οὐχὶ
3083 2215 3427 2291 ἐναγέστερος
3465 2215 3558 2271 καὶ
3613 2209 3827 2290 βεϐηλὸ-

2211 2322 2402 2375 τερος;

2281 2394 2454 2446 Ταῦτά
2501 2393 2630 2462 ἐστι,
2667 2395 2840 2469 Πάτερ
2899 2395 3037 2469 ἅγιε,
3065 2397 3130 2450 τὰ
3180 2391 3452 2473 φοϐοῦντα
3502 2398 3593 2452 καὶ
3627 2394 3827 2451 συστέλ-

2211 2478 2376 2535 λοντα
2422 2483 2582 2551 ἡμῶν
2625 2485 2724 2552 τὴν
2772 2481 3018 2557 καρδίαν.
3056 2487 3147 2539 Καὶ
3188 2483 3276 2539 διὰ
3303 2490 3471 2540 ταῦτα
3503 2487 3639 2559 πρὸς
3676 2487 3732 2540 τὸ
3764 2486 3825 2556 μή

2207 2576 2487 2624 κοινωνεῖν
2518 2571 2666 2642 αύτῴ
2695 2593 2751 2626 τε
2780 2573 2871 2626 καὶ
2900 2578 2978 2643 τῷ
3030 2575 3473 2648 προηγησαμένῳ
3517 2576 3827 2648 πατριάρχῃ,

2427 2659 2708 2732 μετεδίδου
2792 2666 2869 2729 τῷ
2929 2665 3324 2736 μοιχεύσαντισ
3386 2665 3828 2733 ἀπεκλείσθημεν,

2207 2746 2312 2821 ἐγὼ
2368 2749 2460 2819 μὲν
2521 2747 2571 2802 ἐν
2605 2749 2650 2820 ᾦ
2681 2751 2874 2818 καθὲζῃ
2906 2753 3060 2823 τόπῳ
3090 2769 3102 2782 ’
3138 2753 3164 2805 ὁ
3209 2752 3516 2826 ἡγούμενος
3553 2751 3608 2807 δὲ
3655 2752 3736 2806 καὶ
3786 2751 3826 2804 οἱ

2209 2838 2395 2894 λοιποὶ
2454 2838 2503 2893 ἐν
2556 2841 2922 2915 Θεσσαλονίκῃ
2979 2843 3430 2915 ὑπερορισθέντες.
3464 2845 3628 2900 Ἀλλ’
3659 2845 3684 2897 ὁ
3714 2842 3827 2899 Θεὸς

2205 2927 2371 2982 πάλιν
2405 2927 2794 3001 ἐπισυνήγαγεν
2827 2932 2975 3001 ἡμᾶς
3005 2931 3191 3006 εὐχαῖς
3225 2952 3320 2985 σου
3347 2952 3357 2962 ’
3382 2933 3467 2986 καὶ
3505 2934 3622 2986 ουδ’
3653 2933 3823 2992 οὕτως,

2205 3017 2279 3076 ὡς
2331 3011 2541 3091 ἔτυχεν,
2582 3020 2872 3090 ἡνώθημεν
2920 3024 2997 3089 τῷ
3044 3021 3386 3094 πατριάρχῃ,
3445 3021 3491 3075 εί
3557 3025 3633 3092 μή
3686 3021 3824 3093 ὡμο-

2206 3105 2409 3179 λόγησε
2463 3108 2646 3168 καλῶς
2696 3111 2842 3178 ἡμᾶς
2901 3111 3270 3179 πεποιηκέναι,
3327 3112 3444 3165 Ἐὰν
3504 3111 3596 3166 οὖν
3659 3115 3743 3166 ὅτε
3793 3112 3821 3177 ἡ

2207 3197 2430 3272 μοιχεία
2483 3199 2568 3265 ἦν,
2623 3199 2711 3252 καὶ
2771 3200 2804 3266 ἡ
2873 3205 2979 3254 τῶν
3034 3201 3270 3255 κανόνων
3347 3199 3673 3276 παράϐασις,
3731 3202 3824 3275 οὐχ

2203 3287 2581 3359 ὑπεστάλημεν
2660 3285 2883 3359 δυνάμει
2968 3295 3150 3343 Θεου·

2199 3371 2489 3430 εὐσεϐοὖσά
2523 3375 2664 3431 ἐστιν
2706 3382 2738 3443 ἡ
2777 3377 3046 3451 βασιλεία,
3078 3375 3249 3433 ἕνεκεν
3301 3381 3416 3442 ἐνὸς
3468 3378 3822 3457 πρεσϐυτέρου

2201 3463 2717 3535 ὑποσταλησόμεθα,
2776 3467 2865 3519 καὶ
2923 3463 3276 3540 προδώσομεν
3365 3471 3462 3536 τήν
3553 3470 3822 3540 ἀλήθειαν,

2195 3552 2597 3618 κινδυνεύοντες
2653 3557 2788 3608 κατά
2845 3560 3068 3630 ψυχήν;
3131 3556 3423 3631 Οὐδαμῶς,
3457 3560 3610 3615 ἀλλὰ
3668 3561 3822 3614 πάντα

2195 3645 2331 3714 ἡμῖν
2362 3645 2572 3719 φορητὰ
2608 3646 2771 3722 μέχρι
2808 3648 3060 3716 θανάτου,
3092 3648 3126 3715 ἢ
3165 3654 3450 3722 μετασχεῖν
3481 3657 3586 3718 τῆς
3632 3649 3822 3703 ἐκείνου

3212 3297 3329 3351 πῶς
3397 3290 3492 3344 οὖν
3552 3293 3690 3367 ἄρτι,
3747 3293 3822 3346 ὅτε

2192 3731 2502 3801 κοινωνίας,
2536 3733 2626 3787 καὶ
2682 3738 2788 3787 τῶν
2827 3733 3013 3805 ἐκείνῳ
3071 3735 3673 3812 συλλειτουργούντων”
3728 3735 3820 3797 ἕως

3209 3825 3294 3880 ἐπὶ
3370 3832 3465 3881 τοῦ
3545 3829 3819 3901 προτέρου.

2191 3911 2370 3964 Ἔστω
2403 3911 2724 3982 οἰκονόμος’
2763 3914 2813 3967 τί
2847 3913 2935 3967 καὶ
2987 3914 3212 3983 ἀναξίως
3245 3916 3556 3992 ἱερουργιεῇ
3588 3916 3821 3986 Ἐξὲλιπε

2190 3995 2573 4072 πρεσϐύτερος.
2612 4002 2671 4056 Ei
2702 3999 2759 4055 δὲ
2789 3999 2940 4056 οὐδὲν
2974 4000 3124 4058 δοκεῖ
3151 4010 3267 4065 τοῖς
3317 4005 3820 4082 συλλειτουργοῦσιν

2190 4087 2355 4158 αὐτῷ,
2417 4085 2641 4162 ὄψονται
2700 4089 2780 4166 ἐφ’
2838 4091 2919 4151 οἷς
2995 4093 3310 4165 πράττουσι.
3372 4093 3674 4150 Φείσωνται
3730 4102 3818 4162 τῆς

2188 4178 2349 4250 ἡμῶν
2394 4181 2790 4248 ταπεινώσεως,
2824 4181 3185 4253 στεργόντων,
3226 4181 3314 4234 καὶ
3368 4181 3540 4252 μηδὲν
3579 4181 3684 4246 ἕως
3733 4186 3818 4237 τοῦ

2187 4268 2452 4340 παρόντος
2500 4265 2884 4337 λαλησάντων,
2913 4268 3040 4323 ἀλλ’
3071 4271 3549 4342 οἰκονομησάντων
3604 4274 3656 4328 ἐν
3712 4277 3815 4332 τοῖς

2188 4352 2336 4409 δυσὶν
2383 4351 2522 4410 ἔτεσι
2569 4358 2806 4425 τούτοις,
2842 4356 2891 4429 ἐξ
2944 4357 3069 4413 ὅτου
3119 4358 3374 4429 εἰσῆλθον
3411 4363 3492 4434 [in
3539 4381 3652 4420 ms.
3687 4365 3811 4434 Reg.

2185 4443 2459 4515 εἰσῆλθεν]
2485 4465 2497 4478 ’
2529 4444 2621 4500 ’ίνα
2663 4446 2836 4509 οὕτως
2886 4448 3295 4524 εἰρηνικώτερον
3345 4449 3728 4526 διεξέλθωμεν.
3759 4453 3813 4507 Oi

2194 3820 2252 3874 ἂν
2309 3826 2488 3896 παύσῃ
2558 3824 2887 3896 ἱερουργίας,
2940 3824 3119 3898 ὥσπερ

441 4536 613 4590 modo
645 4534 991 4589 viveremus.
1026 4533 1254 4588 Domini
1296 4533 1476 4588 nostri
1538 4537 1676 4587 sunt
1724 4534 1927 4605 optimi
1977 4551 2074 4590 se-

2201 4535 2437 4588 ἰεσπόται
2497 4537 2652 4606 ἡμῶν
2711 4537 2762 4589 οἱ
2813 4538 3026 4610 ἀγαθοὶ,
3071 4544 3282 4610 μεσῖται
3337 4541 3425 4594 καὶ
3487 4543 3670 4616 κριταὶ
3725 4544 3812 4596 τοῦ

435 4627 698 4693 questres
729 4628 784 4678 et
815 4623 1014 4677 arbitri
1063 4623 1373 4693 aequitatis,
1433 4638 1629 4676 eorum
1667 4623 1914 4677 fautores
1974 4625 2066 4692 qui

433 4712 734 4766 veritatem
767 4712 945 4767 libere
972 4713 1314 4778 defendunt,
1343 4711 1490 4765 sicut
1513 4711 1823 4767 venerabili
1845 4728 1942 4766 ore
1963 4729 2066 4768 suo

432 4817 586 4869 sepe
618 4802 984 4856 denuntiant.
1019 4801 1222 4855 Ferant
1274 4801 1605 4855 sacerdotes
1629 4809 1689 4854 ut
1731 4817 1924 4854 sacros
1967 4801 2066 4855 ho-

431 4890 622 4946 mines
653 4892 835 4956 decet,
872 4894 972 4944 aut
1000 4890 1106 4960 ipsi
1135 4890 1584 4959 persuadebunt,
1619 4897 1719 4942 aut
1764 4889 1879 4943 illis
1941 4907 2064 4955 per-

429 4979 789 5035 suadebitur.
823 4979 922 5033 Sin
949 4980 1151 5034 horum
1175 4978 1340 5043 nihil,
1366 4978 1462 5031 sed
1500 4993 1570 5031 ne
1602 4979 2062 5046 mutirequidem

429 5085 536 5125 nos
567 5069 866 5122 ferendum
903 5074 1134 5137 putant;
1171 5067 1322 5122 Deus
1371 5067 1653 5130 intuetur,
1707 5083 1822 5135 quo
1883 5069 2066 5136 major

429 5164 519 5214 est
560 5175 750 5224 nemo,
783 5159 950 5227 cujus
976 5157 1158 5212 solius
1195 5161 1381 5210 terror
1430 5159 1520 5209 est
1572 5155 1976 5220 formidabilis,
2010 5164 2064 5210 et

430 5247 874 5311 tribunalillud,
910 5246 1000 5300 cui
1061 5246 1342 5299 sistemur
1416 5259 1615 5297 omnes
1665 5244 1735 5297 de
1794 5245 2064 5299 omnibus

419 5337 742 5408 Judicandi.
777 5336 1058 5390 Cmterum
1112 5348 1347 5386 oramus
1400 5332 1717 5386 bonitatem
1785 5337 1969 5401 tuam,
2009 5341 2064 5389 et

428 5435 698 5497 tanquam
733 5422 917 5481 sacris
951 5421 1207 5493 vestigiis
1245 5423 1363 5476 tuis
1404 5421 1658 5476 advoluti
1690 5422 2062 5480 obsecramus

489 5607 726 5662 “Cone.
760 5605 1010 5663 Neocles.
1046 5620 1171 5661 ean.
1203 5605 1260 5660 7.

2183 4621 2395 4677 δικαίου
2421 4643 2433 4655 ⁸
2467 4621 2696 4696 φιληταὶ
2726 4631 2832 4680 τῶν
2867 4626 3388 4702 παρρησιαζομένων
3440 4629 3492 4684 ἐν
3553 4630 3808 4702 ἀληθεία’

2181 4713 2253 4774 ώς
2287 4713 2418 4766 αὐτὸ
2449 4715 2509 4767 τὸ
2538 4716 2720 4784 τίμιον
2755 4716 2929 4769 αὐτῶν
2964 4715 3139 4788 στόμα
3168 4718 3439 4781 πολλάκις
3491 4719 3809 4794 διαγορεύει.

2176 4801 2492 4874 Ἐνὲγκωσιν
2543 4804 2592 4855 oi
2633 4805 2794 4876 ἱερεῖς
2851 4805 3032 4878 ἱερῶς,
3159 4807 3460 4872 πείσουσιν,
3500 4810 3534 4877 ἢ
3593 4811 3810 4876 πεισθήυ

2179 4909 2380 4946 σονται.
2436 4891 2494 4945 Εἰ
2549 4889 2605 4945 δὲ
2662 4891 2812 4947 οὐδὲν
2867 4900 3140 4958 τοιοῦτον,
3173 4895 3318 4950 ἀλλᾶ
3373 4900 3461 4951 καὶ
3503 4900 3568 4952 τὸ
3630 4902 3808 4972 γρύξαι

2179 4979 2342 5049 μόνον
2375 4981 2522 5050 ἡμᾶς
2555 4983 2656 5035 οὐκ
2687 4983 2903 5036 ἀνεκτόν
2933 5004 2945 5016 ’
2979 4987 3107 5046 Θεὸς
3146 4985 3330 5062 ἐφορᾷ,
3367 4988 3429 5040 οὗ
3466 4990 3667 5058 μείζων
3724 4989 3806 5041 ού-

2175 5064 2280 5129 δείς
2303 5087 2314 5099 '
2351 5071 2411 5122 οὔ
2448 5069 2611 5140 μόνος
2642 5072 2668 5124 ὁ
2700 5067 2869 5148 φόϐος
2900 5070 3152 5147 φοϐερὸς,
3175 5076 3265 5128 καὶ
3313 5074 3373 5129 τὸ
3407 5074 3515 5130 ἐκεῖ
3556 5077 3807 5144 δικαστή-

2173 5175 2313 5228 ριον,
2375 5158 2420 5228 ᾧ
2473 5160 2660 5221 πάννες
2737 5161 3190 5234 παραστησόμεθα
3266 5164 3616 5236 εύθυνὸμενοι
3682 5165 3808 5220 κατὰ

2173 5247 2363 5302 πάντα.
2401 5247 2571 5303 Ἀλλα
2620 5246 2846 5320 δεόμεθά
2898 5271 2992 5304 σου
3041 5259 3140 5319 τῆς
3201 5252 3559 5325 ἀγαθότητος,
3601 5257 3686 5310 καὶ
3740 5255 3807 5312 ὡς

2173 5333 2662 5408 προκυλινδόμενοι
2721 5344 2833 5399 τοῖς
2889 5340 3096 5412 τιμίοις
3157 5361 3251 5394 σου
3297 5341 3500 5416 Ἰχνεσι,
3562 5365 3806 5416 παρακα-

2175 5421 2375 5496 λοῦμεν
2418 5427 2506 5480 καὶ
2558 5422 2948 5500 ἀντιϐολοῦμεν
2994 5437 3217 5500 ποιῆσαι
3268 5429 3420 5495 ἔλεος
3477 5435 3597 5504 μεθ’
3628 5436 3802 5503 ἡμῶν,

1335 5605 1381 5640 ⁵⁴
1409 5605 1542 5661 Cod.
1578 5603 1723 5661 Eccl.
1758 5603 1962 5677 Afric.,
1994 5623 2123 5661 can.
2152 5608 2241 5663 70.
