4084 6284
319 352 435 412 973

1598 352 2155 418 EPISTOLARUM
2196 359 2347 419 LIB.
2393 361 2443 421 Ι.

3604 367 3723 430 9⁸74

315 499 404 552 καὶ
438 497 621 552 κοινὸν
652 495 849 573 ὅφελος
880 495 1066 560 αὺτοῖς
1094 517 1153 551 τε
1181 500 1298 557 τοῖς
1330 493 1600 551 εύσεϐέσιν
1641 499 1800 569 ἡμῶν
1858 498 1942 571 βαι

2071 502 2570 577 obtestamurque,
2604 511 2669 562 ut
2698 507 3161 565 misericordiam
3192 510 3362 567 nobis
3394 511 3717 582 impertias,

317 585 550 654 σιλεῦσι,
607 590 688 657 τῷ
735 605 793 639 τε
841 585 1134 660 ἁγιωτάτῳ
1181 591 1524 661 πατριάρχῃ,
1565 587 1658 640 καὶ
1709 588 1850 661 πάσῃ
1895 591 1964 660 τῇ

315 673 646 746 Ἐκκλησία,
680 675 741 728 ού
773 679 842 749 τῇ
875 675 992 729 καθ’
1022 676 1169 747 ἡμᾶς
1204 674 1392 747 μόνον,
1435 673 1581 729 ἀλλὰ
1609 676 1698 729 καὶ
1746 680 1814 749 τῇ
1865 676 1965 731 ἀνά

313 770 491 818 πᾶσαν
535 765 634 831 τὴν
685 763 1006 837 οἷκουψένην
1037 783 1049 796 ·
1098 761 1192 817 ’ἱνα
1241 762 1422 836 παύσῃ
1466 765 1494 817 ὁ
1535 765 1616 826 εἶς
1674 763 1750 826 εἷς
1803 762 1959 835 δόξαν

320 856 476 924 Θεοῦ,
531 852 623 907 καὶ
685 854 761 924 μὴ
817 852 1067 925 ταραχθῇ
1104 853 1140 921 ἡ
1174 851 1336 906 αὐτοῦ
1396 850 1731 922 Ἐκκλησία.
1784 853 1844 908 Εἰ
1902 852 1960 908 δὲ

321 944 396 1014 μή
428 962 511 1016 γε,
540 940 686 996 ἀλλὰ
717 939 777 997 τό
806 961 866 1014 γε
897 939 1167 1015 δεύτερον,
1197 940 1258 994 τὸ
1288 939 1561 1014 ἒπιμεῖναι
1595 944 1742 1014 ἡμᾶς
1786 942 1836 997 ἐν
1883 948 1960 1014 τῷ

316 1031 465 1102 αύτῷ
508 1030 746 1105 καθάπερ
777 1031 827 1084 ἐν
866 1021 997 1090 ⁷τοῖς
1046 1027 1173 1085 δέκα
1220 1026 1357 1085 ἔτεσι
1415 1030 1631 1092 τούτοις
1659 1074 1672 1089 .
1734 1033 1796 1087 Οἱ
1854 1034 1955 1108 γὰρ

320 1120 530 1189 λοιποὶ,
562 1118 660 1175 κᾶν
696 1122 881 1192 μυρίοι
912 1121 1066 1186 ὦσιν,
1098 1119 1351 1194 ἱεράρχαι
1372 1120 1461 1174 καὶ
1486 1121 1644 1195 ἱερεῖς
1676 1119 1764 1175 καί
1795 1120 1960 1194 ἡγού-

322 1231 472 1283 μενοι
512 1211 564 1264 οἱ
593 1214 977 1270 κοινωνοῦντες
1008 1208 1178 1282 αὐτῷ,
1213 1209 1275 1263 οὐ
1317 1209 1625 1282 θαυμαστόν
1654 1230 1667 1244 ⁸
1722 1209 1836 1266 ἐπεὶ
1867 1212 1951 1266 καὶ

318 1299 471 1356 αύτοί
505 1298 769 1365 συνῆλθον
797 1304 876 1370 τῷ
912 1300 1269 1378 μοιχεύσαντι
1294 1322 1305 1332 ·
1343 1302 1433 1355 καὶ
1466 1298 1646 1363 οὐδείς
1692 1322 1745 1355 τι
1786 1299 1951 1356 λελά-

317 1389 455 1456 ληκε
480 1432 494 1445 .
524 1393 699 1444 Ταῦτα
730 1387 858 1449 Θεὸς
889 1386 958 1442 δι’
1006 1391 1190 1461 ἡμῶν,
1223 1389 1311 1443 καὶ
1346 1387 1390 1443 εἷ
1436 1388 1721 1463 τολμηρὸν
1762 1391 1953 1459 εἰπεῖν,

315 1481 404 1534 καὶ
476 1476 805 1549 παρακαλεῖ,
879 1480 967 1533 καὶ
1027 1477 1480 1556 προσφθέγγεται,
1553 1481 1643 1534 καὶ
1719 1480 1794 1543 ὡς
1863 1500 1953 1536 κε-

314 1567 492 1633 λεύεις
519 1609 534 1625 .

766 1750 889 1804 ΚΒ’.
924 1780 991 1789 —-
1020 1751 1105 1819 Τῷ
1133 1747 1281 1819 αύτῷ
1304 1790 1319 1804 .
1352 1749 1430 1821 [μ’
1451 1749 1490 1823 ,]

386 1835 492 1892 Καὶ
526 1832 690 1891 πάλιν
737 1833 1109 1910 παρακαλέσαι
1161 1856 1254 1890 σου
1308 1837 1406 1905 τὴν
1456 1837 1725 1911 πατρικὴν
1775 1835 1951 1910 ἁγιω-

312 1924 496 1995 σύνην,
547 1923 714 1980 καλὸν
770 1924 1112 1997 ἡγησάμεθα,
1168 1918 1517 1978 ἐπιϐαλέσθαι
1565 1925 1758 2007 ἑαυτὴν
1810 1926 1945 1999 πρὸς

308 2018 373 2071 τὸ
402 2020 563 2086 κοινῇ
598 2016 870 2089 συμφέρον
899 2015 989 2069 καὶ
1029 2013 1347 2070 λυσιτελοῦν
1381 2015 1638 2090 κράτιστα
1664 2057 1678 2070 .
1730 2015 1801 2070 Ού
1849 2016 1948 2089 γὰρ

309 2107 449 2175 πρὸς
469 2104 597 2168 τοὺς
629 2101 866 2167 εὐσεϐεῖς
898 2107 1058 2178 ἡμῶν
1100 2101 1361 2166 δεσπότας
1394 2106 1421 2158 ὁ
1452 2103 1617 2178 λόγος
1649 2111 1747 2172 τῆς
1796 2105 1946 2159 ἀκοι-

308 2195 608 2267 νωνησίας,
668 2193 798 2250 οὐδὲ
938 2194 1085 2249 αἰτία
1127 2201 1228 2262 τῆς
1281 2189 1765 2266 ἀμφισϐητήσεως,
1813 2194 1950 2248 καθὰ

308 2284 763 2363 προγεγράφαμεν
792 2304 802 2315 ·
861 2282 1072 2357 μᾶλλον
1126 2280 1182 2336 δὲ
1212 2285 1245 2351 ἡ
1273 2283 1404 2353 τιμὴ
1454 2283 1542 2336 καὶ
1573 2285 1607 2351 ἡ
1640 2283 1951 2356 προσκύνη-

311 2396 421 2440 σις,
471 2377 505 2442 ἡ
558 2373 872 2434 ὑπόπτωσις
930 2372 1020 2427 καὶ
1078 2374 1112 2441 ἡ
1171 2368 1401 2441 ἔντευξις
1449 2371 1584 2426 κατὰ
1627 2371 1688 2426 τὸ
1741 2370 1951 2444 ὀφειλό-

316 2484 476 2537 μενον
508 2483 520 2493 ⁸
554 2464 689 2535 πρὸς
716 2460 773 2516 δὲ
820 2462 910 2517 τὸν
960 2460 1181 2535 ἀνόμως
1228 2462 1641 2534 στεφανώσαντα
1681 2460 1775 2514 τὸν
1828 2480 1950 2532 μοι-

310 2554 600 2627 χεύσαντα,
632 2553 768 2606 κατὰ
795 2552 888 2605 τὸν
922 2549 1086 2625 λόγον
1118 2554 1213 2604 τοῦ
1246 2549 1447 2623 Κυρίου
1472 2569 1483 2580 ·
1517 2550 1651 2624 πρὸς
1684 2551 1780 2618 τὴν
1816 2548 1949 2605 τολ-

312 2643 552 2713 μήσαντα
606 2640 938 2711 τηλικούτου
993 2645 1161 2693 κακοῦ
1222 2639 1491 2715 ὑπουργὸν
1566 2639 1810 2713 γενέσθαι
1858 2638 1949 2691 καὶ

306 2725 614 2803 βεϐαιωτὴν
648 2728 734 2783 ἐπ)
756 2732 854 2783 τοῦ
893 2729 1104 2800 κόσμου
1144 2727 1342 2788 παντός
1370 2747 1383 2758 ·
1439 2728 1537 2782 Καὶ
1581 2725 1671 2781 ’ίνα
1714 2724 1947 2796 ἐκδηλό-

301 2839 455 2892 τερον
489 2818 574 2888 εἴη
613 2821 675 2874 τὸ
708 2817 1004 2893 λεγόμενον
1041 2819 1104 2872 οὐ
1136 2819 1275 2891 πρὸς
1326 2814 1585 2895 διδαχὴν,
1636 2818 1781 2872 ἀλλά
1812 2819 1946 2891 πρὸς

308 2909 611 2980 ὑπόμνησιν
663 2907 852 2977 αὐτὴν,
885 2908 931 2961 εἰ
978 2906 1241 2976 κελεύεις,
1281 2908 1381 2975 τήν
1422 2907 1556 2961 κατὰ
1602 2908 1703 2974 τήν
1754 2927 1949 2982 στεφα-

302 2999 458 3066 νικήν
490 2999 798 3074 συνάφειαν,
822 2998 968 3070 ἱερὰν
1022 2996 1333 3070 προσευχὴν
1383 2998 1769 3069 παραθήσομεν
1796 3015 1809 3027 ·
1857 2996 1947 3049 καὶ

299 3084 606 3159 κατίδωμεν
655 3084 916 3155 ἐντεῦθεν,
972 3083 1120 3147 ὅπως
1152 3084 1202 3154 ἐξ
1224 3084 1462 3147 ἐναντίας
1506 3083 1648 3154 αύνῷ
1685 3088 1763 3154 τῷ
1815 3090 1946 3157 Χρι-

2071 597 2128 647 et
2159 609 2464 649 commune
2492 595 2949 654 emolumentum
2974 606 3095 654 tam
3128 599 3236 670 piis
3263 601 3717 671 imperatoribus

2072 682 2306 748 nostris,
2343 698 2518 752 quam
2550 686 2892 755 patriarchae
2923 688 3323 755 sanctissimo,
3355 693 3412 744 et
3447 690 3716 748 Ecclesia

2071 770 2374 840 universae,
2407 788 2523 827 non
2557 772 2694 829 huic
2726 775 2912 830 solum
2946 792 3070 847 quas
3119 778 3273 848 apud
3330 795 3436 834 nos
3467 785 3577 845 est,
3612 782 3713 836 sed

2068 875 2194 928 quae
2230 876 2330 930 per
2368 866 2554 915 totum
2588 863 2808 931 orbem,
2852 869 2916 918 ut
2948 881 3101 920 unus
3133 882 3193 920 se
3222 865 3449 923 abdicet
3478 868 3547 923 ad
3582 868 3711 940 glo-

2069 950 2211 1003 riam
2243 948 2365 1015 Dei,
2399 955 2454 1004 et
2512 967 2627 1007 non
2661 954 3027 1023 perturbetur
3083 957 3210 1025 ejus
3271 956 3543 1014 Ecclesia.
3611 958 3711 1013 Sin

2065 1036 2283 1107 minus,
2314 1043 2371 1093 at
2401 1038 2607 1095 saltem
2639 1040 2748 1095 hoc
2770 1043 3094 1098 secundum
3136 1052 3196 1098 ut
3229 1059 3572 1101 maneamus
3605 1063 3712 1102 nos

2083 1141 2119 1181 n
2149 1128 2350 1183 eodem
2384 1134 2556 1192 statu,
2592 1145 2707 1200 quo
2740 1145 2841 1201 per
2870 1131 3067 1186 decem
3099 1133 3205 1188 hos
3239 1135 3605 1190 annos.Nam
3638 1137 3708 1192 de

2061 1215 2306 1284 caeteris,
2338 1218 2608 1287 quamvis
2639 1218 3096 1275 innumerabiles
3137 1222 3257 1276 sint
3302 1222 3585 1295 episcopi,
3615 1241 3709 1280 ss-

2060 1306 2343 1373 cerdotes,
2376 1312 2429 1359 et
2472 1307 2760 1376 praepositi
2802 1309 2898 1378 qui
2934 1325 3065 1363 cum
3121 1327 3186 1365 eo
3245 1316 3706 1379 communicant,

2060 1393 2205 1448 nihil
2241 1393 2590 1461 mirandum,
2640 1398 2874 1467 quando
2905 1399 3143 1469 quidem
3192 1399 3369 1455 iidem
3430 1401 3539 1472 ipsi
3573 1417 3703 1459 cum

2058 1480 2320 1538 adultero
2348 1491 2788 1553 consenserunt,
2821 1490 2877 1540 et
2922 1503 3091 1541 nemo
3124 1487 3443 1559 quidquam
3474 1489 3705 1549 locutus

2059 1576 2166 1627 est.
2202 1571 2331 1625 Haec
2368 1572 2517 1627 Deus
2550 1589 2651 1642 per
2691 1590 2818 1638 nos,
2850 1573 2986 1629 licet
3022 1576 3210 1630 audax
3240 1576 3317 1632 sit
3373 1577 3614 1648 dictum,
3644 1587 3703 1636 et

2057 1660 2342 1721 hortatur,
2377 1665 2433 1716 et
2462 1660 2793 1731 denuntiat,
2824 1672 2877 1718 et
2907 1663 3058 1719 sicut
3078 1663 3274 1734 jubes.

2554 1752 2722 1807 xxu.
2754 1784 2825 1793 —
2851 1752 3040 1808 Eidem
3069 1754 3205 1826 (20).

1981 1867 2026 1932 Β
2128 1839 2195 1894 Ει
2223 1839 2436 1895 iterum
2477 1839 2696 1896 hortari
2745 1846 3047 1914 paternam
3106 1843 3478 1900 sanctitatem
3538 1849 3699 1901 tuam

2055 1931 2343 1999 optimum
2377 1930 2526 1984 factu
2554 1931 2741 1985 visum
2786 1935 2895 1996 est,
2932 1936 2992 1986 ut
3023 1948 3085 1989 se
3134 1932 3322 2003 ipsam
3365 1934 3571 1989 excitet
3627 1936 3699 1991 ad

2054 2017 2110 2073 id
2128 2018 2275 2088 quod
2290 2018 2581 2074 communi
2608 2019 2757 2075 bono
2780 2026 2954 2091 atque
2978 2021 3210 2077 utilitati
3234 2023 3507 2079 conducit
3524 2040 3700 2095 quam

2055 2109 2327 2162 maxime.
2360 2107 2485 2163 Non
2517 2107 2671 2162 enim
2705 2109 2986 2164 adversus
3013 2111 3138 2181 pios
3178 2111 3437 2167 dominos
3470 2120 3700 2168 nostros

2055 2195 2223 2250 nobis
2243 2211 2434 2250 sermo
2461 2202 2547 2251 est
2569 2196 2760 2250 vitatas
2782 2198 3237 2265 communionis,
3255 2213 3357 2254 nec
3379 2216 3556 2256 causa
3569 2217 3701 2256 con-

2055 2283 2363 2349 troversiae,
2381 2285 2671 2355 sicutjam
2689 2285 3053 2354 scripsimus,
3070 2288 3264 2356 potius
3282 2292 3474 2343 autem
3493 2289 3699 2354 honor,

2054 2373 2365 2441 veneratio,
2398 2377 2455 2428 et
2510 2373 2853 2440 submissio,
2898 2379 2955 2429 et
3001 2391 3372 2446 congressus,
3408 2384 3580 2448 prout
3608 2395 3701 2434 res

2055 2463 2262 2534 exigit:
2298 2464 2397 2518 sed
2432 2464 2706 2518 adversus
2754 2463 2916 2518 illum
2968 2465 3067 2534 qui
3108 2471 3317 2535 praeter
3360 2467 3460 2536 jus
3503 2467 3700 2538 fasque

2056 2567 2249 2619 omne,
2282 2551 2656 2607 manifestum
2688 2568 2756 2606 ex
2787 2552 3013 2607 Domini
3045 2553 3334 2610 sententia
3364 2554 3697 2611 adulterum

2056 2640 2350 2696 coronavit
2382 2658 2395 2695 :
2429 2641 2709 2696 adversus
2754 2658 2886 2697 cum
2919 2642 3019 2713 qui
3048 2658 3228 2698 ausus
3257 2648 3346 2698 est
3393 2644 3538 2699 tanti
3571 2661 3699 2700 sce-

2058 2728 2190 2783 leris
2220 2730 2456 2799 adjutor
2482 2736 2536 2784 et
2567 2735 2821 2786 assertor
2850 2746 3046 2786 coram
3080 2731 3218 2787 orbe
3250 2733 3519 2788 universo
3553 2732 3696 2788 ﬁeri.

2053 2820 2239 2889 Atque
2252 2825 2316 2873 ut
2340 2820 2524 2889 magis
2550 2820 2921 2890 perspicuum
2938 2819 3039 2874 ﬁat
3055 2821 3208 2891 quod
3225 2820 3500 2889 dicimus,
3516 2822 3695 2891 ipsas,

2054 2906 2105 2961 si
2146 2906 2351 2978 placet,
2386 2924 2513 2978 quas
2566 2908 2621 2962 in
2657 2924 2875 2963 coronae
2936 2909 3308 2978 impositione
3338 2916 3699 2981 usurpentur

2053 3012 2246 3052 sacras
2305 3013 2524 3067 preces,
2559 3012 2671 3051 non
2704 2996 2947 3052 docendi
3000 2998 3217 3066 studio,
3250 3000 3349 3055 sed
3411 3000 3698 3056 memorias

2054 3086 2392 3140 renovanda:
2409 3101 2606 3153 causa,
2626 3085 3003 3155 subjiciemus
3020 3104 3032 3141 :
3050 3103 3116 3142 ex
3132 3090 3284 3157 quod
3304 3089 3493 3144 vivere
3507 3088 3695 3157 liceat,

299 3181 437 3246 στῷ,
465 3175 628 3230 εἶκαὶ
671 3175 953 3248 τολμηρὸν
1009 3175 1200 3231 εἶπεῖν.
1253 3171 1635 3249 ἀντεφθέγξατο
1684 3174 1773 3227 καὶ
1822 3173 1942 3226 ἀντ-

2057 3176 2547 3245 quemadmodum
2585 3190 2653 3229 ex
2694 3174 2972 3231 diametro
3004 3175 3234 3231 Christo
3260 3176 3394 3247 ipsi,
3427 3178 3697 3248 quamvis

298 3266 630 3338 εμαχήσατο
680 3260 768 3317 διὰ
812 3268 910 3317 τοῦ
955 3263 1179 3338 ἐναγοῦς
1228 3263 1394 3317 αὐτοῦ
1446 3262 1738 3333 στόματος,
1787 3261 1815 3315 ὀ
1846 3263 1937 3317 ἀν-

297 3353 497 3427 ένοχον
529 3353 715 3407 ἑαυτὸν
747 3351 1069 3415 ἀποδεικνύς
1097 3397 1109 3410 .
1149 3355 1254 3408 Τοῦ
1288 3356 1530 3428 Χριστοῦ
1580 3351 1683 3426 γὰρ
1739 3352 1938 3425 μοιχὸν

293 3442 736 3503 ἀποκαλέσαντος
796 3442 886 3495 τὸν
941 3443 1159 3516 ἀφιέντα
1215 3442 1312 3509 τὴν
1358 3441 1611 3512 νομίμως
1660 3441 1942 3518 συναφθεῖ-

293 3553 391 3586 σαν
417 3531 572 3605 ἀνδρὶ
601 3536 824 3606 γυναῖκα
851 3549 863 3561 ·
901 3531 1132 3603 μοιχεία
1164 3527 1239 3597 δέ,
1273 3530 1345 3590 ὡς
1391 3529 1567 3597 οἶσθα,
1598 3529 1661 3582 τὸ
1692 3526 1938 3601 χαλεπὸν

293 3623 623 3697 ἁμάρτημα,
657 3620 747 3675 καὶ
797 3617 1127 3693 ἱσοδύναμον
1178 3619 1400 3696 φονέως,
1452 3618 1854 3694 ὰῤῥενοφθόρου
1884 3638 1942 3671 τε

288 3711 386 3766 καὶ
437 3708 870 3784 ἂλογευομένου,
907 3712 1193 3784 φαρμακοῦ
1237 3729 1296 3762 τε
1343 3709 1434 3762 καὶ
1484 3704 1934 3779 εἶδωλολάτρουο

290 3798 433 3854 κατὰ
462 3799 553 3852 τὸν
586 3797 785 3850 κανόνα
829 3800 927 3851 τοῦ
976 3795 1119 3850 Θείου
1168 3794 1451 3850 Βασιλείου
1481 3814 1492 3826 ·
1542 3793 1700 3855 αὐτὸς
1745 3798 1936 3848 τοῦτον

288 3891 375 3957 τῷ
407 3886 775 3960 θυσιαστηρίῳ
824 3886 1195 3960 παραστήσας,
1229 3885 1281 3939 έν
1332 3884 1554 3956 ἐπηκόῳ
1603 3885 1802 3945 παντὸς
1840 3885 1938 3937 τοῦ

291 3977 459 4043 λαοῦ,
490 3975 765 4049 ἐτόλμησε
795 3976 950 4050 ῥῆξαι
996 3975 1094 4036 τὰς
1137 3969 1407 4049 βεϐήλους
1457 3974 1637 4050 φωνὰς
1688 3973 1892 4033 ὲκείνας
1918 3991 1933 4005 ⁶

289 4065 387 4121 καὶ
421 4067 784 4137 σκοπήσωμεν
813 4109 825 4130 ,
856 4065 1056 4138 Πάτερ,
1088 4061 1411 4137 παρακαλῶ,
1460 4062 1520 4117 τὸ
1567 4058 1794 4139 φοϐερὸν
1844 4061 1934 4115 καὶ

287 4150 522 4210 ἔκτοπον
546 4175 558 4187 ⁸
591 4148 708 4229 ἔχει
738 4152 840 4226 γὰρ
874 4153 1081 4214 οὕτως.
1116 4175 1144 4203 ‹‹
1177 4151 1371 4219 Αὐτὸς,
1428 4152 1688 4220 Δέσποτα,
1745 4151 1932 4223 ἐξαπό-

290 4241 510 4299 στειλον
546 4244 645 4312 τὴν
700 4242 864 4320 χεῖρά
914 4262 1010 4295 σου
1056 4239 1108 4310 ἐξ
1157 4241 1313 4313 ἁγίυο
1363 4240 1787 4313 κατοικητηρίυυ
1832 4261 1932 4293 σου

284 4334 383 4389 καὶ
414 4331 654 4405 ἅρμοσον
686 4335 765 4403 τῷ
797 4328 983 4402 δούλῳ
1013 4351 1109 4384 σου
1138 4331 1236 4396 τήν
1267 4326 1473 4398 δούλην
1506 4350 1601 4382 σου
1622 4374 1635 4387 ,
1668 4328 1929 4398 Σύζευξον

290 4418 490 4480 αὐτοὺς
539 4418 593 4472 έν
653 4417 1008 4494 ὁμοφροσύνῃ
1037 4461 1050 4474 .
1103 4421 1344 4473 ’Ένωσον
1398 4418 1593 4479 αὐτοὺς
1638 4418 1713 4472 εἷς
1762 4419 1930 4492 σάρκα

289 4510 446 4582 μίαν,
507 4508 599 4571 οὕς
649 4504 947 4575 εὐδόκησας
1001 4508 1337 4574 συναφθῆναι
1377 4504 1689 4575 ἀλλήλοις.
1738 4507 1927 4578 Τίμιον

2055 3263 2208 3317 dictu
2243 3265 2614 3318 temerarium
2648 3263 2744 3331 sit,
2770 3264 3197 3334 repugnaverit,
3231 3265 3573 3336 impuroque
3602 3282 3697 3322 ore

2054 3370 2160 3407 suo
2191 3351 2626 3421 contradixerit,
2658 3352 2755 3421 qui
2806 3352 3092 3408 insontem
3126 3368 3187 3408 se
3219 3370 3347 3409 esse
3398 3355 3695 3426 professus

2052 3453 2158 3498 est.
2190 3443 2331 3497 Cum
2364 3441 2521 3495 enim
2554 3440 2821 3496 Christus
2853 3440 3183 3496 adulterum
3217 3448 3378 3498 vocet
3407 3460 3561 3512 eum,
3593 3446 3694 3516 qui

2051 3532 2361 3602 conjugem
2396 3530 2655 3601 legitime
2682 3531 2803 3585 viro
2843 3531 3212 3600 conjunctam
3253 3532 3496 3597 dimisit,
3527 3535 3694 3590 adul-

2049 3619 2402 3690 teriumque,
2436 3623 2498 3673 ut
2526 3618 2700 3688 nosti,
2733 3634 2902 3690 grave
2935 3620 3007 3675 sit
3039 3630 3485 3693 peccatum,par
3516 3622 3696 3678 homi-

2051 3710 2214 3772 cida),
2239 3708 2655 3773 masculorum,
2687 3708 3108 3779 brutorumque
3130 3711 3695 3778 concubitori,vene-

2049 3797 2179 3862 ﬁco,
2195 3801 2370 3866 atque
2394 3794 2904 3865 idulolatraz,juxta
2922 3795 3101 3850 divini
3124 3796 3320 3851 Basilii
3338 3796 3596 3868 regulam
3610 3798 3690 3867 5‘;

2048 3883 2202 3938 hunc
2233 3885 2343 3939 iste
2374 3885 2443 3938 ad
2476 3883 2656 3938 altare
2699 3884 3044 3953 producens,
3077 3886 3236 3939 omni
3268 3885 3476 3957 populo
3516 3903 3692 3943 exau-

2045 3974 2261 4037 diente,
2320 3973 2589 4044 profanas
2648 3972 2780 4028 illas
2822 3990 2987 4028 voces
3049 3974 3302 4045 proferre
3341 3992 3521 4032 ausus
3578 3982 3688 4044 est,

2046 4062 2481 4117 consideremus
2515 4077 2729 4132 quaeso,
2764 4061 2948 4129 Pater,
2984 4079 3161 4134 quam
3193 4063 3485 4120 horrenda
3515 4081 3603 4120 res
3633 4073 3687 4122 et

2045 4150 2298 4204 absurda
2320 4150 2511 4212 sit,sic
2542 4151 2692 4205 enim
2732 4150 2842 4205 illa:
2865 4167 2925 4204 se
2957 4151 3206 4205 habent:
3243 4171 3268 4202 cr
3296 4152 3404 4215 Tu,
3426 4152 3684 4220 Domine,

2045 4239 2208 4293 mitte
2268 4255 2502 4293 manum
2564 4244 2722 4293 tuam
2759 4241 2828 4293 de
2878 4245 3077 4294 sancto
3120 4240 3448 4296 habitaculo
3479 4246 3600 4306 tuo,
3634 4248 3691 4297 et

2044 4326 2317 4382 famulam
2351 4333 2507 4382 tuam
2546 4328 2761 4383 famulo
2796 4334 2894 4383 tuo
2927 4328 3538 4399 conjunge.Connecte
3560 4330 3687 4387 illos

2042 4416 2100 4470 in
2128 4423 2328 4471 mutua
2347 4416 2674 4481 concordia,
2693 4419 2848 4472 socia
2865 4432 2961 4471 eos
2987 4417 3044 4471 in
3069 4433 3300 4473 carnem
3324 4435 3526 4486 unam,
3542 4436 3689 4490 quos

2046 4507 2151 4561 tibi
2184 4505 2370 4561 visum
2402 4510 2484 4560 est
2513 4505 2664 4560 inter
2681 4522 2740 4561 se
2762 4506 3040 4577 capulari,
3067 4506 3433 4563 honorabiles
3460 4511 3692 4578 nuptias

281 4600 380 4652 τὸν
437 4597 614 4674 γάμον
672 4594 970 4666 ἀνάδειξον,
1030 4594 1291 4667 ἀμίαντον
1347 4594 1522 4650 αὐτῶν
1588 4597 1687 4665 τήν
1742 4595 1930 4664 κοίτην

2053 4594 2260 4649 redde:
2298 4594 2731 4647 immaculatum
2759 4609 2958 4648 eorum
2981 4598 3172 4648 torum
3198 4610 3473 4650 conserva
3504 4613 3517 4649 :
3543 4577 3693 4667 ipso-

285 4686 648 4760 ὂιατήρησοτ,
696 4682 1042 4755 ἆκηλίδωτον
1096 4684 1272 4738 αὐτῶν
1319 4685 1417 4752 τήν
1464 4679 1764 4757 συμϐίωσιν
1814 4681 1930 4737 δια-

288 4780 475 4847 μεῖναι
504 4772 834 4845 εύδόκησον.
878 4798 905 4825 (ι
940 4774 1057 4830 Οὐκ
1104 4774 1208 4845 ἄρα
1261 4773 1486 4851 φρικαὸν
1520 4773 1610 4826 καὶ
1658 4772 1926 4843 ἀκουόμε-

282 4887 405 4933 νον,
452 4863 541 4917 καὶ
589 4862 973 4935 ἒννοούμενοη
1034 4863 1199 4917 πόσον
1237 4862 1377 4916 ἐστὶν
1438 4861 1659 4915 ἐνταῦθα
1718 4859 1924 4915 ὑπολα-

288 4956 406 5030 βεῖν
459 4952 551 5007 τὸν
596 4953 972 5026 παροργισμὸν
1012 4955 1109 5006 τοῦ
1169 4950 1323 5021 ἁγίου
1381 4949 1693 5023 Πνεύματος
1755 4951 1808 5004 ἐν
1865 4952 1933 5020 τῇ

281 5041 514 5117 τοιαύτῃ
589 5039 934 5118 βλασφημίᾳ,
995 5040 1414 5115 συνοργισθῆναί
1461 5061 1519 5094 τε
1566 5040 1692 5100 τοὺς
1745 5041 1929 5114 ἁγίους

284 5126 558 5205 ἀγγέλους
615 5127 669 5182 ἐν
726 5133 843 5187 ταῖς
894 5126 1248 5190 τηλικαύταις
1302 5125 1679 5201 δυσφημίαις;
1726 5125 1762 5194 ἤ
1816 5130 1931 5188 πῶς

287 5219 353 5275 ού
387 5218 713 5292 παραυτίκα,
774 5216 847 5276 ὡς
886 5216 977 5270 τὸν
1030 5216 1199 5270 Δαθὰν
1249 5217 1337 5271 καὶ
1388 5211 1680 5291 Ἀϐειρῶν,
1733 5212 1930 5269 ὑπέλα-

286 5304 379 5364 ὅεν
422 5310 456 5377 ἡ
505 5313 575 5381 γῆ
628 5306 840 5384 χάνασα
891 5304 981 5359 τὸν
1040 5305 1323 5378 ὑφηγητήν
1379 5308 1475 5358 τοῦ
1524 5303 1781 5378 ψεύδους,
1839 5304 1927 5357 καὶ

287 5396 571 5454 δεικνύντα
599 5396 661 5449 τὸ
702 5394 895 5457 σκότος
928 5397 1064 5472 φῶς,
1110 5393 1201 5448 καὶ
1252 5394 1344 5448 τὸν
1387 5394 1615 5469 Χριστὸν
1658 5394 1734 5455 εἰς
1774 5392 1927 5448 ἐναν-

356 5575 405 5609 ⁵⁵
435 5574 615 5647 Epist.
649 5574 718 5630 ad
749 5570 1145 5644 Amphiloch.,
1176 5586 1307 5627 can.
1338 5573 1393 5625 7.

2044 4701 2171 4738 rum
2196 4683 2637 4738 contubernium
2669 4683 3083 4738 intaminatum
3110 4701 3341 4740 manere
3362 4687 3628 4741 concede.
3658 4707 3689 4736 »

2041 4778 2250 4827 Annon
2286 4772 2466 4843 igitur
2507 4772 2778 4827 horribile
2807 4779 2898 4827 est
2945 4775 3094 4843 quod
3127 4775 3385 4842 auditur,
3419 4777 3687 4846 quodque

2044 4860 2372 4932 cogitatur?
2401 4862 2686 4926 Quantam
2733 4862 3012 4916 aestimare
3066 4866 3151 4917 est
3204 4864 3385 4917 sancti
3442 4864 3692 4935 Spiritus

2043 4950 2502 5020 indignationem
2519 4966 2646 5005 esse
2658 4951 2729 5005 ob
2745 4951 3024 5020 ejusmodi
3044 4950 3459 5020 blasphemiam
3474 4954 3684 5023 ?quam

2043 5041 2418 5094 vehementer
2450 5055 2789 5094 succensere
2811 5056 2926 5094 una
2949 5056 3152 5095 omnes
3184 5046 3419 5096 sanctos
3451 5042 3687 5114 angelos

2042 5129 2114 5185 ob
2149 5136 2358 5184 tantam
2384 5128 2738 5198 impietatem
2767 5128 2795 5183 ?
2823 5134 2880 5183 et
2929 5130 3217 5200 quomodo
3266 5147 3377 5183 non
3424 5132 3687 5202 protinus

2042 5218 2351 5274 dehiscens
2381 5222 2535 5272 terra
2565 5219 2873 5290 absorpsit,
2908 5218 3061 5271 velut
3105 5219 3323 5273 Dathan
3355 5223 3410 5274 et
3441 5219 3677 5287 Abiron,

2039 5308 2533 5379 promulgatorem
2562 5307 2864 5374 mendacii,
2885 5308 2983 5378 qui
3004 5307 3478 5363 tenebraslumen
3502 5308 3675 5377 dicat,

2039 5398 2137 5467 qui
2160 5397 2447 5452 Christum
2485 5396 2804 5468 pugnantia
2826 5396 3157 5467 loquentem
3191 5397 3373 5451 facere
3400 5398 3683 5453 conetur?

353 5664 474 5739 (20)
503 5664 634 5720 Haec
664 5677 898 5736 quoque
928 5661 1142 5732 scripta
1169 5664 1261 5717 est
1288 5660 1544 5718 Platonis
1571 5663 1824 5720 nomine.
1858 5663 2090 5736 (Baron.
2123 5680 2260 5720 ann.
2293 5664 2419 5733 808,
2452 5680 2511 5718 n.
2548 5662 2658 5733 17.)
