4084 6284
395 370 510 429 975

1647 360 1708 423 S.
1756 359 2154 424 THEODORI
2199 363 2558 427 STUDIT/E

3683 372 3800 434 9'16

394 503 640 560 Prorsu
671 500 827 558 enim
865 514 1228 573 quascunque
1257 499 1597 571 pronuntiat
1627 499 1918 568 sacerdos,
1949 514 2041 556 ea-

2161 499 2444 573 τιολογίαν
2504 506 2810 574 περιπεσεῖν
2860 505 3240 578 πειρώμενον;
3288 509 3510 569 Πάντως
3548 511 3646 582 γάρ
3701 512 3806 564 ὅσα

392 593 522 650 dem
558 597 703 648 Deus
734 590 1080 647 confirmare
1110 605 1190 654 se,
1225 593 1280 644 et
1309 591 1434 642 rata
1469 587 1684 643 habere
1716 589 2041 655 denuntiat,

393 688 460 739 ut
508 698 754 752 magnus
803 681 1060 736 atfirmat
1099 678 1432 750 Dionysius.
1467 681 1680 733 Verum
1729 676 1826 731 ille
1872 676 2045 748 longa

394 772 672 844 patientia
691 770 951 843 pertulit,
984 769 1193 825 ostium
1226 763 1577 839 pcsnitentiaa
1609 771 1868 838 pandens
1900 769 2046 824 tanti

405 862 639 919 sceleris
687 878 802 927 reo,
837 863 1014 916 istum
1056 859 1284 928 deinde,
1337 873 1440 929 pro
1480 873 1545 912 eo
1587 858 1739 928 quod
1790 857 1926 913 ﬂere
1979 875 2044 914 ac

392 952 592 1024 lugere
624 967 811 1022 usque
842 951 910 1004 ad
943 953 1183 1004 mortem
1208 947 1426 1014 debuit,
1452 950 1508 1002 et
1527 947 1956 1003 abominandae
1979 965 2043 1005 ac

394 1043 770 1098 detestandus
798 1040 868 1096 ad
901 1037 1164 1094 vindictas
1189 1037 1395 1092 divinae
1419 1037 1746 1108 exemplum
1779 1035 1935 1109 apud
1959 1054 2046 1108 po-

395 1141 580 1188 steros
611 1128 863 1198 censeri,
884 1144 1090 1184 rursus
1120 1129 1178 1182 in
1213 1125 1527 1181 Ecclesium
1560 1125 1890 1192 introire,et
1921 1143 2045 1182 rur-

395 1238 498 1277 sus
525 1220 883 1276 sacerdotem
913 1234 1037 1274 esse
1069 1215 1390 1288 propalam.
1427 1215 1589 1285 Ergo.
1622 1217 1790 1286 quasi
1813 1215 2049 1287 praecla-

395 1327 527 1367 rum
577 1309 789 1379 aliquid
841 1311 1142 1379 patrasset,
1174 1308 1474 1375 ingressus
1506 1310 1630 1360 est:
1673 1307 2046 1378 devictusque

393 1400 678 1465 Christus,
712 1406 772 1454 ut
806 1397 906 1470 qui
939 1397 1213 1463 absurda,
1235 1394 1407 1450 istius
1438 1395 1678 1466 quidem
1711 1412 1827 1462 ore,
1854 1403 2048 1467 protu-

391 1490 577 1548 lisset.
608 1491 687 1545 Ac
718 1487 1004 1559 reliquum
1049 1491 1193 1556 erat,
1226 1489 1293 1542 ut
1331 1501 1423 1541 res
1455 1500 1557 1556 per
1587 1485 1887 1556 publicum
1920 1489 2045 1558 ejus

395 1578 786 1637 sacerdotium
821 1581 942 1633 tota
981 1575 1235 1631 Ecclesia
1283 1578 1483 1630 nostra
1527 1574 1928 1646 divulgaretur
1956 1578 2048 1632 fa-

389 1678 670 1740 ctumque
699 1683 904 1724 omnes
935 1665 1232 1722 communi
1276 1664 1549 1736 suffragio
1581 1665 2044 1736 comprobarent.

460 1758 611 1825 Quid
640 1757 795 1814 enim
824 1755 980 1811 aliud
1007 1756 1268 1810 futurum
1293 1769 1600 1810 censemus
1621 1753 1648 1808 ?
1675 1755 1774 1810 sed
1797 1755 1968 1817 absit,
1992 1760 2049 1812 et

388 1849 636 1906 fortasse
663 1845 800 1902 talia
825 1846 1099 1915 deinceps
1131 1859 1231 1916 per
1263 1843 1583 1914 improbam
1618 1842 2042 1899 aemulationem

389 1938 512 1995 fieri
537 1940 802 2009 oporteat
825 1952 838 1992 :
861 1938 1214 1991 coronentur
1245 1931 1588 2000 adulteri,et
1618 1934 1713 2002 qui
1747 1938 2042 2003 coronant,

393 2028 560 2100 quasi
586 2042 862 2099 magnum
886 2024 1118 2096 aliquod
1152 2023 1378 2078 facinus
1401 2023 1710 2086 ediderint,
1730 2023 2047 2094 multisque

393 2119 689 2191 prodesse,
721 2119 778 2172 et
817 2115 1137 2170 uniformes
1170 2113 1316 2169 ritus
1349 2111 1625 2167 inducere
1659 2112 1897 2182 possint.
1931 2113 2039 2168 Ηου

395 2207 630 2264 norifice
663 2206 735 2261 ab
795 2205 1069 2261 omnibus
1117 2202 1498 2272 excipiantur.
1559 2200 1667 2256 Sed
1710 2201 1905 2258 absit:
1941 2218 2044 2257 nec

393 2297 550 2352 enim
583 2294 680 2350 ille
725 2295 1031 2358 sacerdos;
1076 2308 1179 2349 nec
1227 2292 1308 2347 illi
1342 2291 1441 2361 qui
1499 2291 1666 2346 illum
1718 2291 2040 2347 imitantur.

392 2384 592 2457 Neque
614 2399 743 2439 vere
773 2398 904 2438 eum
935 2381 1095 2437 fallat
1115 2381 1269 2453 quod
1301 2381 1614 2451 imperator
1637 2381 1860 2451 fuitqui
1886 2380 2044 2435 adul-

391 2473 606 2530 terium
631 2472 1056 2530 commisit.Dei
1078 2471 1231 2527 enim
1259 2469 1413 2542 leges
1435 2471 1705 2525 omnibus
1731 2471 2046 2540 imperant,

394 2569 460 2620 ut
488 2563 772 2635 scriptum
795 2565 884 2617 est
913 2562 978 2617 ⁸⁸.
1009 2559 1406 2616 Nihilominus
1429 2559 1529 2630 qui
1555 2564 1668 2614 tam
1695 2564 1910 2614 tetrum
1935 2557 2044 2616 hoc

394 2655 613 2712 facinus
663 2653 924 2724 admisit,
957 2653 1278 2708 etiamnum
1337 2650 1730 2720 iniquitatem,
1763 2649 2044 2719 justitiam

393 2745 579 2801 facere
609 2741 906 2798 contendit
930 2758 946 2808 ;
970 2745 1045 2810 et,
1064 2740 1215 2812 quod
1244 2739 1356 2794 dici
1384 2738 1550 2806 solet,
1588 2754 1646 2794 se
1677 2738 1871 2810 ipsum
1903 2742 2046 2794 Prse-

395 2849 629 2892 cursore
645 2849 711 2889 ac
734 2832 996 2903 Baptista
1019 2829 1361 2886 sanctiorem
1385 2829 1704 2885 ostendere.
1720 2830 1864 2885 Cum
1886 2830 2044 2886 enim

396 2925 494 2981 ille
523 2923 807 2980 Herodem
837 2920 1167 2978 adulterum
1199 2919 1542 2990 coarguerit,
1575 2924 1631 2974 et
1670 2935 1770 2990 pro
1809 2921 2045 2978 veritate

397 3017 643 3070 mortem
676 3010 1000 3084 oppetierit,
1051 3009 1161 3065 iste
1200 3008 1482 3064 Herodem
1529 3007 1796 3076 alterum,
1830 3008 2044 3065 similis

398 3102 669 3160 adulterii
693 3102 880 3172 reipsa
901 3103 1283 3171 compertum,
1309 3102 1364 3154 et
1385 3097 1700 3164 coronavit,
1719 3102 1776 3153 et
1798 3099 1867 3153 ad
1893 3114 2045 3153 mor-

395 3198 510 3249 tem
544 3208 727 3264 usque
759 3189 1096 3262 complexus
1119 3193 1207 3244 est
1239 3205 1252 3242 :
1281 3204 1394 3244 non
1429 3188 1663 3259 quidem
1694 3188 1906 3256 verbis,
1940 3189 2041 3244 sed

2155 589 2182 642 6
2243 589 2415 662 ἱερεὺς
2481 589 2782 659 ὑποφαίνει,
2841 596 3010 648 ταῦτα
3065 595 3154 648 καὶ
3207 597 3334 658 Θεὸς
3386 601 3580 671 κυροῦν
3637 597 3807 678 ἐπαγ-

2151 675 2428 751 γέλλεται,
2472 683 2606 734 κατὰ
2647 681 2739 735 τὸν
2794 682 2956 756 μέγαν
3005 684 3283 740 Διονύσιον
3313 730 3325 742 .
3376 686 3547 743 Ἀλλὰ
3599 675 3802 765 μακρο-

2154 768 2341 839 θυμῶν
2409 769 2648 842 ἢνεγκεν,
2719 771 3026 847 ὑπανοίγων
3124 774 3288 846 θύραν
3360 777 3643 847 μετανοίας
3718 783 3799 850 τῷ

2152 856 2331 932 ἐνόχῳ
2361 865 2460 927 τῆς
2507 859 2797 934 ἁμαρτίας,
2843 862 2958 916 εἶτα
2989 863 3100 917 ἀντὶ
3149 868 3244 917 τοῦ
3289 864 3493 920 κλαίειν
3539 867 3625 921 καὶ
3678 889 3799 922 πεν-

2155 945 2262 997 θεῖν
2319 945 2408 999 τὸν
2465 951 2712 1001 τοιοῦτον
2778 947 2944 1023 μέχρι
3018 952 3265 1022 θανάτου,
3341 952 3679 1008 ἀπόπτυστόν
3737 975 3796 1008 τε

2154 1032 2407 1088 εἶναικαὶ
2437 1035 2804 1109 ἀποτρόπαιον
2847 1038 2921 1099 εἷς
2976 1039 3283 1116 ὑπόδειγμα
3329 1047 3449 1104 ταῖς
3505 1045 3796 1114 μετέπειτα

2154 1129 2382 1196 γενεαῖς,
2438 1125 2583 1186 θείας
2643 1125 3015 1195 ζηλοτυπίας·
3067 1129 3232 1185 πάλιν
3281 1129 3331 1185 ἐν
3378 1136 3446 1204 τῇ
3497 1131 3798 1204 Ἐκκλησία

2155 1212 2435 1285 εἰσελθεῖν,
2503 1216 2591 1269 καί
2661 1217 2824 1272 πάλιν
2910 1217 3171 1298 ὑπάρχειν
3233 1221 3378 1295 ἱερέα
3446 1220 3749 1299 ἀναφανδόν
3785 1268 3798 1281 .

2155 1301 2363 1361 Ούκοῦν
2396 1306 2469 1365 ὡς
2500 1304 2667 1360 καλόν
2696 1329 2749 1361 τι
2779 1309 3083 1383 πεπραχὼς
3116 1308 3435 1380 εἰσελήλυθε
3461 1331 3472 1342 ·
3524 1315 3614 1366 καὶ
3666 1321 3802 1386 Χρι-

2155 1393 2279 1453 στὸς
2347 1395 2600 1465 ἣττηται,
2659 1397 2774 1450 κατ’
2830 1396 2986 1452 αὑτὸν
3035 1398 3370 1476 παραλόγως
3421 1399 3752 1476 ὃιαγορεύων
3783 1446 3795 1459 .

2157 1485 2254 1537 Καὶ
2286 1480 2402 1538 δέον
2437 1481 2526 1539 διὰ
2549 1492 2648 1554 τῆς
2679 1485 2729 1540 ἐν
2765 1491 2842 1559 τῷ
2892 1492 3057 1559 κοινῷ
3107 1490 3418 1564 ἱερουργίας
3467 1489 3650 1561 αὑτοῦ,
3689 1490 3803 1546 δια-

2156 1568 2379 1640 δοθῆναι
2423 1573 2498 1635 εἰς
2550 1579 2721 1629 πᾶσαν
2771 1578 2870 1646 τὴν
2923 1579 3041 1632 καθ’
3107 1580 3248 1651 ἡμᾶς
3295 1579 3646 1650 Ἐκκλησίαν,
3707 1584 3803 1636 καὶ

2155 1667 2574 1736 συγκατανεῦσαι
2604 1665 2806 1726 πάντας
2838 1665 2924 1720 ἐπὶ
2955 1671 3034 1738 τῷ
3063 1667 3294 1740 τοιούτῳ
3333 1664 3475 1744 ἔργῳ
3504 1711 3516 1725 .

2223 1749 2283 1804 Τί
2314 1751 2416 1826 γὰρ
2467 1750 2608 1807 ἄλλο
2657 1755 2748 1808 καὶ
2793 1755 2857 1809 οὐ
2901 1760 3062 1810 τοῦτο
3102 1759 3424 1831 γενήσεταις
3486 1757 3662 1815 Ἀλλὰ
3717 1762 3797 1834 μή

2151 1838 2362 1912 γένοιτο
2390 1885 2401 1896 .
2437 1847 2528 1895 Δεῖ
2559 1840 2613 1897 δὲ
2642 1844 2788 1921 τάχα
2820 1844 2878 1898 ἐκ
2907 1845 3230 1920 παραζήλου
3260 1847 3366 1902 ἀπὸ
3399 1853 3494 1902 τοῦ
3527 1846 3684 1922 δεῖ)ρο
3734 1850 3798 1904 τὸ

2156 1930 2402 1983 τοιοῦτον
2434 1932 2716 2003 γίνεσθαι·
2765 1935 2850 1988 καὶ
2907 1935 3382 2014 στεφαοούσθωσαν
3435 1940 3650 2012 μοιχοὶ,
3704 1941 3798 1994 καὶ

2157 2019 2206 2072 οἱ
2286 2027 2688 2093 στεφανοῦντες,
2751 2025 2824 2086 ὡς
2887 2025 3019 2100 μέγα
3073 2049 3125 2082 τι
3203 2030 3646 2102 κατωρθωκότες,
3705 2029 3796 2084 καὶ

2155 2106 2281 2170 τοὺς
2323 2108 2568 2172 πολλοὺς
2620 2111 2874 2189 ὠφελεῖν,
2923 2113 3012 2169 καὶ
3072 2114 3278 2191 ἐνάγειν
3335 2117 3410 2180 είς
3460 2119 3799 2193 ὁμοτροπίαν

2157 2193 2445 2270 δυνάμενοι
2471 2242 2484 2255 ,
2526 2202 2974 2271 ’Δσπαζέσθωσαν
3009 2205 3112 2260 ὑπὸ
3143 2212 3250 2260 τῶν
3297 2204 3526 2261 πολλῶν
3559 2251 3572 2265 .
3626 2206 3804 2264 Ἀλλὰ,

2159 2289 2233 2357 μὴ
2269 2287 2480 2360 γένοιτο
2511 2308 2521 2320 '
2560 2288 2682 2346 οίίτε
2723 2292 2826 2369 γάρ
2857 2292 3058 2355 ἐκεῖνος
3110 2294 3305 2369 ἱερεὺς,
3331 2295 3453 2350 οἶίτε
3497 2297 3548 2351 οἱ
3599 2297 3798 2353 ἐκεῖνον

2160 2377 2534 2451 μιμούμενοι.
2596 2384 2684 2450 Μὴ
2735 2385 2835 2457 γὰρ
2885 2381 2935 2438 ἐν
2978 2383 3164 2457 ἐκείνῳ
3211 2386 3520 2455 ἀπατάσθω,
3573 2386 3654 2442 ὅτι
3710 2389 3804 2462 βα-

2161 2463 2342 2529 σιλεὺς
2391 2466 2457 2534 ἦν
2505 2469 2532 2522 6
2586 2471 2917 2545 μο’χεύσας.
2965 2475 3230 2548 Ἀρχουσι
3273 2476 3372 2548 γὰρ
3419 2477 3469 2529 οἱ
3521 2480 3617 2529 τοῦ
3669 2482 3804 2532 Θεοῦ

2158 2553 2318 2624 νόμοι
2370 2557 2609 2628 πάντων,
2655 2561 2790 2614 κατά
2838 2562 2900 2615 τὸ
2958 2564 3378 2638 γεγραμμένον.
3433 2563 3588 2621 Ἀλλ’
3646 2566 3803 2640 ὅμως

2154 2647 2314 2698 τοῦτο
2383 2643 2577 2719 δράσας
2634 2649 2693 2702 τὸ
2752 2651 3133 2725 παγχάλεπον,
3192 2648 3269 2708 ἔτι
3343 2654 3641 2733 φιλονεικεῖ
3699 2658 3800 2726 τὴν

2153 2731 2383 2806 ἀνομίαν
2417 2733 2763 2809 δικαιοσύνην
2791 2743 3054 2815 γνωρίσαι
3081 2760 3094 2772 ·
3124 2743 3214 2797 καὶ
3246 2743 3305 2798 τὸ
3471 2743 3800 2822 λεγόμενον,

2152 2820 2430 2894 ἀποδεῖξαι
2462 2826 2646 2881 ἑαυτὸν
2678 2833 2774 2882 τοῦ
2806 2828 3134 2905 Προὸρόμου
3166 2833 3253 2886 καὶ
3289 2820 3597 2889 Βαπτιστοῦ
3629 2836 3798 2889 ὁσιώ-

2151 2931 2344 2985 τερον.
2397 2915 2634 2970 Ἐκείνου
2691 2919 2794 2992 γὰρ
2853 2918 3175 2994 ἐλέγχοντος
3222 2922 3322 2990 τὴν
3371 2920 3618 2994 Ἡρώδου
3666 2945 3793 2996 μοι·

2151 2999 2326 3076 χείαν,
2384 3005 2474 3058 καὶ
2535 3005 2666 3081 ὑπὲρ
2725 3005 2984 3078 ἀληθείας
3053 3012 3418 3080 θνήτκοντος·
3481 3012 3639 3074 οὗτος
3697 3016 3794 3069 τὸν

2152 3086 2396 3178 δεύτερον
2425 3137 2438 3151 ,
2476 3093 2724 3168 Ἡρώδην
2761 3097 2833 3157 ὡς
2867 3096 3089 3168 ἀληθῶς
3117 3105 3185 3174 τῇ
3231 3101 3528 3175 ὁμοτρόπῳ
3563 3103 3790 3178 μοιχείᾳ

2153 3177 2514 3258 δεδειγμένον.
2575 3187 2660 3239 καὶ
2715 3186 3067 3265 ἐστεφάνωσε,
3117 3191 3208 3244 καὶ
3277 3191 3656 3261 κατησπάσατο
3712 3193 3803 3266 μέ-

400 3281 569 3340 factis
601 3281 746 3354 ipsis
782 3279 1130 3345 inclamans,
1172 3277 1451 3332 erravisse
1477 3277 1761 3332 Joannem
1795 3275 2041 3332 Praecur-

2162 3289 2258 3344 χρι
2292 3274 2518 3327 θανάτου
2547 3292 2558 3305 ⁸
2593 3272 2784 3349 λόγοις
2839 3279 2933 3350 μὲν
2965 3278 3045 3342 οὔ,
3081 3280 3264 3342 αὐτοῖς
3316 3277 3372 3334 δὲ
3421 3278 3600 3356 ἔργοις
3651 3258 3805 3356 φθεγ-

418 3387 630 3438 sorem,
648 3371 748 3442 qui
770 3367 1175 3441 intempestive
1188 3366 1588 3438 atqueinjusle
1602 3364 2057 3436 reprehenderit,

417 3466 473 3520 et
503 3466 764 3517 mortuus
795 3460 888 3514 sit.
932 3458 1042 3513 Sed
1095 3455 1266 3512 absit.
1299 3455 1399 3511 Ille
1425 3455 1579 3510 enim
1610 3454 1757 3525 legis
1789 3455 2060 3510 defensor

418 3568 483 3608 ac
516 3549 718 3622 flagitii
753 3547 1127 3620 proﬂigator;
1159 3544 1268 3599 iste
1309 3560 1444 3599 vero
1484 3543 1812 3598 divinorum
1845 3549 2059 3616 myste-

411 3642 630 3698 riorum
691 3638 1077 3702 conculcator,
1139 3638 1195 3688 et
1257 3633 1569 3704 illegitimaa
1628 3634 2058 3704 conJunctionis

408 3729 705 3800 copulator
733 3733 790 3783 et
839 3725 1187 3796 obsignator.
1222 3725 1287 3779 Et
1321 3723 1416 3778 ille
1457 3722 1691 3794 quidem
1727 3721 1941 3778 clamat
1966 3723 2051 3780 vel

407 3829 719 3876 mortuus:
755 3817 870 3872 Non
923 3814 1069 3883 licet,
1109 3813 1210 3868 tibi
1257 3813 1452 3868 habere
1508 3828 1740 3867 uxorem
1794 3812 2054 3884 Philippi

402 3911 597 3982 fratris
632 3908 714 3962 tui
743 3905 790 3939 ⁵⁷
825 3922 836 3960 :
872 3909 927 3960 et
958 3904 1015 3957 in
1065 3902 1304 3958 Herodis
1335 3917 1582 3974 persona
1612 3901 1736 3956 orbi
1783 3902 2050 3958 universo

403 3997 730 4064 denuntiat,
763 4012 835 4051 ne
865 3993 1179 4066 quisquam
1211 3993 1268 4048 in
1303 3996 1594 4063 posterum
1626 3991 1742 4046 tale
1771 3991 1909 4062 quid
1944 4009 2047 4047 au-

404 4089 554 4144 deat.
585 4087 698 4142 Iete
735 4089 926 4140 autem
959 4083 1162 4139 Herodi
1197 4081 1360 4137 alteri
1392 4081 1460 4137 ad
1484 4081 1640 4136 hunc
1672 4096 1856 4151 usque
1894 4081 2047 4137 diem

402 4183 604 4232 contra
631 4173 1140 4245 vociferaturipsis
1171 4173 1345 4227 rebus
1371 4187 1384 4225 :
1417 4171 1572 4226 Licet
1602 4170 1706 4225 tibi
1739 4171 2044 4241 conjugem

398 4265 612 4321 habere
657 4263 1016 4319 Theodotam
1059 4262 1382 4317 moecham:
1433 4260 1575 4316 etin
1604 4261 1731 4330 ejus
1774 4277 2042 4330 persona,

397 4353 756 4419 hominibus,
802 4358 864 4407 ut
891 4357 1170 4423 perpetuo
1203 4350 1589 4417 mcecbentur,
1614 4354 1806 4420 aperte
1838 4349 2042 4420 praaci—

395 4445 500 4517 pit,
534 4449 707 4515 atque
741 4447 802 4497 ut
840 4442 1166 4498 sacerdotes
1199 4439 1316 4497 sint
1357 4440 1455 4510 qui
1477 4439 1621 4495 tales
1652 4444 1948 4494 coronant.

461 4714 505 4769 Ο
559 4709 930 4766 temerarium
963 4706 1094 4763 cor!
1147 4706 1189 4762 Ο
1239 4709 1635 4778 contemptum
1670 4705 2032 4778 judiciorum

387 4804 489 4860 Dei
518 4803 529 4858 !
567 4803 716 4868 Quin
753 4799 1002 4856 universi
1036 4797 1231 4870 potius
1263 4797 1616 4867 redarguunt
1648 4797 1756 4852 hoc
1790 4796 2031 4866 facinus,

389 4910 563 4968 seque
594 4895 664 4950 ab
720 4892 830 4948 isto
890 4889 1147 4958 homine,
1177 4888 1263 4944 vel
1320 4888 1446 4943 cibo
1492 4893 1659 4943 tenus
1689 4894 1862 4958 atque
1893 4904 2034 4943 con-

389 5001 589 5055 gressu
621 4985 912 5055 separant,
947 4978 1060 5034 nisi
1110 4981 1408 5048 peccatum
1462 4985 1588 5047 post
1635 4976 2030 5035 omnimodam

389 5073 695 5132 sacerdotii
730 5069 1104 5141 privationem
1136 5066 1524 5122 conﬁteatur?
1567 5068 1872 5136 Propterea
1912 5066 2034 5137 pie-

382 5169 561 5222 tatem
595 5167 862 5224 vestram,
896 5166 948 5213 et
989 5160 1296 5224 attentum,
1329 5172 1431 5226 pro
1460 5156 1608 5210 sacri
1662 5155 1894 5211 habitus
1935 5173 2032 5212 ra—

379 5255 558 5323 tione,
593 5248 912 5319 disciplinse
946 5245 1201 5302 studium
1226 5247 1608 5313 obtestamur,
1634 5251 1697 5300 ut
1726 5245 1899 5300 verba
1915 5246 2032 5302 hac

380 5345 446 5400 ad
472 5343 695 5414 piorum
719 5336 1086 5393 dominorum
1120 5351 1290 5390 aures
1327 5334 1644 5405 perferatis.
1669 5335 2032 5391 Confidimus

376 5432 555 5499 enim,
588 5430 639 5484 si
673 5428 846 5495 hunc,
881 5425 1253 5481 sanctissimo
1285 5424 1615 5496 patriarcha
1675 5431 1876 5480 nostro
1927 5442 2030 5495 ap-

375 5522 678 5595 probante,
713 5515 1112 5589 represserint,
1149 5515 1267 5570 fore
1311 5519 1374 5568 ut
1421 5513 1785 5586 applaudant
1817 5515 2031 5586 angeli,

439 5700 486 5735 ⁵⁶
518 5699 683 5755 Rom.
717 5695 897 5753 xm.2
925 5709 1088 5766 seqq.
1121 5692 1164 5729 ⁵⁷
1206 5693 1378 5750 Marc.
1412 5709 1490 5761 v1,
1525 5694 1610 5748 16.

2166 3361 2416 3436 γὸμενος,
2451 3364 2524 3425 ὡς
2548 3364 2892 3436 πεπλάνηται
2920 3367 3179 3437 Ἰωάννης
3209 3370 3235 3423 6
3269 3367 3592 3444 Πρόδρομος
3639 3371 3807 3426 ἀκαί-

2166 3469 2294 3523 ρως,
2325 3452 2413 3505 καὶ
2445 3453 2660 3526 ἀνόμως
2691 3453 2962 3531 διελέγξας
2991 3459 3080 3512 καὶ
3123 3459 3407 3513 ἀποθανών
3437 3503 3450 3516 .
3502 3459 3675 3515 Ἀλλὰ
3727 3464 3805 3534 μή

2164 3542 2378 3614 γένοιτο
2415 3563 2426 3574 ·
2478 3546 2505 3598 6
2541 3547 2634 3617 μὲν
2687 3547 2788 3619 γὰρ
2847 3551 2944 3601 τοῦ
2995 3548 3166 3620 νόμου
3230 3550 3653 3624 ὑπερασπιστὴς,
3715 3552 3807 3606 καὶ

2162 3634 2256 3685 τοῦ
2319 3631 2518 3703 μύσους
2576 3633 2874 3708 ἐλεγκτής·
2932 3638 2957 3691 ὁ
3015 3635 3072 3692 δὲ
3118 3643 3224 3693 τὼν
3278 3638 3436 3693 θείων
3487 3641 3802 3714 μυστηρίων

2160 3724 2571 3792 καταπατητής,
2638 3724 2724 3777 καὶ
2791 3732 2889 3794 τῆς
2954 3725 3193 3800 ἀθέσμου
3288 3726 3617 3800 συμπλοκῆς
3687 3750 3805 3782 συν-

2159 3808 2336 3877 άπτης
2391 3809 2481 3864 καὶ
2538 3816 3045 3891 κατασφραγιστής.
3107 3815 3210 3871 Καὶ
3252 3816 3279 3870 ὁ
3337 3816 3432 3888 μὲν
3486 3817 3573 3870 καὶ
3623 3819 3797 3871 θανὼν

2163 3898 2300 3970 βοᾷ·
2365 3900 2480 3955 Οὐκ
2535 3898 2702 3970 ἒξεστί
2760 3923 2843 3956 σοι
2903 3901 3048 3978 ἔχειν
3126 3907 3223 3973 τήν
3285 3911 3511 3980 γυναῖκα
3589 3906 3796 3962 Φιλίπ-

2159 4006 2262 4039 που
2319 3992 2415 4041 τοῦ
2454 3985 2693 4066 ἀδελφοῦ
2748 4011 2880 4048 σου.
2940 3993 3043 4046 Κάν
3094 3997 3172 4063 τῷ
3216 3992 3464 4068 Ἡρώδου
3513 3997 3798 4069 προσώπῳ

2157 4070 2332 4147 ἐμϐοᾷ
2383 4078 2525 4151 πάσῃ
2563 4084 2631 4153 τῇ
2680 4079 2992 4154 οἰκουμένῃ,
3049 4081 3245 4154 μηκέτι
3292 4089 3539 4138 τοιοῦτον
3580 4083 3798 4158 τολμη-

2157 4165 2356 4234 θῆναι.
2420 4171 2474 4219 Ὁ
2528 4165 2583 4222 δὲ
2629 4165 2730 4231 ἕως
2777 4175 2873 4224 τοῦ
2929 4169 3019 4225 νῦν
3072 4171 3254 4233 αὐτοῖς
3312 4174 3492 4247 ἒργοῖς
3549 4174 3798 4250 ἄντικρυς

2153 4255 2337 4324 κράζει
2378 4261 2458 4328 τῷ
2506 4253 2736 4334 δευτέρῳ
2792 4257 3014 4334 Ἡρώδῃ
3043 4281 3055 4292 '
3109 4262 3320 4333 Ἔξεστί
3370 4283 3453 4316 σοι
3501 4261 3646 4338 ἔχειν
3699 4287 3795 4338 γυ-

2152 4349 2305 4398 ναῖκα
2333 4343 2599 4417 Θεοδότην
2627 4349 2728 4417 τὴν
2783 4349 3086 4425 μαχλῶσαν
3111 4369 3124 4382 ⁶
3166 4350 3263 4404 κάν
3296 4356 3374 4423 τῷ
3405 4353 3572 4407 αὑτοῦ
3622 4375 3798 4429 προσ-

2152 4436 2288 4507 ώπῳ
2347 4432 2646 4510 διαρρήδην
2704 4441 3028 4510 προστάσσει
3084 4436 3188 4501 ἕως
3255 4445 3348 4496 τοῦ
3408 4441 3608 4504 αἰῶνος
3674 4465 3792 4516 μοι-

2150 4525 2330 4600 χεύειν
2368 4529 2496 4587 τοὺς
2544 4528 2884 4604 ἀνθρώπους,
2933 4530 3025 4584 καὶ
3081 4529 3208 4592 τοὺς
3260 4529 3546 4593 τοιούτους
3596 4552 3789 4607 στεφα-

2070 4643 2115 4707 D
2147 4621 2368 4681 νοῦντας
2398 4619 2530 4672 εἶναι
2562 4617 2735 4693 ἱερέας
2761 4662 2773 4674 .

2217 4709 2284 4760 *Ὠ
2337 4705 2624 4783 τολμηρᾶς
2686 4707 2954 4783 ααρδίαςί
3015 4711 3078 4764 Ὣ
3133 4712 3585 4783 καταφρονήσεως
3651 4716 3787 4767 Θεοῦ

2143 4795 2466 4870 κριμάτωνι
2520 4796 2617 4851 Διὰ
2671 4797 2719 4851 τί
2774 4799 2848 4870 μὴ
2903 4797 3113 4870 μᾶλλον
3158 4795 3380 4860 ἕκαστος
3431 4801 3781 4874 καταγορεύεί

2140 4892 2240 4955 τῆς
2293 4886 2620 4955 ὑποθέσεως,
2663 4887 2753 4941 καὶ
2805 4885 3179 4942 διαστέλλεται
3225 4892 3322 4942 τοῦ
3369 4889 3644 4960 τοιούτου,
3696 4891 3788 4944 καὶ

2146 4977 2309 5050 μέχρι
2345 4977 2624 5050 βρώσεως,
2656 4975 2752 5030 εἶτ’
2784 4975 2879 5030 οὖν
2921 4975 3234 5052 συντυχίας,
3286 4978 3329 5032 εἰ
3366 4980 3439 5050 μὴ
3481 4977 3780 5054 ἐξαγορεύει

2140 5067 2240 5133 τὴν
2301 5064 2565 5139 ἁμαρτίαν
2627 5068 2761 5137 μετά
2806 5067 2868 5120 τὸ
2915 5066 3248 5120 παντάπασιν
3301 5065 3569 5141 εἷ’ργεσθαι
3623 5069 3781 5122 αὑτὸν

2141 5156 2201 5210 ἐκ
2229 5157 2404 5226 πάσης
2435 5157 2785 5232 ἱερουργίας;
2840 5154 3015 5211 Ἀλλά
3063 5153 3150 5210 διὰ
3197 5161 3357 5211 τοῦτο
3409 5154 3639 5231 δεόμεθά
3688 5179 3782 5212 σου

2140 5252 2238 5314 τῆς
2269 5240 2591 5314 θεοσεϐείας,
2625 5247 2718 5299 κπὶ
2769 5249 2867 5310 τῆς
2908 5247 3042 5299 κατὰ
3089 5245 3153 5300 τὸ
3205 5247 3350 5320 ἱερὸν
3395 5253 3588 5320 σχῆμα
3637 5247 3784 5318 ἀκρι-

2141 5331 2311 5404 ϐείας,
2345 5334 2614 5409 ἐνηχῆσαι
2661 5335 2734 5397 εἷς
2777 5336 2844 5390 τὰ
2889 5336 3001 5389 ὦτα
3046 5339 3152 5390 τῶν
3202 5334 3435 5390 εὐσεϐῶν
3478 5339 3639 5409 ἡμῶν
3690 5336 3782 5392 δε-

2143 5429 2358 5479 σποτῶν
2391 5424 2516 5486 τοὺς
2573 5426 2854 5488 τοιούτους
2886 5423 3084 5499 λόγους
3115 5469 3126 5480 .
3179 5424 3510 5499 Πιστεύομεν
3543 5427 3643 5499 γάρ
3695 5427 3779 5480 ὅτι

2141 5514 2184 5569 εἰ
2226 5518 2414 5569 τοῦτον
2474 5512 2872 5589 παραστείλωσι
2928 5513 3018 5568 σὺν
3068 5509 3285 5584 εὐδοκία
3331 5519 3427 5569 τοῦ
3473 5514 3774 5591 ἀγιωτάτου
