4084 6284
331 402 444 464 97⁵7

332 535 494 604 ἡμῶν
550 532 918 607 πατριάρχου,

334 623 791 697 ἀνευφημήσουσι
849 622 1043 682 πάντες
1100 621 1151 675 c't
1200 619 1381 697 ἅγιοι·
1434 624 1863 700 εὐφρανθήσεται
1917 622 1972 679 δὲ

332 714 419 768 καὶ
456 717 600 766 πᾶσα
629 715 663 781 ἡ
704 711 1037 781 Ἐκκλησία·
1089 714 1370 788 γενήσεται
1421 712 1476 767 δὲ
1525 716 1615 769 καὶ
1665 720 1743 786 τῷ
1790 712 1975 788 κράτει

338 801 518 857 αὐτῶν
552 802 699 862 θείας
750 802 950 855 ἄνωθεν
1004 800 1317 874 ἐπικουρίας
1358 806 1641 878 προσθήκη
1675 803 1887 873 πολλὴ,
1920 798 1975 857 ἕν

332 911 391 946 τε
420 888 732 963 προσλήψει
783 890 998 965 ἐχθρῶν
1029 912 1088 946 τε
1135 891 1224 945 καὶ
1257 890 1567 964 πολεμίων,
1610 893 1701 947 καὶ
1732 892 1781 947 ἐν
1825 894 1974 967 εἰρη-

334 980 453 1052 ναίᾳ
483 980 570 1034 καὶ
628 979 999 1054 μακροημέρῳ
1049 980 1222 1035 αὐτῶν
1278 985 1391 1055 ζωῇ
1423 1025 1435 1038 .
1488 988 1599 1037 Ποῦ
1634 982 1690 1037 δὲ
1736 983 1827 1037 καὶ
1878 984 1974 1053 θή-

338 1090 541 1142 σομεν.
605 1070 778 1143 Πάτερ
821 1072 956 1144 ἅγιε,
1006 1070 1132 1132 τοὺς
1185 1071 1365 1145 ἱεροὺς
1411 1073 1637 1133 κανόνας
1698 1070 1979 1147 ε’ίργοντας

340 1156 500 1211 αὐτὸν
529 1160 625 1211 τοῦ
656 1158 990 1230 ἱερατεύειν;
1030 1158 1122 1213 τὸν
1179 1160 1272 1231 μὲν
1318 1163 1533 1233 πρῶτον
1586 1162 1660 1233 μή
1712 1181 1978 1238 παραχω-

341 1252 534 1320 ροῦντα
568 1243 708 1319 μηδὲ
749 1246 824 1307 εἷς
879 1244 1240 1323 διγαμοῦντος
1283 1248 1459 1323 γάμον
1492 1249 1804 1319 ἐστιαθῆναι
1850 1270 1980 1324 πρε-

341 1332 619 1412 σϐύτερον,
671 1337 863 1411 καίπερ
925 1338 1080 1399 ὄντος
1137 1336 1199 1392 ἐκ
1254 1343 1391 1395 Θεοῦ
1439 1342 1979 1414 παρακεχωρημένου

340 1428 459 1481 ’Ότι
521 1424 578 1480 δὲ
636 1426 715 1489 εἰς
768 1428 857 1480 τὸν
914 1428 1291 1502 ἀποκήρυκτον
1350 1431 1439 1484 καὶ
1504 1433 1755 1505 μοιχινὸν
1825 1430 1980 1491 ὁλαις

339 1515 629 1590 τριάκοντα
658 1516 889 1589 ἡμέραις
949 1517 1273 1596 εὐώχησατο
1301 1538 1313 1550 ·
1342 1519 1432 1573 καὶ
1477 1519 1538 1573 οὐ
1592 1522 1755 1593 μόνον
1796 1524 1980 1591 τοῦτο,

342 1604 467 1659 ἀλλ’
508 1603 589 1659 ὅτι
630 1605 719 1659 καὶ
768 1607 895 1666 τοὺς
942 1606 1253 1676 νιαητικοὺς
1302 1607 1390 1663 ἐπὶ
1436 1614 1505 1684 τῇ
1557 1610 1816 1685 παρθενίᾳ
1859 1630 1981 1664 στε-

342 1696 540 1769 φάνους
575 1694 867 1749 ἐπιτέθεικε
894 1701 1010 1757 τοῖς
1045 1704 1267 1773 μοιχοῖς
1299 1699 1386 1753 καὶ
1420 1700 1740 1774 ἀκαθάρτοις
1767 1718 1780 1730 ·
1836 1700 1982 1762 τίνος

341 1784 425 1854 εἴη
476 1783 661 1853 ἄξιοςς
717 1787 910 1859 μικρὸν
962 1788 1108 1861 τάχα
1159 1790 1192 1856 ἡ
1245 1788 1553 1865 καθαίρεσις
1603 1792 1699 1863 [aL
1734 1791 1767 1858 ’ἤ
1799 1792 1984 1844 καθαι-

343 1874 562 1948 ρέσεως]
592 1894 604 1943 ;
637 1875 700 1929 Εἰ
733 1872 790 1927 δὲ
828 1876 990 1929 τοῦτο
1042 1874 1413 1947 ἀνεκδίκητον,
1464 1879 1689 1953 παίγνια
1726 1880 1792 1933 τὰ
1844 1881 1981 1949 θεῖα,

339 1965 428 2017 καὶ
457 1960 627 2017 ἕωλοι
667 1965 722 2017 οἱ
770 1965 991 2025 κανόνες
1021 2009 1031 2020 .
1088 1967 1230 2020 Κατὰ
1283 1965 1339 2020 δὲ
1385 1969 1475 2022 τὸν
1524 1966 1770 2043 δεύτερον
1818 1967 1984 2023 πάλιν

340 2052 567 2121 κανόνα,
618 2054 703 2107 ὅτι
737 2053 764 2107 6
799 2053 1086 2107 ὑποπεσὼν
1144 2049 1195 2108 ἔν
1246 2077 1354 2110 τινι
1403 2056 1705 2134 σφάλματι,
1757 2057 1844 2111 καὶ
1896 2055 1986 2111 διὰ

342 2146 504 2196 τοῦτο
536 2141 868 2218 ἀφορισθεὶς,
912 2142 957 2195 εἰ
994 2144 1068 2214 μὴ
1129 2143 1277 2205 ἐντὸς
1322 2143 1569 2199 ἐνιαυτοῦ
1601 2146 1982 2221 ἐπαγωνίσεται

340 2234 410 2304 τῇ
444 2229 617 2303 οἰκείᾳ
650 2230 918 2301 συστάσει,
953 2232 1052 2287 οὐκ
1090 2232 1205 2303 ἐξὸν
1239 2228 1315 2289 ἔτι
1366 2238 1551 2309 φωνὴν
1600 2237 1766 2291 αὐτοῦ
1814 2257 1982 2310 προσ-

344 2316 640 2394 δεχθῆναι.
699 2322 758 2377 Ὀ
790 2318 846 2375 δὲ
898 2320 1045 2377 ἐννέα
1093 2324 1327 2398 χρόνους
1384 2324 1639 2399 ὑπερϐὰς,
1691 2324 1983 2398 εἰσεπήδη-

345 2430 431 2465 σεν
464 2409 514 2464 ἐν
548 2415 617 2483 τῇ
657 2410 957 2482 Ἐκκλησία
982 2456 994 2469 .

416 2500 478 2555 Εἰ
513 2498 569 2554 δὲ
612 2498 785 2574 λέγοι,
836 2501 983 2575 παρά
1030 2508 1125 2557 τοῦ
1173 2505 1602 2580 προηγουμένου
1652 2501 1837 2561 λαϐεῖν
1882 2506 1981 2573 τήν

348 2587 673 2663 ἐπιτροπὴν,
732 2592 817 2645 καὶ
880 2592 1215 2666 ἀνέγκλητον
1269 2593 1403 2647 εἶναι
1450 2595 1550 2663 τὴν
1590 2595 1880 2649 ὑπόθεσιν·
1929 2595 1984 2649 τί

346 2676 549 2747 δήποτε
611 2680 717 2753 οὐχ
776 2681 803 2734 6
854 2682 1142 2756 ἐπιτρέψας
1202 2683 1544 2757 αὐτούργησε
1598 2686 1981 2761 στεφανώσαςς

345 2769 495 2822 Ἒστι
538 2770 641 2843 γὰρ
698 2769 912 2832 πάντως
962 2772 1327 2847 πατριάρχαις
1378 2771 1619 2847 βασιλεῖς
1672 2778 1982 2850 στεφανοῦν,

348 2856 456 2931 οὐχ
486 2858 633 2931 ἱερέα
671 2861 824 2915 τινά.
878 2862 952 2915 Ού
1003 2862 1102 2936 γὰρ
1152 2862 1377 2916 πώποτε
1430 2865 1753 2939 γεγένηται.
1808 2863 1985 2920 Ἀλλὰ

348 2946 516 3017 δῆλον
548 2949 631 3005 ὅτι
662 2948 908 3005 κινδύνου
941 2953 1085 3024 αὐτῷ
1125 2953 1376 3026 κειμένου
1409 2952 1484 3013 εἷς
1515 2956 1683 3023 αὐτὴν
1731 2957 1830 3023 τήν
1883 2958 1984 3028 ἀρ-

346 3044 689 3117 χιερωσύνην
736 3043 1095 3119 καθαιρέσεως
1154 3046 1321 3120 εὑρὼν
1368 3051 1627 3101 τοσοῦτον
1674 3049 1987 3121 προθυμού-

349 3150 510 3201 μενον
546 3135 630 3202 (ἥν
665 3136 767 3207 γὰρ
801 3135 1256 3208 συναυλιζόμενος
1289 3136 1363 3199 εἷς
1390 3138 1457 3190 τὰ
1509 3135 1800 3210 βασίλεια),
1841 3158 1981 3211 παρ-

345 3220 581 3295 έπεμψεν
613 3223 691 3285 εἷς
721 3226 785 3278 τὸ
815 3225 1021 3280 ἐκείνου
1051 3226 1342 3302 πρόσωπον
1370 3228 1459 3282 τὸν
1493 3226 1739 3282 κίνδυνον
1764 3248 1776 3260 ·
1835 3227 1982 3304 εἷ’περ

1614 397 2162 465 EPISTULARUM
2207 398 2357 461 LIB.
2402 397 2453 458 Ι.

1012 532 1365 606 ἐπικροτῆσαι
1422 532 1637 610 ἔχουσιν
1699 533 1923 611 ἄγγελοι
1955 554 1968 567 '

2092 532 2416 589 collaudent
2429 546 2633 587 omnes
2657 529 2862 597 sancti,
2895 526 3141 584 exsultet
3159 525 3412 583 Ecclesia
3427 525 3699 582 universa
3720 540 3735 579 :

3612 390 3731 449 978

2086 624 2344 693 ipsorum
2387 625 2582 677 autem
2641 617 2884 690 imperio
2935 633 3213 689 magnum
3248 614 3449 672 auxilii
3480 614 3732 672 caelestis

2085 713 2505 767 incrementum
2537 712 2771 767 accedat
2802 724 2815 762 :
2867 712 2991 763 tum
3038 705 3500 763 adversariorum
3535 709 3593 762 et
3623 705 3728 762 ho-

2084 801 2262 857 stium
2322 798 2779 870 comprehensio,
2841 804 2896 852 et
2953 796 3277 867 tranquillas
3326 797 3732 867 diuturnaetu

2086 889 2212 945 vitae
2243 905 2439 946 eorum
2492 888 2755 944 felicitas.
2790 889 3054 953 Quonam
3087 894 3279 951 autem
3311 885 3436 942 loco
3454 884 3724 942 censebi—

2088 994 2243 1048 mus,
2277 983 2446 1035 Pater
2475 988 2693 1047 sancte,
2724 993 2922 1033 sacros
2959 992 3235 1046 canones,
3269 975 3369 1047 qui
3412 973 3731 1031 sacerdotio

2087 1069 2254 1124 illum
2306 1068 2551 1125 arcent?
2582 1084 2648 1123 ac
2688 1067 2940 1140 priorem
3002 1066 3235 1138 quidem
3298 1064 3468 1121 illum
3497 1065 3596 1135 qui
3630 1079 3734 1119 nec

2088 1160 2312 1231 epulari
2358 1158 2757 1230 presbyterum
2809 1156 3092 1229 permittit
3140 1156 3200 1211 in
3232 1155 3452 1227 bigami
3511 1152 3734 1225 nuptiis

2090 1248 2357 1320 quamvis
2387 1247 2557 1305 licitas
2588 1246 2701 1303 illas
2724 1248 2844 1303 sint
2872 1254 2927 1303 et
2957 1263 2990 1302 a
3011 1248 3125 1302 Deo
3144 1246 3440 1315 permisere
3470 1244 3537 1298 ⁵⁸.
3572 1242 3733 1309 Quod

2087 1355 2222 1394 vero
2254 1339 2362 1394 iste
2391 1354 2505 1394 non
2530 1338 2588 1393 in
2619 1336 2793 1393 licitis
2810 1335 3050 1408 nuptiis,
3077 1336 3177 1391 sed
3201 1336 3259 1390 in
3286 1334 3477 1391 vetitis
3498 1337 3555 1389 et
3575 1332 3729 1388 adul-

2092 1429 2289 1484 terinis
2318 1432 2470 1483 totos
2497 1426 2744 1497 triginta
2781 1426 2902 1480 dies
2932 1424 3202 1496 epulatus
3233 1425 3344 1492 sit;
3410 1438 3597 1494 neque
3624 1422 3734 1478 hoc

2089 1521 2340 1583 tantum,
2375 1518 2473 1572 sed
2505 1516 2782 1572 adulteris
2812 1519 2988 1586 atque
3011 1514 3257 1585 impuris
3288 1513 3552 1569 victrices
3582 1527 3738 1568 coro-

2090 1623 2196 1662 nas
2230 1606 2578 1675 virginitatis
2611 1606 2973 1677 imposuerit,
3024 1621 3140 1675 qua
3174 1620 3342 1675 paena
3372 1604 3584 1674 dignus
3607 1600 3740 1658 est?

2091 1712 2164 1750 an
2201 1695 2406 1750 minori
2444 1696 2688 1751 fortasse
2718 1711 2894 1767 quam
2929 1692 3335 1766 depositione?
3367 1693 3528 1760 Quod
3562 1692 3613 1746 si
3644 1690 3739 1745 in-

2092 1783 2283 1839 ultum
2316 1784 2371 1838 id
2407 1783 2897 1853 maneat,ludicra
2917 1784 3040 1853 jam
3072 1786 3208 1837 sunt
3228 1781 3442 1851 divina,
3467 1780 3742 1836 etinanes

2093 1890 2158 1928 ac
2199 1874 2385 1929 frivoli
2425 1890 2696 1929 canones.
2746 1872 3010 1927 Alterum
3069 1871 3295 1939 deinde,
3353 1870 3509 1941 quod
3542 1885 3743 1924 rursus

2094 1965 2381 2019 sancitum
2422 1963 2518 2030 sit,
2551 1964 2696 2032 ejus,
2731 1962 2828 2033 qui
2862 1962 2919 2016 in
2963 1960 3184 2017 crimen
3234 1960 3469 2031 aliquod
3517 1958 3738 2029 lapsus,

2094 2070 2159 2109 ac
2193 2061 2492 2124 propterea
2522 2052 3064 2108 excommunicatus
3087 2049 3182 2117 sit,
3205 2049 3318 2105 nisi
3345 2051 3496 2103 intra
3520 2062 3739 2102 annum

2096 2141 2459 2198 reconciliari
2493 2143 2822 2206 contendat,
2857 2156 3049 2194 vocem
3082 2137 3309 2193 admitti
3344 2143 3545 2209 postea
3578 2136 3739 2190 nefas

2094 2245 2222 2286 esse
2267 2228 2335 2285 5°.
2378 2230 2496 2285 Iste
2526 2246 2680 2299 vero,
2726 2230 2822 2301 qui
2857 2243 3061 2285 novem
3119 2226 3367 2283 excessit
3402 2240 3607 2292 annos,
3669 2223 3727 2278 in

2092 2320 2412 2377 Ecclesiam
2444 2319 2674 2375 insiliit.

2165 2509 2326 2575 Quod
2359 2509 2408 2564 si
2441 2508 2596 2564 dicat
2626 2526 2688 2565 se
2720 2526 2754 2564 ιι
2785 2508 3026 2579 praesule
3058 2524 3164 2564 suo
3195 2508 3537 2564 mandatum
3570 2524 3739 2566 acce-

2094 2599 2271 2669 pisse,
2303 2598 2551 2669 ideoque
2588 2597 2757 2669 culpa
2788 2598 2846 2652 in
2878 2598 2988 2654 hoc
3020 2597 3250 2670 negotio
3282 2613 3501 2669 vacare,
3526 2598 3732 2671 quidni

2093 2703 2229 2759 ergo
2297 2688 2397 2759 qui
2439 2689 2718 2758 jusserat,
2770 2687 3015 2759 ipsemet
3059 2686 3397 2742 coronavit?
3426 2687 3549 2743 Mos
3578 2688 3736 2744 enim

2091 2776 2263 2848 plane
2292 2780 2381 2832 est
2412 2784 2472 2831 ut
2504 2778 2883 2847 imperatores
2918 2780 3196 2832 coronent
3226 2775 3591 2847 patriarcha,
3615 2793 3729 2833 non

2092 2868 2361 2924 sacerdos
2375 2867 2623 2939 quilibet
2646 2884 2659 2922 :
2683 2884 2869 2939 neque
2885 2868 3209 2923 enimistud
3235 2884 3493 2939 unquam
3521 2868 3734 2923 factum

2093 2957 2220 3012 fuit.
2281 2958 2392 3013 Sed
2427 2957 2797 3028 perspicuum
2829 2962 2937 3024 est,
2968 2973 3100 3014 cum
3135 2956 3454 3030 periculum
3488 2958 3598 3029 ipsi
3630 2959 3737 3013 im-

2092 3047 2365 3116 penderet
2395 3063 2466 3101 ne
2497 3046 2993 3118 archiepiscopatu
3025 3046 3155 3118 ipso
3185 3047 3441 3117 dejectus
3479 3046 3736 3117 privare-

2091 3138 2183 3190 tur
2200 3151 2212 3189 :
2229 3140 2286 3190 et
2301 3134 2458 3191 hunc
2470 3140 2805 3207 promptum
2823 3136 3012 3190 animo
3028 3143 3413 3207 paratumque
3429 3140 3636 3191 nactus
3651 3152 3735 3192 es-

2090 3229 2173 3279 tet
2189 3225 2272 3297 (in
2298 3225 2429 3280 aula
2446 3225 2601 3280 enim
2620 3226 2993 3295 versabatur)
3009 3225 3322 3281 discrimen
3347 3225 3406 3280 in
3422 3225 3549 3296 ejus
3563 3235 3738 3296 caput

342 3310 434 3364 καὶ
474 3311 675 3382 ἀληθὲς
725 3312 808 3367 δτι
864 3316 954 3369 καὶ
1004 3315 1288 3391 ἐπέτρεψεν
1317 3337 1329 3349 ·
1381 3316 1441 3370 ού
1481 3320 1585 3391 γὰρ
1632 3303 1979 3390 πιστεύομεν,

2092 3316 2497 3383 transtulisse;
2515 3314 2818 3386 siquidem
2834 3331 3031 3371 verum
3045 3320 3133 3371 est
3146 3314 3312 3371 illum
3330 3315 3733 3371 demandasse:

346 3400 474 3473 ὑμῖν
504 3422 560 3456 τε
580 3403 667 3457 καὶ
700 3401 895 3468 ἄλλοις
923 3404 1160 3467 πολλοῖς
1191 3405 1708 3484 πεπληροφορηκώς
1759 3411 1827 3481 [Γ.
1886 3430 1985 3463 πε-

342 3487 860 3565 πληροφορηκόσιν]
891 3536 901 3548 .
953 3494 1014 3550 Εἰ
1070 3492 1125 3548 δὲ
1169 3495 1333 3550 πάλιν
1386 3496 1536 3570 λέγοι
1574 3498 1649 3570 μή
1702 3499 1836 3552 εἶναι
1884 3498 1984 3574 ἀφ-

343 3581 646 3652 ωρισμένος
692 3582 792 3636 ὑπὸ
843 3583 939 3637 τοῦ
991 3586 1479 3658 προηγησαμένου,
1525 3588 1576 3642 τί
1629 3585 1835 3657 δήποτε
1883 3587 1984 3643 οὐκ

342 3666 673 3745 ἐλειτούργει
705 3669 756 3724 ἐν
802 3677 919 3733 τοῖς
966 3671 1109 3727 ἐννέα
1160 3667 1297 3728 ἔτεσι
1332 3695 1344 3743 ;
1376 3676 1429 3730 τί
1479 3674 1681 3745 δήποτε
1714 3676 1816 3731 ὑπὸ
1867 3698 1985 3731 συν-

344 3754 497 3828 όδου,
531 3757 605 3819 ὡς
648 3756 816 3833 λέγει,
856 3764 947 3814 νῦν
1000 3758 1219 3815 λέλυται
1248 3782 1262 3832 ;
1295 3760 1475 3831 Δῆλον
1521 3762 1603 3816 ὅτι
1637 3764 1664 3815 6
1697 3761 1981 3836 δεδεμένος

343 3841 591 3911 λέλυται,
625 3844 729 3920 οὐχ
760 3848 787 3899 6
820 3844 1007 3909 ἄδετος
1030 3889 1042 3900 .
1086 3848 1249 3903 ⁸Ώστε
1280 3850 1452 3919 ἑαυτῷ
1501 3849 1812 3923 περιπίπτει
1863 3852 1984 3905 κάν-

341 3935 509 3986 ταῦθα
541 3934 827 4007 εἷργμένος
870 3935 1027 4005 εἶναι,
1068 3934 1148 4013 ἐφ’
1193 3937 1316 3991 ὅσον
1371 3937 1469 3991 οὐκ
1499 3936 1646 4001 ἐντὸς
1676 3944 1769 3994 τοῦ
1817 3940 1983 3994 ἐνιαυ-

341 4024 459 4085 τοῦ,
507 4023 641 4076 κατά
684 4024 773 4077 τὸν
825 4025 1042 4093 κανόνα,
1095 4024 1358 4098 ὑπέδείξεν
1410 4026 1594 4081 ἑαυτὸν
1652 4029 1846 4099 ἀθῶον,
1891 4029 1978 4083 καὶ

342 4105 508 4164 ἔλαϐε
538 4114 636 4180 τήν
674 4112 825 4167 λύσιν
866 4113 1153 4189 ἐμφανῶς.
1206 4116 1371 4189 Εἴπερ
1403 4117 1467 4185 ἦν
1519 4116 1672 4179 λύσις
1720 4119 1798 4189 τῷ
1849 4119 1978 4173 ὁλο-

344 4197 572 4273 δεσμίῳ,
605 4200 699 4256 κᾶν
733 4206 964 4276 μυρίους
994 4209 1227 4279 παριστᾷ
1257 4203 1702 4282 ψευδομάρτυρας
1726 4251 1737 4263 .

415 4379 598 4434 Ταῦτά
627 4378 759 4444 ἐστι,
813 4382 984 4455 Πάτερ
1036 4383 1171 4459 ἅγιε,
1204 4382 1269 4437 τὰ
1313 4379 1581 4461 φοϐοῦντα
1627 4384 1716 4440 καὶ
1767 4386 1979 4442 συστέλ-

342 4468 507 4522 λοντα
536 4471 697 4540 ἡμῶν
728 4471 826 4537 τὴν
859 4469 1081 4545 καρδίαν
1114 4513 1128 4527 .
1168 4473 1269 4526 Καὶ
1298 4471 1388 4527 διὰ
1417 4478 1583 4528 ταῦτα
1612 4478 1746 4549 πρὸς
1786 4477 1847 4529 τὸ
1901 4478 1976 4549 μὴ

336 4564 666 4625 κοινωνῆσαι
698 4559 842 4630 αὐνῷ
866 4581 923 4613 τε
967 4562 1057 4615 καὶ
1110 4560 1188 4633 τῷ
1235 4563 1674 4638 προηγησαμένῳ
1722 4567 1977 4640 πατριάρ-

2092 3420 2196 3460 nec
2228 3404 2382 3459 enim
2400 3404 2693 3459 credimus
2719 3405 2914 3459 :vobis
2938 3404 3189 3476 aliisque
3212 3403 3480 3476 plurimis
3505 3407 3737 3459 contra-

2093 3494 2244 3548 ruim
2286 3491 2789 3563 persuadentibus.
2841 3494 3000 3559 Quod
3035 3493 3083 3549 si
3136 3509 3361 3548 rursum
3392 3492 3545 3547 dicat
3570 3508 3629 3547 se
3663 3492 3734 3547 ab

2092 3583 2189 3638 illo
2220 3588 2345 3637 tum
2384 3581 2629 3654 praesule
2659 3583 3231 3638 excommunicatum
3266 3600 3379 3637 non
3414 3582 3615 3649 fuisse,
3636 3597 3734 3637 cur

2091 3690 2226 3745 ergo
2258 3690 2463 3730 novem
2494 3690 2782 3729 annorum
2806 3674 2992 3744 spatio
3025 3690 3138 3729 non
3166 3673 3516 3729 sacriﬁcavit
3540 3690 3552 3739 ;
3579 3689 3682 3727 cur
3704 3688 3737 3727 a

2092 3765 2333 3835 synodo,
2366 3768 2432 3819 ut
2479 3764 2579 3829 ait,
2615 3780 2765 3819 nunc
2796 3768 2884 3818 est
2912 3763 3252 3819 absolutus?
3282 3768 3449 3832 Sane,
3483 3762 3585 3834 qui
3609 3761 3737 3816 vin-

2092 3862 2219 3909 ctus
2248 3853 2297 3907 is
2328 3854 2551 3909 solutus
2576 3858 2684 3919 est,
2720 3870 2832 3908 non
2859 3853 2957 3924 qui
2990 3854 3224 3909 vinctus
3257 3870 3370 3907 non
3396 3852 3733 3917 esset.Quo-

2092 3944 2243 3999 circa
2272 3960 2471 3999 secum
2531 3943 2656 4014 ipse
2687 3948 2923 4015 pugnat,
2955 3947 3011 3997 et
3053 3942 3431 3998 constrictum
3468 3941 3643 3997 teneri
3674 3955 3735 3995 se

2090 4033 2226 4088 hinc
2258 4034 2534 4103 ostendit,
2568 4034 2722 4106 quod
2758 4050 2870 4089 non
2901 4032 3054 4088 intra
3081 4032 3218 4088 anni
3240 4031 3511 4103 spatium,
3547 4036 3607 4084 ut
3638 4045 3733 4084 ca-

2090 4140 2202 4179 non
2230 4124 2416 4193 jubet,
2462 4125 2750 4179 insontem
2798 4140 2859 4179 se
2898 4121 3242 4190 exhibuerit,
3274 4119 3735 4176 absolutionem-

2090 4228 2203 4282 que
2220 4214 2409 4283 palam
2425 4212 2762 4284 susceperit.
2782 4212 2840 4268 Si
2866 4213 3037 4268 modo
3064 4210 3362 4266 absolutus
3376 4207 3652 4264 fuitomni
3667 4222 3736 4263 ex

2090 4302 2541 4371 parteirretitus,
2565 4299 2832 4371 quamvis
2850 4299 3208 4356 falsostestes
3241 4298 3399 4354 mille
3426 4298 3728 4369 producat.

2158 4392 2288 4445 Haec
2310 4395 2465 4459 sunt,
2500 4374 2671 4444 Pater
2700 4395 2920 4455 sancte,
2952 4404 3080 4459 quas
3103 4392 3385 4443 terrorem
3412 4386 3731 4455 incutiunt,

2087 4483 2145 4536 et
2173 4496 2270 4535 cor
2318 4490 2582 4537 nostrum
2633 4479 2829 4535 dolore
2872 4478 3247 4535 contrahunt.
3287 4478 3389 4546 Ac,
3424 4480 3725 4547 propterea

2090 4571 2245 4640 quod
2280 4586 2412 4625 cum
2465 4571 2576 4625 isto
2608 4585 2723 4626 non
2756 4568 3344 4635 communicaremus,
3377 4581 3565 4636 neque
3595 4580 3727 4621 cum

338 4664 415 4719 χῃ
443 4688 457 4714 ,
489 4645 619 4700 ἐπὰν
658 4645 938 4719 μετεδίδου
972 4648 1050 4721 τῷ
1074 4651 1427 4724 μοιχεύσαντι
1457 4671 1470 4684 ·
1517 4652 1975 4727 ἀπεκλείσθημεν,

2092 4629 2443 4728 praecedente
2464 4657 2813 4730 patriarcha,
2847 4654 2943 4728 qui
2974 4653 3237 4712 adultero
3255 4629 3729 4710 communionem

338 4733 450 4808 ἐγὼ
496 4734 549 4789 ἐν
584 4737 628 4808 ᾦ
659 4736 856 4811 καθέζῃ
906 4738 1079 4811 τόπῳ,
1114 4741 1139 4793 ὁ
1172 4740 1470 4815 ἡγούμενος
1518 4764 1576 4797 τε
1624 4744 1712 4797 καὶ
1763 4745 1813 4798 οἱ
1859 4744 1977 4800 λοι-

338 4823 435 4878 ποὶ
470 4823 560 4879 σὺν
602 4830 680 4897 τῷ
727 4828 1143 4901 ἀρχιεπισκόπῳ
1189 4830 1240 4882 ἐν
1286 4834 1355 4903 τῇ
1407 4834 1771 4907 Θεσσαλονίκῃ
1824 4834 1979 4909 ὓπερ-

338 4910 641 4985 ορισθέντες
668 4954 679 4967 .
737 4912 892 4970 Ἀλλ’
933 4917 961 4969 6
1016 4917 1144 4978 Θεὸς
1184 4916 1350 4972 πᾶλιν
1396 4916 1782 4995 ἓπισυνήγαγεν
1829 4924 1977 4995 ἡμᾶς

339 5000 531 5074 εὐχαῖς
562 5022 660 5055 σου
685 5020 697 5032 ·
733 5005 829 5057 Καὶ
861 5005 1034 5066 οὕτως
1069 5007 1140 5068 ὠς
1187 5005 1374 5081 ἔττχεν
1414 5008 1703 5081 ἡνώθημεν
1755 5014 1833 5081 τῷ
1882 5032 1978 5065 πα-

334 5091 603 5167 τριάρχῃ,
638 5091 679 5144 εἰ
726 5094 801 5163 μή
836 5093 1176 5168 ὡμολόγησε
1206 5096 1391 5159 καλῶς
1418 5099 1567 5164 ἡμᾶς
1597 5099 1975 5169 πεποιηκέναι.

336 5178 458 5235 Ἐὰν
503 5176 595 5231 οὖν
649 5177 762 5233 οὐδ’
813 5180 901 5235 ὅτε
928 5182 962 5250 ἦ
1001 5184 1224 5258 μοιχεία
1253 5186 1340 5254 ἦν,
1389 5186 1478 5238 καὶ
1576 5208 1683 5241 των
1732 5189 1975 5243 κανόνων

334 5262 659 5340 παράϐασις,
721 5269 827 5345 οὐχ
885 5270 1264 5345 ὐπεστάλημεν
1352 5271 1579 5346 δυνάμει
1638 5282 1807 5331 Θεοῦ·
1856 5283 1973 5341 πῶς

336 5355 426 5411 οὖν
455 5357 577 5429 ἄρτι
610 5359 697 5413 ὅτε
741 5357 1031 5416 εύσεϐοῦσά
1080 5362 1220 5418 ἐστιν
1325 5364 1592 5436 βασιλεία,
1640 5362 1811 5421 ἕνεκεν
1861 5368 1976 5431 ἐνὸς

335 5443 701 5522 πρεσϐυτέρου
786 5452 1171 5525 καθῃρημένου
1260 5454 1799 5529 ὑποσταλησόμεθα,
1883 5461 1972 5512 καί

334 5534 692 5611 προδώσομεν
750 5541 847 5609 τὴν
898 5540 1175 5615 ἀλήθειαν,
1243 5541 1639 5609 κινδυνεύοντες
1690 5550 1824 5602 κατᾶ
1871 5551 1972 5620 ψυ-

406 5723 454 5757 ⁸⁸
480 5727 602 5783 Jac.
636 5743 674 5795 ι,
707 5729 795 5784 1⁸7.
871 5728 920 5763 ⁵9
947 5731 1086 5787 Cod.
1117 5730 1269 5787 Eccl.
1292 5732 1494 5801 Afric.,
1527 5748 1655 5789 can.
1694 5730 1784 5786 70.

2089 4746 2455 4818 impertiebat
2480 4763 2494 4813 ;
2526 4764 2632 4818 ego
2650 4746 2881 4818 quidem
2912 4744 3175 4801 inclusus
3191 4743 3275 4798 fui
3294 4744 3355 4799 in
3386 4741 3730 4812 quorssides

2085 4835 2233 4905 loco,
2267 4836 2608 4908 prapositus
2623 4839 2817 4892 autem
2839 4833 3118 4905 etreliqui
3148 4849 3280 4889 cum
3294 4829 3728 4903 archiepiscopo

2088 4925 2563 4982 Thessalonicam
2596 4926 2850 4998 relegati.
2885 4925 2995 4981 Sed
3027 4923 3179 4979 Deus
3204 4938 3308 4978 nos
3338 4921 3553 4977 iterum
3594 4936 3730 4990 pre-

2088 5014 2252 5071 cibus
2313 5016 2427 5071 tuis
2479 5016 2868 5087 congregavit.
2903 5016 2981 5069 Ac
3024 5029 3093 5068 ne
3125 5013 3208 5068 sic
3248 5011 3486 5081 quidem
3511 5017 3727 5065 temere

2087 5121 2193 5161 nos
2224 5106 2601 5176 adjunximus
2638 5104 2999 5177 patriarchas,
3043 5102 3156 5156 nisi
3198 5105 3506 5171 postquam
3532 5099 3723 5155 fassus

2086 5200 2176 5251 est
2206 5200 2355 5250 recte
2400 5213 2504 5251 nos
2555 5197 2774 5250 fecisse.
2806 5194 2864 5249 Si
2899 5208 3056 5261 ergo,
3089 5207 3221 5245 cum
3270 5193 3536 5260 regnaret
3568 5188 3728 5243 adul-

2085 5284 2296 5339 terium
2329 5290 2386 5339 et
2414 5301 2705 5339 canonum
2740 5279 3134 5349 transgressio,
3171 5283 3320 5334 metu
3356 5278 3597 5332 minime
3620 5276 3731 5330 dis-

2084 5374 2491 5428 simulavimus
2524 5373 2625 5428 Dei
2655 5372 2867 5427 virtute
2899 5370 3050 5437 freti,
3104 5368 3395 5439 quomodo
3428 5382 3599 5431 nunc,
3636 5365 3731 5435 pio

2085 5463 2423 5517 dominante
2481 5462 2747 5533 imperio,
2811 5464 3042 5530 propter
3086 5458 3486 5529 presbyterum
3521 5470 3725 5521 unum,

2082 5567 2334 5624 cumque
2386 5553 2738 5622 depositum,
2769 5550 3089 5606 timidiores
3114 5546 3353 5613 erimus,
3391 5544 3723 5603 veritatem-
