4084 6284
347 376 464 436 979

1596 374 1660 432 S.
1705 370 2106 432 THEODORI
2149 366 2510 430 STUDI'I‘IE

3621 349 3740 411 980

349 523 463 578 que
493 523 627 562 cum
658 508 854 577 aperto
876 503 1085 559 animas
1111 505 1362 574 periculo
1386 505 1699 575 prodemus
1718 503 1746 558 ?
1768 503 1994 573 Nequa-

2125 502 2260 574 ίήνς
2310 495 2604 567 οὐδαμῶς.
2666 491 2844 548 Ἀλλὰ
2896 488 3068 578 πάντα
3115 489 3250 578 ἡμῖν
3309 483 3522 578 φορητᾲ
3574 480 3742 578 μέχρι

353 613 550 666 quam.
576 595 722 659 Quin
757 597 986 648 ferenda
1007 594 1175 648 nobis
1197 595 1392 648 omnia
1416 609 1599 662 usque
1622 595 1688 646 ad
1723 599 1986 655 mortem,

350 687 549 757 potius
593 700 766 752 quam
800 700 933 738 cum
965 699 1030 738 eo
1062 684 1581 747 communicemus,
1620 684 1701 736 vel
1732 698 1866 737 cum
1900 683 1992 746 iis,

355 774 451 845 qui
481 789 616 829 cum
675 774 800 844 ipso
827 773 1192 837 sacriﬁcant;
1244 775 1430 842 quoad
1466 771 1811 838 sacerdotio,
1843 770 1997 825 sicut

355 863 465 918 sub
498 863 687 932 priore
726 861 1077 930 patriarcha,
1111 861 1384 930 privetur.
1419 862 1762 928 Quanquam
1801 867 1999 928 poste-

356 954 524 1007 rioris
564 969 734 1006 causa
765 952 1018 1006 deterior
1045 957 1154 1004 est.
1190 951 1334 1004 Nam
1374 953 1523 1018 prior
1555 967 1624 1003 ne
1657 951 1826 1004 semel
1861 951 1994 1019 qui-

355 1042 487 1096 dem
508 1058 640 1095 cum
674 1039 774 1094 illo
802 1056 963 1094 sacra
993 1040 1162 1094 fecit:
1190 1045 1381 1093 ettum
1407 1038 1645 1108 quidem
1675 1039 1736 1092 in
1763 1054 1998 1092 consor-

356 1129 498 1183 tium
532 1131 726 1184 venire
745 1128 1069 1182 absurdum
1103 1133 1262 1181 erat:
1300 1128 1493 1181 minus
1525 1134 1718 1181 tamen
1752 1128 1995 1180 malum.

360 1217 496 1273 Istic
524 1234 656 1272 vero
704 1218 1001 1288 proposita
1033 1218 1197 1271 nobis
1222 1220 1310 1270 est
1341 1215 1647 1270 sacerdotii
1682 1215 1997 1284 abrogatio,

362 1306 412 1361 si
460 1323 580 1361 una
618 1308 1037 1362 sacrificemus.
1099 1305 1233 1359 Esto
1277 1320 1647 1359 ceconomus:
1691 1320 1796 1358 cur
1825 1303 1999 1358 etiam

361 1395 598 1466 indigne
636 1397 817 1450 sacris
868 1400 1141 1465 cperatur
1165 1395 1191 1448 ‘2
1223 1393 1392 1448 desiit
1418 1410 1546 1448 esse
1591 1395 1899 1463 presbyter.

434 1485 597 1549 Quod
629 1485 679 1538 si
710 1483 962 1537 haecillis
977 1500 1092 1536 non
1126 1482 1374 1552 placent,
1399 1483 1499 1552 qui
1527 1498 1661 1536 cum
1686 1497 1750 1535 eo
1781 1482 2000 1535 sacriﬁ-

364 1580 520 1638 cant,
587 1574 868 1627 videbunt
898 1573 1184 1642 quidnam
1225 1572 1406 1626 acturi
1453 1572 1589 1625 sint.
1642 1575 1887 1624 Parcant
1916 1577 2000 1625 te-

366 1662 571 1716 nuitati
625 1666 855 1727 nostrae,
918 1664 1016 1730 qui
1069 1677 1180 1714 non
1229 1677 1626 1727 provocamus,
1660 1669 1713 1713 et
1744 1660 1814 1713 ad
1848 1661 2004 1713 hunc

367 1767 552 1821 usque
601 1752 754 1805 diem
795 1750 938 1804 nihil
995 1750 1165 1805 locuti
1200 1765 1428 1816 sumus,
1480 1749 1583 1803 sed
1636 1749 1867 1803 biennio
1899 1764 2004 1803 nos

368 1847 483 1895 toto
531 1839 948 1903 continuimus,
1001 1855 1063 1893 ex
1107 1855 1221 1907 quo
1254 1838 1500 1904 ingressi
1551 1844 1708 1902 sunt,
1745 1838 2004 1906 pacatius

371 1929 478 1983 hoc
508 1930 678 1982 modo
701 1930 1049 1984 viveremus.
1084 1927 1314 1982 Domini
1347 1928 1530 1981 nostri
1561 1927 1765 1996 optimi
1797 1942 2002 1995 seque-

372 2023 523 2073 stres
549 2022 686 2072 sunt
734 2022 906 2087 atque
937 2015 1138 2070 arbitri
1168 2017 1477 2086 aequitatis,
1514 2017 1769 2070 fautores
1807 2031 2006 2070 eorum

371 2109 466 2178 qui
507 2107 805 2161 veritatem
843 2106 1021 2160 libere
1050 2106 1388 2166 defendunt,
1421 2104 1574 2158 sicut
1603 2121 1671 2158 ex
1699 2103 2010 2158 venerabili

373 2197 634 2266 ipsorum
663 2211 760 2248 ore
792 2195 1003 2263 saepius
1023 2195 1285 2248 auditum
1308 2205 1412 2248 est.
1448 2193 1652 2246 Ferant
1682 2193 2008 2248 sacerdotes

375 2291 440 2338 ut
471 2300 664 2339 sacros
722 2284 988 2338 homines
1017 2285 1212 2336 decet:
1274 2287 1375 2335 aut
1407 2282 1837 2352 persuadebunt
1876 2280 2007 2350 ipsi,

376 2379 476 2432 aut
507 2374 646 2442 ipsis
704 2372 1162 2442 persuadebitur.
1225 2371 1322 2424 Sin
1369 2373 1575 2425 horum
1606 2371 1774 2436 nihil,
1808 2373 1906 2424 sed
1943 2385 2013 2424 ne

378 2463 591 2517 mutire
623 2462 856 2531 quidem
883 2478 986 2515 nos
1027 2461 1326 2514 ferendum
1361 2465 1602 2530 putant;
1639 2461 1789 2513 Deus
1820 2460 2011 2512 intue-

379 2558 495 2618 tur,
530 2567 644 2620 quo
686 2565 854 2604 nemo
886 2555 974 2604 est
1005 2551 1207 2618 major,
1243 2549 1705 2618 cujussoliusest
1735 2548 2010 2602 formida-

380 2641 513 2696 bilis
554 2651 732 2695 terror
788 2649 843 2694 et
872 2640 1128 2694 tribunal
1180 2640 1345 2701 illud,
1378 2639 1472 2693 cui
1513 2640 1785 2692 sistemur
1812 2653 2014 2690 omnes

378 2732 450 2785 de
501 2731 774 2785 omnibus
827 2730 1150 2795 judicandi.
1184 2733 1458 2782 Caeterum
1505 2728 1818 2781 bonitatem
1851 2733 2013 2780 tuam

376 2835 609 2874 oramus
641 2826 696 2871 et
726 2823 993 2888 tanquam
1031 2820 1376 2871 venerandis
1407 2817 1664 2884 vestigiis
1689 2815 1805 2868 tuis
1836 2817 2017 2869 advo—

375 2908 872 2964 lutiobsecramus
898 2914 1062 2974 atque
1088 2909 1463 2972 obtestamur,
1483 2911 1540 2956 ut
1561 2905 2012 2957 misericordiam

375 2996 544 3051 nobis
593 2996 913 3065 impertias,
954 3002 1010 3048 et
1040 3010 1348 3049 commune
1398 2992 1862 3046 emolumentum
1896 3000 2015 3045 tam

376 3086 489 3156 piis
514 3086 589 3137 im
603 3084 966 3151 peratoribus
984 3081 1220 3148 nostris,
1238 3098 1408 3150 quam
1432 3079 2020 3150 patriarchwsanctis-

381 3173 552 3232 simo,
597 3179 653 3226 et
711 3172 975 3226 Ecclesiae
1010 3173 1312 3230 universae,
1350 3187 1465 3224 non
1499 3170 1634 3223 huic
1665 3169 1853 3222 solum
1890 3184 2016 3238 qure

376 3264 524 3333 apud
562 3280 666 3316 nos
701 3269 808 3328 est,
834 3269 929 3315 sed
966 3277 1090 3331 quin
1123 3277 1220 3328 per
1243 3265 1426 3312 totum
1443 3260 1640 3312 orbem
1669 3275 1682 3324 ;
1709 3264 1770 3310 ut
1792 3260 2018 3312 abdicet
2048 3251 2090 3316 C

374 3369 436 3406 se
466 3368 616 3406 unus
649 3353 717 3404 ad
753 3351 1000 3420 gloriam
1032 3349 1152 3414 Dei,
1187 3356 1244 3402 et
1277 3365 1386 3403 non
1407 3346 2018 3414 turbeturejusEccle-

376 3441 501 3494 sia:
535 3440 628 3493 sin
670 3439 886 3504 minus,
932 3445 990 3492 at
1048 3438 1248 3490 Saltem
1286 3438 1394 3490 hoc
1425 3439 1769 3501 secundum,
1807 3441 1865 3488 ut
1898 3452 2016 3488 ma-

377 3545 623 3584 neamus
654 3546 754 3582 nos
813 3531 869 3581 in
912 3537 1110 3581 eodem
1141 3534 1317 3587 statu,
1354 3544 1466 3596 quo
1521 3543 1618 3594 per
1675 3527 1873 3579 decem
1911 3525 2019 3578 hos

377 3636 579 3673 annos.
613 3617 754 3672 Nam
777 3623 844 3670 de
864 3617 1099 3675 caeteris.
1127 3618 1395 3685 quamvis
1430 3605 2022 3668 mnumerabilessint

373 3707 650 3778 episcopi,
682 3715 739 3762 et
787 3710 1131 3772 sacerdotes,
1199 3713 1253 3761 et
1287 3706 1598 3775 praepositi,
1651 3706 1749 3773 qui
1781 3721 1914 3758 cum
1953 3720 2019 3757 eo

376 3795 850 3862 communicant;
888 3795 1030 3849 nihil
1066 3796 1420 3860 mirandum,
1455 3791 1930 3863 quandoquidem
1958 3793 2021 3846 ii-

375 3890 504 3944 dem
539 3890 649 3960 ipsi
684 3905 817 3943 cum
851 3889 1113 3943 adultero
1147 3888 1548 3952 versabantur,
1579 3894 1635 3940 et
1665 3885 2018 3955 nemoquid-

376 3995 553 4050 quam
586 3978 813 4034 locutus
872 3983 978 4031 est.
1023 3977 1150 4031 Haec
1183 3978 1334 4031 Deus
1371 3993 1468 4044 per
1499 3992 1629 4039 nos,
1671 3974 1799 4030 licet
1830 3975 2022 4028 audax

376 4070 452 4123 sit
501 4069 745 4134 dictum,
801 4074 855 4122 et
917 4069 1188 4123 admonet
1245 4077 1300 4121 et
1356 4066 1686 4128 denuntiat,
1734 4070 1790 4119 et
1854 4064 2018 4134 quasi

373 4157 560 4228 jubeL

954 4337 1130 4393 ΧΧΙΠ
1163 4368 1230 4378 -
1263 4337 1468 4392 Eidem.

2104 591 2355 652 θανάτου,
2414 583 2449 654 ἤ
2514 587 2801 657 μετασχεῖν
2869 585 2968 646 τῆς
3028 576 3230 630 ἐκείνου
3287 571 3592 634 κοινωνίας,
3651 567 3742 621 καὶ

2103 684 2210 733 τῶν
2273 677 2458 746 ἐκείνῳ
2515 667 3110 742 συλλέιτουργούντων,
3175 661 3279 724 ἕως
3325 659 3383 715 ἄν
3431 660 3596 731 τούσῃ
3641 662 3742 724 τῆς

2103 768 2408 843 ἱεροτργίας
2467 764 2649 837 ὥσπερ
2705 762 2792 816 ἐπὶ
2848 763 2946 813 τοῦ
3013 757 3328 829 προτέρου”
3390 751 3584 823 καίπερ
3645 744 3741 801 ὅν-

2103 879 2192 918 τος
2236 857 2626 932 χαλεπωτέρου
2668 856 2764 906 τοῦ
2816 846 3064 919 δευτέρου
3091 890 3103 901 .
3156 842 3298 902 Ούδέ
3341 843 3443 915 γὰρ
3499 837 3744 894 συνελει-

2105 925 2404 1020 τούρλιῖησεν
2462 925 2610 1013 αὐτῷ
2693 939 2929 1006 καθάπαξ
2989 938 3017 990 ὁ
3076 935 3574 1008 προηγησάμενος.
3637 925 3744 981 Καὶ

2105 1035 2218 1090 ἐκεῖ
2251 1036 2343 1108 μὲν
2375 1031 2649 1087 συνελθεῖν
2683 1032 2881 1083 ἄτοπον
2915 1026 2980 1094 ἦν
3012 1071 3023 1082 .
3060 1023 3210 1089 Πλὴν
3253 1021 3314 1074 οὐ
3356 1022 3614 1073 τοσοῦτον
3645 1035 3746 1067 κα-

2106 1126 2196 1180 κόν
2226 1170 2237 1180 .
2273 1121 2400 1178 Ὧδε
2451 1121 2508 1176 δὲ
2558 1121 2866 1192 καθαίρεσις
2916 1118 3076 1186 ἡμῶν
3134 1119 3234 1180 τῆς
3283 1106 3604 1182 ἱερωσύνης,
3655 1103 3744 1157 ἐὰν

2110 1214 2731 1286 συλλειτουργήσωμεν.
2774 1210 2953 1263 Ἒστω
3001 1203 3332 1273 οἰκονόμος·
3384 1197 3433 1251 τί
3484 1197 3572 1250 καὶ
3622 1195 3748 1247 ἀνα-

2107 1307 2235 1376 ξίως
2268 1285 2682 1374 συλλειτουργεῖ
2707 1316 2721 1366 ;
2754 1293 2965 1365 ἐξέλιπε
2992 1285 3352 1366 πρεσϐύτερος
3373 1328 3390 1344 .

2186 1483 2244 1537 Εἰ
2307 1479 2363 1535 δὲ
2422 1476 2574 1533 οὐδὲν
2631 1474 2779 1530 δοκεῖ
2832 1479 2948 1534 τοῖς
3004 1467 3515 1540 συλλειτουργοῦσιν
3574 1463 3747 1530 αὐτῷ,

2111 1571 2336 1644 ὄψονται
2369 1567 2449 1645 ἐφ’
2481 1569 2560 1627 οἷς
2589 1565 2883 1637 πράττουσι
2910 1581 2922 1592 '
2958 1561 3248 1634 φείσωνται
3295 1558 3457 1625 ἡμῶν
3509 1557 3609 1619 τῆς
3654 1569 3752 1602 τα-

2112 1661 2445 1721 πεινώσεως,
2516 1652 2876 1728 στεργὸντων,
2944 1646 3072 1702 ἀλλ’
3157 1641 3637 1713 οἷ’κονομησάντων
3700 1635 3750 1691 ἐν

2113 1753 2227 1808 τοῖς
2262 1744 2411 1798 δυσὶν
2444 1741 2577 1798 ἔτεσι
2607 1742 2843 1807 τούτοις,
2876 1736 2927 1807 ἐξ
2958 1735 3086 1790 ὅτου
3116 1730 3368 1800 εἰσῆλθον
3423 1731 3556 1801 [ms.
3611 1727 3752 1795 Reg.

2115 1835 2425 1908 εἰσῆλθεν]·
2490 1831 2556 1885 ἵν’
2613 1831 2788 1890 οὕτως
2847 1825 3267 1899 εἰρηνικώτερον
3355 1815 3752 1888 διεξέλθωμεν.

2117 1931 2178 1982 Οἱ
2215 1925 2468 1980 δεσπόται
2500 1926 2658 1994 ἡμῶν
2711 1919 2761 1973 οἷ
2812 1917 2998 1988 ἀγαθοὶ
3053 1919 3264 1986 μεσῖται
3312 1909 3401 1962 καὶ
3451 1906 3628 1979 κριταὶ
3657 1907 3756 1958 τοῦ

2119 2015 2355 2081 δικαίου,
2405 2010 2631 2077 φιληταί
2681 2014 2786 2062 τῶν
2836 2003 3356 2078 παρρησιαζομένων
3405 1998 3456 2052 ἐν
3499 1992 3752 2063 ἀληθείᾳ,

2119 2107 2191 2165 ὡς
2223 2103 2351 2158 αύτὸ
2380 2101 2442 2157 τὸ
2474 2099 2652 2170 τίμιον
2686 2097 2858 2151 αὐτῶν
2889 2095 3065 2164 στόμα
3094 2089 3368 2148 πολλάκις
3404 2081 3710 2158 διαγορεύει
3738 2125 3754 2139 .

2119 2192 2438 2267 Ἐνέγκωσιν
2493 2188 2542 2240 οἱ
2597 2185 2758 2255 ἱερεῖς
2803 2186 2988 2257 ἱερῶς,
3035 2180 3070 2248 ἢ
3115 2178 3416 2240 πείσουσιν,
3540 2171 3762 2238 πεισθή-

2121 2303 2301 2336 σονται
2330 2301 2341 2312 ’
2377 2279 2442 2334 Εἴ
2474 2277 2531 2332 δὲ
2580 2273 2731 2329 οὐδὲν
2790 2277 3060 2339 τοιοῦτον,
3111 2266 3260 2322 ἀλλὰ
3307 2267 3394 2319 καὶ
3453 2263 3515 2315 τὸ
3567 2259 3756 2334 γρύξαι

2121 2375 2270 2442 ἡμᾶς
2304 2370 2470 2440 μόνον
2507 2367 2608 2419 οὐκ
2636 2363 2855 2418 ἀνεκτόν
2881 2379 2893 2390 ’
2938 2359 3067 2418 Θεὸς
3120 2355 3288 2431 ἐφορᾷ
3317 2351 3380 2406 οὗ
3417 2351 3614 2424 μείζων
3669 2348 3758 2401 οὐ-

2125 2459 2255 2520 δεὶς,
2315 2456 2375 2510 οὗ
2430 2458 2589 2528 μόνος
2623 2458 2650 2510 ὁ
2681 2449 2848 2531 φόϐος
2882 2443 3134 2524 φοϐερὸς,
3187 2444 3277 2498 καὶ
3319 2443 3381 2495 τὸ
3437 2440 3632 2501 ἐκεῖθεν
3682 2434 3761 2489 δι-

2121 2551 2436 2615 καστήριον,
2505 2547 2550 2616 ᾧ
2605 2545 2797 2601 πάντες
2877 2534 3331 2610 παραστησόμεθο
3411 2527 3760 2593 εὐθυνόμενοι

2122 2638 2257 2690 κατὰ
2288 2637 2458 2688 πάντα
2485 2678 2494 2688 .
2530 2632 2704 2688 Ἀλλᾶ
2736 2627 2968 2700 δεόμεθά
2998 2646 3092 2679 σου
3132 2629 3230 2690 τῆς
3278 2618 3637 2687 ἁγαθότητος,
3668 2615 3760 2668 καὶ

2125 2728 2199 2787 ὡς
2230 2723 2765 2799 προκυλινδούμενοι
2804 2724 2922 2778 τοῖς
2970 2714 3182 2786 τιμίοις
3227 2731 3319 2764 σου
3366 2707 3550 2782 ’ίχνεσι
3598 2725 3772 2776 πκρα-

2127 2817 2402 2886 καλοῦμεν
2468 2814 2554 2866 καὶ
2626 2804 3041 2878 ἀντιϐολοῦμεν,
3134 2803 3360 2866 ποιῆσαῖ
3423 2796 3575 2855 ἔλεος
3647 2795 3767 2866 μεθ’

2126 2910 2310 2978 ἡμῶν,
2362 2905 2451 2956 καὶ
2497 2903 2677 2954 κοινὸν
2731 2895 2927 2974 ὄφελος
2971 2893 3154 2953 αὐτοῖς
3211 2910 3271 2944 τε
3326 2892 3437 2948 νοῖς
3496 2878 3768 2938 εύσεϐἐσιν

2128 2999 2287 3066 ἡμῶν
2361 2990 2666 3065 βασιλεῦσι,
2716 2991 2794 3056 τῷ
2842 3006 2900 3038 τε
2951 2981 3240 3058 ἆγιωτάτῳ
3289 2976 3628 3049 πατριάρχῃ,
3677 2970 3768 3024 καὶ

2299 3059 2370 3154 τῇ
2413 3078 2742 3148 Ἐκκλησίᾳ·
2779 3075 2842 3128 ού
2882 3077 2950 3144 τῇ
2995 3071 3114 3123 καθ’
3163 3069 3309 3138 ἡμᾶς
3371 3065 3560 3136 μόνον,
3623 3059 3770 3114 ἀλλὰ

2127 3173 2217 3226 καὶ
2246 3175 2314 3242 τῇ
2348 3170 2446 3222 ἀνὰ
2489 3173 2660 3221 πᾶσαν
2709 3166 2810 3230 τὴν
2861 3159 3186 3229 οἷ’κουμένην
3217 3172 3228 3184 ·
3276 3152 3371 3206 ἵνα
3418 3150 3594 3223 παύσῃ
3629 3150 3657 3202 ὁ
3692 3149 3768 3209 εἷς

2131 3261 2205 3322 εἷς
2240 3260 2392 3329 δόξαν
2428 3262 2584 3320 Θεοῦ,
2616 3255 2705 3308 καὶ
2741 3255 2814 3325 μὴ
2865 3249 3118 3325 ταραχθῇ
3151 3248 3184 3312 ἡ
3219 3243 3382 3297 αὐτοῦ
3429 3239 3727 3307 Ἐκκλησία
3753 3256 3766 3268 ·

2133 3351 2182 3404 εἷ’
2213 3349 2269 3404 δὲ
2305 3351 2378 3422 μή
2413 3367 2494 3419 γε,
2527 3343 2674 3399 ἀλλὰ
2702 3341 2764 3396 τό
2812 3361 2872 3412 γε
2921 3335 3166 3407 δεύτερον
3207 3334 3268 3386 τὸ
3315 3330 3591 3402 ἐπιμεῖναι

2130 3439 2183 3494 ἒν
2215 3444 2295 3510 τῷ
2324 3438 2494 3506 αὐτῷ,
2537 3433 2773 3503 καθάπερ
2805 3430 2856 3482 ἐν
2883 3433 2998 3487 τοῖς
3053 3425 3178 3478 ὃέκα
3221 3420 3357 3476 ἔτεσι
3400 3418 3611 3478 νούτοις
3645 3461 3657 3472 .
3707 3418 3768 3468 Οἱ

2131 3530 2233 3604 γὰρ
2271 3507 2473 3582 ⁷λοιποὶ
2530 3521 2623 3577 κᾶν
2680 3521 2874 3595 μυρίοι
2925 3518 3053 3569 ὦσιν
3113 3513 3391 3604 ἱεράρχαι,
3423 3507 3533 3604 ⁸καὶ
3583 3507 3768 3604 ἱερεῖς,

2130 3619 2221 3672 καὶ
2278 3615 2602 3689 ἡγούμενοι,
2655 3610 3040 3665 κοινωνοῦντες
3089 3601 3254 3671 αύτῷ,
3308 3597 3368 3652 οὐ
3419 3594 3766 3667 θαυμαστόν·

2130 3705 2244 3760 ἐπεὶ
2278 3704 2432 3758 αὐτοὶ
2471 3701 2559 3756 καὶ
2593 3697 2859 3766 συνῆλθον
2891 3698 2971 3764 τῷ
3026 3689 3381 3764 μοιχεύσαντι
3407 3705 3418 3715 ⁸
3451 3685 3541 3740 καὶ
3593 3681 3773 3745 οὗὸεὶς

2127 3817 2180 3850 τι
2212 3792 2490 3861 λελοίληκε
2515 3835 2527 3846 .
2559 3793 2732 3842 Ταῦτα
2759 3786 2906 3844 Θεὸς
2956 3780 3025 3835 δι’
3056 3783 3238 3851 ἡμῶν,
3270 3777 3314 3831 εἰ
3345 3776 3434 3830 καὶ
3483 3772 3767 3847 τολμηρὸν

2130 3885 2321 3948 εἰπεῖν,
2381 3880 2470 3934 καὶ
2528 3875 2854 3952 παρακαλεῖ,
2915 3872 3004 3926 καὶ
3056 3868 3512 3945 προσφθέγγεται,
3552 3862 3644 3916 καὶ
3696 3861 3770 3922 ὡς

2130 3971 2340 4028 κελεύει
2372 3972 2514 4042 (19⁸)
2545 4011 2558 4024 .

2575 4325 2694 4379 Kl".
2727 4355 2794 4364 —
2824 4323 2909 4392 Τῷ
2946 4317 3093 4388 αὐτῷ
3118 4359 3128 4369 .
3168 4315 3279 4388 [μα’

375 4470 582 4533 Scripta
611 4471 826 4519 nomine
855 4469 1072 4532 Josephi
1090 4470 1395 4532 archiepisc.
1419 4467 1915 4517 Thessalonicensis.
1937 4465 2178 4576 Ossggndit
2194 4461 2591 4588 ifglftiaccusari
2614 4456 2855 4521 se,quasi
2879 4454 3243 4517 episcopatum
3270 4445 3549 4496 invaserit.
3567 4443 3769 4505 (Baron

1872 4545 1952 4577 an.
2059 4564 2071 4584 ,
2105 4543 2157 4576 n.
2259 4565 2270 4578 .

1872 4543 2071 4584 amove,
2105 4543 2157 4576 n.
2194 4543 2270 4578 ιδ.

450 4626 510 4678 ιιι
544 4623 636 4678 his
670 4640 795 4695 quae
832 4622 1016 4688 nobis,
1052 4626 1219 4677 Pater
1245 4627 1462 4686 sancte,
1496 4620 1835 4692 signiﬁcasti
1869 4620 2013 4672 nihil
2050 4623 2100 4685 D

379 4716 683 4768 molestius
709 4715 833 4767 fuit:
869 4730 1042 4778 quam
1077 4715 1230 4784 quod
1263 4713 1451 4766 nolint
1483 4713 1557 4781 pii
1590 4712 1808 4765 Domini
1835 4709 2018 4762 nostri

381 4821 484 4858 nos
513 4805 580 4859 de
631 4820 789 4858 more
821 4805 1114 4866 accedere,
1151 4804 1488 4871 dignarique
1517 4801 1844 4856 veneranda
1869 4799 2022 4868 ipso-

381 4909 510 4946 rum
571 4893 969 4953 adorationne,
1021 4901 1068 4945 el
1134 4893 1555 4962 propempticas
1587 4906 1653 4941 ac
1683 4887 1925 4951 votivas,
1961 4890 2024 4939 ut

383 4981 569 5034 caeteri
635 4981 875 5043 faciunt,
927 4983 985 5034 in
1023 4995 1219 5034 eorum
1272 4980 1529 5032 discessu
1564 4992 1728 5029 voces
1762 4975 2019 5027 reddere.

376 5068 486 5122 Sed
518 5085 631 5124 non
691 5086 918 5136 semper
975 5069 1084 5122 hoc
1145 5069 1215 5120 ad
1250 5065 1714 5120 humiliationem
1772 5071 2023 5115 nostram

381 5158 548 5213 faciet
579 5156 862 5228 placabile
889 5163 941 5210 et
961 5157 1309 5223 injuriarum
1344 5156 1668 5217 immemor,
1692 5151 2023 5221 Christique

379 5245 655 5300 amulum
700 5262 798 5300 cor
838 5261 1072 5299 eorum:
1109 5243 1323 5312 quippe
1356 5241 1507 5312 quod
1572 5239 1829 5294 hostibus
1877 5239 2022 5310 ipsis

383 5335 740 5390 reconciliari
777 5334 966 5387 novit:
1004 5333 1214 5385 nedum
1254 5336 1317 5382 ut
1349 5346 1452 5384 nos
1492 5329 1736 5396 rejiciat.
1769 5329 1864 5398 qui
1903 5329 2025 5382 sin-

383 5440 510 5479 cero
543 5425 714 5480 corde
763 5423 894 5477 illos
927 5420 1174 5474 colimus
1221 5423 1275 5473 et
1323 5434 1614 5474 amamus.
1649 5416 1799 5472 Belle
1828 5423 2020 5472 autem

2205 4612 2368 4667 Οὐδὲν
2400 4615 2472 4666 ὧν
2533 4609 2850 4678 δεδήλωκας
2889 4607 3023 4675 ἡμῖν
3069 4601 3131 4655 τὸ
3179 4598 3375 4672 παρὸν,
3407 4597 3527 4670 ἅγιε
3569 4601 3766 4666 Πάτερ,

2133 4703 2402 4775 λυπηρὸν,
2435 4701 2558 4754 ὅσον
2580 4700 2643 4752 τὸ
2679 4699 2754 4767 μή
2806 4692 2978 4748 Οὲλειν
3026 4688 3152 4750 τοὺς
3203 4681 3437 4745 εὐσεϐεῖς
3487 4687 3649 4775 ημῶν
3679 4680 3776 4735 δε-

2133 4795 2332 4852 σπότας
2368 4791 2538 4845 ἐλθεῖν
2578 4791 2731 4858 ἠμᾶσ
2773 4784 2909 4838 κατὰ
2952 4780 3015 4834 τὸ
3063 4777 3309 4845 σύνηθες,
3342 4772 3431 4827 καὶ
3475 4771 3771 4840 ἀξιωθῆναι

2131 4889 2230 4950 τῆς
2283 4879 2466 4953 τιμίας
2544 4876 2720 4931 αὐτῶν
2782 4869 3221 4943 προσκυνήσεως,
3281 4861 3370 4916 καὶ
3449 4860 3775 4953 τοὺςῃπρο-

2133 4966 2472 5042 πεμπτικοὺς
2510 4966 2600 5018 καὶ
2650 4960 2993 5034 εὐκτηρίους,
3028 4956 3104 5015 ὡς
3151 4956 3256 5011 πᾶς
3287 4953 3392 5004 τῶν
3445 4947 3771 5020 ἀνθρώπων,

2131 5034 2266 5114 κατὰ
2294 5059 2394 5125 τὴν
2425 5051 2607 5125 ἔξοδον
2660 5052 2832 5104 αὐτῶν
2885 5043 3181 5102 ἀποδοῦναι
3233 5038 3431 5112 λόγους
3457 5079 3469 5090 .
3523 5035 3679 5091 Ἀλλ’
3712 5034 3773 5089 οὐ

2134 5149 2348 5204 πάντως
2378 5148 2412 5214 ἡ
2456 5140 2799 5215 εὐμείλικτος
2849 5135 2934 5190 καὶ
2987 5129 3353 5204 ἀμνησίκακος
3407 5126 3496 5179 καὶ
3547 5125 3775 5197 Χριστο-

2137 5239 2380 5309 μίμητος
2412 5233 2586 5287 αὐτῶν
2629 5226 2821 5301 καρδία
2849 5229 3009 5280 τοῦτο
3059 5221 3189 5274 ὅλον
3240 5217 3519 5283 ποιήσειεν
3567 5213 3642 5274 εἷς
3671 5214 3773 5278 τήν

2132 5297 2398 5396 ἦμετέραν
2457 5319 2822 5374 ταπείνωσιν·
2882 5311 2997 5368 ἐπεὶ
3053 5307 3141 5362 καὶ
3212 5308 3327 5364 τοῖς
3387 5301 3612 5374 ἐχθροῖς
3659 5297 3777 5352 οἶδε

2135 5385 2570 5476 ὃίαλλαττεσθαι,
2621 5407 2748 5480 οὐχί
2808 5402 2864 5458 δὲ
2920 5403 3067 5472 ἡμᾶς
3109 5397 3236 5455 τοὺς
3289 5391 3526 5462 ἀληθινῇ
3580 5385 3777 5461 καρδίᾳ

1955 5543 2187 5598 NOTIE.

457 5677 593 5749 (19‘)
623 5676 718 5731 Sic
748 5676 1053 5747 legendum
1083 5674 1312 5730 videtur
1339 5677 1394 5728 et
1424 5673 1483 5727 in
1517 5672 1630 5728 line
1654 5671 1824 5743 epist.
1856 5671 1916 5725 21
1945 5685 2137 5740 supra.
