4084 6284
347 401 461 465 981

1623 421 2180 489 EPISTOLARUM
2222 429 2371 490 LIB.
2414 429 2464 489 Ι.

3627 423 3746 482 982

344 535 640 610 φιλοῦντας
674 541 764 593 καὶ
805 536 1057 603 σέϐοντας
1089 545 1301 606 αὐτούς.
1337 549 1559 621 Ἀριστα
1610 550 1666 607 δὲ
1716 552 1981 612 ὒπέϐαλεν

2097 568 2199 617 tua
2211 563 2490 618 sanctitas
2509 578 2794 634 responsa
2815 566 3015 617 nostra
3039 562 3221 615 sacris
3247 559 3482 614 illorum
3504 557 3745 613 auribus

343 628 378 718 ᾖ
416 627 689 699 ἁγιωσύνῃ
725 650 819 682 σου
849 631 941 691 τὰς
993 640 1095 701 τῆς
1148 633 1415 698 εὐτελείας
1472 644 1633 711 ἡμῶν
1678 642 1990 718 ἀποκρίσεις

343 730 395 768 εν
452 736 572 777 ταις
624 718 793 791 ἱεραῖς
834 721 1010 774 αὐτῶν
1086 723 1309 785 ἀκοαῖς’
1375 728 1462 780 καῖ
1530 729 1615 782 ὅτι
1658 735 1995 804 κατένευσαν,

334 810 437 871 τῆς
509 806 688 860 αὐτῶν
752 806 835 877 ε’ίη
886 809 1290 889 μεγαλόφρονος
1333 816 1711 883 θεοσυνασίας·
1748 822 1837 876 xui
1893 825 1993 897 γὰρ

335 897 596 986 ’ίσασιντὰ
644 898 757 951 θεῖα
804 899 1003 972 κρίνειν
1059 898 1391 975 εόθυϐόλως,
1448 909 1524 968 ὡς
1576 910 1766 986 σοφίας
1814 934 1992 986 μεμε-

339 985 634 1058 στωμένοι,
682 988 769 1040 καὶ
822 990 1072 1058 γνώσεως
1119 996 1257 1045 Θεοῦ
1319 993 1607 1051 ἀνάπλεοι.
1666 985 1896 1054 Κελεύει
1934 1000 1989 1055 δὲ

339 1055 588 1147 ὶἐρωτᾷν,
623 1076 768 1137 τίνος
827 1055 989 1155 χάριν
1046 1078 1449 1156 ἐπιδεδώκαμεν
1506 1086 1725 1151 ἑαυτοὺς
1775 1090 1850 1152 εἷς
1888 1092 1988 1158 τήν

335 1165 637 1240 εραρχίαν,
690 1164 1039 1240 ἐγνωσμένου
1098 1165 1256 1232 ὄντος
1331 1178 1429 1227 τοῦ
1488 1176 1827 1252 σφάλματος,
1892 1181 1985 1236 Καὶ

335 1253 474 1326 πρὸς
522 1258 686 1309 τοῦτο
737 1262 851 1327 μετ’
900 1255 1084 1320 αἰδοῦς
1135 1260 1563 1335 ἀποκρινόμεθα,
1613 1266 1695 1321 ὅτι
1748 1270 1870 1323 ὅσον
1920 1272 1982 1325 τὸ

334 1343 456 1394 καθ’
506 1344 676 1413 ἡμᾶς,
740 1344 835 1399 οὐκ
892 1341 1255 1420 ἐϐουλόμεθα,
1312 1352 1373 1405 τὸ
1437 1354 1528 1424 μὲν
1597 1352 1684 1409 διὰ
1741 1359 1804 1412 τὸ
1862 1357 1980 1413 ἐπι-

336 1427 582 1484 κίνδυνον
615 1436 711 1486 τοῦ
741 1434 1070 1507 ἀξιώματος,
1103 1440 1164 1492 τὸ
1198 1437 1255 1493 δὲ
1304 1438 1373 1495 δι’
1403 1441 1532 1496 αὐτὸ
1573 1442 1680 1515 ἤδη
1726 1449 1788 1501 τὸ
1831 1448 1984 1523 λεγό-

340 1539 500 1590 μενον
540 1525 636 1575 τοῦ
668 1522 981 1597 οτγονόμου.
1016 1527 1163 1581 Ἐπεὶ
1197 1526 1253 1583 δὲ
1282 1528 1554 1600 ἐλήλυθαν
1606 1537 1659 1589 οἱ
1709 1538 1979 1593 Θεσσαλο-

332 1613 521 1696 νικεῖς,
554 1610 877 1674 ἱκετεύοντες
927 1614 1001 1675 ὡς
1059 1615 1119 1669 ἐκ
1170 1619 1348 1687 πάσης
1388 1628 1487 1689 τῆς
1538 1624 1777 1696 πόλεως,
1810 1626 1861 1681 ο⁹ί
1919 1650 1978 1683 τε

334 1694 599 1796 δεσπόται
637 1702 796 1771 ἡμῶν
841 1703 892 1755 οἱ
944 1704 1137 1778 ἀγαθοὶ
1188 1710 1642 1781 συνεπιτιθέμενοι
1687 1694 1771 1786 τῷ
1817 1718 1975 1796 ψηφί-

333 1806 538 1859 σματι·
576 1786 691 1851 δέος
739 1793 875 1862 ἡμῖν
926 1792 1132 1866 ἐγένετο
1187 1799 1260 1867 μὴ
1315 1799 1640 1866 ὑπακοῦσαι,
1684 1804 1776 1858 καὶ
1828 1786 1973 1862 αντι-

333 1876 582 1953 φέρεσθαι
642 1886 758 1951 Θεῷ
810 1903 868 1936 τε
923 1884 1010 1937 xui
1058 1891 1173 1947 τοῖς
1234 1885 1504 1945 ευσεϐέσιν
1564 1894 1723 1964 ἡμῶν
1784 1892 1971 1952 δεσπό-

2108 652 2386 723 subjecit:
2421 652 2635 723 quibus
2675 652 2820 722 quod
2854 653 3206 715 annuerunt,
3247 646 3625 702 tribuendum
3656 649 3747 701 est

2109 742 2492 813 magnanimae
2536 746 2593 795 et
2646 741 2852 795 divinae
2900 753 3099 795 eorum
3143 736 3495 808 prudentiae:
3525 734 3742 805 optime

2107 832 2259 885 enim
2291 833 2362 885 de
2392 830 2601 885 divinis
2624 829 2912 899 judicant,
2949 832 3009 881 ut
3044 825 3327 897 sapientia
3367 824 3523 895 pleni
3553 830 3610 878 et
3638 827 3743 878 Dei

2107 920 2348 974 scientia
2399 919 2609 973 referti.
2656 917 2829 973 Jubet
2867 920 3059 970 autem
3109 914 3484 983 interrogare,
3534 926 3738 981 quam-

2106 1009 2303 1064 obrem
2333 1008 2712 1079 ingressimus
2743 1021 2850 1059 nos
2892 1004 2953 1059 in
2983 1002 3401 1075 episcopatum,
3445 1015 3580 1055 cum
3615 1014 3737 1054 ma-

2104 1099 2384 1155 nifestum
2413 1098 2484 1152 sit
2512 1097 2735 1151 vitium.
2767 1096 2849 1149 Ad
2883 1092 2991 1147 hoc
3021 1106 3253 1162 quoque
3283 1105 3389 1145 nos
3417 1104 3551 1144 cum
3579 1103 3737 1143 reve-

2102 1190 2285 1243 rentia
2324 1187 2767 1258 respondemus,
2789 1182 2967 1254 quod,
2998 1185 3285 1252 quantum
3306 1180 3367 1234 in
3398 1177 3564 1233 nobis
3592 1181 3731 1243 erat,

2098 1277 2466 1342 nolabemus,
2498 1274 2708 1346 partim
2741 1272 2976 1344 quidem
3010 1273 3243 1341 propter
3268 1283 3482 1338 anceps
3515 1267 3735 1338 pericu-

2091 1367 2214 1421 lum
2248 1364 2571 1437 dignitatis,
2614 1362 2823 1434 partim
2875 1360 3047 1413 etiam
3100 1361 3333 1428 preptsr
3375 1356 3435 1411 id
3479 1355 3627 1425 quod
3662 1356 3733 1409 de

2091 1471 2391 1510 mconomo
2409 1456 2526 1523 jam
2550 1452 2867 1507 dicebatur.
2890 1454 3200 1518 Postquam
3226 1462 3358 1499 vero
3372 1446 3731 1499 advenerunt

2090 1543 2662 1600 Thessalonicenses,
2714 1538 3107 1607 supplicantes
3167 1544 3443 1603 tanquam
3492 1531 3729 1586 nomine

2088 1632 2270 1686 totius
2313 1629 2581 1692 civitatis,
2630 1632 2687 1683 et
2741 1625 2948 1696 Optimi
2993 1622 3222 1678 Domini
3272 1620 3454 1676 nostri
3500 1621 3727 1674 decreto

2087 1721 2310 1775 assensi
2341 1723 2478 1775 sunt
2499 1716 2697 1783 ;veriti
2728 1731 2931 1771 sumus
2966 1729 3079 1767 non
3110 1711 3342 1766 obedire
3370 1713 3427 1763 et
3458 1708 3724 1764 reluctari

2084 1809 2200 1864 Deo
2233 1808 2455 1878 piisque
2484 1805 2737 1861 dominis
2770 1803 3002 1868 nostris,
3027 1800 3369 1871 cogitantes,
3402 1798 3556 1869 quod
3591 1812 3724 1866 pos-

2081 1899 2177 1965 sit,
2212 1913 2341 1952 cum
2377 1914 2411 1951 a
2450 1894 2698 1965 propriis
2747 1891 3034 1963 episcopis
3080 1891 3141 1943 ﬁt
3174 1886 3487 1955 ordinatio,
3518 1886 3721 1955 praedi-

332 1948 484 2056 ταῖς·
542 1948 897 2043 λογισάμενοι
955 1974 1036 2027 ὅτι
1107 1972 1328 2038 δυνατός
1387 1982 1449 2051 [Γ.
1511 1948 1749 2056 δυνατόν]

2080 1991 2235 2042 ctum
2272 1984 2597 2056 periculum
2629 1980 2929 2037 declinari.
2964 1978 3123 2041 Quod
3176 1993 3303 2033 vero
3347 1976 3413 2029 ad
3468 1977 3719 2030 alterum

332 2054 494 2123 ἥνικα
535 2059 636 2112 ὑπὸ
684 2064 789 2114 τῶν
851 2062 1064 2116 οἰκείων
1121 2065 1428 2122 ἐπισκόπων
1461 2073 1494 2138 ἡ
1525 2054 1839 2145 χειροτονία
1879 2076 1966 2129 νί-

1893 2129 1903 2145 .

329 2164 495 2215 νεται,
528 2152 715 2220 φυγεῖν
769 2149 861 2202 τὸν
908 2158 1304 2226 προειρημένον
1353 2129 1627 2214 κίνδυνον.Ι
1670 2164 1812 2235 Πρὸς
1867 2129 1967 2239 {ap

329 2235 393 2287 τὸ
430 2235 561 2305 μετὰ
590 2241 755 2291 ταῦτα
781 2258 793 2270 ·
826 2238 888 2292 τὸ
944 2241 1041 2311 μὲν
1099 2244 1180 2296 ὅτι
1221 2245 1410 2321 πόρῥω
1448 2253 1554 2302 τῶν
1598 2249 1820 2305 ἐνταῦθα
1859 2235 1966 2307 ἆπζ

331 2323 714 2392 οικίζεται’τὸ
766 2323 822 2380 δὲ
879 2327 959 2381 ὅτι
1018 2328 1253 2405 ἐγχωρεῖ
1299 2336 1388 2388 xui
1437 2334 1811 2409 ἐπιδημοῦντα
1867 2364 1965 2419 φυ-

329 2410 614 2468 λάττεσθαι
653 2417 790 2469 κατά
837 2415 1084 2481 πολλοὺς
1119 2422 1373 2493 τρόπους.
1410 2427 1543 2481 Εἶτα
1592 2430 1674 2484 ὅτι
1724 2430 1814 2483 xui
1876 2410 1962 2485 iiu-

322 2519 471 2603 ναῖοι
527 2498 935 2573 συμϐαίνουσιν,
985 2510 1072 2560 καὶ
1131 2506 1191 2561 ἔκ
1249 2513 1414 2582 μέσου
1470 2515 1672 2586 γίνεται
1712 2518 1775 2571 τὸ
1806 2522 1960 2573 σκάν-

327 2587 351 2603 ε.

322 2587 529 2643 οαλον⁸
589 2592 770 2667 ὥσπερ
828 2597 917 2649 xui
976 2595 1057 2672 ἐφ’
1113 2601 1274 2670 ἡμῶν
1324 2607 1499 2656 αὐτῶν
1545 2610 1652 2658 τῶν
1698 2614 1961 2662 ταπεινῶν

320 2674 427 2731 ὧδε
482 2680 806 2752 καθημένων
878 2681 1096 2754 συνέϐη,
1157 2686 1598 2765 διαφυλαχθῆναι
1671 2694 1775 2757 ἕως
1862 2703 1958 2751 τοῦ

316 2769 606 2861 παρόντος,
640 2771 928 2845 οἰκονομίᾳ
984 2776 1311 2852 χρωμένων.
1372 2786 1462 2834 Δεῖ
1509 2784 1633 2856 γὰρ,
1695 2784 1775 2861 ἐφ’
1830 2787 1954 2840 ὅσον

322 2856 437 2909 οἷόν
469 2879 547 2926 τε,
599 2861 908 2935 ὑποχωρεῖν
945 2863 1074 2925 τοὺς
1123 2870 1480 2939 πειρασμοὺς,
1512 2869 1698 2935 ἄλλως
1735 2856 1807 2928 ’τε
1865 2876 1954 2928 καὶ

325 2948 398 3020 μὴ
461 2948 759 3017 ἐπισκοπῆς
820 2951 1059 3024 ἐχόντων
1108 2955 1339 3027 ἀξίωμα.
1387 2960 1482 3012 Διὰ
1510 2965 1675 3015 ταῦτα
1734 2964 1807 3022 ὡς
1866 2962 1951 3018 ἐπὶ

321 3038 552 3111 μάρτυρι
610 3044 725 3109 Θεῷ
778 3038 1180 3115 ἐπιδεδώκαμεν
1237 3045 1480 3115 ἑαυτοὺς,
1529 3047 1834 3117 δοκοῦντες,
1862 3050 1952 3107 ’ίνα

312 3126 401 3179 καὶ
458 3131 617 3180 τοῦτο
666 3125 926 3199 ε’ίπωμεν,
965 3130 1105 3201 μηδὲ
1161 3135 1494 3207 ἠγνοημέννν
1551 3139 1682 3192 εἶναι
1730 3141 1946 3202 πάντως

308 3220 429 3278 τοῖς
457 3212 724 3271 εὖσεϐέσιν
756 3220 916 3289 ἡμῶν
950 3218 1255 3288 δεσπόταις,
1283 3223 1451 3280 εἰδόσι
1507 3228 1573 3281 τὰ
1622 3228 1810 3304 πόῤῥω
1856 3232 1943 3283 καὶ

2080 2082 2275 2148 caput,
2309 2074 2648 2131 occurrebat
2685 2073 2839 2143 quod
2881 2067 3081 2141 procul
3126 2067 3262 2122 hinc
3312 2073 3573 2121 semotus
3603 2064 3714 2119 sit:

2078 2166 2321 2237 ﬁerique
2364 2165 2545 2236 possit
2575 2167 2638 2217 ut
2687 2175 2921 2233 peregre
2970 2174 3168 2229 agens,
3202 2154 3486 2210 devitetur
3516 2152 3716 2208 multis

2077 2255 2288 2310 modis.
2320 2254 2538 2309 Deinde
2568 2253 2719 2321 quod
2767 2254 2981 2304 mortes
3011 2246 3375 2315 contingant,
3406 2250 3465 2298 et
3494 2243 3564 2296 de
3595 2257 3716 2295 me-

2074 2345 2167 2400 dio
2202 2343 2433 2400 tollatur
2479 2340 2816 2398 scandalum
2855 2355 2868 2393 :
2917 2333 3411 2408 quemadmodum
3460 2337 3516 2387 et
3548 2328 3714 2385 nobis

2075 2432 2393 2488 humilibus
2440 2429 2705 2499 contigit,
2749 2428 2847 2498 qui
2880 2426 2973 2480 hic
3022 2423 3356 2487 residentes,
3414 2420 3712 2490 hucusque

2070 2522 2397 2579 conservati
2446 2534 2667 2584 sumus,
2721 2514 3153 2586 dispensatione
3202 2510 3431 2565 utendo.
3478 2508 3714 2578 Oportet

2070 2612 2249 2680 enim,
2290 2612 2478 2682 quoad
2532 2611 2686 2673 licet,
2719 2605 3060 2661 tentationes
3101 2599 3537 2669 subterfugere:
3578 2597 3709 2652 illos

2068 2706 2413 2771 praesertim,
2439 2696 2954 2768 quiepiscoporum
2977 2690 3320 2761 dignitatem
3344 2703 3456 2742 non
3476 2690 3705 2754 gerunt.

2067 2790 2168 2843 His
2216 2789 2286 2842 de
2315 2785 2528 2851 causis,
2578 2785 2689 2839 Deo
2741 2786 2908 2846 teste,
2943 2795 3048 2833 nos
3096 2776 3469 2846 ingessimus,
3504 2772 3709 2827 existi-

2066 2884 2313 2946 mantes,
2362 2880 2427 2930 ut
2492 2877 2599 2930 hoc
2655 2874 2827 2928 etiam
2884 2870 3169 2932 dicamus,
3246 2865 3703 2935 haudquaquam

2064 2984 2303 3038 prorsus
2342 2967 2594 3037 ignotam
2647 2947 2981 3015 rem‘fuisse
3034 2957 3141 3026 piis
3170 2953 3434 3009 Dominis
3464 2951 3701 3019 nostris,

2062 3057 2162 3127 qui
2194 3056 2365 3126 longe
2390 3052 2700 3123 proculque
2725 3048 2913 3121 posita
2931 3045 3290 3117 prospiciunt
3306 3058 3542 3097 summa
3562 3057 3696 3096 cum

2060 3146 2328 3210 solertia;
2361 3146 2456 3197 sed
2499 3155 2689 3211 neque
2732 3139 2844 3207 ipsi
2897 3134 3235 3206 patriarchas
3282 3130 3646 3186 sanctissimo
3682 3147 3695 3185 :

2064 3234 2340 3307 quoniam
2372 3232 2439 3286 ad
2473 3232 2666 3301 ipsum
2698 3228 2871 3281 etiam
2898 3230 3040 3278 tunc
3058 3220 3395 3291 scripsimus
3426 3220 3497 3274 de
3526 3234 3593 3273 ea
3613 3234 3697 3285 re,

312 3305 519 3411 μακρὰγ
554 3304 622 3359 δι’
653 3306 819 3377 ἄκραν
853 3309 1139 3387 ἀγχίνοιαν
1167 3333 1178 3344 ·
1213 3312 1359 3368 ἀλλὰ
1393 3318 1500 3385 μὴν
1543 3316 1667 3371 οὐδὲ
1697 3302 1842 3391 αὐτῷ
1870 3324 1950 3389 τῷ
1982 3323 1985 3349 ‘

2079 3302 2211 3392 iuod
2246 3338 2373 3388 nos,
2415 3324 2714 3390 propterea
2743 3313 2896 3385 quod
2941 3311 3375 3367 communicare
3406 3307 3697 3362 nollemus

305 3394 595 3499 ἁγιωτάτῳ
654 3398 988 3473 πατριάρχῃ,
1050 3401 1163 3455 ἐπεὶ
1219 3403 1449 3475 κάκείνῳ
1507 3411 1803 3475 τηνικαῦτα
1858 3430 1944 3482 γε-

2079 3430 2192 3467 sum
2233 3428 2298 3467 eo
2348 3410 2445 3480 qui
2496 3405 2825 3462 adulterum
2872 3404 3268 3462 coronaverat,
3322 3412 3504 3467 neque
3560 3411 3693 3451 cum

302 3485 587 3591 γρᾶφαμεν
634 3485 732 3552 τὴν
778 3486 1063 3541 ὑπόθεσιν·
1098 3491 1171 3551 ὡς
1225 3494 1387 3562 ἡμεῖς
1436 3516 1496 3569 γε
1536 3496 1731 3550 τούτου
1786 3497 1946 3575 χάριν

379 3572 391 3587 η
536 3576 558 3586 ν
669 3574 683 3591 ε
950 3584 977 3591 _
1157 3585 1183 3591 μ
1469 3586 1479 3591 -
1725 3587 1734 3591 -

2079 3501 2433 3557 ιηιροθᾱθηῐθ
2466 3493 2812 3566 patriarcha,
2831 3507 2965 3547 cum
2987 3489 3036 3545 ei
3060 3488 3461 3543 tantummodo
3480 3485 3693 3554 imper-

301 3577 435 3677 ὑπερ
466 3592 562 3625 του
614 3577 691 3645 μὴ
740 3584 1072 3644 κοινωνῆσαι
1117 3585 1196 3651 τῷ
1246 3586 1644 3658 στεφανώσαντι
1686 3587 1778 3641 τὸν
1831 3608 1947 3659 μοι·

2080 3594 2225 3658 iret;
2259 3588 2497 3645 diversis
2532 3584 2722 3641 modis
2760 3581 3029 3638 exsilium
3063 3577 3474 3649 pertulerimus
3508 3592 3521 3629 :
3559 3589 3695 3642 praa-

294 3668 543 3769 χόνἈκαὶ
585 3668 1157 3769 τῴ’προηγησαμενῳ
1205 3674 1539 3747 πατριάρχῃ,
1564 3676 1722 3743 ἡνίκα
1779 3676 1941 3747 μόνον

2080 3696 2316 3752 srquam
2348 3678 2502 3749 quod
2534 3673 2929 3731 venerandum
2977 3668 3171 3738 ipsum
3204 3682 3269 3721 os
3300 3679 3500 3721 eorum
3540 3678 3693 3732 sepe

301 3746 585 3822 μετεδίδου
642 3750 810 3822 αὐτῷ,
852 3750 1126 3830 διαφόρως
1179 3759 1277 3826 τήν
1336 3746 1540 3834 ἐξορίαν
1591 3762 1936 3836 ὑπέστημεν’

348 3833 365 3852 Χ
396 3836 407 3851 \
496 3835 520 3852 υ
684 3836 700 3852 κ
721 3835 739 3852 λ
848 3843 870 3852 υ
1015 3841 1026 3852 ι
1107 3841 1119 3852 ι
1170 3845 1180 3852 ι
1268 3846 1279 3852 ι
1365 3846 1373 3852 .
1596 3848 1607 3852 -

2079 3746 2445 3834 Ιὶθουεεὶιξθι
2475 3762 2760 3832 comperit
2804 3760 2926 3815 haec
2971 3759 3052 3812 ita
3099 3772 3158 3811 se
3189 3755 3421 3810 habere.
3454 3752 3573 3807 Hoc
3603 3756 3695 3805 est

297 3833 449 3942 ’πλὴν
492 3835 574 3889 ὅτι
607 3835 911 3912 πολλαχῶς
942 3841 1030 3894 xui
1061 3841 1191 3897 αὐτὸ
1229 3846 1291 3898 τὸ
1321 3833 1503 3919 τίμιον
1550 3848 1726 3903 αὐτῶν
1760 3833 1936 3921 στόμα

442 3922 452 3942 7
747 3926 759 3942 \
826 3924 848 3942 ﬁ
887 3927 898 3942 1
1151 3935 1173 3942 .-
1350 3934 1374 3942 .ι
1567 3935 1589 3942 ..
1843 3937 1866 3942 -.

2079 3872 2402 3929 ’θεροῑιειιω
2438 3859 2735 3910 nostrum:
2782 3850 2978 3919 idque,
3020 3851 3085 3901 ut
3130 3844 3351 3911 innuis,
3400 3840 3591 3913 perfer
3620 3840 3691 3895 ad

296 3920 631 4018 έπανέκρινε,
674 3926 763 3978 καὶ
823 3924 1014 4001 διέγνω
1079 3935 1244 3985 ταῦτα
1315 3934 1486 3997 οὕτως
1564 3935 1733 4010 ἔχειν.
1794 3920 1937 4007 Δῦτη

2079 3962 2312 4018 psorum
2351 3943 2731 3999 audientiam.

296 4010 440 4065 ἐστὶν
472 4014 506 4080 ἡ
540 4012 843 4090 ἀπολογίαο
877 4017 966 4071 καὶ
1014 4019 1237 4091 ταύτην,
1281 4022 1354 4083 ὡς
1408 4025 1668 4095 κελεύεις,
1711 4027 1943 4103 ἀνάγαγε

291 4105 376 4171 τῷ
406 4101 620 4174 εὐηκόῳ
661 4103 836 4159 αὐτῶν
868 4106 1072 4180 κράτει.

408 4285 527 4338 ΚΔ’.
559 4314 627 4323 -
657 4283 960 4358 Θεοκτίστῳ
1008 4289 1119 4361 (20)
1169 4292 1463 4368 Μαγίστρῳ
1495 4298 1625 4368 (21).
1663 4300 1830 4375 [μβ’.]

2392 4300 2589 4357 XXIV.
2623 4328 2693 4341 -—
2722 4297 3012 4352 Theoctisto
3041 4291 3316 4361 Magistro.

1161 4452 1264 4504 Cur
1296 4470 1326 4505 a
1354 4460 1662 4519 patriarcha
1693 4477 1747 4511 se
1779 4464 2095 4528 abjunxerit.
2122 4464 2340 4528 (Baron.
2374 4477 2462 4513 an.
2493 4461 2604 4521 808,
2637 4474 2690 4511 n.
2724 4456 2829 4521 10.)

372 4570 484 4677 Ὀτι
530 4572 969 4645 περιπονουμένη
1020 4574 1129 4629 ἐστὶ
1172 4580 1239 4633 τὰ
1285 4583 1573 4655 καθ’ἡμᾶς
1622 4588 1656 4653 ἠ
1700 4588 1985 4660 μεγίστηῙ

690 4660 705 4677 \
768 4657 815 4677 ,Β
884 4662 896 4677 ο
1019 4659 1047 4677 ο
1090 4664 1144 4677 \\
1211 4669 1222 4677 .
1474 4670 1489 4677 ι
1551 4674 1564 4677 _
1614 4672 1623 4677 .
1770 4673 1815 4677 μ-

2114 4591 2273 4656 Quod
2308 4589 2378 4645 de
2401 4589 2565 4644 nobis
2592 4603 2693 4659 pro
2723 4584 2935 4640 eximia
2964 4597 3074 4637 sua
3104 4577 3316 4650 pietate
3339 4574 3590 4631 sollicita
3611 4575 3689 4629 sit

287 4677 387 4778 aqu
465 4659 815 4764 urtspo‘xﬁfﬁ
879 4659 1331 4738 ὑπερϐαλλούσης
1409 4670 1706 4747 φιλοθεΐας,
1769 4659 1934 4748 ἔδειξε

292 4767 389 4778 ..Αιι
449 4765 535 4778 υ...
594 4767 658 4778 -.-
717 4751 803 4778 .ηέ.
862 4756 955 4778 --τε
1028 4750 1315 4778 -.ημθξγνι
1474 4762 1486 4778 α
1662 4762 1672 4778 1
1843 4767 1898 4778 ..

2079 4679 2381 4735 xcellentia
2414 4682 2532 4743 tua,
2557 4674 2855 4732 declarant
2877 4687 3017 4727 sane
3043 4684 3167 4739 quas
3192 4682 3291 4737 per
3321 4662 3685 4722 reverendis-

2079 4772 2082 4778 .
2525 4766 2558 4778 ι.
2739 4765 2750 4775 -
2842 4760 2924 4778 vn,
2983 4759 3042 4778 ,L:
3075 4776 3083 4778 _
3123 4762 3176 4778 ,Α
3209 4771 3319 4778 _-_
3357 4752 3550 4778 ...ε....,.
3583 4750 3680 4778 HI-

291 4750 389 4819 μὲν
449 4750 538 4799 xui
594 4750 659 4800 τὰ
717 4750 804 4802 διὰ
861 4756 958 4804 τοῦ
1026 4750 1419 4811 εὐλαϐεστάτου
1464 4762 1772 4834 ἡγουμένου
1834 4767 1926 4835 ἀή-

380 4855 388 4856 ,
483 4836 539 4856 9n
654 4837 665 4856 ι
889 4836 929 4855 m
1068 4842 1080 4856 ι
1172 4848 1198 4856 ..
1334 4847 1345 4856 ι
1420 4846 1440 4856 -ι
1475 4849 1486 4856 .
1700 4851 1748 4856 _-
1788 4851 1800 4856 _
1832 4822 1839 4839 ¹

2079 4772 2251 4824 imum
2294 4766 2670 4840 praepositum
2704 4759 3043 4834 signiﬁcasti
3072 4776 3086 4825 ;
3120 4762 3179 4812 at
3209 4771 3325 4810 non
3357 4752 3552 4809 minus
3583 4750 3686 4805 illa

291 4855 455 4908 ματα.
483 4837 819 4912 Ἐφανέρωσε
885 4837 940 4894 δὲ
995 4842 1083 4896 xui
1141 4848 1233 4897 νῦν
1289 4847 1357 4901 τὰ
1415 4846 1500 4902 διὰ
1550 4856 1650 4904 τοῦ
1691 4837 1929 4908 ἀδελῷοῦ

295 4926 311 4943 ο
381 4930 409 4940 ν
584 4926 596 4943 \
729 4929 739 4943 ἱ
900 4929 953 4943 κο
1120 4930 1142 4943 σι
1191 4934 1208 4943 λ
1251 4935 1261 4943 ι
1411 4935 1418 4943 ι
1645 4940 1653 4943 .
1841 4916 1848 4925 ι

2085 4875 2167 4912 uss
2198 4873 2352 4912 nunc
2399 4837 2499 4926 per
2532 4856 2761 4909 fratrem
2796 4848 3077 4913 nostrum,
3108 4846 3258 4901 circa
3290 4843 3503 4897 missas
3536 4840 3683 4895 rela-

283 4926 450 4997 ἡμῶν
500 4926 635 4999 πρὸς
684 4929 749 4980 τὰ
795 4929 1055 4985 σταλέντα
1117 4930 1421 5005 δηλώματά
1466 4958 1521 4992 τε
1570 4940 1659 4993 καὶ
1694 4942 1928 4997 ἀνταπο-

364 5014 375 5033 Ι
607 5021 640 5033 π’
691 5017 701 5029 ι
801 5024 827 5033 ην
925 5019 938 5033 ρ
994 5021 1008 5033 \
1211 5021 1227 5033 κ
1354 5026 1363 5033 ι

2079 4963 2229 5002 ,οιιεε
2261 4952 2316 5002 et
2348 4961 2642 5016 responsa.
2676 4944 2747 4996 Et
2778 4957 2881 5013 pro
2935 4938 3046 4993 hac
3095 4934 3326 5006 quidem
3357 4936 3518 4986 tanta
3546 4944 3683 4999 erga

283 5014 549 5121 Epirum.
607 5017 880 5121 Kui‘riq‘
920 5019 1053 5093 ὑπὲρ
1134 5021 1472 5096 τηλικαύτης
1551 5050 1645 5082 σου
1726 5031 1927 5105 ἀγαθῆς

2082 5036 2349 5091 tilitatem
2401 5014 2769 5089 communem
2814 5027 3196 5100 propensione
3227 5026 3325 5076 tua
3356 5019 3679 5075 mercedem

286 5100 577 5166 διαθέσεως
634 5107 770 5178 πρὸς
828 5108 889 5161 τὸ
946 5114 1103 5184 κοινῇ
1159 5114 1450 5190 συμφέρον,
1510 5117 1635 5179 τοὺς
1701 5100 1925 5191 μισθους

2079 5125 2125 5179 li
2154 5125 2414 5194 omnino,
2456 5122 2624 5178 etiam
2673 5119 3000 5175 tacentibus
3042 5112 3209 5169 nobis
3241 5110 3543 5174 retribuet,
3583 5105 3682 5176 qui

1872 5250 2104 5306 NOTIE.

286 5430 298 5442 .
358 5358 491 5439 (20).
551 5358 872 5446 Θεοκτίστῳ.
924 5365 1354 5446 _Is__Nicepboro
1404 5374 1477 5428 ad
1522 5379 1924 5445 occupandum

282 5436 869 5511 imperiuppdjutor
920 5438 1044 5503 fuit,
1097 5436 1279 5507 eoque
1329 5445 1383 5495 in
1436 5436 1792 5511 expeditione
1832 5451 1925 5503 ad-

278 5518 489 5587 versus
528 5503 809 5587 Bulgaros
870 5516 1119 5587 mortuo,
1169 5503 1534 5587 S_t_auracium
1580 5522 1706 5587 ejus
1740 5520 1923 5575 lilium

277 5571 665 5649 proclamattit
703 5571 1130 5649 imperatorem.
1194 5583 1324 5638 Mox
1380 5571 1923 5645 converso—adulti:

280 5642 543 5731 chaelem
586 5642 966 5731 Curopalaten
1021 5652 1235 5731 studio,
1286 5654 1447 5711 illum
1502 5642 1577 5715 ad
1592 5642 1923 5731 imperium

278 5722 577 5796 provexit:
610 5733 677 5775 ac
713 5722 822 5775 sub
871 5722 996 5793 ipso
1026 5724 1321 5794 publicam
1365 5745 1487 5785 rem
1520 5722 1793 5803 tanquam
1825 5751 1926 5789 su-

2036 5396 2234 5449 prema
2276 5381 2553 5449 potestate
2597 5370 3047 5449 administrarit.
3080 5358 3685 5449 (Γηξιιιορεξλκεεκξιῇο-

2036 5430 2729 5513 inumﬁMricbaeltsjussu
2767 5462 2799 5499 a
2831 5443 3013 5497 Barda
3043 5430 3101 5495 et
3133 5430 3675 5513 Tbeophane_ifbal-

2034 5537 2181 5593 ganc
2214 5501 2472 5577 occisus.
2511 5501 2621 5593 Liso
2653 5514 3074 5572 Grammaticus
3125 5510 3195 5564 ad
3228 5501 3443 5562 calcem
3483 5501 3676 5557 Theo-

2033 5591 2265 5664 phanis,
2308 5608 2435 5664 pag.
2471 5591 2595 5645 461.

2104 5643 2585 5737 (ΞῖῩΜταῖἰέτρῴ.
2612 5661 2721 5737 _Sic
2777 5657 2970 5737 dictus.
3010 5659 3096 5708 est
3140 5647 3258 5737 κατ’
3296 5643 3499 5737 ἐξοχὴν
3550 5658 3674 5697 ma-

2032 5728 2214 5804 gister
2244 5728 2570 5792 officiorum
2609 5732 2667 5785 in
2710 5728 2918 5802 palatio
2957 5728 3393 5796 imperatorum.
