4084 6284
392 382 508 444 983

1641 399 1706 458 S.
1757 399 2147 462 THEODORI
2193 401 2558 464 STUDITE

3669 398 3792 460 984

391 521 664 576 omniain
686 521 1005 592 pondereet
1025 537 1301 580 mensura
1322 526 1528 584 dividit
1550 530 1717 587 Deus.
1741 531 1809 590 °°.
1833 535 2034 599 Quam-

2176 538 2413 606 ,ογιεῖται
2460 533 2599 607 αὐτῇ
2651 534 2864 594 πάντως
2918 534 3008 587 καὶ
3065 535 3227 605 ἡμῶν
3287 553 3363 604 μη
3423 531 3698 607 λεγόντων
3755 533 3784 585 ὁ

391 625 524 665 nam
556 626 688 666 vero
726 611 1245 683 dispensationem,
1292 616 1547 687 domine,
1582 621 1706 676 fieri
1747 638 1849 693 pro
1879 633 2035 695 parte

391 705 593 755 nostra
623 702 910 767 convenit,
960 704 1234 772 majorem
1285 723 1350 761 ea
1382 725 1495 779 qua
1527 711 1616 766 usi
1660 715 1908 770 sumus?
1937 717 2034 786 qui

393 791 782 846 subduximus
804 807 907 846 nes
933 792 1242 866 hactenus,
1274 795 1571 854 silentium
1597 811 1912 871 servantes,
1932 822 2037 877 ego

395 887 448 932 et
478 880 987 950 archiepiscopus;
1040 887 1313 953 quoniam
1356 893 1589 961 tempus
1621 900 1707 948 est
1737 893 2038 966 loquendi,

397 971 454 1023 et
481 973 712 1040 tempus
755 973 980 1026 tacendi
1013 972 1057 1007 ⁶¹
1086 991 1101 1040 ;
1129 991 1359 1030 omnem
1423 995 1651 1049 operam
1694 985 2039 1041 adhibentes

396 1073 468 1113 ne
498 1058 554 1112 in
599 1067 860 1131 apertum
896 1077 985 1118 res
1029 1064 1267 1119 veniret.
1301 1067 1406 1122 Sed
1433 1069 1712 1138 judicans
1736 1075 2038 1144 judicavit,

397 1163 501 1202 nec
532 1150 814 1205 mentitus
853 1154 943 1205 est
972 1153 1070 1222 qui
1103 1154 1276 1210 dixit:
1312 1158 1469 1214 Nihil
1495 1168 1574 1215 est
1602 1165 1870 1219 occultum
1902 1167 2043 1236 quod

397 1249 506 1291 non
530 1238 875 1293 revelabitur
903 1239 987 1310 62;
1023 1245 1086 1296 ut
1116 1243 1282 1298 nobis
1321 1245 1493 1300 etiam
1529 1249 1878 1320 nolentibus,
1908 1270 2042 1308 cum

399 1340 466 1380 eo
498 1331 650 1381 statu
714 1343 805 1383 res
853 1336 1066 1400 essent,
1118 1349 1231 1387 non
1283 1334 1376 1389 diu
1425 1337 1582 1392 aliud
1631 1357 1804 1411 quam
1857 1349 2042 1413 erant,

400 1429 529 1469 esse
549 1414 898 1471 viderentur.
933 1418 1100 1474 Nunc
1122 1430 1311 1476 autem
1350 1424 1783 1495 dispensatione
1816 1447 2046 1503 quoque

403 1507 655 1574 utentes,
690 1506 803 1561 duo
835 1506 956 1561 haec
978 1507 1242 1565 dicimus.
1279 1515 1392 1567 Aut
1424 1516 1716 1572 abstineat
1747 1520 2046 1590 depositus

402 1611 434 1648 a
467 1610 708 1650 munere
744 1599 1076 1667 sacerdotis,
1117 1607 1173 1655 et
1204 1604 1506 1660 confestim
1542 1611 2048 1667 communicamus

404 1699 537 1738 cum
571 1690 769 1739 sancto
801 1686 900 1742 illo
923 1691 1272 1762 patriarcha,
1301 1695 1452 1764 quod
1476 1697 1711 1766 quidem
1737 1701 1967 1769 expedit
1989 1702 2045 1755 in

407 1789 714 1829 commune
741 1793 752 1828 :
780 1786 874 1830 aut
900 1777 948 1832 si
973 1779 1266 1836 ferendum
1294 1782 1352 1837 id
1383 1801 1494 1840 non
1526 1792 1632 1854 est,
1665 1804 1967 1845 manemus
1997 1795 2052 1844 et

407 1878 514 1917 nos
546 1862 602 1916 in
637 1864 859 1934 eadem,
893 1881 1004 1934 qua
1050 1870 1237 1938 prius,
1289 1871 1704 1941 subtractione,
1758 1878 1932 1948 hujus
1969 1879 2050 1932 rei

408 1950 723 2007 vindictam
750 1953 994 2010 Domino
1020 1957 1430 2027 relinquentes.
1449 1965 1715 2036 Amplius
1736 1966 1821 2021 his
1841 1968 1885 2021 si
1911 1969 2052 2038 quid

412 2043 518 2109 est,
539 2042 661 2111 jam
688 2058 798 2097 non
816 2050 923 2113 est,
950 2045 1202 2117 ignosce,
1224 2049 1680 2121 dispensationis
1705 2058 1929 2124 modus,
1953 2059 2050 2113 sed

413 2129 764 2200 iniquitatis,
799 2141 855 2186 et
887 2134 1216 2192 divinorum
1260 2156 1543 2197 canonum
1579 2149 2058 2217 transgressionis

414 2221 654 2275 crimen.
680 2221 1142 2292 Dispensationis
1162 2229 1314 2284 enim
1340 2233 1623 2288 terminus
1655 2241 1762 2302 est,
1799 2243 1861 2290 ut
1884 2239 2057 2308 nosti,

413 2324 601 2380 neque
631 2326 850 2378 eorum,
891 2331 1020 2384 quae
1074 2319 1387 2374 constituta
1435 2328 1591 2392 sunt,
1637 2324 1853 2381 violare
1884 2328 2058 2398 quid-

418 2414 632 2470 quam;
669 2417 867 2471 neque,
899 2419 1032 2458 cum
1066 2423 1268 2475 parum
1311 2409 1527 2481 aliquid
1561 2416 1854 2471 remittere
1892 2416 2062 2472 liceat

418 2503 520 2558 pro
551 2493 809 2559 tempore
840 2509 904 2546 ac
937 2496 1176 2556 ratione,
1211 2508 1271 2552 ut
1311 2500 1444 2555 inde
1474 2503 1624 2572 quod
1658 2520 1718 2559 re
1748 2506 1873 2574 ipsa
1905 2523 2063 2577 quaa-

419 2577 587 2645 ritur,
621 2594 999 2651 consequare,
1033 2585 1100 2638 ad
1135 2586 1364 2642 duriora
1397 2592 1653 2660 provehi,
1689 2599 1747 2648 et
1770 2595 2059 2663 jacturam

419 2666 604 2722 facere
637 2670 946 2738 potiorum.
979 2676 1168 2744 Atque
1199 2675 1307 2732 hoc
1337 2677 1524 2750 ipsum
1561 2681 1891 2750 didicimus,
1916 2685 2066 2740 inter

421 2757 714 2825 apostolos
746 2759 1000 2829 quidem,
1033 2780 1098 2818 ex
1130 2764 1309 2822 Paulo
1343 2771 1743 2828 sanctiﬁcante
1783 2790 1844 2828 se
1877 2783 1931 2828 et
1954 2776 2067 2830 cir-

423 2845 785 2904 cumcidente
805 2849 1173 2908 Timotheum
1203 2854 1252 2889 53
1285 2876 1299 2924 ;
1334 2858 1485 2913 inter
1517 2861 1734 2930 Patres,
1757 2880 1824 2918 ex
1858 2881 2065 2932 magno

423 2934 640 2990 Basilio
674 2936 923 2993 Valentis
956 2957 1169 2998 munus
1209 2951 1565 3017 acceptante,
1601 2949 1820 3022 Deique
1854 2954 2064 3008 nudam

425 3041 622 3080 vocem
665 3027 735 3081 ad
779 3032 1009 3098 tempus
1059 3032 1330 3091 reticente
1371 3037 1427 3090 in
1472 3040 1763 3096 mentione
1815 3041 2070 3113 Spiritus

428 3117 634 3170 sancti.
685 3120 964 3174 Caeterum
997 3136 1102 3178 nec
1151 3123 1367 3181 Paulus
1399 3129 1761 3185 sanctiﬁcare
1793 3133 2070 3201 perstitit,

429 3221 531 3260 nec
564 3203 807 3262 Basilius
839 3207 1096 3266 Valentis
1126 3213 1275 3267 dona
1308 3229 1532 3286 capere,
1570 3219 1864 3290 Deumque
1895 3223 2072 3292 Spiri-

2144 625 2314 678 πάντα
2346 622 2526 699 μέτρῳ
2555 623 2644 678 καὶ
2676 625 2898 694 σταθμῷ
2946 619 3197 697 διορίζων
3244 623 3396 683 Θεός.
3428 622 3557 676 Τίνα
3610 620 3667 676 δὲ
3711 619 3795 676 δεῖ

2149 713 2459 786 οἰκονομίαν
2506 715 2774 787 γενέσθαι,
2816 713 2860 766 ὦ
2927 710 3178 781 δέσποτα,
3212 711 3336 766 ὅσον
3381 713 3442 766 τὸ
3486 713 3606 764 καθ’
3646 715 3795 784 ἡμᾶς

2147 800 2313 856 πλέον
2372 806 2438 870 ἧς
2496 805 2910 874 πεποιήκαμεν;
2953 804 3035 856 ὅτι
3079 799 3183 864 ἕως
3238 805 3334 855 τοῦ
3385 802 3652 874 παρόντος
3702 800 3796 853 ὑπ·

2150 892 2460 965 εστείλαμεν
2524 891 2743 955 ἑαυτοὺς
2801 893 3012 960 σιωπήν
3068 893 3280 966 ὰγυντες
3338 890 3447 966 ἐγώ
3503 910 3562 944 τε
3617 891 3706 944 καὶ
3766 890 3795 943 6

2149 981 2597 1054 άρχιεπίσκοπος,
2632 981 2744 1036 ἐπεὶ
2797 983 2888 1036 καὶ
2935 982 3122 1054 καιρὸς
3169 986 3265 1035 τοῦ
3313 980 3498 1036 λαλεῖν
3549 980 3639 1035 καὶ
3696 984 3798 1034 τοῦ

2152 1075 2329 1146 σιγᾷν,
2389 1078 2561 1125 πάντα
2616 1071 2815 1144 τρόπον
2904 1067 3278 1142 μεθοδεύοντες
3335 1069 3410 1129 εἰς
3466 1070 3528 1124 16
3578 1071 3653 1142 μὴ
3719 1069 3795 1130 εἷς

2151 1159 2430 1234 προῦπτον
2486 1155 2708 1229 ἐκϐῆναι
2757 1162 2855 1228 τήν
2910 1161 3184 1215 ὑπόθεσιν.
3218 1158 3374 1214 Ἀλλ’
3418 1159 3445 1212 ὁ
3501 1157 3799 1235 ἀνακρίνων

2153 1249 2409 1322 ἀνέκρινε,
2443 1251 2531 1304 καὶ
2583 1251 2611 1304 6
2669 1250 2832 1304 εἷ’πὼν
2890 1252 2953 1305 οὐ
3015 1249 3342 1324 διέψευσται,
3385 1248 3469 1304 ὅτι
3515 1248 3623 1304 Οῦκ
3678 1243 3794 1303 ἔστι

2153 1340 2390 1413 κρυπτὸν
2460 1340 2488 1394 ὃ
2560 1338 2620 1393 οὐ
2688 1342 3126 1416 φανερωθήσεται
3162 1359 3175 1373 ·
3227 1341 3303 1402 ὡς
3351 1340 3441 1394 καὶ
3499 1341 3662 1412 ἡμῶν
3719 1341 3797 1412 μή

2159 1428 2519 1504 αἱρουμένων,
2581 1428 2722 1484 οὕτω
2782 1431 2992 1506 φύσεως
3074 1429 3313 1506 ἐχόντων
3372 1433 3480 1484 τῶν
3539 1429 3797 1504 πραγμά-

2155 1539 2284 1589 των,
2319 1521 2393 1591 μὴ
2438 1518 2521 1572 ἐπὶ
2556 1519 2700 1572 πολὺ
2753 1520 2878 1592 παρ’
2912 1521 2940 1573 6'
2980 1519 3137 1586 εἰσιν,
3168 1516 3353 1593 ἕτερόν
3399 1540 3452 1573 τι
3498 1520 3798 1592 φαίνεσθαι.

2160 1611 2256 1663 Καὶ
2291 1613 2380 1664 νῦν
2413 1608 2469 1663 δὲ
2509 1608 2795 1682 οἰκονομίᾳ
2825 1612 3131 1685 χρώμενοι,
3165 1608 3260 1664 δύο
3308 1613 3480 1664 ταῦτα
3527 1609 3757 1684 λὲγομεν
3786 1627 3798 1640 °

2160 1699 2243 1752 ὅτι
2302 1699 2336 1768 ἢ
2397 1699 2590 1753 παύσει
2640 1700 2667 1752 ὁ
2729 1700 3109 1774 καθῃρημένος
3174 1705 3273 1767 τῆς
3341 1699 3670 1773 ἱερουργίας,
3714 1697 3803 1752 καὶ

2159 1789 2285 1863 παρ’
2345 1788 2478 1842 αὐτὰ
2537 1793 3000 1862 συγκοινωνοῦμεν
3054 1794 3134 1861 τῷ
3191 1788 3330 1862 ἁγίῳ
3379 1789 3558 1860 τούτῳ
3605 1807 3806 1863 πατρι-

2087 1915 2131 1979 B
2163 1878 2308 1952 άρχῃ
2332 1898 2344 1910 ·
2387 1879 2415 1932 ὃ
2446 1877 2535 1932 καὶ
2571 1875 2851 1938 λυσιτελὲς
2881 1877 3017 1932 κατὰ
3048 1882 3236 1932 κοινυῦ
3265 1899 3276 1911 ·
3301 1877 3337 1946 ἢ
3372 1877 3415 1932 εί
3453 1879 3526 1949 μὴ
3561 1877 3803 1946 ἀνεκτὸν,

2167 1970 2256 2022 καὶ
2295 1970 2453 2041 ἐσμὲν
2503 1970 2603 2022 ὑπὸ
2650 1975 2751 2037 τῆς
2796 1968 2964 2037 αὐτῆς
3018 1967 3292 2036 ευσοτλῆς
3343 1973 3479 2023 κατὰ
3508 1967 3569 2022 τὸ
3599 1967 3802 2035 πρότε-

2168 2077 2280 2132 ρον,
2310 2063 2390 2129 τῷ
2432 2058 2620 2131 Κυρίῳ
2651 2059 2749 2125 τήν
2786 2058 2918 2132 ὑπὲρ
2945 2063 3042 2112 τοῦ
3087 2058 3342 2112 τοιούτου
3387 2055 3683 2134 κεφαλαίου
3714 2055 3803 2111 ἐκ-

2166 2146 2379 2216 δίκησιν
2417 2148 2894 2221 παραχωρὸῦντες.
2929 2147 3004 2204 Τὸ
3054 2145 3111 2201 δὲ
3162 2152 3345 2220 μεῖζον
3404 2147 3620 2214 τούτου,
3672 2147 3804 2201 οὐκ-

2167 2237 2264 2303 ἐτι,
2299 2237 2594 2312 σόγγνωθι,
2630 2236 2943 2308 οἰκονομίας
2992 2239 3220 2311 τρόπος,
3268 2233 3418 2289 ἀλλὰ
3466 2235 3805 2310 παρανομίας

2165 2327 2252 2382 καὶ
2306 2322 2659 2399 παραϐάσεως
2707 2331 2813 2380 τῶν
2861 2327 3016 2380 θείων
3069 2327 3308 2380 κανόνων
3353 2323 3602 2403 ὄφλημα.
3639 2325 3804 2381 Οἶκος

2164 2414 2364 2486 νομίας
2397 2415 2498 2489 γὰρ
2550 2413 2702 2488 ὅρος,
2735 2415 2808 2474 ὡς
2853 2415 3029 2485 οἶσθα,
3084 2415 3223 2485 μήτε
3279 2434 3330 2466 τι
3379 2417 3487 2467 τῶν
3544 2412 3809 2483 κειμένων

2168 2505 2374 2558 ἀθετεῖν
2404 2503 2673 2569 καθόλου,
2710 2505 2849 2574 μήτε
2893 2501 2973 2579 ἐφ’
3004 2503 3048 2573 ᾦ
3081 2499 3199 2556 οἷόν
3251 2523 3309 2556 τε
3359 2501 3550 2575 μικρὸν
3603 2503 3810 2579 ὑρεῖναι

2169 2595 2305 2648 κατὰ
2356 2594 2543 2666 καιρὸν
2592 2592 2681 2647 καὶ
2731 2591 2897 2667 λόγον
2931 2612 2942 2624 ·
2977 2594 3050 2652 ὡς
3082 2591 3316 2646 ἐντεῦθεν
3370 2592 3543 2665 εὑρεῖν
3591 2592 3655 2644 τὸ
3709 2597 3815 2660 ζη-

2169 2684 2432 2756 τούμενον
2483 2682 2720 2756 ἀτεχνῶς
2751 2701 2761 2713 ·
2795 2680 2930 2756 πρὸς
2979 2681 3041 2736 τὸ
3090 2677 3448 2757 σφοδρότερον
3513 2680 3814 2755 ὑπάγεσθαι

2172 2778 2251 2844 τῷ
2307 2772 2605 2845 πράγματι,
2662 2771 2750 2825 καὶ
2823 2772 3149 2843 ζημιοῦσθαι
3207 2771 3272 2823 τὰ
3330 2769 3652 2844 τελεώτερα.
3718 2771 3814 2823 Καὶ

2173 2867 2336 2916 τοῦτο
2369 2859 2754 2934 ὃεδιδάγμεθα,
2794 2859 2844 2913 ἐν
2879 2861 2971 2932 μὲν
3012 2865 3129 2922 τοῖς
3167 2857 3516 2927 ἀποστόλοις,
3548 2859 3694 2930 παρὰ
3722 2861 3819 2912 τοῦ

2177 2949 2419 3019 Παύλου,
2482 2950 2836 3025 ἀγνισαμένου
2917 2947 3006 3002 καὶ
3063 2949 3452 3022 περιτεμόντος
3510 2948 3603 3002 τὸν
3659 2946 3823 3020 Τιμό-

2179 3043 2295 3094 θεον
2325 3060 2336 3071 ·
2373 3039 2426 3093 ἐν
2459 3035 2517 3093 δὲ
2562 3043 2679 3092 τοῖς
2731 3039 2989 3112 Πατράσι,
3024 3039 3170 3110 παρὰ
3216 3041 3312 3090 τοῦ
3365 3034 3608 3111 μεγάλου
3660 3042 3824 3089 Βασι-

2179 3129 2352 3199 λείου,
2379 3128 2800 3203 προσηκαμένου
2845 3127 2908 3180 τὸ
2956 3125 3158 3197 λῆμμα
3206 3129 3303 3180 τοῦ
3351 3125 3684 3196 Οὐάλεντος,
3732 3124 3824 3178 καὶ

2183 3221 2668 3289 ὑποσιωπήσαντος
2718 3218 2853 3291 πρὸς
2907 3218 3091 3288 καιρὸν
3151 3217 3250 3283 τὴν
3311 3216 3442 3278 Θεὸς
3497 3215 3681 3290 φωνὴν
3725 3234 3828 3286 γυ-

425 3299 550 3350 tum
591 3300 860 3352 eanctum
907 3315 1019 3354 non
1072 3303 1403 3371 praedicare.
1451 3307 1598 3370 Quin
1645 3311 1817 3364 ambo
1867 3317 2064 3368 contra

2185 3312 2322 3382 μνὴν
2353 3307 2436 3363 ἐπὶ
2479 3313 2575 3362 τοῦ
2617 3309 2944 3381 Πνεῦματος.
2979 3305 3132 3361 Ἀλλ’
3164 3303 3285 3360 οὔτε
3331 3306 3357 3358 6
3413 3304 3628 3364 Παῦλος
3675 3300 3829 3374 ἔμει-

433 3400 534 3456 pro
566 3384 826 3456 utrisque
857 3393 1094 3445 mortem
1131 3403 1475 3463 praeoptasse
1506 3397 1797 3454 videntur.

2181 3420 2263 3454 νεν
2327 3401 2696 3473 ἁγνιζόμενος,
2749 3395 2871 3452 οὕτε
2925 3395 3203 3454 Βασίλειος
3271 3395 3688 3468 προσηκάμενος
3749 3386 3827 3445 ἔτι

429 3474 492 3528 τὸ
548 3477 644 3528 τοῦ
703 3474 1003 3540 Οὒάλεντος
1061 3477 1253 3555 δῶρον,
1287 3485 1372 3538 καὶ
1438 3488 1512 3558 μὴ
1574 3487 1855 3561 κηρύττων
1917 3491 2044 3546 Θεὸν
2104 3493 2163 3546 τὸ
2213 3495 2466 3563 Πνεῦμα’
2501 3488 2813 3544 τούναντίον
2863 3489 2956 3561 μὲν
2997 3485 3086 3541 οῦν
3125 3485 3424 3560 ἀμφότεροι
3461 3485 3593 3559 ὑπὲρ
3644 3482 3833 3538 ἱκατὲ-

435 3587 542 3642 ρων
576 3568 836 3630 θανάτους
867 3572 1221 3646 αἱρησάμενοι
1254 3577 1550 3649 φαίνονται.

507 3661 589 3716 Ad
612 3660 766 3716 hunc
783 3663 1020 3719 modum
1045 3667 1376 3740 quicunque
1409 3688 1660 3741 unquam
1689 3689 1832 3729 usus
1855 3679 1944 3729 est
1964 3675 2084 3730 dis-

439 3751 798 3821 pensatione,
862 3769 894 3807 a
953 3760 1108 3810 recto
1167 3775 1279 3813 non
1342 3761 1668 3817 aberravit:
1715 3765 1876 3835 quin,
1911 3767 2084 3821 citius

437 3847 741 3895 assecutus
773 3845 862 3895 est
885 3844 1034 3912 quod
1063 3849 1734 3919 parumperintcrmisit:
1770 3855 2079 3910 sicutacci-

440 3931 576 3984 dere
607 3928 753 3985 solet
780 3931 1170 4003 gubernatori,
1210 3939 1435 3994 clavu‘m
1470 3941 1732 3996 nonnihil
1767 3944 2083 4000 remittenti

441 4024 674 4091 propter
705 4019 1005 4077 adversam
1037 4027 1190 4080 venti
1217 4033 1642 4100 tempestatem.
1677 4034 1782 4098 Qui
1824 4051 1956 4090 vero
1981 4036 2084 4089 ali-

439 4113 528 4164 ter
555 4126 894 4180 progressus
926 4119 1032 4183 est,
1067 4115 1348 4172 aberravit
1375 4137 1406 4173 a
1438 4137 1631 4189 scopo,
1675 4124 2083 4191 praevaricatio-

441 4214 570 4252 nem
588 4200 868 4255 inducens
884 4219 984 4273 pro
999 4205 1454 4275 dispensatione.
1478 4211 1820 4282 Etexempla
1843 4216 2080 4270 omnino

441 4286 625 4342 multa
655 4297 810 4357 sunt,
845 4308 967 4358 quae
1001 4293 1247 4349 scribere
1280 4313 1774 4366 supervacaneum
1808 4308 1915 4370 est,
1950 4319 2080 4371 pro-

443 4381 567 4446 pter
597 4378 814 4433 niniam
839 4382 1234 4450 prolixitatem.
1263 4388 1422 4462 Quod
1456 4404 1585 4460 vero
1615 4409 1642 4443 a
1679 4392 2081 4448 Dominatione

441 4470 542 4520 tua
574 4465 793 4521 dictum
827 4479 932 4536 est,
959 4471 1017 4525 in
1041 4487 1260 4529 canone
1290 4475 1678 4547 apostolorum
1701 4480 1750 4514 (⁷⁸
1778 4481 1848 4534 de
1871 4481 1960 4536 his
1983 4482 2077 4551 qui

441 4557 719 4626 pecunias
751 4560 1042 4627 ordinant,
1087 4566 1143 4616 et
1173 4563 1271 4633 qui
1322 4566 1688 4633 ordinantur,
1741 4571 2081 4625 remissione

444 4647 695 4716 quadam
731 4664 901 4704 usum
937 4650 1111 4705 videri
1154 4652 1634 4726 Chrysostomum
1666 4675 1799 4730 erga
1831 4677 1926 4714 sex
1956 4659 2080 4730 epi-

442 4752 649 4806 scopos
668 4753 817 4807 quos
839 4739 1140 4810 deposuit;
1170 4743 1310 4798 nihil
1337 4744 1394 4800 id
1418 4747 1729 4818 discrepat,
1749 4754 1803 4803 et
1821 4749 1870 4803 si
1892 4750 2084 4804 videa-

441 4830 574 4880 tur:
627 4843 753 4882 cum
802 4830 1031 4896 privans
1080 4831 1212 4886 illos
1254 4835 1412 4888 omni
1471 4853 1708 4905 prorsus
1741 4839 2080 4896 sacerdotio.

443 4915 628 4970 solam
661 4917 777 4972 illis
809 4921 878 4973 ad
914 4920 1093 4977 altare
1126 4925 1623 4995 participationem
1660 4929 1985 4998 permiserit
2013 4928 2078 4983 ⁸⁵.

443 5003 656 5060 Demus
700 5013 887 5063 autem
947 5011 1294 5082 discrepare,
1344 5021 1400 5068 et
1435 5017 1828 5071 remissionem
1867 5019 2077 5074 inesse.

443 5093 756 5150 Imitentur
787 5115 928 5153 sane
977 5102 1072 5170 qui
1128 5103 1340 5169 volent,
1384 5103 1580 5157 nullus
1623 5107 1984 5173 prohibebit:
2018 5126 2081 5163 os

444 5183 599 5238 enim
632 5193 719 5239 est
751 5188 871 5256 ipse
907 5191 1024 5256 Dei,
1077 5194 1132 5242 et
1172 5193 1562 5257 apostolorum
1600 5196 2030 5251 contubernalis
2067 5214 2079 5250 :

445 5277 613 5342 cujus
648 5276 828 5330 multa
883 5285 1282 5332 memorantur
1321 5281 1376 5333 in
1437 5283 1580 5334 hanc
1609 5283 1782 5350 diem,
1824 5292 1880 5338 et
1913 5303 2082 5340 nemo

443 5364 512 5416 de
543 5363 648 5417 hac
677 5381 736 5417 re
768 5365 1066 5420 dissensit.
1119 5372 1187 5420 At
1221 5371 1384 5440 longe
1416 5371 1612 5441 dispar
1643 5371 1736 5427 hic
1778 5374 1941 5429 ratio.
1975 5375 2082 5439 Qui

445 5453 600 5508 enim
630 5453 916 5508 machum
938 5457 1248 5527 coronavit,
1271 5460 1432 5529 quasi
1455 5463 1690 5516 absurdi
1716 5463 1856 5518 nihil
1882 5466 2080 5536 egerit,

445 5546 853 5600 sacrisiterum
889 5552 1180 5616 operatur,
1240 5566 1426 5620 neque
1478 5553 1532 5606 in
1585 5554 1779 5610 abdito
1812 5556 2077 5626 quapiam

2265 3672 2448 3734 Οὕτως
2498 3693 2579 3733 τις
2630 3671 2690 3726 ἐκ
2729 3674 2827 3725 ταῦ
2875 3669 3072 3730 αἰῶνος
3123 3667 3454 3739 οἰκονομῶν,
3489 3663 3549 3720 οὒ
3583 3662 3838 3744 διὲσφαλο

2190 3785 2277 3818 ται
2335 3768 2431 3818 τοῦ
2486 3761 2702 3817 καλοῦ’
2766 3764 2953 3814 θᾶττον
3014 3757 3114 3832 γὰρ
3177 3753 3502 3831 ἐπεδράξατο
3556 3755 3586 3810 δ
3638 3755 3835 3828 μικρὸν

2193 3850 2452 3907 ἐνέλιπεν.
2491 3855 2594 3915 ,Ὡς
2642 3849 2728 3903 ἐπὶ
2773 3853 2870 3902 τοῦ
2917 3845 3330 3920 οἰακοστρόφου,
3395 3844 3678 3906 ὑπανέντος
3748 3865 3840 3915 μι-

2190 3942 2316 4014 κρὸν
2349 3942 2410 3995 τὸ
2441 3937 2738 4010 πηδάλῖον,
2770 3935 2859 3991 διὰ
2906 3939 3005 4002 τὴν
3057 3934 3473 3988 ἀντιπνεύσασαν
3518 3931 3834 4007 καταιγίδα.

2188 4031 2416 4102 Ἑτέρως
2481 4029 2538 4083 δὲ
2595 4026 2891 4102 διενεχθεὶς
2939 4024 3207 4098 διήμαρτε
3271 4026 3371 4078 τοῦ
3433 4026 3675 4077 σκοποῦ·
3717 4021 3837 4076 ἀντὶ

2193 4089 2505 4191 οἰκονομίας
2577 4111 2878 4192 παράϐασιν
2946 4112 3189 4174 τελέσας.
3250 4111 3346 4166 Καὶ
3415 4113 3481 4167 τὰ
3535 4107 3836 4185 παραδείγο

2195 4229 2333 4281 ματα
2390 4205 2596 4275 πολλὰ,
2628 4206 2660 4259 ἃ
2713 4202 2983 4276 παρεῖλκον
3043 4202 3151 4257 ἐστὶ
3193 4201 3417 4276 γράφειν
3462 4198 3552 4254 διὰ
3604 4201 3667 4254 τὸ
3729 4220 3833 4272 μα-

2190 4297 2476 4371 κρηγορὲς.
2521 4296 2588 4350 Τὸ
2635 4292 2692 4348 δὲ
2738 4295 2834 4360 τὴν
2881 4292 3178 4367 κυριότητά
3218 4312 3313 4345 σου
3363 4294 3527 4368 φῆσαι
3585 4288 3669 4343 ἐπὶ
3734 4291 3838 4343 τοῦ

2191 4386 2411 4448 κανόνος
2457 4388 2565 4437 τῶν
2624 4380 2968 4451 ἀποστόλων,
2999 4382 3120 4455 περὶ
3180 4383 3287 4434 τῶν
3344 4380 3394 4433 ἐν
3424 4381 3673 4454 χρήμασι
3705 4397 3838 4452 χει-

2194 4477 2555 4551 ροτονούντων
2614 4473 2702 4529 καὶ
2765 4468 3280 4548 χειροτονουμὲνων,
3313 4470 3498 4544 ὕφεσίν
3555 4490 3674 4524 τινα
3733 4489 3835 4524 πε-

2192 4569 2474 4637 ποιηκέναι
2558 4566 2650 4620 τὸν
2726 4565 3106 4640 Χρυσόστομον
3164 4559 3244 4638 ἐφ’
3331 4561 3403 4613 ὧν
3489 4561 3721 4632 καθῇρεν
3777 4558 3834 4629 ἓξ

2192 4657 2535 4711 ἐπισκόπων·
2593 4652 2746 4709 οῦδὲν
2802 4655 2863 4708 τὸ
2921 4650 3329 4728 παραλλάττον,
3387 4648 3435 4704 εί
3491 4650 3583 4704 καὶ
3660 4645 3836 4718 δοκεῖ,

2190 4746 2349 4814 ἡνίκα
2435 4745 2708 4807 κάκείνους
2791 4743 2968 4812 πάσης
3042 4740 3340 4814 ἱερωσύνης
3429 4736 3837 4812 ἆλλοτριώσας,

2195 4837 2364 4908 μόνην
2420 4837 2519 4904 τήν
2579 4834 2653 4895 εἷς
2726 4834 2788 4886 16
2845 4833 3224 4906 θυσιαστήριον
3277 4826 3586 4902 μετάληψιν
3647 4827 3838 4889 αὐτοῖς

2191 4924 2576 5002 παρεχώρησε.
2658 4928 2844 4995 Δῶμεν
2942 4918 2997 4975 δὲ
3082 4920 3173 4975 καὶ
3255 4916 3682 4992 παραλλάττειν,
3744 4918 3836 4972 καὶ

2192 5014 2374 5069 ὕφεσιν
2434 5014 2601 5088 ἔχειν.
2635 5013 3018 5084 Μιμείσθῶσαν
3078 5010 3127 5063 οἱ
3189 5007 3540 5082 βουλόμενοι,
3599 5006 3690 5061 καὶ
3749 5006 3838 5061 οῦ-

2193 5103 2300 5166 35?;
2331 5107 2357 5158 6
2383 5103 2645 5158 κωλύσων
2674 5125 2685 5138 ο
2721 5103 2895 5174 στόμα
2920 5100 3020 5175 γὰρ
3052 5103 3184 5154 Θεοῦ
3234 5099 3322 5152 καὶ
3373 5098 3554 5165 οὗτος,
3587 5097 3676 5150 καὶ
3725 5101 3838 5151 τῶν

2191 5193 2510 5249 ἀποστόλων
2542 5194 2846 5266 ὁμόσκηνος
2873 5210 2884 5221 ’
2923 5191 2983 5244 οὗ
3041 5189 3129 5243 καὶ
3161 5187 3347 5242 πολλὰ
3383 5188 3679 5258 μέμνηνται
3728 5183 3836 5246 ἕως

2191 5290 2286 5340 τοῦ
2345 5284 2631 5358 παρόντος,
2691 5283 2778 5337 καὶ
2838 5278 3023 5342 οὐδεὶς
3087 5280 3210 5353 περὶ
3291 5279 3488 5332 τούταυ
3558 5275 3836 5345 ὃιῆνεκται

2190 5375 2353 5431 Ἀλλ’
2385 5375 2511 5449 οὐχὲ
2564 5371 2669 5427 ὦδε
2718 5372 2888 5432 οὕτως
2936 5366 3072 5444 ἔχει.
3110 5373 3163 5424 '0
3203 5369 3304 5445 γὰρ
3332 5368 3424 5421 τὸν
3485 5367 3684 5441 μοιχὸν
3717 5387 3834 5421 στε-

2193 5466 2467 5534 φανώσας,
2527 5464 2599 5525 ὡς
2660 5460 2831 5534 μηδὲν
2903 5461 3202 5534 πεπραχὼς
3269 5455 3491 5525 ἄτοπον,
3543 5456 3839 5530 ἱερουργῶν

2192 5526 2356 5609 πάλιν
2391 5552 2532 5608 ἐστί’
2567 5551 2655 5606 καὶ
2689 5549 2816 5607 οὐδὲ
2844 5552 2900 5606 ἓν
2941 5545 3235 5620 ἀποδύστῳ
3266 5568 3371 5602 που
3429 5546 3836 5619 εἰσερχόμενος,

520 5723 566 5760 ⁶⁰
597 5725 728 5798 Sap.
763 5744 843 5798 x1,
867 5729 953 5784 21.
986 5729 1028 5764 ⁶¹
1063 5730 1246 5787 Eccle.
1281 5750 1363 5789 Ill.
1393 5736 1446 5787 7.
1477 5735 1524 5770 ⁶²
1555 5735 1756 5792 Matth.
1790 5754 1845 5806 x,
1878 5738 1966 5794 26.
2001 5737 2046 5774 ⁸³
2077 5741 2196 5795 Act.
2227 5756 2338 5808 xvr,
2374 5739 2426 5795 3.
2458 5737 2504 5773 ⁵⁸
2535 5737 2671 5793 Can.
2708 5739 2794 5792 28.
2826 5735 2874 5772 ⁸⁸
2902 5731 3121 5792 Pallad.
3169 5732 3228 5788 in
3278 5730 3396 5787 Vita
3430 5724 3625 5803 eam.
3660 5739 3710 5784 c.
3747 5728 3832 5784 Ιιῦ.
