4084 6284
422 386 542 446 987

1676 401 1742 461 S.
1785 404 2182 466 THEODORI
2225 403 2586 466 STUDITJE

3694 400 3799 461 988

428 522 849 620 Enusquisque
878 528 1248 600 episcopatus
1269 531 1358 586 sui
1382 537 1667 604 tempore,
1699 538 1934 605 quando
1958 539 2067 609 ipsi

2187 540 2404 599 κανόνας
2465 541 2646 592 ποιεῖν
2706 557 2782 593 τι.
2835 533 2988 591 Ἐπεὶ
3049 534 3095 588 εἷ
3147 536 3310 586 τοῦτο
3343 530 3550 601 δοθείη,
3577 531 3715 584 κενὸν
3743 529 3797 582 τὸ

426 610 716 682 integrum
741 620 831 669 est
856 631 984 671 cum
1025 619 1148 673 suis
1175 621 1476 690 quodlibet
1516 623 1725 690 facere,
1758 642 1942 680 novus
1973 632 2077 684 erit

427 701 958 772 evangelista,alius
975 709 1450 776 apostolus,alius
1465 710 1886 780 legislatorzsed
1902 716 2073 770 absitl

428 787 767 845 Mandatum
782 793 934 847 enim
958 795 1242 850 habemus
1264 799 1474 866 abipso
1496 802 1769 869 Apostolo
1785 801 1855 869 7°,
1871 809 2078 873 prater

427 877 483 932 id
509 886 663 949 quod
687 882 1041 952 accepimus,
1061 887 1332 953 praeterid
1349 889 1502 957 quod
1523 906 1777 946 canones
1801 893 2078 947 sanciunt

431 971 780 1040 synodorum
817 973 1230 1029 universalium
1265 982 1322 1032 et
1351 975 1650 1044 localium,
1679 997 1807 1050 quas
1835 981 2076 1036 diversis

433 1062 792 1127 temporibus
811 1062 1047 1126 fuerint,
1063 1064 1107 1118 si
1125 1066 1255 1135 quis
1271 1067 1647 1138 dogmatizet,
1664 1077 1766 1125 aut
1780 1072 1964 1127 facere
1977 1072 2078 1127 ali-

424 1147 566 1216 quid
589 1149 937 1218 nosjubeat,
964 1152 1360 1223 recipiendum
1385 1173 1499 1212 non
1521 1175 1666 1228 esse,
1702 1176 1804 1214 nec
1836 1176 2075 1215 censen-

422 1236 560 1290 dum
575 1237 738 1292 illum
757 1239 813 1293 in
829 1247 982 1295 sorte
1001 1249 1361 1299 sanctorum:
1384 1247 1720 1301 utomittam
1750 1247 1898 1303 male
1925 1252 2074 1303 omio

426 1345 632 1384 nosum
665 1329 832 1397 illud,
867 1333 1015 1401 quod
1050 1335 1363 1402 Apostolus
1397 1335 1772 1406 imprecetur.
1818 1341 1863 1391 Α
1909 1339 2075 1394 nobis

428 1420 608 1490 igitur
639 1422 739 1490 qui
770 1427 928 1476 extra
961 1425 1240 1477 mundum
1293 1441 1514 1489 sumus,
1568 1427 1726 1481 aliud
1777 1427 1923 1482 nihil
1975 1431 2077 1485 de-

429 1512 622 1577 betur,
652 1529 823 1581 quam
849 1531 913 1568 ea
936 1516 1280 1586 investigare
1310 1529 1363 1571 et
1397 1520 1602 1586 facere,
1635 1536 1702 1573 ex
1735 1520 1946 1590 quibus
1969 1537 2074 1576 nos

428 1600 602 1654 etiam
624 1601 798 1655 simul
822 1603 1186 1672 extollamur,
1225 1613 1280 1660 et
1312 1608 1380 1661 ad
1415 1607 1843 1663 aemulationem
1875 1626 2077 1678 provo-

427 1705 645 1746 cemur.
681 1691 750 1745 Et
776 1691 825 1744 si
858 1693 1091 1762 quidem
1125 1694 1184 1747 in
1217 1694 1307 1750 his
1338 1697 1458 1750 vita
1489 1697 1746 1763 duretur,
1774 1707 1924 1753 recte
1965 1699 2074 1754 ha-

427 1778 623 1846 bebit;
654 1780 744 1833 sin
779 1781 995 1848 minus,
1028 1784 1296 1852 expedire
1327 1789 1555 1839 exsules
1599 1791 1654 1840 et
1692 1791 1949 1842 extorres
1980 1793 2070 1842 to-

2186 628 2547 704 Εὐαγγέλιον,
2596 628 2717 700 είκῇ
2770 627 2820 680 οἱ
2868 624 3082 686 κανόνες
3118 635 3130 655 ⁶
3183 623 3272 676 καὶ
3301 619 3518 682 ἕκαστος
3563 620 3692 674 κατὰ
3717 622 3796 674 τὸν

2185 719 2370 789 καιρὸν
2446 725 2545 785 τῆς
2623 715 2826 775 οἰκείας
2897 713 3333 788 ἀρχιερωσύνης,
3387 708 3569 778 ἐπειδὴ
3625 704 3800 780 ἔξεστιν

2186 805 2333 878 αυτῷ
2365 807 2440 865 ὡς
2482 804 2631 859 δοκεῖ
2693 804 2826 876 μετὰ
2871 808 2978 856 τῶν
3031 801 3122 856 σὺν
3165 803 3314 872 αὐτῷ
3361 799 3635 873 πράσσειν,
3677 792 3798 851 ἔστω

2190 894 2311 956 νέος
2349 894 2766 970 εὐαγγελιστής,
2817 891 2988 952 ἄλλος
3037 890 3376 961 ἀπόστολος,
3419 888 3596 960 ’ἔτερος
3651 905 3801 957 νομο-

2186 984 2359 1045 θέτθς.
2407 982 2565 1040 Ἀλλ’
2613 981 2891 1056 οὐδομῶς.
2943 978 3312 1054 Παραγγελίαν
3361 978 3462 1053 γὰρ
3511 971 3704 1053 ἔχομεν
3757 973 3804 1044 ἒξ

2184 1074 2351 1129 αὐτοῦ
2392 1078 2488 1128 τοῦ
2543 1071 2876 1139 ἀποστόλου,
2925 1072 3050 1142 παρ’
3099 1070 3126 1123 ὃ
3175 1061 3583 1141 παρελάϐομεν,
3630 1064 3799 1137 παρ”ὀ

2186 1164 2237 1217 οἱ
2259 1161 2480 1223 κανόνες
2538 1166 2646 1216 τῶν
2695 1161 2832 1214 κατὰ
2888 1159 3110 1232 καιροὺς
3161 1154 3402 1211 σσνόδων
3432 1153 3728 1208 καθολικῶν
3756 1171 3807 1204 τε

2183 1253 2274 1306 καὶ
2304 1255 2568 1316 τοπικῶν,
2601 1249 2689 1303 ἐάν
2719 1269 2804 1309 τις
2855 1246 3178 1322 δογματίζῃ,
3211 1244 3248 1314 ἢ
3270 1243 3602 1319 ,προστάσσῃ
3648 1245 3806 1294 ποιεῖν

2184 1343 2357 1411 ἡμᾶς,
2415 1337 2786 1413 ἆπαράδεκτον
2846 1337 3004 1391 αὐτὸν
3061 1333 3246 1409 έέχειν,
3309 1329 3451 1404 μηδὲ
3516 1330 3805 1403 λογίζεσθαι

2184 1430 2343 1483 αὐτὸν
2398 1430 2451 1484 ἐν
2502 1428 2700 1502 κλήρῳ
2741 1427 2904 1500 ἁγίων
2933 1446 2944 1456 ·
2995 1424 3085 1479 καὶ
3136 1424 3199 1478 τὸ
3248 1420 3532 1499 δύσφημον
3576 1424 3806 1491 παρῆμεν

2186 1519 2358 1593 λέγειν
2409 1519 2438 1572 ὃ
2474 1518 2648 1578 ἀὐτὸς
2702 1515 2942 1590 ετίρηκεν.
2971 1520 3131 1589 Ἡμῖν
3183 1513 3276 1567 οὖν
3309 1517 3426 1571 τοῖς
3467 1509 3567 1582 ἔξω
3597 1509 3808 1581 κόσμου,

2186 1607 2342 1663 οὐδὲν
2374 1605 2517 1662 ἄλλο
2577 1605 2873 1680 ὀφείλεται,
2903 1605 2939 1673 ἢ
2998 1603 3062 1658 τὸ
3121 1603 3187 1656 τὰ
3233 1605 3456 1655 τοιαῦτα
3509 1603 3685 1668 ζητεῖν
3729 1593 3808 1648 καὶ

2184 1696 2457 1771 πράσσειν,
2485 1696 2536 1764 ἐξ
2596 1696 2670 1748 ὧν
2729 1693 2820 1748 καὶ
2877 1695 3012 1765 ἡμῖν
3059 1693 3121 1745 τὸ
3174 1685 3693 1759 συνεπαίρεσθαικαῖ
3729 1690 3810 1752 ζη-

2186 1784 2218 1840 λ
2261 1791 2284 1800 ν
2460 1784 2473 1802 κ
2534 1784 2546 1802 ς
2654 1784 2669 1800 ς
2755 1781 2768 1800 9
2935 1783 2948 1801 ν
3293 1779 3307 1796 ε
3401 1775 3429 1795 εγ
3487 1776 3512 1798 τι
3588 1771 3610 1791 ν
3753 1771 3808 1826 Ea

2226 1807 2339 1840 ouv.
2375 1792 2475 1842 Και
2505 1806 2550 1838 ει
2615 1804 2709 1856 μεν
2751 1803 2801 1836 εν
2855 1802 3070 1842 τουτοις
3116 1783 3150 1848 ἡ
3202 1784 3342 1848 ζωη,
3376 1798 3432 1831 ευ
3483 1798 3545 1830 αν
3587 1793 3723 1848 εχοι.
3798 1793 3809 1822 ι

425 1872 550 1923 tum
583 1869 781 1924 orbem
813 1871 1123 1926 circumire
1155 1888 1286 1926 cum
1320 1874 1478 1928 omni
1510 1875 1824 1930 afﬂictione
1863 1882 1920 1930 et
1969 1894 2072 1930 an-

2187 1872 2237 1929 δὲ
2299 1875 2400 1947 μὴ,
2445 1874 2720 1950 συμφέρον
2781 1871 2912 1926 εἶναι
2963 1869 3057 1924 καὶ
3117 1868 3337 1930 ἀοίκους
3391 1866 3483 1920 καὶ
3535 1861 3809 1950 ἀνεστίους,

429 1959 634 2028 gustia.
660 1961 908 2030 Adjuvet
936 1977 1068 2029 ergo
1110 1979 1237 2031 nos,
1273 1965 1461 2033 quoad
1506 1969 1710 2033 potest,
1744 1965 1858 2020 Deo
1900 1965 2074 2021 chara

435 2049 631 2103 anima
659 2053 778 2116 tua,
807 2057 860 2104 et
891 2051 1217 2107 divinorum
1262 2053 1604 2109 aemulatrix.

753 2353 929 2409 XXV.
965 2386 1031 2395 —
1062 2355 1361 2426 Nicephoro
1398 2357 1754 2429 patriarchae.

2181 1965 2270 2018 καὶ
2300 1965 2400 2032 τὴν
2455 1948 2816 2034 ὑπ’-οὐρανὸν
2863 1956 3241 2031 περιέρχεσθαι
3293 1954 3428 2028 μετὰ
3483 1953 3660 2022 πάσης
3707 1948 3810 2004 θλί-

2185 2057 2328 2127 ψεως
2380 2053 2470 2106 καὶ
2520 2051 2909 2125 στενοχωρίας.
2970 2046 3304 2118 ,Βοηθησάτω
3359 2045 3549 2100 τοίνυν
3597 2042 3660 2096 τὰ
3688 2039 3810 2092 κατὰ

2187 2141 2415 2217 δύναμιν
2446 2147 2482 2212 ἡ
2541 2140 2802 2216 θεοφιλής
2865 2160 2961 2194 σου
3011 2139 3192 2212 ψυχή,
3221 2138 3312 2192 καὶ
3347 2133 3727 2205 ζηλοτυποῦσα
3751 2131 3810 2184 τὰ

2187 2235 2328 2290 θεῖα.

2459 2359 2583 2414 ΚΕ’.
2612 2389 2682 2396 ——
2712 2352 3015 2430 Νικηφόρῳ
3045 2349 3390 2424 πατριάρχῃ.
3425 2349 3584 2422 [μθ’.]

1271 2493 1463 2543 Probat
1496 2509 1551 2544 se
1577 2495 1976 2545 schismaticum
2009 2508 2119 2545 non
2151 2508 2286 2545 esse.
2322 2493 2538 2558 (Baron,
2571 2507 2657 2543 an.
2687 2491 2800 2548 808,
2830 2507 2884 2541 n.
2906 2490 3008 2552 22.)

503 2592 799 2660 Tanquam
832 2592 953 2648 velo
985 2595 1240 2664 quodam
1263 2601 1494 2649 utentes
1524 2597 1683 2650 tenui
1707 2596 1950 2666 epistola
1981 2612 2081 2650 no-

437 2685 578 2749 stra,
611 2682 800 2752 angeli
851 2682 1231 2738 beatitudinis
1287 2693 1391 2737 tua:
1434 2685 1769 2749 reverentia,
1827 2685 2079 2740 humiles

435 2769 697 2825 sistimus
739 2786 844 2825 nos
871 2772 1027 2839 ipsos
1055 2772 1454 2825 sacratissimo
1495 2773 1625 2840 ejus
1673 2773 1939 2836 culmini,
1973 2788 2080 2826 ne-

433 2858 700 2913 cessitate
723 2865 985 2930 cogente.
1007 2859 1136 2914 Jam
1171 2859 1326 2914 enim
1363 2861 1762 2915 renuntiatum
1799 2861 1968 2916 nobis
1989 2869 2078 2916 est

432 2965 466 3002 a
485 2949 704 3002 Joanne
725 2963 1000 3002 conservo
1025 2955 1081 3004 et
1103 2949 1395 3019 discipulo
1438 2955 1659 3015 nostro,
1692 2951 2075 3020 quemadmo-

433 3037 572 3091 dum
609 3038 680 3092 ad
727 3039 1118 3093 venerandam
1171 3037 1252 3092 tui
1311 3039 1706 3094 adorationem
1753 3039 2070 3103 admissus,

432 3126 619 3181 aliena
646 3126 929 3196 quaedam,
955 3128 1237 3195 nobisque
1259 3127 1675 3196 abominanda,
1707 3145 1778 3182 ex
1797 3144 1865 3184 ea
1881 3128 2075 3183 audie-

434 3217 529 3272 rit.
561 3216 919 3287 Aposcbistte
951 3216 1379 3287 [srhismatici],
1425 3218 1637 3288 inquit,
1673 3233 1771 3271 vos
1815 3219 1957 3272 estis
2000 3219 2071 3273 ab

432 3305 705 3360 Ecclesia.
739 3305 845 3370 Qui
903 3321 1037 3375 ergo
1085 3311 1324 3376 poterat,
1371 3323 1403 3359 ο
1460 3306 1815 3372 beatissime,
1867 3307 2072 3362 merito

434 3394 630 3449 anima
673 3401 871 3449 nostra
916 3394 988 3449 ob
1042 3394 1187 3448 hanc
1245 3411 1480 3450 causam
1532 3412 1646 3450 non
1695 3394 2076 3451 contristari?

433 3484 723 3553 quomodo
755 3499 871 3538 non
904 3485 1251 3554 respondere
1271 3485 1560 3540 sanctitati
1594 3489 1728 3553 tuae,
1764 3501 1866 3540 nec
1897 3484 2074 3540 silen-

433 3573 510 3626 tio
543 3573 969 3626 accusationem
1016 3572 1406 3627 conﬁrmare?
1454 3574 1566 3643 Ego
1615 3590 1748 3628 vero
1797 3579 1932 3628 ante
1981 3588 2077 3627 re-

433 3662 798 3730 sponsionem
833 3679 966 3716 cum
1018 3663 1335 3717 reverentia
1381 3663 1489 3718 hoc
1534 3669 1922 3734 repraesento;
1959 3681 2072 3719 non

435 3760 694 3820 oportere
735 3751 974 3806 cuilibet
1017 3767 1188 3806 aures
1228 3757 1446 3806 temere
1494 3753 1652 3819 dare,
1704 3754 1802 3822 qui
1854 3751 2074 3822 aliquid

434 3840 572 3894 velit
601 3845 804 3895 contra
833 3842 1166 3909 quempiam
1198 3839 1379 3911 loqui.
1417 3840 1616 3911 Neque
1647 3857 1781 3896 sane
1817 3841 1940 3895 sine
1981 3843 2077 3910 ju-

437 3929 587 3984 dicio
610 3934 834 4000 oportet
860 3930 1316 3985 animadvertere
1338 3930 1394 3983 in
1426 3946 1560 3984 eum
1596 3931 1695 4000 qui
1745 3937 2073 3987 accusatur.

436 4017 563 4073 Non
592 4018 748 4073 enim
781 4019 871 4073 tea:
897 4023 1101 4083 vestra,
1137 4017 1352 4088 inquit,
1375 4017 1591 4089 judicat
1639 4019 1935 4086 hominem,
1964 4019 2078 4074 nisi

430 4107 597 4178 prius
629 4107 871 4163 audierit
896 4108 964 4163 ab
1006 4111 1144 4175 ipso,
1196 4115 1250 4162 et
1293 4111 1604 4178 cognoverit
1625 4110 1751 4179 quid
1790 4112 1954 4179 faciet
1985 4111 2025 4144 ⁷³
2050 4109 2077 4164 ?

439 4197 536 4251 Sic
567 4201 623 4251 et
647 4197 946 4253 beatitudo
974 4204 1076 4252 tua
1105 4212 1241 4253 cum
1263 4197 1426 4253 triste
1445 4198 1606 4254 istud
1629 4204 1686 4254 et
1709 4200 1981 4255 acerbum
2007 4201 2078 4254 de

438 4287 719 4356 parvitate
751 4292 951 4343 nostra
979 4289 1281 4344 audiisset.
1323 4289 1622 4353 Quodnam
1657 4293 1812 4346 enim
1855 4290 2075 4345 malum

436 4377 668 4443 gravius
686 4392 812 4431 esse
839 4381 1034 4447 queat,
1063 4392 1236 4444 quam
1261 4381 1325 4432 ut
1365 4378 1435 4433 ab
1476 4379 1728 4434 Ecclesia
1768 4378 2078 4449 separeris,

435 4469 492 4517 et
521 4464 974 4534 archipastorem
1005 4465 1127 4520 ovis
1165 4464 1416 4534 amittat,
1451 4466 1568 4521 sive
1610 4473 2033 4536 compastorem
2053 4468 2080 4519 ?

434 4552 538 4607 Est
565 4552 722 4608 enim
753 4552 926 4608 etiam
979 4553 1141 4609 nobis
1199 4555 1615 4624 peccatoribus,
1657 4556 1923 4627 quamvis
1970 4556 2073 4610 im-

438 4642 644 4696 merito
674 4646 731 4696 et
761 4642 954 4697 unctio
995 4660 1029 4696 a
1077 4644 1188 4698 Deo
1218 4652 1269 4698 et
1315 4660 1522 4699 nomen
1578 4647 1847 4716 pastoris,
1889 4645 2078 4700 dicere

437 4731 642 4798 audeo,
674 4731 742 4784 ad
793 4732 1118 4796 ferendum,
1179 4733 1641 4797 discutiendum,
1689 4736 2072 4802 arguendum,

435 4820 856 4888 quaprivatim,
873 4837 989 4890 qua
1008 4821 1438 4890 publice,juxta
1455 4821 1730 4877 traditam
1753 4841 1786 4877 a
1811 4827 2074 4890 Domino,

435 4907 585 4962 inter
616 4913 670 4962 te
701 4913 757 4962 et
788 4909 981 4978 ipsum
1014 4909 1230 4978 solum,
1264 4917 1366 4964 aut
1406 4910 1556 4964 inter
1603 4911 1766 4977 duos,
1813 4909 2073 4980 discipli-

437 5011 574 5051 nam
601 5003 807 5070 :atque
829 4999 907 5051 ila
928 4999 972 5052 si
998 4999 1350 5068 persisteret,
1393 4999 1545 5052 sicut
1581 5000 1705 5068 ipse
1725 5000 1825 5064 ait,
1859 4999 1938 5054 sit
1969 4999 2078 5054 tibi

437 5087 718 5155 tanquam
741 5085 1006 5140 ethnicus
1030 5095 1083 5141 et
1117 5087 1460 5155 publicanus
1488 5087 1554 5142 ⁷³.
1614 5087 1727 5142 Nos
1769 5103 1899 5142 vero
1948 5087 2080 5142 bac-

437 5181 628 5243 tenus,
653 5190 841 5246 neque
866 5190 967 5244 per
988 5176 1438 5238 internuntium,
1465 5191 1650 5246 neque
1692 5193 1911 5240 coram,
1965 5176 2079 5232 tale

437 5264 760 5334 quidquam
794 5280 827 5317 a
858 5268 1060 5319 sancta
1089 5265 1286 5318 anima
1314 5269 1438 5326 tua,
1469 5264 1558 5318 vel
1604 5265 1956 5330 audivimus,
1991 5265 2080 5320 vel

440 5353 641 5407 moniti
700 5353 942 5419 fuimus,
1005 5358 1068 5407 ut
1125 5354 1207 5407 sic
1263 5351 1572 5407 inferretur
1652 5355 2076 5412 condemnatio.

439 5441 780 5496 Consideret
830 5441 1100 5512 perfectio
1131 5449 1249 5502 tua.
1283 5457 1396 5496 non
1448 5441 1582 5511 jure
1649 5442 1960 5499 molestum
2018 5442 2076 5498 id

443 5531 576 5586 ﬁliis
606 5531 722 5587 tuis
753 5531 1027 5586 acciderit
1049 5531 1076 5585 Τ

518 5714 566 5751 ⁷ο
594 5715 772 5772 Galat.
809 5733 870 5784 ιι,
901 5716 956 5774 8.
985 5716 1022 5752 '“
1059 5717 1228 5773 Joan.
1259 5733 1356 5786 vn,
1387 5718 1476 5774 51.
1509 5716 1557 5753 ⁷²
1577 5717 1778 5774 Μιεὶὶὶι.
1814 5736 1966 5786 xvui,
2006 5720 2086 5773 t5.

2263 2591 2721 2664 Παραπετάσματί
2778 2611 2882 2645 τινι
2941 2589 3223 2667 χρώμενοι
3269 2591 3348 2657 τῷ
3407 2581 3616 2640 εὐτελεῖ
3669 2582 3812 2667 ἠμῷν

2187 2682 2540 2757 γραμματίῳ,
2590 2678 2738 2734 αἰδοῖ
2792 2683 2888 2733 τοῦ
2938 2665 3176 2751 ἀγγέλου
3248 2682 3347 2742 τῆς
3427 2665 3814 2746 μακαριότητός

2189 2791 2305 2838 σου,
2357 2771 2724 2847 ἐμφανίζομεν
2782 2766 3004 2829 ἑαυτοὺς
3062 2767 3114 2820 οἱ
3158 2765 3404 2819 ταπεινοὶ
3457 2765 3529 2835 τῇ
3561 2758 3811 2833 ἱερωτάτη

2189 2858 2356 2926 αὐτῆς
2386 2845 2598 2936 καρυφῇ
2630 2858 2764 2912 κατά
2800 2858 2861 2911 τὸ
2901 2856 3213 2930 ἀναγκαῖον.
3246 2851 3386 2922 Ἤδη
3417 2852 3521 2924 γὰρ
3569 2851 3628 2903 τὸ
3657 2845 3811 2920 παρὸν

2185 2947 2517 3021 ἀπήγγειλεν
2549 2950 2685 3018 ἡμῖν
2738 2946 2995 3015 Ἰωάννης
3046 2945 3074 2998 6
3124 2941 3422 3001 σύνδουλος
3450 2941 3544 2994 καὶ
3579 2937 3810 3012 μαθητὴς

2185 3040 2369 3109 ἡμῶν,
2411 3039 2488 3097 ὡς
2521 3036 2765 3106 ἀξιωθεὶς
2819 3041 2918 3103 τῆς
2979 3037 3179 3098 σεπτῇς
3237 3052 3332 3085 σου
3385 3029 3811 3102 προσκυνήσεως,

2183 3125 2386 3195 ἀκήκοε
2437 3125 2562 3198 παρ’
2607 3125 2774 3193 αὐτῆς
2819 3123 2938 3196 ξένα
2983 3125 3104 3176 τινὰ
3149 3122 3237 3175 καὶ
3287 3121 3604 3174 ἀπευκταῖα.
3651 3117 3811 3170 Ἀπο-

2183 3214 2401 3288 σχισταὶ
2463 3214 2589 3289 γὰρ,
2634 3212 2819 3290 φησὶν,
2881 3211 2996 3266 ἐστέ
3063 3217 3164 3278 τῆς
3238 3206 3587 3276 Ἐκκλησίας.
3659 3201 3812 3257 Πόσον

2186 3302 2278 3356 οὖν
2334 3302 2422 3357 ἐπὶ
2479 3303 2718 3369 τούτοις,
2752 3301 2796 3354 ὦ
2859 3300 3256 3374 μακαριώτατε,
3311 3296 3414 3350 οὐκ
3480 3295 3701 3353 εἰκότως
3754 3291 3811 3358 ἦν

2186 3396 2346 3463 ἡμῶν
2378 3391 2684 3460 διατεθῆναι
2714 3392 2814 3460 τήν
2863 3390 3048 3465 ψυχήν
3102 3386 3404 3457 λυπηρῶς;
3457 3389 3576 3445 πῶς
3625 3380 3680 3436 δὲ
3726 3379 3812 3434 οὐκ

2186 3480 2490 3550 ἐκλαλῆσαι
2556 3477 2978 3552 ἀπολογητικῶς
3025 3481 3094 3550 τῇ
3142 3473 3412 3549 ἁγιωσύνῃ
3455 3493 3576 3540 σου,
3610 3471 3692 3525 καὶ
3743 3468 3810 3540 μή

2184 3578 2253 3646 τῇ
2305 3574 2486 3640 σιωπῇ
2546 3573 2790 3642 κυρῶσαι
2857 3574 2956 3636 τῆν
2994 3565 3377 3639 κατηγορίανς
3432 3562 3579 3638 Ἐγὼ
3627 3557 3681 3614 δὲ
3716 3555 3809 3646 πρὸ

2185 3644 2286 3730 τῆς
2317 3658 2642 3733 ἀπολογίας,
2675 3658 2846 3712 ἐκεῖνο
2893 3657 3005 3728 μετ’
3048 3651 3230 3714 αἰδοῦς
3282 3647 3693 3727 προσαναφέρω,
3737 3644 3809 3699 ὅτι

2166 3750 2293 3825 ὀὐχ
2323 3750 2398 3810 ὡς
2449 3747 2610 3825 ἔτυχε
2657 3745 2737 3801 δεῖ
2775 3767 2842 3800 τα
2884 3743 2996 3799 ὦτα
3038 3743 3267 3816 ἀνοίγειν
3308 3742 3464 3796 παντὶ
3502 3744 3586 3812 τῷ
3619 3735 3811 3812 βουλο-

2191 3841 2336 3911 μένῳ
2383 3838 2520 3892 κατά
2573 3837 2716 3896 τινός
2747 3857 2798 3889 τι
2855 3833 3053 3910 λέγειν,
3100 3830 3212 3886 οὐδ’
3253 3829 3315 3885 οὒ
3355 3832 3462 3901 μὴν
3507 3825 3808 3903 ἀποφαίνειν

2187 3927 2422 3997 ἀκρίτως
2453 3926 2528 3986 εἷς
2559 3925 2619 3979 νὸ
2652 3920 2946 3993 διαϐληθὲν
2975 3922 3290 3995 πρόσωπον.
3323 3920 3416 3985 Μὴ
3449 3917 3552 3992 γὰρ
3585 3917 3612 3970 6
3654 3915 3808 3984 νόμος

2188 4018 2363 4088 ὑμῶν,
2413 4016 2568 4094 φησὶ,
2619 4014 2790 4088 κρίνει
2845 4014 2938 4069 τὸν
2997 4011 3302 4085 ἄνθρωπον,
3353 4010 3440 4063 ἐὰν
3487 4009 3565 4080 μὴ
3625 4002 3810 4075 ἀκούσῃ

2185 4108 2313 4182 παρ’
2370 4105 2534 4159 αὐτοῦ
2580 4104 2862 4178 πρότερον,
2920 4102 3010 4157 καὶ
3080 4104 3195 4174 γνῷ
3261 4098 3313 4154 τί
3378 4102 3528 4153 ποιεῖ
3581 4115 3594 4165 ;
3666 4095 3811 4148 Ὥστε

2188 4193 2491 4262 ἀκουσάσης
2535 4200 2637 4262 τῆς
2685 4189 3089 4265 μακαριότητός
3139 4209 3235 4244 σου
3263 4190 3427 4242 τοῦτο
3456 4185 3518 4239 τὸ
3562 4182 3809 4260 δύσφορον

2186 4283 2276 4339 καὶ
2327 4282 2555 4338 ἐλεεινὸν
2595 4281 2719 4354 περὶ
2756 4287 2857 4350 τῆς
2889 4277 3158 4339 εὐτελείας
3217 4278 3397 4348 ἡμῶν.
3441 4275 3502 4328 Τί
3551 4274 3655 4348 γὰρ
3703 4273 3808 4342 μεῖ-

2165 4373 2278 4444 ’ζον
2309 4385 2473 4428 κακον
2503 4377 2600 4427 τοῦ
2619 4379 2718 4440 τῆς
2767 4370 3094 4440 Ἐκκλησίας
3122 4370 3438 4443 χωρισμοῦ,
3469 4365 3560 4420 καὶ
3589 4367 3684 4418 τοῦ
3726 4360 3808 4414 τὸν

2186 4463 2556 4538 ἀρχιποίμενα
2601 4464 2665 4516 τὸ
2728 4456 3006 4534 πρόϐατον
3072 4455 3358 4525 ἀπολέσαι,
3410 4452 3508 4510 εἶδ’
3577 4451 3665 4508 οὖν
3727 4449 3806 4503 τὸν

2187 4551 2574 4622 συμποίμενα;
2607 4546 2848 4622 ἔστιγὰρ
2878 4548 2924 4602 εί
2954 4549 3044 4602 καὶ
3092 4545 3321 4615 ἀναξίως
3373 4544 3463 4599 καὶ
3522 4545 3656 4614 ἡμῖν
3714 4541 3811 4596 εοῖς

2187 4640 2542 4715 ἁμαρτωλοῖς
2573 4639 2783 4714 χρίσμα
2809 4644 2901 4692 καῖ
2949 4634 3125 4709 ὄνομα
3167 4636 3315 4709 παρὰ
3371 4637 3506 4689 Θεοῦ
3545 4631 3808 4701 ποιμένος,

2184 4731 2379 4802 τολμῶ
2424 4730 2620 4806 λέγειν,
2657 4729 2907 4802 ἐνεγκεῖν,
2931 4729 3236 4801 ἀνακρῖναι,
3257 4726 3602 4792 νουθετῆσαι,
3625 4726 3698 4788 πῆ
3729 4716 3810 4789 μὶν

2193 4817 2322 4890 ἰδίᾳ,
2355 4827 2431 4889 πῆ
2465 4817 2522 4874 δὲ
2553 4817 2814 4891 δημοσίᾳ,
2848 4819 2985 4872 κατὰ
3013 4818 3110 4884 τήν
3139 4816 3240 4870 ὑπὸ
3262 4812 3358 4868 τοῖ’)
3393 4812 3588 4884 Κυρίου
3619 4811 3810 4881 ὑπαγο-

2192 4909 2483 4982 ρευομένην
2518 4909 2710 4980 μεταξὺ
2734 4911 2829 4961 σοῦ
2862 4909 2947 4960 καὶ
2981 4907 3146 4960 αὐτοῦ
3178 4906 3368 4977 μόνου,
3393 4904 3427 4972 ἢ
3465 4901 3596 4972 μετά
3627 4891 3810 4962 660,81-

2191 4996 2481 5053 δασκαλίαν
2510 5015 2522 5027 ’
2561 4997 2647 5051 καὶ
2679 4994 2967 5056 εἶθόὕτως
2987 4998 3056 5067 τῇ
3079 4993 3418 5066 ἐπιμονῇ,ὡς
3450 4989 3610 5049 αὐτός
3641 5004 3807 5065 φησιν,

2191 5085 2329 5142 ἔστω
2370 5108 2455 5141 σοι
2505 5086 2578 5148 ὡς
2612 5087 2638 5139 6
2682 5084 2885 5145 ἐθνικὸς
2931 5084 3024 5138 καὶ
3061 5084 3089 5137 6
3121 5081 3387 5149 τελώνης.
3419 5081 3608 5152 Ἡμεῖς
3638 5074 3692 5130 δὲ
3723 5073 3807 5146 μὲ·

2193 5195 2287 5250 χρι
2317 5180 2414 5231 τοῦ
2468 5173 2625 5248 δεῦρο
2683 5171 2810 5229 οὔτε
2860 5170 2929 5227 δι’
2970 5169 3302 5240 ἀποστόλου,
3338 5166 3460 5223 οὔτε
3490 5162 3705 5236 αὐτοψεί
3733 5180 3810 5214 τι·

2188 5270 2433 5320 τοιοῦτον
2466 5264 2604 5335 πρὸς
2632 5265 2730 5331 τῆς
2779 5263 2936 5336 ἁγίας
2979 5282 3076 5317 σου
3107 5264 3319 5334 ψυχῆς,
3351 5256 3473 5312 ἀλλ’
3526 5252 3648 5310 οὕτε
3684 5250 3806 5316 ἀκη-

2189 5356 2414 5424 κόαμεν,
2447 5350 2570 5408 οὔτε
2617 5353 3018 5423 νενουθετήμθα
3051 5367 3063 5380 ⁸
3107 5349 3197 5404 καὶ
3255 5347 3428 5411 οὕτως
3474 5345 3535 5400 τὸ
3591 5341 3806 5412 ἐνεγκεῖν

2190 5445 2478 5517 ἀπόφασιν.
2514 5442 2852 5512 Σκοπησάτω
2883 5442 2916 5509 ἡ
2949 5438 3232 5507 τελειότης
3275 5457 3393 5509 σου,
3425 5433 3474 5491 εἲ
3520 5433 3621 5488 οὐκ
3666 5427 3811 5499 ἀξίως

2191 5533 2438 5608 λυπηρὸν
2469 5531 2752 5608 γεγένηται
2781 5535 2901 5593 τοῖς
2923 5529 3137 5588 τέκνοις
3169 5548 3283 5584 σου.
