4084 6284
265 427 381 489 989

1550 425 2102 491 EPISTOLARUM
2149 422 2295 482 LIB.
2345 420 2391 478 Ι.

3548 407 3668 468 990

336 562 524 632 Ἵημεν
574 559 630 614 δὲ
686 561 768 614 ἐπ’
827 562 996 630 αὐτῆς
1054 568 1152 629 τῆς
1202 559 1499 635 ἀπολογίας
1550 562 1643 635 [αι.
1704 562 1899 633 Ἴωμεν

2090 557 2254 611 Nunc
2299 556 2495 608 autem
2547 546 2837 620 pergimus
2886 542 2956 598 ad
3006 541 3415 612 purgationem
3468 556 3661 596 coram

266 646 322 702 δὲ
353 647 435 702 ἐπ’
467 650 634 718 αὐτὴν
664 652 764 718 τήν
797 649 1010 722 ἀπολ.],
1064 655 1177 721 Θεῷ
1207 670 1264 703 τε
1304 654 1382 721 τῷ
1430 648 1771 727 παντεφόρῳ,
1816 648 1903 701 καὶ

267 741 336 809 τῇ
369 737 747 813 ἀρχιερωσύνῃ
783 760 876 792 σου
910 738 1230 811 ποιούμενοι
1262 740 1352 793 τὸν
1380 738 1539 809 λόγον
1566 782 1577 793 .
1614 738 1725 795 Οὐκ
1748 736 1905 807 ἐσμεν

265 826 620 899 ἀποσχισταὶ,
653 828 697 879 ὧ
740 827 867 901 ἁγία
917 827 1147 903 κεφαλή,
1197 834 1294 894 τῆς
1343 832 1439 881 τοῦ
1490 831 1621 881 θεοῦ
1672 826 1911 895 Ἐκκλη-

269 912 383 974 σίας
412 932 424 943 ·
464 914 677 985 μήποτε
706 921 868 969 τοῦτο
900 919 1162 988 παθοιμεν
1190 960 1201 971 .
1236 915 1394 971 Ἀλλ’
1422 916 1468 969 εἶ’
1509 915 1595 969 καὶ
1628 914 1815 976 ἄλλως
1849 915 1907 969 ἐκ

267 1000 505 1065 πολλοῖς
540 1005 929 1077 ἁμαρτήμασιν
953 1007 1294 1079 ὑπάρχομεν,
1330 1004 1473 1072 πλὴν
1508 1002 1789 1078 ὀρθόδοξοι
1820 1004 1908 1058 καὶ

266 1098 365 1159 τῆς
413 1093 713 1163 καθολικῆς
765 1093 1093 1163 Ἐκκλησίας
1142 1096 1426 1169 τρόφιμοι,
1476 1100 1645 1149 πᾶσαν
1704 1092 1906 1168 α’ίρεσιν

267 1176 740 1254 ἀποϐαλλόμενοι,
801 1184 889 1237 καὶ
948 1190 1118 1237 πᾶσαν
1170 1183 1470 1252 καθολικὴν
1540 1186 1629 1237 καὶ
1676 1185 1907 1251 τοπικὴν

268 1268 495 1325 σύνοδον
529 1270 906 1345 ἐγκεκριμένην
936 1272 1339 1346 ἀποδεχόμενοι
1370 1293 1383 1304 ·
1419 1273 1479 1327 οὐ
1517 1275 1623 1341 μὴν
1652 1271 1798 1327 ἀλλὰ
1819 1274 1908 1326 καὶ

266 1361 361 1422 τὰς
421 1364 549 1434 παρ’
604 1361 779 1416 αὐτῶν
838 1360 1235 1438 ἐκφωνηθείσας
1293 1363 1577 1426 κανονικὰς
1636 1360 1906 1416 διατυπώ-

267 1472 377 1513 σεις
399 1493 411 1504 .
448 1449 602 1519 Μηδὲ
632 1452 731 1526 γὰρ
762 1451 970 1506 τέλειον
1005 1452 1134 1507 εἶναι
1168 1451 1478 1528 ὀρθόδοξον,
1531 1452 1655 1507 ἀλλ’
1690 1453 1741 1522 ἐξ
1773 1455 1910 1525 ἡμι-

264 1539 430 1609 σείας,
473 1541 565 1593 τὸν
612 1542 709 1610 τήν
760 1540 936 1595 πίστιν
986 1543 1152 1615 ὀρθήν
1197 1542 1443 1615 οἰόμενον
1491 1540 1657 1617 ἔχειν,
1690 1546 1804 1604 τοῖς
1855 1539 1910 1595 δὲ

263 1630 433 1689 θείοις
473 1628 659 1683 κανόσι
712 1632 787 1701 μή
845 1632 1272 1704 ἀπευθυνόμενον
1302 1676 1314 1688 .
1365 1634 1458 1686 Καὶ
1506 1635 1603 1701 τήν
1642 1633 1911 1705 μακαριό-

261 1717 403 1787 τηταὶ
434 1740 549 1790 σου,
582 1719 743 1787 ἡνίκα
782 1717 1160 1791 προσεϐλήθη,
1212 1719 1602 1794 ἀπεδεξάμεθα,
1652 1721 1787 1775 κατά
1836 1720 1910 1781 εἰς

263 1807 504 1877 ἐπήκοον
565 1808 733 1877 αὐτῆς
813 1809 1310 1885 ἀπελογησάμεθα.
1372 1810 1469 1864 Καὶ
1542 1808 1599 1864 ἐκ
1642 1812 1765 1865 τότε
1820 1809 1909 1863 καὶ

265 1896 434 1971 μέχρι
467 1901 563 1952 τοῦ
596 1895 752 1971 δεῦρο
796 1896 847 1952 ἐν
893 1904 961 1972 τῇ
999 1900 1353 1975 μυσταγωγίᾳ
1401 1901 1472 1959 ὡς
1520 1902 1741 1968 καθήκει
1790 1899 1908 1952 ἀνα-

262 1985 538 2061 φέρομενσ
599 1989 689 2041 καὶ
749 1989 821 2049 ὼς
883 1988 1085 2061 μάρτυς
1133 1989 1283 2060 Θεὸς,
1334 1989 1379 2042 εἰ
1432 1990 1545 2043 κατ’
1591 1988 1755 2056 αὐτην
1808 1991 1905 2057 τὴν

264 2077 472 2149 ἡμέραν
530 2076 757 2146 ἐζήτηςε
814 2085 1142 2145 κοινωνῆσαι
1202 2081 1349 2151 ἡμᾶς
1414 2082 1909 2149 συνεκοινωνοῦμεν

262 2164 325 2217 ἄν
360 2165 496 2238 αὐτῇ
532 2163 699 2237 μηδὲν
741 2164 1175 2241 διακρινόμενοι⁹
1222 2165 1338 2221 ἐπεὶ
1389 2170 1476 2222 γαῖ
1526 2169 1739 2237 ποθητή
1773 2169 1906 2238 ἡμῖν

264 2254 317 2323 ἐξ
353 2253 533 2327 ἀρχῆς
559 2298 570 2308 .
606 2255 679 2308 OG
715 2268 874 2328 χαριν
909 2254 963 2309 δὲ
991 2256 1053 2309 τὸ
1102 2254 1529 2330 θρυλλούμενον,
1579 2254 1666 2309 διὰ
1698 2256 1788 2309 τὸν
1823 2255 1906 2309 οἰ-

261 2344 518 2413 κονόμον,
552 2344 611 2397 ὃν
640 2347 874 2417 καθῇρεν
932 2345 1064 2412 αὐτή
1098 2347 1132 2412 ἡ
1166 2344 1417 2413 ἀλήθεια,
1467 2342 1703 2406 πολλοῖς
1748 2346 1907 2399 κανό-

262 2454 347 2485 σιν
382 2432 757 2487 ὺποπεσόντα·
810 2431 997 2501 ἐπειδὴ
1031 2435 1121 2487 καὶ
1169 2435 1275 2509 πρὸ
1322 2441 1421 2502 τῆς
1466 2434 1738 2510 ἐμφανοῦς
1782 2456 1908 2508 μοι·

265 2522 446 2595 χείας,
482 2524 800 2597 μοιχεύοντι
833 2528 911 2594 τῷ
964 2519 1488 2597 προϐεϐασιλευκότι
1540 2524 1592 2578 ἐν
1625 2522 1907 2600 διαφόροις

263 2612 610 2682 προσώποις,
645 2612 706 2665 ού
742 2613 908 2683 μόνον
941 2611 1007 2679 ἦν
1048 2612 1406 2686 λειτουργῶν,
1436 2614 1525 2666 καὶ
1563 2610 1905 2685 μεταδιδοὺς,

264 2700 354 2751 καὶ
392 2701 831 2772 συνεστιώμενος,
865 2698 1011 2754 ἀλλὰ
1058 2702 1147 2754 καὶ
1193 2702 1293 2769 τὴν
1331 2699 1520 2774 μερίδα
1575 2703 1689 2774 μετ’
1738 2700 1906 2756 αὐτοῦ

263 2789 569 2859 τιθέμενος,
614 2789 663 2857 ἐξ
706 2788 771 2842 οὗ
812 2790 899 2843 καὶ
951 2790 1085 2862 πρὸς
1132 2792 1230 2856 τὴν
1281 2790 1578 2868 ἀναφανδὸν
1630 2790 1905 2865 ἆσέλγειαν

265 2877 545 2951 πρόθυμος
578 2877 764 2953 γέγονε
790 2900 801 2910 ·
834 2880 1246 2954 καταφρονήσεις
1288 2884 1426 2933 Θεοῦ
1457 2879 1544 2933 καὶ
1590 2886 1694 2933 τῶν
1746 2880 1904 2934 θείων

264 2968 543 3039 κριμάτων
574 3010 585 3022 .
620 2968 726 3023 Καὶ
755 2966 850 3021 ’ίνα
879 2964 1241 3041 ἐκδηλότερον
1274 2967 1357 3037 εἷή
1391 2970 1453 3023 τὸ
1488 2968 1777 3043 λεγόμενον
1804 2988 1818 3001 ⁸
1844 2968 1904 3023 οὐ

262 3055 399 3130 πρὸς
434 3054 691 3131 διδαχὴν,
723 3056 899 3132 ἄπαγε
923 3076 935 3090 ·
974 3057 1100 3112 ἀλλ’
1131 3056 1165 3127 ἤ
1202 3057 1366 3130 μόνον
1398 3059 1531 3133 πρὸς
1569 3060 1901 3132 ὑπόμνησιν,

259 3147 447 3214 αὐτην,
502 3146 544 3200 εἰ
603 3144 835 3216 κελεύει,
888 3149 986 3216 τήν
1043 3148 1177 3201 κατὰ
1224 3150 1325 3217 τὴν
1377 3149 1694 3222 πεφανικὴν
1754 3148 1905 3202 συνά-

257 3257 436 3314 φειαν,
499 3236 645 3307 ἱερὰν
698 3235 1076 3312 μυσταγωγίαν
1146 3236 1498 3311 ἀναλήψεται,
1550 3239 1639 3291 καὶ
1688 3235 1902 3292 κατίδοι

254 3326 429 3378 πόσον
470 3323 608 3378 ἐστΐν
658 3324 881 3379 ἐνταῦθα
930 3320 1227 3380 ὑπολαϐεῖν
1279 3327 1369 3380 τὸν
1416 3328 1760 3399 παροξυσμὸν
1804 3331 1900 3380 τοῦ

253 3410 417 3483 ἁγίου
462 3412 771 3483 Πνεύματος
828 3414 879 3466 ἐν
927 3418 1050 3474 ταῖς
1105 3414 1383 3476 τοιαύταις
1433 3414 1897 3489 ἐναντιολογίαις.

251 3501 483 3560 Πάντως
515 3500 616 3573 γὰρ
650 3499 747 3554 ὅσα
779 3502 805 3554 ὁ
844 3502 1019 3575 ἱερεὺς
1071 3502 1374 3579 ὑποφαίνει,
1420 3508 1587 3557 ταῦτα
1628 3503 1719 3557 καὶ
1770 3509 1897 3565 Θεὸς

247 3593 451 3662 κυροῦν
513 3587 929 3663 ἐπαγγέλλεται,
992 3592 1125 3645 κατὰ
1183 3593 1272 3645 τὸν
1335 3591 1495 3664 μέγαν
1584 3592 1895 3648 Διονύσιον.

246 3676 431 3733 Ἀλλὰ
465 3675 553 3731 διὰ
600 3683 760 3732 τοῦτο
813 3676 1043 3753 δεόμεθά
1102 3702 1197 3734 σου
1242 3687 1341 3749 τῆς
1383 3680 1751 3751 τελειότητος,
1807 3684 1897 3736 τὸν

249 3768 357 3821 ὑπὸ
412 3772 519 3820 τῶν
576 3769 816 3822 κανόνων
879 3771 1278 3843 καθῃρημένον,
1328 3770 1415 3823 καὶ
1466 3772 1567 3825 ὑπὸ
1614 3776 1711 3826 τοῦ
1757 3792 1896 3839 προ-

248 3854 608 3929 ηγησαμένου
640 3858 738 3927 την
773 3856 1084 3931 ἁγιωσύνην
1111 3879 1221 3913 σου.
1252 3858 1537 3933 εἶρχθὲντα
1569 3859 1722 3922 ὅλοις
1748 3859 1895 3914 ἐννέα

246 3939 414 4010 ἔτεσι,
493 3950 693 3999 παῦσαι
759 3952 860 4014 τῆς
928 3947 1263 4020 ἱερουργίας,
1332 3947 1659 4022 παραλόγως
1720 3947 1893 4004 εἰσελ-

247 4034 417 4087 θόντα
442 4074 454 4085 .

318 4125 482 4195 ’Ἄρτι
539 4124 639 4197 γὰρ
701 4124 761 4177 τὸ
819 4124 1071 4178 ταπεινὸν
1134 4125 1309 4198 στόμα
1360 4126 1518 4197 ἡμῶν
1577 4125 1890 4198 ἠνοίξαμεν,

244 4212 415 4282 ἡνίκα
468 4211 873 4288 ἐνεκλήθημεν.
936 4213 1208 4283 Ὁπηνίκα
1253 4214 1351 4288 γὰρ
1405 4215 1635 4290 ἐγεγόνει
1685 4219 1719 4285 ἡ
1773 4237 1892 4270 συν-

245 4303 462 4363 έλευσις
492 4302 667 4372 ἓκείνη
700 4304 734 4372 ἡ
773 4305 961 4377 μικρὰ,
995 4303 1082 4358 καὶ
1117 4303 1215 4357 οὐκ
1255 4301 1354 4358 οἷδ’
1386 4304 1549 4359 ὁποία
1592 4306 1758 4360 εἰπεῖν
1788 4326 1800 4338 ·
1834 4304 1894 4360 ἐκ

241 4398 343 4460 τῆς
377 4391 630 4467 φυλακῆς
660 4395 811 4465 ἢμην
859 4394 976 4447 κατ’
1024 4390 1154 4446 αὒτὸ
1204 4391 1583 4463 ἐξεληλυθὼς.
1625 4397 1731 4450 Καὶ
1777 4393 1891 4449 ἐπεὶ

243 4481 437 4556 ἐώρων
498 4480 720 4542 τούτους
766 4483 1258 4555 συνηθροισμένους
1305 4482 1434 4544 τοὺς
1484 4484 1574 4537 καὶ
1627 4482 1888 4557 πρότερον

239 4573 343 4639 τήν
384 4570 638 4644 μοιχείαν
689 4568 1169 4643 καταδεξαμὲνους,
1214 4571 1303 4625 γαῖ
1353 4572 1444 4626 τὸν
1486 4574 1891 4651 μοιχοζεύκτην

2020 649 2132 702 Deo
2164 646 2259 716 qui
2292 642 2493 699 omnia
2515 637 2717 704 cernit,
2745 643 2801 691 et
2832 650 3024 689 coram
3058 631 3532 703 archiprwsulatu
3569 640 3664 686 tuo

2020 738 2194 792 verba
2226 734 2451 789 facturi.
2484 731 2609 785 Non
2651 744 2854 782 sumus
2904 724 3271 796 aposchistai,
3305 740 3337 777 ο
3393 726 3662 777 sanctum

2020 830 2213 896 caput,
2247 824 2317 879 ab
2350 820 2604 875 Ecclesia
2649 817 2749 871 Dei
2785 832 2797 868 :
2832 814 2982 869 absit
3012 818 3075 868 ut
3120 812 3177 867 id
3210 828 3462 883 unquam
3496 810 3665 865 nobis

2020 914 2241 970 eveniat
2269 914 2279 965 l
2315 912 2421 966 Sed
2452 908 2775 981 quamlibet
2804 904 2933 959 aliis
2985 902 3251 973 plurimis
3283 901 3530 969 peccatis
3560 898 3667 955 ob-

2020 1004 2172 1060 noxii
2224 1012 2540 1067 teneamur,
2574 1012 2773 1053 sumus
2825 998 3081 1048 attamen
3129 990 3441 1059 orthodixi,
3474 995 3532 1045 et
3562 990 3666 1044 Ec-

2021 1092 2205 1148 clesiae
2254 1089 2544 1146 catholicae
2596 1084 2840 1149 alumni,
2892 1080 3158 1137 haeresim
3210 1095 3440 1134 omnem
3493 1095 3667 1151 repu-

2022 1183 2271 1248 diantes,
2306 1193 2660 1247 omnemque
2709 1171 3099 1229 universalem
3131 1175 3187 1226 et
3213 1170 3454 1225 localem
3486 1185 3665 1241 syno-

2023 1273 2159 1327 dum
2212 1272 2591 1342 approbatam
2625 1263 3002 1335 recipientes;
3042 1275 3146 1315 nec
3203 1276 3314 1315 non
3357 1259 3541 1313 editas
3593 1259 3664 1314 ab

2021 1362 2137 1417 illis
2163 1361 2473 1415 canonicas
2522 1356 2967 1415 constitutiones
3000 1368 3013 1408 :
3049 1367 3237 1421 neque
3286 1350 3438 1405 enim
3472 1349 3661 1420 perfe-

2021 1459 2174 1506 ctum
2205 1466 2331 1505 esse
2363 1449 2768 1510 orthodoxam,
2792 1442 2891 1497 sed
2923 1440 3317 1505 dimidiatum,
3351 1438 3449 1508 qui
3485 1438 3659 1493 fidem

2020 1539 2252 1611 quidem
2304 1546 2517 1593 rectam
2571 1537 2782 1591 habere
2833 1532 3114 1596 videatur,
3149 1528 3359 1583 divinis
3407 1544 3537 1583 vero
3568 1543 3663 1582 ca-

2024 1630 2277 1684 nonibus
2306 1645 2419 1683 non
2468 1631 2718 1697 regatur.
2754 1619 3178 1677 Beatitudinem
3216 1628 3398 1683 tuam,
3428 1616 3666 1687 quando

2024 1725 2288 1790 promota
2312 1719 2436 1787 fuit,
2462 1716 2851 1787 suscepimus,
2876 1708 3372 1782 quemadmodum
3399 1706 3585 1776 palam
3614 1705 3664 1759 ei

2026 1810 2207 1863 testati
2260 1826 2485 1865 sumus.
2536 1810 2601 1859 Et
2636 1823 2703 1859 ex
2752 1820 2815 1859 eo
2865 1806 3125 1871 tempore
3164 1797 3223 1852 in
3274 1796 3431 1851 hunc
3481 1810 3663 1865 usque

2020 1900 2192 1964 diem,
2227 1900 2284 1955 in
2334 1896 2686 1968 mystagogia
2735 1906 3288 1955 commemoramus,
3322 1891 3385 1942 ut
3426 1904 3530 1956 par
3559 1892 3661 1950 est,

2019 1993 2096 2054 et,
2130 1989 2282 2043 sicut
2331 1989 2495 2043 testis
2525 1991 2613 2041 est
2660 1985 2838 2052 Deus,
2867 1983 2910 2037 si
2944 1981 3042 2036 illo
3088 1981 3181 2035 die
3230 1975 3664 2033 communicare

2021 2096 2125 2133 nos
2161 2078 2459 2145 voluisset,
2491 2074 3096 2131 communicassemus
3150 2068 3320 2139 plane
3348 2081 3477 2121 cum
3512 2065 3660 2135 ipsa,

2020 2170 2165 2224 nihil
2201 2170 2591 2225 discernentes
2620 2186 2632 2234 ;
2661 2183 2790 2221 cum
2842 2160 3224 2219 desideranda
3275 2159 3443 2214 nobis
3493 2156 3663 2211 fuerit

2019 2259 2089 2313 ab
2135 2259 2321 2315 initio.
2356 2259 2436 2314 De
2484 2273 2781 2313 ceconomo
2830 2260 3050 2319 autem,
3101 2250 3271 2320 cujus
3320 2264 3495 2303 causa
3544 2246 3661 2301 haec

2010 2348 2330 2418 jactentur,
2362 2364 2536 2419 quem
2572 2348 2784 2401 veritas
2828 2345 2951 2415 ipsa
2998 2340 3291 2412 deposuit,
3327 2338 3529 2393 multis
3561 2354 3661 2391 ca-

2017 2440 2270 2495 nonibus
2302 2438 2637 2504 obnoxium,
2672 2453 2807 2493 cum
2838 2434 2925 2489 vel
2977 2437 3112 2488 ante
3144 2435 3412 2501 apertum
3444 2426 3662 2482 adulte-

2017 2529 2195 2599 rium,
2226 2545 2360 2584 cum
2395 2527 2775 2582 mmcharetur
2824 2525 2883 2578 in
2918 2521 3092 2577 variis
3140 2518 3409 2591 personis
3441 2533 3659 2588 praece-

2016 2618 2161 2673 dens
2212 2618 2541 2687 imperator,
2595 2634 2706 2671 non
2750 2614 2940 2670 solum
2996 2609 3341 2666 sacriﬁcarit
3398 2606 3544 2676 ipse,
3608 2614 3661 2659 et

2016 2708 2490 2763 communionem
2514 2705 2914 2773 impertiverit,
2938 2706 2994 2755 et
3017 2718 3133 2755 una
3153 2697 3421 2768 epulatus
3441 2695 3533 2763 sit,
3558 2695 3659 2749 sed

2018 2802 2238 2865 partem
2275 2796 2449 2851 etiam
2483 2812 2611 2850 cum
2644 2809 2709 2848 eo
2741 2790 2997 2864 posuerit
3033 2806 3045 2843 :
3075 2788 3230 2842 unde
3260 2791 3319 2840 et
3353 2788 3659 2856 promptus

2015 2885 2232 2939 exstitit
2285 2887 2353 2940 ad
2406 2884 2699 2954 publicam
2750 2877 3255 2942 incontinentiam,
3293 2876 3466 2929 Deum
3517 2889 3659 2927 con-

2012 2978 2281 3030 temnens
2320 2982 2372 3029 et
2422 2974 2617 3028 divina
2658 2970 2901 3040 judicia.
2944 2971 3130 3038 Atque
3181 2971 3245 3019 ut
3295 2962 3661 3019 manifestius

2012 3062 2132 3131 fiat,
2157 3066 2307 3134 quod
2342 3062 2571 3128 dicitur,
2594 3077 2707 3115 non
2740 3058 2969 3113 dicendi
2996 3055 3210 3122 studio,
3237 3052 3425 3109 absit!
3460 3052 3556 3106 sed
3584 3067 3659 3106 re-

2014 3154 2288 3207 novanda
2342 3150 2630 3206 memoria:
2681 3148 2886 3219 gratia,
2936 3147 3127 3216 ipsam
3177 3145 3225 3198 si
3274 3141 3479 3212 placet,
3512 3156 3657 3211 quae,

2015 3240 2150 3294 dum
2197 3246 2550 3296 coronantur
2598 3237 2825 3310 sponsi,
2857 3238 3195 3306 usurpatur,
3231 3230 3653 3303 mystagogiam

2015 3346 2237 3385 sacram
2271 3333 2553 3393 resumat,
2577 3333 2633 3382 et
2657 3326 2967 3399 perspiciet
2998 3327 3278 3395 quantam
3313 3320 3447 3374 hinc
3479 3319 3657 3388 conji-

2011 3435 2137 3472 cere
2172 3418 2335 3474 liceat
2367 3417 2621 3489 Spiritus
2650 3416 2832 3471 sancti
2888 3414 3354 3483 indignationem
3388 3410 3445 3462 in
3478 3407 3657 3462 tantis

2011 3507 2589 3562 contradictionibus.
2615 3504 2866 3561 Omnino
2893 3503 3049 3557 enim
3075 3513 3437 3571 quascunque
3468 3511 3659 3551 sacer-

2010 3596 2115 3650 dos
2146 3595 2506 3667 pronuntiat,
2540 3612 2607 3650 ea
2654 3592 3027 3665 impleturum
3066 3606 3127 3644 se
3167 3587 3457 3658 promittit
3513 3588 3657 3639 Deus

2000 3685 2168 3754 juxta
2190 3702 2470 3757 magnum
2494 3684 2859 3753 Dionysium.
2887 3681 3193 3749 Propterea
3222 3692 3360 3747 ergo
3385 3689 3658 3743 rogamus

2009 3774 2417 3844 perfectionem
2469 3780 2654 3839 tuam,
2693 3778 2751 3828 ut
2800 3771 3129 3841 depositum
3160 3785 3192 3822 a
3224 3765 3567 3831 canonibus,
3601 3765 3658 3817 et

2008 3879 2041 3916 a
2091 3865 2510 3933 praedecessore
2557 3862 2879 3918 sanctitatis
2948 3866 3058 3915 tuas
3108 3857 3465 3928 prohibitum
3518 3854 3657 3908 totis

2008 3968 2212 4009 novem
2262 3954 2453 4020 annis,
2482 3958 2685 4024 praeter
2730 3951 3013 4007 rationem
3046 3949 3398 4018 ingressum,
3432 3958 3657 4000 cessare

1998 4038 2208 4109 jubeas
2240 4060 2273 4098 a
2301 4043 2644 4099 sacerdotio.

2077 4132 2238 4185 Nunc
2271 4130 2556 4202 siquidem
2588 4129 2809 4185 humile
2838 4145 2902 4185 os
2954 4132 3218 4184 nostrum
3254 4123 3651 4196 apperuimus,

2006 4219 2241 4287 quando
2272 4217 2457 4274 vocati
2504 4218 2745 4272 fuimus.
2778 4216 2920 4271 Cum
2972 4215 3125 4271 enim
3161 4215 3351 4270 factus
3397 4218 3482 4266 est
3513 4226 3649 4265 con-

2004 4315 2208 4363 ventus
2240 4306 2336 4362 ille
2356 4324 2591 4379 parvus,
2615 4316 2669 4360 et
2690 4305 2885 4361 nescio
2920 4321 3030 4375 quo
3057 4303 3291 4359 nomine
3318 4299 3606 4372 appellem
3636 4317 3649 4365 ;

2004 4410 2075 4451 ex
2119 4412 2344 4453 carcere
2393 4414 2494 4467 per
2538 4396 2693 4451 idem
2748 4402 2980 4467 tempus
3032 4394 3309 4449 redieram
3347 4408 3360 4444 :
3407 4403 3655 4459 cumque

2003 4486 2255 4542 viderem
2289 4503 2386 4541 eos
2416 4502 2543 4542 esse
2591 4489 2998 4557 congregatos,
3032 4483 3131 4555 qui
3169 4480 3519 4537 adulterium
3550 4494 3654 4532 an-

2003 4578 2097 4630 tea
2154 4580 2555 4646 susceperant.
2590 4580 2645 4629 et
2690 4573 2937 4629 adulteri
2984 4571 3375 4644 copulatorem
3426 4567 3651 4623 fuerant

241 4658 655 4731 ἀσπαζομένους
676 4682 687 4693 ·
720 4658 993 4731 ἐμνήσθην
1026 4664 1121 4714 τοῦ
1153 4666 1498 4737 προφητικοῦ
1538 4660 1763 4731 ἐκείνου,
1807 4662 1889 4717 ὅτι

2014 4664 2325 4734 30mplexi;
2362 4664 2516 4718 venit
2567 4663 2709 4717 mihi
2740 4664 2797 4718 in
2844 4666 3096 4717 mentem
3150 4660 3309 4714 illius
3352 4657 3483 4713 dicti
3517 4672 3653 4726 pro-

242 4749 304 4804 Ὀ
366 4750 563 4802 συνιὼν
620 4748 671 4804 ἐν
733 4754 810 4819 τῷ
866 4754 1039 4822 καιρῷ
1126 4749 1309 4823 ἐκείνῳ
1381 4754 1738 4822 σιωπήσεται,
1807 4753 1889 4807 ὅτι

239 4839 436 4912 καιρὸς
457 4838 692 4913 πονηρός
717 4836 858 4893 ἐστιν
884 4884 896 4895 .
930 4837 1089 4896 Ἀλλ’
1108 4836 1221 4893 ἐπεὶ
1255 4842 1281 4894 ὁ
1304 4838 1464 4900 αυτὸς
1493 4840 1632 4914 λέγει
1661 4885 1673 4898 .
1702 4841 1890 4896 Ἐσιώ-

239 4949 394 4998 πησα
416 4948 427 4959 ·
468 4929 541 5000 μή
575 4928 661 4981 καὶ
696 4928 775 4982 ἀεὶ
810 4931 1159 5001 σιωπήσομαι
1187 4948 1199 4997 ;
1236 4926 1323 4982 διὰ
1352 4934 1513 4983 τοῦτο
1546 4929 1597 4983 ἐν
1616 4934 1792 5004 καιρῷ
1814 4928 1887 4983 εὖ·

241 5018 385 5089 θέτῳ
432 5020 851 5093 συκοφαντηθείς
893 5017 1162 5095 ἆνήνεγκα
1206 5018 1273 5073 τὰ
1314 5020 1687 5090 παριστάμενα
1717 5037 1729 5049 ·
1774 5017 1884 5087 ἐπεὶ

238 5108 303 5162 τὸ
338 5107 467 5160 ὅσον
510 5104 558 5159 ἐν
615 5106 761 5179 ἐμοὶ,
810 5107 970 5161 παντὶ
1027 5106 1215 5180 τρόπῳ
1264 5106 1613 5182 ἐφυλαξάμην
1665 5107 1716 5161 ἐν
1768 5111 1887 5168 τοῖς

242 5193 395 5249 δυσὶν
448 5193 584 5249 ἔτεσι
632 5195 868 5263 τούτοις,
924 5196 997 5266 μή
1051 5195 1125 5256 εἷς
1170 5194 1445 5269 προύπτον
1508 5191 1731 5265 ἐκϐῆναι
1785 5198 1885 5265 τήν

242 5284 493 5338 ὑπόθεσιν
532 5305 542 5314 ’
605 5282 776 5337 ἐκεῖνο
835 5282 887 5337 ἐν
944 5282 1159 5355 ἐμαυτῷ
1219 5282 1415 5357 λέγων,
1478 5285 1582 5356 ὅτι,
1634 5285 1748 5340 ἐπεὶ
1790 5284 1887 5339 οὐκ

240 5372 357 5445 εΐμὶ
418 5372 712 5426 ἐπισκόπου
769 5367 913 5445 ἔχων
976 5372 1192 5445 ἀξίωμα
1250 5371 1540 5446 δυνάμενος
1599 5372 1881 5448 ἐλέγχειν”

238 5461 463 5536 ἀρκετὸν
518 5464 676 5534 μοιὴ
710 5460 881 5515 οἷκεία
930 5461 1171 5537 φυλακὴ,
1217 5462 1307 5517 καὶ
1354 5464 1416 5518 τὸ
1470 5472 1545 5535 μὴ
1593 5469 1882 5538 μετασχεῖν

248 5571 314 5622 με
344 5556 445 5617 τῆς
471 5570 528 5604 τε
554 5548 760 5603 ἐκείνου
815 5549 1123 5619 κοινωνίας,
1156 5551 1247 5604 καὶ
1277 5554 1385 5606 τῶν
1417 5552 1606 5624 ἐκείνῳ
1635 5550 1691 5607 ἐν
1738 5552 1885 5626 γνώ-

243 5659 323 5693 σει
376 5637 967 5715 συλλειτουργούντων,
1014 5636 1118 5702 ἕως
1150 5638 1208 5695 ἂν
1245 5638 1305 5694 ἐκ
1339 5638 1504 5714 μὲσου
1551 5640 1775 5715 γένηται
1821 5642 1884 5696 τὸ

312 5787 357 5821 ⁷³
385 5788 558 5845 Amos
584 5803 639 5856 ν,
674 5787 756 5843 13.
832 5788 880 5823 ⁷⁸
903 5789 1013 5845 Ila.
1046 5802 1182 5855 xm,
1215 5788 1303 5843 14.

2004 4754 2218 4826 phetici
2271 4772 2282 4808 ε
2334 4752 2562 4824 Sapiens
2608 4756 2667 4807 in
2710 4753 2805 4809 illo
2856 4759 3091 4823 tempore
3136 4750 3339 4815 silebit,
3388 4747 3652 4819 quoniam

2006 4848 2216 4912 tempus
2260 4843 2473 4898 malum
2501 4852 2579 4898 est
2616 4841 2683 4896 ⁷³.
2714 4842 2821 4898 Sed
2856 4858 2987 4897 cum
3035 4840 3188 4894 dicat
3232 4839 3386 4893 idem
3421 4854 3434 4892 :
3469 4835 3648 4890 Tacui

2004 4932 2274 5004 nunquid
2297 4948 2529 5003 semper
2560 4933 2759 4987 tacebo
2782 4932 2827 4965 ⁷⁴
2850 4931 2877 4984 τ
2910 4938 3214 5001 propterea
3236 4937 3490 4998 tempore
3521 4941 3649 4979 con-

2004 5022 2253 5094 gruenti,
2287 5020 2583 5077 calumnia
2634 5038 2886 5091 pressus,
2921 5021 3040 5075 haec
3090 5019 3343 5074 tamdem
3396 5013 3649 5087 protuli;

2003 5112 2157 5181 quia,
2178 5115 2464 5182 quantum
2488 5112 2547 5166 in
2568 5126 2659 5165 me
2684 5110 2813 5178 fuit,
2829 5109 2987 5165 omni
3011 5109 3232 5164 ratione
3254 5106 3376 5161 cavi
3400 5105 3492 5159 his
3516 5104 3652 5159 duo-

2004 5200 2113 5255 bus
2145 5200 2331 5267 annis,
2360 5217 2431 5255 ne
2484 5216 2575 5255 res
2624 5200 2680 5255 in
2714 5204 2981 5271 apertum
3035 5198 3307 5269 prodiret,
3344 5195 3486 5249 illud
3525 5209 3648 5247 me-

2003 5304 2131 5343 cum
2183 5290 2415 5345 volvens
2470 5307 2482 5343 :
2533 5288 3004 5359 quandoquidem
3060 5285 3316 5357 episcopi
3367 5281 3646 5352 dignitate

2004 5378 2280 5448 praeditus
2311 5395 2425 5433 non
2461 5395 2675 5445 essem,
2710 5383 2775 5433 ut
2803 5376 3083 5447 arguendi
3114 5376 3357 5431 habeam
3393 5377 3643 5444 potesta-

2002 5472 2143 5533 tem,
2174 5468 2443 5523 sufficere
2492 5468 2540 5522 si
2592 5484 2683 5523 me
2713 5468 2838 5538 ipse
2884 5465 3231 5531 custodiam,
3263 5472 3317 5519 et
3368 5478 3481 5517 non
3515 5476 3648 5531 par-

2003 5558 2235 5627 ticipem
2264 5556 2421 5612 illius
2453 5556 2876 5623 communioni,
2918 5570 3237 5624 eorumque
3268 5552 3364 5622 qui
3396 5550 3646 5605 scientes

2003 5659 2131 5700 cum
2158 5660 2225 5700 eo
2256 5660 2424 5701 sacra
2453 5644 2695 5714 faciunt,
2726 5644 2921 5715 quoad
2950 5641 3297 5703 scandalum
3338 5640 3411 5701 de
3452 5635 3645 5695 medio
