4084 6284
409 357 531 418 991

1665 358 1730 417 S.
1777 357 2177 421 THEODOBI
2222 359 2586 423 STUDlTJE

3699 354 3819 416 993

415 490 674 548 tollatur.
706 497 825 549 Hoc
854 493 1036 567 igitur
1065 510 1303 551 oramus
1331 497 1388 550 et
1435 493 1816 560 obtestamur,
1847 499 1908 548 ut
1937 507 2067 564 per-

2204 491 2479 548 τκάνδαλον
2503 536 2517 551 .
2550 494 2715 549 Τοῦτο
2747 493 2924 548 τοίνυν
2959 487 3375 566 παρακαλοῦμεν
3424 488 3513 542 καὶ
3565 483 3818 556 δεόμεθα,

417 582 648 637 suaderi
673 583 782 638 sibi
807 583 960 638 sinat
977 588 1178 640 sancta
1199 585 1396 639 anima
1419 588 1537 646 tua,
1564 582 1743 637 istum
1767 581 2062 637 hominem

417 671 688 741 coerceri,
724 689 794 727 ne
824 672 1189 745 vituperetur
1221 671 1596 742 inculpabilis
1627 671 1911 727 sanctitas
1945 675 2066 738 tua,

419 776 491 815 ne
523 761 817 832 polluatur
846 763 1110 818 divinum
1162 764 1341 818 altare
1374 762 1621 834 depositi
1667 761 1921 816 hominis
1963 761 2070 815 mi-

422 850 677 917 nisterio,
731 870 801 907 ne
851 853 1103 924 denique
1171 854 1429 908 oriantur
1475 853 1642 921 justas
1687 852 2068 908 schismatum

421 943 775 997 occasiones.
809 943 956 999 Vere
1002 944 1159 999 enim
1190 949 1247 999 et
1294 945 1513 997 sincere
1547 943 1652 996 hoc
1705 942 1854 997 sciat
1882 942 2072 998 beati—

421 1032 561 1086 tudo
592 1036 714 1098 tua,
747 1034 900 1102 quod
953 1033 1066 1088 nisi
1120 1033 1238 1087 hanc
1286 1031 1368 1086 ita
1400 1032 1536 1086 ﬁant
1584 1032 1768 1087 Deum
1821 1031 2070 1087 amantis

422 1121 627 1177 animae
650 1128 761 1177 tute
789 1127 955 1192 nutu,
975 1129 1032 1178 et
1062 1123 1458 1194 piissimorum
1490 1140 1555 1177 ac
1577 1122 2071 1193 triumphatorum

421 1212 831 1282 imperatorum
865 1217 1194 1269 nostrorum
1220 1229 1234 1280 ;
1258 1212 1379 1267 zelo
1403 1212 1690 1284 siquidem
1717 1212 1870 1282 pleni
1893 1216 2069 1279 sunt;

423 1303 495 1357 de
526 1303 696 1357 nobis
745 1303 981 1372 quidem
1031 1319 1134 1373 pro
1179 1303 1451 1357 mandato
1508 1301 1899 1372 pugnantibus
1932 1303 2073 1372 quid

423 1391 684 1447 futurum
717 1393 814 1458 sit,
844 1393 996 1447 Deus
1028 1392 1223 1446 novit:
1251 1392 1511 1447 scbisma
1539 1399 1756 1458 autem,
1785 1396 1894 1446 Deo
1929 1395 2072 1446 teste

348 1481 354 1487 ’
421 1480 736 1551 electisque
783 1481 1005 1552 angelis
1061 1482 1208 1551 ejus,
1244 1497 1524 1552 magnum
1574 1481 1673 1536 ﬁet
1705 1481 1761 1535 in
1815 1481 2072 1535 Ecclesia

422 1579 634 1626 nostra.
686 1573 793 1626 Sed
854 1571 1154 1637 miserere,
1212 1575 1410 1640 pastor
1463 1571 1629 1639 bone,
1692 1571 1790 1626 sed
1839 1571 2068 1639 adjuva,

424 1659 608 1732 perite
638 1660 859 1716 medice
897 1676 1134 1732 gregem
1187 1665 1380 1726 tuum,
1414 1676 1545 1715 oves
1597 1669 1746 1726 tuas,
1780 1659 2068 1714 Ecclesiae

429 1755 583 1818 tuas,
619 1749 922 1821 sapientiae
967 1754 1085 1805 tuae
1124 1748 1334 1816 modis,
1369 1749 1688 1820 prudentiae
1721 1757 1832 1803 tua:
1862 1748 2070 1814 verbis,

430 1839 704 1894 remediis
753 1839 893 1894 artis
939 1843 1051 1893 tuan
1107 1853 1119 1893 :
1159 1855 1320 1894 ovem
1374 1854 1547 1892 unam
1600 1837 1841 1893 exclude
1871 1855 1905 1892 a
1948 1839 2072 1893 solo

429 1928 735 1996 sacrificio,
771 1932 827 1983 et
857 1929 1158 1983 universas
1189 1926 1435 1982 lucrare.
1471 1929 1538 1981 Et
1568 1944 1639 1982 ne
1676 1926 1851 1982 unius
1883 1926 2081 1982 scabie

432 2016 747 2072 Ecclesium
781 2017 971 2085 iniice,
994 2033 1168 2087 quam
1201 2017 1507 2087 acquisivit
1531 2015 1812 2072 Dominus
1843 2020 1899 2071 et
1928 2015 2079 2072 Deus

435 2116 630 2163 noster
662 2107 947 2178 sanguine
979 2123 1101 2162 suo.

790 2409 979 2468 XXVI.
1013 2443 1079 2454 —-
1118 2413 1377 2482 Symaom'
1410 2411 1723 2483 praeposito.

2179 579 2571 653 δυσωπηθῆναί
2603 604 2698 638 σου
2727 584 2827 651 τήν
2857 583 3013 653 ἁγίαν
3044 581 3226 655 ψυχὴν
3275 574 3687 653 παραπαλῆναι
3730 574 3822 628 τὸν

2179 671 2344 748 ἄνδρα
2368 717 2379 729 .
2417 679 2556 747 Προς
2586 674 2648 728 τὸ
2684 673 2760 746 μὴ
2796 671 3101 745 μωμεῖσθαί
3135 691 3231 724 σου
3259 671 3360 738 τήν
3393 665 3638 736 ἄληπτον
3673 663 3822 718 ὁσιό-

2176 782 2347 833 τητα·
2405 760 2544 835 μηδὲ
2599 762 2912 837 χραίνεσθαι
2963 762 3024 816 τὸ
3073 763 3212 815 θεῖον
3263 759 3645 831 θυσιαστήριον
3698 755 3825 809 καθ.

2177 853 2455 926 ῃρημένου
2516 851 2868 928 λειτουργίᾳο
2924 847 3064 924 μηδὲ
3123 850 3254 902 εἶναι
3314 846 3492 909 αἰτίας
3547 843 3820 917 εὐλόγους

2181 942 2502 1015 σχισμάτων
2528 984 2540 996 .
2584 940 2899 995 Γινωσκέτω
2931 938 3031 1013 γὰρ
3080 934 3328 1012 ἀψευδῶς
3372 933 3462 990 καὶ
3513 934 3822 1011 ἀκραιφνῶς

2179 1032 2214 1099 ἡ
2253 1030 2588 1105 μακαριότης
2629 1051 2747 1100 σου,
2790 1028 2898 1096 ὅτι,
2941 1028 2990 1082 εἴ
3045 1029 3120 1099 μή
3167 1031 3328 1081 τοῦτο
3376 1023 3599 1098 γένηται
3647 1020 3823 1076 νεύσει

2179 1120 2268 1175 καὶ
2298 1127 2398 1190 τῆς
2447 1119 2704 1197 φιλοθέου
2754 1123 2935 1193 ψνχῆς
2981 1119 3070 1172 καὶ
3123 1121 3232 1172 τῶν
3291 1110 3684 1170 εὐσεϐεστάτων
3734 1112 3826 1166 καὶ

2180 1209 2515 1266 καλλινίκων
2564 1213 2721 1281 ἡμῶν
2773 1208 3042 1284 βασιλέων
3085 1205 3356 1282 (ζηλωταὶ
3403 1207 3505 1280 γάρ
3557 1203 3707 1275 εἰσὶ),
3761 1205 3824 1255 τὸ

2185 1300 2278 1372 μὲν
2308 1297 2575 1373 ἡμέτερον
2606 1298 2756 1361 ὅπως
2789 1299 2848 1353 ἄν
2889 1293 2992 1368 ἔξει
3035 1297 3168 1370 ὓπερ
3216 1303 3314 1364 τῆς
3343 1291 3572 1362 ἐντολῆς
3617 1292 3831 1347 incrta-

2188 1390 2362 1462 μένων
2390 1431 2404 1456 ,
2440 1395 2556 1461 Θεῷ
2593 1387 2926 1465 ἐγνωσμένον
2953 1405 2965 1417 ·
3001 1387 3214 1465 σχίσμα
3244 1383 3300 1440 δὲ
3336 1384 3494 1459 μέγα,
3529 1383 3629 1436 ὑπὸ
3685 1380 3832 1453 μᾶρ-

2183 1499 2306 1554 τυρι
2338 1483 2454 1550 Θεῷ
2484 1478 2573 1533 καὶ
2605 1477 2873 1533 ἐκλεκτῶν
2921 1475 3083 1532 αὐτοῦ
3124 1472 3390 1550 ἀγγέλων,
3437 1474 3727 1547 γενήσεται
3773 1470 3828 1524 ἐν

2190 1572 2258 1641 τῇ
2289 1569 2404 1622 καθ’
2436 1571 2582 1640 ἡμᾶς
2621 1566 2922 1636 Ἐκκλησία
2946 1607 2959 1622 .
3010 1564 3165 1620 Ἀλλ’
3217 1563 3462 1632 ἐλέησον,
3495 1562 3522 1616 6
3560 1560 3774 1633 ποιμὴν
3806 1559 3838 1612 6

2187 1655 2378 1723 καλὸς,
2412 1656 2557 1713 ἀλλὰ
2579 1659 2878 1730 βοήθησον,
2915 1657 2942 1709 6
2974 1655 3157 1729 ’ἰατρὸς
3191 1654 3218 1707 ὁ
3240 1651 3584 1724 ἐπιστήμων,
3608 1652 3675 1722 τῇ
3707 1648 3838 1702 ποία

2194 1769 2299 1821 μνῃ
2335 1767 2451 1815 σου,
2486 1746 2553 1802 τὰ
2583 1741 2832 1820 πρόϐατά
2862 1766 2982 1814 σου,
3029 1745 3122 1805 τὰς
3173 1741 3500 1811 Ἐκκλησίας
3553 1759 3671 1806 σου,
3701 1736 3838 1811 τρόο

2191 1857 2316 1898 ποις
2377 1834 2564 1913 σοφίας
2624 1857 2742 1906 σου,
2803 1834 2993 1910 λόγοις
3043 1832 3303 1893 συνέσεώς
3351 1851 3466 1898 σου,
3525 1825 3842 1904 φαρμάκοις

2192 1925 2427 1998 ἰατρείας
2487 1946 2620 1979 σουο
2673 1926 2735 1980 τὸ
2782 1923 2837 1978 ἓν
2882 1919 3163 1999 πρόϐατον
3220 1921 3466 1994 ἀπεῖρξαι
3519 1916 3688 1990 μόνης
3737 1922 3844 1982 τῆς

2190 2015 2519 2090 ἱερουργίας,
2579 2015 2669 2068 καὶ
2725 2014 2791 2067 τὰ
2852 2011 2957 2068 ὅλα
3003 2009 3299 2086 κερδῆσαι’
3344 2007 3434 2062 καὶ
3487 2007 3563 2078 μή
3617 2008 3685 2077 τῇ
3735 2006 3838 2058 τοῦ

2191 2105 2309 2166 ένὸς
2366 2106 2525 2177 ψώρᾳ
2584 2102 2928 2177 λυμανθῆναι
2985 2104 3086 2169 τὴν
3155 2095 3506 2168 Ἐκκλησίαν,
3565 2097 3633 2165 ἢν
3681 2113 3845 2167 περι-

2192 2196 2487 2264 εποιήσατο
2557 2195 2583 2248 6
2654 2194 2852 2267 Κύριος
2919 2192 3008 2246 καὶ
3077 2188 3208 2251 Θεὸς
3275 2190 3436 2262 ἡμῶν
3503 2188 3582 2256 τῷ
3650 2183 3845 2254 οἰκείῳ

2199 2281 2389 2357 ατίματι
2415 2327 2428 2340 .

2478 2408 2620 2482 KQ".
2654 2439 2720 2449 —-
2753 2405 2978 2478 Συμεὼν
3012 2403 3303 2482 ἡγουμένῳ
3329 2445 3342 2459 .
3377 2401 3488 2473 [με’

973 2548 1049 2597 De
1078 2548 1379 2611 patriarcha
1401 2547 1700 2610 Nicephoro
1731 2551 1785 2596 et
1812 2546 2027 2596 Simone
2058 2547 2322 2596 monacho
2354 2547 2586 2611 querela.
2620 2545 2834 2609 (Baron.
2867 2558 2952 2594 an.
2983 2542 3094 2601 808,
3129 2556 3183 2591 n.
3213 2540 3316 2600 20.)

511 2645 757 2718 Dignam
781 2657 979 2704 sancta
1001 2648 1237 2720 Deoque
1259 2649 1426 2719 plena
1448 2648 1645 2703 anima
1663 2651 1766 2702 tua
1783 2646 2086 2716 epistolam

443 2736 610 2792 nobis
628 2739 882 2794 exaravit
898 2739 1236 2795 honoranda
1254 2738 1575 2812 paternitae
1592 2742 1716 2808 tua,
1729 2736 1906 2794 simul
1926 2737 2088 2793 bene-

441 2825 635 2881 volum
667 2843 803 2898 erga
854 2845 957 2883 nos
993 2839 1318 2896 peccatores
1368 2828 1636 2884 affectum
1684 2843 1850 2882 suum
1901 2827 2090 2881 decla-

444 2933 602 2984 rans,
635 2917 929 2990 simulque
961 2936 1157 2990 parem
1191 2920 1509 2975 ostendens
1539 2918 1812 2989 idemque
1837 2917 2090 2972 sentien-

443 3008 558 3058 tem
593 3005 744 3060 circa
796 3007 990 3062 divina
1023 3009 1294 3062 mandata
1344 3007 1737 3070 concordiam,
1771 3005 2086 3075 quinetiam

2273 2645 2444 2717 Ἀξίαν
2498 2652 2598 2713 τῆς
2657 2643 2996 2718 ἡγιασμένης
3051 2639 3142 2696 καί
3194 2637 3462 2714 θεοφόρου
3509 2655 3604 2688 σου
3651 2637 3849 2708 ψυχῆς

2200 2735 2454 2809 ἐχάραξεν
2488 2737 2623 2806 ἡμῖν
2656 2735 2754 2803 τήν
2790 2731 3084 2799 ἐπιστολὴν
3115 2731 3150 2798 ἡ
3178 2727 3336 2800 τίμια
3377 2747 3476 2779 σου
3520 2724 3805 2796 πατρότης
3838 2766 3852 2777 .

2201 2825 2342 2897 ὁμοῦ
2379 2824 2471 2896 μὲν
2521 2823 2890 2896 σημαίνουσαν
2950 2821 3048 2888 τήν
3107 2816 3445 2890 ἁγαπητικήν
3504 2814 3640 2886 πρὸς
3695 2813 3854 2883 ἡμᾶς

2199 2913 2330 2974 τοὺς
2378 2911 2744 2988 ἁμαρτωλοὺς
2796 2908 3069 2964 διάθεσιν·
3123 2903 3262 2980 ὁμοῦ
3315 2902 3372 2959 δὲ
3417 2900 3705 2988 δηλοῦσαν,
3747 2902 3851 2967 τήν

2202 3001 2492 3077 ἰσόρροπον
2520 3003 2611 3056 καὶ
2650 3002 3032 3075 ταυτόγνωμον
3063 2997 3161 3065 τὴν
3195 2993 3318 3069 περὶ
3349 2996 3456 3049 τῶν
3491 2989 3649 3044 θείων
3693 2987 3857 3042 ἐντο-

446 3095 668 3164 potiora
697 3095 966 3160 edocens,
998 3102 1055 3153 et
1083 3097 1354 3152 adnitene
1387 3096 1605 3167 pariter
1644 3096 1921 3152 adversus
1954 3110 2085 3164 pro-

2204 3091 2312 3147 λῶν
2347 3092 2686 3169 συμφωνίαν,
2726 3090 2815 3144 καὶ
2869 3090 2974 3160 μὴν
3017 3082 3434 3141 ἐκδιδάσκουσαν
3484 3083 3550 3136 τὰ
3600 3079 3857 3154 κρείττο-

447 3184 633 3253 posita
663 3187 981 3241 certamina
1027 3187 1309 3256 intrepide
1356 3186 1737 3251 obsietere,et
1767 3187 1836 3240 ad
1886 3185 2091 3240 inanes

451 3271 934 3331 heterodoxorum
962 3275 1525 3347 vaniloquornmque
1547 3290 1711 3332 voces
1733 3273 1893 3329 nulla
1922 3279 2094 3329 tenue

454 3363 703 3417 concuti.
735 3365 814 3419 Ac
842 3367 1032 3436 reipsa
1062 3366 1219 3420 factae
1259 3366 1424 3420 nobis
1457 3369 1598 3420 sunt
1631 3364 1971 3420 venerandae
2003 3362 2094 3417 lit-

454 3455 586 3507 terae
607 3461 714 3507 tuae
735 3455 1113 3510 incitamenta
1131 3456 1502 3522 fortitudinis,
1520 3463 1573 3510 et
1595 3454 1808 3510 vallum
1830 3453 2087 3519 virtutis;

453 3541 532 3595 ita
560 3546 620 3595 ut
652 3543 895 3611 gloriam
930 3545 1080 3600 bono
1111 3544 1355 3602 Domino
1408 3549 1605 3600 nostro
1652 3543 2092 3611 reddiderimus,

456 3630 553 3698 qui
582 3631 860 3686 humilem
893 3638 1121 3688 atatem
1171 3640 1428 3690 nostram
1463 3650 1578 3688 non
1629 3634 1858 3703 penitus
1889 3630 2094 3686 dereli-

456 3719 598 3789 quit,
632 3722 732 3776 eed
766 3721 966 3778 vitales
998 3722 1285 3779 scintillas
1319 3723 1564 3794 praebuit
1592 3721 1664 3778 iis
1710 3722 1810 3792 qui
1843 3721 1912 3776 ad
1947 3721 2098 3775 bona

456 3808 683 3879 pietatis
714 3826 888 3880 opera
908 3813 1153 3883 cupiunt
1182 3813 1538 3869 reviviscere.
1563 3813 1652 3866 Ad
1676 3811 1833 3866 hunc
1856 3811 2096 3866 modum

460 3897 582 3954 haec
613 3915 672 3954 se
702 3899 935 3957 habent.
969 3901 1234 3973 Impense
1276 3918 1580 3975 precamur
1611 3917 1714 3956 nos
1743 3905 2094 3971 peccatores,

456 3996 518 4042 ut
567 3991 890 4046 sanctitatis
941 3995 1052 4047 tuas
1099 3991 1219 4047 vita
1268 3996 1608 4062 perseveret,
1650 3992 1720 4046 ad
1766 3988 2096 4061 exemplum

456 4080 682 4146 salutis,
703 4087 828 4138 tum
856 4082 1046 4151 nobis,
1070 4089 1196 4138 tum
1226 4083 1358 4139 aliis
1386 4083 1832 4156 quibuscunque
1862 4079 2098 4136 volenti-

458 4171 588 4225 bus.
614 4170 862 4229 Omnino
893 4173 1047 4228 enim
1071 4173 1167 4241 qui
1200 4189 1448 4228 canones
1479 4176 1830 4244 pervertunt,
1854 4175 1911 4226 et
1939 4185 2100 4238 regu-

457 4258 545 4314 lae
576 4262 912 4331 depravant,
945 4263 1348 4317 rectitudinem
1382 4263 1440 4317 in
1483 4263 1575 4331 iis,
1611 4261 1710 4332 qui
1744 4263 1894 4316 recte
1926 4257 2103 4328 expli-

459 4353 594 4404 cant
637 4351 958 4406 doctrinam
1007 4351 1284 4418 veritatis,
1337 4351 1579 4406 minime
1625 4352 1867 4406 vident:
1910 4351 2008 4404 sed
2045 4353 2100 4403 et

460 4437 644 4494 risum
668 4441 870 4509 edunt,
893 4446 950 4495 et
979 4441 1190 4512 probra
1211 4442 1504 4514 ingerunt.
1530 4441 1675 4507 Quid
1698 4444 1891 4495 autem
1915 4438 2094 4506 aliud,

462 4543 636 4598 quam
687 4531 843 4599 quod
873 4529 1006 4585 hinc
1054 4531 1240 4602 magis
1288 4531 1730 4594 conﬁrmamur,
1766 4527 2103 4583 futilitatem

459 4618 705 4673 istorum
737 4627 788 4673 et
811 4618 1252 4676 instabilitatem
1275 4637 1389 4676 non
1413 4622 1748 4690 ignorantes
1769 4617 1796 4671 ?
1825 4620 1871 4672 A
1893 4617 2104 4688 quibus

459 4708 612 4779 quod
644 4710 869 4764 excelsa
900 4726 1066 4766 mene
1095 4716 1199 4766 tua
1230 4727 1344 4765 non
1382 4711 1630 4780 capitur,
1663 4709 1833 4763 laude
1861 4707 2104 4777 dignum

460 4805 543 4852 est
590 4803 647 4852 et
677 4798 844 4853 nobis
901 4799 1153 4855 multum
1206 4799 1478 4869 optabile.
1512 4799 1668 4854 Scire
1717 4802 1913 4852 autem
1945 4796 2108 4865 cupit

462 4885 603 4955 quid
637 4887 768 4942 novi
815 4888 1088 4943 acciderit
1116 4888 1177 4943 in
1218 4888 1488 4958 praesenti
1539 4886 1784 4958 negotio.
1819 4885 1933 4940 Nos
1975 4899 2106 4938 vero

464 4973 650 5030 dicere
682 4976 828 5030 nihil
862 4993 1192 5048 possumus,
1227 4993 1292 5032 eo
1323 4976 1477 5047 quod
1520 4977 1896 5046 imperatores
1929 4973 1986 5027 in
2018 4989 2109 5028 ca-

463 5065 597 5119 stris
613 5082 767 5120 nunc
781 5072 1102 5121 versantur.
1121 5067 1200 5121 De
1220 5066 1549 5136 patriarcha
1567 5065 1720 5120 enim
1743 5063 1880 5134 quid
1903 5062 2113 5118 attinet

464 5153 668 5224 loqui?
699 5156 798 5226 qui
850 5172 1036 5224 neque
1087 5157 1182 5210 dat
1231 5171 1532 5224 responsa,
1565 5169 1752 5223 neque
1799 5151 1924 5206 vult
1962 5152 2108 5206 alios

463 5245 680 5306 audire.
720 5246 776 5298 in
809 5244 1082 5299 omnibus
1104 5243 1314 5298 Caesari
1344 5243 1689 5296 inserviens.
1725 5243 1794 5295 At
1825 5240 2112 5295 Dominus

464 5334 694 5389 Simeon
728 5331 1007 5403 bilinguis
1037 5337 1149 5401 est,
1171 5348 1326 5386 nunc
1358 5331 1591 5401 Quidam
1627 5331 1739 5399 sic,
1762 5345 1917 5384 nunc
1949 5328 2114 5386 aliter

468 5424 696 5478 varians
731 5437 744 5476 :
779 5422 888 5476 nisi
919 5422 1070 5491 quod
1112 5421 1320 5477 iterum
1372 5436 1701 5476 sermonem
1733 5417 2110 5487 contulimus,

464 5511 884 5579 veritatemque
930 5507 1172 5565 minime
1201 5508 1718 5565 dissimulavimus.
1752 5510 1832 5563 Ac
1862 5509 2117 5563 ﬂectitur

471 5601 706 5672 quidem
731 5598 1161 5670 aliquantulum
1189 5599 1785 5656 :nihilominusidem
1812 5603 2028 5668 manet,
2049 5615 2118 5654 ea

466 5705 592 5762 quae
611 5688 978 5760 principibus
994 5694 1161 5762 grata
1176 5696 1316 5747 sunt
1334 5706 1598 5763 quaerens
1617 5695 1675 5749 et
1691 5690 1974 5748 sentiens.
1988 5692 2119 5746 Cum

2205 3203 2292 3249 να,
2323 3179 2412 3235 καὶ
2441 3175 2935 3254 συμπροθυμοῦσαν
2978 3174 3053 3237 εἷς
3101 3174 3227 3235 τοὺς
3268 3169 3657 3245 προκειμένους
3701 3167 3858 3242 ἀγῶ-

2204 3291 2297 3332 νας
2355 3268 2618 3339 ἁκλονητὶ
2687 3268 3012 3331 ἐνίστασθαι,
3071 3263 3159 3317 καὶ
3232 3258 3546 3334 μηδαμόθεν
3607 3261 3675 3330 τῇ
3744 3257 3857 3310 τῶν

2203 3357 2526 3433 ἑτεροδόξων
2586 3359 2676 3413 καὶ
2732 3355 3098 3428 εἶκαιολόγων
3147 3350 3526 3425 ἀνατρέπεσθαι
3604 3367 3858 3422 κενοφωο

2204 3450 2291 3520 νίᾳ
2319 3493 2330 3505 .
2367 3449 2465 3504 Καὶ
2497 3450 2708 3522 γέγονεν
2737 3449 2874 3519 ἡμῖν
2905 3446 2966 3499 τὸ
2997 3441 3181 3515 τίμιόν
3220 3461 3316 3495 σου
3346 3439 3576 3515 γράμμα
3608 3437 3684 3497 ὡς
3716 3433 3861 3503 άλη-

2206 3543 2314 3601 θῶς
2346 3538 2665 3612 έμψύχωμα
2703 3533 2974 3610 ἀνδρείας,
3028 3533 3117 3587 καὶ
3173 3530 3483 3605 χαράκωμα
3532 3523 3818 3597 δυνάμεως
3844 3543 3856 3556 ·

2207 3629 2281 3689 ὡς
2313 3626 2526 3697 δοξάσαι
2560 3629 2708 3700 ἡμᾶς
2749 3626 2844 3680 τὸν
2895 3623 3094 3698 ἀγαθὸν
3144 3623 3305 3693 ἡμῶν
3359 3617 3579 3690 Κύριον,
3628 3613 3724 3668 τὸν
3776 3613 3858 3686 μή

2205 3717 2434 3781 τελείῶς
2478 3719 2578 3786 τὴν
2633 3716 2893 3783 ταπεινὴν
2951 3715 3111 3784 ἡμῶν
3166 3710 3346 3784 γενεὰν
3398 3703 3859 3780 ἔγκαταλιπόντα,

2210 3807 2355 3864 ἀλλὰ
2385 3804 2548 3861 δόντα
2578 3807 2876 3878 σπινθῆρας
2925 3800 3187 3871 ζωτικοὺς
3232 3801 3351 3859 τοῖς
3402 3793 3680 3849 ἐθέλουσιν
3726 3791 3858 3845 ἄνα-

2211 3898 2577 3972 ζωπυρεῖσθαι
2643 3897 2778 3969 πρὸς
2831 3893 2930 3960 τὴν
2988 3897 3087 3958 τῆς
3151 3882 3423 3944 εὐσεϐείας
3473 3881 3860 3972 ἀγαθοεργίαν.

2207 3969 2376 4064 Ἔχτι
2425 3987 2517 4058 μὲν
2579 3984 2720 4038 οὕτω
2777 3986 2966 4037 ταῦτα.
3060 3977 3159 4032 Καὶ
3219 3975 3389 4048 εὐχὴν
3449 3971 3727 4047 εὐχόμεθα
3785 3969 3864 4064 ως

2212 4059 2558 4151 ἁμαρτωλοὶ,
2590 4072 2857 4145 ἐπιμένειν
2911 4090 3005 4124 σου
3056 4069 3155 4136 τὴν
3204 4069 3304 4130 τῆς
3356 4059 3865 4151 ἁγιωσύνης-.-ζωὴν

2209 4145 2288 4228 είς
2320 4145 2596 4237 σωτηρίας
2631 4159 2960 4235 ὓπόδειγμα,
2992 4160 3126 4230 ἡμῖν
3157 4175 3215 4209 τε
3243 4152 3334 4208 καὶ
3380 4153 3611 4206 οἷστισιν
3657 4145 3860 4208 ἄλλοις

2215 4254 2572 4330 βουλομένοις
2602 4292 2614 4305 .
2647 4249 2720 4305 Οὐ
2765 4249 2864 4323 γὰρ
2904 4247 3116 4306 πάντως
3168 4243 3218 4298 οἱ
3267 4241 3394 4301 τοὺς
3442 4240 3671 4330 κανόνας
3702 4257 3864 4330 ⁸στρε-

2210 4325 2487 4407 ϐλοῦντες,
2519 4344 2608 4395 καὶ
2663 4338 2792 4400 τοὺς
2837 4337 3121 4413 γνώμονας
3170 4330 3532 4399 σκελίζοντες,
3587 4325 3864 4393 εὐθύτητα

2215 4432 2506 4509 βλέπουσιν
2559 4431 2610 4484 ἐν
2656 4434 2773 4489 τοῖς
2825 4427 3184 4501 ὀρθοτομοῦσι
3235 4420 3327 4474 τὸν
3358 4417 3519 4492 λόγον
3567 4422 3668 4509 τῆς
3720 4413 3866 4509 ἀλη-

2215 4501 2358 4584 θείας
2389 4540 2402 4554 ⁶
2439 4519 2583 4575 ἀλλᾶ
2631 4519 2720 4574 καὶ
2752 4516 2967 4592 γέλωτα
3011 4513 3325 4574 ἀνάπτουσι,
3375 4509 3464 4562 καὶ
3519 4501 3863 4575 ὀνειδισμοὺς

2214 4612 2622 4686 προσάπτουσι.
2686 4591 2789 4664 Καὶ
2840 4610 2892 4658 τί
2951 4601 3114 4672 ἄλλο,
3164 4600 3198 4668 ἢ
3243 4601 3306 4654 τὸ
3356 4597 3593 4651 ἐντεῦθεν
3646 4591 3861 4666 μᾶλλον

2221 4682 2560 4774 στερεοῦσθαι
2608 4700 2778 4770 ἡμᾶς,
2831 4691 3195 4767 μανθάνοντας
3244 4690 3307 4742 τὸ
3357 4686 3548 4760 σαθρὸν
3599 4682 3690 4736 καὶ
3744 4682 3863 4736 ἐπι-

2221 4789 2420 4866 σφαλὲς
2449 4792 2555 4842 τῶν
2586 4785 2848 4842 τοιούτων
2876 4803 2891 4853 ;
2937 4784 3048 4858 Ὑφ’
3081 4780 3153 4834 ὧν
3203 4780 3285 4832 δτι
3316 4779 3352 4846 ἡ
3386 4776 3453 4842 σὴ
3507 4769 3696 4846 ὑψηλή
3751 4769 3867 4825 διά-

2219 4900 2341 4933 νοια
2369 4879 2480 4952 οὐχ
2510 4875 2812 4943 ἁλίσκεται,
2845 4872 3162 4945 ἀξιάγαστον
3191 4866 3281 4922 καὶ
3311 4869 3449 4938 ἡμῖν
3482 4860 3821 4917 πολύευκτον
3847 4898 3860 4912 .

2222 4973 2382 5038 Ζητεῖ
2407 4964 2463 5022 δὲ
2499 4968 2681 5040 μαθεῖν
2717 4964 2746 5018 ὅ
2775 4983 2826 5017 τι
2873 4961 3061 5036 γέγονε
3101 4957 3411 5029 καινότερον
3458 4952 3595 5027 πρὸς
3637 4951 3742 5019 τήν
3789 4947 3864 5002 ὲν-

2227 5057 2516 5129 ισταμένην
2579 5053 2868 5108 ὑπόθεσιν
2920 5049 3011 5103 καὶ
3059 5046 3156 5100 ούκ
3214 5042 3412 5118 ἔχομεν
3451 5040 3622 5114 λέγειν
3675 5035 3766 5091 διὰ
3801 5036 3860 5088 τὸ

2221 5145 2347 5207 τοὺς
2379 5145 2704 5220 κρατοῦντας
2740 5141 2802 5195 τὸ
2844 5142 2933 5193 νῦν
2986 5134 3336 5212 φοσσατεύειν
3363 5151 3374 5164 ’
3430 5129 3575 5201 Πρὸς
3619 5127 3727 5201 γὰρ
3775 5126 3861 5178 τὸν

2226 5215 2482 5310 ἀρχιερέα
2512 5233 2563 5288 τί
2605 5230 2685 5286 δεῖ
2730 5230 2821 5285 καὶ
2877 5226 3076 5300 λέγειν,
3130 5225 3269 5297 μήτε
3311 5219 3471 5291 λόγον
3525 5215 3865 5310 διαπέμψαν-

2363 5305 2500 5397 μήτε
2550 5321 2803 5378 ἐθέλοντα
2849 5317 3014 5384 ἂκοήν
3073 5311 3486 5386 παραδέξασθαι,
3531 5305 3864 5377 ταμιευόμε-

2224 5435 2312 5468 νον
2341 5414 2516 5468 πάντα
2563 5412 2823 5484 Καίσαρις
2851 5433 2865 5477 ;
2897 5407 2957 5462 Ὁ
3007 5403 3109 5479 γὰρ
3141 5403 3325 5477 κύριος
3360 5396 3584 5469 Συμεὼν
3634 5394 3863 5484 appiane-

2230 5503 2541 5578 ρόγλωσσος
2567 5521 2580 5534 ο
2613 5503 2691 5564 πῆ
2728 5477 2820 5571 μὲν
2857 5477 3054 5562 οὕτως,
3086 5499 3161 5559 πῆ
3197 5488 3254 5545 δὲ
3282 5487 3470 5578 ἄλλως
3516 5477 3858 5578 μεταϐφλλῤ.

2231 5568 2422 5666 μενος·
2454 5589 2601 5660 πλὴν
2636 5589 2720 5643 ὅτι
2750 5585 2840 5642 ὰαὶ
2865 5582 3029 5639 πάλιν
3061 5582 3364 5653 συνήραμεν
3395 5575 3590 5649 λόγον,
3618 5572 3709 5627 καὶ
3759 5568 3859 5644 οὐχ

2229 5659 2508 5759 ύφήκαμεν
2553 5659 2652 5749 τῆς
2709 5673 3003 5746 ἀληθείας.
3055 5670 3157 5729 Καὶ
3209 5668 3399 5743 μικρὸν
3453 5663 3546 5740 μὲν
3597 5659 3857 5736 μαλάσσε-
