4084 6284
277 355 395 418 993

1554 348 2120 415 EPISTOLARUM
2161 349 2309 413 LIB.
2355 354 2404 417 Ι.

3565 364 3684 428 9-34

276 510 366 546 ται
398 507 414 522 ⁶
452 490 598 563 μένει
647 485 703 544 δὲ
735 489 762 542 6
815 485 998 552 αὐτὸς,
1032 484 1209 541 ἐκεῖνα
1252 488 1465 562 φρονῶν
1513 485 1604 540 καὶ
1654 488 1856 554 ζητῶν,
1889 480 1955 550 ’ἀι

2050 489 2230 542 autem
2254 487 2717 558 proficisceretur
2741 491 2872 564 pius
2907 493 3192 550 Dominus
3221 498 3436 564 noster,
3467 497 3678 556 iterum

277 578 438 658 ἐφετά
488 579 706 641 πάντως
751 581 870 640 τοῖς
915 580 1222 650 κρατοῦσιν.
1256 577 1342 630 Ἐν
1391 573 1448 630 δὲ
1488 579 1568 647 τῷ
1611 573 1920 648 ἐξέρχεσθαι

274 670 369 723 τὸν
400 664 592 737 εὐσεϐῆ
626 671 786 741 ἡμῶν
830 664 1094 735 δεσπότην
1143 663 1311 719 πάλιν
1352 664 1724 740 γεγράφαμεν,
1759 662 1921 731 ἐκζη-

275 759 545 826 τήσαντος
579 753 743 810 αὐτοῦ
768 759 939 810 τοῦτο
973 772 986 785 ·
1027 754 1117 808 καὶ
1149 753 1303 825 ὅμως
1337 753 1436 806 οὐκ
1475 755 1744 823 ἠθέλησεν
1778 755 1924 822 ἡμᾶς

279 847 356 904 εἰς
389 842 510 918 ὄψιν
542 846 707 900 αὐτοῦ
757 843 953 899 ἐλθεῖν.
990 846 1237 915 Μένομεν
1287 839 1342 897 δὲ
1384 848 1546 915 ἧμεῖς
1591 843 1641 896 οἱ
1672 843 1927 916 ἁμαρτω-

281 936 400 1002 λοὶ,
432 934 583 1008 εἷ’περ
614 939 874 1010 γρηγορεῖ
903 936 937 1002 ἡ
972 934 1111 1011 εὐχή
1154 931 1337 1005 ἡμῶν,
1369 931 1650 1000 ὡσαύτως,
1682 933 1756 1004 μή
1796 932 1928 1004 βου-

282 1028 511 1100 λόμενοι
544 1023 830 1099 πριδοῦναι
863 1025 961 1092 τήν
996 1024 1283 1093 ἀλήθειαν,
1319 1019 1460 1095 μηδὲ
1503 1026 1797 1096 μετασχεῖν
1826 1025 1926 1088 τῆς

284 1117 574 1177 κοινωνίας
624 1115 800 1169 αὐτῶν
837 1132 849 1145 '
903 1113 1000 1168 κᾶν
1053 1113 1236 1186 ἐξορία
1277 1111 1583 1188 πρόκειται,
1635 1113 1731 1167 κᾶν
1781 1109 1930 1186 ξίφος

282 1202 627 1275 στιλϐοῦται,
659 1204 757 1262 κᾶν
806 1203 913 1279 πῦρ
961 1204 1286 1274 ἀνάπτηται.
1326 1203 1478 1259 Ἀλλ’
1521 1203 1620 1257 οὐκ
1664 1202 1723 1256 ἂν
1768 1205 1928 1256 τοῦτο

284 1296 668 1370 δυνηθείημεν,
721 1297 928 1369 ἀνάξιοι
977 1297 1342 1374 τυγχάνοντες
1383 1299 1480 1350 τοῦ
1521 1295 1610 1349 καὶ
1663 1294 1932 1367 ὀνομάζε-

284 1394 410 1446 σθαι
469 1390 634 1464 μόνον
693 1390 973 1464 μοναχοί·
1029 1388 1073 1443 εἰ
1137 1390 1211 1461 μὴ
1263 1389 1525 1468 προ-σχὼν
1578 1388 1772 1461 Κύριος
1812 1391 1931 1448 ταῖς

287 1480 578 1556 ὑμετέραις
639 1480 808 1553 ἱεραῖς
866 1483 1203 1554 προσευχαῖς
1264 1475 1603 1550 δυναμῶσειε
1653 1476 1716 1530 τὸ
1772 1479 1933 1546 ἡμῶν

283 1569 502 1631 ἀσθενὲς
541 1569 632 1624 καὶ
685 1567 900 1642 σαρθόν.
936 1568 1027 1622 Διὸ
1076 1571 1426 1642 γρηγορεῖσε,
1477 1567 1712 1641 Πατέρες
1761 1566 1931 1639 ἅγιοι,

283 1660 363 1722 εἷς
413 1660 541 1715 αὐτὸ
587 1665 773 1732 τοῦτο,
809 1659 1067 1733 ὑμέτερον
1115 1658 1432 1731 ἡγούμενοι,
1484 1655 1614 1732 ὅπερ
1659 1655 1747 1711 καὶ
1799 1654 1932 1727 ἔστι,

284 1751 350 1805 τὸ
380 1749 708 1828 κοινωφελῖες
738 1745 1064 1823 πρόϐλημα.
1099 1754 1232 1804 Θεοῦ
1264 1747 1323 1803 δὲ
1361 1747 1604 1803 κελεύσει
1638 1747 1934 1822 ἐξερχόμε-

287 1861 383 1900 νος
435 1841 462 1894 ὁ
507 1837 939 1912 αἶ’δεσιμώτατος
982 1836 1216 1918 ἀδελφὸς
1265 1841 1449 1911 ἡμῶν,
1497 1836 1585 1891 καὶ
1640 1837 1933 1909 οἰκονόμος

283 1934 388 1998 τῆς
421 1928 574 2003 ἁγίας
608 1929 760 2001 ὑμῶν
818 1934 987 2000 μονῆς
1019 1927 1198 2001 ἀγάπῃ
1244 1929 1314 1992 τῇ
1348 1926 1617 1999 ἁγιωσύνῃ
1656 1946 1751 1979 σου
1784 1924 1932 1979 ἀντί-

284 2035 468 2092 γραφα
515 2019 624 2068 τῶν
676 2012 1112 2094 διαπεμφθεισῶν
1159 2012 1462 2069 ἐπιστολῶν
1523 2014 1659 2088 πρὸς
1710 2010 1932 2085 ἑκάτερα

285 2104 559 2179 πρόσωπα
592 2122 606 2137 ⁸
664 2101 754 2158 τίνα
809 2104 1085 2158 κάντεῦθεν
1146 2101 1520 2178 ἐναργέστερον
1602 2103 1935 2174 μανθάνουσα

286 2195 357 2250 τά
387 2195 506 2249 καθ’
536 2197 708 2268 ἡμᾶς,
732 2193 795 2249 τὸ
831 2195 924 2267 μὲν
958 2195 1137 2268 βοηθῇ
1169 2195 1478 2269 γράμμασι,
1500 2194 1562 2248 τὸ
1595 2190 1651 2247 δὲ
1671 2192 1934 2265 ἐπικουρῇ

288 2283 612 2358 ἱκετηρίαις.
651 2285 749 2340 Καὶ
800 2283 974 2338 ἄλλον
1024 2281 1081 2338 δέ
1125 2305 1244 2339 τινα
1292 2284 1735 2357 παρεθέμεθατῷ
1787 2279 1940 2336 ἀδελ-

290 2378 380 2451 φῷ
411 2373 578 2450 λόγον
613 2392 625 2405 ·
677 2374 878 2428 καύτὸν
909 2373 1124 2436 πάντως
1174 2374 1467 2450 ἀναγγελεῖ
1494 2373 1586 2427 καὶ
1639 2369 1935 2442 ἀποδώσει,

293 2463 530 2533 ὁπηνίκα
586 2464 776 2540 φθάσει
844 2461 975 2518 ἰδεῖν
1035 2465 1124 2517 τὸν
1186 2463 1369 2537 τίμιόν
1440 2485 1533 2518 σου
1593 2469 1936 2538 χαρακτῆρα.

295 2554 692 2628 Προσαγορεύει
742 2552 835 2607 σὺν
881 2556 1017 2625 ἡμῖν
1055 2553 1144 2608 καὶ
1195 2555 1222 2606 6
1270 2553 1723 2632 ἂρχίεπίσκοπος,
1758 2553 1786 2606 6
1836 2557 1942 2606 Κα-

295 2643 564 2716 λόγηρος,
594 2644 684 2698 καὶ
731 2643 756 2697 ὁ
807 2638 976 2704 ἀϐϐἆς
1022 2642 1293 2714 Λεόντιος,
1337 2644 1424 2697 καὶ
1475 2645 1509 2712 ἡ
1562 2643 1731 2710 λοιπὴ
1782 2643 1943 2713 ἡμῶν

297 2730 626 2805 ἀδελφότης.
687 2733 793 2801 Τὴν
855 2733 1014 2807 ἁγίαν
1069 2753 1164 2787 σου
1223 2730 1467 2787 συνοδίαν
1524 2736 1835 2806 προσειπεῖν
1892 2730 1942 2800 ἐξ

301 2824 337 2891 ἡ
347 2825 462 2894 μῶν
497 2821 848 2894 καταξίωσον.

532 3063 535 3066 ,
618 3007 733 3062 ΚΖ’.
777 3037 846 3050 --
881 3007 1098 3078 Νικήτᾳ
1137 3005 1428 3081 πατρικίῳ.
1473 3007 1633 3079 [μς’.]

2033 577 2401 648 scripsimus,
2436 579 2562 651 ipso
2594 581 2677 636 sic
2709 581 2966 640 volente":
3003 601 3108 640 nos
3139 601 3270 641 vero
3322 587 3380 640 in
3433 605 3681 662 conspe-

2033 672 2189 722 ctum
2222 686 2394 725 suum
2427 670 2621 726 venire
2645 672 2834 728 noluit
2863 673 3145 730 Craterum
3182 693 3284 732 nos
3315 685 3678 750 peccatores,

2031 757 2231 812 eodem
2263 759 2323 813 in
2356 767 2527 826 statu,
2566 760 2856 832 siquidem
2905 763 3150 835 vigilant
3215 783 3413 837 preces
3454 781 3682 842 vestris,

2037 847 2428 917 persistimus,
2464 850 2725 905 nolentes
2769 853 3010 922 prodere
3062 855 3379 924 veritatem,
3399 874 3503 913 nec
3548 877 3680 931 par-

2036 936 2240 1007 ticipes
2273 937 2507 993 illorum
2545 944 2973 998 communionis
3003 959 3169 1011 esse;
3205 948 3430 1002 etiamsi
3463 949 3684 1020 impon-

2040 1027 2170 1082 deat
2183 1027 2472 1095 exsilium,
2491 1027 2625 1082 licet
2641 1029 2878 1101 fulgeat,
2897 1032 3146 1101 gladius,
3165 1034 3460 1104 licetignis
3475 1054 3679 1094 accen-

2041 1116 2231 1170 datur.
2265 1115 2375 1170 Sed
2413 1117 2522 1171 hoc
2554 1123 2796 1188 praetare
2827 1120 2978 1175 haud
3016 1139 3308 1193 quaquam
3341 1128 3672 1196 possimus;

2043 1221 2177 1260 cum
2209 1205 2296 1260 vel
2331 1206 2454 1261 solo
2489 1207 2759 1263 monachi
2783 1209 3022 1266 nomine
3052 1211 3237 1268 simus
3268 1215 3495 1287 indigni
3523 1235 3538 1283 ;
3573 1219 3685 1274 nisi

2039 1311 2237 1350 sacras
2270 1313 2464 1367 preces
2481 1303 2702 1354 vestras
2719 1301 3026 1356 attendens
3044 1302 3349 1372 Dominus,
3373 1306 3449 1361 im
3459 1308 3678 1364 becilli-

2040 1391 2220 1442 tatem
2253 1391 2509 1445 nostram
2528 1389 3010 1463 fragilitatemque
3042 1395 3686 1462 corroboret.Quocirca

2042 1475 2100 1530 in
2149 1475 2258 1531 hoc
2306 1477 2498 1547 ipsum
2557 1478 2812 1550 vigitate,
2865 1481 3062 1538 Patres
3119 1487 3325 1554 sancti,
3359 1495 3681 1547 vestrarum

2043 1565 2302 1635 partium
2329 1567 2936 1636 esseducentes,sicut
2956 1571 3148 1642 reipsa
3187 1578 3293 1640 est,
3311 1592 3684 1636 communem

2045 1654 2354 1710 utilitatem
2417 1674 2803 1731 propugnare.
2833 1662 2943 1717 Deo
3003 1670 3195 1718 autem
3228 1673 3523 1724 annuente
3555 1685 3684 1738 pro-

2045 1744 2314 1800 ﬁciscens
2347 1749 2870 1806 reverendissimus
2902 1751 3080 1807 frater
3111 1758 3329 1822 noster,
3362 1760 3419 1811 et
3456 1774 3690 1815 oecono-

1965 1852 2012 1918 Β
2044 1849 2178 1889 mus
2191 1835 2377 1890 sancti
2393 1837 2728 1894 monasterii
2745 1839 2944 1906 vestri,
2960 1841 3276 1898 missarum
3292 1845 3362 1899 ad
3379 1849 3686 1918 utramque

2045 1940 2350 1994 personam
2373 1925 2745 1996 epistolarum
2768 1931 3124 2001 exemplaria
3138 1933 3355 1989 deferet
3385 1937 3684 1993 sanctitati

2043 2017 2192 2080 tum;
2224 2018 2287 2068 ut
2321 2030 2388 2069 ex
2419 2015 2512 2070 his
2546 2033 2636 2072 res
2668 2023 2892 2074 nostras
2943 2019 3261 2077 dilucidius
3312 2039 3684 2095 cognoscens,

2046 2104 2254 2174 partim
2288 2104 2496 2162 litteris
2527 2109 2776 2178 adjuvet,
2821 2110 3028 2180 partim
3063 2113 3332 2183 procibus
3354 2122 3679 2174 succurrat.

2044 2191 2170 2248 Alia
2199 2197 2465 2265 quaedam
2482 2203 2756 2268 praeterea
2774 2199 2933 2254 fratri
2948 2203 3353 2259 commisimus
3375 2222 3506 2276 quae
3525 2207 3681 2262 haud

2047 2282 2223 2338 dubie
2269 2287 2561 2341 nuntiabit
2581 2292 2636 2342 et
2682 2294 2945 2359 exponet,
2982 2307 3111 2346 cum
3174 2292 3226 2346 ei
3293 2296 3681 2352 venerandam

2051 2372 2256 2427 faciem
2284 2378 2444 2429 tuam
2503 2375 2693 2432 videre
2751 2377 3071 2450 contigerit.
3107 2380 3334 2437 Salutat
3382 2385 3690 2441 nobiscum

2049 2458 2226 2515 etiam
2259 2463 2745 2534 archiepiscopus,
2762 2465 3095 2537 Calogerus,
3113 2472 3168 2523 et
3199 2470 3378 2526 abbas
3403 2473 3696 2536 Leontius,

2050 2552 2107 2604 et
2137 2551 2325 2605 caeteri
2359 2552 2561 2608 fratres
2591 2555 2794 2609 nostri.
2829 2556 3051 2611 Sanctae
3109 2562 3540 2632 congregationi
3582 2567 3697 2618 tuae

2053 2638 2303 2695 salutem
2336 2657 2368 2696 a
2397 2642 2566 2698 nobis
2599 2643 2792 2700 dicere
2822 2644 3101 2716 digneris.

2453 3000 2680 3057 XXVII.
2715 3033 2784 3042 —
2813 3002 3019 3060 Νἱσθικ
3044 3005 3302 3075 patricio.

1178 3153 1294 3209 Cur
1314 3169 1541 3210 comam
1574 3153 1699 3210 suis
1723 3153 2047 3226 praeciderit
2082 3169 2094 3208 :
2130 3152 2188 3206 id
2210 3150 2378 3220 juxta
2407 3164 2659 3205 canones
2687 3149 2830 3205 ﬂeri.

371 3268 506 3331 Τοὺς
543 3270 636 3342 μὲν
665 3267 870 3333 ἄλλους
914 3271 1081 3349 τυχὸν
1112 3271 1276 3348 χάρις
1327 3271 1636 3344 ἀνθρωπίνη
1687 3265 1948 3324 ἀναϐιϐά-

2130 3269 2283 3326 Alios
2297 3269 2536 3340 quidem
2553 3267 2795 3323 fortasse
2824 3268 3014 3340 gratia
3030 3269 3334 3328 hominum
3366 3289 3703 3343 promovere

303 3364 409 3428 ζειν
439 3358 670 3435 πέφυκεν
701 3357 788 3414 ἐπὶ
835 3361 897 3414 τὸ
927 3359 1061 3433 ὕψος
1108 3364 1215 3414 τῶν
1252 3361 1598 3433 ἀξιωμάτων.
1633 3360 1698 3414 Σὲ
1740 3357 1796 3414 δὲ
1839 3362 1946 3413 τῶν

301 3443 682 3504 εὐσεϐέστατον
716 3449 804 3504 καὶ
849 3449 1218 3522 παμπόθητον
1251 3452 1411 3522 ἡμῶν
1461 3447 1747 3519 δεσπότην,
1783 3449 1946 3522 ἀρετὴ

304 3539 381 3599 ὡς
413 3536 656 3608 ἀληθῶς,
689 3539 778 3593 καὶ
824 3537 884 3593 οὐ
914 3540 1077 3614 χάρις
1121 3560 1225 3608 τις,
1255 3538 1514 3614 ἀνήγαγεν
1567 3538 1618 3592 ἐν
1669 3542 1750 3610 τῷ
1797 3538 1950 3612 μεγέ-

304 3630 385 3681 θει
407 3632 512 3682 ’τοῦ
555 3627 884 3700 ἀξιώματος,
917 3628 978 3682 οὐ
1014 3629 1105 3699 μὲν
1158 3627 1249 3682 οὖν
1285 3630 1421 3682 κατά
1447 3649 1565 3683 τινα
1593 3629 1816 3704 χρόνον,
1858 3626 1947 3681 καὶ

303 3715 357 3770 ἐν
415 3721 511 3788 μιᾷ
559 3715 768 3789 ἐξουσίᾳ
803 3734 816 3747 ·
869 3715 1015 3772 ἀλλά
1051 3715 1137 3771 δια
1186 3717 1381 3778 παντὸς
1425 3718 1514 3770 καὶ
1565 3716 1615 3770 ἐν
1659 3715 1897 3778 πολλαῖς
1932 3735 1944 3748 ·

301 3804 488 3878 ὥσπερ
527 3807 650 3860 τινὰ
694 3807 897 3880 ’χρυσὸν
951 3807 1469 3881 μεταχειριζομένη,
1520 3807 1609 3861 καὶ
1650 3805 1724 3867 εἷς
1775 3806 1949 3861 πάντα

303 3895 548 3950 ὁντινοῦν
577 3895 782 3968 κόσμον
831 3899 900 3969 τῇ
934 3890 1141 3949 εὐσεϐεῖ
1187 3897 1348 3967 ἡμῶν
1405 3894 1659 3970 βασιλείᾳ
1699 3891 1946 3969 προϐαλ-

301 3983 536 4056 λομένη.
573 3985 668 4038 Καὶ
715 3985 781 4038 τά
830 3986 1129 4061 πράγματα
1181 3981 1342 4054 δῆλα,
1375 3983 1471 4038 κᾶν
1518 3987 1681 4056 ἡμεῖς
1729 3987 1804 4056 μή
1856 3982 1949 4039 λέ-

298 4093 505 4147 γωμεν.
540 4075 701 4128 ’Ὠστε
746 4074 835 4128 καὶ
867 4075 929 4128 τὸ
969 4078 1059 4127 νῦν
1111 4073 1412 4148 ἀξιολόγως
1460 4075 1511 4128 οἱ
1560 4072 1949 4147 Χριστομίμη-

297 4183 387 4216 τοι
417 4164 576 4235 ἡμῶν
625 4162 890 4237 βασιλεῖς,
921 4163 1330 4238 ἀντιπρόσωπον
1373 4170 1473 4233 τῆς
1523 4163 1724 4218 ἑαυτῶν
1773 4162 1946 4219 καλο-

296 4251 561 4325 καγαθίας
593 4251 775 4307 ἔθεσάν
807 4273 864 4307 σε
913 4251 962 4307 ἐν
1004 4251 1221 4313 ταύταις
1268 4257 1388 4314 ταῖς
1421 4252 1652 4328 ἡμέραις
1699 4251 1832 4327 τῇδε
1880 4257 1947 4326 τῇ

303 4339 667 4416 βασιλευούσῃ
720 4341 901 4398 πόλει.
935 4340 1082 4411 Αὕτη
1118 4341 1256 4396 ἐστὶν
1307 4341 1439 4415 ὑπὲρ
1468 4348 1566 4411 τῆς
1614 4342 1947 4419 πεμφθείσης

297 4430 674 4506 προσηγορίας
703 4433 848 4505 παρά
893 4439 991 4501 τῆς
1029 4427 1296 4494 εὐσεϐείας
1346 4452 1439 4486 σου
1477 4432 1539 4485 τὸ
1588 4435 1676 4485 νῦν
1720 4429 1808 4485 διὰ
1853 4433 1948 4486 τοῦ

294 4523 777 4600 γραμματηφόρου
828 4523 1355 4599 ἀντιπροσφώνησις.
1408 4521 1510 4578 Καί
1556 4543 1615 4594 γε
1671 4522 1866 4597 Κύριος
1919 4523 1946 4576 ὁ

2060 3360 2207 3416 solet
2237 3360 2305 3414 ad
2331 3357 2560 3414 culmen
2577 3357 2918 3428 dignitatem
2939 3378 2952 3426 ;
2971 3367 3021 3414 te
3051 3376 3183 3415 vero
3206 3361 3501 3432 piisimum
3517 3382 3582 3422 ac
3599 3367 3703 3422 de-

2061 3448 2551 3504 sideratissimum
2569 3447 2882 3502 Dominum
2903 3454 3169 3505 nostrum
3202 3468 3317 3506 non
3352 3454 3537 3523 gratia
3560 3457 3701 3527 ulla,

2059 3539 2154 3593 sed
2187 3553 2383 3592 revera
2411 3536 2593 3592 virtus
2619 3537 2689 3592 ad
2724 3536 3118 3608 amplissimos
3183 3539 3435 3598 honores
3498 3547 3704 3609 evexit,

2061 3643 2177 3682 non
2211 3626 2410 3695 utique
2441 3627 2509 3680 ad
2545 3630 2777 3696 tempus
2809 3625 3067 3698 aliquod,
3095 3644 3279 3698 neque
3311 3630 3369 3685 in
3403 3649 3522 3688 una
3553 3641 3710 3706 pote-

2060 3720 2238 3784 state;
2274 3716 2370 3770 sed
2432 3720 2730 3786 perpetuo,
2765 3719 2820 3771 et
2878 3716 2933 3770 in
2996 3717 3222 3786 multis,
3246 3735 3489 3777 sumens
3548 3727 3603 3779 te
3641 3723 3704 3781 in

2061 3822 2268 3860 manus
2299 3806 2462 3876 quasi
2482 3821 2690 3860 aurum
2715 3806 3034 3877 quoddam,
3058 3814 3112 3862 et
3134 3811 3201 3862 ad
3235 3825 3470 3865 omnem
3502 3814 3702 3884 cujus-

2058 3895 2329 3965 quemodi
2361 3899 2634 3950 ornatum
2668 3894 2759 3964 pio
2791 3895 3035 3966 imperio
3086 3902 3286 3953 nostro
3345 3916 3698 3970 proponens.

2060 3984 2376 4040 Manifestis
2404 3989 2540 4039 sunt
2570 4001 2657 4040 res
2702 3985 2860 4056 ipsae,
2894 3984 3066 4039 etiam
3114 3987 3448 4043 tacentibus
3508 3991 3699 4047 nobis.

2060 4077 2422 4144 Quapropter
2465 4075 2736 4145 praeclare
2769 4090 2924 4129 nunc
2951 4075 3126 4130 etiam
3160 4077 3457 4132 Christum
3490 4079 3703 4136 imitati

2060 4163 2436 4234 imperatores
2465 4163 2669 4231 nostri,
2702 4163 2920 4218 eximiae
2946 4181 3062 4218 suae
3089 4166 3395 4235 probitatis
3426 4169 3700 4226 aemulum

2059 4256 2388 4308 statuerunt
2417 4257 2475 4306 te
2519 4251 2608 4307 bis
2652 4253 2857 4308 diebus
2918 4252 3089 4323 regis;
3138 4253 3272 4308 huic
3303 4254 3538 4311 civitati.
3576 4257 3707 4314 Haec

2060 4359 2164 4414 pro
2197 4343 2549 4398 transmissa
2577 4359 2730 4397 nunc
2763 4360 2796 4398 a
2828 4345 3040 4413 pietate
3073 4348 3170 4400 tua
3199 4361 3302 4416 per
3333 4348 3704 4406 tabellarium

2061 4432 2408 4489 salutatione
2447 4432 2802 4488 resalutatio.
2836 4434 2904 4488 Et
2934 4435 3170 4506 quidem
3210 4438 3502 4493 custodiat
3548 4445 3601 4496 te
3646 4441 3707 4497 in

2061 4530 2356 4592 posterum
2392 4522 2672 4576 Dominus
2704 4521 2858 4577 Deus
2891 4527 3084 4578 noster
3125 4524 3322 4580 anima
3364 4530 3420 4582 et
3466 4545 3705 4600 corpore

297 4613 432 4674 Θεὸς
463 4615 623 4684 ἡμῶν
654 4610 1000 4688 διαφυλάξειέ
1047 4635 1104 4667 σε
1135 4614 1388 4686 ἀπήμονα
1419 4616 1572 4688 ψυχῇ
1622 4633 1677 4666 τε
1710 4612 1799 4667 καὶ
1834 4614 1946 4666 σώ-

2058 4609 2413 4665 incolumem
2431 4611 2488 4665 in
2511 4610 3017 4667 administratione
3042 4612 3271 4683 imperii
3290 4619 3345 4668 et
3367 4618 3700 4685 potestatis:

299 4721 433 4775 ματι
465 4703 599 4776 πρὸς
627 4703 690 4756 τὸ
723 4702 867 4774 ἑξῆς,
902 4702 952 4756 ἐν
1002 4707 1081 4774 τῷ
1114 4700 1302 4777 ἄρχειν
1334 4723 1392 4756 τε
1433 4702 1523 4756 καὶ
1575 4701 1898 4772 ἐξουσιάζειν
1934 4722 1948 4735 ·

294 4791 376 4851 ὡς
408 4788 468 4844 ἂν
515 4791 619 4844 ὐπῦ
651 4795 782 4846 Θεοῦ
833 4813 915 4846 σοι
966 4789 1033 4846 δι’
1083 4792 1256 4846 αὐτῶν
1310 4795 1416 4846 τῶν
1459 4790 1794 4866 πραγμάτων
1850 4811 1950 4863 με-

298 4879 644 4954 μαρτύρηται
691 4883 724 4950 ἡ
784 4879 992 4953 ἐξούσία
1053 4879 1317 4938 δεδόσθαι.
1368 4878 1595 4949 Ἐπειδή
1658 4877 1713 4934 δὲ
1773 4877 1951 4955 φειδοῖ

292 4975 400 5038 τῆς
449 4969 825 5030 ταπεινώσεως
872 4972 1032 5042 ἡμῶν
1091 4969 1256 5043 (οὕτω
1309 4970 1410 5044 γάρ
1464 4966 1814 5041 πιστεύομεν,
1859 4979 1946 5021 και

293 5057 399 5112 οὐκ
419 5054 652 5127 ἄλλως),
685 5055 950 5132 διελέχθη
985 5080 1080 5112 σου
1109 5061 1142 5128 ἡ
1178 5053 1422 5112 εὐσέϐεια
1450 5061 1527 5129 τῷ
1557 5054 1801 5130 ἀδελφῷ,
1824 5059 1946 5130 περί

287 5153 396 5215 τῆς
443 5145 744 5208 ὑποθέσεως
792 5153 899 5201 τῶν
948 5153 1157 5227 τριχῶν
1208 5151 1372 5202 τοῦτο
1421 5147 1511 5200 καὶ
1562 5145 1729 5200 έκεῖνο
1780 5167 1945 5217 ποιη-

292 5238 506 5291 σάντων
545 5238 705 5308 ἡμῶν
741 5257 752 5268 ⁸
806 5239 892 5291 καὶ
947 5238 1021 5300 ὡς
1067 5235 1184 5292 δέον
1229 5238 1318 5290 καὶ
1369 5236 1553 5311 καιρὸν
1607 5238 1939 5304 σκοπεῖσθαι,

289 5327 387 5382 καὶ
438 5331 730 5388 κανονικῶς
785 5326 1059 5402 πράττειν,
1105 5327 1194 5382 καὶ
1239 5327 1290 5381 ἐν
1347 5332 1464 5389 τοῖς
1518 5325 1739 5389 οἷ’κείοις
1789 5325 1940 5402 ὅροις

295 5414 477 5489 μένειν
515 5434 527 5446 ·
609 5412 792 5485 ἐπειδή
871 5416 960 5470 καὶ
1048 5415 1392 5490 πατριάρχης
1474 5413 1942 5490 προκαθεζόμενος

291 5501 449 5560 ὧδε·
505 5501 722 5573 τάληθῆ
782 5505 1226 5582 ἀπολογούμεθα.
1290 5504 1562 5581 Πρότερον
1639 5505 1936 5580 ἀπευχαρι-

293 5597 549 5656 στοῦντες
607 5594 742 5667 αὐτῇ
779 5614 791 5626 ’
853 5595 935 5650 ὅτι
992 5597 1235 5650 πονοῦσα
1305 5594 1414 5649 ἐστι
1493 5592 1582 5651 καὶ
1653 5591 1932 5666 κηδομένη

293 5689 402 5740 τῶν
436 5685 551 5740 καθ’
602 5685 768 5758 ἡμᾶς.
811 5687 907 5742 Καὶ
960 5684 1100 5744 δέον.
1145 5683 1373 5760 Ἰδίωμα
1415 5687 1518 5761 γὰρ
1566 5683 1697 5740 αὐτὸ
1746 5688 1931 5752 τοῦτο,

2060 4705 2125 4754 ut
2157 4716 2246 4755 res
2280 4700 2425 4770 ipsae
2456 4700 2785 4756 testimonio
2802 4703 2938 4767 sint,
2961 4707 3306 4772 potestatem
3325 4720 3356 4757 a
3379 4705 3700 4763 Dendatam

2060 4789 2258 4845 fuisse.
2275 4788 2552 4852 Quoniam
2570 4794 2759 4844 autem
2775 4789 2835 4844 in
2850 4790 3190 4847 humilitatis
3205 4797 3416 4848 nostra
3434 4796 3702 4867 gratiam,

2059 4879 2143 4934 sic
2174 4879 2330 4934 enim
2389 4879 2775 4946 credimus,et
2832 4897 2947 4935 non
2999 4880 3186 4950 aliter,
3221 4881 3409 4953 pietas
3450 4888 3550 4940 tua
3573 4903 3706 4943 cum

2059 4969 2231 5024 fratre
2263 4972 2461 5023 nostro
2492 4968 2777 5025 collocuta
2808 4973 2916 5038 est,
2951 4986 3078 5039 nos,
3114 4971 3172 5025 in
3215 4987 3280 5027 eo
3313 4973 3467 5043 quod
3499 4975 3569 5028 ad
3603 4992 3707 5032 ca-

2058 5056 2226 5127 pillos
2264 5057 2488 5124 attinet,
2523 5058 2631 5113 hoc
2661 5065 2714 5113 et
2737 5058 2879 5114 illud
2912 5059 3136 5128 egisse;
3171 5064 3228 5116 et
3249 5062 3403 5132 quod
3437 5067 3697 5134 oporteat

2055 5151 2286 5218 tempus
2312 5148 2704 5216 considerare,
2736 5154 2790 5205 et
2823 5151 3142 5206 secundum
3203 5169 3456 5209 canones
3505 5171 3691 5227 agere,

2053 5245 2225 5310 atque
2256 5239 2412 5294 intra
2446 5239 2711 5310 proprios
2752 5239 2972 5296 limites
3013 5242 3348 5313 consistere,
3381 5261 3517 5300 cum
3567 5246 3696 5302 istic

2054 5327 2381 5398 patriarcha
2405 5329 2713 5399 praesideat
2743 5347 2756 5396 ;
2789 5346 2922 5384 vera
2961 5332 3388 5404 respondemus
3422 5351 3434 5388 :
3478 5336 3702 5404 gratias

2052 5415 2210 5485 prius
2235 5422 2470 5488 agentes
2486 5423 2596 5473 tuae
2615 5418 2836 5488 pietati,
2855 5419 3010 5489 quod
3026 5422 3198 5476 rebus
3216 5423 3428 5477 nostris
3443 5425 3705 5482 studium

2049 5505 2104 5557 et
2131 5517 2335 5558 curam
2369 5504 2690 5575 impendat.
2710 5505 2780 5560 Et
2811 5505 3128 5562 decet.Hoc
3159 5507 3313 5561 enim
3340 5508 3531 5578 ipsum
3549 5527 3707 5565 sum-

2048 5608 2158 5648 ma)
2179 5593 2339 5649 illius
2365 5611 2540 5666 quam
2559 5595 2944 5666 praedicamus
2966 5596 3242 5654 bonitatis
3257 5601 3370 5652 tua:
3391 5599 3692 5670 proprium

2045 5686 2134 5737 est
2196 5683 2440 5754 ejusque
2498 5690 2924 5756 argumentum.
2985 5685 3066 5742 Ac
3115 5685 3357 5741 fortasse
3455 5695 3689 5759 propter
