4084 6284
479 375 597 435 995

1719 364 1785 422 S.
1830 354 2226 420 THEUDORI
2271 355 2635 418 STUDITE

3739 358 3842 418 996

481 504 972 579 propinquitatem
1007 500 1314 574 peculiaris
1335 497 1573 570 quidam
1607 511 1719 567 prie
1766 491 1988 549 caeteris
2038 492 2118 546 fa:

2241 486 2330 540 καὶ
2392 485 2661 562 μαρτυρία
2734 489 2832 551 τῆς
2885 488 3059 563 ⁵ἧσπερ
3124 485 3524 564 ἀναγγέλλομέν
3598 508 3689 542 σου
3755 509 3844 543 κα-

485 596 666 652 fectus
698 610 819 650 esse
853 592 1045 648 debet.

556 789 732 857 Leges
765 800 899 856 ergo
931 781 1137 838 divinae
1168 782 1329 847 sunt,
1353 776 1607 843 domine,
1641 781 1695 831 et
1716 788 1967 830 canones
1988 772 2124 845 qui-

483 877 594 932 bus
624 875 853 931 ducitur
910 870 1176 943 quisquis
1223 871 1497 940 pietatem
1547 864 1705 932 colit,
1756 864 1967 935 quibus
2017 877 2125 918 nec

485 968 618 1023 addi
650 966 967 1037 quidquam
1002 964 1082 1017 fas
1111 965 1220 1028 est,
1256 975 1359 1015 nec
1392 956 1640 1014 detrahi.
1674 956 1743 1012 Hi
1781 972 1885 1011 nos
1917 955 2120 1018 etiam,

486 1056 697 1113 millies
744 1054 880 1110 licet
930 1068 1210 1116 erremus,
1246 1053 1303 1105 et
1349 1047 1478 1105 aliis
1516 1047 1577 1102 in
1609 1046 1803 1116 rebus,
1835 1050 1892 1101 et
1922 1045 1982 1100 in
2014 1044 2124 1099 hac

489 1144 894 1217 capillatorum
953 1158 1153 1209 causa,
1187 1139 1474 1194 inhibent.
1508 1137 1578 1192 Et
1627 1137 2118 1207 quemadmodum

486 1234 744 1307 potentia
763 1238 866 1288 tua
897 1231 1126 1303 piorum
1146 1229 1527 1283 Dominorum
1546 1230 1878 1281 nostrorum
1899 1228 2123 1281 statuta

486 1327 789 1381 observare
829 1322 1044 1387 studet,
1091 1335 1247 1374 nunc
1285 1316 1602 1372 incidentia
1647 1316 1920 1382 referens,
1965 1330 2122 1369 nunc

486 1414 769 1484 imperata
796 1426 1136 1479 exsequens,
1168 1407 1592 1476 includensque
1614 1409 1671 1460 et
1702 1403 2034 1472 eliminans,
2070 1409 2124 1457 el

488 1511 851 1568 quascunque
881 1494 990 1549 alia
1021 1492 1358 1562 contingunt
1391 1488 1612 1544 nullius
1654 1487 1898 1543 reverita
1930 1501 2125 1557 perso-

487 1603 621 1642 nam
682 1600 867 1653 neque
910 1597 1146 1654 parvam
1205 1593 1394 1650 neque
1437 1592 1755 1646 magnam:
1790 1576 1941 1648 quod
1965 1575 2122 1630 enim

484 1675 666 1733 semel
698 1673 936 1740 audivit,
970 1675 1027 1726 et
1055 1672 1405 1740 imperatum
1433 1672 1546 1734 est,
1578 1665 1819 1737 implere
1852 1664 2123 1730 festinat;

484 1780 617 1820 cum
652 1761 977 1835 periculum
1009 1759 1086 1815 sit
1119 1774 1233 1814 non
1253 1757 1393 1825 leve,
1422 1755 1722 1828 paululum
1757 1754 2014 1820 differre;
2039 1752 2125 1808 sic

484 1834 751 1916 ergopac
784 1841 968 1896 multo
1002 1839 1203 1910 magis,
1235 1839 1404 1893 nobis
1449 1836 1546 1908 qui
1580 1834 1895 1892 sacerdotio
1929 1835 2123 1905 fungi-

487 1942 640 1992 mur,
657 1923 849 1994 majus
869 1928 925 1977 et
950 1920 1292 1977 damnosius
1306 1924 1394 1975 est
1416 1916 1891 1991 periculum,non
1925 1918 2127 1971 omnia

486 2006 735 2078 explere,
767 2021 896 2076 quae
941 2022 973 2059 a
1004 2019 1136 2075 rege
1180 2002 1583 2058 universorum
1643 2005 1757 2056 Deo
1788 2015 1888 2069 per
1931 2014 2124 2053 sacros

487 2102 736 2143 canones
765 2090 823 2141 et
853 2085 1080 2140 divinos
1101 2085 1296 2139 Patres
1325 2082 1546 2138 sancita
1596 2085 1753 2135 sunt.
1786 2081 1942 2146 Quod
1988 2094 2123 2134 vero

488 2181 834 2250 praeceptum
881 2176 959 2231 sit
1014 2174 1301 2241 divinum,
1358 2172 1545 2244 primo
1593 2171 1829 2243 quidem
1873 2168 2123 2224 declarat

487 2265 796 2337 Apostolus
820 2265 900 2333 7‘;
936 2264 1145 2319 deinde
1187 2261 1641 2317 Constitutiones
1669 2259 1748 2313 πε
1784 2263 1907 2314 tum
1941 2257 2123 2329 Chry-

486 2366 781 2411 sostomus
828 2352 897 2419 ⁷⁷,
932 2359 1196 2408 astruens
1254 2356 1549 2423 peccatum
1591 2351 1652 2406 in
1684 2350 1948 2405 confesso
1977 2363 2125 2413 esse,

484 2443 535 2500 ei
566 2443 651 2498 vir
679 2458 904 2498 comam
948 2441 1063 2497 alat
1098 2457 1109 2494 :
1147 2443 1384 2495 demum
1441 2444 1654 2495 sanctae
1703 2435 1915 2510 Synodi
1947 2441 2120 2491 sextae

488 2549 672 2587 canon
704 2532 748 2566 ⁷⁸
777 2529 1431 2587 excommunicationem
1464 2529 1538 2584 iis
1587 2527 1686 2598 qui
1735 2543 1850 2581 non
1898 2526 2127 2580 obtem-

486 2624 690 2691 perant
727 2619 1020 2675 indicens:
1056 2636 1228 2692 quem
1253 2636 1368 2675 una
1399 2618 1670 2673 misimus
1704 2620 1768 2671 ut
1798 2615 1905 2670 hoc
1928 2614 2125 2669 audito

494 2714 805 2781 cognoscat
833 2725 934 2763 nos
950 2713 1277 2780 peccatores
1298 2711 1459 2763 extra
1480 2721 1734 2761 canones
1763 2703 1907 2758 nihil
1933 2720 1958 2755 a
1968 2718 2121 2775 gere.

486 2798 681 2868 Neque
710 2814 817 2852 nos
843 2797 1084 2853 canonis
1130 2796 1304 2866 hujus
1336 2802 1630 2867 compotes
1672 2810 1826 2849 nunc
1875 2792 2123 2863 primum

489 2887 622 2941 facti
655 2902 885 2955 sumus,
919 2887 1040 2951 sed,
1074 2888 1296 2941 dudum
1332 2902 1344 2942 ε
1379 2886 1556 2958 idque
1614 2888 1978 2956 perspectum
2020 2880 2127 2935 fuit

487 2977 828 3049 precedenti
866 2978 1039 3033 etiam
1074 2977 1431 3049 patriarchae.
1463 2975 1606 3032 Nam
1640 2980 1696 3032 et
1744 2982 2129 3047 congruenter

489 3066 656 3121 nobis
687 3065 914 3121 locutus
944 3072 1050 3131 est,
1084 3084 1196 3122 non
1230 3067 1564 3137 increpans;
1592 3065 1687 3137 qui
1722 3065 1876 3120 enim
1911 3068 2131 3134 poterat

486 3161 745 3212 exstante
776 3171 994 3212 canone
1020 3156 1047 3210 ‘?
1075 3157 1170 3211 sed
1199 3157 1551 3228 approbans,
1584 3160 1641 3210 et
1683 3155 1919 3211 canonis
1950 3154 2120 3209 etiam

2234 574 2568 652 λοκαγαθίας
2602 597 2617 610 ο
2665 576 2811 655 τάχα
2843 573 2898 630 δὶ
2940 576 3030 631 καὶ
3072 573 3159 631 διὰ
3208 578 3304 645 τὴν
3352 576 3662 652 ἀγχιστείαν
3710 579 3844 654 ὀφεί-

2235 664 2319 721 λει
2348 686 2429 728 τις
2460 666 2595 721 εἶναι
2629 663 2918 741 ἷδικωτέρα
2947 668 3094 740 παρᾶ
3121 664 3247 729 τοὺς
3277 663 3483 728 ἄλλους
3515 663 3753 728 διάθεσις.

2304 750 2485 828 Νόμοι
2537 758 2847 829 τοιγαροῦν,
2894 755 2939 808 ὧ
2997 751 3248 824 δέσποτα,
3298 756 3456 825 θεῖοι,
3503 755 3591 809 καὶ
3645 756 3842 819 κανόνες

2233 838 2365 894 εἰσὶν
2398 840 2449 893 οἱ
2483 837 2707 915 ἄγοντες
2736 839 2909 895 πάντα
2956 840 3046 894 τὸν
3080 835 3399 894 εὐσεϐοῦντα
3432 859 3444 870 ·
3477 840 3602 913 παρ’
3644 842 3730 899 οἷς
3759 841 3846 894 οὐκ

2233 923 2372 982 ἔστιν
2423 925 2548 984 οὕτε
2606 928 2916 1004 πρόσθεσιν,
2968 924 3089 983 οῦτε
3145 927 3329 1005 ὕφεσιν
3360 929 3649 984 ποιεῖσθαι.
3700 928 3845 984 Αὐτοὶ

2233 1017 2320 1070 καὶ
2370 1018 2519 1089 ἡμᾶς
2567 1016 2692 1078 τοὺς
2737 1015 3046 1086 ταπεινοὺς,
3096 1017 3141 1071 εἰ
3190 1017 3279 1071 καὶ
3331 1015 3580 1090 μυριάκις
3626 1015 3845 1093 σφαλλό-

2238 1107 2389 1180 μεθα,
2424 1106 2560 1179 πρὸς
2607 1112 2725 1167 ταῖς
2756 1105 2955 1167 ἅλλάις
3008 1106 3310 1171 ὑποθέσεσι,
3360 1106 3450 1158 καὶ
3494 1105 3568 1166 εἷς
3616 1105 3710 1172 τὴν
3754 1108 3847 1159 τῶν

2231 1195 2550 1268 κομώντων,
2612 1195 2852 1270 ἴσχουσι.
2909 1196 3004 1250 Καὶ
3056 1193 3236 1269 ὥσπερ
3294 1197 3329 1265 ἡ
3389 1193 3597 1264 ἐξουσία
3651 1215 3742 1248 σου
3792 1196 3848 1249 τὰ

2233 1282 2625 1360 διατεταγμένα
2680 1285 2816 1358 πρὸς
2887 1289 2992 1339 τῶν
3064 1280 3293 1340 εὐσεϐῶν
3370 1286 3529 1355 ἡμῶν
3591 1281 3842 1338 δεσποτῶν

2232 1371 2517 1452 φυλάττειν
2575 1372 2992 1450 διαγωνίζεται·
3053 1380 3129 1441 πῆ
3193 1375 3288 1447 μὲν
3347 1372 3746 1449 ἀναγγέλλουσα
3792 1375 3849 1427 τὰ

2230 1457 2617 1536 συμϐαίνοντα,
2697 1469 2772 1532 πῆ
2858 1460 2913 1517 δὲ
2997 1461 3349 1536 ἐκπληροῦσα
3438 1462 3505 1517 τὰ
3596 1481 3845 1536 προστασ-

2234 1552 2432 1625 σόμενα
2466 1573 2477 1585 ·
2561 1550 2815 1628 εἷ’ργουσά
2886 1573 2944 1607 τε
3015 1554 3103 1607 καὶ
3178 1552 3532 1629 ἀφορίζουσα,
3610 1552 3697 1606 καὶ
3763 1553 3847 1606 ὅσα

2234 1641 2378 1696 ἄλλα
2454 1637 2830 1714 έπισυμϐαίνει
2872 1661 2884 1673 ·
2974 1641 3038 1696 οὑ
3124 1638 3519 1714 δυσωπουμένη
3606 1640 3850 1715 πρόσωπά

2233 1751 2352 1785 τινα
2401 1731 2535 1802 [ms.
2589 1731 2728 1802 Reg.
2779 1729 3061 1805 προσώπῳ
3110 1728 3286 1803 τινῖ.],
3337 1725 3461 1784 οῦτε
3512 1729 3697 1803 μικρὰ,
3743 1727 3851 1783 οὔτε

2238 1817 2450 1894 μεγάλα
2485 1838 2496 1850 ·
2559 1818 2693 1889 ἅπαξ
2762 1818 2865 1893 γὰρ
2941 1819 2969 1872 ὃ
3026 1818 3227 1887 ἤκουσε
3280 1817 3371 1873 καὶ
3447 1815 3724 1888 ἐνετᾶλθη,
3774 1817 3849 1871 ἐκ·

2232 1905 2482 1981 πληροῦν
2530 1904 2948 1962 κατασπεύδεται
2984 1926 2995 1938 ο
3028 1903 3268 1969 κίνδυνος
3316 1907 3418 1981 γὰρ
3459 1904 3566 1982 οῦχ
3614 1907 3640 1961 6
3684 1906 3848 1980 τυχὼν

2230 1996 2327 2051 κᾶν
2384 1998 2519 2071 πρὸς
2582 1996 2774 2068 μικρὸν
2836 1991 3233 2051 ἀναϐάλλεσθαι
3269 2014 3282 2028 ”

2231 2084 2431 2158 πολλῷ
2466 2084 2677 2159 μᾶλλον
2709 2084 2789 2162 ἐφ’
2832 2087 2968 2158 ἡμῖν
3007 2091 3123 2147 τοῖς
3173 2084 3407 2160 λαχοῦσι
3457 2086 3523 2141 τὸ
3565 2085 3849 2159 ἱερατεύειν,

2236 2174 2432 2248 μείζων
2465 2175 2553 2229 καὶ
2600 2174 2993 2250 ὀλεθριώτερος
3027 2175 3053 2228 ὁ
3104 2171 3370 2236 κίνδυνος.
3408 2176 3484 2247 μὴ
3534 2175 3853 2249 ἆποπεραιώ-

2233 2285 2340 2319 σειν
2389 2264 2563 2318 πάντα
2607 2265 2675 2316 τὰ
2724 2260 2812 2317 διὰ
2857 2267 2962 2317 τῶν
3016 2262 3174 2317 θείων
3221 2263 3481 2333 κανόνων,
3540 2264 3635 2318 καὶ
3686 2265 3850 2318 θεσπε-

2233 2351 2363 2407 σίων
2412 2353 2682 2427 Πατέρων,
2733 2352 2879 2426 παρᾶ
2920 2356 3015 2406 τοῦ
3069 2350 3334 2426 βασιλέως
3380 2357 3485 2407 τῶν
3537 2352 3686 2408 ὅλων
3738 2356 3851 2407 Θεοῦ

2231 2441 2696 2516 προστασσόμενα.
2758 2443 2879 2496 Ὅτι
2934 2438 2990 2494 δὲ
3046 2439 3373 2515 πρόσταγμα
3430 2442 3601 2510 θεῖον,
3659 2446 3849 2517 πρῶτον

2238 2532 2330 2605 μὲν
2365 2536 2589 2609 φανεροῖ
2619 2531 2646 2585 6
2677 2528 3016 2591 Ἀπόστολος
3050 2548 3063 2560 ’
3109 2527 3291 2585 ἔπειτα
3322 2532 3376 2585 αἱ
3408 2527 3674 2601 διατάξεις
3705 2550 3716 2562 ο
3761 2530 3853 2584 εἶτα

2234 2621 2262 2674 6
2292 2619 2678 2691 Χουσόστομος
2713 2638 2724 2649 ·

3342 1995 3487 2050 οὕτω
3544 1995 3717 2051 τοίνυν
3773 1994 3850 2049 καὶ

2778 2617 3185 2688 κατασκευάζων
3236 2619 3451 2693 ἁμάρτη
3462 2640 3540 2691 μα
3571 2617 3854 2691 ὁμολογού-

2238 2729 2394 2780 μενον
2427 2708 2563 2762 εἶναι
2592 2708 2654 2762 τὸ
2685 2712 2858 2780 κομᾷν
2891 2705 3018 2767 τοὺς
3050 2705 3245 2780 ἄνδρας
3277 2727 3288 2738 ·
3331 2708 3643 2762 τελευταῖον
3678 2709 3705 2763 ὁ
3731 2708 3857 2780 παρὰ

2231 2800 2300 2869 τῇ
2347 2793 2476 2870 ἕκτῃ
2528 2795 2657 2872 ἁγίᾳ
2706 2793 2915 2866 συνόδῳ
2962 2797 3161 2866 κανὼν,
3213 2798 3571 2870 προστάσσων
3626 2798 3714 2851 καὶ
3767 2797 3859 2869 ἄφ-

2237 2884 2463 2957 ορισμὸν
2488 2888 2602 2945 τοῖς
2636 2885 2711 2956 μὴ
2760 2882 3105 2956 πειθομένοις
3138 2903 3150 2915 °
3202 2884 3260 2938 ’ὃν
3292 2884 3381 2937 καὶ
3421 2882 3715 2939 ἀπέστειλα
3747 2904 3758 2915 ·
3782 2880 3860 2936 ’ἱνα

2236 2973 2506 3044 αὐτήκοος
2531 2971 2818 3046 γενομένη,
2851 2972 3009 3046 γνοίη
3058 2970 3228 3045 μηδὲν
3259 2974 3407 3044 ἡμᾶς
3444 2975 3576 3035 τοὺς
3622 2975 3861 3047 ἁμαρτω-

2237 3063 2369 3125 λοὺς
2415 3063 2777 3124 ἄκανονίπως
2823 3066 3019 3118 ποιεῖν.
3052 3062 3245 3136 Ἡμεῖς
3296 3060 3353 3116 δὲ
3402 3062 3601 3117 τούτου
3647 3066 3738 3117 τοῦ
3783 3081 3861 3115 κα-

2234 3154 2386 3214 νόνος
2437 3153 2539 3206 οὐκ
2586 3152 2891 3224 έπικρατεῖς
2948 3154 3040 3205 νῦν
3103 3150 3421 3228 γεγόναμεν,
3468 3149 3620 3208 ἀλλᾶ
3665 3150 3859 3206 πᾶλαι·

490 3244 841 3300 mentionem
877 3262 908 3299 ιι
938 3261 1028 3300 me
1062 3245 1269 3301 factam
1327 3261 1455 3301 esse
1508 3244 1708 3300 dicens
1743 3263 1756 3300 :
1790 3258 2125 3315 quanquam

2241 3241 2329 3297 καὶ
2360 3242 2598 3315 γνωστὸν
2648 3239 2838 3317 γέγονε
2885 3238 3085 3311 καὶτῷ
3132 3238 3577 3314 προηγησαμένῳ
3625 3239 3862 3314 πατριάρ-

489 3332 673 3388 auditi
704 3350 819 3389 non
847 3333 1298 3390 sumus.Verum
1320 3336 1390 3390 de
1421 3334 1858 3406 dispensatione
1890 3334 2126 3405 quidem

492 3422 645 3477 haud
677 3423 822 3478 satis
853 3428 1049 3479 exacte
1074 3425 1223 3494 apud
1277 3423 1471 3497 ipsum
1531 3423 1982 3481 disserebamus.
2013 3422 2129 3478 Nos

490 3526 620 3566 vero
651 3511 935 3569 hactenus
964 3513 1021 3567 in
1076 3514 1230 3569 hunc
1288 3515 1524 3569 modum
1566 3514 1979 3585 transegimus,
2014 3529 2127 3567 non

492 3599 724 3670 publice
756 3602 929 3656 verba
962 3604 1271 3671 facientes;
1304 3604 1443 3674 quia
1464 3603 1722 3673 episcopi
1748 3619 1858 3657 non
1894 3618 2129 3657 sumus:

492 3689 593 3742 sed
627 3689 684 3742 in
721 3690 953 3760 propria
979 3690 1624 3756 Ecclesiaexcuhantes,
1647 3692 1787 3763 quia
1809 3691 2131 3748 sacerdotio

494 3776 812 3849 fungimur,
833 3793 900 3834 ac
933 3781 1090 3835 nefas
1118 3785 1207 3836 est
1235 3796 1443 3852 corpus
1466 3787 1522 3835 et
1537 3783 1878 3851 sanguinem
1901 3781 2132 3835 Domini

495 3868 675 3921 nostri
707 3867 847 3921 Jesu
880 3868 1091 3924 Christi
1126 3870 1451 3941 prodereiis
1473 3871 1568 3942 qui
1596 3870 1897 3924 manifeste
1919 3869 2117 3923 obstri-

495 3958 573 4010 cti
608 3962 746 4011 sunt
782 3964 1016 4028 peccato
1051 3976 1064 4012 :
1098 3964 1154 4013 et
1184 3960 1454 4030 quisquis
1506 3958 1602 4014 ille
1655 3959 1749 4025 sit,
1803 3975 1914 4013 non
1976 3957 2130 4023 novi,

496 4045 605 4100 nisi
638 4048 1102 4102 emendationem
1153 4048 1473 4118 promittat.
1497 4048 1800 4104 Enimvero
1851 4047 2051 4103 multis
2081 4055 2135 4101 et

496 4132 851 4189 indulsimus
873 4141 930 4189 et
958 4136 1333 4206 indulgemus
1364 4137 1436 4191 ad
1468 4154 1643 4191 unam
1680 4153 1861 4208 usque
1882 4141 1937 4191 et
1989 4137 2134 4191 alte-

494 4234 618 4272 ram
650 4222 1161 4277 commonitionem
1183 4222 1270 4278 vel
1291 4225 1463 4278 etiam
1490 4223 1750 4278 tertiam:
1776 4223 1926 4292 quod
1940 4228 2132 4278 autem

498 4307 773 4376 amplius,
808 4310 1179 4381 negligentia,
1211 4316 1269 4366 et
1307 4327 1594 4367 canonum
1636 4312 1991 4384 contemptio
2022 4317 2134 4379 est,

497 4394 585 4450 vel
615 4395 713 4451 Dei
749 4398 939 4466 potius
962 4415 994 4453 a
1025 4416 1136 4468 quo
1161 4402 1378 4456 conditi
1408 4407 1566 4456 sunt.
1602 4400 1730 4456 Hec
1757 4408 1845 4457 est
1876 4401 2134 4457 defensio

499 4490 723 4549 nostra,
754 4485 1019 4554 Domine,
1043 4488 1198 4557 apud
1228 4488 1509 4544 illustrem
1534 4489 1932 4544 excellentiam
1951 4495 2134 4554 tuam;

2242 3351 2317 3406 χῃ
2353 3350 2367 3366 ⁸
2401 3331 2514 3386 ἐπεὶ
2548 3332 2637 3386 καὶ
2689 3327 2944 3405 διελέχθη
2981 3331 3143 3401 ἡμῶν
3190 3332 3253 3383 τὰ
3284 3329 3467 3384 εἰκότα
3500 3349 3514 3363 '
3575 3332 3676 3386 οὐκ
3720 3330 3859 3404 ἐγκαο

2240 3421 2375 3488 λῶν,
2410 3418 2537 3475 ἀλλ’
2581 3416 2990 3493 ἀποδεχόμενος
3025 3438 3038 3450 ·
3091 3422 3207 3481 πῶς
3238 3420 3336 3493 γὰρ
3388 3417 3447 3473 ἂν
3480 3420 3573 3475 καὶ
3625 3417 3860 3488 ἠδύνατο,

2240 3512 2466 3572 κανόνος
2496 3509 2788 3581 κειμένου;
2838 3506 3016 3585 λέγων
3048 3528 3106 3561 τε
3154 3508 3238 3562 δτι
3286 3504 3479 3582 γέγονε
3521 3509 3690 3581 κάμοὶ
3742 3505 3859 3562 ὑπό-

2245 3620 2442 3672 μνησις
2471 3598 2594 3673 περὶ
2625 3597 2820 3652 τούτου
2855 3617 2867 3630 ο
2900 3594 2998 3651 κᾶν
3049 3596 3146 3651 οὐκ
3182 3596 3518 3667 ἠκοόσμεθα.
3553 3595 3709 3653 Ἀλλ’
3745 3594 3860 3650 ἐκεί-

2241 3711 2318 3761 νῳ
2353 3690 2445 3761 μὶν
2478 3690 2576 3757 τὴν
2629 3685 2946 3758 οἰκονομίαν
2979 3686 3080 3741 οῦκ
3117 3681 3643 3762 ἠκριϐολογούμεθα
3674 3706 3687 3718 ’
3718 3688 3859 3758 ἡμεῖς

2245 3776 2300 3832 δὲ
2328 3775 2431 3839 ἕως
2471 3780 2568 3831 τοῦ
2614 3780 2703 3830 νῦν
2746 3774 2888 3829 οὕτω
2939 3772 3262 3847 διήλθομεν,
3313 3775 3381 3828 οὐ
3434 3771 3717 3847 δημοσίως
3766 3770 3861 3825 δια-

2242 3866 2562 3941 γορεύοντες
2597 3884 2609 3896 ’
2668 3864 2781 3919 ἐπεὶ
2860 3860 3001 3937 μηδὲ
3057 3861 3462 3935 ἐπισκοποῦμεν
3498 3882 3510 3894 ο
3574 3862 3627 3918 ἐν
3702 3861 3755 3917 δὲ
3804 3864 3859 3931 τῇ

2246 3954 2419 4025 οἰκείᾳ
2468 3952 2765 4022 Ἐκκλησία
2815 3951 3238 4031 φυλαττόμενοι,
3297 3950 3435 4007 διότι
3485 3952 3818 4027 ἱερατεύομεν
3847 3968 3858 3979 ⁸

2244 4046 2333 4100 καὶ
2364 4044 2623 4117 προέσθαι
2651 4045 2714 4097 τὸ
2744 4047 2903 4113 σῶμα
2930 4045 3020 4096 καὶ
3052 4043 3193 4115 αἷμα
3216 4046 3311 4096 τοῦ
3345 4043 3547 4116 Κυρίου
3588 4045 3742 4116 ἡμῶν
3769 4042 3863 4107 Ἰη-

2246 4138 2346 4188 σοῦ
2376 4136 2614 4206 Χριστοῦ
2646 4131 2697 4185 έν
2728 4135 2845 4191 τοῖς
2878 4129 3348 4205 ὁμολογουμένως
3378 4133 3762 4205 κρατουμένοις
3790 4128 3862 4202 ὑφ’

2244 4224 2661 4296 ἁμαρτήματος,
2685 4218 2794 4296 οὐχ
2816 4220 2930 4273 οἷόν
2951 4219 3010 4273 τέ
3029 4218 3159 4274 ἐστι.
3190 4217 3293 4274 Κᾶν
3327 4221 3607 4274 ὁστιστοῦν
3622 4220 3858 4293 τυγχάνῃ,

2245 4311 2343 4366 οὐκ
2373 4308 2495 4364 οἶδα
2518 4328 2531 4340 ·
2564 4310 2610 4363 εἷ
2645 4311 2720 4382 μὴ
2754 4307 3155 4384 ἐπαγγέλλεται
3184 4309 3284 4378 τὴν
3315 4306 3629 4383 διόρθωσιν.
3652 4309 3743 4363 Καὶ
3774 4307 3861 4382 γὰρ

2244 4398 2481 4460 πολλοῖς
2512 4399 2601 4453 καὶ
2634 4400 3096 4476 συνεχωρήσαμεν
3122 4399 3214 4452 καὶ
3241 4404 3682 4477 παραχωροῦμεν
3718 4398 3860 4469 μέχρι

2249 4496 2375 4561 μιᾶς
2408 4487 2495 4542 καὶ
2542 4485 2790 4560 δευτέρας
2824 4489 3207 4559 ὑπομνήσεως,
3236 4487 3273 4556 ἢ
3320 4488 3408 4542 καὶ
3438 4488 3629 4563 τρίτης
3662 4508 3674 4520 ·
3722 4487 3779 4539 τὸ
3817 4483 3863 4536 δὲ

502 4589 679 4645 quam
714 4589 1039 4645 precamur.
1074 4582 1139 4631 ut
1194 4593 1542 4649 quocunque
1596 4579 2128 4650 fama‘pervaserit,

2242 4577 2429 4647 πλέον,
2489 4574 2803 4656 ἀδιαφορία,
2853 4587 2943 4629 καί
3001 4581 3109 4631 τῶν
3169 4575 3406 4632 κανόνων
3464 4576 3862 4655 καταφρόνησις,

500 4668 777 4734 tanquam
813 4680 1133 4734 precamur,
1157 4674 1216 4721 ut
1245 4682 1588 4738 quocunque
1620 4670 1771 4722 fama
1802 4667 2134 4739 pervaserit,

500 4756 804 4822 receptura
841 4766 947 4818 est,
990 4757 1391 4812 convenientia
1442 4763 1733 4829 suggerat.
1774 4756 1935 4819 Quod
1980 4757 2131 4812 enim

501 4856 677 4895 manu
705 4847 903 4897 nostra
933 4844 1253 4915 quidquam
1270 4844 1364 4901 hic
1380 4845 1548 4900 alicui
1573 4848 1901 4908 fecerimus,
1924 4847 2139 4901 redicu-

501 4929 624 4985 lum
657 4935 744 4985 est
763 4930 851 4985 vel
873 4933 1026 4988 credi
1058 4934 1129 4987 ab
1164 4933 1282 4989 ullo
1304 4934 1403 5004 qui
1442 4935 1649 5003 sapiat.
1718 4934 1889 4988 Nullo
1947 4935 2134 4990 modo.

502 5020 610 5076 Sed
645 5023 1035 5095 quodcunque
1064 5023 1393 5095 egimus,id
1423 5040 1554 5078 cum
1578 5025 1732 5079 omni
1763 5026 2141 5080 obtestatione

502 5111 777 5183 omnique
833 5112 1238 5180 recipientium
1292 5112 1704 5181 approbatione
1769 5120 1990 5181 gestum
2031 5120 2139 5183 est,

504 5208 623 5254 tum
658 5204 715 5255 et
744 5200 991 5254 crinium
1023 5201 1346 5270 amputatio
1377 5202 1436 5255 in
1469 5200 1539 5255 iis
1571 5200 1672 5271 qui
1719 5203 2138 5271 propemodum

503 5288 733 5358 cingulo
766 5293 938 5343 tenus
968 5287 1180 5342 comati
1210 5293 1394 5355 erant,
1428 5295 1703 5359 tanquam
1739 5291 2017 5345 socordiae
2039 5292 2144 5347 de-

504 5375 641 5442 diti;
673 5391 743 5431 ne
780 5376 1075 5430 videamur
1103 5379 1191 5429 vel
1224 5376 1517 5431 tantillum
1550 5393 1581 5430 a
1603 5394 1824 5433 canone
1881 5380 2144 5436 recedere

507 5472 687 5534 utque
717 5464 854 5519 hinc
877 5463 1118 5519 fortasse
1138 5463 1334 5534 aliqua
1365 5464 1465 5521 fiat
1479 5467 1547 5521 ad
1581 5466 1819 5522 meliora
1850 5468 2144 5525 instaura-

2251 4666 2462 4741 μᾶλλον
2518 4665 2574 4721 δὶ
2623 4669 2781 4738 Θεοῦ,
2833 4666 2958 4740 παρ’
3004 4666 3065 4720 οὗ
3112 4663 3392 4737 ἐδόθησαν.
3445 4667 3592 4736 Αὕτη
3641 4668 3792 4739 ἡμῶν
3833 4663 3862 4727 ἡ

2246 4754 2540 4830 ἀπολογία,
2593 4753 2849 4820 δέσποτα,
2902 4755 3039 4829 πρὸς
3095 4756 3194 4824 τήν
3247 4755 3488 4834 ὑπερφυῆ
3546 4770 3646 4809 σου
3694 4755 3864 4824 ὑπερο-

2244 4847 2378 4920 χήν.
2416 4844 2511 4900 Καὶ
2560 4844 2789 4915 δεόμεθα
2839 4842 3005 4912 αὐτῆς
3040 4844 3283 4918 ὅπουπερ
3330 4842 3390 4898 ἂν
3424 4842 3652 4919 έπιῤῥυῇ
3701 4841 3864 4914 λόγος,

2247 4935 2312 4986 τὰ
2345 4930 2533 4987 δέοντα
2581 4932 2656 4992 ὡς
2709 4932 2811 4986 ὑπὸ
2860 4935 2998 4986 Θεοῦ
3051 4931 3447 5004 ἀνακρινομένη
3479 4933 3567 4986 καὶ
3624 4932 3866 5003 μισθαπο·

2250 5019 2550 5095 δοτουμένη
2605 5016 2918 5076 ὑποϐαλεῖν.
2954 5020 3083 5094 Περὶ
3112 5022 3215 5096 γὰρ
3263 5025 3359 5076 τοῦ
3389 5020 3472 5075 ὅτι
3516 5020 3663 5099 χειρὶ
3705 5016 3867 5083 ἒποιή·

2251 5131 2412 5181 σαμεν
2460 5113 2621 5183 ἡμεῖς
2672 5107 2898 5163 ἐνταῦθά
2941 5129 3071 5176 τινι,
3105 5108 3325 5185 γελοῖόν
3376 5108 3486 5165 ἔστι
3535 5110 3597 5163 τὸ
3643 5104 3862 5161 πιστεύεε

2249 5203 2367 5254 σθαι
2400 5200 2537 5273 πρὸς
2568 5218 2712 5261 τινος
2758 5202 2864 5252 τῶν
2922 5198 3350 5274 εὐφρανούντων.
3386 5196 3674 5270 Οὐδαμῶς.
3710 5188 3867 5251 Ἀλλᾶ

2250 5292 2312 5345 τὸ
2370 5292 2498 5366 παρ’
2549 5291 2709 5362 ἡμῶν
2773 5288 2906 5360 μετὰ
2955 5288 3132 5359 πάσης
3178 5288 3596 5363 παρακλήσεως,
3640 5286 3726 5341 καὶ
3775 5285 3862 5338 τῶν

2251 5378 2711 5456 καταδεχομένων
2769 5378 2901 5448 μετὰ
2946 5376 3124 5445 πάσης
3176 5378 3612 5454 συγκαταθέσεως
3657 5374 3825 5449 γέγονε
3852 5386 3863 5399 '

2256 5469 2345 5523 καὶ
2384 5468 2507 5522 τότε
2555 5466 3015 5539 ἀκρωτηριασμὸς
3059 5471 3168 5522 τῶν
3218 5467 3651 5540 ὑπερκομώντων
3699 5458 3866 5535 σχεδὸν

576 5642 626 5678 ⁷⁵
651 5644 779 5701 Cor.
810 5660 891 5711 ιι,
925 5645 1011 5700 14.
1087 5644 1137 5679 ⁷⁸
1167 5645 1362 5703 Const.
1397 5653 1578 5718 apost.
1613 5648 1713 5704 lib.
1748 5666 1936 5723 r,cap.
1968 5652 2022 5708 3.
2098 5652 2145 5688 ⁷⁷
2174 5653 2230 5709 S.
2257 5652 2560 5725 Chrysost.
2592 5652 2651 5706 in
2682 5649 2704 5705 ι
2735 5650 2855 5706 Cor.
2934 5649 2979 5685 7°
3001 5650 3138 5723 Syn.
3172 5650 3505 5708 Trull.can.
3536 5649 3625 5708 96.
