4084 6284
296 337 416 398 997

1575 344 2133 414 EPISTULARUM
2176 353 2324 418 LIB.
2374 358 2424 422 Ι.

3591 387 3709 450 998

301 471 470 548 μέχρι
531 473 765 542 ζώσεως.
826 474 914 528 καὶ
978 471 1576 549 καταϐλακευομὲνων·
1630 479 1914 580 τίνα-δόξω

2056 487 2158 542 tio.
2193 491 2304 546 Ora
2335 507 2494 564 ergo,
2527 495 2780 568 domine,
2815 506 2878 556 ut
2903 503 3063 574 juste
3095 511 3152 562 et
3178 516 3378 580 pacate
3411 532 3517 572 nos
3546 521 3698 577 viva-

302 582 395 634 μεν
434 566 632 638 μικρόν
659 586 712 618 τι
752 568 853 619 τοῦ
883 565 1100 626 κανόνος
1136 566 1210 637 μή
1254 565 1584 622 ἀποπίπτειν
1612 589 1623 600 ·
1675 573 1762 625 καὶ
1808 570 1944 634 ’ίσως

296 649 358 705 ἐκ
398 651 596 707 τούτου
641 649 862 728 γένηταί
911 674 993 714 τις
1043 655 1179 726 πρὸς
1231 655 1293 709 τὸ
1328 654 1546 728 βέλτιον
1569 656 1945 734 ἐπαναδρομή.

297 735 481 815 Εῧχου
533 740 736 812 τοίνυν,
796 741 841 795 ὦ
901 739 1153 812 δέσποτα,
1209 740 1451 816 ἒννόμως
1510 746 1596 800 καὶ
1659 747 1949 822 εἰρηνικῶς

297 830 446 902 ἡμᾶς
509 834 638 903 ζῇν·
699 827 1035 902 συμϐάλλων
1095 831 1184 886 καὶ
1241 832 1306 887 τὰ
1363 835 1490 907 παρ’
1531 835 1721 892 ἑαυτοῦ
1779 837 1829 893 ἐν
1889 845 2004 903 τοῖς
2074 846 2190 899 καθ’
2243 847 2392 919 ἡμᾶς
2443 851 2577 906 κατὰ
2650 854 2710 907 τὸ
2769 853 3030 912 δυνατόν·

298 919 606 994 συμμεθέξῃ
642 922 676 990 ἡ
707 921 864 993 τιμία
895 942 989 974 σου
1021 923 1173 996 ψυχὴ
1206 926 1303 976 τοῦ
1333 923 1526 978 καλοῦ.

583 1017 704 1068 KE'.
738 1043 806 1052 ——
838 1010 1109 1083 Βάσιλείῳ
1153 1012 1445 1084 μονάζοντι
1479 1016 1635 1089 [μζ’.]

2063 581 2544 655 mus,etiamqua2
2570 590 2672 642 tua
2703 595 2842 644 sunt
2873 595 3176 654 conferens
3210 599 3265 654 in
3300 609 3516 663 nostris
3532 611 3706 670 rebus

2061 670 2246 738 quoad
2287 676 2445 740 potes
2471 689 2484 728 :
2512 679 2574 729 ut
2605 676 2654 730 si
2687 679 2824 748 quid
2858 682 2962 736 erit
3009 689 3172 755 recti,
3207 693 3496 767 particeps
3545 700 3619 756 sit
3651 709 3708 758 et

2064 757 2260 812 anima
2293 763 2391 814 tua
2421 768 2757 821 reverenda.

3084 860 3178 918 ’ίνα
3235 864 3324 923 ἐάν
3371 891 3422 926 τι
3481 875 3701 950 ἀγαθὸν,

2435 1031 2676 1090 XXVIII.
2703 1067 2772 1077 ——-
2793 1039 2996 1096 Basilio
3029 1047 3314 1106 monacho.

1325 1113 1520 1178 Purgat
1549 1129 1606 1164 se
1637 1116 1701 1166 de
1741 1117 2036 1196 schismate.
2074 1124 2284 1185 (Baron.
2324 1141 2410 1177 an.
2442 1128 2552 1187 808,
2585 1145 2638 1180 n.
2668 1133 2772 1196 26.)

371 1185 697 1260 Ἐδεξάμεθά
746 1208 842 1242 σου
883 1187 947 1242 τὰ
986 1188 1286 1263 γράμματα
1331 1198 1431 1260 τῆς
1478 1191 1775 1270 ἀδελφικῆς
1824 1194 1941 1270 ἀγά-

294 1298 425 1346 πης,
456 1280 548 1331 καὶ
604 1275 981 1349 ἐθαυμάσαμεν
1043 1278 1130 1332 ἐπὶ
1182 1283 1250 1353 τῇ
1294 1282 1460 1354 ἀθρόᾳ
1508 1279 1788 1358 μεταϐολῇ
1842 1284 1938 1340 αὒ-

290 1372 412 1433 τῆς.
445 1365 518 1420 Τὰ
559 1367 653 1438 μὲν
695 1365 932 1439 πρότερα
961 1364 1070 1436 (ίνα
1117 1369 1183 1422 τὰ
1231 1366 1378 1424 ἄλλα
1405 1367 1546 1424 ἐάσω
1580 1371 1804 1448 λεγειν),
1839 1374 1937 1430 οὐκ

293 1454 554 1527 ἀναγκαῖα
610 1453 737 1508 ὄντα
789 1456 921 1508 κατὰ
967 1457 1030 1510 τὸ
1089 1458 1524 1531 παριστάμενονο
1578 1462 1780 1541 Ἰωσὴφ
1837 1463 1933 1518 τοῦ

291 1541 587 1614 οἰκονόμου
631 1542 960 1617 κατηγορίαν
1013 1546 1188 1622 εἶχον,
1231 1548 1302 1606 ὡς
1361 1554 1542 1610 κακῶς
1597 1550 1932 1614 εἰσελθόντος

288 1632 461 1686 αὐτοῦ
493 1631 565 1691 εἰς
614 1633 713 1699 τήν
745 1631 1095 1702 Ἐκκλησίαν.
1125 1637 1196 1689 Τὰ
1247 1634 1302 1689 δὲ
1353 1634 1572 1713 δεύτερα
1617 1641 1930 1697 τούναντίον

288 1721 540 1776 ἆθώωσιν
600 1719 927 1794 ἐμφαίνοντα
987 1723 1308 1782 παντάπασι,
1373 1728 1468 1781 Καὶ
1531 1729 1558 1781 6
1617 1730 1706 1783 τὸν
1777 1730 1934 1787 αὐτὸν

286 1812 426 1864 κατὰ
474 1811 536 1864 τὸ
586 1810 717 1864 αὐτὸ
775 1815 1022 1884 πρᾶγμα,
1068 1812 1200 1866 ποτὲ
1255 1815 1346 1885 μὲν
1393 1815 1646 1884 ἐπαινῶν,
1697 1821 1831 1875 ποτε
1880 1821 1937 1877 δὲ

286 1901 505 1973 ψὲγωνο
558 1897 587 1951 6'
632 1919 684 1952 τι
736 1896 880 1973 λέγει
931 1920 1013 1960 τις
1059 1907 1168 1955 τῶν
1238 1901 1422 1975 ἁγίων,
1471 1909 1752 1979 γινώσκειν
1793 1910 1934 1987 ὀφεί-

287 1987 371 2043 λει
405 1991 438 2056 ἡ
469 1982 742 2043 θεοσεϐειά
773 2009 886 2043 σου.
928 1987 1080 2043 Ἀλλ’
1111 1987 1248 2044 ἔστω
1277 1997 1439 2048 τοῦτο
1486 1993 1562 2056 εἷς
1596 1994 1772 2066 οὐδὲν,
1806 2000 1934 2053 καί-

291 2097 394 2151 περ
426 2075 828 2150 ἐναντιολογίας
866 2077 924 2130 ὃν
955 2073 1202 2152 ὄφλημα.
1235 2081 1292 2134 Τί
1321 2079 1375 2136 δὲ
1426 2084 1508 2136 ὅτι
1561 2083 1730 2146 οὕτως
1777 2087 1934 2162 ἀκρί-

284 2187 396 2228 τως
435 2166 750 2239 προήχθης,
794 2165 923 2238 πρίν
984 2163 1326 2238 ἐξεταστικῆς
1395 2171 1483 2225 καὶ
1545 2175 1934 2248 μαθηματικῆς

282 2255 474 2327 πείρας
532 2253 911 2332 ἀποφήνασθαι
971 2257 1108 2311 κατὰ
1178 2264 1278 2326 τῆς
1333 2261 1711 2324 ταπεινώσεως
1769 2269 1930 2340 ἡμῶν

281 2345 717 2418 ἂποσχοινισμὸν
775 2350 873 2413 τῆς
931 2347 1046 2399 καθ’
1099 2347 1245 2417 ἡμᾶς
1303 2349 1652 2419 Ἐκκλησίας,
1693 2356 1783 2409 καὶ
1844 2354 1932 2412 διὰ

279 2440 445 2490 τοῦτο
510 2433 987 2506 ἀναθεματισμόνς
1053 2438 1302 2512 Πρόσεχε
1382 2447 1610 2515 σεαυτῷ,
1673 2447 1833 2522 φησὶν
1901 2449 1928 2502 ὁ

284 2525 494 2602 λόγος·
544 2525 654 2593 καὶ,
699 2525 829 2598 Πρὶν
879 2524 1159 2595 ἐξετάσεις,
1199 2530 1272 2600 μὴ
1329 2532 1552 2606 μέμψῃ·
1606 2536 1716 2601 καὶ,
1771 2544 1926 2613 Πρῶ.

283 2635 376 2668 τον
452 2614 680 2679 νόησον,
735 2613 824 2668 καὶ
901 2615 1024 2668 τότε
1099 2615 1342 2690 ἒπιτίμα.
1404 2621 1549 2690 Αὐτή
1634 2624 1690 2680 δὲ
1764 2629 1930 2699 μηδὲν

285 2703 495 2758 τούτων
567 2705 1016 2775 παρατηρήσασα,
1081 2705 1220 2778 μηδὲ
1315 2708 1756 2788 ὑπολογισαμένη
1845 2718 1926 2772 ὅτι

286 2791 538 2865 πρόσεστι
571 2792 658 2845 καὶ
692 2794 826 2865 ἡμῖν
860 2792 1073 2856 πάντως
1104 2797 1166 2850 τὸ
1215 2797 1350 2852 κατᾶ
1400 2798 1560 2876 λόγον
1607 2801 1780 2880 λέγειν
1837 2809 1927 2863 καὶ

289 2882 536 2953 πράττειν
562 2900 572 2912 ’
609 2880 781 2942 οὕτως
815 2883 889 2942 ὡς
928 2882 1274 2948 ἀπαιδεύτοις
1306 2888 1392 2942 καὶ
1426 2889 1651 2965 ἀλόγοις
1698 2894 1787 2949 καὶ
1836 2896 1928 2972 ἀρ-

2121 1205 2464 1275 Accepimus
2498 1210 2724 1268 litteras
2757 1216 3018 1274 fraternae
3045 1226 3155 1278 tuae
3178 1225 3500 1301 charitatis,
3523 1236 3700 1294 mira-

2049 1291 2212 1361 tique
2227 1311 2432 1352 sumus
2453 1301 2816 1370 repentinam
2837 1307 2963 1376 ejus
2979 1315 3378 1374 mutationem.
3398 1321 3692 1384 Prioribus

2046 1379 2336 1452 siquidem
2367 1388 2578 1458 verbis,
2613 1396 2677 1446 ut
2707 1398 2911 1451 caetera
2942 1399 3144 1457 sileam
3163 1421 3292 1475 qua:
3322 1410 3391 1464 ad
3421 1428 3540 1467 rem
3577 1417 3686 1471 mi-

2045 1485 2156 1526 nus
2183 1476 2761 1552 necessaria,Joseph
2773 1500 2866 1538 um
2887 1502 3254 1548 (economum
3271 1501 3612 1573 accusabas,
3633 1512 3695 1563 ut

2044 1561 2144 1631 qui
2176 1578 2476 1633 perperam
2502 1567 2580 1622 sit
2603 1571 2902 1642 ingressus
2921 1575 2979 1631 in
3005 1577 3342 1640 Ecclesiam.
3365 1587 3691 1650 Posteriori-

2046 1647 2155 1702 bus
2177 1651 2346 1719 plane
2375 1654 2742 1714 innocentem
2784 1667 3149 1725 ostendebas.
3198 1674 3263 1726 Et
3296 1677 3391 1745 qui
3423 1647 3690 1740 eumdem

2045 1736 2100 1791 in
2136 1741 2336 1794 eadem
2368 1760 2426 1797 re
2459 1762 2616 1802 nunc
2643 1747 2872 1818 laudas,
2909 1771 3064 1811 nunc
3095 1760 3390 1832 vituperas
3420 1785 3434 1835 ;
3471 1774 3622 1841 quod
3658 1792 3691 1829 a

2047 1829 2291 1898 quodam
2351 1842 2690 1892 sanctorum
2741 1840 2963 1898 dictum
2993 1851 3100 1914 est,
3126 1829 3271 1906 scire
3303 1829 3691 1931 debet.pietas

2046 1925 2159 1971 tua.
2198 1919 2300 1974 Sed
2363 1938 2466 1992 pro
2528 1926 2708 1983 nihilo
2767 1930 2823 1984 id
2856 1932 3158 2006 habeatur,
3194 1947 3460 2011 quamvis
3489 1919 3689 2021 aperta

2043 2007 2113 2062 sit
2170 2012 2578 2070 contradictio.
2620 2016 2798 2079 Quale
2829 2037 2958 2077 vero
3016 2025 3162 2082 illud
3209 2007 3319 2099 est,
3354 2039 3507 2106 quod
3528 2007 3681 2097 laden

2042 2095 2467 2155 inconsiderate
2487 2114 2787 2172 provectus
2808 2125 2890 2177 es,
2909 2115 2994 2179 ut,
3030 2117 3370 2190 priusquam
3389 2128 3688 2186 examina-

2043 2204 2134 2242 res
2191 2194 2247 2243 et
2301 2200 2495 2249 exacte
2544 2211 2937 2271 cognosceres,
2969 2206 3243 2265 adversus
3291 2211 3684 2277 humilitatem

2042 2283 2301 2334 nostram
2345 2287 2807 2351 pronuntiaveris
2859 2291 3270 2355 discessionem
3321 2303 3391 2358 ab
3434 2305 3688 2368 Ecclesia

2043 2375 2259 2435 nostra,
2298 2384 2364 2424 ac
2404 2373 2646 2440 proinde
2676 2380 3236 2443 anathematismum
3268 2389 3296 2444 ‘I
3325 2393 3553 2452 Attende
3581 2400 3687 2455 tibi

2040 2456 2234 2526 ipsi”,
2269 2459 2663 2531 aitScriptura
2691 2483 2713 2533 ·;
2748 2471 2805 2522 et
2840 2487 2852 2523 :
2893 2475 3224 2546 Priusquam
3261 2483 3586 2555 interroges,
3620 2508 3688 2546 ne

2039 2546 2318 2616 vituperes
2347 2567 2366 2602 :
2397 2554 2454 2604 et
2484 2551 2744 2609 Primum
2782 2573 3061 2634 cognosce,
3094 2573 3212 2620 tum
3259 2574 3474 2643 corripe
3501 2575 3567 2632 ³ο.
3599 2579 3681 2633 Tu

2039 2649 2171 2689 vero
2204 2637 2347 2692 nihil
2381 2639 2589 2696 horum
2623 2645 2961 2718 observans,
2996 2669 3100 2708 nec
3132 2658 3391 2727 cogitans
3429 2680 3599 2733 posse
3628 2673 3685 2725 et

2040 2739 2146 2779 nos
2178 2741 2244 2780 ex
2277 2730 2502 2786 ratione
2533 2749 2701 2803 agere
2735 2754 2800 2791 ac
2825 2738 3002 2810 loqui,
3025 2743 3108 2798 sic
3136 2749 3416 2818 tanquam
3452 2753 3684 2825 imperi-

2036 2815 2147 2880 tos,
2181 2831 2247 2870 ac
2277 2817 2523 2876 rationis
2544 2829 2824 2894 expertes,
2857 2833 3140 2901 tanquam
3172 2835 3298 2891 vite
3351 2845 3683 2900 monasticae

2039 2902 2250 2959 tirones
2309 2923 2374 2961 ac
2408 2911 2674 2980 novitios,
2719 2914 3078 2987 increpasti:
3143 2941 3246 2979 nec
3310 2928 3414 2984 hoc
3465 2933 3678 3003 solum,

287 2970 588 3044 τιγεύστοις
617 2979 714 3040 τῆς
749 2971 1045 3044 μοναδικῆς
1076 2977 1375 3048 πολιτείας,
1409 2983 1494 3035 καὶ
1530 2983 1579 3037 ἐν
1639 2988 1921 3057 μαθητευο-

338 3061 348 3080 ρ
571 3060 589 3080 \
643 3065 666 3075 ν
794 3060 807 3080 9
922 3063 933 3080 ρ
1254 3067 1266 3080 ι
1338 3068 1348 3080 1
1443 3071 1453 3080 .
1642 3078 1664 3080 -ν
1794 3075 1831 3080 λ-
1858 3076 1870 3080 ι

2040 2991 2140 3046 sed
2201 2994 2404 3049 durius
2464 2970 2806 3071 objuréasti.
2846 2970 3032 3079 A‘tque
3091 3013 3318 3070 utinam
3351 3017 3458 3073 hoc
3492 2978 3679 3080 solun;

288 3061 476 3134 μένοις
506 3060 755 3116 τελοῦσιν
788 3060 1120 3135 ἐπετίμησας
1144 3085 1154 3098 ·
1179 3067 1268 3121 καὶ
1294 3068 1354 3123 οὐ
1385 3071 1545 3143 μόνον
1573 3078 1756 3145 τοῦτο,
1782 3075 1926 3132 ἀλλὰ

283 3149 374 3203 καὶ
426 3147 750 3220 ἐπέπληξας.
787 3151 882 3205 Καὶ
926 3151 1032 3208 ε’ίθε
1089 3159 1250 3210 τοῦτο
1277 3176 1288 3187 ·
1341 3157 1487 3215 ἀλλὰ
1533 3164 1619 3216 καὶ
1654 3163 1928 3238 ἀναθεμα-

280 3240 464 3312 τισμῷ
494 3239 870 3315 παρὲπεμψας.
905 3245 999 3298 Καὶ
1040 3250 1137 3322 φεῦ
1188 3246 1254 3300 τὰ
1282 3253 1388 3302 τῶν
1431 3249 1766 3326 ἂνθρώπωνί
1802 3260 1925 3318 Πῶς

281 3328 384 3383 οὐκ
415 3329 503 3384 ἐπὶ
535 3328 678 3385 πολὺ
707 3327 988 3401 ὃιασώζεις
1021 3333 1146 3395 τοὺς
1177 3343 1276 3405 τῆς
1304 3338 1491 3410 φιλίας
1528 3340 1686 3415 ὅρους
1717 3343 1925 3416 ἀμετα-

277 3419 578 3486 κινήτους.
625 3419 669 3472 εἰ
721 3420 820 3492 γὰρ
864 3425 1025 3476 τοῦτο
1089 3423 1305 3500 ὑπῆρχε
1361 3432 1428 3500 τῇ
1487 3431 1769 3503 τιμιότητί
1827 3455 1922 3488 σου

276 3505 587 3585 ἀκραιφνὲς,
637 3509 739 3563 οὐκ
782 3509 845 3563 ἂν
894 3510 1070 3572 οὕτως
1122 3515 1447 3588 ἀπροόπτως
1495 3521 1594 3588 τὴν
1654 3521 1924 3578 εὐτέλειαν

353 3571 361 3577 .
458 3571 468 3585 ,
575 3571 584 3575 -
1059 3571 1066 3572 κ
1199 3571 1208 3588 ,
1432 3571 1444 3579 ,
1509 3571 1561 3588 μ,
1657 3571 1917 3578 ---η-η-

279 3599 445 3667 ἡμῶν
500 3599 901 3672 κατεκερτόμει.
941 3599 1091 3669 Πλῆν
1138 3603 1280 3676 ἄξιοι
1327 3610 1434 3661 τῶν
1482 3612 1782 3665 τοιούτων·
1832 3615 1920 3669 καὶ

277 3686 342 3739 οὐ
402 3688 707 3758 θαυμαστὸν
771 3687 819 3742 εἲ
875 3689 962 3743 καὶ
1032 3690 1134 3746 υπὸ
1191 3700 1290 3763 τῆς
1351 3696 1534 3773 φιλίας
1613 3721 1712 3753 σου
1788 3723 1923 3778 προ-

274 3772 725 3847 πηλακιζόμεθα.
759 3780 950 3849 Ἡμεῖς
1009 3778 1066 3835 δὲ
1123 3781 1152 3835 6'
1209 3772 1388 3855 ἐσμεν,
1424 3792 1539 3859 Θεῷ
1599 3790 1696 3860 μὲν
1746 3772 1922 3867 πεφα-

272 3865 596 3937 νερώμεθα’
661 3862 868 3919 δίκαιον
931 3865 985 3922 δὲ
1043 3871 1127 3923 καὶ
1190 3877 1257 3946 τῇ
1346 3873 1551 3930 συνέσει
1610 3899 1729 3945 σου,
1790 3880 1917 3937 ἐπὰν

272 3953 593 4030 προσκόπτῃ
622 3956 712 4010 καὶ
745 3955 1189 4032 σκανδαλίζηται,
1224 3961 1584 4034 ἐπιδηλῶσαι.
1619 3971 1734 4025 Οὐκ
1763 3970 1920 4046 ἐσμὲν

269 4044 628 4117 ἆποσχισταὶ,
679 4043 722 4099 ὦ
771 4047 1054 4119 θαυμάσιε,
1085 4057 1184 4118 τῆς
1227 4057 1322 4106 τοῦ
1371 4061 1505 4110 Θεοῦ
1556 4059 1912 4128 Ἐκκλησίας·

274 4134 493 4205 μήποτε
523 4137 683 4189 τοῦτο
718 4134 1002 4209 πάθοιμενο
1029 4137 1155 4193 ἀλλ’
1188 4139 1234 4194 εἷ’
1263 4143 1352 4196 καὶ
1385 4142 1572 4206 ἄλλως
1607 4145 1656 4200 ἒν
1682 4148 1916 4213 πολλοῖς

270 4223 630 4294 ἁμαρτήμασι
690 4226 1052 4302 τυγχάνομεν.
1111 4230 1304 4302 "Opto;
1381 4231 1669 4306 ὀμόσωμοι
1744 4239 1914 4308 αὐτῆς

267 4312 362 4365 καὶ
392 4313 655 4389 τρόφιμοι
689 4314 822 4386 μετὰ
851 4320 956 4369 τῶν
980 4316 1137 4371 θείων
1162 4317 1465 4396 δογμάτων·
1487 4325 1574 4378 καὶ
1607 4326 1730 4389 τοὺς
1761 4331 1916 4385 κανό-

267 4422 364 4462 νας
386 4401 550 4470 αὐτῆς
582 4403 671 4456 καὶ
704 4400 1060 4468 διατυπώσεις
1091 4405 1400 4486 γλιχόμεθα
1427 4411 1804 4490 φυλάττεσθαι.

339 4490 408 4544 Τὸ
467 4488 522 4544 δὲ
567 4490 844 4560 ταράττειν
893 4495 982 4548 καὶ
1035 4498 1353 4575 ἀποσχίζειν
1423 4501 1513 4556 ἄπ’
1567 4503 1754 4576 αὐτῆς,
1813 4511 1910 4579 τήν

268 4577 547 4651 μηδεμίαν
577 4581 816 4655 ἐχούσης
847 4582 1066 4652 ἀληθῶς
1096 4586 1302 4652 κηλῖδα
1344 4591 1378 4659 ἢ
1432 4591 1618 4666 ῥυτίδα
1667 4599 1802 4652 κατά
1857 4621 1912 4655 τε

261 4669 358 4722 τὸν
404 4676 503 4737 τῆς
553 4670 783 4731 πίστεως
825 4669 1009 4745 λόγον,
1056 4678 1143 4728 καὶ
1179 4678 1269 4731 τὸν
1320 4684 1424 4733 τῶν
1467 4685 1706 4740 κανόνων
1763 4688 1909 4762 ὅρον,

262 4755 358 4809 ἀπ’
414 4757 592 4831 ἀρχῆς
653 4759 851 4822 αῗῶνος
908 4765 994 4817 καὶ
1061 4764 1224 4840 μέχρι
1287 4771 1387 4821 τοῦ
1451 4767 1631 4845 δεῦρο,
1691 4772 1908 4832 ἐκείνων

260 4843 432 4912 ἔστὶν,
466 4846 538 4898 ὧν
591 4849 624 4915 ἡ
664 4846 839 4911 πίστις
871 4851 931 4904 τὸ
973 4850 1353 4932 ἐνδιάστροφον
1401 4852 1542 4931 ἔχει,
1574 4861 1663 4916 καὶ
1710 4863 1737 4917 ὁ
1791 4867 1911 4938 βίος

254 4933 324 4988 τὸ
371 4935 712 4989 ἀκανόνιστον
761 4939 847 4992 καὶ
902 4938 1168 5015 ἄθεσμον·
1203 4945 1275 4997 ὢν
1329 4947 1408 5008 εἷς
1456 4947 1564 5003 ἐστι
1614 4952 1761 5006 καὶὸ
1795 4956 1911 5011 Ἰω-

261 5024 375 5099 σήφ
439 5024 464 5079 ὁ
522 5025 614 5078 τὸν
679 5028 884 5101 μοιχὸν
935 5033 1315 5107 στεφανώσας·
1378 5034 1428 5089 o'i
1483 5058 1541 5092 τε
1598 5040 1775 5115 τούτῳ
1834 5045 1908 5106 ὡς

254 5110 534 5184 ἀμέμπτῳ
592 5112 916 5189 ἀνεχόμενοι
977 5118 1448 5200 συλλειτουργεῖν,
1509 5128 1598 5182 καί
1661 5131 1767 5200 μὴν
1821 5135 1910 5189 καὶ

254 5200 310 5253 οἱ
356 5205 703 5264 σννιστῶντες
762 5205 924 5259 αὐτὸν
985 5208 1059 5269 ὡς
1113 5210 1302 5274 ἀθώως
1350 5213 1753 5290 ἱερουργοῦντα.
1791 5227 1912 5284 Πῶς

256 5289 361 5365 γὰρ
416 5296 714 5354 κανονικῶς
769 5295 903 5366 ἡμῖν
957 5296 1236 5374 γράφουσα
1295 5304 1328 5371 ἡ
1389 5301 1642 5360 εὐλάϐειά
1694 5329 1811 5382 σου,
1849 5309 1908 5365 οὒ

251 5380 385 5440 τοὺς
433 5379 606 5434 θείους
647 5383 868 5445 κανόνας
930 5385 1229 5458 ἐπίσταται,
1279 5392 1361 5445 ὅτι
1407 5395 1526 5448 κακ’
1574 5397 1770 5460 αὐτοὺς
1821 5423 1910 5456 κα-

257 5469 575 5543 θῃρημένος
629 5471 738 5525 ἐσίν
793 5475 855 5528 ὁτ
913 5474 1092 5549 ἀνήρ,
1145 5478 1186 5532 εἰ
1242 5482 1342 5556 γὰρ
1403 5483 1479 5545 εἰς
1548 5484 1908 5562 διγαμοῦντος

815 5699 826 5712 .
903 5657 948 5694 ⁸ο
975 5659 1149 5717 Eccli.
1172 5678 1249 5731 χι,
1279 5665 1331 5717 7.

1946 4377 1993 4440 D

2039 3082 2295 3151 egissesi
2349 3084 2675 3148 Quinetiam
2726 3097 3084 3154 anathemati
3144 3104 3440 3162 devovisti.
3491 3113 3536 3165 0
3594 3129 3683 3171 res

2038 3170 2361 3228 humanas!
2417 3183 2474 3231 et
2522 3184 2810 3249 quomodo
2870 3189 3058 3258 major
3113 3193 3392 3253 tibi-cura
3424 3216 3535 3256 non
3568 3203 3679 3261 fuit

2035 3261 2453 3332 amicitiaajura
2473 3274 2901 3328 conservandi?
2929 3277 3058 3335 Haec
3079 3283 3234 3338 enim
3281 3286 3330 3340 si
3373 3294 3569 3347 sancte
3591 3308 3681 3349 co-

2035 3347 2174 3404 leret
2210 3355 2523 3409 reverentia
2545 3361 2661 3426 tua,
2692 3376 2990 3434 nunquam
3011 3369 3093 3424 sic
3124 3387 3190 3427 ex
3220 3374 3466 3447 abrupto
3493 3382 3678 3436 tenui-

2034 3442 2211 3494 tatem
2264 3449 2525 3500 nostram
2578 3452 2969 3519 proscidisset.
3001 3457 3219 3517 Verum
3263 3442 3482 3524 hisnos
3513 3471 3674 3543 digni

2035 3545 2270 3585 sumus:
2294 3548 2396 3588 nec
2418 3535 2745 3595 mirandum
2761 3541 2810 3596 si
2825 3545 2896 3599 ab
2910 3548 3166 3605 amicitia
3179 3553 3344 3610 etiam
3375 3560 3474 3612 tua
3492 3558 3680 3616 Iaces-

2033 3617 2237 3674 simur.
2254 3622 2530 3679 Craterum
2548 3629 2864 3699 quisimus,
2884 3635 3248 3709 Deoquidem
3279 3644 3674 3707 innotuimus:

2033 3723 2261 3778 aequum
2286 3720 2476 3768 autem
2509 3721 2566 3770 et
2596 3720 2915 3787 prudentice
2945 3729 3076 3795 tum,
3101 3735 3572 3805 quandoquidem
3598 3741 3674 3794 of-

2031 3794 2289 3852 fenditur
2320 3805 2375 3854 et
2406 3807 2848 3877 scandalizatur,
2882 3817 3126 3884 aperire.
3158 3820 3280 3876 Non
3314 3839 3517 3880 sumus
3542 3845 3686 3898 apo-

2031 3883 2280 3957 schistae,
2314 3891 2401 3943 vir
2428 3894 2658 3962 eximie,
2683 3897 2753 3953 ab
2783 3883 3033 3958 Ecclesia
3064 3906 3202 3976 Dei;
3238 3911 3389 3966 absit
3415 3919 3477 3968 ut
3511 3883 3680 3974 no-bis

2033 3971 2139 4027 hoc
2171 3978 2432 4033 eveniat!
2469 3981 2577 4036 Sed
2613 3990 2879 4055 quamvis
2913 3990 3044 4046 aliis
3093 3971 3342 4065 peccatis
3403 3971 3674 4072 plurimis

2030 4063 2293 4120 obstricti
2325 4069 2535 4139 simus,
2583 4080 2837 4134 attamen
2893 4082 3063 4138 unius
3105 4101 3236 4142 cum
3270 4089 3390 4144 illia
3416 4098 3678 4165 corporis

2030 4169 2257 4220 sumus,
2291 4159 2535 4230 ejusque
2569 4163 2786 4221 alumni
2820 4173 2877 4224 et
2917 4171 3245 4231 divinorum
3301 4179 3678 4241 documento-

2029 4257 2195 4312 rum;
2233 4251 2289 4300 et
2321 4264 2570 4306 canones
2597 4255 2724 4323 ejus
2757 4262 2812 4311 et
2851 4263 3292 4323 constitutiones
3323 4286 3543 4328 servare
3567 4290 3669 4330 cu-

2028 4348 2236 4402 pimus.

2099 4517 2353 4574 Turbare
2383 4526 2576 4578 autem
2611 4533 2660 4579 et
2685 4527 2756 4581 ab
2785 4528 2882 4584 illa
2933 4534 3183 4608 sejungi,
3211 4556 3336 4610 quae
3383 4545 3665 4604 maculam

2029 4619 2222 4658 revera
2255 4606 2477 4663 nullam
2504 4612 2694 4685 habet,
2718 4633 2898 4688 neque
2932 4606 3156 4694 rugam,
3179 4630 3300 4683 tum
3325 4629 3383 4685 in
3419 4632 3551 4688 fidei
3577 4651 3662 4691 ra-

2026 4692 2204 4762 tione,
2226 4700 2348 4750 tum
2386 4699 2438 4751 in
2473 4718 2761 4761 canonum
2795 4712 3109 4781 sanctione,
3142 4717 3211 4771 ab
3243 4722 3401 4776 omni
3425 4740 3539 4779 σενο
3575 4743 3668 4782 us-

2026 4799 2139 4853 que
2161 4784 2228 4838 ad
2247 4795 2499 4844 noslram
2526 4796 2888 4865 memoriam,
2911 4815 3108 4856 eorum
3128 4811 3218 4861 est
3240 4825 3488 4878 quorum
3519 4814 3662 4872 fides

2025 4874 2415 4931 transversum
2465 4881 2673 4952 agitur,
2707 4890 2764 4940 et
2809 4887 2924 4943 vita
2955 4890 3116 4948 exlex
3165 4903 3217 4948 et
3257 4897 3381 4952 sine
3424 4903 3659 4974 regula:

2024 4978 2270 5032 quorum
2303 4981 2372 5020 ex
2405 4984 2644 5027 numero
2676 4973 2893 5046 Joseph
2927 4978 3020 5035 ille
3055 4983 3152 5053 qui
3205 4973 3528 5046 adulterum
3563 5009 3656 5049 co-

2023 5055 2349 5110 ronavitzet
2371 5057 2466 5128 qui
2494 5075 2627 5116 cum
2660 5079 2724 5119 eo
2758 5070 3034 5139 tanquam
3067 5071 3298 5131 innoxio
3328 5079 3660 5140 olferrenon

2024 5138 2540 5218 dubitant,quique
2564 5152 2706 5208 adeo
2725 5138 3228 5218 illumdelendunt
3263 5170 3323 5220 ut
3349 5168 3472 5224 sine
3491 5138 3662 5242 culpa

2022 5231 2463 5291 sacriﬁcantem.
2501 5237 2797 5301 Quomodo
2833 5247 3010 5316 enim,
3043 5251 3090 5306 si
3144 5256 3417 5312 canonice
3451 5261 3519 5314 ad
3557 5279 3660 5318 nos

2021 5321 2219 5376 scribit
2247 5323 2430 5394 pietas
2454 5331 2574 5398 tua,
2598 5331 2821 5389 divinos
2853 5351 3102 5396 canones
3133 5343 3378 5413 ignorat,
3414 5353 3470 5402 et
3502 5353 3654 5420 quod

2015 5408 2180 5478 juxta
2212 5411 2338 5468 illos
2387 5416 2686 5488 depositus
2727 5424 2806 5478 vir
2837 5424 3006 5481 fuerit
3035 5428 3062 5482 ‘I
3092 5408 3233 5487 Nam
3266 5433 3312 5486 si
3349 5408 3404 5490 in
3438 5408 3656 5510 diéami

2024 5500 2244 5570 nuptiis
2275 5505 2495 5576 epulari
2518 5512 2920 5583 presbyterum
2953 5523 3148 5576 vetant
3180 5538 3193 5574 :
3227 5522 3365 5592 quid
3412 5527 3470 5581 in
3501 5500 3652 5584 Veum
