4084 6284
1677 330 1743 390 S.
1788 325 2187 391 THEODOM
2224 324 2589 396 STUDITIE

3667 334 3817 406 1000'

441 464 540 536 qui
567 464 867 537 digamum
891 463 1224 521 coronavit?
1239 462 1485 531 Quid,in
1506 462 1851 519 adulterinis
1862 463 2078 535 nuptiis

2197 465 2373 537 γάμον
2432 467 2539 521 οὐκ
2597 465 2728 523 ἐῶσι
2802 468 2895 524 τὸν
2961 467 3325 549 πρεσϐύτερον
3384 475 3714 546 ὲστιαθῆναν
3753 477 3799 534 τί

440 553 672 625 triginta
696 557 844 609 totos
856 553 977 609 dies
987 552 1277 608 convivari
1295 551 1324 606 ?
1337 552 1502 623 quid,
1526 552 1679 624 quod
1698 551 2082 624 perniciosius

442 648 550 711 est,
584 645 760 700 etiam
805 659 1080 700 coronare
1118 658 1253 699 eum
1304 643 1399 713 qui
1456 660 1525 699 ex
1573 643 1802 699 Domini
1852 650 2080 699 senten-

442 734 521 790 tia
550 733 627 790 sit
653 734 876 790 adulter
894 735 922 789 ?
951 749 1146 789 sacras
1177 734 1234 788 in
1266 733 1539 805 conjugio
1588 749 1784 804 preces
1835 734 2081 789 recitare

442 822 1477 894 adulteriicepuIatorem,etdivinam
1494 824 1741 896 gratiam
1778 823 1954 895 impie
1980 838 2080 894 pro

438 913 636 985 impiis
709 914 1017 969 invocare?
1077 914 1499 982 Exsecrandus,
1559 913 1836 985 profecto,
1896 914 2068 983 juxta

442 1020 716 1077 magnum
783 1004 1143 1075 Dionysium,
1203 1002 1317 1058 Deo
1371 1012 1456 1058 est
1512 1005 1899 1075 profanusque
1963 1003 2070 1073 qui

438 1091 560 1148 haec
616 1092 771 1150 facit.
822 1093 1325 1163 Supervacaneum
1384 1091 1559 1147 fuerit
1617 1090 1758 1147 alios
1819 1091 1879 1146 in
1937 1106 2072 1145 eum

447 1197 698 1238 canones
755 1183 1031 1254 proferre.
1091 1181 1256 1246 Quod
1322 1196 1455 1237 vero
1521 1196 1590 1236 ex
1668 1196 1781 1251 quo
1838 1180 2077 1252 deposi-

436 1275 530 1327 tus
588 1287 622 1327 a
681 1273 1036 1343 precedente
1103 1269 1434 1341 patriarcha
1497 1269 1625 1339 fuit,
1685 1285 1892 1324 novem
1973 1285 2076 1324 an-

439 1378 645 1417 norum
669 1361 924 1432 spatium
954 1361 1204 1432 exegerit
1236 1377 1249 1415 :
1284 1364 1341 1415 et
1387 1375 1595 1426 canon,
1630 1359 1742 1414 nisi
1782 1358 1936 1414 intra
1967 1375 2079 1414 an-

436 1453 580 1506 num
606 1449 960 1517 absolvatur,
994 1448 1215 1505 absolvi
1250 1452 1449 1520 postea
1508 1464 1860 1519 quemquam
1908 1453 2076 1514 vetet,

444 1555 556 1611 quo
590 1540 710 1595 loco
742 1538 1141 1611 reponemus?
1169 1539 1244 1593 At
1274 1538 1550 1608 objicitur
1582 1554 1791 1610 prosus
1840 1536 2079 1592 absolu-

440 1638 561 1686 tum
595 1631 791 1686 fuisse.
811 1630 1049 1696 Verum,
1068 1629 1117 1684 si
1139 1629 1366 1685 solutus
1391 1629 1596 1691 fuerat,
1633 1645 1736 1683 cur
1759 1644 1872 1683 non
1894 1627 2079 1683 sacri-

440 1720 695 1776 ﬁcabat?
733 1721 819 1788 Et,
853 1719 902 1773 si
947 1718 1170 1775 solutus
1222 1723 1363 1786 erat,
1397 1734 1500 1773 cur
1527 1716 1746 1774 absolvi
1778 1735 1812 1772 a
1855 1717 2076 1788 synodo

436 1809 651 1881 petiit?
706 1809 953 1864 Planum
1001 1807 1158 1864 enim
1207 1811 1296 1864 est
1352 1806 1705 1863 solutionem
1746 1807 1817 1861 ab
1861 1822 1926 1862 eo
1958 1804 2078 1878 peti

439 1899 538 1971 qui
572 1898 798 1954 vinctus
828 1899 926 1967 sit,
960 1913 1075 1953 non
1122 1898 1222 1969 qui
1264 1896 1514 1953 solutus.
1549 1897 1758 1961 Quare,
1795 1896 1971 1951 etiam
2020 1894 2080 1950 in

437 1988 694 2059 seipsum
743 1986 1002 2059 impegit,
1037 1991 1240 2043 contra
1286 1985 1585 2042 veritatem
1651 1984 1796 2057 erigi
1858 1983 2079 2041 volens.

433 2078 743 2134 Sacrorum
774 2076 952 2149 igitur
981 2075 1306 2148 profanatio
1332 2078 1442 2143 est,
1474 2075 1668 2144 frater,
1699 2076 1878 2130 istum
1901 2073 2081 2130 sacris

434 2167 660 2240 operari
691 2182 706 2222 :
742 2182 1153 2237 canonumque
1176 2182 1390 2238 magna
1420 2164 1780 2236 perturbatio
1810 2164 1950 2220 talia
1981 2179 2084 2219 ne-

434 2256 667 2328 gligere.
686 2255 834 2320 Quid
865 2255 1018 2310 enim
1052 2258 1137 2310 est
1166 2256 1319 2327 quod
1355 2256 1434 2310 ait
1464 2253 1960 2326 Chrysostomus?
1985 2268 2083 2323 pe-

443 2344 627 2400 riculo
659 2360 774 2399 non
798 2359 1022 2410 vocare,
1045 2343 1092 2397 si
1110 2344 1166 2398 in
1199 2345 1558 2399 sacerdotem
1575 2358 1688 2397 non
1711 2341 2077 2413 inquiratur:

444 2449 561 2489 non
595 2434 665 2488 de
698 2433 809 2487 fide
836 2432 946 2489 hoc
967 2434 1189 2498 dicens,
1223 2437 1288 2487 ut
1309 2431 1462 2488 male
1491 2446 1716 2497 censes,
1740 2431 1840 2486 sed
1862 2430 1933 2485 de
1953 2430 2081 2484 vites

443 2524 786 2595 integritate.
821 2522 1183 2595 Interrogare
1222 2521 1464 2593 quidem
1487 2524 1543 2576 et
1575 2524 1843 2577 excutere
1879 2534 2087 2575 unum-

438 2627 751 2684 quemque,
807 2611 1100 2683 quomodo
1155 2625 1219 2666 se
1282 2611 1513 2678 habeat,
1555 2609 1700 2665 nihil
1759 2615 1846 2666 est
1886 2625 2078 2682 opus:

446 2703 628 2773 gratia
655 2700 811 2757 enim
842 2701 1018 2757 etiam
1052 2716 1226 2772 super
1253 2700 1561 2773 indignum
1579 2703 1814 2771 propter
1832 2716 1952 2768 eos,
1977 2698 2079 2770 qui

443 2792 745 2857 accedunt,
761 2791 1076 2849 descendit.
1102 2789 1164 2846 In
1194 2790 1267 2845 iis
1293 2795 1487 2847 autem
1520 2789 1621 2862 qui
1653 2789 1958 2845 manifesto
1988 2789 2071 2844 rei

444 2885 604 2949 sunt,
636 2880 827 2953 qualis
857 2885 945 2937 est
970 2880 1209 2952 Joseph,
1240 2884 1296 2935 et
1317 2880 1551 2951 quidem
1594 2878 1787 2951 magni
1820 2877 2081 2946 sceleris,

442 2971 596 3042 quod
620 2970 681 3026 in
703 2969 881 3027 oculis
901 2969 1166 3027 omnium
1198 2969 1514 3037 commisit,
1547 2971 1752 3025 vetitas
1776 2986 1809 3025 a
1837 2968 2083 3025 Domino

441 3060 679 3133 nuptias
691 3059 1162 3132 c0pulans,ipsoq
1173 3077 1243 3116 ue
1255 3059 1519 3115 adultero
1538 3058 1920 3123 manifestior,
1940 3059 2081 3114 dum

439 3164 571 3206 eum
619 3149 939 3220 conjunxit,
985 3147 1457 3221 quandoquidem
1517 3147 1638 3203 hac
1698 3164 1811 3203 non
1870 3146 2082 3203 discre-

2189 554 2327 628 πρὸς
2375 556 2438 609 τὸ
2485 558 2577 611 τὸν
2629 554 2862 634 δίγαμον
2908 564 3279 638 στεφανῶσαι;
3323 561 3465 618 τίδὲ
3492 566 3551 618 τὸ
3580 564 3650 627 εἷς
3694 587 3798 638 μοι·

2191 643 2349 716 χικὸν
2406 643 2580 720 γάμον
2639 646 2952 717 έστιαθῆναι
3003 649 3159 714 ὅλαις
3217 654 3514 726 τριάκοντα
3561 655 3797 729 ἡμέραιςς

2189 731 2241 787 τί
2285 729 2363 803 δὲ,
2410 735 2473 789 τὸ
2520 734 2933 813 ὀλεθριώτερον,
2979 740 3041 794 τὸ
3088 741 3178 795 καὶ
3243 747 3577 819 στεφανῶσαι
3625 745 3799 820 μοιχὸν

2187 824 2324 880 κατά
2379 825 2469 880 τὸν
2522 823 2689 902 λόγον
2730 832 2827 882 τοῦ
2886 829 3104 902 Κυρίου,
3158 832 3257 900 τήν
3317 831 3407 887 ἐπὶ
3460 835 3527 906 τῇ
3575 834 3803 909 συναφείᾳ

2188 914 2335 987 ἱερὰν
2403 917 2717 991 προσευχὴν
2797 916 3028 995 λέγοντα
3081 919 3173 976 τὸν
3260 922 3673 999 μοιχοζεύκτην,
3726 922 3802 976 καὶ

2187 1001 2671 1078 προσκαλούμενον
2723 1008 2821 1077 τήν
2882 1008 3024 1063 θείαν
3083 1011 3244 1085 χάριν
3303 1011 3478 1073 ἀθέως
3548 1010 3631 1065 ἐπὶ
3692 1012 3803 1073 τοὺς

2191 1090 2502 1171 βεϐήλουςς
2554 1095 2929 1160 Ἀπόπτυστός
2984 1097 3095 1154 ἐστί
3145 1101 3291 1174 παρά
3349 1105 3488 1172 θεῷ,
3553 1101 3681 1156 κατὰ
3724 1102 3803 1155 τὸν

2192 1184 2333 1238 θεῖον
2379 1183 2676 1255 Διονύσιον,
2726 1187 2815 1242 καὶ
2883 1186 3095 1263 ἀνίερος
3143 1189 3171 1244 6
3233 1193 3503 1252 τοιοῦτος.
3553 1188 3803 1264 Παρέλκον

2188 1272 2289 1349 γάρ
2339 1273 2454 1331 ἐστι
2500 1277 2630 1340 τοὺς
2676 1275 2762 1332 ἐπ’
2805 1278 2957 1351 αὐτῷ
3006 1277 3212 1342 ἄλλους
3261 1280 3547 1354 κειμένους
3607 1282 3805 1343 κανόνας

2187 1360 2296 1417 ὧδε
2343 1362 2592 1439 γράφειν.
2624 1368 2743 1421 Ὀτι
2793 1365 2850 1422 δὲ
2891 1367 2981 1423 καὶ
3032 1369 3136 1424 ὑπὸ
3196 1374 3295 1425 τοῦ
3363 1375 3806 1448 προηγησαμένου

2185 1453 2528 1530 πατριάρχου
2560 1456 2945 1531 ἀφωρισμένος
2988 1456 3204 1527 ἐνναετῆ
3256 1461 3460 1536 χρόνον
3500 1457 3655 1538 ἔτυχε
3679 1480 3690 1492 ·
3730 1460 3809 1514 καὶ

2186 1542 2215 1595 6
2253 1542 2430 1598 κανὼν
2460 1543 2503 1599 εἰ
2539 1546 2614 1618 μὴ
2649 1546 2797 1608 ἐντὸς
2828 1545 3071 1601 ἐνιαυτοῦ
3103 1549 3266 1622 λυθῇ,
3302 1549 3400 1605 οὐκ
3443 1547 3685 1625 ἀνέχεται
3743 1547 3809 1603 ἔτι

2185 1632 2283 1699 τήν
2333 1631 2506 1702 λύσιν,
2539 1639 2648 1688 ποῦ
2707 1638 2985 1707 θήσομεν;
3040 1636 3256 1700 Πάντως
3315 1635 3374 1693 δὲ
3419 1639 3455 1708 ἥ
3517 1639 3809 1709 ἀπάντησις,

2189 1721 2273 1775 ὅτι
2331 1720 2576 1779 ἐλέλυτο.
2614 1724 2712 1779 Καὶ
2773 1725 2817 1779 εί
2878 1724 3128 1798 ἐλέλυτο,
3185 1731 3303 1789 πῶς
3358 1727 3469 1802 οὐχ
3525 1728 3811 1803 ἱερουργεῖς

2109 1846 2158 1912 Β
2187 1811 2275 1865 καὶ
2329 1809 2373 1865 εἷ
2419 1810 2669 1881 ἐλέλυτο,
2710 1818 2824 1877 πῶς
2864 1813 2986 1888 ἄρτι
3037 1813 3265 1890 ἐξῄτησε
3314 1813 3472 1872 λύσιν
3536 1816 3636 1872 61:6
3698 1837 3813 1870 συν-

2207 1895 2255 1912 η.
2429 1898 2997 1912 ,,,.....
3693 1904 3806 1912 ..

2194 1895 2366 1970 όδου;
2416 1898 2680 1972 Δηλονότι
2734 1904 2761 1957 6
2813 1900 3095 1976 δεδεμένος
3158 1910 3312 1975 ζητεῖ
3361 1904 3609 1976 λυθῆναι,
3654 1904 3813 1980 ούχὸ

2192 1984 2416 2050 ἄδετος’
2482 1989 2618 2046 ὥστε
2665 1991 2934 2046 κάνταῦθα
2983 1994 3296 2065 περιπίπτει
3341 1993 3519 2067 ἑαυτῷ
3574 1995 3601 2049 6
3656 1993 3811 2048 θέλων

2191 2080 2328 2134 κατά
2376 2086 2478 2149 τῆς
2525 2078 2787 2151 ἀληθείας
2835 2083 3122 2141 κινεῖσθαι.
3193 2077 3513 2154 Βεϐήλωσις
3578 2082 3665 2138 οῦν
3717 2087 3813 2137 τῶν

2192 2167 2355 2241 ἁγίων
2398 2168 2561 2240 ἐστὶν,
2597 2168 2641 2224 ὦ
2686 2166 2906 2248 ἀδελφέ,
2937 2175 3128 2226 τοῦτον
3179 2171 3485 2247 ἱερουργεῖν
3513 2192 3527 2205 ”
3570 2173 3655 2227 καὶ
3698 2171 3816 2245 σύγ-

2191 2276 2355 2331 χυσις
2384 2257 2658 2329 παντελὴς
2682 2263 2788 2313 τῶν
2822 2260 3055 2314 κανόνων
3104 2260 3167 2315 τὸ
3220 2262 3296 2333 μὴ
3348 2261 3416 2317 τὰ
3457 2266 3681 2317 τοιαῦτα
3724 2282 3816 2338 φυ-

2190 2345 2498 2404 λάττεσθαι.
2542 2347 2610 2404 Τί
2640 2348 2745 2423 γὰρ
2776 2347 2920 2422 λέγει
2950 2347 3040 2402 καὶ
3072 2349 3100 2403 6
3150 2349 3576 2424 Χρυσόστομοςς
3610 2350 3691 2404 ὅτι
3730 2350 3817 2404 οὐκ

2190 2433 2472 2492 ἀκίνδυνόν
2528 2436 2638 2492 ἐστι
2696 2438 2757 2492 τὸ
2809 2438 3147 2508 ἀνεξέταστον
3203 2439 3291 2494 ἐπὶ
3346 2444 3443 2496 τοῦ
3501 2441 3711 2516 ἱερέως.
3750 2439 3815 2499 Ού

2189 2527 2312 2601 περὶ
2367 2526 2623 2596 πίστεως,
2657 2528 2731 2589 ὡς
2775 2525 2900 2596 οἷέι,
2931 2533 3092 2584 τοῦτο
3146 2528 3343 2606 λέγων,
3374 2528 3525 2586 ἀλλά
3556 2530 3676 2606 περῖ
3728 2537 3815 2599 τῆς

2190 2637 2327 2672 κατα
2375 2617 2467 2672 τὸν
2526 2616 2641 2691 βίον
2698 2613 2996 2692 ἀκριϐείας.
3032 2620 3310 2688 Ἐκζητεὶν
3353 2620 3536 2675 τοίνυν
3596 2621 3681 2674 καὶ
3736 2618 3817 2673 ἀν-

2194 2709 2407 2782 ερευνᾷν
2454 2702 2675 2761 ἕκαστον
2722 2705 2871 2768 ὅπως
2930 2701 3043 2783 ἔχει
3107 2706 3168 2762 οὐ
3230 2703 3385 2762 δέον·
3441 2710 3475 2778 ἡ
3510 2709 3675 2783 χάρις
3724 2708 3815 2785 γὰρ

2189 2796 2279 2851 καὶ
2332 2793 2419 2850 ἐπὶ
2464 2796 2592 2857 τοὺς
2636 2794 2881 2866 ἀναξίους
2920 2793 3009 2851 διὰ
3045 2797 3172 2858 τοὺς
3215 2797 3543 2873 προσιόντας
3573 2796 3815 2854 κάτεισιν,

2192 2884 2284 2947 Εἷς
2343 2882 2400 2940 δὶ
2449 2886 2574 2947 τοὺς
2635 2882 2936 2961 προδήλως
3006 2889 3504 2963 κατεγνωσμένους,
3568 2887 3641 2943 ὧν
3690 2886 3817 2942 ἐστιν

2192 2975 2273 3037 εἷς
2334 2974 2426 3029 καὶ
2476 2976 2503 3029 6
2545 2975 2772 3054 Ἰωσὴφ,
2809 2974 2957 3049 μάλα
2990 2975 3221 3050 ἀνομίαν
3275 2975 3524 3054 μεγάλην
3578 2978 3819 3050 συνάψας,

2190 3062 2489 3143 ἀναφανδὸν
2547 3072 2648 3135 τῆς
2707 3065 3055 3141 οἰκουμένης,
3114 3069 3176 3137 ἣν
3237 3069 3265 3123 6
3325 3066 3521 3141 Κύριος
3577 3066 3820 3145 ἀπέφηνε,

2192 3154 2283 3209 καὶ
2338 3153 2720 3231 ἐναργέστερος
2775 3160 2872 3210 τοῦ
2931 3156 3329 3236 μοιχεύσαντος
3386 3176 3737 3234 χρηματισας
3797 3155 3821 3209 6

437 3243 599 3312 pant,
616 3241 783 3310 juxta
812 3238 1171 3311 Theologum
1197 3255 1211 3306 ;
1235 3237 1628 3303 dissimulare,
1660 3235 1966 3310 perspicua
1995 3243 2078 3293 est

2191 3248 2382 3300 τοῦτον
2444 3244 2729 3315 συξεύξας·
2789 3249 2868 3317 τῷ
2927 3247 3004 3318 μὴ
3064 3244 3474 3302 διαστέλλεσθαι
3544 3249 3683 3303 κατά
3741 3246 3823 3301 τὸν

438 3328 687 3401 proditio
718 3328 999 3399 veritatis,
1029 3332 1087 3384 et
1114 3343 1407 3384 canonum
1439 3326 1789 3399 corruptela.

509 3525 597 3580 An
628 3523 816 3581 nescit
844 3524 1246 3581 benevolentia
1275 3528 1392 3594 tua,
1425 3525 1603 3581 Deum
1638 3524 1835 3597 ipsum
1880 3525 2076 3582 vindi—

437 3629 557 3670 cem
590 3613 794 3682 fuisse,
825 3615 1060 3686 quando
1099 3631 1213 3670 non
1261 3614 1583 3670 insurrexit
1612 3615 1707 3684 qui
1757 3613 2078 3671 Ecclesiam

436 3708 560 3759 tum
593 3703 993 3775 gubernabat;
1029 3711 1089 3759 ut
1115 3703 1373 3758 Samueli
1406 3703 1697 3775 quondam
1736 3702 1948 3758 accidit
1970 3703 2075 3759 ad-

436 3808 632 3848 versus
689 3791 968 3848 insanum
1018 3792 1250 3848 Saulem
1286 3808 1299 3847 :
1329 3792 1577 3862 ethujus
1601 3792 1754 3858 novi,
1788 3793 1964 3864 quod,
1997 3793 2071 3849 ad

437 3880 675 3936 modum
691 3879 964 3935 adulterii
978 3897 1003 3936 ε
1011 3883 1222 3952 pectat,
1242 3879 1483 3935 Herodis
1497 3895 1736 3951 regnum
1751 3880 2031 3937 evertisse
2051 3879 2078 3935 ?

434 3971 596 4027 Idem
631 3969 788 4026 enim
823 3970 1065 4026 Herodis
1090 3969 1248 4025 illius
1281 3968 1566 4041 ﬂagitium
1600 3970 1727 4039 fuit,
1770 3969 1871 4042 qui
1920 3988 1952 4026 a
1983 3987 2082 4044 po-

437 4059 575 4131 pulo
606 4076 714 4115 suo
744 4060 949 4131 pulsus
978 4059 1087 4115 fuit
1106 4063 1165 4115 et
1196 4059 1422 4115 occisus
1449 4079 1463 4129 ;
1499 4060 1712 4132 quippe
1753 4059 1848 4132 qui
1897 4061 2078 4116 Aretae

434 4149 589 4222 regis
620 4148 825 4217 filiam,
854 4148 1171 4221 legitimam
1219 4149 1525 4221 conjugem
1575 4149 1819 4214 dimisit,
1867 4150 2083 4221 injuste

435 4237 548 4294 sibi
574 4238 857 4310 capularis
909 4236 1163 4310 Philippi
1224 4238 1420 4294 fratris
1480 4237 1883 4294 Herodiadem.
1917 4239 2081 4304 Quod

435 4330 485 4384 si
518 4328 640 4383 haac
670 4328 966 4384 vindicare
997 4344 1111 4384 non
1172 4327 1441 4384 convenit
1470 4344 1483 4382 :
1517 4328 1728 4384 erravit
1778 4328 2082 4385 charitatis

435 4415 795 4487 tuaajudicio
841 4432 1163 4488 praecursor
1195 4418 1467 4486 Joannes,
1501 4418 1655 4490 quod
1704 4418 2083 4474 temerarium

435 4509 526 4563 est
561 4506 879 4574 afﬁrmare,
913 4522 1046 4561 cum
1079 4506 1361 4563 Herodem
1395 4505 1785 4579 reprehendit,
1811 4512 2085 4564 mortem-

2187 3332 2478 3408 Θεολόγον,
2539 3329 2803 3407 προδοσία
2856 3341 2959 3405 τῆς
3020 3333 3277 3405 ἀληθείας
3326 3337 3526 3415 σαφὴς,
3587 3335 3675 3392 καὶ
3726 3338 3823 3390 τῶν

2187 3422 2429 3478 κανόνων
2459 3420 2781 3498 παράλυσις.

2257 3514 2332 3571 Ἢ
2361 3514 2459 3568 οὐκ
2507 3511 2623 3568 οἶδέ
2660 3533 2754 3568 σου
2801 3515 2836 3584 ἡ
2889 3512 3070 3589 φιλία,
3096 3514 3181 3569 ὅτι
3211 3514 3347 3570 αὐτὸ
3375 3514 3437 3569 τὸ
3467 3515 3615 3570 θεῖον
3639 3516 3823 3571 αύτεκ-

2187 3601 2409 3673 δίκητον
2463 3601 2701 3678 γέγονεν,
2753 3602 2918 3672 ἡνίκα
2970 3601 3033 3658 οὒ
3094 3600 3344 3674 διανέστη
3404 3606 3433 3658 6
3478 3603 3678 3659 ἰθύνων
3734 3605 3823 3670 τὴν

2186 3693 2516 3765 Ἐκκλησίαν
2545 3694 2607 3749 τὸ
2645 3691 2934 3763 τηνικάδε’
2972 3695 3046 3757 ὡς
3090 3695 3359 3771 Σαμουὴλ
3407 3695 3584 3752 πάλαι
3624 3694 3711 3752 ἐπὶ
3752 3696 3824 3764 τῷ

2186 3782 2380 3864 ἄφρονι
2432 3783 2652 3839 Σαούλ·
2712 3782 2995 3862 διαῤῥῆξαι
3050 3789 3149 3857 τὴν
3200 3792 3296 3844 τοῦ
3380 3788 3536 3845 νένου
3586 3784 3822 3862 Ἡρώδου

2188 3876 2322 3929 κατὰ
2364 3875 2456 3929 τὸν
2504 3880 2605 3945 τῆς
2652 3876 2908 3951 μοιχείας
2950 3875 3153 3951 τρόπον
3187 3875 3489 3952 βασιλείαν.
3514 3882 3694 3933 Ταῦτα
3730 3876 3821 3951 γὰρ

2188 3966 2419 4020 πέπονθε
2464 3965 2553 4019 καὶ
2582 3962 2836 4040 Ἡρώδης
2881 3964 3106 4037 ἐκεῖνος,
3142 3967 3245 4021 ὑπὸ
3293 3971 3391 4022 τοῦ
3439 3966 3648 4023 οἷκείου
3697 3963 3823 4021 λαοῦ

2189 4049 2566 4115 ἀνασοϐευθεὶς
2612 4053 2702 4110 καὶ
2752 4054 3145 4117 ἀποκτανθείς’
3191 4054 3320 4111 ἐπὰν
3381 4055 3526 4112 εἴασε
3580 4059 3680 4126 τήν
3736 4055 3822 4109 τοῦ

2189 4143 2383 4220 Ἀρέτα
2445 4141 2713 4219 βασιλέως
2779 4143 3041 4218 θυγατέρα
3113 4145 3350 4219 νόμιμον
3424 4146 3593 4201 αὐτοῦ
3672 4142 3821 4199 οὖσαν

2191 4237 2447 4309 γυναῖκα·
2500 4232 2840 4309 ἀγαγόμενος
2892 4233 3226 4308 παρανόμως
3270 4236 3371 4306 τὴν
3421 4238 3518 4291 τοῦ
3598 4231 3825 4310 ἀδελφοῦ

2193 4322 2477 4379 Φιλίππου
2527 4319 2858 4396 Ἡρωδιάδα.
2910 4322 2975 4380 Εἰ
3026 4321 3085 4379 δὲ
3128 4328 3297 4379 ταῦτα
3345 4325 3409 4380 οὗ
3441 4321 3565 4379 δέον
3605 4321 3823 4379 ἐκδικεῖς

2193 4415 2335 4483 σθαι,
2384 4414 2721 4485 ἡμαρτηκὼς
2769 4411 2996 4467 ἐνώπιον
3036 4419 3136 4482 τῆς
3177 4413 3392 4489 ἀγάπης
3441 4435 3539 4469 σου
3588 4414 3824 4489 γέγονεγ,

2193 4501 2243 4558 εἲ
2271 4500 2359 4556 καὶ
2388 4501 2674 4576 τολμηρὸν
2704 4500 2894 4569 εἰπεῖν,
2933 4502 2961 4556 6
2993 4499 3319 4577 Πρόδρομος
3359 4503 3642 4571 Ἰωάννης,
3686 4500 3827 4572 ἐλέγ-

436 4614 548 4670 que
572 4598 819 4671 oppetiit
857 4598 928 4654 ob
965 4599 1495 4670 reprehensionem.
1528 4601 1755 4656 Erravit
1802 4601 2074 4657 similiter

2191 4593 2282 4663 ξας
2330 4592 2422 4647 τὸν
2477 4587 2753 4666 Ἡρώδην,
2800 4592 2890 4646 καὶ
2951 4593 3121 4647 θανὼν
3186 4592 3320 4667 ὑπὲρ
3396 4596 3494 4647 τοῦ
3573 4590 3825 4666 ἐλεγμοῦ.

435 4693 491 4742 et
521 4687 973 4757 Chrysostomus
1000 4687 1067 4759 ⁸¹,
1099 4705 1231 4744 cum
1263 4705 1365 4761 pro
1399 4689 1580 4744 viduis
1637 4706 1773 4762 agro
1817 4691 2073 4746 validum

432 4781 728 4833 certamen
786 4777 1066 4834 instituit.
1102 4778 1207 4833 Pro
1267 4780 1405 4835 bono
1453 4781 1621 4847 enim,
1646 4778 1859 4851 inquit,
1914 4779 2077 4837 audet

430 4868 710 4940 quispiam
737 4866 968 4924 mori”.
993 4868 1062 4923 Ut
1079 4884 1194 4924 non
1210 4883 1664 4924 commemorem
1690 4868 1909 4923 similes
1930 4867 2076 4924 alias

436 4960 770 5013 sanctorum
795 4974 898 5029 pro
917 4957 1207 5014 similibus
1222 4957 1636 5012 contentiones.
1658 4959 1745 5014 An
1774 4973 1976 5013 rursus
1993 4957 2079 5030 ig-

439 5050 609 5103 norat
637 5048 951 5103 reverentia
985 5050 1103 5114 tua,
1137 5063 1271 5103 cum
1304 5047 1531 5102 duabus
1559 5062 1628 5102 ex
1658 5046 1829 5102 rebus
1852 5050 2080 5104 constet

435 5135 943 5205 Christianismus,
976 5137 1089 5193 ﬁde
1118 5139 1174 5192 et
1202 5135 1505 5207 operibus;
1542 5135 1593 5192 si
1625 5137 1872 5192 alterum
1905 5137 2074 5208 desit,

434 5223 680 5281 alterum
702 5241 818 5281 non
843 5224 1161 5297 prodesse?
1190 5223 1508 5280 Emuletur
1538 5224 1755 5297 itaque,
1788 5240 2075 5297 rogamus,

436 5313 648 5383 divina,
689 5314 947 5384 primum
972 5313 1203 5383 quidem
1235 5319 1297 5367 ut
1327 5313 1658 5368 communis
1687 5312 1872 5384 patris
1899 5314 2078 5386 filius,

345 5451 350 5455 .
436 5403 718 5459 excitetur
734 5402 950 5474 pariter
962 5402 1031 5457 ad
1047 5401 1319 5457 honesta:
1342 5401 1577 5472 perinde
1596 5409 1659 5457 ut
1689 5418 1723 5456 a
1747 5402 1913 5458 beato
1931 5404 2083 5461 Saba

439 5484 728 5550 eruditus,
744 5491 1072 5539 accuratam
1093 5498 1208 5538 non
1222 5482 1415 5538 solum
1430 5482 1585 5554 fidei,
1601 5484 1700 5540 sed
1729 5485 1899 5541 etiam
1921 5502 2081 5543 cano-

438 5590 582 5630 num
612 5571 897 5629 rationem
917 5572 1327 5644 amplectatur:
1344 5572 1593 5646 denique
1608 5590 1922 5648 germanus
1941 5593 2075 5635 cum

512 5699 558 5738 εί
591 5702 656 5757 In
685 5700 817 5772 ejus
840 5698 991 5771 Vita,
1022 5717 1081 5757 n.
1112 5700 1205 5758 52.
1303 5700 1352 5737 ⁸⁸
1382 5701 1547 5762 Rom.
1580 5719 1631 5768 ν,
1653 5703 1711 5764 7.

2188 4681 2461 4743 Ὡσαύτως
2524 4682 2612 4735 καὶ
2666 4682 2693 4736 6
2753 4680 3320 4758 Χρυσόστομος,ὑπέρ
3357 4687 3453 4738 τοῦ
3513 4682 3685 4757 ἀγροῦ
3735 4685 3825 4747 τῆς

2186 4774 2365 4847 χήρας
2420 4766 2655 4826 ἔνστασιν
2699 4769 2999 4842 ἀθλητικὴν
3046 4769 3468 4846 ἐπιδειξάμενος.
3524 4772 3687 4846 Ὑπὲρ
3742 4770 3828 4823 τοῦ

2188 4858 2389 4936 ἀγαθοῦ
2440 4860 2584 4934 τάχα
2641 4861 2767 4935 γάρ,
2829 4860 2983 4938 φησὶ,
3042 4862 3131 4915 καὶ
3196 4859 3380 4934 τολμᾷ
3462 4882 3548 4923 τις
3631 4860 3828 4915 ἀποθα-

2186 4955 2313 5006 νεῖν.
2348 4951 2464 5006 Ἵνα
2491 4952 2567 5024 μὴ
2603 4948 2744 5026 λέγω
2774 4951 2868 5014 τὰς
2900 4956 3009 5006 τῶν
3039 4949 3227 5007 ἄλλων
3284 4951 3447 5027 ἁγίων
3490 4950 3830 5024 ὁμοτρόπους

2190 5041 2323 5116 ὑπὲρ
2377 5044 2485 5095 τῶν
2541 5041 2803 5096 τοιούτων
2863 5039 3152 5105 ἐνστάσεις.
3211 5046 3281 5098 Ἡ
3340 5040 3503 5097 πάλιν
3560 5040 3743 5116 ἅγνοεῖ
3795 5038 3827 5102 ἡ

2187 5128 2446 5203 τιμιότης
2483 5150 2599 5198 σου,
2633 5130 2715 5184 ὅτι
2747 5128 2806 5184 ἐκ
2848 5126 2943 5186 δύο
2993 5131 3380 5203 συνισταμένου
3435 5133 3533 5185 τοῦ
3584 5129 3828 5202 Χριστια-

2187 5222 2407 5293 νισμοῦ,
2463 5217 2610 5294 λέγω
2671 5216 2735 5287 δή
2795 5217 3027 5282 πίστεως
3101 5221 3188 5275 καὶ
3239 5214 3435 5295 ἔργων,
3502 5217 3549 5272 εἰ
3614 5218 3826 5290 θάτερον

2190 5307 2387 5376 λείπει,
2419 5306 2550 5363 οὐδὲ
2577 5308 2640 5363 τὸ
2667 5304 2848 5383 ἕτερον
2900 5308 3109 5380 ὀνίνησι
3137 5309 3230 5364 τὸν
3277 5307 3503 5384 ἔχοντας
3528 5334 3545 5378 ;
3576 5303 3829 5377 Ζηλούτω

2187 5398 2388 5466 τοίνυν,
2420 5396 2862 5472 παρακαλοῦμεν,
2915 5400 2980 5454 τὰ
3033 5402 3171 5469 θεῖα,
3204 5399 3293 5453 καὶ
3345 5402 3562 5472 πρῶτον
3617 5396 3713 5470 μὲν
3761 5392 3830 5450 ὡς

2191 5492 2285 5543 τοῦ
2330 5491 2517 5542 κοινοῦ
2566 5490 2769 5563 πατρὸς
2838 5490 3020 5544 τέκνον
3084 5489 3527 5565 χρηματίζουσα,
3580 5503 3830 5540 συνεπαι-

2193 5579 2365 5652 ρέσθω
2414 5578 2549 5652 πρὸς
2598 5579 2665 5634 τὰ
2713 5576 2939 5637 δέοντα·
2984 5576 3228 5654 δεύτερον
3277 5577 3335 5634 δὲ
3399 5578 3472 5639 ὡς
3519 5579 3603 5649 τῷ
3666 5590 3829 5649 μακα-
