4084 6284
499 321 652 386 1003

1739 331 1805 389 S.
1849 326 2247 389 THEODORI
2291 327 2652 389 STUD1T1E

3724 324 3861 385 1004

487 457 712 516 Etenim
745 461 816 517 ab
846 462 1142 534 Apostolis
1162 468 1219 519 et
1261 462 1536 534 deinceps
1569 461 1762 517 multas
1787 475 2043 533 persape
2072 459 2101 514 ἱ]

2243 457 2563 512 ἀποστόλων
2618 457 2707 510 καὶ
2751 457 2998 524 κατόπιν,
3031 453 3340 534 πολλαχῶς
3394 453 3595 510 πολλαὶ
3646 455 3855 529 αἱρέσεις

484 563 609 604 eam
642 549 891 607 haereses
922 551 1220 608 irruerunt
1260 569 1273 606 :
1307 558 1363 607 et
1383 552 1599 624 ﬂagitia
1631 550 1854 619 illicita,
1886 552 2128 606 canoni—

490 636 596 693 bus
631 639 877 696 adversa
909 641 1161 709 fuerunt,
1196 641 1349 697 sicut
1388 657 1543 696 nunc
1573 650 1710 696 sunt
1744 638 1881 694 :illa
1910 645 2129 709 tamen,

483 729 982 797 quemadmodum
1014 729 1236 786 dictum
1270 736 1378 797 est,
1413 732 1539 785 sine
1572 728 1886 785 schismate
1917 736 1974 784 et
2005 746 2131 785 ma-

479 813 615 871 cula
645 818 883 882 mansit,
905 823 961 874 et
992 829 1290 891 permanet
1316 819 1375 874 in
1406 818 2038 888 mternum,subtractis
2076 827 2129 873 et

479 904 679 974 ejectis
710 906 782 961 ab
817 923 886 963 ea
919 910 1068 964 male
1098 908 1487 965 sentientibus
1519 907 1788 979 maleque
1822 908 2127 978 agentibus

482 996 760 1066 tanquam
794 995 1068 1053 ﬂuctibus
1098 998 1169 1052 ab
1204 998 1549 1054 inconcusso
1581 1002 1638 1053 et
1671 997 1965 1053 maritimo
1986 1013 2125 1052 saxo

486 1083 759 1154 repulsis.

550 1263 635 1319 Ad
669 1280 777 1321 nos
808 1264 987 1335 igitur
1012 1266 1333 1335 redeamus,
1360 1267 1552 1333 frater,
1585 1272 1643 1323 et
1673 1267 1929 1322 veritatis
1950 1268 2126 1323 lucem

482 1366 902 1425 sacrorumque
926 1370 1216 1410 canonum
1232 1356 2118 1427 aspiciamus,quemadmodum

478 1441 756 1513 dogmata
788 1446 979 1498 tenere
1011 1443 1274 1500 videmur
1306 1460 1320 1499 :
1353 1460 1459 1500 nos
1491 1444 1829 1514 potissimus
1848 1445 1948 1516 qui
1994 1462 2121 1500 mo-

484 1530 654 1585 nachi
682 1546 913 1598 sumus,
933 1537 992 1588 et
1021 1531 1243 1604 aliquid
1274 1549 1402 1589 esse
1428 1534 1857 1590 existimamur.
1880 1534 1945 1590 Si
1971 1534 2119 1590 enim

476 1618 663 1674 lumen
726 1621 870 1691 quod
913 1622 973 1675 in
1017 1620 1177 1676 nobis
1232 1628 1312 1675 est
1362 1622 1592 1677 tenebrm
1639 1626 1763 1678 sunt
1795 1641 1814 1679 :
1875 1626 2119 1681 tenebras

473 1715 699 1779 quanta
725 1715 887 1763 erunt
910 1707 956 1744 ⁸⁸
980 1712 1005 1762 .9
1025 1720 1077 1765 ει
1103 1712 1154 1765 si
1181 1710 1265 1765 sal
1303 1714 1610 1779 evanueril,
1644 1715 1703 1767 in
1747 1729 1850 1784 quo
1908 1713 2115 1769 salien-

474 1794 626 1850 tur"
649 1793 784 1899 laici
816 1794 1227 1851 ‘IArbitramur
1246 1803 1323 1899 te:
1356 1800 1524 1868 idque
1559 1815 1880 1869 precamur,
1912 1816 2112 1854 eorum
2145 1834 2191 1899 Β

475 1897 600 1953 quas
627 1882 705 1938 ibi
728 1887 886 1951 sunt,
912 1890 1263 1941 servatorem
1285 1885 1425 1956 fore,
1449 1887 1717 1943 etlumen
1736 1893 1792 1943 et
1812 1888 2111 1944 lucernam

475 1971 843 2042 perfectionis
873 1989 938 2027 ac
970 1973 1199 2045 pietatis
1233 1990 1247 2029 :
1281 1992 1394 2031 non
1429 1977 1627 2031 omnia
1656 1983 1712 2032 te
1741 1978 2006 2033 omnibus
2028 1994 2117 2033 ex-

476 2059 761 2128 hibendo,
780 2060 880 2117 sed
893 2061 1125 2117 virtutis
1145 2062 1503 2134 excellentia,
1526 2070 1583 2121 et
1601 2068 1718 2121 vita
1739 2082 1807 2121 ex
1820 2082 2108 2123 canonum

485 2148 604 2219 lege
634 2156 1113 2222 acta,sanctaque
1144 2154 1611 2210 conversatione:
1644 2160 1701 2210 et
1734 2171 1899 2226 (equo
1918 2156 2113 2211 animo

473 2237 556 2292 fer
574 2237 773 2295 fratris
790 2238 873 2295 tui
898 2240 1353 2299 admonitionem
1378 2260 1446 2300 ex
1469 2242 1748 2300 charitale
1773 2245 2110 2316 profectam,

467 2326 777 2399 studioque
814 2329 1097 2398 veritatis,
1131 2334 1186 2386 et
1216 2332 1416 2389 divino
1440 2333 1685 2405 judicio.
1722 2334 1897 2389 Plura
1924 2335 2113 2389 dicere

469 2414 703 2471 animus
733 2417 1119 2491 desiderabat,
1153 2422 1248 2476 sed
1298 2421 1555 2493 epistolae
1606 2422 1902 2494 prolixitas
1934 2423 2110 2477 ﬁnem

467 2503 655 2560 facere
678 2506 882 2577 coegit.
905 2506 1081 2564 Grata
1105 2509 1272 2564 nobis
1296 2510 1399 2564 fuit
1428 2512 1656 2584 eulogia
1676 2516 1774 2566 tua
1808 2512 2112 2581 praedives,

477 2597 534 2649 et
565 2610 704 2649 cura
730 2611 896 2665 quam
916 2597 1063 2664 geris
1094 2596 1166 2653 de
1205 2597 1411 2654 humili
1449 2600 1804 2655 monasterio
1839 2610 1936 2655 tuo
1971 2615 1983 2653 :
2019 2616 2113 2654 ar-

470 2688 813 2754 gumentum
847 2687 1000 2757 quod
1038 2704 1236 2758 parcas
1265 2695 1323 2743 et
1357 2705 1459 2760 pro
1489 2705 1555 2743 eo
1587 2688 1832 2745 labores.
1869 2694 2112 2762 Magnus

469 2770 628 2828 labor
662 2777 798 2829 tuus
822 2790 835 2828 :
858 2776 957 2830 sed
990 2775 1273 2832 Dominus
1297 2777 1399 2832 tibi
1424 2779 1709 2833 retribuat
1740 2794 1870 2850 quae
1894 2780 2110 2833 deside-

470 2875 564 2915 ras
598 2861 922 2918 :virtutum
968 2863 1415 2936 incrementum,
1447 2873 1504 2922 et
1543 2868 1884 2939 perennium
1925 2868 2112 2937 ipsius

468 2948 749 3006 bonorum
787 2950 1121 3009 fruitionem
1137 2995 1149 3008 .

800 3254 990 3312 XXIX.
1024 3286 1085 3297 —
1105 3256 1280 3312 Leoni
1307 3258 1761 3330 orphanotropho.

2243 544 2684 621 προσεῤῥάγησαν
2740 546 2920 615 αύτῇ’
2978 545 3070 599 καὶ
3128 544 3445 619 ῥυπάσμαεα
3525 542 3723 615 ἄθεσμα
3774 545 3853 597 καί

2241 636 2563 690 ἀκανόνιστα
2614 634 2977 706 ἐπεπόλασαν,
3037 632 3219 707 ὥσπερ
3290 634 3380 688 καὶ
3436 634 3497 687 τὸ
3552 637 3676 685 νῦν⁸
3723 632 3853 687 ἀλλὰ

2243 726 2350 799 μὴν
2414 722 2550 791 αύτή
2616 727 2695 794 τῷ
2755 721 3135 797 προειρημένῳ
3200 722 3389 797 τρόπῳ
3468 721 3718 795 ἄσχιστος
3769 722 3847 775 καὶ

2238 814 2547 886 ἀμώμητος
2590 809 2977 884 διαμεμένηκε,
3026 811 3115 865 καὶ
3170 809 3414 883 διαμενεῖ
3441 808 3541 872 ἓως
3586 814 3679 864 τοῦ
3725 808 3847 864 αἰῶ-

2234 923 2345 970 νος,
2397 901 2863 976 ὑπεξαιρουμένων
2912 900 3000 955 καὶ
3045 899 3519 972 ἀποπεμπομένων
3560 898 3647 953 ἀπ’
3694 899 3847 966 αὐτῆς

2234 996 2342 1047 τῶν
2436 994 2616 1051 κακῶς
2711 987 3095 1067 φρονησάντων
3163 987 3198 1057 ἤ
3262 989 3570 1065 πραξάντων
3601 1006 3612 1018 ·
3681 985 3844 1061 ὥσπερ

2234 1083 2284 1153 ἐξ
2325 1083 2571 1138 ἀσείστου
2616 1083 2704 1136 καὶ
2761 1081 3033 1157 παραλίου
3089 1080 3284 1155 πέτρας
3335 1080 3401 1134 τὰ
3455 1081 3846 1153 προσρήσσοντα

2231 1172 2296 1226 κύ
2311 1193 2451 1245 ματα
2480 1213 2489 1224 .

2303 1261 2393 1321 Εἰς
2425 1260 2647 1321 ἑαυτοὺς
2681 1257 2770 1313 οὖν
2820 1261 3122 1333 γενώμεθα.
3155 1259 3199 1312 ὦ
3246 1255 3466 1335 ἀδελφέ,
3516 1257 3604 1311 καὶ
3654 1252 3843 1311 ἂπίϐω-

2233 1369 2326 1420 μεν
2358 1350 2492 1421 πρὸς
2515 1349 2577 1402 τὸ
2610 1352 2722 1419 φῶς
2750 1354 2850 1415 τῆς
2883 1345 3163 1417 ἀληθείας,
3216 1346 3305 1400 καὶ
3354 1350 3461 1400 τῶν
3500 1346 3657 1419 ἱερῶν
3696 1345 3845 1399 κανό-

2226 1459 2352 1505 νων,
2385 1436 2564 1510 ὥσπερ
2591 1436 2679 1491 καὶ
2708 1440 2814 1491 τῶν
2858 1434 3143 1509 δογμάτων
3196 1434 3471 1509 ἐγκρατεῖς
3502 1434 3811 1510 φαινοίμεθα
3833 1452 3844 1463 ·

2231 1525 2465 1599 μάλιστα
2495 1528 2655 1597 ἡμεῖς
2688 1524 2740 1579 οἳ
2786 1528 3111 1598 μονάζοντες
3139 1543 3150 1554 ·
3209 1523 3446 1595 μάλιστα
3488 1525 3650 1594 ἡμεῖς
3680 1524 3730 1576 οἱ
3759 1518 3845 1575 δο-

2224 1619 2445 1676 κοῦντες
2477 1615 2609 1668 εἶναί
2638 1635 2690 1668 τι
2718 1657 2729 1669 .
2768 1613 2836 1669 Εἰ
2870 1614 2988 1688 γὰρ
3017 1613 3089 1667 τὸ
3122 1613 3181 1667 ἐν
3216 1616 3377 1684 ἡμῖν
3420 1616 3551 1689 φῶς
3594 1611 3809 1671 σκότος
3834 1629 3844 1641 ·

2223 1705 2294 1759 τὸ
2326 1704 2559 1765 σκότος
2587 1703 2794 1757 πόσον
2821 1721 2834 1770 ;
2866 1702 3004 1771 καὶ,
3042 1700 3109 1756 Εἰ
3138 1700 3208 1756 τό
3242 1700 3401 1762 ἀλας
3438 1701 3848 1773 μωρανθήσε-

2223 1814 2359 1854 ται,
2409 1791 2469 1846 ἐν
2519 1791 2648 1846 τίνι
2696 1790 3180 1860 ἀλισθήσονται
3229 1791 3290 1844 οἱ
3341 1788 3615 1857 λαῖκοί;
3672 1793 3846 1861 Ἡμεῖς

2223 1881 2447 1955 οἰόμεθά
2485 1902 2562 1936 σε.
2613 1880 2703 1935 καὶ
2744 1879 3038 1954 εὐχόμεθα,
3078 1883 3185 1933 τῶν
3230 1876 3417 1933 αὐτόθι
3458 1884 3679 1952 σωτῆρα
3727 1879 3847 1931 εἶναι

2220 1970 2309 2025 καὶ
2334 1977 2618 2044 φωστῆρα,
2649 1969 2738 2023 καὶ
2770 1966 2974 2042 λύχνον
3008 1962 3282 2040 ἀκριϐείας
3312 1968 3403 2021 καὶ
3424 1962 3693 2026 εὐσεϐείας
3721 1986 3731 1997 ·
3759 1965 3847 2020 οὐκ

2223 2058 2282 2114 ἐκ
2311 2062 2407 2114 τοῦ
2445 2063 2574 2112 πᾶσι
2606 2059 2671 2112 τὰ
2708 2058 2881 2112 πάντα
2922 2058 3194 2132 γίνεσθαι,
3222 2054 3351 2110 ἀλλ’
3380 2053 3440 2110 ἐκ
3467 2061 3566 2110 τοῦ
3602 2057 3698 2123 τῆς
3725 2056 3840 2128 ἀρε-

2217 2155 2317 2216 τῆς
2348 2146 2538 2219 ὕψους,
2579 2146 2668 2201 καὶ
2722 2145 2780 2199 ἐκ
2815 2150 2913 2199 τοῦ
2960 2150 3414 2217 κεκανονισμένου
3465 2143 3615 2217 βίου,
3660 2143 3744 2197 καὶ
3789 2142 3841 2197 ἐκ

2216 2241 2314 2291 τοῦ
2371 2238 2729 2310 ἱεροπρεποῦς
2783 2232 3221 2306 πολιτεύματος.
3287 2233 3385 2288 Καὶ
3446 2231 3576 2310 φέρε
3622 2229 3841 2307 ἀδελφοῦ

2220 2347 2315 2380 σου
2349 2325 2650 2397 ὑπόμνησιν
2680 2324 3019 2398 ἀγαπητικὴν
3054 2320 3236 2387 οὖσαν,
3269 2321 3359 2375 καὶ
3413 2319 3722 2398 φιλαλήθη,
3763 2322 3843 2375 καί

2219 2414 2492 2488 θεόκριτον
2519 2457 2529 2469 .
2564 2413 2669 2469 Καὶ
2700 2414 2766 2467 τά
2793 2411 2971 2467 πλείω
3003 2410 3175 2485 λέγειν
3208 2413 3242 2479 ἡ
3276 2409 3533 2483 ἐπιθυμία
3571 2431 3639 2484 με
3670 2408 3840 2463 ἕλκεν

2218 2506 2253 2573 ἡ
2302 2502 2532 2578 ἀμετρία
2589 2500 2645 2556 δέ
2700 2505 2794 2556 τοῦ
2860 2501 3180 2575 γράμματος
3245 2498 3582 2554 συνέλκουσα
3639 2498 3845 2552 ἐνταῦθα

2218 2595 2364 2664 ἡμᾶς
2393 2590 2687 2646 καταπαύει
2716 2636 2729 2648 .
2762 2587 3156 2661 Ἀπεδεξάμεθά
3187 2610 3282 2644 σου
3335 2589 3514 2643 τοίνυν
3562 2589 3659 2655 τὴν
3706 2584 3847 2641 εὐλο-

2215 2681 2334 2756 γίαν
2363 2683 2462 2749 τὴν
2496 2678 2761 2734 πλουσίαν
2786 2724 2797 2736 .
2844 2679 2939 2733 Καὶ
2971 2677 3055 2734 ὅτι
3106 2678 3422 2756 ἐφρόντισας
3455 2679 3582 2752 περὶ
3630 2684 3725 2745 τῆς
3769 2696 3846 2730 τα-

2216 2771 2527 2830 πεινώσεως
2584 2774 2681 2823 τοῦ
2742 2767 3109 2842 μοναστηρίου
3169 2784 3298 2820 σου·
3362 2764 3560 2839 δεῖγμα
3619 2766 3709 2837 μὲν
3753 2768 3844 2819 τοῦ

2216 2858 2486 2930 φείδεσθαι
2520 2858 2608 2913 καὶ
2652 2864 2834 2913 πονεῖν
2886 2858 3020 2930 ὑπὲρ
3070 2857 3252 2926 αὐτοῦ,
3298 2858 3469 2918 κόπος
3523 2855 3581 2911 δέ
3611 2878 3703 2911 σου
3751 2858 3846 2910 ἱκα-

2217 2924 2308 3010 νός
2336 2993 2347 3005 .
2382 2946 2476 3004 Ἀ)
2492 2949 2541 3001 λ’
2572 2949 2600 3002 6
2632 2948 2830 3021 Κύριος
2860 2945 3243 3019 ἀνταμείψεταί
3276 2967 3334 3000 σε
3365 2947 3446 3007 οἷς
3476 2945 3727 3020 χρῄζεις,
3754 2946 3844 3011 τήν

2215 3044 2320 3095 τῶν
2353 3039 2555 3103 ἀρετῶν
2591 3036 2954 3110 ἐπανάληψιν,
2995 3036 3083 3091 καὶ
3108 3037 3208 3105 τήν
3240 3041 3345 3091 τῶν
3401 3035 3643 3090 αἰωνίων
3690 3031 3840 3090 αὐτοῦ

2216 3129 2428 3204 ἀγαθῶν
2457 3127 2757 3183 ἀπόλαυσιν
2786 3170 2797 3182 .

2483 3255 2599 3309 ΚΘ’.
2632 3287 2701 3296 --
2732 3254 2921 3307 Λέοντι
2954 3250 3342 3328 ὀρφανοτρόφψ
3368 3294 3380 3307 .
3414 3254 3589 3326 [μη¹.]

1916 3384 1977 3439 In
2014 3387 2251 3440 mortem
2285 3380 2407 3436 ﬁlii.

524 3481 914 3553 Cupiebamus
945 3485 1183 3557 ipsimet
1212 3488 1400 3546 venire
1420 3506 1905 3562 communemque
1924 3492 2093 3546 nobis

448 3569 634 3627 facere
660 3589 983 3630 erumnam
1015 3582 1265 3633 vestram
1326 3578 1477 3634 circa
1508 3580 1741 3635 beatum
1774 3580 1954 3636 ﬁlium
1996 3598 2091 3635 ve:

451 3664 663 3727 atrum,
696 3662 925 3719 domine
959 3664 1036 3718 mi
1058 3665 1578 3730 desideratissime.
1609 3685 1723 3724 non
1748 3670 2092 3739 perlitteras

447 3750 850 3806 tantummodo
875 3768 1075 3807 casum
1094 3752 1311 3826 lugere,
1334 3755 1700 3827 tristitiaeque
1735 3763 1940 3813 vestras
1964 3774 2091 3829 par-

448 3835 653 3907 ticipes
685 3839 983 3897 vobiscum
1019 3843 1157 3899 fieri.
1181 3844 1286 3907 Qui
1325 3845 1481 3899 enim
1513 3846 1821 3915 possitnon
1849 3846 2089 3903 misera-

448 3923 586 3994 bile,
617 3926 714 3998 qui
748 3930 928 3999 possit
960 3946 1073 3986 non
1116 3933 1465 4004 stupendum
1498 3934 1699 3999 videri,
1733 3935 1835 3990 filii
1868 3941 1995 4007 post
2018 3937 2085 3991 fi-

443 4012 590 4070 lium
612 4016 985 4088 privationem
1020 4023 1158 4091 pati,
1179 4027 1236 4076 et
1257 4023 1450 4078 vivum
1481 4024 1910 4094 quodammodo
1960 4026 2086 4082 the-

445 4119 688 4159 saurum
711 4106 997 4173 amittere,
1031 4109 1265 4166 divitias
1296 4111 1558 4181 genitivm
1582 4114 1974 4171 successionis
1994 4133 2087 4170 ex-

446 4196 710 4261 optatum
746 4196 995 4251 fructum
1032 4198 1260 4269 papillas
1313 4209 1605 4267 maternae,
1639 4202 1871 4258 oculum
1920 4204 2082 4259 fami-

447 4277 535 4334 liae
560 4280 1040 4350 pulcherrimum,
1059 4283 1199 4339 avia:
1214 4284 1492 4357 laetitiam,
1511 4290 1695 4343 totius
1719 4291 2084 4361 cognationis

446 4368 620 4423 decus
658 4377 713 4425 et
744 4380 1149 4428 ornamentum
1171 4372 1197 4426 ?
1231 4376 1461 4432 Primus
1493 4383 1654 4433 ortus
1687 4386 1770 4433 est
1810 4382 2030 4435 fructus
2066 4396 2079 4433 :

443 4457 1199 4532 etimmaturusgenitorum
1234 4470 1291 4519 et
1323 4467 1587 4523 manibus
1623 4473 1821 4537 raptus
1843 4468 2083 4523 est.Na-

444 4552 541 4603 tus
554 4554 643 4603 est
657 4550 968 4621 secundus,
984 4561 1036 4608 et
1053 4553 1205 4608 hunc
1219 4571 1451 4627 quoque
1475 4573 1632 4612 mors
1663 4559 1868 4613 acerba
1880 4574 2075 4614 corru-

442 4635 543 4707 pit.
576 4637 766 4693 Tertia
823 4638 998 4710 stirps
1061 4642 1284 4711 prodiit,
1331 4646 1773 4714 praecedentium
1808 4648 2081 4702 consola—

444 4723 522 4780 tio
553 4725 881 4794 ﬂorulenta,
901 4729 1270 4801 perpulchra,
1290 4734 1467 4787 vitam
1491 4734 1559 4788 ad
1595 4734 1831 4789 tertium
1858 4753 2077 4793 annum

442 4813 683 4882 ducens,
720 4816 776 4870 in
799 4833 909 4888 qua
935 4835 1227 4890 suspensae
1245 4829 1549 4893 parentum
1565 4826 1774 4879 animae
1804 4826 2075 4879 teneban-

440 4906 535 4957 tur
567 4918 581 4957 :
617 4908 694 4972 et,
727 4920 759 4959 o
788 4904 1175 4963 calamitatem
1206 4909 1219 4963 l
1254 4926 1389 4965 nam
1422 4928 1617 4968 vocem
1673 4930 1901 4985 quoque
1960 4930 2086 4985 pro-

442 4990 654 5046 scindit
682 4992 844 5050 dolor
878 5011 890 5048 :
926 4998 1168 5053 excessit
1199 4999 1292 5053 hic
1323 5000 1493 5055 etiam
1529 5017 1597 5055 ex
1628 5003 1816 5057 oculis
1848 5003 2082 5070 vestris,

441 5081 715 5153 quodque
748 5086 1141 5140 miserrimum
1176 5092 1282 5153 est,
1315 5094 1472 5159 patre
1525 5106 1635 5143 non
1693 5098 1992 5159 praesente.
2020 5091 2085 5146 Et

438 5169 575 5241 quid
611 5187 755 5236 opus
773 5180 857 5229 est
880 5174 1270 5230 calamitatem
1292 5192 1637 5248 exaggerars
1656 5180 1684 5234 *ἲ
1715 5181 2078 5236 Conscissum

440 5263 527 5313 est
555 5274 653 5313 cor
689 5266 965 5329 vestrum,
1001 5266 1201 5335 patris.
1236 5266 1465 5330 matris,
1499 5267 1747 5323 dominae
1794 5270 2079 5339 patriciae;

438 5351 497 5401 et
519 5363 617 5419 per
678 5355 989 5421 utramque
1042 5351 1273 5423 gladius
1330 5356 1726 5424 pertransivit;
1781 5357 2084 5431 dolorique

442 5436 788 5504 medebitur,
812 5455 923 5493 non
966 5456 1180 5510 seruio,
1215 5459 1326 5496 non
1390 5445 1709 5502 consolatio
1767 5447 1851 5503 vel
1884 5448 1956 5503 ab
1988 5449 2084 5506 ho-

506 5619 550 5654 “
582 5619 786 5676 Matth.
811 5636 884 5688 vr,
917 5622 1005 5678 23.
1082 5622 1130 5657 ⁸⁷
1162 5623 1367 5682 Matth.
1402 5644 1457 5693 ν,
1492 5628 1577 5685 13.

2110 4783 2155 4848 D

2274 3483 2651 3559 Ἐϐουλόμεθα
2696 3488 2860 3558 ἡμεῖς
2917 3484 3071 3539 αὐλοὶ
3119 3490 3388 3557 παρεῖναι,
3439 3484 3533 3538 καὶ
3585 3490 3841 3551 κοινωνῆ-

2200 3596 2287 3630 σαι
2336 3583 2436 3645 τῆς
2482 3575 2702 3645 ἐνούσης
2756 3576 2881 3647 ὑμῖν
2930 3577 3235 3650 συμφορᾶς,
3295 3572 3417 3645 περὶ
3462 3574 3527 3627 τὸ
3585 3574 3837 3647 μακάριον

2204 3664 2356 3736 ὑμῶν
2405 3665 2613 3731 τέκνον,
2665 3661 2818 3736 κύριέ
2873 3683 2977 3735 μου
3037 3661 3404 3729 ποθεινότατε,
3466 3661 3585 3737 οὐχ
3631 3664 3712 3716 ὅτι
3753 3661 3836 3715 διὰ

2199 3751 2522 3827 γράμματος
2575 3749 2923 3826 θρηνῳδῆσαι
2970 3753 3033 3805 τὸ
3063 3752 3234 3811 πάθος
3286 3751 3373 3805 καὶ
3425 3755 3829 3824 συμμετασχεῖν

2201 3841 2330 3911 ὑμῖν
2359 3844 2459 3894 τοῦ
2493 3838 2742 3913 λυπηροῦ
2770 3883 2782 3895 .
2817 3844 2941 3901 Πῶς
2970 3840 3073 3913 γὰρ
3105 3839 3204 3893 οὐκ
3226 3838 3478 3905 ἐλεεινὸν,
3510 3845 3633 3902 πῶς
3658 3838 3713 3894 δὲ
3742 3839 3831 3893 οὐκ

2197 3928 2534 3996 ἐκστατικὸν,
2577 3925 2768 3988 παιδὸς
2826 3927 2911 3983 ἐπὶ
2967 3924 3116 3982 παιδί
3176 3929 3425 4001 στέρησιν
3489 3932 3699 3998 παθεῖν,
3747 3927 3829 3981 καὶ

2197 4020 2312 4075 οἷον
2355 4017 2619 4072 ἀπολέσαι
2670 4018 2761 4072 τὸν
2817 4014 3068 4091 ἔμψυχον
3119 4018 3414 4092 θησαυρὸν,
3453 4018 3550 4072 τὸν
3596 4016 3826 4072 πλοῦτον

2193 4114 2292 4175 τῆς
2339 4113 2556 4180 γονικῆς
2608 4103 2897 4180 διαδοχῆς,
2944 4106 3035 4161 τὸν
3092 4105 3427 4161 πολύευκτον
3477 4109 3687 4179 καρπὸν
3734 4111 3825 4172 τῆς

2198 4197 2455 4269 μητρῴας
2489 4194 2691 4265 θηλῆς,
2723 4196 2813 4251 τὸν
2847 4194 3157 4263 περικαλλῆ
3193 4194 3478 4268 ὀφθαλμὸν
3508 4198 3613 4261 τῆς
3644 4194 3826 4258 οἰκίας,

2191 4295 2290 4356 τῆς
2342 4289 2700 4361 προμήτορος
2722 4288 2783 4341 τὸ
2814 4285 3158 4359 ἀγαλλίαμα,
3190 4292 3290 4355 τῆς
3342 4285 3479 4356 ὅλης
3527 4284 3824 4362 συγγενείας

2192 4378 2253 4433 οὸ
2295 4373 2726 4448 σεμνολὸγημα;
2776 4377 2942 4432 Ἦκεν
2978 4377 3005 4430 ὁ
3034 4374 3243 4450 πρῶτές
3302 4376 3510 4449 καρπός
3539 4394 3550 4406 ·
3606 4375 3693 4429 καὶ
3723 4372 3823 4427 ἆω-

2195 4486 2283 4540 ρος
2318 4465 2375 4519 ἐκ
2401 4470 2509 4519 τῶν
2539 4470 2769 4539 γονικῶν
2820 4469 3019 4539 χειρῶν
3071 4464 3389 4538 ἀνηρπάσθη
3419 4507 3431 4520 .
3485 4466 3624 4543 Ἐφυ
3656 4464 3682 4517 ὁ
3714 4460 3822 4516 δεύ·

2190 4576 2346 4628 τερος
2374 4573 2385 4585 ·
2421 4554 2507 4607 καὶ
2552 4557 2747 4608 τοῦτον
2796 4552 3112 4626 ἐλυμήνατο
3145 4554 3172 4607 ὁ
3204 4555 3397 4628 πικρὸς
3448 4552 3703 4612 θάνατος.
3743 4550 3825 4607 Τέ-

2191 4645 2329 4714 θηλε
2357 4646 2419 4699 τὸ
2451 4649 2635 4719 κρίτον
2673 4644 2988 4721 βλάστημα,
3021 4643 3334 4717 παραμυθία
3374 4648 3480 4698 τῶν
3530 4643 3825 4715 προτέρων,

2194 4735 2432 4805 εὐαυθὲς,
2489 4733 2839 4808 περικαλλὲς,
2900 4732 3027 4809 ἆγον
3081 4733 3142 4786 τὸ
3196 4733 3462 4807 βιώσιμον
3496 4732 3601 4792 εἷς
3650 4734 3823 4803 τριετῆ

2196 4827 2391 4898 χρόνον
2417 4842 2427 4854 ·
2464 4821 2514 4877 ἒν
2548 4824 2593 4895 ᾧ
2623 4824 2677 4877 αἱ
2730 4823 2902 4897 ψυχαὶ
2954 4822 3323 4894 ἀπεκρέμαντο
3375 4826 3481 4875 τῶν
3529 4820 3821 4875 τεκόντων·

2194 4912 2280 4965 καὶ
2314 4917 2410 4987 φεῦ
2458 4919 2556 4979 τῆς
2606 4913 2925 4988 συμφορᾶςί
2982 4910 3229 4983 ἐγκόπτει
3259 4911 3362 4984 γὰρ
3414 4912 3474 4965 τὸ
3525 4910 3692 4970 πάθος
3742 4905 3823 4961 καί

2191 5003 2253 5054 τὸ
2284 4999 2633 5079 φθέγγεσθαι·
2669 4999 2850 5077 ᾤχετο
2882 5002 2972 5054 καὶ
3000 5004 3161 5054 τοῦτο
3194 4999 3240 5068 ἐξ
3276 4998 3577 5074 ὀφθαλμῶν
3641 5001 3819 5071 ὑμῶν·

2191 5090 2279 5143 καὶ
2312 5092 2439 5163 τόγε
2470 5088 2850 5164 ἐλεεινότερον,
2890 5086 3029 5163 μηδὲ
3054 5089 3135 5143 ἐπ’
3186 5086 3364 5162 ὅψεως
3415 5095 3514 5155 τῆς
3566 5091 3820 5159 πατρικῆς

2192 5180 2526 5253 παρουσίας.
2581 5182 2673 5235 Καὶ
2725 5180 2776 5233 τί
2831 5178 2911 5234 δεῖ
2958 5176 3314 5253 ἐκτραγῳδεῖν
3365 5179 3461 5245 τὴν
3512 5177 3816 5252 συμφοράν;

2191 5271 2468 5343 Τέτμηται
2529 5271 2682 5340 ὑμῶν
2714 5271 2747 5338 ἡ
2780 5266 2997 5343 καρδία,
3045 5273 3142 5323 τοῦ
3189 5269 3415 5340 πατρὸς,
3462 5270 3558 5330 τῆς
3601 5266 3815 5338 μητρὸς.

2189 5364 2286 5425 τῆς
2340 5360 2551 5434 κυρίας,
2584 5366 2685 5427 τῆς
2732 5358 3017 5431 πατρικίοις
3046 5378 3059 5391 ⁶
3111 5358 3200 5412 καὶ
3253 5356 3495 5433 ῥομφαία
3527 5354 3614 5410 διὰ
3666 5357 3816 5425 μέσου

2190 5451 2514 5525 ἀμφοτέρων
2566 5447 2805 5518 ἐλήλυθε
2832 5469 2843 5481 ’
2896 5450 2985 5503 καὶ
3028 5449 3089 5503 τὸ
3137 5447 3344 5522 ἄλογον
3388 5447 3718 5521 θεραπεύσει,
3761 5440 3815 5495 οὐ
