4084 6284
199 447 348 506 1005

1463 440 2023 504 EPIS'l‘OLARUM
2069 444 2214 504 LIB.
2260 444 2309 503 Ι.

3431 447 3584 509 1006

198 576 383 649 λόγος,
419 578 487 630 ού
532 574 903 649 παραμύθιον,
941 573 1040 627 οὐκ
1088 571 1136 641 ἐξ
1186 571 1495 644 ἀνθρώπου,
1529 570 1627 625 οὐκ
1676 573 1832 647 ἀγγέ-

1947 575 2092 631 mine
2114 577 2200 631 vel
2232 577 2302 631 ab
2353 577 2577 645 angelo,
2614 582 2711 634 sed
2746 596 2780 633 a
2810 578 2931 635 solo
2983 580 3119 648 Deo,
3152 581 3243 652 qui
3302 581 3428 637 vite
3477 598 3580 637 no-

197 664 320 733 λου,
350 663 479 720 ἀλλ’
510 662 569 717 ἐκ
618 664 784 735 μόνου
826 666 923 716 τοῦ
972 665 1122 728 Θεοῦ,
1156 664 1251 715 τοῦ
1302 660 1473 720 οὕτως
1522 659 1826 731 διαθεμένοι

195 754 321 815 τοὺς
378 760 478 822 τῆς
537 757 681 822 ζωῆς
738 754 897 822 ἡμῶν
955 751 1135 821 ὅρους.
1177 749 1349 810 Αὐτὸς
1401 748 1499 823 γάρ
1559 748 1693 817 ἐστι,
1750 747 1827 803 δέ·

200 843 369 896 σποτά
427 862 554 915 μου,
614 842 642 896 ὁ
700 840 762 895 τὸ
815 840 1145 913 τριπόθητον
1208 838 1358 910 ὑμῶν
1416 836 1600 893 τέκνον
1661 858 1829 910 προσ.

200 927 507 1003 λαϐόμενος
542 948 555 961 ⁸
617 928 795 1003 ὥσπερ
844 930 932 984 καὶ
978 929 1047 983 τά
1101 922 1448 1001 προλαϐόντα
1503 927 1832 1001 προσληψά-

202 1042 382 1094 μενος.

268 1112 527 1184 Αυπηρὸν
562 1113 675 1183 μὲν,
709 1109 798 1164 καὶ
848 1109 989 1177 λίαν,
1020 1110 1082 1163 τὸ
1131 1110 1248 1163 καθ’
1282 1109 1418 1180 ὑμᾶς
1450 1127 1463 1140 ·

200 1198 255 1254 δὲ
286 1199 374 1255 καὶ
406 1205 520 1261 τοῖς
551 1198 980 1271 προσληφθεῖσιν
1013 1219 1024 1231 ·
1059 1196 1244 1267 ἐπειδὴ
1278 1196 1542 1271 ἄχραντοι
1576 1198 1668 1251 καὶ
1695 1198 1833 1266 ἀκη-

198 1289 425 1345 λίδωτοι
474 1289 525 1361 ἐξ
577 1290 854 1361 ἁμαρτιῶν
908 1285 997 1341 διὰ
1042 1294 1141 1355 τῆς
1189 1287 1541 1361 ἀρτιγενείας,
1586 1286 1837 1363 ἐγχωρήο

198 1400 380 1441 σαντες
436 1383 544 1432 τῶν
600 1375 804 1432 ἐνθένδε
860 1378 995 1452 πρὸς
1052 1378 1142 1432 τὸν
1201 1377 1463 1451 μακάριον
1516 1377 1607 1431 καὶ
1653 1378 1832 1444 ἀπαθῆ

200 1468 342 1543 βίον,
375 1467 426 1521 ἐν
457 1465 687 1529 κόλποις
722 1462 973 1541 Ἀϐραὰμ
1003 1467 1319 1543 χορεύουσι,
1356 1467 1491 1537 μετά
1539 1466 1707 1540 ἁγίων
1740 1488 1835 1533 νη-

196 1559 340 1611 πίων
368 1554 802 1626 συναυλίζονται,
839 1556 973 1629 μετά
1014 1553 1222 1610 παίδων
1272 1557 1653 1631 χριστοφόρων
1706 1556 1836 1609 ἀνα-

201 1646 518 1720 μέλπουσιν.
569 1648 729 1701 ’Ώστε
774 1645 873 1700 οὐκ
918 1643 1181 1700 ἀπόλωλε
1227 1646 1292 1698 τὰ
1337 1643 1606 1699 κάλλιστα
1659 1644 1834 1709 τέκνα,

194 1734 345 1791 ἀλλὰ
372 1734 632 1789 σέσωσται
678 1735 807 1805 ὑμῖν
852 1734 941 1788 καὶ
997 1732 1255 1805 διαμένει.
1290 1734 1387 1787 Καὶ
1432 1731 1691 1805 ἐπόψεσθε
1740 1730 1833 1786 αὕ-

193 1824 257 1878 τά
296 1825 487 1897 μικρὸν
524 1825 765 1896 ὕστερον,
799 1823 959 1892 ἡνίκα
986 1821 1045 1876 ἂν
1076 1821 1233 1885 τέλος
1275 1820 1487 1890 δέξηται
1520 1825 1553 1889 ἡ
1601 1824 1832 1897 χρονικὴ

1507 1107 1569 1163 οὗ
1618 1108 1833 1169 πάντως

1936 670 2070 720 εῑιιω
2110 665 2392 722 terminos
2431 668 2509 722 ita
2536 667 2824 738 diposant.
2858 668 2985 739 Ipse
3025 671 3181 726 enim
3214 676 3321 739 est,
3345 672 3586 727 Domine

1939 754 2041 819 mi,
2074 753 2169 823 qui
2204 754 2650 811 dilectissimum
2682 757 2867 812 ﬁlium
2917 764 3169 816 vestrum
3227 761 3570 831 assumpsit,

1941 842 2094 898 sicut
2122 849 2179 899 et
2211 844 2596 914 praecedentes
2624 854 3038 918 assumpserat.

2017 1113 2205 1168 Triste
2217 1112 2453 1183 quidem
2468 1112 2786 1169 admodum
2801 1116 2953 1182 quod
2981 1116 3051 1170 ad
3085 1131 3188 1171 vos
3203 1119 3457 1185 spectat;
3478 1116 3578 1171 sed

1947 1220 2061 1257 non
2094 1203 2165 1258 iis
2198 1204 2846 1274 prorsusquiassumpti
2878 1210 3050 1265 sunt;
3084 1207 3299 1277 quippe
3314 1206 3582 1278 quilabis

1946 1298 2207 1360 expertes
2237 1292 2308 1346 ob
2340 1302 2623 1347 recentem
2658 1298 2871 1363 ortum,
2901 1300 2956 1349 et
2986 1295 3347 1350 immaculati
3380 1312 3412 1349 a
3444 1311 3581 1365 pec-

1947 1382 2111 1447 catis,
2127 1382 2198 1437 ad
2223 1380 2449 1436 beatam
2476 1383 2649 1437 vitam
2670 1382 2805 1439 hinc
2821 1383 3155 1453 profecti,in
3176 1384 3309 1439 sinu
3340 1383 3581 1439 Abrahae

1946 1469 2154 1525 choros
2185 1474 2426 1535 ducunt,
2456 1487 2588 1525 cum
2618 1472 2835 1526 sanctis
2890 1471 3214 1527 infantibus
3265 1472 3578 1527 stationem

1946 1558 2185 1623 habent,
2216 1569 2268 1614 et
2308 1576 2441 1615 cum
2473 1561 2665 1628 pueris
2721 1560 3014 1615 Christum
3066 1561 3441 1630 sequentibus
3471 1561 3582 1633 hy-

1948 1664 2116 1703 mnos
2146 1658 2382 1703 canunt.
2419 1648 2616 1717 Itaque
2638 1667 2752 1704 non
2785 1648 3169 1720 interiegrunt
3207 1650 3420 1719 egregii
3452 1650 3581 1715 filii,

1946 1738 2041 1791 sed
2069 1736 2393 1792 incolumes
2432 1740 2592 1792 vobis
2657 1744 2912 1804 manent,
2944 1755 3157 1808 eosque
3211 1740 3581 1807 postmodum

1945 1829 2494 1900 conspicietis,cum
2551 1832 2623 1884 ad
2673 1830 2894 1885 exitum
2955 1830 3294 1901 temporalis
3316 1830 3437 1887 hac
3467 1833 3581 1887 vita

197 1916 312 1982 ζωή
348 1912 508 1981 αὕτη,
540 1911 801 1987 χαίροντα
844 1912 932 1965 καὶ
965 1910 1339 1987 ἀγαλλόμενα,
1373 1912 1474 1965 οὐκ
1522 1911 1571 1965 ἐν
1605 1911 1832 1985 βραχείᾳ

204 2000 617 2015 .κ..,ς.,
742 2000 857 2015 ς,
1084 1998 1341 2015 ςκ,
1624 2003 1737 2015 ..υ

1947 1919 2286 1990 pervenerit,
2304 1920 2622 1989 gaudentes
2637 1925 2695 1973 et
2714 1920 3067 1975 exsultantes
3084 1936 3194 1975 non
3210 1920 3268 1974 in
3302 1919 3459 1976 brevi
3473 1919 3579 1976 hac

194 2001 408 2072 ἡλικίᾳ,
443 2000 569 2055 ἀλλ’
599 2000 651 2056 ἐν
679 2000 989 2069 τελειότητι
1018 2004 1114 2053 τοῦ
1152 1998 1527 2072 πληρώματος
1558 2004 1653 2053 τοῦ
1698 2003 1833 2072 Χρι-

424 2091 602 2151 καθὼς
677 2091 994 2164 γέγραπται.
1074 2088 1166 2142 Διὸ
1246 2088 1667 2161 παρακαλοῦμεν
1744 2089 1831 2142 καὶ

871 2178 1161 2250 λογισμοῖς
1246 2179 1460 2238 τούτοις
1519 2176 1833 2242 κατεπᾴδειν

195 2093 347 2159 στου,

192 2176 618 2251 ἀντιϐολοῦμεν,
676 2184 792 2239 τοῖς

193 2269 409 2331 ἑαυτοῖς
466 2268 600 2322 κατά
657 2269 720 2323 τὸ
780 2265 1000 2338 ὗληθὲς,
1048 2268 1138 2320 καὶ
1197 2266 1431 2322 ἐντεῦθεν
1492 2266 1715 2339 ἐξαίρειν
1773 2267 1833 2321 τὸ

195 2358 429 2429 ἄμετρον
490 2357 734 2431 λυπηρὸν
792 2363 891 2424 τῆς
949 2359 1155 2430 ψυχῆς.
1214 2356 1395 2428 Μὲτρα
1455 2357 1558 2429 γὰρ
1636 2351 1831 2409 ἔδωκεν

196 2451 333 2520 ἡμῖν
367 2450 394 2501 ὅ
438 2447 630 2519 Κύριος
662 2465 673 2477 ·
723 2443 815 2499 ’ίνα
844 2446 933 2499 καὶ
982 2446 1051 2500 τὰ
1098 2445 1293 2520 φυσικᾶ
1336 2444 1621 2520 σπλάγχνα
1667 2443 1833 2499 ἐνδει-

194 2537 450 2611 κνύμεθα,
502 2537 587 2590 καὶ
638 2535 764 2596 τοὺς
812 2542 910 2602 τῆς
960 2534 1283 2606 αυταρκείας
1331 2534 1490 2604 ὅρους
1542 2536 1616 2607 μὴ
1674 2535 1835 2608 ὑπερ-

197 2622 492 2697 ϐαίνωμεν.
525 2626 594 2679 Τὸ
631 2624 722 2696 μὲν
752 2625 855 2698 γὰρ
890 2623 965 2685 εἰς
996 2621 1146 2677 ἔλεον
1178 2628 1313 2677 κινεῖ
1340 2626 1402 2678 τὸ
1435 2630 1588 2678 Θεῖον
1623 2642 1634 2655 ’
1685 2623 1747 2677 τὸ
1780 2620 1836 2677 δὲ

197 2716 590 2792 ἀντιφέρεσθαι,
638 2719 784 2767 ποιεῖ
839 2718 955 2774 τοῖς
1015 2720 1112 2781 τῆς
1166 2714 1433 2785 Προνοίας
1483 2710 1832 2786 διατάγμασι.

203 2806 296 2861 Καὶ
326 2805 389 2859 τὸ
424 2806 518 2876 μὲν
564 2804 832 2878 εὐφραίνει
862 2803 987 2864 τοὺς
1036 2801 1369 2863 ἀπελθόντας
1406 2823 1417 2833 ’
1451 2803 1511 2856 τὸ
1562 2799 1618 2856 δὲ
1651 2804 1837 2857 λυπεῖν

202 2891 386 2947 ε’ίωθεν
438 2892 630 2954 αὐτοὺς
671 2893 800 2953 τοὺς
856 2891 1202 2955 ἀναπαύσεως
1244 2891 1534 2965 τυχόντας.
1580 2898 1685 2953 Πᾶς
1733 2894 1835 2967 γάρ

203 3003 279 3043 τις
313 2982 565 3055 βούλεται
614 2983 827 3059 χαίρειν
861 2981 948 3035 ἐπὶ
995 2986 1063 3054 τῇ
1097 2980 1271 3051 οἰκείᾳ
1315 2985 1481 3055 χαρᾷ,
1533 2979 1659 3035 ἀλλ’
1709 2982 1833 3057 ούχί

199 3071 483 3126 λυπεῖσθαι
527 3072 655 3132 τοὺς
701 3070 879 3150 φιλεῖν
928 3069 1354 3145 ὁμολογοῦντας.
1401 3074 1593 3141 Ἡμεῖς
1646 3067 1702 3123 δὲ
1748 3092 1837 3124 πι-

197 3160 479 3233 στεύομεν,
512 3160 599 3214 καὶ
647 3158 812 3214 πάλιν
847 3159 899 3214 ἐν
948 3160 1135 3234 γαστρὶ
1185 3156 1319 3229 ἕξειν
1364 3160 1462 3225 τήν
1514 3160 1700 3231 κυρίαν
1740 3162 1838 3227 τήν

194 3248 631 3323 Χαρτουλαρίαν,
682 3249 767 3302 καὶ
819 3248 1057 3317 τέξεσθαι
1103 3248 1218 3301 υἱὸν
1270 3246 1445 3301 οὐκέτι
1494 3246 1836 3321 ταχύμορον,

1944 2014 2124 2074 aetate,
2159 2009 2259 2063 sed
2318 2008 2375 2062 in
2438 2009 2785 2078 perfectione
2843 2008 3217 2077 plenitudinis
3248 2008 3483 2077 Christi,
3519 2017 3582 2063 ut

1943 2098 2223 2168 scriptum
2259 2102 2348 2151 est
2374 2095 2442 2151 ⁸⁸.
2476 2098 2859 2163 Quamobrem
2894 2098 3197 2153 hortamur
3225 2103 3281 2153 et
3318 2098 3579 2154 obsecra-

1946 2187 2521 2257 mus,utbisvosipsi
2554 2187 3003 2256 cogitationibus
3035 2204 3229 2243 revera
3244 2186 3568 2255 mulceatis,

1944 2278 2001 2329 et
2030 2274 2408 2328 immodicum
2423 2273 2558 2329 hinc
2575 2274 2786 2328 animae
2798 2272 3056 2328 dolorem
3073 2272 3397 2344 depellatis.
3415 2273 3579 2329 Men-

1946 2379 2117 2417 surae
2148 2362 2300 2417 enim
2336 2362 2539 2416 statuit
2571 2362 2738 2417 nobis
2768 2361 3080 2417 Dominus:
3117 2366 3180 2416 ut
3210 2367 3266 2417 et
3295 2362 3582 2417 naturalia

1946 2452 2167 2506 viscera
2197 2451 2595 2516 ostendamus,
2626 2461 2679 2505 et
2709 2450 2997 2521 legitimos
3020 2450 3231 2505 limites
3251 2467 3364 2507 non
3389 2457 3581 2506 trans-

1946 2540 2298 2613 grediamur.
2334 2540 2592 2595 Alterum
2624 2539 2779 2594 enim
2810 2540 2880 2593 ad
2915 2539 3366 2594 misericordiam
3399 2541 3581 2596 Deum

1948 2632 2140 2684 movet
2174 2644 2187 2681 :
2224 2626 2472 2681 alterum
2505 2626 2881 2695 providentiae
2914 2625 3162 2680 decretis
3192 2630 3584 2697 repugnantes

1948 2716 2105 2771 facit.
2140 2715 2204 2770 Et
2235 2716 2479 2768 alterum
2508 2730 2710 2769 rursus
2768 2729 2866 2769 eos
2917 2711 3200 2769 exhilarat
3239 2713 3336 2784 qui
3386 2729 3583 2769 exces-

1948 2810 2151 2859 serunt
2181 2803 2428 2858 alterum
2460 2804 2803 2858 contristare
2834 2801 2963 2857 illos
2989 2802 3154 2870 solet,
3179 2803 3279 2873 qui
3320 2804 3575 2874 requiem

1949 2896 2307 2965 adeptisunt.
2328 2895 2466 2948 Vult
2484 2894 2638 2947 enim
2656 2893 3060 2964 unusquisque
3076 2894 3132 2946 in
3150 2893 3586 2963 proprialaetitia

1947 2984 2145 3051 laetari,
2181 3001 2245 3038 ac
2278 3000 2391 3039 non
2423 2983 2635 3051 dolere,
2660 2998 2758 3038 eos
2790 2983 2889 3053 qui
2918 2999 3113 3037 amare
3134 2998 3194 3037 se
3224 2983 3446 3037 dicunt.
3470 2983 3587 3038 Nos

1946 3090 2080 3129 vero
2112 3080 2167 3128 et
2196 3073 2501 3128 Dominam
2533 3072 2978 3137 Chartulariam,
3003 3076 3235 3127 uterum
3268 3071 3460 3127 denuo
3486 3088 3587 3143 ge-

1949 3168 2233 3218 staturam
2249 3162 2561 3227 credimus,
2576 3170 2628 3215 et
2652 3160 2836 3215 filium
2870 3162 3192 3227 enixuram,
3214 3177 3329 3216 non
3346 3170 3457 3215 tam
3470 3161 3584 3216 oito

1952 3253 2316 3319 moriturum,
2348 3250 2451 3305 sed
2482 3251 2769 3305 diuturnae
2801 3248 2929 3303 vita
2958 3251 3223 3304 futurum
3257 3251 3327 3304 ad
3353 3249 3581 3321 generis

193 3318 342 3393 ἀλλά
373 3318 1005 3410 προμακροημερεύοντα
1054 3337 1128 3397 εἷς
1160 3333 1426 3411 διαδοχὴν
1455 3318 1684 3409 γένους·
1722 3318 1832 3408 ’μό-

1953 3341 2424 3413 prOpagationem
2461 3355 2473 3392 :
2507 3339 2823 3393 dummodo
2881 3337 3140 3393 dolorem
3192 3340 3583 3403 moderemur,

191 3448 280 3481 νον
335 3426 427 3481 ἐὰν
475 3427 851 3499 μετριάσωμεν
907 3426 969 3479 τὸ
1026 3426 1213 3490 πάθος,
1275 3425 1364 3479 καὶ
1412 3426 1510 3486 τὰς
1562 3425 1696 3499 ὑπὲρ
1740 3429 1837 3479 τοῦ

189 3514 393 3577 παιδος
427 3512 717 3586 ἀποδῶμεν
762 3513 908 3588 ἔργῳ
939 3517 1026 3568 καί
1081 3514 1232 3588 λόγῳ
1267 3514 1581 3590 προσφοράς
1614 3514 1836 3591 εὐχαρί-

192 3625 358 3666 στους
390 3608 472 3675 τῷ
503 3602 745 3676 Δεσπότῃ
780 3607 1019 3676 Χριστῷ.

474 3734 549 3786 Λ’.
598 3764 661 3772 -
704 3730 1002 3809 Νικηφόρῳ
1040 3732 1374 3810 πατριάρχῃ.
1415 3732 1560 3806 [να’.]

1948 3434 2004 3485 et
2037 3446 2135 3499 pro
2181 3428 2298 3481 ﬁlio
2347 3427 2665 3497 gratiarum
2715 3426 3039 3483 oblationes
3085 3427 3329 3483 Domino
3359 3426 3585 3483 Christo

1949 3518 2114 3573 factis
2140 3516 2448 3587 verbisque
2480 3517 2815 3571 reddamus.

2270 3731 2458 3788 XXX.
2490 3762 2555 3772 —
2587 3729 2883 3801 Nicephoro
2906 3730 3256 3802 patriarchas.

915 3860 1146 3924 Exponit
1181 3874 1273 3910 cur
1302 3875 1423 3910 cum
1453 3861 1569 3923 ipso
1601 3871 1709 3910 non
1743 3861 2122 3911 communicet.
2158 3862 2372 3927 (Baron.
2405 3873 2492 3911 an.
2523 3857 2634 3910 806.
2668 3870 2720 3905 n.
2761 3856 2856 3916 15.)

256 3966 383 4021 Ούκ
413 3963 700 4035 ἀναγκαῖον
736 3958 825 4015 διὰ
854 3961 1180 4036 γράμματος
1220 3966 1458 4032 σημᾶναι
1487 3966 1564 4031 τῷ
1611 3961 1829 4038 ἀγγέλῳ

180 4062 281 4123 τῆς
318 4050 728 4127 μακαριότητός
779 4071 897 4121 σου,
930 4049 963 4103 ἃ
995 4046 1086 4104 διά
1125 4051 1393 4123 στόματος
1422 4052 1778 4127 παρηγγέλθη
1816 4070 1829 4083 ⁸

180 4144 354 4198 εἶκαὶ
391 4144 468 4210 μή
521 4137 591 4194 δι’
622 4139 942 4216 ἀμφοτέρων
990 4140 1150 4205 ἡμῶν
1199 4143 1306 4193 τῶν
1353 4144 1641 4194 ταπεινῶν.
1676 4138 1833 4197 Ἀλλ’

180 4232 267 4286 ἶνα
304 4233 413 4303 μὴ,
445 4232 479 4297 ἡ
516 4229 643 4303 χθὲς
673 4228 808 4282 κατὰ
836 4228 935 4294 τήν
970 4225 1211 4281 κέλευσεν
1242 4247 1337 4281 σου
1365 4226 1674 4289 συνέλευσις
1726 4235 1831 4283 τῶν

178 4319 526 4389 ἐπισκόπων,
554 4315 737 4391 ἕτερόν
788 4337 840 4370 τι
887 4313 1141 4386 διδάξασα
1179 4318 1323 4389 παρᾶ
1350 4317 1419 4370 τά
1466 4318 1518 4371 έν
1560 4317 1694 4391 αὐτῇ
1746 4318 1831 4392 ὑφ’

177 4413 345 4484 ἡμῶν
384 4406 634 4483 ρηθέντα,
668 4404 980 4479 ἐπιθολώσῃ
1030 4405 1124 4466 τὰς
1148 4406 1293 4476 ἱερὰς
1344 4426 1438 4459 σου
1478 4407 1642 4469 ἀκοάς
1677 4428 1686 4438 ·
1738 4408 1834 4479 ἀρ-

180 4498 358 4571 μόζον
413 4497 733 4569 ἡγησάμεθα
774 4494 1074 4566 ἀνενεγκεῖν
1129 4492 1180 4547 ἐν
1227 4493 1505 4565 κεφαλαίῳ
1550 4496 1648 4562 τὴν
1695 4493 1829 4563 ὅλην

173 4590 274 4653 τῆς
305 4582 619 4658 ἀπολογίας
670 4585 832 4654 ἡμῶν
865 4582 1136 4640 σύστασιν.
1170 4583 1359 4655 Ἡμεῖς
1407 4581 1605 4650 τοίνυν,
1639 4583 1683 4635 ὦ
1728 4606 1833 4655 μα-

172 4675 515 4749 καριώτατε,
576 4670 856 4747 όρθόδοξοί
934 4670 1091 4743 ἐσμεν
1151 4673 1285 4726 κατά
1364 4671 1578 4726 πάντα·
1658 4676 1829 4727 πᾶσαν

178 4763 396 4836 α’ίρεσιν
448 4756 922 4832 ἀποϐαλλόμενοι,
955 4760 1042 4814 καὶ
1095 4765 1265 4814 πᾶσαν
1320 4760 1541 4815 σύνοδον
1591 4761 1835 4833 οἰκουμε-

174 4856 337 4923 νικήν
372 4873 435 4906 τε
463 4851 550 4904 καὶ
586 4851 814 4919 τοπικὴν
849 4847 1236 4926 έγκεκριμένην
1269 4847 1671 4924 ἀποδεχόμενοι
1708 4870 1719 4881 ·
1771 4853 1833 4905 οὐ

180 4944 291 5014 μὴν
346 4939 503 4995 ἀλλά
546 4937 637 4991 καὶ
683 4938 778 4999 τάς
827 4938 953 5012 παρ’
997 4938 1173 4992 αὐτῶν
1221 4936 1631 5013 ἐκφωνηθηίσας
1688 4939 1833 5011 ἱερὰς

172 5032 265 5087 καὶ
359 5028 651 5089 κανονικάς
731 5024 1089 5092 διατυπώσεις
1172 5025 1430 5103 ἀσφαλῶς
1507 5027 1829 5101 κατέχομεν.

176 5116 343 5186 Μηδέ
404 5116 506 5190 γὰρ
569 5115 889 5188 ὁρθοτομεῖν
945 5111 1053 5168 ἔστι
1113 5113 1335 5173 τελείως
1392 5114 1484 5168 τὸν
1544 5112 1704 5186 λόγον
1733 5121 1831 5182 τῆς

172 5205 476 5277 ἀληθείας,
505 5203 595 5257 τὸν
626 5204 725 5271 τὴν
774 5203 951 5256 πίστιν
1000 5203 1167 5275 ὀρθήν
1216 5204 1465 5273 οἰόμενον
1514 5201 1684 5277 ἔχειν,
1715 5209 1830 5263 τοῖς

175 5294 234 5352 δὲ
264 5295 441 5354 θείοις
471 5293 651 5346 κανόσι
708 5293 783 5364 μή
820 5293 1265 5363 ἀπευθυνόμενον.
1300 5293 1398 5345 Καὶ
1450 5294 1556 5364 μὴν
1600 5294 1685 5347 καὶ
1737 5292 1829 5353 τὰς

172 5385 475 5456 ἐνθέσμους
538 5382 640 5436 ὑπὸ
688 5385 796 5435 τῶν
856 5380 1029 5455 ἁγίων
1080 5381 1213 5435 κατὰ
1267 5381 1453 5451 καιρὸν
1514 5380 1828 5455 οἷ’κονομίας

171 5472 522 5549 προσιέμεθα
555 5490 565 5500 ·
601 5468 717 5525 ἐπεὶ
748 5469 836 5523 καὶ
870 5471 1029 5541 ἡμῶν
1057 5473 1163 5523 τῶν
1210 5474 1473 5524 ταπεινῶν
1507 5474 1594 5523 νῦν
1623 5472 1685 5525 τὸ
1726 5475 1825 5541 τήν

173 5562 495 5637 ἁγιωσύνην
526 5579 621 5613 σου
672 5556 759 5617 διὰ
788 5559 885 5625 τὴν
915 5553 1151 5627 ἐκϐολὴν
1196 5562 1292 5613 τοῦ
1329 5557 1624 5631 οἰκονόμου
1656 5559 1826 5615 ἀσπά-

174 5654 389 5722 ζισθαι,
451 5648 514 5702 οὐ
572 5653 678 5703 τῶν
739 5644 1174 5724 ἀκριὸευομένων
1226 5647 1361 5719 ἐστὶ,
1418 5652 1525 5703 τῶν
1586 5647 1642 5703 δὲ
1700 5650 1819 5705 λίαν

257 5780 309 5818 ⁸³
343 5778 560 5852 Ephes.
584 5796 640 5837 tv
672 5780 756 5836 13.

2006 3970 2251 4020 Necesse
2272 3981 2385 4019 non
2417 3973 2537 4019 erat
2568 3964 2775 4020 litteris
2805 3963 3065 4017 indicare
3106 3958 3311 4030 angelo
3341 3958 3587 4014 beatitu-

1937 4053 2091 4110 diuis
2149 4064 2256 4107 tute
2308 4069 2434 4121 quae
2492 4069 2590 4107 ore
2647 4053 2772 4122 ipso
2814 4052 2940 4120 jam
2999 4047 3326 4119 signiﬁcata
3380 4055 3516 4103 sunt
3566 4061 3581 4099 :

1939 4143 2202 4213 quamvis
2232 4159 2328 4211 per
2359 4141 2611 4195 humiles
2634 4157 2748 4194 non
2783 4139 2981 4194 ambos
3022 4154 3133 4191 non
3181 4136 3447 4191 fuissent.
3482 4140 3581 4190 Αι-

1939 4233 2247 4301 ὶεωυοζῐιθ,
2273 4232 2373 4301 qui
2403 4230 2671 4285 hesterno
2701 4230 2793 4283 die
2819 4229 2985 4297 jussu
3018 4232 3117 4280 tuo
3150 4230 3464 4280 conventus
3483 4225 3588 4280 ha-

1943 4322 2092 4376 bitus
2123 4327 2211 4375 est
2247 4323 2672 4390 episcoporum,
2707 4318 2994 4374 diversum
3025 4316 3246 4387 aliquid
3280 4316 3492 4370 docens
3514 4316 3586 4369 ab

1944 4410 2014 4464 iis
2047 4427 2172 4481 quae
2194 4410 2252 4464 in
2296 4410 2393 4465 illo
2424 4410 2577 4464 dicta
2605 4426 2638 4463 a
2671 4408 2838 4462 nobis
2861 4411 3016 4471 sunt,
3037 4421 3231 4460 sacras
3266 4421 3436 4459 aures
3454 4409 3589 4459 tuas

1943 4502 2266 4567 conturbet,
2290 4503 2743 4555 consentaneum
2759 4496 3032 4551 duximus
3047 4493 3385 4550 summatim
3402 4497 3586 4549 totam

1943 4592 2153 4644 referre
2208 4587 2484 4658 apologisa
2543 4591 2750 4641 nostras
2811 4584 3117 4639 rationem.
3152 4581 3267 4636 Nos
3329 4581 3524 4651 igitur,
3558 4599 3589 4635 o

1948 4678 2302 4745 beatissime,
2336 4675 2637 4731 orthodoxi
2670 4690 2877 4729 sumus
2930 4675 2985 4726 in
3029 4671 3324 4739 omnibus,
3357 4686 3588 4726 omnem

1948 4765 2211 4820 haeresim
2247 4763 2598 4833 rejicientes,
2612 4775 2965 4830 omnemque
2982 4758 3400 4813 meumenicam
3432 4767 3483 4813 et
3505 4757 3587 4813 lo-

1948 4855 2130 4909 calem
2162 4854 2451 4924 synodum
2486 4850 2867 4922 approbatam
2904 4847 3287 4916 recipientes;
3321 4861 3425 4901 nec
3474 4863 3587 4901 non

1946 4944 2125 4999 editas
2185 4944 2256 4997 ab
2296 4943 2379 4998 eis
2440 4956 2634 4995 sacras
2683 4945 2740 4993 et
2796 4937 3106 4992 canonicas
3145 4935 3587 4989 constitutiones

1945 5038 2101 5087 arcte
2133 5030 2599 5103 complectimur.
2624 5027 2821 5098 Neque
2844 5025 2997 5080 enim
3023 5025 3323 5079 veritatem
3352 5040 3585 5093 prorsus

1943 5122 2193 5188 tenetis,
2226 5122 2327 5191 qui
2358 5124 2570 5175 rectam
2606 5118 2776 5172 ﬁdem
2839 5115 3051 5169 habere
3108 5130 3169 5167 se
3234 5113 3573 5168 existimans

1943 5210 2152 5265 divinis
2184 5208 2502 5264 canonibus
2527 5223 2637 5261 non
2683 5210 2940 5275 regatur.
2973 5203 3057 5257 Ad
3118 5202 3236 5257 hac
3290 5200 3576 5272 legitimas

1942 5317 1975 5353 a
2006 5298 2223 5353 sanctis
2252 5315 2350 5369 pro
2380 5302 2637 5366 tempore
2660 5298 2969 5363 usurpatas
3000 5290 3434 5361 dispensatione
3474 5290 3577 5344 ad-

1944 5388 2231 5442 mittimus
2254 5387 2512 5457 :quando
2541 5391 2597 5441 et
2628 5401 2733 5438 nos
2766 5382 3017 5439 humiles
3037 5383 3399 5437 sanctitatem
3416 5384 3575 5434 tuam

1942 5492 2095 5531 nunc
2138 5494 2238 5546 per
2265 5475 2545 5531 mconomi
2583 5473 2919 5543 ejectionem
2979 5468 3274 5540 amplecti,
3312 5485 3422 5522 non
3463 5484 3592 5521 exa-

1937 5571 2094 5620 ctum
2113 5566 2246 5634 jusa
2269 5564 2607 5617 sectantium
2644 5567 2754 5627 est,
2782 5562 2876 5615 sed
2904 5560 3217 5613 admodum
3245 5556 3590 5625 dispensan-

1934 5652 2101 5720 tium,
2133 5662 2187 5709 et
2216 5652 2673 5725 conspirantium
2708 5666 2720 5704 :
2750 5655 2806 5705 et
2839 5647 3309 5719 praedecessorem
3350 5644 3586 5700 sancti-
