4084 6284
295 397 451 459 1009

367 534 496 589 ΑΑό
533 564 595 574 ...,
626 534 747 591 Τοῖς
782 531 831 583 ἓν
861 524 937 600 τῷ
983 527 1347 584 Σακκουδίωνι
1380 528 1658 608 ἀδελφοῖςο
1693 532 1844 601 [ντί-Ἰ

1566 390 2125 461 'EPISTOLABUM
2174 398 2317 458 LIB.
2364 399 2411 459 Ι.

3536 404 3694 466 1010

2164 531 2352 588 XXXI.
2388 563 2454 573 —
2486 534 2767 590 Fratribus
2796 539 2891 606 qui
2914 542 3043 592 sunt
3075 537 3135 592 in
3171 537 3540 595 Satrcudione.

545 622 813 674 Hortatur
839 622 905 673 ad
943 620 1323 674 constantiam
1356 620 1626 674 adversus
1656 636 1952 675 sacrarum
1987 619 2172 691 legem
2207 622 2689 690 praevaricatores.
2712 623 2943 695 (Baron.
2977 643 3069 680 an.
3093 624 3216 693 808,
3252 643 3308 682 n.
3350 626 3431 698 2.)

363 707 506 767 ’Έως
542 707 634 776 μὲν
666 705 730 773 ἦν
789 705 975 777 καιρὸς
1019 708 1114 757 τοῦ
1169 704 1472 776 οἰκονομεῖν
1533 704 1619 758 καὶ
1674 705 1929 778 κρύπτειν

2119 708 2383 773 Quandiu
2419 714 2651 778 tempus
2679 710 2788 765 fuit
2816 711 3252 780 dissimulandi,
3277 721 3331 769 et
3351 712 3687 770 occultandi

288 794 391 861 τὴν
429 794 680 847 ὑπόθεσιν
713 800 811 860 τῆς
842 793 1239 863 ἀκοινωνησίας
1263 794 1464 867 Ἰωσὴφ
1489 798 1585 848 τοῦ
1608 790 1929 867 οἰκονόμου,

291 882 587 955 ἐποιοῦμεν
645 887 826 951 τοῦτο,
858 886 1013 937 τὲκνα
1062 883 1151 937 καὶ
1200 881 1448 959 ἀδελφοὶ,
1510 882 1607 937 ούκ
1656 879 1932 954 ἐκῐφόϐου

290 971 673 1042 κρατούμενοι,
733 970 827 1024 κᾶν
883 970 1203 1043 ἁμαρτωλοὶ
1252 971 1639 1047 τυγχάνωμεν,
1698 968 1825 1025 ἀλλ’
1882 969 1929 1039 ἐξ

292 1058 657 1131 οἰκονομικῆς
691 1053 1140 1133 συγκαταϐἀσεως
1176 1079 1187 1090 ·
1222 1057 1625 1132 ἐκμιμούμενοί
1657 1069 1773 1121 πῶς
1804 1058 1930 1120 τοὺς

293 1148 484 1220 ἁγίους
534 1149 774 1222 Πατὲρας
835 1150 995 1222 ἡμῶν
1028 1167 1040 1179 ·
1102 1150 1238 1203 καθᾶ
1285 1148 1518 1203 κάκεῖνοι
1554 1147 1604 1203 ἐν
1651 1153 1823 1222 καιρῷ
1853 1152 1933 1219 τῷ

294 1233 472 1290 δέοντι
525 1237 832 1311 χρώμενοι,
889 1236 1056 1312 ταύτῃ
1119 1238 1458 1314 ὑπεξήγαγον
1539 1237 1759 1299 ἑαυτοὺς
1825 1242 1933 1292 τῶν

293 1331 610 1400 πειρασμῶν
647 1346 657 1357 σ
722 1327 782 1381 ὸτ
838 1327 930 1398 μὲν
991 1326 1304 1401 φειδόμενοι
1360 1332 1466 1381 τῶν
1540 1328 1931 1399 ἀσθενεστέρων

292 1414 384 1469 καὶ
416 1416 724 1469 κακούντων
763 1436 775 1447 ·
811 1415 873 1470 τὸ
906 1413 963 1469 δὲ
1005 1416 1197 1489 μικρὸν
1251 1412 1620 1477 ὑπενδιδόντες
1668 1410 1928 1488 κυϐερνη-

289 1508 459 1565 τικῶς
485 1521 497 1533 ·
528 1503 614 1557 ἷνα
643 1505 705 1557 τὸ
738 1504 1066 1577 ζητούμενον
1104 1506 1293 1579 μικρὸν
1328 1504 1545 1580 ὕστερον
1596 1499 1929 1559 ἀντιλάϐωσι

290 1592 644 1667 κατόρθωμα.
707 1593 870 1648 Ἐπᾶν
919 1590 975 1647 δὲ
1029 1598 1123 1647 νῦν
1175 1591 1461 1663 εὐδόκησεν
1517 1596 1711 1668 ἀγαθὸς
1769 1596 1929 1668 ἡμῶν

293 1682 424 1744 Θεὸς
457 1681 531 1743 εἷς
588 1680 861 1756 προῦπτον
925 1676 1150 1751 ἐκϐῆναι
1206 1686 1303 1750 τὴν
1364 1684 1612 1738 ὑπόθεσιν
1668 1688 1929 1759 φανερῶς,

293 1769 415 1842 ἄρτι
450 1773 535 1825 καί
569 1771 869 1850 γράφομεν.
906 1777 1027 1833 Πῶς
1061 1769 1116 1826 δέ
1149 1792 1162 1840 ;
1207 1770 1294 1827 διὰ
1342 1776 1442 1841 τῆς
1485 1778 1581 1827 τοῦ
1636 1771 1931 1847 λογοθὲτου

292 1866 388 1915 τοῦ
423 1862 638 1933 Δρόμου
683 1863 791 1933 (23)
832 1860 1241 1933 ἐπερωτήσεως,
1273 1863 1362 1916 καὶ
1421 1869 1519 1931 τῆς
1578 1862 1711 1935 πρὸς
1772 1862 1929 1917 αὐτὸν

288 1952 388 2003 τοῦ
420 1947 852 2027 ἀρχιεπισκόπου
885 1948 1239 2023 ἀποκρίσεως,

2042 797 2347 852 consilium
2392 816 2506 854 non
2543 803 3015 858 communicandi
3046 820 3179 860 cum
3237 804 3491 877 Josepho
3523 822 3684 863 ωοο-

2044 899 2235 951 nomo,
2258 886 2501 942 iecimus
2548 889 2627 953 id,
2657 889 2761 944 ﬁlii
2811 906 2877 947 ac
2919 890 3145 961 fratres,
3181 910 3294 948 non
3356 898 3511 949 metu
3551 910 3679 951 cor-

2042 974 2184 1044 repti
2211 976 2480 1044 quamvis
2512 984 2842 1047 peccatores
2872 980 3056 1036 simus
3079 999 3092 1037 :
3117 981 3217 1037 sed
3249 981 3676 1053 dispensatorie

2042 1064 2591 1132 condescendentes,
2612 1065 3024 1140 imitantesque
3047 1073 3361 1141 quodamm
3391 1074 3500 1127 odo
3531 1088 3667 1135 san-

2042 1155 2164 1207 ctos
2199 1153 2393 1208 Patres
2407 1163 2959 1227 nostros,quatenus
2990 1164 3046 1215 et
3075 1158 3159 1214 illi
3188 1165 3518 1233 opportuno
3543 1170 3681 1217 tem-

2042 1256 2179 1311 pore
2212 1242 2365 1296 idem
2399 1244 2793 1308 observantes,
2828 1248 3233 1304 subduxerunt
3280 1250 3506 1321 seipsos
3554 1255 3680 1305 tene

2040 1330 2363 1385 tationibus
2389 1349 2402 1398 ;
2430 1333 2641 1401 partim
2673 1335 3015 1405 quidem,ut
3046 1336 3468 1394 infirmioribus
3505 1345 3562 1394 et
3590 1353 3680 1394 ve-

2039 1421 2309 1474 xantibus
2340 1427 2884 1494 parcerent,parlim
2923 1432 2985 1480 ut
3015 1426 3445 1497 aliquantulum
3482 1427 3690 1492 remits

2039 1512 2248 1573 tentes,
2299 1511 2751 1577 gubernatorum
2804 1529 2982 1575 more,
3015 1531 3258 1586 scopum
3310 1517 3676 1588 postmodum

2042 1598 2406 1667 attingerent.
2439 1602 2603 1655 Nunc
2660 1618 2791 1658 vero
2851 1608 3160 1675 postquam
3211 1606 3432 1675 Optimo
3480 1611 3679 1660 nostro

2041 1687 2156 1742 Deo
2180 1688 2263 1743 sic
2284 1688 2472 1743 visum
2496 1695 2605 1756 est,
2624 1696 2686 1745 ut
2717 1692 2773 1746 in
2806 1699 3071 1762 apertum
3106 1710 3194 1749 res
3229 1693 3502 1764 prodiret,
3536 1693 3675 1749 scri-

2040 1778 2232 1833 bimus
2289 1784 2344 1835 et
2398 1780 2531 1852 ipsi.
2585 1782 2884 1844 Quomodo
2932 1784 3177 1839 autem?
3226 1784 3328 1839 Per
3368 1783 3675 1855 logothetm

2041 1865 2236 1922 Dromi
2300 1870 2810 1939 interrogationem
2872 1877 2927 1927 et
2983 1872 3396 1944 archiepiscopi
3430 1890 3676 1944 respon-

2040 1972 2285 2011 81011611].

367 2036 510 2108 Φησῖ
542 2039 666 2111 γὰρ,
699 2038 795 2091 Διᾶ
824 2039 875 2091 τί
917 2034 1020 2099 ἕως
1049 2042 1147 2091 τοῦ
1191 2039 1458 2110 παρόντος
1502 2039 1564 2092 ού
1615 2040 1931 2092 συνεκοινώ-

520 2129 532 2144 .
595 2134 613 2143 -
783 2128 797 2144 ι
894 2131 920 2141 -
1173 2128 1183 2143 ι
1530 2127 1542 2144 ,
1727 2128 1738 2144 .
1865 2132 1885 2142 -

2111 2048 2201 2099 Sic
2222 2047 2372 2101 enim
2432 2047 2525 2102 ille
2558 2064 2571 2102 :
2604 2050 2718 2104 Cur
2774 2050 3080 2120 hactenus,
3126 2051 3340 2123 inquit,
3376 2051 3676 2108 nobiscum

289 2148 459 2196 νησας
510 2129 665 2195 ἡμῖν,
709 2128 798 2180 καί
855 2131 933 2197 τῷ
989 2128 1328 2201 πατριάρχῃ,
1386 2127 1656 2181 τοσούτων
1727 2128 1928 2199 ἑορτῶν

295 2215 625 2271 διελθουσῶν
659 2236 672 2285 ;
708 2218 797 2270 καὶ
845 2215 927 2271 ὅτι
988 2217 1105 2271 εἰπὲ
1161 2216 1437 2292 παρῥησίᾳ
1487 2217 1550 2271 τὸ
1608 2216 1780 2272 αἴτιον
1835 2219 1930 2271 Καὶ

296 2304 656 2381 ὡμολόγησεν
718 2307 744 2360 ὁ
802 2305 1256 2381 ἀρχιεπίσκοπος,
1316 2308 1405 2361 καὶ
1476 2309 1576 2361 οὐκ
1630 2309 1930 2379 ἠρνήσατο,

294 2396 384 2449 καὶ
419 2396 779 2473 ὡμολόγησεν
814 2414 826 2427 ·
861 2396 946 2451 ὅτι
974 2394 1096 2450 οὔτε
1135 2398 1268 2467 πρὸς
1302 2395 1428 2458 τοὺς
1480 2393 1714 2459 εὐσεϐεῖς
1769 2399 1929 2468 ἡμῶν

296 2485 545 2557 βασιλεῖς
565 2479 680 2559 ἔχω
710 2507 782 2553 τι,
819 2483 931 2540 οὐδ’
963 2485 1027 2539 αὖ
1058 2488 1192 2557 πρὸς
1224 2487 1313 2539 τὸν
1359 2488 1702 2561 πατριάρχην
1740 2529 1751 2541 .
1786 2484 1932 2541 ἀλλὰ

293 2573 431 2645 πρὸς
475 2574 564 2628 τὸν
609 2573 923 2645 οἱκονόμον,
955 2576 1047 2628 τὸν
1097 2577 1501 2652 στεφανώσαντα
1558 2575 1649 2629 τὸν
1704 2576 1933 2649 μοιχὸν,

292 2662 383 2714 καὶ
444 2658 531 2715 διὰ
573 2666 735 2716 τοῦτο
803 2663 1171 2737 καθῃρημένον
1222 2664 1366 2737 παρὰ
1411 2669 1517 2717 τῶν
1571 2663 1727 2736 ἱερῶν
1771 2664 1930 2719 κανό-

290 2771 419 2807 νων.
456 2753 596 2824 Πρὸς
647 2752 733 2812 οἷς
773 2752 1057 2826 ἀπόκρισις
1106 2756 1201 2805 τοῦ
1244 2750 1540 2829 λογοθέτου
1575 2772 1587 2786 ·
1642 2754 1723 2808 ὅτι
1757 2756 1808 2808 οἱ
1839 2753 1933 2808 εύ-

294 2834 468 2901 σεῦεῖς
500 2843 661 2913 ἡμῶν
698 2839 941 2913 βασιλεῖς
972 2842 1161 2920 χρείαν
1196 2863 1290 2896 σου
1333 2842 1432 2897 οὐκ
1478 2838 1698 2918 ἔχουσιν
1735 2864 1747 2875 ’

300 2930 351 2981 εν
375 2929 767 3003 Θεσσαλονικῇ,
801 2926 923 2985 οὕτε
954 2927 1122 3005 ἄλλῃ.

1809 2844 1932 2899 οὕτε

366 3020 509 3080 Ἕως
540 3018 734 3073 τούτου
780 3020 917 3091 μήτε
966 3020 1121 3080 εὐθὺς
1171 3020 1608 3093 ἀνταποκρίσεως
1649 3019 1932 3099 δοφείσης,

298 3110 439 3179 μήτε
469 3107 651 3180 ἑτέρας
700 3107 1020 3181 ἐρωτήσεως
1050 3110 1404 3184 προταθείσης
1443 3109 1547 3173 ἓως
1586 3116 1680 3165 τοῦ
1730 3113 1931 3186 παρόν-

288 3218 387 3257 τος
445 3194 772 3251 διελθουσῶν
833 3200 1055 3273 ἡμερῶν
1117 3197 1409 3274 δεκατριῶν
1460 3220 1472 3232 ·
1533 3202 1568 3269 ἢ
1633 3197 1931 3272 μόνον,ὅτι

291 3285 661 3359 πεπόμφαμεν
720 3268 1018 3360 γράμματα
1064 3291 1199 3363 πρὸς
1258 3268 1369 3343 τὸν⁴
1421 3268 1571 3363 κῦριν
1633 3268 1869 3363 -Συμεών
1919 3311 1929 3323 -

288 3374 323 3429 ἃ
356 3369 503 3428 ἔνδον
536 3379 641 3428 τῶν
676 3377 1017 3449 γραμμάτων
1049 3377 1364 3450 ἐστείλαμεν
1403 3399 1414 3410 ·
1449 3380 1583 3454 πρὸς
1614 3380 1675 3433 τὸ
1707 3377 1932 3454 διαγνῶ-

2043 2150 2154 2189 non
2208 2137 2758 2203 commnnicas,nec
2807 2156 2940 2193 cum
3000 2140 3331 2209 patriarcha
3362 2159 3379 2194 :
3429 2157 3561 2196 cum
3596 2147 3679 2196 tot

2041 2221 2162 2277 dies
2194 2223 2323 2277 festi
2357 2226 2784 2295 praeterierint?
2814 2228 2915 2283 Dic
2953 2245 3177 2284 causam
3218 2229 3595 2295 conﬁdenter,
3628 2234 3685 2285 et

2043 2316 2347 2369 confessus
2379 2320 2468 2369 est
2532 2314 3024 2388 archiepiscOpus,
3059 2322 3114 2373 et
3173 2335 3286 2373 non
3336 2318 3589 2390 negavit,
3626 2324 3684 2374 et

2041 2402 2346 2458 confessus
2377 2406 2463 2457 est
2495 2421 2508 2458 :
2535 2402 2733 2475 Neque
2792 2408 3069 2462 adversus
3130 2406 3256 2477 pios
3302 2407 3679 2474 imperatores

2042 2497 2269 2547 nostros
2319 2493 2637 2564 quidquam
2689 2494 2895 2561 habeo,
2930 2512 3116 2565 neque
3164 2510 3367 2551 rursus
3400 2496 3680 2551 adversus

2043 2581 2431 2651 patriarcham
2468 2598 2480 2635 :
2515 2585 2613 2637 sed
2647 2584 2922 2641 adversus
2966 2600 3331 2646 cecononum,
3365 2582 3463 2654 qui
3521 2585 3686 2640 adul-

2039 2676 2229 2725 terum
2253 2674 2566 2736 coronavit,
2608 2673 2853 2744 ideoque
2900 2674 3200 2743 depositus
3230 2679 3318 2729 est
3368 2674 3550 2730 sacris
3580 2691 3681 2731 ca-

2044 2758 2314 2812 nonibus.
2339 2759 2419 2812 Ad
2455 2775 2581 2830 quas
2617 2761 2944 2832 Iogotheta:
2978 2760 3060 2815 Pii
3084 2761 3465 2831 imperatores
3498 2762 3678 2818 nostri

2041 2856 2095 2903 te
2125 2862 2273 2916 opus
2304 2864 2418 2902 non
2450 2846 2686 2915 habent,
2711 2865 2814 2904 nec
2834 2848 3277 2917 Thessalonice,
3312 2865 3415 2905 nec
3446 2849 3607 2907 alibi.

2112 3034 2250 3091 Post
2278 3035 2401 3090 haec
2430 3051 2619 3107 neque
2649 3046 3002 3105 responsum
3034 3036 3289 3107 amplius
3337 3038 3537 3090 datum
3571 3044 3678 3103 est,

2043 3141 2149 3181 nec
2199 3125 2573 3195 interrogatio
2624 3124 2735 3179 alia
2804 3125 3097 3195 proposita
3133 3140 3147 3179 :
3180 3140 3314 3181 cum
3383 3140 3567 3195 usque
3607 3124 3679 3178 ad

2042 3214 2201 3269 hunc
2252 3213 2403 3268 diem
2454 3214 2638 3283 elapsi
2683 3213 2802 3268 sint
2860 3213 2983 3268 dies
3030 3214 3307 3269 tredecim
3345 3213 3493 3269 :nisi
3526 3213 3680 3285 quod

2044 3303 2269 3358 litteras
2336 3301 2603 3359 misimus
2661 3302 2730 3356 ad
2789 3301 3093 3357 dominum
3147 3301 3500 3368 Simeonem,
3532 3317 3678 3371 quas

2044 3391 2171 3446 istis
2192 3392 2571 3455 inseruimus,
2606 3396 2672 3446 ut
2703 3391 2876 3446 totius
2906 3391 2984 3446 rei
3005 3400 3266 3446 naturam
3292 3389 3681 3462 cognoscatis.

287 3484 375 3516 ναι
404 3463 550 3551 Ῠὺμᾶς
581 3466 677 3532 τὴν
708 3464 844 3534 ὅλην
888 3463 1115 3537 δύναμιν
1162 3471 1259 3521 τοῦ
1315 3469 1651 3543 πράγματος.
1687 3469 1930 3545 Ἐξηχή-

2048 3481 2313 3536 Pervenit
2340 3485 2534 3535 autem
2558 3454 2659 3534 res
2702 3481 2774 3535 ad
2830 3480 3168 3551 patriarchae
3200 3454 3393 3547 aures:
3425 3485 3481 3535 et
3510 3482 3685 3535 totius

292 3554 362 3620 θη
398 3550 454 3606 δὲ
484 3554 518 3621 ἡ
574 3553 823 3614 ὑπόθεσις
867 3552 953 3607 ἐπί
1001 3576 1057 3608 τε
1106 3560 1201 3611 τοῦ
1247 3559 1610 3631 πατριάρχου,
1636 3558 1723 3612 καὶ
1755 3560 1932 3630 πάσης

287 3648 391 3709 τῆς
414 3641 627 3703 πόλεως
660 3640 854 3716 σχεδόν
887 3662 898 3674 ·
950 3646 1038 3697 καὶ
1090 3645 1190 3697 εἰσὶ
1227 3647 1320 3717 μὲν
1375 3643 1580 3701 πολλοὶ
1639 3644 1936 3704 συνθλιϐό-

296 3751 451 3803 μενοι
511 3732 599 3785 καὶ
662 3732 1129 3806 συμφθεγγόμενοι
1178 3735 1311 3804 ἡμῖν
1367 3756 1378 3766 ·
1427 3734 1571 3791 ἀλλά
1635 3739 1933 3811 νυκτερινοὶ

294 3814 586 3889 θεοσεϐεῖς,
627 3820 825 3892 καὶμὴ
888 3818 1175 3893 δυνάμενοι
1226 3823 1276 3877 ἐν
1328 3825 1468 3903 φωτὶ
1520 3826 1933 3902 παρῤησιασθῆ-

289 3930 402 3964 ναι.
453 3910 642 3982 Ἡμεῖς
696 3906 772 3980 δὲ,
817 3908 975 3963 τέκνα
1014 3911 1103 3965 καὶ
1148 3909 1397 3989 ἀδελφοὶ,
1446 3917 1512 3987 τῇ
1546 3913 1621 3975 εἷς
1663 3917 1790 3970 Θεὸν
1841 3937 1934 3971 πε-

292 3998 568 4066 ποιθήσει,
622 3998 709 4052 καὶ
742 4002 809 4070 τῇ
853 4002 951 4062 τῆς
1012 3998 1269 4069 ἀληθείας
1324 3999 1627 4075 ὲδραιώσει,
1686 4005 1820 4075 αὐτῇ
1877 4024 1934 4059 τε

289 4090 361 4158 τῇ
427 4087 905 4162 προσγεγενημένη
958 4090 1049 4141 καὶ
1106 4090 1466 4168 ἂποφανθείσῃ
1540 4087 1752 4147 ἐκϐάσει
1835 4099 1931 4147 τοῦ

290 4174 507 4228 δικαίου
539 4175 676 4229 κατᾶ
730 4175 796 4230 τὰ
846 4174 1237 4252 ὑποδειχθὲντα
1287 4178 1337 4233 ἐν
1391 4181 1470 4251 τῷ
1522 4181 1737 4254 κόσμῳ,
1769 4181 1844 4245 ε’ίς
1875 4204 1933 4238 τε

285 4263 381 4317 τὸν
420 4266 803 4338 μοιχεύσαντα,
836 4266 925 4318 καὶ
974 4268 1100 4328 τοὺς
1155 4271 1584 4343 συνεργήσαντας
1620 4290 1631 4301 ·
1695 4270 1933 4335 ἀκλινεῖς

291 4352 455 4424 ἐσμεν
485 4359 583 4420 τῆς
630 4351 858 4420 ἐντολῆς
900 4353 989 4409 καὶ
1030 4361 1137 4410 τῶν
1186 4361 1459 4431 πατρικῶν
1500 4361 1742 4414 κανόνων
1777 4381 1789 4394 ·
1842 4363 1932 4415 καὶ

290 4441 394 4497 οὐκ
450 4439 777 4514 ἐνδώσομεν,
839 4440 962 4496 οὐδὲ
1028 4442 1384 4518 προδώσομεν
1449 4449 1548 4514 τὴν
1611 4444 1882 4504 εὐσέϐειαν
1918 4469 1929 4481 ·

291 4528 414 4585 οὐδ’
459 4530 519 4584 ού
582 4532 688 4602 μὴν
744 4529 1119 4603 καταλύσομεν
1175 4529 1207 4585 ἃ
1259 4536 1443 4596 καλῶς
1521 4535 1935 4609 προῳκοδομή-

295 4639 486 4692 σαμεν,
550 4615 636 4671 διὰ
691 4625 791 4687 τῆς
850 4620 984 4673 κατά
1032 4622 1128 4688 τήν
1175 4621 1382 4695 ἐξορίαν
1442 4623 1734 4687 ἐνσνάσεως
1779 4643 1790 4655 ·
1839 4624 1932 4681 ’ίνα

296 4710 375 4782 μή
407 4706 822 4782 ἃποδειχθῶμεν
863 4706 1167 4782 παραϐάται
1219 4712 1392 4783 νόμου
1427 4732 1439 4745 ’
1497 4713 1653 4787 νόμῳ
1706 4714 1760 4770 δὲ
1808 4718 1935 4789 θείῳ

2044 3572 2222 3627 ferme
2260 3569 2523 3624 civitatis.
2559 3569 2624 3623 Et
2681 3574 2821 3623 sunt
2878 3586 3016 3625 sane
3057 3568 3223 3624 multi
3247 3568 3344 3640 qui
3376 3567 3683 3624 nobiscum

2042 3660 2377 3731 afﬂigantur
2408 3668 2464 3713 et
2502 3658 2886 3725 consentiant,
2916 3659 3012 3713 sed
3067 3659 3332 3713 nocturni
3365 3659 3463 3713 Dei
3503 3656 3684 3713 culto-

2042 3767 2155 3811 res,
2192 3749 2289 3820 qui
2324 3748 2379 3802 in
2414 3747 2530 3802 sole
2560 3747 2884 3802 libertatem
2929 3746 3226 3802 ostendere
3268 3763 3380 3801 non
3433 3746 3681 3817 possint,

2040 3839 2156 3893 Nos
2189 3855 2339 3904 vero,
2378 3837 2476 3891 filii
2512 3841 2568 3891 et
2600 3840 2823 3901 fratres,
2860 3836 3073 3892 ﬁducia
3106 3836 3165 3890 in
3210 3835 3392 3891 Deum
3453 3836 3593 3901 nixi,
3626 3841 3683 3890 et

2041 3927 2295 3982 veritatis
2329 3925 2720 3989 fundamento,
2749 3925 2992 3995 ipsoque
3030 3925 3335 3995 prasterito,
3371 3928 3428 3978 et
3484 3923 3679 3994 palam

2043 4014 2235 4082 agnito
2288 4013 2533 4082 justitiaa
2582 4018 2812 4080 eventu,
2845 4013 2904 4067 in
2952 4013 3027 4067 iis
3077 4029 3201 4082 quae
3261 4012 3516 4067 mundus
3538 4009 3683 4065 vidit

2042 4103 2194 4159 circa
2233 4102 2563 4157 adulterum
2597 4103 2843 4172 ejusque
2874 4103 3166 4168 adjutores
3199 4116 3212 4154 :
3247 4099 3580 4154 immobiles
3618 4097 3679 4153 in

2045 4192 2321 4248 mandato
2352 4191 2724 4262 paternisque
2771 4190 3089 4245 canonibus
3148 4189 3493 4245 insistamus
3526 4203 3541 4243 :
3576 4203 3681 4243 nec

2041 4282 2322 4337 dedamus
2351 4296 2479 4345 nos,
2504 4295 2605 4334 nec
2628 4280 2944 4349 prodamus
2978 4279 3256 4348 pietatum
3282 4294 3294 4332 :
3325 4292 3511 4348 neque
3537 4277 3681 4332 adeo

2043 4368 2415 4423 destruamus
2445 4383 2567 4431 quae
2601 4382 2698 4436 per
2729 4365 2915 4422 exsilii
2947 4366 3339 4422 constantiam
3373 4370 3521 4421 recte
3550 4364 3681 4419 aedi-

2044 4456 2467 4523 ficavimus;ne
2506 4456 2648 4527 legis
2700 4454 3159 4525 praevaricatores
3199 4454 3550 4509 videamur:
3584 4454 3681 4508 di-

2041 4549 2177 4602 vina
2203 4549 2397 4600 autem
2418 4545 2543 4616 lege
2564 4544 2747 4600 innixi
2777 4545 3106 4604 vincamus,
3127 4548 3191 4598 ut
3228 4546 3363 4598 ante
3411 4543 3680 4610 vicimus,

2045 4634 2238 4690 omnia
2259 4637 2548 4703 optantes,
2581 4632 2776 4686 omnia
2833 4632 3212 4697 sustinentes,
3245 4631 3293 4685 si
3357 4629 3687 4700 permiserit

2044 4723 2220 4787 Deus,
2255 4722 2627 4792 potiusquam
2662 4725 2725 4775 ut
2754 4719 2910 4775 illius
2940 4735 3261 4791 eorumque
3309 4720 3409 4789 qui
3453 4732 3582 4773 cum
3617 4734 3682 4771 eo

291 4797 656 4872 κρατούμενοι
696 4817 1023 4871 κρατούμεν,
1076 4801 1149 4861 ὡς
1216 4808 1757 4876 προκεκρατήκαμεν,
1800 4808 1929 4861 πάν-

2044 4809 2385 4875 sacriﬁcant,
2407 4810 2879 4864 communionem
2910 4809 3289 4879 attingamus,
3319 4808 3509 4877 quoad
3565 4805 3686 4876 pri-

290 4909 358 4941 τα
408 4886 740 4960 στέργνοτες,
773 4888 944 4942 πάντα
995 4889 1377 4963 ὑπομένοντες,
1421 4890 1570 4965 εἵπερ
1619 4896 1707 4947 καὶ
1755 4915 1929 4966 παρα-

294 4977 545 5051 χωρήσει
579 4974 706 5037 Θεός
743 4997 754 5009 ·
789 4975 824 5044 ἢ
858 4983 957 5045 τῆς
990 4976 1193 5031 ἐκείνου
1236 4980 1327 5032 καὶ
1370 4983 1478 5034 τῶν
1525 4981 1671 5052 αὐτῷ
1708 4982 1932 5038 συλλει-

289 5063 671 5137 τουρνούγτων
711 5064 1033 5138 μετέχοντες
1082 5067 1388 5133 κοινωνίας,
1419 5065 1521 5128 ἓως
1555 5069 1614 5122 ἂν
1664 5070 1937 5139 παύσηται

292 5157 323 5209 ὁ
368 5152 746 5227 καθηρημένος
787 5160 886 5221 τῆς
938 5154 1270 5229 ἱερουργίας.
1317 5156 1509 5211 Πολλὰ
1570 5157 1662 5211 οὖν
1743 5160 1938 5230 βαττο-

288 5243 627 5317 λογήσουσιν
683 5242 735 5295 οἱ
783 5239 1058 5315 ἄνθρωποι
1095 5263 1105 5275 ·
1172 5243 1498 5316 ἒμπαίζυυσί
1561 5268 1620 5301 τε
1674 5249 1761 5301 καὶ
1807 5249 1932 5302 ἐπι-

292 5330 665 5408 γελάσονται*
715 5331 804 5385 καί
857 5351 916 5406 γε
972 5333 1032 5385 τὸ
1081 5331 1459 5406 ἐλεεινότερον,
1511 5341 1618 5390 τῶν
1678 5338 1930 5411 ὁμοσχή-

369 5456 418 5493 '9
448 5456 654 5512 Matth.
686 5473 741 5521 χ,
773 5458 861 5511 36.

2041 4905 2208 4954 vetur
2228 4898 2524 4969 depositus
2544 4897 2890 4953 ministerio.
2917 4897 3094 4951 Multa
3110 4896 3289 4967 igitur
3318 4893 3687 4951 blaterabant

2045 4988 2333 5052 homines,
2366 4987 2731 5057 illudentque
2762 4991 2817 5041 et
2848 4985 3208 5041 irridebunt:
3244 4984 3513 5056 quodque
3542 4999 3680 5053 gra-

2051 5077 2171 5132 vius
2186 5081 2367 5144 est,ex
2396 5076 2468 5129 iis
2500 5075 2600 5145 qui
2627 5075 2885 5145 ejusdem
2911 5071 3685 5143 sunthabitns,etquiamici

2047 5181 2174 5220 esse
2187 5166 2478 5229 videntur,
2495 5180 2607 5218 non
2627 5164 2814 5233 pauci.
2830 5163 2938 5217 Sed
2956 5178 3167 5217 novum
3189 5163 3365 5215 nihil:
3386 5162 3674 5231 scriptum

2046 5258 2135 5306 est
2167 5268 2179 5306 :
2211 5253 2273 5306 Et
2303 5254 2517 5306 inimici
2546 5253 2801 5306 hominus
2837 5250 3115 5305 domestici
3157 5250 3273 5319 ejus
3302 5248 3366 5303 ".
3399 5249 3470 5303 Et
3503 5249 3559 5303 hi
3592 5247 3675 5301 le-

2045 5341 2291 5395 nocinali
2326 5347 2460 5395 sunt
2490 5340 3040 5408 subservieruntque
3059 5337 3401 5392 adulterinis
3434 5337 3681 5407 nuptiis,

1882 5534 2111 5592 NOTIE.

299 5693 403 5759 ὦ,

372 5615 815 5706 ς23>Δογοθέτου
861 5617 957 5672 τοῦ
1017 5618 1259 5691 Δρόμου.
1310 5620 1391 5677 De
1443 5637 1653 5680 cursus
1707 5624 1923 5694 publici

2044 5625 2267 5697 gotheta
2317 5642 2418 5682 seu
2491 5624 2780 5696 praefecto,
2839 5620 3246 5693 Theophanes,
3277 5621 3591 5694 Cedrenus,
3637 5624 3695 5676 et
