4084 6284
332 367 485 429 1013

1606 380 2153 446 EPISTULARUM
2199 383 2341 445 LIB.
2390 384 2435 447 ῐ.

3572 382 3725 442 1οη

322 500 386 553 τὸ
418 500 610 564 σκότος
671 506 805 579 φῶς,
854 504 945 558 καὶ
992 506 1083 560 τὸν
1121 507 1361 579 Χριστὸν
1418 507 1493 571 είς
1553 509 1916 589 ἐναντιολογίι

2029 545 2046 586 ι
2078 518 2365 574 mendacii
2397 516 2925 590 promulgatorem;
2958 516 3060 590 qui
3089 515 3357 573 tenebras
3392 514 3583 572 lucem
3633 513 3727 570 di-

323 589 500 662 έαυτῷ
557 592 899 667 περιπίπτειν
975 596 1356 669 πειρώμενον;
1419 600 1644 663 Πάυτώς
1702 604 1804 677 γὰρ
1863 604 1963 659 ὅσα

323 679 352 732 6
400 678 575 754 ἱερεὺς
622 681 926 759 ὑποφαίνει,
982 688 1149 739 ταῦτα
1204 687 1292 741 καὶ
1341 688 1369 741 6
1428 688 1556 751 Θεὸς
1612 696 1806 764 κυροῦν
1864 692 1961 747 έπ-

320 767 668 843 αγγέλλεται,
718 772 853 826 κατὰ
893 773 983 828 τὸν
1039 778 1204 847 μεγαν
1246 776 1523 832 Διονύσιον
1549 823 1561 834 .
1614 779 1769 837 Ἀλλ’
1809 780 1962 853 ὅμως

316 856 568 913 τοιοῦτον
604 856 803 934 δράσας
835 863 1096 935 πονηρὸν,
1124 864 1214 918 καὶ
1247 861 1373 926 δοὺς
1408 864 1718 943 ὑπόδειγμα
1766 872 1959 933 κακίας

316 950 436 1033 τοῖς
471 947 812 1023 ὑποχειρίοις
842 950 918 1012 εἰς
950 952 1285 1025 ὁμοτροπίαν
1316 973 1328 985 ⁸
1363 955 1393 1009 ὃ
1432 958 1521 1010 καὶ
1555 960 1737 1032 γέγονε
1769 978 1782 990 ⁸
1820 960 1959 1033 μᾶλ-

317 1032 417 1088 λον
476 1033 533 1090 δὲ
581 1038 669 1090 καὶ
719 1044 834 1102 τοῖς
880 1038 1071 1114 πόῤῥω
1118 1048 1376 1114 κρατοῦσι
1429 1047 1515 1100 καὶ
1568 1044 1871 1121 ἄρχουσιν·
1926 1049 1954 1104 ὃ

310 1125 435 1178 καθ’
492 1125 760 1197 ὁμοίωσιν
836 1126 1087 1201 ἐτελέσθη
1165 1130 1216 1186 έν
1272 1136 1344 1205 τῇ
1402 1129 1805 1211 Λογγοϐαρδίᾳ,
1862 1138 1953 1193 καὶ

315 1211 531 1285 Γοτθίᾳ,
563 1217 799 1278 καὶτοῖς
847 1214 1109 1289 κλίμασιν
1155 1219 1355 1290 αὐτῆς·
1408 1219 1534 1277 οὐδὲ
1580 1224 1686 1298 γὰρ
1733 1224 1786 1279 έν
1833 1232 1951 1289 τοῖς

312 1298 485 1356 ἔθνεσι
543 1304 787 1359 νοιοῦτόν
841 1326 892 1360 τι
953 1306 1328 1379 τετόλμηταιο
1385 1311 1475 1365 καὶ
1533 1311 1593 1367 οὔ
1653 1315 1952 1393 καταισχὺ-

309 1411 455 1444 νεται
489 1396 516 1446 ὁ
548 1388 789 1456 δείλαιος
817 1416 827 1426 ·
863 1393 1012 1465 ἀλλ’,
1055 1397 1129 1459 ὡς
1179 1397 1410 1471 εἴρηται,
1459 1400 1767 1476 λειτουργεῖ
1796 1410 1823 1457 ὸ
1849 1388 1949 1457 άν-

312 1481 487 1552 ίερος·
547 1483 636 1536 καὶ
686 1485 813 1545 τοὺς
863 1483 1044 1548 καλῶς
1095 1486 1254 1542 αὐτὸν
1301 1488 1814 1568 ἀποστρεφομένους
1864 1490 1945 1563 ἰξ-

305 1568 517 1643 ορίψειν
575 1573 982 1649 κατεπείγεται.
1037 1576 1231 1650 Κύριος
1291 1575 1349 1634 δὲ
1402 1580 1605 1654 βοηθὸς
1655 1586 1762 1637 τῶν
1812 1583 1943 1658 ὑπερ

303 1666 405 1727 τῆς
474 1660 697 1727 ἐντολῆς
764 1663 931 1719 αὐτοῦ
996 1664 1375 1739 ἐνισταμένων,
1444 1670 1504 1731 ὃς
1577 1669 1941 1745 παρακαλέσει

302 1750 398 1810 τὰς
443 1749 667 1823 καρδίας
714 1755 821 1806 τῶν
873 1752 1104 1809 εὐσεϐῶν
1154 1757 1311 1829 ἡμῶν
1370 1757 1663 1832 βασιλέων,
1713 1768 1936 1829 ποιῆσαι

2072 608 2172 674 cit,
2187 613 2245 663 et
2272 607 2646 664 Cbristumin
2670 608 2988 664 contrarias
3020 604 3338 663 sententias
3388 604 3726 677 pertrahere

2071 703 2314 753 conatur
2333 697 2361 751 ?
2386 702 2625 753 Prorsus
2654 698 2806 753 enim
2839 710 3203 768 quacunque
3229 693 3491 751 enuntiat
3532 709 3723 752 sacer-

2070 788 2195 850 dos,
2229 786 2429 843 eadem
2488 792 2640 841 Deus
2696 785 3045 841 confirmare
3103 800 3169 841 ac
3218 792 3343 840 rata
3394 783 3609 839 habere
3656 801 3721 842 se

2071 876 2391 946 profitetur,
2420 876 2589 946 juxta
2612 891 2887 946 magnum
2912 873 3272 946 Dionysium.
3305 875 3569 929 Attamen
3616 874 3717 945 qui

2068 964 2353 1037 ﬂagitium
2389 964 2496 1019 hoc
2525 963 2840 1026 commisit.
2872 963 3093 1036 quique
3114 961 3501 1034 improbitatis
3520 977 3714 1020 exem-

2068 1051 2226 1123 plum
2258 1053 2512 1108 subditis
2544 1053 2613 1106 ad
2637 1051 3018 1107 imitationem
3053 1050 3321 1122 prabuit,
3353 1056 3415 1105 ut
3452 1064 3540 1105 res
3576 1048 3705 1121 ipsa

2064 1143 2268 1210 docet;
2318 1142 2459 1214 quin
2501 1142 2673 1197 etiam
2716 1141 2918 1212 procul
2969 1138 3169 1210 positis
3229 1137 3587 1210 principibus
3645 1141 3705 1195 et

2061 1233 2307 1289 ducibus
2340 1250 2353 1288 :
2380 1232 2534 1288 sicut
2554 1231 2679 1301 jam
2703 1231 2989 1286 imitando
3021 1230 3238 1285 factum
3268 1230 3359 1284 est
3388 1228 3448 1284 in
3483 1232 3703 1299 Longo.

2059 1321 2264 1377 bardia
2293 1327 2349 1377 et
2377 1321 2615 1377 Gotthia
2642 1320 2887 1391 ejusque
2915 1319 3244 1375 confinibus
3271 1316 3313 1353 θ’
3350 1333 3363 1373 :
3398 1333 3514 1373 non
3544 1318 3702 1374 enim

2057 1412 2209 1483 apud
2241 1409 2483 1482 gentiles
2515 1410 2628 1464 tale
2661 1409 2799 1481 quid
2862 1412 3226 1479 perpetretur
3256 1423 3269 1461 :
3330 1422 3517 1477 neque
3566 1420 3665 1460 eru
3686 1437 3705 1450 -

2057 1501 2242 1557 bescit
2274 1502 2468 1567 miser,
2503 1499 2601 1554 sed
2623 1498 2934 1567 sacriﬁcat,
2968 1498 3119 1553 sicut
3158 1495 3381 1552 dictum
3425 1498 3536 1563 est,
3571 1511 3699 1566 pro-

2057 1593 2265 1646 fanus:
2326 1597 2381 1644 et
2427 1603 2527 1643 eos
2582 1586 2780 1658 ipsum
2842 1585 3045 1641 merito
3117 1588 3482 1651 aversantur,
3541 1582 3693 1639 rele-

2052 1696 2189 1752 gare
2217 1681 2476 1735 conatur.
2510 1676 2791 1733 Dominus
2835 1683 3023 1731 autem
3074 1675 3309 1744 adjutor
3362 1688 3562 1730 eorum
3592 1673 3693 1743 qui

2052 1785 2153 1838 pro
2182 1769 2310 1839 ejus
2341 1768 2616 1823 mandato
2666 1766 2967 1825 decertant
2999 1779 3012 1817 :
3042 1763 3144 1835 qui
3204 1762 3461 1819 inﬂectat
3516 1762 3693 1818 corda

296 1838 399 1906 τήν
441 1838 717 1907 ἐκδίκησιν
776 1849 875 1911 τῆς
936 1843 1263 1915 Ἐκκλησίας
1320 1846 1505 1914 αὐτοῦ,
1563 1849 1800 1925 καθάπερ
1850 1850 1913 1906 έπ

2049 1838 2273 1929 piorum
2292 1857 2796 1928 imperatorum,ut
2815 1854 3074 1912 vindices
3091 1872 3158 1912 ac
3179 1857 3473 1928 prabeant
3493 1855 3686 1912 Eccle-

295 1930 396 1981 τοῦ
443 1932 670 2006 μοιχοῦ,
729 1926 824 1984 ’ίνα
879 1932 966 1986 καὶ
1026 1937 1217 1988 τοῦτον
1278 1932 1544 2010 εὐδοκήσγι
1601 1932 1913 2009 ἐκϐληθῆναι

2046 1926 2140 2000 sia
2161 1962 2276 2000 sua
2307 1926 2799 2016 quemadmodum
2832 1944 2890 1999 in
2924 1926 3229 2001 adultero:
3263 1944 3509 2016 ejicique
3530 1944 3686 2001 hunc

295 2022 398 2084 τῆς
448 2016 788 2093 ἱερουργίας*
850 2019 934 2074 έπί
993 2041 1051 2075 τε
1108 2020 1416 2094 λυσιτελείᾳ
1471 2029 1568 2079 τοῦ
1625 2028 1932 2103 ἀγιωτάτου

294 2109 661 2183 πατριάρχου,
696 2112 782 2165 καὶ
837 2111 1015 2183 πάσης
1065 2121 1162 2183 τῆς
1209 2117 1508 2185 καθολικῆς
1558 2119 1929 2189 Ἐκκλησίας.

367 2198 461 2252 Διὸ
493 2200 757 2269 θαρσεῖτε,
804 2203 959 2258 τέκνα
1003 2205 1089 2259 καὶ
1137 2202 1364 2284 ἀδελφοί
1390 2227 1401 2238 ·
1436 2209 1523 2261 καὶ
1561 2210 1636 2281 μή
1693 2207 1928 2280 δείσητε,

291 2284 433 2358 μηδέ
479 2286 849 2360 καταπέσητε.
887 2294 1081 2367 Καιρὸς
1126 2296 1451 2370 ὁμολογίας,
1501 2300 1686 2373 καιρὸς
1741 2300 1926 2355 ἐνστά-

285 2398 445 2439 σεως,
478 2380 664 2453 καιρὸς
712 2379 1017 2452 ἀθλήσεως,
1068 2386 1238 2459 τυχὸν
1293 2387 1382 2442 καὶ
1431 2386 1620 2443 ἄλλων
1668 2391 1926 2462 παθημά-

281 2487 393 2521 των
424 2487 441 2504 ο
472 2467 617 2524 ἀλλὰ
646 2469 735 2524 καὶ
769 2486 1035 2549 στεφάνων
1066 2475 1158 2529 καὶ
1190 2472 1349 2546 δόξης
1382 2477 1698 2553 ἐπουρανίου
1724 2524 1737 2538 .
1780 2480 1925 2549 Φησὶ

278 2557 385 2629 γάρ
413 2574 426 2586 ·
458 2555 646 2613 Ἀλλ’
676 2556 712 2627 ἤ
753 2560 901 2622 τοὺς
940 2560 1338 2633 δοξάζοντάς
1380 2588 1455 2640 με
1494 2565 1776 2640 δοξάσω,
1817 2570 1922 2626 καὶ

280 2648 309 2701 ὁ
342 2645 703 2738 ἒξουθενῶν
736 2673 813 2724 με
854 2652 1405 2727 ἄτιμασθήσεται.
1440 2660 1558 2727 Καὶ,
1593 2666 1920 2738 Μακάριοι

281 2738 342 2790 o't
406 2739 488 2809 μὴ
540 2736 975 2804 ἐκκλίνοντες
1025 2743 1147 2799 ἆπὸ
1198 2751 1322 2801 τῶν
1374 2748 1654 2807 ἐντολῶν
1692 2736 1918 2811 αὑτοῦ.

278 2834 391 2915 hic,
444 2832 728 2902 Χαίρετε
795 2831 904 2886 καὶ
953 2832 1398 2907 ἀγαλλιᾶσθε,
1451 2840 1551 2896 ὅτι
1601 2842 1628 2895 6
1682 2846 1918 2915 μισθὸς

277 2914 431 2986 ὑμῖν
476 2922 594 2978 τοῖς
645 2918 1213 2990 ὑπομένουσιπολὺς
1264 2923 1324 2979 ἂν
1368 2933 1512 2991 τοῖς
1561 2914 1912 3005 οὐρανοῖς·

271 2998 584 3079 τῶνέργων
617 3006 769 3095 ὑμῶν
801 3004 1009 3084 ἔχεσθε.
1043 3012 1162 3067 Τῶν
1197 3013 1461 3086 βασιλέων
1494 2998 1655 3089 ἡμῶν
1686 3020 1912 3095 ὑπερεύ-

271 3094 453 3183 χεσθε,
510 3098 608 3148 τοῦ
659 3094 981 3175 ἀρχιερέως,
1025 3104 1122 3154 τοῦ
1167 3096 1501 3173 ἐκϐληθῆναι
1556 3107 1647 3162 τὸν
1709 3094 1910 3183 Ἰωσὴφ

266 3179 327 3235 ἐκ
367 3186 467 3281 τοῦ
496 3184 922 3281 θυσιαστηρίουζ
950 3194 1050 3281 τῆς
1110 3190 1331 3281 εἰρήνης
1387 3199 1487 3281 τῆς
1546 3179 1902 3267 Ἐκκλησίαςλ
1938 3213 1981 3281 C

266 3272 631 3345 πορευόμενοι
663 3272 715 3328 ἐν
744 3272 856 3346 ὁδῷ
904 3275 1148 3351 ἀμώμῳ,
1181 3278 1231 3333 έν
1281 3286 1400 3343 ταῖς
1453 3280 1701 3346 ἐντολαῖς
1744 3286 1905 3341 αὑτοῦ

264 3357 590 3429 θελήσαντες
652 3361 856 3441 σφόδρα
884 3385 897 3398 ’
967 3364 1018 3421 ἐν
1064 3368 1209 3441 πάσῃ
1269 3369 1412 3445 καλῇ
1442 3376 1781 3439 καταστάσει,
1813 3376 1901 3431 καὶ

262 3452 523 3521 κανονικῇ
578 3446 896 3509 διαϐιώσει·
955 3451 1060 3518 ἕως
1135 3455 1193 3512 ὀίν
1270 3460 1536 3531 ἀκούσητέ
1591 3483 1645 3517 τι
1709 3462 1899 3533 πλέον,

260 3535 293 3603 ἢ
327 3538 419 3591 καὶ
469 3541 632 3611 ἡμεῖς
688 3546 1081 3615 σημανοῦμεν.
1138 3547 1195 3603 Ὀ
1253 3550 1489 3623 Χριστὸς
1537 3552 1652 3622 μεθ’
1705 3554 1895 3624 ὑμῶν·

261 3627 297 3712 ἠ
334 3626 597 3690 Θεοτόκος
643 3628 911 3686 σκέπουσα
960 3632 1101 3704 ὑμᾶς
1125 3652 1136 3665 '
1172 3636 1200 3689 6
1233 3634 1553 3712 Πρόδρομος
1598 3640 1683 3695 καὶ
1721 3641 1748 3695 ὁ
1781 3648 1899 3697 Θεο-

260 3711 434 3789 λόγος
473 3722 831 3806 φρουροῦντες
884 3721 1056 3793 ὑμᾶς’
1102 3724 1153 3778 o't
1207 3726 1356 3799 ἅγιοι
1403 3728 1595 3791 πάντες
1641 3734 1709 3803 τῇ
1755 3730 1895 3806 εὐχῇ

251 3807 352 3858 τοῦ
394 3804 603 3880 Πατρός
664 3828 769 3880 μου
813 3808 904 3863 καὶ
964 3812 1175 3883 Πατρὸς
1224 3814 1416 3887 ὑμῶν.
1469 3816 1674 3879 Πάντας
1722 3804 1897 3893 προσέ

254 3894 501 3967 αγορεύω
559 3897 674 3951 κατ’
734 3893 941 3981 ὄνομαο
996 3901 1031 3969 ἡ
1091 3901 1255 3976 χάρις
1327 3908 1422 3959 τοῦ
1480 3906 1678 3980 Κυρίου
1730 3910 1891 3981 ⁴ἡμῶν

244 3984 433 4074 Ἰησοῦ
464 3989 702 4057 Χριστοῦ
730 3980 867 4042 ἔστω
898 3990 1032 4061 μετὰ
1061 3990 1275 4047 πάντων
1336 3993 1513 4067 ὑμῶν,
1551 3993 1706 4052 τέκνα
1751 3980 1888 4074 ἤγα-

246 4070 465 4143 πημένα
491 4117 503 4129 .
539 4076 717 4147 Ἀμήν
745 4119 756 4131 .

586 4201 708 4255 ΔΒ¹.
743 4233 811 4244 ——
840 4203 1101 4277 Νικολάῳ
1134 4206 1530 4284 Χαρτουλαρίῳ
1552 4255 1564 4268 .

2045 2036 2266 2105 placeat
2295 2051 2460 2090 sacro
2487 2034 3019 2101 ministerio,prout
3048 2033 3277 2105 expedit
3307 2034 3679 2090 sanctissimo

2044 2125 2379 2196 patriarcha
2412 2128 2630 2196 totique
2661 2124 2924 2180 Ecclesia
2956 2124 3276 2181 catholica.

2108 2216 2493 2280 Quamobrem
2511 2214 2807 2280 conﬁdite,
2834 2215 3012 2270 iiliiac
3043 2214 3245 2271 fratres
3266 2220 3353 2272 :et
3369 2231 3441 2271 ne
3461 2220 3676 2272 terrea-

2040 2305 2205 2368 mini,
2238 2319 2341 2357 nec
2388 2300 2774 2357 succumbite.
2806 2300 3063 2373 Tempus
3092 2302 3497 2369 confessionis,
3529 2308 3679 2359 tem-

2036 2406 2149 2463 pus
2188 2390 2549 2458 resistentia,
2581 2394 2814 2461 tempus
2872 2389 3280 2457 certaminum,
3312 2390 3678 2464 aliorumque

2035 2480 2277 2536 fortasse
2324 2480 2728 2545 alﬂictionum,
2761 2479 2865 2535 sed
2902 2484 2957 2535 et
2988 2495 3356 2545 coronarum,
3382 2485 3439 2537 et
3483 2480 3675 2551 gloria

2033 2567 2305 2625 calestis.
2335 2568 2426 2624 Ait
2456 2569 2641 2625 enim:
2678 2569 2783 2623 Sed
2811 2567 3184 2638 glariﬁcante:
3212 2585 3299 2625 me
3326 2569 3671 2641 gloriﬁeabo,

2027 2665 2082 2715 et
2101 2660 2200 2730 qui
2243 2660 2538 2714 contemnit
2592 2673 2678 2713 me
2715 2660 2819 2712 erit
2840 2658 3095 2727 ignobilis
3144 2657 3211 2712 “.
3246 2658 3312 2713 Et
3343 2677 3359 2713 :
3393 2659 3549 2714 Beati
3577 2662 3678 2732 qui

2025 2764 2135 2805 non
2154 2748 2437 2804 declinant
2464 2765 2498 2803 a
2552 2747 2834 2803 mandati:
2880 2749 3001 2818 ejus
3056 2745 3124 2802 ’3.
3156 2748 3292 2803 Ideo
3343 2746 3575 2805 Gaudete
3610 2756 3668 2804 et

2024 2837 2322 2903 exsultate,
2346 2839 2607 2909 quoniam
2646 2852 2851 2893 merce:
2874 2836 3048 2902 vobis,
3079 2836 3666 2907 cumfsustinueritis,

2022 2927 2199 2981 multa
2229 2930 2306 2983 est
2336 2929 2393 2981 in
2422 2925 2570 2982 caelis
2587 2924 2652 2979 9‘.
2678 2925 2963 2999 Operibus
2984 2925 3192 2982 vestris
3215 2925 3420 2982 intenti
3449 2931 3662 2983 estote.

2024 3016 2131 3072 Pro
2164 3016 2612 3088 imperatoribus
2662 3016 2877 3073 nostris
2918 3020 3077 3073 orate
3110 3034 3123 3072 :
3160 3032 3260 3089 pro
3309 3015 3663 3086 patriarcha,

2021 3112 2085 3163 ut
2114 3106 2382 3177 ejiciatur
2409 3106 2624 3178 Joseph
2649 3107 2722 3162 ab
2747 3105 2916 3162 altari
2942 3123 2955 3173 ;
2992 3123 3094 3177 pro
3149 3120 3287 3177 pace
3342 3104 3612 3161 Ecclesia
3644 3124 3658 3162 :

2021 3196 2388 3253 ambulantes
2423 3196 2480 3250 in
2509 3196 2602 3251 via
2631 3195 3008 3251 immaculata
3023 3194 3162 3262 ",iu
3200 3192 3498 3251 mandatis
3530 3195 3659 3264 ejus

2017 3284 2277 3343 volentes
2308 3283 2474 3339 nimis
2502 3282 2549 3319 ’⁸
2579 3303 2593 3336 :
2629 3283 2687 3338 in
2748 3282 2906 3339 omni
2954 3282 3202 3338 honesta
3241 3280 3659 3338 constitutione

2014 3380 2071 3431 et
2101 3376 2382 3429 canonica
2410 3373 2845 3430 conversatione
2874 3388 2887 3426 :
2916 3372 3102 3444 quoad
3136 3370 3354 3444 aliquid
3404 3370 3657 3443 amplius

2010 3462 2280 3534 audiatis,
2311 3467 2413 3519 aut
2468 3481 2501 3518 a
2558 3460 2728 3517 nobis
2758 3460 3126 3532 significetur
3154 3459 3423 3517 Christus
3453 3460 3530 3516 sit
3560 3475 3655 3516 vo-

2010 3552 2275 3618 biscum;
2333 3551 2576 3622 Deipara
2628 3554 2933 3622 protegens
3000 3564 3148 3605 vos:
3198 3550 3529 3606 Pracursor
3595 3553 3653 3604 et

2007 3642 2336 3713 Theologus
2367 3640 2762 3696 custodientes
2808 3655 2948 3706 vos;
2981 3638 3167 3697 sancti
3206 3654 3432 3707 omnes,
3460 3638 3648 3710 preci-

2005 3730 2115 3787 bus
2147 3730 2334 3786 Patris
2365 3730 2501 3799 mei,
2533 3746 2600 3785 ac
2631 3728 2815 3785 Patris
2835 3728 3033 3784 vestri.
3066 3727 3281 3784 Omnes
3320 3726 3508 3784 saluto
3535 3740 3647 3782 no-

2006 3818 2293 3874 minatim.
2327 3818 2524 3875 Gratia
2569 3816 2801 3874 Domini
2860 3816 3044 3873 nostri
3103 3816 3245 3873 Jesu
3303 3814 3531 3883 Christi.
3564 3816 3643 3870 sit

2003 3923 2137 3964 cum
2169 3907 2447 3964 omnibus
2474 3906 2662 3974 vobis,
2696 3906 2803 3963 ﬁlii
2834 3905 3053 3962 dilecti.
3083 3907 3285 3962 Amen.

2329 4209 2559 4268 XXXII.
2614 4240 2650 4252 -
2678 4208 2904 4266 Nicolao
2927 4205 3304 4263 Chartulario.

436 4335 774 4401 Quantopere
804 4354 988 4404 pacem
1017 4348 1165 4407 optet
1194 4345 1443 4398 Ecclesia
1475 4362 1486 4397 :
1521 4354 1572 4399 et
1600 4363 1757 4414 quam
1788 4354 1923 4403 bene
1951 4353 2008 4404 in
2037 4351 2392 4417 patriarcham
2422 4351 2493 4401 ait
2521 4347 2756 4399 allectus.
2788 4346 3002 4411 (Baron.
3035 4358 3122 4395 an.
3159 4342 3272 4400 809.
3306 4355 3357 4393 n.
3388 4340 3459 4405 2.)

320 4429 690 4525 Ὑπελάβομεν
772 4443 891 4502 πῶς
965 4441 1219 4517 ἀπεχθῶς
1276 4443 1421 4521 ἔχειν
1480 4449 1581 4517 τήν
1642 4449 1889 4525 μεγάλην

2076 4452 2427 4525 Suspicabar
2441 4451 2695 4522 quodam
2705 4449 2871 4503 modo
2885 4460 3161 4518 magnam
3184 4443 3456 4516 pietatem
3474 4446 3644 4509 tuam,

244 4541 345 4577 σου
384 4518 678 4590 εὐσέϐειαν,
734 4529 1045 4601 πανπόθητε
1088 4534 1250 4606 ἡμῶν
1302 4518 1553 4607 δέσποτα,
1596 4518 1735 4611 πρὸς
1779 4518 1876 4608 τὴν

241 4611 565 4668 ταπείνωσιν
623 4618 804 4689 ἡμῶν,
871 4616 959 4674 διά
1021 4643 1141 4677 τινα
1218 4626 1702 4699 παρεμπίπτουσαν
1756 4631 1881 4685 ὑπό-

241 4702 390 4755 θεσιν
416 4747 430 4760 .
466 4703 621 4759 Ἀλλ’
648 4702 818 4768 ὅντως
849 4703 1049 4781 ἔδειξας
1082 4710 1134 4766 ἐν
1180 4718 1259 4785 τῷ
1307 4716 1533 4789 παρόντι
1586 4724 1761 4793 καιρῷ
1789 4741 1885 4775 κα·

243 4789 411 4879 θαράν
467 4813 561 4846 σου
618 4795 719 4863 τήν
776 4798 962 4869 τιμίαν
1019 4802 1204 4875 ψυχήν
1278 4806 1460 4875 πάσης
1535 4789 1884 4879 δυσμενείας·

244 4877 311 4931 οὐ
356 4880 460 4951 μὴν
511 4879 654 4936 ἀλλὰ
707 4884 796 4938 καὶ
826 4885 1003 4957 πάσης
1056 4885 1361 4954 θεοσεϐείας
1392 4877 1843 4969 πεπληρῶμένην
1874 4920 1885 4930 ·

243 4968 301 5063 ἰν
330 4974 410 5063 τῷ
437 4972 630 5047 γοργὸν
680 4975 771 5063 καί
819 4978 1015 5049 θερμόν
1068 5001 1125 5034 σε
1172 4979 1414 5055 γενέσθαι
1464 4984 1540 5046 εἰς
1588 4968 1681 5057 τὸ,
1726 4988 1885 5063 χάριν

242 5057 467 5133 εΐρήνης
496 5068 597 5131 τῆς
629 5061 957 5136 Ἐκκλησίας
985 5073 1080 5122 τοῦ
1112 5075 1265 5141 Θεοῦ,
1310 5071 1465 5135 εὐθὺς
1519 5075 1624 5129 ἀπὸ
1655 5057 1883 5150 πρῶτης

239 5151 404 5243 ημῶν
463 5150 861 5225 παρακλήσεως
926 5159 1212 5227 κινηθῆναι
1262 5162 1398 5233 πρὸς
1452 5165 1737 5243 συνάφειαν
1782 5171 1881 5221 τοῦ

240 5236 548 5313 ἆγιωτάτου
578 5242 739 5311 ἡμῶν
771 5245 1115 5319 πατριάρχου
1141 5290 1153 5303 .
1188 5250 1361 5304 Τοῦτο
1408 5236 1695 5326 γνώρισμα
1745 5253 1885 5311 εἰλι-

238 5331 463 5418 κρινοῦς
511 5326 735 5418 φιλίας’
792 5335 955 5386 τοῦτο
1006 5331 1212 5407 ἰδίωμα
1255 5336 1541 5412 ἀνθρώπου
1581 5338 1882 5418 Θεοφόϐουι

238 5414 707 5507 τοῦτοᾼάπόδειξις
744 5418 1003 5497 ἐναργοῦς
1047 5421 1221 5493 ζήλου
1267 5424 1531 5497 ἀληθείας
1555 5475 1567 5488 .
1626 5414 1722 5487 κάὶ
1753 5434 1884 5507 γοῦν

236 5502 545 5560 ἀποδώσειέ
600 5527 682 5561 σοι
741 5509 942 5585 Κύριος
977 5528 989 5545 ’
1054 5511 1104 5567 εἴ
1164 5516 1253 5569 καὶ
1314 5514 1483 5590 μηδέν
1535 5541 1588 5575 τι
1636 5502 1883 5596 γένηται,

1993 4542 2228 4599 domine
2262 4542 2339 4598 mi
2367 4534 3174 4607 desideratissime,alieuiore
3195 4533 3392 4590 animo
3419 4547 3549 4589 esse
3569 4531 3643 4587 ab

1994 4632 2321 4689 humilitate
2354 4639 2552 4688 nostra
2580 4630 2653 4686 ob
2692 4644 2879 4685 causa
2926 4626 3173 4697 alicujus
3231 4627 3641 4680 interventum.

1996 4721 2105 4777 Sed
2138 4739 2333 4778 revera
2361 4721 2470 4776 hoc
2502 4728 2759 4790 tempore
2810 4714 3140 4779 ostendisti,
3171 4728 3412 4770 vacuam
3460 4709 3646 4767 omni-

1996 4814 2129 4869 odio
2160 4829 2286 4870 esse
2316 4812 2703 4868 venerandam
2754 4809 3013 4865 animam
3065 4810 3251 4873 tuam,
3287 4802 3640 4874 plenamque

1997 4902 2140 4958 adeo
2197 4902 2351 4957 omni
2389 4900 2639 4973 pietate:
2675 4898 2905 4969 quando
2958 4902 3015 4953 te
3045 4897 3382 4969 promptum
3411 4907 3477 4947 ac
3498 4906 3638 4962 para

1998 4998 2118 5048 tum
2149 4990 2418 5056 docuisti,
2439 4995 2508 5045 ut
2536 4989 2694 5060 pacis
2727 4987 2996 5044 Ecclesia
3024 4985 3122 5041 Dei
3175 4982 3393 5049 studio,
3429 4981 3629 5037 statim

1995 5098 2062 5138 ac
2093 5081 2348 5153 primum
2383 5079 2592 5135 hortati
2618 5094 2845 5146 sumus,
2870 5075 3195 5148 applicares
3218 5081 3271 5127 te
3301 5072 3368 5126 ad
3392 5071 3632 5139 conjun-

1996 5171 2247 5226 ctionem
2279 5168 2632 5225 sanctissimi
2663 5166 3002 5237 patriarcha
3061 5163 3264 5219 nostri.
3299 5160 3411 5216 Hoc
3472 5158 3638 5214 indi-

1996 5261 2152 5315 cium
2207 5258 2444 5314 sincera
2502 5254 2791 5322 amicitia,
2855 5254 2959 5309 hoc
3016 5251 3310 5325 proprium
3382 5246 3636 5304 hominis

1993 5347 2179 5404 Deum
2206 5348 2466 5403 timentis
2494 5363 2508 5400 :
2541 5345 2660 5400 hac
2686 5348 2880 5416 aperta
2911 5337 3323 5397 demonstratio
3353 5336 3458 5392 zeli
3484 5334 3634 5390 veri-

1996 5438 2150 5493 tatis.
2185 5440 2385 5508 Itaque
2415 5434 2698 5490 retribuet
2722 5433 2823 5488 tibi
2872 5432 3169 5494 Dominus,
3202 5425 3437 5482 tametsi
3479 5422 3630 5479 nihil

1996 5526 2119 5595 fiat,
2170 5527 2459 5598 integram
2509 5524 2717 5595 jutitia
2772 5521 3117 5577 mercedem.
3180 5521 3304 5573 Non
3351 5513 3510 5570 enim
3559 5526 3631 5566 ex

308 5633 352 5745 ξ
402 5637 609 5745 Ξυιςξξῖ
644 5635 1014 5745 iirh‘eodori
1044 5638 1196 5710 Vita,
1220 5658 1353 5715 pag.
1380 5644 1464 5714 te,
1498 5662 1557 5701 η.
1593 5646 1679 5702 to.
1756 5647 1853 5705 sal
1902 5649 1916 5704 ι

2029 5691 2038 5706 .
2071 5664 2133 5718 ιι,
2166 5650 2256 5710 30.
2307 5649 2354 5683 θ’
2383 5648 2538 5706 Psal.
2568 5664 2761 5718 cxvm,
2786 5648 2874 5702 21.
2908 5645 2953 5682 κ
2981 5643 3183 5702 Matth.
3218 5659 3269 5698 v.
3307 5642 3353 5697 1.
3387 5639 3437 5674 ⁸⁸
3472 5637 3626 5745 Psal.

236 5722 286 5772 c,
313 5706 367 5759 6.
402 5704 452 5741 9³
482 5704 632 5763 Psal.
658 5723 770 5777 cn,
800 5707 856 5768 1.
