4084 6284
430 346 588 409 1015

1672 346 1737 406 S.
1781 344 2179 407 THEODOM
2224 345 2582 409 STUDITE

3666 350 3807 416 1016

430 495 622 535 rerum
654 476 830 547 exitu,
851 477 953 532 sed
986 476 1057 532 ab
1088 492 1289 533 earum
1349 477 1687 545 intentione,
1720 493 1823 535 seu
1873 478 2077 533 lauda-

2215 475 2501 552 πλόκληρον
2550 476 2897 551 δικαιοσύνης
2950 481 3173 555 μισθόν.
3224 479 3361 537 Οὐδὲ
3416 481 3518 557 γὰρ
3573 482 3679 537 ἀπὸ
3722 487 3811 539 τοῦ

432 568 559 635 bili,
593 583 696 623 seu
716 582 907 635 secus,
938 564 1083 621 solet
1096 565 1249 621 Deus
1280 567 1514 637 praemia
1538 568 1849 623 decernere
1862 567 2077 621 facien-

429 658 607 713 tibus.
644 660 924 711 Lucratus
946 670 1081 727 ergo
1103 670 1169 710 eo
1200 655 1479 726 temporis
1496 662 1708 725 puncto
1736 671 1851 711 non
1875 670 2076 710 aurum

430 752 491 800 et
516 750 843 817 argentum,
866 745 965 799 sed
990 745 1163 813 juges
1197 744 1501 799 thesauros
1520 744 1769 801 caelestis
1822 744 2076 799 retribu-

431 836 630 891 tionis.
663 835 910 891 Oramus
960 841 1178 899 autem,
1224 839 1280 888 et
1327 835 1629 889 hortamur
1696 835 1968 905 amplius,
2020 844 2079 887 ut

437 942 641 997 pergas
670 924 731 979 in
762 925 1050 994 incoepta;
1088 931 1149 979 ut
1180 929 1240 978 tu
1275 925 1511 993 quidem
1564 926 1902 979 thesaurum
1936 941 2078 994 prae-

440 1014 670 1067 divitem
694 1012 990 1083 acquiras,
1017 1028 1120 1067 nos
1150 1029 1280 1068 vero
1320 1014 1564 1067 humiles
1615 1019 1923 1083 conspectu
1973 1030 2083 1082 pa-

440 1101 704 1157 triarchae
734 1102 1018 1168 fruamur,
1050 1106 1151 1155 aut
1184 1102 1373 1171 potius
1406 1106 1468 1156 ut
1525 1102 1784 1157 Ecclesia
1822 1102 1921 1159 Dei
1983 1108 2082 1157 tua

442 1206 613 1262 opera
645 1206 843 1261 pacem
868 1192 1076 1261 adepta
1134 1189 1352 1245 multas
1397 1191 1502 1244 tibi
1548 1190 1786 1246 laudum
1839 1206 2082 1246 coronas

445 1286 653 1336 nectat:
675 1295 779 1335 nec
794 1279 1064 1350 pluribus
1084 1280 1273 1334 verbis
1289 1284 1379 1334 est
1392 1296 1561 1351 Opus.
1585 1281 1867 1344 Quoniam
1886 1286 2080 1335 autem

436 1368 665 1438 jussisti
687 1370 1017 1439 signiticare
1037 1384 1159 1435 nos,
1181 1371 1281 1438 qui
1314 1369 1523 1423 sentiat
1541 1368 1840 1423 humilitas
1863 1372 2081 1423 nostra.

441 1461 558 1528 jam
592 1458 715 1513 sine
747 1462 898 1523 luco,
924 1458 1276 1513 excellentiae
1308 1462 1420 1512 tum
1452 1475 1647 1513 coram
1686 1458 1959 1523 Domino,
1987 1457 2084 1527 qui

445 1546 671 1602 occulta
728 1549 906 1613 novit,
940 1546 1363 1618 signiﬁcamus.
1389 1546 1562 1601 Nulla
1612 1547 1776 1602 nobis
1824 1553 1912 1601 est
1952 1562 2084 1600 cum

448 1636 778 1708 patriarcha
809 1638 879 1691 de
912 1637 1321 1691 communione
1363 1638 1669 1703 dubitatio,
1695 1641 2084 1707 praeterquam

448 1726 734 1781 (eoonomi
766 1741 963 1790 causa,
992 1741 1058 1780 eo
1080 1726 1234 1795 quod
1282 1725 1583 1795 depositus
1614 1727 1692 1779 sit
1721 1741 1817 1794 per
1859 1723 2089 1780 divinos

444 1830 717 1871 canones.
750 1815 817 1869 Et
848 1819 1081 1886 quando
1114 1814 1517 1884 prohibebitur
1548 1830 1580 1869 a
1619 1830 1784 1869 sacro
1825 1814 2088 1869 ministe-

450 1909 534 1963 rio
558 1908 710 1963 sicut
742 1914 911 1962 antea
932 1907 1032 1962 Dei
1082 1906 1461 1977 beneplacito,
1486 1913 1543 1961 et
1587 1907 1943 1961 sanctissimi
1996 1922 2092 1977 pa-

448 1997 737 2065 triarchae,
774 1997 1115 2067 piorumque
1161 1996 1535 2051 dominorum
1596 2001 1965 2063 nostrorum;
2002 1994 2092 2049 ni-

450 2090 667 2144 mirum
720 2090 858 2159 quia
916 2103 1252 2143 osconomus
1295 2093 1402 2155 est,
1465 2093 1523 2143 et
1570 2088 1848 2143 honorem
1906 2088 2089 2157 gerit;

450 2184 573 2233 tum
597 2178 862 2249 protinus
894 2177 1068 2233 simul
1102 2178 1564 2233 sacriﬁcabimus
1605 2183 1662 2233 et
1692 2178 2095 2233 communica-

451 2268 671 2336 bimus,
722 2273 780 2321 et
850 2282 1082 2321 manum
1120 2267 1510 2337 porrigemus,
1539 2266 1685 2321 nihil
1735 2267 2096 2337 inquirentes

453 2357 525 2412 de
554 2357 798 2411 triennio
848 2356 976 2423 hoc,
1013 2372 1126 2425 quo
1174 2372 1305 2410 cum
1339 2372 1402 2411 eo
1442 2355 1625 2412 sacris
1675 2361 1947 2427 Operatus
1987 2360 2095 2420 est,

454 2446 615 2517 pacis
644 2446 869 2499 studio:
898 2460 1084 2515 neque
1116 2446 1168 2500 id
1204 2450 1361 2500 metu
1403 2445 1616 2516 aliquo,
1643 2449 1739 2501 sed
1769 2446 2101 2500 communis

455 2534 721 2591 utilitatis
750 2539 807 2588 et
836 2533 1041 2588 salutis
1075 2534 1281 2603 gratia.

456 2622 547 2678 καὶ
614 2622 1169 2697 συλλειτουργοῦμεν,
1254 2622 1344 2677 καὶ
1429 2626 1917 2696 συγκοινωνοῦμεν,
2009 2620 2100 2676 καὶ

2183 565 2376 631 τέλους
2412 572 2517 623 τῶν
2573 570 2907 644 πραγμάτων
2945 615 2958 638 ,
3016 568 3144 625 ἀλλ’
3203 572 3307 627 ἀπὸ
3368 574 3466 636 τῆς
3516 572 3640 644 περὶ
3688 573 3813 627 αὐτὰ

2184 658 2510 730 προθέσεως,
2563 658 2671 714 εἷ’τε
2730 660 3043 727 ἐπαινετῶς,
3102 660 3208 717 εἷ’τε
3265 662 3377 739 οὐχ
3422 660 3616 730 οὕτως,
3667 660 3815 717 εἴωθε

2184 748 2279 807 τὰς
2339 743 2574 819 ἂμοιϐἀς
2628 754 2691 803 τὸ
2749 755 2903 803 Θεῖον
2961 748 3380 829 ἐπιψηφίζεσθαι
3438 755 3556 812 τοῖς
3615 748 3813 823 δρῶσι.

2190 834 2530 909 Κεκέρδηκας
2580 844 2864 913 τοιγαροῦν
2894 839 2947 895 ἐν
2997 839 3090 912 μιὺ
3138 845 3331 913 καιροῦ
3378 839 3543 915 ῥοπῇ,
3602 842 3664 895 οὐ
3698 860 3819 915 χου-

2190 925 2302 979 σίον
2333 946 2390 981 τε
2429 928 2517 980 καὶ
2559 928 2845 1003 ἀργύριον,
2894 929 3039 985 ἀλλὰ
3088 930 3394 1003 θησαύροὺς
3443 930 3816 991 ἀνεκλείπτους

2191 1016 2443 1089 οὐρανίας
2502 1015 2953 1080 ἀνταποδόσεως.
2999 1021 3113 1074 Ἔτι
3159 1016 3215 1073 δὲ
3262 1018 3687 1093 παρακαλοῦμεν
3735 1018 3818 1072 καὶ

2192 1103 2545 1179 δοσωποῦμὲν
2579 1127 2635 1161 σε
2674 1106 2995 1183 ἐπειχθῆναι
3043 1108 3096 1162 ἐν
3140 1114 3209 1183 τῇ
3258 1109 3483 1183 τοιαύτῃ
3539 1108 3818 1163 ὑποθέσει·

2185 1192 2277 1248 ’ἱνα
2332 1196 2494 1256 αὐτὸς
2559 1197 2654 1269 μὲν
2710 1194 2983 1271 κερδήσῃς
3042 1196 3306 1253 πλούσιον
3366 1200 3426 1253 τὸ
3482 1199 3824 1270 θησαύρισμα

2193 1286 2354 1354 ἡμεῖς
2387 1282 2444 1337 δὲ
2475 1285 2525 1337 οἱ
2557 1286 2798 1347 εὐτελεῖς
2827 1287 3090 1360 τύχωμεν
3120 1291 3218 1341 τοῦ
3265 1288 3402 1362 πρὸς
3433 1288 3528 1342 τὸν
3577 1285 3825 1363 ἀρχιερέα

2193 1377 2551 1427 συνοπτικοῦ·
2618 1372 2830 1447 μᾶλλον
2883 1374 2940 1429 δὲ
2984 1373 3075 1428 ’ίνα
3124 1378 3158 1444 ἡ
3206 1374 3504 1445 Ἐκκλησία
3557 1380 3654 1429 τοῦ
3700 1379 3827 1429 Θεοῦ

2193 1465 2261 1533 τῇ
2302 1468 2367 1530 σῆ
2407 1463 2645 1533 μεσιτείᾳ
2697 1458 3071 1536 βραϐευθεῖσα,
3112 1463 3356 1525 πολλούς
3407 1485 3503 1519 σου
3552 1463 3680 1525 τοὺς
3726 1467 3825 1519 τῶν

2193 1550 2481 1625 ἒγκωμίων
2541 1553 2829 1629 στεφάνους
2880 1552 3262 1623 καταπλέξειε.
3320 1554 3419 1608 Καὶ
3469 1554 3537 1607 οὐ
3587 1552 3749 1607 πλέον
3780 1573 3828 1605 τι

2198 1639 2310 1713 χρὴ
2343 1638 2522 1712 λέγειν
2550 1684 2562 1696 .
2620 1638 2840 1708 Ἐπειδή
2886 1638 2943 1694 δὲ
2992 1640 3279 1703 ἐκέλευσας
3328 1641 3669 1713 ἐπισημᾶναι
3716 1640 3830 1695 ὀπό·

2198 1748 2290 1787 σος
2350 1727 2490 1782 ἐστὶν
2554 1730 2582 1783 6
2640 1725 2805 1802 λόγος
2860 1734 2959 1795 τῆς
3024 1731 3398 1793 ταπεινώσεως
3482 1732 3671 1802 ἡμῶν,
3728 1725 3829 1798 ἢδη

2119 1858 2165 1921 Β
2203 1815 2448 1891 ἀψευδῶς
2508 1819 2845 1894 γνωρίζομεν
2904 1824 2972 1893 τῇ
3036 1820 3258 1894 μεγίστῃ
3320 1820 3595 1894 ὑπεροχῇ,
3660 1820 3731 1921 ὼε
3784 1816 3831 1870 ὲν

2200 1910 2479 1979 προσώπῳ
2511 1907 2709 1981 Κυρίου
2738 1913 2839 1963 τοῦ
2868 1913 2977 1962 τῶν
3021 1907 3242 1979 ἀδήλων
3276 1909 3525 1983 γνώστου
3575 1908 3672 1962 οὐκ
3700 1905 3834 1961 ἔστιν

2201 1998 2336 2069 ἡμῖν
2375 1993 2428 2050 ἔν
2459 2018 2564 2052 τινι
2595 1997 2657 2050 τὸ
2705 1993 3061 2075 ἀμφιϐάλλον
3108 2006 3208 2068 τῆς
3256 1999 3391 2070 πρὸς
3442 1999 3537 2052 τὸν
3592 1992 3836 2071 ἀρχιερέα

2202 2085 2507 2155 κοινωνίας,
2542 2087 2576 2154 ἢ
2612 2083 2702 2140 διὰ
2744 2086 2832 2140 τὸν
2885 2088 3197 2160 οἴκονόμον,
3247 2087 3382 2142 κατά
3412 2088 3475 2142 τὸ
3531 2085 3839 2159 καθῃρημέ-

2204 2194 2294 2227 νον
2323 2174 2481 2228 αὐτὸν
2516 2174 2650 2228 εἶναι
2693 2175 2801 2229 ὑπὸ
2848 2180 2955 2229 τῶν
3004 2175 3163 2230 θείων
3210 2177 3491 2230 κανόνων.
3545 2174 3645 2229 Καὶ
3692 2171 3838 2241 ἡνίκα

2208 2261 2488 2335 ὑποσταλῇ
2545 2270 2647 2332 τῆς
2706 2263 3033 2338 ἱερουργίας,
3090 2266 3225 2319 κατὰ
3282 2266 3345 2318 τὸ
3419 2264 3691 2338 πρότερον
3762 2260 3839 2315 εὐ·

2208 2349 2360 2421 δοκίᾳ
2393 2356 2549 2417 Θεοῦ,
2597 2357 2694 2407 τοῦ
2741 2374 2800 2407 τε
2850 2353 3159 2426 ἀγιωτάτου
3215 2354 3587 2428 πατριάρχου,
3639 2356 3743 2407 τῶν
3787 2368 3839 2404 τε

2209 2436 2440 2495 εὐσεϐῶν
2499 2443 2660 2514 ἡμῶν
2721 2439 3037 2497 δεσποτῶν⁶
3096 2441 3265 2512 δῆλον
3339 2443 3423 2497 ὅτι
3480 2439 3636 2502 ὄντος
3690 2439 3840 2495 αὐτοῦ

2214 2530 2530 2604 οἰκονόμου,
2569 2531 2657 2585 καὶ
2686 2533 2785 2601 τὴν
2818 2534 2983 2605 τιμὴν
3033 2529 3260 2607 ἔχονοος
3287 2550 3299 2564 '
3349 2530 3502 2593 εὐθὺς
3551 2530 3841 2605 παραυτίκα

2194 2622 2687 2695 χειροτονούμεθα,
2784 2620 2951 2694 μηδὲν
3036 2621 3443 2693 ἐπιζητοῦντες,
3542 2623 3664 2696 περὶ
3754 2625 3843 2686 τῆς

453 2711 506 2767 ἐν
533 2718 650 2776 τοῖς
676 2714 817 2786 τρισὶ
846 2712 1069 2787 χρόνοις
1097 2711 1314 2775 τούτοις
1345 2711 1794 2788 συλλειτουργίας
1822 2712 2009 2781 αὐτοῦ,
2041 2712 2357 2785 οἰκονομίας
2389 2713 2573 2786 χάριν,
2608 2711 2674 2767 οὐ
2706 2710 2794 2767 διὰ
2838 2708 3025 2791 φόϐον,
3080 2712 3225 2768 ἁλλά
3275 2711 3363 2767 διὰ
3408 2714 3471 2767 τὸ
3521 2709 3843 2784 κοινωφελὶς

456 2802 546 2858 καὶ
576 2804 847 2875 σωτήριον
866 2842 878 2856 .

527 2895 711 2950 Silent
725 2896 879 2950 enim
897 2894 1109 2966 linguae
1129 2896 1461 2959 mendaces,
1476 2895 1753 2951 adversus
1786 2894 1883 2950 Dei
1904 2909 2099 2965 pacem

460 2984 710 3039 incitatae
744 2991 802 3039 et
833 2986 1053 3052 dicant,
1089 3000 1211 3051 nos,
1249 2993 1581 3055 postquam,
1615 2984 1875 3055 dejeotus
1911 2999 2100 3038 sacer-

464 3076 617 3130 dotio
662 3076 830 3130 fuerit
860 3091 1222 3140 moonomus,
1255 3077 1687 3130 accusationem
1730 3090 2103 3145 aggressuros

469 3164 750 3219 antistitis
782 3165 985 3232 nostri,
1022 3172 1079 3218 ut
1111 3164 1211 3235 qui
1244 3181 1379 3219 cum
1421 3164 1685 3235 deposito
1745 3166 1869 3233 jam
1930 3164 2107 3218 sacri-

468 3253 934 3321 ﬁcavit;deinde
993 3254 1167 3308 etiam
1227 3253 1551 3310 decessoris
1607 3253 1963 3309 sanctissimi
2006 3270 2113 3323 pa-

470 3343 773 3399 triarcha:
810 3343 960 3397 labia
1016 3342 1233 3409 dolosa,
1266 3360 1393 3413 qua:
1447 3342 1569 3398 haec
1619 3343 1980 3412 loquuntur:
2023 3358 2117 3396 ca-
2152 3326 2194 3393 C

472 3434 962 3488 lumuniatorum:
988 3433 1436 3503 invidorumque
1458 3432 1764 3487 hominum
1792 3434 2115 3501 inventum,

478 3526 536 3577 et
584 3524 678 3591 qui
745 3521 940 3576 sanari
1002 3520 1181 3575 nolint
1240 3522 1527 3575 inﬂictum
1585 3521 1798 3576 vulnus
1829 3521 2113 3576 Ecclesiae.

480 3609 648 3665 Nullo
678 3610 851 3665 modo
885 3627 897 3664 :
930 3609 1114 3665 absit!
1139 3614 1197 3665 et
1244 3610 1629 3680 patriarcham
1675 3610 1776 3681 qui
1826 3609 2119 3680 precessit

482 3700 872 3770 suscepimus,
914 3704 971 3754 et
1019 3699 1399 3770 suscipimus,
1435 3700 1676 3770 ideoque
1732 3700 1804 3754 ad
1867 3704 2113 3753 mortem

475 3804 653 3859 usque
683 3804 814 3843 cum
838 3805 904 3843 eo
945 3789 1517 3844 communicabimus
1543 3806 1557 3856 ;
1581 3794 1639 3844 et
1678 3788 2116 3844 sanctissimum

474 3882 574 3950 qui
598 3894 753 3933 nunc
783 3884 871 3933 est
900 3878 1283 3950 patriarcham
1310 3885 1365 3933 et
1396 3878 1785 3949 suscepimus,
1826 3884 1884 3933 et
1931 3878 2115 3933 susci-

474 3968 665 4039 pimus
701 3985 714 4023 :
752 3984 851 4038 pro
884 3984 948 4022 eo
979 3970 1152 4022 etiam
1186 3968 1487 4022 offerimus
1515 3969 1810 4038 quotodie.
1844 3970 2120 4023 Arceatur

474 4073 507 4109 a
547 4058 730 4111 sacris
770 4073 1127 4123 mconomus,
1175 4055 1273 4126 qui
1326 4056 1654 4111 adulterum
1716 4058 2030 4123 coronavit,
2063 4060 2120 4110 et

479 4161 605 4215 nos,
630 4150 694 4199 ut
746 4150 918 4215 antea
969 4146 1246 4212 diximus,
1281 4161 1415 4201 cum
1474 4160 1539 4200 eo
1590 4145 2013 4212 sacrificamus,
2068 4143 2118 4198 si

466 4237 706 4306 jubetin
729 4236 985 4291 Ecclesia
1035 4236 1340 4302 catholica,
1370 4237 1532 4304 juxta
1567 4236 1812 4306 gradum
1858 4244 2115 4291 nostrum

481 4325 909 4397 unusquisque.
972 4325 1132 4389 Quod
1182 4325 1417 4395 quidem
1480 4325 1524 4378 si
1583 4326 1700 4395 flat,
1746 4326 2025 4393 gaudium
2060 4326 2118 4379 in

476 4416 618 4471 ccelo
638 4417 837 4483 fuerit,
869 4430 977 4485 pax
1008 4414 1064 4468 in
1097 4414 1354 4469 Ecclesia
1378 4415 1497 4481 Dei,
1531 4431 1657 4485 quae
1692 4416 1843 4486 apud
1878 4431 1981 4470 nos
2008 4418 2117 4470 est.

476 4506 733 4561 Tolletur
755 4505 1033 4571 schisma,
1051 4505 1355 4559 concordia
1377 4504 1569 4575 palam
1592 4504 1892 4571 enitescet,
1909 4504 2120 4559 archie-

478 4596 751 4668 piscopus
801 4599 1000 4651 noster
1062 4593 1337 4649 laudibus
1393 4594 1693 4649 ornabitur
1726 4611 1739 4647 :
1770 4594 1914 4648 adeo
1950 4600 2010 4648 ut
2042 4594 2113 4648 ad

479 4691 740 4756 posteros
806 4689 1065 4739 transeat
1124 4685 1247 4751 ejus
1316 4685 1641 4739 encomium
1729 4680 2198 4764 PotentissimiD

476 4776 854 4846 imperatores
894 4773 1077 4828 nostri
1120 4789 1233 4827 una
1262 4789 1391 4829 cum
1436 4772 1705 4844 pretiosis
1752 4772 1954 4828 infulis
1995 4771 2119 4826 suis

481 4865 743 4935 angelica
772 4865 941 4918 etiarn
977 4862 1147 4917 laude
1197 4862 1648 4918 coronabuntur.
1683 4862 1993 4918 Sacerdotes
2031 4860 2117 4914 in-

476 4955 639 5009 duent
662 4953 938 5021 iustitiam
966 4953 1265 5024 multoque
1292 4954 1478 5022 magis
1511 4955 1684 5006 sancti
1715 4950 2121 5023 (monasticum

478 5044 735 5099 Ordinem
790 5043 1011 5113 loquor)
1068 5058 1192 5096 cum
1234 5042 1603 5097 easultatione
1660 5041 2013 5094 exsultabant
2055 5038 2118 5090 9‘.

480 5134 763 5188 Dominus
797 5137 990 5185 noster
1019 5133 1168 5201 quod
1204 5143 1255 5187 et
1288 5130 1454 5199 quale
1518 5130 1783 5184 bravium
1836 5127 2126 5198 accipiet?

480 5225 613 5292 quid
649 5224 837 5276 dicere
868 5222 1140 5291 oportet?
1162 5228 1215 5277 et
1238 5222 1373 5291 quid
1408 5237 1521 5275 non
1563 5220 1752 5288 majus
1798 5217 1943 5272 fiet?
1976 5217 2118 5287 quid

474 5320 720 5389 jucundi
757 5326 869 5373 nun
904 5318 1181 5373 accedet?
1219 5320 1490 5373 Dicamus
1519 5322 1574 5369 et
1609 5317 1710 5369 hoc
1744 5331 2121 5369 :mconomus

479 5408 601 5477 ipse
614 5409 1021 5476 celebrabitur,
1038 5418 1093 5463 et
1114 5408 1390 5463 laudibus
1412 5405 1716 5461 elieretur:
1745 5419 2127 5475 magnamque

479 5497 589 5553 hoc
618 5501 783 5568 pacto
807 5497 1271 5553 misericordiam
1303 5498 1706 5566 consequetur
1728 5499 1855 5550 tum
1904 5492 1963 5548 in
1998 5493 2123 5562 hoc,

552 5676 596 5715 ³⁷
625 5675 775 5736 Ριει.
801 5693 989 5737 cmi.
1023 5676 1110 5732 16.

2284 2894 2598 2967 Σιγάτωσαν
2642 2894 2742 2969 γὰρ
2787 2894 2841 2948 αἱ
2887 2890 3355 2968 ψευδοκατήγοροι
3403 2891 3672 2967 γλῶτται,
3724 2888 3850 2944 κατᾶ

2209 2989 2310 3050 τῆς
2343 2982 2566 3057 εἰρήνης
2614 2986 2712 3037 τοῦ
2755 2987 2889 3037 Θεοῦ
2938 2981 3287 3055 κινούμεναι·
3341 2982 3446 3045 ὅτι,
3497 2981 3632 3035 ἐπὰν
3666 2978 3849 3053 είρχθῇ

2212 3079 2314 3141 τῆς
2371 3073 2684 3147 ἱερουργίας
2742 3071 2769 3125 6
2829 3069 3148 3145 οἰκονόμος,
3236 3067 3637 3145 ἐπιδραξόμεθα
3692 3066 3851 3125 αἰτίας

2218 3167 2551 3236 κατενεγκεῖν
2604 3165 2695 3215 τὸν
2749 3160 3011 3236 ἀρχιερέα
3066 3163 3249 3233 ἡμῶν,
3312 3161 3386 3220 ὡς
3435 3155 3546 3229 ἤδη
3600 3162 3678 3229 τῷ
3731 3157 3857 3210 καθ-

2222 3251 2488 3326 ῃρημένῳ
2520 3250 3121 3324 συλλειτουργήσαντα·
3176 3244 3361 3304 ἔπειτα
3408 3248 3499 3302 τὸν
3550 3244 3854 3322 προηγησά-

2237 3360 2396 3413 μενον
2464 3341 2761 3415 ἁγιώτατον
2839 3338 3233 3413 πατριάρχην’
3306 3334 3472 3411 χείλη
3545 3333 3734 3395 δόλια,
3797 3331 3854 3385 τὰ

2229 3428 2497 3484 λαλοῦντα
2524 3429 2591 3482 τὰ
2616 3432 2841 3483 τοιαῦτα
2866 3446 2880 3459 ·
2914 3427 3210 3499 ἀνθρώπων
3245 3428 3591 3502 συκνφαντῶν
3616 3422 3704 3479 καὶ
3734 3422 3853 3499 φθο-

2224 3523 2389 3592 νιρῶν
2420 3520 2483 3573 τὸ
2534 3517 2751 3593 δρᾶμα’
2783 3518 2874 3573 καὶ
2927 3518 3002 3591 μὴ
3051 3518 3319 3572 θελόντων
3365 3516 3441 3577 εἷς
3494 3513 3643 3568 ἴασιν
3687 3510 3849 3567 ἓλθεῖν

2224 3608 2287 3662 τὸ
2342 3609 2647 3681 προσπεσὸν
2722 3603 2952 3684 ὄφλημα
3008 3609 3076 3678 τῇ
3145 3602 3481 3674 Ἐκκλησία.
3542 3599 3865 3673 Μηδαμῶς

2231 3698 2305 3770 μή
2338 3698 2550 3769 γένοιτο
2584 3698 2595 3751 l
2627 3695 2715 3751 καὶ
2746 3699 2838 3750 τὸν
2867 3694 3216 3770 πατριάρχην
3262 3695 3355 3748 τὸν
3407 3691 3849 3768 προηγησάμενον

2225 3786 2313 3841 καὶ
2370 3783 2661 3858 ἐδεξάμεθα
2716 3784 2805 3839 καὶ
2856 3783 3150 3860 δεχόμεθα,
3210 3780 3295 3837 διὸ
3348 3782 3436 3835 καὶ
3482 3779 3593 3842 ἓως
3642 3779 3849 3833 θανάτου

2227 3879 2678 3947 συνκοινωνοῦμεν
2726 3875 2910 3946 αὐτῷ·
2963 3874 3052 3928 καὶ
3094 3878 3185 3928 τὸν
3240 3876 3328 3927 νῦν
3379 3871 3677 3946 ἁγιώτατον
3726 3867 3849 3939 ἀρχ-

2230 3965 2371 4039 ιερὲα
2409 3965 2498 4019 καὶ
2557 3963 2846 4037 ἐδεξάμεθα
2896 3964 2984 4017 καὶ
3038 3961 3311 4037 δεχόμεθα
3341 3980 3352 3993 ·
3406 3959 3494 4015 ἐπὶ
3544 3959 3722 4030 τούτῳ
3761 3954 3849 4030 γὰρ

2225 4055 2312 4108 καὶ
2356 4053 2691 4125 ἀναφὲρομεν
2739 4052 2856 4106 καθ’
2904 4051 3171 4120 ἑκάστην.
3202 4051 3265 4107 Ὁ
3297 4047 3589 4121 οἷκονόμος
3638 4042 3850 4120 εἰρχθήο

2226 4164 2303 4197 τω
2356 4145 2453 4207 τῆς
2513 4142 2814 4217 ἱερουργίας
2845 4142 2872 4196 6
2903 4143 2994 4197 τὸν
3062 4140 3259 4214 μοιχὸν
3318 4138 3660 4217 στεφανώσας
3692 4153 3703 4166 ·
3750 4129 3844 4217 καὶ,

2229 4233 2303 4293 ὡς
2358 4216 2907 4305 προδεδηλώκαμεν,
2968 4216 3503 4305 συλλειτουργοῦμεν
3584 4224 3762 4294 αὐτῷ.
3810 4216 3847 4273 εἷ

2226 4320 2457 4390 κελεύει,
2525 4319 2613 4374 ἐπὶ
2681 4327 2781 4391 τῆς
2846 4318 3149 4390 καθολικῆς
3230 4318 3582 4389 Ἐκκλησίας,
3647 4312 3847 4369 ἕκαστος

2227 4412 2363 4465 κατά
2390 4412 2488 4479 τὴν
2526 4408 2727 4464 οἰκείαν
2758 4411 2919 4483 ἡμῶν
2951 4410 3100 4481 τάξιν
3130 4453 3143 4466 .
3194 4407 3298 4465 Καὶ
3346 4405 3397 4461 εἷ’
3432 4409 3593 4461 τοῦτο
3630 4403 3847 4477 γένηται.

2227 4500 2370 4574 χαρά
2402 4497 2454 4551 ἐν
2488 4496 2738 4569 οὐρανοῖς
2764 4515 2777 4529 ·
2815 4496 3000 4567 εἰρήνη
3035 4495 3087 4550 ἰν
3116 4499 3185 4569 τῇ
3217 4495 3333 4549 καθ’
3381 4495 3527 4566 ἡμᾶς
3573 4484 3849 4555 Ἐκκλησίᾳ

2226 4593 2322 4643 τοῦ
2354 4590 2487 4643 Θεοῦ
2511 4605 2523 4618 ·
2558 4588 2619 4640 τὸ
2652 4588 2866 4664 σχίσμα
2890 4586 3202 4660 ὑποχωρεῖ·
3236 4586 3270 4653 ἡ
3299 4584 3531 4656 ὁμόνοια
3551 4577 3842 4648 ἀναλάμψει

2228 4680 2461 4751 τρανῶς,
2521 4675 2548 4729 6
2612 4673 2899 4749 ἀρχιερεὺς
2964 4675 3127 4745 ἡμῶν
3214 4672 3683 4749 στεφανωθήσεται
3745 4668 3847 4723 τοῖς

2232 4767 2493 4839 ἐπαίνοις,
2526 4768 2611 4821 καὶ
2640 4768 2897 4820 τοσοῦτον
2933 4764 3006 4826 ὡς
3039 4760 3354 4831 διαδοθῆναι
3397 4762 3564 4817 αὐτοῦ
3593 4761 3655 4815 τὸ
3702 4754 3847 4831 ἐγκώο

2235 4880 2356 4933 μιον
2385 4856 2490 4922 ἓως
2538 4863 2749 4933 γενεᾶς.
2802 4856 2869 4912 Οἱ
2919 4856 3195 4930 κράτιστοι
3252 4853 3413 4927 ἡμῶν
3478 4848 3717 4926 βασιλεῖς
3767 4845 3845 4899 σὺν

2231 4955 2349 5011 τοῖς
2378 4949 2783 5019 πολυτιμήτοις
2816 4944 2991 4999 αὐτῶν
3049 4941 3351 5017 διαδήμασι
3386 4933 3843 5013 καταστεφανωθή·

2234 5059 2413 5093 σονται
2444 5040 2511 5111 τῇ
2543 5035 2809 5112 ἀγγελικῇ
2842 5032 3115 5112 εὐφημίᾳ’
3151 5033 3211 5087 οἱ
3240 5033 3450 5104 ἱερεῖς
3482 5026 3844 5084 ὶνδύσονται

2235 5127 2667 5196 δικαιοσύνην
2696 5146 2707 5157 ·
2743 5119 2820 5180 ἔτι
2855 5122 3091 5197 μᾶλλον,
3139 5124 3200 5177 οἱ
3231 5121 3529 5189 ὅσιοι,τὸ
3564 5111 3844 5191 μοναδικὸν,

2234 5220 2404 5295 λέγω,
2460 5220 2663 5291 τάγμα,
2724 5213 3132 5289 ἀγαλλιάσει
3193 5210 3749 5295 ἆγαλλιάσονται.
3797 5201 3844 5253 Ὀ

2236 5291 2503 5377 δεσπότης
2535 5309 2693 5380 ἡμῶν
2728 5306 2847 5358 οἷον
2877 5305 2964 5358 καὶ
3006 5302 3207 5373 ἡλίκον
3239 5300 3393 5374 λήψῃ
3423 5300 3483 5354 τὸ
3516 5291 3775 5373 βραϐεῖον,
3800 5308 3845 5380 τι

2237 5398 2317 5455 δεῖ
2349 5397 2522 5471 λέγειν
2558 5379 2586 5464 ;ν
2624 5396 2715 5449 καὶ
2756 5393 2809 5449 τί
2866 5392 3077 5465 μᾶλλον
3110 5393 3171 5447 οὐ
3215 5393 3491 5467 γενήσεται
3522 5408 3535 5457 ;
3565 5387 3616 5442 τί
3644 5379 3843 5471 τερπνύν

2237 5488 2339 5544 οὐκ
2370 5468 2791 5564 εἰσαχθήσεται;
2834 5483 3091 5558 Εἷ’πωμεν
3128 5482 3218 5538 καὶ
3246 5485 3427 5556 τοῦτο,
3464 5481 3547 5536 δτι
3574 5476 3660 5533 καὶ
3706 5468 3844 5529 αὐτὸς
