4084 6284
314 400 474 467 101⁸7

1588 392 2158 464 ΕΡΙεβΓΟιΑΒῧΜ
2204 396 2353 460 ΜΒ.
2402 393 2448 460 I.

3573 396 3729 461 1018

321 536 350 588 ὁ
399 532 688 605 οἰκονόμος
746 533 1199 607 εύφημηθήσεςαι
1258 532 1347 586 καί
1409 529 1819 601 δοξασθήσεται,
1868 533 1998 603 xxi,

2100 551 2197 589 nm
2228 534 2287 589 in
2320 534 2513 589 futuro
2542 532 2771 589 saeculo.
2806 533 2877 589 Et
2899 549 3004 589 nos
3049 537 3382 604 peccatores
3422 535 3728 604 snhstrati,

315 622 729 695 κληρονομήσει
789 620 877 675 διὰ
930 625 1091 676 τοῦτο
1150 622 1286 695 μέγα
1335 616 1508 684 ἕλεος,
1540 622 1631 675 καὶ
1680 620 1837 694 ἐντῷ
1869 626 1961 675 νῦν

320 713 497 780 αἰῶνι,
529 713 619 767 καὶ
652 711 703 766 ἐν
751 716 831 784 τῷ
882 710 1160 784 μέλλοντι.
1212 713 1402 783 Ἡμεῖς
1451 732 1509 765 τε
1560 712 1612 765 οἱ
1644 710 1965 785 ἁμαρτωλοὶ

324 801 556 874 ἐσόμεθα
640 801 1058 869 ὑποπίπτοντες,
1144 800 1233 854 καὶ
1342 805 1791 873 προσκυνοῦντες,
1876 798 1966 854 καὶ

327 892 933 966 ὑπερευχαριστοῦντες,
993 884 1135 969 ἔργῳ
1182 889 1271 943 καὶ
1331 889 1484 967 λόγῳ
1540 891 1607 943 τὰ
1665 886 1853 943 δέοντα
1891 888 1965 950 ὡς

324 981 574 1059 ἀρχιερεῖ
636 980 767 1052 ὑπὲρ
826 980 999 1035 πάντα
1070 978 1378 1053 ἄνθρωπον,
1434 980 1568 1034 κατὰ
1624 981 1685 1033 τὸ
1743 978 1966 1055 ὀφειλό·

329 1090 505 1143 μενον,
556 1068 1000 1144 σονεισσέροντες.
1064 1069 1211 1143 Πρὸς
1278 1066 1337 1122 δὲ
1398 1070 1661 1123 πίστωσιν
1729 1072 1837 1123 τῶν
1898 1068 1968 1122 εί-

326 1159 606 1234 ρημένων,
644 1157 951 1230 ποιούμεθα
997 1158 1088 1212 τὸν
1145 1156 1312 1234 λόγον
1358 1151 1620 1236 ἔγγραφον
1682 1156 1771 1213 διὰ
1824 1157 1967 1213 πλά-

321 1269 451 1312 τους
485 1266 499 1281 '
546 1246 633 1302 ὅτι
702 1248 839 1320 μετὰ
889 1247 989 1316 τὴν
1048 1251 1239 1301 παῦσιν
1295 1248 1392 1317 τῆς
1451 1245 1775 1321 ἱερουργίας,
1832 1246 1968 1301 κατὰ

318 1337 385 1393 τὸ
414 1336 698 1411 πρότερον,
732 1333 824 1390 ἐὰν
868 1337 944 1409 μὴ
977 1335 1135 1397 εὐθὺς
1166 1332 1494 1407 εἰσέλθωμεν
1552 1335 1642 1390 καὶ
1696 1337 1966 1406 κοινωνή-

322 1450 529 1502 σωμεν,
562 1429 636 1488 ὡς
668 1428 1074 1504 προγέγραπται
1110 1448 1121 1459 ·
1155 1425 1295 1483 έστω
1326 1431 1360 1497 ἡ
1396 1431 1577 1505 ψῆφος
1628 1429 1743 1481 καθ’
1803 1428 1966 1500 ὑμᾶς,

321 1517 379 1574 εἷ’
420 1540 473 1574 τι
534 1515 795 1592 βούλεσθε
855 1536 865 1547 ·

2078 634 2132 679 et
2162 625 2491 689 adorantes,
2524 626 2580 677 et
2609 623 2827 695 gratias
2849 630 3104 693 agentes,
3139 639 3268 694 quas
3296 625 3585 679 debentur
3634 642 3730 680 ar-

2077 715 2443 785 chiepiswpo
2476 730 2533 769 re
2555 719 2612 767 et
2643 713 2812 768 verbo
2834 730 2946 783 pra:
2969 713 3245 769 omnibus
3271 713 3638 781 hominibus,
3666 720 3731 770 ut

2078 804 2380 871 debemus,
2413 801 2760 856 deferamus.
2792 801 2878 855 Ad
2919 800 3128 855 horum
3165 805 3358 856 autem
3402 802 3727 857 faciendam

2079 892 2274 959 ﬁdem,
2336 890 2783 947 declarationem
2818 889 3100 960 prolixam
3134 890 3353 961 scripto
3387 890 3725 957 oti'erimus;

2079 986 2145 1036 ut
2176 980 2308 1047 nisi,
2344 986 2653 1051 postquam
2676 995 2711 1034 a
2740 979 3024 1035 sacriﬁcio
3055 980 3323 1045 cessarit,
3348 981 3501 1035 sicut
3533 983 3725 1049 antea,

2078 1068 2381 1125 confestim
2426 1071 2775 1123 accedamus
2798 1073 2854 1123 et
2899 1067 3427 1135 communieemus,
3462 1072 3524 1122 ut
3572 1068 3725 1123 scri-

2077 1165 2241 1231 ptum
2264 1164 2386 1226 est;
2412 1159 2487 1213 sit
2516 1158 2576 1213 in
2606 1163 2796 1213 vestra
2828 1173 3004 1212 manu
3027 1158 3340 1226 sententia,
3362 1157 3410 1213 si
3434 1157 3575 1229 quid
3600 1156 3723 1213 vul-

2078 1248 2184 1315 tis;
2216 1253 2273 1304 et
2308 1247 2477 1303 nobis
2508 1247 2663 1317 loqui
2697 1245 2948 1316 amplius
2989 1262 3105 1301 non
3157 1246 3330 1302 liceat
3360 1247 3429 1302 de
3469 1248 3577 1303 hoc
3627 1263 3731 1303 ne-

2079 1339 2254 1411 gotio.
2273 1338 2342 1393 Et
2361 1353 2493 1393 ecce
2520 1353 2636 1392 non
2659 1337 2927 1407 angelus,
2945 1353 3059 1392 non
3095 1335 3287 1405 homo,
3308 1336 3409 1393 sed
3438 1336 3727 1394 Dominus

2082 1429 2227 1500 ipse,
2259 1427 2359 1498 qui
2392 1432 2445 1482 te
2478 1444 2574 1496 per
2604 1442 2712 1483 uos
2736 1425 2916 1481 trahit
2945 1430 3001 1481 et
3041 1425 3308 1497 impellit,
3340 1431 3394 1481 et
3443 1427 3727 1483 hortatur.

926 1517 1015 1571 καὶ
1077 1517 1152 1590 μή
1212 1515 1323 1587 ἒξὸν
1381 1511 1458 1570 ἔτι
1518 1515 1706 1572 λαλεῖν
1762 1518 1911 1589 ἡμᾶς
1969 1515 2091 1589 περὶ
2148 1520 2248 1583 τῆς
2307 1512 2638 1575 ὑποθέσεως.
2694 1513 2793 1568 Καὶ
2853 1510 2995 1583 ἰδοὺ,
3055 1512 3154 1568 οὐκ
3201 1512 3460 1589 ἄγγελος,
3510 1514 3610 1569 οὐκ
3636 1513 3729 1568 ἅν-

321 1610 563 1683 θρωπος,
591 1604 722 1661 ἀλλ’
752 1603 913 1668 αὒτὸς
943 1606 971 1660 ὁ
1007 1605 1202 1680 Κύριος
1234 1608 1261 1661 ὁ
1293 1603 1362 1660 δι’
1393 1607 1554 1679 ἡμῶν
1584 1603 1787 1674 ἕλκων,
1810 1606 1899 1661 καὶ
1931 1607 2184 1661 συνωθῶν
2208 1603 2299 1659 καὶ
2340 1601 2671 1679 παρακαλῶν
2700 1623 2777 1659 σε.

596 1738 715 1790 Al”.
746 1765 815 1774 —
844 1730 1035 1786 Λέοντι
1067 1732 1231 1803 πάπᾳ
1261 1733 1505 1807 Ῥώμης.
1539 1733 1691 1807 [οβ’.]

2395 1731 2636 1788 XXXIII.
2669 1763 2738 1775 —-
2770 1734 2935 1789 Leoni
2960 1748 3120 1805 papae
3153 1735 3355 1791 Romae.

1187 1869 1376 1918 Leonis
1400 1868 1467 1917 ΠΙ
1498 1882 1649 1931 papas
1678 1882 1833 1932 opem
1863 1864 2128 1932 implorat.
2162 1869 2373 1933 (Baron.
2402 1882 2492 1919 an.
2523 1868 2635 1927 809,
2667 1884 2720 1919 n.
2758 1869 2860 1931 14.)

329 1972 416 2039 Τῷ
472 1964 755 2040 ἂγιωτάτῳ
812 1964 901 2020 καὶ
977 1965 1391 2041 κορυφαιοτάτῳ
1475 1965 1645 2040 Πατρὶ
1716 1967 1971 2041 Πατέρων

2095 1968 2436 2024 Sanctissimo
2474 1976 2527 2024 et
2565 1985 2780 2024 summa
2828 1972 2988 2024 Patri
3029 1971 3262 2025 Patrum
3304 1970 3471 2025 Leoni
3513 1968 3730 2026 domino

402 2055 588 2111 Λέοντι
671 2059 751 2125 τῷ
848 2052 1082 2128 δεσπότῃ
1171 2076 1277 2127 μου
1360 2055 1714 2125 ἀποστολικῷ
1795 2058 1972 2127 πάπᾳ,

400 2143 684 2221 Θεόδωρος
749 2143 1048 2219 ἐλάχιστος
1127 2141 1493 2221 πρεσϐύτερος
1551 2148 1643 2201 καὶ
1734 2146 1977 2222 ἡγούμε-

400 2256 489 2297 νος
521 2237 628 2288 τῶν
660 2230 948 2289 Στουδίου.

411 2320 739 2397 Ἐπειδήπερ
797 2322 988 2398 Πέτρῳ
1036 2328 1113 2392 τῷ
1160 2324 1385 2398 μεγάλῳ
1429 2324 1630 2381 δέδωκε
1679 2325 1910 2400 Χριστὸς
1951 2326 1979 2380 ὁ

336 2415 469 2483 θεὸς
504 2412 638 2485 μετᾶ
685 2413 780 2475 τὰς
836 2410 989 2476 κλεῖς
1034 2419 1133 2482 τῆς
1196 2414 1475 2488 βασιλείας
1530 2420 1639 2471 τῶν
1715 2414 1979 2488 οὐρανῶν,

338 2503 431 2556 καὶ
461 2501 523 2556 τὸ
541 2506 642 2570 τῆς
674 2501 1076 2575 ποιμνιαρχίασ
1114 2501 1329 2576 ἀξίωμα
1361 2524 1373 2537 ⁸
1426 2507 1560 2579 πρὸς
1603 2504 1806 2581 Πέτρον
1855 2501 1983 2573 ἤτοι

331 2592 428 2645 τὸν
486 2589 648 2644 αὐτοῦ
706 2585 989 2664 διάδοχον,
1044 2592 1225 2645 ὁτιοῦν
1265 2593 1766 2667 καινοτομούμενον
1813 2591 1867 2648 ἒν
1912 2596 1981 2666 τῇ

337 2674 611 2750 καθολικῇ
656 2674 960 2747 Ἐκκλησία
1005 2677 1151 2751 παρᾶ
1188 2682 1297 2734 τῶν
1345 2680 1851 2756 ἀποσφαλλομένων
1884 2684 1986 2745 τῆς

338 2767 628 2837 ἀληθείας,
687 2766 975 2839 ἀναγκαῖον
1036 2768 1411 2846 ἀναφέρεσθαι,
1478 2775 1644 2825 Τοῦτο
1692 2771 1983 2844 τοιγαροῦν

343 2854 722 2932 δεδιδαγμένοι
752 2855 842 2910 καὶ
872 2858 1036 2930 ἡμεῖς
1080 2858 1132 2911 οἱ
1179 2859 1425 2914 ταπεινοὶ
1470 2861 1559 2915 καὶ
1590 2858 1897 2935 ἐλάχιστοι,
1929 2859 1988 2914 ἐκ

345 2950 449 2999 τῶν
482 2945 733 2999 ἀνέκαθεν
783 2945 949 3019 ἁγίων
998 2947 1250 3020 Πατέρων
1289 2951 1449 3021 ἡμῶν
1486 2968 1498 2981 ·
1550 2949 1666 3004 ἐπεὶ
1721 2950 1982 3023 ὑπήρχθη

338 3054 423 3096 τις
454 3036 544 3089 καὶ
582 3038 673 3088 νῦν
730 3037 1055 3109 καινοτομία
1103 3036 1157 3091 ἐν
1184 3041 1251 3111 τῇ
1301 3042 1420 3093 καθ’
1460 3041 1608 3111 ἡμᾶς
1639 3038 1941 3110 Ἐκκλησία
1970 3058 1982 3072 ⁸

337 3125 432 3180 καὶ
462 3122 731 3197 πρότεηον
764 3125 859 3197 μὲν
891 3121 980 3178 διὰ
1033 3126 1197 3198 μέσου
1244 3131 1341 3182 τοῦ
1392 3124 1785 3183 εὖλαϐεστάτου
1832 3129 1991 3203 ἀρχι-

339 3209 693 3285 μανοδρίτου,
725 3212 899 3286 ἤγουν
929 3218 1026 3268 τοῦ
1056 3212 1296 3289 ἀδελφοῦ
1344 3217 1434 3270 καὶ
1484 3214 1786 3271 συνδούλου
1826 3219 1986 3289 ἡμῶν

2161 2074 2278 2114 meo
2304 2075 2461 2131 papa
2480 2059 2791 2129 apostolico,
2826 2059 3132 2115 Theodorus
3151 2059 3419 2115 minimus
3448 2060 3731 2131 presbyter

2160 2152 2213 2204 et
2238 2148 2565 2220 prepositus
2594 2147 2918 2205 Studiensis.

2163 2330 2646 2399 Quandoquidem
2677 2334 2843 2385 Petro
2876 2345 3088 2401 magno
3119 2329 3387 2385 Christus
3418 2329 3572 2385 Deus
3603 2337 3732 2400 post

2093 2416 2279 2472 claves
2311 2417 2472 2488 regni
2502 2418 2800 2486 caelorum,
2836 2418 3141 2487 pastoralis
3164 2417 3336 2472 etiam
3370 2417 3734 2489 principatus

2093 2506 2339 2561 contulit
2393 2507 2757 2578 dignitatem,
2790 2508 2861 2561 ad
2922 2506 3149 2562 Petrum
3190 2507 3411 2578 utique,
3462 2506 3551 2561 vel
3607 2507 3735 2577 ejus

2095 2611 2510 2663 successorem,
2542 2596 2829 2667 quidquid
2878 2597 2935 2650 in
2995 2595 3249 2651 Ecclesia
3298 2593 3584 2650 catholica
3631 2610 3737 2665 per

2095 2701 2194 2740 eos
2223 2684 2535 2740 innovatur
2562 2687 2662 2756 qui
2690 2685 2960 2740 aberrant
2990 2703 3022 2740 a
3061 2684 3325 2751 veritate,
3369 2698 3607 2739 necesse
3648 2690 3738 2740 est

2097 2775 2502 2839 τείσει-ί.ουοᾶ
2562 2791 2667 2829 nos
2720 2790 2949 2845 quoque
2996 2772 3252 2828 humiles
3300 2775 3358 2828 et
3416 2772 3645 2827 minimi
3703 2790 3737 2829 a

2097 2863 2313 2918 sanctis
2338 2862 2477 2918 olim
2525 2862 2794 2919 Patribus
2829 2862 3043 2918 nostris
3087 2862 3298 2929 edocti,
3333 2867 3645 2932 postquam
3674 2860 3735 2915 in

2098 2952 2352 3009 Ecclesia
2380 2958 2577 3009 nostra
2608 2956 2832 3008 novitas
2855 2953 3117 3022 quadam
3169 2967 3355 3022 nuper
3383 2955 3582 3006 exorta
3628 2954 3738 3018 est,

2097 3041 2342 3114 etprius
2373 3044 2603 3113 quidem
2628 3058 2729 3112 per
2769 3041 3281 3112 religiosissimum
3316 3038 3741 3094 archimandri-

2099 3137 2242 3199 tam,
2276 3133 2509 3186 fratrem
2538 3136 2595 3186 et
2628 3146 2971 3186 conservum
3030 3135 3293 3185 nostrum
3344 3126 3736 3199 Epiphaniam

2100 3228 2157 3276 et
2188 3237 2339 3276 nunc
2372 3236 2474 3290 per
2503 3219 2794 3291 simplices
2826 3220 3051 3274 litteras
3084 3222 3313 3274 nostras
3345 3219 3416 3272 ad
3452 3232 3739 3288 supremas

334 3301 662 3376 Ἐπιφανίου
694 3320 709 3334 ’
742 3302 833 3356 καὶ
873 3307 964 3359 νῦν
1010 3300 1098 3359 διὰ
1151 3306 1248 3360 τοῦ
1308 3305 1559 3369 εὐτελοῦς
1619 3310 1782 3379 ἡμῶν
1812 3327 1990 3381 γραμς

2098 3309 2475 3365 beatitudinis
2503 3316 2614 3364 tuas
2658 3309 2928 3380 angelum
2956 3308 3029 3363 de
3058 3324 3126 3362 ea
3151 3306 3364 3362 referre
3386 3323 3491 3363 nos
3511 3306 3741 3372 debere,

340 3392 542 3464 ματίου
575 3390 935 3469 ὀφειλόμενον
980 3393 1306 3469 ἡγησάμεθα
1351 3400 1431 3467 τῷ
1479 3394 1699 3471 ἀγγέλῳ
1747 3403 1847 3465 τῆς
1888 3416 1982 3451 κο-

335 3480 569 3559 ρυφαίας
601 3500 695 3534 σου
731 3483 1138 3556 μακαριότητος
1183 3482 1387 3555 ταύτην
1442 3485 1753 3559 ἀνενεγκεῖν.
1789 3480 1986 3559 Γέγονε

333 3569 543 3637 τοίνυν,
592 3566 636 3621 ὦ
685 3570 935 3641 θειοτάτη
970 3575 1079 3626 τῶν
1124 3570 1270 3627 ὅλων
1316 3572 1565 3649 κεφαλῶν
1617 3573 1852 3651 κεφαλή,
1885 3594 1985 3628 κα-

338 3658 408 3713 τὰ
436 3678 528 3713 τον
563 3660 856 3734 προφήτην
902 3662 1185 3733 Ἱερεμίαν,
1221 3659 1444 3724 σύνοδος
1478 3662 1551 3724 ὡς
1598 3661 1822 3733 ἀληθῶς
1866 3661 1985 3717 ἀθε-

340 3746 604 3817 τούντων,
670 3748 764 3801 καὶ
821 3746 1093 3824 συνέδριον
1185 3753 1579 3826 μοιχωμένων.
1628 3754 1798 3826 Ὅπερ
1880 3751 1982 3826 γὰρ

334 3832 511 3890 ἐκεῖσε
589 3832 677 3890 διὰ
733 3842 833 3906 τῆς
892 3834 1187 3908 εἲδωλικῆς
1246 3838 1643 3914 ἐκπορνεύσεως
1704 3838 1978 3910 λέλεκται,

336 3928 500 3979 τοῦτο
531 3922 757 3980 ἐνταῦθά
805 3923 890 3979 διὰ
938 3933 1039 3996 τῆς
1094 3934 1555 4003 μοιχοζευκτικῆς
1603 3928 1985 4005 ἐπικυρώσεως

339 4010 625 4071 δέδεικται.
700 4016 1029 4092 Ἀμφότεροι
1079 4017 1183 4093 γὰρ
1242 4018 1333 4071 τὸν
1390 4019 1547 4073 αὐτὸν
1605 4018 1799 4093 Κύριον
1857 4020 1982 4088 ἠθε-

338 4103 587 4170 τήκασιν,
622 4103 671 4154 o't
706 4103 799 4175 μὲν
831 4100 919 4157 διὰ
946 4111 1047 4173 τῆς
1077 4109 1337 4177 νομικῆς,
1370 4107 1421 4159 οἱ
1454 4104 1511 4161 δὲ
1541 4103 1631 4161 διὰ
1675 4114 1775 4174 τῆς
1824 4107 1984 4181 εὐαγ-

335 4188 564 4265 γελικῆς
614 4186 992 4265 παραϐάσεως.
1039 4195 1137 4248 Καὶ
1188 4215 1250 4270 γε
1294 4197 1358 4250 οὐ
1398 4195 1565 4270 μέχρι
1606 4195 1801 4251 τούτου
1829 4192 1989 4265 έστη-

347 4299 466 4347 σαν,
496 4283 937 4358 παρασυναγωγή
970 4280 1057 4338 διὰ
1104 4287 1368 4360 προτέρας
1416 4286 1800 4354 συνελεύσεως,
1835 4285 1887 4340 ἐν
1914 4288 1984 4359 τῇ

335 4373 436 4423 τοῦ
486 4371 885 4448 μοιχοζεύκτου
944 4372 1237 4449 παραδοχῇ
1281 4377 1369 4431 καὶ
1429 4377 1821 4451 συνιερουργίᾳ,
1853 4376 1989 4431 κατᾶ

336 4458 431 4513 τὸν
490 4459 634 4513 θεῖον
693 4458 1000 4532 Βασίλειον,
1066 4465 1501 4537 χρηματίσαντες
1562 4484 1575 4497 '
1636 4464 1761 4521 ἀλλ’
1820 4465 1894 4528 ὡς
1926 4466 1985 4521 ἃν

339 4549 552 4611 ἑαυτοῖς
594 4548 852 4621 αἱρέσεως
900 4551 1111 4614 τελείας
1162 4550 1336 4628 ὄνομα
1392 4558 1884 4631 περιποιήσωνται,
1918 4553 1989 4609 δι’

338 4637 526 4709 ἐτέρας
586 4636 809 4694 συνόδου
869 4638 1161 4713 δημοσίας,
1222 4644 1348 4706 τοὺς
1412 4646 1485 4718 μὴ
1546 4645 1626 4716 τῷ
1682 4644 1989 4720 παρανόμῳ

339 4699 521 4780 αὐτῶν
550 4725 843 4801 κακοδοξίᾳ
899 4699 1423 4805 σύγκατάθεμένοῦς;
1460 4699 1790 4806 μᾶλλονδὲ
1848 4699 1985 4805 ὅλην
2020 4699 2065 4764 D

332 4816 440 4883 τήν
489 4815 787 4885 καθολικὴν
842 4816 1196 4892 Ἐκκλησίαν,
1272 4821 1697 4896 ἀναθεματισμῷ
1786 4818 1987 4877 ὑποϐε-

338 4900 579 4976 ϐλήκασι
616 4925 628 4937 ’
661 4905 787 4969 τοὺς
826 4905 935 4978 ἤδη
978 4911 1276 4986 φθάσαντας
1305 4910 1393 4967 ἐπὶ
1424 4915 1722 4987 προσώπου
1784 4910 1984 4982 αὐτῶν,

337 4992 434 5054 οὓς
498 4995 590 5068 μὲν
655 4995 1120 5070 ἐξοστρακίσαντες
1177 5001 1368 5077 πόρρω
1408 5023 1514 5056 που
1550 5022 1562 5034 ·
1596 5002 1689 5064 οὓς
1722 4998 1780 5056 δὲ
1810 5000 1986 5078 φυλα-

334 5088 459 5145 καῖς
519 5084 863 5158 κατέχοντες.
900 5090 1158 5162 Διωγμὸν
1193 5091 1329 5145 κατά
1383 5093 1445 5144 τὸ
1494 5090 1721 5161 σύνηθες
1769 5092 1877 5146 τῶν
1910 5091 1986 5145 ἐν·

332 5175 506 5229 ταῦθα
535 5175 702 5229 πάλιν
749 5181 1255 5254 καινουργήσαντες.
1318 5182 1413 5236 Καὶ
1467 5183 1528 5236 τὸ
1587 5181 1862 5256 δικαίωμα
1891 5183 1984 5238 αύ-

334 5266 480 5329 τοῖς,
514 5260 686 5337 λόγου
710 5270 953 5338 πονηροῦ
1000 5268 1343 5341 κραταίωμα.
1387 5270 1714 5343 Οἷκονομίαν
1749 5270 1839 5327 οὗν
1884 5274 1985 5343 τήν

336 5351 744 5426 ζευξιμοιχείαν
787 5350 1204 5428 δογματίζουσιν
1237 5376 1249 5388 ·
1287 5357 1374 5412 ἐπὶ
1403 5363 1511 5413 τῶν
1542 5360 1811 5435 βασιλέων
1857 5360 1983 5424 τοὺς

335 5439 516 5503 θείους
564 5443 767 5516 νόμους
819 5444 895 5517 μὴ
958 5451 1175 5519 κρατεῖν
1238 5444 1564 5522 διορίζονται
1601 5469 1615 5484 ·
1663 5449 1790 5513 τοὺς
1850 5450 1984 5525 ὑπερ

335 5526 602 5599 ἀληθείας
663 5532 752 5586 καὶ
811 5530 1026 5588 δικαίου
1088 5532 1285 5610 μέχρις
1368 5534 1601 5611 αἵματος
1683 5537 1983 5613 ἔνοτᾶντας,

415 5710 467 5747 ’⁸
492 5711 705 5773 Jerem.
734 5726 813 5779 Ix.
847 5716 903 5776 2.
943 5713 991 5751 θ’
1010 5716 1178 5789 Epist.
1208 5717 1290 5776 ad
1318 5717 1676 5793 Amphiloch.
1718 5739 1847 5780 can.
1880 5721 1927 5778 ῐ.

2098 3400 2357 3457 arbitrati
2407 3416 2633 3455 sumus.
2666 3398 2873 3454 Factus
2936 3404 3041 3464 est,
3076 3414 3110 3453 0
3143 3396 3580 3452 divinissimum
3624 3411 3743 3451 om-

2094 3489 2258 3544 nium
2282 3488 2541 3559 capitum
2572 3492 2751 3557 caput
2773 3488 2942 3557 juxta
2970 3485 3277 3541 Jeremiam
3302 3485 3645 3556 prophetam
3669 3482 3740 3555 ’3,

2094 3588 2275 3634 castus
2306 3593 2504 3633 revera
2536 3578 3061 3647 praevaricatorum,
3084 3580 3140 3630 et
3168 3573 3479 3630 concilium
3514 3574 3743 3629 adulte-

2094 3668 2373 3722 rantium.
2408 3667 2569 3730 Quod
2606 3666 2761 3721 enim
2807 3665 2886 3720 ibi
2947 3668 3178 3735 prapter
3214 3662 3499 3719 idolorum
3564 3663 3742 3717 forni-

2096 3758 2386 3811 cationem
2440 3755 2660 3810 dictum
2721 3761 2831 3821 est,
2868 3754 2956 3808 hic
3015 3770 3117 3823 per
3148 3752 3487 3808 adulterina
3519 3751 3739 3821 cOpulaa

2093 3844 2590 3902 conﬁrmationem
2624 3844 2972 3915 patefactum
2995 3847 3105 3897 est.
3144 3840 3381 3911 Utrique
3410 3841 3561 3896 enim
3579 3856 3742 3896 eum-

2095 3935 2248 3989 dem.
2287 3932 2593 3989 Dominum
2648 3935 3012 4002 spreverunt,
3042 3931 3124 3985 illi
3183 3946 3285 4001 per
3339 3929 3509 4001 legis,
3541 3929 3600 3983 hi
3644 3946 3741 3998 per

2095 4024 2393 4097 Evangelii
2426 4023 2976 4095 transgressionem.
3001 4021 3113 4077 Nec
3138 4037 3269 4076 vero
3289 4024 3432 4076 satis
3465 4018 3582 4074 illis
3610 4018 3738 4086 fuit,

2095 4116 2250 4189 quod
2284 4131 2383 4185 per
2414 4115 2660 4185 priorem
2694 4119 3066 4179 conventum,
3097 4111 3157 4165 in
3189 4111 3317 4181 ejus
3350 4109 3445 4180 qui
3483 4109 3738 4163 mmchos

2097 4205 2395 4277 copularat
2409 4202 2756 4273 receptione,
2781 4215 3200 4271 sacrorumque
3222 4213 3352 4253 cum
3376 4213 3443 4253 eo
3474 4212 3739 4253 commu-

2098 4294 2289 4349 nione.
2315 4290 2760 4362 Parasynagogi,
2776 4292 2841 4343 ut
2865 4289 3096 4343 divinus
3122 4287 3381 4358 loquitur
3402 4285 3650 4341 Basilius
3673 4286 3737 4350 ”,

2096 4383 2233 4438 facti
2265 4386 2407 4437 sunt
2443 4380 2588 4435 :sed
2622 4383 2685 4433 ut
2732 4377 2967 4433 haeresis
3030 4375 3309 4431 absoluta:
3351 4391 3566 4433 nomen
3623 4376 3742 4431 adi-

2099 4468 2560 4543 piscerentur,in
2583 4467 2763 4523 altera
2794 4466 3029 4537 publica
3058 4467 3285 4538 synodo
3318 4480 3416 4522 eos
3441 4463 3541 4535 qui
3566 4480 3739 4536 parvo

2097 4560 2361 4632 ipsorum
2409 4555 2588 4614 errori
2632 4573 2745 4612 non
2805 4555 3192 4620 adhmserant,
3245 4560 3346 4611 aut
3406 4553 3737 4610 universam

2099 4650 2294 4723 potius
2326 4648 2645 4704 Ecclesiam
2678 4646 3050 4711 catholicam,
3077 4644 3432 4700 anathemati
3475 4645 3740 4713 subiece-

2099 4744 2237 4795 runt
2263 4755 2282 4794 :
2313 4743 2368 4794 et
2390 4740 2678 4810 quotquot
2706 4736 2988 4791 hactenus
3032 4735 3092 4791 in
3136 4737 3510 4806 conspectum
3569 4748 3737 4789 vene-

2099 4833 2259 4899 runt,
2294 4829 2500 4897 partim
2534 4825 2830 4897 loginquis
2870 4824 3093 4880 exsiliis
3158 4823 3499 4889 multantes,
3531 4822 3742 4892 partim

2096 4916 2428 4973 carceribus
2456 4913 2844 4981 includentes,
2870 4913 3173 4984 pristinam
3201 4912 3410 4968 usitato
3440 4911 3535 4966 hic
3577 4925 3739 4966 more

2099 5004 2555 5077 persecutionem
2617 5007 2983 5059 renovarunt.
3034 5004 3114 5057 Ac
3180 5001 3387 5057 nefarii
3449 5000 3739 5056 sermonis

2098 5095 2370 5168 praesidio
2399 5111 2459 5150 se
2490 5095 2651 5165 ipsos
2690 5092 3032 5149 defendunt.
3080 5090 3402 5146 Adulterini
3441 5090 3733 5162 siquidem

2096 5185 2350 5256 conjugii
2369 5184 2495 5253 conj
2508 5200 2537 5237 u
2549 5183 2838 5238 notionem
2850 5222 2864 5247 ,
2883 5181 3370 5252 dispensationem
3394 5194 3521 5235 esse
3542 5180 3739 5234 decer-

2096 5276 2377 5329 nunt:in
2402 5274 2630 5342 regibus
2671 5271 2901 5327 divinas
2956 5273 3113 5341 leges
3169 5269 3314 5324 nihil
3371 5284 3537 5339 posse
3593 5268 3739 5323 defi-

2097 5364 2267 5419 niunt
2302 5380 2315 5417 :
2348 5379 2445 5418 eos
2463 5362 2563 5433 qui
2596 5376 2699 5433 pro
2715 5362 2958 5416 veritate
2981 5360 3494 5430 aojustitiausque
3516 5358 3584 5411 ad
3600 5372 3737 5412 san-

2094 5453 2328 5523 guinem
2362 5452 2720 5516 restiterunt,
2753 5456 2819 5506 ut
2851 5454 3273 5504 Praecursorem
3306 5452 3361 5501 et
3389 5445 3735 5517 Chrysosto-

2096 5558 2281 5609 mum,
2314 5540 2530 5599 imitari
2584 5544 2781 5597 vetant
2815 5554 2830 5593 :
2864 5537 3198 5610 episcopum
3258 5548 3740 5607 unumquemque

3472 5790 3580 5799 --.η

3406 5794 3545 5818 ,ηλεῗρ
3574 5809 3643 5819 ΛΑ..
3656 5794 3739 5825 ..Α
