4084 6284
486 352 639 413 1019

1720 357 1781 419 S.
1828 357 2228 422 THEODORI
2274 361 2637 424 STUDITJE

3705 366 3829 428 1020

480 486 541 541 in
572 501 767 541 sacros
799 502 1072 555 canones,
1105 494 1316 560 praeter
1345 507 1411 545 ea
1455 508 1586 562 quae
1633 493 1693 549 in
1741 495 1857 551 illis
1899 501 2092 554 statuti

2230 491 2413 568 ὥσπερ
2440 494 2531 549 τὸν
2590 490 2913 568 Πρόδρομον
2972 494 3062 549 καὶ
3121 491 3529 569 Χρυσόστομον,
3584 500 3827 568 μιμεῖσθαι

474 574 593 629 sint
624 580 964 646 potestatem
998 580 1209 633 habere
1245 582 1650 651 pronuntiant.

544 841 730 904 Quare
772 843 820 898 si
871 861 1043 915 quem
1096 848 1239 905 forte
1288 848 1471 905 sacris
1492 849 1784 908 initiatum
1810 857 2111 929 contingat

470 928 614 985 clam
676 932 935 1002 palamve
991 951 1295 1007 canonum,
1331 957 1432 1012 per
1475 958 1621 1014 quos
1650 946 1929 1016 depositio
1962 948 2107 1005 irro-

468 1024 659 1090 gatur,
694 1038 857 1078 reum
911 1028 1135 1093 teneri;
1172 1027 1323 1084 hunc
1383 1032 1506 1086 sola
1564 1032 1808 1089 volentis
1857 1039 2109 1093 auctori-

467 1111 608 1170 tate.
637 1111 1021 1181 depositionis
1079 1121 1367 1173 exsortem
1416 1136 1668 1176 manere.
1696 1125 1953 1188 Quorum
1985 1143 2109 1182 om-

467 1196 625 1251 nium
661 1201 822 1254 testis
856 1206 943 1256 est
974 1204 1041 1269 is,
1078 1206 1176 1274 qui
1206 1208 1381 1263 variis
1413 1211 1733 1267 canonibus
1786 1230 1917 1269 cum
1972 1215 2105 1272 aliis

463 1286 787 1344 (hstrictus
828 1295 1077 1361 tenetur,
1113 1295 1357 1351 adulteri
1411 1304 1729 1369 copulator,
1798 1320 1914 1358 una
1966 1321 2099 1360 cum

462 1374 606 1443 ipsis
637 1377 863 1445 publice
889 1380 1248 1437 ministrans.
1276 1385 1479 1441 Testes
1506 1388 1543 1441 ii
1577 1390 1695 1458 qui,
1714 1392 1851 1447 dum
1884 1393 2103 1464 iniqui-

460 1466 609 1520 tates
631 1469 907 1537 tanquam
953 1470 1417 1541 dispensationes
1470 1477 1718 1546 faciunt;
1752 1481 1809 1535 in
1860 1498 1925 1538 eo
1973 1483 2100 1552 ipso

458 1556 609 1621 tum,
642 1554 807 1625 alios,
842 1562 965 1613 tum
998 1577 1061 1615 se
1093 1561 1250 1631 ipsos
1281 1570 1515 1621 sanctos
1547 1574 1769 1637 vocant,
1801 1578 1854 1625 et
1878 1588 1972 1627 eos
2004 1573 2098 1644 qui

456 1641 590 1699 illas
622 1661 734 1699 non
770 1646 1107 1719 admittunt,
1140 1651 1298 1707 velut
1337 1671 1368 1709 a
1429 1656 1540 1711 Deo
1586 1658 1805 1713 alienos
1854 1641 2097 1719 anathe-

457 1737 613 1787 tnate
655 1733 885 1789 feriunt.
921 1738 1110 1794 Testis
1164 1742 1337 1797 etiam
1370 1760 1497 1814 quas
1530 1746 1621 1801 hic
1660 1750 1883 1803 exsistit
1912 1768 2093 1821 perse-

2229 582 2651 660 ἀπαγορεύουσιν
2712 606 2723 617 ·
2781 582 3004 639 ἕκαστον
3066 589 3174 639 τῶν
3230 585 3501 659 ἱεραρχῶν
3543 584 3827 655 ἐξουσιάζειν

2226 669 2277 725 έν
2310 678 2427 737 τοις
2484 674 2649 734 θείοις
2707 673 2916 746 κανόσι,
2948 674 3091 747 παρὰ
3149 673 3216 728 τὰ
3273 672 3325 728 έν
3368 674 3553 735 αὐτοῖς
3585 694 3827 729 κεκανονι-

2225 761 2413 834 σμένα,
2446 762 2857 837 ἀποφαίνονται.

2295 851 2395 906 Καὶ
2427 848 2516 906 διὰ
2546 856 2706 907 τοῦτο
2738 852 2936 907 ὁπόταν
2987 851 3129 919 τύχη
3185 854 3274 906 καὶ
3334 856 3586 926 κρυπτῶς
3615 852 3697 908 καὶ
3754 852 3831 925 ἒμ-

2220 944 2401 1018 φανῶς
2452 940 2661 997 ἁλῶναί
2727 963 2848 996 τινα
2922 946 3030 996 τῶν
3092 938 3406 1016 ἱερωμένων
3468 944 3831 1017 καθαιρετικοῖς

2218 1030 2425 1102 κανόσι,
2457 1035 2524 1105 τῇ
2583 1036 2681 1087 τοῦ
2732 1033 3069 1106 βουλομένου
3127 1030 3339 1103 ἐξουσίᾳ
3398 1032 3574 1105 μένειν
3634 1032 3829 1087 ἆκαθαίο

2221 1139 2391 1193 ρετον.
2453 1119 2549 1175 Καὶ
2606 1122 2810 1195 μάρτυς
2867 1125 2963 1175 τοῦ
3022 1119 3215 1196 λόγου,
3248 1120 3276 1175 ό
3331 1118 3614 1197 διαφόροις
3666 1121 3829 1175 κανόσι

2219 1209 2309 1261 σὺν
2340 1205 2538 1270 ἄλλοις
2568 1210 2974 1283 κεκρατημένος
3026 1207 3452 1282 μοιχοζεύκτης,
3482 1207 3573 1263 καὶ
3630 1206 3831 1263 συλλει-

2216 1303 2463 1375 τουργῶν
2498 1300 2689 1359 αὐτοῖς
2740 1297 3003 1373 δημοσίᾳ.
3036 1298 3172 1361 Τοὺς
3218 1297 3560 1372 παρανομίας
3593 1300 3663 1361 ὡς
3706 1298 3832 1353 οἶκο-

2215 1389 2408 1459 νομίας
2436 1392 2744 1458 ποιοῦντας,
2778 1386 2983 1451 ἄλλους
3029 1410 3088 1443 τε
3144 1390 3234 1443 καί
3282 1386 3503 1448 ἑαυτοὺς
3552 1388 3733 1463 ἁγίους
3786 1385 3828 1440 ἓν

2213 1477 2386 1551 νούτῳ
2441 1478 2773 1552 ἄνομάζουσι
2816 1499 2827 1511 ’
2879 1480 2969 1534 καὶ
3018 1480 3144 1541 τοὺς
3196 1480 3272 1551 μὴ
3321 1477 3519 1539 ταύτας
3568 1478 3829 1552 προσιεμέ-

2210 1586 2358 1636 νους,
2411 1566 2484 1628 ὡς
2561 1564 3049 1639 ἠλλοτριωμένοὺς
3134 1566 3273 1623 Osci}
3352 1564 3824 1637 ἀναθεματίζουσι·

2216 1654 2418 1729 μάρτυς
2448 1652 2507 1710 δὲ
2535 1658 2807 1710 κάνταῦθα
2835 1659 2929 1710 τοῦ
2972 1654 3138 1729 λόγου
3170 1652 3243 1708 ὢν
3275 1654 3364 1709 καὶ
3414 1655 3442 1708 ὁ
3492 1651 3748 1728 διωγμός.
3778 1651 3828 1706 Τί

2213 1743 2302 1800 οὖν
2333 1739 2473 1799 ἔστιν
2504 1743 2555 1799 ἐν
2584 1745 2819 1813 τούτοις,
2854 1744 2899 1798 ὦ
2935 1746 3134 1819 μάκαρ,
3176 1744 3344 1799 εἰπεῖν
3377 1764 3391 1813 ;
3423 1742 3457 1812 ἢ
3501 1744 3563 1798 σὸ
3610 1742 3826 1797 ἀποστο-

454 1821 628 1877 cutio.
664 1823 809 1886 Quid
832 1825 1013 1897 igitur
1032 1830 1102 1883 ad
1137 1829 1274 1897 haec,
1308 1848 1341 1887 ο
1384 1833 1569 1902 beate,
1602 1836 1910 1894 dicendum
1968 1842 2092 1897 est?

2210 1834 2362 1889 λικὸν
2396 1834 2587 1889 έκεῖνο.
2625 1833 2707 1889 ὅτι
2749 1836 2877 1891 Νῦν
2919 1832 3172 1889 πολλοὶ
3222 1831 3686 1926 Ἀν-τίχρισ-τοι
3723 1851 3827 1926 γε·

455 1910 571 1965 uisi
600 1914 985 1981 apostolicum
1028 1916 1165 1973 illud
1195 1936 1208 1971 :
1235 1918 1389 1975 Nunc
1420 1924 1744 1981 Antichristi
1771 1930 1939 1983 multi
1963 1932 2101 2000 facti

446 2007 581 2053 sunt
634 2002 685 2061 ¹,·
716 2002 764 2056 si
814 2004 1046 2060 divinus
1104 2007 1325 2078 legibus
1354 2016 1410 2065 et
1439 2016 1761 2069 canonibus
1783 2032 1976 2076 omnes
2000 2020 2104 2077 ho-

449 2090 639 2144 mines
664 2091 878 2146 subditi
920 2111 1030 2150 non
1067 2114 1294 2153 sumus.
1332 2101 1432 2156 His
1470 2118 1601 2173 ergo
1646 2122 1679 2160 a
1724 2106 2101 2180 simplicitate

448 2184 649 2234 nostra
686 2180 811 2236 sine
852 2182 981 2239 fuco
1030 2188 1330 2257 expositis,
1364 2207 1557 2247 vocem
1582 2210 1735 2249 nunc
1766 2196 1927 2253 illam
1983 2216 2101 2272 qua

443 2268 785 2339 coryphaaus
816 2288 949 2327 cum
990 2274 1227 2344 reliquis
1267 2282 1545 2348 apostolis
1577 2282 1875 2341 Christum
1932 2268 2102 2344 com—

441 2357 679 2426 pellavit
736 2375 867 2414 cum
928 2362 1105 2418 maris
1160 2366 1372 2423 fluctus
1420 2372 1864 2443 excitarentur;
1934 2381 2088 2449 apud

444 2445 1043 2506 Christiimitatricem
1072 2454 1486 2512 beatitudinem
1511 2465 1670 2516 tuam
1704 2445 2057 2524 adhibemus
2086 2498 2097 2533 ;

446 2534 607 2590 Salva
636 2552 752 2603 nos,
785 2540 1141 2610 archipastor
1173 2544 1440 2602 Ecclesia
1490 2567 1615 2619 quis
1659 2552 1769 2606 sub
1798 2555 1940 2611 ccelo
1990 2564 2098 2627 est,

439 2628 689 2695 perimus
720 2628 760 2683 ³.
796 2628 1024 2686 Imitare
1054 2634 1401 2703 magistrum
1435 2642 1599 2693 tuum
1630 2641 2083 2713 Christum,ma-

441 2730 701 2788 numque
731 2718 998 2776 Ecclesia
1021 2727 1226 2778 nostra;
1272 2726 1517 2797 porrige,
1552 2730 1707 2785 sicut
1744 2730 1841 2787 ille
1874 2738 2079 2792 Petro:

448 2804 557 2858 nisi
617 2808 769 2876 quod
834 2807 927 2863 ille
969 2811 1265 2882 incipienti
1300 2816 1359 2869 in
1394 2833 1547 2871 mare
1580 2822 1783 2891 mergi,
1804 2825 1866 2876 tu
1890 2831 2091 2880 autem

446 2908 648 2949 rursus
670 2897 797 2966 jam
832 2915 1034 2955 mersa
1068 2902 1125 2955 in
1161 2903 1394 2960 haeresis
1441 2908 1742 2976 profundo.
1774 2914 2094 2985 Emulare,

447 2998 771 3053 precamur,
805 2990 1211 3059 cognominem
1249 2993 1351 3048 tibi
1387 2994 1628 3066 Papam,
1661 3005 1835 3071 atque
1867 3009 1934 3057 ut
1981 3004 2095 3075 ille,

440 3071 777 3142 pullutante
802 3081 924 3131 tum
954 3078 1549 3154 haresiEutychiana,
1584 3088 1878 3146 leoninum
1901 3093 1959 3148 in
1982 3071 2092 3151 mo;

2208 1926 2473 2000 γόνασιν
2507 1943 2521 1956 ⁸
2558 1925 2707 2000 εἷ’περ
2728 1926 2802 1999 μὴ
2840 1925 2943 1980 ὑπὸ
2968 1930 3073 1979 τῶν
3104 1923 3259 1980 θείων
3288 1924 3469 1997 νόμων
3501 1924 3591 1978 καὶ
3611 1923 3827 1977 κανόνων

2210 2017 2403 2076 πάντες
2456 2014 2732 2089 ἄνθρωποι
2784 2014 3218 2087 ἐξουσιαζόμεθα.
3250 2015 3467 2068 Τούτων
3524 2010 3634 2082 ἤδη
3684 2010 3827 2085 ἄψευ-

2212 2101 2319 2162 δῶς
2350 2104 2453 2158 ὑπὸ
2496 2111 2595 2173 τῆς
2655 2104 2925 2165 εὐτελείας
2973 2105 3132 2175 ἡμῶν
3190 2103 3607 2176 ἀνενεχθέντων,
3640 2100 3827 2169 ἐκείνην

2208 2194 2307 2260 τὴν
2341 2194 2547 2267 φωνὴν,
2644 2194 2671 2247 ὁ
2704 2199 3001 2271 κορυφαῖος
3033 2194 3123 2247 σὺν
3174 2198 3288 2255 τοῖς
3338 2192 3563 2256 λοιποῖς
3612 2191 3825 2247 ἀποστό-

2210 2279 2336 2344 λοις
2367 2284 2684 2358 προσήγαγε
2713 2286 2957 2355 Χριστῷ,
2988 2282 3145 2352 ἡνίκα
3176 2283 3204 2336 ὁ
3248 2289 3349 2352 τῆς
3401 2281 3680 2349 θαλάσσης
3708 2279 3826 2334 κλύ-

2211 2368 2316 2425 δων
2362 2370 2693 2447 έπεγείρετο,
2726 2372 3103 2450 προσφέρομεν
3147 2377 3215 2445 τῇ
3266 2374 3704 2444 Χριστομιμήτῳ
3750 2389 3832 2423 σου

2213 2460 2575 2535 μακαριότητι
2635 2481 2647 2493 ·
2706 2466 2939 2535 Σῶρον
2990 2461 3572 2536 ἡμᾶς,ἀρχιποίμην
3603 2467 3701 2529 τῆς
3758 2458 3833 2513 ὑπ’

2209 2550 2434 2624 οὐρανὸν
2467 2549 2818 2621 Ἐκκλησίας,
2844 2550 3313 2623 ἀπολλύμεθα.
3350 2550 3604 2623 Μίμησαί
3634 2570 3725 2603 σου
3754 2549 3830 2602 τὸν

2210 2637 2537 2695 διδάσκαλον
2588 2641 2839 2713 Χριστὸν,
2890 2640 2978 2695 καὶ
3024 2636 3205 2713 ὄρεξον
3253 2645 3415 2715 χεῖρα
3456 2643 3528 2713 τῇ
3560 2639 3676 2693 καθ’
3706 2640 3834 2709 ἡμᾶς

2209 2729 2527 2800 Ἐκκλησία,
2562 2731 2635 2791 ὡς
2667 2730 2866 2791 ἐκεῖνος
2909 2729 3098 2802 Πέτρῳ
3182 2728 3308 2783 ὅσον
3342 2731 3370 2784 ὁ
3404 2730 3498 2800 μὲν
3553 2730 3834 2803 ἀρχομένῳ

2206 2821 2687 2890 καταποντίζεσθαι
2718 2821 2769 2876 ἐν
2797 2825 2865 2891 τῇ
2916 2820 3158 2895 θαλάσσῃ
3195 2840 3208 2852 ’
3262 2821 3426 2882 αὐτὸς
3478 2817 3526 2874 δ’
3575 2818 3640 2873 αὖ
3690 2838 3833 2873 κατα·

2204 2909 2549 2983 ποντισθείσῃ
2579 2906 2685 2980 ἤδη
2722 2908 2774 2964 ἐν
2808 2914 2886 2981 τῷ
2932 2916 3031 2978 τῆς
3085 2909 3342 2984 αἱρέσεως
3378 2909 3554 2983 βάθει.
3591 2905 3832 2977 Ζήλωσόν

2206 3020 2323 3070 σου,
2367 2996 2622 3072 δεόμεθα,
2670 3001 2759 3053 τὸν
2816 3000 3112 3073 ὁμώνυμον
3146 2997 3347 3067 πάπαν,
3378 2997 3467 3052 καὶ
3529 2998 3607 3060 ὡς
3650 2996 3835 3055 ἐκεῖνος

2204 3093 2503 3159 τηνικαῦτα
2567 3095 2666 3157 τῆς
2737 3088 3134 3166 Εύτυχιανικῆς
3194 3086 3450 3161 αἱρέσεως
3520 3086 3835 3166 ἀναφυείσης

451 3176 572 3216 rem
604 3163 810 3232 spiritu
842 3175 1211 3237 experrectus
1243 3184 1346 3242 est,
1381 3179 1443 3230 ut
1469 3192 1671 3233 omnes
1706 3186 1941 3249 norunt,
1974 3185 2075 3240 do-

444 3252 713 3320 gmaticis
771 3256 855 3308 sui
916 3256 1223 3328 epistolis;
1258 3264 1341 3318 sic
1398 3271 1455 3319 et
1510 3270 1592 3334 tu,
1648 3268 1836 3326 dicere
1882 3273 2083 3343 audeo,

435 3339 607 3409 juxta
630 3358 837 3399 nomen
870 3347 1023 3415 quod
1079 3351 1253 3421 geris,
1288 3354 1467 3425 irrugi
1500 3356 1800 3428 divinitus,
1832 3363 1917 3417 vel
1995 3339 2088 3433 po-

442 3427 554 3482 tius
611 3431 811 3487 intona
867 3440 1067 3491 contra
1118 3447 1460 3508 praesentem
1516 3445 1668 3504 hanc
1698 3427 2095 3517 hteresim,'ut

443 3517 626 3573 decet.
652 3522 707 3575 Si
740 3522 892 3577 enim
928 3524 1049 3589 isti,
1082 3534 1488 3601 arrogatahsibi
1522 3537 1884 3607 auctoritate,
1919 3539 2095 3597 haere-

443 3606 618 3663 ticam
654 3612 942 3678 synodum
976 3630 1178 3686 cogere
1211 3620 1371 3675 veriti
1405 3639 1519 3678 non
1564 3633 1725 3695 sunt,
1760 3630 1859 3698 qui
1902 3646 1976 3686 ne
1999 3648 2098 3686 or—

440 3695 755 3755 thodoxam
789 3702 1020 3769 quidem
1052 3706 1272 3779 absque
1295 3712 1626 3781 cognitione
1656 3695 1869 3782 vestra,
1905 3725 1969 3775 ut
1992 3737 2095 3775 an-

442 3787 641 3857 tiquus
674 3804 799 3845 mos
820 3792 1064 3860 obtinet,
1090 3812 1291 3867 cogere
1325 3804 1641 3867 potuerunt
1673 3822 1686 3860 :
1712 3808 1945 3875 quando
1977 3826 2096 3866 ma-

442 3877 533 3946 gis
564 3893 797 3948 aequum
834 3889 1006 3951 atque
1030 3884 1172 3940 adeo
1196 3891 1587 3947 necessarium
1620 3894 1793 3949 fuerit
1823 3905 1979 3965 (cum
2033 3899 2095 3952 ti-

455 3981 615 4021 more
663 3970 1049 4043 suggerimus)
1080 3974 1151 4029 ab
1182 3976 1371 4033 divino
1416 3984 1516 4035 tuo
1558 3983 1885 4055 principatu
1918 3985 2097 4058 legiti-

461 4073 615 4112 mam
657 4060 937 4130 synodum
971 4066 1269 4121 convocari
1302 4076 1361 4122 ut
1393 4070 1775 4129 orthodoxam
1829 4075 2095 4135 Ecclesiae

459 4147 1014 4217 dogmahaereticum
1031 4157 1285 4211 extrudat
1303 4174 1315 4210 :
1330 4162 1388 4213 et
1410 4175 1593 4230 neque
1615 4179 1888 4233 suprema
1903 4167 2095 4237 digni-

454 4240 541 4290 tas
573 4244 815 4294 tuacum
832 4240 1166 4298 orthodoxis
1186 4246 1463 4303 omnibus
1475 4251 1845 4309 anathemate
1866 4263 2098 4313 notetur

2204 3175 2475 3233 λεόντειόν
2508 3200 2624 3240 πως
2654 3175 2913 3253 διηγέρθη
2948 3181 3027 3249 τῷ
3072 3176 3358 3248 πνεύματι,
3394 3177 3466 3238 ὡς
3520 3175 3666 3230 ἴσασι
3716 3175 3837 3228 πάν-

2128 3215 2171 3281 C
2206 3215 2475 3233 ηευνηιυν
2515 3215 2624 3240 ...ως
2654 3215 2913 3253 cun...”
2959 3215 3027 3249 ..ψ
3076 3215 3358 3248 “nepa”,
3394 3215 3464 3238 ω,
3524 3215 3666 3230 ιω...
3723 3215 3832 3277 ..-υἱ

2201 3287 2311 3334 τες,
2363 3272 2483 3328 ταῖς
2533 3263 2891 3339 δογματικαῖς
2940 3266 3112 3321 αὐτοῦ
3165 3264 3485 3328 ἐπιστολαῖς
3519 3286 3529 3297 ·
3590 3264 3730 3318 οὕτω
3757 3283 3833 3316 και

2204 3353 2385 3419 αὐτὸς,
2440 3352 2637 3425 τολμῶ
2705 3352 2909 3427 λέγειν,
2968 3351 3323 3426 φιρωνύμως,
3388 3350 3583 3426 βρύξον
3641 3353 3831 3410 θείως*

2206 3441 2420 3514 μᾶλλον
2455 3440 2513 3496 δὲ
2563 3441 2866 3515 βρόντησον
2898 3440 3032 3495 κατὰ
3078 3447 3179 3509 τῆς
3210 3441 3495 3514 παρούσης
3523 3436 3834 3507 κακοδοξίας

2203 3533 2271 3586 τὰ
2325 3530 2525 3587 εἱκότα.
2582 3531 2647 3587 Εἴ
2701 3532 2803 3605 γὰρ
2882 3528 3032 3585 οὗτοι
3093 3531 3303 3591 ἑαυτοῖς
3375 3528 3832 3599 ἐξαυθεντήσαντες

2203 3621 2481 3693 αἱρετικὴν
2512 3618 2736 3674 σύνοδον
2791 3617 3145 3692 ἐκπληρῶσαι
3208 3618 3307 3673 οὐκ
3362 3613 3597 3684 ἔδεισαν,
3655 3616 3831 3688 καίπερ

2205 3708 2248 3763 εἷ
2282 3709 2370 3762 καὶ
2402 3706 2688 3782 ὁρθόδοξον
2720 3709 2818 3763 οὐκ
2870 3709 2990 3763 ἄνευ
3032 3714 3133 3777 τῆς
3186 3707 3337 3779 ὑμῶν
3370 3704 3635 3777 εἷλδήσεως
3692 3704 3831 3777 ἐξουο

2205 3799 2499 3867 σιάζοντες,
2559 3798 2635 3859 ὡς
2691 3799 2753 3853 τὸ
2802 3797 3003 3853 ἄνωθεν
3037 3798 3368 3872 κεκρατηκὸς
3400 3791 3521 3856 ἔθος
3559 3816 3571 3827 ·
3607 3795 3755 3867 πόσῳ
3781 3814 3832 3868 γε

2207 3885 2418 3959 μᾶλλον
2453 3886 2682 3963 εὔλογον
2712 3887 2799 3940 καὶ
2842 3888 3127 3961 ἀναγκαῖον
3160 3884 3221 3940 ἂν
3276 3885 3385 3954 εἴη,
3420 3886 3829 3957 ὑπομιμνήσκο-

2207 3997 2299 4047 μεν
2333 3971 2511 4050 φόϐῳ,
2547 3977 2651 4031 ὑπὸ
2681 3982 2780 4038 τῆς
2831 3974 2977 4037 θείας
3026 3974 3383 4049 πρωταρχίας
3434 3995 3553 4042 σου,
3616 3973 3827 4045 ἔννομον

2202 4066 2541 4138 κροτηθῆναι
2594 4063 2838 4134 σύνοδον,
2891 4066 2967 4126 ὡς
3013 4062 3073 4118 ἂν
3110 4065 3173 4119 τὸ
3223 4062 3511 4137 ὀρθόδοξον
3558 4066 3658 4133 τῆς
3726 4064 3827 4166 Ἐκῖ

2200 4155 2430 4225 κλησίας
2488 4153 2687 4230 δόγμα,
2744 4177 2805 4211 το
2884 4155 3149 4229 αἱρετικὸν
3220 4152 3637 4228 ἀποκρούσηται
3680 4173 3692 4184 ·
3748 4152 3825 4205 καὶ

2206 4246 2343 4317 μήτε
2373 4246 2407 4314 ἡ
2443 4244 2810 4323 κορυφαιότης
2861 4266 2956 4299 σου
3007 4245 3101 4298 σὺν
3151 4246 3315 4299 ἅπασι
3360 4248 3477 4305 τοῖς
3526 4239 3827 4317 ὀρθοδόξοις

452 4341 483 4379 a
508 4326 669 4380 novis
696 4331 1103 4400 nugatoribus;
1124 4349 1309 4405 neque
1334 4338 1662 4408 iniquitatis
1699 4358 1864 4412 porro
1899 4344 2095 4402 classi-

448 4430 583 4469 cum
598 4415 979 4475 adnlterinam
1001 4420 1151 4476 hanc
1170 4427 1458 4493 synodum
1477 4432 1649 4497 nacti,
1665 4432 1880 4502 quibus
1895 4435 1948 4489 id
1971 4435 2091 4506 pla-

448 4504 622 4568 cet,in
657 4510 958 4575 peccatum
983 4509 1149 4567 facile
1173 4514 1723 4587 prolabanturllaac,
1745 4522 1891 4578 sicut
1916 4504 2094 4594 parvi-

2202 4334 2646 4407 ἀναθεματίζοιτο
2704 4334 2848 4409 παρᾶ
2902 4340 3009 4389 τῶν
3092 4336 3224 4388 νέων
3282 4332 3601 4409 κενοφώνων
3636 4350 3649 4362 ’
3711 4328 3825 4403 μήτ’

2200 4420 2265 4476 αὖ
2298 4423 2637 4497 ὁρμητήριον
2672 4422 2896 4495 ἀνομίας
2928 4425 3025 4491 τήν
3063 4420 3463 4496 μοιχοσύνοδον
3504 4420 3822 4495 εὑρίσκοντες

2202 4512 2253 4565 οἱ
2310 4511 2637 4586 βουλόμενοι
2696 4510 3182 4568 κατολισθαίνωσιν
3255 4510 3492 4573 εὐπετῶς
3546 4510 3682 4584 πρὸς
3736 4508 3823 4574 τήν

444 4594 551 4649 tati
583 4599 792 4651 nostra;
824 4600 1216 4667 conveniebat,
1252 4608 1313 4657 ut
1345 4606 1591 4663 minima
1619 4609 1884 4667 Ecclesia:
1918 4630 2080 4669 mem-

2207 4600 2490 4675 ἁμαρτίαν.
2522 4605 2716 4671 Ταῦτα,
2748 4602 2821 4662 ὡς
2849 4601 2911 4656 τὸ
2938 4601 3135 4669 ἀνῆκον
3162 4603 3231 4674 τῇ
3282 4598 3602 4669 οὒθενότητι
3653 4600 3823 4670 ἡμῶν,

445 4683 549 4738 bra
579 4694 1081 4760 reprasentantes,
1112 4698 1169 4747 et
1199 4694 1394 4752 divino
1419 4699 1688 4768 pastorali
1713 4707 1901 4758 vestro
1935 4704 2084 4775 prin-

444 4772 659 4843 cipatui
716 4782 1415 4846 parentes;obsecramus
1465 4787 1535 4842 de
1556 4794 1757 4845 cetera
1813 4799 2076 4849 sanctam

442 4863 698 4919 animam
730 4871 1003 4935 vestram,
1036 4874 1100 4925 ut
1128 4888 1235 4928 nos
1252 4888 1355 4928 ceu
1388 4877 1647 4946 proprias
1670 4894 1799 4933 oves
1831 4886 2078 4951 reputet,

441 4954 497 5004 et
528 4952 711 5006 sacris
744 4954 1013 5023 precibus
1048 4959 1170 5013 suis
1202 4960 1433 5015 eminus
1459 4961 1726 5029 illustret,
1752 4975 1921 5036 atque
1942 4985 2079 5023 con-

441 5037 655 5093 ﬁrmet.
689 5041 850 5105 Quod
884 5042 933 5096 si
964 5044 1137 5100 etiam
1198 5048 1593 5120 documentis;
1632 5058 1739 5108 tute
1798 5056 1853 5109 id
1908 5058 2081 5113 fuerit

440 5126 643 5183 divinas
668 5130 1041 5202 benignitatis
1074 5151 1088 5189 :
1126 5139 1601 5208 quandoquidem
1626 5148 1683 5197 et
1713 5144 1971 5201 Christus
2005 5148 2076 5202 ad

434 5215 727 5287 Abgarum
755 5221 1009 5291 scripsit,
1044 5229 1099 5277 et
1131 5225 1293 5280 multi
1348 5228 1523 5284 etiam
1555 5248 1585 5286 e
1617 5233 1872 5289 subditis
1920 5235 2078 5307 digni

436 5307 616 5364 habiti
648 5316 809 5377 sunt,
830 5315 928 5385 qui
957 5315 1029 5369 ab
1063 5318 1343 5387 apostolis
1374 5322 1714 5393 sanctisque
1747 5326 2078 5397 acciperent

427 5395 669 5454 litteras.
702 5401 747 5455 A
779 5418 870 5458 me
901 5406 1245 5477 autemjsolo
1279 5416 1599 5479 peccatore,
1634 5418 1690 5467 et
1739 5415 1795 5467 in
1845 5432 2071 5472 carcere

426 5487 678 5557 detento,
702 5491 948 5549 mittitur
999 5495 1120 5552 hoc
1161 5499 1425 5571 epistola,
1460 5506 1761 5574 propterea
1776 5504 1928 5575 quod
1961 5504 2069 5559 Pa-

497 5669 519 5708 ⁶
552 5674 761 5733 IJoan.
796 5693 856 5745 ιι,
889 5677 973 5732 19.
1050 5679 1073 5713 ²
1095 5678 1296 5735 Matth.
1333 5695 1448 5747 vm,
1472 5682 1563 5739 25.

2193 4688 2604 4765 ἆνηγγελκότες,
2637 4690 2711 4751 ὼς
2744 4687 3008 4764 ἐλάχιστα
3041 4688 3183 4761 μέλη
3239 4695 3339 4757 τῆς
3366 4688 3717 4757 Ἐκκλησίας,
3743 4682 3821 4737 καὶ

2192 4781 2260 4849 τῇ
2298 4778 2377 4831 εὖθ’
2422 4778 2570 4849 ὑμῶν
2628 4777 2936 4839 ὑπείκοντες
2987 4776 3106 4848 θείᾳ
3152 4776 3525 4851 ποιμεναρχίᾳ
3556 4797 3567 4807 ’
3621 4776 3681 4829 τὸ
3713 4772 3821 4828 λοι-

2187 4866 2286 4919 πὸν
2337 4863 2649 4937 ἐξαιτοῦμεν
2698 4867 2797 4935 τὴν
2842 4864 3000 4942 ἁγίαν
3060 4866 3225 4929 αὐτῆς
3274 4866 3487 4937 ψυχὴν,
3522 4863 3817 4937 λογίζεσθαι

2187 4955 2333 5026 ἡμᾶς
2393 4954 2468 5016 ὡς
2528 4954 2709 5009 οἰκεῖα
2778 4954 2947 5023 αὐτῆς
3014 4950 3284 5028 πρόϐατα,
3341 4953 3431 5006 καὶ
3488 4957 3607 5015 ταῖς
3661 4951 3817 5053 ἱεραῖς

2189 5048 2520 5118 προσευχαῖς
2572 5043 2854 5119 πόρρωθεν
2901 5043 3148 5123 φωτίξειν
3201 5044 3289 5095 καὶ
3339 5042 3628 5113 στηρίζειν.
3674 5039 3732 5096 Ei
3764 5039 3811 5091 δὲ

2186 5133 2275 5186 καὶ
2308 5129 2584 5207 διδαχαῖς,
2616 5140 2715 5201 τῆς
2775 5140 2873 5203 σῆς
2906 5132 2964 5187 ἂν
3026 5131 3110 5202 εἴη
3164 5133 3313 5192 θείας
3360 5126 3809 5231 συγκαταϐἇσεωω

2187 5222 2336 5275 Ἐπεὶ
2368 5223 2452 5275 καὶ
2490 5224 2517 5276 ὁ
2558 5222 2788 5295 Χριστὸς
2834 5221 3061 5296 Αὐγάρῳ
3110 5217 3391 5275 ἐπέστειλε
3425 5238 3436 5249 ⁸
3474 5218 3561 5272 καὶ
3624 5214 3808 5272 πολλοὶ

2184 5314 2291 5364 τῶν
2349 5311 2648 5387 ύφειμένων
2694 5312 2839 5384 παρὰ
2899 5310 3245 5379 ἀποστόλων,
3289 5310 3378 5364 καί
3432 5309 3601 5385 ἁγίων
3651 5306 3810 5380 γράμ-

2192 5435 2333 5489 ματα
2393 5414 2634 5487 δέξασθαι
2693 5418 3125 5488 κατηξιώθησαν.
3190 5416 3319 5490 Παρ’
3380 5413 3514 5487 ἐμοῦ
3559 5412 3613 5468 δὲ
3660 5413 3809 5484 μόνου

2183 5510 2281 5560 τοῦ
2310 5504 2647 5582 ἀμαρτωλοῦ
2678 5508 2767 5562 καὶ
2814 5507 3155 5582 τηρουμένου
3195 5505 3246 5560 ἓν
3276 5503 3496 5580 φυλακῇ
3528 5506 3561 5571 ἡ
3611 5503 3805 5557 ἐπιστο-
