4084 6284
366 346 514 417 1021

1635 352 2182 424 EPISTOLARUM
2230 357 2375 422 LIB.
2424 358 2476 423 Ι.

3599 352 3753 419 ΜΞ

353 486 424 558 λή
453 507 464 519 ·
500 485 588 542 διὰ
615 490 701 556 τὸ,
732 490 823 543 τὸν
857 487 1063 562 Πατέρα
1092 489 1181 544 καὶ
1216 487 1512 546 σύνδουλόν
1541 514 1645 564 μου
1666 494 1756 549 τὸν
1790 494 1990 572 ἔγκλειι

2114 501 2201 552 ter
2228 511 2657 568 conservusque
2698 511 2863 551 meus
2912 494 3196 561 inclusus,
3222 499 3281 551 et
3325 491 3752 549 Thessalonicae

356 597 500 646 στον,
547 580 639 631 τόν
697 599 754 632 τε
811 577 1241 653 ἂρχιεπίσκοπον
1287 587 1385 649 τῆς
1437 580 1854 655 Θεσσαλονίκης,
1900 584 1989 639 καὶ

353 664 587 745 ἀδελφὸν
620 670 804 741 ἡμῶν,
838 669 914 729 εἰς
946 670 1127 745 ἑτέρας
1154 672 1353 740 νήσους
1376 670 1637 734 ὡσαύτως
1668 674 1949 748 τηρεῖσθαί
1980 718 1993 730 .

356 754 509 825 Πλὴν
541 758 633 811 καὶ
665 757 823 811 αὐτοὶ
883 756 953 812 δι’
1003 759 1158 832 ἐμοῦ,
1191 759 1280 814 καὶ
1329 759 1421 814 σὺν
1450 759 1573 833 ἐμοὶ
1605 761 1672 816 τὰ
1721 764 1858 817 αύτά
1906 764 1995 817 καὶ

356 844 679 923 φθέγγονται
710 849 797 901 καί
854 850 1322 922 προσπτύσσονται
1368 856 1485 912 τοῖς
1532 852 1701 924 ἱεροῖς
1748 858 1849 921 τῆς
1894 873 1997 925 μα-

347 933 677 1009 καριότητός
713 956 810 990 σου
851 934 1062 1011 ἴχνεσιν
1090 982 1102 993 .

812 1070 933 1120 ΛΔ’.
967 1096 1034 1107 -
1064 1067 1158 1136 Τῷ
1187 1063 1336 1136 αύτῷ
1361 1108 1374 1121 .
1406 1067 1549 1139 [ςε’.]

2107 587 2579 659 archiepiscopus
2635 603 2941 656 germanus
3002 590 3215 653 noster,
3247 586 3306 641 in
3366 584 3495 640 aliis
3542 582 3755 639 insulis

2108 677 2319 747 pariter
2362 677 2792 732 custodiuntur.
2817 675 2933 747 Ipsi
2976 674 3361 731 nihilominus
3412 690 3514 745 per
3564 688 3659 729 me
3698 674 3754 726 et

2110 780 2333 820 mecum
2365 765 2566 821 eadem
2609 766 2831 834 dicunt,
2854 770 2913 819 et
2969 765 3151 820 sacris
3221 761 3600 819 beatitudinis
3639 765 3752 816 tuas

2108 854 2373 927 vestigiis
2404 854 2808 911 advolvuntur.

2468 1070 2704 1128 XXXIV.
2722 1102 2793 1111 —
2818 1071 3004 1127 Eidem
3025 1072 3190 1126 Leoni
3206 1085 3391 1141 papae.

411 1185 515 1235 Pro
548 1188 776 1250 acceptis
803 1202 958 1252 papa
988 1189 1177 1239 litteris
1207 1192 1405 1253 gratias
1435 1191 1558 1255 agit,
1595 1194 1708 1240 tum
1738 1204 1859 1254 quae
1890 1191 1956 1241 ab
1994 1192 2316 1242 adversariis
2347 1197 2494 1257 gesta
2527 1198 2677 1244 erant
2707 1195 2941 1258 exponit.
2977 1194 3190 1257 (Baron.
3240 1207 3327 1242 an.
3358 1191 3469 1251 809,
3501 1207 3556 1244 n.
3588 1191 3689 1256 18.)

351 1294 445 1364 Τῷ
499 1293 776 1371 ἱσαγγέλῳ
837 1296 1234 1372 μακαριωτάτῳ
1309 1319 1397 1353 και
1445 1300 1824 1370 Ἀποστολικῷ
1885 1306 1990 1354 Πα-

420 1385 506 1458 τρὶ
566 1384 751 1439 Λέοντι
806 1384 959 1458 πάπᾳ
1015 1386 1278 1460 Ῥώμης.
1346 1388 1575 1444 Πλάτων
1651 1386 1988 1465 ἔγκλειστος,

418 1475 506 1526 καὶ
577 1472 855 1550 Θεόδωρος
924 1473 1291 1552 πρεσϐύτερος
1358 1480 1447 1533 καὶ
1514 1478 1820 1555 ἡγούμενος
1878 1484 1986 1533 τῶν

424 1561 687 1619 Στουδίου
712 1610 725 1623 .

2098 1303 2318 1373 AEquali
2363 1304 2577 1371 angelis
2616 1304 2923 1359 beatissimo
2978 1310 3029 1359 et
3071 1304 3371 1374 apostolico
3405 1304 3563 1358 Patri
3588 1304 3754 1358 Leoni

2168 1408 2325 1460 papw
2358 1392 2560 1459 Roma,
2594 1394 2751 1449 Plato
2772 1395 3033 1461 inclusus,
3067 1401 3117 1449 et
3158 1393 3455 1449 Theodorus
3470 1391 3754 1464 presbyter

2175 1498 2238 1536 ac
2262 1485 2590 1553 primas-itus
2629 1484 2958 1540 Studiensis.

419 1650 569 1725 Μέγα
598 1653 731 1723 ἡμῖν
778 1658 895 1715 τοῖς
949 1660 1226 1715 ταπεινοῖς
1275 1655 1350 1715 ὡς
1384 1652 1630 1725 ἀληθῶς,
1682 1657 1771 1710 καὶ
1820 1654 1990 1733 εὐχῆς

2172 1661 2441 1734 Magnum
2511 1679 2707 1719 revera
2760 1663 2928 1719 nobis
2959 1662 3283 1718 humilibus
3315 1666 3371 1717 et
3395 1662 3614 1718 summi
3633 1660 3750 1718 voti

345 1734 501 1811 ἔργον
557 1746 657 1808 τῆς
716 1740 1002 1813 ἀνωτάτω,
1062 1744 1339 1815 ἀξιωθεῖσε
1397 1742 1639 1813 δέξασθαι
1684 1744 1829 1819 παρὰ
1886 1750 1986 1813 τῆς

342 1830 719 1899 ἀποστολικῆς
778 1831 930 1904 ὑμῶν
1017 1834 1420 1907 μακαριότητος
1477 1833 1775 1907 πρόσρησιν
1824 1854 1989 1907 προσ-

345 1924 733 1997 αγορευτικήν,
766 1923 853 1976 καὶ
907 1925 1013 1996 μὴν
1066 1923 1476 1997 ἀποσημείωσιν
1521 1929 1631 1978 τῶν
1680 1945 1986 1998 πνευματο-

344 2013 584 2076 κινήτων
613 2010 780 2080 αὐτῆς
804 2012 961 2085 ἰερῶν
998 2010 1222 2087 λογίων,
1256 2010 1326 2067 δι’
1374 2013 1689 2091 Ἑπιιρανίου
1720 2018 1815 2068 τοῦ
1866 2035 1988 2067 συν-

350 2096 573 2171 δούλου,
604 2100 694 2153 καὶ
753 2100 1035 2173 ἀγαπητοῦ
1085 2104 1242 2174 ἡμῶν
1293 2102 1519 2157 τέκνου*
1557 2104 1643 2156 καὶ
1694 2106 1860 2157 ταῦτα
1908 2123 1992 2156 κε-

346 2187 696 2262 κλεισμένοις
755 2187 902 2245 οῦσιν
961 2190 1066 2245 ὑπὸ
1138 2197 1248 2247 τῶν
1314 2189 1645 2260 κακοδόξων,
1705 2191 1793 2245 καὶ
1868 2192 1988 2265 ὄψει

346 2277 699 2350 θεασαμένοις
729 2280 819 2333 τὸν
878 2281 1351 2355 γραμματηφόρον
1382 2326 1392 2336 .
1446 2282 1558 2359 Ἐφ’
1609 2282 1695 2342 οἷς
1745 2280 1990 2353 έσκιρτή-

350 2387 515 2439 σαμεν
543 2386 556 2400 ⁸
590 2366 1044 2442 ἠγαλλιασάμεθα
1076 2391 1084 2401 ’
1121 2369 1705 2444 ἀνθωμολογησάμεθα
1753 2372 1833 2442 τῷ
1879 2376 1989 2423 Κυ-

352 2456 479 2530 ρίῳ,
508 2461 585 2528 τῷ
612 2462 730 2518 ταῖς
770 2457 938 2519 Θείαις
968 2457 1134 2527 αὐτῆς
1166 2464 1521 2533 προσευχαῖς,
1552 2459 1619 2513 τὰ
1657 2460 1785 2531 παρ’
1834 2456 1991 2513 ἐλπί-

352 2540 420 2598 δα
448 2543 765 2620 παραδόξως
805 2548 940 2619 ἡμῖν
986 2552 1103 2608 τοῖς
1149 2546 1387 2617 ἀναξίοις
1438 2548 1829 2622 χαρισαμένῳ·
1888 2567 1991 2618 μο-

348 2637 580 2708 νονουχί
611 2636 700 2690 καὶ
754 2636 881 2711 ὁρᾷν
941 2637 1113 2705 αὐτῆς
1167 2637 1260 2691 τὸν
1319 2637 1464 2712 ἱερὸν
1521 2642 1848 2711 χαρακτῆρα
1906 2633 1995 2690 διὰ

354 2723 522 2795 μέσου
578 2728 687 2779 τῶν
738 2728 930 2802 φωνῶν
978 2724 1443 2803 φανταζομένοις.
1495 2724 1654 2783 Ἀλλ’
1704 2726 1844 2793 αὐτὴ
1899 2724 1991 2796 μὲν

352 2814 825 2886 Χριστομιμήτως
868 2814 956 2868 καὶ
990 2816 1399 2891 προσηγόρευκς
1446 2814 1573 2875 τοὺς
1617 2812 1872 2885 εὐτελεῖς,
1905 2814 1995 2868 καὶ

350 2901 763 2977 ᾇνεζωπύρησεν
798 2906 958 2977 ἡμῶν
993 2906 1056 2958 τὸ
1087 2908 1318 2977 πνιῦμα,
1350 2902 1625 2979 έπέρῥωσέ
1652 2924 1711 2958 τε
1740 2903 1801 2957 τὸ
1842 2904 1996 2957 ἀσθε-

2099 1769 2246 1824 opus
2286 1752 2406 1813 fuit.
2443 1755 2596 1823 quod
2629 1754 2789 1825 digni
2819 1754 3005 1808 habiti
3029 1769 3259 1823 sumus,
3286 1754 3381 1824 qui
3416 1752 3487 1808 ab
3518 1762 3750 1823 aposto-

2099 1840 2209 1895 lica
2230 1840 2587 1897 beatitudine
2646 1852 2835 1897 vestra
2892 1841 3264 1898 salutationis
3314 1840 3747 1907 allocutionem,

2100 1934 2156 1985 et
2187 1946 2481 1985 sacrorum
2504 1932 2632 2000 ejus
2662 1932 2810 2001 quia
2839 1932 3045 2001 spiritu
3082 1934 3383 1986 moventur
3405 1945 3745 1985 sermonum

2100 2019 2587 2089 signiﬁcationem
2610 2020 3026 2091 acciperemus,
3060 2035 3161 2089 per
3190 2034 3533 2073 conservum
3568 2033 3634 2073 ac
3658 2018 3747 2072 di-

2101 2106 2318 2162 lectum
2353 2106 2537 2162 ﬁlium
2557 2111 2823 2163 nostrum
2840 2107 3255 2179 Epiphanium;
3279 2112 3337 2161 et
3366 2105 3509 2171 haec,
3532 2107 3747 2161 inclusi

2102 2194 2236 2251 licet
2275 2202 2574 2252 teneamur
2605 2197 2675 2252 ab
2706 2197 3035 2265 haereticis;
3069 2201 3243 2267 atque
3274 2196 3350 2250 ita
3389 2200 3453 2250 ut
3510 2194 3745 2250 tabella-

2105 2285 2254 2339 rium
2286 2285 2477 2356 ipsum
2506 2286 2693 2341 oculis
2724 2285 3204 2356 conspexirimus.
3229 2285 3613 2348 Quamobrem
3642 2283 3739 2337 lea-

2103 2373 2230 2429 titia
2277 2375 2721 2443 exsultavimus,
2745 2374 2928 2446 gavisi
2952 2391 3183 2443 sumus,
3220 2373 3464 2429 Domino
3521 2373 3744 2445 gratias

2103 2464 2351 2534 egimus,
2376 2465 2475 2534 qui
2506 2464 2717 2519 divisis
2749 2464 2905 2518 illius
2945 2465 3212 2535 precibus
3270 2478 3339 2517 ea
3394 2478 3525 2533 quas
3576 2477 3743 2533 spem

2106 2558 2334 2607 notram
2358 2554 2714 2624 superabant
2747 2553 2912 2608 nobis
2947 2552 3204 2623 indignis
3240 2553 3386 2607 miro
3420 2551 3588 2606 modo
3637 2550 3748 2605 lar-

2105 2639 2262 2708 gitus
2294 2644 2419 2694 est:
2454 2638 2535 2693 ita
2584 2647 2644 2693 ut
2694 2639 2882 2709 ipsam
2918 2638 3338 2711 propemodum
3370 2653 3589 2692 sacram
3620 2636 3745 2705 ejus

2107 2727 2353 2783 formam
2396 2744 2497 2798 per
2526 2728 2831 2799 interjecta
2861 2744 3028 2783 voces
3057 2728 3250 2781 videre
3300 2727 3467 2781 nobis
3523 2724 3739 2780 videre-

2105 2832 2256 2872 mur.
2288 2815 2501 2871 Verum
2534 2816 2634 2871 illa
2666 2817 2902 2888 quidem
2936 2816 3009 2873 ad
3039 2816 3245 2871 Christi
3279 2813 3611 2885 exemplum
3640 2829 3746 2868 nos

2109 2905 2363 2962 humiles
2392 2908 2562 2963 atrata
2586 2913 2696 2976 est,
2718 2913 2775 2963 et
2797 2914 3021 2964 mentes
3053 2911 3279 2963 nostras
3298 2907 3594 2971 recreavit,
3628 2904 3745 2960 im—

353 2993 460 3060 νὶς,
490 2994 583 3047 καὶ
622 2989 956 3070 έστιόάρωσε
1009 2996 1071 3050 τὸ
1129 2993 1393 3070 ἀδρανὲς·
1442 2996 1611 3049 οἱονεὶ
1660 2992 1990 3068 έπαλείψασα

2108 2996 2481 3051 becillitatem
2514 2997 2924 3064 corroboravit,
2948 2997 3405 3070 languentesque
3436 2994 3746 3051 conﬁrma-

348 3086 466 3142 τοῖς
499 3080 629 3156 ὑπὲρ
661 3086 810 3157 ἡμᾶς
862 3083 1295 3156 παρακλητικοῖς
1338 3085 1426 3139 καὶ
1482 3086 1813 3145 νουθετικοῖς
1864 3084 1991 3155 90i-

349 3191 519 3244 γμασι
547 3190 559 3203 ’
607 3174 820 3242 στήκειν
873 3194 929 3228 τε
976 3172 1027 3227 ἐν
1082 3176 1151 3247 τῇ
1209 3170 1479 3246 ὀρθοδόξῳ
1524 3171 1699 3227 πίστει
1746 3170 1993 3233 ἀκλινῶς

356 3258 523 3333 μέχρι
552 3260 744 3324 τέλους
792 3266 1188 3339 παρεγγυῶσα.
1237 3262 1340 3317 Καὶ
1370 3261 1583 3336 γένοιτο
1635 3264 1771 3334 ἡμῖν
1818 3259 1990 3322 ἰλέοις

351 3349 519 3420 αὐτῆς
553 3353 852 3428 ἱκετηρίαις
881 3397 893 3408 .
926 3354 1115 3426 Ἡμεῖς
1149 3350 1206 3407 δέ
1238 3355 1289 3407 οἱ
1334 3352 1563 3413 ούθενεῖς
1592 3353 1681 3407 καὶ
1731 3350 1893 3407 πάλιν
1937 3350 1993 3406 εὖ

352 3439 499 3515 ἔχειν
533 3443 914 3517 νενομίκαμεν,
946 3447 1126 3519 ὥσπερ
1155 3445 1217 3499 τὸ
1248 3444 1514 3519 πρότερον
1547 3441 1617 3497 δι’
1665 3442 1827 3498 αὐτοῦ
1876 3446 1997 3496 τοῦ·

355 3528 414 3586 δε
442 3536 538 3587 τοῦ
586 3536 912 3589 πιστοτάτου
941 3538 1100 3607 ἡμῶν
1157 3533 1654 3612 γραμματηφόρου,
1704 3533 1793 3587 xui
1839 3531 1993 3595 αὖθις

355 3617 427 3675 δι’
464 3623 761 3678 Εύσταθίου
810 3628 906 3678 τοῦ
964 3624 1151 3699 ἑτέρου
1207 3625 1295 3678 καὶ
1354 3623 1518 3678 αὐτοῦ
1575 3626 1735 3697 ἡμῶν
1781 3620 1990 3691 τέκνου,

354 3711 498 3766 οὕτω
549 3713 640 3767 καὶ
684 3718 774 3767 νῦν
834 3713 1131 3788 ἀνενεγκεῖν
1187 3712 1320 3786 αὸτῇ
1369 3714 1435 3768 τὰ
1483 3712 1701 3768 εἰκότα.
1756 3708 1993 3773 Σύνοδος

350 3801 565 3877 γέγονεν
596 3800 647 3857 έν
685 3807 801 3866 τοῖς
848 3804 967 3858 καθ’
1016 3805 1188 3875 ἡμᾶς,
1240 3804 1285 3857 ὦ
1337 3803 1732 3876 μακαριώτατε,
1786 3799 1991 3871 πάνδη-

353 3910 456 3962 μος
486 3892 945 3966 συγκαθεσθέντων
977 3893 1069 3946 καί
1101 3891 1384 3965 ἀρχόντων
1428 3895 1538 3945 τῶν
1570 3889 1623 3945 έν
1667 3889 1812 3946 τέλει
1840 3908 1852 3919 ’
1902 3888 1991 3943 καὶ

349 3980 384 4046 ἡ
418 3976 641 4040 σύνοδος
670 3978 754 4035 ἐπ’
780 3980 1026 4051 ἀθετήσει
1065 3983 1167 4034 τοῦ
1202 3978 1539 4055 Εὐαγγελίου
1585 3983 1683 4034 τοῦ
1730 3981 1991 4051 Χριστοῦ,

350 4065 413 4120 οὗ
447 4066 509 4121 σὺ
565 4069 658 4129 τὰς
704 4070 855 4131 κλεῖς
900 4066 1060 4142 ἐδέξω
1110 4068 1246 4139 πρὸς
1301 4069 1488 4141 αὐτοῦ,
1540 4065 1629 4122 διὰ
1681 4070 1844 4141 μέσου
1893 4070 1990 4120 τοῦ

346 4160 455 4210 τῶν
509 4155 831 4211 ἀποστόλων
897 4157 1305 4232 πρωτοστάτου,
1356 4157 1447 4211 καὶ
1503 4161 1612 4211 τῶν
1660 4150 1988 4228 ἀμοιϐαδὸν,

352 4244 518 4321 μέχρι
547 4250 645 4301 τοῦ
676 4248 1136 4322 προηγησαμένου
1183 4248 1280 4314 τήν
1328 4246 1627 4320 ἱερωτάτην
1680 4265 1776 4298 σου
1825 4264 1989 4321 κεφα-

348 4334 454 4404 λήν
480 4376 493 4389 .
530 4336 625 4391 Καὶ
667 4334 814 4397 ὅπως
861 4336 1158 4414 ἀνάσχοιτο
1192 4334 1544 4405 έπακηκοέναι
1576 4337 1610 4404 ἡ
1644 4333 1988 4406 θεομίμητος

347 4420 610 4478 έπιείκειά
639 4444 774 4493 σου;
810 4425 1125 4499 Ἀρξώμεθα
1174 4421 1232 4478 δὲ
1278 4424 1383 4478 ἀπὸ
1416 4427 1509 4477 τοῦ
1547 4423 1723 4496 νόμου
1768 4421 1858 4477 καὶ
1888 4425 1995 4475 τῶν

345 4514 679 4590 προφητῶν.
732 4514 835 4570 Καὶ
878 4516 1034 4587 γοῦν,
1084 4513 1272 4587 φησὶν,
1324 4513 1407 4567 Οὐ
1461 4514 1887 4587 μοιχεύσεις·
1924 4510 1998 4564 οὗ

344 4601 1061 4678 ψευδομαρτυρήσεις.
1096 4635 1162 4644 -
1194 4603 1276 4657 Ού
1309 4599 1341 4656 λ
1368 4604 1501 4675 ήψῃ
1532 4600 1603 4656 τὸ
1652 4596 1865 4673 ὄνομά
1896 4606 1999 4654 Κυ.

345 4690 496 4767 ρίου
524 4696 640 4745 τοῦ
672 4694 833 4747 Θεοῦ
867 4712 982 4745 σου
1015 4689 1120 4744 ἐπὶ
1157 4689 1439 4762 ματαίῳ.
1462 4690 1561 4745 Καὶ
1584 4688 1847 4762 Ἱερεμίας
1874 4688 1995 4760 μέν’

344 4781 611 4855 Ἀφρων
640 4780 748 4834 καὶ
778 4775 1023 4848 ἀσεϐὴς
1056 4780 1083 4833 ὁ
1116 4778 1414 4855 κατέχων
1454 4775 1850 4853 μοιχαλίδα.
1876 4783 1990 4833 Μαι

344 4867 547 4942 λαχὶας
572 4866 647 4925 δέ.
674 4866 887 4938 Χείλη
921 4867 1155 4943 ἱερέως
1187 4865 1550 4943 φυλάξεται
1582 4870 1859 4941 γνῶσιν·
1885 4868 1991 4921 καὶ

341 4958 558 5029 νόμον
592 4957 1098 5027 έκζητήσουσιν
1130 4956 1199 5010 ἐκ
1230 4956 1558 5027 στόματος
1592 4957 1824 5010 αὐτοῦ·
1860 4953 1991 5010 διό-

340 5067 409 5099 τι
454 5044 746 5121 ἅγγελος
792 5045 1047 5117 Κυρίου
1090 5043 1828 5119 παντοκράτορόςέστι.
1882 5045 1987 5101 Μέ-

340 5132 621 5206 τέλθωμεν
654 5132 742 5187 ἐπὶ
767 5133 828 5187 τὸ
873 5132 1203 5209 Εὖαγγέλιον
1231 5150 1243 5162 ·
1292 5135 1366 5188 '0
1405 5130 1749 5200 ἀπολύων,
1795 5133 1987 5211 φησὶ,

340 5224 462 5290 τὴν
493 5227 776 5296 γυναῖκα
826 5222 1062 5290 αὐτοῦ,
1103 5220 1211 5275 καὶ
1252 5224 1483 5295 γαμῶν
1526 5220 1782 5294 ἑτέραν,
1836 5241 1987 5291 μοι·

340 5311 557 5387 χεύει.
594 5312 710 5366 Καὶ
742 5311 970 5373 πάλιν,
1005 5309 1133 5370 Οὕς
1164 5310 1192 5363 ὁ
1223 5310 1380 5371 Θεὸς
1410 5307 1823 5378 συνέζευξεν,
1856 5307 1988 5364 ἅνθ-

344 5420 568 5476 ρωπος
605 5401 690 5473 μὴ
724 5400 1085 5476 χωριζέτω
1110 5440 1123 5454 .
1156 5401 1314 5454 ’Ὀσον
1348 5394 1405 5452 δὶ
1436 5399 1497 5452 τὸ
1525 5395 1781 5475 διάφορον
1812 5398 1986 5471 νόμου

338 5489 431 5545 καὶ
463 5490 712 5564 χάριτος,
746 5488 799 5559 ἐξ
828 5487 1003 5544 αὐτῶν
1034 5492 1140 5543 τῶν
1160 5487 1342 5557 λόγων
1364 5491 1460 5542 τοῦ
1483 5485 1685 5562 Κυρίου
1704 5485 1979 5561 εἰσόμεθα,

2106 3085 2342 3151 vit,suis
2357 3102 2461 3141 nos
2483 3086 2652 3157 quasi
2670 3103 3005 3158 perungens
3034 3092 3267 3157 captum
3301 3089 3568 3141 nostrum
3583 3098 3745 3138 exce-

2104 3178 2377 3234 dentibus
2423 3179 2843 3246 consolatoriis,
2889 3178 3332 3248 monitor-iisque
3353 3175 3742 3241 sermonibus,

2106 3267 2164 3321 in
2208 3267 2319 3323 [ide
2348 3268 2667 3323 orthodoxa
2708 3274 3045 3324 constanter
3088 3269 3158 3324 ad
3217 3268 3393 3323 ﬁnem
3426 3282 3611 3338 usque
3634 3280 3747 3320 ma-

2104 3371 2240 3411 nere
2274 3357 2649 3425 persuadens,
2675 3359 2830 3429 quod
2874 3358 3100 3412 utinam
3134 3356 3401 3428 pr0pitiis
3423 3355 3549 3425 ejus
3571 3352 3749 3425 preci-

2105 3446 2215 3500 bus
2245 3444 2325 3500 ita
2373 3446 2541 3501 nobis
2599 3446 2918 3517 contingat.
2950 3446 3068 3502 Nos
3128 3462 3257 3502 vero
3307 3444 3453 3501 nihil
3503 3443 3751 3498 homun-

2104 3534 2298 3590 ciones
2353 3536 2658 3590 convenire
2710 3536 3197 3600 existimavimus,
3229 3534 3402 3591 sicuti
3443 3537 3614 3588 antea
3645 3547 3748 3602 per

2105 3619 2262 3677 hunc
2312 3622 2662 3679 ﬁdissimum
2701 3623 3068 3679 tabellarium
3116 3627 3403 3690 nostrum,
3449 3627 3507 3677 et
3551 3626 3750 3691 postea

2106 3726 2209 3782 per
2238 3711 2605 3767 Eustathium
2636 3711 2882 3767 alterum
2917 3712 3105 3768 ﬁlium
3131 3717 3422 3776 nostrum,
3453 3711 3535 3765 ita
3594 3724 3750 3763 nunc

2106 3801 2276 3856 etiam
2303 3803 2370 3856 ad
2403 3803 2665 3858 eamdem
2699 3805 2908 3859 referre
2938 3819 3005 3858 ea
3037 3820 3162 3875 quis
3195 3819 3301 3874 par
3330 3800 3749 3871 est.Synodus,

2103 3905 2135 3944 ο
2167 3889 2524 3959 beatissime,
2558 3893 2714 3964 apud
2766 3909 2871 3948 nos
2928 3892 3161 3964 publica
3219 3891 3505 3946 celebrata
3534 3894 3643 3956 est,
3676 3886 3749 3942 iis

2103 3978 2301 4044 etiam,
2334 3981 2433 4052 qui
2457 3982 2805 4051 magistatus
2853 3987 3082 4051 gerunt,
3116 3996 3233 4035 una
3281 3978 3748 4041 considentibus,

2100 4072 2159 4121 et
2190 4068 2450 4139 synodus
2473 4070 2543 4124 ad
2581 4070 3128 4126 condemnationem
3170 4066 3467 4139 Evangelii
3507 4065 3746 4131 Christi,

2100 4157 2269 4226 cujus
2298 4162 2360 4211 tu
2395 4157 2589 4214 claves
2619 4158 2690 4214 ab
2722 4160 2972 4230 ipsemet
3002 4158 3274 4228 accepisti
3317 4172 3419 4227 per
3476 4156 3751 4210 interme-

2099 4244 2263 4299 dium
2289 4247 2606 4318 principem
2629 4247 3018 4318 apostolorum
3051 4251 3109 4302 et
3138 4260 3505 4302 successores
3562 4258 3749 4314 usque

2119 4335 2187 4388 ad
2220 4351 2354 4390 eum
2388 4337 2489 4407 qui
2512 4337 2953 4393 sanctissimum
2978 4340 3145 4391 tuum
3195 4339 3369 4407 caput
3406 4332 3741 4390 antecessit.

2111 4420 2177 4477 Et
2226 4424 2515 4494 quomodo
2566 4426 2767 4480 audire
2826 4425 2945 4480 haec
2992 4425 3282 4481 sustineat
3340 4422 3436 4478 Dei
3466 4421 3745 4478 imitatrix

2110 4512 2352 4583 aequitas
2382 4518 2482 4569 tua
2501 4515 2530 4569 ?
2559 4514 2913 4587 Incipiamus
2943 4515 3098 4571 enim
3121 4531 3156 4571 a
3186 4514 3306 4582 lege
3333 4517 3394 4569 et
3423 4511 3742 4584 prophetis.

2108 4598 2177 4654 Et
2209 4602 2443 4673 quidem
2476 4605 2667 4674 inquit
2698 4620 2712 4658 :
2748 4603 2865 4659 Non
2903 4604 3261 4660 machaberis
3290 4619 3309 4656 :
3342 4602 3459 4658 Non
3512 4602 3748 4672 loqueris

2108 4690 2315 4756 falsum
2351 4692 2724 4748 testimonium
2753 4695 2774 4728 ³
2805 4711 2824 4748 :
2846 4694 2961 4749 Non
3006 4709 3246 4749 assumes
3285 4707 3483 4747 nomen
3529 4689 3750 4746 Domini

2105 4780 2193 4834 tui
2216 4779 2279 4834 in
2305 4797 2510 4836 vanum
2538 4783 2580 4836 ‘.
2605 4786 2669 4836 Et
2697 4781 2973 4838 Jeremias
3008 4799 3020 4836 :
3061 4783 3293 4850 Stultus,
3323 4780 3422 4848 ait,
3455 4785 3508 4835 et
3544 4780 3749 4850 impius

2103 4868 2200 4940 qui
2227 4872 2371 4924 tenet
2402 4868 2719 4926 adulteram
2742 4870 2787 4926 ⁵.
2820 4870 3136 4927 Malachias
3164 4886 3299 4927 vero
3332 4885 3346 4923 :
3379 4868 3552 4923 Labia
3566 4883 3745 4923 sacer-

2101 4956 2237 5012 dotis
2266 4958 2571 5014 custodient
2598 4961 2905 5026 scientiam,
2929 4969 2981 5015 et
3010 4961 3182 5029 legem
3218 4959 3499 5029 requirent
3542 4972 3610 5011 ea;
3654 4972 3749 5013 ore

2101 5047 2218 5117 ejus
2259 5064 2277 5101 :
2308 5050 2439 5118 quia
2468 5049 2695 5120 angelus
2733 5049 2957 5105 Domini
2985 5051 3329 5105 exercituum
3362 5053 3441 5103 est
3469 5047 3510 5100 ⁸.
3542 5051 3748 5101 Trans-

2100 5148 2310 5190 eamus
2339 5137 2409 5190 ad
2443 5138 2819 5209 Evangelium
2844 5154 2858 5193 :
2887 5139 3222 5210 Quicunque,
3244 5136 3450 5206 inquit,
3482 5136 3746 5190 dimiserit

2104 5238 2332 5279 uxorem
2360 5241 2538 5291 suam,
2561 5232 2613 5282 et
2646 5227 2821 5281 aliam
2848 5228 3090 5292 duxerit,
3122 5226 3426 5281 machatur
3452 5222 3495 5279 7.
3524 5224 3593 5279 Et
3622 5238 3746 5277 rur-

2099 5330 2200 5369 sus
2226 5329 2238 5367 :
2258 5314 2396 5381 Quos
2426 5317 2571 5371 Deus
2588 5318 2897 5387 conjunxit,
2916 5317 3075 5371 homo
3098 5333 3209 5371 non
3226 5324 3441 5387 separet
3462 5312 3503 5365 ⁸.
3520 5314 3746 5379 Quanta

2098 5417 2233 5457 vero
2258 5405 2331 5457 sit
2363 5404 2691 5460 differentia
2720 5406 2866 5477 legis
2897 5410 2952 5461 et
2981 5406 3196 5476 gratias,
3239 5421 3307 5459 ex
3344 5403 3487 5473 ipsis
3518 5399 3772 5481 Domini.

2100 5489 2291 5548 verbis
2323 5492 2623 5560 discimus,
2640 5493 2741 5565 qui
2763 5494 2845 5550 ait
2876 5510 2889 5548 :
2921 5495 2989 5550 Et
3010 5509 3130 5550 ecce
3146 5494 3273 5565 plus
3297 5507 3462 5564 quam
3479 5488 3743 5561 templum

415 5672 438 5706 ³
467 5672 646 5729 Exod.
676 5689 771 5742 ιι,
801 5671 888 5728 15.
965 5672 989 5707 ⁸
1018 5671 1162 5730 Ibid.
1192 5669 1247 5723 7.
1324 5668 1350 5704 ⁵
1381 5669 1521 5737 Imo,
1544 5668 1708 5723 Prov.
1785 5681 1945 5733 nun,
1971 5666 1990 5722 ﬁ

2138 5668 2161 5704 ⁸
2189 5669 2436 5728 Malaoh.
2469 5686 2547 5740 n;
2580 5673 2634 5727 7.
2709 5669 2736 5707 ⁷
2764 5671 2971 5729 Matth.
3000 5686 3119 5742 ιιι,
3147 5670 3204 5729 9.
3276 5669 3301 5705 ⁸
3321 5668 3467 5731 Ibid.
3487 5672 3543 5727 6.
