4084 6284
389 363 544 435 1023

1632 369 1695 430 S.
1739 363 2134 432 THEODORI
2177 364 2538 433 STUDITrE

3613 379 3748 444 l02l

385 508 474 562 hic
503 508 542 561 ο.
579 506 793 562 Deinde
822 521 890 561 ex
919 505 1105 560 verbis
1155 503 1411 572 Apostoli
1456 498 1700 558 dicentis
1733 521 1745 557 :
1789 502 2022 558 Irritam

2148 503 2392 578 λέγοντος
2419 550 2431 561 ,
2468 505 2582 558 Καὶ
2616 501 2764 559 ἰδοὺ
2795 503 2998 561 πλέον
3039 513 3155 562 τοῦ
3185 511 3374 585 ἱεροῦ
3421 509 3576 566 ὧδε·
3627 516 3751 583 εἶτα,

386 599 506 668 quis
533 595 743 664 faciens
773 596 952 664 legem
983 595 1182 664 Moysi,
1221 595 1337 648 sine
1366 592 1485 647 ulla
1513 592 2025 657 miseratione,duo-

387 687 481 740 bus
509 686 591 740 vel
623 685 797 740 tribus
820 683 1044 739 testibus
1072 685 1308 737 moritur
1337 701 1355 736 :
1377 686 1579 753 quanto
1609 681 1790 749 magis
1816 685 2030 752 putatis

384 772 651 828 deteriora
689 773 892 828 mereri
929 773 1230 844 supplicia,
1253 774 1360 842 .qui
1405 770 1613 825 Filium
1666 771 1760 826 Dei
1807 768 2031 825 concul-

313 894 315 896 -
383 865 546 929 carit,
577 869 630 918 et
661 864 993 935 sanguinem
1036 862 1346 917 testamenti
1391 861 1665 932 pollutum
1705 859 1945 926 duxerit,
1979 867 2028 913 et

382 952 619 1023 spiritus
639 956 834 1021 gratiae
863 953 1248 1008 contumeliam
1282 953 1476 1022 fecerit
1508 951 1553 988 ιο
1574 949 1602 1005 (8

455 1225 583 1283 Haec
615 1229 792 1299 igitur
820 1245 954 1284 cum
987 1229 1069 1283 ita
1098 1244 1157 1284 se
1189 1230 1478 1296 habeant;
1524 1231 1618 1285 isti
1654 1229 1874 1285 nefaria
1911 1229 2025 1284 lin-

386 1333 502 1388 gua
529 1316 775 1372 Domino
798 1317 1170 1385 reluctantes,
1190 1318 1331 1389 legis
1362 1324 1534 1388 atque
1563 1318 1857 1390 Evangelii
1877 1317 2029 1374 solu-

384 1405 625 1472 tionem,
644 1405 700 1459 id
729 1409 836 1473 est,
853 1405 1027 1476 hujus
1051 1422 1236 1474 nuper
1261 1407 1626 1476 imperatoris
1649 1406 2028 1472 adulterium,

385 1493 508 1564 qui,
544 1492 800 1563 legitima
831 1495 1030 1563 ejecta,
1057 1495 1341 1550 moecham
1367 1497 1634 1550 induxit:
1671 1501 1724 1550 et
1755 1495 1863 1552 hac
1904 1499 2030 1567 ipsa

384 1582 666 1651 majorem
715 1589 770 1638 et
808 1583 1131 1654 graviorem
1186 1583 1577 1653 iniquitatem,
1631 1585 2027 1642 adulterorum

386 1670 608 1728 scilicet
640 1673 1157 1742 conjunctionem:
1210 1678 1440 1742 propter
1489 1674 1702 1729 falsum
1761 1676 2030 1730 testimo-

387 1761 552 1816 nium
585 1763 739 1832 quod
774 1762 1052 1817 adversus
1076 1761 1260 1818 Deum
1294 1762 1469 1818 loculi
1501 1765 1792 1834 sunt,ejus
1815 1781 2027 1820 nomen

2137 593 2227 646 καὶ
2257 592 2317 646 ἐκ
2346 598 2452 646 τῶν
2483 596 2579 647 τοῦ
2611 595 2949 650 Ἀποστόλου
2981 603 3197 673 φωνῶν,
3229 600 3523 674 φάσκοντος
3549 645 3558 656 ,
3605 602 3753 658 Ἀθε-

2133 684 2341 751 τήσας
2369 703 2470 744 τις
2501 684 2704 755 νόμον
2735 686 3058 758 Μωσέως,
3093 689 3305 763 χωρὶς
3355 687 3753 762 οἰκτιρμῶν,

2133 769 2239 824 ἐπὶ
2273 768 2419 824 δυσὶ
2450 770 2485 839 ἤ
2516 774 2694 847 τρισί
2733 775 3054 848 μάρτυσιν
3106 777 3563 846 ἀποθνήσκει·
3592 779 3753 852 πόσῳ

2136 857 2397 914 δοκεῖτε
2446 861 2766 935 χείρονος
2816 863 3270 936 ἀξιωθήσεται
3315 867 3679 940 τιμωρίας,
3729 870 3752 923 ὁ

2133 950 2240 1003 τὸν
2275 950 2424 1004 Υἱὸν
2454 949 2566 1004 τοῦ
2609 956 2774 1006 Θεοῦ
2813 958 3319 1026 καταπατήσας,
3351 956 3460 1010 καὶ
3499 958 3567 1010 τὸ
3604 960 3755 1029 αἷμα

2130 1045 2249 1107 τῆς
2312 1035 2644 1111 διαθήκης
2690 1045 2914 1098 καινὸν
2961 1046 3428 1120 ἡγησάμενος,
3489 1047 3591 1101 καὶ
3641 1049 3749 1116 τὴν

2131 1125 2332 1205 χᾶριν
2360 1132 2472 1183 τοῦ
2506 1129 2890 1204 Πνεῦματος
2919 1129 3310 1207 ἐνυϐρίσαςς

2203 1217 2417 1271 Τούτων
2456 1219 2639 1273 τοίνυν
2691 1221 2864 1282 οὕτως
2917 1223 3157 1296 ἐχόντων
3185 1241 3197 1253 ’
3241 1225 3292 1278 οἱ
3337 1223 3471 1296 μετὰ
3518 1221 3754 1296 γλώσσης

2132 1305 2372 1378 ἀθέσμου
2409 1306 2477 1361 τὰ
2515 1308 2651 1381 πρὸς
2694 1308 2890 1381 Κύρεον
2923 1309 3290 1380 ἀπειθοῦντες,
3331 1312 3434 1379 τήν
3474 1307 3624 1365 λῦσιν
3670 1315 3760 1364 τοῦ

2131 1415 2190 1449 τε
2217 1395 2389 1468 νόμου
2418 1402 2508 1450 καί
2539 1401 2636 1452 τοῦ
2668 1397 3021 1474 Εὐαγγελίου,
3055 1400 3224 1473 ἤγουν
3258 1401 3357 1470 τήν
3390 1402 3638 1475 μοιχείαν
3667 1403 3758 1453 τοῦ

2132 1483 2257 1556 πρὶν
2292 1486 2682 1557 κρατήσαντος,
2724 1485 2808 1540 ἐπὶ
2849 1491 2918 1561 τῇ
2971 1483 3177 1562 ἐκϐολῇ
3224 1495 3323 1558 τῆς
3374 1488 3634 1561 νομίμου,
3677 1488 3759 1541 καὶ

2135 1571 2414 1629 εἶ’σοικίσει
2469 1582 2570 1645 τῆς
2614 1575 2984 1651 μοιχαλίδος·
3025 1580 3112 1633 καὶ
3157 1580 3259 1648 τὴν
3306 1579 3511 1648 ταύτης
3554 1578 3761 1650 μείζονα

2135 1663 2223 1716 καὶ
2284 1663 2674 1738 χαλεπωτέραν
2733 1666 3089 1740 παρανομίαν,
3151 1665 3277 1737 ἤτοι
3333 1670 3432 1736 τὴν
3489 1673 3764 1746 μοιχοζευ-

2137 1752 2248 1822 ξίαν
2281 1772 2293 1784 ο
2357 1750 2446 1806 διὰ
2510 1754 2570 1808 τὸ
2620 1752 3136 1831 ψευδομαρτυρῆσαι
3179 1755 3314 1812 κατά
3373 1761 3529 1824 Θεοῦ,
3578 1754 3662 1810 καὶ
3707 1756 3764 1808 τὸ

389 1851 447 1904 in
479 1850 680 1904 illicita
708 1851 936 1906 actione
965 1851 1118 1907 inter
1148 1867 1315 1906 sacra
1347 1853 1623 1922 mysteria
1652 1859 2026 1922 usurpantes,

2148 1840 2331 1896 τούτου
2383 1843 2552 1914 ὄνομα
2612 1839 2797 1898 λαϐεῖν
2859 1846 2946 1901 ὲπί
3007 1849 3075 1919 τῇ
3135 1846 3376 1919 ἀθεμίτῳ
3409 1847 3595 1918 πράξει
3640 1845 3766 1900 κατᾶ

389 1937 766 2007 victricesque
795 1939 864 1992 de
891 1938 1114 1994 Christo
1135 1956 1381 1995 coronas
1405 1940 1684 1996 adulteris
1716 1941 2027 2012 imponen—

389 2030 476 2081 tes
507 2027 563 2080 in
618 2027 745 2095 ipsa
793 2028 1124 2082 divinorum
1177 2044 1489 2083 munerum
1557 2031 2028 2100 participatione,

390 2115 603 2188 quibus
632 2115 864 2186 quidem
891 2116 1064 2171 veluti
1093 2118 1507 2174 communibus
1537 2123 1594 2174 et
1623 2119 1861 2190 pollutis
1884 2136 2030 2176 con—

387 2203 693 2259 tumeliam
725 2203 862 2259 fecit
891 2203 1138 2261 adulteri
1170 2206 1492 2278 copulator,
1515 2207 1788 2280 angelum
1820 2225 1882 2265 se
1912 2226 2029 2265 non

388 2294 488 2348 Dei
547 2294 986 2364 omnipotentis,
1035 2295 1134 2349 sed
1194 2296 1473 2367 principis
1519 2298 1722 2352 mundi
1781 2303 2028 2367 Satanas,

386 2383 584 2454 reipsa
601 2381 905 2438 declarans
932 2401 945 2451 ;
970 2399 1292 2455 omnesque
1328 2402 1462 2452 una,
1497 2387 1596 2458 qui
1647 2387 1785 2444 huic
1831 2391 2030 2444 trans-

388 2471 672 2544 gressioni
701 2474 1084 2544 cooperando,
1115 2489 1362 2544 eamque
1392 2476 1786 2546 approbando,
1812 2483 2034 2548 partem

395 2577 564 2616 suam
588 2577 722 2616 cum
751 2561 1034 2628 adultero,
1063 2569 1120 2618 et
1159 2564 1404 2619 adulteri
1436 2565 1786 2635 copulatore,
1823 2583 2037 2637 posue-

400 2655 574 2718 runt;
599 2651 914 2706 salutarem
949 2652 1045 2706 Dei
1076 2653 1336 2708 Ecclesiae
1359 2654 1856 2725 dispensationem
1887 2659 2037 2725 apel-

403 2738 632 2795 larunt:
659 2741 800 2796 adeo
831 2741 1060 2798 ﬁrmam
1083 2742 1241 2798 illam
1267 2752 1320 2797 et
1345 2743 1496 2813 apud
1531 2743 1712 2799 Deum
1747 2751 2037 2811 ratam,ut

405 2845 503 2884 eos
535 2831 662 2900 quis
697 2830 839 2900 ipsis
872 2848 980 2886 non
1008 2837 1325 2897 cesserunt,
1357 2847 1542 2903 neque
1590 2841 2035 2903 concenserunt,

405 2919 679 2989 synodice
703 2919 1269 2988 anathematizariut,
1285 2922 1502 2976 additis
1525 2923 1853 2977 carceribus
1886 2922 2038 2978 aliis-

403 3025 510 3078 que
555 3007 880 3080 suppliciis,
923 3019 1224 3081 propterea
1262 3012 1416 3082 quod
1460 3011 1623 3066 fateri
1668 3011 1856 3066 nolint
1899 3029 2038 3066 san-

402 3103 558 3152 ctum
583 3113 730 3168 opus
754 3099 1298 3166 fuisse,istiuemodi
1321 3099 1815 3170 dispensationem
1843 3120 1856 3155 :
1877 3101 2037 3170 Audi,

399 3187 621 3251 caelum,
643 3188 725 3242 ait
755 3188 1025 3256 Isaias,et
1052 3189 1281 3244 auribus
1308 3193 1544 3260 percipe,
1563 3195 1740 3257 terra,
1772 3193 2038 3262 quoniam

400 3275 662 3330 Dominus
692 3277 898 3332 loculus
928 3283 1008 3332 est
1039 3279 1099 3332 “.
1132 3278 1247 3334 Nos
1285 3294 1413 3334 vero
1452 3279 1700 3334 humiles
1749 3296 1906 3336 nunc
1963 3280 2032 3334 ad

398 3367 455 3418 te
490 3380 502 3417 :
535 3364 704 3434 Audi,
740 3381 1012 3437 magnum
1065 3367 1164 3422 Dei
1187 3372 1382 3437 caput,
1415 3374 1472 3422 et
1511 3369 1753 3423 auribus
1806 3370 2036 3440 percipe

401 3468 526 3523 qua
557 3453 801 3509 Satanas
834 3456 1071 3510 molitus
1101 3466 1205 3511 est.
1239 3455 1294 3510 Si
1326 3457 1481 3511 enim
1515 3473 1582 3513 ex
1616 3458 1710 3512 Dei
1741 3457 2038 3514 voluntate

402 3545 457 3596 et
494 3545 636 3596 nutu
693 3547 872 3598 cretus
916 3543 1033 3610 ille,
1065 3552 1122 3600 et
1181 3545 1565 3602 anathematis
1601 3547 1988 3618 pronuntiatio
2021 3563 2034 3600 :

399 3631 501 3687 Dei
533 3634 784 3704 profecto
815 3634 907 3690 lex
938 3651 1053 3690 non
1091 3641 1196 3704 est,
1231 3654 1334 3692 nec
1380 3639 1692 3710 prophetae,
1725 3656 1856 3694 cum
1910 3641 2039 3710 qui-

401 3721 510 3775 bus
538 3726 594 3777 et
624 3723 973 3790 Praecursor,
1008 3725 1105 3794 qui
1135 3725 1460 3782 adulterum
1496 3727 1868 3798 reprehendit
1893 3745 1906 3796 ;
1934 3744 2039 3784 nec

400 3809 1017 3882 Evangelium,contra
1047 3813 1204 3884 quod
1234 3815 1332 3870 isti
1363 3833 1528 3872 suam
1555 3816 1713 3871 illam
1740 3822 2039 3887 tantopere

401 3899 730 3956 adamatam
746 3901 1241 3972 dispensationem
1259 3905 1534 3960 fecerunt.
1550 3905 1694 3960 Nam
1712 3905 1759 3960 si
1773 3906 2036 3975 ejusdem

403 4003 531 4043 esse
567 3989 773 4056 aiunt;
800 3990 1042 4046 alterum
1075 3993 1316 4048 duorum
1340 4010 1575 4050 necesse
1596 4000 1683 4050 est
1715 4011 1729 4049 ε
1755 4000 1855 4049 aut
1880 4010 2039 4049 men-

401 4078 604 4133 dacem
637 4079 930 4136 Christum
956 4085 1229 4150 statuent,
1256 4083 1356 4152 qui
1388 4084 1524 4138 olim
1559 4084 1795 4155 quidem
1829 4084 1886 4138 in
1916 4099 2042 4154 pro-

402 4165 592 4237 phetis
618 4167 845 4224 locutus
875 4177 984 4236 est,
1007 4175 1063 4226 et
1091 4169 1281 4240 legem
1312 4173 1495 4236 dedit,
1522 4189 1678 4228 nunc
1710 4179 1905 4228 autem
1940 4188 2041 4244 per

403 4255 663 4326 seipsum
695 4257 754 4312 in
785 4257 1093 4329 Evangelio
1127 4303 1142 4329 ,
1184 4271 1281 4316 aut
1328 4277 1610 4328 veracem,
1637 4262 1719 4317 uti
1766 4266 1916 4317 certe
1954 4267 2044 4317 est

404 4344 533 4414 ipsa
569 4345 778 4402 veritas
810 4363 824 4401 :
873 4349 1030 4418 ipsos
1065 4365 1196 4404 vero
1235 4351 1490 4415 mentiri,
1520 4356 1576 4406 et
1622 4351 1721 4407 Dei
1772 4351 2041 4406 crimina-

404 4439 560 4489 tores
583 4439 1250 4507 consequenter,ostendi
1269 4456 1281 4494 :
1303 4444 1478 4512 atque
1499 4441 1627 4496 ideo
1654 4441 2042 4496 anathematis

406 4522 563 4594 quod
585 4529 789 4580 contra
815 4525 1112 4582 Christum
1141 4534 1487 4598 sanctosque
1504 4531 1630 4599 ejus
1653 4529 2040 4600 protulerunt,

2135 1932 2236 1999 τήν
2273 1933 2650 2007 μυσταγωγίαν
2683 1979 2695 1991 .
2730 1935 2827 1990 Καὶ
2866 1936 2973 2008 μὴν
3005 1936 3097 1990 καὶ
3125 1935 3311 1990 δοῦναι
3339 1940 3458 1998 τοῖς
3512 1955 3764 2012 μοιχευο-

2141 2023 2324 2092 μένοις
2353 2022 2664 2092 νικητικοὺς
2697 2024 2834 2078 κατὰ
2873 2028 3105 2099 Χριστοῦ
3149 2026 3274 2086 τοὺς
3324 2023 3639 2101 στεφάνους,
3686 2023 3767 2079 ἐπὶ

2144 2111 2346 2182 μεθέξει
2374 2115 2482 2165 τῶν
2512 2113 2666 2166 θείων
2702 2110 2916 2186 δώρων,
2953 2119 3054 2168 τῶν
3087 2113 3160 2176 ὡς
3190 2118 3391 2168 κοινῶν
3443 2109 3766 2189 ἐνυϐρισθέν-

2140 2221 2248 2254 των
2303 2203 2450 2275 παρὰ
2505 2202 2601 2256 τοῦ
2662 2208 3073 2277 μειχ>ζευκτου,
3133 2204 3222 2259 καὶ
3270 2202 3527 2280 ἀγγέλου,
3578 2203 3636 2258 οὗ
3679 2206 3768 2256 τοῦ

2141 2290 2576 2364 παντοκράτορος
2617 2295 2773 2358 Θεοῦ,
2822 2290 2969 2347 ἀλλά
3016 2296 3112 2346 τοῦ
3176 2293 3623 2368 κοσμοκράτορος
3673 2297 3768 2345 Σα-

2141 2383 2294 2448 τανᾶ,
2324 2379 2688 2454 ἀποφανέντος
2720 2381 2854 2434 κατά
2883 2382 2944 2434 τὸ
2976 2369 3178 2450 ἀληθές
3206 2401 3217 2412 ·
3253 2380 3332 2436 ἔτι
3369 2384 3477 2455 μὴν
3509 2380 3597 2436 καὶ
3644 2381 3771 2435 πάν-

2141 2488 2248 2521 των
2288 2471 2397 2522 τῶν
2440 2465 2529 2523 διὰ
2581 2466 2892 2544 συνδρομῆς
2951 2472 3039 2526 καί
3099 2469 3367 2542 εὐδοκίας,
3421 2472 3476 2527 ἐν
3527 2469 3657 2545 τῇδε
3709 2473 3770 2542 τῇ

2143 2552 2443 2630 παραϐάσει
2501 2560 2601 2627 τήν
2661 2557 2855 2632 μερίδα
2913 2560 3151 2632 θεμένων
3226 2562 3360 2636 μετᾶ
3422 2564 3628 2635 μοιχοῦ
3690 2559 3770 2612 καὶ

2149 2646 2584 2719 μοιχοζεύκτου·
2646 2647 2959 2720 οἰκονομίαν
3022 2651 3292 2724 σωτήριον
3349 2653 3417 2722 τῇ
3491 2647 3773 2717 Ἐκκλησία

2143 2738 2241 2788 τοῦ
2271 2740 2405 2790 Θεοῦ
2436 2736 2906 2811 προσηγορε·3κασι
2933 2781 2944 2794 .
2995 2743 3254 2793 τοσοῦτον
3287 2738 3493 2812 ὀχυρὰν
3528 2737 3614 2792 καὶ
3663 2737 3774 2790 θεο-

2145 2823 2388 2898 κύρωτον
2433 2825 2804 2904 ὑπάρχουσαν,
2844 2827 2917 2888 ὡς
2956 2826 3082 2889 τοὺς
3119 2829 3194 2901 μή
3247 2825 3482 2897 εἷ’ξαντας
3532 2825 3621 2882 καὶ
3664 2846 3777 2879 συν⁹

2148 2915 2405 2986 θεμένους
2462 2915 2684 2984 αὐτοῖς,
2748 2917 3040 2990 ἄναθέματι
3102 2913 3398 2980 συνόδικῶς
3453 2912 3778 2984 ὑποϐαλεῖν,

2153 3007 2285 3079 μετὰ
2334 3008 2612 3084 φυλακῶν,
2643 3009 2733 3063 καὶ
2784 3009 2978 3083 ἑτέρων
3031 3010 3392 3082 παθημάτων,
3426 3012 3502 3072 ὡς
3539 3011 3613 3083 μὴ
3667 3009 3778 3078 δεξα

2153 3092 2346 3167 μένους
2401 3097 2598 3166 ταύτην
2657 3100 2752 3167 τὴν
2821 3097 3132 3171 οἰκονομίαν
3193 3099 3560 3173 ἀγιὸπρακτόν
3615 3097 3774 3152 εἶναι.

2069 3227 2111 3293 C
2149 3185 2403 3253 Ἄκουε,
2437 3187 2698 3258 οὐρανέ,
2732 3185 2889 3263 φηςίν
2921 3187 3163 3251 Ἡσαΐας,
3212 3188 3320 3242 καὶ
3370 3185 3775 3256 ἐνωτίζου,ἡ

2200 3281 2225 3292 ~
2298 3274 2322 3293 ει
2437 3275 2520 3293 πγΙ
2723 3273 2776 3293 ’Ν
2820 3275 2869 3293 I‘
3132 3277 3200 3293 ﬂr-
3280 3281 3301 3292 ο
3365 3273 3408 3293 δῖ
3485 3276 3501 3293 \
3587 3276 3601 3293 9
3671 3273 3692 3293 Ἰ
3733 3278 3754 3290 v

2147 3281 2258 3348 γῆ,
2293 3274 2394 3329 δτι
2436 3275 2682 3349 Κύριος
2719 3273 3082 3346 ἐλάλησεν.
3132 3277 3327 3348 ’Ἡμεῖς
3360 3273 3418 3330 δὲ
3449 3276 3501 3330 οὶ
3553 3273 3778 3335 εὐτελεῖς

2147 3363 2282 3436 πρὸς
2318 3365 2372 3416 σὲ
2403 3368 2560 3418 τανῦν
2596 3407 2607 3418 .
2659 3366 2874 3433 Ἄκουε,
2907 3368 2941 3435 ἡ
2977 3366 3189 3440 μεγαλη
3229 3369 3324 3420 τοῦ
3369 3369 3506 3420 Θεοῦ
3552 3361 3778 3440 κεφαλὴ,

2146 3453 2235 3506 καὶ
2265 3449 2525 3521 ἒνωτίζου
2556 3453 2587 3506 ἃ
2619 3454 2647 3508 ὁ
2679 3458 2919 3515 Σατανᾶς
2936 3454 3322 3528 ἀπειργάσατο,
3357 3453 3422 3510 Εἰ
3453 3455 3634 3508 τοίνυν
3655 3451 3780 3507 κατὰ

2149 3545 2280 3595 Θεοῦ
2341 3540 2604 3616 βούλησιν
2646 3543 2735 3597 καὶ
2787 3540 3070 3617 ἀποδοχὴν
3103 3545 3137 3612 ἡ
3169 3543 3510 3617 συνάθροισις
3559 3537 3777 3611 αὕτη,ἢ

2146 3651 2203 3684 τε
2252 3631 2701 3702 ἀναθεματιστικὴ
2752 3633 3058 3708 ἀπόφασις·
3107 3631 3168 3686 οὐ
3217 3636 3351 3686 Θεοῦ
3391 3633 3418 3686 ὁ
3471 3632 3646 3704 νόμος
3687 3628 3780 3698 δη-

2150 3717 2334 3774 λονότι
2362 3740 2376 3753 ο
2417 3717 2470 3772 υ’ί
2517 3739 2576 3773 τε
2623 3726 2924 3796 προφῆται,
2975 3722 3088 3794 μεθ’
3137 3721 3211 3774 ὧν
3264 3721 3291 3774 ὁ
3339 3719 3664 3794 Πρόδρομος
3711 3718 3779 3776 ὡς

2154 3809 2596 3882 μοιχοελέγκτης
2625 3851 2637 3863 .
2670 3808 2781 3863 εἶτα
2812 3811 2902 3863 καὶ
2934 3810 2995 3864 τὸ
3042 3808 3392 3883 Εὗαγγέλιον,
3431 3810 3561 3883 παρ’
3590 3809 3618 3863 ’ὀ
3651 3807 3782 3862 έκεῖ-

2148 3918 2234 3950 νοι
2266 3894 2432 3974 φίλην
2464 3898 2564 3965 τήν
2603 3897 2919 3971 οἰκονομίαν
2970 3897 3145 3952 αὐτῶν
3194 3901 3519 3969 πεποίηνται
3553 3942 3564 3954 .
3599 3897 3661 3954 Εἰ
3691 3896 3781 3968 γὰρ

2151 3991 2301 4065 φαῖεν
2347 3991 2443 4040 τοῦ
2495 3986 2696 4041 αὐτοῦ·
2750 3984 2897 4042 δυοῖν
2945 3987 3163 4060 θάτερον
3195 4008 3204 4018 '
3238 3985 3274 4056 ἤ
3307 3985 3651 4062 ψευδηγόρον
3697 3985 3781 4038 τὸν

2154 4077 2410 4149 Χριστὸν,
2459 4075 2630 4132 πάλαι
2686 4077 2778 4149 μὶν
2831 4077 2884 4132 ἐν
2921 4082 3038 4140 τοῖς
3095 4079 3401 4152 προφήταις
3451 4075 3781 4146 λαλήσαντα,

2150 4166 2240 4220 καὶ
2289 4168 2746 4239 νομοθετήσαντα,
2789 4172 2879 4222 νῦν
2927 4165 2985 4222 δὲ
3034 4165 3103 4222 δι’
3153 4168 3344 4222 ἑαυτοῦ
3392 4169 3446 4220 ἒν
3497 4171 3577 4237 τῷ
3626 4165 3784 4237 Εὐαγ-

2150 4255 2343 4333 γελίῳ,
2405 4257 2840 4332 ἀποφανοῦνται·
2902 4256 2937 4326 ἢ
2996 4255 3356 4326 ἀληθεύοντα,
3413 4253 3598 4329 ὥσπερ
3655 4253 3784 4308 ἐστὶν

2153 4346 2316 4408 αὐτὸς
2374 4347 2408 4415 ἡ
2469 4344 2740 4416 ἀλήθεια·
2801 4344 2998 4408 αὐτοῦς
3055 4342 3367 4418 ψεύδεσθαι,
3428 4342 3516 4397 καὶ
3575 4344 3783 4396 θεοκατ-

2155 4435 2392 4509 ηγόρους
2422 4433 2872 4510 έναποδειχθῆναι
2905 4434 3188 4509 ἀραρότως
3217 4454 3230 4467 ·
3264 4436 3351 4488 καὶ
3388 4431 3475 4488 διὰ
3505 4436 3667 4487 τοῦτο
3696 4433 3784 4485 τοῦ

2161 4525 2517 4598 ἀναθέματος,
2551 4525 2613 4578 οὗ
2654 4527 2790 4579 κατὰ
2837 4527 3070 4598 Χριστοῦ
3115 4526 3204 4578 καὶ
3253 4529 3359 4577 τῶν
3415 4521 3578 4597 ἁγίων
3628 4521 3783 4575 αὐτοῦ

405 4589 534 4668 reos
564 4625 709 4680 esse,
727 4618 792 4668 ut
820 4615 922 4686 qui
951 4616 1016 4670 ad
1029 4589 1854 4688 ulterium,adulte'rorumque
1874 4589 2036 4689 copu-

2161 4614 2492 4687 ἀπεφήνατο,
2553 4613 2683 4668 εἶναι
2742 4614 3105 4681 ὑπευθύνους,
3170 4607 3640 4686 βεϐαιωσαμένους
3691 4611 3781 4677 τὴν

405 4701 703 4769 lationem,
732 4712 788 4758 et
818 4704 1217 4762 adulterorum
1250 4708 1721 4763 communionem
1755 4723 1880 4764 esse
1913 4724 2043 4762 con-

405 4790 658 4846 firment.

473 4879 590 4935 Nec
620 4881 792 4936 aliter
820 4899 878 4938 se
911 4898 1001 4938 res
1045 4883 1266 4942 habet:
1317 4887 1433 4942 Non
1480 4889 1629 4942 enim
1677 4895 1754 4942 est
1801 4887 2042 4952 acceptio

401 4985 760 5042 personarum
789 4975 935 5044 apud
967 4976 1132 5030 Deum
1161 4976 1394 5043 “ﬁsicut
1417 4977 1678 5032 indicant
1709 4977 2043 5042 Mmcbiani,

406 5061 503 5131 qui
537 5061 664 5130 ejus
689 5061 846 5134 leges
877 5065 1150 5120 omnibus
1180 5082 1247 5120 ex
1277 5081 1441 5134 aequo
1463 5067 1676 5136 positae
1709 5065 2044 5134 negant,sed

405 5153 462 5207 in
496 5153 732 5222 regibus
763 5169 991 5210 cessare
1018 5171 1114 5210 eas
1147 5154 1778 5210 comminiscuntur.Et
1806 5155 2043 5209 ubinam

405 5244 490 5295 est
519 5257 721 5312 regum
755 5242 1117 5315 Evangelium
1137 5241 1164 5296 ‘P
1195 5241 1305 5297 Sed
1337 5243 1515 5314 impie
1546 5243 1628 5296 illi
1653 5259 1892 5312 prorsus
1923 5259 2048 5314 ege-

407 5339 561 5397 runt,
587 5349 700 5386 non
732 5331 1120 5402 intelligentes
1151 5333 1301 5401 quod
1332 5333 1470 5386 Deus
1501 5333 1738 5387 hominis
1759 5348 2048 5403 personam

405 5435 516 5475 non
537 5420 736 5491 accipit
757 5420 827 5486 1³,
844 5419 1344 5491 quemadmodum
1369 5426 1617 5477 testatur
1633 5428 1871 5478 sanctus
1897 5425 2048 5494 Apo-

407 5507 594 5565 stolus
639 5523 828 5579 neque
875 5511 1027 5581 quod
1077 5509 1233 5566 idem
1292 5526 1394 5582 per
1444 5525 1629 5568 unum
1662 5526 1692 5567 e
1745 5510 2043 5584 prophetis

479 5686 503 5722 ’
532 5685 737 5744 Matth.
771 5705 872 5761 xu,
896 5690 950 5746 6.
1027 5685 1076 5727 1⁸
1103 5688 1272 5750 Hebr.
1307 5711 1359 5764 x,
1389 5693 1590 5752 2815a.
1629 5712 1664 5765 ι,
1697 5697 1749 5750 2.
1829 5693 1867 5727 “
1904 5690 2047 5751 Rom

2056 5735 2071 5752 .
2103 5709 2166 5765 ιι,
2202 5687 2286 5748 11.

2157 4703 2429 4780 μοιχείαν,
2480 4703 2571 4758 καὶ
2633 4702 3044 4780 μοιχοζευξίαν,
3109 4703 3195 4756 καὶ
3258 4698 3782 4774 μοιχοσυνδρομίαν,

2158 4792 2482 4864 οἰκονομίαν
2515 4796 2648 4847 Θεοῦ
2678 4793 2768 4846 καὶ
2798 4791 2971 4868 ἁγίων
2995 4835 3007 4848 .

2230 4882 2328 4935 Καὶ
2360 4879 2606 4945 ἀλλοίως
2636 4881 2742 4935 οὐκ
2767 4877 2908 4936 ἔστιν
2940 4927 2949 4936 .
2982 4881 3065 4935 Οὐ
3097 4882 3219 4956 γὰρ
3250 4874 3783 4953 προσωποληψία

2154 4972 2324 5044 παρὰ
2364 4975 2448 5042 τῷ
2481 4977 2613 5043 Θεῷ
2634 4991 2646 5005 ⁸
2683 4972 2756 5032 ὡς
2789 4967 3229 5026 ὑποδεικνύουσιν
3251 4970 3302 5022 oi
3330 4967 3677 5042 Μοιχειανοὶ,
3712 4965 3780 5037 μή

2157 5058 2347 5128 ἐπίσης
2403 5061 2528 5124 τοὺς
2569 5061 2770 5133 νόμους
2820 5060 2986 5114 αὐτοῦ
3041 5060 3246 5113 κεῖσθαι
3292 5056 3379 5111 ἐπὶ
3436 5061 3616 5123 πᾶσιν,
3664 5053 3783 5108 ἀλλ’

2157 5149 2382 5205 ἐπὶτῶν
2430 5147 2723 5216 βασιλέων,
2757 5147 2831 5210 ὥς
2880 5169 3060 5226 φησιν,
3114 5148 3427 5222 ὑποχωρεῖν
3474 5145 3562 5198 καὶ
3611 5161 3781 5197 καινο·

2155 5242 2474 5311 τομεῖσθαι.
2528 5237 2628 5295 Καὶ
2659 5243 2765 5292 ποῦ
2818 5238 2880 5292 τὸ
2928 5243 3034 5293 τῶν
3098 5236 3368 5312 βασιλέων
3417 5230 3780 5308 Εὐαγγέλιονς

2159 5325 2312 5383 Ἀλλ’
2345 5326 2515 5390 ὄντως
2547 5322 2850 5398 ἠσεϐήκασι
2883 5327 3028 5394 λίαν,
3070 5328 3145 5399 μή
3180 5326 3468 5394 συνιέντες,
3510 5321 3594 5378 δτι
3635 5320 3781 5379 Θεὸς

2157 5419 2513 5492 πρόσωπον
2571 5419 2922 5491 ἀνθρώπου
2953 5417 3024 5472 οὐ
3069 5411 3439 5489 λαμϐάνει,
3495 5412 3632 5468 καθὰ
3684 5407 3776 5485 ἔφη

2160 5510 2187 5564 6
2216 5509 2362 5582 ἱερὸς
2409 5507 2787 5570 Ἀπόστολος·
2842 5503 2973 5581 μηδ’
3021 5506 3106 5561 δτι
3137 5506 3165 5560 6
3198 5503 3360 5568 αὐτὸς
3401 5501 3469 5558 δι’
3515 5501 3636 5563 Mc
3683 5500 3782 5554 τῶν

2368 5692 2411 5730 ¹²
2430 5691 2616 5749 Galat.
2660 5695 2721 5762 Ii,
2750 5694 2806 5747 6.
