4084 6284
343 362 496 423 1085

1615 346 2174 411 EPISTOLARUM
2216 347 2363 409 LI'B.
2410 349 2459 412 Ι.

3581 348 3749 413 10%?

339 494 666 569 προφητῶν,
714 483 1021 554 ταλανίζων
1070 481 1288 549 αὐτοὺς,
1340 478 1525 569 λέγει·
1593 476 1985 569 ξγμεῖςΔοῦκ

2106 481 2255 550 ipsos
2281 479 2592 552 increpans
2639 482 2763 538 ait:
2813 483 2918 539 Vos
2956 498 3066 538 non
3108 485 3362 539 servastis
3401 485 3519 540 vias
3565 498 3736 549 meas,

340 563 708 649 ἐφυλάξατε
761 578 872 637 τας
924 573 1119 633 ὁδούς
1193 591 1337 643 μου,
1385 568 1537 623 ἀλλ’
1588 563 1986 639 ἐλαμϐάνετε

342 647 663 744 πρόσωπα
692 666 754 721 ἐν
786 667 989 735 νόμῳ.
1016 660 1353 735 ΟὖχὶΘεὸς
1389 660 1482 719 εἷς
1514 653 1757 711 ἔκτισεν
1787 658 1987 727 ὑμᾶς;

343 758 512 832 Οὐχὶ
546 758 765 829 Πατήρ
799 756 893 815 εἷς
931 754 1184 806 πάντων
1228 748 1436 819 ὑμῶν;
1464 746 1662 821 Γράφει
1686 743 1741 798 δὲ
1773 747 1862 799 καὶ
1887 753 1988 799 Σο-

345 848 540 919 λομὼν
572 842 1091 899 τάδε”Ακούσατε
1117 834 1716 911 οῦν,βασιλεῖς,καί
1742 834 1986 889 σύνετε.

344 936 448 994 Καὶ
486 931 944 1006 μεθ’ἓτερα·”οτι
974 930 1297 1001 ὑπηρέται
1331 924 1516 985 ὄντες
1546 929 1663 991 τῆς
1693 927 1805 977 τοῦ
1832 922 1990 995 Ὑψί-

347 1046 503 1080 στου
537 1020 911 1097 βασιλείας,
950 1015 1385 1089 οὐκὲκρίνατε
1416 1013 1649 1087 ὀρθῶς,
1681 1009 1829 1065 οὐδὲ
1859 1009 1988 1088 ἐφυ-

345 1113 585 1184 λάξατε
613 1111 838 1181 νόμον,
874 1104 1025 1161 οὐδὲ
1056 1105 1217 1161 κατὰ
1245 1104 1361 1171 τὴν
1398 1100 1647 1176 βουλὴν
1678 1104 1792 1153 τοῦ
1826 1105 1985 1155 Θεοῦ

345 1201 766 1275 ἐπορεύθητε.
792 1201 1099 1271 Φρικτῶς
1125 1195 1230 1247 καὶ
1264 1190 1519 1269 ταχέως
1553 1189 1983 1258 ἐπιστήσεται

350 1293 524 1361 ὑμῖν,
558 1288 655 1342 ὅτι
687 1287 906 1361 κρίσις
941 1284 1284 1353 ἀπότομος
1318 1280 1381 1334 έν
1410 1284 1552 1339 τοῖς
1587 1277 1985 1356 ὑπερέχουσι

344 1380 626 1454 γίνεται.
676 1375 761 1434 Οὐ
820 1376 941 1450 γὰρ
1001 1370 1476 1426 ὑποστελεῖται
1539 1364 1893 1441 πρόσωπον
1960 1368 1986 1418 6

345 1470 599 1523 πάντων
637 1464 933 1533 Δεσπότη
954 1461 1187 1523 ς.ῐ1άλιν
1206 1460 1262 1514 δὲ
1283 1458 1478 1515 δτικαὶ
1511 1458 1639 1512 ὅλον
1660 1458 1721 1510 τὸ
1756 1454 1987 1532 Εὑαγγέ-

348 1557 468 1612 λιον
488 1555 576 1610 διὰ
590 1560 694 1610 τῶν
716 1554 1032 1633 φθασάντων
1053 1553 1403 1622 παρανομιῶν
1434 1549 1780 1616 ἠθετήκασιν.
1802 1545 1846 1597 ὦ
1871 1545 1990 1616 ἱερὰ

346 1646 438 1699 καὶ
471 1644 581 1699 Θεία
599 1631 834 1721 κορυφή·
857 1641 971 1695 ἐπεὶ
993 1640 1083 1694 καὶ
1108 1638 1158 1693 ἐν
1184 1637 1360 1707 ἀνόμη
1373 1657 1446 1705 μα
1467 1635 1621 1709 ἀρκεῖ
1640 1634 1731 1687 τὸν
1749 1631 1987 1686 καθόλου

344 1736 517 1803 νόμον
559 1735 868 1807 ἀνατρέψαι.
906 1736 1074 1785 [Ιᾶσαι
1105 1729 1205 1803 γὰρ
1239 1725 1502 1795 ἀλλήλων
1548 1720 1786 1798 ἔχονται,
1821 1724 1983 1795 φησὶν

348 1828 377 1880 6
413 1824 576 1899 μέγας
621 1822 926 1888 Βασίλειος,
964 1821 1017 1873 αἱ
1071 1816 1319 1871 ἐντολαί·
1372 1817 1444 1875 ὡς
1491 1813 1542 1867 ἐν
1593 1817 1662 1885 τῇ
1705 1811 1856 1867 λύσει
1887 1818 1986 1878 τῆς

352 1920 503 1987 μιᾶς,
534 1914 620 1967 καὶ
654 1913 747 1973 τὰς
777 1910 972 1971 λοιπὰς
1002 1908 1051 1981 ἐξ
1086 1908 1324 1981 ἀνάγκης
1364 1902 1854 1981 συγκαταλύεσθαι·
1886 1902 1986 1955 οὐκ

347 2005 400 2073 ἐξ
444 2005 636 2059 ἑαυτοῦ
681 2002 863 2068 τοῦτο,
911 1996 1038 2053 ἀλλ’
1085 1998 1143 2051 ἐκ
1189 2001 1286 2051 τοῦ
1330 1995 1695 2073 φθεγγομένου
1746 1991 1797 2045 έν
1843 1989 1987 2060 αὐτῷ

348 2096 589 2166 Χριστοῦ
623 2089 795 2165 λέγων
822 2109 834 2121 ·
860 2090 917 2149 ὅς
946 2109 1100 2165 φησι,
1139 2091 1262 2145 Πᾶς
1295 2086 1321 2138 6
1355 2083 1528 2138 λύων
1566 2081 1716 2152 μίαν
1744 2084 1868 2134 τῶν
1902 2080 1988 2132 έν-

347 2181 563 2236 τολῶν
595 2180 844 2234 τούτων
882 2183 1012 2233 τῶν
1044 2175 1446 2250 ἐλαχιστων,
1482 2173 1665 2231 οὗτος
1716 2168 1990 2242 ἐλάχισ-

348 2292 457 2332 τος
493 2270 905 2338 κληθήσεται
938 2265 997 2319 έν
1029 2269 1106 2337 τῇ
1144 2262 1455 2337 βασιλείᾳ
1485 2265 1609 2314 τῶν
1651 2260 1986 2329 οὐρανῶν·

352 2359 610 2427 δηλονότι
668 2356 1068 2429 ἀπολλύμενος.
1114 2354 1212 2408 Καὶ
1271 2354 1298 2407 6
1358 2351 1634 2410 θεσπέσιος
1692 2344 1987 2408 Ἰάκωϐος·

349 2445 1099 2521 “Οστις,φησὶ,τελέγει
1152 2443 1314 2497 ὅλον
1370 2442 1478 2495 τὸν
1537 2439 1768 2510 νόμον,
1810 2437 1992 2492 πταί-

354 2558 451 2593 σει
481 2536 545 2592 δῖε
575 2536 635 2591 ἐν
664 2536 778 2604 ἑνὶ,
812 2534 1043 2610 γέγονε
1072 2532 1331 2585 πάντων
1370 2522 1630 2603 ἔνοχος.

424 2625 726 2682 Λελύκασιν
760 2622 855 2678 οῦν
887 2622 1127 2677 Παλαιὰν
1157 2620 1392 2675 καὶΝέαν
1416 2616 1991 2689 Διαθήκην,ῶμάκαρ,

355 2715 444 2772 διὰ
489 2724 587 2784 τῆς
643 2715 875 2783 λύσεως,
924 2713 984 2766 οὗ
1037 2716 1143 2766 τῶν
1194 2709 1524 2788 ἐλαχίστων,
1573 2705 1718 2762 ἅλλὰ
1759 2705 1847 2759 καὶ
1889 2708 1995 2759 τῶν

359 2806 627 2883 μεγίστων
656 2802 887 2858 ἐντολῶν
922 2800 1118 2870 Κυρίου
1142 2821 1153 2831 ·
1187 2800 1355 2872 νόμον
1388 2798 1522 2852 κατὰ
1556 2796 1730 2868 νόμου
1772 2794 1998 2868 εὐαγγε-

352 2895 514 2950 λικοῦ
547 2893 900 2954 ἐκτεθεικότες
942 2892 991 2945 οἱ
1023 2887 1355 2955 τάλανες,τὸ
1394 2886 1655 2962 βούλημα
1695 2889 1802 2939 τῶν
1841 2884 1995 2957 βασιο

356 2985 491 3041 λέων
523 2983 828 3058 προκρίνειν
859 2986 993 3037 Θεοῦ
1034 2981 1236 3034 ὁπόταν
1274 2977 1580 3053 βούλοιντο.
1605 2976 1907 3033 Βοῦλονται
1942 2971 2000 3027 δὲ

352 3076 515 3130 ἄλλοι
538 3072 801 3142 ἄλλο,καὶ
833 3070 1037 3126 ἄλλοτε
1066 3068 1393 3129 ἄλλως.Καὶ
1425 3064 1513 3120 δια
1533 3070 1695 3119 τοῦτο
1719 3064 1993 3136 ἀνατροπὴ

352 3169 449 3218 τοῦ
493 3164 711 3232 παντὸς,
761 3162 927 3234 μέχρι
973 3162 1068 3214 τοῦ
1115 3154 1493 3231 Ἀντιχρίστου
1537 3171 1550 3183 ·
1610 3155 1697 3207 καὶ
1760 3152 1995 3207 ἐντεῦθεν

353 3253 601 3320 εἰκότως,
643 3254 678 3320 ἡ
738 3249 1010 3322 λεγομένη
1068 3249 1192 3321 παρ’
1252 3246 1435 3306 αὐτοῖς
1494 3244 1597 3297 ὕπὸ
1637 3247 1733 3297 τοῦ
1782 3247 1998 3297 Σατανᾶ

355 3341 665 3413 οἰκονομία,
724 3339 1291 3414 προσαγορευθήσεται
1353 3334 1764 3412 Ἀντιχριστική
1860 3352 1999 3405 προ·-

355 3430 575 3504 δρομια.
612 3429 742 3504 Περὶ
799 3428 904 3505 γὰρ
962 3421 1316 3499 παραϐάσεως
1363 3424 1626 3483 κανόνων,
1667 3424 1719 3476 τί
1773 3420 1854 3475 δεῖ
1910 3422 1999 3474 καὶ

355 3521 571 3596 λέγεινς
632 3518 825 3574 Ὁπότε
905 3517 1005 3590 γὰρ
1063 3521 1159 3571 τοῦ
1222 3512 1554 3589 Εὑαγγελίου
1614 3510 1999 3586 ἀποτροπάδην

357 3611 551 3680 ἦλθον,
586 3607 767 3683 σχολή
800 3607 923 3681 περὶ
956 3608 1130 3660 αὐτῶν
1166 3606 1492 3680 φροντίζειν.
1530 3602 1625 3656 Καὶ
1662 3604 1688 3656 6
1733 3603 1825 3673 μὲν
1869 3600 1997 3662 Θεὸς

359 3699 450 3754 διὰ
502 3703 598 3752 τοῦ
646 3698 935 3773 προφήτου
980 3692 1105 3749 τάδε
1157 3695 1320 3769 φησί·
1371 3691 1564 3747 Δώσω
1593 3692 1709 3758 τὴν
1764 3687 2002 3744 κλεῖδα

356 3788 547 3844 οἶ¹κου
579 3784 778 3843 Δαυλίδ
814 3786 917 3840 ἐπὶ
947 3789 1064 3838 τοῦ
1096 3779 1277 3855 ὤμου
1312 3782 1540 3836 αὐτοῦ’
1576 3780 1686 3835 καὶ
1727 3779 1997 3849 ἀνοίξει,

356 3878 464 3933 καὶ
516 3877 631 3931 οὐκ
668 3871 851 3930 ἔσται
909 3876 936 3928 6
985 3871 1392 3927 ἆποκλείων’
1436 3870 1543 3925 καὶ
1591 3868 1995 3937 κλείσει,καὶ

356 3970 478 4024 οὐκ
515 3964 695 4021 ἔσται
740 3967 768 4020 6
812 3966 1114 4037 ἀνοίγων.
1149 3964 1210 4017 Οἱ
1263 3959 1318 4016 δὲ
1358 3960 1637 4027 ἀντιθέως,
1667 3958 1745 4036 ἐφ’
1779 3960 1857 4020 οἷς
1903 3960 1995 4030 μὲν

356 4059 592 4128 ἤνοιξεν,
624 4053 969 4121 ἀπέκλεισαν,
1002 4052 1331 4125 καθήραντες
1385 4050 1514 4110 τοὺς
1548 4048 1886 4107 ἀνευθύνους,
1923 4048 1998 4109 ὡς

359 4144 503 4199 δοκεῖ
532 4145 740 4209 αὐτοῖς,
774 4140 900 4197 ἀλλ’
940 4141 999 4194 οὐ
1032 4140 1148 4210 Θεῴ
1173 4159 1183 4171 ·
1218 4138 1298 4213 ἐφ’
1332 4140 1411 4199 οἷς
1447 4135 1503 4191 δὲ
1551 4132 1807 4205 ἔκλεισεν,
1841 4134 2000 4205 ἤνοι-

356 4239 447 4309 ξαν
489 4231 977 4307 προχειρισάμενοι
1038 4228 1164 4290 τοὺς
1234 4226 1635 4285 ὑποπίπτοντας
1694 4227 1999 4298 καθαιρέσει

357 4325 673 4397 θεοκρίτως,
707 4323 841 4389 ἅπαξ
883 4321 1019 4394 πρὸς
1062 4320 1123 4374 τὸ
1174 4319 1359 4377 αὐτοῖς
1400 4316 1592 4371 δοκοῦν
1639 4318 1725 4370 καὶ
1776 4317 1999 4389 ἀρέσκον

354 4414 751 4487 ἀποχρώμενοι
783 4409 863 4464 ἀεὶ
896 4407 1226 4469 δεσποτικῶς
1275 4412 1390 4470 τοῖς
1440 4408 1608 4478 ἰεροῖς
1656 4406 1873 4461 κανόσιν
1928 4407 2001 4466 ὡς

359 4503 654 4576 ὑπηρέταις
698 4500 788 4554 καὶ
840 4495 1212 4557 ὑποδουλίοις.
1246 4501 1420 4550 Ταῦτα
1466 4498 1565 4561 τῆς
1606 4501 1999 4569 Μοιχειανικῆς

2093 570 2185 626 sed
2226 571 2510 641 accepticis
2562 573 2767 640 faciem
2811 575 2877 628 in
2926 574 3061 641 lege.
3114 573 3372 644 Nunquid
3434 590 3545 629 non
3600 576 3738 630 Deus

2094 676 2239 714 unus
2255 664 2457 715 creavit
2484 678 2584 715 vos
2607 662 2633 716 ?
2657 662 2910 733 nunquid
2962 679 3070 718 non
3100 670 3254 733 pater
3295 679 3437 717 unus
3484 665 3732 718 omnium

2093 754 2349 803 vestrum
2380 748 2461 804 “‘l
2493 751 2765 805 Salomon
2800 758 2988 806 autem
3017 752 3107 806 bis
3128 752 3318 807 verbis
3351 768 3365 806 :
3402 751 3597 807 Audite
3643 769 3738 807 re-

2092 853 2201 907 ges,
2233 845 2286 892 et
2315 838 2607 907 intelligite
2660 840 2723 895 ¹⁶.
2756 840 2824 894 Et
2884 846 3015 909 post
3072 839 3223 894 alia:
3293 844 3567 912 Quoniam
3613 857 3738 896 cum

2095 926 2283 981 essetis
2306 926 2551 982 ministri
2581 930 2738 996 regni
2765 928 3045 995 altissimi,
3086 944 3196 983 non
3238 934 3383 984 recte
3420 930 3735 999 judicastis,

2092 1029 2191 1067 nec
2236 1013 2539 1069 custodistis
2596 1015 2790 1083 legem,
2819 1031 2995 1086 neque
3051 1016 3347 1071 secundum
3393 1018 3734 1073 voluntatem

2096 1103 2191 1156 Dei
2246 1103 2589 1157 ambulastis.
2650 1104 2921 1158 Horrenda
2975 1109 3027 1159 et
3054 1104 3163 1159 cito
3222 1108 3517 1175 apparebit
3543 1108 3736 1162 vobis:

2095 1192 2349 1260 quoniam
2410 1192 2685 1259 judicium
2723 1192 3084 1247 durissimum
3124 1195 3184 1247 in
3238 1194 3323 1248 his
3365 1197 3459 1264 qui
3488 1199 3741 1264 praesunt

2094 1281 2206 1349 ﬁet.
2255 1281 2370 1335 Non
2423 1283 2572 1335 enim
2600 1282 2875 1337 subtrahet
2936 1298 3223 1352 personam
3268 1285 3596 1354 cujusquam
3636 1287 3739 1339 Do-

2093 1370 2282 1422 minus
2319 1372 2563 1423 omnium
2588 1371 2648 1423 ¹⁶.
2680 1371 2805 1424 Jam
2839 1387 2969 1426 vero
3001 1372 3148 1437 quod
3181 1377 3238 1425 et
3265 1376 3453 1426 totum
3482 1374 3739 1443 Evange-

2098 1459 2240 1512 lium
2296 1457 2532 1512 nefariis
2585 1460 2744 1513 ausis
2793 1457 3100 1519 violarunt,
3162 1477 3194 1513 ο
3227 1476 3457 1515 sacrum
3496 1466 3552 1515 et
3592 1463 3735 1515 divi-

2098 1563 2237 1600 num
2281 1554 2474 1616 caput,
2518 1547 2892 1602 manifestum
2952 1554 3063 1616 est,
3099 1550 3389 1619 siquidem
3441 1559 3737 1621 peccatum

2095 1636 2313 1690 sufﬁcit
2342 1636 2412 1690 ad
2444 1637 2814 1691 evertendam
2847 1642 3029 1693 totam
3080 1637 3287 1707 legem.
3320 1640 3527 1693 Omnia
3578 1640 3734 1694 enim

2096 1726 2372 1780 mandata
2401 1732 2602 1780 mutuo
2634 1743 2887 1781 connexa
2935 1733 3091 1793 sunt,
3116 1733 3173 1782 et
3237 1729 3347 1783 sibi
3425 1730 3738 1795 cohaerent,

2100 1814 2177 1868 ait
2214 1830 2458 1885 magnus
2519 1816 2792 1881 Basilius,
2825 1817 2905 1871 ita
2945 1822 3029 1884 ut,
3093 1833 3208 1872 uno
3266 1817 3476 1884 soluto,
3510 1821 3734 1889 reliqua

2098 1902 2273 1957 etiam
2330 1902 2470 1957 solvi
2523 1920 2759 1959 necesse
2819 1906 2932 1960 sit:
2969 1922 3084 1961 non
3143 1921 3210 1960 ex
3268 1923 3330 1962 se
3388 1909 3536 1978 ipso,
3571 1909 3671 1962 sed
3706 1925 3740 1963 a

2095 1991 2321 2045 Christo
2374 1992 2513 2046 dicit
2561 1995 2621 2047 in
2668 1992 2795 2061 ipso
2817 1994 3475 2067 loquente:Quicunque
3514 1996 3740 2051 solverit

2096 2097 2269 2135 unum
2292 2080 2356 2136 de
2391 2082 2670 2136 mandatis
2697 2085 2834 2147 istis,
2859 2085 3123 2150 minimis,
3151 2086 3239 2139 hic
3275 2088 3541 2140 minimus
3595 2101 3743 2141 voca-

2097 2172 2253 2224 bitur
2309 2172 2369 2224 in
2424 2187 2593 2238 regno
2646 2174 2903 2228 castarum
2930 2171 3010 2229 ‘7:
3040 2177 3349 2229 damnatus
3398 2174 3638 2230 scilicet.
3680 2180 3748 2230 Et

2101 2259 2301 2313 beatus
2348 2261 2637 2316 .Iacobus:
2677 2262 3018 2331 Quicunque,
3044 2263 3147 2328 ait,
3199 2269 3372 2318 totam
3430 2265 3602 2334 legem
3628 2279 3745 2320 ser-

2100 2346 2332 2412 vaverit,
2363 2348 2603 2419 oﬂendat
2648 2355 2835 2405 autem
2892 2350 2955 2405 in
2996 2367 3126 2419 uno,
3158 2354 3340 2419 factus
3378 2357 3458 2407 est
3502 2355 3747 2407 omnium

2101 2452 2226 2491 reus
2249 2435 2317 2490 1³.

2173 2621 2476 2678 Solverunt
2511 2622 2709 2694 itaque
2731 2623 2902 2677 Vetus
2933 2628 2990 2678 et
3022 2623 3245 2680 Novum
3280 2626 3735 2696 Testamentum,

2104 2730 2137 2769 ο
2158 2714 2343 2781 beate,
2374 2713 2577 2768 solutis
2627 2729 2740 2768 non
2793 2713 3076 2783 minimis,
3108 2716 3206 2770 sed
3239 2720 3295 2769 et
3333 2716 3603 2772 maximis
3634 2717 3747 2773 Do-

2108 2803 2251 2858 mini
2284 2802 2599 2867 mandatis,
2626 2804 2810 2875 legem
2836 2803 3113 2858 adversus
3143 2805 3536 2876 evangelicum
3563 2807 3746 2878 legem

2107 2891 2539 2964 promulgantes
2574 2891 3009 2962 miseri,regum
3045 2895 3402 2948 voluntatem
3436 2893 3551 2948 Deo
3588 2898 3752 2949 ante-

2106 2983 2253 3036 ferre
2304 2997 2435 3035 cum
2486 2980 2789 3035 voluerint.
2823 2980 3038 3035 Volunt
3090 2987 3281 3036 autem
3341 2981 3437 3037 alii
3471 2982 3649 3052 aliud,
3682 2987 3739 3038 et

2108 3070 2251 3126 alias
2274 3069 2439 3125 aliter
2472 3087 2484 3123 :
2519 3086 2585 3123 ac
2619 3070 2853 3139 proinde
2883 3070 3099 3126 eversio
3149 3071 3214 3125 fit
3252 3071 3516 3126 omnium
3566 3087 3750 3142 usque

2110 3163 2190 3215 Ad
2227 3159 2666 3215 Antichristum.
2702 3158 2862 3214 Unde
2887 3161 3093 3215 merito
3132 3176 3257 3231 quas
3316 3163 3468 3232 apud
3536 3160 3670 3218 illos
3719 3179 3752 3217 a

2108 3252 2323 3307 Satana
2388 3250 2744 3319 dispensatio
2790 3250 3023 3305 dicitur.
3058 3251 3398 3306 Antichristi
3443 3253 3751 3321 praecursio

2109 3340 2423 3395 vocabitur.
2458 3338 2537 3394 De
2567 3354 2853 3393 canonum
2907 3340 3059 3394 enim
3113 3341 3583 3411 pravaricatione
3606 3342 3749 3412 quid

2111 3430 2314 3485 attinet
2343 3428 2501 3499 loqui
2533 3428 2559 3482 ‘I
2588 3431 2731 3483 Cum
2765 3429 2917 3482 enim
2948 3428 3019 3482 ab
3042 3429 3351 3500 Evangelia
3404 3430 3516 3500 ipsi
3566 3430 3750 3486 aversi

2110 3518 2520 3577 discesserint;
2554 3519 2811 3572 otiosum
2843 3520 3023 3572 estde
3066 3517 3180 3572 illis
3209 3534 3430 3573 curare.
3466 3522 3544 3574 Ac
3594 3520 3748 3575 Dens

2110 3609 2344 3677 quidem
2382 3623 2482 3677 per
2512 3606 2855 3676 pr0phetum
2881 3606 2965 3662 sic
2998 3607 3115 3661 ait:
3151 3608 3296 3663 Dabo
3326 3609 3531 3664 clavem
3560 3609 3750 3665 domus

2111 3696 2281 3751 David
2326 3710 2489 3765 super
2542 3696 2825 3750 humerum
2872 3697 2991 3767 ejus
3021 3714 3039 3750 :
3071 3703 3123 3751 et
3168 3700 3397 3765 aperiet,
3430 3704 3484 3752 et
3505 3714 3615 3753 non
3644 3702 3752 3753 erit

2109 3789 2209 3857 qui
2231 3787 2450 3841 claudat
2480 3804 2498 3840 :
2528 3790 2579 3840 et
2608 3787 2842 3853 claudet,
2876 3793 2927 3840 et
2957 3803 3068 3842 non
3112 3789 3220 3842 erit
3268 3788 3365 3858 qui
3410 3790 3621 3858 aperiat
3680 3790 3745 3843 η.

2115 3876 2335 3931 Inimici
2394 3880 2589 3930 autem
2650 3875 2748 3929 Dei
2807 3892 2936 3946 quae
2976 3876 3072 3930 ille
3132 3879 3359 3947 aperuit
3389 3877 3743 3945 clauserunt,

2110 3968 2246 4020 dum
2276 3965 2968 4035 innoxiosdeposuerunt,
3004 3966 3233 4036 utipsis
3259 3967 3493 4037 quidem
3529 3967 3750 4038 placuit

2111 4055 2209 4110 sed
2276 4071 2389 4109 non
2433 4056 2576 4119 Deo;
2611 4069 2740 4124 quae
2798 4070 2929 4107 vero
2980 4054 3209 4117 clausit,
3243 4061 3617 4124 aperuerunt,
3649 4072 3748 4111 eos

2111 4144 2208 4216 qui
2242 4142 2620 4213 depositionis
2653 4159 2876 4209 pmnam
2910 4143 3102 4198 divino
3128 4144 3351 4213 judicio
3396 4150 3750 4212 meruerant,

2110 4233 2433 4288 honoribus
2494 4232 2861 4287 restituentes
2896 4249 2907 4286 :
2943 4237 3138 4303 atque,
3179 4238 3243 4286 ut
3309 4233 3487 4288 semel
3538 4233 3754 4300 dicam,

2112 4322 2292 4377 sacris
2318 4320 2641 4376 canonibus
2673 4322 2738 4376 ad
2764 4321 2957 4376 omnia
2989 4338 3111 4392 quas
3135 4322 3393 4377 arrident
3423 4328 3479 4377 et
3501 4322 3751 4394 placent,

2112 4420 2386 4482 tanquam
2421 4410 2702 4464 ministris
2734 4414 2790 4465 et
2821 4411 3055 4465 famulis
3096 4428 3197 4482 pro
3244 4412 3479 4467 arbitrio
3528 4428 3755 4484 semper

2115 4500 2278 4554 abusi
2314 4504 2473 4553 sunt.
2508 4499 2572 4552 Hi
2606 4508 2741 4554 sunt
2772 4499 3105 4555 Mmcbianre
3154 4500 3437 4557 haereseos
3484 4501 3646 4571 impii
3702 4506 3760 4555 et

352 4590 611 4665 αἱρέσεως
671 4590 737 4643 τὰ
794 4586 969 4658 ἄνομα
1029 4587 1118 4639 καὶ
1167 4580 1332 4652 ἀσεϐῆ
1368 4584 1747 4659 ἐγχειρήματά
1799 4604 1858 4637 τε
1913 4584 1994 4637 καῖ

2116 4589 2319 4659 injusti
2352 4592 2616 4651 conatus,
2652 4589 2768 4642 haec
2820 4604 2992 4657 opere
3027 4606 3039 4643 :
3073 4605 3197 4660 quae
3256 4606 3383 4654 nos,
3410 4598 3469 4645 ut
3530 4590 3757 4645 minimi

354 4678 792 4751 ἀποτελέσματα.
856 4676 954 4729 Καὶ
1012 4678 1179 4729 ταῦτα
1236 4674 1309 4733 ὡς
1367 4672 1631 4746 ἐλάχιστα
1687 4674 1847 4726 τέκνα
1903 4679 2000 4739 τῆς

354 4768 658 4835 καθολικῆς
689 4764 1039 4834 Ἐκκλησίας,
1075 4762 1159 4817 σοὶ
1206 4767 1274 4835 τῇ
1333 4761 1611 4835 πρωτίστῃ
1644 4764 1803 4834 ἡμῶν
1863 4762 2005 4816 ἀπο-

359 4857 593 4929 στολικῇ
677 4858 890 4933 κεφαλῇ
965 4851 1301 4926 ἀναγγεῖλαι,
1370 4852 1506 4905 κατά
1586 4851 1648 4905 τὸ
1715 4851 2002 4923 ἀναγκαῖον

358 4946 849 5021 προεθυμήθημεν.
886 4943 1083 4995 Λοιπὸν
1140 4941 1308 5008 αὐτῆς
1370 4940 1480 4994 ἐστι
1521 4940 1587 4993 σὰ
1630 4941 1824 5013 ἀρεστὰ
1868 4945 2003 5010 Θεῷ,

359 5038 450 5091 καὶ
509 5033 866 5101 διανοηθῆναι
914 5032 1003 5085 καὶ
1045 5031 1262 5103 πρᾶξαι,
1298 5029 1400 5082 ὑπὸ
1451 5029 1768 5101 Πνεῦματος
1826 5030 2002 5104 ἁγίου,

362 5132 438 5190 ὡς
472 5128 554 5181 ἐπ’
587 5124 805 5193 ἄλλοις,
839 5126 929 5178 καὶ
963 5123 1012 5177 ἐν
1054 5120 1191 5193 τῷδε
1221 5120 1546 5192 κινουμένης
1569 5140 1580 5153 ·
1617 5120 1677 5174 οὐ
1714 5123 1820 5193 μὴν
1861 5120 2007 5176 ἀλλὰ

360 5221 451 5273 καὶ
486 5212 907 5284 δυσωπουμένης
940 5212 1159 5283 ἀξιῶσαι
1206 5213 1353 5282 ἡμᾶς
1398 5208 1697 5265 αὐτόλεκτα
1747 5211 1832 5263 καὶ
1885 5212 2005 5264 θεο-

362 5307 615 5380 χάρακτα
660 5303 826 5368 αὐτῆς
885 5299 1179 5373 γράμματα
1247 5296 1510 5367 δέξασθαι,
1568 5300 1702 5352 κατὰ
1770 5296 2002 5371 μίμησιν

360 5400 472 5448 τῶν
528 5389 830 5464 ὁμοζίίλων
882 5388 1052 5455 αὐτῆς
1110 5386 1297 5461 ἁγίων,
1332 5385 1511 5460 ὥσπερ
1542 5390 1629 5440 νῦν
1686 5386 1780 5449 τὰς
1821 5385 2004 5441 πλου-

363 5486 506 5551 σίας,
539 5482 626 5535 καὶ
662 5480 791 5552 ὑπὲρ
827 5481 996 5548 ἡμᾶς,
1031 5473 1232 5547 δωρεὰς
1263 5478 1433 5545 αὐτῆς
1463 5482 1551 5530 καί
1584 5476 1858 5550 εὐλογίας.

1473 5660 1516 5697 ¹⁸
1548 5659 1689 5715 Ibid.
1722 5660 1840 5714 5-8-

438 5666 481 5701 “
511 5662 756 5719 Malach.
781 5662 916 5727 11,9.
997 5660 1042 5697 '5
1079 5660 1208 5731 Sep.
1245 5663 1392 5727 v1,2.

1922 5661 1962 5697 ¹⁷
1988 5659 2189 5716 Matth.
2226 5676 2280 5727 ν,
2321 5660 2403 5713 19.

2116 4678 2219 4732 ﬁlii
2253 4676 2517 4732 Ecclesiae
2550 4677 2869 4743 catholicae,
2902 4677 3005 4731 tibi
3026 4680 3208 4747 primo
3240 4679 3501 4734 omnium
3537 4684 3762 4750 aposto-

2115 4765 2224 4820 lico
2255 4767 2431 4835 capiti
2455 4774 2672 4831 nostro,
2702 4766 2989 4829 nuntiare,
3024 4767 3353 4822 necessario
3409 4768 3758 4831 Optavimus.

2124 4855 2263 4924 Ejus
2284 4860 2373 4908 est
2395 4853 2464 4909 de
2478 4861 2700 4920 caetero,
2725 4871 2853 4925 qua:
2887 4856 2998 4909 Deo
3030 4860 3170 4911 sunt
3202 4855 3408 4926 placita
3422 4872 3487 4911 ex
3507 4857 3760 4927 cogitare

2118 4948 2175 4995 et
2207 4943 2394 4996 facere
2443 4942 2695 5013 Spiritus
2738 4944 3144 5008 sanctiductu,
3177 4961 3366 5015 aquo,
3402 4950 3465 4998 ut
3513 4945 3571 4998 in
3627 4944 3758 4999 aliis

2116 5032 2200 5086 sic
2226 5037 2283 5085 et
2316 5033 2370 5085 in
2399 5033 2506 5087 boo
2538 5048 2790 5104 quoque,
2827 5032 3047 5103 regitur
3078 5041 3134 5088 et
3168 5034 3552 5103 gubernatur:
3588 5035 3757 5105 quin-

2117 5120 2289 5175 etiam
2327 5121 2914 5191 sanctorum,quibus
2944 5121 3097 5177 idem
3130 5122 3287 5177 zelus
3318 5122 3448 5189 fuit,
3467 5124 3753 5194 exemplo,

2116 5211 2349 5281 adduci,
2382 5216 2444 5265 ut
2471 5228 2503 5265 ιι
2533 5227 2594 5266 se
2615 5211 2864 5265 dictatas
2895 5216 2951 5264 et
2996 5211 3272 5267 divinitus
3313 5218 3570 5268 exaratas
3609 5213 3765 5267 litte—

2116 5316 2207 5355 ras
2237 5301 2304 5354 ad
2340 5317 2440 5355 nos
2464 5301 2686 5354 mittere
2719 5300 3008 5371 dignetur,
3042 5301 3195 5355 sicut
3243 5318 3404 5356 nunc
3464 5301 3761 5373 opulenta,

2114 5394 2170 5443 et
2203 5389 2427 5443 meritis
2460 5388 2677 5443 nostris
2708 5390 2924 5458 majora
2942 5390 3070 5458 ejus
3094 5406 3355 5456 munera,
3387 5392 3762 5462 eulogiasque

2116 5496 2477 5550 accepimus.

2484 5660 2526 5695 ί⁸
2556 5660 2680 5717 Jac.
2717 5677 2782 5728 ιι,
2810 5661 2894 5717 10.
2976 5660 3018 5696 ¹⁶
3061 5660 3171 5717 lea.
3199 5676 3337 5725 χχιι,
3360 5661 3452 5717 22.
