4084 6284
386 334 538 400 1097

1625 349 1702 409 S.
1739 348 2137 410 THEODORI
2177 349 2537 414 S’I‘UDI’I‘E

3619 345 3762 409 1028

460 479 683 536 Retulit
697 497 867 552 porro
884 482 1052 538 nobis
1068 482 1221 538 idem
1247 484 1329 538 fra
1339 487 1419 538 ter
1439 485 1640 538 noster
1651 481 1750 554 Epi
1761 483 2008 554 phanius

2215 480 2548 558 Ἄπήγγειλε
2597 479 2653 536 δὲ
2697 484 2836 554 ἡμῖν
2886 479 2914 534 ὁ
2962 477 3120 539 αὐτὸς
3159 475 3391 555 ἀδελφὸς
3421 480 3584 550 ἡμῶν
3614 481 3762 533 Ἐπι-

384 585 418 624 ο
443 568 800 625 divinissime
830 579 1039 638 vertex,
1074 588 1132 628 se
1152 570 1664 640 eXpostulationem
1693 573 1818 641 ejus
1851 588 2019 628 exce-

382 657 535 726 pisse
575 664 808 729 propter
855 659 1346 730 Barsanuphium,
1369 659 1718 731 Isaiamque,
1743 672 1797 716 et
1846 661 2021 716 Doro-

381 744 583 802 theum
625 746 927 803 hereticos
961 766 973 803 :
1009 750 1162 819 quod
1183 765 1279 804 eos
1326 748 1544 804 scilicet
1577 765 1678 820 pro
1718 749 2018 806 catholicis

380 836 748 907 recipiamus.
770 840 832 891 Et
863 837 1026 893 valde
1049 839 1241 893 mirati
1274 855 1498 904 sumus,
1524 838 1574 892 si
1608 855 1712 893 nos
1744 839 2018 907 humiles,

383 924 483 994 qui
517 941 618 994 pro
651 932 806 980 recta
836 926 948 979 ﬁde
979 928 1254 996 patimur,
1280 925 1566 982 hmreticis
1593 926 2015 982 adhereamus.

382 1013 702 1070 Obturetur
729 1031 794 1068 os
815 1030 986 1069 omne
1015 1026 1215 1069 contra
1243 1031 1349 1070 nos
1400 1015 1668 1086 loquens,
1701 1021 1758 1070 et
1795 1016 2016 1071 calum-

383 1103 510 1158 nias
549 1102 922 1158 submittens.
939 1102 1251 1159 Orthodoxi
1271 1121 1499 1170 sumus,
1518 1105 1782 1176 quamvis
1806 1106 2018 1174 alioqui

380 1196 725 1261 peccatores,
757 1207 789 1245 ο
817 1192 1152 1248 beatissime
1185 1208 1198 1246 :
1235 1208 1418 1262 neque
1450 1193 1506 1247 in
1542 1193 1647 1248 hoc
1677 1193 1749 1248 ab
1783 1200 2014 1264 aposto-

377 1278 490 1335 lica
520 1280 630 1334 ﬁde
660 1279 953 1336 ullatenus
989 1281 1414 1352 discrepamus.
1449 1281 1694 1337 Omnem
1727 1285 2014 1354 synodum

378 1369 797 1424 mcumenicam
847 1376 904 1424 et
949 1369 1213 1434 localem,
1247 1370 2018 1442 approbatam,veritatique

377 1464 811 1528 congruentem,
844 1474 970 1513 cum
1005 1459 1224 1514 sanctis
1255 1475 1456 1514 earum
1509 1461 1832 1516 canonibus
1886 1477 2019 1516 am-

377 1545 954 1617 plectimur,omnem
976 1547 1240 1602 haeresim
1273 1554 1330 1602 et
1362 1549 1694 1603 haereticum
1727 1551 2015 1604 detestan—

377 1638 490 1701 tes,
514 1645 686 1707 atque
742 1636 1299 1691 anathematizantes
1357 1638 1676 1692 Anatbema
1733 1638 2017 1692 Barsanu-

376 1723 744 1795 phio,Isaia3,
796 1723 1080 1779 Dorotheo
1137 1730 1194 1778 et
1251 1724 1541 1791 Dositheo,
1583 1742 1729 1796 quos
1776 1733 2015 1782 sanctus

377 1813 1262 1881 Sephroniusanathematizavit
1293 1813 1358 1867 ³ο.
1394 1815 1502 1869 Sed
1536 1821 1593 1870 et
1623 1817 1671 1871 si
1704 1815 1837 1886 quis
1861 1817 2014 1873 alius
2043 1847 2090 1912 B

377 1901 586 1957 horum
611 1901 975 1970 cognominis
1007 1903 1216 1970 pariter
1249 1902 1571 1971 haereticus,
1605 1919 1803 1959 eorum
1832 1906 2009 1960 hisre-

377 1989 490 2045 sim
530 1989 614 2045 vel
645 1990 817 2045 aliam
861 1990 1173 2060 quamlibet
1214 2007 1484 2062 sequens,
1519 1994 1639 2048 sive
1683 1994 2011 2064 episcOpus,

377 2080 493 2134 sive
516 2079 855 2143 monachus,
875 2077 960 2132 vel
984 2080 1317 2150 quicunque
1338 2080 1573 2135 demum
1589 2081 1694 2149 sit;
1717 2083 2016 2138 anathema

377 2177 518 2223 esto.
540 2167 750 2237 Siquis
783 2169 920 2222 item
981 2173 1327 2238 Opportune,
1363 2174 1424 2223 ut
1469 2171 1755 2230 convenit.
1781 2187 2012 2227 omnem

375 2255 708 2311 haereticum
742 2272 857 2310 non
878 2257 1349 2324 anathematizat,
1366 2259 1626 2328 ejusdem
1663 2260 1836 2314 sortis
1867 2265 2011 2315 esto.

375 2343 493 2399 Nos
522 2345 675 2400 enim
705 2343 834 2414 puri
865 2361 1066 2399 sumus
1095 2345 1166 2399 ab
1209 2347 1369 2400 omni
1419 2347 1686 2402 heretica
1741 2348 2015 2419 opinione

376 2435 784 2489 sanctissimus
827 2433 1094 2502 precibus
1131 2436 1239 2499 tui,
1266 2435 1721 2505 religiosissime.
1758 2439 2015 2508 Denique

375 2522 484 2577 hoc
513 2523 688 2577 etiam
721 2521 1143 2593 significamus,
1167 2525 1394 2578 tametsi
1429 2525 1487 2578 in
1535 2525 1800 2595 epistola,
1833 2542 2010 2596 quam

375 2627 476 2682 per
505 2611 870 2666 Eustathium
892 2612 1127 2666 fratrem
1157 2613 1450 2680 misimus,
1469 2613 1862 2684 significatum
1899 2632 2010 2670 non

375 2701 473 2763 sit,
498 2716 602 2754 nos
624 2716 726 2769 per
742 2699 1131 2770 Epiphaniam
1155 2717 1316 2756 sacro
1334 2703 1528 2756 vertici
1556 2716 1651 2758 tuo
1683 2703 2009 2772 scripsisse:

371 2805 742 2860 nequaquam
768 2792 1071 2844 mentitum
1095 2789 1270 2845 fuisse
1303 2790 1689 2862 Epiphaniam
1707 2809 1720 2846 :
1739 2809 1830 2847 res
1854 2795 2009 2848 enim

370 2878 432 2933 in
465 2880 617 2933 hunc
646 2880 885 2933 modum
943 2884 1104 2949 gesta
1127 2886 1234 2934 est.
1265 2882 1616 2936 Dederamus
1675 2881 1758 2936 illi
1816 2899 2013 2938 revera

370 2967 673 3038 epistolam
718 2985 730 3022 :
768 2974 967 3038 postea
1022 2984 1153 3023 vero
1221 2969 1638 3040 imperantium
1683 2977 1836 3027 metu
1885 2987 2011 3026 eam

369 3056 750 3127 expunximus
787 3075 804 3110 :
842 3056 965 3127 ipse
1005 3057 1409 3125 nihilominus,
1449 3075 1581 3114 cum
1652 3060 1781 3128 ejus
1839 3066 2007 3116 notas

368 3149 608 3211 teneret,
641 3145 836 3200 attulit
865 3147 934 3199 ad
968 3161 1132 3200 sacra
1163 3147 1325 3201 illius
1347 3148 1611 3218 vestigia,
1645 3148 1917 3204 benevole
1949 3149 2005 3205 id

2129 571 2341 648 φάνιος,
2375 572 2626 640 θειοτάτη
2675 569 2913 644 κορυφὴ,
2947 569 3019 628 ὡς
3075 566 3339 642 ἔγκλησιν
3393 565 3605 636 ἐδέξατο
3649 570 3768 642 παρ’

2131 659 2318 728 αὐτῆς,
2367 657 2520 715 ἓνεκα
2587 656 3017 733 Βαρσανουφίου,
3056 654 3280 714 Ἡσαΐου
3342 677 3399 711 τε
3442 656 3532 711 καὶ
3593 666 3766 731 Δωρο-

2127 749 2272 812 θέου,
2320 754 2427 804 τῶν
2487 750 2792 822 αίρετίκῶν,
2848 747 2922 808 ὡς
2983 745 3297 821 δεχομένων
3352 749 3514 818 ἡμῶν
3577 747 3766 808 αὐτοὺς

2131 835 2482 907 ὁρθοδόξους·
2515 839 2604 892 καὶ
2650 837 2789 891 πάνυ
2846 834 3189 910 ἠγάσθημεν,
3223 835 3268 888 εἷ
3298 837 3461 908 ἡμεῖς
3495 835 3549 888 οἱ
3588 855 3765 888 ταπειο

2125 929 2207 980 νοὶ
2256 926 2390 999 ὑπὲρ
2434 923 2748 1000 όρθοδοξίας
2806 925 3132 1002 πάσχοντες,
3181 925 3474 998 αἱρετικοῖς
3521 923 3769 994 προσπά-

2129 1033 2359 1090 σχομεν.
2393 1013 2812 1090 Ἐμφραττέσθω
2843 1017 2944 1068 πᾶν
2989 1013 3051 1066 τὸ
3100 1013 3220 1066 καθ’
3249 1013 3411 1082 ἡμῶν
3459 1007 3769 1066 ὑποϐάλλον

2125 1105 2214 1158 καὶ
2267 1108 2630 1181 συκοφαντοῦν
2681 1105 2876 1174 στόμα.
2931 1100 3244 1176 Ὀρθόδοξοί
3297 1101 3478 1173 ἐσμεν,
3529 1101 3626 1156 κᾶν
3676 1099 3768 1157 ἆλ-

2129 1193 2240 1254 λως
2290 1192 2635 1264 ἁμαρτωλοὶ,
2667 1194 2711 1246 ὧ
2757 1192 3165 1266 μακαριώτατε’
3195 1188 3324 1262 μηδ’
3357 1192 3541 1245 ὁτιοῦν
3589 1191 3768 1266 ὕφεσιν

2127 1281 2345 1355 ἔχοντες
2397 1281 2448 1336 ἐν
2497 1281 2675 1352 τούτῷ
2722 1285 2822 1349 τῆς
2871 1279 3244 1348 άποστολικῆς
3295 1280 3567 1343 πίστεως·
3601 1285 3767 1334 πᾶσαν

2129 1368 2350 1425 σύνοδον
2401 1371 2786 1442 οἶκουμενικήν
2836 1389 2895 1423 τε
2939 1368 3026 1424 καὶ
3078 1369 3335 1437 τοπικὴν,
3387 1367 3766 1444 ἒγκεκριμῶιην

2125 1463 2193 1531 τῇ
2236 1457 2485 1529 ἀληθείᾳ,
2524 1459 2656 1530 μετὰ
2703 1463 2810 1512 τῶν
2862 1457 3181 1512 ἐκτεθέντων
3240 1455 3427 1519 αὐταῖς
3471 1457 3642 1532 ἁγίων
3677 1477 3766 1510 κα-

2126 1548 2291 1602 νόνων
2343 1547 2728 1620 ἀσπαζόμενοι,
2778 1548 2868 1601 καὶ
2933 1550 3106 1600 πᾶσαν
3151 1545 3374 1616 αἵρεσιν,
3423 1545 3514 1601 καὶ
3567 1546 3767 1615 αἱρετι-

2125 1638 2220 1692 κὸν
2257 1636 2670 1710 μυσαττόμενοι,
2700 1636 2789 1691 καὶ
2839 1635 3338 1708 άναθεματίζοντες.
3379 1635 3479 1690 Καὶ
3530 1633 3771 1707 ἀνάθεμα

2127 1725 2537 1800 Βαρσανουφίῳ,
2599 1724 2813 1793 Ἦσαΐα,
2870 1725 3131 1798 Δωροθέῳ
3205 1746 3264 1780 τε
3331 1725 3421 1779 καὶ
3510 1724 3767 1795 Δοσιθέῳ,

2125 1816 2226 1869 ὑπὸ
2282 1821 2398 1877 τοῖς
2455 1820 2551 1870 τοῦ
2609 1815 2769 1892 ἁγίου
2847 1814 3162 1892 Σωφρονίου
3248 1813 3768 1886 ἀναθεματισθεῖσιν.

2121 1903 2302 1959 Ἀλλά
2330 1905 2420 1959 καὶ
2451 1902 2622 1966 ἄλλος
2653 1903 2814 1966 εἴτις
2863 1903 2946 1974 εἶή
2999 1902 3217 1964 τούτοις
3267 1903 3567 1974 ὁμώνυμος
3620 1901 3768 1975 ὅμως

2117 1995 2411 2066 αἱρετικὸς,
2443 1993 2580 2048 κατὰ
2627 1994 2727 2060 τήν
2797 1992 3014 2046 ἐκείνων
3076 1991 3300 2064 αἵρεσιν,
3344 1992 3379 2061 ἢ
3433 1991 3642 2065 ἑτέραν,
3672 1989 3765 2043 κᾶν

2117 2081 2432 2149 ἐπίσκοπος,
2495 2081 2591 2136 κᾶν
2669 2082 2931 2150 ἀσκητὴς,
3009 2080 3107 2135 κᾶν
3194 2081 3466 2148 ὁστισοῦν,
3527 2079 3766 2150 ἀνάθεμα

2116 2169 2274 2226 ἔστω.
2309 2169 2489 2226 Ἀλλᾶ
2541 2171 2632 2224 καὶ
2672 2169 2722 2224 εἷ’
2775 2191 2858 2233 τις
2909 2171 2984 2240 μή
3055 2170 3438 2242 ἀναθεματίζοι
3499 2167 3763 2240 εὐκαίρως

2117 2262 2255 2314 κατὰ
2309 2261 2370 2315 τὸ
2420 2260 2711 2336 ἀναγκαῖον
2770 2260 2939 2313 πάντα
2991 2259 3278 2332 αἱρετικὸν,
3311 2256 3394 2327 ε’ίη
3435 2265 3540 2326 τῆς
3592 2256 3762 2310 αὐτῶν

2123 2346 2363 2422 μερίδος.
2413 2354 2601 2420 Ἡμεῖς
2657 2350 2760 2424 γὰρ
2817 2347 3044 2421 καθαροί
3102 2346 3260 2419 ἐσμεν
3320 2347 3522 2407 παντὸς
3571 2347 3766 2419 αἱρετι-

2119 2441 2216 2492 κοῦ
2271 2440 2640 2511 φρονήματος,
2698 2438 2888 2512 εὐχαῖς
2964 2457 3059 2490 σου
3126 2436 3467 2510 ἱερωτάταις,
3527 2433 3764 2508 παναγέ-

2120 2549 2298 2583 στατε.
2331 2530 2448 2582 Ἔτι
2485 2529 2590 2600 μὴν
2618 2529 2706 2581 καὶ
2739 2529 2900 2582 τοῦτο
2948 2528 3300 2604 ἀναφέρομεν,
3333 2525 3416 2580 ὅτι
3469 2525 3517 2579 εἷ
3569 2524 3660 2578 καὶ
3712 2522 3761 2577 ἐν

2115 2621 2185 2690 τῇ
2209 2616 2472 2690 ἐπιστολῇ
2504 2620 2664 2688 ἡμῶν
2696 2621 2764 2684 τῇ
2797 2615 2886 2670 διὰ
2914 2620 3011 2670 τοῦ
3057 2612 3294 2692 ἀδελφοῦ
3346 2613 3652 2670 Εὐσταθίου
3706 2612 3764 2666 οὐ

2119 2702 2464 2774 δεδήλωται·
2499 2704 2803 2760 ἐπιστεῖλαι
2834 2707 2980 2776 ἡμᾶς
3020 2709 3088 2776 τῇ
3139 2703 3268 2776 ἁγία
3313 2723 3408 2757 σου
3448 2706 3665 2778 κορυφῇ
3699 2700 3765 2755 δι’

2119 2795 2455 2874 Ἐπιφανίου.
2496 2795 2575 2852 Οὐ
2609 2794 2916 2869 διέψευσται
2953 2795 3265 2872 Ἐπιφάνιος
3292 2814 3304 2825 ·
3345 2793 3435 2846 καὶ
3487 2794 3516 2848 ὁ
3563 2792 3766 2865 τρόπος

2117 2882 2168 2938 ἐι
2213 2884 2413 2956 τούτῳ.
2465 2889 2639 2956 Ἦμεν
2691 2885 2765 2945 ὡς
2813 2883 3034 2954 ἀληθῶς
3085 2880 3411 2944 ἐκδώσαντες
3462 2883 3615 2953 αὐτῷ
3665 2883 3761 2948 τὴν

2117 2971 2436 3044 ἐπιστολὴν,
2488 2975 2578 3027 καὶ
2638 2971 2801 3028 πάλιν
2875 2967 3030 3045 φόϐῳ
3097 2972 3204 3026 τῶν
3264 2971 3612 3044 κρατούντων
3664 2969 3761 3023 ἅπ-

2115 3062 2452 3135 αλείψαντες·
2487 3063 2514 3116 ὁ
2548 3060 2604 3116 δὲ
2633 3058 2777 3137 ἔχων
2809 3065 2917 3116 τῶν
2942 3061 3184 3130 σημείων
3206 3062 3305 3129 τὴν
3339 3064 3566 3134 γνῶσιν,
3597 3060 3762 3134 ἤγαγε

2119 3153 2255 3225 πρὸς
2313 3153 2378 3205 τὰ
2436 3153 2558 3227 ἅγια
2614 3150 2776 3205 αὐτοῦ
2819 3149 2951 3224 ’ίγνη
3001 3149 3275 3227 εὐφρονῶν
3317 3151 3450 3222 μετὰ
3500 3151 3564 3204 τὸ
3603 3147 3761 3220 ἔξορι.

374 3210 931 3304 αςθηε,ίροεῐιιυιιιη
983 3233 1040 3288 in
1074 3235 1342 3290 exsilium
1395 3210 1529 3290 activ
1548 3210 1866 3293 fueramus.
1915 3243 2008 3294 Est

2121 3210 2309 3308 σθῆναι
2357 3210 2525 3311 ἡμᾶς.
2561 3241 2658 3295 Καὶ
2699 3241 2801 3316 γάρ
2853 3210 2961 3294 έστι
3003 3210 3179 3312 στόμα
3234 3210 3334 3307 τῆς
3381 3210 3758 3297 ταπεινώσεως

369 3325 523 3379 enim
551 3339 616 3376 os
637 3323 987 3377 humilitatis
1013 3329 1246 3390 nostra),
1271 3330 1527 3381 etsermo
1545 3326 1917 3394 proficiscens
1939 3344 2008 3383 ex

370 3415 539 3468 corde
569 3416 780 3467 nostro.
815 3412 1002 3476 Quare
1018 3422 1219 3468 sancta
1240 3415 1546 3470 animatua
1571 3432 1642 3470 ne
1663 3417 2007 3472 scandalum

371 3500 702 3571 suspicetur
732 3500 787 3553 in
820 3515 1096 3556 conservo
1147 3507 1341 3557 noster
1400 3519 1499 3574 per
1549 3505 1749 3559 omnia
1788 3505 2010 3560 fidelis-

369 3590 540 3644 simo.
587 3589 776 3644 Frater
823 3593 1020 3643 noster
1065 3590 1539 3662 archiepiscopus
1581 3592 2006 3648 Thessalonica

368 3677 732 3748 supplicibus
753 3678 946 3732 cordis
981 3679 1250 3734 manibus
1280 3681 1655 3735 beatitudinis
1685 3686 1798 3736 ture
1847 3681 2006 3737 salu-

367 3767 646 3821 tationem
679 3771 736 3820 et
764 3768 1034 3836 suscepit,
1067 3771 1124 3821 et
1156 3783 1257 3838 per
1279 3784 1382 3823 nos
1411 3771 1851 3825 sanctissimum
1877 3787 2006 3826 ver-

367 3854 542 3910 ticem
575 3860 738 3909 tuum
764 3855 1174 3910 adorabundus
1205 3856 1435 3911 salutat.

729 3943 957 3999 XXXV.
983 3975 1052 3984 —
1081 3945 1293 4000 Basilio
1323 3947 1639 4016 preposito.

2119 3334 2302 3402 ἡμῶν.
2335 3331 2424 3384 καὶ
2485 3329 2647 3402 λόγος
2701 3328 3110 3405 ἐξερευγόμενος
3161 3332 3260 3393 τῆς
3313 3325 3538 3399 καρδίας
3581 3331 3759 3400 ἡμῶν.

2121 3420 2219 3474 Καὶ
2254 3421 2419 3492 μήτοι
2451 3440 2512 3492 γε
2547 3413 2816 3473 ὑπολάϐοι
2847 3421 2882 3487 ἡ
2917 3416 3043 3494 ἁγία
3075 3438 3171 3471 σου
3203 3419 3358 3491 ψυχή
3393 3413 3693 3471 σκάνδαλον
3713 3413 3761 3469 ἐν

2114 3513 2195 3579 τῷ
2243 3505 2528 3578 συνδούλῳ
2577 3510 2737 3579 ἡμῶν
2790 3504 2904 3563 ὅντι
2949 3506 3257 3579 πιστοτάτῳ
3305 3505 3441 3561 κατὰ
3469 3507 3668 3561 πάντα.
3701 3504 3759 3560 Ὁ

2115 3595 2346 3675 ἀδελφὸς
2405 3599 2565 3668 ἡμῶν
2644 3598 2734 3651 καὶ
2817 3596 3248 3672 άρχιεπίσκοπος
3333 3593 3755 3663 Θεσσαλονίκης,

2113 3686 2326 3747 ὑπτίαις
2379 3684 2606 3760 καρδίας
2667 3686 2822 3763 χερσὶ
2872 3686 2962 3741 καὶ
2990 3682 3208 3754 ἐδέξατο
3238 3686 3336 3752 τήν
3368 3692 3467 3754 τῆς
3501 3684 3761 3757 μακαριό-

2110 3777 2275 3845 τητός
2334 3795 2428 3828 σου
2479 3773 2873 3848 προσηγορίαν,
2904 3774 2994 3830 καὶ
3055 3773 3127 3828 δι’
3160 3776 3319 3846 ἡμῶν
3366 3777 3760 3847 προσκυνητᾶκ

2113 3864 2584 3935 κατασπαζόμενός
2616 3861 2726 3917 ἐστι
2754 3864 2856 3932 τήν
2885 3864 3190 3933 ἱερωτάτην
3225 3884 3320 3917 σου
3351 3865 3620 3938 κορυφήν.

2336 3954 2455 4010 AE'.
2486 3985 2550 3995 —
2587 3952 2917 4024 Βασιλείῳ
2956 3949 3339 4026 ἡγουμένῳ.
3377 3953 3526 4024 [ος’.]

511 4053 820 4104 Theodorus
848 4067 945 4102 suo
975 4058 1029 4102 et
1059 4055 1290 4104 Platonis
1322 4056 1562 4105 hortatur
1594 4057 2013 4170 huncBBasilium
2045 4064 2432 4188 utéa‘gmjuqzsctq'
2451 4078 2568 4114 cum
2601 4064 2729 4126 ipsis
2760 4063 2935 4114 studio
2967 4063 3233 4113 haereticis
3266 4077 3322 4111 se
3352 4069 3613 4124 opponat.

1721 4149 1733 4180 ι
1784 4137 1932 4172 aron.
1967 4138 2056 4175 an.
2183 4162 2195 4181 .
2228 4142 2280 4176 n.
2380 4165 2390 4175 .

1721 4137 1932 4180 (βαι-οη.
1967 4138 2056 4175 an.
2083 4137 2195 4181 6w,
2228 4142 2280 4176 n.
2311 4137 2390 4175 res.

362 4199 573 4252 Basilio
647 4198 1060 4268 religiosissima
1133 4202 1422 4268 praeposito
1451 4208 1504 4256 et
1535 4202 1993 4262 archimandrite

436 4287 638 4354 Romae,
671 4286 830 4341 Plato
878 4286 1106 4342 humilis
1146 4287 1412 4356 inclusus,
1442 4295 1495 4344 et
1555 4291 1855 4348 Theodorus
1899 4297 2001 4348 mi-

431 4381 615 4433 nimus
642 4378 926 4449 presbyter
946 4385 1000 4432 et
1028 4377 1358 4449 prepositus
1383 4379 1712 4437 Studiensis.

2105 4207 2434 4278 Βασιλείῳ
2498 4212 2587 4278 τῷ
2663 4202 3132 4278 εὐλαϐεστάτῳ
3208 4205 3578 4280 ἡγουμένῳ
3655 4205 3754 4258 καί

2180 4293 2682 4371 άρχιμανδρίτῃ
2741 4296 3027 4368 Ῥώμης,
3098 4293 3374 4350 Πλάτων
3447 4293 3756 4351 ταπεινὸς

2180 4381 2598 4458 ἔγκλειστος,
2636 4385 2744 4438 καὶ
2784 4381 3129 4457 Θεόδωρος
3168 4381 3532 4458 ἐλάχιστος
3571 4400 3754 4456 πρεσ-

2179 4470 2460 4547 ϐύτερος
2491 4475 2600 4528 καὶ
2629 4472 3010 4548 ἡγούμενος
3039 4477 3162 4526 τῶν
3199 4468 3544 4527 Στουδίου.

434 4560 676 4615 Litteras
709 4566 956 4628 paternis
987 4562 1310 4618 sanctitatis
1345 4568 1456 4618 tua;
1499 4581 1610 4619 non
1673 4566 1839 4621 aliter
1885 4568 2001 4622 hu-

2179 4546 2360 4626 Οὕτως
2391 4561 2899 4638 ἀπεκαραδοκοῦμεν
2926 4563 2977 4618 οἱ
3015 4561 3261 4616 ταπεινοὶ
3303 4560 3548 4634 δέξασθαι
3579 4582 3752 4637 γραμ-

363 4649 530 4704 miles
560 4651 1061 4719 exspectabamus,
1093 4668 1292 4721 quam,
1333 4658 1483 4707 terra
1517 4655 1718 4709 sitiens
1749 4656 1998 4712 imbrem

362 4755 556 4793 suum.
596 4738 660 4792 Et
717 4743 1026 4808 postquam
1076 4755 1177 4810 spe
1237 4747 1432 4796 nostra
1476 4742 1740 4798 frustrati
1774 4761 2000 4812 sumus,

363 4826 673 4894 doluimus,
707 4833 771 4880 ut
802 4843 903 4896 par
945 4832 1090 4892 erat,
1129 4828 1513 4884 vehementer.
1548 4834 1814 4888 Attamen
1864 4851 1998 4889 cum

363 4930 430 4970 ex
456 4915 780 4986 Epiphanio
830 4915 1208 4972 dilectissimo
1234 4923 1291 4972 et
1324 4918 1606 4973 ﬁdissimo
1649 4920 1768 4976 filio
1809 4929 2001 4977 nostro

363 5021 598 5060 causam
629 5003 1123 5074 cognovissemus,
1151 5005 1306 5076 quod
1348 5007 1626 5063 nimirum
1677 5015 1912 5067 coactus
1942 5011 1996 5064 id

362 5093 624 5156 fecisses,
647 5109 760 5147 non
786 5099 1122 5164 contemptu
1155 5094 1354 5165 aliquo
1390 5101 1656 5152 nostrum
1689 5101 1787 5168 qui
1819 5115 2002 5169 quan-

360 5181 577 5237 tumvis
616 5183 898 5248 tenuium,
927 5183 1194 5252 pietatem
1234 5189 1396 5238 tuam
1461 5185 1845 5243 nihilominus
1901 5191 2000 5245 ob-

361 5287 686 5328 servamus:
709 5271 889 5326 animi
907 5271 1159 5328 dolorem
1177 5276 1581 5343 abstersimus,
1597 5293 2000 5350 summamque

359 5360 617 5416 laatitiam
679 5361 1066 5432 percepimus.
1102 5361 1472 5418 Renuntiavit
1522 5367 1678 5420 enim
1723 5367 1909 5436 nobis,
1944 5376 1998 5425 te

359 5449 630 5505 eumdem
664 5465 810 5514 esse,
845 5451 943 5520 qui
977 5465 1112 5521 erga
1144 5468 1248 5506 nos
1273 5468 1503 5523 semper
1537 5454 1764 5522 fuisses,
1797 5458 1996 5514 atfectu

359 5544 416 5595 et
445 5539 754 5607 charitate;
790 5539 931 5611 quin
954 5541 1150 5612 potius
1181 5556 1294 5598 non
1320 5559 1528 5614 parum
1578 5545 1854 5604 bonitatis
1902 5550 2000 5606 ad-

435 5663 480 5700 “
509 5661 639 5719 Vid.
671 5663 824 5720 intra
852 5665 915 5721 in
944 5665 1229 5722 Theodori
1263 5667 1490 5726 Testem.
1525 5684 1685 5726 num.
1718 5673 1772 5726 4.

2113 4674 2252 4726 ματα
2291 4659 2391 4721 τῆς
2419 4659 2687 4726 πατρικῆς
2720 4673 2816 4706 σου
2857 4651 3163 4721 ὁσιότητος,
3188 4649 3264 4712 ὡς
3317 4657 3389 4724 γῆ
3424 4647 3636 4724 διψῶσα
3663 4648 3750 4702 τὸν

2111 4744 2304 4810 ἑαυτῆς
2363 4742 2534 4798 ὑετόν.
2573 4741 2670 4796 Καὶ
2729 4737 2915 4809 έπειδή
2979 4739 3323 4812 ἀπετύχομεν
3375 4745 3474 4807 τῆς
3505 4735 3748 4796 ἐλπίδος.

2105 4833 2453 4909 ήλγήσαμεν,
2486 4833 2560 4893 ὡς
2608 4831 2670 4884 τὸ
2721 4829 2864 4892 εἰκός
2891 4848 2902 4860 ⁸
2933 4830 3086 4902 ὅμως
3130 4829 3386 4901 μαθόντες
3435 4830 3533 4897 τήν
3581 4827 3748 4882 αἰτίαν

2104 4922 2248 4995 παρὰ
2303 4919 2618 4996 Ἐπιφανίου
2673 4922 2770 4974 τοῦ
2836 4917 3226 4972 ποθεινοτάτου
3277 4915 3368 4971 καὶ
3427 4915 3746 4970 πιστοτάτου

2104 5015 2264 5082 ἡμῶν
2313 5010 2456 5071 υἱοῦ,
2497 5007 2579 5063 ὅτι
2726 5006 3037 5082 ἀναγκαίου,
3087 5006 3174 5060 καὶ
3225 5005 3327 5060 οὐκ
3384 5005 3443 5059 ἐκ
3485 5023 3744 5080 καταφρο·

2104 5103 2525 5171 νήσεως,ἡμῶν
2585 5103 2693 5153 τῶν
2750 5097 2980 5152 εὐτελῶν
3041 5095 3131 5149 καὶ
3184 5094 3304 5150 λίαν
3361 5094 3598 5168 ἐραστῶν
3650 5099 3745 5159 τῆς

2104 5188 2412 5267 θεοφιλείας
2459 5210 2554 5242 σου
2582 5209 2592 5220 ·
2634 5181 3007 5258 μετεϐάλομεν
3048 5185 3111 5240 τὸ
3164 5183 3334 5260 ἄλγος
3376 5191 3477 5252 τῆς
3507 5180 3741 5255 καρδίας,

2105 5281 2276 5356 χαρὰν
2327 5278 2807 5352 προσκτησάμενοι
2853 5274 3235 5345 ἱκανουμένην,
3279 5271 3602 5347 Ἀνήγγειλε
3646 5270 3744 5344 γὰρ

2101 5373 2235 5440 ἡμίν
2275 5369 2368 5422 τὸν
2425 5367 2581 5421 αὐτὸν
2621 5363 2890 5437 διαμένειν
2925 5360 2976 5416 ἒν
3023 5363 3094 5433 τῇ
3133 5362 3270 5434 πρὸς
3325 5364 3472 5432 ἡμᾶς
3523 5359 3740 5415 διαθέσει

2103 5479 2160 5514 τε
2187 5459 2276 5512 καὶ
2307 5456 2530 5530 ἀγάπῃ·
2569 5454 2630 5509 οὐ
2667 5456 2771 5525 μὴν
2801 5450 2946 5507 ἀλλὰ
2993 5451 3083 5505 καὶ
3125 5449 3549 5523 προστιθέμενον
3603 5445 3742 5522 μᾶλ-

2106 5549 2202 5605 λον
2232 5547 2570 5625 ἀγαθότητος
2603 5543 2878 5604 ποικίλοις
2910 5540 3155 5614 τρόποις.
3189 5540 3294 5608 Τὴν
3347 5537 3402 5594 δὲ
3449 5544 3544 5594 τοῦ
3578 5535 3739 5608 ζήλου
