4084 6284
260 380 416 443 1029

1531 363 2087 429 EPISTOLARUM
2128 361 2274 424 LIB.
2322 361 2371 422 Ι.

3497 362 3573 421 10
3590 360 3655 423 30

259 524 362 585 τῆς
419 509 687 574 εὐσεϐείας
746 510 1121 574 διανὰστασιν,
1185 506 1286 573 ὅση
1348 502 1457 558 ἐστὶ
1512 507 1581 577 τῇ
1630 501 1758 578 ἁγίᾳ
1806 522 1898 555 σου

2021 501 2221 571 iecisse
2250 500 2425 556 variis
2460 501 2663 556 modis.
2699 500 2813 557 Zeli
2869 517 3001 556 vero
3060 517 3231 572 quem
3289 518 3394 573 pro
3443 501 3653 573 pietate

263 607 445 680 ψυχῇ,
476 602 902 676 ἐξηγησάμενος,
931 600 1140 671 ἤχησεν
1172 598 1334 667 ἡμῶν
1366 592 1643 670 ἀμφότερα
1672 592 1900 680 τὰγῶτα.

266 694 368 749 Καὶ
419 691 721 765 εὐλογητὸς
772 688 966 762 Κύριος
1013 690 1120 740 τῶν
1175 681 1475 754 δυνάμεων,
1508 682 1535 734 6
1568 679 1788 752 θέμενός
1850 699 1905 732 σε

270 784 323 838 ἓν
383 784 451 853 τῇ
502 780 781 852 πρωτίστη
821 777 929 831 τῶν
987 774 1226 843 πόλεων,
1277 776 1536 848 φωστῆρα
1592 767 1903 839 θεολαμπῆ,

268 870 435 946 λόγον
478 874 622 937 ζωῆς
668 865 936 940 ἐπέχοντα
983 861 1325 940 ἀμφιλαφείᾳ
1367 863 1475 914 τῶν
1522 858 1734 946 ἀγαθῶν
1767 858 1906 930 πρά-

267 945 401 1029 ξεων
434 959 461 1012 ὁ
494 955 620 1018 δοὺς
667 975 751 1009 σοι
785 952 1038 1027 γλῶσσαν
1086 949 1642 1023 ἐλευθεροστομοῦσαν
1679 945 1745 999 τὰ
1790 947 1906 998 θεῖα

267 1055 370 1117 τῆς
401 1043 716 1121 ὀρθοδοξίας
750 1040 1058 1116 διδάγματα
1092 1038 1227 1112 μετά
1259 1035 1475 1111 ὑψηλοῦ
1506 1034 1862 1110 κηρύγματος
1889 1075 1899 1088 .

269 1137 356 1192 Ἐν
386 1136 431 1207 ᾧ
471 1135 559 1189 καὶ
586 1130 1008 1206 παρακαλοῦμεν
1063 1129 1282 1204 βοηθεῖν
1311 1129 1380 1199 τῇ
1411 1125 1529 1179 καθ’
1580 1126 1727 1197 ἡμᾶς
1783 1125 1901 1180 Ἐκ-

268 1223 491 1295 κλησίᾳ,
538 1225 606 1293 τῇ
651 1241 708 1275 τε
758 1219 929 1289 οἰκείᾳ
975 1216 1348 1290 κραταιότητι,
1380 1214 1470 1269 καὶ
1522 1216 1590 1286 τῇ
1640 1212 1775 1286 πρὸς
1812 1212 1902 1265 τὸν

270 1314 568 1387 ἁγιώτατον
620 1307 981 1365 ἀποστολικὸν
1029 1302 1307 1378 μεσιτείᾳ.
1358 1308 1421 1358 Ἦ
1473 1303 1571 1377 γὰρ
1621 1299 1775 1374 ῦμῶν
1823 1301 1907 1354 ἀν-

271 1401 432 1475 δρὶκή
468 1401 603 1474 ὑπὲρ
658 1402 756 1453 τοῦ
804 1396 972 1469 λόγου
1027 1401 1124 1463 τῆς
1168 1392 1427 1462 ἀληθείας
1483 1389 1760 1461 ἐκδίκησις
1810 1393 1906 1453 τῆς

272 1493 361 1547 ὑπ’
402 1489 627 1565 οὐρανὸν
665 1490 764 1550 τῆς
792 1484 1120 1554 Ἐκκλησίας
1176 1480 1409 1556 ὑπάρχει
1453 1478 1764 1553 στερέωσις·
1816 1479 1903 1533 καὶ

270 1583 299 1635 ὁ
358 1581 448 1653 ἀφ’
510 1581 664 1651 ὑμῶν
725 1575 916 1646 ζῆλος,
971 1573 1221 1627 ἀνάπτειν
1278 1573 1506 1641 πέφυκεν
1566 1569 1643 1623 ἀεὶ
1700 1570 1904 1622 ἅπασαν

267 1672 368 1738 τήν
419 1666 710 1740 οἰκουμένη
758 1664 834 1725 εἷς
881 1664 979 1730 τήν
1033 1659 1294 1736 διάπυρον
1338 1659 1388 1713 ἐν
1443 1658 1710 1728 Πνεύματι
1765 1656 1905 1733 ἁγίῳ

266 1762 367 1827 τῆς
397 1757 626 1817 πίστεως
661 1758 819 1827 ἡμῶν
851 1751 1148 1826 ὁμολογίαν
1179 1793 1191 1805 .
1231 1752 1391 1803 Ὥστε
1440 1746 1692 1817 εἰκαζέτω
1742 1767 1837 1801 σου
1869 1749 1903 1815 ἡ

2015 590 2188 660 geris,
2213 597 2429 660 quanta
2459 588 2543 642 vis
2581 594 2636 644 et
2667 589 2990 644 constantia
3030 594 3246 645 sanctas
3302 590 3509 645 animae
3543 596 3652 644 tuae

2016 681 2113 744 sit,
2143 680 2852 739 commemorans,ambas
2886 678 3053 733 nobis
3084 695 3254 734 aures
3290 679 3653 749 implevit.Et

2014 767 2355 823 benedictus
2386 768 2482 835 sit,
2510 769 2782 822 Dominus
2811 767 3118 833 virtutum,
3151 768 3249 837 qui
3284 774 3338 824 te
3368 769 3427 823 in
3460 769 3651 839 prima

2015 855 2302 911 ominium
2317 856 2547 911 civitate
2578 856 2878 912 collocavit
2906 858 3104 912 lumen
3143 858 3423 912 divinitus
3456 874 3656 912 accen-

2016 960 2166 1011 sum,
2197 948 2435 999 verbum
2471 945 2599 1000 vitae
2644 944 3032 1015 proferentem
3088 946 3374 1001 bonorum
3408 962 3650 1017 operum

2014 1033 2404 1089 abundantia:
2467 1034 2562 1103 qui
2622 1033 2884 1105 linguam
2934 1034 3035 1088 tibi
3083 1036 3238 1090 debit
3292 1036 3489 1090 divina
3519 1036 3652 1093 ﬁdei

2013 1123 2339 1178 orthodoxae
2371 1123 2721 1178 documenta
2751 1122 2930 1179 libere
2963 1124 3231 1194 celsoque
3290 1126 3485 1181 animo
3543 1126 3656 1182 (10'

2013 1217 2306 1284 quentem.
2334 1212 2399 1267 In
2433 1228 2546 1282 quo
2568 1223 2621 1266 et
2648 1218 2705 1268 te
2734 1214 3121 1279 obtestamur,
3154 1229 3320 1285 opem
3378 1217 3526 1269 ferre
3557 1219 3655 1271 lic-

2015 1300 2202 1356 clesiaa
2262 1306 2469 1356 nostra
2550 1306 2676 1356 tum
2750 1307 2948 1372 tuopte
3013 1304 3235 1367 robore,
3287 1307 3413 1358 tum
3501 1305 3652 1374 apud

2014 1390 2451 1446 sanctissimum
2513 1390 2899 1461 apostolicum
2962 1392 3392 1447 intercedendo.
3428 1393 3649 1447 Etenim

2014 1479 2197 1535 virilis
2229 1485 2417 1535 vestra
2437 1497 2540 1551 pro
2568 1481 2800 1537 veritate
2832 1481 3502 1547 concertatio,universas
3522 1499 3653 1553 quas

2013 1568 2123 1624 sub
2180 1569 2320 1624 ccelo
2374 1576 2463 1624 est
2505 1570 2769 1625 Ecclesiae
2822 1570 3251 1627 ﬁrmamentem
3293 1577 3425 1629 est:
3462 1578 3515 1628 et
3548 1574 3648 1644 qui

2012 1673 2046 1711 a
2067 1657 2229 1711 vobis
2262 1658 2447 1711 oritur
2474 1658 2654 1725 zelus,
2681 1675 2911 1728 semper
2948 1664 3133 1714 totum
3165 1662 3364 1715 orbem
3393 1661 3540 1716 solet
3574 1663 3644 1716 ad

2014 1744 2329 1800 ferventem
2363 1746 2421 1801 in
2453 1746 2670 1818 Spiritu
2703 1753 2903 1803 sancto
2936 1748 3069 1803 ﬁdei
3102 1754 3311 1804 nostraa
3335 1751 3651 1805 confessio—

270 1843 567 1919 θεοσέϐεια,
599 1846 723 1908 ὅσος
753 1846 780 1898 6
814 1843 982 1916 λόγος
1013 1843 1140 1914 ὑμῖν
1188 1844 1284 1894 τοῦ
1315 1845 1415 1907 τῆς
1463 1833 1737 1898 εὐσεϐείας
1781 1836 1906 1909 κρά-

2021 1850 2147 1889 nem
2176 1836 2506 1892 accendere.
2532 1836 2720 1899 Quare
2767 1837 3040 1907 conjiciat
3070 1838 3271 1910 religio
3294 1844 3413 1906 tua,
3439 1847 3657 1911 quanta

2021 1923 2363 1944 ___L,_______
2407 1924 2535 1944 .1.“-
2847 1935 2885 1944 μ.
3085 1931 3098 1944 .
3162 1927 3174 1944 ι
3241 1943 3246 1944 ,
3382 1928 3423 1944 η

266 1956 431 2000 τους·
491 1935 579 1991 καὶ
632 1935 833 1994 ὁπόσος
892 1933 920 1986 6
976 1928 1191 1991 ἓπαινος
1251 1929 1355 1983 ἀπὸ
1414 1932 1545 1983 Θεοῦ
1603 1928 1737 1999 μετά
1792 1931 1898 1981 τῶν

268 2027 430 2099 ἀξίων
463 2018 711 2097 ἁμοιόῶν
746 2021 799 2076 ἐν
829 2024 897 2093 τῇ
935 2024 1137 2087 ταῦτης
1170 2015 1384 2093 φυλακῇ
1433 2018 1519 2070 καὶ
1576 2015 1898 2090 ἀναῤῥήσει·

267 2115 335 2184 ἢν
363 2116 451 2170 καὶ
484 2113 807 2191 φυλάττοιτε
835 2109 925 2165 καὶ
955 2108 1243 2182 κηρύσσειν
1278 2106 1338 2160 οὐ
1382 2106 1629 2180 λήγοιτε,
1665 2106 1715 2159 οἱ
1755 2104 1899 2158 θειό-

264 2226 421 2260 τατοι
452 2204 541 2258 καὶ
571 2202 880 2275 ἀξιάγαστοι
912 2202 1071 2271 ⁴ἡμῶν
1106 2197 1333 2268 Πατέρες
1357 2238 1369 2249 .

342 2292 414 2349 Οὗ
451 2288 507 2347 δὲ
538 2293 699 2369 χάριν
729 2285 1118 2359 ἀπεστείλαμεν
1176 2284 1339 2340 πάλιν
1387 2284 1480 2339 τὸν
1532 2280 1763 2358 ἀδελφὸν
1814 2281 1904 2336 καὶ

266 2381 648 2457 προσκυνητὴν
706 2384 811 2433 τῶν
874 2378 1038 2452 ἰχνῶν
1101 2396 1195 2430 σου
1260 2374 1596 2450 Ἑπιφάνιον,
1655 2371 1725 2425 ’ἐν’
1784 2372 1904 2425 ἀντ-

268 2472 568 2546 αναγγείλῃ
615 2470 643 2524 6
683 2467 840 2528 αὐτὸς
890 2468 957 2519 τὰ
998 2465 1118 2519 καθ’
1155 2464 1337 2532 ἤμᾶς’
1387 2463 1460 2523 ὡς
1512 2462 1699 2537 εὐχαῖς
1754 2462 1904 2535 ὑμῶν

268 2562 447 2637 ἁγίαις
472 2558 529 2615 εὗ
579 2556 733 2633 ἔχει⁹
787 2555 1135 2630 χαιρυμένων
1185 2555 1345 2626 ἡμῶν
1404 2555 1509 2606 τῶν
1563 2552 1904 2624 ἁμαρτωλῶν

268 2651 361 2707 καὶ
394 2645 790 2722 θυμηδιώντων
824 2644 874 2699 ἐν
906 2648 985 2716 τῷ
1019 2641 1270 2717 διωγμῷ,
1308 2642 1396 2695 καὶ
1435 2646 1554 2702 ταῖς
1599 2639 1866 2717 φυλακαῖς
1892 2660 1903 2673 ·

272 2742 345 2802 ὡς
401 2739 611 2811 τολμᾷν
669 2735 877 2811 λέγειν·
938 2734 1097 2805 ’Πμῖν
1158 2731 1420 2806 ἐχαρίσθη
1481 2732 1543 2785 οὐ
1614 2732 1777 2803 μόνον
1832 2731 1905 2792 εἰς

273 2828 509 2903 Χριστὸν
542 2826 834 2894 πιστεύειν,
866 2822 1011 2878 ἀλλά
1037 2822 1126 2876 καὶ
1160 2822 1222 2876 τὸ
1257 2821 1385 2893 ὑπὲρ
1417 2819 1586 2874 αὐτοῦ
1633 2820 1867 2894 πάσχειν
1895 2840 1905 2852 ·

268 2917 356 2972 ’ἱνα
408 2917 484 2976 εἷς
532 2913 898 2987 ἐκτενεστέραν
958 2914 1097 2983 ὗμᾶς
1154 2910 1469 2984 προσευχὴν
1519 2911 1906 2984 παρακινήσῃ’

275 3005 406 3079 ὑπέρ
438 3026 495 3060 τε
522 3007 683 3077 ἡμῶν
716 3008 823 3056 τῶν
855 3001 1085 3056 ἀσθενῶν
1134 2997 1434 3073 εὐανδρίας,
1483 2999 1573 3052 καί
1610 3002 1707 3053 τοῦ
1755 3004 1908 3072 κοινῇ

276 3094 665 3174 συμφέροντος,
720 3092 851 3165 ὑπὲρ
885 3090 997 3145 οὗὸ
1030 3089 1197 3164 λόγος
1245 3091 1400 3160 ἡμῖν,
1444 3088 1531 3142 καὶ
1583 3088 1717 3161 πρὸς
1770 3088 1908 3160 ὑμᾶς

266 3185 395 3246 τοὺς
428 3184 761 3258 ἀγιωτάτους
793 3177 973 3249 δέησις
1005 3177 1125 3251 τρὶς
1161 3176 1283 3247 ἄρτι
1315 3174 1578 3252 γινομένη
1607 3195 1618 3207 ·
1667 3175 1776 3250 οὐχ
1819 3174 1911 3230 ’ίνα

2012 1923 2177 1978 vobis
2200 1939 2374 1979 causa
2404 1924 2536 1980 ﬁdei
2572 1926 2890 1995 tuendaa,et
2921 1931 3138 1997 quanta
3161 1927 3288 1982 laus
3319 1946 3352 1982 a
3382 1928 3496 1984 Deo
3518 1945 3651 1984 cum

2012 2013 2221 2069 debitis
2253 2014 2505 2085 praemiis
2538 2031 2635 2070 vos
2684 2020 2918 2071 maneat
2966 2016 3126 2072 illam
3169 2019 3556 2074 conservando
3597 2024 3654 2074 et

2015 2102 2357 2174 proﬁtendo,
2390 2119 2566 2174 quam
2599 2106 3278 2175 semperconservetis,et
3306 2107 3651 2165 annuntiire

2015 2208 2129 2247 non
2160 2192 3191 2260 cessatis,divinissimietadmirandi
3226 2200 3423 2253 Patres
3446 2198 3650 2253 nostri.

2086 2281 2393 2350 Propterea
2450 2290 2638 2337 autem
2700 2283 2970 2338 misimus
3028 2285 3238 2340 iterum
3306 2286 3539 2342 fratrem
3597 2291 3654 2343 et

2016 2369 2391 2440 vestigiorum
2441 2374 2677 2426 tuorum
2718 2382 3103 2429 veneratorem
3149 2375 3559 2449 Epiphanium,
3594 2383 3657 2432 ut

2017 2459 2307 2514 renuntiet
2349 2459 2472 2530 ispe
2510 2459 2580 2515 de
2623 2462 2795 2516 rebus
2858 2463 3096 2533 nostris,
3156 2466 3653 2533 quemadmodum

2017 2548 2237 2603 sanctis
2288 2547 2558 2618 precibus
2614 2551 2819 2605 vestris
2878 2558 3028 2607 recte
3080 2552 3333 2609 habeant
3388 2558 3582 2610 omnia
3644 2574 3656 2610 :

2018 2637 2409 2709 gaudentibus
2443 2639 2612 2693 nobis
2629 2641 3124 2710 peccatoribus,et
3154 2643 3658 2700 exsultantibusin

2019 2725 2424 2796 persecutione
2454 2735 2513 2781 et
2542 2727 2599 2783 in
2631 2729 2982 2795 carceribus,
3016 2732 3095 2786 ita
3127 2740 3187 2786 ut
3218 2733 3407 2788 dicere
3437 2734 3656 2789 audea-

2019 2831 2194 2871 mus:
2253 2815 2433 2871 Nobis
2493 2818 2692 2872 datum
2739 2824 2830 2873 est
2882 2836 2995 2875 non
3045 2820 3232 2877 solum
3291 2824 3523 2879 credere
3597 2826 3656 2879 in

2019 2904 2332 2972 Christum,
2369 2922 2563 2961 verum
2596 2908 2771 2962 etiam
2805 2925 2907 2978 pro
2930 2910 3054 2981 ipso
3087 2912 3201 2980 pati
3235 2911 3310 2965 “z
3339 2918 3403 2966 ut
3447 2913 3657 2968 excitet

2019 3014 2121 3053 vos
2152 2999 2221 3053 ad
2254 3000 2482 3055 enixius
2515 3003 2822 3067 orandum,
2845 3014 2898 3057 et
2932 3020 3031 3073 pro
3084 3005 3497 3061 imbecillitatis
3558 3024 3656 3061 no-

2020 3094 2151 3142 strae
2210 3088 2572 3157 fortitudine,
2604 3097 2661 3144 et
2712 3107 2812 3162 pro
2871 3095 3167 3148 communi
3223 3093 3494 3162 utilitate,
3559 3111 3660 3165 pro

2024 3192 2138 3246 qua
2198 3178 2366 3232 nobis
2415 3194 2607 3233 sermo
2625 3185 2709 3233 est
2742 3197 2755 3247 ;
2789 3184 2844 3234 et
2886 3181 2957 3235 ad
2990 3198 3088 3237 vos
3106 3185 3513 3240 sanctissimos
3538 3191 3659 3241 ter-

268 3249 553 3349 ἀφεθῶμεν
586 3274 684 3335 τῆς
714 3268 959 3344 φυλακῆς
988 3288 998 3299 ·
1042 3249 1127 3321 δτι
1178 3249 1338 3338 μηδὲ-
1366 3265 1697 3337 λογιζόμεθα
1740 3249 1906 3333 αὐτὴν

2021 3268 2099 3349 tia
2138 3268 2265 3335 jam
2327 3268 2566 3336 repetita
2605 3268 2983 3337 deprecatio:
3028 3287 3141 3327 non
3192 3278 3256 3327 ut
3311 3289 3342 3327 e
3395 3276 3660 3330 custodia

269 3359 486 3432 ἀδοξίαν
511 3379 524 3392 ’
558 3357 704 3414 ἀλλά
736 3357 980 3431 μέγιστον
1014 3354 1103 3411 καὶ
1155 3355 1285 3429 ὑπὲρ
1324 3356 1423 3422 τήν
1468 3354 1735 3427 ἡμετέραν
1773 3354 1906 3407 ἀνα-

270 3451 495 3521 ξιότητα
524 3446 723 3509 κλέος·
770 3446 899 3501 ἀλλ’
929 3447 1078 3505 ὅπως
1128 3438 1229 3514 ἕξει
1280 3444 1342 3498 τὸ
1396 3440 1672 3516 ἐπωφιλὲς
1731 3442 1779 3496 έν
1829 3447 1909 3513 τῷ

270 3548 462 3613 κοινῷ,
494 3539 588 3595 κᾶν
629 3544 735 3594 τῶν
769 3537 1014 3616 ἐσχάτων
1053 3536 1210 3609 ἐσμέν
1234 3582 1246 3592 .
1307 3539 1590 3609 Πανταχώ
1635 3535 1757 3609 γὰρ,
1809 3556 1909 3611 φη-

274 3632 355 3686 σὶν
386 3632 413 3686 6
444 3628 736 3702 Θεολόγος,
769 3627 830 3681 τὸ
860 3628 980 3681 καθ’
1019 3626 1239 3689 ἑαυτοὺς
1285 3624 1619 3699 παρορατέον
1668 3626 1803 3698 πρὸς
1844 3627 1906 3679 τὸ

272 3729 380 3777 τῶν
432 3719 659 3775 πολλῶν
716 3717 984 3796 συμφέρον
1014 3760 1026 3773 .
1078 3715 1363 3793 Συμφέρον
1399 3713 1445 3770 δ’
1474 3714 1535 3769 ἄν
1592 3712 1701 3781 εἷή,
1756 3714 1830 3776 ὡς
1879 3715 1907 3769 6

270 3812 539 3885 ἡμέτερος
576 3807 777 3869 σκοπὸς
807 3806 893 3861 καὶ
935 3805 1125 3871 πόσος,
1174 3802 1564 3877 ἐπιτιμηθῆναι
1612 3800 1909 3864 συνοδικῶς

273 3899 362 3955 διὰ
391 3903 487 3955 τοῦ
535 3896 964 3974 κορυφαιοτάτου
1012 3891 1403 3962 ἀποστολικοῦ,
1450 3894 1631 3967 ὥσπερ
1670 3892 1757 3947 ἐπὶ
1803 3898 1909 3947 τῶν

272 3988 474 4049 ἄνωθεν
506 3987 597 4041 καὶ
628 3986 678 4056 ἐξ
718 3985 923 4062 ἀρχῆς,
964 3984 1090 4045 τοὺς
1139 3980 1583 4057 συνεδρεύσαντας
1633 3984 1767 4037 κατά
1814 3987 1910 4037 τοῦ

272 4075 610 4151 Εὐαγγελίου
666 4078 762 4127 τοῦ
809 4074 1062 4147 Χριστοῦ,
1114 4071 1201 4125 καὶ
1250 4070 1736 4143 ἀναθεματίσαντας
1782 4070 1908 4132 τοὺς

272 4165 676 4238 ἀντεχομένους
704 4162 876 4217 αὐτοῦ
902 4181 915 4195 α
948 4163 1037 4214 καὶ
1073 4162 1148 4233 μή
1179 4162 1277 4229 τήν
1324 4161 1602 4235 μοιχείαν,
1652 4162 1737 4214 καὶ
1788 4181 1912 4232 μοι-

270 4253 576 4329 χοζευξίαν,
610 4253 699 4305 καὶ
756 4248 1283 4327 μοιχοσυνδρομίαν,
1336 4245 1655 4320 δεξαμένους
1708 4248 1780 4309 ὡς
1838 4249 1915 4302 oi-

270 4341 537 4415 κονομίαν
569 4344 678 4395 τῶν
727 4339 910 4413 ἁγίων,
958 4339 1095 4393 καθά
1138 4338 1189 4391 οἱ
1240 4339 1565 4411 Μοιχειανοὶ
1614 4334 1911 4412 ἐδογμάτι-

274 4454 393 4497 σαν,
458 4427 891 4503 ἀμοκαλέσαντες
937 4427 989 4483 ἐν
1039 4429 1214 4501 τούτῳ
1269 4429 1393 4490 τοὺς
1446 4428 1632 4503 ἁγίους
1681 4430 1913 4502 παρανό-

278 4538 451 4594 μους·
506 4518 590 4572 ὅτι
652 4515 843 4587 μηδεὶς
899 4519 1056 4591 ἅγιος
1105 4520 1204 4584 τήν
1269 4514 1460 4591 μερίδα
1516 4518 1648 4587 μετά
1707 4522 1914 4591 μοιχοῦ

2022 3345 2370 3420 liberemur;
2403 3358 2540 3427 quia
2572 3358 2721 3412 hanc
2753 3375 2866 3414 non
2899 3361 3169 3416 ducimus
3197 3362 3524 3432 infamiam,
3557 3367 3658 3421 scd

2023 3448 2339 3503 maximam
2365 3455 2429 3503 ut
2458 3466 2634 3520 supra
2666 3452 2874 3506 merita
2905 3461 3105 3508 nostra
3132 3454 3374 3525 gloriam
3407 3473 3420 3522 ;
3456 3473 3655 3513 verum

2023 3541 2088 3592 ut
2118 3538 2716 3595 redundetutilitasin
2748 3557 3079 3608 commune,
3110 3546 3337 3600 tametsi
3355 3561 3423 3600 ex
3442 3547 3659 3602 inﬁmis

2020 3630 2222 3685 simus.
2272 3629 2513 3701 Semper
2577 3622 2778 3695 enim,
2837 3633 2917 3686 ait
2958 3632 3310 3705 Theologus,
3368 3636 3653 3706 privatum

2020 3719 2392 3773 commodum
2439 3723 2828 3790 spernendum
2892 3738 3002 3792 prae
3049 3723 3291 3778 utilitate
3322 3726 3656 3782 multorum.

2020 3807 2169 3864 Utile
2201 3818 2391 3864 autem
2433 3809 2622 3876 fuerit,
2648 3811 2804 3881 quod
2828 3828 3007 3865 unum
3058 3818 3144 3867 est
3184 3813 3494 3869 consilium
3548 3833 3651 3871 no-

2019 3902 2205 3952 strum
2256 3902 2313 3952 et
2386 3898 2765 3965 desiderium,
2813 3900 3082 3971 synodico
3135 3917 3233 3971 per
3310 3919 3651 3975 supremum

2019 3986 2421 4054 apostolicum,
2449 3987 2604 4042 sicut
2650 3989 2722 4043 ab
2785 3989 2948 4043 initio
3007 4006 3240 4061 semper
3298 3993 3518 4047 factum
3545 4000 3654 4058 est,

2022 4076 2281 4130 damnari
2314 4091 2411 4130 eos
2443 4077 2543 4146 qui
2574 4081 2775 4131 contra
2805 4077 3175 4148 Evangelium
3209 4079 3423 4135 Christi
3445 4086 3660 4136 emtum

2022 4164 2278 4218 inierunt
2310 4171 2367 4219 et
2414 4165 2781 4221 anathemate
2813 4167 3143 4223 defensores
3195 4167 3355 4224 illius
3413 4170 3667 4240 appetie-

2022 4258 2189 4320 runt;
2245 4255 2401 4323 quod
2446 4254 2819 4322 adulterium,
2872 4266 2927 4310 et
2986 4256 3234 4312 adulteri
3295 4260 3685 4329 conjugium,_

2022 4347 2079 4396 et
2100 4343 2369 4397 adulterii
2410 4344 2798 4413 patrocinium
2845 4362 2959 4400 non
3011 4346 3331 4418 receperint
3380 4353 3665 4418 tanquam

2022 4431 2512 4501 dispensationem
2531 4438 2906 4501 sanctorum}:
2932 4435 3084 4490 sicut
3107 4435 3412 4491 Mmchiani
3444 4443 3669 4493 statue-

2026 4527 2198 4587 runt;
2226 4509 2556 4575 sanctorum
2590 4522 2647 4575 in
2682 4522 2780 4577 illo
2830 4540 3043 4579 nomen
3102 4525 3305 4580 dantes
3382 4526 3617 4595 injustis
3649 4546 3663 4595 ;

273 4611 422 4666 ἔθετο
451 4631 461 4642 ·
498 4610 609 4684 οὐχ
638 4609 721 4664 ὅτι
753 4608 842 4663 καὶ
877 4604 1263 4683 μοιχωμὲνους
1295 4605 1644 4683 ἐστεφάνωσε,
1684 4606 1773 4659 καὶ
1807 4604 1908 4659 δώ-

2027 4609 2303 4680 quoniam
2335 4615 2663 4664 sanctorum
2681 4611 2878 4666 nullus
2902 4618 3121 4682 partem
3148 4615 3666 4684 posuitcumadul-

276 4722 384 4775 ρων
418 4704 524 4754 τῶν
559 4697 715 4753 θείων
760 4693 1126 4771 μεταδέδωκεν
1155 4715 1167 4727 ’
1225 4695 1389 4749 ὁπότε
1419 4692 1543 4749 οὐδὲ
1591 4695 1781 4769 στέγης
1833 4696 1921 4750 καὶ

273 4793 447 4866 πυρὸς
487 4787 831 4863 μεταδιδόναι
881 4787 1084 4857 αὐτοῖς,
1117 4784 1210 4840 κᾶν
1267 4786 1511 4861 βασιλεῖς
1565 4787 1687 4850 εἶεν,
1740 4782 1896 4858 διηγο

276 4880 532 4955 ρεύκασι.
592 4878 687 4933 Καὶ
737 4879 818 4932 ὅτι
852 4878 940 4930 καὶ
991 4876 1119 4931 αὐτὸ
1164 4876 1226 4929 τὸ
1276 4879 1427 4930 Θεῖον
1478 4871 1755 4951 ἐξύϐρισαν
1804 4880 1923 4938 ταῖς

276 4974 623 5045 στεφανικαῐς
686 4967 1109 5039 μυσταγωγίαις,
1187 4962 1558 5037 ἀνενεγκόντες
1626 4965 1688 5019 τὸ
1737 4966 1918 5019 ἁναθε·

280 5082 355 5133 μα
408 5058 490 5113 ἐπ’
546 5058 700 5127 αὐτὸ,
748 5053 835 5110 διὰ
878 5062 977 5123 τῆς
1023 5058 1129 5106 τῶν
1178 5052 1562 5132 ἀντεχομένων
1608 5052 1704 5108 τοῦ
1754 5055 1920 5125 νόμου

274 5148 446 5204 αὐτοῦ
475 5143 911 5217 ἀναθεματίσεως
938 5187 949 5199 .
984 5141 1045 5197 Εἰ
1078 5140 1134 5195 δὲ
1175 5145 1336 5195 τοῦτο
1387 5142 1472 5212 οὓ,
1513 5144 1673 5213 ἡμεῖς
1701 5142 1763 5196 τὸ
1797 5143 1924 5196 λοι-

275 5241 377 5293 πὸν
423 5235 701 5311 εὐχόμεθα
754 5235 907 5305 ὑμῶν
962 5235 1069 5285 τῶν
1117 5236 1438 5308 προσευχῶν
1466 5233 1527 5285 τὸ
1577 5232 1779 5299 σθένος,
1811 5238 1919 5287 τῶν

276 5335 378 5394 τῆς
439 5324 655 5398 ἀγάπης
716 5325 928 5393 θεσμῶν
983 5321 1043 5375 τὸ
1090 5324 1275 5394 κῦρος,
1319 5324 1426 5373 τῶν
1474 5320 1811 5397 ἀντιγράφων
1859 5324 1921 5377 τὸ

281 5415 517 5486 κράτος·
581 5413 609 5466 ὃ
670 5411 881 5469 πάντως
940 5407 1383 5479 παρακληθείητε
1448 5416 1695 5476 ποιῆσαι,
1758 5431 1922 5484 παρα-

286 5506 628 5579 μυθούμενοι
683 5500 810 5563 τοὺς
903 5498 1281 5574 ὀλιγοψύχους
1339 5498 1429 5552 καὶ
1504 5497 1921 5574 ἐπιρῥωννύντες

352 5684 395 5722 ³⁸
426 5682 641 5754 Philip.
673 5697 713 5753 ι,
741 5680 834 5737 59.

2034 4702 2191 4763 tero;
2228 4699 2441 4753 nedum
2473 4704 2529 4754 et
2556 4700 2850 4756 adulteros
2877 4706 3194 4770 coronavit,
3227 4709 3285 4759 et
3338 4705 3535 4759 divina
3581 4703 3667 4759 eis

2033 4788 2184 4842 dona
2216 4786 2447 4841 tradidit
2477 4790 2749 4858 ;quaudo
2803 4805 2905 4844 nec
2946 4795 3095 4846 tecto
3153 4799 3252 4847 aut
3292 4794 3432 4864 igni,
3466 4808 3669 4864 quam-

2032 4876 2120 4930 vis
2180 4892 2345 4947 reges
2401 4882 2621 4946 essent,
2656 4877 3071 4948 impertiendos
3121 4884 3458 4938 docuerunt.
3519 4882 3667 4947 Quid

2033 4970 2228 5020 autem
2262 4964 2412 5034 quod
2458 4964 2642 5019 Deum
2697 4966 2890 5038 ipsum
2948 4972 3298 5026 contumelia
3354 4972 3671 5027 affecerunt

2032 5052 2484 5110 coronariisillis
2513 5056 2825 5125 mysteriis,
2847 5062 2903 5112 et
2925 5059 3232 5115 anathema
3264 5061 3321 5116 in
3354 5077 3487 5116 eum
3521 5062 3669 5115 dixe-

2033 5153 2188 5212 runt,
2225 5162 2324 5200 eos
2382 5146 2479 5216 qui
2526 5146 2709 5216 legem
2768 5150 2897 5219 ejus
2945 5152 3407 5220 propugnabant,
3438 5151 3672 5206 anathe-

2034 5234 2421 5290 matizantes?
2475 5236 2638 5300 Quod
2692 5237 2739 5290 si
2800 5237 2918 5291 haac
2967 5255 3082 5293 non
3124 5240 3287 5304 ﬁant,
3322 5241 3573 5310 petimus
3605 5241 3674 5296 de

2036 5328 2238 5379 caetero
2272 5340 2506 5395 precum
2531 5332 2851 5382 vestrarum
2896 5328 3088 5393 robur,
3122 5328 3422 5383 charitatis
3456 5330 3670 5385 vinculi

2032 5414 2562 5479 conﬁrmationem,
2585 5418 3002 5487 rescriptorum
3034 5418 3436 5472 auctoritatem
3472 5433 3484 5471 :
3518 5417 3675 5488 quod

2033 5506 2271 5560 omnino
2293 5511 2568 5576 prasstare
2600 5506 2941 5577 dignemini,
2974 5507 3323 5563 consolando
3363 5507 3672 5579 pusillani-
