4084 6284
431 347 576 408 1031

1659 338 1724 396 S.
1771 332 2169 396 THEODORI
2208 334 2572 396 STUDITE

3646 346 3775 407 1032

425 496 572 548 mes,
604 477 924 535 imbecilles
959 474 1405 536 corroborando,
1437 469 1790 528 sanctissimi
1825 473 1882 525 et
1911 467 2058 525 desi-

2171 466 2296 530 τοὺς
2346 466 2660 544 ἀνάλκιδας,
2722 471 3020 546 ἁγιώτατοι
3075 474 3237 546 ἡμῶν
3295 474 3386 528 καὶ
3442 477 3658 548 ποθητοὶ
3701 480 3778 535 καὶ

423 570 706 626 derabiles
737 571 793 622 et
825 575 1049 635 semper
1077 563 1387 620 venerandi
1419 563 1614 618 Patres
1648 561 1846 616 nostri.

520 656 766 714 XXXVI.
808 684 876 695 —
899 654 1242 724 Euprepiano
1271 656 1322 706 et
1351 653 1424 706 iis
1445 650 1542 722 qui
1570 665 1697 704 cum
1727 664 1787 704 eo
1820 655 1968 703 sunt.

2173 552 2509 612 ἀεισέϐαστοι
2545 559 2778 633 Πατέρες
2804 605 2817 619 .

2260 647 2406 721 Ας’.
2441 681 2508 691 -
2541 647 2897 723 Εύπρεπιανῷ
2926 648 3016 704 καί
3046 656 3164 714 τοῖς
3197 649 3290 705 σὺν
3325 653 3470 726 αὗτῷ
3495 699 3508 711 .
3541 657 3692 728 [πη’.]

768 751 1061 802 Conﬁrmat
1090 747 1346 798 adversus
1381 746 1669 795 hmreticos
1702 759 1713 793 :
1747 757 1972 808 quorum
2009 743 2218 795 facinus
2257 745 2474 808 impium
2507 745 2773 796 describit.
2814 749 3022 811 (Baron.
3053 763 3138 798 an.
3171 749 3282 812 809,
3315 764 3369 802 n.
3395 751 3474 802 28.

495 834 820 889 Plurimum
849 831 1097 897 conlido,
1139 828 1330 883 dilecti
1371 828 1500 894 ﬁlii,
1529 844 1630 882 vos
1671 827 1847 880 vitam
1894 840 2068 896 agere

421 924 803 996 tranquillam
818 927 874 978 et
894 921 1212 976 secundum
1239 924 1420 974 Deum
1450 916 1848 988 compositam.
1879 915 2068 980 Quare

420 1016 491 1071 ad
524 1017 581 1068 id
627 1015 776 1084 quod
811 1017 976 1082 urget
1007 1025 1334 1066 sermonem
1382 1013 1732 1062 convertam.
1775 1005 2065 1071 Quidnam

421 1105 571 1160 istud
609 1100 969 1159 autem?Uhi
995 1115 1166 1170 prava
1203 1099 1438 1153 illorum
1476 1098 1748 1166 dogmata
1783 1094 2065 1164 patefece-

421 1194 627 1259 rimus,
662 1198 718 1246 et
747 1206 955 1246 causas
986 1186 1430 1253 ostenderimus,
1475 1188 1708 1255 propter
1756 1199 1903 1250 quas
1959 1197 2066 1236 nos

421 1299 553 1338 cum
579 1282 710 1336 aliis
741 1279 1108 1335 anathemate
1137 1276 1518 1339 confixerunt,
1551 1278 1676 1328 tum
1721 1273 1891 1344 plane
1922 1287 2066 1326 con-

421 1371 600 1426 stabit
628 1386 726 1424 eos
759 1385 873 1423 non
905 1365 1194 1434 simplices
1216 1369 1446 1419 tantum
1471 1361 1767 1417 haereticos
1790 1376 1935 1422 esse,
1964 1361 2064 1414 sed

422 1477 455 1515 a
495 1459 592 1514 Dei
651 1455 955 1525 Evangelia
1010 1458 1324 1524 apostatas,
1374 1456 1431 1505 et
1476 1450 2066 1506 excommunicatores

421 1553 774 1611 sanctorum,
809 1550 865 1599 et
885 1558 1168 1598 canonum
1202 1555 1518 1598 eversores.
1550 1540 1806 1594 Primum
1831 1537 2064 1608 quidem

421 1640 568 1709 quod
603 1640 660 1690 et
688 1634 879 1690 Veteri
911 1638 967 1687 et
1017 1632 1170 1687 Novo
1228 1618 1630 1686 adversentur.
1671 1628 1786 1683 Non
1825 1627 2066 1681 ’πίει-ἡα-

423 1727 566 1782 beris
588 1726 654 1790 ²²,
690 1725 769 1778 ait
801 1724 916 1777 lex:
944 1721 1056 1776 Non
1080 1735 1319 1776 assumes
1335 1735 1536 1773 nomen
1561 1719 1658 1772 Dei
1686 1720 1746 1772 in
1778 1733 1979 1772 vanum
1996 1716 2061 1770 ²³.

424 1818 538 1874 Una
595 1816 685 1870 lex
715 1823 822 1870 esto
883 1812 1076 1868 Judwo
1134 1817 1188 1866 et
1235 1810 1509 1880 proselyto
1565 1806 1630 1862 ²⁴.
1682 1806 2063 1878 Evangelium

423 1906 632 1961 deinde
691 1905 808 1960 sive
837 1903 1149 1958 Christus:
1206 1898 1470 1960 Audistis,
1506 1896 1719 1968 inquit,
1777 1899 1909 1969 quia
1955 1895 2066 1951 dic-

417 2002 534 2051 tum
562 2002 638 2051 est
669 1995 910 2065 antiquis
940 2011 959 2046 :
990 1994 1110 2048 Non
1141 1990 1520 2047 mmo/laberis.
1557 1991 1666 2062 Ego
1711 1995 1896 2046 autem
1942 1989 2064 2045 dico

419 2086 562 2142 vobis
576 2100 670 2140 nec
681 2087 928 2154 aspicere
943 2082 1233 2137 mulierem
1251 2081 1322 2136 ad
1345 2079 1840 2150 concupiscendum
1859 2095 1982 2136 eam
1994 2078 2061 2148 ³⁵,

419 2176 532 2231 Et:
569 2175 673 2244 Qui
718 2174 940 2230 solverit
986 2187 1158 2226 unum
1203 2170 1267 2224 de
1311 2169 1596 2224 mandatis
1636 2171 1752 2224 istis
1789 2168 2062 2237 minimis,

419 2264 508 2320 hic
573 2265 839 2320 minimus
873 2260 1156 2316 vocabitur
1207 2262 1264 2313 in
1316 2274 1486 2327 regno
1524 2259 1791 2314 calorum
1836 2257 1913 2325 ²⁶;
1954 2258 2063 2314 hoc

419 2357 523 2420 est,
558 2352 618 2407 in
649 2352 869 2424 ignem,
901 2354 966 2404 ut
1013 2350 1466 2420 interpretantur
1525 2351 1742 2414 Patres,
1787 2347 2063 2418 conjicie-

418 2446 535 2497 tur.
568 2441 636 2496 Hi
659 2456 811 2506 vero,
835 2456 868 2495 ο
902 2455 1022 2495 rem
1055 2438 1259 2493 auditu
1291 2437 1627 2493 horribilem
1657 2436 1670 2490 l
1712 2436 2061 2492 adulterium

420 2550 454 2588 a
483 2532 607 2602 lege
637 2536 693 2586 et
716 2528 1156 2602 gratiavetitum
1182 2527 1269 2582 vel
1291 2528 1418 2600 ipso
1448 2527 1746 2583 oculorum
1772 2527 2060 2583 desiderio

419 2627 610 2687 tenus,
662 2618 1308 2691 transgressionemque
1367 2617 1624 2673 mandati
1656 2633 1769 2672 non
1835 2616 2061 2672 minimi

419 2712 572 2779 dico,
605 2710 706 2767 sed
739 2707 993 2776 maximi,
1029 2712 1085 2762 et
1116 2708 1269 2779 quod
1306 2707 1557 2778 primum
1613 2707 1828 2762 servari
1860 2706 2058 2763 debet:

421 2801 490 2855 ad
524 2800 662 2866 haec,
689 2797 946 2854 nominis
1003 2797 1130 2863 Dei,
1165 2812 1280 2852 non
1315 2796 1369 2850 in
1399 2812 1569 2862 vano,
1602 2796 1703 2852 sed
1733 2796 1789 2851 in
1826 2812 1887 2852 re
1916 2796 2060 2852 adeo

419 2889 618 2946 illicita
647 2893 704 2944 et
735 2888 972 2954 nefaria,
1007 2887 1060 2940 in
1093 2885 1485 2941 adulterorum
1517 2884 1738 2941 scilicet
1780 2887 2058 2956 conjunc-

2249 820 2482 885 Εῦελπίς
2541 823 2678 896 εἶμι,
2735 825 2894 881 τέκνα
2945 828 3296 901 ἡγαπημένα,
3348 831 3469 905 περὶ
3514 837 3606 897 τῆς
3680 832 3782 904 είρη

2173 912 2325 972 ναίας
2355 913 2446 966 καὶ
2498 915 2790 970 θεοτάκτου
2823 915 3107 993 διαγωγῆς
3160 917 3310 991 ὑμῶν
3345 962 3358 974 .
3410 919 3502 974 Διὸ
3550 920 3785 992 μετελεύ-

2177 1024 2343 1076 σομαι
2389 1004 2482 1058 τὸν
2531 1005 2700 1079 λόγον
2748 1004 2837 1060 ἐπὶ
2885 1008 2947 1061 τὸ
3000 1009 3309 1085 κατεπείγον
3340 1053 3350 1066 .
3400 1009 3460 1066 Τί
3512 1008 3565 1065 δὲ
3609 1015 3786 1081 τοῦτο;

2173 1095 2336 1146 Ὅταν
2397 1091 2832 1169 ἀνακαλύψωμεν
2888 1095 2954 1150 τὰ
3011 1098 3225 1171 πονηρᾶ
3297 1097 3471 1153 αὐτῶν
3542 1097 3787 1174 δόγματα,

2175 1181 2264 1234 καὶ
2301 1178 2669 1255 ὑποδείξωμεν
2706 1183 2801 1245 τὰς
2852 1183 3026 1246 αἰτίας
3076 1183 3147 1239 δι’
3191 1185 3253 1246 ἃς
3301 1189 3448 1258 ἡμᾶς
3499 1188 3789 1259 ἀνεθεμάτι-

2176 1291 2270 1324 σαν
2307 1272 2442 1342 μετᾶ
2469 1275 2580 1325 τῶν
2610 1269 2815 1337 ἄλλων,
2867 1274 3200 1329 παντάπασιν
3248 1274 3645 1331 ἀποδείκνυνται
3691 1277 3792 1352 οὐχ

2179 1359 2438 1432 αἱρετικοὶ
2469 1360 2626 1434 ψιλοί
2657 1382 2796 1427 πως,
2831 1361 2958 1418 ἀλλ’
2987 1363 3284 1420 ἀποστάται
3332 1370 3429 1419 τοῦ
3477 1364 3789 1440 Εὐαγγελίοῦ

2173 1452 2268 1501 τοῦ
2329 1453 2483 1517 Θεοῦ,
2540 1454 2646 1504 τῶν
2713 1471 2770 1506 τε
2825 1453 2996 1528 ἁγίων
3055 1452 3498 1528 ἀναθεματισταὶ,
3563 1456 3646 1508 καὶ
3697 1456 3789 1510 τῶν

2095 1569 2143 1634 Β
2175 1539 2416 1593 κανόνων
2476 1538 2812 1596 καταλυταί.
2870 1543 2940 1596 Τὸ
2997 1547 3255 1617 πρῶτον,
3316 1543 3790 1617 ἂντικαθιστάμενοι

2175 1627 2419 1689 natale;
2449 1630 2537 1682 καὶ
2568 1631 2707 1690 Νέας
2734 1674 2746 1686 .
2781 1631 2878 1699 Μὴ
2926 1633 3362 1710 μοιχεύσεις,
3397 1635 3425 1689 ὁ
3470 1634 3668 1705 νόμος·
3711 1635 3790 1702 Μὴ

2175 1715 2356 1790 λήψῃ
2397 1716 2469 1772 τὸ
2529 1714 2738 1790 ὄνομα
2782 1723 2902 1773 τοῦ
2961 1725 3121 1775 Θεοῦ
3188 1721 3293 1777 ἐπὶ
3357 1723 3639 1795 ματαίῳ.
3696 1724 3792 1784 Εἷς

2172 1803 2378 1879 νόμος
2418 1801 2580 1862 ἔστω
2605 1811 2692 1878 τῷ
2732 1805 3046 1881 Ἰουδαίῳ
3084 1810 3191 1864 καὶ
3245 1815 3332 1883 τῷ
3377 1810 3793 1885 προσηλύτῳ.

2173 1892 2336 1955 Αῦθις
2367 1895 2429 1949 τὸ
2478 1895 2835 1972 Εὗαγγέλιον,
2886 1892 3011 1962 ἤτοι
3043 1899 3070 1952 ὁ
3101 1899 3328 1973 Χριστός
3354 1944 3367 1970 ,
3419 1899 3791 1970 Ἠκούσατε,

2173 1985 2356 2061 φησὶν,
2388 1984 2489 2040 ὅτι
2519 1985 2766 2062 ἐῤῥήθη
2807 1993 2952 2049 τοῖς
2995 1988 3350 2062 ἀρχαίοις·
3395 1990 3483 2046 Ού
3535 1992 3795 2066 μοιχεύ-

2174 2093 2350 2136 σεις·
2389 2073 2515 2151 ἐγὼ
2547 2074 2823 2150 δὲλέγω
2872 2077 3063 2150 ὑμῖν·
3118 2074 3288 2151 μηδὲ
3331 2074 3664 2154 ἐμϐλέψαι
3701 2104 3793 2157 γυο

2172 2168 2361 2217 ναῖκα
2416 2163 2578 2237 πρὸς
2636 2165 2706 2218 τὸ
2765 2163 3182 2237 ἐπιθυμῆσαι
3241 2167 3493 2238 αὐτήν.
3567 2168 3682 2239 Καὶ,
3736 2174 3792 2224 '0

2173 2253 2344 2308 λύων
2393 2252 2544 2325 μίαν
2595 2251 2881 2308 ἐντολῶν
2926 2254 3180 2310 τούτων
3228 2261 3353 2312 τῶν
3401 2255 3792 2332 ὲλαχίστων,

2171 2343 2363 2404 οὗτος
2415 2341 2773 2418 ἐλάχιστος
2810 2341 3228 2415 κληθήσεται
3269 2344 3329 2399 ἐν
3371 2347 3451 2417 τῇ
3503 2347 3796 2420 βασιλείᾳ

2170 2435 2297 2485 τῶν
2330 2429 2616 2504 οὐρανῶν
2640 2450 2652 2462 '
2687 2432 2858 2506 ἤγουν
2889 2433 2951 2487 τὸ
2981 2437 3110 2507 πῦρ,
3144 2434 3218 2496 ὡς
3256 2434 3307 2488 οἱ
3358 2429 3590 2508 Πατέρες
3636 2437 3794 2510 ὲρμη-

2168 2521 2432 2588 νεύουσιν,
2461 2515 2833 2594 έμϐλθήσεται
2857 2567 2874 2581 ,
2905 2522 2972 2579 Οἱ
3007 2519 3085 2590 δὶ,
3117 2522 3163 2577 ὤ
3192 2527 3288 2578 τοῦ
3319 2519 3556 2600 φοϐεροῦ
3605 2527 3794 2581 ἀκούσ-

2173 2631 2340 2684 ματος
2366 2612 2378 2667 l
2411 2612 2510 2680 τήν
2546 2612 2801 2686 μοιχείαν
2832 2614 2931 2682 τὴν
2966 2611 3296 2685 έκκήρυκτον
3323 2615 3499 2687 νόμου
3527 2616 3614 2670 καὶ
3643 2618 3794 2691 χάρι-

2168 2722 2281 2771 τος,
2318 2702 2483 2776 μέχρι
2513 2703 2602 2756 καὶ
2627 2701 2915 2774 ἐπιθυμίας
2937 2698 3418 2778 ἒμϐλεμματικῆς,
3442 2708 3543 2775 τήν
3575 2727 3633 2761 τε
3658 2706 3798 2762 λύσιν

2167 2799 2265 2861 τῆς
2299 2792 2397 2848 ούκ
2425 2791 2749 2868 ἐλαχίστης,
2781 2791 2927 2848 ἀλλὰ
2965 2795 3192 2868 πρώτης
3234 2793 3401 2850 εἰπεῖν
3432 2796 3488 2851 έν
3517 2802 3596 2870 τῷ
3639 2817 3795 2873 πρακ-

2168 2885 2304 2951 τικῷ
2333 2880 2420 2935 καὶ
2447 2882 2709 2954 μεγίστης
2734 2879 2963 2950 ἐντολῆς
2989 2901 3001 2913 ·
3034 2881 3124 2936 καὶ
3147 2881 3283 2956 πρὸς
3311 2883 3550 2948 τούτοις,
3581 2887 3677 2954 τήν
3708 2884 3798 2939 οὐκ

420 2979 597 3046 tione,
631 2975 1097 3048 usurpationem,
1129 2974 1463 3046 Christique
1513 2974 1916 3048 mysteriorum
1951 2976 2055 3029 im-

2171 2945 2725 3042 Eni'pataim-liqiw
2774 2973 2868 3022 τοῦ
2905 2945 3307 3041 όνόματοςιτοῦ
3346 2945 3671 3039 Θεοῦ,ννᾶλλ’
3717 2971 3796 3026 ἐπὶ

419 3067 824 3130 mutationem,
857 3070 914 3121 et
962 3065 1264 3120 inimicam
1327 3065 1443 3120 Deo
1499 3065 1928 3121 coronationem
1991 3081 2057 3119 ac

420 3155 686 3213 adulterii
719 3161 951 3210 auctore
990 3154 1216 3209 diabolo
1249 3155 1492 3227 ejusque
1525 3155 1787 3210 ministro
1819 3154 2055 3210 factam.

423 3246 519 3301 Dei
541 3244 1030 3314 dispensationem
1053 3242 1439 3316 appellarunt,
1452 3241 2052 3316 eamquelaudabilem

419 3339 476 3391 et
507 3333 772 3391 Ecclesiae
804 3332 1140 3389 salutarem.

489 3604 838 3660 Obturemus
893 3617 1082 3666 aures,
1114 3617 1185 3657 ne
1250 3601 1616 3673 blasphemia
1663 3602 2054 3670 tabescamus,

419 3695 644 3749 fratres.
688 3695 875 3763 Atque
898 3691 1003 3745 hac
1033 3689 1362 3746 defensione
1395 3695 1660 3758 utuntur,
1692 3690 2056 3761 evangelica-

419 3800 546 3838 rum
589 3781 779 3853 legum
804 3779 1108 3844 rationem,
1125 3796 1255 3835 cum
1273 3780 1343 3836 de
1358 3779 1592 3849 regibus
1607 3779 1816 3851 agitur,
1836 3779 2053 3843 haberi,

421 3879 486 3928 ut
515 3873 705 3934 aiunt,
740 3887 852 3924 non
887 3869 1114 3925 debere.
1146 3869 1231 3924 En
1263 3857 1377 3924 alia
1407 3868 1751 3922 Antichristi
1786 3884 2058 3939 persecu-

417 3963 518 4026 tio,
552 3966 610 4017 et
641 3958 876 4014 ubinam
920 3957 1061 4012 illud
1100 3975 1113 4014 :
1149 3958 1348 4013 Eadem
1379 3959 1470 4014 lex
1496 3957 1602 4012 erit
1626 3957 1670 3991 ετ
1692 3958 1802 4012 ?Et
1837 3958 1933 4014 ubi
1956 3959 2059 4014 Ju-

417 4053 622 4107 dicium
651 4049 1010 4106 durissimum
1038 4049 1123 4103 his
1151 4050 1248 4120 qui
1283 4058 1533 4118 praesunt
1578 4044 1624 4082 ²⁸
1642 4048 1669 4103 ?
1698 4056 1750 4104 et
1778 4047 1875 4102 ubi
1917 4050 2058 4103 Deus

415 4156 711 4213 personam
759 4138 994 4193 hominis
1022 4152 1130 4191 non
1159 4137 1360 4208 accipit
1380 4137 1427 4172 ²⁰
1448 4136 1475 4191 ‘I
1508 4137 1579 4192 Et
1634 4137 1765 4209 quis
1801 4137 2056 4206 impera-

419 4232 558 4287 toris
587 4227 918 4301 legislator?
941 4231 1002 4280 Et
1032 4227 1306 4297 quoniam
1334 4231 1392 4280 ut
1415 4227 1806 4298 princeps,sic
1836 4231 1891 4281 et
1911 4226 2052 4281 sub-

419 4319 616 4384 ditus;
650 4315 1040 4377 subditorum,
1073 4331 1306 4387 quoque
1354 4331 1469 4370 non
1501 4319 1667 4369 erunt
1696 4314 2047 4386 Evangelicaa

418 4409 592 4481 leges.
628 4405 772 4461 Nam
790 4406 836 4460 si
857 4404 1036 4468 illius,
1051 4409 1106 4459 et
1129 4405 1371 4459 istorum
1388 4420 1539 4476 quoq
1551 4420 1644 4466 ne:
1687 4409 1752 4459 ut
1771 4408 2054 4474 tanquam

419 4498 526 4552 sub
558 4512 674 4550 una
701 4494 826 4566 lege
865 4510 929 4548 ac
975 4492 1300 4564 legis-latore
1359 4493 1551 4562 positi,
1585 4493 2054 4563 obtemperantes

421 4590 478 4641 et
506 4575 631 4639 sine
680 4581 934 4638 tumultu
984 4586 1275 4636 maneant.
1310 4581 1471 4646 Quod
1530 4580 1580 4636 si
1628 4581 1722 4636 ille
1780 4581 1890 4635 sub
1932 4581 2055 4651 lege

418 4690 533 4730 non
566 4673 642 4728 sit
699 4672 929 4742 quando
962 4669 1101 4738 vult,
1135 4670 1270 4724 velit
1301 4679 1487 4724 autem
1540 4672 1786 4726 fortasse
1832 4669 2056 4727 nullam

421 4778 682 4829 servare;
717 4761 812 4817 isti
870 4776 1000 4814 vero
1060 4757 1443 4814 nihilominus
1475 4758 1592 4814 sint
1621 4761 1731 4814 sub
1765 4759 1887 4830 lege
1921 4777 1934 4815 :
1969 4759 2054 4813 al-

417 4858 607 4908 terum
643 4868 674 4906 e
705 4849 930 4905 duobus
961 4849 1123 4920 sequi
1159 4864 1393 4904 necesse
1424 4858 1526 4911 est,
1585 4854 1682 4905 aut
1742 4850 2053 4920 imperato-

419 4959 538 4997 rem
570 4941 754 4995 Deum
791 4956 805 5006 ;
839 4954 968 4993 esse
1025 4937 1183 4993 solus
1234 4937 1520 5008 siquidem
1581 4938 1732 4994 Deus
1792 4941 1899 4994 sub
1930 4939 2058 5012 lege

420 5048 532 5086 non
566 5034 691 5093 est;
720 5033 820 5082 aut
850 5025 1220 5082 rebellionem
1265 5027 1512 5082 existere
1573 5032 1633 5103 et
1682 5027 2052 5084 seditionem.

421 5119 526 5175 Ubi
551 5117 703 5172 enim
728 5115 931 5171 eadem
959 5116 1045 5171 lex
1076 5131 1188 5170 non
1221 5123 1326 5175 est.
1358 5117 1456 5186 qui
1489 5132 1600 5186 pax
1646 5131 1774 5172 esse
1830 5129 2002 5187 queat
2029 5116 2055 5172 ?

421 5209 768 5279 Imperatore
827 5203 982 5259 aliud
1040 5204 1290 5269 volente,
1324 5204 1598 5258 mmchari
1655 5204 1892 5273 scilicet,
1955 5212 2056 5260 aut

418 5294 926 5351 haeresiadbmrere
951 5309 964 5346 :
987 5293 1254 5348 subditos
1276 5297 1468 5348 autem
1506 5293 1868 5364 astringente
1913 5293 2054 5365 lege,

423 5390 488 5440 ut
545 5399 678 5438 cum
720 5381 982 5437 adultero
1033 5398 1145 5460 non
1197 5381 1628 5437 communicent
1699 5397 1712 5436 :
1776 5399 1880 5438 nec
1940 5383 2058 5439 ha-

422 5473 532 5530 resi
553 5489 685 5528 cum
717 5464 1168 5528 illo'adhercant
1201 5487 1215 5526 :
1248 5487 1352 5526 nec
1382 5469 1539 5526 aliud
1581 5471 1902 5544 quidquam
1937 5475 2057 5529 vio—

488 5620 536 5656 ²²
563 5620 740 5676 Exod.
769 5637 862 5685 xx,
894 5635 1014 5676 xm.
1091 5619 1134 5653 ⁸³
1163 5618 1308 5674 Ibid.
1340 5633 1436 5674 vn.
1515 5617 1560 5654 ¹⁴
1603 5620 1775 5678 Exod.
1811 5638 1910 5690 xu,
1940 5622 2029 5678 49.

417 5693 618 5765 “Sep.
651 5709 726 5758 vr,
799 5692 846 5727 ”
871 5692 925 5746 6.
950 5690 1138 5748 Galat.
1173 5707 1234 5759 η,
1265 5691 1319 5744 6.

2163 3058 2404 3130 ἀθεμίτῳ
2434 3057 2740 3134 τηλικάυτῃ
2764 3059 2954 3132 πράξει
2985 3065 3222 3136 πονηρᾷ,
3250 3060 3394 3135 λέγω
3418 3061 3489 3132 δὴ
3518 3069 3798 3138 μοιχοζευ-

2163 3146 2269 3218 Eia,
2309 3146 2476 3220 λῆψιν
2528 3151 2627 3202 τοῦ
2679 3146 2947 3220 ὀνόματος
2997 3152 3093 3203 τοῦ
3143 3154 3303 3218 Θεοῦ,
3353 3149 3442 3205 καὶ
3498 3151 3794 3225 μετάληψιν

2162 3241 2270 3292 τῶν
2334 3237 2648 3310 μυστηρίων
2700 3237 2963 3310 Χριστοῦ,
3007 3239 3096 3293 καὶ
3153 3242 3476 3317 στεφανικὴν
3523 3245 3622 3297 τοῦ
3681 3261 3795 3313 μοι·

2163 3331 2409 3402 χουργοῦ
2467 3323 2731 3382 διαϐόλου
2788 3329 2879 3382 καὶ
2932 3329 3207 3404 ὑπηρέτου
3254 3331 3425 3386 αὐτοῦ
3476 3331 3794 3408 θεομαχίαν,

2165 3415 2474 3488 οἰκονομίαν
2517 3420 2651 3472 Θεοῦ
2698 3417 3165 3493 προσηγόρευσαν,
3204 3419 3409 3495 ἀγαθήν
3466 3441 3527 3477 τε
3563 3422 3653 3476 καὶ
3697 3441 3798 3474 σω-

2163 3509 2353 3582 τήριον
2385 3509 2452 3580 τῇ
2486 3503 2782 3576 Ἐκκλησία
2805 3548 2820 3562 .

2237 3598 2496 3670 Βύσωμεν
2527 3597 2594 3651 τὰ
2641 3593 2777 3666 ὦτα,
2831 3599 2909 3669 μή
2955 3617 3088 3653 ποτε
3131 3604 3380 3673 τακῶμεν
3429 3604 3500 3675 τῇ
3555 3601 3800 3678 βλασφη-

2170 3691 2288 3762 μίᾳ,
2321 3688 2365 3741 ὧ
2419 3683 2683 3764 αδελφοί.
2736 3685 2839 3742 Καὶ
2895 3686 2957 3741 τὸ
3001 3685 3277 3761 δικαίωμα
3315 3688 3528 3759 αὐτοῖς,
3575 3689 3662 3744 ἐπὶ
3701 3694 3800 3744 τῶν

2170 3776 2459 3854 βασιλέων,
2517 3775 2672 3854 φησὶ,
2731 3782 2930 3850 χρῆναι
2990 3772 3356 3852 παραϐλέπειν
3415 3779 3548 3843 τοὺς
3592 3779 3797 3853 εὐαγγεο

2166 3867 2353 3931 λικοὺς
2371 3868 2572 3942 νόμους
2599 3912 2612 3924 .
2645 3866 2752 3922 Ἴδε
2767 3867 2912 3937 ἄλλη
2939 3867 3315 3941 ἀντιχριστικὴ
3340 3866 3676 3944 προδρομία·
3703 3867 3798 3925 Καὶ

2167 3963 2271 4014 ποῦ
2296 3959 2376 4029 τὸ,
2406 3961 2516 4019 Εἷς
2549 3956 2752 4030 νόμος
2785 3954 2997 4025 ἔσται,
3024 3957 3126 4014 Καὶ
3149 3956 3353 4023 ποῦτὸ,
3389 3959 3626 4032 Κρίσις
3655 3957 3795 4012 ἀπό-

2165 4067 2374 4119 τομος
2421 4047 2485 4102 ἐν
2517 4053 2657 4108 τοῖς
2699 4046 3148 4124 ὑπερέχουσι;
3182 4045 3282 4103 Καὶ
3325 4051 3430 4101 ποῦ
3459 4049 3546 4117 τὸ,
3598 4048 3798 4123 Πρόσ-

2169 4156 2342 4189 ωπον
2404 4136 2755 4210 ἀνθρώπου
2797 4135 2951 4196 Θεὸς
3001 4132 3070 4189 ού
3117 4130 3487 4208 λαμϐάνεις
3537 4137 3636 4192 Καὶ
3663 4136 3796 4197 τίςὸ

2165 4223 2466 4296 νομοθέτης
2501 4222 2803 4298 βασιλέως;
2840 4223 2939 4278 Καὶ
2971 4219 3156 4292 ἐπειδὴ
3188 4223 3325 4278 κατὰ
3343 4223 3406 4278 τὸ
3437 4223 3612 4301 ἄρχον
3642 4224 3796 4280 καὶτὸ

2088 4335 2134 4400 D
2167 4315 2502 4387 ἀρχόμενον,
2537 4311 2663 4367 οὐδὲ
2693 4317 2800 4368 τῶν
2850 4310 3170 4387 ἃρχομένων
3199 4312 3252 4400 oi.
3282 4313 3445 4385 νόμοι
3497 4317 3551 4369 o't
3583 4314 3796 4389 εὐαγγε-

2167 4401 2340 4458 λικοί.
2368 4403 2431 4458 Εἰ
2470 4402 2570 4477 γὰρ
2603 4401 2826 4470 ἐκείνου,
2871 4400 3130 4456 κάκείνων
3159 4420 3170 4432 ·
3217 4399 3306 4456 ’ίνα
3355 4401 3587 4474 μένωσιν
3616 4404 3689 4464 ὡς
3719 4402 3795 4478 ὑφ’

2165 4491 2238 4547 ἐνὶ
2304 4493 2626 4564 ταττόμενοι
2685 4513 2840 4564 νομῳ
2896 4491 2985 4545 καὶ
3039 4493 3335 4566 νομοθέτῃ,
3396 4492 3661 4554 εὐπειθεῖς
3713 4492 3791 4545 καὶ

2165 4577 2508 4634 ἀστασίαστοι
2537 4623 2549 4634 .
2583 4579 2644 4634 Εἰ
2676 4576 2734 4634 δὲ
2766 4578 2968 4634 ἐκείνου
2999 4580 3085 4647 οὕ,
3119 4577 3210 4634 ὅτε
3253 4579 3508 4655 βούλεται
3537 4601 3548 4612 ·
3581 4580 3642 4636 ού
3678 4579 3794 4656 βού-

2166 4667 2322 4724 λοιτο
2354 4665 2412 4723 δὲ
2439 4668 2606 4743 τυχὸν
2646 4665 2835 4722 οὐδένα
2864 4666 3152 4745 φυλάττειν
3182 4687 3194 4700 ·
3230 4669 3406 4725 αὐτῶν
3441 4667 3500 4725 δὲ
3529 4670 3618 4725 ναί
3641 4689 3654 4702 °
3709 4668 3794 4723 δύο

2163 4760 2350 4821 ταῦτα,
2383 4758 2418 4827 ἢ
2451 4756 2578 4817 Θεός
2631 4757 2771 4810 ἐστιν
2801 4757 2828 4810 ὁ
2865 4755 3120 4831 βασιλεύς
3145 4773 3158 4787 '
3212 4757 3377 4828 μόνον
3409 4758 3515 4832 γὰρ
3544 4759 3607 4814 τὸ
3652 4762 3793 4813 Θεῖον

2164 4846 2274 4920 οὐχ
2307 4847 2410 4900 ὑπὸ
2451 4845 2620 4919 νόμον
2649 4866 2661 4878 ο
2697 4844 2730 4914 ἤ
2765 4844 3016 4920 ἀναρχία,
3065 4845 3154 4900 καὶ
3206 4846 3386 4908 στάσις
3413 4890 3426 4903 .
3479 4845 3554 4901 Οῦ
3585 4848 3686 4922 γὰρ
3713 4847 3792 4906 νό-

2168 4956 2268 5007 μος
2301 4937 2377 5010 χή
2408 4935 2625 5004 ταυτὸς,
2657 4939 2772 4997 πῶς
2805 4933 2994 5006 εἷρήνη
3021 4957 3036 5006 ;
3076 4938 3174 4990 τοῦ
3225 4935 3491 5010 βασιλέως
3523 4933 3665 4992 ἄλλο
3712 4935 3793 4990 θέ-

2166 5021 2382 5094 λοντος,
2424 5023 2594 5101 ¹ἢγουν
2646 5024 2950 5098 μοιχεύειν,
2981 5021 3017 5092 ἤ
3049 5024 3333 5099 αἱρετίζειν
3357 5044 3369 5057 ⁸
3423 5026 3652 5080 καὶτῶν
3700 5024 3792 5080 ὑπὸ

2166 5118 2326 5186 χεῖρα
2361 5115 2435 5185 μή
2470 5113 2800 5168 συντίθεσθαι
2830 5113 2928 5182 τήν
2963 5111 3154 5188 μερίδα
3187 5115 3323 5187 μετὰ
3371 5119 3577 5189 μοιχοῦ
3625 5133 3794 5186 νομο-

2165 5204 2520 5276 θετουμένων,
2565 5203 2705 5276 μηδὲ
2737 5205 3115 5280 συναιρετίζειν
3142 5223 3154 5236 ·
3210 5204 3340 5278 μηδ’
3373 5207 3456 5260 δτι
3505 5204 3600 5259 οὖν
3632 5224 3790 5278 παρα-

2165 5289 2366 5348 ϐαίνειν
2395 5294 2455 5348 τὸ
2499 5295 2602 5348 ὑπὸ
2637 5297 2871 5367 Χριστοῦ
2909 5293 2998 5348 καὶ
3045 5298 3150 5348 τῶν
3198 5293 3518 5349 ἀποστόλων
3577 5290 3794 5368 παραδε-

2167 5379 2424 5455 δομένονς
2486 5383 2581 5438 Καὶ
2639 5387 2755 5445 πῶς
2833 5383 3064 5438 ἐντεῦθεν
3139 5383 3201 5438 οὐ
3279 5383 3716 5460 συναναφαίνεται
3768 5381 3792 5433 ὁ

2168 5472 2546 5548 Ἀντί-χριστος
2588 5470 2674 5526 ἒπὶ
2721 5472 2905 5546 θύραις
2956 5473 3130 5541 εἶναι;
3183 5472 3254 5527 Οὐ
3305 5473 3407 5548 γὰρ
3457 5472 3793 5544 τολμήσουσι

2142 5622 2187 5657 ³⁸
2229 5621 2428 5678 Matth.
2454 5639 2508 5690 ν,
2538 5621 2628 5685 27,
2657 5623 2747 5677 28.
2824 5623 2868 5658 ³⁸
2901 5623 3044 5680 Ibid.
3106 5625 3189 5680 19.
3259 5624 3301 5659 ³⁷
3352 5623 3526 5681 Exod.
3574 5639 3678 5692 xu,
3708 5620 3790 5676 49.
