4084 6284
329 311 482 374 1033

1601 305 2154 368 EPISTOLARUM
2198 306 2350 367 LIB.
2397 309 2446 367 Ι.

3572 322 3727 386 1034

322 448 484 529 φάναι
515 451 568 503 οἱ
600 446 926 522 Μοιχειανοί
959 463 972 478 °
1008 445 1096 514 Μὴ
1131 443 1259 517 οὗχί
1287 445 1317 498 ὃ
1358 444 1552 514 ἀνομεῖ
1596 441 1626 495 6
1684 440 1956 505 Βασιλεὺςε

2083 441 2207 498 lent
2234 459 2432 499 eorum
2456 460 2583 514 quae
2616 445 2674 500 in
2691 445 2916 503 Christo
2939 451 2994 504 et
3017 451 3293 521 apostolis
3324 455 3536 511 tradita
3554 463 3713 514 sunt.

320 527 469 594 ποιέῐ
495 561 555 595 τε
583 539 674 594 καὶ
703 535 911 593 κελεύει
955 534 1187 591 ὑπείκειν
1234 535 1297 589 τὸ
1357 529 1532 600 λαόν;
1576 531 1671 588 Καὶ
1721 527 1808 585 ⁸ί3ε
1857 529 1958 584 εἷσ-

319 628 485 699 ῆλθεν
519 628 573 684 ἐν
603 632 683 700 τῷ
714 625 872 702 λόγῳ
904 626 1078 681 αὐτῶν
1111 625 1327 683 πάντως
1359 623 1386 677 ὁ
1428 621 1826 696 Ἀντίχριστος.
1862 627 1963 674 Βα-

324 717 508 781 σιλεὺς
562 717 664 792 γάρ
719 715 792 772 ὥν
849 715 1117 783 κάκεῖνος,
1144 717 1307 770 τοῦτο
1362 712 1521 784 μόνον
1555 709 1901 780 έπιζητήσοι,
1932 707 1963 764 6'

324 807 471 862 θέλει
531 807 622 862 καὶ
682 805 828 880 λέγει
882 802 1167 881 γίνεσθαι·
1226 802 1318 857 καὶ
1372 797 1525 856 οὐδὲν
1581 799 1644 854 τὸ
1704 797 1960 873 διάφορον

321 896 457 969 πρὸς
489 896 616 958 τοὺς
647 894 754 969 πρὸ
807 893 994 964 αὐτοῦ,
1045 893 1080 963 ἢ
1125 893 1210 962 τὸ,
1244 893 1320 964 μὴ
1361 894 1619 945 τοσοῦτον
1669 886 1844 942 θέλειν
1873 887 1962 943 καὶ

329 982 646 1060 βούλεσθαι,
678 983 806 1038 ὡσεὶ
835 984 926 1038 καὶ
957 981 1241 1052 θελήσοιεν
1271 981 1362 1035 καὶ
1403 980 1544 1054 ἄρτι.
1578 982 1640 1032 Ἣ
1687 975 1823 1045 αὖτῆ
1880 973 1963 1046 ἒξ-

326 1072 480 1128 ουσία
508 1075 654 1149 παρὰ
711 1078 818 1128 τῶν
873 1073 1146 1147 ἱέραρχῶν
1207 1067 1505 1131 συνοδικῶς
1560 1067 1961 1146 ἐκπεφώνηται.

323 1162 425 1221 Καὶ
458 1166 576 1226 πῶς
609 1163 810 1217 συνιών
841 1182 948 1231 τις,
980 1161 1070 1216 καὶ
1103 1161 1205 1216 οὐκ
1233 1156 1306 1214 ὢν
1345 1156 1576 1232 δύσερις,
1600 1155 1706 1230 οὐχ
1754 1153 1962 1228 ὁμολο-

323 1255 538 1330 γήσειεν
570 1250 748 1315 οὕτως
786 1247 931 1307 ἔχειν
969 1269 982 1320 ;
1013 1251 1071 1306 Τί
1107 1246 1164 1304 δὲ
1191 1249 1393 1318 ταύτης
1419 1253 1520 1316 τῆς
1551 1245 1807 1322 αἱρέσεως
1839 1249 1968 1319 χεῖ-

323 1362 415 1416 ρον
462 1338 634 1412 ἔσται,
681 1337 788 1405 ’έως
838 1337 1154 1409 ἀναδείξεως
1184 1337 1352 1407 αὐτῆς
1400 1341 1498 1392 τοῦ
1530 1336 1963 1412 Ἀντιχρίστου;

319 1432 460 1505 Ἐγὼ
491 1428 646 1487 οῦπω
676 1428 822 1486 δοκῶ
853 1431 992 1486 εἶναι
1023 1449 1037 1463 ⁸
1073 1427 1200 1485 ἀλλ’
1229 1427 1398 1497 αὐτὴν
1434 1426 1633 1497 ταύτην
1681 1426 1760 1490 εἷς
1797 1427 1964 1501 πέρας

321 1518 623 1594 ἀρξαμένην
681 1519 740 1575 ἐκ
792 1523 893 1575 τοῦ
947 1517 1103 1594 δεῦρο
1152 1521 1232 1588 τῷ
1275 1518 1400 1572 τότε
1436 1519 1610 1590 καιρῷ
1638 1513 1911 1584 ἀπολῆξαι
1946 1533 1963 1551 ο

316 1610 406 1663 καὶ
437 1609 553 1664 ὅσοι
578 1609 632 1664 ἐν
661 1607 830 1684 ταύτῃ
867 1608 1200 1675 ὑποπέσωσι,
1227 1604 1326 1663 κᾶν
1372 1605 1498 1662 τότε
1550 1607 1824 1680 ὑπῆρχον,
1862 1605 1962 1660 ὑπ-

317 1695 506 1754 έπεσον
539 1697 599 1753 ἄν
635 1718 649 1731 ⁸
683 1699 773 1754 καὶ
814 1697 1005 1752 ὁπόσοι
1065 1694 1286 1770 δυνάμει
1337 1699 1470 1751 Θεοῦ
1529 1693 1966 1770 ἀνταγωνιζόμε-

314 1809 397 1844 νοι
430 1792 644 1851 στῶσιν,
680 1789 778 1844 εἶεν
803 1785 864 1842 ἂν
913 1787 1003 1843 καὶ
1050 1791 1168 1850 ταῖς
1212 1784 1444 1862 ἡμέραις
1493 1784 1719 1846 ἐκείναις
1769 1787 1959 1839 νικῶν·
1997 1826 2041 1891 Β

470 1878 483 1891 ‘
555 1879 567 1891 ‘
589 1885 597 1891 -
688 1877 699 1891 ⁸
963 1877 978 1891 9
1049 1877 1074 1891 Λ
1163 1876 1173 1891 Ι
1414 1876 1426 1889 ⁸
1480 1879 1527 1891 τ’
1693 1878 1719 1889 ν
1781 1874 1792 1891 I
1813 1879 1825 1891 Δ
1846 1875 1868 1891 ς
1887 1872 1907 1891 Ὗ
1926 1875 1938 1891 τ

313 1899 400 1941 τες
431 1878 523 1933 τὸν
555 1877 929 1952 ’Λντίχριστον
960 1877 1011 1932 ἐν
1048 1876 1259 1948 θανάτῳ
1303 1876 1438 1950 μετά
1480 1878 1743 1950 Χριστοῦ.
1781 1872 1964 1945 Ἀλλ’,

319 1965 363 2022 ὣ
416 1975 516 2038 τῆς
572 1967 912 2042 ἀνθρωπίνης
974 1964 1406 2035 ταλαιπωρίαςί
1469 1968 1586 2026 πῶς
1647 1964 1963 2019 ἀπεντεῦθέν

315 2078 466 2112 νωτα
494 2055 723 2131 ἔστρεψα
756 2079 771 2124 ;
803 2059 920 2117 πῶς
965 2053 1388 2130 ὑποδεικνῦομεν
1434 2054 1486 2108 τί
1533 2053 1807 2126 ἐσόμεθα;
1856 2052 1963 2116 Διά

315 2151 479 2203 τοῦτο
511 2145 690 2222 ὀλίγοι
724 2147 774 2200 οὶ
811 2143 1109 2218 μέλλοντες
1159 2151 1372 2214 στῆναι.
1405 2144 1510 2206 Διὰ
1555 2147 1717 2198 τοῦτο
1767 2141 1958 2205 Ἠλίας

318 2237 411 2291 καὶ
468 2237 647 2309 Ἐνώχ
686 2253 699 2267 ⁸
761 2234 861 2289 οὐκ
919 2232 1141 2308 οἴδαμεν
1175 2235 1219 2290 εἰ
1267 2236 1356 2290 καὶ
1389 2235 1416 2288 6
1449 2233 1720 2306 Θεολόγος
1748 2235 1838 2287 καὶ
1869 2234 1962 2288 εὖ·

316 2326 667 2401 αγγελιστής,
713 2325 920 2400 ἀρωγοὶ
967 2331 1067 2394 τῆς
1124 2325 1475 2398 ἀνθρωπίνης
1521 2322 1812 2393 ἀσθενείας,
1873 2324 1959 2377 καὶ

316 2418 718 2490 πρωτοστάται,
777 2414 868 2467 καὶ
924 2413 1223 2490 ἀθλοφόροι
1280 2418 1379 2480 τῆς
1449 2413 1578 2487 ὑπὲρ
1663 2410 1960 2487 ὁμολογίας

316 2508 560 2578 Χριστοῦ
611 2510 786 2574 νικῆς.
840 2501 948 2571 Διά
999 2507 1167 2558 τοῦτο
1221 2498 1706 2572 κολοϐωθήσονται
1755 2501 1809 2556 αἱ
1835 2501 1965 2574 ἡμέ-

313 2611 402 2669 ραι
430 2601 527 2663 τῆς
557 2593 799 2672 ἀνάγκης
857 2593 1067 2665 ἐκείνης
1125 2597 1195 2668 τῇ
1245 2591 1527 2668 ἐπιφανείᾳ
1582 2593 1817 2667 Χριστοῦ
1874 2590 1962 2644 ἂν·

310 2683 665 2759 αιρουμένης.

387 2954 455 3011 Οἱ
510 2953 778 3016 συνιόντες
836 2961 1020 3023 στῆτε,
1083 2953 1158 3026 μή
1214 2951 1521 3025 ἀρνήσησθε
1578 2949 1813 3022 Χριστὸν
1857 2947 1962 3002 ἀπὸ

315 3045 414 3098 τοῦ
474 3039 632 3117 δεῦρο
666 3062 679 3074 ·
742 3041 968 3114 ἀρκτικά
996 3041 1096 3118 γὰρ
1145 3042 1212 3095 τά
1266 3039 1505 3114 παρόντα
1552 3043 1662 3094 τῶν
1719 3039 1862 3096 τότε.
1893 3037 1963 3093 Τὸ

315 3129 566 3206 δεύτερον
598 3132 662 3186 οὗ
693 3129 912 3198 πολλῆς
947 3129 1116 3186 δεῖται
1168 3128 1482 3208 σαφηνείας,
1514 3129 1573 3183 ἐκ
1616 3132 1714 3183 τοῦ
1761 3127 1954 3203 προτέ-

2071 533 2139 587 Et
2169 534 2459 603 quomodo
2492 551 2559 589 ex
2590 535 2679 590 his
2693 537 3089 595 Antichristus
3120 557 3234 597 non
3265 544 3556 601 videbitur
3585 565 3713 604 esse

2069 622 2128 677 in
2155 622 2353 692 januis
2374 623 2401 677 ‘I
2426 624 2548 680 Non
2578 627 2731 682 enim
2768 626 2958 683 dicere
3007 629 3306 687 audebunt
3358 635 3660 692 Moechiani
3696 656 3708 692 :

2070 710 2274 767 Nonne
2304 727 2424 780 rex,
2464 714 2693 770 etiamsi
2723 721 2938 786 peccet,
2972 717 3105 774 facit
3135 736 3200 776 ac
3224 722 3394 792 jubet
3433 728 3498 780 ut
3527 743 3714 798 popu-

2070 799 2158 856 lus
2188 801 2301 873 legi
2334 808 2531 873 pareat
2551 802 2577 859 ‘2
2597 804 2667 859 Et
2686 821 2817 861 ecce
2847 805 2906 861 in
2964 806 3197 864 illorum
3235 827 3502 871 sermone
3551 833 3715 886 pror-

2072 907 2172 946 sus
2199 893 2430 946 advenit
2484 893 2899 951 Antichristus.
2933 895 3080 952 Nam
3133 915 3264 955 cum
3324 901 3449 973 ipse
3478 920 3581 959 rex
3613 905 3710 974 sit,

2069 981 2194 1034 tum
2225 979 2283 1034 id
2324 981 2607 1037 duntaxat
2662 984 2816 1054 quod
2865 984 2988 1040 vult
3043 992 3100 1041 et
3148 988 3307 1056 dicit,
3341 990 3462 1046 fieri
3487 993 3713 1064 exiget:

2073 1085 2264 1140 neque
2301 1070 2373 1125 ab
2406 1069 2497 1133 iis,
2523 1070 2620 1141 qui
2642 1071 2836 1141 ipsum
2850 1077 3272 1134 antecesserint
3303 1079 3474 1136 aliter
3495 1082 3712 1138 discre-

2072 1158 2254 1230 pabit,
2269 1175 2435 1230 quam
2456 1162 2593 1231 quia
2615 1178 2719 1219 nec
2739 1180 2806 1219 ea
2827 1164 3060 1234 quidem
3084 1167 3234 1222 volet
3263 1185 3390 1240 quae
3414 1171 3539 1241 jam
3560 1189 3714 1229 nunc

2071 1247 2156 1303 illi
2187 1247 2490 1309 voluerint.
2523 1251 2735 1307 Eadem
2769 1251 3006 1310 licentia
3048 1270 3149 1324 per
3197 1258 3502 1331 episcopos
3536 1278 3712 1334 syno-

2072 1336 2197 1392 dice
2228 1338 2592 1410 promulgata
2621 1346 2727 1396 est.
2751 1342 2821 1396 Et
2841 1342 3113 1414 quisnam
3146 1362 3386 1418 compos
3409 1349 3640 1417 mentis,
3668 1349 3716 1406 si

2073 1427 2468 1484 contentiosus
2493 1445 2607 1484 non
2639 1434 2748 1499 est,
2773 1447 2891 1488 rem
2951 1433 3030 1489 ita
3068 1451 3127 1489 se
3153 1435 3362 1494 habere
3391 1454 3507 1494 non
3539 1439 3716 1495 fatea-

2071 1519 2167 1570 tur
2186 1517 2214 1569 ?
2242 1516 2390 1582 Quid
2413 1521 2606 1573 autem
2640 1519 2746 1576 hac
2771 1519 2979 1577 haeresi
3012 1523 3268 1580 deterius
3318 1527 3581 1584 futurum
3605 1537 3711 1600 est,

2071 1603 2145 1659 ad
2171 1605 2360 1676 ipsam
2395 1623 2582 1680 usque
2603 1608 2948 1666 Antichristi
2989 1613 3558 1672 manifestationem?
3595 1620 3712 1688 Ego

2072 1695 2331 1750 nondum
2348 1696 2585 1767 quidem
2602 1698 2812 1754 factam
2831 1700 3120 1758 hancesse
3152 1703 3400 1760 arbitror
3432 1722 3444 1760 :
3470 1707 3571 1763 sed
3588 1709 3711 1776 jam

2075 1797 2227 1837 nunc
2258 1782 2610 1852 inchoatam,
2635 1785 2730 1840 illo
2765 1795 3019 1860 tempore
3060 1790 3276 1846 exitum
3340 1793 3666 1850 habituram
3697 1810 3710 1849 ε

2071 1876 2128 1926 et
2157 1876 2437 1942 quotquot
2479 1874 2538 1928 in
2571 1877 2679 1931 hac
2705 1877 3144 1947 succubuerint,
3169 1896 3284 1944 eos,
3321 1881 3372 1937 si
3397 1887 3534 1938 tunc
3565 1884 3716 1938 exsi-

2073 1965 2311 2027 sterent,
2345 1963 2574 2033 penitus
2613 1981 2879 2021 cessuros
2913 1983 2926 2021 :
2969 1972 3026 2022 et
3055 1977 3334 2040 quotquot
3375 1970 3475 2028 Dei
3507 1973 3713 2028 virtute

2072 2049 2425 2108 reluctantes
2484 2059 2792 2122 steterunt,
2816 2057 3050 2112 eosdem
3111 2057 3228 2114 illis
3279 2059 3506 2128 diebus,
3547 2062 3711 2116 Anti-

2073 2139 2276 2196 christi
2307 2143 2553 2198 victores
2587 2159 2688 2212 per
2718 2148 2963 2200 mortem
2991 2161 3125 2201 cum
3181 2146 3410 2205 Christo
3458 2150 3704 2206 futuros.

2070 2230 2200 2296 Sed,
2233 2247 2264 2284 ο
2296 2231 2686 2287 calamitatem
2702 2232 3136 2290 humanamlut
3166 2241 3327 2308 terga
3350 2239 3470 2308 jam
3503 2240 3710 2294 exinde

2073 2319 2377 2375 veteruntl
2413 2325 2496 2388 ut,
2525 2321 2623 2391 qui
2674 2322 2854 2377 futuri
2904 2323 3113 2387 simus,
3164 2326 3562 2382 ostendimusl
3600 2334 3709 2384 Po-

2075 2414 2269 2478 pterea
2295 2410 2463 2480 pauci
2498 2409 2677 2466 futuri
2705 2415 2844 2466 sunt
2873 2412 2973 2482 qui
3015 2417 3188 2482 stent,
3225 2421 3528 2485 propterea
3561 2416 3712 2473 Elias

2072 2497 2129 2549 et
2153 2493 2368 2560 Enoch,
2384 2493 2540 2550 haud
2555 2495 2770 2551 scimus
2792 2513 2864 2551 an
2896 2501 2954 2553 et
2984 2497 3315 2571 Theologus
3337 2516 3404 2556 ac
3425 2502 3712 2574 evangeli-

2073 2584 2829 2652 sta,inﬁrmitatishumanaa
2860 2587 3227 2646 auxiliatores
3257 2596 3452 2661 erunt,
3472 2596 3527 2647 et
3548 2597 3712 2649 ante-

2073 2676 2321 2749 signani,
2347 2677 2479 2733 etin
2511 2678 2725 2735 Christi
2758 2681 3117 2736 confessione
3143 2681 3411 2740 victores.
3443 2683 3714 2755 Propter-

2072 2782 2140 2822 ea
2169 2767 2587 2823 breviabuntur
2616 2769 2740 2824 dies
2773 2786 3041 2826 aerumnae
3072 2769 3253 2841 illius,
3287 2771 3379 2828 cui
3427 2773 3714 2830 adventus

2072 2855 2283 2912 Christi
2308 2857 2486 2912 ﬁnem
2510 2856 2771 2928 imponet
2793 2857 2860 2911 ³ο.

2144 2943 2319 3011 State,
2354 2945 2690 3016 quicunque
2743 2945 3043 3017 sapitis,et
3091 2947 3388 3006 Christum
3432 2950 3707 3024 deinceps

2072 3047 2144 3090 ne
2175 3033 2496 3103 abnegetis.
2529 3033 2659 3090 Haec
2689 3035 2844 3091 enim
2878 3052 3003 3107 qua:
3027 3036 3311 3107 videmus,
3345 3039 3513 3094 initia
3569 3046 3709 3096 sunt

2074 3139 2276 3178 eorum
2299 3140 2424 3194 quae
2455 3130 2594 3179 tunc
2626 3133 2789 3180 erant
2817 3125 3076 3181 Alterum
3107 3126 3280 3200 longa
3327 3129 3707 3201 explicatione

473 3187 484 3206 ι
1215 3187 1258 3208 -.
1299 3187 1309 3197 -
1448 3187 1482 3200 -ι
1805 3187 1814 3203 ι

315 3239 414 3295 ρου
472 3218 926 3295 έπιδηλοόμενον.
986 3219 1496 3294 Ἀναθεματίσαντες
1553 3216 1642 3273 οὗν
1702 3216 1828 3280 τοὺς
1877 3218 1953 3290 μὴ

2072 3228 2186 3268 non
2217 3217 2363 3284 eget,
2389 3230 2521 3268 cum
2550 3216 2670 3284 jam
2693 3231 2762 3270 ex
2788 3214 2965 3286 priori
2992 3217 3358 3273 manifestum
3385 3218 3477 3273 sit.
3511 3219 3707 3291 Itaque

315 3307 654 3386 δεχομένους
683 3311 783 3379 τὴν
819 3310 1197 3386 μοιχοζευξίαν
1249 3311 1336 3365 καὶ
1395 3311 1495 3378 τὴν
1557 3307 1808 3383 μοιχείαν
1861 3310 1958 3362 τοῦ

315 3393 610 3468 ϐασιλέως,
641 3398 732 3454 καὶ
761 3400 860 3469 τήν
890 3403 988 3454 τοῦ
1028 3400 1230 3462 παντὸς
1278 3398 1582 3474 εὑρεθέντος
1623 3397 1711 3452 καὶ
1757 3394 1808 3451 ἒν
1866 3395 1960 3450 αὖ·

309 3493 382 3562 τῇ
410 3490 513 3556 τὴν
547 3486 739 3562 μερίδα
783 3487 1010 3562 θεμένου
1057 3487 1421 3563 παρανομίαν,
1456 3489 1531 3550 ὡς
1588 3486 1745 3563 ἁγίαν
1804 3485 1956 3542 οἷκο-

307 3577 510 3650 νομίαν
544 3596 557 3609 ·
585 3576 639 3632 τί
667 3574 810 3632 ἄλλο
849 3578 884 3648 ἢ
933 3576 1063 3641 τοὺς
1107 3577 1320 3652 ἁγίους,
1368 3576 1459 3631 καὶ
1488 3575 1730 3652 ξπρώτόν
1767 3596 1827 3651 γε
1862 3575 1957 3631 τὸν

311 3664 639 3742 Πρόδρομον
697 3663 1194 3739 ἀναθεματίκασινς
1254 3665 1456 3736 ἀληθὲς
1523 3665 1714 3735 εἰπεῖν,
1765 3663 1812 3719 εἴ
1865 3665 1956 3720 καὶ

309 3751 570 3832 φοϐερὸν,
602 3755 691 3810 καὶ
735 3757 896 3812 αὐτὸν
947 3756 1038 3812 τὸν
1088 3761 1196 3810 τῶν
1247 3753 1416 3830 ἁγίων
1473 3755 1804 3825 Aea-norm;
1861 3756 1956 3814 ’Ὀς

305 3846 412 3920 γὰρ
461 3849 631 3899 ταῦτα
683 3844 1069 3920 ἀπηγόρευσεν,
1131 3843 1192 3900 οὐ
1242 3841 1482 3918 δέχεται,
1541 3841 1664 3898 οὐδὲ
1747 3840 1956 3897 εὐδοκεὶ

311 3930 598 4003 δηλονότι,
630 3932 778 3988 ἀλλά
811 3933 933 3988 λίαν
955 3931 1254 4003 ἠπείλησεν
1279 3933 1644 4007 ἀπαραίτητον
1677 3932 1740 3986 τὸ
1761 3937 1953 4006 κρῖμα,

305 4023 490 4077 καὶτὸ
527 4022 686 4096 μόνον
721 4023 854 4095 μετά
887 4027 1091 4098 μοιχοῦ
1138 4024 1238 4090 τήν
1291 4019 1484 4096 μερίδα
1531 4023 1720 4092 θεῖναι,
1750 4023 1810 4076 οὐ
1859 4025 1954 4076 τοῦ

307 4108 385 4181 δε,
437 4112 472 4181 ἢ
513 4111 694 4183 τοῦδε,
740 4111 887 4167 ἀλλά
928 4113 1125 4175 παντὸς
1169 4113 1504 4181 οὑτινοσοῦν,
1547 4111 1841 4180 Βασιλέως,
1875 4108 1955 4166 δυ-

303 4205 528 4270 νάστου,
559 4207 758 4278 μικροῦ
788 4203 877 4257 καὶ
939 4201 1206 4277 μεγάλου.
1241 4204 1336 4264 Εἷς
1383 4203 1486 4278 γὰρ
1531 4203 1733 4276 νόμους
1782 4199 1950 4272 ἔσται,

304 4292 462 4369 φησὶ,
496 4293 586 4346 καὶ
641 4289 694 4346 ἓν
755 4291 1095 4369 Εὐαγγέλιον
1152 4287 1578 4366 παρελάϐομεν·
1637 4291 1726 4346 καὶ
1785 4292 1844 4354 ’ὃς
1895 4291 1954 4346 ἐκ

299 4377 463 4436 τοῦδε
515 4385 611 4436 τοῦ
662 4380 998 4457 Εὐαγγελίου
1057 4381 1152 4437 κᾶν
1210 4383 1274 4437 τὸ
1326 4382 1496 4460 τυχὸν
1529 4380 1951 4455 παρασαλεύσοι,

299 4469 402 4526 κᾶν
451 4468 682 4546 ἄγγελος
740 4469 792 4542 ἐξ
841 4471 1090 4547 οὐρανοῦ,
1122 4469 1278 4547 ἄρκεῖ
1331 4492 1414 4525 σοι
1456 4473 1491 4540 ἡ
1540 4469 1827 4549 ἀσφάλεια.
1860 4471 1950 4538 Μὴ

2066 3303 2166 3374 qui
2187 3302 2318 3359 illos
2350 3305 2910 3362 anathematizarunt
2931 3306 3028 3377 qui
3050 3309 3518 3378 conjunctionem
3541 3312 3610 3366 ad
3622 3311 3706 3366 ul-

2064 3393 2330 3461 terinam,
2357 3402 2411 3449 et
2440 3394 2805 3465 imperatoris
2826 3396 3174 3454 adulterium
3199 3402 3253 3453 et
3283 3399 3572 3469 omnium,
3605 3401 3704 3472 qui

2065 3481 2194 3551 ejus
2227 3483 2530 3554 participes
2562 3483 2782 3540 inventi
2836 3489 2996 3551 sunt,
3027 3488 3556 3556 praevaricationem
3589 3505 3703 3544 non

2064 3572 2332 3643 recipunt
2373 3577 2652 3644 tanquam
2683 3574 3174 3644 dispensationem
3222 3582 3525 3647 sanctam;
3559 3580 3699 3650 quid

2065 3666 2306 3734 egerunt
2327 3662 2484 3717 aliud
2508 3662 2620 3718 nisi
2637 3666 2892 3732 sanctos,
2917 3681 2981 3720 ac
3004 3665 3256 3736 primum
3285 3667 3516 3737 quidem
3549 3668 3704 3722 Prm-

2063 3751 2981 3824 cursorem,anathematizarunt,
3014 3763 3182 3826 atque
3214 3761 3278 3812 ut
3307 3771 3509 3812 verum
3543 3758 3699 3813 dica-

2062 3853 2180 3912 tur,
2211 3843 2444 3899 tametsi
2478 3843 2859 3912 horrendum,
2895 3845 3082 3913 ipsum
3135 3845 3314 3900 etiam
3365 3851 3696 3902 sanctorum

2063 3932 2412 3989 Dominum?
2441 3933 2547 3999 Qui
2579 3933 2734 3988 enim
2765 3934 2880 3988 haec
2913 3932 3403 4001 prohibuit,haud
3433 3935 3603 3990 dubie
3633 3952 3699 3991 ea

2063 4039 2179 4079 non
2210 4022 2424 4094 recepit
2454 4039 2557 4078 nec
2588 4024 2872 4093 approbat
2904 4040 2918 4077 :
2953 4023 3090 4093 quin
3116 4023 3405 4093 judicium
3442 4025 3697 4080 inexora-

2066 4112 2212 4167 biles
2239 4112 2493 4168 minatus
2507 4117 2596 4167 est
2609 4113 2779 4167 etiam
2794 4112 3247 4167 communicanti
3263 4129 3392 4167 cum
3409 4114 3693 4179 adultero,

2061 4217 2178 4258 non
2209 4202 2316 4257 hoc
2337 4201 2423 4257 vel
2454 4201 2573 4268 illo,
2598 4203 2694 4255 sed
2727 4217 3092 4272 quocunque,
3117 4201 3479 4271 imperatore,
3514 4205 3696 4273 dyna-

2061 4296 2173 4357 sta,
2204 4307 2378 4362 parvo
2409 4295 2465 4346 et
2526 4305 2756 4359 magno.
2797 4288 2922 4344 Una
2978 4290 3154 4354 enim,
3189 4289 3291 4357 ait,
3327 4289 3416 4346 lex
3472 4294 3583 4348 erit
3601 4292 3642 4327 ³¹
3678 4311 3690 4348 :

2061 4390 2115 4438 et
2147 4398 2331 4436 unum
2390 4379 2758 4448 Evangelium
2817 4381 3151 4452 accepimus
3185 4399 3198 4436 :
3239 4389 3292 4437 et
3357 4383 3456 4454 qui
3487 4400 3556 4438 ex
3586 4383 3694 4439 hoc

2060 4471 2370 4542 Evangelia
2401 4469 2701 4541 quidpiam
2722 4470 3164 4539 labefactaverit,
3196 4471 3326 4526 licet
3356 4473 3596 4543 angelus
3625 4474 3696 4528 de

305 4558 564 4635 βασιλεὺς
600 4563 799 4634 μείζων
841 4558 1070 4636 ἀγγέλου
1106 4580 1120 4631 ;
1170 4563 1259 4631 Μὴ
1302 4560 1431 4636 οὐχὶ
1478 4562 1506 4615 6
1554 4561 1947 4634 κοσμοκράτωρ

2067 4559 2225 4628 cmlo,
2258 4560 2477 4615 sufﬁcit
2507 4559 2608 4614 tibi
2639 4562 3007 4618 asseveratio.
3041 4562 3188 4620 Num
3221 4563 3535 4633 imperator
3570 4580 3696 4618 ma-

303 4649 357 4705 ἐν
385 4653 467 4721 τῷ
496 4645 691 4723 κόσμῳ
739 4649 938 4724 μείζων
993 4651 1209 4706 πάντων
1265 4655 1372 4706 τῶν
1431 4653 1948 4725 κοσμοκρατορικῶς

298 4737 641 4814 κρατούντων
675 4735 946 4810 δαιμόνων
994 4738 1086 4794 καὶ
1135 4740 1454 4815 ἀνθρώπων,
1487 4737 1614 4793 ἀλλ’
1664 4737 1790 4813 οὐχί
1841 4740 1951 4792 θεῖ-

298 4830 411 4887 κῶς
447 4845 462 4894 ;
497 4825 594 4880 Καὶ
624 4825 676 4880 τί
706 4827 734 4880 6
765 4827 1099 4891 ’Δπόστολος
1135 4847 1147 4896 ;
1181 4828 1453 4901 Ἀνάθεμα
1499 4825 1658 4884 ἔστω.
1689 4826 1947 4903 Ἄγγελοι

301 4915 368 4969 οὐ
400 4913 653 4987 τολμῶσι
711 4913 1134 4990 παρασαλεῦσαι,
1170 4914 1294 4971 οὐδὲ
1351 4916 1666 4978 σαλεύοντες
1729 4917 1944 4989 μένουσι

305 5005 382 5076 μὴ
419 5003 961 5076 ἀναθεματιζόμενοι,
995 5006 1068 5067 ώς
1101 5006 1128 5060 ὁ
1163 5000 1424 5068 διάϐολος
1473 5006 1563 5061 καὶ
1616 5009 1650 5074 ἡ
1708 5005 1944 5060 ἀποστα·

296 5094 424 5162 τικὴ
458 5091 626 5148 αὐτοῦ
667 5091 903 5163 πληθύς.
938 5093 1042 5150 Καὶ
1072 5099 1188 5157 πῶς
1234 5096 1511 5170 ἄνθρωπος
1542 5100 1644 5157 πᾶς
1678 5093 1728 5149 ἐν
1788 5095 1945 5171 σαρκὶ

301 5180 396 5254 ὢν,
429 5179 670 5237 σαλεύων
709 5181 798 5236 καὶ
855 5188 1216 5256 καινοτομῶν,
1247 5184 1338 5238 καὶ
1399 5183 1636 5257 μάλιστα
1689 5184 1943 5246 τοιαύτας

295 5273 673 5346 καινοτομίας,
707 5272 805 5327 οὐκ
835 5272 1130 5348 ἀλλότριος
1162 5278 1295 5329 Θεοῦ
1329 5295 1342 5344 ;
1377 5278 1471 5337 Ὅς
1504 5273 1559 5329 δὲ
1589 5274 1650 5329 οὐ
1701 5272 1941 5349 δέχεται,

297 5362 330 5416 ἀ
366 5361 708 5435 ἀπηγόμεσεν
763 5359 1124 5432 (ἀναληπτέος
1172 5362 1274 5438 γὰρ
1325 5361 1375 5433 ἐξ
1425 5363 1486 5417 οὗ
1525 5362 1600 5424 εἰς
1642 5361 1942 5436 μεταξυλο-

295 5449 416 5527 γίαν
451 5448 716 5523 μετῆλθεν
749 5449 777 5504 ὁ
811 5449 1004 5526 λόγος)
1032 5450 1189 5513 οὗτος
1218 5453 1352 5506 κατᾶ
1381 5451 1507 5513 τοὺς
1550 5451 1940 5526 Μοιχειανοὺς,

300 5537 517 5613 μᾶλλον
569 5535 628 5592 δὲ
683 5537 1113 5612 Ἀντιχρίστους,
1147 5537 1254 5611 ἤδη
1315 5539 1753 5613 ἂναθεμάτισται.
1787 5541 1848 5598 Ei
1881 5539 1939 5596 δὲ

363 5674 410 5710 ³⁸
439 5672 642 5730 Matth.
667 5689 823 5744 xxxv,
849 5677 942 5730 22.
983 5673 1027 5710 “
1053 5672 1226 5731 Exod.
1260 5691 1356 5744 xu,
1392 5675 1479 5730 49.

616 5773 872 5832 ΡΑτιιοι..
921 5774 1030 5834 Gn.
1075 5771 1278 5834 XCIX.

2053 4647 2150 4716 jor
2165 4653 2254 4704 est
2271 4649 2516 4721 angelo?
2537 4649 2686 4705 Num
2704 4651 2910 4706 mundi
2942 4653 3209 4723 princeps
3240 4651 3300 4706 in
3333 4653 3553 4708 mundo
3577 4670 3698 4708 ma-

2051 4738 2146 4808 jor
2176 4738 2399 4794 cunctis
2432 4739 2799 4795 daemonibus
2818 4745 2875 4795 et
2907 4740 3377 4812 hominibus,qui
3402 4743 3694 4797 mundana

2057 4831 2360 4898 potestate,
2391 4845 2508 4884 non
2539 4828 2755 4894 divina,
2778 4829 2837 4884 in
2862 4831 3077 4885 mundo
3109 4831 3692 4895 dominantur?Quid

2055 4921 2248 4972 autem
2279 4917 2420 4972 dicit
2447 4917 2756 4988 Apostolus
2776 4918 2803 4972 ?
2832 4917 3156 4974 Anathema
3177 4919 3271 4973 sit.
3295 4919 3496 4990 Angeli
3527 4921 3692 4975 labe-

2056 5006 2270 5062 factare
2298 5022 2413 5060 non
2463 5007 2700 5072 audent,
2733 5012 2809 5076 et,
2847 5008 2893 5062 si
2955 5007 3326 5075 labefactent,
3385 5009 3694 5065 anathema

2054 5112 2170 5151 non
2201 5095 3004 5167 eﬁ’ugiunt,quemadmodum
3021 5096 3286 5153 diabolus
3299 5114 3364 5152 ac
3377 5099 3501 5168 ejus
3523 5099 3696 5155 turba

2054 5185 2334 5240 desertrix
2366 5191 2418 5241 et
2447 5201 2700 5255 quonam
2733 5186 2905 5242 modo
2937 5186 2993 5240 in
3026 5201 3200 5240 carne
3246 5185 3444 5240 vivens
3503 5187 3694 5243 omnis

2055 5273 2252 5342 homo,
2281 5274 2330 5329 si
2362 5273 2697 5341 labefactat,
2730 5279 2787 5329 et
2815 5291 2960 5331 nova
2991 5273 3345 5341 introducal,
3381 5291 3447 5330 ac
3495 5276 3696 5346 praeci-

2050 5380 2161 5435 pue
2191 5380 2337 5419 nova
2368 5363 2725 5434 hujusmodi,
2751 5364 2975 5420 alienus
3008 5383 3038 5419 a
3079 5366 3194 5420 Deo
3240 5381 3358 5420 non
3408 5364 3562 5420 erit?
3592 5365 3699 5429 Qui

2049 5469 2184 5508 vero
2215 5469 2283 5508 ea
2312 5468 2443 5523 qua)
2487 5458 2641 5509 Deus
2700 5453 3020 5524 prohibuit,
3057 5470 3172 5508 non
3235 5451 3443 5524 recipit
3498 5453 3698 5524 (revo-

2049 5543 2229 5600 canda
2266 5544 2421 5598 enim
2458 5544 2610 5597 unde
2639 5542 2904 5614 digressa
2933 5547 3020 5598 est
3034 5541 3326 5613 oratio),is
3348 5542 3690 5598 Moechiano-

3300 5770 3376 5826 33
