4084 6284
403 354 557 415 1035

402 501 555 553 rum,
585 479 672 537 vel
707 475 899 550 potius
929 465 1419 527 Antichristorum
1460 454 1749 515 sententia
1771 454 1896 524 jam
1954 452 2041 505 est
2071 447 2125 514 Α

401 567 960 633 excommunicatus.
984 557 1148 624 Quod
1182 555 1230 610 si
1265 550 1596 616 Dominum,
1629 545 1781 600 sicut
1830 537 2040 610 Judaei,

402 661 686 721 daemonia
722 657 785 712 in
841 648 1160 710 Beelzebub
1219 641 1543 714 ejicientem
1594 634 1944 690 vocaverunt
1972 627 2041 693 ³³,

402 719 540 826 quid
564 753 633 806 de
665 746 846 819 ipsius
877 741 1058 798 servis
1089 740 1144 792 et
1173 728 1449 789 famulis?
1471 730 1587 782 Aut
1616 723 1770 779 enim
1799 736 1894 776 eos
1927 719 2047 773 Do-

403 842 547 900 mini
578 818 730 911 leges
761 838 820 890 in
861 832 982 888 suis
1031 818 1570 898 dispensationibus
1626 830 1741 869 non
1788 823 2045 867 servasse

403 933 540 999 rati,
572 924 1042 998 conjunctionem
1067 912 1310 972 adulteri
1327 913 1386 966 et
1417 903 1894 964 communionem
1919 912 2046 953 cum

403 990 663 1079 adultero
677 990 883 1088 parilis
914 1023 1042 1066 esse
1072 999 1355 1061 momenti
1378 1015 1444 1055 ac
1467 995 1663 1068 gloriae
1689 990 2045 1053 statuerunt,

403 1126 572 1169 suam
625 1079 746 1162 illis
805 1097 1298 1172 dispensationem
1350 1087 1761 1158 adjungentes,
1797 1079 2046 1146 ideoque

401 1199 642 1258 minime
659 1194 791 1250 illos
811 1195 1087 1260 tanquam
1110 1182 1336 1254 exleges
1354 1175 1836 1234 etmandatorum
1857 1172 2052 1222 trans-

404 1301 721 1362 gressores,
753 1272 1337 1337 anathematizarunt,
1361 1260 1718 1336 proindeque
1747 1255 1860 1327 ipsi
1891 1268 2055 1325 pror-

407 1345 510 1435 sus
543 1345 1073 1432 anathematizandi
1097 1362 1271 1416 sunt:
1305 1353 1599 1424 autlegem
1631 1348 1702 1404 ab
1725 1345 1842 1400 illis
1871 1357 2050 1398 serva-

404 1472 524 1524 tam
555 1479 684 1521 esse
713 1458 1076 1522 conﬁtentes,
1108 1466 1171 1506 se
1199 1449 1355 1518 ipsos
1387 1434 2050 1500 anathematizaverunt,

408 1573 524 1613 non
559 1558 757 1610 autem
790 1548 1041 1606 sanctos,
1075 1539 1410 1597 sanctorum
1445 1529 1558 1586 sibi
1601 1540 1812 1583 nomen
1848 1520 2047 1578 miseri

408 1644 768 1702 vindicantes
799 1637 862 1691 in
893 1625 1413 1701 dispensatione,ut
1440 1621 1668 1683 vocant,
1691 1609 2054 1683 conjunctio-

408 1736 502 1792 nis
533 1727 774 1788 adulteri
807 1742 822 1782 :
857 1740 922 1779 ac
951 1737 1016 1777 eo
1036 1720 1161 1790 ipso
1185 1728 1390 1771 rursus
1414 1712 1647 1765 sanctos
1670 1699 2054 1759 anathemati-

1639 321 1699 383 S.
1745 312 2142 381 THEODOBI
2189 309 2548 372 STUDIT/E

3634 319 3776 380 1036

2151 443 2240 498 τὸν
2277 440 2546 508 Δεσπότην
2585 439 2780 510 οὕτως,
2828 437 3008 515 ὥσπερ
3058 443 3108 496 οἱ
3153 441 3428 515 Ἰουδαῖοι,
3472 444 3524 500 έν
3575 447 3782 518 Βεελζε-

2147 529 2285 588 ϐοὺλ
2335 526 2622 586 ἐκϐάλλειν
2683 528 2842 584 αὐτὸν
2901 530 2967 584 τά
3026 529 3282 605 δαιμόνια
3336 534 3683 607 κεκλήκασι;
3733 542 3787 595 τί

2145 621 2268 696 περὶ
2301 625 2406 676 τῶν
2442 617 2653 674 δούλων
2682 620 2768 673 καὶ
2821 583 3160 692 θεραπόντων
3207 623 3375 678 αὐτοῦ
3409 646 3422 693 ;
3472 583 3507 695 ἦ
3561 583 3683 703 γὰρ,

2148 712 2210 767 οὗ
2239 711 2712 784 πειθαρχήσαντας
2749 714 2865 771 τοῖς
2919 717 3267 776 Δεσποτικοῖς
3322 714 3515 786 νόμοις
3567 715 3618 770 ἐν
3675 723 3788 781 ταῖς

2150 799 2483 873 οἳκονομίαις
2525 799 2698 853 αὐτῶν
2758 796 3117 873 ἐδογμάτισαν
3178 802 3466 878 ἰσόρροπον
3525 807 3614 859 καὶ
3676 806 3785 861 ἴσο-

2147 889 2283 959 κλεῆ
2333 891 2432 957 τὴν
2489 889 2871 963 μοιχοζευξίαν
2913 892 3002 945 καὶ
3054 895 3542 966 μοιχοκοινωνίαν,
3587 896 3787 950 οἰκονο-

2154 979 2281 1054 μίαν
2322 979 2511 1042 αὐταῖς
2549 979 2909 1052 συντάξαντες,
2950 979 3039 1034 καὶ
3073 979 3161 1035 διὰ
3216 987 3378 1037 τοῦτο
3435 984 3510 1046 ὡς
3554 983 3790 1058 ἀνόμους

2150 1069 2277 1132 τοὺς
2323 1067 2534 1146 ἁγίους,
2587 1069 2675 1123 καὶ
2722 1065 3038 1144 παραϐάτας
3094 1077 3199 1126 τῶν
3247 1071 3482 1128 ἐντολῶν
3539 1074 3788 1150 ἀνεθεμά·

2150 1180 2324 1229 τισαν,
2355 1158 2445 1213 καὶ
2477 1159 2715 1213 ἐντεῦθεν
2746 1159 2960 1222 πάντως
2993 1159 3442 1234 ἀναθεματιστέοι
3475 1183 3488 1197 ’
3544 1166 3579 1235 ἢ
3632 1186 3792 1239 νομο-

2153 1247 2398 1328 φύλακας
2447 1245 2641 1310 αότοὺς
2715 1246 3143 1324 ὁμολογοῦντες,
3193 1251 3414 1314 ἑαυτοὺς
3466 1251 3786 1326 ἀνεθεμάτι-

2155 1359 2271 1394 σαν.
2292 1335 2452 1394 Ἀλλ’
2479 1335 2546 1391 οὗ
2573 1337 2698 1398 τοὺς
2730 1337 2938 1412 ἁγίους,
2971 1341 3413 1416 σφετερισάμενοι
3460 1343 3513 1396 οἱ
3565 1340 3792 1398 δείλαιοι

2154 1429 2229 1490 εἷς
2260 1429 2483 1490 ἑαυτοὺς
2515 1428 2575 1482 τὸ
2607 1431 2714 1483 τῶν
2747 1427 2911 1503 ἁγίων
2960 1427 3131 1502 ὄνομα
3177 1431 3228 1486 ἐν
3277 1436 3346 1506 τῇ
3393 1432 3669 1510 λεγομένῃ
3699 1434 3793 1487 αὖα

2219 1524 2241 1534 υ
2338 1519 2352 1534 ν
2794 1489 2804 1503 '
3057 1489 3067 1502 ι
3322 1489 3346 1506 ..
3535 1489 3545 1505 Ι
3658 1489 3669 1499 .

2153 1533 2269 1581 τοις
2301 1515 2592 1590 οικονομία
2638 1524 2738 1587 τῆς
2791 1520 3170 1594 μοιχοζευξίας
3210 1541 3222 1554 ’
3275 1522 3363 1577 καὶ
3396 1489 3487 1577 διά
3513 1489 3674 1578 τοῦτο
3703 1523 3797 1577 πά-

2156 1609 2243 1664 λιν
2272 1607 2398 1670 τοὺς
2459 1604 2641 1683 ἁγίους
2693 1608 3076 1681 ἀνεθεμάτισαν
3105 1610 3180 1672 ὡς
3241 1613 3318 1684 μὴ
3371 1611 3527 1674 ὄντας
3558 1612 3752 1687 ἁγίους
3781 1629 3793 1642 ·

2158 1698 2273 1753 ἐπεὶ
2312 1699 2458 1772 ἅγιοι
2489 1704 2607 1753 κατ’
2638 1698 2831 1762 αὐτοὺς
2859 1699 2910 1753 οἱ
2941 1701 3076 1754 κατά
3103 1698 3326 1775 δύναμιν
3363 1706 3462 1768 τῆς
3501 1708 3799 1778 μοιχοζευ-

410 1823 978 1886 zaverunttanquam
1003 1807 1244 1864 minime
1265 1804 1497 1859 sanctos
1531 1813 1544 1851 :
1577 1791 2049 1867 quandoquidem

2180 1787 2207 1806 .,
2377 1787 2390 1803 ς

2180 1808 2276 1886 βας
2304 1808 2393 1842 και
2421 1879 2432 1886 ι
2456 1785 2994 1864 μοιχομεριδαρχίας
3046 1791 3142 1853 τὰς
3201 1791 3518 1866 οἰκονομίας
3580 1813 3802 1861 πεποιη-

413 1911 600 1969 sancti
635 1921 832 1964 eorum
859 1896 1135 1973 judicioii
1167 1889 1554 1962 sunt,quipro
1587 1881 2048 1949 viribusdispen-

413 2001 666 2058 sationes
695 1987 1120 2064 conjunctionis
1160 1979 1522 2044 adulterinae,
1556 1979 1614 2032 et
1653 1968 2046 2029 communica-

414 2091 586 2148 tionis
617 2101 752 2144 cum
783 2059 1044 2140 adultero
1077 2073 1331 2147 principe
1366 2068 1623 2124 fecerunt
1670 2070 1727 2118 et
1781 2059 2002 2116 faciunt
2034 2074 2048 2112 :

416 2178 588 2235 alieni
622 2179 812 2231 autem
847 2189 879 2226 a
911 2171 1023 2224 Deo
1042 2169 1097 2221 et
1113 2162 1338 2233 exleges
1363 2175 1427 2214 ac
1442 2155 1841 2212 mandatorum
1859 2155 2052 2204 trans-

418 2281 729 2340 gressores,
752 2265 809 2317 et
849 2250 1335 2314 excommunicati
1365 2247 1513 2318 apud
1565 2246 1722 2315 ipsos
1770 2242 1923 2303 sunt,
1958 2236 2054 2308 qui

425 2358 657 2414 illorum
717 2345 1211 2419 dispensationem
1263 2337 1542 2395 adulteris
1589 2331 2056 2405 patrocinantem

424 2464 538 2505 non
572 2441 885 2513 recipiunt,
920 2452 1024 2492 nec
1055 2432 1216 2487 illius
1247 2426 1508 2497 vestigiis
1539 2423 1840 2478 insistunt.

490 2509 886 2600 Undecunque
916 2527 1094 2596 igitur
1116 2518 1347 2577 libuerit
1376 2521 1432 2571 et
1463 2525 1871 2585 quamcunque
1901 2509 2061 2578 ipso-

424 2642 554 2681 rum
588 2618 906 2692 impietatis
937 2628 1138 2668 vocem
1172 2607 1410 2674 intueri,
1443 2604 1654 2674 cogita,
1678 2599 1775 2671 qui
1828 2596 2063 2652 solertia

423 2715 606 2788 polles
637 2685 693 2767 et
723 2710 951 2771 mirare,
986 2703 1160 2758 altam
1196 2697 1379 2769 magis
1415 2693 1720 2764 magisque
1749 2685 2064 2758 impietatis

423 2803 758 2874 voraginem
790 2791 1191 2864 contemplans
1215 2804 1279 2842 ac
1311 2784 1629 2840 revolvens.
1655 2781 1778 2834 Non
1805 2778 1958 2832 enim
1979 2780 2066 2829 to—

426 2899 542 2950 tam
566 2864 774 2947 ‘statim
800 2884 1150 2956 impietatem
1173 2893 1336 2933 suam
1364 2873 1616 2945 produnt
1647 2869 1894 2923 haereses
1927 2881 1939 2918 :
1965 2864 2064 2919 sed

429 2983 552 3039 aliae
583 2979 821 3052 quidem
844 2952 1086 3046 prorsus
1109 2967 1312 3024 alienae
1337 2967 1470 3018 sunt
1493 2960 1565 3015 ab
1591 2955 1922 3027 Evangelio,
1945 2952 2067 3008 aliae

430 3087 560 3129 vero
590 3068 764 3125 verba
817 3062 1083 3136 quaedam
1136 3074 1202 3113 ex
1246 3051 1552 3122 Evangelio
1585 3049 1900 3119 captantes,
1934 3059 2067 3098 cum

430 3163 523 3218 his
555 3177 615 3216 se
646 3157 966 3219 insinuant,
999 3150 1452 3218 haudquaquam
1488 3139 1824 3212 proﬁtentes
1846 3150 1904 3189 se
1937 3149 2068 3187 ora-

431 3253 564 3307 cula
595 3243 932 3316 evangelica
963 3256 1078 3295 non
1110 3235 1278 3306 sequi
1314 3250 1326 3286 :
1358 3233 1473 3286 imo
1505 3246 1606 3301 pro
1648 3226 1767 3281 illis
1819 3223 2070 3279 maxime

435 3310 858 3412 pugnantesin-
883 3329 1156 3402 speciem,
1191 3323 1345 3394 quod
1379 3321 1489 3376 isto
1520 3327 1574 3374 et
1627 3331 1745 3372 non
1775 3313 1875 3368 illo
1907 3310 2076 3367 modo

435 3427 615 3498 accipi
649 3425 913 3486 debeant,
945 3419 1008 3472 in
1065 3413 1274 3470 divinis
1304 3407 1666 3466 sermonibus
1722 3400 2080 3472 ambiguita-

433 3525 548 3574 tem
582 3517 922 3570 statuentes.
947 3507 1018 3560 Et
1048 3519 1182 3560 cum
1215 3519 1246 3556 a
1277 3507 1430 3554 recto
1464 3513 1638 3552 sensu
1672 3488 2079 3555 discesserint,

435 3609 676 3661 haereses
733 3599 1042 3655 nominatae
1094 3596 1250 3647 sunt.
1281 3589 1422 3643 Hinc
1457 3602 1587 3640 vero
1649 3582 1964 3636 manifesta
1993 3581 2084 3631 est

439 3692 718 3750 deerratio
743 3689 925 3745 alide.
959 3684 1084 3738 Non
1120 3677 1478 3747 errantquod
1501 3674 1570 3729 ad
1606 3686 1836 3727 sensum
1853 3668 2082 3723 attinet:

442 3785 538 3841 sed
559 3781 711 3853 quod
732 3778 958 3841 dicant;
982 3772 1245 3826 Christus
1266 3767 1502 3837 quidem
1538 3764 1621 3817 sic
1645 3760 1746 3826 ait,
1770 3761 2086 3829 quantum-

454 3875 569 3928 visu
598 3873 684 3925 lex
708 3868 790 3922 sic
815 3865 1040 3928 habeat,
1063 3861 1119 3913 in
1145 3858 1380 3926 regibus
1409 3854 1491 3907 ita
1524 3851 1646 3906 fieri
1681 3867 1693 3903 :
1736 3847 1880 3903 vinci
1902 3846 2090 3900 Evan-

457 3964 692 4034 gelium.
727 3955 870 4009 Vide
899 3946 1391 4022 quemadmodum
1416 3942 1547 3995 ﬁnis
1565 3937 1846 4009 principio
1861 3950 2095 4005 respon-

458 4032 606 4107 deat.
667 4051 712 4103 A
769 4043 982 4100 Christi
1040 4036 1434 4096 incarnatione
1492 4033 1738 4086 haereses
1783 4032 1927 4082 natre
1960 4032 2096 4081 sunt

457 4148 616 4198 extra
673 4132 1080 4205 Evangelium;
1115 4125 1324 4182 deinde
1373 4120 1634 4178 diabolus
1684 4117 1963 4190 paulatim
1997 4130 2099 4185 per

455 4230 653 4303 gratiae
714 4223 1073 4279 incrementa
1107 4213 1474 4286 repulsus,ex
1505 4212 1758 4282 ipsemet
1791 4203 2096 4276 Evangelio

454 4299 785 4375 clanculum
838 4306 1205 4367 subintravit.
1240 4303 1544 4374 Scriptum
1585 4299 1773 4355 verbis
1820 4301 2103 4368 textuque

450 4410 584 4482 ipso
641 4411 841 4474 tegens
871 4415 1086 4464 escam,
1108 4395 1352 4449 haereses
1385 4394 1867 4462 procreat,usque
1882 4388 1949 4441 ad
1979 4387 2104 4441 Ico-

456 4495 796 4555 nomachos,
814 4507 877 4546 ac
909 4497 1217 4561 postquam
1243 4501 1307 4539 ac
1330 4481 1646 4538 auscultari
1672 4479 1742 4534 ab
1761 4476 2102 4534 hominibus

2161 1879 2316 1940 κότες
2348 1879 2436 1933 καὶ
2494 1882 2798 1946 ποιοῦντες,
2831 1879 2920 1934 καὶ
2965 1880 3115 1935 οὗτοι
3162 1879 3450 1956 ἀλλότριοι
3517 1887 3653 1938 Θεοῦ
3715 1879 3801 1936 καὶ

2165 1965 2189 1980 ,ν
2509 1967 2518 1980 .
2757 1964 2815 1980 ο.
2994 1968 3008 1980 .
3114 1969 3183 1980 ,ρ
3395 1973 3405 1980 .
3498 1973 3513 1980 -
3597 1974 3615 1980 ,

2160 1981 2375 2041 ανομοι,
2434 1967 2522 2022 καί
2605 1964 2908 2042 παραϐάται
2990 1968 3250 2042 ἐντολῶν,
3319 1973 3410 2026 καὶ
3489 1973 3801 2044 ἀναθεματι-

2163 2058 2348 2129 σμένοι
2379 2059 2506 2127 παρ’
2545 2058 2751 2124 αὐτοῖς,
2785 2059 2835 2112 οἱ
2871 2060 2946 2130 μή
2990 2061 3088 2128 τήν
3137 2062 3582 2134 μοιχοσύστατον
3631 2059 3798 2116 αὕτῶν

2164 2147 2484 2220 οἰκονομίαν
2518 2145 2831 2220 δεχόμενοι,
2864 2150 2954 2202 καί
2984 2149 3048 2204 τά
3097 2151 3210 2204 κατ’
3244 2150 3401 2224 ἷ³γνος
3429 2151 3599 2219 αὐτῆς
3660 2150 3802 2204 οἷκο-

2164 2241 2478 2310 νομοῦντες.
3269 2215 3306 2224 Η

2240 2508 2400 2561 ⁸Ὀθεν
2433 2504 2522 2559 οὖν
2577 2506 2785 2580 βούλει,
2836 2510 2924 2562 καὶ
2970 2507 3200 2584 ποτέραν
3257 2515 3364 2564 τῶν
3393 2505 3605 2564 ἀσεϐῶν
3638 2507 3807 2562 αὑτῶν

2173 2596 2358 2666 φωνήν
2401 2593 2608 2654 ἐθέλοις
2653 2591 2800 2664 ἰδεῖν,
2828 2597 2960 2662 νόει,
3010 2599 3037 2650 ὁ
3088 2598 3366 2674 ἀγχίνους,
3412 2599 3502 2652 καὶ
3559 2596 3812 2668 θαύμαζε,

2179 2683 2341 2758 βάθος
2371 2683 2430 2737 ἐκ
2463 2684 2659 2757 βάθους
2710 2686 2891 2747 ἀθεῙας
2934 2688 3251 2760 ἀναθεωρῶν
3299 2687 3388 2742 καὶ
3435 2665 3816 2760 ἀναλαμϐανό-

2181 2794 2355 2846 μενος.
2390 2771 2524 2827 Οἰιόὲ
2553 2775 2657 2848 γὰρ
2690 2775 2743 2828 αἱ
2776 2776 3007 2847 αἱρέσεις
3051 2784 3301 2854 προφανῆ
3350 2778 3451 2845 τήν
3514 2776 3654 2846 ὅλην
3711 2775 3820 2829 ἀσέ-

2178 2859 2324 2918 ϐειαν
2360 2861 2576 2938 ἔχουσιν
2614 2883 2626 2896 ·
2687 2864 2815 2920 ἀλλ’
2872 2867 2925 2921 αἱ
2978 2867 3072 2941 μὲν
3125 2867 3314 2944 πόρῥω
3353 2871 3449 2922 τοῦ
3488 2863 3821 2941 Εὐαγγελίου

2179 2954 2355 3022 πάντη
2391 2974 2451 3028 γε
2485 2971 2497 2984 ·
2531 2954 2585 3007 αἱ
2626 2950 2682 3008 δὲ
2728 2954 3091 3029 ὑποδούμεναι
3123 2957 3180 3011 ἐκ
3225 2960 3322 3011 τοῦ
3361 2954 3706 3031 Εὐαγγελίου
3738 2950 3826 3026 ῥή-

2182 3061 2290 3104 σεις
2318 3041 2485 3103 τινὰς,
2539 3043 2972 3117 συνεισέρχονται
3006 3064 3018 3076 ο
3075 3044 3136 3098 οὐ
3179 3043 3436 3120 λέγουσαι
3476 3045 3554 3115 μὴ
3589 3043 3825 3114 στοιχεῖν

2179 3135 2296 3190 τοῖς
2327 3128 2700 3206 εὕαγγελικοῖς
2730 3133 3107 3206 θεσπίσμασιν,
3139 3131 3284 3187 ἀλλά
3321 3132 3410 3186 καὶ
3459 3131 3599 3186 πάνυ
3627 3131 3690 3185 τὸ
3739 3126 3824 3182 δο-

2184 3226 2295 3276 κεῖν
2333 3221 2465 3294 ὑπὶρ
2497 3221 2670 3275 αὐτῶν
2719 3222 3179 3294 ἀντιποιούμεναι,
3209 3227 3288 3292 τῷ
3334 3221 3513 3283 οὕτως
3570 3220 3824 3284 νοεῖσθαι,

2182 3310 2272 3364 καὶ
2306 3312 2382 3382 μὴ
2417 3309 2588 3373 οὕτως
2621 3329 2635 3341 ⁸
2670 3310 2745 3370 εἷς
2794 3311 2919 3372 τοὺς
2967 3313 3142 3373 θείους
3186 3310 3388 3387 λόγους
3425 3312 3529 3378 τὴν
3592 3303 3825 3386 ἀμφιϐο-

2188 3398 2309 3454 λίαν
2347 3395 2592 3473 ἔχουσαι.
2641 3402 2737 3454 Καὶ
2781 3399 2972 3476 ,ἐπειδὴ
3023 3403 3467 3476 ἀποτυγχάνουσι
3519 3404 3623 3456 τοῦ
3673 3398 3826 3473 ὀρθοὖ

2189 3490 2555 3565 φρονήματος,
2610 3489 2840 3563 αἱρέσεις
2884 3492 3406 3564 κατωνομάσθησαν.
3459 3489 3723 3545 Ἐνταῦθα
3777 3482 3828 3537 δὲ

2191 3580 2387 3654 φανερά
2443 3574 2710 3641 ἔκπτωσις
2752 3580 3003 3639 πίστεως.
3037 3581 3108 3633 Οὐ
3160 3581 3282 3652 περὶ
3330 3580 3420 3634 τὸν
3451 3583 3580 3633 νοῦν
3615 3571 3832 3632 σθαλλό-

2197 3690 2368 3740 μεν⁰ι’
2402 3667 2548 3724 ἀλλὰ
2605 3668 2853 3744 λέγοντες
2889 3691 2900 3703 ⁸
2959 3670 3057 3723 Καὶ
3119 3671 3258 3724 εἶπεν
3315 3671 3342 3723 ὁ
3379 3668 3617 3744 Χριστὸς
3679 3664 3831 3730 οὕτω,

2195 3761 2288 3818 κᾶν
2327 3761 2496 3832 νόμος
2548 3752 2650 3832 ἔχῃ
2701 3756 2848 3826 τάδε,
2902 3758 2986 3812 ἐπὶ
3030 3763 3137 3813 τῶν
3180 3757 3446 3833 βασιλέων
3491 3757 3671 3818 οὕτως
3699 3754 3833 3828 γίνε-

2197 3853 2343 3917 σθαι,
2373 3850 2617 3903 νικᾶσθαι
2657 3847 2716 3899 τὸ
2769 3844 3120 3921 Εὐαγγέλιον.
3157 3847 3442 3915 Σκὸπησον
3475 3851 3598 3906 πῶς
3628 3848 3695 3917 τῇ
3742 3843 3831 3914 ἀρ-

2199 3945 2277 4016 χῇ
2309 3941 2370 3992 τὸ
2395 3936 2553 3998 τέλος
2578 3937 2884 3992 ἀκολουθεῖ.
2921 3937 3052 3991 Ἀπὸ
3101 3939 3330 4009 Χριστοῦ
3380 3935 3832 4010 ένανθρωπήσεως

2201 4028 2433 4104 ἤρξαντο
2481 4021 2673 4099 ἔξωθεν
2739 4030 2835 4080 τοῦ
2891 4025 3227 4100 Εὐαγγελίου
3285 4027 3338 4079 αἱ
3398 4026 3653 4098 αἱρέσεις,
3715 4020 3833 4075 Εἶτα

2205 4118 2597 4193 ἀποκρουσθεὶς
2630 4118 2656 4171 ὁ
2698 4110 2955 4177 διάϐολος
2990 4113 3078 4170 διὰ
3132 4119 3229 4181 τῆς
3265 4117 3401 4169 κατά
3444 4114 3643 4189 μικρὸν
3709 4129 3834 4182 προ-

2205 4217 2382 4279 κοπῆς
2412 4215 2510 4276 τῆς
2550 4206 2798 4281 χάριτος,
2833 4205 3133 4275 ὑπεισῆλθε
3181 4204 3555 4266 λανθανόντως
3603 4201 3653 4274 ἐξ
3687 4199 3834 4254 αὖτοῦ

2207 4304 2300 4356 τοῦ
2324 4294 2682 4372 Εὐαγγελίου.
2715 4299 2878 4365 Τεννᾷ
2910 4296 3004 4356 τὰς
3037 4296 3267 4370 αἱρέσεις
3305 4295 3471 4369 μέχρι
3528 4297 3641 4347 τῶν
3690 4287 3835 4345 Εἴκο-

2206 4390 2487 4462 νομάχων,
2547 4385 2652 4440 ἀπὸ
2710 4391 2928 4464 Γραφῆς
2987 4383 3075 4439 καὶ
3149 4388 3256 4438 τῶν
3331 4378 3599 4455 κειμένων
3676 4377 3837 4432 αὐτῶν

2211 4473 2582 4548 ὑποδούμενος
2634 4474 2696 4528 τὸ
2755 4471 2965 4549 δέλεαρ.
3018 4475 3118 4530 Καὶ
3171 4472 3300 4528 ἐπὰν
3343 4468 3537 4546 ᾔσθετο
3588 4468 3837 4539 εὐηκόους

459 4587 660 4650 sensit,
679 4581 1181 4654 appropinquante
1206 4573 1383 4629 simul
1415 4568 1930 4628 consummationis
1949 4571 2066 4621 tem

2206 4565 2352 4637 αὐτῷ
2381 4565 2508 4625 τοὺς
2568 4563 2882 4638 ἀνθρώπους
2945 4563 3231 4637 ὑπάρχειν,
3293 4561 3714 4619 συνελαύνοντος
3755 4554 3836 4609 καὶ

459 4692 621 4748 pore,
663 4670 839 4741 cmpit
869 4667 1166 4736 deinceps,
1203 4663 1351 4718 sicut
1397 4661 1586 4726 initio,
1619 4657 1857 4714 exitium
1910 4657 2100 4727 ipsius

455 4762 744 4831 Evangelii
782 4757 993 4818 moliri.
1029 4763 1093 4810 ut
1123 4769 1378 4824 congrue
1409 4753 1691 4806 occurrat.
1714 4747 2091 4813 Antichristo,

454 4858 514 4911 i‘n
550 4869 661 4924 quo
697 4847 979 4903 habitabit
999 4849 1054 4898 et
1077 4844 1134 4897 in
1169 4859 1282 4912 quo
1315 4845 1438 4895 tota
1469 4839 1654 4910 ipsius
1686 4838 2014 4893 amaritudo
2044 4845 2098 4891 et

456 4939 751 5016 apostasia
790 4935 1042 5008 pateﬁet,
1072 4947 1240 5002 quem
1287 4928 1570 4984 Dominus
1627 4927 1933 4997 przesentia
1990 4942 2096 4979 sua

455 5047 631 5104 quam
664 5026 936 5082 citissime
964 5022 1273 5076 inlerimet.
1299 5019 1377 5071 De
1401 5017 1562 5072 lertio
1595 5025 1788 5069 aulern
1830 5014 1969 5084 quid
2001 5014 2089 5066 di-

455 5138 653 5178 cemus
674 5118 702 5172 ?
724 5117 828 5181 Qui
862 5113 1016 5168 enim
1043 5111 1420 5179 Evangelium
1454 5112 1654 5176 aperta
1686 5106 1868 5159 fronte
1903 5109 2089 5159 trans.

457 5211 616 5283 gredi
650 5207 774 5262 ausi
837 5207 996 5270 sunt,
1035 5214 1251 5268 eosque
1314 5197 1410 5266 qui
1462 5194 1789 5265 transgredi
1859 5192 2095 5248 noluere

456 5293 1106 5356 anathematizaverunt,
1141 5301 1382 5355 ecquam
1434 5282 1519 5336 illi
1567 5298 1769 5337 curam
1839 5281 2092 5336 habituri

455 5394 589 5444 sunt
616 5397 928 5447 canonum,
963 5374 1341 5447 quantumvis
1373 5390 1404 5427 a
1437 5372 1656 5442 Spiritu
1704 5376 1901 5426 sancto
1933 5372 2091 5426 obsi-

454 5477 613 5550 gnati
632 5475 769 5538 sint,
785 5488 850 5525 ac
863 5483 1061 5523 eorum
1080 5463 1465 5518 dissolutione
1484 5460 1878 5516 dissolvantur
1895 5464 2092 5519 omnia

453 5585 580 5640 qua)
612 5564 682 5619 ad
705 5560 952 5617 salutem
983 5558 1241 5610 nostram
1273 5552 1572 5608 attinent?
1599 5551 1900 5623 Nusquam
1934 5554 2088 5608 enim

526 5713 573 5749 ³³
594 5711 731 5765 Luc.
765 5721 844 5776 XI,
878 5704 964 5759 15.

2205 4658 2301 4710 τοῦ
2330 4658 2522 4730 καιροῦ
2578 4659 2679 4723 τῆς
2737 4651 3065 4724 συντελείας,
3097 4651 3298 4728 ἤρξποτο
3356 4653 3416 4706 ἐκ
3453 4655 3553 4706 τοῦ
3584 4652 3744 4725 γεῦρο
3774 4645 3838 4703 ὡς

2203 4745 2263 4799 τὸ
2296 4743 2386 4799 ἀπ’
2435 4743 2638 4818 ἀρχῆς,
2685 4743 2802 4797 κατ’
2841 4741 3008 4798 αὐτοῦ
3054 4746 3151 4798 τοῦ
3203 4739 3542 4818 Εὑαγγελίου
3599 4739 3836 4793 ἀνάπτειν

2199 4834 2290 4888 τὸν
2324 4835 2509 4912 φόνον,
2543 4832 2691 4894 ὅπως
2718 4834 3049 4906 κατανιτήσῃ
3087 4834 3162 4894 εἰς
3193 4832 3284 4886 τὸν
3327 4831 3704 4906 Ἀντίχριστον
3753 4823 3836 4878 εὖ-

2204 4921 2389 4993 θέτως,
2423 4922 2504 4996 ἐφ’
2552 4923 2608 4976 ὃν
2641 4923 2974 4993 κατοικήσει,
3026 4922 3112 4976 καὶ
3148 4919 3202 4975 ἐν
3233 4922 3279 4993 ᾦ
3327 4919 3833 4986 ἀποκαλυφθήσεται

2204 5014 2239 5082 ἡ
2271 5017 2414 5066 πῖισα
2463 5012 2627 5066 αὐτοῦ
2670 5011 2858 5086 πικρία
2903 5011 2991 5065 καὶ
3041 5009 3359 5078 ἀποστασία,
3409 5010 3468 5063 ’ὀν
3523 4981 3704 5062 ἀνελεῖ
3741 5001 3833 5055 Κύ-

2208 5123 2322 5178 ριος
2352 5105 2421 5175 τῇ
2453 5101 2731 5178 ἐπιφανείᾳ
2763 5104 2925 5156 αὐτοῦ
2962 5100 3047 5154 ὅσι
3075 5101 3326 5176 τάχιστα.
3364 5098 3493 5167 Περὶ
3523 5100 3621 5150 τοῦ
3651 5093 3824 5168 τρίτου

2204 5214 2255 5247 τι
2286 5192 2372 5246 καὶ
2432 5197 2665 5268 φῶμενς
2726 5192 2788 5245 Οἱ
2836 5192 2939 5265 γὰρ
2996 5191 3056 5245 τὸ
3103 5189 3438 5265 Εὐαγγέλιον
3484 5179 3822 5260 παραϐαίνειν

2201 5286 2383 5357 γυμνῇ
2439 5286 2507 5354 τῇ
2565 5278 2777 5354 κεφαλῇ
2824 5279 3356 5352 κατατολμήσαντες,
3405 5277 3494 5330 καὶ
3562 5272 3689 5334 τοὺς
3754 5268 3821 5340 μὴ

2649 5368 3088 5446 αἱρετισαμένους
3201 5363 3698 5439 ἀναθεματίσαντες,
3785 5355 3830 5408 τί

2202 5463 2325 5535 περὶ
2382 5462 2620 5516 κανόνων
2670 5460 2854 5522 αὐτοῖς
2906 5460 3182 5532 μελήσει;
3235 5457 3330 5511 Καί
3384 5476 3446 5530 γε
3500 5454 3590 5509 καὶ
3637 5449 3831 5506 τούτων

2202 5551 2304 5606 ὑπὸ
2339 5551 2650 5625 Πνεύματος
2699 5549 2848 5626 άγίου
2899 5545 3360 5629 ἐσφραγισμένων,
3393 5544 3482 5600 καὶ
3532 5541 3583 5597 ἐν
3617 5544 3680 5616 τῇ
3738 5534 3830 5591 λύ-

2203 5367 2546 5445 παραϐαίνειν
