4084 6284
338 399 493 461 1037

1616 395 2158 459 EPISTOLABUM
2209 398 2356 459 LIB.
2406 400 2450 458 Ι.

3582 401 3737 462 1038

339 555 418 588 σει
450 533 623 588 αὐτῶν
666 532 981 606 λελυμένων
1028 531 1198 585 ὄντων
1230 533 1335 583 τῶν
1382 528 1630 583 ἁπάντων
1678 532 1753 588 εἰς
1795 550 1979 599 σωτη-

2093 534 2509 602 sacerdotium,
2536 534 2908 602 sacriﬁcium,
2935 552 2999 590 ac
3024 535 3245 606 reliqua
3276 536 3609 591 morborum
3635 554 3741 593 no-

340 623 457 699 ρίαν
516 626 677 696 ἡμῶν
738 618 1000 692 ἡκόντων.
1061 616 1314 692 Οὐδαμοῦ
1368 620 1469 692 γὰρ
1535 619 1827 693 ἱερωσύνη,
1887 619 1979 671 θυ-

342 712 449 783 σία,
500 712 677 768 τᾶλλα
728 712 930 786 ἰάματα
976 714 1083 765 τῶν
1112 712 1365 786 ψυχικῶν
1410 708 1573 781 ἡμῶν
1619 705 1984 781 ἀρρωστημά-

340 824 474 860 των.

412 892 478 949 Τί
511 890 569 947 δὲ
599 890 747 968 λέγω
776 891 1039 953 κανόνων,
1072 889 1162 944 καὶ
1210 892 1475 961 ποιοῦμαι
1515 885 1810 967 διαφοράν;
1841 895 1984 943 Ταυ-

340 983 433 1038 τὸν
452 976 593 1037 ἔστιν
628 981 799 1037 εἴπεῖν
832 981 921 1036 καὶ
970 978 1054 1035 ἐπ’
1083 978 1258 1035 αὐτῶν
1291 979 1425 1054 [καὶ]
1474 977 1817 1054 Εὐαγγελίου
1845 978 1983 1053 Χρι-

344 1075 491 1126 στοῦ.
524 1070 701 1134 Αὐτὸς
730 1071 835 1148 γὰρ
865 1070 959 1131 τὰς
1009 1067 1161 1132 κλεῖς
1193 1065 1396 1123 δέδωκε
1422 1074 1523 1137 τῆς
1569 1065 1849 1142 βασιλείας
1877 1070 1983 1121 τῶν

343 1159 587 1235 οὐρανῶν
612 1164 693 1232 τῷ
746 1156 970 1236 μεγάλῳ
1006 1153 1195 1232 Πέτρῳ
1243 1157 1459 1235 φάσκων
1496 1176 1509 1190 ο
1541 1158 1631 1211 Ὃν
1688 1155 1747 1210 ἂν
1793 1155 1980 1229 λύσῃς,

342 1249 432 1304 καὶ
477 1249 534 1303 ὃν
584 1249 645 1303 ἃν
697 1245 894 1323 δήσῃς,
943 1243 1092 1302 ἔσται
1136 1246 1199 1302 τὸ
1243 1246 1331 1300 καὶ
1379 1246 1463 1301 τό.
1498 1245 1597 1301 Καὶ
1640 1244 1808 1300 πάλιν
1852 1250 1984 1299 πᾶσι

340 1342 458 1400 τοῖς
486 1335 852 1399 ἀποστόλοιςο
895 1331 1144 1391 Λάϐετε
1193 1339 1461 1409 Πνεῦμα
1508 1336 1730 1410 ἅγιον·
1774 1331 1843 1389 ἄν
1883 1355 1982 1388 τι-

340 1448 467 1483 νων
508 1427 717 1506 ἀφῆτε
770 1427 885 1487 τὰς
925 1425 1289 1501 ἁμαρτίας,
1348 1424 1693 1502 ἀφίενται·
1748 1426 1855 1478 καὶ
1914 1422 1981 1477 ἂν

338 1537 538 1573 τινων
591 1521 902 1589 κρατῆτε,
944 1515 1375 1584 κεκράτηται.
1410 1514 1510 1568 Καὶ
1541 1512 1818 1585 ἑπομένως
1857 1511 1984 1567 τού·

340 1626 458 1667 τοις
505 1604 579 1667 εἰς
621 1605 748 1665 τοὺς
804 1604 919 1677 μετ’
950 1602 1152 1667 αὐτοὺς
1201 1597 1531 1672 διαϐιϐάζων
1581 1602 1679 1670 τὴν
1723 1600 1984 1672 ἐξουσίαν,

340 1694 533 1769 ἐάνπερ
567 1692 826 1754 ὡσαύτως
875 1692 1148 1766 πράξοιεν.
1186 1690 1285 1746 Καί
1335 1688 1424 1745 διά
1471 1695 1634 1746 τοῦτο
1678 1689 1980 1757 Βασιλείου,

338 1784 429 1838 καὶ
459 1787 565 1837 τῶν
597 1781 918 1837 ἷσοστασίων
951 1780 1096 1853 αὖτῷ
1128 1781 1314 1856 ἁγίων,
1353 1780 1427 1834 ὡς
1458 1784 1566 1835 τῶν
1601 1778 1981 1836 άποστολικῶν

337 1871 579 1927 κανόνων
640 1869 992 1945 δεδεγμένων,
1040 1870 1228 1925 καθότι
1283 1870 1745 1941 έξηκολουθήκασι
1809 1869 1975 1943 μηδὲν

338 1961 882 2035 κεκαινοτομηκότες,
931 1959 1078 2015 ἀλλά
1133 1960 1223 2015 καὶ
1278 1958 1669 2031 ἐπαυξήσαντες
1730 1960 1867 2014 κατά
1920 1960 1982 2015 τὸ

337 2049 456 2106 δέον
495 2069 508 2082 ⁶
537 2052 689 2105 οὗτοι
722 2048 810 2105 οῦν
863 2051 916 2104 o't
945 2049 1056 2104 νέοι
1104 2047 1546 2123 ψευδαπόστολοι
1594 2050 1981 2128 ἀποφαίνονται

335 2140 687 2217 ἐμπράκτως,
744 2142 820 2213 μὴ
871 2141 1086 2200 πάντως
1133 2141 1268 2193 κατὰ
1312 2140 1439 2201 τοὺς
1492 2138 1776 2213 κειμένους
1823 2138 1981 2211 ὅρους

330 2238 442 2288 τῶν
474 2231 667 2308 ἁγίων,
708 2231 834 2286 ἀλλ’
884 2230 1056 2303 οἰκείᾳ
1106 2231 1319 2301 ἐξουσίᾳ
1363 2232 1453 2285 καὶ
1505 2228 1791 2305 διακρίσει,
1841 2230 1985 2305 παρά

331 2323 397 2376 τὸ
449 2322 537 2375 ὑπ⁴
585 2322 760 2375 αὐτῶν
813 2318 1231 2395 διατεταγμένον
1282 2318 1385 2375 ἔσθ’
1441 2319 1530 2375 ὅτε
1595 2316 1816 2375 ἕκαστον
1875 2326 1982 2375 τῶν

333 2412 610 2485 ἱεραρχων
644 2415 820 2463 ποιεῖν
847 2425 861 2440 ⁶
906 2409 1053 2464 λύειν
1087 2409 1137 2463 ἐν
1172 2412 1257 2471 οἷς
1291 2409 1352 2463 ού
1396 2411 1523 2484 παρ’
1566 2413 1747 2464 αὐτῶν
1781 2409 1935 2470 λύσις
1970 2430 1985 2443 '

334 2495 1983 2554 ·“δ“έ’⁷⁷”’“ὁδ’Κὶ

336 2519 428 2553 και
510 2519 692 2571 εσμειν
767 2520 801 2574 φ
869 2518 952 2559 οις
1006 2518 1112 2573 ουχ
1163 2519 1235 2553 υπ
1299 2519 1475 2553 αυτων
1649 2519 1834 2571 εσμος.
1928 2520 1961 2554 α

336 2588 499 2663 ὁρᾶτε
537 2590 707 2643 τάῦτα
753 2587 1085 2657 καθεκάστην
1132 2589 1453 2662 γιγνόμενα.
1503 2588 1608 2644 Καὶ
1657 2582 1980 2659 έϐεϐηλώθη

334 2676 403 2731 τὰ
455 2677 600 2749 ἅγια,
650 2676 741 2730 καὶ
790 2673 1005 2754 ἑφόδιον
1052 2675 1323 2752 ἁμαρτίας
1370 2672 1614 2751 κρύϐδην
1664 2699 1721 2732 τε
1763 2676 1853 2732 καὶ
1904 2676 1982 2739 εἷς

334 2764 641 2842 τούμφανὲς
681 2767 715 2834 ἠ
772 2762 1172 2843 μοιχοσύνοδος
1206 2785 1222 2800 ⁶
1271 2766 1360 2821 καὶ
1390 2765 1697 2841 καθαίρεται
1732 2768 1759 2821 ὁ
1809 2766 1983 2822 ἀκαθ-

334 2856 551 2932 αίρετος
586 2875 598 2889 °
658 2857 747 2911 καὶ
803 2863 1199 2935 χειροτονεῖται
1257 2858 1284 2912 ὁ
1344 2853 1776 2931 διαϐεϐλημένος
1811 2877 1824 2892 ⁶
1886 2860 1978 2914 καὶ

336 2946 486 3000 eam
563 2944 591 2999 ὁ
671 2944 991 3000 ὑποπίπτων
1066 2947 1253 3001 κανόσι
1331 2949 1752 3022 καθαιρετικοῖς,
1830 2948 1979 3002 ἀνευ-

336 3034 514 3095 θύνως
562 3034 891 3110 ἱερουργῶν,
939 3035 1028 3089 καὶ
1077 3035 1136 3088 ἐκ
1191 3033 1561 3109 κελεύσματος
1616 3037 1980 3110 ἀνθρωπίνου,

331 3124 423 3178 καὶ
488 3123 591 3178 οὐκ
647 3124 709 3178 ἐκ
764 3125 949 3201 ψήφου
1011 3124 1155 3186 Θείας
1213 3126 1303 3178 καὶ
1357 3132 1670 3196 κανονικῆς,
1732 3126 1786 3179 αἱ
1841 3147 1976 3201 προ-

335 3206 522 3267 ϐολαὶ

2088 629 2341 678 strorum
2380 623 2779 695 spiritualium
2813 624 3257 681 medicamenta.

2162 887 2310 951 Quid
2341 891 2537 944 autem
2571 905 2827 946 canones
2854 891 3001 959 dico,
3036 907 3100 947 ac
3142 892 3454 947 discrimen
3506 891 3739 962 aliquod

2091 980 2279 1030 statuo
2301 975 2328 1029 ?
2361 975 2599 1033 Perinde
2625 982 2715 1033 est
2745 980 2816 1034 de
2847 979 3154 1051 Evangelio
3194 979 3410 1035 Christi
3443 996 3507 1035 ac
3530 981 3600 1037 de
3623 980 3741 1037 illis

2092 1062 2306 1119 dicere.
2339 1064 2468 1135 Ipse
2490 1067 2644 1122 enim
2670 1067 2883 1137 claves,
2907 1068 3069 1141 regni
3101 1068 3374 1125 ccelorum
3400 1084 3609 1141 magno
3632 1071 3741 1126 Pe-

2092 1158 2176 1207 tro
2235 1153 2473 1209 tradidit
2520 1154 2614 1211 his
2668 1157 2904 1213 verbis:
2960 1158 3375 1229 Quemcunque
3414 1158 3655 1215 solveris
3686 1167 3740 1214 et

2093 1258 2501 1316 quemcunque
2532 1247 2829 1319 ligaveris,
2862 1249 2973 1305 hoc
2999 1250 3184 1306 eritet
3230 1250 3373 1305 illud
3396 1249 3462 1305 ³³.
3499 1251 3566 1305 Et
3604 1267 3741 1305 rur-

2091 1349 2225 1388 sum
2248 1334 2520 1391 omnibus
2551 1337 2861 1406 apostolis:
2892 1338 3127 1409 Accipite
3158 1338 3425 1410 Spiritum
3456 1346 3741 1395 sanctum.-

2094 1440 2326 1493 quorum
2361 1428 2686 1482 remiseritis
2740 1437 2981 1498 peccata,
3021 1429 3384 1485 remittuntur
3444 1433 3520 1485 eis
3543 1449 3565 1496 ;
3610 1446 3743 1501 quo-

2094 1529 2221 1568 rum
2271 1516 2648 1583 retinueritis,
2678 1524 2889 1574 retenta
2947 1526 3079 1574 sunt
3102 1518 3151 1554 ει
3180 1537 3192 1574 :
3222 1536 3286 1575 ac
3326 1530 3749 1593 consequenter

2095 1607 2437 1673 potestatem
2466 1607 2869 1662 transmittens
2895 1607 2967 1663 ad
2997 1625 3197 1664 eorum
3218 1625 3742 1673 successores,cum

2095 1690 2249 1748 idem
2299 1695 2543 1766 egerint.
2576 1698 2837 1766 Cumque
2898 1696 3114 1753 idcirco
3174 1698 3442 1767 Basilius,
3504 1700 3739 1771 epsique

2097 1798 2377 1852 suppares
2410 1784 2615 1850 sancti,
2650 1801 2903 1841 canones
2933 1790 3216 1857 tanquam
3270 1787 3616 1858 apostolicos
3649 1804 3739 1843 re-

2098 1870 2375 1940 ceperint,
2410 1876 2699 1941 quatenus
2731 1890 2829 1928 eos
2852 1874 3032 1928 secuti
3068 1879 3228 1943 sunt,
3254 1874 3398 1930 nihil
3424 1876 3737 1931 immutan-

2097 1963 2201 2025 tes,
2236 1960 2337 2014 sed
2365 1965 2421 2015 et
2453 1961 2880 2032 amplilicantes
2913 1963 3099 2017 etiam
3137 1969 3307 2034 prout
3337 1965 3743 2021 conveniebat:

2088 2048 2181 2103 isti
2207 2050 2439 2105 demum
2471 2050 2602 2107 novi
2638 2053 3116 2123 pseudoapostoli
3149 2053 3355 2124 reipsa
3407 2055 3747 2124 ostendunt,

2089 2153 2150 2192 se
2168 2154 2535 2210 nequaquam
2569 2141 2892 2196 secundum
2935 2141 3309 2212 prmscriptos
3336 2160 3365 2196 a
3384 2144 3600 2198 sanctis
3630 2148 3744 2199 ter-

2088 2229 2301 2297 minos,
2334 2230 2434 2284 sed
2469 2231 2704 2302 propria
2746 2231 3091 2287 auctoritate
3156 2239 3211 2287 et
3261 2232 3497 2288 arbitrio
3547 2238 3747 2289 contra

2087 2336 2263 2390 quam
2294 2320 2364 2373 ab
2398 2318 2512 2375 illis
2547 2326 2837 2375 statutum
2862 2324 2975 2388 est,
3013 2322 3068 2375 fa
3084 2336 3233 2387 cere,
3266 2322 3406 2376 dum
3440 2324 3744 2394 episcopus

2088 2407 2333 2480 quilibet
2364 2408 2539 2464 solvit
2600 2409 2919 2477 interdum,
2956 2410 3055 2464 ubi
3090 2410 3310 2465 solvere
3351 2427 3463 2466 non
3496 2416 3689 2483 potest
3721 2429 3735 2467 :

2085 2496 2230 2567 ligat
2262 2496 2357 2551 ubi
2390 2496 2725 2569 ligandijus
2757 2514 2869 2553 non
2903 2497 3100 2554 habet.
3132 2500 3321 2569 Atque
3344 2499 3462 2555 haec
3486 2500 3741 2571 quotidie

2089 2585 2213 2639 ﬁeri
2280 2586 2559 2654 cernitis;
2591 2591 2648 2641 et
2682 2587 2923 2657 profana
2984 2590 3125 2643 sunt
3168 2591 3389 2657 sancta,
3413 2592 3472 2644 et
3512 2590 3733 2658 peccati

2087 2672 2360 2728 illecebra
2391 2674 2542 2730 clam
2576 2675 2888 2746 palamque
2925 2677 3079 2732 facta
3110 2676 3737 2749 estmmchosynodus;

2086 2762 2515 2834 deponiturque
2568 2764 2669 2834 qui
2730 2765 2944 2836 deponi
3003 2781 3117 2821 non
3185 2766 3374 2833 debet,
3410 2772 3466 2821 et
3514 2767 3744 2822 ordina-

2086 2855 2185 2906 tur
2241 2852 2340 2923 qui
2398 2853 2641 2909 infamia
2695 2852 2936 2921 laboral,
2994 2858 3049 2909 et
3105 2854 3202 2924 qui
3254 2856 3575 2911 canonibus
3632 2857 3731 2911 de-

2088 2941 2433 3012 positionem
2482 2942 2879 3013 irrogantibus
2958 2945 3247 2999 obnoxius
3324 2950 3433 3010 est,
3492 2946 3733 3016 impune

2088 3046 2251 3085 sacra
2312 3032 2499 3087 facere
2565 3032 2938 3103 permittitur,
3009 3033 3272 3104 ﬁuntque
3339 3051 3406 3089 ex
3468 3036 3736 3105 jussione

2089 3119 2359 3187 humana,
2394 3137 2507 3176 non
2566 3121 2668 3175 Dei
2722 3127 2779 3177 et
2836 3138 3125 3177 canonum
3186 3124 3433 3191 decreto,
3495 3141 3731 3195 promo-

2043 3266 2061 3289 η
2098 3208 2309 3265 tiones.

409 3299 537 3369 Καὶ,
600 3303 696 3377 φεῦ
777 3320 893 3373 μοι,
949 3307 1049 3369 τῆς
1118 3300 1516 3375 ταλαιπωρίας,
1575 3303 1748 3357 πάντα
1816 3324 1978 3359 κατα-

2168 3298 2258 3363 Et,
2291 3298 2401 3354 heu
2439 3298 2611 3356 mihi!
2649 3303 2899 3369 quantus
2956 3299 3117 3355 dolor
3157 3307 3244 3355 est
3299 3300 3496 3356 omnia
3539 3301 3735 3373 deplo-

334 3385 683 3465 τραγῳδεῖνῑ
732 3390 821 3443 καὶ
867 3390 951 3451 τίς
1002 3388 1145 3465 ἔχων
1200 3388 1424 3466 καρδίαν
1479 3391 1823 3463 αἷσθητικὴν,
1884 3391 1982 3448 οὐκ

339 3478 499 3553 ἀλγεῖ
526 3478 618 3532 καὶ
667 3479 876 3547 στένει;
924 3478 1023 3532 Καὶ
1054 3484 1212 3542 ποῖος
1257 3483 1381 3542 νοῦς
1412 3484 1578 3534 ταῦτα
1627 3479 1980 3555 ἀναθρώσκων

335 3567 430 3622 καὶ
463 3562 827 3640 συμϐάλλων,
861 3568 966 3644 οὐχ
1016 3567 1283 3644 ὁμολογεῖ
1329 3569 1583 3645 αἱρέσεων
1613 3571 1711 3639 τὴν
1750 3570 1982 3627 ἀποστά-

332 3674 491 3729 τριαν
539 3654 674 3710 εἶναι
714 3657 995 3729 Χριστοῦ;
1029 3659 1119 3711 καὶ
1168 3662 1274 3713 ποῦ
1326 3680 1419 3733 μοι
1472 3659 1645 3714 πάντα
1696 3658 1867 3735 λέγειν
1914 3660 1982 3715 τά

331 3765 475 3800 κατα
511 3748 659 3815 νοῦν,
711 3745 802 3800 καὶ
852 3742 1191 3821 ὑπερϐαίνειν
1246 3748 1440 3824 μέτρον
1491 3747 1827 3818 ἐπιστολῆςς
1879 3749 1978 3804 E6-

335 3832 577 3889 σύνοπτα
632 3836 699 3889 τά
758 3834 1045 3910 λεγόμενα,
1113 3836 1175 3891 ού
1232 3840 1663 3912 κεκομψευμέναι,
1725 3838 1786 3893 οὐ
1854 3836 1981 3893 δυσ-

330 3924 501 3991 νόητα
535 3942 547 3955 ’
594 3924 656 3978 τὸ
706 3925 826 3995 μὶν,
867 3924 949 3980 δτι
999 3923 1121 3980 οὐδὲ
1168 3924 1274 4001 ἐγὼ
1324 3927 1615 4002 ὑψηγορεῖν
1665 3924 1979 3998 δυνάμενος,

331 4009 480 4066 ἀλλά
510 4013 600 4066 καὶ
633 4011 752 4066 λίαν
791 4012 1000 4089 ὀλίγος,
1032 4015 1120 4070 καὶ
1154 4014 1621 4091 ὀλιγόλογος,καὶ
1658 4017 1981 4092 βραχύγνω-

332 4121 486 4171 στος,
517 4098 655 4157 αἶ)τά
702 4106 872 4156 ταῦτα
904 4101 975 4156 δι’
1024 4104 1199 4178 εὐχῆς
1244 4109 1341 4160 τοῦ
1398 4110 1585 4160 κοινοῦ
1635 4106 1842 4178 Πατρὸς
1888 4106 1975 4160 καὶ

334 4189 489 4262 ὑμῶν
522 4185 667 4265 ἔχων
705 4209 717 4223 ⁸
749 4191 811 4245 τὸ
843 4189 899 4246 δὲ
928 4192 1017 4247 καὶ
1052 4190 1141 4247 διὰ
1179 4194 1240 4247 τό
1270 4215 1421 4256 τινας
1456 4195 1606 4267 ὑμῶν
1640 4196 1714 4267 μή
1769 4194 1977 4270 ἰσχύειν

333 4277 808 4354 δογματικώτερον
851 4278 1289 4356 καταλαμϐάνειν
1320 4285 1419 4353 τὴν
1467 4282 1694 4358 α’ίρεσιν,
1725 4284 1813 4338 καὶ
1865 4286 1977 4357 ἅμα

332 4366 417 4422 ὅτι
448 4369 536 4422 καὶ
582 4368 793 4431 ἁπλοῦς
827 4372 854 4424 ὁ
903 4371 1065 4447 λόγος
1094 4379 1195 4442 τῆς
1244 4372 1500 4443 ἀληθείας
1536 4392 1549 4404 ⁸
1584 4372 1618 4441 ἦ
1668 4394 1726 4427 τε
1773 4371 1977 4447 α’ίρεσις

330 4457 555 4533 φανερὰ,
600 4457 692 4512 καὶ
738 4456 1163 4535 ἀδογμάτιστος,
1196 4461 1288 4515 καὶ
1337 4458 1485 4516 παιδὶ
1540 4460 1972 4532 εὐκατάληπτος.

326 4546 397 4622 *ῼ
443 4546 543 4620 γὰρ
604 4548 632 4600 ὁ
689 4548 818 4611 Θεὸς
876 4549 1014 4620 εἶπε,
1048 4549 1315 4623 σύντομος
1368 4551 1396 4605 ὁ
1454 4550 1639 4625 λόγος.
1685 4551 1845 4605 Οὗτοι
1907 4550 1968 4606 οὐ

329 4639 650 4709 στοιχοῦσιν
685 4654 697 4668 ⁸

328 4724 457 4795 Δῴη
510 4722 566 4780 δὲ
617 4726 743 4799 ὑμῖν
795 4727 955 4802 χάριν
1008 4729 1035 4783 ὁ
1083 4728 1283 4804 Κύριος
1342 4729 1428 4784 ἐπὶ
1486 4734 1669 4799 πᾶσιν,
1720 4730 1975 4805 ἀγαπητά

324 4814 507 4869 τέκνα.

2091 3403 2221 3442 rare
2241 3388 2267 3441 ‘I
2296 3392 2352 3443 et
2382 3388 2653 3458 quisnam
2684 3404 2861 3444 sensu
2889 3388 3084 3460 aliquo
3116 3389 3398 3460 praeditus
3423 3407 3536 3446 non
3585 3390 3735 3446 dolet

2090 3481 2147 3531 et
2175 3477 2507 3549 ingemiscit
2527 3476 2554 3530 ἓ
2576 3482 2631 3533 et
2650 3494 2779 3550 quas
2810 3494 2974 3534 mens
3003 3478 3115 3533 ista
3146 3487 3409 3549 spectans
3441 3484 3497 3535 et
3525 3495 3738 3553 expen-

2090 3567 2255 3632 dens,
2290 3583 2405 3622 non
2437 3568 2744 3623 conﬁtetur
2774 3568 3146 3623 desertricem
3179 3568 3387 3624 Christi
3422 3585 3550 3625 esse
3584 3571 3737 3626 hanc

2090 3655 2397 3713 haeresim?
2425 3660 2478 3711 et
2510 3672 2613 3711 cur
2643 3655 2840 3712 omnia
2889 3673 3018 3728 quae
3075 3657 3131 3711 in
3192 3658 3388 3713 animo
3432 3665 3736 3715 versantur

2090 3763 2449 3819 expromam,
2473 3751 2532 3801 et
2560 3746 2817 3818 epistola:
2833 3749 3066 3803 modum
3092 3748 3404 3803 excedam?
3429 3749 3738 3820 Comperta

2091 3842 2229 3893 sunt
2259 3853 2388 3907 quae
2418 3834 2566 3901 dico,
2598 3851 2709 3890 non
2743 3836 2885 3891 scite
2924 3837 3264 3905 composita,
3302 3853 3416 3892 non
3446 3837 3733 3907 difficilia,

2088 3926 2224 3981 licet
2256 3942 2370 3980 non
2397 3926 2611 3996 dignus
2634 3925 2732 3995 qui
2759 3925 3304 3996 audiar,utriusquc
3335 3927 3731 3999 concordiam,

2091 4033 2190 4088 per
2222 4031 2391 4086 quam
2421 4020 2476 4069 et
2498 4014 2711 4070 clarius
2741 4015 2949 4069 emicat
2979 4016 3174 4070 radius
3207 4016 3482 4083 veritatis,
3513 4021 3568 4071 et
3598 4034 3730 4087 pra-

2088 4108 2238 4161 vitas
2287 4104 2371 4159 illi
2414 4104 2861 4169 adversantium,
2896 4103 2983 4158 vel
3035 4105 3226 4174 potius
3278 4110 3559 4160 nocturna
3610 4106 3732 4171 lux,

2086 4192 2385 4248 intellectu
2408 4209 2421 4247 :
2447 4193 2653 4261 partim
2687 4191 2821 4264 quia
2853 4208 2969 4247 non
2992 4209 3124 4246 sum
3148 4192 3426 4247 sublimia
3448 4193 3725 4264 loquendi

2089 4282 2359 4337 facultate
2389 4281 2689 4351 praeditus,
2722 4282 2822 4336 sed
2857 4281 3047 4336 tenuis
3078 4282 3389 4337 admodum
3440 4287 3496 4338 et
3542 4285 3737 4355 exigui

2088 4373 2399 4440 sermonis,
2432 4378 2488 4428 et
2518 4376 2780 4445 angustae
2829 4372 3102 4440 scientiae,
3138 4374 3259 4429 haec
3301 4374 3428 4445 ipsa
3471 4377 3734 4446 precibus

2085 4463 2274 4519 Patris
2304 4463 2626 4518 communis
2648 4479 2713 4518 ac
2743 4463 2949 4518 vestris
3000 4464 3239 4534 adeptus
3266 4483 3278 4524 ;
3303 4465 3506 4535 partim
3557 4467 3731 4522 etiam

2089 4553 2242 4623 quod
2274 4552 2543 4607 nonnulli
2572 4557 2830 4608 vestrum
2863 4552 3277 4608 accuratiorem
3303 4554 3540 4610 haeresis
3556 4572 3735 4627 expo-

750 4635 898 4692 ἀλλά
948 4640 1037 4693 καὶ
1088 4644 1445 4715 στοιχοῦντας
1502 4640 1976 4714 ἀναθεματίζουσι.

2092 4642 2355 4697 sitionem
2389 4657 2593 4712 capere
2635 4646 2930 4712 nequeant
2962 4658 2975 4696 :
3010 4641 3269 4710 demum,
3303 4644 3457 4713 quod
3489 4643 3731 4715 simplex

2087 4730 2163 4788 sit
2190 4729 2448 4786 veritatis
2495 4729 2701 4798 oratio,
2736 4734 2792 4784 et
2842 4730 3079 4785 haeresis
3122 4731 3238 4785 haec
3272 4732 3579 4789 manifesta
3617 4733 3716 4801 sit,

2083 4822 2140 4875 et
2171 4817 2448 4873 doctrinae
2467 4822 2764 4888 expers,et
2789 4833 2964 4889 quam
2989 4833 3133 4888 puer
3162 4818 3351 4889 possit
3372 4835 3598 4891 capere.
3623 4821 3730 4876 Cui

335 4907 497 4964 enim
531 4907 684 4964 Deus
715 4909 995 4982 loquitur,
1030 4912 1079 4967 ei
1112 4912 1302 4968 brevis
1333 4917 1421 4968 est
1460 4929 1669 4971 sermo.
1701 4912 1768 4967 Hi
1807 4929 1921 4967 non
1971 4913 2127 4966 recta
2174 4910 2475 4978 incedunt,
2532 4911 2587 4962 et
2637 4911 2793 4963 recta
2839 4907 3172 4964 incedentes
3216 4909 3733 4968 anathematizant.

328 4998 434 5052 Det
470 5002 664 5053 autem
694 4999 857 5055 vobis
886 5000 1170 5057 Dominus
1195 5003 1440 5073 gratiam
1472 5002 1530 5057 in
1565 5002 1859 5066 omnibus,
1894 4998 2086 5055 dilecti
2118 4997 2244 5053 ﬁlii.

434 5133 558 5189 AZ'.
598 5164 667 5175 -—-
706 5134 940 5211 Ἰωσηφ
981 5133 1495 5209 ἀρχιεπισκὸπῳ
1536 5133 1869 5188 Θεσσαλοο

953 5224 1104 5294 νίκη
1122 5245 1168 5286 ς.
1206 5223 1352 5300 [ιυεζ]

2158 5130 2432 5187 XXXVII.
2459 5161 2525 5170 —-
2544 5130 2774 5202 Josepho
2803 5131 3207 5203 archiepiscopo
3239 5133 3655 5193 Thessalonica).

1603 5315 1870 5367 Adversus
1899 5312 2113 5363 eosdem
2148 5313 2448 5364 haereticos.

398 5408 495 5463 Διά
522 5415 622 5478 τῆς
670 5411 1171 5489 ταπεινοφροσύνης
1218 5414 1311 5468 καὶ
1366 5413 1555 5485 σοφίας
1602 5436 1723 5483 σου,
1765 5420 1866 5482 τῆς
1917 5433 1976 5468 τε

320 5497 463 5571 πρός
500 5519 567 5571 με
594 5501 687 5553 τὸν
735 5498 1086 5572 ταλαίπωρον
1112 5502 1353 5578 ἀγάπης,
1385 5502 1474 5557 καὶ
1518 5504 1651 5577 ὓπερ
1685 5504 1833 5574 ἀξίαν
1870 5525 1972 5577 μου

319 5586 712 5661 ἂποτιμήσεώς
746 5610 862 5659 σου,
891 5591 960 5645 τὰ
989 5595 1081 5646 νῦν
1118 5612 1211 5665 μοι
1271 5591 1667 5666 ἐπεσταλμένα,
1700 5593 1971 5669 εἰλικρινῆ

401 5713 453 5748 ³³
491 5713 697 5771 Matth.
732 5733 845 5786 xvr,
880 5716 964 5773 19.
1044 5719 1091 5753 ³⁴
1121 5719 1290 5776 Joan.
1327 5737 1421 5789 xx,
1452 5722 1539 5775 22.

2158 5413 2343 5486 Digna
2375 5411 2705 5467 humilitate
2728 5429 2793 5468 ac
2829 5414 3117 5485 sapientia
3166 5418 3287 5481 tua,
3342 5420 3399 5470 et
3449 5416 3727 5473 charitate

2084 5519 2224 5574 erga
2256 5518 2350 5557 me
2382 5502 2677 5571 miserum,
2712 5519 2778 5560 ac
2803 5503 2874 5559 de
2917 5521 3006 5559 me
3057 5521 3233 5574 supra
3284 5522 3462 5575 quam
3505 5523 3728 5563 mereor

2085 5596 2478 5651 aestimatione
2511 5598 2649 5649 sunt
2680 5610 2747 5651 ea
2779 5612 2905 5666 quae
2939 5596 3006 5651 ad
3042 5610 3132 5649 me
3193 5612 3349 5651 nunc
3408 5596 3724 5668 scripsisti;
