4084 6284
395 347 548 408 1039

1628 346 1690 405 S.
1737 333 2133 406 THEODORI
2181 340 2544 403 STUDITE

3619 361 3750 423 1040

389 480 674 535 sinceram
709 485 765 537 et
792 485 1187 552 incorruptam
1212 497 1281 534 ex
1337 481 1597 534 radiante
1661 478 1855 533 anima
1903 482 2028 546 tua,

2147 474 2230 528 καὶ
2262 472 2610 546 ἀσόμφυρτον
2655 474 3034 554 τηλαυγοῦντα
3064 481 3124 536 ἐκ
3169 487 3272 548 τῆς
3323 487 3635 562 φωτοειδοῦς
3673 514 3753 548 σου

385 580 474 625 ter
521 570 680 625 beate
729 574 807 626 mi
864 572 1216 641 fratripater,
1269 569 1651 624 diﬁ‘undentia
1699 567 2023 623 veritatem.

383 662 568 727 Quam
601 662 983 734 amplexatus,
1011 661 1226 732 gratias
1253 659 1342 732 egi
1364 659 1592 715 Christo
1617 658 1894 714 desiderii
1918 658 2031 713 mei

384 750 680 820 expletori,
700 752 986 808 bonorum
1002 750 1266 806 omnium
1289 751 1549 821 largitori
1580 768 1592 804 :
1613 749 1812 820 quidni
1837 747 2030 802 enim?

382 845 437 894 te
471 839 1095 912 scientialocupletem,
1129 840 1365 910 zeloque
1395 839 1781 902 convenienti,
1815 854 1879 892 ac
1902 853 2029 908 ger-

393 946 633 984 manum
667 935 937 1001 praeterea
985 929 1315 985 communis
1361 931 1549 984 Patris
1599 928 2033 994 filium,couve-

389 1019 584 1074 nienta
613 1019 782 1074 nobis
818 1019 1078 1075 minimis
1119 1022 1174 1074 et
1200 1034 1420 1088 sapere,
1456 1022 1510 1073 et
1542 1019 1600 1072 in
1666 1018 1862 1072 animo
1919 1014 2035 1069 ha-

395 1109 546 1164 bere.
577 1109 646 1162 At
694 1109 843 1164 belle
901 1124 1036 1164 sane
1095 1109 1229 1175 ista,
1265 1124 1398 1163 cum
1441 1108 1499 1162 in
1559 1107 1703 1161 votis
1761 1106 2031 1172 habeam,

389 1197 524 1253 licet
545 1214 657 1253 non
687 1197 898 1268 dignus
929 1198 1027 1268 qui
1053 1198 1278 1264 audiar,
1305 1196 1611 1266 utriusque
1638 1194 2031 1262 concordiam,

395 1304 495 1356 per
523 1303 696 1358 quam
729 1292 788 1342 et
818 1286 1031 1342 clarius
1064 1285 1274 1342 emicat
1303 1285 1794 1354 radiusveritatis,
1817 1288 1872 1338 et
1902 1298 2034 1354 gra-

393 1375 542 1432 vitas
578 1377 662 1433 illi
722 1377 1174 1443 adversantium,
1204 1375 1290 1431 vel
1352 1374 1543 1446 potius
1603 1377 1884 1429 nocturna
1912 1371 2032 1440 lux,

394 1471 721 1535 enervatur,
755 1471 812 1522 et
868 1467 1121 1522 tenebris
1167 1464 1506 1520 offunditur.
1543 1462 1686 1519 Cum
1745 1466 1942 1518 autem
1975 1461 2034 1516 in

391 1554 601 1612 litteris
635 1556 979 1626 reperissem
1012 1554 1318 1611 necessarii
1378 1553 1762 1620 divisionem;
1797 1551 2034 1622 ignosce

390 1644 666 1715 obstupui
702 1661 715 1698 :
757 1662 873 1700 non
904 1645 1060 1700 enim
1092 1644 1313 1700 esthac
1337 1641 1676 1709 necessarii,
1702 1641 1798 1696 sed
1814 1640 2038 1695 contin-

391 1735 603 1804 gentis,
637 1735 787 1804 quod
813 1734 1095 1789 trifariam
1127 1732 1499 1799 dividitur,in
1532 1731 1588 1785 id
1621 1729 1773 1801 quod
1805 1729 2032 1800 saepius,

2140 566 2347 638 ψυχῆς,
2378 561 2660 637 τρισόλϐιε
2714 589 2818 640 μου
2866 569 3269 649 ἀδελφοπάτορ,
3321 561 3419 644 τὴν
3471 576 3707 650 ἂλήθειαν
3741 603 3755 617 ·

2137 653 2199 742 ἦν
2252 653 2625 742 ἀσπασάμενος
2676 659 3059 732 ηὐχαρίστησα
3114 667 3192 735 τῷ
3249 664 3623 742 ἀποπληρωτῇ
3663 678 3752 741 τῆς

2142 740 2430 815 ἐπιθυμίας
2468 749 2569 817 μοῦ
2618 752 2853 820 Χριστῷ,
2883 755 2962 821 τῷ
3006 756 3112 806 τῶν
3161 752 3345 809 καλῶν
3388 756 3624 812 ἁπάντων
3675 758 3761 814 δο-

2139 839 2266 907 τῆρι
2301 853 2312 864 ’
2341 835 2429 888 καὶ
2463 840 2578 897 πῶς
2610 857 2673 910 γε
2703 837 2869 916 οὐχί;
2922 842 3170 916 γνώσεώς
3205 864 3261 899 σε
3309 845 3753 920 πεπλουτισμένον

2141 920 2288 994 ὄντα,
2320 925 2408 979 καὶ
2443 927 2614 996 ζήλου
2663 932 2759 982 τοῦ
2807 933 3201 1003 προσήκοντος,
3251 935 3440 999 ἄλλως
3492 959 3545 992 τε
3579 939 3747 994 τεκνον

2143 1011 2401 1082 ἀληθινον
2438 1019 2534 1069 τοῦ
2582 1021 2767 1070 κοινοῦ
2800 1020 3036 1094 Πατρὸς,
3069 1021 3280 1095 συνῳδά
3328 1026 3462 1098 ἡμῖν
3510 1032 3623 1089 τοῖς
3649 1026 3763 1082 ἐλα-

2145 1100 2358 1175 χίστοις
2399 1101 2489 1156 καὶ
2539 1109 2750 1179 φρονεῖν
2797 1107 2888 1161 καὶ
2941 1106 3390 1167 συνδιατίθεσθαι.
3426 1112 3577 1170 Ἀλλ’
3621 1113 3672 1168 εὖ
3712 1135 3769 1192 γε

2148 1191 2242 1263 μὲν
2269 1195 2438 1246 ταῦτα
2471 1209 2483 1222 ·
2518 1191 2890 1268 εὐκταιότερον
2919 1191 3140 1272 ἔχοντός
3176 1222 3279 1273 μου
3310 1206 3407 1256 τοῦ
3458 1202 3764 1258 ἀνακοόστου

2142 1281 2241 1348 τήν
2275 1281 2597 1355 ἀμφοτέρων
2631 1283 2941 1362 ὁμοφωνίαν
2977 1307 2990 1320 ·
3039 1285 3108 1342 δι’
3140 1290 3198 1358 ἣν
3299 1311 3357 1345 τε
3399 1295 3498 1358 τῆς
3529 1293 3766 1364 ἀληθείας

2145 1369 2298 1432 ἀκτὶς
2345 1371 2640 1446 μαρμαίρει
2682 1372 3080 1450 λαμπρότερον,
3116 1379 3205 1432 καὶ
3252 1382 3287 1449 ἡ
3337 1384 3446 1435 τῶν
3497 1378 3771 1436 ἀντιδιατι-

2149 1458 2387 1531 θεμένων
2419 1459 2554 1535 αὐτῇ
2611 1461 2928 1535 σκολιότης,
2965 1465 3177 1538 μᾶλλον
3210 1465 3268 1522 δὲ
3306 1469 3616 1546 νυκταυγία,
3643 1471 3770 1525 ἀπο-

2143 1552 2428 1623 νευροῦται
2477 1571 2535 1605 τε
2577 1551 2669 1605 καὶ
2719 1554 3112 1633 ἀποζοφοῦται.
3164 1558 3431 1632 Εὑρηκὼς
3479 1557 3526 1614 δ’
3574 1559 3623 1614 ἐν
3672 1564 3775 1620 τοῖς

2145 1637 2430 1711 γράμμασι
2489 1640 2587 1707 τήν
2643 1645 2739 1695 τοῦ
2798 1640 3084 1716 ἀναγκαίου
3148 1642 3433 1720 διαίρεσιν,
3496 1646 3769 1723 σύγγνωθι,

2146 1727 2485 1797 ἀπηνεώθην.
2520 1729 2598 1786 Οὐ
2643 1731 2745 1805 γὰρ
2795 1731 2932 1802 αὕτη
2964 1739 3060 1789 τοῦ
3112 1735 3428 1812 ἀναγκαίου,
3458 1741 3553 1791 τοῦ
3601 1735 3655 1792 δὲ
3701 1737 3780 1791 ἐν-

391 1824 544 1894 quod
585 1823 907 1894 aequaliter,
941 1832 995 1878 et
1038 1824 1190 1894 quod
1225 1821 1434 1877 rarius.
1471 1820 1686 1876 Prioris
1720 1824 1938 1889 autem,
1975 1819 2033 1873 in

2149 1811 2475 1889 δεχομένου,
2508 1818 2535 1872 ὃ
2568 1815 2826 1894 διῄρηται
2873 1827 3086 1898 τριχῶς
3121 1843 3132 1856 ’
3167 1823 3247 1887 εἷς
3274 1847 3331 1880 τε
3372 1827 3434 1880 τὸ
3468 1825 3553 1881 ἐπὶ
3601 1824 3775 1898 πλέον,

391 1929 644 1982 praasens
677 1919 732 1967 et
763 1913 1024 1968 futurum
1065 1929 1076 1965 :
1111 1911 1318 1967 deinde
1351 1909 1655 1981 praesentis
1686 1908 1865 1964 altera
1889 1907 2042 1962 divi—

393 2001 480 2055 sio
520 2001 579 2055 in
609 2001 938 2070 subjectum
967 2005 1027 2056 et
1057 2001 1436 2072 prmdicatum
1481 2017 1494 2054 :
1523 2015 1659 2053 cum
1700 1997 1868 2063 illud,
1905 1996 2043 2067 quia

394 2091 608 2161 saepius
639 2091 945 2162 contingit,
981 2091 1038 2146 in
1061 2091 1385 2145 exsistens:
1419 2094 1474 2143 et
1495 2088 1651 2144 istud
1686 2088 1742 2141 in
1778 2103 2040 2141 necessa-

395 2179 790 2246 riumtransit,
810 2196 923 2234 non
950 2187 1140 2234 tamen
1155 2179 1408 2233 vicissim
1426 2177 1533 2231 hoc
1554 2177 1609 2231 in
1645 2176 1808 2242 illud,
1835 2191 2036 2246 quam-

396 2269 480 2326 vis
519 2268 653 2324 inde
685 2269 1016 2324 descendat.

466 2455 592 2506 Non
622 2449 776 2505 enim
803 2449 852 2504 si
883 2449 1018 2519 quid
1045 2449 1172 2519 jam
1215 2447 1629 2515 necessarium,
1658 2446 1935 2503 continuo
1984 2453 2040 2503 et

395 2539 758 2610 contingens.
784 2538 844 2593 Si
872 2538 1014 2610 quid
1035 2542 1231 2594 autem
1264 2542 1328 2591 ut
1359 2536 1677 2608 plurimum
1720 2537 2035 2606 contingit;

394 2645 493 2699 per
524 2629 579 2682 id
603 2629 756 2700 quod
783 2628 1026 2695 exsistit,
1049 2626 1261 2682 transit
1282 2641 1704 2696 nonnunquam
1738 2625 1796 2679 in
1831 2641 2038 2680 neces-

389 2718 630 2774 sarium.
674 2719 860 2788 Atque
954 2717 1050 2785 ita,
1095 2716 1285 2772 omnis
1352 2717 1526 2771 homo
1593 2717 2034 2786 grammaticus,

394 2807 610 2878 aliquis
659 2805 834 2862 homo
893 2806 1353 2877 grammaticus:
1391 2821 1639 2876 quorum
1692 2803 1858 2876 prius
1907 2807 2037 2876 qui-

390 2898 526 2952 dem
603 2896 969 2965 contingens,
1046 2899 1238 2967 potest
1312 2895 1468 2951 enim
1545 2894 1720 2960 fieri;
1789 2894 2035 2950 alterum

391 3003 546 3052 vero,
587 2985 635 3039 si
698 2986 863 3040 modo
931 2988 1092 3040 actus
1161 2984 1330 3051 adsit,
1392 2983 1857 3051 necessarium;
1925 2984 2036 3040 isto

392 3082 587 3131 autem
635 3075 940 3140 exstincto,
975 3074 1264 3128 abscessit
1299 3082 1460 3128 actus
1507 3073 1819 3129 necessarii
1856 3089 1868 3128 :
1905 3073 2034 3138 hoc,

393 3165 632 3236 inquam
667 3168 756 3218 est
777 3163 825 3218 si
874 3164 969 3230 sit,
994 3162 1256 3217 videlicet
1315 3163 1572 3234 quandiu
1625 3170 1750 3229 est;
1785 3161 2034 3218 alterum

2151 1906 2364 1976 ἐπίσης,
2395 1908 2483 1961 καὶ
2514 1907 2596 1962 ἐπ’
2642 1906 2887 1968 ἔλαττον.
2919 1917 3021 1966 Τοῦ
3072 1911 3126 1968 δὲ
3176 1917 3469 1990 προτέρου,
3502 1915 3578 1978 είς
3624 1937 3679 1970 τε
3723 1916 3778 1971 τὸ

2149 1995 2341 2069 παρὸν,
2391 1995 2480 2050 καὶ
2530 1995 2784 2070 ἐσόμενον
2820 2019 2834 2034 ⁸
2881 2002 2993 2056 εἶτα
3042 2007 3138 2058 τοῦ
3186 2006 3456 2078 παρόντος
3511 2003 3778 2080 ἐπιδιαίρε·

2151 2105 2232 2144 σις
2263 2105 2275 2116 ·
2317 2083 2392 2144 εἷς
2448 2083 2641 2157 ἀίδιον,
2691 2088 2780 2142 καὶ
2831 2089 2904 2150 εἷς
2953 2090 3015 2144 τὸ
3065 2088 3169 2145 ἔστ’
3217 2093 3276 2146 ἂν
3428 2099 3534 2148 Τοῦ
3582 2092 3635 2148 δὲ
3685 2088 3779 2148 ἔστ’

2149 2169 2207 2225 ἂν
2352 2170 2720 2248 ὑποδιαίρεσις
2769 2177 2844 2238 εἷς
2893 2179 2955 2233 τὸ
3005 2179 3357 2254 ὑποκείμενον
3407 2183 3499 2237 καὶ
3548 2203 3779 2257 κατηγο-

2149 2262 2413 2333 ρούμενον
2450 2305 2462 2316 .
2494 2267 2590 2318 τοῦ
2641 2269 2714 2326 ὼς
2748 2264 2834 2320 ἐπὶ
2884 2266 3028 2322 πολὺ
3059 2266 3422 2344 ἐνδεχομένου
3480 2277 3778 2348 χωροῦντος

2149 2349 2224 2412 εἷς
2250 2351 2310 2404 τὸ
2347 2351 2592 2427 ὑπάρχον
2628 2369 2642 2383 ⁸
2673 2357 2771 2408 τοῦ
2804 2352 2881 2424 δὲ,
2916 2356 2990 2418 εἰς
3025 2359 3084 2412 τὸ
3118 2359 3430 2434 ἀναγκαῖον.

2219 2439 2295 2496 Οὐ
2329 2442 2436 2511 μὴν
2486 2441 2950 2520 ἀντιστρέφοντος,
2983 2446 3028 2500 εἰ
3075 2448 3165 2502 καὶ
3215 2447 3414 2504 ἐκεῖθεν
3467 2451 3773 2511 κατιόντος⁶

2147 2527 2208 2583 οὐ
2238 2531 2338 2604 γὰρ
2371 2528 2422 2583 εἷ’
2464 2551 2515 2584 τι
2549 2531 2838 2609 ἀναγκαῖον
2890 2532 2997 2604 ’ἥδη
3045 2537 3133 2590 καί
3187 2535 3548 2614 ἐνδεχόμενον
3584 2560 3595 2572 ·
3654 2539 3705 2594 εἷ’
3734 2561 3780 2594 τι

2147 2613 2203 2671 δὲ
2231 2619 2292 2673 τὸ
2326 2618 2398 2680 ὡς
2428 2617 2518 2674 ἐπὶ
2547 2621 2690 2676 πολὺ
2729 2619 3106 2698 ἐνδεχόμενον,
3137 2623 3321 2681 ὁδεῦον
3356 2625 3447 2682 διὰ
3498 2628 3662 2702 μέσου
3691 2632 3779 2681 τοῦ

2147 2706 2507 2781 ὑπάρχοντος,
2541 2703 2645 2763 ἔστ’
2693 2709 2752 2764 ἂν
2789 2710 2825 2784 ᾖ
2862 2712 3171 2788 ἀναγκαῖον.
3212 2715 3310 2770 Καὶ
3363 2721 3495 2792 γοῦν
3546 2724 3649 2778 πᾶς
3695 2715 3783 2770 ἅν-

2146 2797 2362 2883 θρωπος
2393 2799 2814 2883 γραμματικὸς,
2860 2801 2948 2855 καὶ
3005 2801 3089 2866 τίς
3144 2801 3425 2879 ἄνθρωπος
3487 2826 3782 2883 γραμματι-

2144 2882 2258 2946 κός.
2289 2881 2463 2938 Ἀλλά
2489 2885 2551 2938 τὸ
2586 2888 2680 2957 μὲν
2718 2891 2936 2963 πρῶτον
2967 2887 3328 2965 ἐνδεχόμενον
3364 2913 3378 2926 ·
3431 2881 3649 2948 δυνατὸν
3683 2895 3782 2970 γὰρ

2142 2973 2384 3048 γενέσθαι
2419 2992 2432 3005 ·
2482 2975 2543 3029 τὸ
2603 2973 2658 3030 δὲ
2709 2974 2953 3052 δεύτερον
3010 2979 3322 3056 ἀναγκαῖον,
3382 2981 3468 3038 ἐπ’
3537 2981 3595 3038 ἂν
3651 2982 3785 3038 ἔστιν

2145 3062 2384 3138 ἐνέργεια
2417 3085 2430 3096 ·
2485 3064 2545 3117 οὗ
2603 3065 2875 3130 θανέντος,
2924 3068 3126 3140 ἀπέστη
3188 3073 3322 3126 κατὰ
3383 3074 3446 3128 τὸ
3497 3074 3782 3150 ἀναγκαῖον

2144 3151 2403 3226 ἐνέργεια.
2437 3154 2605 3209 Τοῦτό
2651 3177 2836 3228 φησιν,
2870 3155 2976 3212 ἔστ’
3023 3158 3083 3213 ἂν
3115 3158 3174 3234 ᾖ,
3207 3161 3268 3215 τὸ
3315 3157 3422 3224 ἓως
3467 3160 3527 3216 ἂν
3581 3162 3637 3236 ᾖ,
3669 3161 3788 3230 ἤτοι

391 3269 530 3308 vero
563 3253 621 3307 in
645 3269 710 3307 eo
742 3252 894 3322 quod
929 3259 1013 3307 est
1046 3267 1346 3322 nunquam
1377 3252 1670 3306 variatur:
1705 3252 2033 3321 cujusmodi

2147 3239 2211 3292 Τὸ
2244 3237 2301 3293 δὲ
2347 3237 2552 3314 ἕτερον,
2595 3243 2658 3296 τὸ
2712 3246 2926 3316 μήποτε
2967 3247 3115 3300 τοῦθ’
3157 3248 3287 3322 ὅπερ
3338 3247 3482 3304 ἐστὶν
3535 3247 3790 3304 ἀλλοιού-

397 3346 535 3398 sunt
588 3345 822 3409 αξιοι-ηε,
845 3340 1083 3411 angelus
1131 3345 1187 3396 et
1245 3340 1459 3396 anima.
1495 3341 1654 3406 Quod
1713 3356 1845 3410 ergo
1878 3357 2036 3412 quae-

399 3430 780 3499 rebaturjam
809 3434 1074 3484 tenemus
1102 3447 1114 3483 :
1148 3433 1210 3483 ut
1239 3429 1335 3499 qui
1371 3444 1504 3483 reus
1549 3432 1637 3483 est
1685 3429 1920 3484 canonis
1967 3429 2037 3484 de

398 3519 774 3587 contingenti,
791 3534 1018 3588 poenam
1041 3519 1335 3573 interdum
1357 3517 2037 3588 propteraliamhominis

399 3607 828 3680 improbitatem
862 3607 1146 3662 sustineat
1168 3608 1295 3677 ejus
1327 3608 1425 3678 qui
1450 3611 1538 3662 est
1569 3607 1639 3662 de
1674 3608 2032 3675 necessario;

399 3707 455 3750 at
488 3713 600 3752 non
632 3696 727 3751 hic
757 3696 1015 3752 vicissim
1049 3698 1175 3766 ejus
1209 3697 1310 3767 qui
1358 3698 1427 3751 de
1479 3697 1859 3767 contingenti.
1888 3697 2034 3751 Fieri

392 3787 545 3840 enim
581 3803 690 3840 non
726 3789 934 3856 potest,
978 3803 1109 3840 cum
1141 3785 1478 3856 zequivaleat
1503 3786 1627 3854 jam
1662 3785 2033 3857 impossibili,

396 3892 563 3930 omne
596 3875 883 3946 siquidem
911 3877 1059 3946 quod
1089 3875 1467 3947 impossibile,
1488 3875 1641 3930 idem
1675 3891 1775 3945 per
1804 3891 2034 3931 conver-

397 3967 617 4020 sionem
640 3965 1029 4020 necessarium
1061 3972 1145 4020 est
1172 3983 1184 4020 :
1207 3967 1491 4035 quomodo
1530 3966 1925 4020 necessarium
1950 3973 2038 4021 est

397 4053 578 4109 solem
612 4053 824 4120 lucere,
859 4055 960 4108 sed
1001 4061 1050 4108 et
1101 4053 1461 4123 impossibile
1519 4058 1604 4108 est
1654 4069 1765 4108 non
1823 4055 2034 4111 lucere.

393 4145 551 4207 Quod
573 4159 706 4198 vero
731 4143 1010 4198 sanctitas
1026 4146 1128 4197 tua
1150 4143 1291 4197 dicit
1320 4143 1631 4212 aliquando
1656 4164 1770 4202 non
1794 4147 2033 4203 luxisse:

397 4232 595 4301 utique
628 4233 686 4286 in
719 4232 993 4288 Passione
1015 4231 1248 4302 Christi,
1273 4250 1406 4288 nam
1442 4234 1512 4288 de
1545 4244 1709 4291 nocte
1739 4236 1893 4291 haud
1917 4238 2036 4294 scio

399 4338 513 4392 quo
545 4326 731 4392 pacto.
763 4321 895 4375 Haec
919 4337 1088 4392 porro
1121 4327 1258 4376 sunt
1279 4323 1564 4394 prodigia,
1588 4341 1700 4380 non
1733 4329 2035 4392 consueta,

399 4427 503 4465 nec
535 4409 816 4481 regularia
845 4427 858 4476 ;
891 4413 985 4464 sed
1011 4409 1097 4464 vel
1121 4426 1318 4481 supra,
1349 4412 1437 4465 vel
1475 4417 1679 4481 praeter
1717 4419 1982 4470 naturam
2020 4431 2034 4470 :

400 4515 646 4571 quorum
680 4498 928 4554 alterum
962 4499 1216 4553 declarat
1245 4500 1453 4556 Christi
1496 4502 1854 4559 incarnatio:
1886 4504 2038 4559 alte—

2151 3349 2308 3401 μενον
2341 3349 2355 3362 ·
2388 3331 2483 3384 οἷα
2512 3332 2579 3386 τὰ
2624 3329 2792 3403 ἀίδια,
2826 3333 3052 3410 ἄγγελος
3087 3337 3176 3391 καὶ
3211 3340 3388 3413 ψυχή.
3426 3339 3528 3394 Καί
3560 3360 3624 3414 γε
3672 3334 3790 3412 ἔχο-

2151 3437 2245 3489 μεν
2276 3417 2338 3473 τὸ
2366 3419 2700 3493 ζητούμενον
2736 3441 2749 3454 ο
2785 3421 2922 3478 ὥστε
2951 3424 3042 3478 τὸν
3082 3425 3284 3480 ἁλόντα
3313 3425 3663 3502 ἐνδεχομένῳ
3691 3447 3789 3481 κα-

2144 3508 2574 3576 νόνι,πείσεσθαι
2625 3507 2765 3565 ἔστιν
2815 3510 2903 3567 ὅτε
2953 3511 3041 3567 διὰ
3067 3516 3167 3582 τήν
3217 3519 3315 3571 τοῦ
3365 3514 3567 3588 ἀνδρὸς
3616 3515 3785 3584 ἄλλην

2149 3597 2484 3675 μοχθηρίαν,
2514 3599 2580 3654 τὰ
2608 3604 2705 3654 τοῦ
2735 3602 2872 3655 κατᾶ
2901 3603 2962 3656 τὸ
2993 3603 3283 3677 ἀναγκαῖον
3315 3606 3574 3678 κειμένου
3607 3625 3622 3639 ⁸
3669 3602 3789 3659 ἀλλ’

2147 3685 2273 3760 οὐχὶ
2306 3685 2463 3741 τοῦδε
2510 3687 2575 3741 τὰ
2622 3693 2718 3742 τοῦ
2766 3692 2899 3744 κατὰ
2931 3692 2993 3746 τὸ
3043 3690 3419 3769 ἐνδεχόμενον.
3454 3693 3532 3749 Οῦ
3581 3695 3679 3770 γὰρ
3711 3693 3790 3748 ἐν·

2151 3772 2220 3804 ἢι,
2452 3777 2465 3792 9
2552 3777 2563 3792 ν
2589 3778 2600 3792 ο
2718 3782 2744 3792 ~
2935 3778 2993 3800 ns
3128 3788 3154 3798 -υ
3229 3780 3280 3801 ἐκ
3366 3784 3376 3803 r
3593 3790 3619 3799 ν
3739 3785 3749 3799 ε

2148 3793 2362 3849 οεχεται
2397 3794 2409 3806 ·
2455 3797 2873 3853 ισορροπουντος
2923 3801 3032 3850 ηυγ,
3087 3805 3166 3854 τῳ
3218 3801 3488 3858 αουνατῳ.
3542 3792 3650 3840 Παν
3694 3803 3789 3860 γαρ

2145 3866 2173 3918 ὃ
2230 3863 2513 3935 ἀδύνατον,
2572 3869 3056 3944 ἀντεστραμμὲνως
3111 3875 3199 3928 καὶ
3283 3875 3619 3951 ἀναγκαῖον·
3683 3878 3787 3929 οἷον

2146 3956 2434 4031 ἀναγκαῖον
2465 3957 2555 4012 τὸν
2584 3958 2746 4026 ἥλιον
2777 3959 3013 4034 λάμπειν
3045 3980 3059 3996 ο
3095 3961 3242 4018 ἀλλᾶ
3271 3969 3361 4018 καὶ
3411 3963 3680 4021 ἀδύνατον
3716 3966 3786 4038 μή

2148 4044 2402 4119 λάμπειν.
2436 4049 2506 4101 Τὸ
2559 4045 2614 4102 δὲ
2662 4049 2823 4122 φάναι
2873 4052 2970 4119 τήν
3023 4053 3330 4128 ἁγιωσύνην
3385 4056 3486 4108 σού
3538 4079 3671 4112 ποτε
3719 4058 3789 4130 μὴ

2146 4135 2360 4210 λάμψαι
2396 4157 2409 4171 ·
2457 4139 2671 4202 πάντως
2719 4138 2806 4193 ἐπὶ
2856 4145 2952 4195 τοῦ
3001 4143 3206 4205 πάθους
3252 4147 3350 4198 τοῦ
3399 4147 3666 4219 Χριστοῦ.
3708 4147 3788 4200 Ἐν

2145 4227 2296 4282 νυκτὶ
2327 4230 2430 4306 γὰρ
2481 4227 2579 4284 οὒκ
2627 4227 2729 4284 οἶδ’
2778 4232 2949 4294 ὅπως,
2977 4238 3151 4288 Ταῦτα
3201 4231 3257 4289 δὲ
3308 4237 3530 4308 τὲρατα,
3565 4237 3655 4292 καὶ
3702 4235 3792 4290 οὐκ

2144 4312 2364 4390 ἔννομα,
2425 4317 2548 4373 οὐδὲ
2606 4317 2866 4396 ἐγκάνονα
2898 4341 2911 4355 ⁶
2973 4322 3099 4378 ἀλλ’
3158 4324 3288 4401 ὑπὲρ
3341 4326 3530 4399 φύσιν,
3563 4327 3598 4396 ἢ
3651 4324 3790 4398 παρά

2147 4408 2302 4484 φύσιν
2334 4426 2347 4439 '
2382 4409 2472 4463 καὶ
2514 4409 2575 4464 τὸ
2610 4411 2703 4482 μὲν
2754 4415 2969 4486 πρῶτον
3022 4411 3188 4484 δηλοῖ
3217 4417 3250 4484 ἡ
3284 4418 3524 4490 Χριστοῦ
3577 4417 3791 4471 οἶκονοο

2153 4497 2248 4570 μία
2277 4517 2290 4530 ·
2324 4499 2386 4553 τὸ
2440 4499 2496 4552 δὲ
2527 4498 2792 4575 δεύτερον,
2824 4503 2859 4571 ἡ
2909 4505 2999 4555 νῦν
3042 4505 3375 4579 παρανομία,
3411 4506 3662 4580 μάλιστα
3699 4505 3790 4561 οὐκ

401 4605 525 4642 rum
560 4604 815 4658 praesens
843 4586 1144 4658 iniquitas,
1170 4605 1282 4643 non
1307 4587 1367 4643 in
1389 4589 1585 4645 abdito
1620 4607 1722 4647 nec
1754 4592 1810 4646 in
1843 4596 2033 4648 trans-

2147 4589 2199 4643 ἐν
2229 4584 2522 4663 ἀποϐόστῳ
2561 4591 2648 4644 καὶ
2703 4591 2778 4655 ὡς
2823 4591 2875 4646 ἐν
2920 4591 3276 4669 παρεκδρομῇ
3323 4596 3621 4671 γενομένη,
3671 4595 3792 4652 ἀλλ’

400 4695 571 4732 cursu
597 4677 766 4746 facta,
799 4677 894 4731 sed
930 4677 1121 4746 palam
1166 4678 1416 4749 atquein
1468 4677 1605 4751 legis
1648 4697 1864 4736 morem
1906 4699 2039 4738 con-

400 4767 930 4838 ﬁrmata,quoadin
949 4766 1332 4838 ipsafuit,per
1363 4770 1699 4839 synodicam
1725 4771 2032 4841 actionem,

398 4872 717 4926 eorumque
748 4855 847 4926 qui
881 4871 983 4925 pro
1023 4857 1260 4912 veritate
1310 4864 1594 4928 pugnant,
1631 4860 2035 4930 relegationem

396 4950 672 5017 tanquam
704 4944 765 4998 in
796 4943 988 5014 aliqua
1021 4946 1348 5001 divinorum
1393 4965 1678 5003 canonum
1704 4955 2036 5021 transgres-

397 5035 582 5100 sione,
603 5037 797 5101 aut,ut
827 5034 1014 5088 verius
1039 5033 1247 5098 dicam,
1275 5037 1428 5107 gravi
1465 5036 1788 5108 infestaque
1810 5038 2029 5094 hazresi.

464 5128 510 5178 Ο
541 5122 1041 5194 praevaricantium
1094 5125 1426 5178 audaciam!
1463 5125 1674 5194 quibus
1706 5132 1923 5196 quanta
1962 5130 2032 5184 ob

395 5210 1052 5280 divinarumlegum,vel
1087 5212 1282 5282 potius
1303 5212 1600 5282 Evangelii
1631 5230 2033 5286 canonumque

395 5303 574 5356 ferme
596 5301 859 5354 omnium
902 5305 1302 5371 contemptum
1337 5317 1505 5370 poena
1536 5301 1864 5372 impendet;
1899 5310 2033 5362 tan-

393 5394 519 5445 tum
553 5387 873 5443 humilibus
905 5389 1073 5443 nobis
1101 5389 1396 5460 impendet
1428 5389 1772 5459 periculum,
1807 5395 1855 5449 si
1887 5396 2025 5465 quid

393 5481 463 5534 de
493 5478 684 5534 ofﬁcio
705 5477 1185 5534 subtraxerimus.
1210 5480 1486 5541 Quaenam
1509 5484 1701 5536 autem
1724 5483 2026 5555 dispensa-

393 5568 471 5623 tio
501 5584 629 5622 esse
650 5579 824 5638 queat
856 5582 992 5636 erga
1012 5581 1109 5620 eos
1137 5567 1231 5635 qui
1267 5582 1399 5621 cum
1420 5567 1666 5624 adulteri
1696 5571 2026 5643 copulatore

391 5655 740 5725 sacriﬁcant,
771 5655 987 5726 quique
1017 5653 1284 5710 adulterii
1334 5657 1750 5715 confirmatrici
1801 5665 2023 5734 synodo

2146 4676 2399 4755 ἐμφανῶς
2455 4679 2546 4733 καὶ
2597 4679 2671 4743 εἷς
2718 4682 2884 4754 νόμον
2927 4685 3277 4757 κρατυνθεῖσα
3323 4687 3385 4740 τὸ
3431 4690 3552 4742 καθ’
3602 4687 3788 4756 αὐτὴν,

2147 4763 2237 4821 διά
2263 4774 2364 4837 τῆς
2397 4765 2686 4839 συνοδικῆς
2735 4772 2981 4845 πράξεως
3014 4791 3028 4805 ·
3060 4773 3148 4828 καὶ
3195 4781 3294 4844 τῆς
3322 4780 3430 4831 τῶν
3488 4777 3627 4851 ὑπὲρ
3667 4775 3791 4846 ἀληο

2149 4856 2292 4918 Θείας
2325 4855 2684 4931 ἐνισταμένων
2716 4858 3019 4936 ἐξορίσεως,
3051 4863 3124 4924 ὡς
3165 4860 3253 4918 ἐπί
3281 4885 3425 4927 τινος
3471 4866 3786 4922 τούναντίον

2148 4946 2304 4999 θείων
2333 4946 2567 5001 κανόνων
2617 4945 2994 5024 παραϐάσεως,
3042 4952 3435 5028 τάληθὲστερον
3482 4953 3545 5011 δὲ
3597 4955 3783 5024 εἰπεῖν,

2145 5030 2402 5110 στιϐαρᾶς
2431 5038 2519 5092 καὶ
2550 5043 2792 5112 πονηρᾶς
2825 5041 3105 5104 αἱρέσεως.

2214 5126 2278 5178 Ὠ
2307 5133 2407 5194 τῆς
2437 5125 2654 5200 τόλμης
2693 5133 2800 5182 τῶν
2835 5125 3144 5202 δρασάντων
3177 5134 3190 5189 ί
3240 5135 3324 5196 οἷς
3356 5134 3480 5189 ὅσον
3529 5135 3596 5190 τὸ
3625 5133 3784 5190 κατά-

2142 5233 2311 5288 κριμα
2338 5222 2439 5285 τῆς
2470 5220 2576 5271 τῶν
2616 5218 2772 5272 θείων
2822 5218 3028 5291 νόμων,
3063 5220 3275 5294 μᾶλλον
3309 5220 3366 5278 δὲ
3410 5228 3507 5279 τοῦ
3542 5225 3788 5301 Εὐαγγε-

2141 5302 2264 5358 λίου
2316 5305 2405 5359 καὶ
2482 5306 2695 5362 πάντων
2769 5305 2964 5382 σχεδὸν
3041 5312 3278 5366 κανόνων
3352 5309 3731 5387 καθυϐρίσεως
3766 5331 3778 5344 ·

2139 5399 2396 5450 τοσοῦτον
2423 5398 2558 5465 ἡμῖν
2606 5401 2724 5460 τοῖς
2755 5403 3028 5461 ταπεινοῖς
3073 5399 3407 5457 ἐπικίνδυνον
3455 5402 3781 5478 καθυφιοῦσί

2137 5505 2190 5539 τι
2219 5489 2315 5539 τοῦ
2364 5484 2686 5562 πρέποντος.
2720 5491 2846 5551 Πῶς
2896 5486 2943 5543 δ’
2973 5485 3032 5543 ἂν
3081 5488 3166 5560 εἴη
3214 5490 3506 5565 οἰκονομία
3555 5493 3612 5548 ἐν
3663 5497 3776 5552 τοῖς

2137 5572 2623 5654 συλλειτουργοῦσι
2651 5581 2730 5649 τῷ
2780 5578 3170 5656 μοιχοζεόκτῃ,
3199 5580 3289 5636 καὶ
3338 5584 3642 5656 προάρξασι
3682 5588 3781 5650 τῆς

2141 5668 2562 5740 μοιχοκυρώτου
2611 5665 2860 5738 συνόδου,
2906 5669 2982 5734 ὡς
3032 5671 3060 5726 ὁ
3111 5671 3252 5732 θείος
3303 5665 3403 5751 ἔφη
3453 5672 3780 5737 Βασίλειοςῖ
