4084 6284
298 420 453 485 1041

1572 404 2134 469 EPISTOLARUM
2183 404 2330 463 LIB.
2379 404 2427 462 I.

3547 400 3701 459 1042

304 558 449 625 Φησῖ
482 558 611 632 γάρ,
645 551 921 613 πολλάκις
952 547 1042 603 καὶ
1074 544 1200 609 τοῦς
1240 548 1359 605 τοῖς
1394 541 1781 603 ἀνυποτάκτοις
1831 561 1947 593 συν-

2095 539 2442 607 αιεῖυοῐιυοῐ,
2476 542 2541 592 ut
2598 538 2831 593 divinus
2885 537 2964 592 ait
3022 534 3316 592 Basilius?
3348 535 3489 592 Dicit
3522 535 3702 596 enim,

298 631 655 712 ἀπελθόντας,
716 644 798 697 ἐπ’
856 640 914 695 ἄν
978 634 1451 712 μεταμεληθῶσιν,
1510 632 1587 694 εἷς
1637 632 1734 699 τὴν
1784 631 1956 696 αὐτὴν

300 731 669 809 ἀποδέχεσθαι
716 732 881 800 τάξιν,
921 727 1048 783 ἀλλ’
1091 727 1152 780 οὐ
1201 724 1328 797 παρ’
1378 725 1577 793 ἡμῶν·
1629 719 1779 792 εἷ’-περ
1825 719 1956 772 ποτε

305 825 395 879 καὶ
423 826 737 897 μεταγνοῖεν
767 841 779 853 ο
815 819 961 891 παρά
987 814 1042 871 δὲ
1063 819 1168 869 τῶν
1202 814 1303 887 [is]
1327 811 1612 880 οστασίων,
1647 811 1719 870 ὡς
1753 811 1779 863 ὁ
1811 811 1957 869 θεῖος

307 910 410 987 ἔφη
446 910 760 973 Διονύσιος.
792 910 872 965 Τά
926 905 1102 961 πλείω
1143 904 1345 979 ἀφίημι
1385 906 1453 973 τῇ
1503 897 1703 953 συνέσει
1735 919 1829 951 σου
1876 898 1955 951 ἱε-

314 1007 422 1076 ρῶς
456 999 725 1078 ἰσχυούσῃ
771 995 1085 1053 ἐποπτεύειν
1127 995 1195 1047 τά
1230 994 1375 1063 ἡμᾶς
1415 989 1745 1045 λανθάνοντα
1770 1031 1781 1043 .
1825 988 1957 1059 Δόξα

310 1095 425 1163 Θεῷ
478 1089 564 1144 ἐπὶ
610 1094 679 1162 τῇ
726 1092 833 1141 τῶν
880 1083 1126 1161 ἀδελφῶν
1179 1078 1464 1149 ἀπολύσει,
1516 1079 1665 1151 εἷ’περ
1716 1075 1955 1146 ἀληθές.

310 1179 445 1250 Δόξα
488 1182 604 1249 Θεῷ
649 1180 738 1231 καὶ
779 1176 905 1249 περὶ
954 1180 1053 1241 τῆς
1107 1169 1362 1226 θεοδότου
1414 1190 1529 1238 σου,
1579 1164 1780 1240 ἀδελφέ
1833 1186 1958 1238 μου,

311 1268 620 1343 καρτερίας,
672 1264 724 1321 έν
780 1269 899 1325 τοῖς
940 1267 1047 1317 τῶν
1099 1259 1285 1314 αὐτόθι
1334 1257 1601 1331 σκληροῖς
1640 1255 1727 1309 καὶ
1772 1256 1961 1328 ἀπερι-

310 1359 545 1429 τμήτοις
602 1357 686 1428 τῷ
734 1352 1001 1424 πνεύματι
1042 1350 1381 1421 κεντήμασι·
1432 1346 1671 1421 Χαρίζου
1725 1366 1817 1417 μοι
1865 1344 1962 1411 τὴν

313 1444 478 1500 εἰσαεὶ
537 1442 866 1516 ὑπόμνησιν,
918 1436 1285 1518 νηφαλεοῦσάν
1344 1456 1409 1508 με
1456 1435 1547 1488 τὸν
1597 1433 1954 1502 νυστάξονται

318 1534 434 1588 εἶτα
491 1535 580 1586 καί
638 1534 730 1585 νῦν
793 1530 939 1603 ἱεράν
1008 1524 1321 1600 προσευχὴν
1377 1523 1517 1577 πάνυ
1573 1523 1810 1590 πάντων,
1868 1523 1961 1574 τοῦ

314 1619 372 1675 δὲ
414 1621 625 1694 Πατρὸς
676 1621 840 1690 ἡμῶν
899 1616 990 1670 καὶ
1047 1618 1146 1668 τοῦ
1213 1610 1601 1685 διαφερόντως,
1657 1609 1960 1685 χρῄζοντι.

317 1709 620 1783 Μεμάθηκα
676 1706 1034 1776 πεποιηκέναι
1095 1724 1150 1756 σε
1208 1701 1399 1779 χάριτι
1459 1702 1692 1772 Χριστοῦ
1740 1699 1965 1770 πόνημά

312 1819 405 1855 τι⁶
476 1800 591 1868 καὶ,
652 1798 697 1851 εἰ
755 1793 1022 1862 κελεύεις,
1080 1790 1449 1866 ἀναγνώσαιμι
1517 1789 1649 1843 αὐτὸ
1699 1787 1781 1842 ἐπ’
1822 1787 1961 1865 ὠφε-

316 1887 439 1959 λείᾳ
464 1931 476 1943 .

662 1992 795 2050 ΑΗ’.
830 2024 896 2034 -
927 1990 1189 2065 Ἀρσενίῳ
1218 1989 1391 2060 τέκνῳ
1417 2032 1428 2044 .
1465 1983 1617 2059 [ρδ’.]

2065 646 2217 700 saepe
2249 628 2379 683 illos
2412 629 2582 683 etiam
2615 628 2713 698 qui
2758 627 2817 681 in
2866 625 3267 681 obedientibus
3310 625 3703 695 adhaserunt,

2066 723 2376 789 postquam
2400 733 2497 772 cos
2528 716 2948 788 pcnnitueril,in
2993 715 3262 770 eumdem
3295 715 3540 784 gradum
3574 714 3709 768 reci-

2066 808 2169 878 pit,
2193 808 2291 860 sed
2320 822 2689 877 nequaquam
2715 822 2747 859 a
2769 806 2958 871 nobis,
2987 804 3035 857 si
3070 804 3240 858 modo
3266 820 3523 873 unquam
3548 819 3707 857 erro-

2067 913 2180 952 rem
2214 900 2551 967 agnoscent,
2571 911 2769 949 verum
2799 912 2832 948 a
2854 893 3249 964 comparibus,
3277 897 3339 945 ut
3361 893 3442 947 ait
3471 892 3706 947 divinus

2065 984 2396 1056 Dionysius.
2429 984 2639 1039 Caetera
2699 982 2961 1052 relinquo
3012 981 3337 1051 prudentiae
3393 985 3528 1048 tua,
3580 997 3706 1051 qua

2067 1080 2255 1145 potest
2286 1074 2457 1127 etiam
2492 1089 2557 1126 ea
2598 1089 2724 1142 qua
2759 1088 2861 1126 nos
2893 1072 3093 1138 latent,
3117 1074 3315 1125 sancte
3353 1070 3705 1141 perspicere.

2068 1166 2220 1220 Laus
2260 1163 2375 1217 Deo
2398 1168 2453 1217 et
2483 1164 2553 1216 de
2586 1163 2827 1216 fratrum
2864 1161 3221 1227 liberatione,
3261 1159 3309 1213 si
3345 1176 3542 1215 verum
3594 1163 3704 1216 est.

2068 1254 2221 1309 Laus
2252 1256 2364 1306 Deo
2396 1256 2451 1306 et
2474 1252 2543 1305 de
2573 1255 2693 1319 tua,
2714 1251 2791 1305 mi
2822 1249 3018 1315 frater,
3052 1248 3328 1303 divinitus
3386 1250 3519 1303 data
3569 1266 3707 1303 con-

2069 1343 2304 1402 stantia,
2336 1342 2396 1395 in
2429 1341 2589 1396 duris
2620 1346 2675 1396 et
2704 1339 3135 1395 incircumcisis
3167 1338 3373 1409 spiritu
3404 1337 3709 1392 hominum

2070 1434 2312 1489 istorum
2344 1430 2618 1487 stimulis.
2639 1430 2869 1501 Largire
2899 1427 3044 1484 mihi
3077 1434 3416 1500 perpetuam
3444 1427 3713 1483 admoni—

2068 1525 2447 1594 tionem,qua
2467 1538 2557 1576 me
2571 1522 2986 1576 dormitantem
3010 1519 3469 1590 expergefaciat;
3504 1518 3712 1573 deinde

2070 1618 2126 1668 et
2157 1630 2309 1667 nunc
2341 1628 2540 1666 sacras
2572 1626 2770 1681 preces
2799 1609 3065 1664 omnium
3100 1624 3361 1678 prorsus,
3385 1608 3484 1663 sed
3528 1606 3711 1663 Patris

2072 1701 2250 1757 nostri
2290 1704 2346 1755 et
2378 1704 2511 1755 tuas
2557 1698 2950 1769 potissimum,
2976 1695 3276 1767 indigenti.
3311 1696 3497 1751 Didici
3529 1703 3582 1750 te
3612 1710 3714 1767 per

2071 1791 2286 1846 Christi
2336 1790 2583 1862 gratiam
2639 1804 2785 1859 opus
2846 1786 3077 1856 aliquod
3109 1785 3439 1842 elaborasse
3473 1802 3487 1853 ;
3522 1786 3631 1855 fac,
3664 1784 3713 1838 si

1992 1930 2040 1994 Β
2072 1880 2276 1952 placet,
2313 1885 2378 1935 ut
2407 1897 2540 1935 cum
2583 1877 2827 1933 utilitate
2857 1875 3069 1947 legam.

2414 2000 2421 2007 '
2487 1984 2786 2043 XXXVIII.
2820 2014 2887 2023 -—
2917 1985 3146 2040 Arsenio
3175 1985 3310 2055 ﬁlio.

913 2106 1098 2155 Scelus
1129 2106 1347 2155 nomine
1375 2106 1789 2169 dispensationis
1818 2110 2171 2170 pratexentes
2200 2106 2411 2156 refellit.
2440 2107 2653 2165 (Baron.
2691 2120 2775 2155 an.
2807 2104 2918 2160 787,
2950 2118 3003 2153 n.
3032 2104 3134 2163 58.)

394 2207 620 2269 Ἠλίκον
654 2205 860 2281 ἐχάρην
884 2207 975 2259 καὶ
1006 2208 1185 2272 τανῦν,
1231 2204 1493 2278 ἀναγνούς
1535 2226 1631 2258 σου
1673 2204 1741 2259 τά
1784 2206 1965 2279 γράμ-

326 2320 491 2373 ματα,
550 2298 734 2353 τέκνον
822 2294 1245 2351 ποθεινότατον·
1324 2293 1386 2348 οὐ
1467 2299 1721 2349 τοσοῦτον
1796 2293 1847 2348 ἐν
1900 2316 1969 2368 τῃ

332 2389 675 2463 ἀνεῳχθείσῃ
710 2407 795 2440 σοι
831 2382 1042 2458 μᾶλλον
1078 2382 1212 2457 θύρᾳ
1243 2389 1343 2451 τῆς
1372 2383 1507 2457 πρὸς
1539 2381 1805 2460 ἀδελφοὺς
1856 2405 1975 2437 συν-

329 2479 559 2553 τυχίας·
594 2476 639 2531 εἰ
671 2478 763 2530 καὶ
796 2474 930 2541 αὐτή
964 2472 1181 2527 εὐκταία
1209 2488 1222 2502 ³
1258 2472 1383 2526 ὅσον
1410 2470 1497 2526 ἐπὶ
1528 2478 1595 2547 τῇ
1643 2480 1742 2541 τῆς
1790 2472 1973 2548 γλώτ-

328 2586 433 2637 της
465 2565 714 2640 εὖχάριτι
745 2569 903 2632 Θεοῦ,
938 2561 1006 2617 δι’
1036 2564 1101 2633 ἧς
1129 2562 1332 2623 κλείεις
1353 2560 1419 2615 τά
1440 2562 1701 2617 ἀπύλωτα
1732 2567 1975 2635 στόματα

331 2661 443 2713 τῶν
485 2656 903 2731 αἱρετιζόντων.
957 2651 1223 2726 Προσθείη
1275 2673 1364 2707 σοι
1406 2658 1694 2731 τοιγαροῦν
1744 2648 1822 2709 ἔτι
1876 2654 1975 2710 Κύ-

333 2764 455 2821 ριος
509 2744 676 2821 λόγον
724 2742 977 2819 γνώσεώς
1025 2764 1083 2797 τε
1130 2741 1218 2796 καὶ
1270 2743 1481 2819 σοφίας,
1531 2740 1974 2818 διακατελέγχειν

328 2835 459 2897 τοὺς
518 2841 616 2903 τῆς
674 2828 945 2894 εὐσεϐείας
983 2832 1437 2905 προ[σ]ασπιστάς
1469 2850 1482 2862 ·
1524 2831 1598 2895 ὡς
1628 2832 1687 2885 ἄν
1738 2827 1840 2902 ἔξει
1892 2853 1976 2887 σοι

332 2924 392 2979 εὖ
428 2922 576 2997 μάλα
605 2926 686 2994 τῷ
718 2922 848 2992 θείῳ
880 2916 1041 2974 Δαυΐδ
1076 2917 1418 2993 συμψάλλειν
1445 2938 1458 2951 ⁵
1492 2920 1574 2975 Τὸ
1614 2921 1822 2993 στόμα
1857 2941 1978 2991 μου

332 3013 604 3081 ἤνοιξα,
635 3009 743 3065 καὶ
775 3006 1051 3063 ε’ίλκυσα
1088 3012 1380 3080 πνεῦμα’
1417 3008 1517 3063 ὅτι
1557 3008 1667 3072 τὰς
1706 3008 1977 3070 ἐντολάς

334 3123 450 3157 σου
508 3102 624 3155 οὐκ
689 3097 1161 3170 ἐπελαθόμην.
1216 3100 1347 3154 Καθ’
1392 3099 1463 3151 ὧν
1513 3097 1873 3169 λυττήσαντες
1929 3102 1979 3154 οἱ

339 3190 843 3264 Μοιχειανίζοντες,
877 3186 1049 3241 ἐκεῖνό
1081 3207 1198 3248 πως
1230 3187 1293 3242 τὸ
1335 3188 1602 3263 Γραφικὸν
1636 3188 1817 3250 αὐτοῖς
1861 3193 1982 3250 τοῖς

340 3274 525 3353 ἕογοις
562 3278 881 3353 φθέγγονται
907 3320 919 3332 .
954 3276 1241 3331 ’Δπόστα
1272 3276 1377 3330 ἀπ’
1410 3276 1601 3350 ἐμοῦ,
1635 3276 1827 3339 ὁδοὺς
1870 3300 1982 3332 σου

340 3368 589 3423 εἰδέναι
621 3366 693 3421 οὐ
725 3362 1086 3438 ϐούλομαι.
1122 3366 1184 3422 Εἰ
1216 3368 1316 3442 γὰρ
1347 3364 1586 3441 ᾔδεισαν,
1631 3369 1730 3422 οὐκ
1757 3367 1816 3423 ἄν
1852 3390 1986 3444 παρ-

339 3454 541 3527 έϐησαν
574 3458 638 3511 τὰ
679 3459 775 3511 τοῦ
814 3458 1020 3528 Κυρίου
1061 3453 1403 3529 ἐντάλματα.
1456 3458 1555 3511 οὐκ
1598 3458 1657 3511 ἄν
1703 3455 1984 3532 παραϐάν-

338 3568 451 3618 τες,
495 3545 807 3620 οἰκονομίαν
847 3547 1116 3619 σωτήριον
1156 3550 1224 3619 τῇ
1260 3546 1558 3616 Ἐκκλησία
1604 3550 1844 3621 Χριστοῦ
1894 3548 1989 3608 τὰς

341 3631 675 3706 παραϐάσεις
738 3632 1034 3695 συνοδικῶς
1095 3631 1479 3708 ἐδογμάτιζον,
1538 3634 1626 3688 ὑπ’
1693 3633 1985 3709 ἀναθέματι

342 3731 454 3780 τῶν
486 3725 681 3784 ταύτας
727 3724 802 3795 μή
836 3721 978 3776 οὕτω
1008 3725 1377 3796 προσιεμένων
1405 3768 1416 3779 .
1459 3726 1627 3798 Ὅπερ
1674 3720 1861 3786 ἀσεϐὲς
1892 3723 1989 3779 δό-

343 3835 462 3889 γμα
499 3812 756 3868 τοσοῦτόν
793 3811 957 3877 ἔστιν,
990 3812 1064 3873 ὡς
1102 3814 1175 3883 μή
1232 3814 1396 3885 μόνον
1444 3815 1507 3867 τὸ
1556 3814 1699 3887 ἱερὸν
1754 3813 1985 3889 Εὐαγγὲ,

348 3904 471 3959 λιον
517 3903 845 3974 ἀνατρέπειν,
896 3902 1035 3955 κατά
1080 3901 1142 3953 τὸ
1185 3898 1245 3955 ἐκ
1294 3900 1489 3975 μέρους
1530 3902 1686 3979 φύσιν
1737 3902 1883 3976 ἔχειν
1925 3904 1986 3957 τὸ

349 3992 481 4047 ὅλον
515 3992 897 4064 ἀνατρέπεσθαι
926 4008 937 4021 ·
971 3988 1115 4043 ἀλλά
1145 3990 1232 4043 καὶ
1287 3991 1453 4059 αὐτὴν
1483 3995 1581 4059 τὴν
1632 3998 1861 4066 Χριστοῦ
1908 3994 1989 4047 οἱ-

348 4082 611 4153 κονομίαν
646 4080 913 4152 ἀναιρεῖν·
967 4080 1278 4153 ἀναιρετικά
1324 4083 1425 4154 γάρ
1474 4081 1737 4151 ἀλλήλων
1790 4083 1988 4136 τάναν-

349 4172 474 4226 τία.
532 4173 651 4227 ’Ότι
716 4167 773 4223 δὲ
829 4168 1037 4223 ἐναντία
1144 4171 1517 4243 μοιχοζευξία,
1568 4169 1993 4247 δογματισθεῖσα

353 4262 625 4333 σωτήριος
676 4258 979 4332 οἰκονομία,
1010 4262 1078 4331 τῇ
1129 4258 1265 4328 θείᾳ,
1315 4262 1404 4313 καὶ
1453 4259 1534 4314 ἐπ’
1578 4261 1839 4334 ἀναιρέσει
1891 4272 1990 4331 τῆς

351 4348 620 4422 ἁμαρτίας
652 4346 957 4420 οἰκονομίᾳ,
990 4349 1147 4402 παντί
1188 4369 1293 4402 που
1327 4346 1528 4417 δῆλον.
1561 4350 1739 4405 Ἀλλά
1775 4353 1867 4424 μὲν
1902 4352 1991 4407 οὖν

351 4440 445 4496 καὶ
478 4440 676 4512 ἑτέρων
708 4433 1069 4509 ἀσεϐημάτων
1100 4436 1240 4491 ἐστὶν
1292 4437 1585 4511 ἐπίμεστος
1615 4442 1649 4508 ἡ
1688 4442 1994 4515 μοιχοσύν-

356 4529 483 4589 οδος
510 4547 521 4558 ·
558 4523 611 4595 ἃ,
643 4527 689 4581 εἰ
720 4524 1041 4600 περιτύχοις
1076 4524 1241 4580 πάλιν
1298 4524 1427 4582 ἰδεῖν
1471 4528 1565 4582 τὸν
1619 4527 1854 4600 ἀδελφὸν
1891 4533 1959 4588 Εὐ
1984 4566 1997 4575 -

355 4617 670 4694 πρεπιανὸν,
709 4613 1007 4685 ὑποδείξειέ
1036 4636 1119 4670 σοι
1147 4658 1160 4673 .
1766 4597 1775 4609 ⁸

434 4795 684 4870 ’Έῤῥωσο
728 4795 821 4848 καὶ
873 4793 1131 4861 εὐσθένει,
1188 4796 1391 4865 τέκνον,
1452 4798 1829 4875 ἀμφοτέρωθεν
1873 4799 1999 4862 τοὺς

2151 2208 2377 2271 Quanto
2411 2224 2567 2261 nunc
2597 2206 2772 2260 etiam
2798 2206 3012 2276 gaudio
3044 2203 3314 2273 perfusus
3374 2217 3502 2256 sum
3556 2199 3720 2255 lectis

2084 2297 2438 2361 litteristuis,
2456 2294 3045 2351 Iilidesideratissime
3066 2291 3079 2346 l
3099 2308 3212 2347 non
3231 2297 3283 2346 ta
3297 2308 3350 2345 m
3383 2291 3535 2360 quod
3560 2305 3724 2360 aper-

2083 2390 2209 2441 tum
2224 2386 2326 2441 tibi
2342 2386 2557 2441 ostium
2572 2385 2742 2439 fuerit
2768 2383 3010 2439 liberius
3033 2399 3167 2437 cum
3200 2381 3478 2436 fratribus
3491 2394 3726 2450 congre-

2087 2475 2321 2537 diendi:
2358 2474 2624 2547 quamvis
2654 2479 2712 2529 et
2742 2474 2886 2528 illud
2920 2472 3259 2544 optandum,
3285 2485 3460 2542 quam
3486 2471 3720 2540 propter

2085 2566 2323 2621 insitam
2356 2565 2567 2636 lingua
2597 2569 2709 2619 tua
2739 2564 2838 2619 Dei
2857 2564 3126 2634 gratiam,
3151 2577 3263 2634 qua
3294 2561 3547 2615 obstruis
3568 2560 3722 2614 etfre-

2086 2659 2223 2710 nata
2244 2672 2345 2710 ora
2379 2654 2803 2710 hareticorum.
2821 2655 3126 2723 Adaugeat
3150 2667 3281 2719 ergo
3302 2650 3406 2704 tibi
3440 2650 3724 2703 Dominus

2088 2760 2413 2801 sermonem
2463 2744 2719 2799 scientia
2778 2758 2844 2797 ac
2903 2740 3202 2812 sapientia
3234 2740 3305 2795 ad
3338 2738 3725 2795 confutandos

2086 2834 2407 2905 impietatis
2437 2834 2815 2889 defensores:
2853 2836 2917 2887 ut
2937 2831 3043 2886 tibi
3100 2829 3303 2885 merito
3362 2844 3502 2884 sane
3557 2827 3728 2883 liceat

2089 2941 2221 2980 cum
2253 2925 2444 2979 divino
2467 2924 2641 2978 David
2669 2938 2875 2978 canere
2903 2922 3204 2977 :Osmeum
3225 2922 3434 2991 aperui,
3450 2924 3500 2973 et
3519 2919 3730 2974 attraxi

2087 3014 2393 3084 spiritum;
2426 3016 2561 3084 quia
2616 3012 2878 3067 mandata
2937 3016 3032 3065 tua
3073 3026 3183 3066 non
3242 3025 3366 3064 sum
3411 3008 3605 3063 oblitus
3660 3006 3724 3059 ³³.

2089 3106 2301 3161 Contra
2320 3102 2818 3174 quainsanientes
2849 3100 3177 3166 Machiani,
3210 3098 3355 3154 illud
3396 3096 3730 3167 Scriptura,

2092 3194 2364 3265 Operibus
2394 3192 2559 3262 ipsis,
2592 3191 3022 3263 quodammodo
3052 3188 3376 3244 inclamant
3408 3202 3422 3241 :
3465 3187 3673 3242 Recede
3700 3201 3731 3238 a

2091 3299 2178 3338 me
2205 3283 2324 3338 vias
2356 3292 2477 3337 tuas
2509 3283 2647 3336 scire
2668 3282 2791 3336 nolo
2821 3278 2889 3334 ³ο.
2923 3279 2982 3334 Si
3006 3280 3161 3333 enim
3194 3277 3517 3343 scivissent,
3541 3274 3731 3330 haud-

2096 3388 2389 3445 quaquam
2410 3372 2631 3425 Domini
2649 3368 3311 3424 mandataviolavissent
3332 3381 3574 3437 :neque,
3589 3371 3738 3436 post-

2098 3480 2271 3534 quam
2303 3461 2680 3527 violaverunt,
2705 3459 3017 3515 salutarem
3046 3457 3260 3513 Christi
3306 3455 3571 3512 Ecclesia
3612 3455 3738 3510 dis-

2101 3552 2499 3624 pensationem
2535 3550 2713 3605 fuisse
2743 3547 3244 3620 pravaricationes
3275 3562 3432 3616 suas,
3465 3544 3738 3617 synodice

2099 3643 2452 3705 sanxissent,
2485 3640 2849 3694 anathemate
2872 3638 2927 3691 in
2960 3654 3057 3693 eos
3090 3637 3318 3691 decreto
3350 3635 3446 3707 qui
3488 3651 3585 3690 eas
3624 3651 3737 3689 non

2099 3731 2336 3803 perinde
2366 3728 2803 3801 approbassent.
2836 3726 2997 3790 Quod
3032 3726 3267 3796 quidem
3292 3725 3434 3780 adeo
3483 3732 3567 3778 est
3621 3723 3736 3778 im-

2103 3821 2263 3893 pium
2296 3821 2738 3890 dogma,utnon
2774 3816 2943 3872 modo
2967 3831 3201 3870 sacrum
3233 3812 3610 3884 Evangelium
3633 3813 3731 3867 de-

2104 3914 2312 3979 struat,
2344 3913 2634 3980 quatenus
2657 3910 2840 3961 totum
2875 3905 3095 3959 destrui
3119 3906 3177 3958 in
3195 3909 3355 3973 parte
3371 3902 3546 3972 vulgo
3563 3903 3737 3967 solet;

2105 4001 2201 4055 sed
2237 4000 2421 4069 ipsam
2454 3999 2629 4053 etiam
2676 3996 2888 4051 Christi
2956 3993 3415 4049 incarnationem
3472 3991 3635 4046 tollat
3672 3993 3741 4045 de

2106 4089 2297 4144 medio
2319 4105 2332 4153 ;
2350 4088 2559 4141 tollunt
2574 4086 2859 4156 siquidem
2877 4101 3000 4138 sese
3017 4088 3219 4138 mutuo
3251 4081 3561 4137 contraria.
3580 4082 3739 4145 Quod

2108 4183 2300 4234 autem
2335 4176 2661 4231 adulterina
2699 4176 3053 4243 conjunctio,
3095 4188 3271 4243 quam
3302 4170 3395 4225 isti
3428 4171 3742 4226 salutarem

2108 4268 2598 4338 dispensationem
2632 4265 2811 4319 fuisse
2842 4267 3134 4329 statuunt,
3178 4262 3406 4328 divina,
3439 4266 3495 4316 et
3525 4261 3595 4316 ad
3622 4277 3745 4331 pec-

2108 4358 2221 4415 cati
2248 4351 3432 4421 destructioneminstitutadispensationi
3458 4350 3747 4405 contraria

2109 4449 2206 4515 sit,
2239 4446 2508 4503 omnibus
2541 4444 2918 4499 manifestum
2949 4451 3053 4499 est.
3078 4442 3588 4498 Verumenimvero
3618 4440 3747 4494 aliis

2110 4553 2340 4610 quoque
2362 4536 2681 4607 impietatis
2700 4534 3009 4606 generibus
3032 4537 3215 4590 scatet
3233 4531 3746 4603 macbosynodus;

2111 4643 2260 4699 qua,
2303 4625 2804 4697 siEuprepianum
2838 4624 3072 4679 fratrem
3104 4622 3311 4678 iterum
3358 4620 3552 4676 videre
3605 4636 3748 4676 con-

2112 4716 2301 4787 tingat
2326 4715 2433 4771 tibi
2464 4713 2907 4769 demonstrabit.

2174 4804 2316 4860 Vale
2345 4808 2401 4859 et
2429 4806 2707 4859 constans
2747 4806 2893 4862 esto,
2927 4800 3030 4867 fili,
3056 4800 3333 4871 utrinque
3365 4815 3463 4856 eos
3504 4799 3606 4870 qui
3656 4798 3749 4853 in-

362 4883 677 4961 βάλλοντας
708 4883 974 4959 ἀοράτως,
1009 4879 1297 4938 ἐκϐάλλων
1329 4886 1512 4959 κράτει
1545 4886 1796 4955 πίστεως,
1830 4885 1980 4964 φόϐοι

2112 4893 2420 4949 visibiliter
2463 4892 2677 4947 feriunt
2726 4895 3101 4961 prosternens
3150 4890 3281 4945 ﬁdei
3314 4890 3539 4953 robore,
3574 4888 3747 4943 timo-

1814 4976 1837 4993 Ν

356 4997 418 5031 τε
475 4973 622 5028 θείου
680 4975 771 5027 καὶ
832 4972 1083 5049 ἀγάπης.
1146 4972 1366 5043 Ἐπειδὴ
1419 4977 1523 5051 γάρ
1572 4974 1758 5045 ἔξωθεν
1811 4976 1878 5031 δι’
1929 4980 2001 5032 ὦν

359 5061 730 5138 ἐπεγῖίρουσιν
786 5061 1040 5135 αἱρέσεων
1095 5057 1562 5135 προσϐάλλοντες,
1612 5064 2003 5139 ἀποκρούονται

2119 4986 2313 5055 risque
2344 4982 2523 5037 divini
2554 4986 2609 5037 et
2638 4982 2958 5037 charitatis.
2992 4983 3307 5052 Postquam
3340 4980 3496 5034 enim
3528 4979 3751 5034 extrin-

2118 5089 2287 5128 secus
2319 5088 2421 5143 per
2469 5072 2740 5135 haereses,
2772 5087 2911 5139 quas
2965 5069 3269 5133 suscitant,
3301 5068 3606 5134 irruentes,
3652 5084 3754 5138 per

2120 5162 2498 5218 orthodoxam
2531 5160 2881 5216 sententiam
2925 5160 3145 5230 repulsi
3186 5164 3323 5213 sunt
3357 5174 3369 5211 :
3402 5157 3754 5213 intrinsecus

2122 5251 2539 5322 aggrediuntur
2570 5248 2940 5316 fraudulenli,
2976 5249 3182 5303 anima
3225 5248 3561 5301 thesaurum
3612 5246 3759 5302 diri—

2124 5356 2258 5410 pere
2291 5340 2888 5407 molienteszquorum
2915 5355 2942 5390 a
2966 5337 3395 5406 depradatione
3423 5334 3756 5404 liberemur,

2125 5444 2333 5481 manus
2357 5429 2424 5482 ad
2443 5429 2623 5482 Deum
2645 5426 3001 5492 attollentes,
3024 5432 3078 5481 et
3112 5426 3293 5494 adjuti
3331 5424 3593 5491 precibus
3606 5442 3759 5481 com-

2127 5518 2322 5570 munis
2355 5516 2537 5571 Patris
2568 5517 2747 5571 nostri
2780 5520 2836 5569 et
2866 5516 3093 5585 piorum
3144 5513 3427 5577 omnium,
3462 5530 3566 5583 ego
3590 5518 3646 5567 et
3676 5518 3757 5581 tu,

2126 5614 2179 5661 et
2210 5606 2418 5663 fratres
2450 5606 2634 5661 nostri
2660 5604 2934 5661 universi.
2970 5604 3191 5659 Auletae
3223 5603 3571 5673 praepositus
3624 5602 3762 5659 tibia

364 5152 472 5207 ὑπὸ
502 5154 599 5204 τοῦ
639 5146 932 5223 ὀρθοδόξου
983 5152 1329 5225 φρονήματος
1358 5169 1372 5185 '
1423 5145 1633 5206 ἔνδοθεν
1681 5152 2007 5228 ἐπέρχονται

362 5242 418 5297 οἱ
451 5238 656 5301 δόλιοι,
699 5237 934 5307 συλῆσαι
965 5238 1057 5293 τὸν
1085 5246 1184 5308 τῆς
1222 5242 1407 5315 ψυχῆς
1441 5242 1707 5315 θησαυρὸν
1748 5243 2007 5317 τεχναζό-

366 5350 559 5404 μενοι.
608 5332 706 5382 Ὧν
766 5326 1179 5402 λυτρωθείημεν
1238 5336 1337 5398 τῆς
1399 5332 1588 5405 θήρας,
1635 5336 1825 5407 χεῖρας
1875 5334 2012 5407 πρὸς

363 5419 496 5476 Θεὸν
558 5416 820 5490 αἶ’ροννες,
880 5417 1134 5493 συνεργίᾳ
1205 5422 1312 5472 τῶν
1372 5424 1468 5473 τοῦ
1541 5426 1727 5474 κοινοῦ
1806 5423 2013 5496 Πατρὸς

363 5512 529 5581 ἡμῶν
588 5509 937 5582 προσευχῶν,
1022 5506 1110 5561 καὶ
1168 5507 1380 5563 πάντων
1440 5515 1545 5563 τῶν
1622 5507 2011 5577 εὐσεϐούντων,

364 5596 479 5675 ἐγώ
507 5617 565 5652 τε
593 5596 685 5651 καὶ
718 5597 780 5650 σὺ
824 5595 914 5649 καὶ
954 5595 1147 5661 πάντες
1195 5598 1247 5651 οἱ
1296 5596 1523 5672 ἀδελφοὶ
1574 5601 1735 5672 ἡμῶν
1767 5644 1779 5657 .
1820 5602 1882 5658 Ὀ
1918 5607 2016 5656 τοῦ

443 5723 488 5758 ³⁵
519 5720 671 5778 Psal.
702 5737 895 5792 cxvm,
928 5722 1050 5793 131,
1086 5724 1205 5780 176.
1282 5724 1329 5758 ³⁸
1352 5724 1462 5783 Job
1492 5742 1610 5797 xxx,
1639 5727 1725 5783 14.
