4084 6284
408 357 564 420 1043

1649 363 1712 422 S.
1760 362 2163 423 THEODORI
2205 359 2567 422 STUDITE

3629 351 3760 413 1οη

407 493 584 561 canit,
617 493 719 549 sed
740 493 984 548 obscuro
1011 511 1172 559 sono,
1210 511 1311 549 nec
1368 495 1611 566 Spiritui
1678 500 1878 552 sancto
1919 513 2050 552 con-

2163 493 2414 564 Δῦλητοῦ
2462 495 2869 569 καθηγούμενος
2923 493 3100 561 αὐλεῖ,
3144 489 3292 549 ἀλλὰ
3339 491 3539 566 ἄσημα,
3582 493 3664 547 καὶ
3708 491 3763 548 ού

408 581 643 638 cinenti.
681 583 839 645 Quod
865 583 1018 637 enim
1052 584 1130 637 ait
1160 600 1222 638 se
1265 585 1508 639 Romam
1547 589 1844 655 spectare;
1876 585 2054 641 imbe-

409 671 663 726 cillitatis
683 689 894 738 causm,
931 672 1204 744 falsaeque
1231 673 1288 727 in
1321 690 1378 727 re
1410 674 1674 744 praesenti
1703 675 2055 731 defensionis

409 761 729 831 suffugium
783 766 889 815 est.
923 760 1203 830 Quodque
1261 762 1331 817 de
1381 763 1534 817 Saba
1591 767 1647 818 et
1700 763 2052 827 Theoctisto,

409 850 862 918 religiosissimis
895 851 1342 918 monachis;hoc
1373 851 1590 907 illudve
1622 853 1794 920 dicat,
1819 858 1874 908 et
1899 856 2051 924 quod

410 941 604 995 Romae
637 941 745 994 hoc
776 943 832 993 et
864 939 1030 1009 illud,
1075 940 1284 996 falsum
1309 945 1415 996 est.
1452 942 1516 996 Hi
1560 944 1714 997 enim
1775 943 1845 998 ob
1904 943 2054 998 hanc

409 1044 648 1084 causam
695 1044 762 1083 ne
809 1028 880 1083 ab
923 1029 1440 1086 Iconomachorum
1496 1031 1704 1086 haaresi
1742 1033 2053 1087 redeuntes

410 1117 666 1190 episcopi
705 1117 761 1171 in
811 1119 1082 1185 pristinos
1124 1121 1342 1186 gradus
1402 1120 1886 1176 restituerentur:
1939 1137 2051 1177 non

411 1208 642 1280 quidem
660 1223 883 1276 omnes,
905 1209 1004 1262 sed
1025 1209 1320 1280 praecipui,
1341 1218 1391 1265 et
1424 1210 1715 1280 principes
1746 1211 2050 1266 hereseos.

402 1300 570 1370 juxta
625 1298 810 1352 sancti
871 1297 1172 1352 Athanasii
1232 1298 1420 1367 verba,
1489 1300 1853 1354 restiterunt.
1890 1300 2051 1366 Quod

411 1403 548 1443 sane
579 1387 898 1441 absurdum
931 1402 1043 1441 non
1077 1391 1218 1441 erat.
1250 1387 1360 1442 Sed
1416 1392 1721 1459 postquam
1772 1390 2051 1458 synodus,

410 1492 536 1546 qua:
569 1484 766 1531 coacta
794 1479 920 1530 tum
956 1476 1086 1542 fuit,
1119 1475 1482 1547 recipiendos
1515 1493 1718 1532 omnes
1743 1478 2048 1547 judicavit.

411 1563 740 1635 exemplum
773 1569 971 1621 secuta
1002 1570 1226 1636 quartae
1255 1571 1464 1620 sanctae
1498 1567 1694 1638 synodi
1723 1583 1736 1634 ;
1779 1583 2051 1622 assense-

411 1656 618 1708 runtet
642 1653 994 1725 ipsizneque
1015 1653 1172 1708 enim
1188 1653 1306 1709 ulla
1338 1654 1573 1709 suberat
1603 1654 1681 1710 rei
1711 1655 2051 1710 necessariae

409 1743 812 1813 transgressio.

484 1925 560 1978 De
587 1921 932 1977 Simoniacis
959 1925 1152 1976 autem
1176 1925 1295 1976 tum
1327 1922 1560 1992 quidem
1595 1923 2048 1995 praetermissum

412 2016 520 2079 est,
555 2013 694 2084 quia
718 2014 786 2068 de
826 2029 892 2068 eo
925 2013 1114 2084 capite
1136 2018 1268 2083 post
1335 2015 1626 2085 synodum
1669 2017 2050 2086 quaerendum

411 2107 553 2159 erat.
588 2100 896 2171 Postquam
917 2118 1050 2158 vero
1074 2102 1380 2172 quaesitum
1417 2104 1522 2158 fuit
1564 2145 1577 2156 .
1626 2143 1638 2159 .
1683 2145 1697 2158 .
1743 2146 1756 2158 .
1802 2147 1815 2160 .
1861 2143 1874 2158 .
1919 2145 1933 2160 .
1976 2147 1989 2160 .
2035 2147 2048 2173 ,

409 2192 665 2263 primum
700 2190 935 2261 quidem
970 2208 1186 2246 annuae
1223 2193 1596 2263 poenitentiae,
1631 2198 1732 2249 aut
1753 2194 2050 2265 aliquanto

411 2279 682 2350 amplius.
717 2280 760 2335 Ο
785 2280 1015 2336 facinus
1048 2277 1277 2336 audax!
1311 2296 1440 2336 cum
1477 2283 1777 2338 monachis
1807 2284 2050 2354 quibus-

412 2370 568 2436 dam,
601 2385 852 2439 quorum
879 2370 1217 2425 nominibus
1249 2386 1444 2441 parco,
1477 2371 1698 2427 editum
1739 2375 1824 2427 est
1871 2372 1941 2427 ab
1985 2390 2050 2429 eo

411 2461 706 2515 decretum
748 2459 1067 2514 relaxandaa
1109 2459 1486 2530 depositionis
1543 2465 1852 2532 perpetuae,
1877 2463 1956 2518 ita
1987 2469 2052 2518 ut

411 2547 618 2603 Christi
639 2550 967 2604 sacerdotes
987 2548 1200 2605 iterum
1220 2550 1428 2616 forent,
1449 2566 1596 2621 quos
1623 2552 1769 2606 Deus
1801 2568 1898 2621 per
1912 2569 2047 2621 apo-

407 2637 688 2694 stolorum
746 2637 1064 2709 principem
1118 2640 1351 2694 Petrum
1404 2639 1788 2710 deposuisset.
1831 2640 2050 2697 Deinde

409 2740 540 2780 cum
600 2723 710 2794 ipsi
760 2725 818 2778 in
878 2742 946 2781 ea
986 2743 1046 2781 re
1097 2743 1214 2781 non
1259 2727 1641 2782 assentiretur
1692 2728 1896 2797 Sabas,
1947 2729 2048 2784 sed

410 2813 580 2884 plane
611 2813 1014 2868 adversaretur
1040 2831 1052 2880 ;
1084 2817 1224 2886 quid
1257 2817 1374 2884 agit
1394 2817 1420 2870 ‘2
1446 2816 1663 2872 malum
1687 2822 1841 2873 recto
1872 2819 2050 2873 corri-

408 2901 512 2973 git.
541 2901 724 2972 Negat
752 2918 813 2957 se
838 2902 1234 2972 pmnitentiam
1261 2905 1511 2972 dedisse,
1535 2910 1599 2960 ut
1621 2921 1720 2960 eos
1741 2905 2049 2961 admittere

407 2989 508 3061 qui
533 3006 635 3061 per
665 2992 974 3061 pecuniam
989 2993 1379 3062 ordinassent,
1397 2993 1481 3048 vel
1515 2994 1760 3049 ordinati
1778 2994 2046 3062 fuissent,

407 3080 560 3151 quod
593 3096 730 3136 cum
759 3081 920 3150 dicit,
945 3081 1310 3137 convincitur
1343 3083 1414 3138 ab
1446 3082 1605 3138 illius
1635 3083 1914 3154 temporis
1942 3086 2050 3138 Au-

411 3172 602 3239 gusta,
617 3184 650 3222 a
673 3184 782 3238 qua
802 3169 1280 3227 inductusfuerat
1295 3173 1631 3245 utiniquam
1650 3175 2050 3246 pmnitentiam

412 3255 596 3312 daret.

485 3345 699 3400 Aderat
752 3346 874 3402 dies
926 3348 1438 3421 Theophaniorum
1496 3350 1732 3417 Christi,
1772 3357 2054 3408 venerunt

407 3432 507 3488 illo
538 3434 630 3489 die
659 3436 871 3505 quibus
899 3438 1170 3510 imposita
1212 3457 1378 3510 poena
1433 3442 1620 3498 fuerat
1652 3461 1664 3496 :
1700 3447 1774 3509 et,
1808 3458 1874 3498 ea
1925 3444 2048 3514 jam

408 3535 656 3598 peracta,
691 3545 752 3585 se
783 3531 1000 3587 absolvi
1032 3533 1416 3604 postularunt,
1453 3535 1746 3592 abnuebat
1786 3536 1904 3603 ille,
1939 3542 2052 3592 Au-

408 3623 579 3689 gusta
594 3621 856 3691 urgebat,
872 3623 1018 3678 utad
1030 3624 1418 3681 mitterentur.
1437 3627 1650 3682 Iterum
1668 3626 1814 3682 malo
1831 3631 2051 3684 rectum

408 3706 659 3762 destruit
691 3710 1057 3780 patriarcha:
1091 3728 1223 3768 cum
1253 3713 1373 3768 illis
1405 3730 1470 3770 eo
1517 3715 1640 3784 ipso
1673 3715 1819 3771 festo
1860 3715 2048 3785 palam

407 3797 712 3866 sacrificat,
740 3816 852 3854 non
885 3800 1101 3856 invitus
1133 3819 1294 3871 sane,
1327 3802 1426 3858 sed
1457 3821 1564 3859 sua
1593 3807 1837 3874 sponte:
1871 3821 2052 3874 quan-

407 3884 717 3955 doquidem
751 3904 882 3942 cum
916 3895 1108 3960 posset
1131 3906 1262 3944 cum
1277 3892 1557 3961 depositis
1574 3909 1686 3947 non
1705 3893 2051 3962 sacrificare,

407 3975 750 4031 sacrificavit
784 3995 796 4031 :
829 3979 1236 4049 quoquomodo
1269 3980 1403 4050 quis
1433 3982 1585 4036 dicat
1615 3999 1748 4037 eum
1786 3999 1900 4038 non
1953 4001 2053 4054 po-

408 4065 608 4120 tuisse.
633 4065 774 4121 Hinc
796 4065 892 4121 illa
923 4067 1083 4122 Saba:
1107 4086 1240 4124 cum
1276 4087 1341 4125 eo
1373 4071 2052 4128 contentiozhincemer-

410 4153 486 4207 sit
517 4153 764 4224 amplior
793 4172 966 4226 quam
1000 4157 1177 4212 divini
1212 4175 1463 4214 canones
1499 4161 1707 4226 ferant,
1741 4163 2050 4230 absolutio,

409 4239 589 4294 Roma
619 4258 748 4296 vero
780 4244 1018 4299 minime
1042 4245 1161 4300 her
1194 4247 1478 4317 probavit,
1510 4249 1700 4304 absit!
1737 4252 1834 4306 sed
1868 4267 2054 4321 neque

409 4330 696 4398 synodum
722 4332 908 4399 ipsam
941 4333 1141 4388 habuit
1175 4353 1278 4406 pro
1308 4340 1684 4407 moumenica,
1708 4339 1809 4394 sed
1844 4358 1946 4410 pro
1971 4341 2050 4394 lo-

412 4417 542 4477 cali,
576 4425 633 4473 et
673 4436 798 4490 qua:
857 4424 1152 4494 proprium
1207 4425 1466 4482 locorum
1521 4427 1754 4482 illorum
1797 4445 2050 4485 errorem

409 4508 779 4563 emendasset
810 4508 874 4563 ³⁷.
901 4511 1098 4582 Neque
1128 4516 1282 4570 enim
1303 4515 1550 4572 aliorum
1592 4517 2050 4575 Patriarcharum

2158 589 2236 655 τῷ
2269 583 2537 656 Πνεύματι
2569 589 2646 655 τῷ
2695 584 2834 658 ἁγίῳ
2883 580 3123 658 εὔρυθμα
3149 601 3160 614 ·
3213 584 3304 636 καὶ
3333 583 3394 636 τὸ
3426 580 3594 657 λέγειν
3620 582 3762 637 αὐτὸν

2159 670 2364 747 ἀφορᾷν
2423 669 2473 724 ἐν
2528 669 2739 744 Ῥώμῃ,
2799 669 3066 730 ἀσθενείας
3134 666 3346 745 λόγου,
3403 669 3492 723 καὶ
3541 669 3663 743 πρὸς
3710 668 3766 722 τὸ

2160 760 2331 835 παρὸν
2408 756 2846 834 ψευδαπολογίας
2923 757 3291 837 καταφύγιον.
3351 758 3447 812 Καὶ
3513 757 3572 812 τὸ
3625 757 3768 834 φάναι

2160 849 2320 904 αὐτὸν
2361 851 2485 925 περὶ
2519 845 2670 904 Σάϐα
2697 870 2756 903 τε
2785 849 2874 904 καὶ
2915 857 3081 905 Θεοκτ
3122 869 3271 916 στου,
3311 851 3420 903 τῶν
3467 841 3768 901 εὐλαϐεστά-

2159 961 2264 994 των
2315 943 2597 1017 μοναχῶν,
2646 943 2808 994 τοῦτο
2855 939 3090 1007 κάκεῖνο,
3139 937 3229 991 καὶ
3275 938 3349 998 ὡς
3408 935 3459 991 ἐν
3502 936 3677 1009 Ῥώμῃ
3716 937 3771 990 τὸ

2160 1029 2250 1083 καὶ
2298 1029 2360 1083 τὸ
2419 1028 2518 1082 οὐκ
2572 1028 2815 1097 ἀληθές.
2876 1029 2939 1084 Οἱ
3001 1028 3096 1102 μὲν
3153 1027 3257 1102 γὰρ
3332 1023 3503 1081 ἕνεκεν
3555 1029 3647 1078 τοῦ
3704 1026 3769 1098 μή

2160 1115 2569 1192 προσδεχθῆναι
2605 1117 2732 1178 τοὺς
2779 1116 2838 1171 ἐκ
2888 1119 2985 1186 τῆς
3047 1115 3491 1190 Εἷκονομαχικῆς
3540 1112 3773 1187 αἱρέσεως

2163 1206 2596 1279 ὑποστρέφοντας
2659 1204 2990 1268 ἐπισκόπους
3047 1204 3122 1266 είς
3178 1203 3305 1265 τοὺς
3375 1203 3603 1264 οἰκείους
3657 1204 3774 1276 βαθ-

2165 1297 2300 1368 μούς
2324 1315 2336 1326 ·
2369 1294 2459 1350 καὶ
2491 1295 2557 1350 ού
2589 1295 2810 1365 πάντας,
2853 1292 2998 1350 ἀλλά
3035 1292 3162 1356 τοὺς
3205 1293 3430 1369 ἐξόχους
3469 1292 3560 1347 καὶ
3607 1312 3774 1365 πρωτ·

2161 1387 2368 1462 ἀρχους
2417 1392 2517 1454 τῆς
2576 1384 2853 1458 αἱρέσεως,
2911 1385 3046 1438 κατᾶ
3100 1382 3191 1437 τὸν
3253 1381 3417 1458 λόγον
3475 1386 3570 1436 τοῦ
3632 1381 3776 1456 ἁγίου

2161 1473 2496 1544 Ἀθανασίου,
2526 1472 2802 1530 ἐνίσταντο
2833 1516 2846 1529 .
2895 1475 3068 1547 ’Ὁπερ
3099 1473 3201 1528 οὐκ
3249 1470 3550 1532 ἀπεικότως
3574 1513 3585 1525 .
3637 1467 3777 1526 Ἀλλ’

2160 1563 2273 1617 ἐπεὶ
2319 1566 2352 1632 ἡ
2411 1569 2710 1633 τηνικαῦτα
2770 1560 2993 1625 σύνοδος
3049 1563 3290 1637 κέκρικεν
3350 1560 3517 1623 ὅλους
3566 1559 3780 1629 εἰσδέξα-

2159 1653 2301 1723 σθαι,
2359 1646 2563 1726 ἔχουσα
2611 1654 2711 1720 τὴν
2755 1650 3016 1722 τετάρτην
3067 1652 3220 1724 ἁγίαν
3277 1647 3499 1705 σύνοδον
3544 1644 3780 1723 παράδει-

2159 1761 2273 1815 γμα
2297 1760 2308 1772 ·
2345 1739 2612 1806 συνῆλθον
2641 1760 2653 1773 ·
2687 1740 2748 1796 οὐ
2780 1742 2883 1818 γὰρ
2915 1741 2980 1810 ἦν
3026 1746 3134 1796 τῶν
3178 1739 3484 1817 ἀναγκαίων
3521 1759 3573 1794 τι
3617 1756 3781 1811 παρα-

2087 1867 2132 1934 B
2162 1826 2481 1902 ϐαινόμενον
2506 1873 2521 1887 .

2235 1926 2277 1934 --
2347 1921 2360 1934 .
2412 1917 2453 1934 ..ι

2234 1921 2363 1995 Περὶ
2409 1917 2464 1974 δέ
2499 1923 2606 1974 τῶν
2650 1924 3023 1993 Σιμωνιανῶν,
3061 1923 3359 1991 τηνικαῦτα
3415 1919 3512 1992 μὲν
3561 1936 3782 1989 παρεκα-

2164 2008 2368 2081 λύφθη,
2401 2011 2475 2070 ὡς
2517 2010 2650 2082 μετὰ
2679 2011 2778 2077 τὴν
2821 2007 3042 2064 σύνοδον
3088 2008 3531 2083 ἐκζητησομένου
3575 2011 3667 2062 τοῦ
3701 2026 3783 2060 κε-

2164 2098 2404 2174 φαλαίο.
2446 2096 2686 2155 Ἐπεῖδέ
2712 2101 2998 2170 ἓξητήθη.
3081 2142 3093 2155 .
3175 2143 3188 2156 .
3269 2141 3282 2156 .
3363 2139 3376 2153 .
3458 2141 3472 2155 .
3555 2141 3569 2154 .
3647 2139 3660 2152 .
3725 2093 3782 2150 τὰ

2163 2192 2378 2262 πρῶτον
2433 2189 2526 2260 μὲν
2578 2187 2652 2250 εἷς
2710 2186 2986 2260 ἐπιτίμιον
3043 2185 3366 2242 ἐνιαυσιαῖον
3396 2186 3431 2257 ἢ
3467 2185 3556 2242 καὶ
3594 2185 3784 2242 πλέον.

2161 2279 2229 2332 ’Ὡ
2257 2280 2352 2331 τοῦ
2382 2275 2747 2350 τολμήματος
2777 2278 2788 2332 ί
2823 2276 2915 2330 σύν
2944 2297 3054 2332 τισι
3107 2281 3422 2350 μονασταῖς,
3474 2277 3549 2346 ὧν
3597 2273 3786 2351 ἀφίημι

2162 2365 2334 2438 λέγειν
2365 2365 2432 2421 τὰ
2462 2365 2721 2438 ὀνόματα,
2755 2364 2914 2436 ἐδόθη
2952 2365 3078 2439 ὅρος
3115 2366 3205 2420 ὑπ’
3253 2365 3419 2420 αὐτοῦ
3470 2363 3789 2436 ἓξιλεώσεως

2161 2457 2258 2523 τῆς
2299 2456 2376 2515 εἰς
2436 2453 2632 2515 αἶ’ὦνας
2672 2455 3064 2529 καθαιρέσεως⁸
3107 2454 3182 2516 εἷς
3223 2455 3285 2510 τὸ
3333 2455 3470 2510 εἶναι
3519 2455 3644 2516 τοὺς
3694 2452 3791 2507 ὑπὸ

2163 2548 2295 2599 Θεοῦ
2344 2541 2432 2598 διὰ
2491 2544 2696 2618 Πέτρου
2748 2548 2845 2598 τοῦ
2907 2550 3016 2599 τῶν
3077 2542 3427 2599 Ἀποστόλων
3500 2541 3791 2621 κορυφαίου

2161 2633 2576 2708 καθῃρημένους
2612 2675 2624 2696 ,
2711 2631 2874 2688 πάλιν
2955 2632 3275 2708 ἱερουργοὺς
3360 2636 3598 2708 Χριστοῦ
3632 2675 3646 2688 .
3703 2630 3794 2685 Καὶ

2162 2722 2274 2778 ἐπεὶ
2307 2721 2369 2778 ού
2402 2724 2662 2792 συνῆλθον
2713 2724 2763 2778 οί
2804 2724 2932 2800 πεφὶ
2983 2718 3160 2778 Σάϐαν
3191 2721 3245 2778 ἐν
3271 2721 3473 2794 τούτῳ,
3522 2721 3668 2778 ἀλλᾶ
3711 2719 3793 2775 καὶ

2163 2811 2525 2889 διηνέχθησαν
2581 2813 2718 2887 πρὸς
2784 2812 2969 2877 αὐτὸν,
3024 2812 3074 2867 τί
3150 2818 3341 2881 ποιεῖ;
3423 2813 3590 2867 κακὸν
3648 2808 3793 2880 καλῷ

2161 2901 2520 2960 ἀπάκλάττει.
2555 2904 2820 2976 Ἀρνεῖται
2855 2903 2930 2975 μή
2965 2900 3255 2957 δεδωκέναι
3303 2901 3609 2974 ἐπιτίμιον,
3665 2896 3795 2973 μηδέ

2161 2993 2475 3068 προσίεσθαι
2523 2993 2648 3055 τοὺς
2689 2991 2740 3046 ἐν
2790 2994 3039 3067 χρήμασι
3071 2991 3564 3066 χειροτονήσαντάς
3608 3011 3666 3045 τε
3709 2988 3793 3044 καὶ

2163 3082 2644 3158 χειροτονηθέντας
2671 3126 2684 3138 .
2716 3082 2896 3155 Λέγων
2931 3078 3274 3156 διελέγχεται
3296 3080 3398 3136 ὑπὸ
3420 3087 3524 3151 τῆς
3546 3076 3795 3151 τηνικάδε

2160 3171 2485 3246 κρατούσης,
2533 3172 2621 3248 ἀφ’
2659 3173 2724 3241 ἧς
2778 3171 2868 3226 καὶ
2920 3168 3178 3241 εἱλκύσθη
3248 3167 3431 3225 δοῦναι
3485 3171 3550 3226 τὸ
3599 3169 3789 3242 ἄνομον

2081 3225 2130 3290 Ο
2162 3225 2435 3334 ἐπιτίμιον
2448 3225 2478 3318 ’ξ

2233 3359 2417 3428 Παρῆν
2457 3353 2492 3422 ἡ
2533 3352 2713 3427 ἡμέρα
2757 3354 2864 3408 τῶν
2915 3350 3220 3430 Θεοφανίων
3269 3352 3514 3426 Χριστοῦ
3540 3370 3552 3383 ⁸
3601 3349 3796 3422 ἐληλύ-

2160 3445 2310 3497 θασιν
2370 3439 2422 3496 ἐν
2478 3442 2643 3515 ταύτῃ
2700 3442 2752 3496 οἱ
2819 3441 3298 3515 ἐπιτιμιασθέντες,
3366 3439 3798 3516 πεπληρωκότες

2157 3534 2219 3587 τὸ
2251 3531 2548 3605 ἐπιτίμιον,
2587 3531 2680 3586 καὶ
2704 3529 2861 3585 λύσεν
2899 3529 3281 3601 ἐπιζητοῦντες
3304 3547 3319 3562 ⁶
3351 3529 3379 3584 ὁ
3415 3521 3514 3604 μὲν
3547 3528 3796 3600 ἀπηξίου,

2160 3623 2194 3689 ἠ
2230 3619 2522 3693 βασίλισσα
2550 3617 2908 3692 κατηπείγετο
2937 3619 3036 3687 τήν
3071 3615 3334 3695 εἴσδοχήν
3361 3661 3373 3674 .
3426 3616 3608 3673 Πάλιν
3653 3619 3800 3688 κακῷ

2159 3709 2220 3764 τὸ
2250 3706 2418 3764 καλὸν
2453 3702 2721 3781 διαμείϐει
2751 3707 2779 3762 ὁ
2810 3703 3075 3782 πρόεδρός
3098 3750 3112 3764 .
3146 3705 3576 3784 συλλειτουργεῖ
3623 3705 3799 3764 αὐτοῖς

2159 3802 2228 3871 τῇ
2282 3797 2416 3871 αὐτῇ
2467 3798 2629 3872 ἑορτῇ
2677 3796 2754 3857 εἰς
2802 3801 3114 3872 προῦπτον·
3175 3797 3276 3851 οὐκ
3323 3797 3599 3858 ἀκουσίως
3643 3793 3794 3860 δῆθεν

2161 3887 2288 3942 ἀλλ’
2336 3887 2591 3948 ἑκουσίως
2622 3905 2634 3917 '
2693 3886 2820 3939 ἐπὰν
2879 3883 3174 3959 δυνάμενος
3238 3887 3312 3959 μή
3361 3883 3798 3958 συλλειτουργεῖν

2161 3976 2581 4051 καθῃρημένοις,
2640 3973 3155 4049 συνελειτούργησε·
3223 3973 3316 4030 κᾶν
3373 3977 3630 4030 ὁπωσοῦν
3671 3971 3796 4052 φαίη

2159 4088 2242 4128 τις
2273 4063 2548 4120 ἀδυνατεῖν
2581 4064 2739 4120 αὐτόν
2769 4106 2781 4119 .
2808 4066 3074 4120 Ἐντεῦθεν
3100 4067 3134 4133 ἡ
3175 4065 3311 4138 πρὸς
3360 4065 3522 4118 αὐτὸν
3575 4061 3799 4140 διαφορᾶ

2159 4159 2265 4209 τῶν
2295 4157 2416 4230 περὶ
2451 4150 2628 4210 Σάϐαν
2654 4174 2665 4187 ·
2699 4153 2936 4209 ἐντεῦθεν
2969 4152 3296 4209 ἐπεπόλασεν
3328 4153 3362 4220 ἡ
3396 4150 3557 4214 λύσις
3609 4148 3796 4207 πλειὸ-

2159 4265 2266 4304 νως
2318 4249 2427 4298 τῶν
2485 4244 2642 4298 θείων
2697 4243 2972 4299 κανόνων.
3031 4248 3092 4298 Ἠ
3151 4241 3208 4296 δὲ
3266 4243 3455 4314 Ῥώμη
3518 4246 3689 4296 ταῦτα
3741 4236 3795 4292 οὗ

2160 4337 2474 4409 προσήκατο
2497 4353 2507 4365 ·
2547 4335 2622 4405 μή
2653 4333 2866 4410 γένοιτο
2892 4334 2904 4388 ί
2937 4330 3064 4387 ἀλλ’
3095 4328 3220 4386 οὐδὲ
3250 4331 3418 4400 αὐτὴν
3445 4332 3550 4401 τὴν
3575 4326 3792 4383 σύνοδον

2162 4426 2235 4486 ὡς
2294 4423 2697 4497 οἱκουμενικήν,
2753 4421 2881 4478 ἀλλ’
2942 4421 3016 4482 ὡς
3074 4421 3329 4489 τοπικήν,
3389 4419 3480 4474 καὶ
3545 4421 3609 4474 τὸ
3671 4416 3800 4472 ἴδιον

2163 4519 2364 4588 πτῶμα
2391 4518 2497 4568 τῶν
2547 4510 2676 4588 τῇδε
2728 4513 3104 4586 ἀνορθώσασαν
3128 4555 3142 4568 .
3193 4508 3332 4567 Οὐδὲ
3359 4510 3460 4584 γὰρ
3495 4511 3555 4565 οἱ
3585 4509 3798 4564 κεκαθι·

408 4597 605 4650 vicarii
638 4607 800 4652 erant
830 4602 929 4670 qui
979 4618 1081 4672 pro
1125 4603 1191 4658 iis
1239 4605 1519 4660 sedebant
1555 4623 1567 4659 :
1605 4607 1838 4674 falsum,
1870 4607 2050 4679 siqui-

2163 4605 2311 4667 κότες
2360 4605 2764 4674 ἀντιπρόσωποι
2810 4606 2916 4658 τῶν
2966 4600 3156 4658 ἄλλων
3213 4605 3622 4676 πατριαρχῶνο
3675 4603 3798 4672 ψευ-

409 4687 540 4742 dem
574 4687 822 4744 Romani
856 4707 968 4745 non
1008 4699 1240 4763 propter
1269 4696 1582 4765 synodum,
1624 4699 1721 4749 sed
1754 4697 1826 4752 ob
1876 4697 2047 4753 eliam

409 4793 643 4832 causam
679 4779 839 4834 missi
869 4779 981 4835 huc
1012 4789 1304 4840 venerant.
1337 4786 1522 4849 Quare
1573 4791 1630 4839 et
1686 4786 1958 4857 depositi,
1987 4791 2051 4842 ut

407 4867 610 4932 fertur,
645 4877 764 4937 post
788 4872 1037 4926 reditum
1073 4874 1304 4928 fuerunt
1367 4876 1436 4929 ab
1495 4892 1560 4930 eo
1620 4877 1716 4946 qui
1787 4877 2048 4931 miserat.

407 4959 671 5027 quamvis
692 4965 920 5015 coactos
943 4978 1007 5015 ac
1034 4963 1206 5016 fuisse
1225 4969 1618 5018 causarentur.
1636 4965 1744 5018 Alii
1769 4970 1961 5020 autem
1983 4984 2051 5022 ex

408 5047 624 5100 oriente
655 5049 912 5118 quidem.
935 5051 1037 5104 sed
1061 5068 1090 5104 a
1124 5051 1480 5107 nostratibus
1513 5055 1847 5122 persuasiet
1880 5055 2052 5110 indu-

407 5135 506 5199 cti,
542 5152 653 5189 non
688 5140 881 5192 autem
913 5155 943 5192 a
976 5139 1327 5193 Patriarchis
1364 5141 1663 5212 missi,qui
1697 5143 1841 5196 nihil
1876 5144 2051 5200 scive-

409 5229 545 5278 runt
559 5241 627 5279 ne
641 5227 1084 5296 posteaqnidem
1097 5272 1110 5292 ,
1127 5233 1356 5298 propter
1369 5230 1560 5300 gentis
1578 5236 1789 5286 metum
1808 5233 2050 5292 scilicet.

411 5313 525 5370 Hoc
540 5320 733 5371 autem
751 5315 963 5371 idcirco
981 5317 1538 5377 faciebanthomines
1559 5321 1764 5390 nostri,
1787 5328 1849 5378 ut
1869 5324 2049 5380 haere-

2160 4693 2244 4757 δές
2277 4697 2385 4767 (1)·
2417 4698 2524 4748 τῶν
2571 4695 2662 4767 μὲν
2703 4691 2987 4766 Ῥωμαίων
3020 4689 3090 4746 δί’
3113 4690 3276 4758 ἄλλο,
3308 4690 3368 4746 οὗ
3410 4687 3499 4745 διὰ
3543 4686 3797 4752 σύνοδον,

2158 4782 2655 4862 παραπεμφθέντων
2731 4781 2990 4840 ἐνταῦθα.
3054 4781 3146 4836 Διὸ
3223 4780 3313 4835 καὶ
3395 4779 3797 4862 καθῃρέθησαν,

2160 4872 2234 4936 ὥς
2266 4895 2411 4950 φασι,
2452 4871 2938 4943 παλινοστήσαντες
2980 4871 3082 4926 ὑπὸ
3128 4873 3225 4927 τοῦ
3271 4868 3656 4944 πεπομφότος,
3706 4861 3798 4920 κᾶν

2159 4963 2499 5019 ἐπεκαλῶντο
2533 4959 2814 5037 βεϐιάσθαι
2839 5005 2852 5020 .
2885 4960 2951 5018 Οἳ
2986 4959 3031 5014 δ’
3070 4958 3239 5016 ἄλλοι
3271 4959 3330 5016 ἐκ
3362 4961 3455 5033 μὲν
3495 4957 3794 5026 ἀνατολῆς,

2159 5054 2286 5109 ἀλλ’
2335 5055 2437 5108 ὑπὸ
2475 5057 2578 5108 τῶν
2630 5051 2852 5107 ἐνταῦθα
2899 5049 3296 5126 προτραπέντες
3343 5049 3433 5103 καὶ
3480 5047 3798 5122 ἐλχθέντες,

2161 5141 2269 5220 οὐχ
2321 5141 2424 5196 ὑπὸ
2480 5146 2584 5194 τῶν
2643 5141 2998 5214 πατριαρχῶν
3049 5134 3460 5201 ἀποσταλέντες,
3521 5133 3609 5190 ὅτι
3662 5128 3796 5205 μηδὲ

2159 5231 2405 5299 ἐνόησαν,
2436 5228 2471 5300 ἤ
2506 5228 2749 5303 ὕστερον,
2780 5225 2869 5282 διὰ
2896 5226 2959 5282 τὸ
2987 5224 3084 5281 τοῦ
3116 5223 3301 5287 ἔθνους
3333 5221 3450 5287 δέος
3488 5220 3756 5294 δηλονότι
3782 5261 3794 5275 .

2159 5327 2324 5379 Τοῦτο
2385 5318 2440 5376 δὲ
2488 5320 2706 5376 ἐποίουν
2764 5315 2818 5372 σί
2875 5315 3124 5386 ἐνταῦθα,
3176 5313 3268 5369 τἱνα
3319 5315 3408 5370 τὸν
3457 5310 3795 5386 αἶρετίζοντα

477 5459 522 5494 ³⁷
555 5459 635 5514 De
665 5459 773 5515 hoc
795 5457 917 5516 loco
946 5461 1159 5517 videsis
1189 5462 1422 5519 Baronii
1447 5465 1893 5536 dubitationem,
1929 5487 2024 5526 an.
2046 5472 2182 5541 787,
2206 5488 2264 5527 n.
2298 5472 2388 5526 58.

1978 5568 2206 5630 NOTAE.

481 5655 560 5727 (1)
592 5655 756 5712 Forte
782 5654 902 5713 haec
939 5673 1047 5716 vox
1076 5675 1144 5718 ex
1173 5676 1273 5718 ora
1301 5659 1435 5718 libri
1465 5662 1523 5720 in
1553 5665 1775 5723 textum
1806 5665 2062 5739 irrepsit.
