4084 6284
340 369 494 432 1045

1615 366 2161 429 EPISTOLARUM
2213 367 2358 425 LIB.
2405 365 2452 423 Ι.

3577 336 3734 398 1046

338 502 471 558 λαὸν
507 499 717 576 μᾶλλον
765 497 1020 554 πείσωσιν
1068 495 1396 572 ὀρθοδοξεῖν,
1429 494 1486 552 ἐκ
1531 501 1625 551 τοῦ
1671 498 1975 571 οἰκουμενι-

2093 497 2142 554 si
2155 498 2549 554 adhaerentem
2568 488 2832 562 populum
2852 483 3080 542 facilius
3092 480 3161 536 ad
3176 477 3547 535 orthodoxam
3564 472 3730 526 fidem

335 594 436 661 κήν
469 590 628 660 δῆθεν
663 592 1014 664 ἀθροισθῆναι
1046 586 1291 645 σύνοδον.

411 683 472 738 Εἰ
506 680 563 736 δὲ
593 679 778 758 φαίης,
809 683 926 741 πῶς
949 682 1111 752 ἡμεῖς
1144 677 1243 732 οὐκ
1274 677 1623 751 ἐνιστάθημεν
1655 683 1973 748 τηνικαῦτα,

336 773 427 826 καί
479 769 566 825 διὰ
615 769 668 824 τί
716 767 1060 844 χειροτονίαν
1107 765 1396 839 ἐδεξάμεθα
1443 767 1576 840 μετά
1623 769 1720 836 τήν
1755 764 1976 822 σύνοδον

337 862 484 934 παρά
538 863 635 914 τοῦ
690 863 857 932 κυροῦ
915 855 1217 930 Ταρασίου·
1278 855 1699 928 ἀπολογούμεθα
1759 859 1847 910 καί
1893 856 1977 910 σοί

337 949 427 1006 καὶ
453 954 629 1016 πᾶσιν,
664 947 838 1002 ὅτιτὸ
873 946 966 1018 μὲν
1021 944 1073 1000 ἐν
1132 945 1396 1016 ὑπηκόοις
1445 942 1754 1016 ἐτελοῦμεν,
1799 945 1874 1016 μὴ
1914 943 1980 996 τὰ

339 1041 560 1111 ὕστερον
615 1035 921 1112 γνωσθέντα
984 1035 1119 1108 ἡμῖν
1175 1032 1436 1109 πρότερον
1497 1030 1736 1094 εἰδότες·
1778 1032 1840 1087 τὸ
1899 1029 1974 1100 δὲ,

341 1126 666 1203 δραξάμενος
697 1125 871 1179 αἰτίαν
912 1120 1159 1198 εὔλογον,
1190 1124 1251 1176 τὸ
1299 1122 1476 1198 λέγειν
1523 1125 1804 1195 Ταράσιον,
1841 1123 1979 1193 μήτε

337 1218 615 1290 ἐπιτίμιον
649 1212 956 1271 δεδωκέναι.
993 1212 1122 1286 μηδ’
1153 1211 1217 1267 αὖ
1251 1214 1295 1268 εἰ
1330 1218 1529 1287 γνοῖεν,
1561 1217 1668 1266 τῶν
1711 1210 1974 1266 τοιούτων

339 1311 732 1381 συνιερουργεῖν
801 1324 928 1373 τινι,
985 1303 1130 1358 ἀλλά
1199 1302 1287 1356 καὶ
1349 1305 1644 1375 καθαιρεῖν.
1703 1302 1809 1358 Κᾶν
1872 1299 1980 1374 οὐχ

339 1395 506 1455 εὕτως
563 1393 632 1462 ἦν
688 1394 751 1446 τὸ
807 1390 1035 1462 ἀληθὲς,
1069 1388 1156 1444 διὰ
1209 1389 1272 1444 τὸ
1320 1393 1607 1467 προφανές.
1639 1388 1796 1445 Ἀλλ’
1827 1387 1978 1461 ὅμως

336 1487 499 1556 ἡμεῖς
558 1482 879 1557 ὀρεγόμενοι
929 1481 1028 1548 τήν
1095 1478 1380 1551 ὁμόνοιαν,
1438 1478 1780 1553 ἤρκέσθημεν
1859 1483 1974 1540 τοῖς

337 1571 691 1648 λεγομένοις·
743 1574 905 1626 τοῦτο
961 1568 1293 1643 κεκρικότες,
1353 1568 1438 1622 ἐπὶ
1484 1569 1546 1622 τὸ
1595 1567 1977 1644 φιλανθρωπό-

334 1682 490 1737 τερον
514 1667 614 1730 τῆς
662 1660 884 1732 εἰρήνης
941 1662 1121 1714 νεῦσαι
1153 1657 1204 1712 ἐν
1237 1661 1314 1728 τῷ
1344 1654 1644 1735 ἀμφιϐόλῳ
1677 1658 1972 1730 πράγματι,

331 1751 514 1813 καθώς
572 1749 704 1827 φησί
760 1769 865 1803 που
925 1749 951 1802 6
1002 1747 1292 1823 Θεολόγος.
1343 1746 1441 1801 Καὶ
1501 1748 1632 1818 ἅμα,
1692 1745 1775 1800 ὅτι
1824 1743 1971 1800 δεδε-

332 1860 533 1914 γμενος
581 1839 647 1908 ἦν
709 1835 798 1894 διὰ
853 1839 951 1906 τήν
1005 1835 1341 1912 ὀρθοδοξίαν,
1371 1837 1460 1889 καὶ
1517 1836 1578 1889 τὸ
1636 1835 1750 1890 κατ’
1807 1834 1972 1903 αὐτὴν

331 1928 578 2004 ἀνδρεῖον
635 1929 723 1983 καί
786 1924 1085 1982 σπουδαῖον
1153 1926 1413 1998 γενέσθαι,
1465 1925 1566 1979 ὑπὸ
1621 1929 1730 1979 τῶν
1787 1922 1972 1978 ἄλλων

329 2019 695 2090 Ἐκκλησιῶν.
727 2019 902 2074 Ταῦτά
932 2038 1020 2070 σοι
1061 2015 1348 2092 ἐγνώρισα.
1398 2016 1604 2082 τέκνον,
1653 2014 1728 2076 εἰς
1772 2011 1978 2084 εἴδησιν

331 2113 442 2164 τῶν
469 2107 818 2177 καθηκόντων
841 2126 854 2138 ·
883 2108 973 2160 καί
1023 2105 1107 2160 ὅτι
1139 2107 1191 2160 οἱ
1219 2105 1343 2178 περί
1377 2100 1555 2158 Σάϐαν
1596 2102 1645 2157 εἰ
1676 2100 1764 2157 διὰ
1791 2107 1975 2171 τοῦτο,

333 2199 424 2252 καὶ
457 2199 557 2253 οὐκ
601 2195 800 2258 ἄλλοις
829 2197 967 2250 τισὶν
1009 2194 1236 2270 ἀλόγοις
1278 2191 1584 2269 διεφέροντο
1619 2193 1752 2267 πρὸς
1792 2190 1975 2261 αὐτὸν,

335 2286 486 2361 εἶχον
515 2283 746 2361 εὔλογον
795 2286 887 2340 καί
930 2281 1169 2358 ἔχουσιν.
1202 2284 1290 2343 Ὠς
1349 2283 1451 2358 γὰρ
1510 2283 1611 2336 ὑπὸ
1665 2277 1974 2354 παραπετᾶ-

336 2396 502 2449 σματι
531 2375 694 2447 ἡμεῖς
725 2378 821 2429 τοῦ
854 2372 1032 2446 λέγειν
1075 2373 1150 2445 μὴ
1194 2370 1441 2446 δέχεσθαι
1491 2369 1619 2431 τοῦς
1668 2370 1973 2438 τοιούτους,

337 2464 483 2520 ἀλλά
511 2465 600 2520 καὶ
648 2466 945 2537 καθαιρεῖν,
979 2461 1317 2534 συνήλθομεν
1357 2467 1438 2533 τῷ
1487 2457 1763 2536 προέδρῳ·
1800 2459 1973 2521 οὕτως

335 2553 530 2610 ἐκεῖνοι
587 2554 649 2608 τὸ
723 2553 964 2628 πραχθὲν
1044 2553 1297 2627 ἒμφανῖυς
1378 2549 1594 2624 ἔχοντες
1679 2546 1972 2620 δικαίωμα,

333 2642 730 2700 ἀντιποιοῦνται
781 2643 1005 2705 εἰκότως
1049 2645 1146 2695 τοῦ
1206 2639 1350 2694 θείου
1413 2640 1659 2694 κανόνος.
1712 2638 1813 2694 lieni
1877 2636 1976 2691 οὐκ

332 2728 477 2788 ἔστιν
509 2735 536 2788 6
567 2733 727 2807 χάριν
768 2731 962 2786 τούτου
1007 2734 1103 2784 τοῦ
1151 2728 1445 2806 κεφαλαίου
1491 2726 1783 2800 δυνάμενος
1832 2727 1976 2780 ἀντι.

333 2826 526 2888 στῆναι
557 2823 764 2887 αὐτοῖς,
798 2818 845 2874 ε⁹ί
883 2841 944 2896 γε
991 2819 1200 2894 λέγοιεν
1247 2818 1329 2873 ὅτι
1380 2817 1644 2892 Ταράσιος
1697 2817 1974 2888 οἰκονομι-

331 2917 441 2973 κῶς
470 2909 682 2982 ἐδέξατο
711 2909 837 2972 τοὺς
881 2912 1608 2984 χρηματοχειροτονοῦντας.
1645 2905 1819 2964 Ἀλλά
1872 2907 1976 2982 γὰρ

332 2999 448 3057 οὐδ’
517 2999 574 3055 ἂν
637 3001 838 3075 Πέτρος
913 3000 1004 3054 καὶ
1065 2998 1280 3060 Παῦλος
1357 2997 1589 3071 ἐπιστῇ·
1659 2995 1809 3051 αὐτοὶ
1872 2997 1976 3070 γὰρ

332 3090 567 3164 ἐξέθεντο
622 3092 715 3145 τὸν
758 3090 972 3156 κανόνα,
1015 3088 1106 3144 καὶ
1159 3087 1314 3142 αὐτοί
1369 3106 1567 3164 φασιν·
1619 3084 1821 3143 Ἀλλὰ
1864 3083 1980 3139 κᾶν

333 3183 536 3254 ἡμεῖς
584 3180 618 3248 ἢ
669 3177 952 3255 ἄγγελος
998 3177 1056 3248 ἐξ
1109 3176 1393 3249 οὐρανοῦ
1449 3173 1979 3252 εῧαγγελίζηται

335 3271 490 3343 ὑμῖν
529 3270 682 3344 παρ’
722 3270 750 3323 ὃ
801 3265 1414 3342 εὐηγγελισάμεθα,
1456 3263 1745 3337 ἀνάθεμα
1784 3262 1964 3319 ἔστω.

571 3561 786 3617 ΛΘ’.-
835 3559 1138 3636 Θεοφίλῳ
1176 3558 1545 3635 ἡγουμένῳ.
1597 3564 1750 3634 [ρς’.]

2086 588 2502 662 pertraherent,
2518 599 2646 639 cum
2662 576 3017 635 moumenica
3029 571 3281 644 synodus
3294 568 3492 624 coacta
3504 562 3729 617 fuisset.

2157 678 2316 744 Quod
2349 676 2634 746 siquzeras
2650 666 3028 741 quamobrem
3063 677 3168 715 nos
3195 663 3321 712 tum
3357 654 3601 710 minime
3632 651 3735 704 ob-

2087 739 2517 830 stiterimus,—et
2545 739 3112 816 curiordinationem
3155 751 3286 819 post
3330 743 3620 816 synodum
3660 739 3731 792 de

2087 855 2308 911 domini
2334 852 2556 909 Tarasii
2591 865 2763 904 manu
2799 841 3270 913 susceperimus;
3303 836 3412 889 hoc
3427 828 3732 886 tibiomni-

2088 947 2313 1016 busque
2343 944 2473 998 aliis
2503 938 2923 1008 respondemus
2957 948 2968 984 :
2997 929 3230 1002 primun
3250 925 3484 994 quidem
3500 936 3604 975 nos
3619 917 3730 972 sub

2089 1031 2409 1090 obedientia
2438 1036 2540 1084 tua
2585 1028 2813 1088 vixisse,
2875 1037 2980 1077 nec
3037 1017 3178 1072 dum
3239 1030 3307 1068 ea
3362 1008 3726 1081 cognovisse,

2090 1140 2216 1195 quas
2249 1123 2548 1192 perspecta
2572 1115 2739 1172 nobis
2764 1120 2960 1184 postea
2988 1108 3222 1162 fuerunt
3246 1100 3482 1156 :deinde
3499 1112 3729 1153 causam

2090 1217 2286 1267 nactos
2313 1209 2492 1265 fuisse
2524 1203 2917 1276 probabilem;
2951 1211 3084 1252 cum
3116 1194 3330 1248 diceret
3355 1186 3649 1250 'l‘arasius,
3673 1200 3733 1239 se

2089 1317 2195 1357 nec
2228 1297 2626 1370 pmnitentiam
2673 1288 3041 1362 imposuisse,
3085 1299 3190 1337 nec
3234 1295 3398 1349 porro
3441 1291 3574 1330 cum
3616 1272 3730 1328 ullo

2088 1407 2312 1456 eorum,
2346 1389 2393 1442 si
2429 1386 2705 1450 novisset,
2761 1375 3368 1435 communicaturum;
3412 1362 3730 1437 quinetiam

2089 1481 2520 1553 depositurum.
2547 1478 2888 1541 Quanquam
2922 1467 2979 1521 id
3021 1478 3220 1518 verum
3269 1475 3385 1513 non
3425 1458 3566 1520 erat,
3597 1469 3730 1507 cum

2089 1571 2396 1626 manifesta
2442 1583 2534 1621 res
2583 1566 2750 1619 esset.
2802 1559 2914 1614 Sed
2967 1570 3073 1609 nos
3116 1557 3309 1606 tamen
3367 1541 3730 1601 concordiam

2085 1663 2443 1732 appetentes,
2478 1655 2551 1710 iis
2584 1649 2839 1709 contenti
2867 1645 3084 1702 fuimus
3117 1657 3244 1712 quas
3275 1636 3345 1693 ab
3374 1651 3440 1690 eo
3463 1632 3728 1687 diceban-

2087 1755 2180 1804 tur
2213 1767 2227 1805 :
2257 1750 2342 1804 sic
2373 1747 2714 1808 statuentes,
2753 1740 2822 1794 ad
2855 1731 3259 1792 humaniorem
3301 1724 3459 1798 pacis
3505 1726 3726 1792 partem

2081 1842 2140 1897 in
2198 1854 2256 1895 re
2313 1836 2586 1907 ambigua
2642 1824 3116 1903 propendendum
3147 1832 3292 1885 esse,
3325 1814 3479 1870 sicut
3515 1809 3730 1866 alicubi

2084 1928 2410 1998 Theologus
2442 1899 2538 1980 ait.
2579 1899 2766 1978 Simui
2795 1918 2903 1971 hoc
2947 1911 3119 1967 etiam
3159 1905 3512 1978 reputantes,
3563 1899 3729 1954 illum

2087 1988 2334 2088 propter:
2349 2015 2526 2070 fidem
2558 2008 2958 2069 orthodoxam,
2991 2011 3284 2068 suumque
3308 1995 3367 2048 in
3399 2008 3467 2048 ea
3512 1988 3734 2045 tuenda

2086 2105 2369 2171 studium,
2429 2103 2501 2158 ab
2542 2097 2672 2156 aliis
2715 2090 2978 2150 Ecclesiis
3017 2089 3312 2156 receptum
3355 2080 3556 2135 fuisse.
3599 2076 3730 2129 Haec

2086 2195 2190 2251 tibi
2250 2191 2509 2265 exposui,
2544 2189 2645 2254 fili,
2680 2193 2739 2240 ut
2789 2182 2940 2238 scias
2980 2194 3107 2248 quae
3140 2175 3286 2229 scire
3343 2174 3399 2224 te
3443 2166 3729 2232 convenit,

2085 2289 2142 2340 et
2168 2255 2401 2348 Sabain,
2437 2255 2756 2349 si'prOpter
2787 2272 2905 2326 haec
2940 2283 3054 2321 non
3087 2265 3158 2318 ob
3190 2261 3305 2316 alia
3334 2255 3616 2329 quaepiam
3649 2270 3730 2307 ra-

2083 2373 2225 2430 tioni
2260 2373 2415 2427 haud
2453 2345 2842 2425 consentanea
2870 2359 2918 2415 ei
2953 2357 3292 2412 adversatus
3321 2353 3428 2416 est,
3464 2345 3732 2418 probabi-

2084 2463 2200 2518 lem
2251 2477 2486 2517 causam
2541 2456 2814 2513 habuisse
2852 2455 2910 2504 et
2958 2447 3190 2501 habere.
3247 2437 3728 2506 Quemadmodun

2086 2554 2239 2610 enim
2273 2569 2382 2610 nos
2412 2550 2522 2605 hoc
2554 2547 2852 2618 prmtextu,
2887 2537 3041 2610 quod
3077 2534 3316 2594 diceret,
3348 2545 3409 2583 se
3440 2525 3581 2581 tales
3613 2542 3728 2579 non

2085 2643 2359 2714 recipere,
2382 2641 2479 2696 sed
2504 2639 2816 2708 deponere,
2840 2643 2972 2684 cum
2992 2620 3292 2698 patriacha
3312 2615 3688 2673 convenimus
3712 2630 3726 2668 :

2085 2734 2169 2789 sic
2197 2704 2277 2786 illi
2302 2704 2528 2799 justam
2562 2704 2643 2779 rei
2676 2719 2870 2794 palam
2901 2720 3072 2788 gestae
3105 2707 3489 2766 defensionem
3519 2704 3727 2758 haben-

2084 2829 2194 2891 tes,
2229 2836 2328 2892 pro
2359 2818 2552 2873 divino
2575 2827 2794 2868 canone
2817 2807 3020 2863 merito
3051 2802 3366 2858 decertant.
3409 2796 3602 2865 Neque
3642 2797 3730 2848 est

2087 2914 2184 2985 qui
2233 2911 2341 2968 hoc
2383 2906 2617 2963 nomine
2655 2901 2969 2972 redaguere
3013 2893 3145 2949 illos
3188 2888 3392 2961 possit,
3440 2885 3488 2941 si
3533 2883 3729 2939 dicant

2085 3002 2387 3059 Tarasium
2413 3013 2510 3069 per
2531 2989 3022 3064 dispensationem
3046 2999 3141 3038 eos
3163 2977 3469 3049 recepisse,
3498 2973 3599 3046 qui
3630 2988 3728 3043 per

2086 3090 2393 3164 pecuniam
2414 3062 2782 3142 ordinat-ant.
2815 3080 2886 3133 At
2915 3088 3102 3145 neque
3131 3070 3181 3126 si
3209 3070 3415 3125 Petrus
3429 3073 3482 3120 et
3509 3062 3722 3120 Paulus

2089 3182 2315 3249 adsint;
2364 3179 2475 3250 ipsi
2526 3175 2683 3231 enim
2735 3183 3014 3228 canomen
3054 3159 3465 3222 condiderunt,
3489 3153 3727 3227 ipsimet

2001 3253 2044 3321 (ἶ
2085 3247 2336 3328 dicunt»:
2368 3247 2471 3325 Sed
2501 3264 2631 3321 licet
2661 3277 2758 3318 nos
2797 3261 2892 3314 aut
2924 3253 3157 3326 Angelus
3196 3250 3263 3306 de
3299 3247 3452 3315 caelo,
3495 3259 3729 3315 cvange-

2093 3363 2218 3418 lizet
2262 3359 2414 3416 vobis
2461 3361 2828 3428 praeterquam
2860 3344 2999 3420 quod
3035 3340 3547 3412 euangelizavimus,
3587 3349 3728 3390 ana-

2093 3453 2274 3510 thema
2302 3452 2369 3506 sit
2399 3446 2467 3502 33.

2410 3551 2659 3610 XXXIX.
2693 3578 2760 3589 ——
2793 3543 3078 3615 TheOphilo
3097 3534 3406 3611 prwposito.

585 3676 690 3726 Cur
723 3677 1004 3725 hmreticos
1033 3681 1186 3726 vocet
1218 3690 1327 3738 eos,
1361 3677 1676 3740 quibuscum
1709 3676 1824 3739 ipse
1855 3675 2142 3740 aliquando
2173 3669 2678 3724 communicaverat.
2710 3663 2944 3727 (Baron-
2969 3669 3088 3705 αηη-
3119 3653 3228 3712 809,
3249 3666 3302 3702 η·
3323 3649 3430 3712 28ο)

408 3773 756 3850 Ἐϐουλόμην
816 3777 1116 3850 ταχύτερον
1193 3775 1492 3831 ἐπιστεῖλαι
1563 3776 1631 3851 τῇ
1698 3776 1975 3852 ἁγιωσύνῃ

336 3890 455 3937 σου,
517 3866 645 3922 ἀλλ’
703 3866 802 3921 οὐκ
856 3862 1177 3938 εὐωδούμην
1241 3866 1647 3942 φρουρούμενος
1696 3865 1974 3943 ἀσφαλῶς.

333 3962 464 4013 ’Ὁτε
497 3955 552 4011 δὲ
587 3954 873 4026 εὐδόκησεν
915 3957 941 4010 6
973 3954 1165 4029 ἀγαθὸς
1199 3957 1326 4018 Θεὸς
1373 3955 1698 4031 χαρίσασθαι
1748 3956 1838 4010 καὶ
1884 3956 1973 4010 τὸν

335 4046 538 4120 τρόπον
573 4045 660 4099 καί
695 4044 758 4099 τὸ
796 4042 1090 4118 πρόσωπον
1112 4062 1124 4074 ·
1159 4048 1449 4113 τηνικαῦτα
1496 4045 1588 4098 τὸν
1630 4043 1757 4117 ἐμὸν
1807 4045 1974 4098 πόθον

335 4138 538 4208 πληρῶ
595 4135 622 4188 6
671 4133 941 4204 ταπεινὸς,
974 4133 1060 4186 καί
1101 4131 1511 4208 προσαγορεύω,
1539 4133 1628 4186 καὶ
1667 4134 1977 4207 ἀσπάζομαι

334 4227 429 4280 τὸν
473 4225 601 4296 ἐμὸν
635 4223 995 4294 πνευματικὸν
1031 4223 1260 4295 Πατέρα,
1293 4222 1380 4275 καί
1413 4221 1532 4275 λίαν
1565 4221 1736 4282 ὄντως
1786 4221 1979 4296 φιλού-

341 4335 524 4388 μενον.
558 4311 628 4369 Οὐ
660 4313 763 4386 γὰρ
813 4309 998 4380 ἐπειδή
1053 4308 1335 4380 διέστησαν
1381 4313 1528 4383 ἡμᾶς
1560 4279 1884 4386 σωματικῶς
1927 4313 1979 4366 οἰ

339 4403 601 4478 ἄρχοντες
641 4405 737 4456 τοῦ
786 4401 984 4462 αἰῶνος
1023 4399 1241 4469 τούτου,
1291 4396 1397 4472 ἤδη
1453 4399 1700 4456 διέλυσαν
1747 4402 1833 4455 καὶ
1881 4404 1979 4470 τὴν

339 4494 432 4548 έπί
464 4493 591 4548 Θεὸν
622 4493 781 4564 ἡμῶν
815 4491 951 4564 πρὸς
991 4487 1279 4560 ἀλλήλους
1311 4489 1571 4563 ὁμόνοιάν
1620 4512 1677 4544 τε
1715 4490 1802 4544 καί
1853 4491 1980 4568 σχέ-

339 4604 423 4637 σιν
453 4601 464 4613 ·
505 4579 716 4653 μᾶλλον
755 4580 846 4654 μὲν
892 4576 981 4633 οῦν
1029 4579 1116 4633 καὶ
1175 4573 1528 4637 ἐϐεϐαίωσαν.
1562 4579 1825 4653 Πείθομαι
1876 4581 1981 4656 γὰρ
2011 4612 2056 4675 D

337 4674 430 4728 καί
487 4673 583 4740 τὴν
644 4671 742 4739 σὴν
803 4669 1062 4740 ὁσιότητα
1117 4670 1299 4724 ποθεῖν
1346 4671 1445 4737 τήν
1477 4669 1742 4745 ἡμετέραν
1767 4669 1975 4741 ἀναξιό-

339 4778 512 4830 τητα·
547 4760 636 4814 καί
675 4757 875 4826 ἀκλινῆ
923 4755 1194 4831 διαμένειν
1238 4763 1336 4827 τῆς
1388 4756 1678 4832 ὀρθοδόξου
1715 4759 1806 4813 καὶ
1855 4759 1978 4812 θεα-

344 4851 533 4926 ρέστου
593 4848 908 4918 ένστάσεως,
943 4845 993 4920 ἐξ
1048 4847 1122 4901 ὧν
1178 4868 1236 4900 τε
1291 4847 1555 4921 πρότερον
1611 4846 1700 4902 καὶ
1758 4845 1976 4921 ὕστερον

341 4936 612 5008 ὑπέδειξεν
670 4938 862 5006 ἑαυτὴν
924 4941 1038 5008 Θεῷ
1083 4957 1142 4991 τε
1193 4935 1282 4990 καί
1321 4936 1652 5008 ἀνθρώποις,
1686 4937 1759 4999 ὡς
1792 4957 1976 4990 συναι-

343 5032 546 5102 ρεῖσθαι
578 5030 712 5101 ἡμῖν
761 5033 876 5088 τοῖς
925 5031 1199 5086 ταπεινοῖς
1248 5024 1336 5080 καί
1383 5027 1475 5080 τὸν
1528 5026 1658 5100 ὑπὲρ
1707 5022 1978 5088 εὐσεϐείας

340 5118 584 5192 διωγμόν
611 5137 624 5149 “
655 5116 749 5171 κᾶν
807 5115 904 5171 οὐκ
949 5111 1339 5186 ἠϐουλήθησαν
1387 5117 1439 5169 οἰ
1484 5119 1823 5190 κράτοῦντες,
1855 5139 1979 5192 φει-

347 5173 361 5174 ,
460 5173 496 5192 η
973 5173 982 5186 ,
1155 5173 1164 5186 _
1229 5173 1240 5184 ,
1789 5173 1823 5186 Ἷ

340 5206 429 5264 δοῖ
473 5210 569 5261 τοῦ
631 5207 707 5280 μή
767 5203 1011 5266 πολλοὺς
1058 5203 1310 5278 ἐξορίζειν
1372 5203 1461 5259 καί
1518 5173 1978 5280 καθείργεινοδκαί

338 5298 414 5358 ὡς
447 5295 504 5351 ἂν
537 5293 761 5365 δόξωσιν
795 5293 1029 5350 ἐντεῦθεν
1061 5292 1265 5347 πείθειν
1315 5294 1406 5348 τὸν
1451 5294 1680 5368 κόσμον,
1714 5293 1789 5357 εἰς
1829 5297 1977 5369 ἡμᾶς

341 5388 544 5461 μόνους
589 5383 961 5459 περιίστασθαι
1001 5385 1100 5451 τὴν
1157 5383 1291 5455 πρὸς
1338 5382 1530 5444 αὐτοὺς
1580 5381 1859 5461 διαφορὰν,
1886 5385 1977 5439 καὶ

342 5478 419 5550 μή
455 5475 582 5529 εἶναι
615 5471 822 5535 ἄλλους
870 5470 996 5534 τοὺς
1040 5470 1456 5546 ἐνισταμένουςο
1501 5473 1553 5526 οἳ
1591 5478 1843 5529 τοσοῦτοι
1901 5478 1979 5546 τῷ

340 5566 542 5636 πλήθει
582 5561 636 5619 ἐν
680 5566 751 5638 τῇ
800 5563 889 5618 ὑπ’
920 5564 1092 5633 αὐτῆς
1137 5529 1382 5638 ἐξοῦσίᾳ·
1407 5529 1519 5617 ,κᾶν
1548 5557 1705 5640 φόϐῳ
1736 5562 1843 5619 εἶ’τε
1889 5529 1978 5618 κοίί

411 5693 459 5730 ³⁸
486 5690 670 5750 Galat.
699 5705 741 5757 ι,
770 5689 827 5761 8,
855 5689 912 5746 9.

2158 3775 2430 3833 Volebam
2479 3769 2748 3841 equidem
2792 3764 2961 3819 citius
3011 3760 3082 3814 ad
3133 3754 3498 3812 sanctitatem
3563 3753 3726 3803 tuam

2089 4135 2312 4190 derium
2346 4146 2538 4184 meum
2568 4123 2807 4180 humilis
2839 4119 3056 4190 expleo,
3087 4119 3143 4169 et
3173 4111 3363 4167 saluto
3394 4105 3729 4177 amplector-

2090 4240 2199 4298 que
2249 4220 2607 4293 spiritualem
2651 4218 2876 4271 Patrem
2920 4224 3115 4265 meum
3140 4219 3311 4277 quem
3357 4215 3552 4254 revera
3597 4212 3728 4252 amo

2089 4314 2424 4387 plurimum.
2462 4309 2658 4378 Neque
2688 4298 3133 4369 enim,quando,
3166 4306 3402 4362 corpore
3425 4305 3527 4342 nos
3548 4302 3730 4356 segre-

2089 4408 2300 4476 garunt
2334 4399 2622 4472 principes
2644 4392 2836 4450 saeculi
2867 4390 3068 4459 hujus,
3105 4384 3314 4456 pariter
3364 4383 3626 4433 mutuam
3668 4377 3729 4430 in

2092 4496 2203 4548 Deo
2235 4494 2432 4546 nostro
2463 4484 2830 4542 concordiam
2864 4479 3250 4544 aifectumque
3289 4467 3680 4525 dissolverunt
3712 4481 3724 4518 :

2092 4582 2354 4653 quinimo
2388 4576 2566 4647 magis
2607 4572 3049 4629 conﬁrmarunt.
3093 4561 3332 4619 Conﬁdo
3350 4558 3506 4614 enim
3546 4563 3599 4609 et
3638 4569 3731 4608 me

2088 4643 2351 4742 quamvis
2383 4643 2689 4736 indignum
2721 4678 2753 4714 a
2780 4664 2883 4714 tua
2911 4653 3217 4710 sanctitate
3249 4646 3435 4717 diligi,
3461 4651 3515 4699 et
3545 4643 3604 4697 in
3636 4659 3727 4697 or-

2087 4739 2337 4821 thodoxa
2365 4761 2598 4829 Deoque
2630 4759 2865 4824 accepta
2895 4739 3728 4822 propugnationeimmobilem

2086 4853 2271 4924 ipsam
2305 4862 2642 4922 permanere
2675 4864 2689 4908 ;
2731 4843 2890 4898 exiis
2910 4839 3124 4911 quibus
3147 4852 3209 4891 se
3233 4840 3288 4889 et
3310 4838 3500 4897 antea,
3521 4833 3577 4885 et
3600 4831 3731 4900 post

2087 4919 2284 5007 etiam,
2307 4919 2432 4995 —Deo
2465 4941 2638 5007 atque
2686 4931 3022 4989 hominibus
3059 4921 3457 4996 comprobavit
3489 4936 3502 4974 :
3550 4919 3626 4973 ita
3670 4921 3733 4972 ut

2088 5049 2219 5088 cum
2251 5027 2574 5084 humilibus
2616 5022 2786 5078 nobis
2844 5015 3309 5090 persecutionem
3388 5010 3563 5065 etiam
3623 5023 3725 5079 pro

2089 5121 2299 5192 pietate
2333 5117 2510 5188 eligat
2541 5131 2553 5168 :
2589 5113 2726 5167 licet
2756 5104 3160 5175 noluerintqui
3184 5116 3374 5157 rerum
3405 5097 3728 5170 potiuntur,

2088 5226 2161 5264 ne
2193 5213 2313 5264 tam
2348 5205 2561 5260 multos
2593 5204 2651 5257 in
2683 5200 2947 5256 exsilium
2981 5193 3378 5256 amandarent,
3411 5185 3500 5242 vel
3529 5185 3588 5239 in
3622 5201 3733 5239 cu—

2089 5298 2333 5354 stodiam
2367 5296 2695 5358 traderent;
2747 5293 2922 5359 atque
2971 5289 3035 5340 ut
3081 5283 3188 5336 hac
3231 5280 3454 5336 ratione
3506 5273 3726 5330 mundo

2088 5387 2523 5461 persuaderent,
2547 5399 2651 5436 nos
2683 5379 2835 5433 solos
2858 5377 2930 5431 ab
2961 5375 3106 5443 ipsis
3138 5369 3416 5424 dissidere
3451 5381 3554 5420 nec
3585 5363 3730 5417 alios

2089 5494 2216 5534 esse
2247 5474 2346 5547 qui
2380 5473 2648 5529 resistant
2681 5486 2694 5524 :
2739 5483 2871 5523 cum
2897 5471 3091 5520 tamen
3125 5462 3268 5515 adeo
3293 5456 3457 5511 multi
3485 5455 3601 5508 sint
3623 5451 3732 5506 sub

2090 5580 2292 5623 eorum
2326 5561 2571 5634 imperio
2601 5579 2615 5621 ;
2652 5555 2915 5631 quamvis
2945 5557 3044 5609 aut
3075 5553 3230 5606 metu
3264 5551 3357 5602 aut
3387 5539 3736 5598 dissimula-
