4084 6284
369 387 531 448 1047

1617 379 1680 438 S.
1727 371 2128 437 THEODORI
2173 371 2533 434 STUDlTjE

3607 373 3753 434 10ιὸ

370 521 528 576 tione
559 535 620 576 se
652 518 807 588 ipsos
835 521 1032 587 tegant
1058 532 1070 578 ;
1097 517 1161 568 ut
1181 512 1438 567 divinum
1471 510 1642 566 David
1665 508 2016 565 clamantem

2165 501 2418 574 ίκονομίᾳ
2461 499 2882 575 ὕποκρύπτωσιν
2932 502 3190 564 ἑαυτούς’
3243 502 3318 564 ὡς
3377 500 3518 558 ἔστῖν
3558 503 3762 559 ἀκούειν

374 608 646 664 exaudire
679 608 848 662 liceat
884 623 896 659 :
938 603 1314 659 Dinumerabo
1353 618 1440 656 eos
1483 605 1536 655 et
1590 615 1752 671 super
1791 613 2018 653 arenam

373 697 891 768 multiplicabuntur
941 695 1007 746 3°.

446 787 572 842 Non
605 786 757 841 enim
813 785 932 838 leve
989 786 1078 837 est
1135 796 1239 836 nec
1289 779 1605 844 occultum,
1638 777 1790 849 quod
1847 775 2023 846 impie

376 875 595 948 agitur;
629 877 728 930 sed
761 879 816 929 et
848 889 1018 944 grave
1051 889 1288 943 prorsus
1320 876 1376 925 et
1408 886 1582 925 sensu
1619 867 1868 938 praeditis
1903 884 2023 922 ma-

379 967 680 1022 nifestum.
731 962 1190 1019 Incarnationem
1244 960 1476 1023 Christi,
1529 977 1560 1014 o
1610 955 2022 1020 sanctissisme,

379 1053 664 1119 quantum
697 1046 754 1100 in
812 1045 956 1114 ipsis
1005 1048 1113 1107 est,
1164 1047 1511 1106 everterunt,
1563 1056 1696 1094 cum
1732 1033 2027 1106 Evangelii

377 1135 907 1207 praevaricationem
955 1134 1012 1186 in
1055 1131 1299 1186 adulteri
1349 1130 1557 1199 copula
1608 1134 1666 1182 et
1715 1123 2026 1189 adulterio,

380 1225 698 1281 salutarem
731 1221 997 1278 Ecclesiae
1020 1220 1510 1290 dispensationem
1541 1233 1669 1272 esse
1691 1216 2026 1279 sanxerunt,

381 1312 691 1367 anathema
720 1311 779 1366 in
806 1327 902 1365 eos
935 1310 1328 1373 decernentes,
1363 1305 1464 1376 qui
1494 1303 1631 1358 talia
1671 1320 1785 1358 non
1818 1301 2033 1374 proba-

383 1405 530 1457 rent.
593 1399 961 1471 Evangelium
1014 1413 1112 1466 per
1157 1397 1330 1450 unius
1371 1393 1630 1448 mandati
1681 1391 2032 1448 solutionem

383 1489 699 1555 solverunt,
762 1487 1110 1542 solutionem
1173 1485 1321 1540 hanc
1372 1483 1472 1538 Dei
1533 1482 2032 1553 dispensationem

384 1579 759 1651 appellantes.
784 1579 926 1631 Nam
965 1576 1035 1645 si,
1090 1580 1151 1628 ut
1175 1574 1451 1642 scriptum
1485 1577 1574 1627 est
1614 1587 1628 1626 :
1680 1572 2036 1640 Quincunque

385 1675 556 1724 totum
579 1668 745 1738 legem
775 1666 1096 1732 servaverit,
1126 1662 1369 1733 o/femlat
1399 1669 1582 1717 autem
1603 1661 1663 1716 in
1695 1677 1821 1729 uno,
1859 1665 2040 1730 [actus

388 1765 471 1813 est
501 1757 749 1812 omnium
779 1771 906 1810 reus
933 1754 1016 1808 ‘0:
1065 1752 1164 1807 isti
1206 1767 1336 1806 vero
1373 1751 1622 1822 lapsum,
1653 1751 1768 1806 imo
1813 1750 2038 1821 lapsus.

386 1855 507 1902 tum
541 1844 808 1908 adulteri,
843 1849 960 1897 tum
1001 1843 1125 1911 ejus
1165 1841 1264 1912 qui
1316 1840 1608 1896 adulteros
1636 1840 1959 1911 conjunxit,
1981 1843 2036 1893 et

387 1935 652 1992 omnium
685 1933 786 2005 qui
815 1931 1078 1987 adultero
1106 1931 1496 1994 adhaeserunt,
1522 1936 1862 2000 partemque
1901 1944 2033 1984 cum

387 2022 648 2077 adultero
684 2025 1042 2091 posuerunt;
1085 2034 1272 2088 neque
1303 2016 1453 2071 enim
1517 2034 1550 2070 a
1580 2033 1642 2071 se
1665 2016 1911 2070 invicem
1942 2030 2038 2069 se-

383 2110 553 2181 jungi
587 2115 823 2180 possunt
854 2108 955 2179 qui
996 2109 1279 2174 fecerunt,
1337 2111 1392 2160 et
1440 2106 1536 2175 qui
1590 2105 1765 2161 simul
1817 2103 2038 2173 abrepti

387 2209 562 2266 sunt;
601 2199 1054 2269 haudquaquam
1087 2213 1210 2252 reos
1241 2213 1364 2251 esse
1395 2197 1613 2263 dicunt,
1658 2197 1756 2251 sed
1809 2195 2041 2264 dispen—

388 2294 609 2344 satores
631 2286 768 2354 Dei;
821 2287 1100 2343 mentitus
1147 2294 1231 2342 est
1279 2285 1380 2357 qui
1431 2301 1558 2340 reos
1607 2300 1737 2340 esse
1787 2299 2043 2355 pronun-

388 2377 589 2446 tiavit;
646 2375 820 2430 alieni
874 2380 1070 2431 autem
1107 2384 1247 2431 sunt
1293 2393 1326 2430 a
1376 2374 1479 2430 Dei
1533 2373 2043 2445 dispensatoribus

393 2465 582 2523 sancti
629 2479 854 2536 quoque
899 2464 1059 2535 ipsi:
1111 2465 1412 2536 siquidem
1461 2463 1655 2519 nullus
1703 2468 2043 2519 sanctorum

395 2558 495 2612 Dei
525 2557 714 2626 legem
746 2560 1144 2625 transgressus
1176 2563 1278 2620 est,
1312 2569 1440 2621 nec,
1473 2553 1525 2609 si
1567 2551 2042 2625 transgrediatur,

393 2650 634 2701 sanctus
683 2644 798 2698 dici
851 2648 1064 2712 potest.
1117 2643 1217 2698 Isti
1266 2659 1399 2698 vero
1463 2643 1522 2698 in
1577 2642 2042 2714 transgressione

393 2736 609 2805 dogma
632 2731 985 2798 inviolabile,
1027 2737 1300 2802 tanquam
1352 2734 1451 2787 Dei
1497 2731 1682 2802 legem
1727 2731 2045 2786 constitue-

395 2831 551 2888 runt,
581 2830 634 2876 et
662 2837 863 2876 omnes
896 2821 996 2892 qui
1035 2820 1182 2892 ipsis
1212 2838 1279 2876 ea
1307 2821 1363 2874 in
1400 2837 1460 2876 re
1492 2838 1604 2876 non
1655 2821 2044 2886 consentiunt,

397 2910 981 2968 anathematizarunt.
1036 2910 1160 2966 Non
1219 2911 1593 2966 consentiunt
1666 2910 2047 2981 proculdubio

398 3000 607 3067 sancti,
637 2999 734 3070 qui
767 3000 826 3055 in
858 2999 998 3054 coelo
1029 3001 1243 3070 quique
1275 3000 1333 3054 in
1365 3005 1514 3053 terra
1543 3008 1697 3066 sunt,
1741 3000 2045 3054 adulterio.

398 3092 585 3155 Quare
597 3088 965 3159 perspicuum
983 3095 1200 3157 esteos,
1219 3090 1415 3144 soluto
1434 3088 1724 3160 Evangelii
1754 3105 1866 3144 uno
1889 3105 2023 3144 man
2039 3120 2054 3128 -

401 3182 560 3246 dato,
596 3195 710 3234 non
743 3178 934 3234 solum
969 3178 1339 3250 Evangelium
1373 3184 1560 3234 totum
1612 3179 1906 3246 evertisse,
1959 3195 2048 3233 sa-

2127 596 2224 648 τοῦ
2273 591 2416 645 θείου
2467 585 2632 645 Δαϐὶδ
2687 591 3020 664 κράζοντος’
3056 592 3625 666 Ἐξαριθμήσομαι
3661 593 3766 647 αὖ-

2132 679 2306 747 τοὺς,
2330 679 2436 734 καὶ
2483 680 2640 752 ὑπὲρ
2689 679 2909 752 ἄμμον
2941 680 3568 752 πληθυνθήσονται.

2203 767 2342 825 Οὐδὲ
2369 769 2469 844 γὰρ
2498 769 2688 842 μικρόν
2729 789 2782 823 τι
2828 770 2917 823 καὶ
2966 767 3222 824 λανθάνον
3270 772 3332 824 τὸ
3380 766 3767 843 ἀσεϐούμενον·

2134 857 2280 913 ἀλλὰ
2336 859 2425 912 καὶ
2483 854 2688 935 σφόδρα
2739 859 2874 933 μέγα
2928 879 2986 912 τε
3032 860 3120 912 καὶ
3183 860 3450 935 προφανὲς
3495 865 3611 920 τοῖς
3659 863 3771 912 νοῦν

2135 946 2348 1026 ἔχουσι.
2405 949 2511 1017 Τὴν
2588 945 2898 1020 οἷκονομίαν
2959 948 3217 1022 Χριστοῦ,
3267 950 3312 1002 ὦ
3372 949 3659 1023 ἀγιώτατε,
3716 949 3776 1002 τὸ

2135 1038 2253 1091 καθ’
2304 1035 2524 1098 ἑαυτοὺς
2573 1035 2880 1110 ἀνέτρεψαν,
2931 1037 3030 1105 τῆν
3101 1031 3405 1112 παράϐασιν
3465 1041 3562 1092 τοῦ
3617 1036 3780 1112 Εὐαγ-

2136 1123 2328 1201 γελίου
2388 1125 2439 1178 ἐν
2493 1127 2560 1198 τῇ
2622 1123 2978 1199 μοιχοζεοξίᾳ
3032 1125 3122 1179 καὶ
3185 1127 3412 1201 μοιχείᾳ
3463 1125 3780 1198 οἰκονομίαν

2141 1217 2413 1290 σωτήριον
2466 1217 2534 1288 τῇ
2594 1213 2894 1286 Ἐκκλησία
2952 1211 3396 1290 δογματίσαντες,
3450 1216 3535 1269 ὑπ’
3598 1213 3782 1270 ἀναθέ-

2145 1325 2274 1378 ματι
2328 1307 2435 1357 τῶν
2485 1305 2561 1376 μὴ
2614 1302 2757 1358 οὕτω
2809 1301 3264 1378 προσδεχομένων
3298 1321 3310 1337 ·
3345 1307 3414 1360 Τὸ
3445 1303 3783 1379 Εὐαγγέλιον

2144 1391 2231 1448 διὰ
2270 1392 2478 1456 λύσεως
2530 1399 2632 1462 τῆς
2701 1397 2826 1465 μιᾶς
2883 1391 3114 1462 ἐντολῆς
3171 1391 3441 1463 διέλυσαν,
3472 1395 3574 1462 τῆν
3632 1393 3781 1448 λύσιν

2146 1483 2465 1554 οἷ’κονομίαν
2498 1485 2632 1536 Θεοῦ
2664 1483 3096 1559 ἀποφηνάμενοι.
3124 1481 3189 1537 Εἴ
3208 1481 3311 1560 γὰρ
3342 1483 3416 1546 ὡς
3447 1484 3746 1560 γέγραπται
3773 1525 3786 1538 .

2147 1573 2372 1632 Ὀστις
2425 1571 2581 1625 ὅλον
2651 1571 2760 1625 τὸν
2829 1571 3034 1642 νόμον
3100 1572 3476 1647 πληρώσει,
3529 1573 3788 1628 πταίσει

2151 1659 2216 1715 δὲ
2247 1661 2305 1714 ἐν
2355 1660 2473 1730 ένὶ,
2505 1659 2737 1736 γέγονε
2776 1660 3036 1714 πάντων
3076 1659 3340 1735 ἔνοχος.
3375 1662 3582 1718 Οὗτοι
3623 1659 3687 1717 δὲ
3721 1661 3790 1716 τὸ

2150 1755 2416 1822 πταῖσμα,
2457 1746 2669 1820 μᾶλλον
2726 1746 2782 1802 δὲ
2830 1750 2898 1802 τά
2943 1747 3275 1822 πταίσματα,
3323 1754 3421 1804 τοῦ
3467 1771 3528 1806 τε
3589 1755 3791 1824 μοιχοῦ

2153 1839 2366 1893 καὶτοῦ
2407 1836 2833 1912 μοιχοζεύκτου,
2869 1835 3363 1916 μοιχοσυνδρόμων
3411 1861 3469 1894 τε
3515 1839 3606 1894 καὶ
3652 1838 3792 1893 ὅλων

2151 1933 2260 1984 τῶν
2313 1928 2448 2000 μετά
2499 1931 2702 2001 μοιχοῦ
2745 1929 2843 1995 τὴν
2881 1925 3074 2002 μερίδα
3117 1928 3352 2001 θεμένων
3377 1949 3390 1962 ο
3426 1927 3487 1983 οὐ
3539 1928 3640 2003 γάρ
3679 1929 3792 1982 οἷόν

2144 2037 2203 2071 τε
2234 2016 2285 2086 ἐξ
2317 2015 2584 2086 ἀλλήλων
2617 2019 2962 2092 χωρισθῆναι
3010 2016 3142 2079 τοὺς
3188 2017 3518 2091 πράξαντας,
3550 2017 3640 2071 καὶ
3668 2014 3790 2078 τοὺς

2148 2107 2576 2181 συναπαχθέντας
2603 2127 2614 2138 ·
2649 2105 2748 2161 ούκ
2804 2104 3031 2180 ἐνόχους
3079 2107 3255 2182 φασὶν,
3299 2107 3425 2162 ἀλλ’
3466 2107 3796 2179 οἰκονόμους

2148 2200 2320 2250 Θεοῦ’
2374 2195 2626 2270 ἔψευσται
2715 2196 2744 2249 ὁ
2814 2195 3240 2270 ἀποφηνάμενος
3323 2195 3552 2271 ἐνόχους
3628 2197 3796 2250 εἶναι’

2151 2283 2567 2358 ἀλλοτριοῦνται
2621 2281 2676 2338 δὲ
2715 2283 2801 2338 ναὶ
2853 2285 2903 2338 οἱ
2935 2279 3082 2359 ἀγιοι
3117 2289 3229 2340 τῶν
3278 2285 3589 2358 οἰκονόμων
3633 2289 3798 2341 Θεοῦ·

2153 2375 2237 2429 ὅτι
2285 2372 2464 2436 οὐδεὶς
2521 2373 2675 2448 ἅγιος
2715 2373 2807 2428 τὸν
2854 2378 2949 2428 τοῦ
2993 2377 3131 2428 Θεοῦ
3181 2373 3349 2447 νόμον
3396 2371 3799 2450 παραϐέϐηκεν,

2153 2460 2277 2518 οὐδὲ
2306 2458 2557 2536 παραϐὰς
2599 2459 2819 2517 δύναται
2861 2462 3141 2517 καλεῖσθαι
3190 2463 3366 2537 ἅγιος.
3399 2465 3469 2521 O't
3519 2461 3577 2519 δὲ
3627 2461 3800 2540 δόγμα

2154 2552 2204 2606 ἐν
2251 2554 2319 2624 τῇ
2367 2546 2665 2626 παραϐάσει
2723 2549 2999 2622 ἐκθέμενοι
3062 2546 3409 2626 ἀπαράϐατον
3491 2553 3568 2616 ὡς
3636 2553 3798 2624 νόμον

2154 2645 2316 2710 Θεοῦ,
2349 2639 2437 2695 καὶ
2490 2641 2617 2702 τοὺς
2671 2642 2744 2712 μή
2799 2641 3255 2714 συναιρουμένους
3303 2641 3492 2703 αὐτοῖς
3544 2640 3598 2696 ἐν
3630 2642 3800 2712 τούτῳ

2153 2728 2656 2802 ἀναθεματίξοντες.
2716 2727 2788 2784 Oi)
2847 2729 3162 2806 συνάρονται
3216 2728 3273 2786 δὲ
3331 2728 3595 2800 δηλονότι
3654 2732 3704 2786 o't
3751 2729 3799 2785 ἒν

2155 2819 2370 2895 ούρανῷ
2417 2821 2507 2874 καὶ
2555 2818 2643 2874 ἐπὶ
2691 2827 2792 2896 γῆς
2834 2821 2983 2893 ἅγιοι
3035 2823 3104 2893 τῇ
3154 2819 3398 2899 μοιχείᾳ.
3433 2821 3676 2895 Φανερὸν
3709 2818 3803 2895 ἄρα

2156 2910 2240 2964 ὅτι
2294 2915 2362 2982 τῇ
2409 2907 2560 2964 λύσει
2608 2917 2710 2979 τῆς
2758 2914 2885 2980 μιᾶς
2925 2908 3155 2978 ἐντολῆς
3199 2914 3295 2965 τοῦ
3353 2911 3714 2986 Εὐαγγελίου,
3745 2909 3803 2964 οὐ

2161 2998 2326 3073 μόνον
2385 2999 2513 3054 ὅλον
2596 2999 2658 3053 τὸ
2729 2998 3060 3074 Εὐαγγέλιον
3118 2997 3435 3073 ἀνέτρεψαν,
3496 3000 3804 3076 ὁρισάμενοι

2159 3089 2329 3158 αὐτὴν
2381 3086 2679 3153 συνοδικῶς
2729 3087 3042 3162 οῗκονομίαν
3077 3090 3348 3162 σωτήριον
3386 3093 3455 3162 τῇ
3489 3088 3806 3159 Ἐκκλησίᾳ,

2158 3177 2338 3239 θέντες
2367 3175 2536 3247 νόμον
2566 3170 2930 3248 ἀπαράϐατον,
2957 3176 3019 3229 τὸ
3067 3176 3187 3228 καθ’
3219 3173 3466 3243 ἑαυτοὺς,
3501 3173 3590 3230 ἐπὶ
3639 3174 3808 3244 πάσης

400 3271 649 3326 lutarem
684 3267 948 3323 Ecclesiae
979 3269 1477 3340 dispensationem
1510 3269 1660 3324 hanc
1704 3285 1832 3325 esse
1875 3285 2050 3338 syno-

2165 3264 2391 3333 ἐντολῆς
2449 3260 2922 3338 παραϐαινομένης
2999 3263 3316 3336 οῗκονομίαν
3393 3264 3635 3340 γίνεσθαι
3713 3265 3808 3333 τὴν

403 3358 526 3413 dice
557 3357 911 3423 deﬁniendo,
956 3356 1279 3428 legemque,
1313 3357 1470 3428 quod
1501 3358 1558 3412 in
1615 3359 1759 3428 ipsis
1811 3359 1918 3412 fuit
1965 3359 2052 3413 in-

403 3445 728 3501 violabilem
762 3446 1096 3512 sanciendo,
1132 3447 1189 3500 in
1223 3447 1380 3502 omni
1409 3447 1676 3502 mandato
1699 3448 1853 3518 quod
1883 3446 2055 3502 viole-

407 3542 520 3602 tur,
565 3534 933 3589 violationem
985 3534 1170 3604 ipsam
1221 3535 1714 3606 dispensationem
1786 3551 1936 3602 esse,
1989 3551 2056 3590 ac

2167 3355 2370 3423 ταύτης
2427 3349 2749 3428 παράϐασιν,
2784 3355 2926 3427 ὁμοῦ
2971 3374 3031 3410 τε
3081 3353 3170 3407 καὶ
3216 3353 3578 3427 ὀνομάζεσθαι
3607 3376 3619 3387 ·
3670 3353 3810 3408 ἀλλά

2167 3443 2270 3519 γάρ
2339 3442 2428 3496 καὶ
2489 3443 2616 3504 τοὺς
2675 3443 2862 3517 ἁγίους
2918 3443 2995 3516 μὴ
3052 3444 3469 3517 προσιεμένους,
3536 3444 3621 3497 ὅτι
3680 3439 3809 3515 μηδὲ

2166 3532 2294 3590 Θεὸς
2333 3534 2450 3587 κατ’
2483 3531 2700 3603 αὐτοὺς,
2725 3532 3134 3604 ἀνεθεμάτισαν.

411 3623 737 3694 nuncupari
773 3641 786 3678 :
822 3639 1018 3680 verum
1067 3625 1241 3679 etiam
1289 3629 1524 3680 sanctos
1565 3642 1677 3680 non
1725 3624 2171 3693 consentientes,
2225 3623 2498 3695 quoniam
2549 3640 2652 3680 nec
2705 3625 2853 3679 Deus
2896 3623 3207 3692 consentit,
3259 3637 3362 3679 suo
3406 3622 3632 3695 judicio
3680 3637 3810 3676 ana-

407 3714 842 3769 thematizasse.

480 3807 558 3860 Ac
590 3805 801 3860 demun
834 3807 972 3876 quid
1008 3805 1270 3873 pluribus
1301 3824 1446 3877 opus
1492 3810 1605 3876 est,
1646 3823 1776 3861 cum
1821 3804 2064 3876 epistola

414 3911 612 3966 capere
636 3911 746 3948 non
772 3895 999 3962 possit?
1022 3897 1293 3950 Pcrversa
1316 3904 1372 3950 et
1394 3897 1518 3950 (lira
1542 3895 1775 3965 opinion
1800 3896 1858 3949 in
1877 3896 2065 3951 Eccle-

417 3985 564 4038 siam
595 3994 851 4038 nostram
892 3984 1118 4039 invecta
1146 3986 1638 4040 est.Haeresisista
1687 3984 2066 4040 chhianica

419 4089 536 4128 una
566 4090 695 4126 cum
735 4073 1024 4143 Evangelii
1057 4075 1545 4140 destructione,et
1567 4092 1817 4130 canones
1840 4075 2064 4128 divinos

422 4179 524 4232 per
554 4161 711 4215 illius
743 4162 840 4232 qui
868 4163 940 4216 ab
969 4161 1054 4216 eis
1085 4164 1383 4232 depositus
1416 4167 1619 4230 fuerat,
1668 4165 2064 4218 adulterorum

422 4251 772 4320 COpulatoris
805 4252 1226 4307 absolutionem
1261 4253 1540 4309 dissolvit.
1572 4254 1791 4308 Etenim
1819 4254 1865 4307 si
1889 4254 2069 4308 Evan-

2245 3804 2342 3857 Καὶ
2390 3802 2580 3864 ἁπλῶς
2631 3801 2685 3858 τί
2735 3803 2920 3859 πολλά
2972 3803 3168 3879 λέγειν,
3203 3805 3279 3875 μή
3313 3801 3677 3882 ἐγχωρούσης
3717 3809 3811 3869 τῆς

2171 3891 2466 3962 ἐπιστολῆς
2507 3891 2757 3968 δέχεσθαι
2789 3913 2804 3961 ;
2840 3892 3074 3962 Χαλεπή
3121 3890 3408 3964 κακοδοξία
3455 3890 3808 3967 ἐδογματίσθη

2173 3980 2225 4035 ἐν
2281 3985 2348 4054 τῇ
2407 3984 2525 4036 καθ’
2582 3983 2728 4055 ἡμᾶς
2788 3981 3286 4052 Ἐκκλησίᾳ.Αὕτη
3357 3985 3392 4051 ἡ
3450 3979 3808 4056 Μοιχειανική

2175 4068 2375 4143 αἵρεσις
2420 4072 2531 4144 ἅμα
2584 4075 2652 4144 τῇ
2697 4071 2977 4146 ἀνατροπῇ
3025 4071 3121 4125 τοο
3176 4070 3538 4146 Εύαγγελίου,
3572 4070 3658 4126 καὶ
3693 4069 3810 4129 τοὺς

2177 4160 2354 4222 θείους
2411 4160 2639 4222 κανόνας
2689 4157 2777 4214 διὰ
2836 4167 2932 4229 τῆς
2987 4160 3288 4220 ἀθωώσεως
3347 4163 3443 4214 τοῦ
3481 4160 3613 4236 παρ’
3642 4156 3809 4213 αὒτῶν

2177 4254 2562 4326 καθῃρημένου
2623 4251 3020 4327 μοιχοζεύκτου
3079 4250 3398 4309 διαλύσασα.
3461 4252 3522 4308 Εἰ
3597 4251 3700 4328 γὰρ
3755 4249 3810 4304 τὸ

419 4339 633 4410 gelium
671 4345 1068 4410 neglexerunt,
1102 4343 1349 4396 otiosum
1385 4343 1498 4397 illis
1533 4343 1734 4399 fuisset
1775 4343 1844 4396 de
1896 4344 2050 4399 sacri

2187 4341 2519 4415 Εὐαγγέλιον
2559 4343 2851 4411 ἠθέτησαν,
2881 4341 3060 4418 σχολή
3113 4341 3297 4404 αὐτοῖς
3344 4341 3469 4417 περὶ
3515 4347 3624 4396 τῶν
3662 4341 3809 4413 ἰερῶν

422 4429 745 4482 canonibus
778 4445 903 4484 esse
937 4429 1235 4486 sollicitos.
1277 4431 1407 4486 Haec
1450 4432 1630 4502 igitur
1676 4450 1808 4488 cum
1861 4433 2074 4489 saluta-

428 4517 586 4570 tione
616 4517 943 4586 paternitati
982 4527 1086 4573 tua;
1117 4535 1420 4590 suggerere
1451 4523 1834 4578 necessarium
1877 4522 2072 4577 existi-

425 4605 599 4671 mavi,
645 4611 710 4660 ut
739 4607 1000 4661 haeresim
1036 4623 1163 4662 esse
1188 4609 1542 4681 intelligens,
1567 4611 1831 4666 haeresim
1867 4612 2070 4680 fugiat,

428 4695 545 4749 sive
577 4695 898 4764 haereticos,
932 4697 1010 4751 ita
1044 4702 1107 4751 ut
1133 4716 1236 4753 nec
1265 4717 1398 4754 cum
1432 4701 1515 4756 eis
1539 4703 1946 4768 communicet,
1973 4717 2078 4757 nec

429 4800 528 4838 eos
560 4784 616 4836 in
650 4784 840 4838 divina
870 4785 1107 4857 liturgia
1144 4795 1559 4844 commemoret
1605 4790 1657 4844 in
1709 4789 2077 4861 religiosissi-

437 4889 531 4927 mo
583 4873 930 4928 monasterio
984 4893 1090 4930 suo
1139 4894 1150 4930 :
1200 4878 1471 4948 quoniam
1515 4879 1776 4950 ingentes
1823 4881 1995 4933 minas
2046 4897 2079 4934 a

437 4962 657 5016 sanctis
688 4963 1039 5018 denuntiata:
1090 4974 1225 5020 sunt
1275 4967 1344 5020 iis
1393 4967 1488 5038 qui
1535 4985 1664 5023 cum
1705 4986 1768 5022 ea
1816 4968 1899 5022 vel
1950 4969 2078 5024 cibo

436 5054 608 5104 tenus
640 5051 1006 5122 participant.
1040 5057 1198 5118 Quod
1259 5057 1306 5111 si
1364 5063 1584 5127 quaerat
1633 5059 1908 5112 sanctitas
1962 5065 2076 5124 tua,

437 5140 572 5209 quid
609 5156 797 5194 causa
824 5141 920 5206 sit,
953 5160 1056 5196 cur
1087 5144 1204 5199 haec
1243 5146 1351 5213 ipsi
1383 5151 1515 5200 ante
1546 5146 1930 5217 captivitatem
1966 5163 2078 5201 non

430 5227 770 5295 dixerimus,
796 5232 894 5284 sed
919 5237 975 5286 et
998 5231 1442 5299 Byzantinorum
1469 5237 2077 5291 commemorationem

425 5315 537 5387 ipsi
573 5317 1058 5385 feceriinus;hoc
1106 5321 1314 5374 habeto
1371 5323 1653 5392 synodum
1707 5341 1773 5377 eo
1819 5330 2080 5395 tempore

425 5408 681 5460 nonduin
717 5414 970 5462 coactam
997 5407 1198 5472 fuisse,
1246 5426 1344 5464 uec
1399 5411 1827 5483 promulgatum
1882 5414 2076 5470 adhuc

428 5513 663 5566 pravum
696 5497 909 5566 dogma
938 5501 995 5551 et
1067 5497 1395 5553 anathema.
1437 5502 1502 5554 Et
1533 5506 1670 5556 ante
1723 5504 1838 5560 haec
1883 5509 2069 5560 tutum

508 5673 556 5707 3°
585 5675 739 5731 Psal.
769 5692 1039 5745 cxxxvm,
1077 5677 1160 5734 18.
1237 5678 1283 5713 ⁴⁰
1306 5679 1430 5739 Jac.
1465 5699 1526 5752 ιι,
1561 5683 1654 5740 10.

2183 4430 2418 4486 κανόνων
2466 4433 2790 4507 φροντίζειν.
2820 4435 2994 4486 Ταῦτα
3041 4429 3131 4486 οὖν
3181 4432 3272 4485 σὺν
3328 4434 3397 4504 τῇ
3453 4428 3810 4506 προσηγορίᾳ,

2185 4518 2476 4593 ἀναγκαῖον
2525 4517 2750 4594 ἐνόμισα
2795 4521 3103 4594 ὑπομνῆσαι
3145 4522 3245 4592 τήν
3296 4521 3656 4595 πατρωσύνην
3685 4532 3810 4574 σου’

2187 4609 2336 4672 ὅπως
2382 4606 2556 4664 εἷδυῖα
2614 4611 2696 4665 ὅτι
2739 4608 2966 4687 α’ίρεσις,
3014 4610 3186 4690 φεύγῃ
3236 4610 3334 4680 τὴν
3392 4607 3612 4685 α’ίρεσιν,
3663 4606 3812 4682 ῆγου,

2186 4699 2312 4761 τοὺς
2366 4699 2708 4774 αἶρετικούς·
2759 4704 2855 4755 τοῦ
2915 4702 3053 4774 μήτε
3099 4705 3378 4755 κοινωνεῖν
3431 4699 3638 4767 αὐτοῖς,
3685 4698 3811 4771 μήτε

2187 4787 2467 4866 ἀναφέρειν
2518 4788 2570 4843 έν
2628 4794 2695 4863 τῇ
2754 4789 3080 4864 εὐαγεστάτῃ
3148 4786 3316 4859 αοτῆς
3396 4793 3538 4862 μονῇ
3589 4788 3675 4843 ἐπὶ
3722 4791 3811 4853 τῆς

2187 4877 2328 4938 θείας
2389 4879 2762 4954 λειτουργίας·
2822 4880 2904 4934 ὅτι
2992 4879 3242 4953 μέγισται
3317 4877 3533 4934 ἀπειλαὶ
3621 4883 3811 4932 κεῖνται

2188 4968 2335 5041 παρά
2374 4972 2480 5022 τῶν
2532 4969 2697 5043 ἁγίων
2749 4969 3145 5045 ἐκφωνηθεῖσαι
3189 4973 3308 5030 τοῖς
3372 4962 3808 5044 συγκαταϐαίνω-

2190 5079 2270 5112 σιν
2301 5057 2436 5130 αὐτῇ
2472 5059 2637 5133 μέχρι
2665 5059 2754 5112 καί
2785 5059 3092 5120 ἑστιάσεως.
3127 5058 3186 5114 Εἰ
3237 5055 3294 5112 δὲ
3343 5057 3472 5133 λέγῃ
3518 5059 3552 5126 ἠ
3607 5052 3812 5121 ὁσιότης

2189 5168 2310 5216 σου,
2343 5151 2457 5209 πῶς
2489 5147 2627 5218 αὐτῇ
2655 5147 2760 5222 πρὸ
2790 5153 2888 5218 τῆς
2931 5145 3229 5217 λεηλασίας
3256 5149 3415 5200 τοῦτο
3447 5143 3544 5200 οὐκ
3577 5142 3805 5214 εἴπομεν,

2192 5234 2318 5291 ἀλλ’
2348 5237 2429 5291 ὅτι
2460 5236 2548 5290 καὶ
2579 5238 2741 5309 ἥμεῖς
2770 5235 3217 5309 ἐμνημονεύομεν
3256 5239 3363 5290 τῶν
3409 5234 3461 5289 ἐν
3502 5237 3570 5306 τῇ
3625 5236 3804 5299 Βυζανο

2187 5323 2296 5379 τίδι
2324 5345 2335 5358 ο
2371 5325 2542 5380 ἐκεῖνο
2591 5325 2902 5400 γινωσκέτω
2928 5343 2941 5356 ·
2982 5323 3065 5379 ὅτι
3106 5323 3260 5379 οὔπω
3309 5319 3529 5384 σύνοδος
3577 5323 3666 5390 ἧν,
3695 5314 3807 5372 οὐδὲ

2190 5412 2499 5491 ἐκφωνητον
2548 5415 2763 5490 ὑπῆρχε
2791 5415 2854 5469 τὸ
2883 5414 3122 5488 πονηρὸν
3181 5411 3363 5490 δόγμα
3419 5411 3510 5466 καὶ
3562 5410 3804 5478 ἀνάθεμα.

2192 5505 2294 5559 Καὶ
2355 5504 2461 5578 πρὸ
2516 5502 2725 5560 τούτων
2787 5504 2885 5558 οὐκ
2941 5507 3004 5573 ἦν
3065 5501 3302 5582 ἀσφαλὲς
3367 5501 3661 5570 ἀποστῆναι
3714 5498 3807 5547 τῶν
