4084 6284
299 388 454 450 1049

1578 382 2128 446 EPISTOLABUM
2175 385 2324 447 LIB.
2372 388 2422 447 Ι.

3546 388 3705 454 1050

296 520 754 595 παρανομούντων
810 518 1055 586 τελείως,
1105 518 1139 586 ἢ
1189 518 1252 573 τὸ
1326 520 1537 596 φεύγειν
1610 517 1774 591 μόνον
1842 517 1944 586 τὴν

2072 533 2173 573 non
2205 522 2330 575 erat
2349 519 2645 576 discedere
2659 507 2891 592 penitus
2909 536 2941 575 ιι
2958 520 3494 592 praevaricantibus,
3509 523 3598 579 vel
3612 537 3707 578 so-

297 617 551 685 προφανῆ
603 608 891 664 κοινωνίαν
937 609 1139 678 αὐτῶν,
1194 607 1485 681 οἰκονομίᾳ
1546 606 1603 663 δὲ
1656 606 1942 683 πρεπούσῃ

300 700 581 779 ἀναφέρειν
610 697 716 760 ἕως
746 702 960 772 καιροῦ,

374 790 527 848 Ἐπεὶ
569 788 625 845 δὲ
654 788 874 861 ἐξῆλθεν
904 788 980 850 εἷς
1028 794 1308 865 προῦπτον
1351 792 1385 860 ἡ
1431 791 1678 865 αἱρετικὴ
1730 783 1948 843 άσέϐεια

303 880 394 936 διὰ
450 877 677 934 συνόδου
731 878 807 941 εἷς
862 878 1193 956 τοῦμφανές,
1227 876 1310 933 δεῖ
1367 880 1489 955 ἄρτι
1544 878 1635 933 καὶ
1694 880 1793 949 τὴν
1847 878 1945 945 σὴν

302 964 593 1026 εὐλάϐειαν
672 966 767 1024 σὺν
852 971 1013 1021 πᾶσιν
1105 965 1415 1042 ὀρθοδόξοις
1483 966 1945 1044 παρρησιάζεσθαι

304 1058 394 1115 διὰ
421 1062 517 1114 τοῦ
560 1060 634 1131 μή
668 1062 939 1113 κοινωνεῖν
969 1063 1085 1119 τοῖς
1109 1056 1448 1129 κακοδὸξοις,
1487 1056 1628 1132 μηδὲ
1666 1055 1945 1133 ἂναφέρειν

302 1148 424 1205 τινὰ
472 1152 578 1204 τῶν
644 1147 694 1202 ἐν
744 1151 813 1220 τῇ
884 1145 1265 1223 μοιχοσυνόδῳ
1328 1148 1671 1223 εὑρεθέντων,
1720 1146 1756 1216 ἢ
1808 1147 1947 1219 ὁμο-

306 1237 641 1315 φρονούντων
692 1237 850 1311 αύτῇ.
908 1236 1073 1312 Καίγε
1133 1235 1360 1306 δίκαιον,
1413 1236 1527 1292 ὅσιε
1575 1234 1773 1310 Πάτερ,
1813 1236 1949 1290 κατὰ

303 1328 479 1382 πάντα
528 1348 585 1381 σε
632 1322 759 1381 ὅντα
802 1326 1137 1403 φερωνύμως
1187 1325 1471 1406 Θεόφιλον,
1525 1323 1705 1398 φιλεῖν
1752 1324 1843 1379 καὶ
1891 1323 1944 1378 ἐν

305 1416 484 1490 τούτῳ
521 1416 612 1470 τὸν
665 1417 819 1473 Θεόν.
851 1415 1118 1491 Ἐχθροὺς
1169 1417 1273 1493 γὰρ
1314 1420 1447 1471 Θεοῦ
1479 1416 1507 1471 ὁ
1538 1414 1943 1487 Χρυσόστομος,

307 1507 371 1562 ού
405 1507 568 1580 μόνον
602 1507 728 1563 τοὺς
758 1505 1084 1579 αἱρετικοὺς,
1115 1503 1264 1561 ἀλλὰ
1300 1506 1390 1561 καὶ
1418 1504 1545 1569 τοὺς
1596 1509 1715 1567 τοῖς
1755 1502 1947 1559 τοιού-

303 1616 422 1657 τοις
454 1599 865 1662 κοινωνοῦντας,
903 1594 1114 1670 μεγάλῃ
1156 1594 1246 1648 καὶ
1293 1593 1483 1668 πολλῇ
1529 1598 1599 1669 τῇ
1642 1596 1796 1670 φωνῇ
1843 1591 1948 1647 ἀπ-

308 1686 565 1761 εφήνατο.
603 1682 700 1740 Καὶ
748 1681 833 1737 ἐὰν
885 1685 919 1752 ἡ
971 1684 1037 1752 σὴ
1089 1682 1381 1759 περῥὸτης
1420 1684 1517 1738 οὐκ
1554 1681 1946 1756 ἀσφαλίσηται,

304 1773 387 1835 τίς
446 1771 641 1827 λοιπόν
698 1773 1028 1841 σωθήσεται;
1078 1772 1167 1826 καὶ
1214 1770 1300 1826 ἐὰν
1353 1774 1381 1827 ὁ
1438 1769 1949 1845 παρρησιασάμενος

2054 605 2349 665 lummodo
2372 614 2627 682 apertam
2652 609 3389 667 illorum'cornmunionem
3417 612 3704 685 refugere,

2057 701 2114 753 et
2141 704 2482 772 congruenti
2510 700 2944 771 dispensatione
2975 701 3045 756 ad
3071 704 3304 772 tempus
3350 718 3702 759 commemo-

2060 802 2183 843 rare
2192 829 2204 841 .

2129 879 2201 931 At
2232 885 2547 949 postquam
2586 878 2855 951 impietas
2912 879 3182 936 haeretica
3235 897 3334 953 per
3399 883 3698 953 Synodum

2058 966 2118 1021 in
2152 971 2419 1037 apertum
2451 984 2610 1023 nunc
2658 968 2865 1040 erupit,
2897 969 3239 1041 religionem
3302 974 3465 1026 tuam
3525 987 3700 1042 opor-

2058 1058 2161 1124 tet,
2193 1072 2311 1111 una
2339 1072 2469 1111 cum
2492 1057 2715 1112 caeteris
2747 1056 3111 1125 orthodoxis,
3141 1058 3323 1115 libere
3372 1076 3561 1132 agere,
3594 1077 3701 1116 nec

2058 1146 2540 1202 communicando
2593 1162 2726 1201 cum
2776 1146 3082 1216 haereticis,
3117 1164 3222 1205 nec
3256 1148 3431 1205 ullius
3490 1166 3700 1206 nomen

2058 1237 2568 1292 commemorando
2598 1252 2663 1291 ex
2708 1236 2799 1307 iis,
2832 1237 2933 1308 qui
2986 1238 3438 1310 mmchosynodo
3504 1240 3706 1297 adfue-

2058 1328 2217 1389 runt,
2238 1328 2339 1379 aut
2363 1324 2461 1396 qui
2484 1324 2636 1380 idem
2663 1340 2794 1381 cum
2825 1341 2893 1381 ea
2914 1326 3194 1382 sentiunt.
3212 1328 3280 1382 Et
3306 1344 3537 1399 aequum
3558 1345 3698 1384 sane

2058 1419 2164 1483 est,
2196 1415 2360 1471 Pater
2422 1420 2638 1485 sancte,
2659 1424 2719 1471 ut
2776 1416 2876 1488 qui
2906 1418 2967 1473 in
3016 1419 3308 1486 omnibus,
3341 1435 3445 1490 pro
3476 1420 3698 1477 ratione

2058 1504 2314 1560 nominis
2379 1504 2486 1573 tui,
2517 1504 2876 1576 Theophilus
2936 1522 3020 1572 es,
3053 1507 3161 1562 hac
3229 1508 3407 1563 etiam
3449 1509 3507 1564 in
3539 1513 3700 1580 parte

2058 1594 2242 1650 Deum
2268 1609 2447 1651 ames.
2476 1594 2752 1650 Inimicos
2774 1596 2929 1652 enim
2952 1596 3055 1651 Dei
3076 1596 3547 1670 Chrysostomus,
3582 1615 3701 1656 non

2058 1682 2357 1738 haereticos
2412 1683 2625 1752 solum,
2650 1684 2749 1739 sed
2807 1700 3009 1740 omnes
3063 1685 3244 1742 etiam
3279 1687 3380 1758 qui
3412 1703 3543 1745 cum
3581 1687 3701 1744 illis

2059 1773 2512 1840 communicant,
2544 1790 2752 1847 magna
2781 1779 2837 1830 et
2892 1775 3048 1831 clara
3088 1792 3223 1833 voce
3280 1779 3700 1849 pronuntiavit.

308 1860 531 1935 δυνάμει
590 1865 749 1931 Θεοῦ,
808 1862 882 1924 ὡς
941 1862 1114 1935 ἅγιος,
1176 1860 1323 1931 πλὴν
1389 1860 1600 1922 τελείας
1666 1861 1945 1935 αἱρέσεως,

2072 1865 2217 1929 Quod
2253 1862 2367 1919 nisi
2387 1863 2716 1919 constantia
2740 1869 2843 1919 tua
2875 1864 3107 1921 stabilis
3128 1868 3704 1941 permaneat,ecquis

306 1948 428 2026 ἄρτι
492 1950 625 2023 μετᾶ
679 1951 777 2019 τὴν
838 1947 1040 2023 αἵρεσιν
1100 1949 1530 2020 ὑποστείληταιο
1590 1956 1707 2012 πῶς
1765 1946 1947 2024 ἕτερος

304 2040 580 2111 τολμήσει
612 2038 799 2114 γρύξαι
827 2059 841 2110 ;
874 2039 962 2093 καὶ
1012 2039 1100 2094 ἐᾶν
1155 2041 1218 2094 τὸ
1270 2037 1563 2112 μοναδικόν
1610 2040 1797 2115 τάγμα
1842 2040 1953 2113 οὐχ

305 2130 584 2205 ἡγήσηται
647 2128 823 2182 πάντα
881 2122 1174 2182 σκύϐαλα·
1239 2131 1573 2204 μοναστήρια
1630 2127 1804 2204 λέγω;
1860 2128 1952 2183 καὶ

305 2219 478 2273 πάντα
532 2217 598 2271 τὰ
651 2217 775 2291 περῖ
832 2217 969 2271 αὑτά
1014 2235 1027 2250 °
1087 2221 1204 2280 πῶς
1284 2217 1474 2280 λαϊκὸς
1554 2219 1951 2297 καταφρονήσει

308 2304 593 2383 γυναικός,
626 2303 847 2374 τέκνων,
877 2305 967 2360 καὶ
1005 2309 1113 2361 τῶν
1142 2304 1367 2378 ἅλλωνς

390 2481 479 2536 Διὸ
524 2483 951 2555 ὑπομιμνήσκω,
985 2483 1059 2545 ὡς
1107 2482 1407 2559 ἐλάχιστος
1455 2483 1689 2563 ἀδελφὸς
1735 2486 1823 2540 καὶ
1872 2487 1957 2540 τέ-

312 2592 462 2642 κνον,
496 2573 571 2645 μή
605 2573 942 2647 σιγήσωμεν,
972 2570 1064 2627 ἵνα
1098 2573 1173 2647 μὴ
1223 2576 1430 2649 κραυγὴ
1484 2572 1746 2647 Σοδόμων
1789 2576 1957 2653 γενώ-

318 2663 456 2733 μεθα
481 2680 495 2693 ’
527 2661 603 2734 μή
633 2662 945 2739 φεισώμεθα
973 2667 1082 2717 τῶν
1134 2661 1304 2734 κάτω,
1330 2662 1423 2719 ’ἕνα
1474 2665 1550 2738 μὴ
1599 2663 1955 2738 ἀπολέσωμεν

312 2750 382 2804 τὰ
438 2748 587 2805 ἄνω·
661 2752 736 2823 μὴ
800 2753 981 2824 θῶμεν
1036 2750 1329 2809 σκάνδαλον
1383 2758 1453 2827 τῇ
1513 2754 1808 2825 Ἐκκλησία
1864 2759 1960 2810 τοῦ

315 2843 471 2909 Θεοῦ,
504 2840 626 2910 ἥτις
669 2838 779 2897 ἐστὶ
830 2842 921 2896 καὶ
975 2840 1026 2897 ἐν
1076 2843 1251 2919 τρισὶν
1309 2841 1620 2919 ὄρθοδόξοις
1661 2847 1957 2920 ὁριζομένη

314 2929 454 2983 κατὰ
483 2928 617 2992 τοὺς
666 2930 895 3003 ἁγίους·
927 2928 1019 2986 ’ίνα
1070 2933 1146 3004 μή
1192 2936 1262 3007 τῇ
1309 2934 1577 3007 ἀποφάσει
1614 2939 1711 2989 τοῦ
1762 2936 1960 3009 Κυρίου

316 3015 822 3093 κπαδικασθῶμεν.
865 3019 960 3075 Καὶ
1020 3020 1081 3076 ού
1140 3018 1211 3076 δι’
1264 3022 1453 3078 ἑαυτόν
1512 3025 1682 3080 ταῦτά
1738 3046 1880 3101 φημι
1932 3026 1960 3080 ὃ

312 3107 527 3168 τάλαςο
567 3106 692 3182 ἐμοὶ
751 3109 877 3183 γὰρ,
909 3110 956 3164 εἰ
1008 3110 1096 3164 καὶ
1146 3110 1432 3186 τολμηρὸν
1491 3112 1683 3182 εἰπεῖν,
1750 3115 1841 3168 καὶ
1898 3115 1961 3169 τὸ

316 3197 604 3252 ἀποθανεῖν
663 3197 793 3273 ὑπὲρ
850 3205 949 3268 τῆς
1009 3198 1268 3270 ἀληθείας
1324 3199 1516 3276 κέρδος
1571 3204 1657 3257 καὶ
1693 3205 1840 3278 χαρᾶ
1868 3204 1958 3259 καὶ

2062 1953 2298 2008 demum
2351 1952 2818 2021 salvabitur?et,
2850 1954 2898 2009 si
2945 1954 2996 2010 is
3053 1956 3154 2027 qui
3210 1957 3309 2013 Dei
3366 1956 3599 2029 virtute,
3635 1962 3704 2014 ut

2061 2046 2324 2111 sanctus,
2357 2042 2629 2098 ﬁduciam
2663 2059 2775 2113 prs:
2807 2060 2869 2099 se
2896 2043 3030 2098 tulit
3059 2048 3192 2099 ante
3248 2046 3477 2116 plenam
3522 2047 3701 2103 haere-

2062 2132 2196 2200 sim,
2228 2146 2384 2186 nunc
2415 2136 2546 2203 post
2573 2132 2843 2187 haeresim
2874 2133 3162 2205 ignaviter
3210 2151 3273 2190 se
3330 2142 3518 2207 gerat;
3554 2152 3705 2207 quo-

2065 2219 2237 2275 modo
2267 2218 2414 2274 alius
2436 2219 2660 2276 hiscere
2690 2220 2971 2276 audebit?
2993 2224 3050 2276 et
3080 2221 3191 2277 nisi
3239 2223 3380 2277 ordo
3420 2222 3709 2280 monasti—

2066 2324 2169 2364 cus
2199 2307 2395 2364 omnia
2421 2308 2732 2365 arbitretur
2762 2313 2822 2365 ut
2843 2314 3135 2366 stercora:
3172 2311 3527 2368 monosteria
3557 2312 3709 2379 dico,

2066 2402 2124 2453 et
2152 2400 2359 2453 cuneta
2388 2412 2514 2468 quis
2536 2397 2596 2452 in
2623 2396 2707 2454 eis
2729 2401 2894 2465 sunt;
2920 2399 3214 2470 quomodo
3233 2399 3417 2457 laicus
3446 2416 3706 2469 uxorem,

2072 2485 2307 2554 liberos,
2335 2490 2392 2543 et
2421 2491 2628 2543 caetera
2654 2491 2983 2544 cantemnet
3003 2488 3032 2542 ?

2141 2578 2525 2645 Quamobrem
2555 2578 2866 2649 admoneo,
2900 2582 2964 2633 ut
2996 2579 3274 2635 minimus
3315 2580 3487 2636 frater
3543 2594 3609 2637 ac
3639 2580 3710 2635 {i-

2070 2664 2207 2735 lius,
2265 2682 2634 2738 nequaquam
2684 2667 2986 2737 sileamus,
3037 2684 3108 2723 ne
3148 2667 3368 2725 clamor
3426 2669 3708 2726 Sodomo-

2068 2766 2199 2810 rum
2259 2755 2486 2823 simus;
2537 2772 2901 2829 nequaquam
2959 2756 3206 2813 terrenis
3264 2774 3588 2829 parcamus,
3641 2774 3713 2815 ne

2071 2844 2328 2901 caelestia
2384 2844 2756 2914 amittamus;
2808 2861 3176 2918 nequaquam
3224 2848 3568 2902 scandalum
3618 2848 3716 2903 de-

2074 2951 2206 2990 mus
2263 2933 2535 2990 Ecclesiae
2610 2935 2734 3004 Dei,
2793 2950 2969 3007 quam
3019 2935 3107 2992 vel
3193 2944 3307 2992 tres
3385 2936 3713 3003 orthodoxi,

2072 3028 2409 3079 sanctorum
2460 3024 2747 3079 sententia
2799 3024 3192 3094 constiutunt,
3223 3040 3292 3080 ne
3337 3024 3565 3080 Domini
3621 3025 3719 3081 de-

2072 3119 2225 3168 creto
2282 3116 2753 3171 condemnemur.
2787 3115 2980 3185 Neque
3037 3115 3159 3171 haec
3215 3130 3316 3184 ego
3360 3115 3536 3169 miser
3587 3131 3717 3171 mea

2076 3219 2255 3259 causa
2282 3203 2440 3258 dico:
2484 3202 2627 3258 mihi
2659 3204 2840 3270 enim,
2870 3203 3101 3261 tametsi
3133 3204 3321 3259 audax
3345 3204 3567 3259 dictum
3602 3209 3713 3272 est,

320 3287 459 3356 ζωή.
510 3286 636 3360 Εῗγε
704 3285 1081 3362 δυναμωθείην
1158 3296 1280 3353 ταῖς
1368 3275 1537 3367 ἱεραῖς
1621 3275 1956 3368 προσευχαῖς

2072 3291 2155 3348 vel
2181 3291 2321 3347 mori
2358 3307 2459 3363 pro
2490 3291 2724 3348 veritate
2772 3292 3023 3359 lucrum,
3053 3292 3331 3363 gaudium
3384 3297 3443 3348 et
3496 3294 3632 3361 vita,
3665 3291 3715 3347 si

317 3375 684 3451 ὑμῶν·άλλὰ
737 3374 826 3432 διὰ
871 3379 969 3448 τὴν
1022 3379 1074 3434 ἐν
1129 3381 1263 3453 ἡμῖν
1303 3381 1516 3457 ἀγάπην
1568 3382 1802 3460 ἀρχαίαν
1868 3385 1959 3439 καὶ

314 3467 706 3539 πνευματικὴν,
736 3467 825 3521 καὶ
870 3467 933 3522 τὸ
976 3472 1135 3542 κοινῇ
1184 3471 1479 3550 συμφέρον.
1514 3470 1575 3527 Εἰ
1616 3473 1719 3547 γὰρ
1766 3473 1794 3527 ὁ
1835 3474 1960 3534 Υἱὸς

311 3559 412 3612 τοῦ
461 3560 596 3610 Θεοῦ
644 3557 672 3611 ὁ
722 3557 916 3630 Κύριος
964 3559 1051 3612 καὶ
1123 3562 1397 3632 Δεσπότης
1467 3562 1714 3616 ἁπάντων
1772 3562 1960 3617 ἑαυτὸν

316 3645 602 3718 ἀνήνεγκεν
666 3643 797 3718 ὑπερ
851 3645 1063 3701 πάντων
1101 3651 1181 3719 τῷ
1219 3651 1334 3721 Θεῷ
1376 3648 1467 3704 καὶ
1518 3649 1686 3725 Πατρὶ
1736 3652 1958 3705 θυσίαν·

314 3732 368 3788 τί
414 3733 706 3812 ὀφείλομεν
742 3735 928 3808 ἡμεῖς,
980 3734 1069 3790 καὶ
1118 3737 1282 3793 πόσον
1338 3738 1398 3793 ού
1449 3743 1839 3814 χρεωστοῦμεν
1892 3738 1963 3795 δι’

316 3822 482 3877 αὐτὸν
540 3824 728 3876 παθεῖν
777 3823 866 3878 καὶ
909 3824 1233 3897 ὑπομεῖναι;
1278 3828 1374 3881 Καί
1423 3850 1485 3905 γε
1538 3830 1590 3883 οἱ
1641 3831 1962 3900 μονάζοντες

320 3910 410 3967 καὶ
435 3914 503 3984 τῇ
536 3914 786 3987 ἀποταγῇ
825 3915 1215 3987 σταυρωθέντες
1238 3936 1250 3948 ·
1287 3915 1338 3970 οἵ
1377 3938 1440 3991 γε
1469 3915 1693 3986 ἀληθῶς
1734 3919 1823 3974 καὶ
1866 3918 1964 3974 οὐκ

320 4000 596 4070 ἀνονήτως
662 4001 1097 4075 ἁποταξάμενοι·
1150 4004 1264 4059 ἐπεὶ
1336 4008 1411 4078 μή
1480 4006 1585 4061 άπὸ
1634 4013 1731 4064 τοῦ
1776 4007 1964 4078 ἔξωθεν

321 4091 612 4163 σχήματος
665 4092 831 4162 μόνον
870 4085 983 4146 ἔστι
1022 4092 1221 4167 κρίνειν
1271 4095 1338 4148 τά
1384 4095 1713 4171 πράγματα·
1755 4098 1960 4153 πολλοὶ

320 4179 426 4255 γὰρ
458 4179 510 4233 οἱ
540 4185 858 4253 προσωπεῖα
909 4179 1291 4254 ὑποδυόμενοι,
1322 4185 1412 4238 καὶ
1472 4186 1573 4240 ούκ
1628 4182 1773 4251 ὄντες
1830 4186 1960 4261 ὅπερ

319 4268 628 4345 φαίνονται·
664 4268 793 4325 ἀλλ’
824 4269 882 4324 ἐκ
908 4275 1016 4325 τῶν
1057 4267 1226 4347 ἔργων
1257 4270 1517 4343 δηλονότι
1570 4275 1636 4330 τὰ
1679 4278 1960 4351 σχήματα.

318 4355 498 4411 Είοῦν
535 4358 769 4431 μοναχοί
802 4357 901 4411 εἰσί
936 4379 1077 4421 τινες
1128 4360 1178 4414 ἐν
1230 4367 1346 4425 τοῖς
1386 4368 1478 4416 νῦν
1524 4370 1759 4436 καιροῖς,
1794 4363 1963 4437 δειξα-

318 4465 499 4500 τωσαν
546 4445 634 4499 ἐπὶ
681 4451 790 4500 τῶν
830 4444 1027 4521 ἔργων.
1062 4450 1259 4526 Ἔργον
1312 4448 1369 4505 δὲ
1411 4457 1680 4527 μονα-χοῦ,
1716 4451 1858 4527 μηδὲ
1900 4457 1962 4509 τὸ

316 4534 490 4609 τυχὸν
538 4533 823 4609 ἂνὲχεσθαι
868 4541 1309 4611 καινοτομεῖσθαι
1358 4540 1420 4595 τὸ
1472 4540 1841 4617 Εύαγγὲλιον·
1871 4542 1962 4600 ’ἶνα

2078 3380 2251 3437 modo
2263 3380 2444 3435 sacris
2467 3381 2739 3451 precibus
2756 3381 2962 3437 vestris
2994 3382 3332 3450 conﬁrmer;
3357 3382 3455 3437 sed
3484 3385 3720 3453 propter

2067 3478 2310 3527 veterem
2341 3470 2491 3525 inter
2511 3485 2616 3526 nos
2672 3470 3039 3541 spiritualem
3080 3470 3474 3537 dilectionem,
3508 3473 3566 3526 et
3613 3486 3716 3541 pro

2070 3558 2368 3615 communi
2402 3557 2667 3613 utilitate.
2702 3559 2927 3614 Etenim
2976 3559 3026 3613 si
3074 3558 3175 3615 Dei
3200 3558 3378 3615 Filius
3427 3559 3709 3615 Dominus

2071 3665 2138 3707 ac
2158 3650 2486 3706 dominator
2515 3649 2914 3705 universorum
2946 3650 3202 3721 seipsum
3217 3648 3431 3705 obtulit
3462 3666 3564 3721 pro
3588 3665 3715 3707 om-

2072 3740 2245 3796 nibus
2276 3739 2392 3795 Deo
2423 3746 2477 3794 et
2521 3738 2676 3795 Patri
2707 3739 2978 3808 hostiam,
3013 3739 3154 3811 quid
3189 3739 3469 3795 debemus
3500 3755 3629 3807 nos,
3655 3741 3713 3794 et

2070 3832 2351 3901 quantum
2382 3842 2484 3899 pro
2515 3844 2581 3884 eo
2612 3828 2834 3900 perpeti
2883 3844 2949 3884 ac
3002 3828 3256 3899 perferre
3323 3844 3429 3883 nos
3486 3844 3716 3897 aequum

2069 3922 2178 3985 est,
2200 3919 2518 3974 monachos
2536 3918 2854 3989 praesertim
2884 3922 2940 3973 et
2969 3916 3401 3973 renuntiatione
3431 3917 3713 3987 ipsacru-

2072 4006 2315 4061 ciﬁxos?
2353 4005 2600 4061 simodo
2632 4020 2828 4060 revera
2856 4009 2913 4059 et
2962 4020 3075 4059 non
3127 4005 3426 4061 incassum
3489 4021 3710 4061 renun-

2071 4095 2347 4151 tiavimus
2378 4111 2390 4149 :
2427 4092 2893 4164 quandoquidem
2951 4109 3064 4147 non
3112 4094 3184 4147 ab
3233 4099 3462 4150 externa
3517 4093 3709 4150 solum

2074 4185 2266 4255 specie
2295 4180 2604 4253 dijudicari
2638 4197 2730 4235 res
2762 4180 3003 4249 debent;
3038 4182 3205 4237 multi
3237 4182 3391 4237 enim
3434 4198 3715 4253 personas

2073 4273 2357 4341 induunt,
2391 4287 2497 4326 nec
2527 4268 2747 4325 suntid
2778 4269 2933 4340 quod
2984 4269 3254 4325 videntur
3282 4286 3410 4326 esse
3446 4287 3459 4325 :
3496 4270 3597 4325 sed
3645 4270 3716 4326 ab

2074 4363 2349 4432 operibus
2389 4362 2527 4432 ipsns
2558 4357 2782 4429 species
2842 4366 3096 4417 externa.
3130 4359 3190 4414 Si
3245 4375 3381 4431 ergo
3440 4359 3715 4416 monachi

2074 4450 2177 4505 ulli
2205 4454 2342 4506 sunt
2374 4449 2467 4504 bis
2499 4449 2885 4520 temporibus,
2906 4448 3073 4503 factis
3094 4449 3421 4505 ostendant.
3447 4448 3715 4505 Monachi

2073 4545 2267 4599 autem
2300 4556 2516 4596 munus
2548 4544 2655 4606 est,
2672 4543 2732 4594 ut
2764 4554 2867 4594 nec
2899 4538 3189 4595 tantillum
3220 4539 3279 4595 in
3302 4537 3718 4611 Evangelioiu—

320 4624 400 4696 μή
457 4620 761 4699 ὑπόδειγμα
815 4630 934 4688 τοῖς
997 4623 1213 4689 λαϊκοῖς
1272 4630 1658 4703 προτιθέμενοι
1707 4632 1956 4706 αἱρέσεως

2073 4631 2273 4688 novari
2314 4630 2484 4699 sinat,
2524 4644 2596 4684 ne
2634 4628 2965 4700 exemplum
3003 4626 3169 4685 laicis
3211 4629 3499 4685 haereseos
3539 4634 3718 4701 atque

316 4711 411 4767 καὶ
459 4713 735 4788 αἱρετικῆς
793 4716 1206 4790 συγ-κοινωνίας,
1252 4723 1352 4788 τῆς
1412 4720 1542 4793 ὑπὲρ
1596 4720 1772 4777 αὐτῶν
1814 4723 1969 4777 ἀπω-

319 4799 470 4863 λείας
502 4801 666 4877 λόγον
700 4802 951 4879 ὑφέξωσι.
986 4804 1136 4860 Πολύ
1166 4827 1232 4878 με
1264 4805 1649 4883 ληρολογῆσαι
1687 4812 1785 4881 τήν
1839 4812 1966 4867 ὑπό-

318 4894 466 4945 θεσιν
504 4894 538 4960 ἡ
573 4891 712 4966 ἄκρα
738 4895 1199 4970 ταπεινοφροσύνῃ
1240 4903 1339 4965 τῆς
1388 4898 1700 4970 ἁγιωσύνης
1750 4922 1844 4955 σου
1894 4904 1969 4967 ὡς

318 4979 598 5058 δεχομένη
657 4982 944 5052 πεποίηκε.
1006 4985 1081 5036 Σὺ
1134 4981 1215 5056 δὲ,
1273 4984 1317 5038 ὦ
1395 4986 1593 5062 Πάτερ,
1654 4987 1820 5065 εὔχου
1877 4991 1965 5044 καὶ

321 5069 635 5144 ὑπερεύχου
699 5071 833 5146 ὑπὲρ
882 5074 1080 5147 σαθροῦ
1136 5073 1225 5127 καὶ
1284 5075 1638 5147 ἀμαρτωλοῦ,
1679 5076 1807 5133 ἀλλ’
1874 5078 1965 5134 οῦν

316 5158 548 5233 ἐραστοῦ
590 5180 685 5214 σου
752 5159 833 5215 ὅτι
878 5160 1133 5235 μάλιστα.
1184 5166 1240 5217 ‘0
1301 5166 1821 5241 συμφρουρούμενός
1871 5189 1964 5242 μοι

316 5247 581 5313 ὡσαύτως
643 5250 733 5305 καὶ
802 5250 1211 5327 προσαγορεύει,
1264 5254 1352 5307 καὶ
1435 5251 1608 5310 δίεταί
1691 5276 1787 5312 σου
1856 5263 1963 5313 τῶν

317 5338 561 5393 ἱκεσιῶν.

699 5432 789 5484 Μ’.
818 5457 887 5471 -
916 5428 1312 5503 Ναυκρατίῳ
1351 5430 1576 5506 τέκνῳ.
1790 5438 1965 5512 [ρια’.]

2076 4720 2359 4775 haereticis
2374 4716 2799 4774 communionis
2814 4718 3155 4789 praebentes,
3174 4717 3455 4774 rationem
3471 4715 3721 4773 reddant

2076 4809 2146 4865 de
2175 4807 2410 4863 illorum
2426 4806 2769 4879 perditione.
2785 4804 3060 4862 Pluribus
3081 4822 3174 4862 me
3206 4806 3438 4878 nugari,
3462 4810 3517 4861 et
3540 4822 3720 4878 argu-

2077 4906 2333 4955 mentum
2346 4897 2456 4952 hoc
2484 4895 2774 4968 persequi,
2791 4896 2978 4967 coegit
2999 4912 3233 4951 summa
3254 4894 3556 4951 humilitas
3579 4902 3716 4952 san-

2075 4989 2290 5044 ctitatis
2318 4992 2527 5052 ture,ut
2556 5000 2686 5056 quae
2718 4985 2776 5039 id
2810 4986 3049 5041 minime
3099 4985 3409 5056 improbat.
3440 4985 3526 5040 Tu
3580 5002 3713 5041 vero

2075 5095 2197 5144 ora,
2230 5077 2412 5143 Pater,
2444 5080 2501 5131 et
2532 5076 2840 5146 deprecare
2863 5092 2965 5146 pro
2994 5075 3283 5130 imbecillo
3306 5078 3362 5129 et
3392 5080 3716 5146 peccatore,

2075 5169 2174 5223 sed
2195 5168 2293 5238 qui
2309 5172 2363 5222 te
2382 5180 2576 5221 revera
2594 5162 2917 5235 plurimum
2951 5173 3125 5219 amat.
3147 5163 3533 5235 Concaptivus
3552 5180 3719 5220 meus

2074 5256 2347 5313 similiter
2384 5261 2439 5312 et
2476 5259 2531 5311 te
2579 5252 2818 5322 salutat,
2860 5257 2916 5309 et
2975 5269 3172 5324 preces
3246 5259 3380 5309 tuas
3436 5255 3716 5326 exposcit.

2527 5439 2636 5494 XL.
2667 5471 2738 5481 --
2775 5440 3070 5495 Naucratio
3101 5438 3236 5508 ﬁlio.

903 5528 1209 5591 Respondet
1237 5530 1301 5580 ad
1333 5532 1576 5594 quaedam
1607 5535 1933 5599 interrogata
1962 5550 2024 5586 ac
2052 5539 2319 5602 praecipue
2348 5537 2413 5586 de
2444 5537 2707 5599 baptismo
2736 5536 3129 5585 haereticorum.

399 5603 569 5660 Παλιν
630 5607 786 5682 ὲτέρα
842 5629 929 5662 σοι
1003 5608 1243 5684 φυλακὴ,
1306 5612 1491 5667 τεκνον
1578 5616 1961 5690 ἠγαπημένον,

325 5690 476 5750 ἄλλα
519 5695 611 5750 καὶ
660 5695 841 5772 πάλιν,
879 5695 1058 5771 στήλη
1110 5699 1205 5773 μὲν
1253 5704 1361 5757 τῶν
1391 5698 1721 5779 δυσωνύμων
1750 5705 1961 5780 αἱρετι-

2145 5618 2308 5674 Alter
2338 5617 2441 5672 tibi
2474 5618 2687 5673 iterum
2712 5632 2926 5682 carcer,
2959 5615 3165 5670 dilecte
3200 5612 3280 5669 ﬁli
3309 5629 3323 5677 ;
3357 5612 3459 5667 sed
3505 5616 3564 5667 et
3620 5612 3719 5668 in-

2074 5705 2261 5765 famis:
2299 5715 2503 5765 rursus
2531 5710 2668 5763 nota
2697 5705 2940 5762 infausti
2970 5702 3223 5761 nominis
3255 5699 3576 5769 haereticis;
3607 5684 3716 5759 tibi
