4084 6284
392 349 540 410 1051

1627 347 1689 408 S.
1735 348 1838 406 ΤΗ
1849 343 2136 407 EODORI
2185 333 2550 401 STUDITAE.

3622 324 3760 384 1052

387 498 525 538 vero
556 480 983 537 incrementum
1015 480 1379 550 praemiorum
1415 477 1819 551 bonorumque
1860 477 2026 534 coele-

2156 473 2246 525 ιῶν
2275 487 2288 500 ο
2323 465 2412 521 σοὶ
2445 464 2504 520 δὲ
2531 464 2818 538 προσθήκη
2875 455 3058 515 ἄθλων
3109 477 3165 511 τε
3210 453 3302 510 καὶ
3341 454 3565 510 ἐπαίνων
3613 456 3766 530 οὐρα-

391 571 593 627 stium.
625 569 906 634 Quocirca
937 586 1034 640 pro
1066 569 1182 624 illis
1203 569 1440 639 quidem
1492 583 1722 639 gemere
1777 583 1843 624 ac
1893 567 2028 623 ﬂere

391 659 536 716 mihi
569 658 846 731 suppetit,
863 674 966 730 pro
999 666 1050 713 te
1077 662 1274 713 autem
1307 657 1485 712 laetari
1516 665 1570 712 et
1599 657 1816 729 gratias
1839 673 2031 728 agere,

393 752 602 805 Annon
631 747 929 820 acceptius
961 746 1057 815 sit,
1103 752 1176 814 te,
1240 749 1444 802 iterata
1497 746 1783 814 custodia,
1815 747 2032 802 factum

391 855 519 896 esse
547 836 706 893 velut
727 853 933 893 aurum
967 837 1023 891 in
1057 837 1285 892 fornace
1318 837 1407 893 bis
1441 844 1822 906 expurgatum
1846 835 2032 907 ?Ergo

393 925 594 982 firmas
625 924 846 980 radices
885 939 1010 994 age,
1044 939 1183 993 puer
1225 939 1420 990 sance,
1450 928 1621 995 teque
1660 923 1879 979 auctori
1925 923 2035 978 Do-

394 1015 554 1072 mino
587 1033 799 1088 purum
835 1021 892 1071 et
927 1016 1177 1086 probum
1237 1016 1298 1072 in
1353 1016 1628 1070 omnibus
1677 1015 1904 1081 exhibe,
1937 1031 2035 1070 vas

395 1105 537 1161 utile
570 1105 909 1177 prorsus,ad
929 1121 1100 1160 omne
1135 1122 1278 1172 opus
1306 1106 1523 1161 bonum
1551 1105 2034 1176 paratus.Magno

393 1194 586 1264 itaque
616 1195 702 1249 fer
733 1194 928 1249 animo
962 1194 1261 1250 custodem
1287 1193 1535 1250 alterum
1563 1195 1658 1265 qui
1690 1194 1794 1249 tibi
1828 1198 2037 1264 praeter

396 1299 618 1339 morem
660 1283 832 1338 datus
863 1289 966 1338 est.
991 1282 1116 1339 Non
1140 1284 1294 1338 enim
1319 1283 1684 1354 praepositum
1717 1282 1805 1338 vel
1835 1298 2035 1338 sacer-

397 1371 591 1428 dotem
613 1371 858 1426 dixerim
889 1387 902 1426 :
939 1371 1225 1442 siquidem
1260 1370 1453 1426 nullus
1480 1371 1578 1427 Dei
1599 1371 1882 1438 minister,
1915 1370 2036 1425 sal-

395 1462 512 1516 tem
548 1459 891 1525 monachus,
924 1459 1273 1514 militaribus
1293 1459 1498 1514 ofﬁciis
1528 1460 1909 1528 ministraret,
1934 1458 2038 1514 sed

400 1564 585 1621 neque
613 1564 744 1605 cum
760 1549 845 1605 sic
861 1548 1238 1604 ministrante
1254 1549 1730 1604 communicaret.
1755 1548 2037 1602 Caeterum

397 1639 668 1695 renuntia
693 1637 838 1693 mihi
884 1639 1176 1709 quomodo
1229 1642 1282 1693 te
1331 1638 2037 1694 tractet:commodiorem

401 1728 558 1784 enim
584 1744 713 1784 esse
745 1731 905 1798 puto,
940 1743 1116 1798 quam
1162 1728 1319 1798 prios
1368 1727 1496 1784 fuit.
1529 1728 1662 1783 Sive
1699 1731 1892 1784 autem
1936 1727 2039 1782 hoc

396 1819 566 1873 modo
596 1833 658 1873 se
687 1833 778 1873 res
826 1817 1018 1885 habet,
1043 1817 1163 1872 sive
1221 1816 1406 1882 aliter,
1440 1825 1498 1873 tu
1550 1821 1765 1884 tamen,
1798 1817 1879 1871 ﬁli
1934 1817 2035 1884 mi,
2069 1853 2115 1917 Β

398 1906 533 1962 forti
563 1905 646 1962 sis
676 1906 1049 1976 animmque
1083 1907 1270 1962 tristia
1301 1907 1600 1978 sunt,spei
1631 1907 1794 1962 bona:
1826 1904 2037 1977 gaudio

398 1994 653 2050 allevans
713 2010 727 2049 :
787 1998 844 2050 et
891 1994 1206 2050 solitudine
1250 2011 1516 2066 quaerens
1571 2000 1628 2051 et
1693 2010 2038 2067 comparans

398 2084 502 2140 tibi
532 2083 1043 2156 aaquanimitatem,
1076 2085 1215 2140 dum
1247 2087 1318 2140 ad
1339 2087 1517 2141 Deum
1570 2102 1772 2153 unum,
1825 2085 1926 2156 qui
1983 2089 2039 2139 te

399 2173 681 2241 intuetur,
697 2171 898 2228 oculos
919 2174 1299 2245 animumque
1316 2176 1600 2231 convertis
1625 2191 1639 2230 :
1664 2175 2041 2247 cogitationes

390 2261 701 2329 furfureas,
734 2278 863 2333 qua
913 2279 947 2317 a
975 2261 1326 2318 zizaniorum
1363 2268 1556 2319 satore
1585 2264 1901 2319 identidem
1948 2263 2038 2317 in-

386 2350 694 2421 jiciuntur,
727 2351 1058 2422 despiciens
1108 2368 1174 2407 ac
1218 2351 1558 2422 dispellens.
1593 2355 1729 2418 Quae
1780 2357 1978 2409 autem
2007 2369 2040 2407 a

401 2454 492 2494 me
507 2438 840 2510 postulasti,
858 2445 920 2495 ut
935 2440 1004 2495 de
1021 2439 1341 2496 haresibus
1354 2445 1410 2497 et
1421 2441 1724 2513 baptismis
1736 2440 2038 2514 sigillatim

396 2529 810 2600 responderem
827 2571 840 2598 ,
866 2545 934 2585 ea
975 2529 1232 2602 epistolae
1254 2533 1494 2587 modum
1525 2533 1808 2588 excedunt
1833 2548 1926 2586 :ac
1947 2548 2044 2587 su-

398 2630 821 2686 pervacaneum
845 2625 932 2672 est
952 2633 1157 2673 rursus
1175 2634 1474 2674 recensere
1494 2637 1622 2691 quas
1653 2619 1888 2675 divinus
1908 2619 2040 2689 Epi-

402 2703 655 2775 phanius
688 2705 910 2760 invenit
955 2713 1129 2778 atque
1177 2708 1255 2762 ita
1301 2710 1645 2780 conscripsit
1673 2715 1739 2765 ut
1767 2725 1934 2765 nemo
1974 2725 2043 2763 ex

400 2794 674 2849 Patribus
717 2793 947 2850 melius.
982 2796 1125 2864 Lege
1153 2796 1335 2868 igitur
1365 2814 1594 2853 sacrum
1636 2799 1707 2854 de
1743 2798 1869 2854 istis
1918 2799 2044 2868 ejus

397 2881 643 2948 librum,
669 2886 725 2938 et
789 2900 918 2955 quae
981 2885 1132 2941 scire
1190 2886 1510 2953 desideras,
1542 2887 1661 2943 illic
1708 2903 2042 2960 cognosces.

405 2971 570 3027 Hunc
592 2976 783 3028 autem
815 2972 920 3028 tibi
954 2973 1013 3028 in
1044 2989 1254 3031 manus
1289 2977 1475 3032 tradet
1513 2977 1781 3049 egregius
1829 2978 2046 3050 Eupre-

407 3076 635 3133 planus.

475 3153 556 3208 De
586 3152 897 3222 baptismis
947 3169 1118 3225 porro
1168 3129 1403 3212 brevius
1449 3157 1830 3229 respondebo.
1855 3157 2042 3214 Trifa-

2137 559 2290 616 νίων.
2325 557 2422 611 Διά
2475 558 2636 609 τοῦτο
2699 552 2829 624 ὑπὲρ
2893 549 2987 622 μὲν
3043 546 3260 602 ἐκείνων
3315 545 3377 600 τὸ
3431 545 3623 599 στένειν
3678 565 3764 617 μοι

2134 649 2225 706 καὶ
2275 645 2556 721 δακρύειν·
2593 643 2724 716 ὑπὲρ
2786 639 2843 694 δὲ
2901 641 3017 704 σοῦ,
3044 636 3107 692 τὸ
3165 634 3377 711 χαίρειν
3428 635 3515 688 καὶ
3548 633 3765 712 εὐχαρι-

2137 742 2298 796 στεῖν.
2355 739 2421 793 Ἠ
2483 732 2610 807 οὐχὶ
2679 727 3046 802 δοκιμώτερόν
3124 724 3233 779 ἐστί
3289 745 3348 778 σε
3404 724 3643 798 γενέσθαι
3698 728 3762 796 τῇ

2140 825 2598 904 μεταφρουρήσει,
2651 820 2888 892 καθάπερ
2950 815 3150 891 χρυσὸν
3211 812 3608 886 διπυρούμενον
3670 813 3766 866 ὑπὸ

2138 901 2410 993 χωνείας;
2443 908 2814 985 Εὐριζωθείης
2867 905 2980 978 οὖν,
3013 906 3057 959 ὦ
3110 903 3220 977 ἱερὶ
3267 907 3385 970 παῖ,
3420 901 3508 956 καὶ
3553 901 3768 993 όφθείης

2136 985 2216 1080 τνῴ
2248 1005 2492 1077 Δεσπότῃ
2526 1001 2713 1076 Κυρίῳ
2745 996 2794 1052 ἐν
2827 1001 2956 1050 πᾶσι
3015 994 3243 1064 καθαρὸς
3302 990 3392 1046 καὶ
3452 985 3766 1059 ἀκίϐδηλος,

2137 1101 2324 1157 σκεῦος
2381 1090 2551 1153 ὅντως
2611 1086 2932 1163 εὔχρηστον,
2988 1083 3412 1157 κατηρτισμένος
3468 1081 3602 1152 πρὸς
3670 1084 3768 1134 πᾶν

2137 1183 2294 1261 ἔργον
2347 1181 2570 1259 ἀγαθόν.
2604 1177 2741 1252 Φέρε
2789 1173 2881 1231 οὖν
2934 1170 3284 1248 μακροθυμίᾳ
3349 1170 3408 1224 τὸ
3467 1170 3636 1261 ἄηθες
3679 1173 3769 1261 τοῦ

2140 1254 2662 1346 δευτέρου-φύλακός
2700 1287 2834 1322 σου·
2870 1263 2932 1319 οὐ
2989 1263 3092 1338 γὰρ
3147 1261 3480 1337 ἡγουμένου,
3531 1254 3651 1313 οὐδὲ
3698 1259 3772 1312 ἱε-

2142 1363 2275 1440 ρέως
2325 1360 2589 1437 λέγοιμι*
2632 1353 2809 1417 οὐδεὶς
2871 1355 2970 1429 γὰρ
3021 1356 3155 1408 Θεοῦ
3212 1347 3531 1424 λειτουργὸς
3576 1349 3662 1401 καί
3717 1369 3774 1420 γε

2145 1434 2439 1528 μοναστὴς,
2489 1449 2899 1523 στρατιωτικοῖς
2948 1437 3133 1517 ἔργοις
3186 1441 3606 1514 ὑπουργήσειεν,
3635 1434 3776 1528 ἀλλᾶ

2145 1523 2252 1618 μὴν
2303 1538 2428 1596 οὐδὲ
2468 1536 2548 1610 τῷ
2597 1534 2768 1594 οὕτως
2810 1534 3175 1606 ὑπουργοῦντι
3220 1529 3595 1598 κοινωνήσειε,
3628 1523 3772 1593 Πλὴν

2143 1613 2395 1702 δήλωσὸν
2429 1649 2522 1701 μοι
2549 1625 2698 1686 ὅπως
2731 1645 2787 1678 σε
2817 1625 3023 1696 κρατεῖ.
3060 1622 3212 1674 Δοκῶ
3242 1618 3345 1692 γὰρ
3379 1613 3773 1690 διαφορώτερον

2142 1722 2274 1777 εἶναι
2303 1723 2400 1774 τοῦ
2431 1715 2718 1793 προτέρου.
2750 1711 2904 1769 Ἀλλ’
2937 1709 2988 1766 εἴ
3027 1730 3087 1784 γε
3134 1709 3330 1777 οὕτως,
3379 1705 3415 1776 ἢ
3457 1705 3652 1779 ἑτέρως
3673 1722 3686 1736 ·
3717 1703 3776 1758 σὺ

2145 1809 2202 1867 δὲ
2232 1812 2408 1884 ὅμως,
2446 1808 2630 1863 τέκνον
2686 1825 2812 1878 μου,
2843 1803 3001 1871 στῆθι
3043 1798 3297 1876 γενναίως
3319 1813 3336 1829 ⁶
3368 1795 3672 1871 εὖμαρίζων
3717 1795 3781 1848 τὰ

2149 1898 2372 1973 λυπηρὰ
2410 1903 2479 1972 τῇ
2526 1901 2633 1951 τῶν
2679 1889 2916 1949 ἐλπίδων
2965 1887 3307 1966 περιχαρείᾳ,
3355 1885 3447 1941 καὶ
3508 1884 3782 1973 κατακτώ-

2152 1971 2314 2065 μενος
2369 1971 2542 2058 ἑαυτῷ
2595 1985 2696 2052 τήν
2769 1983 3026 2054 μόνωσιν,
3082 1976 3336 2038 ἀπαθείας
3403 1974 3640 2049 εὕρεσιν·
3699 1971 3782 2027 διὰ

2145 2059 2245 2148 τῆς
2277 2078 2365 2133 ἐπὶ
2400 2077 2563 2150 μόνον
2606 2074 2698 2129 τὸν
2749 2069 2962 2146 ὁρῶντά
3018 2089 3074 2123 σε
3131 2067 3260 2123 Θεὸν
3318 2059 3678 2137 ἂποϐλέψεώς
3728 2081 3782 2114 τε

2149 2169 2238 2224 καὶ
2272 2169 2508 2243 σχέσεως
2534 2182 2546 2195 ·
2595 2157 2939 2230 σαυϐαλίζων
2976 2158 3066 2213 καὶ
3115 2155 3385 2229 λικμίζων
3430 2152 3561 2214 τοὺς
3611 2150 3780 2206 ἔπεισε

2151 2259 2448 2332 αγομένους
2479 2249 2786 2329 ἀχυρώδεις
2818 2245 3123 2323 λογισμοὺς
3170 2245 3316 2320 παρᾶ
3361 2247 3460 2298 τοῦ
3498 2246 3609 2297 τῶν
3644 2245 3780 2310 ζιζα-

2147 2347 2272 2404 νίων
2328 2346 2573 2418 σπορέως
2620 2340 2892 2396 ἑκάστοτε.
2937 2342 3004 2395 Ἃ
3053 2334 3109 2390 δὲ
3165 2334 3505 2404 ἒπεζήτησας
3566 2332 3784 2403 ἀποκρι-

2149 2435 2304 2506 θῆναί
2364 2455 2427 2508 με
2467 2431 2590 2506 περί
2644 2451 2702 2485 τε
2760 2432 2868 2485 τῶν
2927 2423 3181 2500 αἱρέσεων
3239 2423 3329 2478 καὶ
3391 2418 3779 2496 βαπτισμάτων

2148 2527 2265 2582 κατ’
2305 2506 2457 2594 ἔπος,
2508 2519 2803 2584 ἐπιστολῆς
2852 2512 3161 2592 ὑπερϐαίνει
3215 2509 3448 2586 μέτρον
3499 2507 3590 2564 καί
3623 2506 3780 2563 πάλιν

2149 2611 2555 2689 περιττολογεῖν
2592 2606 2705 2665 ἔστι
2755 2612 2924 2664 ταῦτα
2967 2605 3315 2682 ἀφηγεῖσθαι,
3365 2600 3398 2655 ἆ
3446 2601 3476 2655 ὁ
3528 2597 3784 2674 θεοφόρος

2153 2687 2460 2780 Ἐπιφάνιος
2487 2702 2662 2773 ἐξεῦρε
2689 2697 2779 2752 καὶ
2830 2693 3115 2770 διέγραψεν
3167 2691 3240 2754 ὡς
3301 2687 3480 2780 οὐδεὶς
3527 2691 3641 2780 τῶν
3684 2690 3787 2780 lla--

2150 2773 2338 2868 τέρων.
2370 2794 2600 2864 Ἔντυχε
2647 2788 2740 2842 οὖν
2787 2789 2856 2860 τῇ
2904 2785 3026 2858 περὶ
3088 2781 3263 2836 αὐτῶν
3321 2779 3441 2850 ἱερᾷ
3497 2775 3663 2830 αὐτοῦ
3709 2773 3792 2848 βί-

2153 2862 2295 2957 ϐλῳ,
2335 2862 2573 2937 κάκεῖσε-
2611 2875 2965 2952 διαγνώσειας
3013 2873 3048 2928 ἆ
3099 2872 3284 2944 μαθεῖν
3333 2865 3564 2944 ἐφίεσαι.
3624 2862 3793 2937 Παρά-

2155 2952 2284 3049 σχοι
2315 2969 2372 3026 δὲ
2403 2969 2570 3038 αὐτὴν
2601 2966 2653 3023 ἐν
2673 2963 2831 3042 χερσί
2863 2983 2959 3018 σου
2989 2961 3018 3016 ὁ
3047 2957 3215 3020 καλὸς
3248 2952 3643 3030 Εὐπρεπιανός.

2226 3152 2302 3209 Τὸ
2334 3147 2392 3204 δὲ
2421 3151 2526 3204 τῶν
2582 3140 2994 3220 βαπτιζομένων
3047 3136 3458 3208 συντομώτερον
3495 3129 3793 3204 ἀποκριθή-

408 3241 554 3299 riam
577 3240 700 3296 haec
729 3242 1142 3298 commentatio
1174 3244 1469 3302 dividitur.
1504 3220 1876 3317 Baptizantur
1891 3247 2044 3303 enim

2156 3258 2347 3314 σομαι.
2406 3239 2582 3312 Τριχῇ
2643 3231 2898 3308 διῄρηται
2954 3228 3017 3283 τὸ
3083 3227 3366 3317 θεώρημα.
3414 3220 3795 3317 ’Βαπτίςονται

405 3328 810 3399 Marcionistae,
833 3331 1285 3404 Tascodrugitas,
1328 3333 1652 3406 Manichaei,
1685 3341 1741 3392 et
1769 3335 1869 3408 qui
1895 3337 2048 3406 ejus-

409 3422 542 3476 dem
575 3420 799 3476 ordinis
831 3436 1016 3491 usque
1054 3424 1124 3479 ad
1159 3423 1768 3495 Melchisedechianos,
1802 3429 2051 3484 haereses

413 3525 653 3565 numero
683 3509 888 3580 viginti
918 3511 1197 3583 quinque.
1234 3514 1604 3586 Inunguntur
1647 3521 1839 3573 autem
1889 3533 2052 3574 sacro

413 3596 734 3652 chrismate
779 3599 1427 3672 Tessaresca‘decatite,
1473 3604 1795 3671 Novatiani,
1837 3606 2050 3675 Ariani,

415 3686 832 3755 Macedoniani,
900 3689 1330 3761 Apolinaristm,
1390 3693 1565 3748 simul
1608 3696 1886 3766 quinque.
1947 3694 2053 3758 Qui

414 3791 548 3831 vero
580 3790 765 3846 neque
794 3776 1184 3848 baptizantur,
1209 3795 1396 3851 neque
1416 3782 1803 3855 inunguatur,
1835 3785 1935 3840 sed
1964 3800 2055 3840 so-

415 3864 715 3920 lummodo
734 3863 999 3921 haeresim
1018 3872 1140 3922 tum
1163 3871 1480 3941 propriam,
1497 3879 1615 3927 tum
1631 3887 1864 3928 omnem
1879 3872 2053 3929 aliam

413 3955 933 4025 anathematizant,
985 3957 1297 4027 Meletiani,
1347 3963 1698 4030 Nestoriani,
1742 3964 2056 4036 Eutychia-

413 4043 601 4112 nistaa,
632 4052 684 4098 et
717 4045 837 4114 qui,
858 4061 1041 4116 usque
1071 4049 1143 4102 ad
1178 4049 1442 4106 haeresim
1475 4067 1599 4122 quas
1629 4052 1760 4108 istic
1781 4058 1890 4120 est,
1916 4059 2056 4109 sunt

411 4131 632 4187 ordinis
687 4134 972 4204 ejusdem,
1004 4135 1159 4192 haud
1223 4140 1514 4195 numerati
1563 4157 1597 4196 a
1644 4158 1737 4198 me
1770 4145 2056 4212 modo,eo

412 4222 564 4293 quod
597 4222 874 4293 Acephali
930 4225 1049 4279 sint
1093 4227 1461 4300 multiplices,
1492 4234 1617 4285 tum
1649 4232 1825 4286 etiam
1858 4249 1929 4288 ne
1959 4249 2059 4287 ex-

416 4317 636 4366 crescat
666 4311 933 4381 epistola.
966 4314 1129 4378 Quod
1165 4323 1360 4372 autem
1393 4319 1614 4387 dixisti,
1638 4335 1918 4376 canonem
1955 4321 2060 4376 mi-

420 4399 582 4453 nime
612 4399 1005 4472 destinguere,
1038 4403 1140 4458 sed
1179 4405 1474 4463 deﬁnitiva
1536 4411 1933 4480 pronuntiare,
1959 4426 2058 4466 eos

417 4488 520 4558 qui
544 4487 616 4543 ab
639 4487 930 4546 haereticis
948 4492 1201 4548 ordinati
1227 4499 1325 4550 aut
1347 4497 1622 4568 baptizati
1645 4503 1806 4570 sunt,
1823 4516 1927 4556 nec
1949 4499 2062 4556 cle-

2164 3309 2256 3402 μὶν
2327 3309 2457 3404 γὰρ.
2500 3309 2914 3394 Βόαρκιονισταὶ,
2963 3310 3430 3404 Τασκορδιουργοὶ
3632 3313 3795 3404 Μανι-

2161 3394 2314 3494 χαῖοι
2337 3394 2353 3449 ί
2375 3394 2466 3470 καὶ
2497 3414 2548 3468 οἱ
2581 3412 2865 3487 σύστοιχοι
2897 3407 3074 3461 αὐτῶν
3119 3403 3259 3476 ὁμοὸ
3285 3397 3393 3461 ἕως
3439 3402 3551 3453 τῶν
3600 3394 3797 3494 Ἀμελχι-

2160 3484 2468 3574 σεδεκιτῶν,
2520 3502 2751 3577 αἱρέσεις
2829 3495 3001 3553 εἴκοσι
3064 3492 3240 3549 πέντε.
3289 3489 3546 3564 Χρίονται
3615 3484 3671 3540 δὲ
3722 3487 3794 3555 τῷ

2161 3598 2302 3672 ἁγίῳ
2407 3573 2590 3668 μόρῳ-
2670 3581 3338 3662 Τεσσαρεσκαιδεκατῖται,
3437 3573 3793 3640 Ναυατιανοὶ,

2163 3664 2494 3760 ’Ᾱρειανονὶί
2538 3664 2971 3746 νΜακεδονιανοὶ,
3054 3666 3575 3745 Ἀπολιναριασταὶ,
3662 3664 3793 3736 ὁμου

2162 3754 2338 3832 πέντε.
2391 3773 2458 3830 Οἱ
2516 3769 2572 3826 δὲ
2632 3771 2770 3844 μήτε
2826 3764 3237 3841 βαπτιζόμενοι,
3297 3761 3436 3831 μήτε
3493 3754 3794 3832 χριόμενοι,

2163 3864 2310 3921 ἀλλά
2371 3864 2535 3936 μόνον
2591 3857 3070 3931 ἀναθεματίζοντες
3125 3852 3226 3919 τήν
3285 3847 3423 3903 ἰδίαν
3484 3847 3576 3901 καὶ
3632 3848 3795 3898 πᾶσαν

2165 3955 2344 4023 ἄλλην
2386 3951 2609 4027 αἶ’ρεσιν,
2642 3943 2983 4010 Μελετιανοὶ,
3047 3937 3417 4013 Νεστοριανοὶ,
3477 3936 3796 4007 Εὖτυχιανι-

2166 4045 2308 4112 σταὶ,
2339 4043 2429 4098 καὶ
2461 4042 2517 4094 οἱ
2549 4037 2755 4093 τούτων
2789 4033 3140 4107 ὁμόστοιχοι,
3177 4031 3343 4103 μέχρι
3371 4028 3471 4094 τῆς
3517 4024 3673 4097 δεῦρο
3721 4021 3793 4112 al-

2169 4108 2385 4209 ρέσεως,
2415 4135 2494 4203 τῷ
2526 4129 2742 4204 ἀριθμῷ
2772 4124 2882 4198 οὐχ
2906 4115 3350 4191 ὑποϐαλλόμενοί
3392 4136 3506 4209 ’μοι
3555 4112 3688 4209 κατα
3741 4108 3797 4209 το

2166 4225 2373 4297 παρόν’
2425 4218 2513 4274 δια
2554 4219 2615 4272 τὸ
2665 4209 3001 4291 πολυσχιδὲς
3050 4215 3157 4264 τῶν
3208 4203 3551 4281 Ἀκεφάλων,
3596 4201 3683 4255 καὶ
3741 4198 3796 4251 τὸ

2169 4313 2448 4386 ὑπερτενὲς
2501 4315 2602 4376 τῆς
2658 4301 2974 4369 ἐπιστολῆς.
3032 4300 3100 4354 Τὸ
3159 4295 3215 4351 δὲ
3263 4289 3537 4369 εἰρηκέναι
3595 4311 3672 4357 σε,

2169 4400 2439 4476 διακρῖναι
2471 4398 2560 4452 τὸν
2611 4389 2825 4461 κανόνα,
2858 4389 2984 4446 ἀλλ’
3019 4391 3307 4463 ὁριστικῶς
3359 4380 3654 4459 ἀποφάναι,
3681 4375 3797 4435 τοὺς

2171 4467 2308 4546 ἀπὸ·
2359 4489 2643 4562 αἱρέτικῶν
2728 4479 3231 4557 χειροτονηθέντας,
3289 4473 3323 4543 ἢ
3397 4467 3800 4548 βαπτισθέντας,

419 4557 570 4633 riuos
600 4592 729 4632 esse
751 4593 922 4649 posse
953 4595 1060 4636 nec
1081 4581 1309 4639 ﬁdeles:
1339 4557 1486 4641 illud
1519 4588 1705 4659 cogita
1735 4557 1890 4660 quod
1923 4606 2048 4662 apo-

2173 4577 2296 4636 οὔτε
2359 4573 2659 4650 κληρικοῦς
2717 4571 2850 4626 εἶναι
2909 4565 3152 4634 δυνατὸν,
3186 4563 3309 4618 οὕτε
3339 4559 3605 4622 πιστούς’
3638 4557 3798 4610 ἐκεῖνο

2850 4659 2858 4662 -
2970 4659 2981 4662 -
3045 4657 3059 4662 -
3245 4653 3262 4662 -
3344 4653 3356 4662 ι
3563 4651 3574 4662 .
3676 4645 3690 4662 .
3762 4645 3773 4662 ι

421 4665 664 4723 stolicus
695 4683 879 4723 canon
902 4667 1207 4727 haereticos
1237 4671 1367 4729 illos
1399 4675 1555 4744 dicit,
1583 4677 1683 4748 qui
1714 4677 1774 4732 in
1824 4680 2060 4735 nomine

422 4754 612 4811 Patris
641 4760 697 4810 et
726 4755 854 4811 Filii
878 4761 934 4812 et
956 4758 1208 4830 Spiritus
1254 4764 1439 4818 sancti
1475 4781 1590 4820 non
1619 4771 1758 4822 sunt
1789 4767 2063 4839 baptizati

423 4859 530 4899 nec
563 4843 878 4915 baptizant.
909 4849 1071 4903 Istud
1105 4866 1273 4921 porro
1333 4853 1529 4923 magni
1579 4871 1813 4927 quoque
1869 4857 2068 4912 Basilii

421 4948 563 4988 voce
585 4933 781 4989 divina
812 4935 1110 4992 docemur.
1145 4940 1236 4994 Ait
1277 4941 1433 4996 enim
1492 4942 1738 4999 haereses
1783 4960 1913 5000 esse
1968 4961 2066 5000 eas

423 5038 552 5094 quas
584 5023 818 5094 penitus
850 5025 1110 5097 abruptae
1141 5035 1301 5097 sunt,
1335 5035 1390 5084 et
1447 5031 1599 5087 circa
1655 5033 1842 5104 ipsum
1892 5033 2066 5089 ﬁdem

423 5109 689 5167 alienatae
717 5130 731 5168 :
767 5114 1082 5171 schismata
1112 5133 1270 5186 vero,
1302 5135 1400 5175 eos
1435 5121 1536 5191 qui
1568 5127 1806 5193 propter
1861 5138 2070 5179 causas

424 5200 648 5270 aliquas
675 5203 1098 5260 ecclesiasticas
1129 5211 1186 5261 et
1218 5209 1575 5277 qumstiones
1623 5211 1838 5280 quibus
1886 5226 2070 5266 reme-

424 5289 588 5344 dium
615 5292 875 5347 adbiberi
908 5299 1115 5364 potest,
1149 5296 1303 5351 inter
1333 5313 1394 5353 se
1424 5299 1714 5356 dissident
1747 5317 1760 5354 :
1786 5316 2071 5372 parasyn—

425 5394 640 5451 agogas
696 5389 911 5450 autem,
962 5386 1438 5456 congregationes
1495 5404 1620 5460 quaa
1680 5405 1713 5445 a
1770 5393 2073 5444 contuma-

2170 4670 2430 4744 λογίζου·
2466 4645 2548 4721 ότι
2605 4659 2909 4738 αἱρετικοὺς
2962 4659 2990 4713 ὁ
3034 4653 3399 4714 ἆποστολικὸς
3443 4651 3625 4744 κανὼν
3656 4645 3798 4744 έκείῖ

2170 4733 2618 4835 νοός-ἔφηηοὺς
2666 4733 2756 4826 ’μὴ
2813 4750 2891 4814 εἶς
2943 4743 3119 4820 ὄνομα
3158 4743 3366 4835 Πατρός
3425 4740 3516 4835 καὶ
3556 4739 3681 4835 lit-o5
3716 4733 3798 4789 καὶ

2174 4850 2328 4926 ἁγίου
2386 4826 2700 4917 ΪΙνεύματος
2783 4837 3169 4914 βαπτισθέντας
3251 4832 3341 4887 καὶ
3430 4826 3796 4926 βαπτίζοντας.

2173 4916 2274 4994 Καὶ
2321 4942 2481 4993 τοῦτο
2526 4916 2584 4990 έκ
2645 4931 2789 4992 θείας
2839 4937 3024 5007 φωνῆς
3073 4930 3169 4982 τοῦ
3226 4921 3471 5000 μεγάλου
3521 4916 3798 5007 Βασιλείου

2176 5027 2556 5100 διδασκόμεθα.
2610 5023 2754 5093 Φησὶ
2801 5005 2925 5096 γαρ,
2966 5020 3197 5093 αἱρέσεις
3251 5015 3345 5088 μὲν
3393 5013 3488 5071 τὰς
3533 5005 3800 5100 παντελῶς

2176 5093 2596 5192 ἀπερῥηγμένας,
2657 5113 2748 5167 καὶ
2801 5111 2916 5165 κατ’
2975 5107 3143 5175 αὐτὴν
3213 5105 3314 5176 τὴν
3389 5100 3567 5156 πίστιν
3641 5093 3797 5192 ἠλλο-

2176 5181 2515 5282 τριωμένας·
2563 5202 2840 5277 σχίσματα
2887 5198 2944 5254 δὲ
2995 5196 3122 5258 τοὺς
3164 5192 3234 5249 δι’
3281 5191 3452 5252 αἰτίας
3499 5187 3647 5246 τινὰς
3718 5181 3798 5237 ἐκ·

2177 5272 2566 5366 κλησὴιαστικὰς
2598 5272 2710 5347 ’έαῖ
2757 5291 3049 5362 ζητήματα
3103 5285 3296 5356 ἰάσιμα
3351 5280 3487 5354 πρὸς
3531 5272 3800 5366 ἀλλήλονς

2181 5361 2586 5461 διενεχθένταςο
2645 5377 3104 5458 παρασυναγωγὸις
3158 5374 3237 5444 δὲ,
3285 5373 3380 5434 τὰς
3429 5368 3658 5437 συνάξεις
3714 5361 3796 5419 τᾶς

2005 5532 2234 5592 NOTAE.

428 5706 451 5719 ..
500 5650 584 5725 (1)
602 5652 766 5726 Apud
792 5653 1204 5731 Epiphaniam,
1238 5658 1438 5718 haresi
1469 5659 1559 5725 47,
1587 5655 2066 5736 Τασκοδρουγῖται.
