4084 6284
301 375 455 439 1053

1573 378 2130 442 EPISTOLARUM
2174 380 2320 441 LIB.
2369 380 2417 440 Ι.

3547 368 3701 429 1054

299 507 444 584 παρᾶ
497 511 605 563 τῶν
672 505 1054 563 ἀνυποτάκτων
1105 502 1484 582 πρεσϐυτέρων
1529 508 1564 579 ἢ
1607 507 1937 581 ἐπισκόπων,

2068 511 2218 570 :ibus
2251 511 2603 585 presbyteris
2624 509 2712 566 vel
2741 505 3053 581 episcopis,
3077 503 3170 559 vel
3193 521 3225 559 a
3251 501 3481 575 populis
3513 501 3702 573 impe-

298 599 445 672 παρὰ
474 601 581 653 τῶν
622 594 959 652 ἀπαιδεύτων
1008 594 1154 652 λαῶν
1207 599 1498 673 γινομένας
1550 599 1649 654 Καὶ
1696 604 1793 655 τοῦ
1850 600 1943 673 μὲν

303 688 526 763 πρώτου
585 687 745 747 αὐτὸς
795 684 1064 763 ἐπιφέρων
1107 683 1159 741 ἓν
1206 685 1581 763 παράδειγμα,
1633 690 1765 768 φησί
1812 689 1947 763 πρὸς

301 779 393 834 τὸν
424 778 576 854 ἅγιον
614 775 983 854 Ἀμφιλόχιον
1008 795 1019 807 ·
1055 802 1082 828 ‹‹
1116 777 1243 832 Τίνα
1273 777 1363 832 οῦν
1403 778 1569 854 λόγον
1597 774 1714 855 ἔχει
1743 781 1805 835 τὸ
1835 783 1943 835 τῶν

306 872 675 936 Πεπουζηνῶν
721 867 1005 941 βάπτισμα
1052 866 1370 943 ἐγκριθῆναι
1413 873 1523 924 τῶν
1574 869 1946 944 βαπτιζόντων

304 957 379 1019 εἰς
433 956 643 1032 Πατέρα
686 956 773 1012 καὶ
824 958 947 1037 Υἰὸν
996 958 1085 1012 καὶ
1137 960 1421 1015 Μοντανὸν
1478 960 1513 1030 ἢ
1566 960 1941 1036 Πρίσκιλλαν;

307 1048 383 1105 Οὐ
437 1050 542 1123 γὰρ
590 1042 986 1117 ἐϐαπτίσθησαν
1036 1047 1086 1101 οἱ
1136 1049 1210 1111 εἰς
1256 1050 1323 1103 τὰ
1379 1052 1454 1124 μή
1504 1048 1762 1125 δεδομένα
1809 1055 1943 1125 ἡμῖν

320 1136 735 1211 βαπτισθέντες.
771 1158 792 1189 ι
845 1137 1079 1200 Τούτους
1110 1135 1203 1192 οῦν
1256 1138 1345 1193 καὶ
1392 1138 1520 1203 τοὺς
1566 1147 1680 1196 κατ’
1726 1138 1943 1211 αὐτοὺς,

310 1228 338 1281 ὁ
370 1226 548 1281 κανὼν
579 1225 668 1281 καὶ
701 1227 753 1280 οἱ
784 1226 1034 1298 Πατέρες,
1068 1225 1142 1290 ὥς
1189 1248 1351 1304 φησιν
1380 1229 1407 1283 6
1440 1231 1583 1294 θεῖος
1640 1228 1943 1299 Βασίλειος,

311 1315 619 1390 αἱρετικοὺς
659 1314 944 1388 ὠνόμασαν
972 1359 983 1371 .
1036 1318 1146 1374 Τοῦ
1196 1314 1253 1371 δὲ
1296 1316 1547 1392 δευτέρου
1594 1317 1946 1395 παράδειγμα

308 1401 472 1457 πάλιν
519 1400 680 1478 φησὶν
737 1403 765 1457 6
823 1403 979 1480 ἅγιος
1026 1401 1347 1465 Βασίλειος·
1408 1426 1429 1455 ι
1462 1406 1524 1461 Ol.
1574 1407 1808 1482 Καθαροὶ
1852 1406 1945 1464 καὶ

308 1491 463 1546 αὐτοὶ
492 1495 598 1546 τῶν
627 1489 1043 1566 άπεσχισμένων
1074 1492 1201 1547 εἰσίν
1229 1537 1243 1552 .
1276 1516 1305 1546 »

380 1581 442 1635 Εἰ
475 1577 532 1635 δὲ
553 1580 716 1657 φαίης
745 1621 758 1635 .
793 1580 894 1635 Καὶ
928 1584 1047 1642 πῶς
1099 1578 1352 1657 λέγονται
1403 1583 1666 1659 αἴρετικοὶ
1705 1585 1796 1640 καὶ
1850 1587 1948 1641 οὗ-

307 1690 399 1725 τοι
449 1671 537 1724 καὶ
595 1668 786 1732 πάντες
844 1670 894 1723 οἳ
963 1673 1437 1746 μεταγενέστεροι;
1493 1680 1656 1730 τοῦτο
1712 1675 1947 1752 λέγομεν

308 1757 404 1814 λαὶ
442 1761 704 1832 νοοῦμεν·
757 1758 808 1813 οἱ
861 1760 955 1831 μὲν
1010 1764 1222 1835 πρῶτοι
1268 1761 1471 1836 κυρίως
1528 1764 1809 1839 αἱρετικοὶ,
1859 1765 1950 1821 διὰ

2058 602 2182 659 ritis
2229 602 2394 659 ﬁunt.
2427 603 2507 658 Ac
2564 598 2737 673 primi
2793 597 3031 669 quidem
3082 593 3311 665 generis
3369 591 3700 664 exemplum

2058 707 2240 747 unum
2290 692 2413 763 ipse
2469 691 2734 755 aﬂ‘erens,
2769 687 2841 743 ad
2899 687 3165 740 sanctum
3214 680 3698 753 Amphilochium

2056 782 2259 839 scribit
2287 783 2331 818 ‘1
2359 798 2372 835 :
2401 803 2430 832 «
2463 783 2735 847 Quaenam
2758 777 2940 850 igitur
2984 774 3131 831 ratio
3180 777 3269 829 est
3324 774 3389 827 ut
3436 772 3697 843 Pepuze-

2056 887 2265 927 norum
2296 871 2591 942 baptisma
2637 885 2765 925 esse
2797 867 3117 937 judicetur,
3151 864 3252 936 qui
3304 862 3600 932 baptizant
3638 864 3698 916 in

2056 964 2310 1031 Patrem,
2343 965 2401 1015 et
2455 959 2689 1025 Filium,
2724 965 2777 1013 et
2807 957 3150 1011 Montanum
3201 951 3289 1008 vel
3330 948 3701 1006 Priscillam?

2056 1050 2253 1121 Neque
2297 1050 2457 1104 anim
2509 1046 2780 1119 baptizati
2830 1052 2988 1114 sunt,
3021 1042 3120 1115 qui
3163 1042 3224 1097 in
3271 1057 3336 1096 ea
3365 1056 3496 1110 qua:
3529 1040 3699 1095 nobis

2056 1156 2173 1196 non
2200 1142 2339 1194 sunt
2367 1137 2597 1203 tradita,
2629 1134 2901 1207 baptizati
2936 1136 3093 1189 sunt.
3128 1153 3155 1181 »
3178 1131 3294 1187 Hos
3329 1145 3462 1199 ergo
3490 1135 3547 1186 et
3595 1130 3699 1202 qui
3803 1145 3805 1148 ‘

2059 1228 2204 1301 ipsis
2225 1228 2541 1294 adhaerent,
2575 1242 2761 1281 canon
2793 1231 2847 1279 et
2896 1223 3113 1289 Patres,
3147 1224 3211 1277 ut
3252 1219 3485 1275 divinus
3537 1219 3699 1274 Basi-

2060 1317 2175 1374 lius
2221 1319 2319 1385 ait,
2370 1317 2747 1373 nominarunt
2794 1312 3118 1369 hrereticos.
3176 1313 3398 1366 Rursus
3455 1309 3700 1365 secundi

2060 1409 2291 1481 generis
2320 1405 2652 1479 exemplum
2684 1404 2899 1475 profert
2953 1406 3193 1457 sanctus
3234 1398 3516 1456 Basilius:
3542 1421 3571 1449 ‹‹
3605 1398 3703 1454 Ca-

2061 1497 2211 1553 thari
2233 1504 2369 1553 sunt
2398 1501 2457 1552 et
2484 1496 2596 1568 ipsi
2626 1495 2782 1550 inter
2805 1508 2901 1549 eos
2933 1491 3030 1562 qui
3061 1488 3304 1547 abscissi
3335 1496 3491 1543 sunt.
3527 1509 3551 1539 ι

2129 1585 2291 1650 Quod
2310 1585 2358 1641 si
2391 1585 2551 1641 dicas
2577 1601 2590 1639 :
2615 1583 2683 1638 Et
2712 1582 3004 1654 quomodo
3040 1578 3098 1634 hi
3130 1594 3384 1652 quoquo.
3419 1583 3476 1633 et
3506 1579 3700 1650 poste-

2060 1682 2238 1741 riores
2267 1699 2491 1750 omnes,
2526 1680 2780 1738 haeretici
2841 1676 3161 1736 dicuntur?
3190 1677 3307 1733 Hoc
3339 1674 3613 1741 dicimus,
3646 1678 3704 1730 et

2058 1772 2442 1845 intelligimus
2476 1788 2489 1827 :
2525 1771 2747 1844 primos
2776 1768 3014 1839 quidem
3045 1766 3274 1838 proprie
3312 1764 3428 1821 dici
3465 1763 3702 1821 haereti-

308 1850 372 1905 16
404 1849 479 1934 είς
529 1846 659 1903 αὐτὸ
702 1847 765 1903 16
805 1849 1013 1923 καίριον
1044 1856 1145 1919 τῆς
1192 1850 1477 1926 τριαδικῆς
1518 1856 1676 1928 ἡμῶν
1726 1855 1954 1920 πίστεως

2068 1879 2183 1932 cos,
2215 1878 2281 1918 eo
2312 1862 2468 1934 quod
2488 1860 2842 1933 impietatem
2872 1859 3221 1914 exaruerunt
3252 1856 3310 1912 in
3341 1854 3399 1910 id
3432 1854 3574 1926 quid
3595 1870 3703 1910 no-

310 1932 681 2009 ἠσεϐηκέναι.
740 1939 807 1995 Οἱ
865 1935 923 1993 δὲ
972 1938 1213 2013 δεύτεροι
1264 1945 1399 1998 κατὰ
1454 1944 1815 2021 κατάχρησιν,
1864 1947 1955 2001 καὶ

314 2029 393 2090 ὡς
435 2026 496 2083 ἐκ
552 2030 661 2083 τῶν
718 2029 952 2101 πρώτων
1010 2030 1397 2105 παρηγμένοι·
1459 2033 1857 2108 ὁμολογοῦντες
1907 2033 1955 2091 δ’

314 2116 470 2190 ὅμως
527 2116 602 2178 εἰς
659 2114 861 2191 Τριάδα
917 2120 1008 2173 καί
1065 2121 1335 2175 πιστεύειν
1416 2122 1506 2177 καὶ
1567 2123 1841 2198 βαπτίζειν
1900 2124 1953 2180 ἐν

316 2203 579 2279 ἰδιώματι
612 2204 799 2279 οῗκείῳ
839 2213 938 2277 τῆς
988 2207 1218 2278 ἑκάστης
1266 2209 1633 2280 ὑποστάσεως,
1685 2215 1775 2267 καὶ
1825 2213 1955 2289 ούχὶ

319 2301 447 2369 μιᾶς
478 2299 587 2351 τῶν
617 2300 783 2369 τριῶν
817 2296 1172 2375 ὑπαρχούσης
1199 2318 1212 2331 ·
1246 2300 1341 2354 κᾶν
1376 2300 1427 2355 ἐν
1460 2299 1656 2365 ἄλλοις
1678 2303 1953 2378 ᾐρέτιζον.

314 2389 421 2441 Τοῦ
468 2382 654 2459 τρίτου
712 2383 1080 2461 παράδειγμα,
1129 2387 1292 2451 αὐτὸς
1327 2391 1356 2444 6
1386 2391 1539 2466 ἅγιος
1588 2390 1752 2447 πάλιν
1799 2392 1953 2472 φησί,

314 2475 437 2530 οἷον
479 2473 531 2529 εἷ’
571 2496 658 2536 τις
706 2472 759 2529 ἐν
814 2475 1110 2549 πταίσματι
1167 2476 1479 2551 ἐξετασθεῖς,
1538 2478 1804 2557 ἐπεσχέθη
1854 2489 1955 2551 τῆς

316 2563 683 2639 λειτουργίας,
741 2563 831 2617 καὶ
893 2566 969 2637 μὴ
1027 2566 1265 2641 ὑπὲκυψε
1322 2574 1440 2631 τοῖς
1520 2571 1770 2625 κανόσιν·
1828 2570 1960 2627 ἀλλ’

314 2654 490 2724 ἑαυτῷ
516 2650 786 2725 ἐξεδίκησε
823 2654 921 2722 τήν
961 2652 1251 2728 προεδρίαν
1290 2657 1379 2711 καὶ
1419 2660 1517 2726 τήν
1570 2657 1957 2737 λειτουργίαν.

316 2743 419 2799 Καί
450 2764 512 2818 γε
544 2744 617 2805 ὡς
649 2743 700 2797 οἱ
724 2739 963 2818 δεύτεροι
1006 2744 1290 2818 ὁμώνυμοι
1330 2752 1446 2811 τοῖς
1494 2750 1762 2824 πρώτοις,
1813 2751 1956 2808 οὕτω

313 2832 407 2887 καὶ
439 2832 491 2886 οἱ
520 2830 695 2905 τρίτοι
726 2832 1010 2905 ὁμώνυμοι
1040 2838 1155 2897 τοῖς
1198 2831 1468 2911 δευτέροις
1493 2881 1506 2893 .
1560 2840 1789 2912 ’Λμέλεε
1831 2843 1959 2905 τοὺς

317 2918 681 2984 Μελετιανοὺς
732 2921 1125 2996 σχισματικοὺς
1157 2924 1207 2979 οἰ
1239 2925 1411 2981 πάλαι
1456 2926 1727 3003 καλοῦσι,
1771 2928 1955 2987 Μελε-

310 3013 416 3086 τίῳ
444 3017 524 3085 τῷ
555 3012 902 3088 σχισματικῷ
928 3018 1385 3093 συναπαχθέντας,
1416 3023 1506 3075 καί
1535 3042 1621 3076 τοι
1674 3024 1750 3096 μή
1803 3018 1955 3086 ὄντας

311 3100 645 3174 κακοδόξους
672 3148 687 3161 .
736 3103 1248 3178 Ἀναθεματίζοντες
1304 3109 1404 3182 γὰρ
1434 3109 1497 3164 τὸ
1542 3108 1680 3165 ἴδιον
1726 3112 1956 3188 σχίσμα,

315 3190 391 3295 113:;
440 3212 598 3295 qua:
643 3188 961 3295 δεδεγμένοι
1010 3193 1113 3295 εἶσὶ
1162 3200 1230 3295 τλῇ
1281 3199 1551 3295 καθολιικῇ
1616 3199 1956 3272 Ἐκκλησία.
1986 3226 2030 3295 c

312 3283 499 3339 Ἔοικε
552 3279 609 3337 δὲ
658 3281 809 3355 σειρά
854 3303 936 3346 τις
986 3284 1121 3339 εἶναι
1179 3282 1617 3360 δαιμονὸπλοκος
1649 3292 1684 3360 ἡ
1715 3290 1957 3346 καθόλου

312 3370 549 3445 αἵρεσις,
590 3372 744 3447 ἐτέρα
790 3378 889 3442 τῆς
938 3372 1122 3449 ὲτέρας
1170 3372 1437 3451 ἐχομένη,
1469 3379 1559 3434 καὶ
1591 3380 1664 3442 ὡς
1696 3379 1756 3435 ἐκ
1802 3400 1959 3455 κορυ-

316 3464 424 3537 φῆς
482 3465 608 3535 μιᾶς
663 3462 1041 3536 ἐξηρτημένων
1117 3463 1335 3520 ἀπασῶν
1414 3474 1513 3537 τῆς
1571 3465 1815 3532 ἀσεϐείας
1870 3466 1961 3525 καί

313 3549 535 3612 ἆθεΐας·
569 3546 663 3605 κᾶν
702 3549 1060 3625 ἐτερωνυμίᾳ,
1100 3555 1193 3608 καὶ
1242 3556 1451 3631 χρόνῳ,
1501 3558 1591 3612 καὶ
1641 3559 1819 3631 τόπῳ,
1869 3558 1960 3614 καὶ

308 3642 600 3711 ποσότητι,
660 3641 748 3696 καὶ
804 3643 1082 3712 ποιότητι,
1142 3643 1231 3698 καὶ
1290 3644 1538 3719 δυνάμει,
1586 3648 1676 3703 καὶ
1720 3647 1959 3724 ἐνεργείᾳ

319 3728 684 3806 διαφέρωσιν.
737 3730 887 3785 Ἐπεὶ
941 3729 1083 3803 μηδὲ
1136 3730 1190 3787 ἓν
1244 3735 1335 3789 καὶ
1391 3736 1455 3791 τὸ
1506 3737 1638 3791 αὐτὸ
1680 3742 1864 3811 σῶμα,
1905 3734 1957 3793 ἕν

320 3820 486 3892 μόνον
524 3817 710 3891 μέλος,
742 3816 889 3873 ἀλλὰ
917 3821 1006 3874 καὶ
1036 3819 1225 3877 πολλά
1250 3841 1264 3857 ο
1298 3823 1385 3878 καὶ
1428 3824 1679 3901 διάφοροι
1726 3830 1780 3882 αἱ
1827 3826 1958 3882 τού-

314 3929 424 3963 των
482 3909 617 3982 πρὸς
677 3904 901 3978 ἄλληλα
959 3907 1242 3985 ἐνέργειαι,
1304 3911 1579 3987 δυνάμεις,

323 3996 497 4060 θέσεις
526 4020 582 4053 τε
612 4000 701 4053 καὶ
731 3999 928 4073 τιμαί.

1669 3914 1957 3989 ἰδιότητες,

392 4176 519 4264 Περὶ
562 4182 669 4232 τῶν
720 4177 912 4253 ὲτέρων
963 4200 1059 4235 σου
1111 4181 1467 4256 ἐρωτήσεων
1515 4188 1548 4255 ἡ
1596 4189 1787 4262 πρώτη
1833 4190 1960 4264 περὶ

314 4261 681 4342 πρεσϐυτέρου
726 4271 824 4320 νοῦ
872 4267 1315 4341 ὀρθοδοξοῦντος,
1365 4272 1492 4328 ἀλλ’
1542 4261 1693 4348 ὅμως
1746 4261 1962 4350 μνημο-

310 4355 563 4417 νεύοντος
630 4352 786 4433 φόϐῳ
847 4355 1095 4431 διωγμοῦ
1151 4360 1242 4413 τὸν
1306 4363 1574 4433 αἱρετικὸν
1663 4365 1957 4423 ἐπίσκοπον

313 4446 725 4521 προαπεκρίθην
770 4465 893 4501 σοι·
953 4446 1100 4517 πλὴν
1148 4450 1237 4504 καὶ
1285 4450 1473 4513 αὖθις·
1533 4455 1577 4509 εἰ
1616 4456 1692 4527 μή
1739 4455 1959 4512 συλλει-

310 4539 538 4609 τουργεῖ
564 4534 842 4609 αἱρετικῷ,
875 4535 962 4590 καὶ
995 4537 1039 4591 εἰ
1076 4539 1150 4609 μὴ
1190 4538 1474 4611 μεταδιδοῖ
1501 4548 1617 4605 τοῖς
1663 4544 1961 4620 τοιούτοις,

317 4622 532 4679 δεκτέον
562 4624 652 4679 τὸν
681 4629 927 4680 τοιοῦτον
959 4626 1034 4688 εἷς
1074 4629 1431 4703 συνεστίασιν,
1473 4632 1564 4687 καὶ
1608 4632 1960 4709 ψαλμῳδίαν,

315 4712 408 4769 καὶ
444 4709 698 4786 εὐλογίαν
734 4713 1067 4788 βρωμάτων,
1104 4717 1194 4772 καὶ
1241 4722 1403 4776 τοῦτο
1451 4722 1568 4776 κατ’
1620 4722 1961 4797 οἰκονομίαν,

320 4799 384 4856 οὐ
420 4799 513 4873 μέν
544 4820 626 4854 τοι
660 4799 736 4863 εἷς
776 4801 914 4857 θείαν
952 4804 1280 4880 μετάληψιν.
1313 4813 1404 4863 Δεῖ
1443 4807 1498 4864 δὲ
1536 4808 1812 4883 ἐπερωτᾷν
1862 4819 1963 4882 τῆς

316 4888 580 4962 αἱρέσεως
610 4889 913 4963 κρατούσης
955 4894 1170 4956 πάντως
1196 4913 1207 4926 ·
1262 4896 1564 4972 ὁμολογίαν
1618 4898 1677 4955 δὲ
1725 4898 1963 4977 δεχομέ-

313 5000 434 5041 νοις
467 4977 764 5053 ἄρκεῖσοαι,
797 4981 897 5037 οὐκ
927 4980 1050 5037 οἶδα
1082 4983 1131 5038 εἷ’
1163 4986 1238 5057 μὴ
1273 4986 1570 5060 προδήλως
1620 4989 1960 5065 ψευδολόγος

317 5066 455 5138 αὕτη
483 5113 495 5123 .
530 5068 598 5122 Τὸ
628 5070 731 5145 γὰρ
782 5070 943 5146 φαίην
998 5093 1055 5125 σε
1103 5069 1443 5129 διδάσκεσθαι
1472 5078 1621 5150 ἡμᾶς
1676 5081 1822 5155 παρὰ
1850 5084 1957 5134 τῶν

318 5156 596 5232 Πατέρων,
653 5159 729 5230 μὴ
784 5156 1078 5234 ἐπερωτᾷν,
1137 5162 1261 5236 περὶ
1317 5169 1507 5238 καιροῦ
1566 5165 1628 5221 οὗ
1685 5170 1760 5241 μή
1816 5164 1959 5224 ἐστιν

314 5246 522 5323 α’ίρεσις
591 5249 934 5322 μαινομίῑρνη⁸
1003 5252 1092 5306 καὶ
1151 5253 1274 5327 περὶ
1344 5258 1451 5310 τῶν
1516 5259 1590 5329 μὴ
1659 5256 1960 5333 προδήλως

311 5336 773 5411 κατεγνωσμένων
803 5378 814 5393 .
870 5337 1129 5395 Τοιοῦτον
1176 5339 1233 5397 δὲ
1297 5338 1683 5419 πρεσϐύτερον,
1740 5348 1961 5402 σπάνιον

317 5423 493 5498 εύρεῖν
531 5430 621 5480 νῦν
665 5429 741 5501 μὴ
786 5428 1117 5503 μιγνύμενον
1177 5431 1267 5486 καὶ
1317 5440 1779 5508 συγκοινωνοῦντα
1818 5438 1963 5514 αἳρε-

310 5532 523 5577 τικοις.

391 5689 437 5733 ⁸⁸
460 5690 600 5750 (ιω.
629 5710 671 5748 ι.

2061 1956 2190 2009 stris
2223 1950 2580 2008 deTrinitate
2604 1949 2736 2005 ﬁdei
2762 1949 3115 2019 praecipuum
3131 1949 3240 2001 est:
3269 1945 3554 2001 secundos
3568 1958 3702 2000 vero

2062 2040 2320 2111 abusive,
2335 2044 2393 2097 et
2420 2045 2700 2111 tanquam
2732 2056 2767 2095 a
2793 2038 2997 2108 primis
3029 2035 3340 2103 derivatos,
3374 2035 3473 2107 qui
3505 2041 3700 2091 tamen

2062 2132 2487 2189 conﬁtebantur
2516 2146 2579 2187 se
2608 2132 2667 2186 in
2697 2131 3041 2186 Trinitatem
3072 2133 3131 2184 et
3160 2127 3393 2184 credere
3421 2130 3477 2182 et
3506 2124 3699 2196 bapti-

2062 2237 2208 2292 zare,
2231 2220 2290 2276 in
2331 2221 2673 2292 praprietate
2742 2217 3025 2289 singulari
3087 2232 3344 2288 persona:
3385 2214 3700 2285 cujusque,

2064 2328 2178 2367 non
2237 2314 2429 2367 autem
2472 2326 2599 2382 quae
2650 2325 2766 2364 una
2823 2308 2881 2363 in
2926 2306 3113 2363 tribus
3156 2304 3397 2360 exsistat
3428 2320 3442 2358 :
3475 2302 3609 2359 licet
3637 2303 3699 2358 in

2064 2399 2196 2457 aliis
2252 2399 2424 2456 rebus
2489 2398 2828 2454 haereticum
2868 2395 3089 2467 aliquid
3148 2396 3496 2450 assererent.
3529 2392 3701 2448 Tertii

2064 2490 2294 2563 generis
2352 2488 2679 2559 exemplum
2746 2503 2952 2542 rursus
3000 2486 3155 2541 idem
3213 2487 3455 2540 sanctus
3512 2483 3697 2538 dicit:

2063 2580 2220 2635 velut
2248 2579 2296 2634 si
2329 2577 2461 2651 quis
2492 2576 2753 2633 criminis
2784 2576 3156 2641 convictus,a
3177 2589 3339 2630 sacro
3371 2571 3698 2627 ministerio

2064 2683 2386 2739 suspensus
2418 2666 2516 2735 sit,
2538 2664 2928 2721 etcauonibus
2959 2680 3073 2719 non
3106 2662 3293 2727 cedat,
3327 2661 3427 2716 sed
3452 2660 3703 2731 primam

2064 2757 2175 2814 sibi
2199 2756 2397 2813 sedem
2427 2762 2481 2811 et
2512 2754 2903 2811 ministerium
2934 2751 3205 2809 vindicet.
3238 2753 3423 2821 Atque
3461 2760 3524 2805 ut
3548 2750 3700 2804 idem

2064 2861 2197 2902 cum
2229 2846 2434 2917 primis
2467 2860 2679 2900 nomen
2707 2843 2895 2899 sortiti
2928 2846 3067 2899 sunt
3096 2839 3377 2908 secundi;
3405 2839 3486 2895 ita
3529 2839 3703 2894 etiam

2064 2934 2219 2992 tertii
2246 2951 2380 2991 cum
2411 2933 2704 2990 secundis.
2737 2932 2901 2989 Certe
2923 2930 3264 2987 Meletianos
3297 2947 3311 2998 ;
3346 2945 3491 3002 quos
3522 2928 3706 2984 Mele—

2064 3025 2182 3081 tius
2238 3022 2652 3080 schismaticus
2709 3022 3065 3088 abduxerat;
3123 3019 3350 3091 antiqui
3409 3017 3706 3090 appellant

2064 3112 2490 3180 schismaticos,
2525 3111 2795 3183 quumvis
2827 3127 2941 3166 non
2971 3113 3166 3166 essent
3224 3108 3520 3165 cacodoxi.
3555 3107 3703 3163 Pro—

2068 3206 2260 3277 prium
2292 3202 2447 3258 enim
2478 3201 2751 3269 schisma,
2785 3204 2851 3257 ut
2899 3200 3085 3266 aiunt,
3118 3197 3703 3265 anathematizantes,

2067 3292 2138 3349 ab
2169 3290 2424 3347 Ecclesia
2452 3288 2736 3346 catholica
2764 3287 3020 3359 suscepti
3047 3291 3207 3344 sunt.
3243 3286 3482 3343 Videtur
3511 3290 3703 3341 autem

2068 3381 2323 3449 haeresis,
2357 3380 2415 3436 in
2451 3378 2787 3435 universum
2821 3382 3026 3435 catena
3058 3377 3322 3449 quaedam
3355 3392 3484 3431 esse
3523 3393 3557 3431 a
3587 3376 3701 3431 daa-

2067 3486 2237 3526 mone
2284 3472 2573 3538 contexta,
2606 3468 2788 3524 altera
2842 3467 3005 3523 alteri
3055 3482 3336 3533 connexa,
3397 3465 3704 3536 cunctique

2067 3568 2344 3631 tanquam
2366 3559 2436 3614 ab
2470 3558 2909 3630 unoimpietatis
2955 3558 3143 3629 capite
3180 3555 3455 3627 appensis
3482 3571 3495 3609 :
3521 3572 3706 3627 quan-

2068 3649 2279 3707 tumvis
2309 3647 2646 3704 diversitate
2674 3648 3001 3715 nominum,
3032 3652 3092 3703 et
3138 3649 3424 3716 tempore,
3455 3650 3511 3701 et
3553 3644 3701 3710 loco,

2066 3746 2121 3796 et
2152 3738 2500 3810 quantitate,
2532 3741 2589 3792 et
2610 3736 2909 3809 qualitate,
2944 3741 3003 3792 et
3031 3735 3309 3807 potentia,
3341 3739 3399 3789 et
3429 3737 3561 3790 actu
3593 3733 3707 3788 dif-

2069 3829 2255 3884 ferant
2287 3844 2302 3882 :
2335 3827 2813 3900 quandoquidem
2840 3842 2945 3882 nec
2977 3842 3161 3881 unum
3194 3825 3471 3895 idemque
3493 3840 3705 3893 corpus

2068 3918 2396 3973 membrum
2424 3921 2513 3974 est
2546 3933 2725 3973 unum
2758 3916 2969 3982 solum,
3001 3916 3100 3971 sed
3133 3914 3343 3983 multa;
3377 3913 3706 3982 diversique

2068 4012 2207 4063 sunt
2224 4007 2428 4063 horum
2468 4007 2619 4062 inter
2648 4023 2708 4063 se
2738 4014 2919 4073 actus,
2954 4004 3277 4071 facultates,
3303 4003 3703 4075 proprietates,

2068 4096 2333 4167 situsque
2373 4099 2429 4150 et
2457 4094 2726 4151 honores.

2139 4184 2306 4251 Quod
2349 4188 2573 4256 spectat
2614 4192 2849 4239 crateras
2903 4182 3389 4256 interrogationes
3439 4180 3707 4250 tuas;ad

2071 4274 2340 4344 primam,
2373 4274 2441 4328 de
2474 4273 2804 4345 presbytero
2834 4273 3151 4329 orthodoxo
3182 4272 3437 4341 quidem,
3477 4271 3579 4326 sed
3620 4275 3707 4326 ta-

2073 4379 2201 4418 men
2237 4364 2336 4435 qui
2357 4362 2779 4433 persecutionis
2811 4368 2968 4419 metu
3002 4362 3336 4419 haereticum
3368 4360 3706 4432 episcopum

2070 4456 2506 4521 commemorat,
2537 4452 2656 4522 iam
2681 4456 2814 4507 ante
2846 4451 3118 4524 respondi
3150 4451 3256 4506 tibi
3290 4470 3305 4519 ;
3339 4451 3436 4506 sed
3466 4455 3523 4506 et
3554 4466 3709 4505 nunc

2069 4540 2322 4598 iterum:
2357 4541 2416 4598 Si
2439 4557 2569 4598 cum
2603 4542 2872 4600 heretico
2904 4559 3021 4598 non
3079 4540 3387 4608 sacrificet,
3421 4556 3523 4595 nec
3574 4538 3707 4595 tali-

2072 4631 2183 4687 bus
2216 4631 2544 4702 impertiat;
2585 4631 2985 4702 recipiendum
3017 4631 3174 4688 hunc
3208 4646 3337 4687 esse
3380 4631 3452 4685 ad
3501 4629 3705 4686 convi-

2076 4726 2257 4788 ctum,
2282 4725 2338 4776 et
2367 4720 2775 4791 psalmodiam,
2810 4730 2863 4777 et
2893 4720 3358 4779 benedictionem
3416 4735 3708 4789 escarum,

2074 4810 2249 4881 idque
2283 4826 2381 4882 per
2413 4809 2933 4880 dispensationem,
2967 4828 3081 4866 non
3114 4814 3310 4866 autem
3338 4809 3409 4864 ad
3450 4808 3710 4863 divinam

2071 4898 2594 4970 participationem.
2629 4899 2994 4971 Interrogare
3024 4917 3263 4970 prorsus
3304 4903 3556 4970 oportet,
3590 4897 3709 4953 bre-

2072 4989 2184 5043 resi
2242 4988 2613 5058 dominante;
2640 4989 3003 5044 confessione
3046 4998 3240 5044 autem
3280 4992 3575 5058 suscepta,
3620 5003 3712 5041 ac-

2072 5078 2389 5150 quiescere,
2450 5077 2560 5133 nisi
2619 5081 2923 5148 perspicue
2970 5079 3041 5133 sit
3096 5077 3262 5134 falsa.
3297 5077 3414 5133 Hoc
3460 5076 3617 5131 enim
3678 5092 3711 5130 a

2072 5167 2337 5224 Patribus
2366 5166 2557 5223 doceri
2591 5183 2695 5222 nos
2744 5166 3025 5235 dixerim;
3072 5184 3184 5222 non
3231 5165 3709 5237 interrogandum

2071 5275 2183 5330 quo
2214 5263 2475 5328 tempore
2504 5273 2616 5312 non
2650 5262 2956 5327 grassatur
2986 5257 3246 5321 haeresis,
3279 5271 3383 5311 nec
3406 5255 3475 5310 de
3505 5254 3576 5310 iis
3609 5253 3709 5325 qui

2072 5370 2186 5408 non
2246 5356 2386 5408 sunt
2433 5350 2741 5407 manifeste
2798 5348 3077 5404 damnati.
3113 5346 3461 5417 Hujusmodi
3518 5353 3708 5402 autem

2070 5442 2472 5515 presbyterum
2487 5440 2738 5511 reperire
2766 5456 2921 5494 nunc
2941 5453 3142 5493 rarum
3164 5439 3271 5503 est,
3296 5435 3398 5506 qui
3420 5451 3536 5491 non
3557 5450 3715 5491 com-

2073 5531 2388 5588 misceatur
2417 5536 2471 5587 et
2495 5527 2888 5587 communicet
2918 5542 3055 5583 cum
3081 5523 3390 5582 hereticis.
