4084 6284
422 371 578 434 1055

421 615 596 656 suum
615 597 874 661 advocat,
901 598 964 648 ut
993 591 1356 664 pervigilium
1389 593 1751 648 celebretur:
1785 595 1982 646 utrum
2005 589 2066 644 in

420 706 487 746 eo
501 703 667 744 sacra
680 685 1074 745 obire,etcum
1095 682 1312 756 quibus
1341 685 1619 754 oporteat.
1638 681 1756 737 Mos
1781 681 2068 752 gerendus

421 776 863 844 est,eteundum
883 774 1108 846 utique,
1123 777 1178 829 et
1193 790 1308 828 una
1321 772 1689 844 psallendum
1703 814 1716 838 ,
1733 772 1779 827 si
1799 770 2072 826 orthodo-

420 884 530 924 xus
551 871 640 923 est
661 865 1019 938 quiadvocat
1042 866 1097 918 et
1115 863 1213 934 qui
1241 861 1520 933 psallunt,
1544 868 1809 917 caventes
1839 859 2070 930 utrique

423 973 638 1014 necum
663 953 950 1011 haereticis
976 953 1428 1009 communicent.
1457 953 1603 1019 Quin
1619 958 1676 1008 et
1699 969 1861 1008 sacra
1883 953 1940 1006 in
1955 967 2070 1006 ora-

421 1047 568 1102 torio
600 1045 948 1118 peragenda,
975 1043 1020 1098 si
1062 1042 1312 1098 afﬁrmet
1335 1043 1433 1114 qui
1466 1043 1707 1108 obtinet,
1732 1041 2067 1097 nondumin

421 1152 488 1192 eo
521 1135 856 1191 haereticum
889 1132 1272 1188 ministrasse.
1305 1131 1432 1188 Jam
1479 1132 1634 1187 enim
1687 1131 1906 1186 dictum
1959 1133 2066 1195 est,

420 1223 750 1280 necessario
809 1223 878 1278 de
933 1221 1235 1288 omnibus,
1294 1221 1365 1276 ob
1418 1221 1700 1276 furentem
1775 1219 2069 1284 hieresim,

424 1312 869 1371 sciscitandum.

494 1401 733 1469 Tertia;
775 1401 825 1456 si
855 1399 988 1473 quis
1021 1400 1091 1455 ab
1135 1399 1328 1470 aliquo
1374 1397 1691 1454 Ecclesiam
1729 1397 2071 1470 susceperit,

428 1492 810 1560 orthodoxus,
835 1489 1012 1546 moris
1039 1498 1231 1544 autem
1249 1487 1327 1543 sit
1347 1487 1522 1543 semel
1547 1491 1646 1542 aut
1675 1489 1882 1543 iterum
1909 1492 2074 1558 quot-

428 1580 601 1638 annis
632 1579 691 1635 in
721 1594 790 1634 ea
813 1577 1151 1650 congregari
1179 1576 1567 1648 populum,ac
1588 1577 1839 1632 hieretici
1861 1593 2071 1632 nomen

424 1672 486 1728 in
507 1669 745 1740 liturgia
775 1667 1126 1723 memorari:
1163 1665 1491 1724 necessario
1542 1666 1779 1738 quidem
1833 1667 2072 1738 permit-

431 1759 673 1818 tendum
706 1761 879 1813 estut
927 1756 1036 1812 tibi
1065 1755 1372 1827 psallatur,
1390 1772 1502 1810 non
1531 1764 1721 1811 autem
1755 1759 1819 1811 ut
1841 1755 2074 1826 liturgia

430 1848 792 1918 celebretur;
825 1847 978 1918 quod
1009 1845 1057 1902 si
1091 1844 1340 1900 obtineri
1372 1849 1560 1914 potest
1591 1849 1656 1900 ut
1686 1861 1814 1902 mos
1851 1844 1948 1900 ille
1978 1862 2075 1902 re-

431 1937 749 2002 scindatur,
781 1935 952 1991 etiam
991 1933 1226 2006 liturgia
1252 1933 1537 1989 abeunda.

502 2028 753 2092 Quarta;
787 2023 839 2080 si
869 2025 946 2079 sit
966 2022 1222 2078 Ecclesia
1251 2023 1308 2076 in
1329 2038 1446 2093 qua
1476 2021 1812 2078 sacriﬁcans
1846 2022 2075 2078 hmreti-

431 2131 562 2172 cum
584 2117 1021 2180 commemoret,
1047 2111 1371 2184 habeatque
1399 2111 1757 2167 orthodoxus
1783 2112 2076 2168 sacriﬁca-

431 2207 642 2262 torium
658 2202 1084 2260 sanctiﬁcatum
1100 2200 1160 2255 in
1178 2201 1426 2256 sindone
1449 2200 1535 2256 vel
1560 2201 1618 2256 in
1648 2202 1966 2268 asseribus;
2003 2218 2075 2256 an

433 2291 858 2352 convenitillud
885 2291 943 2346 in
968 2291 1166 2346 eadem
1190 2290 1327 2361 poni
1361 2290 1640 2358 Ecclesia,
1657 2306 1773 2347 non
1796 2297 2078 2362 praesente

434 2385 536 2440 illo
566 2384 666 2455 qui
697 2384 1136 2448 commemorat,
1160 2380 1218 2435 in
1241 2395 1426 2451 eoque
1449 2381 1778 2437 sacrificare
1805 2381 2082 2436 orthodo-

435 2475 611 2532 διοωῖ
644 2474 768 2530 Non
827 2471 1258 2538 convenit;sed
1321 2472 1532 2543 potius,
1591 2488 1659 2527 ex
1715 2471 2079 2542 necessitate,

436 2565 497 2623 in
528 2562 826 2621 communi
859 2560 1297 2629 domo,delecto
1311 2563 1588 2633 quopiam
1607 2562 1911 2617 mundiore
1927 2560 2073 2618 loco.

511 2741 764 2811 Quinta;
796 2741 845 2796 si
879 2740 1170 2812 contingat
1201 2741 1262 2796 in
1306 2741 1514 2798 itinere
1565 2742 1950 2798 orthodoxum
1983 2757 2081 2799 vo-

439 2833 560 2889 cari
595 2849 628 2887 a
651 2829 954 2887 sacerdote
983 2830 1259 2902 quopiam
1282 2830 1370 2886 vel
1419 2831 1565 2888 laico
1623 2832 1694 2887 ad
1727 2832 2079 2901 convivium,

442 2926 500 2977 et
531 2928 756 2992 tempus
777 2919 857 2974 sit
888 2917 1571 2991 psalmodimmuomodo
1603 2919 1736 2976 licet
1764 2921 2084 2977 interesse?

443 3009 590 3080 Dixi,
618 3013 675 3066 et
705 3008 914 3064 iterum
947 3008 1110 3076 dico;
1141 3008 1344 3064 haeresi
1374 3009 1695 3076 obtinente,
1727 3026 1834 3066 nec
1873 3011 2086 3067 distur-

442 3101 575 3156 bata
595 3115 696 3171 per
717 3098 1014 3170 Synodum
1031 3099 1442 3169 orthodoxam,
1458 3115 1694 3154 necesse
1725 3107 1813 3155 est
1836 3099 2083 3155 interro-

1656 373 1720 428 S.
1766 365 2165 427 THEODORI
2213 368 2578 433 STUDITIE

490 507 779 571 Secunda,
811 505 882 560 de
936 502 1148 560 Christi
1207 503 1446 570 famulo,
1477 502 1576 574 qui
1625 502 1694 558 ad
1745 499 2064 557 oratorium
2095 499 2149 566 Α

3653 375 3789 436 1056

2249 500 2311 556 Ἡ
2380 501 2638 581 δευτέρα·
2708 505 2831 581 περὶ
2899 503 3264 581 φιλοχρίστου
3335 504 3794 579 προσκαλουμένου

2178 590 2253 652 εἷς
2292 593 2353 647 τὸ
2406 593 2690 670 εὐκτήριον
2736 597 2903 650 αὐτοῦ
2950 602 3178 665 ποιῆσαι
3229 593 3577 670 παννυχίδα·
3625 599 3706 650 καί
3750 597 3795 652 εἷ’

2177 675 2260 733 δεῖ
2303 678 2354 735 ἒν
2409 684 2558 754 αὐτῷ
2606 685 3034 759 λεισουργῆσαι·
3080 683 3169 738 καὶ
3217 684 3332 756 μεθ’
3382 684 3455 737 ὢν
3488 687 3594 758 χρή
3621 725 3635 741 .
3683 690 3795 740 ’Υπ-

2177 773 2492 843 ακουστέον,
2540 774 2630 828 καὶ
2689 773 2855 843 ἰτέον,
2906 773 2995 827 καὶ
3044 771 3403 847 συμψαλτέων
3451 771 3698 843 δηλονότι
3754 775 3796 829 εἲ

2181 858 2467 934 ὀρθόδοξος
2500 863 2528 917 6
2557 862 3042 937 προσκαλούμενος
3075 861 3165 916 καί
3197 864 3247 916 οἱ
3279 859 3582 936 ψαλτῳδοὶ,
3613 861 3799 937 φυλατ-

2179 949 2402 1023 τόμενοι
2423 951 2724 1032 ἀμφότεροι
2754 959 2854 1022 τῆς
2884 958 2994 1006 τῶν
3028 953 3311 1026 αἱρετικῶν
3342 951 3622 1013 κοινωνίας
3649 997 3660 1010 .
3707 953 3797 1007 Καὶ

2183 1042 2290 1113 μὴν
2332 1042 2422 1095 καὶ
2464 1041 2876 1119 λειτουργητέον
2930 1041 2980 1095 ἐν
3023 1045 3101 1112 τῷ
3151 1040 3442 1113 εύκτηρίῳ,
3492 1039 3543 1095 εἷ’
3583 1062 3641 1116 γε
3687 1041 3800 1112 ὁμο-

2179 1128 2380 1205 λογοίη
2415 1132 2442 1185 ὁ
2483 1131 2755 1208 κατέχων,
2809 1134 3002 1205 μηκέτι
3051 1130 3152 1184 όπὸ
3200 1131 3473 1204 αἱρετικοῦ
3524 1129 3648 1185 αὐτὸ
3694 1128 3801 1185 λει-

2176 1221 2529 1295 τουργεῖσθαι
2564 1263 2578 1276 .
2659 1220 2989 1296 Προείρηται
3069 1219 3171 1294 γὰρ
3227 1218 3514 1292 ἀναγκαῖον
3570 1219 3695 1273 εἶναι
3746 1219 3800 1274 τὸ

2181 1308 2453 1388 ἐπερωτᾷν
2488 1310 2540 1364 έν
2571 1315 2701 1366 πᾶσι
2734 1309 2822 1366 διά
2848 1313 2948 1379 τὴν
2982 1309 3259 1366 λυττῶσαν
3287 1308 3497 1386 α’ίρεσιν
3530 1353 3543 1366 .

2216 1399 2314 1454 -Ἡ
2371 1399 2568 1474 τρίτη·
2629 1398 2673 1455 εἰ
2724 1395 2891 1455 λάϐοι
2955 1422 3036 1463 τις
3095 1401 3241 1474 παρᾶ
3296 1421 3443 1462 τινος
3497 1397 3805 1470 Ἐκκλησίαν

2182 1485 2490 1562 ὀρθόδοξος,
2538 1486 2739 1544 ἔστιδὲ
2783 1490 3038 1559 συνήθεια
3083 1492 3180 1543 τοῦ
3226 1489 3344 1543 κατ’
3392 1487 3634 1544 ἐνιαυτὸν
3680 1489 3803 1561 ἅπαξ

2181 1574 2217 1644 ἢ
2251 1571 2333 1636 δὶς
2365 1577 2751 1650 συνηθροῖσθαι
2782 1574 2834 1630 ἐν
2866 1576 3003 1649 αὐτῇ
3037 1574 3189 1644 λαὸν,
3225 1576 3316 1630 καὶ
3365 1574 3417 1630 ἐν
3468 1580 3538 1649 τῇ
3573 1573 3807 1648 λειτουρ-

2180 1663 2271 1738 γίᾳ
2300 1664 2648 1739 ἀναφέρεσθαι
2677 1665 2765 1720 τὸν
2816 1665 3088 1739 αἱρετικόν
3115 1683 3128 1696 ·
3160 1667 3256 1718 τοῦ
3300 1665 3396 1738 μέν
3445 1662 3674 1738 ψάλλειν
3723 1663 3808 1717 έκ-

2184 1757 2294 1810 εῖσε
2321 1754 2458 1810 κατά
2486 1754 2723 1828 ἀνάγκην
2753 1755 3134 1830 συγχωρητέον
3161 1771 3174 1785 ·
3217 1753 3556 1830 λειτουργεῖν
3589 1751 3665 1822 δὲ,
3714 1749 3771 1808 οὔ
3795 1794 3808 1807 .

2103 1873 2152 1938 Β
2185 1839 2248 1898 Εἰ
2298 1838 2356 1896 δὲ
2408 1839 2629 1896 δυνατὸν
2679 1838 3004 1911 διακοπῆναι
3049 1841 3147 1910 τὴν
3203 1841 3513 1911 συνήθειαν,
3573 1840 3660 1894 καὶ
3715 1837 3810 1894 λει-

2184 1930 2514 2006 τουργητέον
2539 1975 2554 1989 .

2256 2024 2320 2078 ἸΙ
2368 2021 2628 2096 τετάρτῃ·
2678 2021 2723 2076 εἰ
2781 2019 3080 2091 Ἐκκλησία
3128 2019 3268 2076 ἐστὶν
3296 2018 3376 2100 ἔφ’
3497 2021 3526 2075 6
3575 2018 3811 2094 λειτουρυ

2185 2114 2292 2187 γῶν
2324 2110 2568 2188 ἀναφέρει
2599 2112 2688 2166 τὸν
2723 2111 2984 2185 αἱρετικόι
3016 2130 3030 2143 ·
3074 2106 3190 2186 ἔχει
3243 2107 3300 2164 δὲ
3329 2111 3357 2164 6
3389 2108 3682 2183 ὀρθόδοξος
3725 2112 3813 2164 θυ-

2188 2202 2500 2274 σιαστήριον
2558 2198 2995 2274 καθηγιασμένον
3047 2198 3098 2253 ἐν
3147 2195 3375 2268 σινδόνι,
3423 2199 3459 2267 ἢ
3513 2197 3567 2253 ἐν
3613 2195 3809 2252 σανίσι·

2186 2290 2451 2363 προσήκει
2499 2289 2632 2344 αὐτὸ
2688 2291 2903 2358 τεθῆναι
2959 2287 3010 2343 ἐν
3049 2292 3118 2362 τῇ
3167 2287 3305 2362 αὐτῇ
3362 2287 3684 2359 Ἐκκλησία,
3741 2287 3812 2359 μὴ

2187 2379 2451 2452 παρόντος
2477 2379 2573 2432 τοῦ
2614 2377 2995 2453 ἀναφέροντος,
3035 2379 3126 2432 καὶ
3167 2377 3218 2432 ἐν
3265 2379 3415 2450 αὐτῷ
3465 2375 3815 2450 συλλειτουρ-

2186 2473 2348 2544 γῆσαι
2377 2468 2470 2522 τὸν
2504 2466 2828 2542 ὁρθόδοξονς
2862 2469 2925 2522 οὐ
2956 2469 3242 2543 προσήκει,
3273 2465 3420 2523 ἀλλά
3464 2465 3677 2540 μᾶλλον
3709 2469 3814 2521 κατ’

2188 2555 2428 2632 ἀνάγκην
2470 2555 2523 2611 ἐν
2570 2562 2738 2630 κοινῷ
2787 2556 2944 2632 οἴκῳ,
2994 2556 3374 2634 ἐκλελεγμένῳ
3422 2558 3530 2612 τινὶ
3580 2559 3816 2633 καθαρω-

2187 2647 2330 2722 τέρῳ
2353 2645 2509 2717 τόπῳ
2535 2691 2548 2706 .

2260 2739 2325 2792 Ἥ
2357 2735 2578 2810 πέμπτη
2607 2755 2622 2769 ·
2655 2737 2700 2791 εἶ
2731 2737 2851 2792 καθ’
2890 2733 3012 2791 ὁδὸν
3059 2735 3221 2812 τύχοι
3268 2733 3560 2809 ὁρθόδοξον
3613 2736 3712 2791 ὑπὸ
3742 2757 3820 2790 τι-

2187 2846 2278 2888 νος
2336 2825 2631 2901 ἱερωμένον
2664 2826 2699 2895 ἢ
2741 2823 2935 2880 λαῖκοῦ
2982 2823 3394 2901 προσκληθῆναι
3435 2826 3510 2888 εἷς
3565 2826 3825 2880 συνεστία-

2192 2935 2273 2970 σιν
2301 2934 2315 2950 ⁸
2349 2913 2431 2986 εἴη
2467 2913 2524 2970 δὲ
2555 2915 2743 2989 καιρὸς
2773 2913 3102 2989 ψαλμῳδίας
3127 2936 3142 2950 ·
3173 2921 3291 2977 πῶς
3313 2912 3423 2970 ἔστι
3451 2913 3784 2990 διαγενέσθαι
3808 2932 3821 2982 ;

2194 3007 2374 3074 εἶπον,
2418 3005 2506 3060 καὶ
2539 3003 2705 3059 πάλιν
2757 3004 2938 3080 λέγω·
2992 3005 3246 3079 αἱρέσεως
3278 3003 3700 3080 ἐπικρατούσης,
3741 3003 3826 3059 καὶ

2195 3096 2271 3168 μή
2303 3089 2741 3164 καταϐληθείσης
2789 3091 2859 3149 δι’
2909 3094 3199 3169 ὀρθοδόξου
3245 3092 3496 3164 σύνὸδου,
3546 3095 3824 3168 ἀναγκαῖον

443 3205 580 3263 gare
608 3193 733 3244 tum
754 3187 813 3242 in
847 3188 1042 3243 divina
1074 3188 1526 3259 participatione,
1545 3192 1670 3244 tum
1705 3189 1761 3243 in
1783 3189 2084 3245 communi

2200 3186 2254 3240 τὸ
2321 3181 2600 3260 διερωτᾷν,
2665 3182 2753 3238 ἐπὶ
2817 3204 2875 3239 τε
2940 3190 3039 3248 τῆς
3105 3185 3249 3248 θείας
3305 3182 3692 3258 μεταλήψεως,
3745 3185 3827 3239 καὶ

2325 3282 2353 3292 ..
2445 3274 2459 3292 ς
2573 3276 2583 3292 .
2912 3275 2928 3292 ς
3023 3272 3124 3292 η..
3351 3275 3364 3292 ε
3544 3276 3558 3291 .
3738 3279 3763 3290 ..

444 3278 711 3336 convictu
745 3293 759 3332 :
793 3292 896 3332 nec
929 3277 1111 3333 ullum
1151 3278 1220 3332 ad
1271 3277 1393 3333 haec
1445 3286 1671 3350 tempus
1722 3280 2088 3351 intempesti-

448 3384 578 3424 vum
611 3371 722 3436 est,
755 3381 859 3422 nec
915 3367 1124 3438 pudori
1166 3366 1354 3424 locus.
1387 3368 1537 3439 Ergo
1581 3378 1640 3423 ut
1694 3386 1900 3440 panem
1953 3371 2086 3440 quis

448 3455 794 3528 simpliciter
807 3455 1052 3526 accipiat
1072 3472 1104 3511 a
1119 3470 1488 3528 quocunque,
1508 3457 1883 3529 interrogatio
1900 3474 2088 3513 neces-

448 3546 600 3601 saria
651 3561 766 3600 non
823 3549 943 3612 est;
977 3559 1164 3615 neque
1218 3548 1284 3599 ut
1339 3545 1490 3616 apud
1548 3544 1715 3600 illum
1773 3545 2087 3610 convivari,

448 3633 695 3691 seorsim
727 3634 992 3702 fortasse,
1015 3637 1072 3688 et
1097 3633 1350 3690 dormire
1393 3634 1584 3700 liceat,
1618 3635 1662 3689 si
1713 3640 1847 3690 ante
1895 3636 2089 3690 convi-

449 3728 574 3779 ctus
606 3739 718 3780 non
749 3727 837 3779 est
869 3723 1101 3779 haeresis
1131 3728 1233 3778 aut
1258 3722 1546 3794 nequitiae.
1577 3723 1658 3780 De
1706 3725 1926 3781 caeteris
1980 3741 2090 3782 au-

451 3817 565 3869 tem
591 3812 916 3868 necessario
948 3813 1446 3884 interrogandum.

522 3903 736 3970 Sexta;
767 3905 967 3957 utrum
999 3901 1057 3956 in
1085 3902 1331 3959 decursu
1365 3902 1590 3958 itineris
1622 3902 1792 3960 liceat
1819 3904 2090 3960 orthodo-

450 4008 544 4054 xo,
578 3992 627 4048 si
659 3990 974 4046 Ecclesiam
1009 3991 1133 4046 vico
1157 3991 1241 4047 vel
1283 3992 1414 4046 urbi
1466 3992 1713 4049 vicinam
1762 3994 2088 4064 offenderit,

450 4081 532 4137 ibi
562 4095 749 4148 orare,
785 4084 886 4136 aut
915 4080 1111 4147 etiam,
1144 4082 1282 4136 dum
1304 4081 1584 4137 laicorum
1619 4084 1787 4138 tectis
1812 4084 1893 4138 uti
1927 4084 2086 4153 vitat,

449 4171 513 4226 in
545 4187 610 4226 ea
641 4170 962 4226 diversari?
982 4171 1052 4226 Et
1100 4172 1385 4227 orandum
1437 4177 1495 4227 in
1555 4171 1676 4239 illa,
1708 4181 1761 4228 et
1803 4175 2090 4229 diverten-

455 4260 621 4328 dum,
652 4258 703 4314 si
726 4263 850 4315 sola
880 4259 990 4314 sit:
1025 4260 1129 4315 sed
1160 4265 1218 4315 et
1239 4261 1297 4314 in
1328 4259 1460 4317 laici
1501 4261 1722 4317 aedibus
1767 4261 1857 4318 vel
1902 4278 2091 4318 sacer-

455 4348 634 4415 dotis,
657 4353 919 4420 urgente,
935 4357 996 4404 ut
1017 4349 1238 4405 dictum
1254 4354 1364 4417 est,
1378 4350 1531 4406 horaa
1548 4351 1906 4419 necessitate,
1922 4352 2091 4408 indif-

453 4439 652 4494 ferens
686 4441 776 4492 est
832 4451 1088 4504 manere,
1130 4438 1519 4510 privatimque
1583 4440 1779 4496 cibum
1837 4457 2090 4509 sumere,

457 4527 681 4598 absque
711 4525 1188 4598 interrogatione,
1220 4535 1278 4598 gt
1307 4544 1432 4600 quae
1469 4529 1598 4584 usui
1643 4537 1776 4586 sunt
1805 4531 2091 4602 accipere;

455 4617 502 4672 si
535 4615 709 4671 modo
742 4615 792 4670 ei
827 4616 925 4686 qui
984 4616 1290 4687 excipitur,
1316 4623 1682 4688 perspectum
1740 4635 1856 4676 non
1904 4620 1995 4688 sit,
2030 4623 2094 4674 ut

455 4703 598 4773 dixi,
627 4703 809 4775 impie
839 4703 1142 4760 veleontra
1177 4703 1332 4774 leges
1358 4705 1546 4762 vivere
1579 4721 1710 4762 eum
1746 4708 2093 4780 quiexcipit.

455 4794 632 4850 Extra
697 4793 1105 4849 necessitatem
1145 4809 1300 4861 vero,
1343 4811 1459 4850 non
1517 4799 1606 4851 est
1636 4797 1845 4851 bonum
1880 4803 2095 4853 temere

457 4884 588 4953 ista,
605 4899 731 4954 quae
761 4883 914 4938 dicta
929 4886 1086 4950 sunt,
1109 4883 1445 4951 admittere;
1462 4885 1561 4940 sed
1579 4885 1858 4941 sciscitari
1874 4887 2093 4959 etapud

458 4973 843 5030 orthodoxum
877 4971 1178 5040 divertere,
1211 4976 1266 5026 et
1320 4973 1393 5028 ab
1437 4973 1537 5028 illo
1590 4979 2000 5044 commeatum,
2033 4991 2096 5031 se

458 5077 606 5134 opus
628 5065 736 5129 est,
768 5061 1045 5131 accipere.
1073 5060 1168 5116 Sic
1205 5060 1358 5116 enim
1398 5078 1502 5133 per
1529 5071 1757 5119 sanctos
1780 5080 1916 5120 suos
1948 5081 2096 5136 pra)-

459 5150 612 5222 cepit
635 5149 940 5206 Dominus.
980 5150 1318 5218 Presbytero
1339 5159 1392 5206 et
1421 5152 1726 5222 praeposito
1775 5158 1926 5210 recte
1973 5169 2095 5209 res-

459 5241 738 5314 pondisti,
762 5239 1084 5311 prohibitos
1115 5255 1238 5296 esse
1268 5257 1302 5296 a
1331 5241 1653 5298 ministerio
1684 5259 1781 5300 eos
1813 5244 1909 5315 qui
1941 5259 2098 5301 nunc

459 5328 950 5389 ordinatisuntab
981 5344 1048 5385 eo
1062 5329 1163 5401 qui
1193 5335 1460 5402 repertus
1481 5333 1587 5397 est,
1620 5332 1998 5405 etiamsi'ipse
2021 5334 2100 5388 di-

460 5417 804 5477 eeret:Male
835 5427 961 5477 acta
989 5422 1080 5474 est
1110 5419 1388 5491 synodus,
1409 5423 1466 5474 et
1479 5420 2097 5491 periimus.Curenim,

462 5525 595 5567 cum
655 5509 927 5578 fateatur,
958 5524 1064 5567 non
1123 5509 1275 5581 fugit
1330 5508 1594 5580 exitium,
1653 5512 1982 5570 subducens
2035 5527 2102 5568 ac

461 5601 534 5656 ab
556 5599 783 5667 haeresi,
808 5603 873 5655 ut
888 5600 1044 5671 apud
1075 5599 1255 5656 Deum
1283 5604 1511 5655 maneat
1527 5600 1835 5675 episcopus
1856 5604 1884 5659 ?
1900 5619 1965 5660 ac
1986 5606 2102 5658 sta-

462 5690 571 5747 tim
602 5689 989 5762 acceptabiles
1019 5694 1192 5748 erunt
1231 5689 1360 5762 ejus
1389 5687 1803 5750 ordinationes.
1832 5695 1949 5752 Aut
1975 5709 2102 5766 cur,

2196 3282 2387 3344 κοινῆς
2441 3274 2772 3337 ἑστιάσεως·
2841 3275 2929 3329 καὶ
2981 3272 3157 3336 οὐδεὶς
3213 3275 3402 3349 καιρὸς
3459 3276 3601 3349 πρὸς
3673 3279 3827 3332 ταῦτα

2197 3363 2381 3426 αἰδοῦς
2432 3363 2524 3419 καὶ
2583 3363 2822 3438 ἀωρίας.
2882 3359 3077 3418 Λαϐεῖν
3138 3363 3232 3436 μὶν
3285 3365 3388 3440 γὰρ
3434 3362 3597 3440 ἄρτον
3647 3364 3828 3424 ἁπλῶς

2195 3454 2342 3529 παρά
2368 3458 2466 3508 τοῦ
2495 3455 2781 3529 τυχόντος,
2816 3453 2916 3508 οὒκ
2943 3453 3228 3530 ἀναγκαῖον
3261 3453 3340 3516 εἷς
3387 3453 3657 3528 ἐρώτησιν
3680 3473 3693 3488 ο
3747 3459 3826 3508 καί

2197 3547 2323 3619 παρ’
2362 3543 2510 3616 αὖτῷ
2540 3542 2872 3614 έστιαθῆναι,
2914 3543 3226 3617 καταμόνας
3272 3543 3464 3622 τυχὸν,
3511 3543 3605 3598 καὶ
3654 3564 3827 3599 κοιτα-

2200 3636 2414 3705 σθῆναι,
2465 3633 2512 3687 εἰ
2573 3635 2718 3708 μήγε
2765 3633 3214 3709 προεγνωσμένος
3264 3633 3403 3688 ἐστὶν
3455 3631 3508 3688 ἐν
3556 3633 3754 3709 αἱρέσει
3793 3633 3826 3701 ἢ

2199 3722 2362 3795 λακίᾳ
2388 3767 2401 3780 .
2431 3719 2652 3798 Περὶδέ
2694 3727 2800 3778 τῶν
2861 3721 3070 3778 λοιπῶν
3118 3720 3168 3797 ἐξ
3219 3721 3453 3798 ἀνάγκης
3501 3722 3824 3797 ἐρωτητέον.

2270 3907 2334 3958 Ἦ
2391 3902 2563 3974 ἕκτη·
2625 3905 2670 3957 εἰ
2737 3901 2871 3958 κατά
2936 3900 3174 3977 πάροδον
3241 3903 3464 3978 εὑρόντα
3547 3901 3830 3978 ὀρθόδοξον

2201 3991 2532 4062 Ἐκκλησίαν
2565 3991 2972 4062 πλησιάζουσαν
3002 3995 3166 4064 κώμῇ
3215 3991 3250 4060 ἢ
3283 3989 3465 4059 πόλει,
3512 3990 3634 4047 δέον
3679 3989 3827 4046 αὐτόν

2201 4080 2446 4151 εὔξασθαι
2498 4081 2628 4149 ἐκεῖ,
2679 4083 2713 4149 ἤ
2763 4083 2854 4136 καὶ
2901 4080 3223 4150 καταλῦσαι,
3278 4079 3545 4156 φεύγοντα
3591 4082 3824 4157 ὑφέστιον

2199 4173 2440 4249 γενέσθαι
2470 4173 2719 4238 λαϊκοῖς;
2769 4171 2864 4224 Κσὶ
2914 4170 3148 4240 εὐκτέον,
3197 4169 3287 4224 καὶ
3331 4169 3682 4240 καταλυτέον,
3728 4167 3829 4244 εἶ’γε

2207 4261 2342 4334 μόνη
2383 4259 2524 4314 ἐστίν
2551 4279 2564 4291 ·
2599 4259 2744 4313 ἀλλά
2774 4259 2862 4313 καὶ
2893 4259 2969 4322 εἰς
2998 4258 3168 4313 οἰκίαν
3199 4257 3416 4328 λαί’κοῦ,
3449 4257 3484 4326 ἤ
3516 4257 3826 4334 ἱερωμένου,

2203 4352 2277 4412 ὡς
2337 4347 2549 4423 εἷ’ρηται
2607 4347 3030 4424 κατεπειγούσης
3089 4346 3376 4421 ἀναγκαίας
3460 4345 3632 4420 ὥρας,
3687 4343 3829 4401 ἀδιά-

2203 4439 2371 4516 φορόν
2403 4435 2512 4492 ἐστι
2557 4441 2752 4510 μεῖναι,
2801 4436 2891 4490 καὶ
2941 4435 3251 4504 ἐστιαθῆναι
3297 4436 3412 4491 καθ’
3461 4435 3670 4505 ἑαυτὸν,
3716 4434 3829 4488 ἄνευ

2204 4527 2522 4603 ἐρωτήσεως
2549 4548 2560 4560 ·
2620 4525 2712 4580 καὶ
2775 4522 2960 4580 λαϐεῖν
3007 4526 3073 4580 τά
3119 4526 3254 4601 πρὸς
3306 4523 3494 4600 χρείαν
3523 4541 3540 4556 ·
3589 4523 3718 4600 εἷ’γε,
3763 4522 3830 4584 ὡς

2122 4589 2170 4656 D
2203 4589 2378 4688 είπον,
2434 4618 2509 4688 μὴ
2573 4615 2658 4686 εἴη
2719 4617 2746 4669 ὁ
2795 4589 3205 4692 ὗποόεχόμενός
3275 4589 3726 4691 προεγνωσμένος
3762 4615 3833 4684 τῷ

2209 4705 2566 4782 ὑποδεχθέντι
2598 4702 2806 4761 ἀσεϐῶν
2834 4704 2871 4776 ἤ
2905 4707 3122 4780 ἀνόμων
3148 4749 3162 4763 .
3192 4704 3345 4776 Πλὴν
3393 4704 3450 4761 δὲ
3481 4705 3742 4784 ἀνάγκης,
3776 4701 3831 4758 οὖ

2204 4795 2373 4850 καλὸν
2404 4796 2478 4856 ὡς
2508 4793 2667 4870 ἔτυχε
2702 4797 2769 4849 τά
2812 4793 3190 4869 προρρηθέντα
3239 4789 3668 4864 καταδέξασθαι·
3715 4788 3836 4846 ἀλλ’

2205 4883 2430 4958 ἐρωτᾷν,
2481 4885 2566 4938 καὶ
2628 4885 2772 4958 παρὰ
2826 4886 2904 4956 τῷ
2959 4881 3233 4958 ὀρθοδόξῳ
3281 4882 3610 4938 καταλύειν·
3660 4881 3744 4936 καὶ
3792 4877 3832 4933 εί

2207 4973 2391 5052 χρεία,
2441 4975 2566 5048 παρ’
2627 4974 2788 5028 αὐτοῦ
2845 4972 3034 5050 ἐφόδια
3077 4973 3283 5048 αἶ’ρειν·
3347 4972 3488 5027 οὕτω
3535 4973 3635 5048 γάρ
3667 4972 3695 5025 6
3739 4968 3830 5026 Κύ-

2210 5084 2326 5139 ριος
2387 5061 2688 5119 ἐντέλλεται
2732 5062 2820 5118 διά
2855 5067 2963 5138 γῶν
3012 5063 3177 5138 ἀγίων
3224 5060 3424 5120 αῢτοῦ.
3478 5064 3573 5134 Τῷ
3617 5053 3833 5134 πρεσϐυ-

2207 5149 2349 5227 τέρῳ
2379 5153 2469 5207 καὶ
2500 5151 2788 5226 ἡγουμένῳ
2818 5151 3004 5215 καλῶς
3052 5151 3367 5228 ἀπεκρίθης,
3417 5150 3704 5225 εἶρχθῆναι
3741 5154 3831 5216 τῆς

2210 5239 2558 5317 λειτουργίας
2610 5238 2738 5302 τοὺς
2786 5239 2898 5294 νυνὶ
2948 5238 3429 5317 χειροτονηθέντας
3475 5237 3580 5292 ὑπὸ
3624 5239 3719 5290 τοῦ
3761 5232 3833 5287 εύι

2211 5331 2474 5404 ρεθέντος,
2525 5327 2781 5404 λέγοντος
2832 5326 2891 5383 δὲ
2947 5330 3121 5401 ὁμως,
3181 5326 3264 5384 ὅτι
3320 5331 3500 5389 κακῶς
3559 5325 3758 5400 ἐγένετο
3800 5322 3832 5388 ἡ

2210 5416 2458 5491 σύνοδος,
2491 5420 2581 5474 καὶ
2629 5416 3001 5492 ἀπολώλαμεν
3025 5461 3037 5475 .
3083 5420 3181 5473 Διά
3211 5417 3263 5472 τί
3302 5419 3403 5494 γάρ
3451 5415 3738 5490 ὁμολογῶν
3777 5408 3832 5465 οὖ

2209 5509 2391 5588 φεύγει
2441 5511 2540 5579 τήν
2591 5505 2893 5575 ἀπώλειαν,
2943 5504 3279 5562 διαστέλλων
3328 5505 3514 5560 ἑαυτὸν
3553 5505 3650 5572 τὴς
3693 5497 3831 5573 αἱρέο

2211 5619 2372 5667 σεως,
2399 5598 2487 5653 ’ίνα
2541 5596 2676 5672 μένῃ
2721 5596 2867 5670 παρά
2914 5600 3030 5668 Θεῷ
3080 5595 3370 5657 ἐπίσκοπος
3397 5615 3411 5664 ;
3443 5594 3532 5649 καὶ
3571 5591 3700 5648 εἰσὶν
3748 5588 3834 5642 a6-

2209 5693 2313 5746 τοῦ
2345 5685 2528 5745 δεκταὶ
2567 5688 2623 5742 αἱ
2666 5684 3004 5763 χειροτονίαι
3054 5683 3245 5741 αὐτίκα
3272 5727 3288 5744 .
3317 5686 3386 5741 Ἤ
3419 5682 3517 5739 διὰ
3535 5683 3586 5739 τί
3631 5679 3834 5756 προκει-
