4084 6284
451 348 608 410 1059

1696 346 1762 406 S.
1807 342 2198 406 THEODORI
2246 341 2611 404 STUDITE

3668 344 3800 408 1060

449 480 570 537 illis
621 481 952 552 frequenter
983 478 1312 550 signiﬁcare
1367 477 1570 545 vultis;
1605 479 1936 535 consultum
1971 480 2086 535 fore

2204 474 2237 543 ἢ
2288 476 2376 529 καὶ
2431 472 2584 528 αἱ)τοὶ
2641 473 2910 536 πολλάκις
2961 473 3141 531 θέλετε
3199 473 3402 546 δηλοῦν
3451 478 3568 551 περὶ
3610 477 3804 538 αὐτῶν.

451 571 612 640 duxi,
647 570 942 642 simulque
1000 569 1231 625 brevius
1273 573 1331 624 et
1355 567 1656 636 occultius,
1689 585 1758 624 ex
1787 569 2092 626 clementis

2203 562 2482 632 ἐσκόπησα
2536 561 2705 618 καλὸν
2758 564 2914 633 εἶναι,
2966 565 3108 639 ὁμοῦ
3163 585 3220 619 τε
3265 561 3352 620 διὰ
3392 566 3455 620 τὸ
3504 570 3806 642 συντομώτε-

451 677 552 716 seu
577 659 777 731 viginti
818 661 1062 730 quatuor
1118 657 1325 714 litteris
1372 657 1501 713 illos
1556 656 1862 730 designari,
1896 663 1961 714 ut
2018 659 2086 713 sit

2199 671 2292 725 ρον
2338 651 2429 706 καὶ
2480 650 2958 727 ἐπικρυπτότερον,
3007 651 3114 707 ἀπὸ
3160 657 3268 707 τῶν
3320 653 3620 728 στοιχείων,
3659 657 3806 731 ἤγουν

449 749 763 807 nimirum.

524 967 577 1002 α.
605 947 796 1004 Patris
829 947 1036 1003 nostri.

528 1019 581 1092 β.
610 1018 1072 1102 ῥιςοῇἱθρίδοορὶ.

563 1130 578 1145 .
603 1089 882 1162 Calogeri.

560 1204 574 1218 .
599 1160 927 1217 Athanasii.

523 1251 568 1289 ε.
603 1231 1012 1305 Barsanupbii.

524 1308 574 1372 ζ.
611 1304 857 1360 Nicolai.

521 1395 582 1448 η.
617 1374 958 1448 Sophronii.

523 1447 574 1502 θ.
608 1446 931 1519 γΕιιῑὴγωὶἰ.

525 1537 564 1573 ι.
598 1518 912 1574 Joannicii.

520 1609 575 1646 κ.
609 1589 945 1646 Domitiani.

525 1658 580 1717 λ.
613 1662 941 1717 (Ἐοοηοωὶ.

527 1752 586 1804 μ.
619 1733 862 1788 Arsenii.

519 1823 570 1860 ν.
599 1805 812 1860 Acacii.

521 1876 568 1944 ξ.
601 1875 838 1932 Meletii.

523 1966 574 2003 ο.
607 1947 872 2003 Luciani.

521 2039 585 2076 π.
615 2017 948 2090 Epiphanii.

520 2090 819 2242 5:132:33.
980 2232 989 2242 _

520 2254 570 2286 τ.
608 2233 1047 2290 Euschemonie.

522 2325 573 2360 υ.
605 2304 844 2359 Silvani.

522 2397 576 2452 φ.
613 2374 987 2452 Euprepiani.

520 2447 580 2520 χ.
617 2447 896 2520 Gregorii.

519 2518 578 2591 ψ.
615 2518 920 2591 Eustathii.

519 2590 584 2644 ω.
619 2590 835 2646 Meum.

521 2695 764 2761 Quando
789 2694 967 2767 igitur
997 2695 1054 2748 in
1089 2693 1710 2765 inscriptioneafﬁxum
1737 2698 1824 2750 est
1853 2693 2085 2764 aliquod

449 2785 828 2854 elementum,
861 2783 1175 2854 cujusnam
1204 2782 1274 2836 sit
1306 2782 1554 2852 epistola
1583 2783 1755 2854 plane
1786 2783 2040 2839 declarat
2072 2801 2085 2838 :

448 2874 610 2930 verbi
649 2873 906 2946 gratia;a
937 2872 1116 2927 Patris
1147 2872 1436 2928 nostrizet
1466 2872 2094 2944 unumquodquesimi-

448 2962 599 3018 liter.
632 2962 875 3032 Rursus,
897 2961 1294 3031 interrogante
1336 2977 1447 3017 me.
1481 2964 1779 3028 Quomodo
1831 2961 1980 3016 valet
2012 2961 2090 3033 [3?

449 3051 668 3108 clarum
709 3049 1082 3120 estintelligi,
1104 3051 1173 3105 de
1190 3049 1626 3122 archiepiscopo
1657 3065 1786 3106 esse
1817 3049 2088 3120 quaestio-

450 3157 604 3198 nem.
637 3141 850 3197 Eodem
901 3139 1074 3194 modo
1133 3154 1266 3194 cum
1324 3138 1532 3194 iterum
1584 3140 1896 3211 interrogo,
1929 3139 2082 3204 Quo-

2196 745 2305 796 τῶν
2356 741 2804 815 εἱκοσιτεσσάρων
2855 743 3217 817 γραμμάτων,
3265 742 3497 805 τούτους
3544 741 3812 816 έπιδηλοῦ-

2201 831 2321 885 σθαι
2355 848 2370 863 ·
2400 829 2490 885 καὶ
2523 827 2589 899 δὴ
2623 828 2790 905 λέγω,

2271 938 2347 994 Τὸ
2379 956 2411 1011 α
2434 940 2532 991 τοῦ
2563 937 2773 1011 Πατρὸς
2807 939 2991 1010 ἡμῶν.

2269 1011 2340 1083 To
2374 1007 2406 1082 β
2436 1012 2534 1083 τοῦ
2565 1007 3060 1083 Ἀρχιεπισκὸπου.

2269 1081 2341 1155 To
2425 1081 2523 1134 τοῦ
2555 1081 2904 1155 Καλογήρου.

2280 1099 2341 1135 Io
2363 1099 2406 1208 ξ
2425 1101 2523 1134 του
2557 1099 2898 1155 ιαΛογηρου.

2273 1153 2344 1207 Τὸ
2434 1155 2534 1207 τοῦ
2563 1153 2898 1209 Ἀθανασίου.

2268 1224 2338 1302 To
2368 1245 2393 1280 ε
2419 1227 2522 1302 τοῐξ
2549 1225 2978 1302 Βαρσανουφίου.

2269 1295 2394 1366 Tac
2428 1298 2526 1350 τοῦ
2575 1293 2875 1351 Νικολάου.

2268 1368 2346 1446 Τρ
2375 1389 2410 1446 ῃ
2443 1369 2540 1446 τοῦ
2564 1368 2914 1446 ἓρφρενίου·

2267 1439 2343 1511 Τὸ
2375 1441 2403 1493 θ
2433 1441 2530 1493 τοῦ
2563 1439 2862 1511 Εὐθυμίου.

2267 1508 2337 1565 Τὰ
2373 1532 2388 1565 ι
2416 1513 2517 1565 τοῦ
2546 1508 2905 1569 Ἰωαννικίου.

2269 1583 2342 1637 Τὸ
2371 1603 2406 1637 κ
2433 1584 2530 1638 τοῦ
2571 1587 2923 1653 Δομετιανοῦ.

2269 1655 2338 1727 Τὸ
2370 1653 2403 1709 λ
2447 1656 2548 1707 τοῦ
2587 1653 2922 1727 Οἷκονὸμου.

2267 1726 2342 1800 To
2379 1749 2419 1798 μ
2446 1729 2543 1780 τοῦ
2560 1726 2871 1800 λἈρσενίου.

2267 1797 2335 1850 Τὸ
2366 1796 2391 1849 ν
2435 1800 2528 1851 τοῦ
2556 1796 2836 1852 Ἀκακίου.

2268 1870 2337 1923 Τὸ
2371 1870 2395 1939 ξ
2426 1872 2522 1924 τοῦ
2555 1867 2842 1924 Μελετίου.

2274 1941 2342 1994 Τὸ
2392 1961 2419 1994 o
2449 1943 2546 1994 τοῦ
2575 1943 2900 1997 Λουκιανοῦ.

2274 2011 2342 2086 Τὸ
2371 2032 2411 2065 π
2439 2015 2536 2066 τοῦ
2557 2011 2892 2086 Ἐπιιρανίου,

2273 2085 2342 2157 Τὸ
2373 2104 2402 2157 ρ
2432 2087 2530 2137 τοῦ
2562 2084 2778 2157 Λητᾷη.

2272 2156 2346 2210 Τὸ
2368 2153 2399 2208 σ
2427 2158 2529 2210 τοῦ
2559 2153 2870 2211 Βασιλείου.

2273 2225 2342 2301 To
2372 2245 2402 2279 τ
2440 2230 2536 2279 τοῦ
2567 2224 2956 2301 Ειξσχήμονος.

2272 2298 2342 2350 Τὸ
2372 2319 2402 2351 υ
2430 2301 2527 2352 τοῦ
2559 2298 2888 2352 Σιλουανοῦ.

2271 2369 2340 2446 To
2372 2391 2407 2446 φ
2436 2372 2534 2446 τοῖξ
2567 2366 2960 2446 Εὒπρεπιανοῦ,

2270 2440 2339 2514 Τὸ
2440 2440 2535 2494 τοῦ
2568 2440 2900 2514 Γρηγορίου.

2280 2461 2339 2493 ιο
2371 2461 2412 2514 χ
2440 2461 2535 2494 του
2568 2461 2749 2514 ι’ρηγο
2793 2461 2894 2495 ιου.

2272 2513 2341 2586 To
2374 2515 2412 2586 ψ
2441 2461 2894 2586 τοῦίΕὸσταείου.

2272 2584 2340 2638 Τὸ
2367 2583 2412 2636 ω
2444 2583 2504 2638 τὸ
2533 2583 2722 2656 Ἐμόν.

2273 2691 2400 2743 Ὅτε
2428 2689 2606 2744 τοίνυν
2657 2695 2832 2746 κεῖται
2885 2689 2936 2744 ἐν
2992 2691 3062 2762 τῇ
3115 2686 3390 2765 ἐπιγραφῇ
3443 2708 3498 2742 τι
3561 2690 3836 2761 στοιχεῖον,

2202 2779 2264 2833 οὗ
2295 2778 2440 2839 τινός
2472 2776 2612 2834 ἔστιν
2642 2781 2676 2848 ἡ
2727 2776 2991 2846 ἐπιστολή
3051 2777 3265 2838 πάντως
3333 2774 3640 2852 ἐγνωρίσθη
3675 2795 3686 2807 ·
3728 2775 3836 2828 οἷον

2199 2869 2262 2924 τὸ
2295 2889 2348 2938 α,
2380 2872 2478 2923 τοῦ
2520 2869 2730 2943 Πατρὸς
2762 2870 2927 2940 ἡμῶν
2955 2885 2969 2900 ⁸
3019 2867 3109 2921 καὶ
3156 2862 3383 2920 ἕκαστον
3433 2863 3712 2928 ὡσαύτως.
3743 2863 3840 2917 Πά-

2201 2957 2290 3012 λιν
2321 2955 2639 3033 έρωτῶντός
2673 2978 2798 3030 μου,
2831 2960 2956 3018 Πῶς
2988 2953 3106 3034 ἔχει
3135 2955 3200 3010 τὸ
3231 2956 3263 3029 β
3300 2976 3315 3024 ;
3348 2951 3522 3023 δῆλον
3559 2952 3643 3010 ὅτι
3693 2951 3841 3029 έγνωο

2202 3046 2358 3123 ρῖσθη
2409 3048 2532 3123 περὶ
2581 3051 2677 3102 τοῦ
2735 3045 3167 3121 ἀρχιεπισκόπου
3235 3045 3505 3113 εἶναιτὴν
3569 3043 3838 3119 ἐρώτησιν.

2203 3135 2438 3210 Ὁμοίως
2487 3135 2540 3191 έν
2588 3141 2667 3208 τῷ
2715 3134 2884 3190 πάλιν
2925 3132 3194 3209 ἐρωτῆσαί
3249 3155 3336 3207 με,
3370 3137 3496 3197 Πῶς
3544 3131 3757 3209 ἔχουσιν
3791 3130 3837 3186 οἷ

448 3231 623 3288 modo
656 3230 848 3286 valent
869 3229 968 3300 qui
1000 3244 1134 3284 cum
1163 3227 1246 3300 βῖ
1271 3229 1640 3300 perspicuum
1675 3233 1784 3299 est,
1810 3209 1980 3300 quod
2012 3228 2082 3286 de

2199 3226 2401 3300 περὶτὸ
2435 3226 2465 3299 β
2502 3243 2515 3294 ;
2548 3225 2774 3302 φανερὸν
2825 3223 2908 3280 ὅτι
2955 3225 3080 3297 περὶ
3126 3227 3232 3279 τῶν
3271 3222 3437 3278 ὖντων
3472 3225 3592 3297 μετ’
3621 3221 3835 3290 αὑτοῦὴ

448 3321 524 3377 iis
544 3321 645 3392 qui
685 3335 817 3375 cum
878 3317 978 3374 illo
1029 3326 1191 3385 sunt,
1223 3317 1300 3372 sit
1329 3317 1742 3391 interrogatio;
1773 3318 2088 3390 eodemque

450 3410 622 3465 modo
640 3408 696 3464 in
710 3407 934 3464 caeteris
947 3406 1270 3464 elementis.
1303 3406 1526 3463 Rursus
1545 3407 1658 3463 alia
1681 3408 2087 3480 interrogatio:

451 3498 599 3565 Quid
643 3497 898 3552 audibus
945 3497 1016 3552 de
1045 3515 1086 3549 π
1115 3495 1200 3552 vel
1235 3496 1304 3551 de
1338 3497 1470 3568 pvcl
1501 3496 1570 3552 de
1601 3497 1638 3568 ψ
1661 3496 1689 3551 ?
1735 3498 1805 3553 ad
1857 3496 2087 3570 singula

449 3587 732 3644 elementa
761 3595 844 3643 est
866 3586 1187 3656 responsio.
1226 3585 1476 3640 Rursum
1503 3603 1698 3658 quaero
1732 3603 1745 3640 :
1778 3587 1917 3650 Quis
1949 3586 2086 3643 foris

451 3676 726 3732 advenit?
755 3675 1104 3747 respondere
1136 3690 1236 3729 vos
1277 3679 1500 3744 oportet
1531 3675 1694 3744 juxta
1733 3675 2083 3731 elementum

448 3765 538 3820 vel
569 3786 602 3833 η
636 3765 721 3820 vel
753 3784 780 3817 ο
813 3763 898 3821 vel
923 3781 991 3820 ex
1022 3763 1294 3836 reliquis;
1327 3769 1448 3829 aut,
1480 3763 1604 3819 Non
1659 3765 1814 3820 venit
1847 3786 1878 3834 η
1914 3765 2000 3820 vel
2031 3785 2083 3835 ο,

450 3855 550 3910 sed
577 3854 672 3926 qui
704 3869 836 3909 cum
879 3873 912 3922 η
946 3853 1030 3908 vel
1059 3871 1090 3904 ο
1121 3857 1206 3908 tot
1235 3869 1479 3908 numero
1513 3871 1526 3910 :
1561 3855 1713 3924 quod
1750 3855 1857 3910 hoc
1883 3853 1968 3910 vel
2028 3855 2085 3910 il-

448 3944 549 3999 lud
582 3944 662 3999 illi
694 3944 982 4000 elemento
1005 3942 1297 3999 acciderit.
1335 3942 1559 3998 Rursus
1609 3943 1804 4014 itaque
1852 3945 2084 4014 quando

449 4049 605 4090 mors
640 4033 832 4090 :Obiit
890 4033 997 4088 hoc
1047 4032 1432 4096 elementum;
1481 4031 1591 4100 vel,
1644 4037 1904 4104 Egrotat
1933 4051 1948 4100 ;
1977 4033 2085 4101 vel,

449 4122 616 4179 Dolet
649 4139 664 4177 :
697 4129 754 4180 et
805 4123 918 4178 alia
975 4121 1260 4194 quaelibet.
1292 4122 1453 4185 Quod
1515 4122 1564 4176 si
1613 4122 1739 4192 quis
1759 4126 1843 4178 est
1885 4123 1983 4194 qui
2013 4124 2085 4178 ab

452 4213 736 4270 elemento
767 4211 983 4282 aliquid
1009 4226 1218 4281 passus
1257 4211 1371 4278 sit;
1406 4227 1616 4266 nomen
1659 4227 1890 4282 quoque
1933 4211 2086 4266 indi-

449 4308 666 4367 cantes,
698 4300 852 4356 verbi
885 4299 1071 4372 gratia
1099 4299 1170 4356 de
1201 4299 1636 4370 Christophoro,
1671 4301 1819 4370 quod
1845 4301 2088 4373 aufuge-

450 4393 527 4448 rit
555 4392 625 4446 ab
655 4409 698 4461 ε,
715 4389 869 4461 quod
889 4393 946 4445 et
960 4389 1174 4444 factum
1204 4393 1310 4445 est.
1326 4388 1468 4444 Cum
1483 4405 1619 4462 ergo
1637 4391 1898 4447 missasa
1919 4390 2086 4448 nobis

449 4480 670 4536 litteras
701 4477 980 4549 accipitis,
1013 4477 1062 4534 si
1084 4494 1149 4534 ex
1178 4477 1601 4534 elementorum
1635 4495 1882 4536 numero
1914 4484 2005 4536 est
2037 4479 2087 4535 is

2195 3314 2461 3390 ἐρώτησις
2498 3333 2512 3347 ·
2555 3312 2814 3376 ὡσαύτως
2873 3310 2960 3368 ἔπὶ
2989 3317 3097 3367 τῶν
3142 3311 3352 3368 λοιπῶν
3383 3311 3700 3388 στοιχείων.
3743 3308 3836 3365 Πά-

2197 3403 2284 3460 λιν
2319 3403 2469 3475 ἑτέρα
2499 3401 2766 3478 ἐρώτησις
2796 3421 2810 3435 ·
2843 3402 2903 3457 Τί
2933 3401 3154 3458 ἀκούετε
3191 3401 3315 3476 περὶ
3361 3404 3458 3456 τοῦ
3487 3422 3529 3456 π
3562 3417 3579 3433 ⁸
3629 3401 3664 3471 ἢ
3722 3401 3836 3474 περὶ

2191 3498 2290 3550 τοῦ
2321 3514 2349 3567 ρ
2385 3513 2399 3526 ⁸
2432 3494 2468 3562 ἢ
2497 3495 2622 3568 περὶ
2649 3497 2746 3548 τοῦ
2777 3496 2815 3567 ψ
2853 3511 2866 3562 ;
2914 3490 3051 3568 πρὸς
3095 3488 3150 3548 ’έν
3206 3488 3428 3547 ἕκαστον
3486 3495 3760 3566 στοιχεῖον
3801 3491 3834 3557 ἡ

2195 3581 2504 3656 ἀπόκρισις.
2567 3581 2737 3638 Πάλιν
2797 3581 3009 3658 ἐρωτῶ,
3065 3579 3158 3644 Τίς
3218 3579 3385 3650 ἦλθεν
3432 3581 3490 3636 ἐκ
3535 3584 3648 3636 τῶν
3697 3575 3834 3650 ἔξῶ;

2195 3669 2313 3727 δέον
2347 3671 2488 3743 ὒμᾶς
2521 3669 2882 3745 ἀποκριθῆναι
2913 3671 3050 3725 κατὰ
3079 3671 3142 3725 τὸ
3191 3675 3468 3744 στοιχεῖον
3503 3689 3515 3702 ·
3553 3671 3590 3739 ἢ
3647 3667 3727 3724 ὅτι
3779 3666 3835 3721 τὸ

2195 3785 2253 3832 η,
2287 3761 2322 3831 ἢ
2357 3760 2441 3816 ὅτι
2471 3762 2533 3816 τὸ
2568 3783 2619 3828 o,
2651 3764 2686 3832 ἢ
2719 3759 2779 3817 ἔκ
2808 3765 2915 3816 τῶν
2940 3759 3152 3816 λοιπῶν
3186 3803 3200 3817 .
3233 3761 3268 3830 ἢ
3303 3760 3402 3816 οὐκ
3441 3760 3666 3831 εἰσῆλθε
3691 3760 3752 3815 τὸ
3781 3781 3833 3829 η,

2196 3854 2230 3924 ἢ
2261 3852 2324 3907 τὸ
2357 3874 2411 3920 ο,
2443 3849 2569 3905 ἀλλ’
2603 3853 2654 3905 οἱ
2682 3853 2804 3926 περῖ
2834 3853 2896 3906 τὸ
2929 3874 2986 3922 η,
3019 3854 3054 3922 ἢ
3092 3852 3158 3906 τὸ
3191 3872 3241 3915 ο,
3273 3853 3425 3906 τόσοι
3460 3869 3472 3881 ·
3525 3851 3613 3906 ὅτι
3661 3852 3835 3925 γέγονε

2194 3939 2319 3997 τόδε
2347 3940 2562 3996 κᾶκεῖνο
2595 3940 2670 4002 εἷς
2701 3941 2763 3994 τὸ
2815 3938 2960 3995 δεῖνα
3017 3945 3313 4015 στοιχεῖον.
3361 3943 3486 3994 Ὅτε
3535 3942 3632 3993 οὖν
3683 3940 3832 3994 θάνα-

2193 4052 2286 4094 τος
2318 4030 2483 4086 πάλιν
2518 4051 2529 4062 ο
2565 4029 2824 4086 Ἀπέθανε
2853 4027 2978 4085 τόδε
3006 4031 3068 4086 τὸ
3101 4035 3407 4104 στοιχεῖον,
3437 4029 3472 4098 ἢ
3513 4031 3772 4096 Ἀσθενεῖ,
3801 4029 3832 4095 ἢ

2199 4127 2482 4191 Λυπεῖται,
2509 4120 2597 4176 καὶ
2647 4122 2744 4175 ὅσα
2779 4118 2943 4180 ἄλλα.
2995 4121 3056 4176 Εἰ
3089 4117 3145 4175 δέ
3184 4121 3266 4181 τίς
3322 4120 3463 4175 ἐστιν
3492 4118 3568 4194 ξέκ
3597 4124 3692 4174 τοῦ
3721 4117 3832 4192 περὶ

2195 4211 2258 4266 τὸ
2291 4215 2563 4288 στοιχεῖον
2594 4211 2780 4264 παθών
2807 4231 2881 4281 τι,
2913 4209 3002 4264 καὶ
3041 4209 3104 4265 τὸ
3153 4207 3328 4281 ὄνομα
3377 4205 3695 4279 δηλοῦντες,
3728 4209 3833 4262 οἷον

2199 4299 2282 4354 ἰπὶ
2310 4304 2406 4354 τοῦ
2438 4300 2833 4378 Χριστοφόρου,
2865 4300 2948 4354 ὅτι
2977 4295 3271 4373 ἀπέδρασεν
3304 4298 3409 4353 ἀπὸ
3438 4300 3536 4354 τοὸ
3589 4321 3634 4368 ε,
3679 4298 3708 4352 ’ὀ
3752 4295 3833 4351 καὶ

2197 4391 2409 4468 γέγονε.
2465 4400 2766 4466 Δεχομενοι
2818 4389 2908 4446 οὖν
2953 4390 3048 4453 τὰς
3096 4392 3223 4467 παρ’
3266 4392 3429 4463 ἡμῶν
3487 4389 3834 4465 πεμπομένας

2199 4479 2513 4551 ἐπιστολὰς,
2572 4481 2784 4544 πάντως
2842 4480 2930 4535 ἐάν
2979 4480 3121 4536 ἐστιν
3149 4477 3210 4536 ἐκ
3254 4484 3362 4535 τῶν
3396 4481 3713 4550 στοιχείων,
3741 4480 3833 4548 τήν

449 4571 548 4642 qui
583 4569 782 4638 mittit,
815 4567 1162 4640 inscriptum
1185 4567 1537 4624 elementum
1570 4586 1806 4641 prorsus
1852 4569 2086 4628 habebit

2199 4569 2492 4650 ἐπιγραφὴν
2521 4569 2617 4625 τοῦ
2675 4569 2950 4646 στοιχείου
3008 4564 3112 4640 ἕξει
3169 4571 3203 4639 ἡ
3249 4567 3538 4639 ἐπιστολή.
3596 4569 3833 4643 Πέμπον⁶

401 4649 410 4662 ’
451 4659 718 4730 epistola.
750 4657 866 4713 Vos
922 4673 1148 4729 quoque
1198 4657 1296 4730 qui
1327 4658 1466 4714 estis
1502 4674 1570 4714 ex
1591 4658 1917 4728 elementis,
1952 4676 2087 4718 cum

449 4749 674 4804 litteras
692 4745 944 4807 mittitis,
967 4747 1155 4819 ipsum
1179 4745 1526 4804 elementum
1541 4748 1599 4804 in
1622 4750 1854 4820 propria
1875 4749 2086 4820 episto-

449 4837 505 4894 la
536 4837 749 4910 ponite.
783 4835 942 4903 Quod
974 4835 1024 4892 si
1053 4835 1318 4906 ignorent
1349 4837 1448 4908 qui
1473 4837 1729 4905 mittunt,
1753 4855 1854 4894 vos
1875 4837 2084 4896 inscri-

450 4926 1053 5000 ptionemexpungite,
1071 4929 1124 4981 et
1151 4924 1456 4982 scribentis
1477 4926 1828 4983 elementum
1853 4931 2087 5000 apponi-

448 5021 526 5072 te.
555 5020 626 5071 At
655 5015 703 5072 si
734 5031 802 5070 ex
831 5014 1250 5071 elementorum
1283 5031 1525 5071 numero
1557 5032 1673 5072 non
1715 5021 1822 5084 est,
1857 5027 2084 5074 maneat

450 5105 785 5177 inscriptio;
820 5103 1318 5176 quemadmodum
1368 5108 1427 5160 et
1447 5105 1568 5176 ipse
1599 5106 1740 5161 dum
1785 5106 1989 5163 scribo.
2025 5107 2084 5164 Si

450 5210 570 5252 non
599 5196 689 5250 est
715 5208 784 5248 ex
812 5192 1133 5254 elementis.
1167 5197 1396 5249 maneat
1420 5192 1718 5264 inscriptio
1749 5195 1818 5250 ad
1850 5212 1983 5250 eum
2014 5199 2083 5252 ad

449 5301 621 5357 quem
652 5288 741 5340 est
788 5282 1048 5355 epistola.
1093 5283 1316 5338 Rursus
1363 5281 1807 5354 observandum,
1841 5284 1994 5356 quod
2026 5288 2084 5342 in

450 5389 797 5445 unaquaque
827 5373 1072 5445 epistola
1103 5387 1233 5427 mea
1263 5370 1332 5426 ad
1363 5387 1460 5427 eos
1490 5371 1588 5442 qui
1637 5378 1775 5428 sunt
1821 5375 1930 5430 sub
1979 5377 2088 5434 ele-

450 5463 661 5519 mentis
687 5464 771 5519 sic
801 5462 1038 5519 habebit
1069 5459 1367 5532 inscriptio
1401 5476 1415 5517 :
1449 5480 1495 5512 ω
1527 5462 1597 5516 ad
1631 5481 1664 5515 α
1713 5467 1768 5518 et
1816 5463 2088 5539 deinceps

449 5557 507 5610 et
535 5553 606 5608 ad
666 5567 758 5608 me
807 5551 995 5608 missae
1045 5547 1299 5622 epistolas
1343 5551 1428 5606 sic
1475 5549 1728 5608 habeant
1755 5571 1786 5605 α
1819 5553 1906 5608 vel
1938 5574 1968 5608 υ
1999 5557 2085 5614 vel

451 5642 602 5702 aliud
637 5659 705 5699 ex
732 5639 1055 5699 elementis.
1088 5638 1403 5696 Sciendum
1431 5638 1541 5698 hoc
1570 5641 1768 5710 etiam,
1802 5644 2082 5714 quoniam

523 5773 572 5811 ⁴⁴
599 5773 802 5832 Matth.
833 5787 890 5842 ι,
924 5772 992 5827 12
1064 5769 1112 5806 ⁸⁵
1142 5770 1343 5826 Matth.
1375 5787 1452 5840 v1,
1481 5771 1536 5828 9.

2195 4682 2282 4724 τες
2311 4659 2401 4716 οὗν
2432 4660 2522 4716 καὶ
2554 4659 2707 4716 αὐτοὶ
2756 4660 2852 4721 τὰς
2909 4658 2970 4715 ἐκ
3023 4663 3129 4715 τῶν
3179 4657 3353 4714 αὐτῶν
3401 4659 3693 4740 στοιχείων
3724 4657 3833 4714 ἐπι-

2197 4751 2420 4820 στολὰς,
2451 4751 2514 4806 τὸ
2543 4749 2674 4805 αὐτὸ
2705 4754 2977 4825 στοιχεῖον
3003 4748 3156 4804 θέσθε
3187 4747 3238 4805 ἐν
3279 4753 3348 4823 τῇ
3395 4747 3506 4821 ἰδίᾳ
3553 4747 3832 4822 ἐπιστολῇ.

2199 4840 2302 4896 Κᾶν
2360 4838 2418 4895 δὲ
2475 4837 2736 4913 ἂγνοῶσιν
2795 4841 2844 4894 o't
2904 4838 3235 4914 πέμποντες,
3287 4839 3442 4912 ὑμεῖς
3491 4839 3704 4896 λειοῦτε
3739 4839 3832 4907 τήν

2196 4929 2516 5005 ἐπιγραφὴν,
2569 4930 2659 4984 καὶ
2701 4929 2958 4985 έντιθεῖτε
3003 4930 3066 4984 τὸ
3117 4934 3393 5004 στοιχεῖον
3440 4933 3538 4986 τοῦ
3598 4929 3833 4986 ἐπιστεί-

2196 5019 2414 5082 λαντος.
2447 5018 2509 5076 Εἰ
2542 5016 2598 5074 δὲ
2627 5018 2727 5074 οὐκ
2773 5017 2916 5075 ἔστιν
2965 5017 3022 5074 ἐκ
3064 5023 3173 5074 τῶν
3223 5018 3533 5096 στοιχείων,
3571 5019 3831 5092 μενέτωή

2196 5109 2466 5186 ἐπιγραφή
2503 5129 2516 5143 ο
2578 5106 2757 5183 ὥσπερ
2805 5108 2896 5163 καὶ
2947 5107 3000 5164 ἐν
3043 5111 3124 5181 τῷ
3174 5109 3401 5184 γράφειν
3450 5129 3535 5182 με.
3569 5109 3695 5167 Ἐὰν
3744 5105 3836 5162 οὔκ

2196 5193 2336 5254 ἔστιν
2397 5197 2455 5253 ἐκ
2492 5201 2598 5253 τῶν
2657 5196 2972 5274 στοιχείων,
3029 5193 3234 5270 μενέτω
3292 5199 3326 5268 ἡ
3379 5197 3648 5276 ἐπιγραφὴ
3707 5198 3833 5272 πρὸς

2195 5287 2253 5342 ’ὸν
2285 5287 2321 5358 ἡ
2353 5285 2638 5358 ἐπιστολή.
2676 5287 2842 5342 Πάλιν
2884 5287 3140 5342 σκεπτέον
3187 5285 3271 5344 ὅτι
3319 5287 3401 5366 ἐφ’
3457 5285 3685 5360 ἑκάστης
3739 5306 3834 5360 μου

2197 5374 2494 5446 ἐπιστολῆς
2543 5377 2680 5450 πρὸς
2723 5377 2849 5439 τοὺς
2894 5375 3049 5441 ὄντας
3095 5377 3196 5432 ὑπὸ
3243 5378 3305 5432 νὰ
3348 5382 3621 5452 στοιχεῖα,
3673 5376 3836 5437 οὕτως

2193 5464 2298 5536 ἕξει
2355 5468 2390 5536 ἡ
2452 5465 2744 5544 ἐπιγραφή.
2797 5467 2865 5521 Τὸ
2895 5488 2962 5535 ω,
3020 5471 3099 5540 τῷ
3155 5487 3189 5522 α
3230 5481 3246 5497 ⁶
3305 5467 3394 5522 καὶ
3441 5468 3685 5538 καθεξῆς.
3739 5463 3832 5522 Καὶ

2195 5555 2545 5630 πεμπόμεναί
2577 5576 2671 5628 μοι
2719 5555 2773 5610 αἱ
2824 5553 3109 5611 ἐπιστολαὶ
3154 5554 3334 5621 οὕτως
3383 5553 3656 5632 ἐχέτωσαν
3695 5556 3756 5611 τὸ
3783 5575 3832 5623 α,

2196 5644 2231 5716 ἢ
2263 5647 2324 5702 τὸ
2355 5669 2404 5716 υ,
2438 5646 2471 5716 ἢ
2505 5643 2646 5700 ἄλλο
2683 5649 2792 5701 τῶν
2841 5645 3154 5720 στοιχείων.
3211 5649 3478 5702 Γνωστὲον
3508 5645 3596 5701 καὶ
3626 5648 3785 5700 τοῦτο
3818 5661 3829 5674 '
