4084 6284
181 5895 189 5932 ἒ
205 5931 210 5941 .

181 5938 212 5989 ε

337 367 487 427 1061

1611 362 2167 428 EPISTOLARUM
2213 367 2365 426 LIB.
2412 367 2461 427 Ι.

3585 374 3742 434 1062

335 504 419 556 ὅτι
450 498 639 570 ἐπειδὴ
675 501 761 553 καὶ
812 504 977 553 ταῦτα
1023 498 1089 552 τά
1136 496 1259 573 τρία
1305 498 1406 552 εἶσὶ
1456 497 1775 571 γράμματα,
1826 500 1978 553 ἅτινά

2096 501 2177 556 ha
2205 510 2318 557 tres
2350 518 2581 574 quoque
2613 502 2815 558 litterae
2846 507 3004 560 extra
3036 521 3345 560 numerum
3363 505 3566 578 viginti
3590 526 3741 581 qua-

334 592 467 645 εἱσιν
517 589 619 661 ἔξω
667 593 773 646 τῶν
834 588 1282 662 είκοσιτεσσάρων
1332 589 1623 665 στοιχείων
1655 590 1716 643 τὸ
1749 609 1801 657 ς,
1832 609 1893 642 το
1925 588 1981 665 ιι,

332 681 399 736 τὸ
430 702 470 736 π
492 724 504 737 .
536 680 599 735 τὸ
640 702 670 744 ς
702 678 870 749 δηλοῖ
896 681 1024 742 τοὺς
1071 678 1438 747 ἀθετήσαντας
1470 679 1669 742 πάντας
1715 679 1805 732 καὶ
1846 679 1983 753 πρό-

333 790 487 844 τερον
544 770 635 824 καὶ
694 768 916 843 ὕστερον
972 768 1105 823 ποτε
1154 763 1424 844 ἀδελφοὺς
1472 770 1669 839 ἡμῶν·
1704 768 1766 822 τὸ
1805 789 1842 837 ι,
1892 767 1985 821 τὸν

335 860 685 935 πατριάρχην
711 877 723 892 ο
760 860 822 914 τὸ
852 879 913 919 π,
954 858 1043 912 τὸν
1090 861 1390 930 κρατοῦντα
1416 900 1428 912 .
1478 858 1642 913 ’Όταν
1693 854 1784 910 οὖν
1822 854 1983 931 χρεία

334 948 560 1023 γένηται
592 947 698 1003 εἷ’τε
746 945 1018 1023 ἐρωτῆσαί
1075 968 1162 1019 με,
1214 944 1319 1000 εἶ’τε
1376 943 1620 1016 δηλῶσαι
1673 945 1811 1018 ὑμᾶς
1860 942 1984 1017 περί

337 1038 453 1101 ἑνὸς
498 1043 604 1093 τῶν
646 1042 850 1114 τριῶνο
904 1034 993 1091 διά
1035 1039 1132 1091 τοῦ
1180 1035 1505 1111 γράμματος
1554 1032 1699 1089 ἔσται
1734 1036 1770 1103 ἡ
1804 1030 1985 1104 δήλω-

338 1147 419 1189 σις
442 1170 455 1183 .

648 1253 776 1310 MB'.
808 1285 877 1295 —
908 1256 1074 1326 ’Ἃννῃ
1112 1250 1415 1325 μοναζούσῃ
1439 1294 1453 1307 .
1488 1249 1671 1325 [ρκγ’.]

2092 592 2226 646 tuor
2281 590 2705 648 elementorum
2772 596 2930 653 sunt,
2965 612 3009 653 ς.
3045 592 3101 668 ιι.
3137 613 3195 647 π.
3247 592 3392 649 illud
3446 614 3491 655 ς.
3534 598 3738 654 fratres

2096 688 2327 736 nostros
2357 696 2560 735 omnes
2593 681 2946 754 signiﬁcare,
2969 683 3267 754 qui,prius
3304 683 3391 739 vel
3423 686 3738 754 posterius,

2095 769 2409 839 aliquando
2442 772 2793 841 praevaricati
2828 770 3055 847 sunt;L_
3087 788 3219 827 vero
3250 773 3643 842 patriarcham
3667 796 3737 843 ςπ

2094 858 2346 928 deinque
2374 859 2803 929 imperatorem.
2836 861 2978 915 Cum
3010 878 3145 933 ergo
3178 877 3268 917 res
3298 862 3508 935 exiget,
3542 872 3599 919 ut
3637 864 3727 921 vel

2093 959 2198 1016 ego
2221 945 2590 1016 interrogem,
2611 946 2699 1002 vel
2716 964 2816 1003 vos
2830 948 2901 1003 de
2931 963 3047 1004 uno
3077 964 3108 1004 θ
3139 948 3324 1004 tribus
3357 950 3735 1022 signiﬁcetis;

2091 1049 2189 1104 per
2217 1033 2471 1091 litteram
2508 1036 2605 1092 fiet
2632 1035 2940 1092 indicium.

2480 1252 2650 1311 XLII.
2682 1284 2750 1296 —
2780 1253 2976 1313 Anne
3005 1257 3308 1313 monachae.

1597 1387 1761 1436 Docet
1789 1387 2058 1449 quomodo
2086 1387 2153 1437 sit
2182 1387 2463 1437 orandum.

406 1481 662 1540 Ἐδόκουν
715 1478 1157 1553 τετελευτηκέναι
1212 1482 1311 1551 τὴν
1366 1480 1633 1555 μακαρίαν
1689 1500 1793 1554 μου
1865 1503 1973 1554 μη-

337 1572 499 1647 τέρα·
542 1572 717 1644 ἐκείνη
764 1570 821 1627 δὲ
868 1568 945 1626 ἔτι
1006 1570 1137 1646 ὑπέρ
1185 1578 1291 1646 γῆς
1339 1570 1504 1639 ἐστιν,
1552 1570 1625 1632 ὡς
1680 1565 1854 1625 ἔοικε.
1906 1569 1974 1627 Τί

336 1665 440 1739 γάρ
473 1663 533 1718 ἂν
564 1660 767 1737 ἔμελλε
813 1660 984 1717 πλέον
1030 1667 1226 1723 ποιεῖν,
1268 1662 1341 1722 ὡς
1394 1661 1532 1728 αὐτὴ
1582 1660 1721 1733 πρός
1774 1681 1841 1731 με
1882 1660 1974 1714 τὸν

2158 1483 2441 1539 Putabam
2475 1485 2629 1541 diem
2661 1486 2875 1543 obiisse
2916 1488 3149 1544 beatam
3196 1492 3443 1544 matrem
3495 1503 3685 1545 meam
3720 1505 3737 1546 :

2083 1571 2185 1627 illa
2214 1588 2345 1628 vero
2378 1573 2569 1628 adhuc
2598 1574 2658 1630 in
2688 1578 2843 1631 terra
2870 1584 2976 1642 est,
3010 1584 3071 1632 ut
3103 1580 3361 1649 apparet.
3397 1576 3545 1643 Quid
3575 1576 3736 1632 enim

2086 1661 2313 1717 factura
2342 1667 2466 1717 erat
2494 1663 2773 1733 amplius,
2806 1680 2983 1735 quam
3017 1671 3077 1721 tu
3128 1668 3265 1737 erga
3308 1683 3399 1722 me
3450 1665 3735 1722 humilem

336 1752 589 1808 ταπεινὸν
654 1754 896 1825 μητρικῇ
973 1748 1272 1824 κηδεμονίᾳ
1343 1749 1670 1826 φερομένης
1727 1747 1882 1803 Ἀλλ’
1942 1750 1982 1803 εἷ

2098 1758 2360 1806 materna
2390 1750 2777 1808 sollicitudine
2819 1758 2948 1810 acta
3006 1753 3423 1810 facis?Verum
3482 1755 3590 1811 etsi
3622 1770 3729 1826 ego

335 1842 489 1917 κάγὼ
548 1841 898 1917 ἁμαρτωλὸς,
958 1842 1111 1912 ὅμως
1182 1840 1421 1894 πιστεύω
1477 1843 1557 1909 τῷ
1614 1837 1798 1912 Κυρίῳ
1857 1838 1980 1892 ἀντ-

341 1931 670 2005 αμείψασθαι
712 1952 769 1985 σε
816 1934 924 1985 τῶν
980 1930 1112 2005 ὑπὲρ
1153 1935 1253 1998 τῆς
1302 1927 1647 1996 ἀναξιότητος
1702 1929 1863 1998 ἡμῶν
1916 1928 1980 1981 οὐ

338 2022 436 2089 τήν
506 2025 777 2095 τυχοῦσαν
834 2019 1015 2094 χάριν,
1071 2018 1160 2073 καὶ
1220 2015 1484 2085 ἐπίτευξεν
1535 2017 1607 2069 ὧν
1657 2016 1841 2077 ποθεῖς
1891 2016 1979 2069 καὶ

340 2109 510 2171 αἰτεῖς
537 2152 547 2164 .
585 2108 737 2179 Πλὴν
776 2110 970 2170 ἱκανῶς
998 2104 1117 2185 ἔχει
1146 2107 1211 2161 τὰ
1239 2104 1574 2182 γεγενημένα
1599 2148 1612 2161 .
1662 2108 1828 2159 Τοῦτο
1878 2104 1981 2181 γὰρ

338 2201 429 2254 καὶ
463 2197 551 2253 διὰ
578 2203 685 2253 τῶν
716 2192 1113 2273 πραλαϐόντων
1140 2195 1478 2271 γραμμάτων
1514 2193 1980 2270 ἀπελογησάμην.

342 2288 489 2357 Αύτῆ
548 2285 603 2342 δὲ
659 2286 968 2342 τούναντίον
1023 2285 1367 2361 προσέθηκας
1422 2282 1633 2355 μᾶλλον
1678 2287 1775 2336 τοῦ
1821 2279 1981 2336 ἐκδα-

274 2411 292 2427 ι
343 2380 603 2431 πανᾶσθαι
648 2377 698 2430 έν
738 2380 802 2449 τῇ
846 2372 1082 2429 ἐπιδόσει
1113 2416 1125 2428 .
1164 2373 1333 2427 Πόθεν
1373 2370 1428 2427 δὲ
1472 2372 1558 2426 καῖ
1602 2370 1701 2425 ούκ
1746 2369 1981 2443 ἐμέλλο-

347 2488 441 2539 μεν
487 2466 606 2539 ἄρτι
671 2464 1024 2538 μνημονεύειν
1074 2484 1169 2517 σου
1219 2470 1317 2531 τῆς
1378 2456 1720 2526 θεοσεϐείας;
1767 2459 1825 2514 ἐκ
1873 2464 1978 2514 τῶν

341 2550 733 2628 περιϐολαίων,
765 2553 824 2607 ἐκ
862 2558 958 2607 τοῦ
988 2554 1136 2626 ἰεροῦ
1167 2552 1540 2623 ἀναθήματος,
1574 2549 1633 2605 ἐκ
1681 2556 1779 2618 τῆς
1834 2548 1983 2623 βρώ-

343 2647 478 2705 σεώς
536 2665 591 2698 τε
644 2643 733 2697 καὶ
792 2644 1021 2709 πόσεως,
1082 2642 1416 2715 πανταχόθεν
1463 2643 1607 2712 ἡμᾶς
1660 2639 1981 2711 ἐξέστησας.

341 2734 439 2789 Διά
468 2740 628 2788 τοῦτο
667 2734 755 2787 καὶ
787 2730 944 2793 τέλος
975 2730 1154 2794 ἐπίθες
1190 2736 1306 2791 τοῖς
1357 2728 1588 2803 δώροις·
1623 2728 1712 2782 καὶ
1762 2725 1981 2787 εὔελπις

340 2820 446 2877 ἔσω
477 2825 599 2895 περῖ
629 2829 729 2890 τῆς
762 2821 905 2884 θείας
938 2822 1213 2893 ἀμείψεως
1241 2864 1251 2875 .
1297 2817 1561 2892 Ἀψευδὴς
1610 2818 1713 2892 γὰρ
1766 2818 1792 2870 ὁ
1834 2816 1985 2890 εἰρη-

339 2913 474 2979 κὼς,
507 2913 597 2966 καὶ
628 2912 762 2986 ὓπερ
793 2914 1009 2986 ψυχροῦ
1040 2910 1307 2982 ποτηρίου
1343 2907 1569 2980 μισθοὺς
1620 2904 1942 2960 ἀποδιδόναι
1969 2950 1983 2963 .

342 3003 641 3056 Λυπεῖσθαι
673 2998 730 3054 δὲ
768 3001 931 3075 φυίης
973 2998 1025 3053 ἐν
1065 3002 1135 3072 τῇ
1186 2995 1430 3074 φροντίδι
1485 3000 1582 3050 τοῦ
1630 2996 1840 3062 τέκνου,
1879 2995 1985 3050 ἀπ-

343 3090 613 3165 ασχολίαν
648 3088 954 3162 ἐμποιούσῃ
993 3109 1076 3142 σοι
1105 3089 1203 3154 τῆς
1238 3084 1466 3154 δεούσης
1497 3084 1619 3157 περὶ
1651 3086 1751 3152 τὴν
1800 3086 1985 3158 ψυχὴν

350 3179 623 3255 μερίμνης
654 3221 664 3233 .
720 3176 823 3233 Καὶ
872 3175 1093 3238 δυνατὸς
1128 3176 1155 3229 ὁ
1205 3176 1333 3235 Θεὸς
1383 3174 1472 3228 καὶ
1520 3175 1618 3235 τήν
1667 3177 1763 3227 τοῦ
1815 3170 1988 3226 καλοῦ

345 3269 536 3323 τέκνου
622 3265 893 3336 διοίκησιν
973 3264 1395 3341 ἀπεργάσασθαι,
1456 3264 1546 3318 καὶ
1606 3264 1662 3316 σὲ
1718 3261 1804 3317 ἐπὶ
1862 3268 1991 3316 πᾶσι

347 3355 562 3431 σχολὴν
606 3354 752 3432 ἄγειν
794 3355 915 3428 περὶ
965 3360 1072 3409 τῶν
1123 3354 1470 3430 ψυχώφελῶν
1522 3354 1993 3421 καταστήσασθαι.

343 3447 423 3507 ὡς
454 3447 649 3519 ἑτοίμῃ
684 3442 877 3520 καρδίᾳ
907 3445 1043 3519 πρὸς
1072 3444 1169 3511 τὴν
1205 3440 1383 3515 ἔξοδον
1416 3446 1513 3497 τοῦ
1562 3443 1814 3515 σώματος
1861 3461 1993 3515 παρ-

345 3537 589 3590 ίστασθαι
620 3576 631 3589 .
677 3535 968 3602 Νηστεύειν
1031 3531 1089 3587 δὲ
1144 3536 1233 3587 καὶ
1297 3532 1782 3605 ταλαιπωρεῖσθαι,
1835 3536 1992 3603 σῶμα

338 3622 548 3699 ἔχουσα
579 3625 794 3698 νοσερὸν
828 3624 889 3678 ού
924 3621 1053 3697 δύνῃ
1077 3642 1089 3653 ·
1124 3624 1220 3676 κᾶν
1241 3622 1424 3694 τούτῳ
1459 3624 1516 3689 [Ι.
1550 3625 1734 3692 τοῦτο]
1765 3618 1992 3683 ἀλύπως

339 3718 491 3791 φέρε,
548 3714 615 3767 τὰ
680 3711 877 3767 δυνατά
954 3711 1257 3766 εῗσοίσουσα
1332 3711 1410 3783 τῷ
1490 3710 1690 3784 Κυρίῳ,
1766 3710 1989 3783 καὶτῷ

340 3802 677 3874 πλεονασμῷ
731 3809 831 3870 τῆς
889 3800 1387 3875 ταπεινοφροσύνης
1446 3800 1507 3854 τὸ
1558 3800 1617 3852 έκ
1662 3802 1761 3863 τῆς
1819 3800 1985 3869 ἀσκή-

342 3913 481 3952 σεως
538 3889 712 3944 ἐνδέον
772 3888 1164 3963 ἀναπληροῦσα
1196 3932 1207 3944 .
1280 3889 1684 3962 Προσεύχεσθαι
1736 3886 1791 3940 δῖε
1840 3887 1990 3951 ὅπως

341 4003 402 4035 σε
432 3984 570 4055 χρῆ,
605 3980 884 4050 ἐπιζητεῖς
926 3977 1316 4053 ἐκδιδαχθῆναι
1348 4021 1359 4033 .
1413 3980 1513 4034 Καὶ
1561 3983 1722 4033 τοῦτο
1767 3977 1926 4039 αὐτὸς
1957 3978 1984 4030 ὁ

339 4070 540 4144 Κύριος
574 4066 837 4138 ἐξεδίδαξε
864 4066 953 4121 διὰ
980 4073 1078 4135 τῆς
1107 4071 1225 4127 τοῦ,
1260 4072 1298 4120 II
1318 4066 1472 4139 άτερ
1502 4067 1535 4134 ἡ
1555 4070 1694 4138 μῶν
1714 4111 1727 4130 ,
1778 4063 1985 4142 ἐπιφω-

338 4160 571 4228 νησεως,
618 4157 707 4212 καὶ
746 4161 842 4211 τοῦ
887 4153 1052 4229 μηδὲν
1094 4156 1261 4210 αἰτεῖν
1304 4156 1658 4228 πρόσκαιρον,
1711 4153 1856 4209 ἀλλά
1882 4155 1980 4224 τὴν

343 4246 627 4323 βασιλείαν
688 4248 875 4316 αὐτοῦ,
908 4247 997 4301 καὶ
1055 4246 1151 4314 τὴν
1204 4243 1546 4314 δικαιοσύνην
1588 4244 1689 4313 τὴν
1723 4242 1942 4298 αῗώνιον
1968 4288 1982 4303 .

338 4338 499 4408 Πλὴν
551 4340 634 4394 ὅτι
684 4336 988 4393 τετύπωται
1051 4335 1153 4390 ὑπό
1206 4340 1312 4389 τῶν
1365 4333 1636 4407 πατέρων,
1695 4337 1911 4406 πρῶτον
1945 4335 1979 4401 ἡ

2096 1844 2381 1910 peccator,
2409 1841 2635 1897 conﬁdo
2657 1845 2851 1897 tamen
2884 1842 2942 1897 in
2975 1842 3245 1913 Domino,
3280 1843 3597 1900 relaturum
3628 1842 3735 1899 tibi

2094 1945 2195 1999 pro
2228 1928 2575 2000 indignitate
2608 1946 2735 1986 mea
2764 1931 3009 2003 gratiam
3038 1949 3151 1988 non
3181 1931 3389 2002 levem,
3422 1946 3488 1989 ac
3532 1948 3735 1989 eorum

2092 2033 2218 2088 quae
2250 2019 2414 2088 cupis
2428 2020 2710 2088 etexpetis
2729 2020 3122 2087 adeptionem.
3139 2022 3423 2077 Caeterum
3440 2021 3738 2077 sufﬁciunt

2094 2124 2220 2177 qua
2262 2108 2409 2162 facta
2440 2109 2732 2163 sunt.Hoc
2765 2110 2921 2164 enim
2948 2111 3349 2182 superioribus
3382 2126 3617 2183 quoque
3649 2111 3735 2165 lit-

2093 2196 2230 2252 teris
2260 2197 2548 2267 respondi.
2572 2200 2643 2252 At
2664 2202 2724 2253 tu
2774 2203 2969 2255 contra
3004 2199 3267 2269 adjecisti
3298 2201 3490 2271 potius
3524 2205 3587 2255 ut
3618 2201 3734 2256 lar-

2093 2285 2379 2354 gitionum
2395 2294 2662 2357 sumptus
2685 2303 2948 2358 augeres.
2973 2287 3275 2343 Undenam
3295 2288 3446 2343 enim
3474 2293 3732 2360 poteram

2095 2389 2249 2427 nunc
2279 2374 2454 2429 etiam
2479 2375 2708 2445 pietatis
2741 2383 2851 2430 tuae
2884 2393 2998 2432 non
3035 2376 3414 2432 meminisse?
3444 2381 3521 2431 Ex
3549 2378 3737 2433 vesti-

2096 2463 2327 2529 mentis,
2360 2480 2427 2518 ex
2459 2480 2623 2519 sacro
2657 2465 2918 2532 donario,
2952 2482 3020 2520 ex
3049 2466 3176 2521 cibo
3218 2470 3274 2519 et
3298 2466 3738 2537 potu,undique

2096 2560 2388 2622 stuporem
2404 2552 2571 2609 nobis
2593 2554 2867 2624 iniecisti.
2886 2554 3275 2618 Quamobrem
3294 2555 3470 2610 ﬁnem
3504 2555 3737 2610 tandem

2097 2641 2437 2697 muneribus
2462 2642 2535 2696 im
2547 2648 2796 2713 pone;et
2826 2644 2893 2699 de
2916 2644 3108 2699 divina
3131 2644 3513 2700 retributione
3536 2660 3742 2699 secura

2096 2737 2235 2785 esto.
2270 2730 2458 2786 Verax
2492 2732 2644 2787 enim
2678 2737 2763 2788 est
2791 2733 2892 2803 qui
2924 2732 3091 2801 dixit,
3126 2733 3303 2789 etiam
3360 2749 3461 2804 pro
3521 2732 3740 2805 frigidm

2097 2819 2302 2889 poculo
2335 2822 2661 2876 mercedem
2694 2838 2754 2878 se
2786 2823 3151 2877 redditurum
3192 2821 3260 2876 4‘.
3296 2822 3542 2878 Tristari
3575 2821 3662 2877 ais
3684 2825 3741 2877 te

2096 2908 2167 2963 ob
2190 2908 2259 2963 de
2291 2908 2409 2963 ﬁlio
2442 2910 2914 2978 sollicitudinem,
2938 2928 3066 2983 quae
3099 2912 3202 2967 tibi
3234 2913 3304 2968 ad
3323 2916 3739 2981 congruentem

2098 2998 2300 3054 animas
2333 3015 2531 3054 curam
2564 3001 2751 3055 otium
2780 3018 2893 3056 non
2931 3002 3233 3072 permittit.
3266 3004 3340 3056 At
3367 3004 3555 3071 potest
3585 3000 3740 3056 Deus

2099 3095 2151 3143 et
2180 3087 2394 3159 egregii
2424 3088 2530 3144 ﬁlii
2562 3104 2648 3145 res
2680 3089 2787 3145 rite
2818 3090 3180 3161 dispensare,
3212 3094 3267 3145 et
3308 3094 3372 3145 ut
3403 3090 3615 3146 animai
3652 3090 3738 3144 uti

2102 3175 2178 3230 lia
2208 3175 2265 3229 in
2290 3177 2566 3232 omnibus
2588 3178 2942 3233 consecteris
2974 3179 3223 3243 efﬁcere,
3258 3182 3322 3234 ut
3358 3182 3555 3247 parato
3572 3179 3741 3234 corde

2102 3265 2363 3335 corporis
2429 3266 2646 3321 exitum
2700 3267 3048 3337 praestolere.
3091 3268 3368 3338 Jejunare
3435 3272 3631 3323 autem
3686 3274 3743 3323 et

2099 3353 2326 3409 labores
2348 3355 2490 3425 pati,
2524 3372 2657 3410 cum
2692 3357 2959 3412 morboso
2989 3358 3068 3412 sis
3098 3372 3357 3427 corpore,
3391 3373 3507 3412 non
3538 3360 3736 3428 potes:

2098 3448 2154 3498 et
2184 3443 2289 3499 hoc
2306 3445 2499 3515 ipsum
2522 3462 2683 3516 aequo
2710 3446 2792 3501 fer
2812 3446 3161 3517 animo,quaa
3178 3453 3339 3517 potes
3361 3447 3607 3502 offerens
3635 3447 3742 3502 Do-

2100 3532 2281 3598 mino,
2301 3532 2698 3606 supplensque
2728 3534 3077 3591 humilitatis
3112 3534 3471 3591 abundantia
3492 3535 3551 3590 id
3582 3535 3741 3606 quod

2099 3622 2262 3677 deest
2314 3623 2733 3680 exercitationi.
2791 3624 2970 3680 Orare
3032 3641 3200 3695 porro
3244 3625 3736 3696 quemadmodum

2101 3710 2334 3779 debeas,
2362 3712 2550 3768 doceri
2583 3713 2826 3785 expetis.
2856 3714 2973 3768 Hoc
2995 3730 3230 3786 quoque
3278 3713 3565 3770 Dominus
3615 3714 3740 3785 ipse

2100 3801 2331 3856 edocuit
2360 3818 2461 3872 per
2488 3801 3115 3870 invocationem,Pater
3143 3808 3330 3859 noster
3358 3802 3442 3872 58;
3477 3807 3533 3857 et
3564 3804 3741 3858 cadu-

2100 3907 2228 3945 cum
2259 3891 2407 3946 nihil
2437 3894 2743 3964 petendum
2769 3894 3112 3963 admonens,
3145 3894 3243 3949 sed
3278 3910 3523 3965 regnum
3556 3892 3740 3964 ipsius

2100 3986 2155 4035 et
2180 3982 2471 4051 justitiam
2505 3984 2940 4054 sempiternam.
2964 3988 3355 4055 Praeterquam
3388 3983 3543 4054 quod
3579 4000 3611 4039 a
3638 3982 3744 4037 Pa-

2100 4071 2288 4125 tribus
2320 4073 2652 4142 prmscripta
2681 4082 2764 4128 est
2791 4073 3043 4142 primum
3080 4074 3396 4142 gratiarum
3430 4072 3579 4128 actio
3604 4088 3740 4142 erga

2099 4159 2281 4214 Deum
2304 4160 2530 4224 ;deinde
2552 4169 2918 4232 peccatorum
2943 4161 3093 4232 apud
3116 4162 3310 4232 ipsum
3330 4160 3638 4216 confessio:
3656 4177 3744 4215 ac-

2097 4251 2217 4302 tum
2246 4249 2476 4304 demum
2500 4249 2974 4320 postulatio,tum
2998 4251 3068 4305 ad
3102 4266 3301 4305 eorum
3319 4249 3744 4317 remissionem,

2094 4340 2221 4391 tum
2236 4338 2304 4392 ad
2318 4343 2660 4394 cmterarum
2675 4339 3019 4395 salutarium
3035 4356 3230 4394 rerum
3248 4338 3744 4411 impetrationem.

338 4429 418 4489 sic
479 4430 603 4483 Θεὸν
667 4424 1020 4502 εὐχαριστία·
1081 4418 1263 4479 ἔπειτα
1322 4426 1357 4492 ἡ
1421 4429 1529 4478 τῶν
1585 4424 1996 4496 ἁμαρτημάτων
2065 4425 2198 4499 πρὸς
2257 4424 2414 4479 αὐτὸν
2488 4423 2866 4501 ἐξαγόρευσις·
2925 4428 3017 4482 καὶ
3094 4425 3235 4481 οὕτω
3287 4429 3322 4496 ἡ
3376 4424 3589 4498 αἴτησις
3640 4432 3743 4497 τῆς

341 4519 525 4574 αὐτῶν
552 4515 815 4593 ἀφέσεως,
844 4514 933 4569 καὶ
959 4520 1059 4583 τῆς
1089 4517 1195 4568 τῶν
1230 4512 1414 4569 ἄλλων
1446 4509 1810 4587 σωτηριωδῶν
1839 4510 2057 4587 τρόπων
2091 4512 2410 4582 έπιτεύξεως
2433 4559 2447 4572 .

414 4606 534 4663 Ἐπ’
564 4605 625 4659 ἄν
669 4602 759 4659 οὗν
820 4602 1030 4677 μέλλης
1080 4602 1505 4677 προσεύχεσθαι,
1556 4600 1863 4676 εὐχαρίστει
1912 4604 1982 4673 τῷ

2169 4605 2308 4660 Cum
2341 4604 2520 4676 igitur
2549 4609 2783 4661 oratura
2804 4622 2887 4675 es,
2912 4606 3129 4678 gratias
3159 4623 3266 4679 age
3296 4606 3563 4673 Domino,
3593 4604 3740 4675 quod

337 4695 529 4771 Κυρίῳ
559 4694 649 4750 καὶ
682 4694 949 4767 Δεσπὸτῃ,
983 4692 1067 4747 ὅτι
1098 4692 1156 4746 ἐκ
1184 4696 1282 4747 τοῦ
1315 4692 1391 4765 μή
1427 4687 1581 4752 ὄντος
1612 4690 1687 4753 είς
1737 4691 1798 4745 τὸ
1848 4690 1988 4745 εἶναι

331 4782 625 4861 παρήγαγέ
665 4804 722 4839 σε
745 4805 758 4817 ·
811 4782 893 4838 ὅτι
944 4780 1289 4857 έλυτρώσατὸ
1323 4802 1380 4836 σε
1411 4780 1471 4835 έκ
1507 4785 1684 4851 πάσης
1735 4778 1947 4848 πλάνης
1969 4797 1983 4812 ⁸

332 4875 568 4939 καλέσας
616 4875 705 4929 καὶ
750 4874 980 4947 ἀξιώσας
1036 4879 1135 4942 τῆς
1183 4874 1377 4927 ἑαυτοῦ
1429 4869 1777 4947 ἐπιγνώσεως
1829 4871 1986 4943 μέτο-

336 4984 441 5040 χον
496 4962 757 5037 γενέσθαι,
818 4960 1027 5031 πλάνης
1083 4959 1327 5029 ἐθνικῆς,
1386 4957 1600 5026 πλάνης
1660 4960 1980 5033 αἱρετικῆςο

334 5054 454 5109 εἶτα
487 5052 566 5107 ὅτι
599 5053 688 5106 καὶ
719 5056 816 5106 τοῦ
851 5048 1146 5123 μοναδικοῦ
1185 5050 1270 5103 καὶ
1309 5046 1600 5122 ἶσαγγὲλου
1650 5046 1771 5121 βίου
1829 5047 1981 5109 ἐντός

334 5165 396 5198 σε
436 5143 825 5217 παρεσκεύασεν
888 5140 1116 5215 ὑπάρξαι
1181 5139 1314 5210 μετὰ
1361 5138 1460 5206 τὴν
1520 5140 1615 5191 τοῦ
1663 5139 1981 5191 κοινωνικοῦ

336 5233 461 5308 βίου
492 5230 789 5286 ἀπόλαυσιν
821 5249 833 5261 ’
868 5227 940 5282 ὧν
969 5232 1003 5298 ἡ
1036 5223 1215 5283 ἔννοια
1259 5227 1417 5295 ἰκανή
1468 5224 1847 5299 καταμαλάξαι
1876 5227 1978 5295 τήν

332 5323 521 5397 ψυχὴν
548 5321 682 5394 πρὸς
714 5316 991 5386 κατάνυξιν
1023 5316 1112 5372 καὶ
1153 5314 1400 5387 δακρύων
1445 5310 1766 5389 προσϐολήν
1799 5358 1812 5373 .
1860 5314 1980 5392 ’Δφ’

331 5413 407 5467 ὧν
454 5410 736 5490 φωτισμὸς
784 5406 1030 5482 καρδίας,
1085 5405 1359 5483 γλυκύτης
1405 5405 1736 5478 πνεύματος,
1794 5405 1977 5461 ἐπιθυ-

334 5501 434 5576 μία
491 5504 657 5557 Θεοῦ.
710 5497 921 5567 Ταύτης
971 5496 1383 5571 ἐνυπαρχούσης
1416 5498 1484 5567 τῇ
1527 5492 1741 5569 καρδίᾳ,
1796 5496 1971 5567 πάσης

325 5590 517 5653 κακίας
547 5588 689 5645 ἐστὶν
730 5582 981 5657 ἀποϐολή
1008 5630 1020 5643 .
1054 5587 1210 5640 Ὅταν
1242 5584 1415 5647 οὕτως
1464 5583 1816 5659 εὐχαριστίας
1850 5586 1974 5640 ἀνα-

327 5684 552 5757 πέμψῃς
591 5684 672 5753 τῷ
702 5677 838 5750 Θεῷ,
872 5676 1150 5751 έξαγόρευε
1182 5677 1334 5748 αύτῴ
1366 5673 1598 5750 λέγουσα
1625 5692 1637 5708 ο
1675 5673 1748 5727 Σὺ
1800 5672 1972 5747 οἶδας,

2100 4708 2167 4749 ex
2198 4692 2381 4749 nihilo
2424 4702 2485 4749 ut
2516 4710 2643 4751 esse
2672 4698 2728 4751 te
2764 4695 3080 4766 produxit:
3122 4697 3277 4768 quod
3340 4695 3411 4751 ab
3468 4693 3628 4750 omni
3681 4699 3738 4750 te

2099 4797 2293 4838 errore
2342 4783 2629 4851 liberavit,
2678 4800 2890 4841 vocans
2971 4789 3025 4840 te
3084 4790 3140 4840 et
3198 4785 3289 4841 sui
3350 4783 3739 4855 cognitionem

2097 4872 2458 4943 impertiens,
2492 4874 2562 4928 ab
2593 4889 2785 4929 errore
2815 4873 3032 4942 gentili,
3067 4874 3139 4928 ab
3197 4890 3387 4930 errore
3444 4873 3737 4929 haaretico.

2096 4961 2314 5017 Deinde
2344 4963 2497 5033 quod
2530 4964 2601 5017 ad
2651 4964 3033 5019 monasticam
3065 4963 3468 5035 aequalemque
3516 4962 3742 5033 angelis

2097 5052 2271 5106 vitam
2295 5056 2369 5117 te,
2406 5056 2535 5122 post
2590 5052 2880 5107 smcularis
2937 5053 3061 5107 vitae
3132 5053 3389 5119 delicias,
3426 5052 3740 5111 revocavit.

2091 5143 2345 5204 Quorum
2378 5141 2650 5212 cogitatio
2682 5142 2809 5212 ipsa
2832 5142 3037 5197 idonea
3067 5147 3230 5197 estut
3260 5143 3525 5198 animam
3548 5141 3723 5198 emol-

2094 5228 2199 5285 liat
2226 5232 2297 5285 ad
2338 5230 2848 5301 compunctionem
2880 5230 3387 5303 lacrymarumque
3437 5233 3737 5302 profusio-

2089 5335 2217 5375 nem
2246 5337 2260 5386 ;
2286 5336 2351 5376 ex
2383 5321 2594 5391 quibus
2624 5320 2817 5376 cordis
2858 5320 3233 5387 illuminatio,
3272 5321 3530 5378 suavitas
3571 5320 3743 5392 spiri-

2086 5413 2205 5477 tus,
2255 5410 2352 5465 Dei
2411 5410 2782 5465 desiderium.
2818 5409 3006 5481 Hujus
3066 5411 3123 5465 in
3180 5410 3348 5467 corde
3407 5410 3738 5482 praesentia,

2087 5499 2348 5556 omnium
2377 5499 2649 5555 vitiorum
2681 5505 2768 5555 est
2792 5500 3139 5571 proﬂigatio.
3181 5501 3319 5555 Cum
3346 5501 3416 5554 ad
3443 5500 3599 5555 hunc
3625 5516 3740 5555 mo-

2086 5591 2221 5646 dum
2254 5590 2467 5664 gratias
2502 5589 2687 5661 egeris
2739 5591 2875 5657 Deo,
2908 5589 3184 5646 conﬁtere
3234 5589 3320 5644 illi
3368 5590 3565 5647 dicens
3598 5606 3619 5645 :
3649 5590 3737 5644 Tu

2086 5681 2265 5751 nosti,
2291 5679 2557 5751 Domine,
2578 5695 2754 5751 quam
2785 5677 2973 5734 multa
3005 5677 3103 5733 tibi
3137 5677 3450 5750 peccarim,
3484 5682 3542 5736 et
3562 5692 3737 5751 quam
