4084 6284
477 324 630 390 1063

1719 318 1782 379 S.
1826 311 2224 386 THEODORI
2269 311 2632 382 STUDITZE

3685 317 3817 382 1064

469 458 652 514 multa
684 473 916 529 peccem
954 457 1009 510 in
1030 456 1242 520 horas,
1276 453 1451 510 hocce
1502 456 1825 523 peccatum,
1849 453 1904 506 et
1933 448 2102 504 hocce

2222 441 2482 514 Δέσποτα,
2517 443 2612 497 ὅσα
2652 464 2733 497 σοι
2784 445 3059 518 ἥμαρτον·
3115 444 3202 496 καὶ
3257 444 3353 498 ὅσα
3407 444 3683 518 ἁμαρτάνω
3723 451 3822 503 καθ’

467 548 746 604 delictum
784 563 797 601 :
839 550 898 602 et
932 561 1060 617 quae
1093 544 1206 600 scis
1235 557 1475 614 quaeque
1505 542 1736 613 ignoras
1767 537 2112 611 recogitans,

467 637 569 692 sed
618 636 718 692 illa
740 644 951 692 temere
968 651 1080 690 non
1107 631 1386 698 recolens,
1404 647 1533 702 quas
1560 645 1834 701 expressa
1855 627 2113 684 recorda-

467 726 622 782 tione
653 727 911 782 animam
931 723 1170 780 laedunt.
1196 722 1265 777 Et
1295 721 1427 776 hinc
1451 716 2114 787 tibihumilitatisgratia

465 814 756 870 exorietur
786 830 923 868 cum
960 811 1150 868 cordis
1193 809 1559 877 contritione,
1595 815 1868 877 metuque
1899 805 2110 862 divinaa

464 902 754 960 vindictae.
789 903 928 957 Post
964 900 1079 954 haec
1116 897 1371 971 postula,
1407 896 1633 970 plange,
1667 913 1768 953 ora
1796 895 2110 951 Dominum

467 995 632 1046 tuum
657 1008 758 1062 pro
793 991 998 1045 horum
1016 988 1385 1056 remissione,
1403 1003 1502 1058 pro
1519 986 1751 1053 virium,
1773 985 1932 1047 utilli
1950 984 2112 1039 dein-

464 1095 601 1151 ceps
634 1078 882 1150 placeas,
908 1075 1350 1132 confirmatione
1374 1092 1388 1142 ;
1415 1075 1644 1131 dicens:
1677 1075 1803 1130 Non
1835 1071 2107 1144 amplius,

461 1168 706 1224 Domine
721 1165 1360 1235 mi,Domine,irritabo
1379 1169 1464 1220 te:
1500 1180 1616 1220 non
1664 1161 1919 1234 amplius
1942 1161 2112 1234 quid-

461 1273 634 1328 quam
665 1255 1008 1310 desiderabo
1023 1258 1302 1326 praeterte
1333 1253 1436 1324 qui
1469 1267 1600 1308 vere
1631 1267 1688 1307 es
1711 1250 1999 1307 amabilis.
2022 1250 2111 1318 Et,

461 1346 510 1400 si
542 1345 826 1400 offendam
877 1359 1138 1410 rursum,
1185 1341 1435 1413 supplex
1478 1342 1553 1397 tio
1611 1339 1930 1402 visceribus
1974 1339 2111 1408 tuis,

465 1438 530 1490 ut
559 1433 696 1489 mihi
727 1433 903 1488 robur
931 1433 1118 1499 detur,
1151 1447 1266 1502 quo
1314 1430 1419 1485 tibi
1472 1429 1699 1502 placere
1750 1445 2110 1486 assuescam.

460 1523 517 1578 Si
549 1522 685 1596 quid
719 1522 869 1582 aliud
892 1522 1088 1577 animo
1121 1521 1224 1576 tibi
1257 1525 1523 1577 occurret
1556 1521 1778 1576 bonum
1808 1521 1959 1592 quod
1984 1537 2112 1592 aga-

459 1616 580 1683 tur,
619 1611 886 1683 impense
917 1611 1240 1681 postulans.
1277 1609 1377 1665 His
1407 1609 1572 1676 actis,
1605 1609 1813 1666 invoca
1851 1617 2110 1665 sanctam

461 1701 790 1772 Deiparam,
820 1703 885 1754 ut
923 1699 1010 1754 tui
1072 1699 1439 1765 misereatur,
1480 1701 1710 1754 sanctos
1762 1698 2023 1771 angelos,
2056 1703 2113 1753 et

463 1805 637 1864 quem
667 1791 794 1844 vita:
812 1793 925 1844 tua)
948 1789 1245 1844 custodem
1274 1787 1453 1842 babes
1485 1787 1782 1860 angelum,
1827 1792 1890 1842 ut
1922 1792 1974 1843 te
2004 1804 2104 1843 cu-
2142 1808 2186 1872 Β

460 1879 678 1936 stodiat
698 1881 754 1934 et
771 1884 1028 1950 protegat
1051 1893 1064 1932 :
1091 1876 1538 1946 Praecursorem,
1553 1876 2106 1948 apostolos,sanctos

462 1983 688 2036 omnes,
721 1971 777 2024 et
806 1983 953 2038 quos
986 1967 1278 2039 praecipue
1329 1966 1597 2021 invocare
1646 1965 2018 2032 consuevisti,
2050 1968 2106 2021 et

461 2057 630 2112 illum
656 2056 823 2127 cujus
857 2055 1140 2111 memoria
1169 2071 1234 2110 eo
1253 2055 1344 2110 die
1365 2054 1575 2124 agitur.
1612 2053 1742 2109 Haec
1775 2054 1948 2124 igitur
1971 2071 2108 2110 ora-

460 2147 638 2202 tionis
669 2145 785 2200 vim
816 2144 1027 2200 habere
1077 2145 1220 2200 mihi
1275 2144 1581 2211 videntur;
1618 2143 1879 2200 tamestsi
1930 2160 2106 2200 unus-

459 2236 705 2307 quisque
734 2233 862 2294 aliis
894 2235 1086 2289 verbis
1125 2242 1179 2289 et
1210 2249 1320 2288 non
1369 2233 1579 2289 iisdem
1639 2249 1878 2304 prorsus
1934 2238 2056 2290 oret
2088 2251 2103 2300 ;

458 2323 930 2396 quandoquidem
961 2338 1068 2378 nec
1122 2321 1248 2393 ipse
1293 2321 1393 2393 qui
1444 2327 1595 2387 orat,
1627 2322 1828 2378 eadem
1880 2337 2112 2394 semper

458 2411 717 2482 loquitur
748 2429 762 2466 :
791 2411 876 2465 vis
897 2415 1090 2466 autem
1123 2411 1320 2466 eadem
1347 2409 1676 2466 necessaria
1694 2418 1780 2464 est
1810 2410 2106 2478 omnibus,

458 2505 524 2555 ut
553 2499 991 2556 existimo.Vale
1012 2499 1228 2569 itaque,
1263 2502 1649 2570 congruenter
1677 2514 1874 2566 orans,
1897 2503 1953 2554 et
1973 2515 2112 2568 pro-

460 2586 664 2642 ﬁciens
697 2601 1140 2656 usquequaque,
1174 2588 1469 2656 totamque
1500 2589 1556 2639 te
1615 2600 1717 2656 per
1768 2591 2099 2641 accuratam

460 2674 634 2730 vitam
666 2673 912 2730 Domino
949 2675 1270 2742 placentem
1301 2673 1528 2729 exhibe.

2219 532 2447 602 ἑκάστην
2491 530 2635 606 ὥραν
2664 551 2675 563 ·
2729 528 2890 602 τήνδε
2934 533 3034 601 τὴν
3087 532 3375 607 ἁμαρτίαν,
3421 533 3511 587 καὶ
3555 533 3702 605 τήνδε
3742 539 3825 606 τὴν

2226 619 2615 695 πλημμέλειαν
2643 639 2656 652 ·
2693 620 2782 675 καὶ
2811 621 2877 676 τὰ
2908 620 2958 677 ἐν
2987 622 3192 695 γνώσει
3242 622 3330 676 καὶ
3376 621 3567 698 ἀγνοίᾳ
3603 624 3826 702 ἀναλογι-

2223 711 2424 784 ζομένη
2456 755 2468 768 .
2516 710 2669 780 Πλὴν
2706 712 2781 783 μή
2822 710 3177 784 ἀνιστοροῦσα
3222 711 3297 772 ὡς
3339 708 3498 787 ἔτυχε
3535 712 3598 768 τά
3645 711 3827 787 βλάϐην

2221 799 2280 856 ἐκ
2332 806 2432 868 τῆς
2477 799 2744 876 ἐναργοῦς
2787 798 3142 873 ὑπομνήσεως
3183 796 3516 873 ἐμποιοῦντα
3551 805 3614 876 τῇ
3658 806 3825 879 ψυχῇ.

2224 889 2516 944 Κάντεῦθεν
2610 885 2863 942 ἀναταλεῖ
2945 909 3029 942 σοι
3121 889 3605 967 ταπεινοφροσύνης
3665 911 3826 968 χαρις,

2225 979 2360 1051 μετά
2409 980 2751 1050 συντριμμοῦ
2798 974 3048 1052 καρδίας,
3095 977 3182 1033 καὶ
3234 974 3407 1054 φόϐου
3457 977 3828 1042 ἀνταποδόσεως

2221 1072 2394 1125 Θεοῦ.
2451 1069 2599 1124 Μετὰ
2655 1072 2819 1123 τοῦτο
2873 1067 3118 1138 αἴτησον,
3171 1071 3440 1142 στέναξον,
3495 1067 3704 1142 δεήθητι
3746 1075 3828 1127 τοῦ

2221 1157 2420 1232 Κυρίου
2456 1172 2551 1212 σου
2591 1158 2688 1226 τὴν
2728 1157 2934 1212 τούτων
2977 1154 3182 1235 ἄφεσιν,
3230 1158 3332 1227 τήν
3377 1158 3511 1234 πρὸς
3556 1160 3618 1214 τὸ
3648 1158 3826 1234 μέλλον

2223 1248 2360 1322 πρὸς
2419 1249 2482 1304 τὸ
2540 1249 2842 1324 εὐαρεστεῖν
2905 1247 3051 1322 αὐτῷ
3109 1246 3528 1322 ἓνδυνᾶμωσινθ
3576 1248 3828 1326 λέγουσα·

2221 1338 2440 1409 Οὐκέτι,
2473 1338 2642 1414 Κύριέ
2673 1359 2804 1411 μου,
2835 1338 3016 1413 Κύριε,
3061 1338 3380 1415 παροργίζω
3428 1342 3496 1414 [ἴ.
3526 1341 3831 1416 παροργίσω]

2223 1447 2302 1496 σε,
2335 1428 2515 1483 οὐκέτι
2547 1426 2768 1504 φιλήσω
2807 1424 2952 1483 ἄλλο
2991 1448 3044 1482 τι
3083 1427 3229 1502 παρά
3281 1428 3339 1484 σὲ
3390 1426 3483 1484 τὸν
3531 1426 3694 1493 ὅντως
3720 1431 3834 1504 ἀγαο

2219 1518 2394 1587 πητόν
2423 1535 2436 1550 ·
2476 1515 2575 1571 κᾶν
2601 1538 2660 1572 τε
2689 1517 3006 1592 παροργίσω
3038 1514 3228 1585 πάλιν,
3279 1520 3696 1590 προσπίπτουσα
3737 1521 3834 1596 εἰμι

2219 1609 2334 1666 τοῖς
2367 1603 2676 1678 οἷκτιρμοῖς
2725 1624 2843 1673 σου,
2896 1601 3122 1673 δοθῆναί
3167 1626 3261 1678 μοι
3315 1605 3478 1684 ἰσχὺν
3527 1605 3578 1661 ἐν
3627 1607 3721 1678 ἕξει
3761 1630 3839 1682 γε-

2219 1695 2397 1748 νέσθαι
2424 1697 2521 1748 τοῦ
2551 1696 2850 1766 εὐαρεστεῖν
2884 1714 3004 1748 σοι.
3048 1691 3117 1749 Εἷ¹
3141 1715 3194 1749 τι
3224 1692 3366 1750 ἄλλο
3416 1697 3556 1751 κατὰ
3600 1701 3716 1751 νοῦν
3760 1719 3835 1754 σοι

2221 1781 2540 1856 παρίσταται
2595 1782 2889 1851 ἀνυσθῆναι
2969 1781 3188 1856 ἀγαθὸν,
3251 1784 3465 1857 θερμῶς
3526 1784 3836 1859 αἰτουμένη,

2225 1873 2320 1931 Καὶ
2357 1872 2490 1946 μετά
2518 1875 2684 1926 ταῦτα
2714 1870 2978 1930 ἐπικαλοῦ
3007 1872 3106 1940 τήν
3140 1872 3292 1948 ἁγίαν
3336 1874 3600 1930 Θεοτόκον
3641 1874 3837 1942 ἐλεῆσαί

2222 1983 2314 2019 σε·
2349 1965 2475 2025 τοὺς
2507 1962 2697 2039 ἁγίους
2726 1961 3010 2038 ἀγγέλους,
3042 1963 3131 2017 καὶ
3163 1964 3221 2016 ’ὀν
3251 1959 3398 2039 ἔχεις
3436 1972 3540 2035 τῆς
3578 1971 3714 2036 ζωῆς
3758 1987 3840 2022 σου

2225 2050 2442 2131 φύλακα
2498 2051 2769 2127 ἄγγελον·
2824 2049 2914 2106 ’ίνα
2972 2072 3030 2106 σε
3085 2056 3296 2128 φρουρῇ
3355 2053 3445 2108 καὶ
3507 2053 3709 2128 σκέπῃο
3762 2056 3839 2110 τὸν

2229 2139 2571 2216 Πρόδρομον,
2633 2139 2758 2202 τοὺς
2819 2138 3180 2208 ἀποστόλους,
3232 2141 3358 2204 τοὺς
3408 2143 3590 2216 ἁγίους
3641 2144 3842 2213 πάντας,

2220 2235 2311 2287 καί
2352 2230 2443 2291 οὕς
2485 2226 2630 2305 ἔχεις
2678 2230 2974 2303 ἐξαιμέτως
3023 2232 3271 2301 συνήθως
3325 2231 3720 2306 ἐπικαλεῖσθαι,
3764 2233 3841 2288 καὶ

2219 2321 2312 2376 τὸν
2363 2319 2503 2374 κατά
2565 2321 2665 2387 τὴν
2723 2318 2930 2392 ἡμέραν
2985 2321 3458 2392 μνημονευόμενον
3490 2366 3506 2380 .
3556 2326 3721 2377 Ταῦτα
3763 2323 3841 2376 οὖν

2227 2429 2322 2482 μοι
2373 2405 2525 2463 δοκεῖ
2561 2403 2708 2482 ἔχειν
2753 2414 2853 2477 τῆς
2911 2415 3227 2486 προσευχῆς
3285 2411 3382 2477 τήν
3445 2407 3710 2483 δύναμινο
3760 2410 3842 2465 κᾶν

2223 2496 2446 2560 ἕκαστος
2475 2493 2668 2556 ἄλλοις
2709 2493 2900 2571 λόγοις
2949 2495 3039 2550 καὶ
3092 2496 3220 2570 οὐχὶ
3270 2503 3386 2559 τοῖς
3433 2497 3621 2562 αὐτοῖς
3653 2498 3848 2560 πάντως

2219 2583 2596 2661 προσεύχηται
2623 2601 2636 2614 °
2680 2584 2761 2638 ὅτι
2816 2582 2958 2657 μηδὲ
3007 2585 3170 2646 αὐτὸς
3219 2585 3396 2659 ἑαυτῷ
3427 2587 3458 2640 ὁ
3488 2587 3846 2662 προσευχόμε-

2210 2695 2298 2738 νος
2327 2673 2393 2729 τά
2421 2673 2554 2727 αὐτὰ
2583 2673 2874 2748 φθέγγεται
2914 2674 3148 2729 πάντοτε
3174 2691 3187 2704 ⁸
3220 2676 3254 2744 ἡ
3290 2671 3348 2728 δὲ
3395 2671 3626 2750 δύναμις
3654 2679 3688 2746 ἡ
3722 2674 3843 2743 αὑτή

464 2762 726 2839 ἀναγκαία
763 2765 892 2816 πᾶσι
937 2757 1256 2836 λελόγισταί
1317 2780 1452 2833 μοι.
1508 2758 1860 2834 Φυλαχθείης
1907 2760 1998 2816 οὖν
2044 2763 2460 2838 προσεκχομένη
2530 2762 2596 2815 τὰ
2647 2759 2856 2833 δέοντα,
2905 2763 2994 2817 καὶ
3048 2761 3407 2838 βελτιουμένη
3457 2765 3724 2835 ἑκάστοτε,
3771 2763 3850 2819 καὶ

467 2853 605 2923 ὅλην
638 2853 830 2922 ἑαυτὴν
860 2855 1178 2928 παριστῶσα
1208 2849 1296 2906 διὰ
1324 2853 1422 2920 τῆς
1454 2845 1712 2925 ἀκριϐοῦς
1751 2851 1997 2923 βιώσεως
2028 2853 2354 2929 ἀρέσκουσαν
2385 2858 2463 2926 τῷ
2496 2853 2680 2928 Κυρίῳ
2712 2895 2725 2910 .

635 2981 826 3038 XLIII.
850 3013 918 3023 —
945 2981 1168 3053 Josepho
1197 2981 1365 3050 fratri
1391 2988 1443 3035 et
1472 2979 1897 3052 archiepiscopo.

2230 2987 2324 3037 ΜΓ
2347 3025 2363 3041 .
2396 3013 2465 3024 ——
2494 2981 2697 3059 Ἰωσὴφ
2729 2977 2949 3058 ἀδελφῷ
2977 2983 3069 3037 καί
3100 2980 3530 3060 ἀρχιεπισκόπῳ
3555 3028 3568 3042 .
3618 2982 3802 3059 [ρλα¹.]

1205 3115 1337 3166 Sede
1366 3114 1826 3165 Thessalonicensi
1859 3119 2133 3167 extrusum
2164 3119 2385 3168 solatur.
2417 3117 2630 3181 (Baron.
2664 3131 2756 3170 an.
2791 3117 2904 3177 809,
2935 3132 2988 3170 n.
3019 3119 3121 3182 47.)

530 3219 598 3274 Ει
627 3217 783 3290 prior
812 3215 1058 3288 epistola
1088 3217 1356 3272 fraternae
1387 3233 1452 3271 ac
1485 3223 1736 3287 paternae
1789 3219 1901 3272 tum
1960 3233 2102 3273 san-

2286 3216 2393 3273 Καὶ
2422 3218 2458 3287 ἡ
2503 3218 2693 3291 πρώτη
2737 3216 3000 3288 ἐπιστολή
3045 3225 3144 3289 τῆς
3192 3217 3499 3298 ἀδελφικῆς
3538 3223 3630 3278 καὶ
3678 3243 3852 3297 πατρι·

457 3307 657 3376 litatis,
685 3305 916 3363 tametsi
949 3305 1133 3360 brevis
1167 3320 1406 3361 numero
1438 3303 1798 3377 syllabarum
1843 3321 1857 3359 :
1901 3305 2098 3362 abun-

459 3397 633 3452 dabat
663 3399 860 3452 tamen
893 3393 1188 3463 allegorici
1215 3410 1424 3451 sensus
1466 3393 1667 3465 capia;
1701 3398 1756 3450 et
1788 3395 2096 3465 posterior,

457 3485 618 3541 omni
670 3483 918 3540 scientia
974 3489 1146 3554 atque
1195 3482 1545 3543 humilitate.
1583 3483 1820 3538 unicum
1877 3483 2098 3540 habens

455 3571 1020 3645 reprehendendum,
1054 3587 1208 3627 meas
1243 3571 1494 3627 infelicis
1551 3571 1826 3644 indignas
1876 3570 2100 3629 laudes.

455 3667 576 3734 Ego
621 3677 753 3717 vero
811 3676 928 3716 non
986 3675 1085 3728 per
1142 3660 1533 3732 antiphrasim
1595 3660 1768 3725 absit,
1818 3663 1916 3716 sed
1974 3678 2100 3718 vere

455 3767 665 3822 prosus
698 3749 790 3806 his
821 3748 1188 3819 temporibus
1241 3748 1451 3805 nostris
1507 3748 1566 3803 in
1621 3748 2100 3820 archiepiscopali

453 3840 736 3911 dignitate
751 3840 981 3895 elucere
998 3844 1428 3903 te,sanctorum
1461 3839 1696 3894 Patrum
1729 3839 1934 3909 instar,
1959 3840 2096 3897 dixi.

450 3927 563 3984 Nec
596 3928 882 3997 aberrem,
907 3928 953 3982 si
986 3928 1322 3983 eolumnam
1346 3933 1403 3982 et
1441 3927 1882 3983 fundamentum
1908 3929 2096 3986 Eccle-

454 4020 553 4072 siae
614 4025 668 4074 te
733 4034 954 4082 vocem,
989 4018 1069 4072 mi
1103 4019 1279 4073 frater
1329 4019 1572 4089 egregie.
1608 4019 1892 4091 Quisquis
1943 4019 2098 4075 enim

454 4125 557 4179 pro
588 4108 828 4163 veritate
856 4107 1109 4162 decertat
1148 4111 1204 4161 et
1235 4107 1474 4177 patitur,
1509 4107 1776 4162 columen
1826 4109 1952 4178 ejus
2009 4113 2101 4164 est

450 4215 516 4253 ac
544 4197 865 4269 fastigium.
883 4197 1036 4252 Belle
1057 4204 1246 4254 autem
1271 4197 1501 4263 accidit,
1519 4199 1670 4268 quod
1688 4199 2098 4269 quaterniones

442 4286 1176 4364 inspexisti.0ccasionem
1199 4287 1354 4343 enim
1389 4287 1636 4358 praebuit
1667 4288 2094 4350 nobiscommo.

451 4376 617 4441 nitio,
651 4391 755 4430 seu
797 4375 992 4447 potius
1018 4375 1205 4446 jussio
1266 4381 1388 4446 tua,
1424 4381 1489 4431 ut
1539 4376 1780 4448 hujusce
1840 4379 2097 4450 proposi-

450 4464 625 4520 tionis
673 4464 1084 4520 refutationem
1120 4466 1481 4536 aggrederer,
1519 4481 1699 4536 quam
1753 4483 1889 4522 cum
1941 4467 2094 4536 aliis,

2212 3311 2314 3376 κῆς
2347 3326 2442 3360 σου
2493 3304 2821 3379 ἁγιωσύνης,
2863 3305 3029 3362 εἶκαὶ
3075 3308 3242 3383 μικρά
3285 3308 3353 3376 ἦν
3380 3315 3462 3383 τῷ
3504 3312 3704 3382 πλήθει
3749 3316 3846 3367 τῶν

2211 3391 2528 3465 συλλαϐῶν,
2563 3394 2690 3451 ἀλλ’
2744 3394 2833 3451 οὖν
2889 3417 2949 3472 γε
3005 3398 3306 3470 ἀπήρτιστο
3367 3402 3447 3472 τῷ
3506 3399 3702 3457 πλατει
3754 3407 3847 3469 τῆς

2209 3484 2588 3560 ἀλληγορικῆς
2649 3482 2928 3547 διανοίας.
2985 3484 3088 3542 Καὶ
3119 3489 3154 3556 ἡ
3201 3484 3441 3564 δευτέρα,
3493 3491 3671 3561 πάσης
3716 3490 3846 3564 γνώο

2211 3593 2346 3634 σεως
2401 3573 2492 3626 καὶ
2547 3573 2948 3635 ταπεινώσεως.
3007 3573 3059 3627 ἐν
3116 3568 3320 3649 ἔχουσα
3393 3577 3560 3648 μόνον
3639 3581 3843 3652 ψεκτὸν,

2207 3661 2335 3726 τοὺς
2400 3662 2523 3736 περὶ
2599 3661 2698 3736 ἐμὲ
2764 3663 2856 3718 τὸν
2935 3660 3175 3719 δείλαιον
3250 3665 3482 3737 ἀναξίως
3557 3665 3842 3728 ἐπαίνους.

2209 3750 2348 3824 Ἐγὼ
2381 3747 2437 3805 δὲ
2469 3751 2532 3806 οὐ
2562 3752 2679 3806 κατ’
2708 3750 3050 3825 ἀντίφρασιν,
3103 3754 3179 3825 μὴ
3211 3752 3429 3828 γένοιτο
3457 3798 3471 3812 .
3515 3755 3675 3814 Ἀλλ’
3721 3756 3845 3826 ἀλη-

2209 3839 2347 3912 θείᾳ,
2378 3839 2655 3914 ἐκλάμψαι
2705 3859 2763 3895 σε
2793 3839 2844 3895 ἐν
2885 3845 2954 3916 τῇ
3002 3844 3121 3897 καθ’
3169 3845 3317 3916 ἡμᾶς
3352 3850 3530 3920 γενεᾷ,
3575 3846 3627 3901 ἐν
3656 3851 3732 3918 τῷ
3757 3848 3846 3910 τῆς

2207 3929 2623 4006 ἀρχιερωσὺτης
2681 3931 2973 4005 ἀξιώματι,
3031 3934 3151 3987 καθ’
3211 3934 3479 4006 ὁμοίωσιν
3535 3943 3643 3994 τῶν
3689 3937 3846 4016 ἁγίων

2208 4019 2486 4092 Πατέρων,
2545 4021 2773 4094 εἴρηκα.
2838 4022 2934 4077 Καὶ
2991 4021 3091 4077 οὐκ
3139 4024 3198 4077 ἄν
3270 4024 3604 4100 ἁμάρτοιμι,
3664 4025 3846 4081 στόλον

2207 4110 2297 4164 καὶ
2342 4107 2625 4184 ἑδραίωμα
2662 4109 2955 4180 κεκληκώς
3016 4133 3073 4166 σε
3110 4119 3213 4182 τῆς
3267 4113 3627 4187 Ἐκκλησίας,
3673 4113 3846 4172 καλλι-

2207 4199 2298 4252 στέ
2347 4218 2450 4271 μου
2492 4195 2726 4276 ἀδελφέ.
2792 4205 2902 4262 Πᾶς
2961 4200 3065 4277 γὰρ
3095 4202 3123 4255 ὁ
3156 4201 3290 4275 ὑπὲρ
3341 4203 3605 4273 ἀληθείας
3658 4205 3849 4260 ἐνιστά-

2211 4308 2368 4360 μενος
2435 4287 2523 4342 καῖ
2591 4287 2897 4356 πανθάνων,
2963 4284 3188 4364 ἔρεισμα
3253 4290 3344 4345 καί
3424 4291 3631 4367 ὕψωμα
3695 4295 3845 4361 αὐτῆς

2203 4374 2497 4451 τυγχάνοι.
2537 4375 2610 4431 Εὐ
2656 4374 2712 4432 δὲ
2753 4377 2990 4454 γέγονεν,
3043 4377 3128 4434 ὅτι
3172 4377 3462 4455 ἐπεσκέψια
3515 4384 3618 4445 τὰς
3660 4383 3846 4457 τετρά-

2208 4462 2303 4528 δας
2331 4509 2344 4522 .
2377 4467 2605 4540 Ὑπῆρξε
2661 4466 2763 4543 γὰρ
2812 4469 2948 4540 ἡμῖν
2981 4468 3016 4538 ἡ
3052 4468 3359 4542 ὑπόμνησις
3411 4468 3631 4544 μᾶλλον
3682 4469 3738 4527 δὲ
3769 4471 3844 4526 κέ-

448 4552 681 4609 hortatu
730 4551 915 4607 Patris
945 4553 1150 4620 nostri,
1175 4553 1234 4608 in
1285 4554 1576 4624 praedictis
1601 4555 2090 4626 quaternionibus

2214 4553 2388 4617 λευσίς
2437 4575 2532 4610 σου
2580 4554 2893 4620 ἐπιστασίας
2946 4557 3037 4612 καὶ
3090 4555 3394 4620 διαλύσεως
3452 4562 3554 4628 τῆς
3599 4559 3846 4630 τοιαύτης

452 4641 564 4696 nisi
595 4640 887 4697 sanctitati
919 4644 1056 4707 tuas,
1088 4641 1306 4698 nullam
1342 4659 1531 4698 meam
1566 4645 1862 4716 propriam
1889 4644 1947 4700 in
1977 4649 2098 4702 toto

451 4746 617 4802 spere
645 4729 997 4786 sententiam
1030 4730 1632 4802 intexens;quoniam
1667 4750 1772 4790 nec
1828 4735 1955 4806 lege
1999 4735 2096 4804 ju-

450 4819 620 4887 stius,
654 4834 759 4873 nec
791 4834 1010 4874 canone
1041 4819 1259 4875 rectius
1299 4821 1618 4892 quidquam
1677 4839 1800 4880 esse
1857 4830 2048 4895 potest
2079 4840 2094 4879 :

451 4908 550 4964 sed
582 4906 915 4963 divinorum
947 4908 1354 4965 tantummodo
1387 4913 1645 4980 Patrum,
1677 4913 1942 4982 quamvis
1975 4915 2097 4972 ine-

450 5001 565 5068 pte,
598 4997 947 5053 documenta
976 5002 1033 5053 et
1060 5002 1342 5070 prazcepta
1372 4999 1672 5070 proferens
1693 5007 1864 5073 atque
1879 5019 2096 5058 conne-

448 5090 632 5155 ctens,
654 5085 1111 5158 proutoppositae
1138 5087 1550 5158 propositionis
1576 5089 1718 5145 ratio
1733 5090 2090 5160 postulabat.

448 5176 527 5231 Ac
557 5174 669 5230 nisi
718 5172 1026 5231 lectionem
1072 5175 1289 5232 laboris
1353 5179 1514 5231 metu
1573 5177 1841 5248 refugias,
1871 5177 1998 5247 erit,
2033 5179 2093 5234 ni

451 5262 640 5331 fallor,
671 5277 854 5334 operae
885 5265 1156 5334 pretium.
1191 5264 1353 5328 Quod
1384 5271 1575 5319 autem
1609 5282 1719 5336 pax
1767 5267 1986 5337 optima
2018 5267 2094 5324 sit

451 5351 753 5410 communi
779 5369 1097 5423 consensu;
1125 5369 1257 5409 amo
1287 5352 1445 5408 enim
1478 5354 1638 5409 illam
1670 5357 1931 5412 tamestsi
1964 5372 2093 5428 pec-

452 5447 615 5500 cator
644 5457 804 5512 sum;
838 5447 895 5498 et
923 5443 1072 5515 quod
1103 5443 1164 5498 in
1195 5458 1325 5498 eam
1356 5441 1705 5500 ﬂectendum
1729 5443 1826 5514 sit,
1851 5445 2092 5504 fecimus

451 5533 512 5590 id
542 5531 656 5604 ipsi
681 5535 972 5604 quatenus
1037 5531 1269 5601 licebat,
1296 5547 1570 5605 magnam
1627 5535 1822 5591 oneris
1871 5540 2092 5606 patrem

449 5620 832 5686 excutientes,
901 5622 1064 5692 juxta
1137 5621 1401 5678 divinum
1481 5622 1809 5693 Cyrillum:
1881 5624 2092 5698 partim

2207 4643 2520 4716 προτάσεως
2579 4643 2800 4723 ἀφορμή
2853 4642 2918 4713 ἥν
2966 4646 3086 4719 μεθ’
3141 4645 3341 4722 ἐτέρων
3403 4644 3844 4720 ὑποϐληθέντων,

2207 4729 2278 4786 δι’
2308 4733 2668 4806 ὑπομνήσεως
2708 4737 2804 4788 τοῦ
2856 4734 3065 4808 Πατρὸς
3114 4737 3300 4808 ἡμῶν,
3343 4737 3395 4792 ἐν
3441 4742 3564 4800 ταῖς
3612 4737 3847 4814 προγρά-

2205 4821 2414 4900 φείσαις
2456 4822 2697 4895 τετράσιν
2743 4821 3036 4878 ἀπέστειλα
3075 4828 3143 4898 τῇ
3186 4825 3436 4900 ἀγιότητί
3489 4849 3588 4884 σου
3615 4846 3629 4859 ⁸
3685 4824 3842 4901 μηδὲν

2205 4909 2256 4980 ἐξ
2289 4911 2478 4965 ἑαυτοῦ
2521 4910 2576 4964 ἐτ
2625 4910 2741 4985 ὅλῳ
2785 4916 2864 4983 τῷ
2913 4915 3239 4989 συντάγματι
3291 4917 3553 4992 φρόνημα
3604 4917 3842 4972 εἰσ-κεκο-

2207 5002 2384 5072 μικώς
2409 5021 2420 5033 ⁸
2455 5001 2538 5056 ὅτι
2571 4999 2712 5075 μηδέ
2742 5002 2899 5076 θέμις
2926 5008 3024 5059 τοῦ
3055 5004 3228 5079 νόμου
3259 5009 3667 5084 νομιμώτερον,
3710 5005 3839 5080 μηδὶ

2202 5094 2297 5144 τοῦ
2327 5089 2554 5153 κανόνος
2602 5090 2878 5165 εὐθύτερον
2931 5093 3207 5169 γίνεσθαι·
3239 5094 3276 5166 ἤ
3310 5098 3476 5170 μόνον
3523 5098 3590 5152 τὸ
3641 5098 3838 5176 ὑφεῖναι

2201 5178 2291 5232 καὶ
2342 5181 2574 5254 συνάψαι
2631 5181 2700 5237 τά
2742 5186 2849 5236 τῶν
2893 5183 3054 5238 θείων
3108 5184 3391 5257 Πατέρων,
3441 5183 3536 5242 κᾶν
3599 5186 3839 5260 ἀμαθῶς,

2202 5265 2507 5343 διδάγματᾶ
2559 5290 2616 5325 τε
2672 5271 2762 5325 καὶ
2811 5271 3262 5348 παραγγέλματα,
3310 5275 3386 5339 εἰς
3439 5275 3573 5352 ὅπερ
3622 5278 3659 5344 ἡ
3709 5274 3839 5350 πρό-

2200 5378 2351 5421 τασις
2414 5358 2634 5415 ἐκκαλεῖ
2669 5366 2767 5430 τῆς
2810 5360 3169 5425 ἀντιθέσεως.
3216 5365 3319 5424 Καὶ
3353 5365 3398 5420 εἰ
3452 5368 3527 5439 μὴ
3579 5364 3840 5438 παραιτή·

2201 5466 2351 5502 σοιτο
2388 5443 2477 5502 διὰ
2516 5447 2684 5504 κόπον
2735 5450 3061 5523 ἀναγνῶναι,
3113 5449 3215 5508 οἶδ’
3263 5452 3348 5509 ὅτι
3398 5452 3838 5524 λυσιτελήσειεν.

2200 5539 2324 5594 ’Ότι
2379 5533 2435 5591 δὲ
2477 5539 2511 5607 ἡ
2544 5537 2735 5612 εἰρήνη
2789 5538 2934 5610 καλή
2985 5541 3491 5620 ὁμολογουμένως’
3541 5539 3696 5622 φιλῶ
3743 5541 3839 5616 γὰρ

2203 5623 2392 5697 αὐτὴν,
2450 5624 2548 5683 κᾶν
2609 5627 2940 5702 ἁμαρτωλός
2997 5629 3151 5706 εἰμι’
3202 5632 3291 5688 καὶ
3342 5633 3429 5688 ὅτι
3490 5632 3628 5705 πρὸς
3685 5630 3842 5698 αὐτὴν
