4084 6284
327 368 480 429 1065

326 500 649 559 ἀποκλιτέον
678 527 688 536 ·
738 503 842 567 ἕως
939 503 1059 573 ἐξῆν
1141 508 1497 580 πεπράχαμεν
1527 528 1539 540 ο

327 591 529 668 φόρτου
576 594 1094 667 ἀποσκευασάμενοι,
1139 597 1274 649 κατά
1318 595 1409 649 τὸν
1456 599 1596 651 θεῖον
1655 597 1964 671 Κύρι).λον⁹

324 685 422 734 τοῦ
465 683 559 754 μὲν
610 683 772 751 ἡνίκα
817 681 879 738 τὸ
936 683 1200 758 πρότερον
1232 685 1449 754 ἠθώουν
1497 687 1588 741 τὸν
1632 689 1970 761 μοιχοζεύκ-

326 793 450 842 την,
483 774 758 847 παρόντος
791 794 896 848 μου
926 773 1056 845 ἐκεῖ,
1087 774 1178 831 καὶ
1226 774 1364 829 καΘᾶ
1412 772 1967 849 συνεϐουλευσάμεθα,

327 861 847 932 ἀποσιωπήσαντες·
905 864 940 931 ἡ
999 860 1057 917 δὲ
1113 865 1293 933 σιωπῆ
1339 866 1502 940 μέρος
1561 867 1967 940 συγκαθέσεως·

326 951 394 1018 ἧς
445 950 534 1005 καὶ
594 948 916 1026 δραξάμενοι
967 952 1019 1006 οἱ
1079 952 1129 1024 ἐξ
1181 952 1440 1025 ἐναντίας,
1471 954 1545 1016 ὡς
1606 956 1780 1021 οἶσθα,
1831 956 1969 1010 ἀπο-

328 1036 530 1093 κλείειν
583 1041 730 1112 ἡμᾶς
799 1038 1092 1114 ἐπειρῶντο
1147 1043 1244 1110 τῆς
1301 1041 1636 1104 ἐνστάσεως’
1694 1047 1854 1098 τοῦτο
1915 1041 1971 1098 δὲ

331 1125 546 1182 ἐπειδὰν
595 1127 870 1202 ἐκροτεῖτο
921 1131 956 1198 ἡ
1017 1127 1237 1204 δευτέρα
1291 1130 1539 1192 ἆθώωσις
1605 1130 1770 1187 αὐτοῦ
1827 1133 1972 1206 παρά

329 1219 438 1268 τῶν
495 1216 854 1286 πατησέντων
909 1218 1036 1278 τοὺς
1089 1219 1290 1290 νόμους
1345 1223 1442 1274 τοῦ
1492 1225 1644 1289 Θεοῦ,
1698 1218 1970 1297 λεγόντων

328 1305 528 1376 ἡμῶν·
563 1303 648 1359 ὅτι
692 1308 874 1376 στήτω
933 1307 1097 1378 μόνον
1154 1314 1255 1377 τῆς
1313 1308 1620 1384 ἱερουργίας
1682 1309 1973 1364 ἀπολαύων

327 1399 428 1462 τῆς
479 1401 667 1467 τιμῆς,
700 1396 835 1450 κατὰ
882 1397 972 1450 τὸν
1029 1397 1230 1452 κανόνα
1283 1402 1380 1452 τοῦ
1436 1399 1596 1473 ἁγίου
1646 1399 1970 1455 Βασιλείου·

328 1477 438 1551 ἤδη
485 1481 1078 1559 συλλειτουργήσαντος
1128 1484 1292 1539 αὐτοῦ
1350 1484 1404 1540 ἐν
1460 1493 1577 1550 τοῖς
1633 1483 1780 1542 δυσὶν
1834 1482 1972 1542 ἔτεσι

325 1573 405 1641 τῷ
442 1573 759 1650 πατριάρχῃ
784 1593 796 1606 ·
831 1573 860 1627 ὃ
909 1573 974 1641 ἦν
1021 1575 1284 1648 φοβερὸν,
1314 1576 1403 1628 καὶ
1455 1575 1585 1648 ὑπὲρ
1631 1575 1973 1649 οἰκονομίαν.

328 1660 434 1715 Ἐὤ
493 1659 670 1736 λέγειν
753 1663 850 1725 τὰς
937 1659 1405 1742 ψευδοπροφάσεις
1487 1664 1582 1730 τῆς
1660 1665 1751 1720 ἀπ’
1807 1665 1975 1720 αὐτοῦ

326 1756 524 1828 φυγῆς,
565 1751 656 1805 καὶ
710 1749 796 1823 τό,
840 1753 914 1813 ὡς
971 1752 1115 1826 παρά
1167 1748 1533 1826 πρεσϐυτέρου
1590 1755 1684 1816 τὰς
1738 1752 1979 1829 εὐλογή-

327 1860 440 1903 σεις
493 1838 546 1894 έν
602 1845 719 1902 ταῖς
775 1841 1038 1896 ἑστιάσεσι
1096 1848 1394 1911 κοινωνεῖν,
1451 1845 1551 1913 τήν
1599 1865 1657 1899 τε
1709 1845 1976 1920 ἀναφορὰν

325 1933 424 1982 τοῦ
456 1931 822 2004 τωιτριάρχου.
857 1929 1012 1985 Ἀλλ’
1033 1930 1185 2002 ὅμως
1219 1930 1267 1985 εἷ’
1313 1931 1404 1986 καὶ
1450 1934 1613 2005 ἡμεῖς
1665 1931 1734 1986 δι’
1765 1933 1977 1988 οἰκονο-

331 2017 458 2090 μίαν
509 2023 770 2074 τοσοῦτον
823 2019 1190 2094 κατηγόμεθα.
1241 2021 1470 2076 Ἐκεῖνοι
1529 2021 1840 2077 τούναντίον
1906 2026 1976 2096 τῇ

328 2109 667 2184 σκληρότητι
741 2110 1126 2184 συνεπαίροντο
1203 2115 1272 2184 τῇ
1342 2111 1622 2184 ἁμαρτίᾳ·
1680 2117 1776 2166 τοῦ
1844 2119 1976 2168 Θεοῦ

323 2200 570 2275 κρεῖττόν
601 2221 654 2252 τι
684 2195 1165 2273 προϐλεψαμένου,
1197 2197 1288 2254 ’ίνα
1342 2201 1430 2255 καὶ
1481 2203 1642 2274 ἡμεῖς
1693 2205 1742 2256 οἳ
1791 2223 1974 2257 ταπει-

323 2291 409 2343 νοὶ
474 2289 549 2361 μή
607 2287 869 2358 ἀνόνητον
923 2290 1024 2358 τὴν
1081 2291 1305 2362 πρώτην
1356 2288 1564 2364 ἐξορίαν
1619 2290 1973 2364 ὑποίσωμεν·

1602 375 2148 438 EPISTOLARUM
2191 375 2337 435 LIB.
2385 376 2430 432 ’I.

1612 508 1797 564 πολλά
1870 513 1965 563 τοῦ
1994 509 2317 581 A‘quidem
2367 507 2601 577 quando
2643 505 2890 574 primum
2925 505 3186 560 adulterii
3213 506 3585 576 copilatorem
3625 509 3721 562 ab-

3565 372 3723 434 1066

2075 601 2392 663 solvebant,
2426 611 2559 650 cum
2590 594 2670 648 ibi
2710 611 2918 662 essem,
2951 601 3007 650 et
3038 601 3194 651 certo
3225 596 3462 650 consilio
3492 601 3716 653 tacere-

2079 707 2250 758 mus;
2297 689 2595 746 silentium
2628 690 2821 742 autem
2878 702 3010 756 pars
3043 689 3131 740 est
3160 701 3511 740 consensus:
3565 689 3721 758 quod

2077 781 2419 851 arripientes
2471 792 2696 849 quoque
2744 775 3071 842 adversarii,
3124 782 3185 829 ut
3224 775 3398 838 nosti,
3443 774 3724 832 interclu-

2078 871 2212 926 dere
2243 869 2411 924 nobis
2443 865 2873 922 dimicationem
2897 864 3088 920 conati
3112 867 3285 918 sunt:
3312 863 3522 934 partim
3548 866 3723 920 etiam

2080 975 2194 1030 quo
2248 963 2504 1027 tempore
2551 954 2731 1010 altera
2772 955 2900 1023 ejus
2937 951 3225 1008 absolutio
3275 952 3348 1008 ad
3390 951 3582 1024 legum
3626 954 3726 1009 Dei

2081 1046 2581 1103 conculcatorihus
2650 1043 3072 1107 celebrabatur,
3136 1042 3462 1098 dicentibus
3519 1044 3724 1100 nobis:

2079 1138 2382 1192 Abstineat
2401 1133 2804 1189 tantummodo
2822 1148 2852 1186 a
2868 1131 3171 1196 sacriﬁcio,
3193 1137 3408 1186 retenta
3427 1133 3728 1202 dignitate.

2073 1226 2242 1296 juxta
2285 1239 2565 1280 canonem
2606 1221 2788 1277 sancti
2835 1220 3033 1276 Basilii
3066 1219 3133 1274 ⁴⁶.
3177 1221 3319 1276 Cum
3369 1221 3466 1276 ille
3497 1222 3730 1277 biennio

2076 1314 2200 1383 jam
2236 1329 2350 1368 una
2384 1328 2512 1367 cum
2554 1309 2878 1381 patriarcha
2931 1301 3360 1377 ministrasset;
3393 1312 3544 1382 quod
3580 1317 3731 1366 certe

2084 1402 2441 1457 formidabile
2497 1405 2638 1467 erat,
2689 1404 2746 1454 et
2775 1415 2955 1469 supra
2997 1398 3512 1470 dispensationem.
3565 1399 3731 1456 Mitto

2085 1491 2274 1546 dicere
2331 1490 2507 1545 falsos
2557 1492 2869 1561 praetextus
2919 1503 3024 1543 cur
3081 1504 3212 1543 eum
3272 1488 3624 1560 fugeremus,
3675 1494 3733 1544 et

2087 1579 2244 1653 quod
2275 1587 2549 1650 tanquam
2577 1577 2890 1650 presbyteri
2912 1577 3418 1633 benedictionibus
3439 1578 3496 1632 in
3532 1578 3728 1634 convi-

2086 1669 2194 1724 viis
2224 1666 2794 1723 communicaremus
2818 1679 2831 1716 :
2865 1667 2921 1717 et
2944 1661 3281 1731 patriarchae
3307 1681 3732 1721 commemora-

2087 1759 2327 1814 tionem.
2372 1759 2628 1811 Attamen
2663 1752 2930 1823 quamvis
2975 1753 3116 1807 adeo
3151 1769 3257 1808 nos
3287 1769 3389 1824 per
3419 1755 3728 1826 dispensa-

2089 1848 2305 1902 tionem
2356 1844 2817 1908 demitteremus,
2874 1841 2958 1895 illi
3009 1847 3208 1896 centro
3259 1843 3572 1912 pertinacia
3626 1862 3734 1899 sua

2086 1935 2147 1991 in
2167 1939 2401 2007 peccato
2450 1932 2878 1987 efferebantur:
2918 1932 3026 1985 Deo
3060 1931 3272 1986 melius
3303 1933 3579 2002 quiddam
3607 1950 3738 2004 pro-

2087 2025 2338 2090 vidente,
2374 2028 2436 2078 ut
2459 2029 2563 2078 nec
2588 2038 2690 2078 nos
2717 2020 2968 2076 humiles
2993 2021 3154 2092 prius
3174 2021 3443 2076 exsilium
3472 2027 3735 2077 nostrum

2087 2115 2259 2169 inane
2290 2113 2719 2179 redderremus,
2758 2127 2861 2166 nec
2880 2110 3185 2165 inductum
3212 2111 3269 2164 in
3293 2110 3486 2166 orbem
3510 2110 3734 2166 adulte-

2088 2205 2238 2258 rium
2265 2202 2445 2257 nimia
2476 2202 2717 2256 forsitan
2750 2217 2884 2272 erga
2915 2202 3042 2271 eius
3072 2200 3463 2272 copulatorem
3495 2201 3729 2271 dispen—

2086 2292 2311 2348 satione
2336 2291 2712 2346 minueretur.

329 2375 471 2452 μηδὲ
527 2379 561 2445 ἡ
612 2375 959 2450 τολμηθεῖσα
1006 2377 1094 2434 ἐπὶ
1150 2383 1246 2434 τοῦ
1302 2378 1512 2452 κόσμου
1572 2382 1798 2456 μοιχεία
1857 2384 1934 2443 ὡς
1991 2375 2154 2454 ἔτυχε
2212 2378 2301 2433 διὰ
2358 2385 2456 2448 τῆς
2512 2383 2610 2434 τοῦ
2670 2379 3004 2452 συνάψαντος
3045 2377 3620 2454 αύτὴνπερισσοτέρας
3654 2377 3735 2432 οἷ’-

323 2465 584 2538 κονομίας
616 2469 1082 2540 κατασμικρυνθῇ.

397 2559 556 2610 Ὥστε
585 2556 771 2631 καιρὸς
805 2552 925 2630 ἄρτι
966 2557 1138 2612 ἐκεῖνο
1188 2560 1357 2630 ἡμᾶς,
1391 2560 1730 2632 ἠγαπημένε,
1766 2558 1938 2636 λέγειν
1963 2576 1977 2591 ·

321 2647 474 2706 ’Ἕως
557 2645 690 2699 πότε
767 2643 1170 2718 οἰκονομήσεις,
1221 2645 1348 2701 καί·
1405 2645 1780 2719 Οἷκοδομῆσαί
1845 2670 1977 2704 ποτε

323 2734 734 2808 προθυμήθητι.
775 2734 875 2788 Καὶ
932 2734 1068 2790 κατὰ
1120 2736 1211 2789 τὸν
1266 2737 1407 2790 Θεῖον
1463 2735 1769 2809 Βασίλειον,
1822 2737 1974 2813 ἀκρι-

317 2818 438 2894 ϐείᾳ
489 2823 731 2876 κανόνων
789 2825 939 2895 ἡμᾶς
1013 2821 1311 2881 δουλεύειν.
1371 2823 1574 2881 Ἀλλοι
1639 2828 1743 2901 γὰρ
1808 2826 1966 2902 λόγοι

318 2912 424 2986 πρὸ
452 2909 726 2983 πολέμου,
758 2911 846 2965 καὶ
886 2909 1049 2967 ἄλλοι
1105 2912 1241 2986 μετᾶ
1287 2912 1532 2986 πόλεμον
1559 2933 1572 2946 ·
1607 2913 1660 2969 ἐν
1711 2915 1963 2991 ὑπομονῇ

316 3021 377 3056 τε
419 2998 680 3075 διεξάγειν
725 3000 821 3063 τὰς
862 3002 1072 3075 ἡμέρας
1123 3005 1511 3075 ἡμῶν,καθὼς
1559 3004 1960 3079 νενουθέτηκας,

2161 2562 2348 2624 Quare
2409 2575 2562 2614 nunc
2611 2564 2840 2629 tempus
2885 2565 2994 2626 est,
3060 2557 3396 2614 charissima
3449 2563 3514 2613 ut
3591 2558 3734 2614 illud

2090 2663 2482 2719 usurpemus:
2539 2647 2852 2719 Quousque
2917 2649 3153 2702 tandem
3200 2647 3563 2718 dispensabis
3594 2648 3621 2702 ?
3664 2653 3739 2717 et,

2085 2737 2390 2792 [Ediﬁcare
2422 2736 2732 2807 aliquando
2757 2737 2966 2808 incipe.
2993 2737 3084 2804 Et,
3103 2737 3270 2806 juxta
3292 2736 3554 2791 divinum
3579 2736 3743 2792 Basi-

2085 2816 2250 2895 lium,
2281 2831 2564 2881 accurata:
2612 2843 2901 2881 canonum
2941 2825 3334 2880 observationi
3367 2825 3726 2892 serviamus;

2076 2915 2174 2970 alii
2207 2914 2361 2969 enim
2410 2931 2705 2971 sermones
2757 2920 2888 2970 ante
2917 2913 3162 2984 bellum,
3207 2923 3258 2971 et
3305 2915 3402 2969 alii
3445 2920 3579 2985 post
3604 2914 3730 2971 bel-

2072 3004 2238 3060 lum:
2273 3009 2451 3076 atque
2481 3009 2544 3059 ut
2585 3005 2642 3060 in
2687 3004 2969 3076 patientia
2992 3004 3115 3060 dies
3158 2999 3386 3060 no'stros
3424 3005 3731 3073 ducamus,

317 3089 408 3145 καὶ
467 3088 724 3164 εὔχεσθαι
791 3091 920 3165 ὑπὲρ
989 3096 1098 3146 τῶν
1178 3090 1506 3164 διωξάντων.
1562 3095 1856 3151 Ἀσπασταὶ
1914 3094 1970 3151 δὲ

2083 3097 2234 3152 sicut
2289 3095 2669 3164 admonuisti,
2731 3099 2786 3150 et
2815 3112 3037 3150 oremus
3085 3111 3188 3166 pro
3245 3093 3729 3166 persecutoribus.

323 3180 418 3252 μοὶ
471 3179 561 3234 καὶ
611 3180 1065 3257 ὁμογνωμονικαὶ
1109 3184 1162 3238 αἱ
1217 3191 1363 3262 τρεῖς
1399 3207 1494 3240 σου
1522 3187 1703 3258 τίμιαι
1735 3188 1824 3258 [In
1859 3204 1969 3243 ms.

321 3271 460 3343 Reg.
503 3271 698 3345 τίμιε.]
749 3273 973 3346 ῥήσεις·
1025 3273 1059 3342 ἥ
1119 3294 1177 3329 τε
1233 3280 1334 3330 τοῦ
1393 3273 1462 3329 δι’
1520 3276 1636 3338 ἑνὸς
1686 3275 1972 3350 ἀνθρώπου

323 3357 640 3415 ὑπόπτωσιν
683 3362 759 3434 μή
795 3360 1005 3438 σχίζειν
1033 3363 1127 3426 τὰς
1161 3364 1512 3436 Ἐκκλησίας.
1545 3368 1615 3420 "H
1655 3385 1715 3420 τε
1762 3369 1858 3420 τοῦ
1895 3366 1970 3438 μὴ

318 3454 700 3526 συγκοινωνεῖν
745 3454 814 3523 τῇ
850 3450 1000 3506 λύσει
1025 3457 1121 3507 τοῦ
1150 3455 1404 3510 τοιούτου
1436 3473 1448 3485 ·
1500 3454 1590 3509 καὶ
1646 3457 1681 3524 ἡ
1734 3453 1793 3509 ὲκ
1839 3474 1973 3509 πανο

317 3538 409 3599 τὸς
445 3533 786 3609 ἀδιαϐλήτον
828 3539 1016 3613 ἱερέως
1071 3538 1508 3615 μεταλαμϐάνειν
1534 3561 1548 3575 ⁸
1585 3541 1758 3603 οὕτως
1812 3541 1973 3621 ἐχού-

319 3646 420 3697 σης
472 3629 687 3690 πάντως
740 3635 839 3696 τῆς
931 3626 1188 3692 διανοίας.
1248 3631 1352 3686 Καὶ
1407 3632 1683 3708 σύγγνωθί
1752 3653 1867 3705 μοι,
1928 3633 1972 3686 ὦ

320 3713 541 3791 ἀδελφέ,
575 3716 636 3770 ού
684 3715 1210 3786 διδακτικῶς,ἀλλᾶ
1252 3722 1388 3795 πρὸς
1437 3721 1499 3776 τὸ
1548 3724 1705 3794 κοινῇ
1765 3721 1970 3800 συμφέ-

322 3825 416 3879 ρον
468 3801 844 3879 διατρανοῦντι
890 3810 981 3862 τὸν
1034 3805 1224 3884 λόγον.
1260 3811 1410 3865 Κατὰ
1460 3812 1558 3880 τήν
1608 3812 1858 3884 πρώτην,
1910 3811 1972 3866 οὐ

323 3891 392 3947 δι’
420 3891 512 3947 ἕνα
555 3893 836 3968 ἄνθρωπον
885 3896 1254 3972 ἀηοσχίζομεν
1320 3906 1419 3967 τῆς
1469 3897 1800 3969 Ἐκκλησίας
1875 3907 1973 3968 τῆς

321 3982 427 4036 ἀπὸ
481 3979 654 4055 3ορῥᾶ
712 3987 801 4038 καί
863 3982 1082 4059 δυσμῶν
1138 3987 1226 4041 καὶ
1284 3985 1595 4057 Θαλάσσης·
1637 3988 1726 4041 καὶ
1789 3989 1974 4060 μέντοι

319 4071 410 4126 καὶ
471 4077 570 4139 τῆς
629 4071 876 4143 ἐνταῦθα,
933 4072 1188 4141 δηλονότι
1247 4074 1394 4144 πλὴν
1449 4081 1555 4130 τῶν
1620 4096 1973 4151 μοιχοκυρω-

318 4162 449 4217 τῶν.
484 4160 557 4215 Ού
615 4164 720 4237 γὰρ
773 4163 922 4217 οὗτοι
972 4164 1280 4235 Ἐκκλησία
1329 4166 1550 4237 Κυρίου.
1611 4167 1673 4220 Ei
1728 4163 1784 4220 δὲ
1842 4167 1971 4220 Ἐκ-

314 4247 542 4320 κλησία,
574 4250 965 4328 ἀποσχίζομεν
1013 4256 1113 4322 τῆς
1156 4254 1477 4325 Ἐκκλησίας
1525 4252 1595 4309 δι’
1621 4251 1715 4309 ἕνα
1765 4253 1976 4330 ἅνθρω-

315 4359 424 4394 πον
459 4341 804 4413 συνημμένον
838 4345 1000 4416 αὐτῇ,
1035 4341 1178 4418 λέγω
1209 4340 1266 4398 δὲ
1293 4344 1383 4398 τὸν
1435 4344 1840 4418 μοιχοζεύκτην
1895 4347 1969 4418 μὴ

314 4427 692 4501 προσιέμενοι.
724 4426 956 4497 Ἐπειδὴ
1017 4427 1077 4484 δέ
1130 4430 1231 4486 οὐκ
1287 4432 1586 4502 Ἐκκλησία
1644 4437 1799 4504 Θεοῦ,
1843 4432 1975 4488 ἁπο-
2008 4467 2050 4532 D

403 4515 452 4532 ι..
679 4515 693 4532 ,
775 4517 853 4532 ι.
957 4516 1002 4532 ,κ
1063 4520 1126 4532 --
1227 4517 1344 4532 κ...
1466 4520 1549 4532 ..-

317 4515 604 4591 σχίζουσιν
635 4515 792 4572 αὐτοὶ
823 4518 901 4581 ὡς
944 4516 1190 4589 ἀληθῶς,
1223 4517 1294 4575 δι’
1320 4517 1410 4576 ἕνα
1457 4520 1744 4594 ἄνθρωπον
1775 4543 1973 4595 συνημ-

319 4607 482 4678 μένον
565 4605 774 4678 αὐτοῖς,
830 4610 899 4680 τῇ
974 4608 1273 4682 Ἐκκλησία
1347 4614 1444 4666 τοῦ
1521 4616 1689 4666 Θεοῦ·
1751 4609 1973 4673 ἐκείνοις

314 4697 670 4772 παρεοικότες
746 4701 866 4758 τοῖς
949 4697 1002 4752 ἐν
1082 4703 1164 4770 τῷ
1237 4700 1602 4776 χρονογράφῳ
1655 4701 1966 4772 κειμένοις·

313 4787 480 4857 ἡμῶν
533 4787 608 4858 μὴ
672 4787 1011 4861 σχιζομένων
1058 4787 1228 4858 αὐτῆς
1260 4786 1349 4843 διὰ
1393 4790 1483 4843 τὸν
1513 4793 1779 4846 τοιοῦτον.
1825 4790 1969 4844 Κατὰ

312 4874 417 4940 τὴν
446 4870 693 4949 δευτέραν
727 4873 788 4928 οὗ
822 4880 1192 4950 κοινωνοῦμεν
1223 4879 1291 4951 τῇ
1325 4877 1477 4932 λύσει
1527 4878 1727 4946 ωύτοῦ,
1763 4875 1966 4948 δηλον-

315 4963 402 5017 ότι
466 4962 540 5034 μή
599 4967 979 5025 κοινωνοῦντες
1036 4971 1153 5027 τοῖς
1193 4963 1488 5037 προδήλως
1522 4965 1745 5021 λύσασιν
1778 4963 1963 5023 αὑτόν.

314 5051 385 5108 Εἰ
418 5048 475 5104 δὲ
504 5049 727 5113 ἐκείνοις
776 5057 1167 5127 κοινωνοῦμεν,
1193 5058 1658 5130 συγκοινωνοῦμεν
1704 5059 1772 5128 τῇ
1815 5054 1966 5110 λύσει

313 5139 504 5198 αὺτοῦ.
537 5137 694 5196 Ἀλλ’
723 5139 837 5195 ἐπεὶ
895 5140 1115 5205 ἐκείνοις
1176 5145 1486 5218 θεοπρεπῶς
1547 5143 1607 5197 οὐ
1665 5165 1966 5220 συγκοινωο

313 5233 516 5302 νοῦμεν
585 5228 829 5299 λύσασιν,
900 5232 1158 5310 ἀσφαλῶς
1219 5231 1320 5301 ἄρα
1379 5233 1440 5287 ού
1493 5239 1963 5308 συγκοινωνοῦμεν

312 5321 385 5392 τῇ
418 5316 569 5373 λύσει
601 5317 786 5376 αὐτοῦ.
823 5320 972 5376 Κατᾶ
1019 5321 1116 5390 τὴν
1166 5320 1385 5394 τρίτην·
1422 5319 1482 5376 ἐκ
1528 5323 1726 5385 παντὸς
1777 5325 1963 5400 ἱερέως

311 5403 655 5480 ἀδιαϐλήτου
727 5403 1239 5481 μεταλαμϐάνομεν.
1284 5411 1381 5463 Διά
1436 5414 1598 5465 τοῦτο
1657 5409 1713 5466 δὲ
1761 5409 1820 5468 ἐκ
1866 5418 1962 5468 τοῦ

312 5502 520 5574 Ἰωσὴφ
609 5499 670 5555 ού
769 5495 1278 5574 μεταλαμϐάνομεν,
1363 5501 1439 5563 ὡς
1524 5497 1962 5578 διαϐεϐλημένου

312 5590 483 5646 αὐτοῦ
541 5587 816 5663 δημοσίᾳ·
880 5585 1311 5664 διαϐεϐλημένοι
1372 5589 1420 5646 δ’
1466 5590 1526 5646 ἂν
1589 5592 1692 5647 εἷεν
1751 5595 1960 5656 πάντως

386 5717 432 5753 ⁴⁶
464 5719 542 5773 Ad
573 5716 1036 5789 Amphilochium,
1070 5733 1192 5775 can.
1223 5720 1313 5775 70.

635 5820 907 5878 PATROL.
956 5819 1064 5880 Gs.
1110 5817 1315 5881 XCIX.

2086 3184 2515 3256 Amplectendas
2556 3189 2747 3240 autem
2790 3185 2928 3240 mihi
2966 3190 3102 3240 sunt
3140 3188 3198 3240 et
3253 3183 3574 3239 retinendas
3612 3188 3731 3239 tres

2083 3274 2321 3345 egregias
2361 3274 2664 3329 sententis:
2692 3279 2802 3328 tua:
2830 3289 2843 3329 :
2869 3275 2950 3329 Ne
2995 3277 3230 3345 propter
3269 3273 3442 3328 unius
3475 3272 3730 3328 hominis

2081 3363 2314 3434 lapsum
2355 3363 2690 3418 dividantur
2732 3363 3040 3430 Ecclesiae;
3074 3379 3144 3418 ne
3176 3361 3336 3418 illius
3365 3359 3728 3418 absolutioni

2082 3455 2625 3513 communicemus:
2670 3459 2726 3510 et
2757 3460 2820 3510 ut
2848 3456 2917 3511 ab
2949 3455 3107 3511 omni
3133 3455 3430 3526 inculpato
3461 3453 3734 3509 sacerdo-

2081 3551 2137 3599 te
2185 3543 2618 3614 participemus.
2667 3545 2720 3600 Is
2764 3545 2921 3600 enim
2971 3544 3206 3600 omnino
3237 3550 3327 3600 est
3374 3559 3604 3599 sensus.
3668 3543 3737 3597 Et

2081 3633 2311 3704 ignosce
2344 3633 2512 3700 mihi,
2546 3634 2741 3702 frater,
2779 3651 2890 3690 non
2920 3634 3165 3690 docendi
3197 3633 3414 3700 studio,
3441 3633 3541 3688 sed
3574 3648 3732 3688 com-

2082 3723 2279 3778 munis
2333 3722 2596 3778 utilitatis
2636 3739 2811 3779 causa
2843 3739 2961 3779 rem
2998 3723 3185 3779 fusius
3236 3721 3523 3794 explicati.
3572 3720 3733 3785 Quod

2082 3813 2153 3868 ad
2189 3813 2436 3883 primam
2488 3812 2715 3878 attinet,
2767 3812 2923 3868 haud
2961 3828 3094 3867 sane
3145 3816 3384 3883 propter
3415 3827 3595 3866 unum
3630 3809 3734 3864 ho-

2084 3898 2301 3953 minem
2354 3899 2770 3954 discessionem
2814 3898 3062 3953 facimus
3106 3898 3176 3952 ab
3222 3896 3475 3952 Ecclesia
3507 3911 3633 3967 qua:
3663 3897 3733 3948 ad

2085 3987 2449 4058 Aquilonem,
2514 3993 2570 4044 et
2621 4006 2749 4059 qua:
2803 3991 2870 4042 ad
2921 3987 3317 4053 Occidentem,
3375 3990 3430 4040 et
3488 4001 3615 4056 quae
3663 3985 3732 4038 ad

2085 4092 2276 4131 mare:
2330 4077 2430 4131 sed
2465 4093 2650 4148 neque
2688 4077 2758 4131 ab
2791 4091 2859 4131 ea
2882 4092 3008 4146 quae
3044 4076 3103 4130 in
3155 4075 3247 4130 his
3279 4073 3420 4129 locis
3441 4077 3732 4144 est;prae-

2081 4170 2349 4238 terquem
2387 4166 2459 4220 ab
2502 4166 2593 4221 his
2642 4167 2741 4237 qui
2790 4164 3142 4220 adulterium
3186 4163 3557 4220 confirmant.
3608 4166 3734 4218 Non

2083 4255 2238 4312 enim
2270 4254 2354 4310 illi
2401 4259 2540 4309 sunt
2577 4254 2830 4310 Ecclesia
2873 4253 3142 4309 Domini:
3187 4254 3333 4323 quod
3367 4252 3413 4307 si
3461 4249 3732 4315 Ecclesia.

2083 4345 2411 4401 recedimus
2442 4343 2645 4414 utique
2685 4343 2755 4398 ab
2789 4341 3042 4398 Ecclesia
3072 4347 3302 4414 propter
3333 4356 3517 4396 unum
3551 4340 3737 4395 homi-

2083 4449 2214 4488 nem
2247 4447 2377 4487 cum
2411 4447 2477 4486 ea
2498 4429 2858 4514 colligatum,
2891 4429 3143 4485 adulteri
3183 4429 3399 4485 scilicet
3429 4427 3734 4500 copulato-

2085 4539 2202 4578 rem
2249 4539 2361 4577 non
2414 4521 2810 4577 admittentes.
2854 4521 2957 4574 Sed
3011 4519 3290 4592 quoniam
3353 4517 3606 4575 Ecclesia
3637 4519 3735 4574 Dei

2086 4629 2200 4669 non
2232 4616 2393 4681 sunt,
2453 4616 2800 4684 separantur
2835 4611 2946 4683 ipsi
3004 4627 3222 4677 revera,
3274 4614 3508 4680 propter
3545 4625 3730 4663 unum

2085 4703 2384 4758 hominem
2428 4702 2572 4772 ipsis
2619 4701 3033 4768 consociatum,
3076 4699 3148 4754 ab
3191 4698 3447 4754 Ecclesia
3475 4698 3616 4754 Dei:
3650 4697 3733 4752 si-

2085 4795 2252 4850 miles
2293 4811 2490 4850 eorum
2533 4795 2603 4849 de
2641 4793 2856 4864 quibus
2878 4793 3030 4864 apud
3072 4790 3579 4862 chronographum
3613 4790 3731 4862 agi-

2082 4888 2219 4940 tur:
2245 4884 2412 4939 nobis
2455 4883 2526 4938 ab
2559 4899 2626 4938 ea
2673 4886 2904 4953 propter
2938 4880 3104 4936 illum
3140 4879 3381 4935 minime
3416 4879 3733 4934 secedenti-

2082 4973 2212 5029 hus.
2246 4973 2406 5036 Quod
2439 4974 2506 5027 ad
2542 4973 2878 5034 secundam,
2913 4988 3031 5026 non
3064 4968 3568 5024 communicamus
3600 4969 3730 5038 ejus

2082 5062 2456 5130 absolutioni,
2489 5062 2776 5133 siquidem
2810 5077 2922 5116 non
2956 5059 3459 5115 communicamus
3499 5073 3631 5113 cum
3655 5058 3727 5113 iis

2080 5153 2177 5223 qui
2208 5168 2337 5208 eum
2385 5151 2693 5207 manifeste
2733 5149 3126 5206 absolverunt.
3161 5148 3321 5212 Quod
3366 5146 3414 5202 si
3448 5145 3540 5201 his
3571 5162 3727 5202 com-

2079 5241 2486 5297 municamus:
2535 5244 2592 5295 et
2632 5239 2793 5294 illius
2824 5255 2964 5294 sane
2997 5235 3346 5293 absolutioni
3389 5234 3726 5290 communi-

2078 5346 2302 5386 camus.
2355 5330 2463 5384 Sed
2519 5327 2990 5400 quandoquidem
3023 5343 3151 5382 cum
3203 5326 3274 5381 iis
3306 5324 3404 5396 qui
3452 5323 3725 5379 absolve-

2077 5427 2212 5476 runt
2243 5419 2677 5475 communicare
2717 5419 3105 5474 detrectamus
3137 5414 3291 5471 sicut
3327 5413 3480 5470 Deus
3520 5411 3719 5484 exigit,

2076 5509 2244 5578 plane
2276 5510 2448 5580 igitur
2491 5525 2605 5564 non
2656 5507 3153 5564 communicamus
3182 5503 3311 5572 ejus
3341 5500 3720 5558 absolutioni.

2074 5599 2234 5662 Quod
2289 5601 2358 5655 ad
2411 5599 2640 5656 tertiam
2685 5617 2701 5670 ;
2749 5599 2819 5656 ab
2869 5595 3026 5654 omni
3083 5593 3381 5650 sacerdote
3428 5591 3720 5663 inculpata

3315 5821 3395 5880 34
