  <div class='ocr_page' id='page_1' title='image "/cluster/home/n/w/nwhite01/storage/ocr_20150623/99/mdp.39015005675577/539.png"; bbox 0 0 4084 6284; ppageno 0'>
   <div class='ocr_carea' id='block_1_1' title="bbox 370 337 522 397">
    <p class='ocr_par' dir='ltr' id='par_1_1' title="bbox 370 337 522 397">
     <span class='ocr_line' id='line_1_1' title="bbox 370 337 522 397; baseline 0 -1"><span class='ocrx_word' id='word_1_1' title='bbox 370 337 522 397; x_wconf 75' lang='grc'><strong>1067</strong></span> 
     </span>
    </p>
   </div>
   <div class='ocr_carea' id='block_1_2' title="bbox 1605 338 2516 403">
    <p class='ocr_par' dir='ltr' id='par_1_2' title="bbox 1605 338 2516 403">
     <span class='ocr_line' id='line_1_2' title="bbox 1605 338 2516 403; baseline 0.005 -5"><span class='ocrx_word' id='word_1_2' title='bbox 1605 339 1666 398; x_wconf 91' lang='lat' dir='ltr'><strong>S.</strong></span> <span class='ocrx_word' id='word_1_3' title='bbox 1715 340 1815 397; x_wconf 74' lang='grc' dir='ltr'><strong>ΤΗ</strong></span> <span class='ocrx_word' id='word_1_4' title='bbox 1828 338 2110 399; x_wconf 76' lang='lat' dir='ltr'><strong>EODORI</strong></span> <span class='ocrx_word' id='word_1_5' title='bbox 2158 342 2516 403; x_wconf 70' lang='grc' dir='ltr'><strong>ΒἸῊΠΙΤᾹΞ</strong></span> 
     </span>
    </p>
   </div>
   <div class='ocr_carea' id='block_1_3' title="bbox 3607 344 3757 407">
    <p class='ocr_par' dir='ltr' id='par_1_3' title="bbox 3607 344 3757 407">
     <span class='ocr_line' id='line_1_3' title="bbox 3607 344 3757 407; baseline 0.007 -1"><span class='ocrx_word' id='word_1_6' title='bbox 3607 344 3757 407; x_wconf 86' lang='grc'><strong>1068</strong></span> 
     </span>
    </p>
   </div>
   <div class='ocr_carea' id='block_1_4' title="bbox 367 473 1986 555">
    <p class='ocr_par' dir='ltr' id='par_1_4' title="bbox 367 473 1986 544">
     <span class='ocr_line' id='line_1_4' title="bbox 367 473 1986 544; baseline 0.001 -17"><span class='ocrx_word' id='word_1_7' title='bbox 367 473 802 544; x_wconf 88' lang='lat' dir='ltr'><strong>participamus.</strong></span> <span class='ocrx_word' id='word_1_8' title='bbox 864 476 1172 544; x_wconf 82' lang='lat' dir='ltr'><strong>Propterea</strong></span> <span class='ocrx_word' id='word_1_9' title='bbox 1221 478 1413 528; x_wconf 88' lang='lat' dir='ltr'><strong>autem</strong></span> <span class='ocrx_word' id='word_1_10' title='bbox 1466 473 1538 527; x_wconf 84' lang='lat' dir='ltr'><strong>ab</strong></span> <span class='ocrx_word' id='word_1_11' title='bbox 1584 473 1835 543; x_wconf 88' lang='lat' dir='ltr'><strong>Josepho</strong></span> <span class='ocrx_word' id='word_1_12' title='bbox 1881 491 1986 528; x_wconf 85' lang='lat' dir='ltr'><strong>non</strong></span> 
     </span>
    </p>
   </div>
   <div class='ocr_carea' id='block_1_5' title="bbox 2099 473 3760 555">
    <p class='ocr_par' dir='ltr' id='par_1_5' title="bbox 2111 476 3760 555">
     <span class='ocr_line' id='line_1_5' title="bbox 2111 476 3760 555; baseline 0.005 -27"><span class='ocrx_word' id='word_1_13' title='bbox 2111 476 2201 528; x_wconf 85' lang='grc' dir='ltr'><strong>καὶ</strong></span> <span class='ocrx_word' id='word_1_14' title='bbox 2251 477 2302 530; x_wconf 73' lang='grc' dir='ltr'>οἱ</span> <span class='ocrx_word' id='word_1_15' title='bbox 2348 477 2526 551; x_wconf 79' lang='grc' dir='ltr'>τούτῳ</span> <span class='ocrx_word' id='word_1_16' title='bbox 2586 478 3127 555; x_wconf 78' lang='grc' dir='ltr'>συλλειτουργοῦντες</span> <span class='ocrx_word' id='word_1_17' title='bbox 3185 483 3481 554; x_wconf 77' lang='grc' dir='ltr'><strong>καθημένῳ</strong></span> <span class='ocrx_word' id='word_1_18' title='bbox 3534 479 3669 538; x_wconf 74' lang='grc' dir='ltr'>ὄντι.</span> <span class='ocrx_word' id='word_1_19' title='bbox 3701 483 3760 536; x_wconf 80' lang='lat' dir='ltr'><strong>Ei</strong></span> 
     </span>
    </p>
   </div>
   <div class='ocr_carea' id='block_1_6' title="bbox 363 562 2001 636">
    <p class='ocr_par' dir='ltr' id='par_1_6' title="bbox 363 562 2001 636">
     <span class='ocr_line' id='line_1_6' title="bbox 363 562 2001 636; baseline -0.001 -19"><span class='ocrx_word' id='word_1_20' title='bbox 363 564 801 634; x_wconf 88' lang='lat' dir='ltr'><strong>participamus,</strong></span> <span class='ocrx_word' id='word_1_21' title='bbox 847 567 996 636; x_wconf 92' lang='lat' dir='ltr'><strong>quod</strong></span> <span class='ocrx_word' id='word_1_22' title='bbox 1033 565 1261 636; x_wconf 87' lang='lat' dir='ltr'><strong>publice</strong></span> <span class='ocrx_word' id='word_1_23' title='bbox 1296 565 1467 618; x_wconf 86' lang='lat' dir='ltr'><strong>fuerit</strong></span> <span class='ocrx_word' id='word_1_24' title='bbox 1516 567 1762 618; x_wconf 87' lang='lat' dir='ltr'><strong>notatus.</strong></span> <span class='ocrx_word' id='word_1_25' title='bbox 1811 562 2001 618; x_wconf 78' lang='lat' dir='ltr'><strong>Notati</strong></span> 
     </span>
    </p>
   </div>
   <div class='ocr_carea' id='block_1_7' title="bbox 359 652 1998 726">
    <p class='ocr_par' dir='ltr' id='par_1_7' title="bbox 359 652 1998 726">
     <span class='ocr_line' id='line_1_7' title="bbox 359 652 1998 726; baseline 0.001 -20"><span class='ocrx_word' id='word_1_26' title='bbox 359 668 493 723; x_wconf 88' lang='lat' dir='ltr'><strong>ergo</strong></span> <span class='ocrx_word' id='word_1_27' title='bbox 523 658 579 708; x_wconf 91' lang='lat' dir='ltr'><strong>et</strong></span> <span class='ocrx_word' id='word_1_28' title='bbox 622 653 707 707; x_wconf 86' lang='lat' dir='ltr'><strong>illi</strong></span> <span class='ocrx_word' id='word_1_29' title='bbox 753 671 994 726; x_wconf 88' lang='lat' dir='ltr'><strong>prorsus</strong></span> <span class='ocrx_word' id='word_1_30' title='bbox 1035 655 1132 725; x_wconf 86' lang='lat' dir='ltr'><strong>qui</strong></span> <span class='ocrx_word' id='word_1_31' title='bbox 1185 670 1320 708; x_wconf 86' lang='lat' dir='ltr'><strong>cum</strong></span> <span class='ocrx_word' id='word_1_32' title='bbox 1351 670 1417 708; x_wconf 92' lang='lat' dir='ltr'><strong>eo</strong></span> <span class='ocrx_word' id='word_1_33' title='bbox 1458 652 1826 720; x_wconf 75' lang='lat' dir='ltr'><strong>ministrant;</strong></span> <span class='ocrx_word' id='word_1_34' title='bbox 1868 668 1998 707; x_wconf 89' lang='lat' dir='ltr'><strong>cum</strong></span> 
     </span>
    </p>
   </div>
   <div class='ocr_carea' id='block_1_8' title="bbox 358 741 2000 814">
    <p class='ocr_par' dir='ltr' id='par_1_8' title="bbox 358 741 2000 814">
     <span class='ocr_line' id='line_1_8' title="bbox 358 741 2000 814; baseline 0 -19"><span class='ocrx_word' id='word_1_35' title='bbox 358 741 659 812; x_wconf 89' lang='lat' dir='ltr'><strong>depositus</strong></span> <span class='ocrx_word' id='word_1_36' title='bbox 693 743 882 798; x_wconf 85' lang='lat' dir='ltr'><strong>fuerit.</strong></span> <span class='ocrx_word' id='word_1_37' title='bbox 918 745 1079 809; x_wconf 89' lang='lat' dir='ltr'><strong>Quod</strong></span> <span class='ocrx_word' id='word_1_38' title='bbox 1122 743 1167 797; x_wconf 88' lang='lat' dir='ltr'><strong>si</strong></span> <span class='ocrx_word' id='word_1_39' title='bbox 1200 743 1270 798; x_wconf 88' lang='lat' dir='ltr'><strong>ab</strong></span> <span class='ocrx_word' id='word_1_40' title='bbox 1313 743 1403 798; x_wconf 90' lang='lat' dir='ltr'><strong>his</strong></span> <span class='ocrx_word' id='word_1_41' title='bbox 1435 742 1845 814; x_wconf 89' lang='lat' dir='ltr'><strong>participemus</strong></span> <span class='ocrx_word' id='word_1_42' title='bbox 1874 746 2000 796; x_wconf 88' lang='lat' dir='ltr'><strong>tan-</strong></span> 
     </span>
    </p>
   </div>
   <div class='ocr_carea' id='block_1_9' title="bbox 357 831 1997 903">
    <p class='ocr_par' dir='ltr' id='par_1_9' title="bbox 357 831 1997 903">
     <span class='ocr_line' id='line_1_9' title="bbox 357 831 1997 903; baseline 0.001 -19"><span class='ocrx_word' id='word_1_43' title='bbox 357 846 534 899; x_wconf 86' lang='lat' dir='ltr'>quam</span> <span class='ocrx_word' id='word_1_44' title='bbox 565 831 638 887; x_wconf 87' lang='lat' dir='ltr'><strong>ab</strong></span> <span class='ocrx_word' id='word_1_45' title='bbox 669 832 1005 903; x_wconf 88' lang='lat' dir='ltr'><strong>inculpatis,</strong></span> <span class='ocrx_word' id='word_1_46' title='bbox 1057 833 1391 903; x_wconf 90' lang='lat' dir='ltr'><strong>inculpatus</strong></span> <span class='ocrx_word' id='word_1_47' title='bbox 1434 832 1544 887; x_wconf 90' lang='lat' dir='ltr'><strong>erit</strong></span> <span class='ocrx_word' id='word_1_48' title='bbox 1590 837 1647 886; x_wconf 91' lang='lat' dir='ltr'><strong>et</strong></span> <span class='ocrx_word' id='word_1_49' title='bbox 1688 831 1997 902; x_wconf 74' lang='lat' dir='ltr'><strong>Iosephus,</strong></span> 
     </span>
    </p>
   </div>
   <div class='ocr_carea' id='block_1_10' title="bbox 355 921 2000 991">
    <p class='ocr_par' dir='ltr' id='par_1_10' title="bbox 355 921 2000 991">
     <span class='ocr_line' id='line_1_10' title="bbox 355 921 2000 991; baseline 0.002 -18"><span class='ocrx_word' id='word_1_50' title='bbox 355 921 449 991; x_wconf 87' lang='lat' dir='ltr'><strong>qui</strong></span> <span class='ocrx_word' id='word_1_51' title='bbox 484 937 616 976; x_wconf 92' lang='lat' dir='ltr'><strong>cum</strong></span> <span class='ocrx_word' id='word_1_52' title='bbox 666 923 750 977; x_wconf 87' lang='lat' dir='ltr'><strong>eis</strong></span> <span class='ocrx_word' id='word_1_53' title='bbox 787 923 1091 978; x_wconf 86' lang='lat' dir='ltr'><strong>sacriﬁcat.</strong></span> <span class='ocrx_word' id='word_1_54' title='bbox 1153 924 1436 987; x_wconf 86' lang='lat' dir='ltr'><strong>Quoniam</strong></span> <span class='ocrx_word' id='word_1_55' title='bbox 1484 929 1673 979; x_wconf 82' lang='lat' dir='ltr'><strong>autem</strong></span> <span class='ocrx_word' id='word_1_56' title='bbox 1722 921 1772 976; x_wconf 93' lang='lat' dir='ltr'><strong>is</strong></span> <span class='ocrx_word' id='word_1_57' title='bbox 1804 938 2000 976; x_wconf 79' lang='lat' dir='ltr'><strong>revera</strong></span> 
     </span>
    </p>
   </div>
   <div class='ocr_carea' id='block_1_11' title="bbox 353 1011 1997 1082">
    <p class='ocr_par' dir='ltr' id='par_1_11' title="bbox 353 1011 1997 1082">
     <span class='ocr_line' id='line_1_11' title="bbox 353 1011 1997 1082; baseline 0.002 -18"><span class='ocrx_word' id='word_1_58' title='bbox 353 1015 586 1066; x_wconf 85' lang='lat' dir='ltr'><strong>notatus</strong></span> <span class='ocrx_word' id='word_1_59' title='bbox 617 1011 746 1078; x_wconf 81' lang='lat' dir='ltr'><strong>fuit,</strong></span> <span class='ocrx_word' id='word_1_60' title='bbox 778 1017 836 1067; x_wconf 92' lang='lat' dir='ltr'><strong>et</strong></span> <span class='ocrx_word' id='word_1_61' title='bbox 883 1013 954 1067; x_wconf 91' lang='lat' dir='ltr'><strong>ab</strong></span> <span class='ocrx_word' id='word_1_62' title='bbox 986 1030 1050 1068; x_wconf 90' lang='lat' dir='ltr'><strong>eo</strong></span> <span class='ocrx_word' id='word_1_63' title='bbox 1094 1030 1204 1067; x_wconf 90' lang='lat' dir='ltr'><strong>non</strong></span> <span class='ocrx_word' id='word_1_64' title='bbox 1247 1013 1660 1082; x_wconf 89' lang='lat' dir='ltr'><strong>participamus</strong></span> <span class='ocrx_word' id='word_1_65' title='bbox 1693 1028 1707 1077; x_wconf 88' lang='lat'>;</span> <span class='ocrx_word' id='word_1_66' title='bbox 1743 1012 1997 1082; x_wconf 89' lang='lat' dir='ltr'><strong>profecto</strong></span> 
     </span>
    </p>
   </div>
   <div class='ocr_carea' id='block_1_12' title="bbox 354 1100 1996 1171">
    <p class='ocr_par' dir='ltr' id='par_1_12' title="bbox 354 1100 1996 1171">
     <span class='ocr_line' id='line_1_12' title="bbox 354 1100 1996 1171; baseline 0.001 -18"><span class='ocrx_word' id='word_1_67' title='bbox 354 1115 460 1154; x_wconf 90' lang='lat' dir='ltr'><strong>nec</strong></span> <span class='ocrx_word' id='word_1_68' title='bbox 487 1100 649 1154; x_wconf 89' lang='lat' dir='ltr'><strong>abiis</strong></span> <span class='ocrx_word' id='word_1_69' title='bbox 682 1100 783 1171; x_wconf 87' lang='lat' dir='ltr'><strong>qui</strong></span> <span class='ocrx_word' id='word_1_70' title='bbox 815 1118 948 1156; x_wconf 91' lang='lat' dir='ltr'><strong>cum</strong></span> <span class='ocrx_word' id='word_1_71' title='bbox 977 1118 1042 1158; x_wconf 91' lang='lat' dir='ltr'><strong>eo</strong></span> <span class='ocrx_word' id='word_1_72' title='bbox 1076 1102 1445 1168; x_wconf 78' lang='lat' dir='ltr'><strong>ministrant;</strong></span> <span class='ocrx_word' id='word_1_73' title='bbox 1485 1117 1618 1156; x_wconf 90' lang='lat' dir='ltr'><strong>cum</strong></span> <span class='ocrx_word' id='word_1_74' title='bbox 1653 1101 1799 1171; x_wconf 89' lang='lat' dir='ltr'><strong>patri</strong></span> <span class='ocrx_word' id='word_1_75' title='bbox 1825 1101 1996 1155; x_wconf 89' lang='lat' dir='ltr'><strong>modo</strong></span> 
     </span>
    </p>
   </div>
   <div class='ocr_carea' id='block_1_13' title="bbox 355 1199 1994 1271">
    <p class='ocr_par' dir='ltr' id='par_1_13' title="bbox 355 1199 1994 1271">
     <span class='ocr_line' id='line_1_13' title="bbox 355 1199 1994 1271; baseline 0.002 -20"><span class='ocrx_word' id='word_1_76' title='bbox 355 1199 540 1253; x_wconf 83' lang='lat' dir='ltr'><strong>notati</strong></span> <span class='ocrx_word' id='word_1_77' title='bbox 566 1199 703 1254; x_wconf 88' lang='lat' dir='ltr'><strong>sint.</strong></span> <span class='ocrx_word' id='word_1_78' title='bbox 737 1199 1090 1255; x_wconf 84' lang='lat' dir='ltr'><strong>Conﬁrmata</strong></span> <span class='ocrx_word' id='word_1_79' title='bbox 1112 1199 1396 1271; x_wconf 87' lang='lat' dir='ltr'><strong>estigitur</strong></span> <span class='ocrx_word' id='word_1_80' title='bbox 1418 1199 1705 1254; x_wconf 86' lang='lat' dir='ltr'><strong>sententia</strong></span> <span class='ocrx_word' id='word_1_81' title='bbox 1731 1200 1994 1255; x_wconf 87' lang='lat' dir='ltr'><strong>sanctita-</strong></span> 
     </span>
    </p>
   </div>
   <div class='ocr_carea' id='block_1_14' title="bbox 352 1285 1997 1360">
    <p class='ocr_par' dir='ltr' id='par_1_14' title="bbox 352 1285 1997 1360">
     <span class='ocr_line' id='line_1_14' title="bbox 352 1285 1997 1360; baseline 0.004 -22"><span class='ocrx_word' id='word_1_82' title='bbox 352 1285 428 1340; x_wconf 88' lang='lat' dir='ltr'><strong>tis</strong></span> <span class='ocrx_word' id='word_1_83' title='bbox 473 1292 608 1354; x_wconf 70' lang='lat' dir='ltr'><strong>tuae,</strong></span> <span class='ocrx_word' id='word_1_84' title='bbox 660 1295 834 1360; x_wconf 89' lang='lat' dir='ltr'><strong>atque</strong></span> <span class='ocrx_word' id='word_1_85' title='bbox 887 1289 970 1344; x_wconf 89' lang='lat' dir='ltr'><strong>ita</strong></span> <span class='ocrx_word' id='word_1_86' title='bbox 1008 1289 1426 1344; x_wconf 86' lang='lat' dir='ltr'><strong>consentimus.</strong></span> <span class='ocrx_word' id='word_1_87' title='bbox 1486 1290 1564 1343; x_wconf 90' lang='lat' dir='ltr'><strong>Ac</strong></span> <span class='ocrx_word' id='word_1_88' title='bbox 1614 1289 1836 1342; x_wconf 86' lang='lat' dir='ltr'><strong>utinam</strong></span> <span class='ocrx_word' id='word_1_89' title='bbox 1896 1306 1997 1358; x_wconf 91' lang='lat' dir='ltr'><strong>per</strong></span> 
     </span>
    </p>
   </div>
   <div class='ocr_carea' id='block_1_15' title="bbox 351 1375 1994 1445">
    <p class='ocr_par' dir='ltr' id='par_1_15' title="bbox 351 1375 1994 1445">
     <span class='ocr_line' id='line_1_15' title="bbox 351 1375 1994 1445; baseline 0.003 -17"><span class='ocrx_word' id='word_1_90' title='bbox 351 1375 570 1432; x_wconf 87' lang='lat' dir='ltr'><strong>hancce</strong></span> <span class='ocrx_word' id='word_1_91' title='bbox 592 1378 875 1432; x_wconf 84' lang='lat' dir='ltr'><strong>sinceram</strong></span> <span class='ocrx_word' id='word_1_92' title='bbox 903 1377 993 1432; x_wconf 88' lang='lat' dir='ltr'><strong>hic</strong></span> <span class='ocrx_word' id='word_1_93' title='bbox 1016 1378 1386 1433; x_wconf 81' lang='lat' dir='ltr'><strong>concordiam</strong></span> <span class='ocrx_word' id='word_1_94' title='bbox 1412 1382 1695 1445; x_wconf 88' lang='lat' dir='ltr'><strong>nostram,</strong></span> <span class='ocrx_word' id='word_1_95' title='bbox 1721 1377 1780 1430; x_wconf 90' lang='lat' dir='ltr'><strong>in</strong></span> <span class='ocrx_word' id='word_1_96' title='bbox 1802 1377 1994 1433; x_wconf 84' lang='lat' dir='ltr'><strong>futuro</strong></span> 
     </span>
    </p>
   </div>
   <div class='ocr_carea' id='block_1_16' title="bbox 351 1465 1992 1539">
    <p class='ocr_par' dir='ltr' id='par_1_16' title="bbox 351 1465 1992 1539">
     <span class='ocr_line' id='line_1_16' title="bbox 351 1465 1992 1539; baseline 0.001 -19"><span class='ocrx_word' id='word_1_97' title='bbox 351 1465 563 1520; x_wconf 58' lang='lat' dir='ltr'><strong>seculo</strong></span> <span class='ocrx_word' id='word_1_98' title='bbox 596 1483 895 1539; x_wconf 87' lang='lat' dir='ltr'><strong>nunquam</strong></span> <span class='ocrx_word' id='word_1_99' title='bbox 929 1467 1293 1536; x_wconf 89' lang='lat' dir='ltr'><strong>divellamur,</strong></span> <span class='ocrx_word' id='word_1_100' title='bbox 1323 1467 1398 1522; x_wconf 91' lang='lat' dir='ltr'><strong>mi</strong></span> <span class='ocrx_word' id='word_1_101' title='bbox 1429 1468 1600 1522; x_wconf 86' lang='lat' dir='ltr'><strong>frater</strong></span> <span class='ocrx_word' id='word_1_102' title='bbox 1629 1465 1992 1536; x_wconf 88' lang='lat' dir='ltr'><strong>charissime,</strong></span> 
     </span>
    </p>
   </div>
   <div class='ocr_carea' id='block_1_17' title="bbox 351 1555 1991 1627">
    <p class='ocr_par' dir='ltr' id='par_1_17' title="bbox 351 1555 1991 1627">
     <span class='ocr_line' id='line_1_17' title="bbox 351 1555 1991 1627; baseline 0.002 -19"><span class='ocrx_word' id='word_1_103' title='bbox 351 1561 411 1609; x_wconf 87' lang='lat' dir='ltr'><strong>ut</strong></span> <span class='ocrx_word' id='word_1_104' title='bbox 442 1555 605 1627; x_wconf 87' lang='lat' dir='ltr'><strong>digni</strong></span> <span class='ocrx_word' id='word_1_105' title='bbox 625 1556 807 1610; x_wconf 88' lang='lat' dir='ltr'><strong>simus</strong></span> <span class='ocrx_word' id='word_1_106' title='bbox 837 1563 891 1610; x_wconf 90' lang='lat' dir='ltr'><strong>et</strong></span> <span class='ocrx_word' id='word_1_107' title='bbox 921 1573 1026 1612; x_wconf 90' lang='lat' dir='ltr'><strong>nos</strong></span> <span class='ocrx_word' id='word_1_108' title='bbox 1057 1556 1308 1612; x_wconf 86' lang='lat' dir='ltr'><strong>humiles</strong></span> <span class='ocrx_word' id='word_1_109' title='bbox 1350 1555 1578 1626; x_wconf 87' lang='lat' dir='ltr'><strong>aliquod</strong></span> <span class='ocrx_word' id='word_1_110' title='bbox 1621 1557 1855 1610; x_wconf 87' lang='lat' dir='ltr'><strong>Patrum</strong></span> <span class='ocrx_word' id='word_1_111' title='bbox 1889 1573 1991 1611; x_wconf 90' lang='lat' dir='ltr'><strong>no-</strong></span> 
     </span>
    </p>
   </div>
   <div class='ocr_carea' id='block_1_18' title="bbox 350 1644 1993 1718">
    <p class='ocr_par' dir='ltr' id='par_1_18' title="bbox 350 1644 1993 1718">
     <span class='ocr_line' id='line_1_18' title="bbox 350 1644 1993 1718; baseline 0.001 -19"><span class='ocrx_word' id='word_1_112' title='bbox 350 1649 608 1701; x_wconf 88' lang='lat' dir='ltr'><strong>strorum</strong></span> <span class='ocrx_word' id='word_1_113' title='bbox 655 1647 886 1700; x_wconf 89' lang='lat' dir='ltr'><strong>virtutis</strong></span> <span class='ocrx_word' id='word_1_114' title='bbox 936 1647 1204 1718; x_wconf 90' lang='lat' dir='ltr'><strong>vestigim</strong></span> <span class='ocrx_word' id='word_1_115' title='bbox 1255 1644 1594 1701; x_wconf 85' lang='lat' dir='ltr'><strong>consectari.</strong></span> <span class='ocrx_word' id='word_1_116' title='bbox 1639 1644 1718 1699; x_wconf 89' lang='lat' dir='ltr'><strong>De</strong></span> <span class='ocrx_word' id='word_1_117' title='bbox 1764 1644 1993 1701; x_wconf 85' lang='lat' dir='ltr'><strong>civitate</strong></span> 
     </span>
    </p>
   </div>
   <div class='ocr_carea' id='block_1_19' title="bbox 350 1733 1989 1805">
    <p class='ocr_par' dir='ltr' id='par_1_19' title="bbox 350 1733 1989 1805">
     <span class='ocr_line' id='line_1_19' title="bbox 350 1733 1989 1805; baseline 0 -16"><span class='ocrx_word' id='word_1_118' title='bbox 350 1738 540 1790; x_wconf 73' lang='lat' dir='ltr'><strong>autem</strong></span> <span class='ocrx_word' id='word_1_119' title='bbox 605 1739 703 1790; x_wconf 89' lang='lat' dir='ltr'><strong>tua</strong></span> <span class='ocrx_word' id='word_1_120' title='bbox 759 1736 1088 1792; x_wconf 85' lang='lat' dir='ltr'><strong>columnam</strong></span> <span class='ocrx_word' id='word_1_121' title='bbox 1140 1734 1453 1790; x_wconf 89' lang='lat' dir='ltr'><strong>accendisti</strong></span> <span class='ocrx_word' id='word_1_122' title='bbox 1518 1733 1765 1805; x_wconf 90' lang='lat' dir='ltr'><strong>pietatis,</strong></span> <span class='ocrx_word' id='word_1_123' title='bbox 1816 1751 1989 1805; x_wconf 88' lang='lat' dir='ltr'><strong>quam</strong></span> 
     </span>
    </p>
   </div>
   <div class='ocr_carea' id='block_1_20' title="bbox 350 1823 2068 1913">
    <p class='ocr_par' dir='ltr' id='par_1_20' title="bbox 350 1823 2068 1913">
     <span class='ocr_line' id='line_1_20' title="bbox 350 1823 2068 1913; baseline 0.002 -36"><span class='ocrx_word' id='word_1_124' title='bbox 350 1825 661 1880; x_wconf 84' lang='lat' dir='ltr'><strong>obscurare</strong></span> <span class='ocrx_word' id='word_1_125' title='bbox 709 1824 906 1880; x_wconf 90' lang='lat' dir='ltr'><strong>nullus</strong></span> <span class='ocrx_word' id='word_1_126' title='bbox 957 1841 1217 1896; x_wconf 89' lang='lat' dir='ltr'><strong>unquam</strong></span> <span class='ocrx_word' id='word_1_127' title='bbox 1251 1823 1451 1896; x_wconf 89' lang='lat' dir='ltr'><strong>possit.</strong></span> <span class='ocrx_word' id='word_1_128' title='bbox 1495 1823 1694 1895; x_wconf 90' lang='lat' dir='ltr'><strong>Neque</strong></span> <span class='ocrx_word' id='word_1_129' title='bbox 1722 1827 1807 1878; x_wconf 90' lang='lat' dir='ltr'><strong>est</strong></span> <span class='ocrx_word' id='word_1_130' title='bbox 1836 1826 1989 1894; x_wconf 92' lang='lat' dir='ltr'><strong>quod</strong></span> <span class='ocrx_word' id='word_1_131' title='bbox 2025 1849 2068 1913; x_wconf 80' lang='grc' dir='ltr'><strong>Β</strong></span> 
     </span>
    </p>
   </div>
   <div class='ocr_carea' id='block_1_21' title="bbox 351 1913 1993 1986">
    <p class='ocr_par' dir='ltr' id='par_1_21' title="bbox 351 1913 1993 1986">
     <span class='ocr_line' id='line_1_21' title="bbox 351 1913 1993 1986; baseline 0 -18"><span class='ocrx_word' id='word_1_132' title='bbox 351 1929 500 1985; x_wconf 65' lang='lat' dir='ltr'><strong>egre</strong></span> <span class='ocrx_word' id='word_1_133' title='bbox 533 1915 703 1970; x_wconf 87' lang='lat' dir='ltr'><strong>feras.</strong></span> <span class='ocrx_word' id='word_1_134' title='bbox 738 1915 888 1978; x_wconf 87' lang='lat' dir='ltr'><strong>Quin</strong></span> <span class='ocrx_word' id='word_1_135' title='bbox 947 1915 1137 1970; x_wconf 73' lang='lat' dir='ltr'><strong>laetare</strong></span> <span class='ocrx_word' id='word_1_136' title='bbox 1189 1914 1399 1986; x_wconf 85' lang='lat' dir='ltr'><strong>potius,</strong></span> <span class='ocrx_word' id='word_1_137' title='bbox 1433 1913 1514 1968; x_wconf 89' lang='lat' dir='ltr'><strong>uti</strong></span> <span class='ocrx_word' id='word_1_138' title='bbox 1565 1917 1622 1968; x_wconf 91' lang='lat' dir='ltr'><strong>et</strong></span> <span class='ocrx_word' id='word_1_139' title='bbox 1668 1929 1772 1984; x_wconf 85' lang='lat' dir='ltr'><strong>ego</strong></span> <span class='ocrx_word' id='word_1_140' title='bbox 1818 1913 1993 1968; x_wconf 90' lang='lat' dir='ltr'><strong>miser</strong></span> 
     </span>
    </p>
   </div>
   <div class='ocr_carea' id='block_1_22' title="bbox 353 2003 1993 2075">
    <p class='ocr_par' dir='ltr' id='par_1_22' title="bbox 353 2003 1993 2075">
     <span class='ocr_line' id='line_1_22' title="bbox 353 2003 1993 2075; baseline 0.001 -19"><span class='ocrx_word' id='word_1_141' title='bbox 353 2003 406 2057; x_wconf 92' lang='lat' dir='ltr'><strong>id</strong></span> <span class='ocrx_word' id='word_1_142' title='bbox 466 2003 844 2075; x_wconf 88' lang='lat' dir='ltr'><strong>dissipatione</strong></span> <span class='ocrx_word' id='word_1_143' title='bbox 914 2003 1153 2059; x_wconf 89' lang='lat' dir='ltr'><strong>humilis</strong></span> <span class='ocrx_word' id='word_1_144' title='bbox 1227 2003 1566 2059; x_wconf 87' lang='lat' dir='ltr'><strong>monasterii</strong></span> <span class='ocrx_word' id='word_1_145' title='bbox 1626 2003 1794 2069; x_wconf 89' lang='lat' dir='ltr'><strong>mei;</strong></span> <span class='ocrx_word' id='word_1_146' title='bbox 1855 2003 1993 2071; x_wconf 90' lang='lat' dir='ltr'><strong>quia</strong></span> 
     </span>
    </p>
   </div>
   <div class='ocr_carea' id='block_1_23' title="bbox 350 2091 1988 2163">
    <p class='ocr_par' dir='ltr' id='par_1_23' title="bbox 350 2091 1988 2163">
     <span class='ocr_line' id='line_1_23' title="bbox 350 2091 1988 2163; baseline 0.001 -18"><span class='ocrx_word' id='word_1_147' title='bbox 350 2098 586 2163; x_wconf 88' lang='lat' dir='ltr'><strong>propter</strong></span> <span class='ocrx_word' id='word_1_148' title='bbox 623 2093 931 2149; x_wconf 87' lang='lat' dir='ltr'><strong>Dominum</strong></span> <span class='ocrx_word' id='word_1_149' title='bbox 976 2093 1097 2148; x_wconf 64' lang='lat' dir='ltr'><strong>haec</strong></span> <span class='ocrx_word' id='word_1_150' title='bbox 1148 2092 1476 2148; x_wconf 88' lang='lat' dir='ltr'><strong>dissolutio.</strong></span> <span class='ocrx_word' id='word_1_151' title='bbox 1527 2091 1724 2161; x_wconf 81' lang='lat' dir='ltr'><strong>Neque</strong></span> <span class='ocrx_word' id='word_1_152' title='bbox 1754 2092 1826 2146; x_wconf 93' lang='lat' dir='ltr'><strong>ob</strong></span> <span class='ocrx_word' id='word_1_153' title='bbox 1861 2106 1988 2146; x_wconf 89' lang='lat' dir='ltr'><strong>eam</strong></span> 
     </span>
    </p>
   </div>
   <div class='ocr_carea' id='block_1_24' title="bbox 349 2182 1991 2252">
    <p class='ocr_par' dir='ltr' id='par_1_24' title="bbox 349 2182 1991 2252">
     <span class='ocr_line' id='line_1_24' title="bbox 349 2182 1991 2252; baseline -0.001 -16"><span class='ocrx_word' id='word_1_154' title='bbox 349 2198 608 2250; x_wconf 85' lang='lat' dir='ltr'><strong>causam,</strong></span> <span class='ocrx_word' id='word_1_155' title='bbox 629 2183 780 2252; x_wconf 90' lang='lat' dir='ltr'><strong>quod</strong></span> <span class='ocrx_word' id='word_1_156' title='bbox 800 2187 916 2238; x_wconf 90' lang='lat' dir='ltr'><strong>tam</strong></span> <span class='ocrx_word' id='word_1_157' title='bbox 941 2183 1079 2237; x_wconf 91' lang='lat' dir='ltr'><strong>muli</strong></span> <span class='ocrx_word' id='word_1_158' title='bbox 1100 2182 1367 2237; x_wconf 88' lang='lat' dir='ltr'><strong>steterint</strong></span> <span class='ocrx_word' id='word_1_159' title='bbox 1389 2197 1576 2252; x_wconf 83' lang='lat' dir='ltr'><strong>genua</strong></span> <span class='ocrx_word' id='word_1_160' title='bbox 1597 2197 1714 2236; x_wconf 91' lang='lat' dir='ltr'><strong>non</strong></span> <span class='ocrx_word' id='word_1_161' title='bbox 1746 2196 1991 2236; x_wconf 88' lang='lat' dir='ltr'><strong>curvan-</strong></span> 
     </span>
    </p>
   </div>
   <div class='ocr_carea' id='block_1_25' title="bbox 351 2269 1991 2342">
    <p class='ocr_par' dir='ltr' id='par_1_25' title="bbox 351 2269 1991 2342">
     <span class='ocr_line' id='line_1_25' title="bbox 351 2269 1991 2342; baseline -0.001 -17"><span class='ocrx_word' id='word_1_162' title='bbox 351 2275 458 2339; x_wconf 88' lang='lat' dir='ltr'><strong>tes,</strong></span> <span class='ocrx_word' id='word_1_163' title='bbox 510 2286 722 2342; x_wconf 87' lang='lat' dir='ltr'><strong>magna</strong></span> <span class='ocrx_word' id='word_1_164' title='bbox 778 2272 902 2326; x_wconf 84' lang='lat' dir='ltr'><strong>laus</strong></span> <span class='ocrx_word' id='word_1_165' title='bbox 957 2275 1081 2326; x_wconf 88' lang='lat' dir='ltr'><strong>est:</strong></span> <span class='ocrx_word' id='word_1_166' title='bbox 1135 2272 1231 2326; x_wconf 91' lang='lat' dir='ltr'><strong>sed</strong></span> <span class='ocrx_word' id='word_1_167' title='bbox 1290 2269 1375 2324; x_wconf 91' lang='lat' dir='ltr'><strong>vel</strong></span> <span class='ocrx_word' id='word_1_168' title='bbox 1452 2269 1502 2325; x_wconf 91' lang='lat' dir='ltr'><strong>si</strong></span> <span class='ocrx_word' id='word_1_169' title='bbox 1561 2286 1738 2324; x_wconf 89' lang='lat' dir='ltr'><strong>unus.</strong></span> <span class='ocrx_word' id='word_1_170' title='bbox 1792 2269 1991 2324; x_wconf 86' lang='lat' dir='ltr'><strong>Melior</strong></span> 
     </span>
    </p>
   </div>
   <div class='ocr_carea' id='block_1_26' title="bbox 350 2359 1986 2430">
    <p class='ocr_par' dir='ltr' id='par_1_26' title="bbox 350 2359 1986 2430">
     <span class='ocr_line' id='line_1_26' title="bbox 350 2359 1986 2430; baseline -0.002 -14"><span class='ocrx_word' id='word_1_171' title='bbox 350 2360 638 2430; x_wconf 88' lang='lat' dir='ltr'><strong>siquidem</strong></span> <span class='ocrx_word' id='word_1_172' title='bbox 674 2377 823 2416; x_wconf 89' lang='lat' dir='ltr'><strong>unus</strong></span> <span class='ocrx_word' id='word_1_173' title='bbox 861 2359 1091 2415; x_wconf 89' lang='lat' dir='ltr'><strong>Domini</strong></span> <span class='ocrx_word' id='word_1_174' title='bbox 1143 2359 1358 2415; x_wconf 77' lang='lat' dir='ltr'><strong>fociens</strong></span> <span class='ocrx_word' id='word_1_175' title='bbox 1387 2359 1762 2425; x_wconf 85' lang='lat' dir='ltr'><strong>voluntatem,</strong></span> <span class='ocrx_word' id='word_1_176' title='bbox 1813 2374 1986 2429; x_wconf 89' lang='lat' dir='ltr'><strong>quam</strong></span> 
     </span>
    </p>
   </div>
   <div class='ocr_carea' id='block_1_27' title="bbox 349 2447 1992 2519">
    <p class='ocr_par' dir='ltr' id='par_1_27' title="bbox 349 2447 1992 2519">
     <span class='ocr_line' id='line_1_27' title="bbox 349 2447 1992 2519; baseline -0.001 -15"><span class='ocrx_word' id='word_1_177' title='bbox 349 2451 551 2504; x_wconf 89' lang='lat' dir='ltr'><strong>decem</strong></span> <span class='ocrx_word' id='word_1_178' title='bbox 606 2449 794 2504; x_wconf 90' lang='lat' dir='ltr'><strong>millia</strong></span> <span class='ocrx_word' id='word_1_179' title='bbox 846 2450 1358 2519; x_wconf 80' lang='lat' dir='ltr'><strong>praevaricantium</strong></span> <span class='ocrx_word' id='word_1_180' title='bbox 1401 2447 1470 2502; x_wconf 75' lang='lat'><strong>‘7.</strong></span> <span class='ocrx_word' id='word_1_181' title='bbox 1530 2448 1644 2503; x_wconf 91' lang='lat' dir='ltr'><strong>Nec</strong></span> <span class='ocrx_word' id='word_1_182' title='bbox 1675 2463 1806 2503; x_wconf 92' lang='lat' dir='ltr'><strong>vero</strong></span> <span class='ocrx_word' id='word_1_183' title='bbox 1871 2449 1992 2518; x_wconf 90' lang='lat' dir='ltr'><strong>ipse</strong></span> 
     </span>
    </p>
   </div>
   <div class='ocr_carea' id='block_1_28' title="bbox 346 2539 1986 2612">
    <p class='ocr_par' dir='ltr' id='par_1_28' title="bbox 346 2539 1986 2612">
     <span class='ocr_line' id='line_1_28' title="bbox 346 2539 1986 2612; baseline -0.004 -14"><span class='ocrx_word' id='word_1_184' title='bbox 346 2559 524 2598; x_wconf 88' lang='lat' dir='ltr'><strong>causa</strong></span> <span class='ocrx_word' id='word_1_185' title='bbox 548 2557 610 2596; x_wconf 92' lang='lat' dir='ltr'><strong>es</strong></span> <span class='ocrx_word' id='word_1_186' title='bbox 643 2541 872 2596; x_wconf 89' lang='lat' dir='ltr'><strong>illorum</strong></span> <span class='ocrx_word' id='word_1_187' title='bbox 897 2541 1298 2612; x_wconf 89' lang='lat' dir='ltr'><strong>dispersionis,</strong></span> <span class='ocrx_word' id='word_1_188' title='bbox 1321 2539 1454 2595; x_wconf 90' lang='lat' dir='ltr'><strong>licet</strong></span> <span class='ocrx_word' id='word_1_189' title='bbox 1475 2539 1532 2594; x_wconf 91' lang='lat' dir='ltr'><strong>id</strong></span> <span class='ocrx_word' id='word_1_190' title='bbox 1561 2539 1820 2611; x_wconf 87' lang='lat' dir='ltr'><strong>garriant</strong></span> <span class='ocrx_word' id='word_1_191' title='bbox 1839 2555 1986 2593; x_wconf 92' lang='lat' dir='ltr'><strong>non-</strong></span> 
     </span>
    </p>
   </div>
   <div class='ocr_carea' id='block_1_29' title="bbox 348 2626 1986 2699">
    <p class='ocr_par' dir='ltr' id='par_1_29' title="bbox 348 2626 1986 2699">
     <span class='ocr_line' id='line_1_29' title="bbox 348 2626 1986 2699; baseline -0.004 -11"><span class='ocrx_word' id='word_1_192' title='bbox 348 2631 520 2698; x_wconf 87' lang='lat' dir='ltr'><strong>nulli,</strong></span> <span class='ocrx_word' id='word_1_193' title='bbox 557 2630 656 2685; x_wconf 90' lang='lat' dir='ltr'><strong>sed</strong></span> <span class='ocrx_word' id='word_1_194' title='bbox 694 2645 829 2699; x_wconf 87' lang='lat' dir='ltr'><strong>ergo</strong></span> <span class='ocrx_word' id='word_1_195' title='bbox 879 2628 1112 2684; x_wconf 81' lang='lat' dir='ltr'><strong>infelix!</strong></span> <span class='ocrx_word' id='word_1_196' title='bbox 1153 2629 1276 2684; x_wconf 89' lang='lat' dir='ltr'><strong>Erit</strong></span> <span class='ocrx_word' id='word_1_197' title='bbox 1306 2635 1502 2684; x_wconf 90' lang='lat' dir='ltr'><strong>autem</strong></span> <span class='ocrx_word' id='word_1_198' title='bbox 1535 2626 1725 2694; x_wconf 89' lang='lat' dir='ltr'><strong>nobis,</strong></span> <span class='ocrx_word' id='word_1_199' title='bbox 1777 2627 1825 2682; x_wconf 88' lang='lat' dir='ltr'><strong>si</strong></span> <span class='ocrx_word' id='word_1_200' title='bbox 1859 2644 1986 2698; x_wconf 87' lang='lat' dir='ltr'><strong>per-</strong></span> 
     </span>
    </p>
   </div>
   <div class='ocr_carea' id='block_1_30' title="bbox 349 2717 1986 2790">
    <p class='ocr_par' dir='ltr' id='par_1_30' title="bbox 349 2717 1986 2790">
     <span class='ocr_line' id='line_1_30' title="bbox 349 2717 1986 2790; baseline -0.001 -16"><span class='ocrx_word' id='word_1_201' title='bbox 349 2721 522 2785; x_wconf 86' lang='lat' dir='ltr'><strong>feras,</strong></span> <span class='ocrx_word' id='word_1_202' title='bbox 583 2719 919 2790; x_wconf 87' lang='lat' dir='ltr'><strong>ustriusque</strong></span> <span class='ocrx_word' id='word_1_203' title='bbox 957 2717 1038 2773; x_wconf 92' lang='lat' dir='ltr'><strong>rei</strong></span> <span class='ocrx_word' id='word_1_204' title='bbox 1070 2718 1428 2775; x_wconf 89' lang='lat' dir='ltr'><strong>communio.</strong></span> <span class='ocrx_word' id='word_1_205' title='bbox 1463 2718 1834 2787; x_wconf 85' lang='lat' dir='ltr'><strong>Tantamque</strong></span> <span class='ocrx_word' id='word_1_206' title='bbox 1866 2717 1986 2788; x_wconf 90' lang='lat' dir='ltr'><strong>ipse</strong></span> 
     </span>
    </p>
   </div>
   <div class='ocr_carea' id='block_1_31' title="bbox 349 2806 1981 2876">
    <p class='ocr_par' dir='ltr' id='par_1_31' title="bbox 349 2806 1981 2876">
     <span class='ocr_line' id='line_1_31' title="bbox 349 2806 1981 2876; baseline -0.003 -12"><span class='ocrx_word' id='word_1_207' title='bbox 349 2809 670 2864; x_wconf 89' lang='lat' dir='ltr'><strong>mercedem</strong></span> <span class='ocrx_word' id='word_1_208' title='bbox 711 2807 904 2876; x_wconf 90' lang='lat' dir='ltr'><strong>capies</strong></span> <span class='ocrx_word' id='word_1_209' title='bbox 964 2807 1018 2861; x_wconf 88' lang='lat' dir='ltr'><strong>in</strong></span> <span class='ocrx_word' id='word_1_210' title='bbox 1053 2807 1249 2863; x_wconf 89' lang='lat' dir='ltr'><strong>divina</strong></span> <span class='ocrx_word' id='word_1_211' title='bbox 1289 2808 1530 2862; x_wconf 84' lang='lat' dir='ltr'><strong>fratrum</strong></span> <span class='ocrx_word' id='word_1_212' title='bbox 1583 2806 1981 2876; x_wconf 89' lang='lat' dir='ltr'><strong>dispersione;</strong></span> 
     </span>
    </p>
   </div>
   <div class='ocr_carea' id='block_1_32' title="bbox 349 2893 1983 2968">
    <p class='ocr_par' dir='ltr' id='par_1_32' title="bbox 349 2893 1983 2968">
     <span class='ocr_line' id='line_1_32' title="bbox 349 2893 1983 2968; baseline -0.003 -15"><span class='ocrx_word' id='word_1_213' title='bbox 349 2901 633 2968; x_wconf 90' lang='lat' dir='ltr'><strong>quantam</strong></span> <span class='ocrx_word' id='word_1_214' title='bbox 679 2912 782 2968; x_wconf 87' lang='lat' dir='ltr'><strong>ego</strong></span> <span class='ocrx_word' id='word_1_215' title='bbox 835 2895 1134 2952; x_wconf 89' lang='lat' dir='ltr'><strong>nanciscar</strong></span> <span class='ocrx_word' id='word_1_216' title='bbox 1181 2895 1238 2950; x_wconf 92' lang='lat' dir='ltr'><strong>in</strong></span> <span class='ocrx_word' id='word_1_217' title='bbox 1300 2895 1369 2949; x_wconf 89' lang='lat' dir='ltr'><strong>iis</strong></span> <span class='ocrx_word' id='word_1_218' title='bbox 1409 2896 1508 2966; x_wconf 91' lang='lat' dir='ltr'><strong>qui</strong></span> <span class='ocrx_word' id='word_1_219' title='bbox 1557 2893 1983 2950; x_wconf 63' lang='lat' dir='ltr'><strong>Thessalonica</strong></span> 
     </span>
    </p>
   </div>
   <div class='ocr_carea' id='block_1_33' title="bbox 347 2983 1984 3058">
    <p class='ocr_par' dir='ltr' id='par_1_33' title="bbox 347 2983 1984 3058">
     <span class='ocr_line' id='line_1_33' title="bbox 347 2983 1984 3058; baseline -0.002 -17"><span class='ocrx_word' id='word_1_220' title='bbox 347 2985 555 3058; x_wconf 88' lang='lat' dir='ltr'><strong>reliqui</strong></span> <span class='ocrx_word' id='word_1_221' title='bbox 583 2989 721 3042; x_wconf 91' lang='lat' dir='ltr'><strong>sunt</strong></span> <span class='ocrx_word' id='word_1_222' title='bbox 759 2987 946 3057; x_wconf 82' lang='lat' dir='ltr'><strong>legem</strong></span> <span class='ocrx_word' id='word_1_223' title='bbox 990 2985 1247 3041; x_wconf 89' lang='lat' dir='ltr'><strong>divinam</strong></span> <span class='ocrx_word' id='word_1_224' title='bbox 1277 2988 1592 3040; x_wconf 83' lang='lat' dir='ltr'><strong>servantes.</strong></span> <span class='ocrx_word' id='word_1_225' title='bbox 1623 2983 1704 3038; x_wconf 93' lang='lat' dir='ltr'><strong>Do</strong></span> <span class='ocrx_word' id='word_1_226' title='bbox 1739 2983 1984 3039; x_wconf 88' lang='lat' dir='ltr'><strong>carceris</strong></span> 
     </span>
    </p>
   </div>
   <div class='ocr_carea' id='block_1_34' title="bbox 348 3071 1980 3144">
    <p class='ocr_par' dir='ltr' id='par_1_34' title="bbox 348 3071 1980 3144">
     <span class='ocr_line' id='line_1_34' title="bbox 348 3071 1980 3144; baseline -0.003 -13"><span class='ocrx_word' id='word_1_227' title='bbox 348 3080 540 3131; x_wconf 85' lang='lat' dir='ltr'><strong>autem</strong></span> <span class='ocrx_word' id='word_1_228' title='bbox 572 3075 686 3130; x_wconf 89' lang='lat' dir='ltr'><strong>mei</strong></span> <span class='ocrx_word' id='word_1_229' title='bbox 709 3076 945 3130; x_wconf 89' lang='lat' dir='ltr'><strong>custode</strong></span> <span class='ocrx_word' id='word_1_230' title='bbox 976 3074 1343 3129; x_wconf 88' lang='lat' dir='ltr'><strong>nihilattinet</strong></span> <span class='ocrx_word' id='word_1_231' title='bbox 1371 3073 1550 3144; x_wconf 90' lang='lat' dir='ltr'><strong>loqui,</strong></span> <span class='ocrx_word' id='word_1_232' title='bbox 1573 3089 1706 3127; x_wconf 89' lang='lat' dir='ltr'><strong>cum</strong></span> <span class='ocrx_word' id='word_1_233' title='bbox 1735 3072 1866 3126; x_wconf 87' lang='lat' dir='ltr'><strong>talis</strong></span> <span class='ocrx_word' id='word_1_234' title='bbox 1887 3071 1980 3142; x_wconf 91' lang='lat' dir='ltr'><strong>sit,</strong></span> 
     </span>
    </p>
   </div>
   <div class='ocr_carea' id='block_1_35' title="bbox 347 3162 1979 3235">
    <p class='ocr_par' dir='ltr' id='par_1_35' title="bbox 347 3162 1979 3235">
     <span class='ocr_line' id='line_1_35' title="bbox 347 3162 1979 3235; baseline -0.003 -14"><span class='ocrx_word' id='word_1_235' title='bbox 347 3171 405 3222; x_wconf 89' lang='lat' dir='ltr'><strong>et</strong></span> <span class='ocrx_word' id='word_1_236' title='bbox 441 3182 574 3221; x_wconf 90' lang='lat' dir='ltr'><strong>cum</strong></span> <span class='ocrx_word' id='word_1_237' title='bbox 606 3164 858 3235; x_wconf 85' lang='lat' dir='ltr'><strong>Josepho</strong></span> <span class='ocrx_word' id='word_1_238' title='bbox 876 3165 1071 3220; x_wconf 89' lang='lat' dir='ltr'><strong>animo</strong></span> <span class='ocrx_word' id='word_1_239' title='bbox 1102 3163 1638 3233; x_wconf 88' lang='lat' dir='ltr'><strong>conjunctissimus.</strong></span> <span class='ocrx_word' id='word_1_240' title='bbox 1671 3162 1979 3232; x_wconf 87' lang='lat' dir='ltr'><strong>Nunquam</strong></span> 
     </span>
    </p>
   </div>
   <div class='ocr_carea' id='block_1_36' title="bbox 347 3249 1982 3325">
    <p class='ocr_par' dir='ltr' id='par_1_36' title="bbox 347 3249 1982 3325">
     <span class='ocr_line' id='line_1_36' title="bbox 347 3249 1982 3325; baseline -0.003 -15"><span class='ocrx_word' id='word_1_241' title='bbox 347 3271 538 3310; x_wconf 88' lang='lat' dir='ltr'><strong>cesses</strong></span> <span class='ocrx_word' id='word_1_242' title='bbox 565 3272 669 3325; x_wconf 91' lang='lat' dir='ltr'><strong>pro</strong></span> <span class='ocrx_word' id='word_1_243' title='bbox 699 3253 1030 3310; x_wconf 86' lang='lat' dir='ltr'><strong>humilitate</strong></span> <span class='ocrx_word' id='word_1_244' title='bbox 1063 3269 1188 3308; x_wconf 88' lang='lat' dir='ltr'><strong>mea</strong></span> <span class='ocrx_word' id='word_1_245' title='bbox 1218 3253 1385 3309; x_wconf 83' lang='lat' dir='ltr'><strong>enixe</strong></span> <span class='ocrx_word' id='word_1_246' title='bbox 1414 3253 1659 3323; x_wconf 89' lang='lat' dir='ltr'><strong>precari,</strong></span> <span class='ocrx_word' id='word_1_247' title='bbox 1692 3252 1872 3306; x_wconf 81' lang='lat' dir='ltr'><strong>frater</strong></span> <span class='ocrx_word' id='word_1_248' title='bbox 1904 3249 1982 3306; x_wconf 90' lang='lat' dir='ltr'><strong>mi</strong></span> 
     </span>
    </p>
   </div>
   <div class='ocr_carea' id='block_1_37' title="bbox 347 3341 1986 3416">
    <p class='ocr_par' dir='ltr' id='par_1_37' title="bbox 347 3341 1986 3416">
     <span class='ocr_line' id='line_1_37' title="bbox 347 3341 1986 3416; baseline -0.003 -17"><span class='ocrx_word' id='word_1_249' title='bbox 347 3362 412 3399; x_wconf 88' lang='lat' dir='ltr'><strong>ac</strong></span> <span class='ocrx_word' id='word_1_250' title='bbox 445 3347 611 3400; x_wconf 87' lang='lat' dir='ltr'><strong>Pater</strong></span> <span class='ocrx_word' id='word_1_251' title='bbox 662 3344 891 3416; x_wconf 84' lang='lat' dir='ltr'><strong>egregie</strong></span> <span class='ocrx_word' id='word_1_252' title='bbox 921 3348 979 3398; x_wconf 90' lang='lat' dir='ltr'><strong>et</strong></span> <span class='ocrx_word' id='word_1_253' title='bbox 1017 3343 1399 3398; x_wconf 87' lang='lat' dir='ltr'><strong>sanctissime.</strong></span> <span class='ocrx_word' id='word_1_254' title='bbox 1452 3341 1605 3398; x_wconf 89' lang='lat' dir='ltr'><strong>Scito</strong></span> <span class='ocrx_word' id='word_1_255' title='bbox 1647 3345 1986 3396; x_wconf 86' lang='lat' dir='ltr'><strong>accusatum</strong></span> 
     </span>
    </p>
   </div>
   <div class='ocr_carea' id='block_1_38' title="bbox 348 3430 1986 3502">
    <p class='ocr_par' dir='ltr' id='par_1_38' title="bbox 348 3430 1986 3502">
     <span class='ocr_line' id='line_1_38' title="bbox 348 3430 1986 3502; baseline -0.002 -15"><span class='ocrx_word' id='word_1_256' title='bbox 348 3435 527 3488; x_wconf 89' lang='lat' dir='ltr'><strong>fuisse</strong></span> <span class='ocrx_word' id='word_1_257' title='bbox 570 3435 981 3498; x_wconf 87' lang='lat' dir='ltr'><strong>Theosostum,</strong></span> <span class='ocrx_word' id='word_1_258' title='bbox 1028 3432 1177 3502; x_wconf 91' lang='lat' dir='ltr'><strong>quod</strong></span> <span class='ocrx_word' id='word_1_259' title='bbox 1230 3431 1301 3486; x_wconf 91' lang='lat' dir='ltr'><strong>ab</strong></span> <span class='ocrx_word' id='word_1_260' title='bbox 1333 3447 1398 3486; x_wconf 93' lang='lat' dir='ltr'><strong>eo</strong></span> <span class='ocrx_word' id='word_1_261' title='bbox 1445 3447 1556 3486; x_wconf 92' lang='lat' dir='ltr'><strong>non</strong></span> <span class='ocrx_word' id='word_1_262' title='bbox 1599 3430 1986 3501; x_wconf 86' lang='lat' dir='ltr'><strong>participaret,</strong></span> 
     </span>
    </p>
   </div>
   <div class='ocr_carea' id='block_1_39' title="bbox 345 3520 1987 3594">
    <p class='ocr_par' dir='ltr' id='par_1_39' title="bbox 345 3520 1987 3594">
     <span class='ocr_line' id='line_1_39' title="bbox 345 3520 1987 3594; baseline 0 -18"><span class='ocrx_word' id='word_1_263' title='bbox 345 3523 442 3594; x_wconf 91' lang='lat' dir='ltr'><strong>qui</strong></span> <span class='ocrx_word' id='word_1_264' title='bbox 478 3523 672 3578; x_wconf 90' lang='lat' dir='ltr'><strong>sedem</strong></span> <span class='ocrx_word' id='word_1_265' title='bbox 706 3526 866 3578; x_wconf 88' lang='lat' dir='ltr'><strong>tuam</strong></span> <span class='ocrx_word' id='word_1_266' title='bbox 899 3520 1420 3591; x_wconf 82' lang='lat' dir='ltr'><strong>sacrilegeinvasit,</strong></span> <span class='ocrx_word' id='word_1_267' title='bbox 1442 3521 1832 3592; x_wconf 89' lang='lat' dir='ltr'><strong>eumdemque</strong></span> <span class='ocrx_word' id='word_1_268' title='bbox 1852 3524 1987 3576; x_wconf 88' lang='lat' dir='ltr'><strong>stre-</strong></span> 
     </span>
    </p>
   </div>
   <div class='ocr_carea' id='block_1_40' title="bbox 343 3610 1986 3682">
    <p class='ocr_par' dir='ltr' id='par_1_40' title="bbox 343 3610 1986 3682">
     <span class='ocr_line' id='line_1_40' title="bbox 343 3610 1986 3682; baseline 0.001 -15"><span class='ocrx_word' id='word_1_269' title='bbox 343 3630 457 3668; x_wconf 87' lang='lat' dir='ltr'><strong>nue</strong></span> <span class='ocrx_word' id='word_1_270' title='bbox 515 3614 868 3668; x_wconf 89' lang='lat' dir='ltr'><strong>monasterio</strong></span> <span class='ocrx_word' id='word_1_271' title='bbox 926 3629 1032 3667; x_wconf 92' lang='lat' dir='ltr'><strong>suo</strong></span> <span class='ocrx_word' id='word_1_272' title='bbox 1099 3610 1335 3682; x_wconf 87' lang='lat' dir='ltr'><strong>pulsum</strong></span> <span class='ocrx_word' id='word_1_273' title='bbox 1380 3612 1581 3667; x_wconf 90' lang='lat' dir='ltr'><strong>fuisse.</strong></span> <span class='ocrx_word' id='word_1_274' title='bbox 1632 3611 1986 3668; x_wconf 87' lang='lat' dir='ltr'><strong>Athanasius</strong></span> 
     </span>
    </p>
   </div>
   <div class='ocr_carea' id='block_1_41' title="bbox 345 3701 1984 3772">
    <p class='ocr_par' dir='ltr' id='par_1_41' title="bbox 345 3701 1984 3772">
     <span class='ocr_line' id='line_1_41' title="bbox 345 3701 1984 3772; baseline 0.001 -16"><span class='ocrx_word' id='word_1_275' title='bbox 345 3703 517 3757; x_wconf 81' lang='lat' dir='ltr'><strong>frater</strong></span> <span class='ocrx_word' id='word_1_276' title='bbox 575 3707 768 3758; x_wconf 89' lang='lat' dir='ltr'><strong>noster</strong></span> <span class='ocrx_word' id='word_1_277' title='bbox 811 3717 1044 3756; x_wconf 89' lang='lat' dir='ltr'><strong>rursum</strong></span> <span class='ocrx_word' id='word_1_278' title='bbox 1077 3705 1276 3772; x_wconf 87' lang='lat' dir='ltr'><strong>captus</strong></span> <span class='ocrx_word' id='word_1_279' title='bbox 1307 3705 1393 3757; x_wconf 86' lang='lat' dir='ltr'><strong>est</strong></span> <span class='ocrx_word' id='word_1_280' title='bbox 1429 3706 1485 3756; x_wconf 91' lang='lat' dir='ltr'><strong>et</strong></span> <span class='ocrx_word' id='word_1_281' title='bbox 1514 3701 1652 3757; x_wconf 90' lang='lat' dir='ltr'><strong>illuc</strong></span> <span class='ocrx_word' id='word_1_282' title='bbox 1683 3702 1984 3772; x_wconf 83' lang='lat' dir='ltr'><strong>relegatus.</strong></span> 
     </span>
    </p>
   </div>
   <div class='ocr_carea' id='block_1_42' title="bbox 345 3790 1989 3862">
    <p class='ocr_par' dir='ltr' id='par_1_42' title="bbox 345 3790 1989 3862">
     <span class='ocr_line' id='line_1_42' title="bbox 345 3790 1989 3862; baseline 0.001 -17"><span class='ocrx_word' id='word_1_283' title='bbox 345 3793 549 3847; x_wconf 81' lang='lat' dir='ltr'><strong>Custos</strong></span> <span class='ocrx_word' id='word_1_284' title='bbox 577 3808 762 3861; x_wconf 90' lang='lat' dir='ltr'><strong>meus,</strong></span> <span class='ocrx_word' id='word_1_285' title='bbox 791 3807 918 3847; x_wconf 92' lang='lat' dir='ltr'><strong>cum</strong></span> <span class='ocrx_word' id='word_1_286' title='bbox 945 3791 1200 3858; x_wconf 84' lang='lat' dir='ltr'><strong>exiisset,</strong></span> <span class='ocrx_word' id='word_1_287' title='bbox 1219 3790 1413 3846; x_wconf 86' lang='lat' dir='ltr'><strong>attulit</strong></span> <span class='ocrx_word' id='word_1_288' title='bbox 1443 3790 1582 3845; x_wconf 88' lang='lat' dir='ltr'><strong>mihi</strong></span> <span class='ocrx_word' id='word_1_289' title='bbox 1605 3808 1638 3845; x_wconf 89' lang='lat' dir='ltr'><strong>a</strong></span> <span class='ocrx_word' id='word_1_290' title='bbox 1659 3791 1989 3862; x_wconf 88' lang='lat' dir='ltr'><strong>patriarcha</strong></span> 
     </span>
    </p>
   </div>
   <div class='ocr_carea' id='block_1_43' title="bbox 345 3877 1988 3950">
    <p class='ocr_par' dir='ltr' id='par_1_43' title="bbox 345 3877 1988 3950">
     <span class='ocr_line' id='line_1_43' title="bbox 345 3877 1988 3950; baseline 0 -18"><span class='ocrx_word' id='word_1_291' title='bbox 345 3877 808 3934; x_wconf 87' lang='lat' dir='ltr'><strong>salutationem:</strong></span> <span class='ocrx_word' id='word_1_292' title='bbox 863 3880 1126 3950; x_wconf 90' lang='lat' dir='ltr'><strong>Ignoscet</strong></span> <span class='ocrx_word' id='word_1_293' title='bbox 1186 3877 1287 3932; x_wconf 90' lang='lat' dir='ltr'><strong>tibi</strong></span> <span class='ocrx_word' id='word_1_294' title='bbox 1364 3877 1534 3943; x_wconf 88' lang='lat' dir='ltr'><strong>Deus,</strong></span> <span class='ocrx_word' id='word_1_295' title='bbox 1607 3878 1815 3947; x_wconf 90' lang='lat' dir='ltr'><strong>inquit,</strong></span> <span class='ocrx_word' id='word_1_296' title='bbox 1892 3877 1988 3932; x_wconf 89' lang='lat' dir='ltr'><strong>hic</strong></span> 
     </span>
    </p>
   </div>
   <div class='ocr_carea' id='block_1_44' title="bbox 345 3965 1985 4033">
    <p class='ocr_par' dir='ltr' id='par_1_44' title="bbox 345 3965 1985 4033">
     <span class='ocr_line' id='line_1_44' title="bbox 345 3965 1985 4033; baseline 0 -12"><span class='ocrx_word' id='word_1_297' title='bbox 345 3968 555 4022; x_wconf 85' lang='lat' dir='ltr'><strong>habere</strong></span> <span class='ocrx_word' id='word_1_298' title='bbox 581 3972 636 4023; x_wconf 91' lang='lat' dir='ltr'><strong>te</strong></span> <span class='ocrx_word' id='word_1_299' title='bbox 666 3967 1001 4023; x_wconf 87' lang='lat' dir='ltr'><strong>volebamus</strong></span> <span class='ocrx_word' id='word_1_300' title='bbox 1025 3968 1096 4021; x_wconf 89' lang='lat' dir='ltr'><strong>ad</strong></span> <span class='ocrx_word' id='word_1_301' title='bbox 1133 3966 1414 4022; x_wconf 80' lang='lat' dir='ltr'><strong>auxilium</strong></span> <span class='ocrx_word' id='word_1_302' title='bbox 1440 3972 1722 4022; x_wconf 88' lang='lat' dir='ltr'><strong>nostrum.</strong></span> <span class='ocrx_word' id='word_1_303' title='bbox 1755 3965 1985 4033; x_wconf 85' lang='lat' dir='ltr'><strong>Abiisti,</strong></span> 
     </span>
    </p>
   </div>
   <div class='ocr_carea' id='block_1_45' title="bbox 343 4054 1988 4123">
    <p class='ocr_par' dir='ltr' id='par_1_45' title="bbox 343 4054 1988 4123">
     <span class='ocr_line' id='line_1_45' title="bbox 343 4054 1988 4123; baseline -0.001 -13"><span class='ocrx_word' id='word_1_304' title='bbox 343 4061 398 4110; x_wconf 89' lang='lat' dir='ltr'><strong>ct</strong></span> <span class='ocrx_word' id='word_1_305' title='bbox 447 4055 575 4110; x_wconf 88' lang='lat' dir='ltr'><strong>istic</strong></span> <span class='ocrx_word' id='word_1_306' title='bbox 617 4055 954 4123; x_wconf 88' lang='lat' dir='ltr'><strong>consedisti,</strong></span> <span class='ocrx_word' id='word_1_307' title='bbox 1005 4055 1230 4110; x_wconf 85' lang='lat' dir='ltr'><strong>invideo</strong></span> <span class='ocrx_word' id='word_1_308' title='bbox 1279 4054 1404 4110; x_wconf 90' lang='lat' dir='ltr'><strong>tibi.</strong></span> <span class='ocrx_word' id='word_1_309' title='bbox 1451 4054 1612 4118; x_wconf 87' lang='lat' dir='ltr'><strong>Quod</strong></span> <span class='ocrx_word' id='word_1_310' title='bbox 1654 4070 1785 4108; x_wconf 86' lang='lat' dir='ltr'><strong>cum</strong></span> <span class='ocrx_word' id='word_1_311' title='bbox 1819 4054 1988 4109; x_wconf 91' lang='lat' dir='ltr'><strong>audi-</strong></span> 
     </span>
    </p>
   </div>
   <div class='ocr_carea' id='block_1_46' title="bbox 340 4144 1984 4216">
    <p class='ocr_par' dir='ltr' id='par_1_46' title="bbox 340 4144 1984 4216">
     <span class='ocr_line' id='line_1_46' title="bbox 340 4144 1984 4216; baseline 0.001 -18"><span class='ocrx_word' id='word_1_312' title='bbox 340 4145 576 4213; x_wconf 88' lang='lat' dir='ltr'><strong>vissem,</strong></span> <span class='ocrx_word' id='word_1_313' title='bbox 617 4145 742 4200; x_wconf 88' lang='lat' dir='ltr'><strong>risi.</strong></span> <span class='ocrx_word' id='word_1_314' title='bbox 767 4145 963 4214; x_wconf 89' lang='lat' dir='ltr'><strong>Neque</strong></span> <span class='ocrx_word' id='word_1_315' title='bbox 985 4145 1138 4199; x_wconf 90' lang='lat' dir='ltr'><strong>enim</strong></span> <span class='ocrx_word' id='word_1_316' title='bbox 1173 4160 1322 4216; x_wconf 90' lang='lat' dir='ltr'><strong>opus</strong></span> <span class='ocrx_word' id='word_1_317' title='bbox 1345 4147 1467 4199; x_wconf 88' lang='lat' dir='ltr'><strong>erat</strong></span> <span class='ocrx_word' id='word_1_318' title='bbox 1494 4144 1839 4214; x_wconf 88' lang='lat' dir='ltr'><strong>respondere</strong></span> <span class='ocrx_word' id='word_1_319' title='bbox 1871 4160 1984 4212; x_wconf 90' lang='lat' dir='ltr'><strong>me,</strong></span> 
     </span>
    </p>
   </div>
   <div class='ocr_carea' id='block_1_47' title="bbox 340 4234 1984 4306">
    <p class='ocr_par' dir='ltr' id='par_1_47' title="bbox 340 4234 1984 4306">
     <span class='ocr_line' id='line_1_47' title="bbox 340 4234 1984 4306; baseline 0.001 -17"><span class='ocrx_word' id='word_1_320' title='bbox 340 4236 452 4289; x_wconf 89' lang='lat' dir='ltr'><strong>nisi</strong></span> <span class='ocrx_word' id='word_1_321' title='bbox 497 4238 601 4290; x_wconf 90' lang='lat' dir='ltr'><strong>hoc</strong></span> <span class='ocrx_word' id='word_1_322' title='bbox 650 4240 918 4302; x_wconf 89' lang='lat' dir='ltr'><strong>tantum;</strong></span> <span class='ocrx_word' id='word_1_323' title='bbox 954 4235 1104 4305; x_wconf 91' lang='lat' dir='ltr'><strong>quod</strong></span> <span class='ocrx_word' id='word_1_324' title='bbox 1152 4235 1200 4290; x_wconf 91' lang='lat' dir='ltr'><strong>si</strong></span> <span class='ocrx_word' id='word_1_325' title='bbox 1231 4234 1474 4302; x_wconf 89' lang='lat' dir='ltr'><strong>invidet,</strong></span> <span class='ocrx_word' id='word_1_326' title='bbox 1535 4238 1698 4290; x_wconf 83' lang='lat' dir='ltr'><strong>exeat</strong></span> <span class='ocrx_word' id='word_1_327' title='bbox 1744 4239 1800 4290; x_wconf 91' lang='lat' dir='ltr'><strong>et</strong></span> <span class='ocrx_word' id='word_1_328' title='bbox 1840 4235 1984 4306; x_wconf 90' lang='lat' dir='ltr'><strong>ipse.</strong></span> 
     </span>
    </p>
   </div>
   <div class='ocr_carea' id='block_1_48' title="bbox 342 4323 1984 4396">
    <p class='ocr_par' dir='ltr' id='par_1_48' title="bbox 342 4323 1984 4396">
     <span class='ocr_line' id='line_1_48' title="bbox 342 4323 1984 4396; baseline 0.001 -18"><span class='ocrx_word' id='word_1_329' title='bbox 342 4323 637 4379; x_wconf 80' lang='lat' dir='ltr'><strong>Relaxavit</strong></span> <span class='ocrx_word' id='word_1_330' title='bbox 666 4341 835 4396; x_wconf 90' lang='lat' dir='ltr'><strong>porro</strong></span> <span class='ocrx_word' id='word_1_331' title='bbox 869 4325 1217 4393; x_wconf 90' lang='lat' dir='ltr'><strong>custodiam,</strong></span> <span class='ocrx_word' id='word_1_332' title='bbox 1250 4325 1502 4380; x_wconf 86' lang='lat' dir='ltr'><strong>invitans</strong></span> <span class='ocrx_word' id='word_1_333' title='bbox 1537 4325 1608 4380; x_wconf 88' lang='lat' dir='ltr'><strong>ad</strong></span> <span class='ocrx_word' id='word_1_334' title='bbox 1643 4324 1984 4396; x_wconf 87' lang='lat' dir='ltr'><strong>requietem,</strong></span> 
     </span>
    </p>
   </div>
   <div class='ocr_carea' id='block_1_49' title="bbox 338 4412 1989 4482">
    <p class='ocr_par' dir='ltr' id='par_1_49' title="bbox 338 4412 1989 4482">
     <span class='ocr_line' id='line_1_49' title="bbox 338 4412 1989 4482; baseline 0.002 -16"><span class='ocrx_word' id='word_1_335' title='bbox 338 4412 548 4466; x_wconf 89' lang='lat' dir='ltr'><strong>Attulit</strong></span> <span class='ocrx_word' id='word_1_336' title='bbox 603 4414 758 4468; x_wconf 91' lang='lat' dir='ltr'><strong>enim</strong></span> <span class='ocrx_word' id='word_1_337' title='bbox 792 4414 932 4468; x_wconf 88' lang='lat' dir='ltr'><strong>mihi</strong></span> <span class='ocrx_word' id='word_1_338' title='bbox 984 4423 1037 4468; x_wconf 88' lang='lat' dir='ltr'><strong>et</strong></span> <span class='ocrx_word' id='word_1_339' title='bbox 1067 4431 1100 4469; x_wconf 92' lang='lat' dir='ltr'><strong>a</strong></span> <span class='ocrx_word' id='word_1_340' title='bbox 1130 4413 1398 4469; x_wconf 91' lang='lat' dir='ltr'><strong>Simeone</strong></span> <span class='ocrx_word' id='word_1_341' title='bbox 1447 4413 1877 4482; x_wconf 87' lang='lat' dir='ltr'><strong>salutationem,</strong></span> <span class='ocrx_word' id='word_1_342' title='bbox 1931 4417 1989 4469; x_wconf 86' lang='lat' dir='ltr'><strong>et</strong></span> 
     </span>
    </p>
   </div>
   <div class='ocr_carea' id='block_1_50' title="bbox 341 4501 1987 4572">
    <p class='ocr_par' dir='ltr' id='par_1_50' title="bbox 341 4501 1987 4572">
     <span class='ocr_line' id='line_1_50' title="bbox 341 4501 1987 4572; baseline 0.001 -17"><span class='ocrx_word' id='word_1_343' title='bbox 341 4504 490 4572; x_wconf 86' lang='lat' dir='ltr'><strong>quod</strong></span> <span class='ocrx_word' id='word_1_344' title='bbox 537 4501 725 4558; x_wconf 88' lang='lat' dir='ltr'><strong>dicere</strong></span> <span class='ocrx_word' id='word_1_345' title='bbox 785 4503 1119 4572; x_wconf 87' lang='lat' dir='ltr'><strong>imperatori</strong></span> <span class='ocrx_word' id='word_1_346' title='bbox 1152 4502 1306 4570; x_wconf 83' lang='lat' dir='ltr'><strong>velit,</strong></span> <span class='ocrx_word' id='word_1_347' title='bbox 1366 4507 1420 4558; x_wconf 91' lang='lat' dir='ltr'><strong>te</strong></span> <span class='ocrx_word' id='word_1_348' title='bbox 1458 4503 1514 4557; x_wconf 91' lang='lat' dir='ltr'><strong>in</strong></span> <span class='ocrx_word' id='word_1_349' title='bbox 1575 4519 1804 4557; x_wconf 90' lang='lat' dir='ltr'><strong>carcere</strong></span> <span class='ocrx_word' id='word_1_350' title='bbox 1837 4501 1987 4557; x_wconf 86' lang='lat' dir='ltr'><strong>male</strong></span> 
     </span>
    </p>
   </div>
   <div class='ocr_carea' id='block_1_51' title="bbox 2113 559 3758 643">
    <p class='ocr_par' dir='ltr' id='par_1_51' title="bbox 2113 559 3758 643">
     <span class='ocr_line' id='line_1_51' title="bbox 2113 559 3758 643; baseline 0.007 -27"><span class='ocrx_word' id='word_1_351' title='bbox 2113 559 2169 617; x_wconf 79' lang='grc' dir='ltr'><strong>δὲ</strong></span> <span class='ocrx_word' id='word_1_352' title='bbox 2226 564 2284 618; x_wconf 83' lang='grc' dir='ltr'><strong>ἐκ</strong></span> <span class='ocrx_word' id='word_1_353' title='bbox 2348 571 2456 620; x_wconf 83' lang='grc' dir='ltr'><strong>τῶν</strong></span> <span class='ocrx_word' id='word_1_354' title='bbox 2506 568 2770 623; x_wconf 78' lang='grc' dir='ltr'><strong>τοιούτων</strong></span> <span class='ocrx_word' id='word_1_355' title='bbox 2818 565 3333 643; x_wconf 78' lang='grc' dir='ltr'>μεταλαμϐάνομεν,</span> <span class='ocrx_word' id='word_1_356' title='bbox 3381 573 3457 632; x_wconf 84' lang='grc' dir='ltr'>ὡς</span> <span class='ocrx_word' id='word_1_357' title='bbox 3506 571 3554 640; x_wconf 81' lang='grc' dir='ltr'><strong>ἐξ</strong></span> <span class='ocrx_word' id='word_1_358' title='bbox 3607 569 3758 628; x_wconf 79' lang='grc' dir='ltr'>ἀδια-</span> 
     </span>
    </p>
   </div>
   <div class='ocr_carea' id='block_1_52' title="bbox 2111 648 3756 736">
    <p class='ocr_par' dir='ltr' id='par_1_52' title="bbox 2111 648 3756 736">
     <span class='ocr_line' id='line_1_52' title="bbox 2111 648 3756 736; baseline 0.004 -29"><span class='ocrx_word' id='word_1_359' title='bbox 2111 648 2355 723; x_wconf 73' lang='grc' dir='ltr'>ϐλήτων,</span> <span class='ocrx_word' id='word_1_360' title='bbox 2415 653 2748 726; x_wconf 76' lang='grc' dir='ltr'>ἀδιάϐλητος</span> <span class='ocrx_word' id='word_1_361' title='bbox 2797 658 2856 712; x_wconf 79' lang='grc' dir='ltr'><strong>ἂν</strong></span> <span class='ocrx_word' id='word_1_362' title='bbox 2917 659 3001 728; x_wconf 71' lang='grc' dir='ltr'>εἴη</span> <span class='ocrx_word' id='word_1_363' title='bbox 3061 659 3152 714; x_wconf 83' lang='grc' dir='ltr'><strong>καὶ</strong></span> <span class='ocrx_word' id='word_1_364' title='bbox 3211 661 3475 736; x_wconf 80' lang='grc' dir='ltr'><strong>ὁἸωσὴφ</strong></span> <span class='ocrx_word' id='word_1_365' title='bbox 3528 659 3756 716; x_wconf 87' lang='grc' dir='ltr'>συλλει-</span> 
     </span>
    </p>
   </div>
   <div class='ocr_carea' id='block_1_53' title="bbox 2109 743 3756 820">
    <p class='ocr_par' dir='ltr' id='par_1_53' title="bbox 2109 743 3756 820">
     <span class='ocr_line' id='line_1_53' title="bbox 2109 743 3756 820; baseline 0.005 -24"><span class='ocrx_word' id='word_1_366' title='bbox 2109 748 2355 817; x_wconf 84' lang='grc' dir='ltr'>τουργῶν</span> <span class='ocrx_word' id='word_1_367' title='bbox 2388 743 2590 810; x_wconf 83' lang='grc' dir='ltr'>αὐτοῖς.</span> <span class='ocrx_word' id='word_1_368' title='bbox 2628 748 2776 802; x_wconf 77' lang='grc' dir='ltr'>Ἐπεὶ</span> <span class='ocrx_word' id='word_1_369' title='bbox 2809 745 2865 801; x_wconf 80' lang='grc' dir='ltr'><strong>δὲ</strong></span> <span class='ocrx_word' id='word_1_370' title='bbox 2907 743 3342 819; x_wconf 89' lang='grc' dir='ltr'>διαϐεϐλημένος</span> <span class='ocrx_word' id='word_1_371' title='bbox 3392 751 3466 811; x_wconf 84' lang='grc' dir='ltr'>ὡς</span> <span class='ocrx_word' id='word_1_372' title='bbox 3515 748 3756 820; x_wconf 83' lang='grc' dir='ltr'>ἀληθῶς,</span> 
     </span>
    </p>
   </div>
   <div class='ocr_carea' id='block_1_54' title="bbox 2107 833 3758 910">
    <p class='ocr_par' dir='ltr' id='par_1_54' title="bbox 2107 833 3758 910">
     <span class='ocr_line' id='line_1_54' title="bbox 2107 833 3758 910; baseline 0.006 -26"><span class='ocrx_word' id='word_1_373' title='bbox 2107 833 2197 884; x_wconf 82' lang='grc' dir='ltr'><strong>καὶ</strong></span> <span class='ocrx_word' id='word_1_374' title='bbox 2244 835 2369 908; x_wconf 90' lang='grc' dir='ltr'>παρ’</span> <span class='ocrx_word' id='word_1_375' title='bbox 2418 835 2581 889; x_wconf 79' lang='grc' dir='ltr'>αὐτοῦ</span> <span class='ocrx_word' id='word_1_376' title='bbox 2640 837 2703 890; x_wconf 83' lang='grc' dir='ltr'>οὐ</span> <span class='ocrx_word' id='word_1_377' title='bbox 2757 833 3264 910; x_wconf 77' lang='grc' dir='ltr'>μεταλαμϐάνομεν,</span> <span class='ocrx_word' id='word_1_378' title='bbox 3316 836 3579 908; x_wconf 81' lang='grc' dir='ltr'>δηλονότι</span> <span class='ocrx_word' id='word_1_379' title='bbox 3631 836 3758 901; x_wconf 73' lang='grc' dir='ltr'>οὐδὲ</span> 
     </span>
    </p>
   </div>
   <div class='ocr_carea' id='block_1_55' title="bbox 2108 919 3757 1000">
    <p class='ocr_par' dir='ltr' id='par_1_55' title="bbox 2108 919 3757 1000">
     <span class='ocr_line' id='line_1_55' title="bbox 2108 919 3757 1000; baseline 0.005 -27"><span class='ocrx_word' id='word_1_380' title='bbox 2108 919 2167 974; x_wconf 84' lang='grc' dir='ltr'><strong>ἐκ</strong></span> <span class='ocrx_word' id='word_1_381' title='bbox 2197 927 2302 975; x_wconf 81' lang='grc' dir='ltr'><strong>τῶν</strong></span> <span class='ocrx_word' id='word_1_382' title='bbox 2344 925 2868 1000; x_wconf 85' lang='grc' dir='ltr'>συνιερουργούντων</span> <span class='ocrx_word' id='word_1_383' title='bbox 2908 928 3074 998; x_wconf 83' lang='grc' dir='ltr'>αὐτῷ,</span> <span class='ocrx_word' id='word_1_384' title='bbox 3110 928 3371 990; x_wconf 78' lang='grc' dir='ltr'><strong>ὡσαύτως</strong></span> <span class='ocrx_word' id='word_1_385' title='bbox 3419 927 3590 983; x_wconf 81' lang='grc' dir='ltr'>ὄντων</span> <span class='ocrx_word' id='word_1_386' title='bbox 3637 925 3757 982; x_wconf 85' lang='grc' dir='ltr'>δια-</span> 
     </span>
    </p>
   </div>
   <div class='ocr_carea' id='block_1_56' title="bbox 2108 1004 3753 1093">
    <p class='ocr_par' dir='ltr' id='par_1_56' title="bbox 2108 1004 3753 1093">
     <span class='ocr_line' id='line_1_56' title="bbox 2108 1004 3753 1093; baseline 0.005 -31"><span class='ocrx_word' id='word_1_387' title='bbox 2108 1004 2491 1083; x_wconf 84' lang='grc' dir='ltr'>ϐεϐλημένων.</span> <span class='ocrx_word' id='word_1_388' title='bbox 2527 1013 2799 1088; x_wconf 81' lang='grc' dir='ltr'>Ἔῤῥωται</span> <span class='ocrx_word' id='word_1_389' title='bbox 2828 1015 3006 1070; x_wconf 78' lang='grc' dir='ltr'>τοίνυν</span> <span class='ocrx_word' id='word_1_390' title='bbox 3037 1017 3064 1070; x_wconf 88' lang='grc' dir='ltr'>ὁ</span> <span class='ocrx_word' id='word_1_391' title='bbox 3106 1014 3274 1092; x_wconf 77' lang='grc' dir='ltr'>λόγος</span> <span class='ocrx_word' id='word_1_392' title='bbox 3317 1024 3416 1083; x_wconf 82' lang='grc' dir='ltr'>τῆς</span> <span class='ocrx_word' id='word_1_393' title='bbox 3449 1017 3753 1093; x_wconf 73' lang='grc' dir='ltr'>ἁγιωσύνης</span> 
     </span>
    </p>
   </div>
   <div class='ocr_carea' id='block_1_57' title="bbox 2107 1103 3752 1183">
    <p class='ocr_par' dir='ltr' id='par_1_57' title="bbox 2107 1103 3752 1183">
     <span class='ocr_line' id='line_1_57' title="bbox 2107 1103 3752 1183; baseline 0.006 -30"><span class='ocrx_word' id='word_1_394' title='bbox 2107 1119 2241 1154; x_wconf 89' lang='grc' dir='ltr'>σου·</span> <span class='ocrx_word' id='word_1_395' title='bbox 2302 1104 2388 1157; x_wconf 79' lang='grc' dir='ltr'><strong>καὶ</strong></span> <span class='ocrx_word' id='word_1_396' title='bbox 2452 1103 2623 1165; x_wconf 76' lang='grc' dir='ltr'>οὕτως</span> <span class='ocrx_word' id='word_1_397' title='bbox 2682 1108 3077 1183; x_wconf 67' lang='grc' dir='ltr'>συμφονοῦμεν.</span> <span class='ocrx_word' id='word_1_398' title='bbox 3150 1109 3249 1162; x_wconf 80' lang='grc' dir='ltr'>Καὶ</span> <span class='ocrx_word' id='word_1_399' title='bbox 3307 1105 3443 1163; x_wconf 76' lang='grc' dir='ltr'>ἔστω</span> <span class='ocrx_word' id='word_1_400' title='bbox 3500 1111 3635 1181; x_wconf 80' lang='grc' dir='ltr'>ἡμῖν</span> <span class='ocrx_word' id='word_1_401' title='bbox 3691 1109 3752 1163; x_wconf 84' lang='grc' dir='ltr'>τὸ</span> 
     </span>
    </p>
   </div>
   <div class='ocr_carea' id='block_1_58' title="bbox 2105 1190 3752 1275">
    <p class='ocr_par' dir='ltr' id='par_1_58' title="bbox 2105 1190 3752 1275">
     <span class='ocr_line' id='line_1_58' title="bbox 2105 1190 3752 1275; baseline 0.005 -30"><span class='ocrx_word' id='word_1_402' title='bbox 2105 1190 2464 1248; x_wconf 81' lang='grc' dir='ltr'><strong>ἀδιάσπαστον</strong></span> <span class='ocrx_word' id='word_1_403' title='bbox 2500 1194 2590 1250; x_wconf 80' lang='grc' dir='ltr'>διὰ</span> <span class='ocrx_word' id='word_1_404' title='bbox 2636 1205 2736 1266; x_wconf 84' lang='grc' dir='ltr'>τῆς</span> <span class='ocrx_word' id='word_1_405' title='bbox 2779 1197 2998 1254; x_wconf 82' lang='grc' dir='ltr'>ἐνταῦθα</span> <span class='ocrx_word' id='word_1_406' title='bbox 3029 1197 3276 1268; x_wconf 75' lang='grc' dir='ltr'><strong>ἀληθοῦς</strong></span> <span class='ocrx_word' id='word_1_407' title='bbox 3327 1199 3641 1275; x_wconf 77' lang='grc' dir='ltr'>συμφωνίας</span> <span class='ocrx_word' id='word_1_408' title='bbox 3699 1199 3752 1254; x_wconf 82' lang='grc' dir='ltr'>ἐν</span> 
     </span>
    </p>
   </div>
   <div class='ocr_carea' id='block_1_59' title="bbox 2103 1283 3747 1366">
    <p class='ocr_par' dir='ltr' id='par_1_59' title="bbox 2103 1283 3747 1366">
     <span class='ocr_line' id='line_1_59' title="bbox 2103 1283 3747 1366; baseline 0.004 -31"><span class='ocrx_word' id='word_1_409' title='bbox 2103 1286 2180 1352; x_wconf 79' lang='grc' dir='ltr'>τῷ</span> <span class='ocrx_word' id='word_1_410' title='bbox 2240 1283 2498 1355; x_wconf 82' lang='grc' dir='ltr'>μέλλοντι</span> <span class='ocrx_word' id='word_1_411' title='bbox 2560 1287 2739 1358; x_wconf 80' lang='grc' dir='ltr'>αἰῶνι,</span> <span class='ocrx_word' id='word_1_412' title='bbox 2790 1286 3014 1364; x_wconf 78' lang='grc' dir='ltr'>φίλτατέ</span> <span class='ocrx_word' id='word_1_413' title='bbox 3093 1309 3197 1360; x_wconf 88' lang='grc' dir='ltr'><strong>μου</strong></span> <span class='ocrx_word' id='word_1_414' title='bbox 3276 1288 3495 1366; x_wconf 61' lang='grc' dir='ltr'>ἀδελφέ,</span> <span class='ocrx_word' id='word_1_415' title='bbox 3555 1291 3630 1349; x_wconf 84' lang='grc' dir='ltr'>ὡς</span> <span class='ocrx_word' id='word_1_416' title='bbox 3689 1286 3747 1342; x_wconf 76' lang='grc' dir='ltr'>ἂν</span> 
     </span>
    </p>
   </div>
   <div class='ocr_carea' id='block_1_60' title="bbox 2102 1371 3750 1453">
    <p class='ocr_par' dir='ltr' id='par_1_60' title="bbox 2102 1371 3750 1453">
     <span class='ocr_line' id='line_1_60' title="bbox 2102 1371 3750 1453; baseline 0.005 -30"><span class='ocrx_word' id='word_1_417' title='bbox 2102 1371 2464 1446; x_wconf 76' lang='grc' dir='ltr'>ἀξιωθείημεν</span> <span class='ocrx_word' id='word_1_418' title='bbox 2514 1375 2604 1430; x_wconf 87' lang='grc' dir='ltr'><strong>καὶ</strong></span> <span class='ocrx_word' id='word_1_419' title='bbox 2650 1378 2814 1448; x_wconf 79' lang='grc' dir='ltr'>ἡμεῖς</span> <span class='ocrx_word' id='word_1_420' title='bbox 2864 1379 2916 1431; x_wconf 75' lang='grc' dir='ltr'>οἱ</span> <span class='ocrx_word' id='word_1_421' title='bbox 2964 1379 3205 1433; x_wconf 82' lang='grc' dir='ltr'>ταπεινοὶ</span> <span class='ocrx_word' id='word_1_422' title='bbox 3271 1378 3654 1453; x_wconf 74' lang='grc' dir='ltr'>ἀπενέγκασθαι</span> <span class='ocrx_word' id='word_1_423' title='bbox 3697 1399 3750 1434; x_wconf 89' lang='grc' dir='ltr'><strong>τι</strong></span> 
     </span>
    </p>
   </div>
   <div class='ocr_carea' id='block_1_61' title="bbox 2104 1457 3748 1541">
    <p class='ocr_par' dir='ltr' id='par_1_61' title="bbox 2104 1457 3748 1541">
     <span class='ocr_line' id='line_1_61' title="bbox 2104 1457 3748 1541; baseline 0.008 -29"><span class='ocrx_word' id='word_1_424' title='bbox 2104 1457 2256 1534; x_wconf 82' lang='grc' dir='ltr'>ἷ¹χνος</span> <span class='ocrx_word' id='word_1_425' title='bbox 2285 1463 2709 1536; x_wconf 83' lang='grc' dir='ltr'>κατορθώματος</span> <span class='ocrx_word' id='word_1_426' title='bbox 2742 1470 2858 1527; x_wconf 86' lang='grc' dir='ltr'>τοῖς</span> <span class='ocrx_word' id='word_1_427' title='bbox 2889 1467 3154 1541; x_wconf 81' lang='grc' dir='ltr'>Πατράσιν</span> <span class='ocrx_word' id='word_1_428' title='bbox 3205 1470 3363 1540; x_wconf 82' lang='grc' dir='ltr'>ἡμῶν</span> <span class='ocrx_word' id='word_1_429' title='bbox 3425 1467 3748 1525; x_wconf 74' lang='grc' dir='ltr'>ἀκόλουθον.</span> 
     </span>
    </p>
   </div>
   <div class='ocr_carea' id='block_1_62' title="bbox 2104 1547 3749 1631">
    <p class='ocr_par' dir='ltr' id='par_1_62' title="bbox 2104 1547 3749 1631">
     <span class='ocr_line' id='line_1_62' title="bbox 2104 1547 3749 1631; baseline 0.006 -29"><span class='ocrx_word' id='word_1_430' title='bbox 2104 1549 2236 1622; x_wconf 83' lang='grc' dir='ltr'>Περὶ</span> <span class='ocrx_word' id='word_1_431' title='bbox 2281 1547 2337 1604; x_wconf 78' lang='grc' dir='ltr'><strong>δὲ</strong></span> <span class='ocrx_word' id='word_1_432' title='bbox 2387 1558 2485 1620; x_wconf 78' lang='grc' dir='ltr'>τῆς</span> <span class='ocrx_word' id='word_1_433' title='bbox 2544 1552 2762 1615; x_wconf 83' lang='grc' dir='ltr'>πόλεώς</span> <span class='ocrx_word' id='word_1_434' title='bbox 2806 1577 2901 1610; x_wconf 90' lang='grc' dir='ltr'><strong>σου</strong></span> <span class='ocrx_word' id='word_1_435' title='bbox 2953 1555 3149 1612; x_wconf 86' lang='grc' dir='ltr'>στύλον</span> <span class='ocrx_word' id='word_1_436' title='bbox 3201 1557 3409 1631; x_wconf 74' lang='grc' dir='ltr'>ἀνῆψας</span> <span class='ocrx_word' id='word_1_437' title='bbox 3451 1554 3749 1627; x_wconf 84' lang='grc' dir='ltr'>εὐσεϐείας,</span> 
     </span>
    </p>
   </div>
   <div class='ocr_carea' id='block_1_63' title="bbox 2103 1633 3747 1717">
    <p class='ocr_par' dir='ltr' id='par_1_63' title="bbox 2103 1633 3747 1717">
     <span class='ocr_line' id='line_1_63' title="bbox 2103 1633 3747 1717; baseline 0.005 -26"><span class='ocrx_word' id='word_1_438' title='bbox 2103 1637 2165 1692; x_wconf 87' lang='grc' dir='ltr'><strong>ού</strong></span> <span class='ocrx_word' id='word_1_439' title='bbox 2215 1633 2570 1713; x_wconf 77' lang='grc' dir='ltr'>σϐεννύμενον</span> <span class='ocrx_word' id='word_1_440' title='bbox 2622 1644 2767 1716; x_wconf 79' lang='grc' dir='ltr'><strong>παρά</strong></span> <span class='ocrx_word' id='word_1_441' title='bbox 2813 1642 3100 1717; x_wconf 87' lang='grc' dir='ltr'>ἀνθρώπου</span> <span class='ocrx_word' id='word_1_442' title='bbox 3139 1642 3242 1708; x_wconf 73' lang='grc' dir='ltr'>ἕως</span> <span class='ocrx_word' id='word_1_443' title='bbox 3277 1645 3497 1706; x_wconf 73' lang='grc' dir='ltr'>αῗῶνος.</span> <span class='ocrx_word' id='word_1_444' title='bbox 3532 1647 3630 1700; x_wconf 76' lang='grc' dir='ltr'>Καὶ</span> <span class='ocrx_word' id='word_1_445' title='bbox 3687 1646 3747 1700; x_wconf 87' lang='grc' dir='ltr'><strong>οὐ</strong></span> 
     </span>
    </p>
   </div>
   <div class='ocr_carea' id='block_1_64' title="bbox 2103 1725 3746 1810">
    <p class='ocr_par' dir='ltr' id='par_1_64' title="bbox 2103 1725 3746 1810">
     <span class='ocr_line' id='line_1_64' title="bbox 2103 1725 3746 1810; baseline 0.005 -28"><span class='ocrx_word' id='word_1_446' title='bbox 2103 1725 2386 1783; x_wconf 86' lang='grc' dir='ltr'>λυπεῖσθαι</span> <span class='ocrx_word' id='word_1_447' title='bbox 2441 1733 2576 1805; x_wconf 78' lang='grc' dir='ltr'>χρὴ,</span> <span class='ocrx_word' id='word_1_448' title='bbox 2608 1729 2756 1786; x_wconf 82' lang='grc' dir='ltr'>ἀλλὰ</span> <span class='ocrx_word' id='word_1_449' title='bbox 2807 1732 3021 1805; x_wconf 79' lang='grc' dir='ltr'>μᾶλλον</span> <span class='ocrx_word' id='word_1_450' title='bbox 3065 1734 3315 1809; x_wconf 77' lang='grc' dir='ltr'>χαίρειν·</span> <span class='ocrx_word' id='word_1_451' title='bbox 3369 1733 3549 1810; x_wconf 82' lang='grc' dir='ltr'>ὥσπερ</span> <span class='ocrx_word' id='word_1_452' title='bbox 3600 1735 3746 1810; x_wconf 85' lang='grc' dir='ltr'>κάγὼ</span> 
     </span>
    </p>
   </div>
   <div class='ocr_carea' id='block_1_65' title="bbox 2101 1817 3745 1898">
    <p class='ocr_par' dir='ltr' id='par_1_65' title="bbox 2101 1817 3745 1898">
     <span class='ocr_line' id='line_1_65' title="bbox 2101 1817 3745 1898; baseline 0.005 -28"><span class='ocrx_word' id='word_1_453' title='bbox 2101 1818 2129 1870; x_wconf 83' lang='grc' dir='ltr'>ὁ</span> <span class='ocrx_word' id='word_1_454' title='bbox 2158 1817 2328 1878; x_wconf 78' lang='grc' dir='ltr'>τάλας</span> <span class='ocrx_word' id='word_1_455' title='bbox 2381 1818 2430 1873; x_wconf 85' lang='grc' dir='ltr'>ἐν</span> <span class='ocrx_word' id='word_1_456' title='bbox 2489 1824 2558 1893; x_wconf 82' lang='grc' dir='ltr'>τῇ</span> <span class='ocrx_word' id='word_1_457' title='bbox 2609 1818 2853 1877; x_wconf 80' lang='grc' dir='ltr'>διαλύσει</span> <span class='ocrx_word' id='word_1_458' title='bbox 2900 1827 2998 1877; x_wconf 87' lang='grc' dir='ltr'><strong>τοῦ</strong></span> <span class='ocrx_word' id='word_1_459' title='bbox 3045 1828 3295 1878; x_wconf 78' lang='grc' dir='ltr'>ταπεινοῦ</span> <span class='ocrx_word' id='word_1_460' title='bbox 3329 1846 3434 1896; x_wconf 83' lang='grc' dir='ltr'><strong>μου</strong></span> <span class='ocrx_word' id='word_1_461' title='bbox 3475 1845 3745 1898; x_wconf 89' lang='grc' dir='ltr'>μοναστη-</span> 
     </span>
    </p>
   </div>
   <div class='ocr_carea' id='block_1_66' title="bbox 2103 1906 3746 1988">
    <p class='ocr_par' dir='ltr' id='par_1_66' title="bbox 2103 1906 3746 1988">
     <span class='ocr_line' id='line_1_66' title="bbox 2103 1906 3746 1988; baseline 0.004 -28"><span class='ocrx_word' id='word_1_462' title='bbox 2103 1906 2258 1982; x_wconf 90' lang='grc' dir='ltr'>ρίου·</span> <span class='ocrx_word' id='word_1_463' title='bbox 2293 1907 2376 1962; x_wconf 84' lang='grc' dir='ltr'>ὅτι</span> <span class='ocrx_word' id='word_1_464' title='bbox 2426 1906 2514 1962; x_wconf 70' lang='grc' dir='ltr'><strong>διὰ</strong></span> <span class='ocrx_word' id='word_1_465' title='bbox 2568 1911 2761 1983; x_wconf 87' lang='grc' dir='ltr'>Κύριον</span> <span class='ocrx_word' id='word_1_466' title='bbox 2812 1913 2847 1980; x_wconf 80' lang='grc' dir='ltr'>ἡ</span> <span class='ocrx_word' id='word_1_467' title='bbox 2899 1909 3304 1974; x_wconf 77' lang='grc' dir='ltr'>διάλυσις.Καὶ</span> <span class='ocrx_word' id='word_1_468' title='bbox 3357 1914 3467 1988; x_wconf 83' lang='grc' dir='ltr'><strong>οὐχ</strong></span> <span class='ocrx_word' id='word_1_469' title='bbox 3515 1915 3600 1967; x_wconf 85' lang='grc' dir='ltr'><strong>ὅτι</strong></span> <span class='ocrx_word' id='word_1_470' title='bbox 3627 1935 3746 1968; x_wconf 85' lang='grc' dir='ltr'>τοσ-</span> 
     </span>
    </p>
   </div>
   <div class='ocr_carea' id='block_1_67' title="bbox 2103 1991 3743 2077">
    <p class='ocr_par' dir='ltr' id='par_1_67' title="bbox 2103 1991 3743 2077">
     <span class='ocr_line' id='line_1_67' title="bbox 2103 1991 3743 2077; baseline 0.004 -27"><span class='ocrx_word' id='word_1_471' title='bbox 2103 2000 2252 2050; x_wconf 87' lang='grc' dir='ltr'>οῦτοι</span> <span class='ocrx_word' id='word_1_472' title='bbox 2299 1991 2524 2068; x_wconf 80' lang='grc' dir='ltr'>ἔστησαν</span> <span class='ocrx_word' id='word_1_473' title='bbox 2576 1999 2652 2071; x_wconf 81' lang='grc' dir='ltr'><strong>μή</strong></span> <span class='ocrx_word' id='word_1_474' title='bbox 2696 2001 3182 2076; x_wconf 79' lang='grc' dir='ltr'>κατακαμιρθέντες,</span> <span class='ocrx_word' id='word_1_475' title='bbox 3242 2003 3381 2077; x_wconf 88' lang='grc' dir='ltr'>μέγα</span> <span class='ocrx_word' id='word_1_476' title='bbox 3427 2004 3490 2056; x_wconf 86' lang='grc' dir='ltr'>τὸ</span> <span class='ocrx_word' id='word_1_477' title='bbox 3537 2001 3701 2058; x_wconf 69' lang='grc' dir='ltr'><strong>κλέος⁵</strong></span> <span class='ocrx_word' id='word_1_478' title='bbox 3728 2019 3743 2032; x_wconf 84' lang='grc'><strong>⁹</strong></span> 
     </span>
    </p>
   </div>
   <div class='ocr_carea' id='block_1_68' title="bbox 2102 2083 3744 2166">
    <p class='ocr_par' dir='ltr' id='par_1_68' title="bbox 2102 2083 3744 2166">
     <span class='ocr_line' id='line_1_68' title="bbox 2102 2083 3744 2166; baseline 0.005 -28"><span class='ocrx_word' id='word_1_479' title='bbox 2102 2083 2228 2139; x_wconf 87' lang='grc' dir='ltr'>ἀλλ’</span> <span class='ocrx_word' id='word_1_480' title='bbox 2258 2085 2302 2139; x_wconf 79' lang='grc' dir='ltr'>εἷ</span> <span class='ocrx_word' id='word_1_481' title='bbox 2350 2087 2439 2140; x_wconf 76' lang='grc' dir='ltr'><strong>καὶ</strong></span> <span class='ocrx_word' id='word_1_482' title='bbox 2491 2089 2590 2148; x_wconf 83' lang='grc' dir='ltr'>εἷς.</span> <span class='ocrx_word' id='word_1_483' title='bbox 2625 2087 2889 2162; x_wconf 82' lang='grc' dir='ltr'>Κρείσσων</span> <span class='ocrx_word' id='word_1_484' title='bbox 2934 2091 3036 2166; x_wconf 84' lang='grc' dir='ltr'><strong>γὰρ</strong></span> <span class='ocrx_word' id='word_1_485' title='bbox 3077 2091 3153 2152; x_wconf 79' lang='grc' dir='ltr'>εἶς</span> <span class='ocrx_word' id='word_1_486' title='bbox 3203 2096 3373 2146; x_wconf 85' lang='grc' dir='ltr'>ποιῶν</span> <span class='ocrx_word' id='word_1_487' title='bbox 3424 2093 3485 2146; x_wconf 88' lang='grc' dir='ltr'>τὸ</span> <span class='ocrx_word' id='word_1_488' title='bbox 3530 2090 3744 2164; x_wconf 85' lang='grc' dir='ltr'>θέλημα</span> 
     </span>
    </p>
   </div>
   <div class='ocr_carea' id='block_1_69' title="bbox 2103 2174 3743 2251">
    <p class='ocr_par' dir='ltr' id='par_1_69' title="bbox 2103 2174 3743 2251">
     <span class='ocr_line' id='line_1_69' title="bbox 2103 2174 3743 2251; baseline 0.005 -24"><span class='ocrx_word' id='word_1_489' title='bbox 2103 2175 2322 2248; x_wconf 84' lang='grc' dir='ltr'>Κυρίου,</span> <span class='ocrx_word' id='word_1_490' title='bbox 2380 2176 2415 2244; x_wconf 73' lang='grc' dir='ltr'><strong>ἢ</strong></span> <span class='ocrx_word' id='word_1_491' title='bbox 2479 2178 2664 2251; x_wconf 81' lang='grc' dir='ltr'>μύριοι</span> <span class='ocrx_word' id='word_1_492' title='bbox 2742 2174 3192 2250; x_wconf 78' lang='grc' dir='ltr'>παραϐαίνοντες.</span> <span class='ocrx_word' id='word_1_493' title='bbox 3252 2181 3356 2236; x_wconf 81' lang='grc' dir='ltr'>Καὶ</span> <span class='ocrx_word' id='word_1_494' title='bbox 3416 2182 3517 2235; x_wconf 85' lang='grc' dir='ltr'><strong>ούκ</strong></span> <span class='ocrx_word' id='word_1_495' title='bbox 3575 2180 3743 2242; x_wconf 80' lang='grc' dir='ltr'>αἶ’τιος</span> 
     </span>
    </p>
   </div>
   <div class='ocr_carea' id='block_1_70' title="bbox 2101 2263 3738 2346">
    <p class='ocr_par' dir='ltr' id='par_1_70' title="bbox 2101 2263 3738 2346">
     <span class='ocr_line' id='line_1_70' title="bbox 2101 2263 3738 2346; baseline 0.004 -29"><span class='ocrx_word' id='word_1_496' title='bbox 2101 2263 2259 2326; x_wconf 85' lang='grc' dir='ltr'>αὐτὸς</span> <span class='ocrx_word' id='word_1_497' title='bbox 2307 2271 2407 2334; x_wconf 80' lang='grc' dir='ltr'><strong>τῆς</strong></span> <span class='ocrx_word' id='word_1_498' title='bbox 2458 2263 2668 2329; x_wconf 89' lang='grc' dir='ltr'>λύσεως</span> <span class='ocrx_word' id='word_1_499' title='bbox 2717 2268 2918 2338; x_wconf 79' lang='grc' dir='ltr'>αὐτῶν,</span> <span class='ocrx_word' id='word_1_500' title='bbox 2968 2269 3013 2323; x_wconf 86' lang='grc' dir='ltr'><strong>εί</strong></span> <span class='ocrx_word' id='word_1_501' title='bbox 3067 2271 3155 2324; x_wconf 79' lang='grc' dir='ltr'><strong>καὶ</strong></span> <span class='ocrx_word' id='word_1_502' title='bbox 3205 2267 3510 2346; x_wconf 72' lang='grc' dir='ltr'>φλυαροῦσι</span> <span class='ocrx_word' id='word_1_503' title='bbox 3556 2288 3738 2332; x_wconf 82' lang='grc' dir='ltr'>τινες’</span> 
     </span>
    </p>
   </div>
   <div class='ocr_carea' id='block_1_71' title="bbox 2097 2351 3739 2432">
    <p class='ocr_par' dir='ltr' id='par_1_71' title="bbox 2097 2351 3739 2432">
     <span class='ocr_line' id='line_1_71' title="bbox 2109 2351 3638 2388; baseline 0.009 -21"><span class='ocrx_word' id='word_1_504' title='bbox 2109 2351 2122 2367; x_wconf 77' lang='lat'><strong>~.</strong></span> <span class='ocrx_word' id='word_1_505' title='bbox 2214 2355 2226 2375; x_wconf 61' lang='grc' dir='ltr'><strong><em>ν</em></strong></span> <span class='ocrx_word' id='word_1_506' title='bbox 2267 2351 2281 2371; x_wconf 73' lang='lat'><strong>9</strong></span> <span class='ocrx_word' id='word_1_507' title='bbox 2338 2355 2350 2372; x_wconf 61' lang='grc' dir='ltr'><em>κ</em></span> <span class='ocrx_word' id='word_1_508' title='bbox 2424 2355 2437 2370; x_wconf 72' lang='grc' dir='ltr'><strong>ο</strong></span> <span class='ocrx_word' id='word_1_509' title='bbox 2491 2352 2546 2388; x_wconf 52' lang='lat' dir='ltr'><strong>n&#39;r</strong></span> <span class='ocrx_word' id='word_1_510' title='bbox 2864 2356 2888 2377; x_wconf 72' lang='grc' dir='ltr'><strong><em>υ</em></strong></span> <span class='ocrx_word' id='word_1_511' title='bbox 2981 2356 3022 2375; x_wconf 60' lang='grc' dir='ltr'>ἢκ</span> <span class='ocrx_word' id='word_1_512' title='bbox 3091 2361 3104 2380; x_wconf 70' lang='grc' dir='ltr'><strong>ε</strong></span> <span class='ocrx_word' id='word_1_513' title='bbox 3169 2365 3191 2374; x_wconf 62' lang='grc' dir='ltr'><strong>ς-</strong></span> <span class='ocrx_word' id='word_1_514' title='bbox 3472 2359 3482 2380; x_wconf 80' lang='lat' dir='ltr'><strong><em>I</em></strong></span> <span class='ocrx_word' id='word_1_515' title='bbox 3614 2357 3638 2379; x_wconf 73' lang='grc' dir='ltr'><em>η</em></span> 
     </span>
     <span class='ocr_line' id='line_1_72' title="bbox 2097 2351 3739 2432; baseline 0.004 -26"><span class='ocrx_word' id='word_1_516' title='bbox 2097 2351 2207 2408; x_wconf 88' lang='grc' dir='ltr'><strong>αλλ</strong></span> <span class='ocrx_word' id='word_1_517' title='bbox 2263 2375 2368 2428; x_wconf 90' lang='grc' dir='ltr'><strong>εγω</strong></span> <span class='ocrx_word' id='word_1_518' title='bbox 2417 2375 2445 2408; x_wconf 95' lang='grc' dir='ltr'><strong>ο</strong></span> <span class='ocrx_word' id='word_1_519' title='bbox 2487 2373 2776 2426; x_wconf 66' lang='grc' dir='ltr'>ουστηνος.</span> <span class='ocrx_word' id='word_1_520' title='bbox 2825 2363 2925 2427; x_wconf 83' lang='grc' dir='ltr'><strong>Ειη</strong></span> <span class='ocrx_word' id='word_1_521' title='bbox 2978 2373 3033 2412; x_wconf 84' lang='grc' dir='ltr'><strong>οε</strong></span> <span class='ocrx_word' id='word_1_522' title='bbox 3081 2381 3217 2431; x_wconf 85' lang='grc' dir='ltr'>ημιν</span> <span class='ocrx_word' id='word_1_523' title='bbox 3269 2380 3541 2430; x_wconf 87' lang='grc' dir='ltr'>κοινωνια,</span> <span class='ocrx_word' id='word_1_524' title='bbox 3593 2377 3739 2432; x_wconf 87' lang='grc' dir='ltr'>ειπερ</span> 
     </span>
    </p>
   </div>
   <div class='ocr_carea' id='block_1_72' title="bbox 2097 2441 3738 2521">
    <p class='ocr_par' dir='ltr' id='par_1_72' title="bbox 2097 2441 3738 2521">
     <span class='ocr_line' id='line_1_73' title="bbox 2097 2441 3738 2521; baseline 0.003 -24"><span class='ocrx_word' id='word_1_525' title='bbox 2097 2441 2291 2518; x_wconf 77' lang='grc' dir='ltr'>ἀνέχῃ,</span> <span class='ocrx_word' id='word_1_526' title='bbox 2343 2442 2426 2497; x_wconf 82' lang='grc' dir='ltr'><strong>ἐπ’</strong></span> <span class='ocrx_word' id='word_1_527' title='bbox 2480 2445 2830 2521; x_wconf 70' lang='grc' dir='ltr'>ἀμφοτέροις.</span> <span class='ocrx_word' id='word_1_528' title='bbox 2892 2448 2991 2502; x_wconf 81' lang='grc' dir='ltr'>Καὶ</span> <span class='ocrx_word' id='word_1_529' title='bbox 3066 2452 3324 2504; x_wconf 85' lang='grc' dir='ltr'>τοσοῦτον</span> <span class='ocrx_word' id='word_1_530' title='bbox 3380 2445 3522 2518; x_wconf 71' lang='grc' dir='ltr'>’ἑξοις</span> <span class='ocrx_word' id='word_1_531' title='bbox 3581 2448 3738 2507; x_wconf 80' lang='grc' dir='ltr'>αὐτὸς</span> 
     </span>
    </p>
   </div>
   <div class='ocr_carea' id='block_1_73' title="bbox 2093 2532 3739 2616">
    <p class='ocr_par' dir='ltr' id='par_1_73' title="bbox 2093 2532 3739 2616">
     <span class='ocr_line' id='line_1_74' title="bbox 2093 2532 3739 2616; baseline 0.004 -32"><span class='ocrx_word' id='word_1_532' title='bbox 2093 2532 2184 2584; x_wconf 87' lang='grc' dir='ltr'>τὸν</span> <span class='ocrx_word' id='word_1_533' title='bbox 2222 2533 2409 2604; x_wconf 83' lang='grc' dir='ltr'>μισθὸν</span> <span class='ocrx_word' id='word_1_534' title='bbox 2445 2532 2496 2587; x_wconf 85' lang='grc' dir='ltr'><strong>ἐν</strong></span> <span class='ocrx_word' id='word_1_535' title='bbox 2545 2539 2613 2608; x_wconf 80' lang='grc' dir='ltr'>τῇ</span> <span class='ocrx_word' id='word_1_536' title='bbox 2665 2533 2824 2607; x_wconf 80' lang='grc' dir='ltr'>ἒνθέῳ</span> <span class='ocrx_word' id='word_1_537' title='bbox 2871 2533 3113 2592; x_wconf 87' lang='grc' dir='ltr'>διαλύσει</span> <span class='ocrx_word' id='word_1_538' title='bbox 3153 2541 3261 2592; x_wconf 79' lang='grc' dir='ltr'><strong>τῶν</strong></span> <span class='ocrx_word' id='word_1_539' title='bbox 3309 2535 3584 2616; x_wconf 74' lang='grc' dir='ltr'>ἀδελφῶν,</span> <span class='ocrx_word' id='word_1_540' title='bbox 3617 2537 3739 2593; x_wconf 80' lang='grc' dir='ltr'>ὅσον</span> 
     </span>
    </p>
   </div>
   <div class='ocr_carea' id='block_1_74' title="bbox 2095 2618 3741 2700">
    <p class='ocr_par' dir='ltr' id='par_1_74' title="bbox 2095 2618 3741 2700">
     <span class='ocr_line' id='line_1_75' title="bbox 2095 2618 3741 2700; baseline 0.004 -26"><span class='ocrx_word' id='word_1_541' title='bbox 2095 2618 2201 2695; x_wconf 82' lang='grc' dir='ltr'>ἐγὼ</span> <span class='ocrx_word' id='word_1_542' title='bbox 2235 2619 2448 2695; x_wconf 76' lang='grc' dir='ltr'>εὕροιμι</span> <span class='ocrx_word' id='word_1_543' title='bbox 2481 2621 2532 2676; x_wconf 86' lang='grc' dir='ltr'><strong>ἐν</strong></span> <span class='ocrx_word' id='word_1_544' title='bbox 2584 2626 2652 2696; x_wconf 79' lang='grc' dir='ltr'>τῇ</span> <span class='ocrx_word' id='word_1_545' title='bbox 2697 2627 2833 2678; x_wconf 83' lang='grc' dir='ltr'><strong>κατά</strong></span> <span class='ocrx_word' id='word_1_546' title='bbox 2880 2626 3046 2698; x_wconf 85' lang='grc' dir='ltr'>νόμον</span> <span class='ocrx_word' id='word_1_547' title='bbox 3093 2630 3225 2681; x_wconf 88' lang='grc' dir='ltr'>Θεοῦ</span> <span class='ocrx_word' id='word_1_548' title='bbox 3267 2625 3587 2700; x_wconf 84' lang='grc' dir='ltr'>καταλείψει</span> <span class='ocrx_word' id='word_1_549' title='bbox 3643 2632 3741 2694; x_wconf 86' lang='grc' dir='ltr'>τῆς</span> 
     </span>
    </p>
   </div>
   <div class='ocr_carea' id='block_1_75' title="bbox 2095 2708 3743 2791">
    <p class='ocr_par' dir='ltr' id='par_1_75' title="bbox 2095 2708 3743 2791">
     <span class='ocr_line' id='line_1_76' title="bbox 2095 2708 3743 2791; baseline 0.002 -27"><span class='ocrx_word' id='word_1_550' title='bbox 2095 2708 2510 2779; x_wconf 86' lang='grc' dir='ltr'>Θεσσαλονίκης.</span> <span class='ocrx_word' id='word_1_551' title='bbox 2574 2713 2702 2786; x_wconf 80' lang='grc' dir='ltr'>Περὶ</span> <span class='ocrx_word' id='word_1_552' title='bbox 2763 2710 2819 2768; x_wconf 77' lang='grc' dir='ltr'>δὲ</span> <span class='ocrx_word' id='word_1_553' title='bbox 2875 2718 2971 2768; x_wconf 85' lang='grc' dir='ltr'><strong>τοῦ</strong></span> <span class='ocrx_word' id='word_1_554' title='bbox 3042 2713 3339 2791; x_wconf 72' lang='grc' dir='ltr'>φυλακίτου</span> <span class='ocrx_word' id='word_1_555' title='bbox 3401 2736 3510 2787; x_wconf 88' lang='grc' dir='ltr'><strong>μου</strong></span> <span class='ocrx_word' id='word_1_556' title='bbox 3565 2712 3743 2776; x_wconf 82' lang='grc' dir='ltr'>οὐδεὶς</span> 
     </span>
    </p>
   </div>
   <div class='ocr_carea' id='block_1_76' title="bbox 2095 2797 3741 2877">
    <p class='ocr_par' dir='ltr' id='par_1_76' title="bbox 2095 2797 3741 2877">
     <span class='ocr_line' id='line_1_77' title="bbox 2095 2797 3741 2877; baseline 0.003 -24"><span class='ocrx_word' id='word_1_557' title='bbox 2095 2797 2277 2872; x_wconf 80' lang='grc' dir='ltr'>λόγος,</span> <span class='ocrx_word' id='word_1_558' title='bbox 2309 2800 2560 2854; x_wconf 90' lang='grc' dir='ltr'>τοιούτου</span> <span class='ocrx_word' id='word_1_559' title='bbox 2608 2799 2770 2856; x_wconf 77' lang='grc' dir='ltr'>αὐτοῦ</span> <span class='ocrx_word' id='word_1_560' title='bbox 2819 2804 3104 2876; x_wconf 81' lang='grc' dir='ltr'>ἀνθρώπου</span> <span class='ocrx_word' id='word_1_561' title='bbox 3153 2801 3330 2875; x_wconf 75' lang='grc' dir='ltr'>ὄντος,</span> <span class='ocrx_word' id='word_1_562' title='bbox 3371 2803 3460 2858; x_wconf 79' lang='grc' dir='ltr'><strong>καὶ</strong></span> <span class='ocrx_word' id='word_1_563' title='bbox 3520 2802 3741 2877; x_wconf 81' lang='grc' dir='ltr'>συμψύ-</span> 
     </span>
    </p>
   </div>
   <div class='ocr_carea' id='block_1_77' title="bbox 2094 2888 3740 2968">
    <p class='ocr_par' dir='ltr' id='par_1_77' title="bbox 2094 2888 3740 2968">
     <span class='ocr_line' id='line_1_78' title="bbox 2094 2888 3740 2968; baseline 0.003 -26"><span class='ocrx_word' id='word_1_564' title='bbox 2094 2909 2200 2964; x_wconf 92' lang='grc' dir='ltr'><strong>χου</strong></span> <span class='ocrx_word' id='word_1_565' title='bbox 2243 2893 2340 2944; x_wconf 88' lang='grc' dir='ltr'><strong>τοῦ</strong></span> <span class='ocrx_word' id='word_1_566' title='bbox 2372 2891 2593 2965; x_wconf 75' lang='grc' dir='ltr'>Ἰωσήφ.</span> <span class='ocrx_word' id='word_1_567' title='bbox 2646 2891 2736 2959; x_wconf 82' lang='grc' dir='ltr'><strong>Μὴ</strong></span> <span class='ocrx_word' id='word_1_568' title='bbox 2789 2888 3095 2954; x_wconf 85' lang='grc' dir='ltr'>διαλείποις</span> <span class='ocrx_word' id='word_1_569' title='bbox 3145 2893 3582 2968; x_wconf 79' lang='grc' dir='ltr'>ὑπερευχόμενος</span> <span class='ocrx_word' id='word_1_570' title='bbox 3637 2899 3740 2962; x_wconf 81' lang='grc' dir='ltr'>τῆς</span> 
     </span>
    </p>
   </div>
   <div class='ocr_carea' id='block_1_78' title="bbox 2091 2981 3744 3059">
    <p class='ocr_par' dir='ltr' id='par_1_78' title="bbox 2091 2981 3744 3059">
     <span class='ocr_line' id='line_1_79' title="bbox 2091 2981 3744 3059; baseline 0.002 -25"><span class='ocrx_word' id='word_1_571' title='bbox 2091 2981 2466 3042; x_wconf 85' lang='grc' dir='ltr'>ταπεινώσεώς</span> <span class='ocrx_word' id='word_1_572' title='bbox 2515 3003 2619 3054; x_wconf 90' lang='grc' dir='ltr'><strong>μου</strong></span> <span class='ocrx_word' id='word_1_573' title='bbox 2663 2987 2957 3053; x_wconf 82' lang='grc' dir='ltr'>κραταιῶς,</span> <span class='ocrx_word' id='word_1_574' title='bbox 3005 2981 3387 3059; x_wconf 78' lang='grc' dir='ltr'>ἀδελφοπάτορ</span> <span class='ocrx_word' id='word_1_575' title='bbox 3441 3005 3548 3057; x_wconf 88' lang='grc' dir='ltr'><strong>μου</strong></span> <span class='ocrx_word' id='word_1_576' title='bbox 3605 2981 3744 3038; x_wconf 72' lang='grc' dir='ltr'>καλὲ</span> 
     </span>
    </p>
   </div>
   <div class='ocr_carea' id='block_1_79' title="bbox 2092 3067 3742 3126">
    <p class='ocr_par' dir='ltr' id='par_1_79' title="bbox 2092 3067 3742 3126">
     <span class='ocr_line' id='line_1_80' title="bbox 2092 3067 3742 3126; baseline 0.001 -4"><span class='ocrx_word' id='word_1_577' title='bbox 2092 3067 2181 3122; x_wconf 83' lang='grc' dir='ltr'><strong>καὶ</strong></span> <span class='ocrx_word' id='word_1_578' title='bbox 2235 3069 2518 3125; x_wconf 83' lang='grc' dir='ltr'>ὁσιώτατε.</span> <span class='ocrx_word' id='word_1_579' title='bbox 2578 3068 2814 3125; x_wconf 82' lang='grc' dir='ltr'>Γίνωσκε</span> <span class='ocrx_word' id='word_1_580' title='bbox 2883 3069 3195 3126; x_wconf 79' lang='grc' dir='ltr'>ἐνσταθέντα</span> <span class='ocrx_word' id='word_1_581' title='bbox 3269 3071 3360 3126; x_wconf 86' lang='grc' dir='ltr'>τὸν</span> <span class='ocrx_word' id='word_1_582' title='bbox 3430 3072 3742 3126; x_wconf 83' lang='grc' dir='ltr'>Θεόσωστον</span> 
     </span>
    </p>
   </div>
   <div class='ocr_carea' id='block_1_80' title="bbox 2098 3159 3744 3235">
    <p class='ocr_par' dir='ltr' id='par_1_80' title="bbox 2098 3159 3744 3235">
     <span class='ocr_line' id='line_1_81' title="bbox 2098 3159 3744 3235; baseline 0.002 -23"><span class='ocrx_word' id='word_1_583' title='bbox 2098 3161 2190 3212; x_wconf 90' lang='grc' dir='ltr'><strong>τοῦ</strong></span> <span class='ocrx_word' id='word_1_584' title='bbox 2221 3159 2296 3230; x_wconf 84' lang='grc' dir='ltr'>μὴ</span> <span class='ocrx_word' id='word_1_585' title='bbox 2329 3165 2658 3227; x_wconf 80' lang='grc' dir='ltr'>κοινωνῆσαι</span> <span class='ocrx_word' id='word_1_586' title='bbox 2708 3159 2868 3214; x_wconf 84' lang='grc' dir='ltr'>αὐτὸν</span> <span class='ocrx_word' id='word_1_587' title='bbox 2919 3159 2978 3215; x_wconf 86' lang='grc' dir='ltr'><strong>ἐκ</strong></span> <span class='ocrx_word' id='word_1_588' title='bbox 3023 3165 3123 3215; x_wconf 80' lang='grc' dir='ltr'><strong>τοῦ</strong></span> <span class='ocrx_word' id='word_1_589' title='bbox 3165 3161 3391 3235; x_wconf 81' lang='grc' dir='ltr'>ἄνιέρως</span> <span class='ocrx_word' id='word_1_590' title='bbox 3424 3159 3744 3221; x_wconf 82' lang='grc' dir='ltr'>ἀνελθόντος</span> 
     </span>
    </p>
   </div>
   <div class='ocr_carea' id='block_1_81' title="bbox 2096 3247 3743 3323">
    <p class='ocr_par' dir='ltr' id='par_1_81' title="bbox 2096 3247 3743 3323">
     <span class='ocr_line' id='line_1_82' title="bbox 2096 3247 3743 3323; baseline 0.001 -21"><span class='ocrx_word' id='word_1_591' title='bbox 2096 3248 2172 3308; x_wconf 89' lang='grc' dir='ltr'>εἷς</span> <span class='ocrx_word' id='word_1_592' title='bbox 2227 3248 2315 3302; x_wconf 86' lang='grc' dir='ltr'>τὸν</span> <span class='ocrx_word' id='word_1_593' title='bbox 2376 3249 2565 3322; x_wconf 81' lang='grc' dir='ltr'>θρόνον</span> <span class='ocrx_word' id='word_1_594' title='bbox 2621 3267 2755 3303; x_wconf 85' lang='grc' dir='ltr'>σου·</span> <span class='ocrx_word' id='word_1_595' title='bbox 2808 3249 2898 3304; x_wconf 83' lang='grc' dir='ltr'><strong>καὶ</strong></span> <span class='ocrx_word' id='word_1_596' title='bbox 2948 3247 3316 3323; x_wconf 82' lang='grc' dir='ltr'>ἐκδιωχθέντα</span> <span class='ocrx_word' id='word_1_597' title='bbox 3371 3254 3630 3312; x_wconf 81' lang='grc' dir='ltr'>νεανικῶς</span> <span class='ocrx_word' id='word_1_598' title='bbox 3683 3248 3743 3303; x_wconf 79' lang='grc' dir='ltr'>ἐκ</span> 
     </span>
    </p>
   </div>
   <div class='ocr_carea' id='block_1_82' title="bbox 2094 3337 3742 3413">
    <p class='ocr_par' dir='ltr' id='par_1_82' title="bbox 2094 3337 3742 3413">
     <span class='ocr_line' id='line_1_83' title="bbox 2094 3337 3742 3413; baseline 0.001 -23"><span class='ocrx_word' id='word_1_599' title='bbox 2094 3340 2190 3391; x_wconf 84' lang='grc' dir='ltr'><strong>τοῦ</strong></span> <span class='ocrx_word' id='word_1_600' title='bbox 2254 3337 2622 3411; x_wconf 87' lang='grc' dir='ltr'>μοναστηρίου</span> <span class='ocrx_word' id='word_1_601' title='bbox 2696 3338 2881 3394; x_wconf 81' lang='grc' dir='ltr'>αὐτοῦ.</span> <span class='ocrx_word' id='word_1_602' title='bbox 2943 3339 3005 3392; x_wconf 75' lang='grc' dir='ltr'><strong>Οἱ</strong></span> <span class='ocrx_word' id='word_1_603' title='bbox 3071 3341 3193 3413; x_wconf 85' lang='grc' dir='ltr'>περὶ</span> <span class='ocrx_word' id='word_1_604' title='bbox 3278 3339 3368 3394; x_wconf 86' lang='grc' dir='ltr'>τὸν</span> <span class='ocrx_word' id='word_1_605' title='bbox 3430 3340 3742 3396; x_wconf 78' lang='grc' dir='ltr'>Ἀθανάσιον</span> 
     </span>
    </p>
   </div>
   <div class='ocr_carea' id='block_1_83' title="bbox 2097 3423 3742 3504">
    <p class='ocr_par' dir='ltr' id='par_1_83' title="bbox 2097 3423 3742 3504">
     <span class='ocr_line' id='line_1_84' title="bbox 2097 3423 3742 3504; baseline -0.001 -24"><span class='ocrx_word' id='word_1_606' title='bbox 2097 3423 2322 3501; x_wconf 74' lang='grc' dir='ltr'>ἀδελφοὶ</span> <span class='ocrx_word' id='word_1_607' title='bbox 2397 3428 2580 3498; x_wconf 80' lang='grc' dir='ltr'>ἡμῶν,</span> <span class='ocrx_word' id='word_1_608' title='bbox 2639 3428 2817 3500; x_wconf 77' lang='grc' dir='ltr'>ἀκμήν</span> <span class='ocrx_word' id='word_1_609' title='bbox 2905 3432 3228 3502; x_wconf 87' lang='grc' dir='ltr'>κρατοῦνται</span> <span class='ocrx_word' id='word_1_610' title='bbox 3313 3426 3742 3504; x_wconf 86' lang='grc' dir='ltr'>περιωρισμένοι</span> 
     </span>
    </p>
   </div>
   <div class='ocr_carea' id='block_1_84' title="bbox 2097 3514 3740 3593">
    <p class='ocr_par' dir='ltr' id='par_1_84' title="bbox 2097 3514 3740 3593">
     <span class='ocr_line' id='line_1_85' title="bbox 2097 3514 3740 3593; baseline 0.001 -24"><span class='ocrx_word' id='word_1_611' title='bbox 2097 3514 2289 3572; x_wconf 77' lang='grc' dir='ltr'>ἐκεῖσε.</span> <span class='ocrx_word' id='word_1_612' title='bbox 2322 3519 2378 3570; x_wconf 86' lang='grc' dir='ltr'>Ὃ</span> <span class='ocrx_word' id='word_1_613' title='bbox 2409 3514 2711 3593; x_wconf 77' lang='grc' dir='ltr'>φυλακίτης</span> <span class='ocrx_word' id='word_1_614' title='bbox 2755 3538 2859 3589; x_wconf 91' lang='grc' dir='ltr'><strong>μου</strong></span> <span class='ocrx_word' id='word_1_615' title='bbox 2911 3516 3162 3589; x_wconf 79' lang='grc' dir='ltr'>ἐξελθὼν,</span> <span class='ocrx_word' id='word_1_616' title='bbox 3194 3518 3366 3592; x_wconf 78' lang='grc' dir='ltr'>ἤγαγέ</span> <span class='ocrx_word' id='word_1_617' title='bbox 3417 3538 3510 3590; x_wconf 88' lang='grc' dir='ltr'><strong>μοι</strong></span> <span class='ocrx_word' id='word_1_618' title='bbox 3559 3537 3740 3592; x_wconf 84' lang='grc' dir='ltr'>προσ-</span> 
     </span>
    </p>
   </div>
   <div class='ocr_carea' id='block_1_85' title="bbox 2095 3605 3741 3684">
    <p class='ocr_par' dir='ltr' id='par_1_85' title="bbox 2095 3605 3741 3684">
     <span class='ocr_line' id='line_1_86' title="bbox 2095 3605 3741 3684; baseline 0.001 -24"><span class='ocrx_word' id='word_1_619' title='bbox 2095 3605 2316 3676; x_wconf 85' lang='grc' dir='ltr'>κύνησιν</span> <span class='ocrx_word' id='word_1_620' title='bbox 2373 3606 2432 3659; x_wconf 79' lang='grc' dir='ltr'><strong>ἐκ</strong></span> <span class='ocrx_word' id='word_1_621' title='bbox 2487 3610 2583 3660; x_wconf 86' lang='grc' dir='ltr'><strong>τοῦ</strong></span> <span class='ocrx_word' id='word_1_622' title='bbox 2630 3607 2976 3684; x_wconf 78' lang='grc' dir='ltr'>πατριάρχου</span> <span class='ocrx_word' id='word_1_623' title='bbox 3036 3606 3310 3682; x_wconf 74' lang='grc' dir='ltr'>λέγοντος,</span> <span class='ocrx_word' id='word_1_624' title='bbox 3372 3606 3456 3662; x_wconf 80' lang='grc' dir='ltr'>ὅτι</span> <span class='ocrx_word' id='word_1_625' title='bbox 3515 3608 3543 3661; x_wconf 89' lang='grc' dir='ltr'>ὁ</span> <span class='ocrx_word' id='word_1_626' title='bbox 3609 3607 3741 3669; x_wconf 85' lang='grc' dir='ltr'>Θεὸς</span> 
     </span>
    </p>
   </div>
   <div class='ocr_carea' id='block_1_86' title="bbox 2097 3693 3744 3775">
    <p class='ocr_par' dir='ltr' id='par_1_86' title="bbox 2097 3693 3744 3775">
     <span class='ocr_line' id='line_1_87' title="bbox 2097 3693 3744 3775; baseline 0 -25"><span class='ocrx_word' id='word_1_627' title='bbox 2097 3697 2448 3770; x_wconf 77' lang='grc' dir='ltr'>συγχωρήσει</span> <span class='ocrx_word' id='word_1_628' title='bbox 2500 3714 2624 3750; x_wconf 80' lang='grc' dir='ltr'>σοι’</span> <span class='ocrx_word' id='word_1_629' title='bbox 2671 3701 2790 3764; x_wconf 87' lang='grc' dir='ltr'>τοῦ,</span> <span class='ocrx_word' id='word_1_630' title='bbox 2833 3696 3122 3771; x_wconf 80' lang='grc' dir='ltr'>ηὐχόμεθα</span> <span class='ocrx_word' id='word_1_631' title='bbox 3179 3694 3327 3775; x_wconf 78' lang='grc' dir='ltr'>ἔχειν</span> <span class='ocrx_word' id='word_1_632' title='bbox 3390 3718 3446 3751; x_wconf 88' lang='grc' dir='ltr'><strong>σε</strong></span> <span class='ocrx_word' id='word_1_633' title='bbox 3503 3693 3609 3750; x_wconf 81' lang='grc' dir='ltr'>ὧδε</span> <span class='ocrx_word' id='word_1_634' title='bbox 3667 3695 3744 3758; x_wconf 86' lang='grc' dir='ltr'>εἰς</span> 
     </span>
    </p>
   </div>
   <div class='ocr_carea' id='block_1_87' title="bbox 2101 3783 3742 3858">
    <p class='ocr_par' dir='ltr' id='par_1_87' title="bbox 2101 3783 3742 3858">
     <span class='ocr_line' id='line_1_88' title="bbox 2101 3783 3742 3858; baseline 0 -20"><span class='ocrx_word' id='word_1_635' title='bbox 2101 3785 2353 3858; x_wconf 80' lang='grc' dir='ltr'>βοήθειαν</span> <span class='ocrx_word' id='word_1_636' title='bbox 2419 3787 2602 3857; x_wconf 80' lang='grc' dir='ltr'>ἡμῶν.</span> <span class='ocrx_word' id='word_1_637' title='bbox 2662 3783 2942 3856; x_wconf 79' lang='grc' dir='ltr'>Ἐξῆλθες,</span> <span class='ocrx_word' id='word_1_638' title='bbox 2999 3785 3089 3840; x_wconf 76' lang='grc' dir='ltr'><strong>καὶ</strong></span> <span class='ocrx_word' id='word_1_639' title='bbox 3165 3783 3415 3846; x_wconf 80' lang='grc' dir='ltr'>ἐκάθισας</span> <span class='ocrx_word' id='word_1_640' title='bbox 3501 3783 3690 3840; x_wconf 77' lang='grc' dir='ltr'>αὒτόθι</span> <span class='ocrx_word' id='word_1_641' title='bbox 3726 3804 3742 3818; x_wconf 87' lang='grc'><strong>·</strong></span> 
     </span>
    </p>
   </div>
   <div class='ocr_carea' id='block_1_88' title="bbox 2095 3872 3745 3949">
    <p class='ocr_par' dir='ltr' id='par_1_88' title="bbox 2095 3872 3745 3949">
     <span class='ocr_line' id='line_1_89' title="bbox 2095 3872 3745 3949; baseline 0 -21"><span class='ocrx_word' id='word_1_642' title='bbox 2095 3873 2206 3943; x_wconf 84' lang='grc' dir='ltr'>καὶ,</span> <span class='ocrx_word' id='word_1_643' title='bbox 2238 3872 2322 3926; x_wconf 82' lang='grc' dir='ltr'>ὅτι</span> <span class='ocrx_word' id='word_1_644' title='bbox 2381 3875 2561 3949; x_wconf 74' lang='grc' dir='ltr'>φθονῶ</span> <span class='ocrx_word' id='word_1_645' title='bbox 2619 3895 2696 3932; x_wconf 89' lang='grc' dir='ltr'><strong>σε.</strong></span> <span class='ocrx_word' id='word_1_646' title='bbox 2749 3873 2851 3930; x_wconf 83' lang='grc' dir='ltr'><strong>Καὶ</strong></span> <span class='ocrx_word' id='word_1_647' title='bbox 2909 3873 3143 3938; x_wconf 69' lang='grc' dir='ltr'>ἀκούσας</span> <span class='ocrx_word' id='word_1_648' title='bbox 3199 3873 3443 3943; x_wconf 86' lang='grc' dir='ltr'>ἐγέλασα.</span> <span class='ocrx_word' id='word_1_649' title='bbox 3507 3873 3578 3928; x_wconf 80' lang='grc' dir='ltr'>Οὐ</span> <span class='ocrx_word' id='word_1_650' title='bbox 3638 3895 3745 3948; x_wconf 91' lang='grc' dir='ltr'><strong>γαρ</strong></span> 
     </span>
    </p>
   </div>
   <div class='ocr_carea' id='block_1_89' title="bbox 2096 3961 3746 4037">
    <p class='ocr_par' dir='ltr' id='par_1_89' title="bbox 2096 3961 3746 4037">
     <span class='ocr_line' id='line_1_90' title="bbox 2096 3961 3746 4037; baseline 0.001 -23"><span class='ocrx_word' id='word_1_651' title='bbox 2096 3963 2161 4030; x_wconf 75' lang='grc' dir='ltr'>ἦν</span> <span class='ocrx_word' id='word_1_652' title='bbox 2218 3961 2374 4036; x_wconf 84' lang='grc' dir='ltr'>χρεία</span> <span class='ocrx_word' id='word_1_653' title='bbox 2425 3963 2560 4023; x_wconf 85' lang='grc' dir='ltr'>τέως</span> <span class='ocrx_word' id='word_1_654' title='bbox 2619 3963 2973 4035; x_wconf 82' lang='grc' dir='ltr'>ἀποκριθῆναί</span> <span class='ocrx_word' id='word_1_655' title='bbox 3037 3983 3134 4035; x_wconf 80' lang='grc' dir='ltr'>με’</span> <span class='ocrx_word' id='word_1_656' title='bbox 3187 3967 3222 4033; x_wconf 79' lang='grc' dir='ltr'><strong>ἢ</strong></span> <span class='ocrx_word' id='word_1_657' title='bbox 3281 3964 3604 4037; x_wconf 75' lang='grc' dir='ltr'>μόνον.⁶’οτι</span> <span class='ocrx_word' id='word_1_658' title='bbox 3655 3963 3746 4017; x_wconf 79' lang='grc' dir='ltr'>ἐὰν</span> 
     </span>
    </p>
   </div>
   <div class='ocr_carea' id='block_1_90' title="bbox 2096 4051 3746 4130">
    <p class='ocr_par' dir='ltr' id='par_1_90' title="bbox 2096 4051 3746 4130">
     <span class='ocr_line' id='line_1_91' title="bbox 2096 4051 3746 4130; baseline 0.001 -27"><span class='ocrx_word' id='word_1_659' title='bbox 2096 4054 2290 4128; x_wconf 75' lang='grc' dir='ltr'>φθονῇ,</span> <span class='ocrx_word' id='word_1_660' title='bbox 2341 4051 2529 4126; x_wconf 76' lang='grc' dir='ltr'>ἐξέλθῃ</span> <span class='ocrx_word' id='word_1_661' title='bbox 2586 4054 2851 4113; x_wconf 64' lang='grc' dir='ltr'>κακεῖνος.</span> <span class='ocrx_word' id='word_1_662' title='bbox 2886 4054 3196 4127; x_wconf 85' lang='grc' dir='ltr'>Ἐχαύνωσε</span> <span class='ocrx_word' id='word_1_663' title='bbox 3245 4051 3301 4108; x_wconf 78' lang='grc' dir='ltr'><strong>δὲ</strong></span> <span class='ocrx_word' id='word_1_664' title='bbox 3348 4054 3436 4108; x_wconf 76' lang='grc' dir='ltr'><strong>καὶ</strong></span> <span class='ocrx_word' id='word_1_665' title='bbox 3483 4055 3580 4122; x_wconf 84' lang='grc' dir='ltr'>τήν</span> <span class='ocrx_word' id='word_1_666' title='bbox 3641 4075 3746 4130; x_wconf 66' lang='grc' dir='ltr'><strong>φυ-</strong></span> 
     </span>
    </p>
   </div>
   <div class='ocr_carea' id='block_1_91' title="bbox 2097 4140 3742 4218">
    <p class='ocr_par' dir='ltr' id='par_1_91' title="bbox 2097 4140 3742 4218">
     <span class='ocr_line' id='line_1_92' title="bbox 2097 4140 3742 4218; baseline 0.001 -22"><span class='ocrx_word' id='word_1_667' title='bbox 2097 4140 2267 4209; x_wconf 79' lang='grc' dir='ltr'>λακην</span> <span class='ocrx_word' id='word_1_668' title='bbox 2310 4140 2748 4216; x_wconf 77' lang='grc' dir='ltr'>προτρεπόμενος</span> <span class='ocrx_word' id='word_1_669' title='bbox 2800 4140 2876 4204; x_wconf 69' lang='grc' dir='ltr'><strong>εἴς</strong></span> <span class='ocrx_word' id='word_1_670' title='bbox 2942 4141 3253 4197; x_wconf 77' lang='grc' dir='ltr'>ἀνάπαυσιν.</span> <span class='ocrx_word' id='word_1_671' title='bbox 3305 4143 3568 4218; x_wconf 79' lang='grc' dir='ltr'>Ἐξήγαγε</span> <span class='ocrx_word' id='word_1_672' title='bbox 3635 4144 3742 4217; x_wconf 79' lang='grc' dir='ltr'><strong>γάρ</strong></span> 
     </span>
    </p>
   </div>
   <div class='ocr_carea' id='block_1_92' title="bbox 2099 4229 3746 4306">
    <p class='ocr_par' dir='ltr' id='par_1_92' title="bbox 2099 4229 3746 4306">
     <span class='ocr_line' id='line_1_93' title="bbox 2099 4229 3746 4306; baseline 0.002 -22"><span class='ocrx_word' id='word_1_673' title='bbox 2099 4251 2196 4303; x_wconf 91' lang='grc' dir='ltr'><strong>μοι</strong></span> <span class='ocrx_word' id='word_1_674' title='bbox 2229 4230 2317 4284; x_wconf 85' lang='grc' dir='ltr'><strong>καὶ</strong></span> <span class='ocrx_word' id='word_1_675' title='bbox 2355 4229 2414 4285; x_wconf 86' lang='grc' dir='ltr'><strong>ἐκ</strong></span> <span class='ocrx_word' id='word_1_676' title='bbox 2437 4234 2538 4285; x_wconf 87' lang='grc' dir='ltr'><strong>τοῦ</strong></span> <span class='ocrx_word' id='word_1_677' title='bbox 2569 4231 2793 4304; x_wconf 84' lang='grc' dir='ltr'>Συμεὼν</span> <span class='ocrx_word' id='word_1_678' title='bbox 2825 4231 3190 4305; x_wconf 88' lang='grc' dir='ltr'>προσκύνησιν</span> <span class='ocrx_word' id='word_1_679' title='bbox 3219 4251 3229 4263; x_wconf 90' lang='grc'><strong>·</strong></span> <span class='ocrx_word' id='word_1_680' title='bbox 3263 4232 3352 4286; x_wconf 80' lang='grc' dir='ltr'><strong>καὶ</strong></span> <span class='ocrx_word' id='word_1_681' title='bbox 3398 4232 3484 4286; x_wconf 84' lang='grc' dir='ltr'><strong>ὅτι</strong></span> <span class='ocrx_word' id='word_1_682' title='bbox 3539 4231 3746 4306; x_wconf 80' lang='grc' dir='ltr'>βούλε-</span> 
     </span>
    </p>
   </div>
   <div class='ocr_carea' id='block_1_93' title="bbox 2093 4319 3742 4396">
    <p class='ocr_par' dir='ltr' id='par_1_93' title="bbox 2093 4319 3742 4396">
     <span class='ocr_line' id='line_1_94' title="bbox 2093 4319 3742 4396; baseline 0.001 -21"><span class='ocrx_word' id='word_1_683' title='bbox 2093 4341 2180 4375; x_wconf 87' lang='grc' dir='ltr'><strong>ται</strong></span> <span class='ocrx_word' id='word_1_684' title='bbox 2209 4319 2447 4389; x_wconf 84' lang='grc' dir='ltr'>λαλῆσαι</span> <span class='ocrx_word' id='word_1_685' title='bbox 2477 4324 2558 4394; x_wconf 73' lang='grc' dir='ltr'>τῷ</span> <span class='ocrx_word' id='word_1_686' title='bbox 2592 4321 2828 4393; x_wconf 83' lang='grc' dir='ltr'>βασιλεῖ,</span> <span class='ocrx_word' id='word_1_687' title='bbox 2852 4321 2936 4375; x_wconf 75' lang='grc' dir='ltr'>ὅτι</span> <span class='ocrx_word' id='word_1_688' title='bbox 2965 4321 3290 4382; x_wconf 84' lang='grc' dir='ltr'>κεκοπίακας</span> <span class='ocrx_word' id='word_1_689' title='bbox 3321 4319 3373 4374; x_wconf 84' lang='grc' dir='ltr'><strong>ἐν</strong></span> <span class='ocrx_word' id='word_1_690' title='bbox 3401 4324 3470 4386; x_wconf 77' lang='grc' dir='ltr'>τῇ</span> <span class='ocrx_word' id='word_1_691' title='bbox 3494 4319 3742 4396; x_wconf 76' lang='grc' dir='ltr'>φυλακῇ,</span> 
     </span>
    </p>
   </div>
   <div class='ocr_carea' id='block_1_94' title="bbox 2098 4409 3742 4484">
    <p class='ocr_par' dir='ltr' id='par_1_94' title="bbox 2098 4409 3742 4484">
     <span class='ocr_line' id='line_1_95' title="bbox 2098 4409 3742 4484; baseline 0 -20"><span class='ocrx_word' id='word_1_692' title='bbox 2098 4409 2196 4464; x_wconf 78' lang='grc' dir='ltr'>Καὶ</span> <span class='ocrx_word' id='word_1_693' title='bbox 2241 4409 2300 4464; x_wconf 81' lang='grc' dir='ltr'><strong>ἐκ</strong></span> <span class='ocrx_word' id='word_1_694' title='bbox 2344 4414 2440 4464; x_wconf 89' lang='grc' dir='ltr'><strong>τοῦ</strong></span> <span class='ocrx_word' id='word_1_695' title='bbox 2489 4410 2743 4466; x_wconf 86' lang='grc' dir='ltr'>Λεοντίου</span> <span class='ocrx_word' id='word_1_696' title='bbox 2819 4411 3287 4483; x_wconf 86' lang='grc' dir='ltr'>τεταπεινωμένην</span> <span class='ocrx_word' id='word_1_697' title='bbox 3345 4409 3742 4484; x_wconf 85' lang='grc' dir='ltr'>προσκύνησιν,</span> 
     </span>
    </p>
   </div>
   <div class='ocr_carea' id='block_1_95' title="bbox 2097 4494 3744 4574">
    <p class='ocr_par' dir='ltr' id='par_1_95' title="bbox 2097 4494 3744 4574">
     <span class='ocr_line' id='line_1_96' title="bbox 2097 4494 3744 4574; baseline 0.001 -22"><span class='ocrx_word' id='word_1_698' title='bbox 2097 4495 2352 4572; x_wconf 85' lang='grc' dir='ltr'>λέγοντος</span> <span class='ocrx_word' id='word_1_699' title='bbox 2384 4517 2398 4532; x_wconf 79' lang='grc'><strong><em>⁸</em></strong></span> <span class='ocrx_word' id='word_1_700' title='bbox 2452 4498 2535 4552; x_wconf 82' lang='grc' dir='ltr'><strong>ὅτι</strong></span> <span class='ocrx_word' id='word_1_701' title='bbox 2573 4498 2812 4572; x_wconf 87' lang='grc' dir='ltr'>ἀνάγκην</span> <span class='ocrx_word' id='word_1_702' title='bbox 2857 4494 3054 4554; x_wconf 77' lang='grc' dir='ltr'>ἔπαθον</span> <span class='ocrx_word' id='word_1_703' title='bbox 3081 4517 3094 4530; x_wconf 89' lang='grc'><strong>·</strong></span> <span class='ocrx_word' id='word_1_704' title='bbox 3127 4501 3218 4554; x_wconf 78' lang='grc' dir='ltr'><strong>καὶ</strong></span> <span class='ocrx_word' id='word_1_705' title='bbox 3271 4500 3347 4572; x_wconf 82' lang='grc' dir='ltr'>μή</span> <span class='ocrx_word' id='word_1_706' title='bbox 3399 4503 3744 4574; x_wconf 65' lang='grc' dir='ltr'>συγχωρήσῃ</span> 
     </span>
    </p>
   </div>
   <div class='ocr_carea' id='block_1_96' title="bbox 343 4585 1986 4663">
    <p class='ocr_par' dir='ltr' id='par_1_96' title="bbox 343 4593 1982 4660">
     <span class='ocr_line' id='line_1_97' title="bbox 343 4593 1982 4660; baseline 0.002 -13"><span class='ocrx_word' id='word_1_707' title='bbox 343 4593 578 4660; x_wconf 88' lang='lat' dir='ltr'><strong>habere,</strong></span> <span class='ocrx_word' id='word_1_708' title='bbox 610 4599 667 4648; x_wconf 91' lang='lat' dir='ltr'><strong>et</strong></span> <span class='ocrx_word' id='word_1_709' title='bbox 688 4612 718 4648; x_wconf 86' lang='lat' dir='ltr'><strong>a</strong></span> <span class='ocrx_word' id='word_1_710' title='bbox 748 4595 980 4650; x_wconf 90' lang='lat' dir='ltr'><strong>Leontio</strong></span> <span class='ocrx_word' id='word_1_711' title='bbox 1008 4594 1288 4650; x_wconf 88' lang='lat' dir='ltr'><strong>humilem</strong></span> <span class='ocrx_word' id='word_1_712' title='bbox 1310 4593 1742 4649; x_wconf 87' lang='lat' dir='ltr'><strong>salutationem.</strong></span> <span class='ocrx_word' id='word_1_713' title='bbox 1769 4594 1982 4650; x_wconf 78' lang='lat' dir='ltr'><strong>Passus</strong></span> 
     </span>
    </p>
   </div>
   <div class='ocr_carea' id='block_1_97' title="bbox 2099 4585 3741 4663">
    <p class='ocr_par' dir='ltr' id='par_1_97' title="bbox 2099 4585 3741 4663">
     <span class='ocr_line' id='line_1_98' title="bbox 2099 4585 3741 4663; baseline 0.002 -23"><span class='ocrx_word' id='word_1_714' title='bbox 2099 4607 2157 4659; x_wconf 64' lang='grc' dir='ltr'><strong>με</strong></span> <span class='ocrx_word' id='word_1_715' title='bbox 2213 4587 2240 4640; x_wconf 83' lang='grc' dir='ltr'>ὁ</span> <span class='ocrx_word' id='word_1_716' title='bbox 2295 4587 2423 4647; x_wconf 87' lang='grc' dir='ltr'>Θεὸς</span> <span class='ocrx_word' id='word_1_717' title='bbox 2479 4590 2576 4641; x_wconf 86' lang='grc' dir='ltr'><strong>τοῦ</strong></span> <span class='ocrx_word' id='word_1_718' title='bbox 2617 4585 2785 4662; x_wconf 78' lang='grc' dir='ltr'>λόγου</span> <span class='ocrx_word' id='word_1_719' title='bbox 2817 4609 2934 4648; x_wconf 90' lang='grc' dir='ltr'>σου,</span> <span class='ocrx_word' id='word_1_720' title='bbox 2972 4590 3072 4643; x_wconf 83' lang='grc' dir='ltr'><strong>Καὶ</strong></span> <span class='ocrx_word' id='word_1_721' title='bbox 3107 4590 3252 4643; x_wconf 76' lang='grc' dir='ltr'>εἶπον</span> <span class='ocrx_word' id='word_1_722' title='bbox 3285 4588 3366 4642; x_wconf 79' lang='grc' dir='ltr'>ὅτι</span> <span class='ocrx_word' id='word_1_723' title='bbox 3401 4589 3462 4642; x_wconf 88' lang='grc' dir='ltr'><strong>ού</strong></span> <span class='ocrx_word' id='word_1_724' title='bbox 3508 4591 3741 4663; x_wconf 67' lang='grc' dir='ltr'>χρῄζων</span> 
     </span>
    </p>
   </div>
   <div class='ocr_carea' id='block_1_98' title="bbox 336 4683 1977 4754">
    <p class='ocr_par' dir='ltr' id='par_1_98' title="bbox 336 4683 1977 4754">
     <span class='ocr_line' id='line_1_99' title="bbox 336 4683 1977 4754; baseline 0.001 -18"><span class='ocrx_word' id='word_1_725' title='bbox 336 4700 488 4749; x_wconf 88' lang='lat' dir='ltr'><strong>sum,</strong></span> <span class='ocrx_word' id='word_1_726' title='bbox 539 4683 637 4747; x_wconf 86' lang='lat' dir='ltr'><strong>ait,</strong></span> <span class='ocrx_word' id='word_1_727' title='bbox 674 4684 1124 4739; x_wconf 81' lang='lat' dir='ltr'><strong>necessitatem:</strong></span> <span class='ocrx_word' id='word_1_728' title='bbox 1172 4701 1284 4738; x_wconf 90' lang='lat' dir='ltr'><strong>non</strong></span> <span class='ocrx_word' id='word_1_729' title='bbox 1337 4699 1428 4737; x_wconf 90' lang='lat' dir='ltr'><strong>me</strong></span> <span class='ocrx_word' id='word_1_730' title='bbox 1481 4687 1710 4754; x_wconf 89' lang='lat' dir='ltr'><strong>separet</strong></span> <span class='ocrx_word' id='word_1_731' title='bbox 1761 4684 1912 4738; x_wconf 88' lang='lat' dir='ltr'><strong>Deus</strong></span> <span class='ocrx_word' id='word_1_732' title='bbox 1944 4699 1977 4737; x_wconf 92' lang='lat' dir='ltr'><strong>a</strong></span> 
     </span>
    </p>
   </div>
   <div class='ocr_carea' id='block_1_99' title="bbox 338 4772 1973 4844">
    <p class='ocr_par' dir='ltr' id='par_1_99' title="bbox 338 4772 1973 4844">
     <span class='ocr_line' id='line_1_100' title="bbox 338 4772 1973 4844; baseline 0 -18"><span class='ocrx_word' id='word_1_733' title='bbox 338 4789 598 4827; x_wconf 89' lang='lat' dir='ltr'><strong>sermone</strong></span> <span class='ocrx_word' id='word_1_734' title='bbox 638 4781 754 4828; x_wconf 91' lang='lat' dir='ltr'><strong>tuo.</strong></span> <span class='ocrx_word' id='word_1_735' title='bbox 807 4775 875 4828; x_wconf 87' lang='lat' dir='ltr'><strong>Et</strong></span> <span class='ocrx_word' id='word_1_736' title='bbox 913 4789 1037 4844; x_wconf 88' lang='lat' dir='ltr'><strong>ego,</strong></span> <span class='ocrx_word' id='word_1_737' title='bbox 1089 4773 1228 4842; x_wconf 83' lang='lat' dir='ltr'><strong>haec,</strong></span> <span class='ocrx_word' id='word_1_738' title='bbox 1280 4773 1542 4842; x_wconf 89' lang='lat' dir='ltr'><strong>inquam,</strong></span> <span class='ocrx_word' id='word_1_739' title='bbox 1597 4773 1666 4827; x_wconf 87' lang='lat' dir='ltr'><strong>ab</strong></span> <span class='ocrx_word' id='word_1_740' title='bbox 1708 4772 1807 4827; x_wconf 88' lang='lat' dir='ltr'><strong>illo</strong></span> <span class='ocrx_word' id='word_1_741' title='bbox 1860 4789 1973 4827; x_wconf 89' lang='lat' dir='ltr'><strong>non</strong></span> 
     </span>
    </p>
   </div>
   <div class='ocr_carea' id='block_1_100' title="bbox 337 4861 1969 4934">
    <p class='ocr_par' dir='ltr' id='par_1_100' title="bbox 337 4861 1969 4934">
     <span class='ocr_line' id='line_1_101' title="bbox 337 4861 1969 4934; baseline -0.001 -18"><span class='ocrx_word' id='word_1_742' title='bbox 337 4863 589 4932; x_wconf 89' lang='lat' dir='ltr'><strong>requiro.</strong></span> <span class='ocrx_word' id='word_1_743' title='bbox 623 4861 947 4934; x_wconf 89' lang='lat' dir='ltr'><strong>Coegerunt</strong></span> <span class='ocrx_word' id='word_1_744' title='bbox 976 4868 1167 4917; x_wconf 86' lang='lat' dir='ltr'><strong>autem</strong></span> <span class='ocrx_word' id='word_1_745' title='bbox 1191 4861 1357 4916; x_wconf 91' lang='lat' dir='ltr'><strong>illum</strong></span> <span class='ocrx_word' id='word_1_746' title='bbox 1392 4864 1472 4917; x_wconf 91' lang='lat' dir='ltr'><strong>ire</strong></span> <span class='ocrx_word' id='word_1_747' title='bbox 1503 4864 1569 4916; x_wconf 81' lang='lat' dir='ltr'><strong>ad</strong></span> <span class='ocrx_word' id='word_1_748' title='bbox 1605 4876 1969 4916; x_wconf 79' lang='lat' dir='ltr'><strong>ceconomum</strong></span> 
     </span>
    </p>
   </div>
   <div class='ocr_carea' id='block_1_101' title="bbox 340 4949 1974 5020">
    <p class='ocr_par' dir='ltr' id='par_1_101' title="bbox 340 4949 1974 5020">
     <span class='ocr_line' id='line_1_102' title="bbox 340 4949 1974 5020; baseline 0.001 -17"><span class='ocrx_word' id='word_1_749' title='bbox 340 4955 398 5004; x_wconf 90' lang='lat' dir='ltr'><strong>et</strong></span> <span class='ocrx_word' id='word_1_750' title='bbox 418 4951 717 5005; x_wconf 86' lang='lat' dir='ltr'><strong>Arsenium</strong></span> <span class='ocrx_word' id='word_1_751' title='bbox 750 4961 804 5006; x_wconf 90' lang='lat' dir='ltr'><strong>et</strong></span> <span class='ocrx_word' id='word_1_752' title='bbox 832 4956 1139 5020; x_wconf 89' lang='lat' dir='ltr'><strong>Joannem,</strong></span> <span class='ocrx_word' id='word_1_753' title='bbox 1181 4968 1245 5006; x_wconf 89' lang='lat' dir='ltr'><strong>ac</strong></span> <span class='ocrx_word' id='word_1_754' title='bbox 1278 4950 1489 5013; x_wconf 90' lang='lat' dir='ltr'><strong>dicere,</strong></span> <span class='ocrx_word' id='word_1_755' title='bbox 1523 4951 1669 5019; x_wconf 93' lang='lat' dir='ltr'><strong>quod</strong></span> <span class='ocrx_word' id='word_1_756' title='bbox 1692 4949 1974 5004; x_wconf 89' lang='lat' dir='ltr'><strong>Dominus</strong></span> 
     </span>
    </p>
   </div>
   <div class='ocr_carea' id='block_1_102' title="bbox 338 5038 1972 5109">
    <p class='ocr_par' dir='ltr' id='par_1_102' title="bbox 338 5038 1972 5109">
     <span class='ocr_line' id='line_1_103' title="bbox 338 5038 1972 5109; baseline -0.001 -15"><span class='ocrx_word' id='word_1_757' title='bbox 338 5041 615 5095; x_wconf 85' lang='lat' dir='ltr'><strong>Tarasius</strong></span> <span class='ocrx_word' id='word_1_758' title='bbox 645 5041 811 5094; x_wconf 90' lang='lat' dir='ltr'><strong>illum</strong></span> <span class='ocrx_word' id='word_1_759' title='bbox 845 5041 1173 5104; x_wconf 88' lang='lat' dir='ltr'><strong>absolverit,</strong></span> <span class='ocrx_word' id='word_1_760' title='bbox 1223 5047 1279 5094; x_wconf 90' lang='lat' dir='ltr'><strong>et</strong></span> <span class='ocrx_word' id='word_1_761' title='bbox 1310 5040 1459 5109; x_wconf 89' lang='lat' dir='ltr'><strong>quod</strong></span> <span class='ocrx_word' id='word_1_762' title='bbox 1504 5039 1675 5093; x_wconf 90' lang='lat' dir='ltr'><strong>modo</strong></span> <span class='ocrx_word' id='word_1_763' title='bbox 1709 5038 1972 5092; x_wconf 89' lang='lat' dir='ltr'><strong>viderim.</strong></span> 
     </span>
    </p>
   </div>
   <div class='ocr_carea' id='block_1_103' title="bbox 334 5128 1974 5201">
    <p class='ocr_par' dir='ltr' id='par_1_103' title="bbox 334 5128 1974 5201">
     <span class='ocr_line' id='line_1_104' title="bbox 334 5128 1974 5201; baseline 0 -21"><span class='ocrx_word' id='word_1_764' title='bbox 334 5135 406 5184; x_wconf 83' lang='lat' dir='ltr'><strong>At</strong></span> <span class='ocrx_word' id='word_1_765' title='bbox 454 5129 538 5184; x_wconf 90' lang='lat' dir='ltr'><strong>illi</strong></span> <span class='ocrx_word' id='word_1_766' title='bbox 577 5147 708 5185; x_wconf 87' lang='lat' dir='ltr'><strong>eum</strong></span> <span class='ocrx_word' id='word_1_767' title='bbox 760 5147 949 5186; x_wconf 84' lang='lat' dir='ltr'><strong>revera</strong></span> <span class='ocrx_word' id='word_1_768' title='bbox 982 5129 1244 5201; x_wconf 88' lang='lat' dir='ltr'><strong>colaphis</strong></span> <span class='ocrx_word' id='word_1_769' title='bbox 1276 5128 1665 5199; x_wconf 82' lang='lat' dir='ltr'><strong>exploserunt.</strong></span> <span class='ocrx_word' id='word_1_770' title='bbox 1707 5128 1815 5190; x_wconf 88' lang='lat' dir='ltr'><strong>Qui</strong></span> <span class='ocrx_word' id='word_1_771' title='bbox 1849 5142 1974 5180; x_wconf 88' lang='lat' dir='ltr'><strong>me—</strong></span> 
     </span>
    </p>
   </div>
   <div class='ocr_carea' id='block_1_104' title="bbox 331 5215 1968 5288">
    <p class='ocr_par' dir='ltr' id='par_1_104' title="bbox 331 5215 1968 5288">
     <span class='ocr_line' id='line_1_105' title="bbox 331 5215 1968 5288; baseline -0.001 -16"><span class='ocrx_word' id='word_1_772' title='bbox 331 5233 465 5272; x_wconf 88' lang='lat' dir='ltr'><strong>cum</strong></span> <span class='ocrx_word' id='word_1_773' title='bbox 499 5222 608 5287; x_wconf 86' lang='lat' dir='ltr'><strong>est,</strong></span> <span class='ocrx_word' id='word_1_774' title='bbox 658 5222 949 5288; x_wconf 86' lang='lat' dir='ltr'><strong>pastorem</strong></span> <span class='ocrx_word' id='word_1_775' title='bbox 1001 5233 1194 5273; x_wconf 91' lang='lat' dir='ltr'><strong>meum</strong></span> <span class='ocrx_word' id='word_1_776' title='bbox 1229 5233 1329 5288; x_wconf 91' lang='lat' dir='ltr'><strong>per</strong></span> <span class='ocrx_word' id='word_1_777' title='bbox 1360 5231 1452 5271; x_wconf 90' lang='lat' dir='ltr'><strong>me</strong></span> <span class='ocrx_word' id='word_1_778' title='bbox 1490 5215 1708 5271; x_wconf 87' lang='lat' dir='ltr'><strong>salutat</strong></span> <span class='ocrx_word' id='word_1_779' title='bbox 1757 5231 1968 5286; x_wconf 88' lang='lat' dir='ltr'><strong>magno</strong></span> 
     </span>
    </p>
   </div>
   <div class='ocr_carea' id='block_1_105' title="bbox 331 5301 950 5364">
    <p class='ocr_par' dir='ltr' id='par_1_105' title="bbox 331 5301 950 5364">
     <span class='ocr_line' id='line_1_106' title="bbox 331 5301 950 5364; baseline -0.003 0"><span class='ocrx_word' id='word_1_780' title='bbox 331 5307 561 5364; x_wconf 74' lang='lat' dir='ltr'><strong>affectu.</strong></span> <span class='ocrx_word' id='word_1_781' title='bbox 947 5301 950 5306; x_wconf 73' lang='grc'><em>’</em></span> 
     </span>
    </p>
   </div>
   <div class='ocr_carea' id='block_1_106' title="bbox 759 5394 1528 5466">
    <p class='ocr_par' dir='ltr' id='par_1_106' title="bbox 759 5394 1528 5466">
     <span class='ocr_line' id='line_1_107' title="bbox 759 5394 1528 5466; baseline -0.005 -14"><span class='ocrx_word' id='word_1_782' title='bbox 759 5395 953 5452; x_wconf 85' lang='lat' dir='ltr'><strong>XLIV.</strong></span> <span class='ocrx_word' id='word_1_783' title='bbox 995 5427 1062 5437; x_wconf 94' lang='grc'><strong><em>--</em></strong></span> <span class='ocrx_word' id='word_1_784' title='bbox 1081 5397 1268 5466; x_wconf 82' lang='lat' dir='ltr'><strong>Sergio</strong></span> <span class='ocrx_word' id='word_1_785' title='bbox 1297 5394 1528 5451; x_wconf 78' lang='lat' dir='ltr'><strong>consuli.</strong></span> 
     </span>
    </p>
   </div>
   <div class='ocr_carea' id='block_1_107' title="bbox 2084 4676 3746 4757">
    <p class='ocr_par' dir='ltr' id='par_1_107' title="bbox 2084 4676 3746 4757">
     <span class='ocr_line' id='line_1_108' title="bbox 2084 4676 3746 4757; baseline 0.001 -25"><span class='ocrx_word' id='word_1_786' title='bbox 2084 4681 2251 4732; x_wconf 87' lang='grc' dir='ltr'>ταῦτα</span> <span class='ocrx_word' id='word_1_787' title='bbox 2301 4679 2390 4732; x_wconf 85' lang='grc' dir='ltr'>ἀπ’</span> <span class='ocrx_word' id='word_1_788' title='bbox 2453 4677 2636 4735; x_wconf 85' lang='grc' dir='ltr'>αὐτοῦ.</span> <span class='ocrx_word' id='word_1_789' title='bbox 2667 4681 3002 4757; x_wconf 80' lang='grc' dir='ltr'>Ἠνάγκασαν</span> <span class='ocrx_word' id='word_1_790' title='bbox 3045 4676 3100 4734; x_wconf 85' lang='grc' dir='ltr'><strong>δέ</strong></span> <span class='ocrx_word' id='word_1_791' title='bbox 3158 4679 3318 4734; x_wconf 78' lang='grc' dir='ltr'>αὐτὸν</span> <span class='ocrx_word' id='word_1_792' title='bbox 3365 4677 3620 4734; x_wconf 85' lang='grc' dir='ltr'>ἀπελθεῖν</span> <span class='ocrx_word' id='word_1_793' title='bbox 3665 4678 3746 4741; x_wconf 70' lang='grc' dir='ltr'>ε’ίς</span> 
     </span>
    </p>
   </div>
   <div class='ocr_carea' id='block_1_108' title="bbox 2082 4767 3743 4843">
    <p class='ocr_par' dir='ltr' id='par_1_108' title="bbox 2082 4767 3743 4843">
     <span class='ocr_line' id='line_1_109' title="bbox 2082 4767 3743 4843; baseline -0.001 -21"><span class='ocrx_word' id='word_1_794' title='bbox 2082 4788 2140 4822; x_wconf 87' lang='grc' dir='ltr'><strong>τε</strong></span> <span class='ocrx_word' id='word_1_795' title='bbox 2185 4767 2275 4822; x_wconf 87' lang='grc' dir='ltr'>τὸν</span> <span class='ocrx_word' id='word_1_796' title='bbox 2327 4767 2640 4840; x_wconf 80' lang='grc' dir='ltr'>οἰκονόμον,</span> <span class='ocrx_word' id='word_1_797' title='bbox 2673 4770 2763 4824; x_wconf 82' lang='grc' dir='ltr'><strong>καὶ</strong></span> <span class='ocrx_word' id='word_1_798' title='bbox 2810 4771 2900 4824; x_wconf 89' lang='grc' dir='ltr'><strong>τὸν</strong></span> <span class='ocrx_word' id='word_1_799' title='bbox 2945 4769 3246 4843; x_wconf 88' lang='grc' dir='ltr'>Ἀρσένιον,</span> <span class='ocrx_word' id='word_1_800' title='bbox 3295 4769 3386 4824; x_wconf 85' lang='grc' dir='ltr'><strong>καὶ</strong></span> <span class='ocrx_word' id='word_1_801' title='bbox 3426 4769 3518 4823; x_wconf 85' lang='grc' dir='ltr'>τὸν</span> <span class='ocrx_word' id='word_1_802' title='bbox 3554 4770 3743 4824; x_wconf 76' lang='grc' dir='ltr'>Ἰωάν-</span> 
     </span>
    </p>
   </div>
   <div class='ocr_carea' id='block_1_109' title="bbox 2084 4855 3741 4934">
    <p class='ocr_par' dir='ltr' id='par_1_109' title="bbox 2084 4855 3741 4934">
     <span class='ocr_line' id='line_1_110' title="bbox 2084 4855 3741 4934; baseline 0.002 -25"><span class='ocrx_word' id='word_1_803' title='bbox 2084 4878 2200 4927; x_wconf 89' lang='grc' dir='ltr'>νην,</span> <span class='ocrx_word' id='word_1_804' title='bbox 2233 4855 2459 4931; x_wconf 86' lang='grc' dir='ltr'>λέγοντα</span> <span class='ocrx_word' id='word_1_805' title='bbox 2483 4876 2495 4889; x_wconf 77' lang='grc'><strong><em>⁸</em></strong></span> <span class='ocrx_word' id='word_1_806' title='bbox 2529 4857 2611 4911; x_wconf 76' lang='grc' dir='ltr'><strong>ὅτι</strong></span> <span class='ocrx_word' id='word_1_807' title='bbox 2645 4859 2672 4912; x_wconf 86' lang='grc' dir='ltr'>ὁ</span> <span class='ocrx_word' id='word_1_808' title='bbox 2701 4861 2852 4931; x_wconf 87' lang='grc' dir='ltr'>κῦρις</span> <span class='ocrx_word' id='word_1_809' title='bbox 2891 4860 3157 4934; x_wconf 78' lang='grc' dir='ltr'>Ταρᾶσιος</span> <span class='ocrx_word' id='word_1_810' title='bbox 3205 4857 3468 4913; x_wconf 82' lang='grc' dir='ltr'>ἀπέλυσεν</span> <span class='ocrx_word' id='word_1_811' title='bbox 3530 4856 3696 4912; x_wconf 81' lang='grc' dir='ltr'>αὐτόν</span> <span class='ocrx_word' id='word_1_812' title='bbox 3728 4879 3741 4892; x_wconf 91' lang='grc'>·</span> 
     </span>
    </p>
   </div>
   <div class='ocr_carea' id='block_1_110' title="bbox 2084 4943 3742 5023">
    <p class='ocr_par' dir='ltr' id='par_1_110' title="bbox 2084 4943 3742 5023">
     <span class='ocr_line' id='line_1_111' title="bbox 2084 4943 3742 5023; baseline 0.001 -24"><span class='ocrx_word' id='word_1_813' title='bbox 2084 4948 2170 4999; x_wconf 76' lang='grc' dir='ltr'><strong>καὶ</strong></span> <span class='ocrx_word' id='word_1_814' title='bbox 2225 4945 2310 5000; x_wconf 74' lang='grc' dir='ltr'><strong>ὅτι</strong></span> <span class='ocrx_word' id='word_1_815' title='bbox 2360 4945 2478 5020; x_wconf 83' lang='grc' dir='ltr'>ἄρτι</span> <span class='ocrx_word' id='word_1_816' title='bbox 2529 4943 2822 5021; x_wconf 79' lang='grc' dir='ltr'>ἀνέϐλεψα.</span> <span class='ocrx_word' id='word_1_817' title='bbox 2856 4949 2952 5002; x_wconf 75' lang='grc' dir='ltr'><strong>Καὶ</strong></span> <span class='ocrx_word' id='word_1_818' title='bbox 3011 4947 3384 5023; x_wconf 74' lang='grc' dir='ltr'>ἀπεῤῥάπισαν</span> <span class='ocrx_word' id='word_1_819' title='bbox 3441 4947 3602 5002; x_wconf 86' lang='grc' dir='ltr'>αὐτὸν</span> <span class='ocrx_word' id='word_1_820' title='bbox 3659 4952 3742 5019; x_wconf 81' lang='grc' dir='ltr'>τῷ</span> 
     </span>
    </p>
   </div>
   <div class='ocr_carea' id='block_1_111' title="bbox 2085 5032 3743 5114">
    <p class='ocr_par' dir='ltr' id='par_1_111' title="bbox 2085 5032 3743 5114">
     <span class='ocr_line' id='line_1_112' title="bbox 2085 5032 3743 5114; baseline 0.001 -25"><span class='ocrx_word' id='word_1_821' title='bbox 2085 5032 2220 5093; x_wconf 75' lang='grc' dir='ltr'>ὄντι.</span> <span class='ocrx_word' id='word_1_822' title='bbox 2272 5038 2330 5092; x_wconf 88' lang='grc' dir='ltr'>Ὁ</span> <span class='ocrx_word' id='word_1_823' title='bbox 2389 5037 2481 5091; x_wconf 76' lang='grc' dir='ltr'><strong>σὺν</strong></span> <span class='ocrx_word' id='word_1_824' title='bbox 2537 5037 2658 5110; x_wconf 81' lang='grc' dir='ltr'>ἐμοὶ</span> <span class='ocrx_word' id='word_1_825' title='bbox 2720 5040 3108 5114; x_wconf 83' lang='grc' dir='ltr'>προσαγορεύει</span> <span class='ocrx_word' id='word_1_826' title='bbox 3169 5040 3324 5111; x_wconf 81' lang='grc' dir='ltr'>πόθῳ</span> <span class='ocrx_word' id='word_1_827' title='bbox 3382 5037 3583 5109; x_wconf 81' lang='grc' dir='ltr'>πολλῷ</span> <span class='ocrx_word' id='word_1_828' title='bbox 3645 5039 3743 5092; x_wconf 87' lang='grc' dir='ltr'><strong>τὸν</strong></span> 
     </span>
    </p>
   </div>
   <div class='ocr_carea' id='block_1_112' title="bbox 2083 5124 2717 5200">
    <p class='ocr_par' dir='ltr' id='par_1_112' title="bbox 2083 5124 2717 5200">
     <span class='ocr_line' id='line_1_113' title="bbox 2083 5124 2717 5200; baseline 0.005 -22"><span class='ocrx_word' id='word_1_829' title='bbox 2083 5124 2316 5198; x_wconf 81' lang='grc' dir='ltr'>ποιμένα</span> <span class='ocrx_word' id='word_1_830' title='bbox 2349 5147 2452 5199; x_wconf 89' lang='grc' dir='ltr'><strong>μου</strong></span> <span class='ocrx_word' id='word_1_831' title='bbox 2480 5127 2527 5194; x_wconf 78' lang='grc' dir='ltr'>ἐξ</span> <span class='ocrx_word' id='word_1_832' title='bbox 2562 5126 2717 5200; x_wconf 83' lang='grc' dir='ltr'>ἐμοῦ.</span> 
     </span>
    </p>
   </div>
   <div class='ocr_carea' id='block_1_113' title="bbox 2392 5396 3418 5474">
    <p class='ocr_par' dir='ltr' id='par_1_113' title="bbox 2392 5396 3418 5474">
     <span class='ocr_line' id='line_1_114' title="bbox 2392 5396 3418 5474; baseline 0.007 -21"><span class='ocrx_word' id='word_1_833' title='bbox 2392 5402 2507 5454; x_wconf 88' lang='grc' dir='ltr'><strong>ΜΔ.</strong></span> <span class='ocrx_word' id='word_1_834' title='bbox 2538 5429 2608 5440; x_wconf 91' lang='lat'><strong>-</strong></span> <span class='ocrx_word' id='word_1_835' title='bbox 2637 5396 2893 5472; x_wconf 86' lang='grc' dir='ltr'>Σεργίῳ</span> <span class='ocrx_word' id='word_1_836' title='bbox 2934 5397 3180 5471; x_wconf 80' lang='grc' dir='ltr'>ὑπάτῳ.</span> <span class='ocrx_word' id='word_1_837' title='bbox 3214 5399 3418 5474; x_wconf 80' lang='grc' dir='ltr'>[ρμγ’·]</span> 
     </span>
    </p>
   </div>
   <div class='ocr_carea' id='block_1_114' title="bbox 1130 5491 2921 5560">
    <p class='ocr_par' dir='ltr' id='par_1_114' title="bbox 1130 5491 2921 5560">
     <span class='ocr_line' id='line_1_115' title="bbox 1130 5491 2921 5560; baseline 0.003 -17"><span class='ocrx_word' id='word_1_838' title='bbox 1130 5495 1433 5544; x_wconf 87' lang='lat' dir='ltr'><strong>Gratulatur</strong></span> <span class='ocrx_word' id='word_1_839' title='bbox 1462 5495 1507 5543; x_wconf 90' lang='lat' dir='ltr'><strong>ei</strong></span> <span class='ocrx_word' id='word_1_840' title='bbox 1529 5491 1818 5555; x_wconf 81' lang='lat' dir='ltr'><strong>dignitates</strong></span> <span class='ocrx_word' id='word_1_841' title='bbox 1847 5492 1902 5541; x_wconf 89' lang='lat' dir='ltr'><strong>in</strong></span> <span class='ocrx_word' id='word_1_842' title='bbox 1932 5493 2057 5544; x_wconf 86' lang='lat' dir='ltr'><strong>aula</strong></span> <span class='ocrx_word' id='word_1_843' title='bbox 2083 5507 2095 5544; x_wconf 87' lang='lat'><strong>:</strong></span> <span class='ocrx_word' id='word_1_844' title='bbox 2128 5493 2479 5560; x_wconf 85' lang='lat' dir='ltr'><strong>hortaturque</strong></span> <span class='ocrx_word' id='word_1_845' title='bbox 2510 5500 2570 5546; x_wconf 86' lang='lat' dir='ltr'><strong>ut</strong></span> <span class='ocrx_word' id='word_1_846' title='bbox 2605 5500 2742 5547; x_wconf 86' lang='lat' dir='ltr'><strong>bene</strong></span> <span class='ocrx_word' id='word_1_847' title='bbox 2773 5501 2921 5560; x_wconf 79' lang='lat' dir='ltr'><strong>agat.</strong></span> 
     </span>
    </p>
   </div>
   <div class='ocr_carea' id='block_1_115' title="bbox 403 5574 1967 5648">
    <p class='ocr_par' dir='ltr' id='par_1_115' title="bbox 403 5574 1967 5648">
     <span class='ocr_line' id='line_1_116' title="bbox 403 5574 1967 5648; baseline -0.001 -15"><span class='ocrx_word' id='word_1_848' title='bbox 403 5578 485 5633; x_wconf 92' lang='lat' dir='ltr'><strong>Tu</strong></span> <span class='ocrx_word' id='word_1_849' title='bbox 520 5576 777 5648; x_wconf 90' lang='lat' dir='ltr'><strong>quidem,</strong></span> <span class='ocrx_word' id='word_1_850' title='bbox 811 5585 878 5633; x_wconf 91' lang='lat' dir='ltr'><strong>ut</strong></span> <span class='ocrx_word' id='word_1_851' title='bbox 908 5577 1106 5647; x_wconf 87' lang='lat' dir='ltr'><strong>audio,</strong></span> <span class='ocrx_word' id='word_1_852' title='bbox 1141 5575 1287 5634; x_wconf 89' lang='lat' dir='ltr'><strong>alios</strong></span> <span class='ocrx_word' id='word_1_853' title='bbox 1323 5592 1392 5631; x_wconf 84' lang='lat' dir='ltr'><strong>ex</strong></span> <span class='ocrx_word' id='word_1_854' title='bbox 1418 5575 1545 5632; x_wconf 86' lang='lat' dir='ltr'><strong>aliis</strong></span> <span class='ocrx_word' id='word_1_855' title='bbox 1577 5574 1825 5632; x_wconf 87' lang='lat' dir='ltr'><strong>honores</strong></span> <span class='ocrx_word' id='word_1_856' title='bbox 1864 5590 1967 5631; x_wconf 87' lang='lat' dir='ltr'><strong>ca-</strong></span> 
     </span>
    </p>
   </div>
   <div class='ocr_carea' id='block_1_116' title="bbox 404 5707 876 5778">
    <p class='ocr_par' dir='ltr' id='par_1_116' title="bbox 404 5707 876 5778">
     <span class='ocr_line' id='line_1_117' title="bbox 404 5707 876 5778; baseline 0.006 -16"><span class='ocrx_word' id='word_1_857' title='bbox 404 5709 447 5745; x_wconf 76' lang='lat'>&quot;</span> <span class='ocrx_word' id='word_1_858' title='bbox 481 5707 651 5766; x_wconf 89' lang='lat' dir='ltr'><strong>Eccli.</strong></span> <span class='ocrx_word' id='word_1_859' title='bbox 675 5725 791 5778; x_wconf 82' lang='lat' dir='ltr'><strong>XVI,</strong></span> <span class='ocrx_word' id='word_1_860' title='bbox 825 5709 876 5765; x_wconf 89' lang='lat'><strong>3.</strong></span> 
     </span>
    </p>
   </div>
   <div class='ocr_carea' id='block_1_117' title="bbox 2143 5574 3739 5656">
    <p class='ocr_par' dir='ltr' id='par_1_117' title="bbox 2143 5574 3739 5656">
     <span class='ocr_line' id='line_1_118' title="bbox 2143 5574 3739 5656; baseline 0 -23"><span class='ocrx_word' id='word_1_861' title='bbox 2143 5574 2318 5638; x_wconf 80' lang='grc' dir='ltr'>Αὐτὸς</span> <span class='ocrx_word' id='word_1_862' title='bbox 2353 5577 2470 5651; x_wconf 76' lang='grc' dir='ltr'>μὲν,</span> <span class='ocrx_word' id='word_1_863' title='bbox 2499 5577 2574 5639; x_wconf 83' lang='grc' dir='ltr'>ὡς</span> <span class='ocrx_word' id='word_1_864' title='bbox 2609 5576 2886 5652; x_wconf 81' lang='grc' dir='ltr'>μανθάνω,</span> <span class='ocrx_word' id='word_1_865' title='bbox 2923 5574 3166 5653; x_wconf 82' lang='grc' dir='ltr'>ἀμείϐεις</span> <span class='ocrx_word' id='word_1_866' title='bbox 3209 5577 3382 5654; x_wconf 80' lang='grc' dir='ltr'>ἀρχὰς</span> <span class='ocrx_word' id='word_1_867' title='bbox 3434 5575 3483 5648; x_wconf 83' lang='grc' dir='ltr'><strong>ἐξ</strong></span> <span class='ocrx_word' id='word_1_868' title='bbox 3537 5577 3739 5656; x_wconf 74' lang='grc' dir='ltr'>ἀρχῶν</span> 
     </span>
    </p>
   </div>
  </div>
