4084 6284
285 461 287 470 η
328 376 482 435 1069

1599 373 2144 436 EPISTULAIIUM
2199 375 2341 437 LIB.
2392 376 2438 435 Ι.

3559 378 3713 437 1070

328 491 470 563 παρὰ
514 493 594 561 τῷ
642 490 788 544 κάτω
838 487 1090 562 Καίσαρι,
1136 489 1226 542 καὶ
1275 489 1419 562 παρὰ
1462 490 1798 564 προαίρεσιν,
1830 492 1967 565 ἠγα-

2085 493 2266 560 pessis
2289 493 2441 563 apud
2465 493 2736 545 Caesarem
2768 497 3056 557 nostrum,
3083 491 3257 561 idque
3282 495 3717 561 prmtcrvotum,

326 577 536 652 πημένε
587 599 678 650 μοι
730 579 871 650 ὁμοῦ
919 580 1005 632 καὶ
1056 579 1372 650 τιμιώτατε.
1403 579 1546 654 Ἐγὼ
1588 577 1644 632 δὲ
1691 581 1718 632 ὁ
1773 601 1964 633 ταπει-

327 668 418 729 νὸς
477 669 540 722 οὐ
601 664 974 740 διαλιμπάνω,
1032 671 1111 738 τῷ
1166 665 1277 722 ἄνω
1326 669 1417 722 καὶ
1474 668 1688 722 πάντων
1751 668 1965 742 βασιλεῖ

331 753 490 831 φίλον
523 757 719 811 οἰκεῖόν
754 777 810 811 σε
850 753 918 810 δι’
950 753 1221 818 εὐσεϐείας
1275 758 1560 831 ὑπάρχειν.
1594 757 1743 812 Διότι
1781 762 1966 830 κρεῖσ-

330 865 420 899 σον
471 845 559 899 καὶ
613 845 678 900 τὸ
736 844 1047 901 πολλοστὸν
1078 846 1337 920 τετάχθαι
1383 847 1516 901 κατὰ
1562 847 1624 901 τὸ
1667 845 1960 921 ἀκρότατον

327 931 556 1010 ἔσχατον
589 938 668 1006 τῷ
699 932 956 1009 οὐρανίῳ,
985 933 1020 1004 ἢ
1070 935 1204 989 κατὰ
1251 935 1313 989 τὸ
1356 936 1658 1009 πρώτιστον
1708 939 1788 1006 τῷ
1840 933 1961 990 ἐπι-

325 1025 482 1097 γείῳ.
524 1024 766 1078 Πιστεύω
821 1020 878 1078 δὲ
933 1020 1091 1086 εἰδώς
1151 1045 1246 1078 σου
1293 1023 1356 1079 τὸ
1412 1023 1807 1101 φιλομέριμνον
1860 1032 1962 1094 τῆς

328 1111 616 1185 σωτηρίας,
671 1109 840 1185 μηδὲν
895 1114 1376 1186 παραζημιοῦσθαι
1432 1114 1504 1175 εἰς
1560 1115 1769 1187 ψυχὴν,
1819 1111 1965 1168 ἀλλά

326 1201 415 1255 καὶ
472 1199 914 1275 παρακερδαίνειν
966 1200 1026 1256 ἐκ
1081 1205 1177 1256 τοῦ
1234 1202 1572 1276 ἀξιώματοςο
1618 1199 1785 1257 ὅντων
1837 1204 1962 1277 τρό-

327 1312 440 1345 πων
499 1289 596 1345 οὐκ
654 1289 855 1366 ὀλίγων
917 1291 992 1353 εἰς
1052 1289 1409 1348 λυσιτέλειαν.
1460 1295 1686 1366 Ἦρκεσε
1735 1293 1838 1370 γὰρ
1884 1297 1964 1364 τῷ

327 1385 538 1459 πτωχῷ
584 1379 840 1435 ὑποτελεῖ
888 1379 950 1434 οὐ
1003 1381 1167 1452 μόνον
1218 1381 1396 1456 ἀνοχή
1430 1381 1609 1459 φόρων
1639 1402 1651 1414 ·
1685 1381 1830 1437 ἀλλὰ
1874 1382 1963 1436 καὶ

328 1463 450 1542 ὄψις
506 1470 738 1543 εὐμενὴς
794 1473 891 1524 τοῦ
945 1469 1013 1524 τὰ
1072 1469 1328 1543 βασιλικὰ
1384 1473 1649 1546 χρήματα
1695 1469 1962 1545 α’ίροντος,

328 1558 416 1612 καὶ
475 1560 626 1635 φωνή
687 1557 844 1627 ἠπία,
904 1559 994 1612 καὶ
1071 1559 1306 1635 φθόγγος
1381 1561 1816 1634 χαιρετιστικός·
1876 1559 1966 1614 καὶ

329 1648 480 1703 οὔπω
539 1647 682 1721 λέγω
740 1646 892 1702 λύσιν
949 1646 1244 1721 συνδέσμου
1303 1646 1534 1718 ἀδικίας,
1567 1648 1709 1706 ἄλλα
1756 1671 1814 1704 τε
1869 1650 1966 1704 ὅσα

329 1737 787 1793 ἐπακολουθοῦσιν
838 1738 1082 1815 εὐχερῶς
1114 1743 1285 1792 ποιεῖν
1318 1742 1396 1809 τῷ
1428 1736 1655 1816 ἄρχοντι
1682 1743 1762 1810 τῷ
1791 1740 1969 1814 ἀρχο-

2070 580 2274 635 dilecte
2331 580 2412 635 mi
2467 581 2678 650 pariter
2733 597 2797 634 ac
2857 579 3345 636 reverendissime.
3409 581 3526 652 Ego
3585 599 3715 637 vero

2068 667 2307 723 humilis
2338 673 2538 739 optare
2571 684 2685 722 non
2727 667 2952 735 desino,
2986 677 3038 724 te
3081 667 3336 724 amicum
3369 668 3711 726 familiarem

2068 759 2288 816 caelesti
2318 760 2581 816 omnium
2607 761 2725 832 regi
2759 777 2861 830 per
2912 759 3183 830 pietatem
3236 777 3377 817 esse.
3431 763 3712 827 Quoniam

2068 848 2280 906 melius
2325 854 2416 904 est
2464 849 2770 904 millesimo
2811 853 2867 905 et
2896 848 3156 905 omnium
3216 855 3500 922 postremo
3558 854 3711 924 apud

2069 940 2387 1007 caelestem,
2435 955 2611 1010 quam
2660 939 2925 993 omnium
2975 940 3161 1010 primo
3213 941 3365 1011 apud
3417 949 3711 996 terrenum

2069 1044 2256 1098 regem
2290 1028 2414 1083 loco
2449 1029 2690 1084 censeri.
2734 1028 2893 1083 Bona
2924 1033 3118 1084 autem
3155 1045 3256 1101 spe
3287 1045 3439 1096 sum,
3473 1046 3714 1102 perspe-

2068 1123 2228 1174 ctum
2300 1117 2519 1172 habens
2575 1119 2728 1188 quod
2801 1134 3001 1174 curam
3050 1117 3256 1174 salutis
3305 1134 3491 1189 geras,
3551 1120 3715 1174 nulla

2069 1223 2138 1262 ex
2187 1211 2347 1278 parte
2395 1206 2521 1262 ladi
2574 1209 2830 1263 animam
2880 1213 3066 1270 tuam,
3116 1209 3218 1264 sed
3270 1209 3495 1265 lucrum
3538 1210 3712 1265 etiam

2069 1296 2258 1352 facere
2288 1312 2356 1351 ex
2386 1295 2712 1368 dignitate:
2755 1313 2888 1351 cum
2938 1297 3053 1352 sint
3101 1315 3214 1353 non
3250 1298 3417 1369 pauci
3481 1299 3549 1354 ad
3585 1315 3716 1370 pro-

2069 1386 2382 1440 ﬁciendum
2427 1386 2602 1441 modi.
2647 1385 2874 1442 Sufﬁcit
2914 1387 3068 1442 enim
3105 1387 3338 1457 pauperi
3387 1388 3718 1456 tributario,

2072 1491 2187 1531 non
2249 1473 2436 1529 solum
2494 1474 2838 1530 tributorum
2899 1475 3166 1532 remissio
3220 1492 3233 1529 :
3296 1492 3495 1531 verum
3545 1477 3719 1533 etiam

2071 1562 2361 1633 benignus
2378 1568 2649 1635 aspectus
2666 1563 2824 1619 illius
2847 1565 2946 1636 qui
2974 1564 3253 1634 pecunias
3279 1566 3462 1636 regias
3481 1564 3724 1638 colligit,

2068 1657 2127 1708 et
2149 1668 2256 1708 vox
2279 1652 2427 1708 lenis
2459 1657 2514 1706 et
2544 1652 2764 1708 salvere
2807 1653 3071 1723 jubentis
3103 1669 3287 1710 sonus
3317 1673 3330 1710 :
3363 1670 3430 1711 ac
3460 1656 3722 1711 nondum

2073 1741 2201 1797 dico
2251 1740 2600 1797 solutionem
2648 1742 2862 1798 vinculi
2912 1742 3265 1814 iniquitatis,
3316 1748 3374 1799 et
3411 1743 3526 1799 alia
3556 1761 3720 1815 quae-

331 1828 496 1901 μένῳ.
542 1829 634 1896 Mi]
677 1828 857 1882 τοίνυν
889 1827 970 1903 ἐφ’
996 1828 1067 1881 ὧν
1099 1825 1228 1902 δύνῃ
1280 1828 1337 1882 εὖ
1385 1833 1582 1897 ποιεῖν,
1617 1830 1834 1884 σεαυτὸν
1876 1827 1966 1884 διὰ

2085 1846 2306 1902 :unque
2348 1847 2380 1885 a
2415 1831 2670 1901 principe
2713 1848 2850 1903 erga
2899 1832 3161 1887 subditos
3211 1833 3334 1888 ﬁeri
3383 1832 3588 1888 solent.
3636 1833 3717 1887 Ne

327 1924 425 1986 τῆς
474 1917 548 1979 εἰς
598 1917 812 1991 ἑτέρους
861 1916 1240 1991 χρηστότητος
1287 1916 1584 1990 ἀμεμοίης,
1632 1917 1791 1993 Κύριέ
1826 1938 1963 1992 μου·

327 2005 454 2062 ἀλλ’
484 2008 559 2068 ὼς
593 2006 809 2068 συνετὸς
838 2007 924 2060 καὶ
977 2002 1134 2067 εἰδὼς
1189 2007 1379 2078 μικρὸν
1427 2007 1646 2082 ὕστερον
1698 2007 1968 2080 ἐξελεύσε-

329 2099 448 2151 σθαι
476 2098 625 2168 ἡμᾶς
653 2093 812 2149 τοῦδε
841 2099 938 2149 τοῦ
972 2095 1119 2168 βίου,
1157 2093 1325 2169 μηδὲν
1378 2093 1519 2151 ἄλλο
1559 2098 1900 2172 συναίροντας
1930 2098 1966 2164 ἢ

327 2188 420 2248 τὰς
487 2185 746 2260 πράξειςι
802 2183 1078 2246 τοιαύταις
1151 2184 1239 2239 καὶ
1321 2185 1700 2261 προσκείμεθα,
1760 2186 1852 2248 τὰς
1913 2185 1970 2240 δὲ

329 2277 417 2330 καὶ
449 2273 874 2347 θησαυρίζοιμεν
902 2293 912 2304 ·
959 2270 1214 2342 δηλονότι
1244 2277 1340 2336 τὰς
1373 2272 1586 2351 ἐφόδιον
1639 2277 1775 2348 ἡμῖν
1823 2279 1968 2344 ζωῆς

331 2365 574 2432 αἰωνίου,
623 2366 711 2418 καὶ
782 2362 1134 2426 ἀπολαύσεως
1185 2363 1508 2439 ἀπορρήτων
1568 2366 1779 2441 ἀγαθῶν
1841 2365 1970 2438 μελ-

335 2454 534 2516 λούσας
590 2453 971 2516 ἒσεσθαι.Ναὶ,
1029 2454 1330 2528 παρακαλῶ
1387 2456 1448 2510 τὸ
1508 2454 1641 2529 ἐμὸν
1698 2457 1858 2527 αἷμα,
1906 2457 1968 2510 τὸ

333 2543 461 2617 ἐμὸν
526 2546 769 2618 πόθημα,
820 2545 882 2598 τὸ
941 2545 1146 2618 ἀγαθῆς
1232 2544 1401 2605 ὄντως
1456 2544 1611 2620 ῥίζης
1675 2545 1968 2620 βλάστημα

331 2635 534 2703 Ἀννης
590 2631 817 2702 ἐκείνης,
872 2639 970 2702 τῆς
1022 2633 1146 2707 ἐμοὶ
1200 2629 1495 2707 σεϐασμίας
1543 2636 1632 2688 καί
1689 2633 1970 2708 ἐρασμιω-

330 2724 496 2792 τάτης
527 2722 609 2777 ὅτι
646 2720 905 2796 μάλιστα,
935 2726 1066 2777 πᾶσι
1097 2719 1154 2776 δὲ
1201 2727 1318 2785 τοῖς
1357 2724 1658 2797 γνωρίμοις
1715 2724 1966 2779 ἐπαινου-

333 2814 495 2885 μένης
527 2809 616 2866 διὰ
647 2813 973 2885 σεμνότητα,
1007 2818 1106 2882 τῆς
1135 2811 1272 2885 ἐμῆς
1303 2813 1376 2874 ὡς
1423 2811 1647 2882 ἀληθῶς
1699 2813 1966 2887 μακαρίας

334 2903 545 2975 μητρὸς
578 2901 982 2977 ἀμφοτέρωθεν.

2078 1918 2254 1988 igitur
2282 1920 2339 1973 in
2375 1920 2588 1990 quibus
2612 1924 2771 1990 potes
2793 1921 3146 1987 benefacere,
3173 1922 3446 1992 teipsum,
3471 1921 3717 1976 Domine

2080 2009 2182 2073 mi,
2228 2018 2460 2080 propter
2518 2009 2831 2064 bonitatem
2878 2011 2934 2064 in
2995 2010 3162 2078 alios,
3219 2009 3576 2081 neglexeris;
3618 2011 3714 2064 sed

2077 2102 2355 2169 tanquam
2398 2099 2652 2169 prudens
2683 2104 2741 2153 et
2772 2100 2961 2154 sciens
2993 2116 3100 2155 nos
3129 2115 3196 2154 ex
3241 2099 3351 2155 hac
3379 2101 3497 2154 vita
3547 2098 3718 2170 paulo

2081 2204 2214 2242 mox
2244 2203 2601 2254 excessurus,
2647 2188 2790 2243 nihil
2839 2188 2995 2244 aliud
3049 2189 3377 2244 auferentes
3415 2190 3718 2244 nobiscum

2080 2281 2289 2347 praeter
2329 2278 2618 2333 actiones:
2646 2277 2705 2332 in
2753 2277 2858 2333 has
2889 2279 3129 2349 proinde
3159 2279 3590 2346 incumbamus,
3618 2278 3722 2332 has

2080 2371 2138 2421 et
2165 2366 2622 2422 thesaurizemus
2650 2383 2662 2420 :
2696 2367 2908 2438 quippe
2941 2384 3069 2438 quae
3099 2367 3375 2423 viaticum
3407 2367 3574 2422 nobis
3596 2366 3722 2422 vitae

2082 2461 2312 2510 aaternaa
2338 2460 2393 2509 et
2409 2456 3723 2512 fruitionisbonoruminenarrabiliumfuturae

2082 2551 2238 2601 sunt.
2264 2546 2380 2613 Nae,
2407 2548 2644 2602 obsecro
2669 2549 2726 2601 te
2750 2548 3097 2618 sanguinem
3125 2563 3345 2614 meum,
3369 2545 3723 2601 desiderium

2081 2652 2294 2703 meum,
2331 2635 2493 2690 bonae
2524 2635 2759 2690 omnino
2793 2635 3000 2690 radicis
3043 2652 3275 2706 germen
3317 2641 3496 2690 Annae
3540 2634 3721 2697 illius,

2079 2741 2210 2796 qum
2239 2729 2296 2779 et
2327 2724 2466 2778 mihi
2489 2725 2814 2779 veneranda
2835 2733 2887 2779 et
2909 2727 3239 2780 adamanda
3260 2742 3439 2797 supra
3460 2725 3692 2779 modum
3709 2764 3722 2790 ,

2078 2814 2350 2870 omnibus
2407 2830 2540 2869 vero
2598 2813 2695 2884 qui
2751 2830 2879 2869 eam
2938 2823 3146 2870 norunt
3204 2814 3440 2870 laudata
3487 2818 3724 2884 propter

2078 2903 2440 2959 honestatem
2466 2921 2483 2973 ;
2515 2918 2654 2958 meae
2687 2918 2884 2958 revera
2915 2902 3096 2959 beatas
3118 2903 3321 2958 matris
3351 2905 3644 2974 utrinque.

336 3014 458 3068 Tres
487 3012 730 3083 epistola?
759 3017 1040 3083 sequentes
1071 3012 1260 3068 desunt
1289 3012 1351 3067 in
1383 3011 1539 3068 libris
1567 3029 1697 3067 mss.
1730 3013 1926 3083 quibus
1957 3011 2044 3067 usi
2091 3027 2315 3066 sumus:
2353 3013 2576 3065 tantum
2621 3009 3001 3081 inscriptiones
3037 3015 3303 3067 notantur
3347 3011 3454 3068 ista
3503 3011 3619 3065 loco
3677 3013 3732 3063 ct

1395 3085 1589 3140 ordine
1617 3086 1678 3138 in
1706 3100 1806 3139 ms.
1840 3084 2060 3154 collegii
2087 3086 2262 3138 nostri
2293 3083 2658 3138 Parisiensis.

687 3174 816 3230 ΜΕ.
850 3204 918 3217 --
947 3173 1341 3245 Νάυκρατίῳ
1381 3173 1606 3244 τέκνῳ.

689 3263 845 3336 Μς’.
887 3296 956 3305 -—
1005 3268 1201 3336 νΔννῃ
1244 3263 1618 3337 ἡγουμένῃ.

690 3354 815 3410 MZ'.
844 3383 912 3398 —
954 3350 1347 3427 Ναυκρατίῳ
1385 3350 1618 3425 τέκνῳ.

597 3538 733 3591 MH'.
767 3567 831 3577 —
866 3531 1235 3605 Ἀθανασίῳ
1271 3533 1497 3605 τέκνῳ.
1529 3531 1706 3606 [σιβ’.]

2003 3179 2053 3242 C

2507 3173 2670 3228 XLV.
2693 3205 2762 3214 —
2787 3173 3083 3230 Naucratio
3124 3173 3261 3244 ﬁlio.

2465 3263 2659 3318 XLVI.
2693 3294 2762 3304 —
2802 3264 2970 3319 Anne
3013 3265 3341 3335 prxposilz.

2500 3351 2716 3407 XLVII.
2753 3384 2819 3394 —-
2849 3353 3145 3408 Naucratio
3174 3352 3309 3423 ﬁlio.

2495 3531 2736 3589 XLVIII.
2767 3562 2835 3572 —
2864 3533 3158 3590 Athanasio
3189 3535 3323 3605 ﬁlio.

328 3634 684 3692 Sententiam
700 3633 1377 3704 Maechianorum,htereei
1388 3649 1442 3688 m
1457 3648 1585 3688 esse
1597 3630 1842 3688 ostendit
1857 3634 1909 3685 et
1928 3630 2380 3686 orthodoxorum
2397 3633 2713 3686 certamina
2726 3632 3016 3688 describiti
3031 3632 3520 3703 (Baron.ann.809,
3538 3651 3595 3690 η.
3610 3633 3725 3704 30.)

409 3722 698 3796 Ἐνέτυχόν
756 3743 856 3776 σου
904 3726 1025 3784 τοῖς
1079 3718 1643 3797 γράμμασιν,ἀδελφὲ
1697 3719 1984 3792 ἠγαπημέ-

328 3835 405 3884 νε,
475 3811 884 3888 μακροθύμως·
936 3810 1027 3865 καὶ
1103 3809 1316 3881 ἐξέστην
1395 3810 1482 3864 ἐπὶ
1535 3811 1604 3882 τῇ
1661 3807 1832 3883 ἀθρόᾳ
1887 3827 1983 3860 σου

339 3899 624 3978 μεταϐολῇ
687 3902 830 3959 λίαν.
893 3903 1119 3978 Ἀφήσω
1174 3902 1237 3955 τὸ
1283 3899 1572 3973 πρότερον·
1635 3897 1717 3953 ὅτι
1766 3900 1980 3967 συνοψιο

337 3993 482 4054 σθείς
534 4014 626 4066 μοι
674 3993 1052 4069 ὡμοφώνησας
1107 3988 1307 4064 α’ίρεσιν
1359 3989 1493 4043 εἶναι
1532 3989 1628 4056 τὴν
1663 3995 1980 4061 Μοιχειανι-

337 4084 439 4150 κήν
472 4079 822 4154 ψευδοδοξίαν
846 4099 859 4111 ·
895 4080 1114 4154 ἄγνοιαν
1153 4073 1615 4152 προϐαλλόμενος
1643 4076 1731 4130 καὶ
1761 4077 1860 4144 τήν
1893 4076 1983 4129 ἀπ’

340 4172 527 4228 ἄλλων
561 4171 851 4246 συντυχίαν
879 4191 892 4204 °
926 4168 1054 4225 ἀλλ’
1084 4169 1166 4223 ὅτι
1205 4189 1264 4244 γε
1309 4168 1400 4223 καὶ
1457 4167 1586 4240 μετὰ
1635 4171 1802 4221 ταῦτα
1857 4165 1983 4219 ἀνα-

336 4265 500 4337 γνοὺς
549 4266 649 4334 τὴν
703 4260 1062 4336 Πεντάλογον,
1093 4259 1370 4336 ἀπέφηνας
1411 4258 1577 4326 αὐτὴν
1636 4257 1982 4332 πεντάφωτον

337 4353 495 4411 εἶναι.
536 4357 645 4409 Νῦν
695 4349 770 4420 δὲ,
806 4352 880 4414 ὡς
934 4346 1126 4417 ἔοικεν,
1171 4348 1463 4409 ἀντιθέτως
1513 4344 1678 4416 αὐτὴν
1739 4345 1988 4419 ὒπολαμ-

338 4437 556 4504 ϐἀνεις·
591 4442 728 4512 ὅλην
777 4461 872 4494 σου
921 4441 1020 4509 τήν
1072 4439 1298 4513 ὁμιλίαν
1349 4435 1542 4512 ὁμοίαν
1591 4456 1674 4490 σοι
1720 4442 1821 4505 τῆς
1858 4436 1984 4511 πρὶν

335 4532 586 4608 ἀγνοίας,
631 4529 841 4605 μᾶλλον
894 4527 949 4584 δὲ
994 4527 1084 4583 καὶ
1151 4526 1317 4582 πλέον
1384 4526 1828 4602 ἀπεχθανομένην
1870 4530 1985 4586 τοῖς

334 4618 441 4675 ὑπὸ
501 4627 601 4690 τῆς
649 4618 1026 4679 ταπεινώσεως
1082 4637 1188 4690 μου
1236 4615 1442 4692 ῥηθεῖσι
1494 4613 1742 4675 πνεύσας.
1793 4615 1898 4669 Καὶ
1939 4612 1988 4668 εἷ’

336 4709 436 4782 μὲν
467 4706 602 4781 έμοῦ
648 4707 828 4782 λόγια,
863 4704 1048 4776 ἐπειδὴ
1105 4706 1403 4774 σκοτεινὸς,
1439 4702 1590 4758 οὐδὲν
1652 4702 1982 4775 θαυμαστύν.

331 4795 561 4866 Ἐπειδή
623 4795 679 4851 δὲ
738 4796 826 4851 διὰ
881 4802 1066 4874 φωνῆς
1126 4794 1343 4869 Κυρίου,
1394 4793 1713 4848 ἀποστόλων
1781 4814 1840 4848 τε
1895 4793 1982 4846 καὶ

332 4890 664 4960 προφητῶν,
695 4887 828 4960 πρὸς
885 4887 1099 4946 τούτοις
1158 4882 1214 4938 δὲ
1261 4883 1351 4938 καὶ
1402 4883 1684 4962 θεοφόροις
1717 4883 1984 4956 ΙΙατράσιν

335 4973 794 5045 ἐναποδέδεικται,
849 4977 929 5030 ὅτι
991 4973 1196 5050 α’ίρεσις
1256 4973 1667 5052 χαλεπωτάτη·
1738 4971 1984 5046 βλεπέτω

336 5085 434 5119 σου
530 5064 752 5131 σύνεσις,
790 5065 873 5118 καὶ
909 5063 954 5118 εί
984 5066 1228 5118 τινοσοῦν
1260 5059 1434 5116 ἄλλου
1466 5060 1982 5134 ὁμογνιυμονοῦντός

336 5173 446 5224 σοι,
495 5156 600 5206 ποῦ
658 5152 1013 5228 προσκρούειν
1077 5151 1325 5224 μέλλετε.
1360 5150 1428 5204 Αἱ
1486 5149 1587 5225 γὰρ
1646 5150 1770 5223 παρ’
1834 5149 1984 5220 ὑμῶν

334 5243 624 5316 προτάσεις
682 5241 805 5316 πέρί
851 5246 949 5297 τοῦ
1001 5243 1077 5316 μή
1124 5243 1256 5296 εἶναι
1304 5236 1530 5313 α’ίρεσιν,
1565 5237 1852 5312 σύγγνωτε,
1888 5237 1986 5292 οὐκ

334 5331 397 5387 ἐκ
442 5339 626 5408 φωνῆς
669 5333 888 5406 Κυρίου,
927 5330 1054 5386 οὐδὲ
1093 5329 1152 5385 ἐκ
1182 5329 1449 5402 στόματος
1482 5327 1638 5401 ἀγίου
1665 5347 1678 5360 ο
1710 5347 1983 5404 προφητι-

333 5425 448 5483 κῶς
499 5419 555 5477 δὲ
599 5421 788 5490 εἰπεῖν,
821 5420 881 5476 ἐκ
927 5427 1027 5494 γῆς
1074 5417 1396 5494 φωνούντων
1448 5416 1538 5471 καὶ
1579 5414 1637 5468 ἐκ
1664 5415 1848 5488 νόμων
1889 5415 1983 5472 ἂλ-

336 5509 607 5582 λοκότων,
655 5509 903 5579 πληθύος
952 5531 1011 5565 τε
1064 5516 1165 5579 τῆς
1218 5503 1375 5587 φόϐῳ
1441 5505 1767 5580 ἀνθρωπίνῳ
1814 5507 1986 5560 πάντα

410 5691 455 5727 ⁴⁹
487 5691 595 5748 Isa.
628 5707 782 5758 xxxx,
816 5690 848 5744 4

2164 3719 2374 3790 Magna
2423 3734 2556 3775 cum
2612 3720 2888 3791 patientia
2932 3720 3043 3792 legi
3085 3719 3303 3776 litteras
3352 3730 3503 3790 tuas,
3555 3722 3728 3778 frater

2095 3806 2440 3863 charissime
2491 3824 2503 3861 :
2556 3813 2614 3863 et
2677 3809 2844 3863 valde
2901 3808 3176 3880 obstupui
3235 3810 3305 3864 ad
3365 3811 3724 3880 repentinam

2093 3896 2477 3952 mutationem
2531 3901 2711 3952 tuam.
2765 3897 2927 3952 Mitto
2974 3899 3162 3966 priora
3211 3898 3327 3965 illa,
3379 3899 3534 3969 quod
3592 3915 3722 3954 cum

2093 4001 2284 4040 coram
2333 4001 2561 4040 mecum
2608 4002 2787 4055 esses,
2830 3985 3093 4041 haeresim
3146 4002 3274 4041 esse
3320 3987 3625 4041 confessus
3667 4003 3727 4040 es

2093 4073 2529 4130 Moechianicam
2582 4075 2786 4130 falsam
2827 4074 3199 4147 opinionem;
3251 4074 3537 4131 inscitiam
3591 4093 3725 4145 prae-

2093 4161 2293 4218 dicans
2319 4167 2376 4218 et
2420 4164 2664 4219 aliorum
2707 4163 2805 4235 qui
2847 4166 3272 4218 convenerant:
3314 4167 3514 4234 postea
3553 4164 3727 4219 etiam

2093 4269 2224 4310 cum
2259 4254 2635 4326 Pentalogum
2655 4254 2918 4326 legisses,
2941 4254 3357 4327 quintuplicem
3382 4271 3516 4310 eum
3542 4255 3728 4310 lucem

2093 4359 2216 4399 esse
2236 4345 2643 4413 pronuntiasti.
2670 4343 2834 4399 Nunc
2856 4360 3009 4411 vero,
3036 4349 3100 4399 ut
3123 4349 3382 4416 apparet,
3401 4345 3474 4399 im
3487 4360 3732 4416 pugnan-

2096 4440 2236 4494 dum
2295 4439 2398 4495 tibi
2456 4439 2623 4496 illum
2684 4441 2911 4497 sumis:
2963 4445 3136 4497 totam
3188 4443 3505 4498 orationem
3547 4446 3732 4509 tuam,

2099 4529 2354 4599 pristinas
2386 4529 2544 4584 illius
2584 4531 2927 4602 ignorantiae
2978 4539 3084 4585 tua:
3118 4529 3388 4598 similem,
3441 4547 3507 4585 ac
3550 4529 3733 4586 multo

2098 4618 2270 4675 etiam
2339 4619 2524 4691 magis
2596 4620 2864 4674 infestam
2925 4619 3273 4675 humilitatis
3341 4636 3481 4676 meae
3538 4620 3731 4689 dictis,

2097 4707 2385 4764 etfutiens.
2438 4713 2504 4762 Et
2551 4709 2782 4780 quidem
2833 4709 2882 4763 si
2941 4709 3114 4764 verba
3156 4725 3283 4764 mea
3333 4712 3556 4776 essent;
3598 4708 3735 4780 quia

2095 4797 2384 4852 obscurus
2436 4814 2590 4866 sum,
2642 4798 2791 4853 nihil
2833 4799 3046 4853 mirum
3097 4804 3266 4854 esset.
3314 4797 3452 4853 Cum
3493 4813 3625 4853 vero
3665 4815 3732 4852 ex

2097 4886 2326 4941 Domini
2361 4903 2518 4953 voce,
2564 4888 3075 4959 apostolorumque
3121 4892 3176 4943 et
3216 4888 3650 4959 prophetarum,
3700 4904 3734 4943 a

2098 4975 2364 5031 Patribus
2395 4977 2568 5030 etiam
2602 4975 2718 5031 Deo
2751 4975 2937 5048 plenis
2983 4976 3446 5031 demonstratum
3481 4976 3574 5036 sit,
3615 4975 3733 5029 hae-

2097 5066 2269 5120 resim
2301 5082 2428 5120 esse
2473 5065 2915 5134 gravissimam;
2961 5066 3147 5120 videat
3189 5067 3486 5135 prudentia
3526 5071 3647 5132 tua,
3678 5071 3735 5120 et

2096 5155 2362 5225 quisquis
2393 5155 2543 5209 alius
2574 5160 2664 5210 est
2695 5155 2791 5226 qui
2826 5164 3011 5210 tecum
3037 5155 3270 5220 sentiat,
3303 5171 3417 5226 quo
3437 5154 3734 5224 redigendi

2094 5242 2243 5298 sitis.
2272 5245 2634 5315 Argumenta
2668 5244 2826 5299 enim
2869 5243 2992 5310 illa,
3042 5244 3257 5315 quibus
3306 5243 3570 5298 haeresim
3623 5259 3736 5298 non

2094 5346 2221 5386 esse
2252 5332 2621 5401 contenditis,
2671 5332 2976 5404 ignoscite,
3023 5350 3135 5388 non
3169 5349 3236 5387 ex
3267 5331 3488 5386 Domini
3525 5331 3740 5393 verbis,

2092 5434 2276 5491 neque
2304 5436 2373 5476 ex
2401 5437 2498 5477 ore
2529 5425 2733 5476 sancto
2771 5423 3118 5492 deprompta
3149 5423 3326 5486 sunt;
3357 5421 3478 5487 sed,
3515 5425 3576 5475 ut
3605 5435 3738 5474 cum

2103 5509 2388 5582 propheta
2429 5508 2646 5582 loquar
2687 5509 2758 5579 ‘8,
2808 5526 2877 5567 ex
2909 5514 3062 5566 terra
3113 5508 3511 5578 clamantium,
3569 5513 3626 5563 et
3675 5524 3743 5562 ex
