4084 6284
36 3929 44 3958 ι

37 4227 44 4250 ι

459 385 607 444 1071
1693 389 1756 446 S.
1806 387 2205 449 TllEODORI
2250 381 2616 446 STUDITIE
3678 381 3812 442 1072

453 520 680 592 legibus
695 520 922 586 alienis,
941 517 1909 589 multitudinequeomniahumano
1933 525 2079 576 metu

2207 515 2385 592 λέγειν
2433 514 2884 589 ἐπιτρεπομένης.
2926 514 3101 582 Φαίης
3149 510 3251 584 γάρ
3295 508 3400 577 ὅτι,
3452 509 3636 570 πάντες
3676 511 3806 588 φίλοι

454 605 606 675 loqui
635 605 936 674 permissa.
989 603 1084 657 Ais
1115 603 1268 658 enim
1312 605 1532 660 amicos
1577 623 1779 661 omnes
1824 622 1890 661 ac
1937 607 2083 677 pios,

455 695 946 765 doctosquejuxta
977 698 1033 748 et
1064 693 1349 762 indoctos,
1385 693 1640 765 percelli,
1664 712 1796 750 cum
1823 695 2086 750 haeresim

452 783 702 838 audiunt
748 797 907 837 esse:
959 781 1078 836 haec
1116 786 1318 837 contra
1355 788 1742 852 Opponentes:
1789 787 1930 839 Cum
1980 785 2088 838 ad-

452 875 707 926 versetur
749 886 936 938 nemo,
996 871 1270 926 doceatve
1321 872 1616 939 moechari,
1659 879 1714 928 et
1773 873 2088 943 sacrilegos

453 960 778 1027 absolvere;
811 961 1100 1030 quomodo
1131 961 1430 1017 hereticos
1461 961 1591 1017 illos
1623 962 2041 1033 appellabimus
2061 962 2088 1016 ?

451 1051 935 1120 Transgressores
965 1052 1117 1106 enim
1152 1052 1561 1106 mandatorum
1599 1051 1830 1106 Domini
1861 1054 1918 1106 et
1951 1068 2087 1106 con-

454 1138 772 1194 culcatores
785 1155 1074 1194 canonum
1089 1139 1412 1195 divinorum
1426 1185 1439 1205 ,
1454 1141 1830 1211 etsacrilegos
1852 1157 2084 1212 aequum

454 1235 539 1283 est
561 1226 850 1297 appellare
878 1242 976 1281 eos
1007 1227 1245 1292 scilicet,
1273 1244 1385 1281 non
1419 1232 1612 1282 autem
1638 1227 1952 1282 haereticos.
1979 1227 2084 1292 Qui

454 1332 589 1387 ergo
615 1316 911 1386 possimus
942 1332 1055 1370 non
1094 1316 1524 1384 obstupescere,
1554 1317 1804 1386 primum
1831 1317 2084 1387 diligen-

452 1405 594 1459 tiam
624 1413 897 1472 vestram,
929 1421 1058 1475 quae
1088 1406 1289 1460 eadem
1323 1411 1495 1475 atque
1517 1404 1601 1459 illi
1629 1405 1940 1460 identidem
1965 1421 2086 1476 pro-

451 1493 607 1548 ducit
628 1495 688 1548 in
723 1494 998 1559 medium,
1031 1501 1084 1549 et
1113 1511 1246 1549 vera
1269 1494 1404 1548 inde
1436 1511 1714 1565 responsa
1745 1495 1938 1560 refert,
1958 1511 2084 1564 quae

450 1583 642 1654 pueris
665 1582 807 1654 ipsis
837 1584 1183 1653 persuadere
1213 1583 1484 1654 possint?
1514 1583 1732 1638 Deinde
1755 1600 1957 1639 rursus
1992 1601 2085 1640 ea-

447 1675 597 1742 dem,
631 1671 784 1728 velut
821 1672 1000 1728 oblita
1039 1689 1164 1744 quae
1199 1673 1360 1743 prius
1410 1673 1648 1740 audivit,
1699 1675 1912 1744 profert
1951 1690 2084 1729 cum

444 1763 661 1818 acriore
689 1762 1079 1818 controversia
1115 1766 1171 1817 et
1210 1761 1654 1832 reprehensione
1695 1771 1912 1832 nostra,
1955 1771 2086 1819 tan-

2197 604 2287 660 καὶ
2346 600 2918 678 εὐσεϐεῖς,γνωστικοί
2973 622 3033 655 τε
3083 602 3172 654 καὶ
3230 596 3462 666 ἰδιῶται,
3505 598 3807 670 ἐκμείνονται

2197 692 2481 753 ἀκούοντες
2531 691 2616 746 ὅτι
2681 689 2886 765 αἵρεσις
2918 709 2930 722 ·
2991 689 3322 763 παράστασιν
3376 691 3544 741 ταῦτα
3597 681 3813 758 προϐαλ-

2199 782 2448 855 λόμενοι,
2499 779 2583 834 ὅτι
2636 776 2863 853 μηδενὸς
2909 776 3294 850 ἂνθισταμένου
3349 776 3439 829 καὶ
3498 772 3813 837 διδάσκοντος

2196 873 2290 924 τοῦ
2324 868 2603 947 μοιχεύειν
2648 868 2737 922 καὶ
2788 867 2935 922 λύειν
2980 867 3109 927 τοὺς
3157 865 3421 939 ἀνιέρους.
3452 867 3572 924 Πῶς
3617 861 3816 918 καλέσο-

2201 981 2295 1031 μεν
2353 960 2548 1020 αὐτοὺς
2607 959 2954 1033 αἱρετικούς;
3013 952 3334 1032 Παραϐάτας
3394 955 3495 1029 γὰρ
3548 959 3651 1009 τῶν
3697 955 3819 1009 ἐντο-

2198 1048 2308 1103 λῶν
2355 1053 2450 1102 τοῦ
2501 1049 2721 1122 Κυρίου,
2762 1047 2852 1102 καὶ
2901 1047 3281 1115 καταπατητάς
3338 1048 3446 1098 τῶν
3498 1044 3648 1097 θείων
3678 1045 3817 1098 κανό-

2195 1159 2316 1207 νων,
2349 1138 2438 1192 καὶ
2470 1137 2735 1211 ἀνιέρους,
2770 1135 2996 1192 δίκαιον.
3033 1139 3157 1198 Πῶς
3187 1132 3277 1188 οὖν
3315 1135 3416 1187 οὐκ
3467 1129 3607 1187 ἔστιν
3637 1130 3819 1186 ἐκπλα-

2195 1230 2357 1302 γῆναι
2415 1228 2630 1300 πρῶτον
2689 1227 2762 1288 εἰς
2829 1227 2926 1295 τήν
2982 1227 3142 1296 ἡμῶν
3219 1221 3536 1296 ἐμμέλειαν,
3585 1221 3647 1275 τὰ
3700 1221 3820 1276 αὖτὰ

2195 1313 2467 1376 πολλάκις
2519 1313 2678 1384 δῆθεν
2725 1313 2937 1369 ἐκείνων
2980 1313 3382 1386 προσάγουσαν,
3431 1312 3520 1366 καὶ
3575 1309 3820 1365 ἀντακού-

2196 1426 2354 1458 ουσαν
2394 1404 2633 1474 τάληθῆ,
2666 1405 2698 1458 ἃ
2746 1405 2834 1459 καὶ
2883 1400 3078 1463 παῖδας
3119 1403 3319 1456 πείθειν
3357 1399 3560 1455 δύναιτ’
3591 1401 3670 1454 ἂν.
3704 1398 3816 1454 Εἶτα

2195 1492 2346 1558 αὖθις
2396 1497 2461 1549 τὰ
2518 1495 2671 1564 αὐτὰ,
2733 1494 2913 1566 ὥσπερ
2971 1491 3375 1563 ἐπἰλαθομένην
3449 1491 3515 1545 τὰ
3578 1489 3816 1563 πρότερον

2195 1583 2538 1653 ἀκουσθέντα,
2590 1584 2887 1658 ἐπάγουσαν
2944 1581 3077 1655 μετὰ
3127 1579 3490 1658 σφοδροτέρας
3542 1585 3642 1648 τῆς
3698 1579 3816 1632 ἀπο-

2198 1673 2314 1746 ρίας
2345 1672 2430 1727 καὶ
2464 1673 2745 1746 καθάψεως
2786 1674 2947 1743 ἡμῶν
2998 1670 3073 1732 ὡς
3116 1668 3332 1745 ἀλόγως
3379 1669 3648 1743 λεγόντων
3683 1665 3820 1742 α’ίρε-

2197 1783 2278 1816 σιν
2304 1782 2317 1794 ·
2354 1761 2495 1816 όῧτω
2554 1765 2615 1835 [Γ.
2650 1763 2835 1834 τοῦτο]
2871 1762 2965 1834 μέν
3022 1781 3107 1815 τοι
3164 1759 3227 1814 τὸ
3278 1759 3401 1832 περῖ
3435 1759 3574 1830 ὑμᾶς
3627 1756 3822 1827 ἐκπλη-

447 1867 620 1922 quam
651 1851 943 1906 immerito
966 1851 1231 1907 haeresim
1263 1866 1391 1907 esse
1423 1851 1806 1907 afﬁrmemus.
1832 1852 1967 1918 Hoc,
2001 1851 2089 1906 in-
2119 1854 2164 1920 Β
2195 1851 2400 1908 κτικόν.

447 1955 646 2010 quam,
679 1944 785 2009 est,
808 1939 866 1994 in
899 1955 1013 2010 quo
1044 1939 1315 1995 demirari
1345 1956 1443 1995 vos
1473 1955 1658 2009 cogor.

520 2031 679 2093 Quod
712 2045 844 2085 vero
862 2030 930 2084 ad
958 2031 1118 2101 ipsos
1137 2029 1504 2084 adversarios
1529 2030 1758 2098 attinet,
1785 2030 1901 2084 haec
1924 2030 2084 2086 dico:

447 2122 706 2183 Quonam
736 2127 921 2189 pacto,
947 2119 1100 2190 quod
1137 2119 1412 2188 synodica
1445 2119 1913 2191 promulgarunt,
1937 2121 2083 2190 quod

449 2210 868 2266 conﬁrmarunt
897 2211 1006 2264 sub
1046 2225 1244 2266 eorum
1280 2211 1641 2266 anathemate
1672 2211 1772 2281 qui
1806 2210 2083 2282 dogmati,

453 2300 555 2353 hoc
584 2303 674 2354 est
722 2299 1139 2368 dispensationi
1181 2298 1432 2368 ipsorum
1483 2316 1545 2354 se
1574 2304 1898 2371 opponunt,
1931 2301 2082 2370 quod

448 2389 768 2443 etiamnum
801 2387 1061 2458 quotidie
1082 2388 1248 2442 factis
1271 2386 1412 2458 ipsis
1436 2389 1663 2456 docent,
1687 2388 1745 2441 id
1771 2390 2084 2460 praedicare

449 2482 505 2533 et
533 2478 737 2533 docere
766 2493 826 2532 se
865 2476 1124 2546 negant?
1162 2479 1342 2542 Quam
1383 2477 1563 2548 igitur
1595 2479 1665 2533 ob
1698 2494 1936 2533 causam
1977 2495 2082 2550 ego

445 2566 685 2621 humilis
725 2564 990 2620 inclusus
1038 2565 1129 2619 hic
1160 2565 1402 2620 teneor?
1450 2567 1564 2620 Cur
1609 2565 1874 2621 inclusus
1917 2566 2085 2622 Pater

447 2672 614 2712 meus
671 2655 950 2710 aerumnis
1008 2654 1248 2709 affectus
1316 2659 1422 2720 est,
1486 2655 1557 2710 ab
1626 2655 1755 2710 aliis
1809 2672 2082 2728 segrega-

446 2755 539 2802 tus
617 2746 896 2813 primum,
965 2745 1171 2800 deinde
1247 2745 1307 2799 in
1366 2761 1499 2800 eum
1561 2745 1824 2800 intrusus
1890 2746 2079 2802 locum

445 2835 543 2890 ubi
599 2851 756 2890 nunc
805 2835 938 2890 est?
985 2835 1100 2890 Cur
1160 2833 1628 2906 archiepiscopus
1682 2836 1941 2905 ipsorum
1981 2837 2077 2906 ju-

445 2925 592 2979 dicio
620 2924 940 2996 depositus,
974 2930 1030 2978 et
1051 2925 1106 2978 in
1130 2940 1226 2979 eas
1259 2926 1561 2995 angustias
1593 2924 1885 2985 redactus,
1915 2929 1977 2979 ut
2007 2926 2078 2980 ci-

442 3013 582 3068 bum
648 3019 804 3070 certa
861 3029 1136 3068 mensura
1195 3021 1442 3082 caperet,
1503 3013 1789 3068 ministris
1830 3013 2076 3086 imperio

439 3102 707 3167 astrictis,
744 3107 868 3157 tum
911 3103 967 3155 in
1020 3102 1230 3171 palatio
1264 3102 1544 3168 inclusus,
1579 3118 1645 3158 ac
1685 3119 1871 3174 nuper
1901 3104 2074 3158 etiam

440 3193 497 3248 in
530 3194 798 3249 exsilium
828 3194 1045 3263 ejeclus
1068 3190 1095 3246 ‘2
1125 3193 1239 3248 Cur
1269 3194 1585 3248 reverentia
1616 3199 1715 3248 tua
1737 3211 1868 3248 cum
1897 3194 2075 3248 fratri-

439 3283 547 3336 bus
579 3282 852 3336 custodiaa
885 3281 1098 3336 tradita
1129 3280 1553 3336 Thessalonicae
1583 3298 1595 3335 :
1629 3286 1686 3336 et
1727 3282 2076 3338 Theosostus

439 3371 777 3441 prmpositus
800 3386 864 3425 ex
889 3371 1091 3425 eadem
1111 3369 1335 3425 civitate
1360 3370 1564 3440 pulsus
1587 3387 1716 3426 cum
1740 3371 2076 3442 discipulis:

439 3465 495 3512 et
525 3460 672 3514 alter
701 3459 917 3513 ibidem
942 3458 1287 3530 prmpositus
1309 3459 1621 3514 immodice
1643 3461 2079 3516 diverberatus?

439 3550 552 3602 Cur
599 3548 952 3602 Naucratius
988 3553 1042 3601 et
1071 3549 1348 3603 Arsenius
1382 3549 1585 3604 fratres
1617 3554 1777 3605 arcta
1815 3551 2080 3605 custodia

437 3637 551 3690 huc
577 3652 758 3706 usque
785 3636 1138 3700 detinentur,
1165 3637 1396 3708 parique
1415 3638 1576 3691 modo
1600 3638 1849 3693 Basilius
1871 3645 1928 3693 et
1946 3639 2076 3695 Gre-

436 3725 630 3793 gorius
652 3724 679 3778 τ
713 3728 823 3780 Cur
852 3725 1182 3794 Stephanus
1214 3725 1309 3778 ille
1328 3726 1556 3781 virtutis
1576 3744 1780 3782 amans
1807 3729 2080 3797 praeposi-

437 3820 532 3867 tus
563 3830 694 3868 cum
727 3813 1030 3882 discipulis
1043 3814 1466 3884 quinquaginta
1483 3832 1588 3870 suo
1602 3825 1836 3872 exactus
1851 3835 2081 3873 monas-

438 3905 618 3958 terio:
652 3921 783 3959 cum
818 3921 931 3958 una
962 3920 1093 3958 cum
1127 3909 1358 3959 centum
1391 3914 1443 3960 et
1492 3907 1710 3973 decem,
1757 3916 1811 3963 et
1859 3925 1990 3964 cum
2013 3927 2078 3964 eo

437 3995 533 4063 qui
559 3995 867 4066 episcopus
890 3998 1024 4048 ante
1045 3995 1772 4066 fuerat,mcschosynodum
1798 4003 2078 4069 tanquam

438 4082 723 4153 Evangelii
748 4083 1141 4138 infractricem
1170 4084 1540 4140 anathemate
1559 4086 1912 4154 damnasset,
1934 4089 2082 4143 sicut

440 4173 630 4227 missae
655 4173 720 4227 ab
742 4189 807 4228 eo
831 4172 1036 4227 litterae
1061 4175 1395 4228 testantur?
1414 4178 1530 4230 Cur
1554 4177 1842 4232 Antonius
1863 4177 2080 4248 religio-

438 4262 711 4317 sissimus
734 4263 1074 4332 praepositus
1104 4262 1161 4316 in
1185 4264 1507 4318 custodiam
1532 4266 1685 4335 apud
1725 4269 2078 4323 Ammorium

440 4351 631 4418 datus,
664 4367 798 4405 cum
831 4352 1032 4406 eodem
1068 4368 1181 4421 quo
1213 4352 1472 4421 superior
1492 4354 1660 4409 modo
1685 4356 2079 4428 moechosyno-

439 4440 578 4494 dum
613 4455 727 4494 una
756 4456 886 4494 cum
913 4441 1186 4495 fratribus
1210 4441 1332 4495 suis
1357 4441 1942 4500 anathematizasset?
1965 4446 2082 4501 Cur

437 4528 783 4583 {Emilianus
815 4529 991 4582 frater
1021 4545 1053 4582 a
1090 4528 1507 4584 Nicomediensi
1540 4530 1599 4584 in
1632 4531 1916 4603 Thyniam
1948 4535 2081 4590 vin-

437 4624 562 4672 ctus
591 4620 802 4672 ductus
833 4623 940 4685 est,
975 4617 1432 4688 verberibusque
1454 4623 1509 4673 et
1529 4597 1798 4676 ludibriis
1821 4623 2076 4692 affectus,
2116 4597 2157 4660 θ

436 4709 662 4778 direpto
696 4707 765 4760 ab
797 4706 866 4761 iis
890 4707 988 4776 qui
1011 4705 1340 4776 irruperant
1359 4709 1731 4774 monasterio,
1757 4712 1992 4780 perinde
2013 4730 2077 4769 ac

435 4797 477 4850 si
514 4796 767 4850 hostium
803 4796 986 4864 spolia
1017 4796 1314 4851 fuissent?
1343 4797 1456 4851 Cur
1488 4799 1546 4851 in
1569 4798 1858 4855 Chersone
1883 4819 2072 4872 perse-

437 4886 725 4939 cutionem
783 4901 984 4954 passus
1024 4885 1135 4940 Leo
1174 4885 1472 4953 piissimus
1517 4888 1854 4958 EpiSCOpus,
1907 4890 2075 4946 Vale-

437 4972 595 5027 lades
619 4978 1022 5044 cognomento,
1046 4979 1101 5029 et
1123 4976 1409 5030 Antonius
1433 4979 1785 5032 reverendus
1807 4980 2075 5050 praeposi-

438 5069 532 5117 tus
555 5077 685 5116 cum
711 5061 842 5115 aliis
866 5063 1092 5118 duobus
1115 5063 1375 5118 custodia
1398 5069 1598 5135 septus
1619 5065 1646 5119 (Ξ
1667 5067 1778 5120 Cur
1795 5067 1851 5120 in
1871 5067 2074 5138 Lipara

437 5153 628 5208 insula
659 5150 811 5206 ultra
840 5151 1097 5206 Siciliam
1132 5154 1318 5224 posita
1349 5155 1555 5209 fratres
1589 5157 1768 5211 nostri
1803 5157 1860 5211 in
1886 5163 2073 5214 custo—

436 5244 530 5298 dia
555 5240 817 5297 detenti?
846 5240 960 5295 Cur
991 5242 1225 5298 Letoius
1257 5244 1312 5299 in
1347 5245 1638 5299 Chersone
1673 5250 1948 5314 retentus,
1984 5249 2072 5303 in-

435 5332 617 5401 deque
658 5329 769 5385 sub
813 5328 1076 5384 custodia
1134 5332 1203 5384 ad
1236 5331 1648 5401 imperatorem
1686 5333 1919 5403 missus,
1945 5341 2071 5392 tum

432 5419 686 5492 Byzantii
718 5420 773 5473 in
796 5434 1083 5474 carcerem
1108 5420 1425 5489 conjectus,
1446 5428 1501 5476 et
1524 5422 1618 5476 alii
1643 5425 1854 5494 pariter
1877 5425 1932 5479 in
1955 5443 2072 5482 mo-

432 5510 698 5565 nasteriis
735 5509 994 5564 detenti?
1041 5508 1235 5562 Dicam
1290 5525 1490 5565 rursus
1544 5511 1612 5567 de
1659 5514 1825 5569 nobis
1860 5515 2068 5571 tribus.

433 5601 546 5655 Cur
574 5598 641 5651 ad
673 5599 879 5667 Agathi
908 5597 954 5631 ⁴⁹
983 5596 1151 5653 nobis
1182 5597 1282 5652 illa
1312 5612 1412 5669 per
1442 5599 1780 5668 Spatharios
1806 5604 1877 5659 ab
1899 5605 2071 5677 impe-

2268 2030 2397 2104 Περὶ
2453 2026 2509 2084 δὲ
2556 2032 2662 2083 τῶν
2700 2027 2969 2098 ἐναντίων,
2993 2027 3166 2083 ἐκεῖνα
3211 2026 3326 2100 εἶ’μῖ
3379 2026 3556 2104 λέγων
3583 2045 3597 2060 ·
3635 2028 3820 2095 Πῶς,ὅ

2193 2118 2450 2193 ἐκήρυξαν
2500 2115 2816 2187 συνοδικῶς,
2863 2117 2953 2172 καὶ
3018 2113 3347 2171 ἐϐεϐαίωσαν
3409 2117 3500 2170 ὑπ’
3549 2117 3824 2189 ἀναθεματι

2193 2212 2300 2260 τῶν
2356 2206 2783 2262 ἀντιπιπτόντων
2830 2205 2909 2278 τῷ
2966 2203 3219 2279 δόγματι,
3252 2205 3377 2273 ἤτοι
3433 2209 3501 2277 τῇ
3553 2203 3826 2276 οἰκονομίᾳ

2193 2296 2370 2362 αὐτῶν
2396 2315 2410 2328 θ
2443 2296 2528 2349 καὶ
2560 2291 2634 2350 ἔτι
2667 2295 2998 2364 καθεκάστην
3049 2294 3375 2367 ἐμπράκτως
3428 2290 3787 2348 διδασκόντων
3812 2312 3824 2324 ο

2193 2387 2269 2458 μὴ
2319 2386 2624 2460 κηρύσσειν,
2664 2381 2802 2457 μηδὲ
2859 2382 3125 2438 διδάσκειν
3187 2384 3461 2457 λέγουσιν,
3500 2383 3635 2456 ὑπὲρ
3697 2383 3828 2443 τίνος

2190 2475 2299 2550 ἐγὼ
2338 2476 2365 2528 6
2400 2475 2650 2538 ταπεινὸς
2694 2474 2916 2528 ἐνταῦθα
2970 2473 3369 2540 ἀπόκλειστος;
3411 2473 3572 2546 Ὑπὲρ
3622 2472 3760 2534 τίνος
3805 2475 3829 2526 6

2190 2566 2375 2638 Πατήρ
2430 2585 2533 2634 μου
2585 2564 2612 2618 6
2668 2557 2976 2636 ἕγκλείστος
3040 2561 3537 2635 τεταλαιπώρηται,
3594 2583 3832 2634 μεμονω-

2192 2652 2346 2726 μένος
2376 2654 2438 2706 τὸ
2473 2652 2596 2725 πρίν
2623 2671 2635 2684 °
2670 2651 2853 2706 ἔπειτα
2903 2650 3344 2726 παρερῥιμμὲνος
3395 2648 3447 2704 ἓν
3489 2651 3534 2722 ᾧ
3586 2651 3830 2724 περιώρι-

2190 2763 2307 2796 σται
2364 2742 2555 2814 τόπῳ;
2611 2741 2744 2815 ὑπὲρ
2818 2741 2966 2802 τίνος
3017 2741 3043 2793 ὁ
3092 2739 3526 2814 ἀρχιεπίσκοπος
3589 2741 3664 2800 ὡς
3719 2740 3829 2794 κατ’

2189 2829 2384 2893 αὐτοὺς
2414 2833 2796 2904 καθῃρημένος
2831 2831 2920 2884 καὶ
2969 2828 3021 2883 ἐν
3071 2827 3260 2902 πολλῇ
3312 2829 3652 2903 στενοχωρίᾳ
3700 2849 3829 2902 παρ-

2187 2919 2416 2994 αγγελίᾳ
2480 2940 2538 2973 τε
2597 2921 2684 2974 καὶ
2739 2917 3040 2996 ἀσφαλείᾳ·
3104 2919 3178 2979 ὡς
3236 2918 3325 2972 καὶ
3379 2919 3593 2997 τρυφὴν
3658 2918 3829 2990 μέτρῳ

2189 3004 2484 3082 λαμϐάνειν
2539 3008 2719 3064 αὐτόν.
2762 3005 3308 3082 Παρακελεὺσθέντων
3387 3012 3495 3062 τῶν
3565 3003 3831 3084 τροφοδο-

2185 3101 2334 3153 τῶν
2386 3099 2497 3152 εἶτα
2542 3097 2595 3151 ἐν
2634 3098 2713 3169 τῷ
2761 3095 3011 3169 παλατίῳ
3069 3095 3545 3172 μετεγκλεισθείςο
3600 3095 3722 3170 ἄρτι
3777 3116 3833 3150 τε

2188 3187 2238 3242 ἐν
2295 3187 2437 3260 ξενίᾳ
2491 3185 2888 3264 παραρῥιφείςς
2939 3188 3069 3260 ὑπὲρ
3133 3186 3277 3249 τίνος
3329 3188 3363 3256 ἡ
3423 3186 3685 3260 τιμιότης
3744 3206 3832 3238 συυ

2190 3277 2282 3331 σὺν
2338 3282 2455 3339 τοῖς
2523 3275 2783 3355 ἀδελφοῖς
2859 3275 2910 3330 ἐν
2979 3275 3343 3350 Θεσσαλονίκῃ
3407 3276 3833 3352 φρουρουμένη’

2190 3368 2497 3430 Θεόσωστός
2543 3390 2600 3423 τε
2640 3370 2667 3422 6
2717 3368 3025 3445 ἡγούμενος
3085 3365 3419 3440 διωκόμενος
3442 3368 3533 3422 σὺν
3567 3373 3687 3431 τοῖς
3717 3387 3833 3445 φοι-

2188 3464 2379 3528 τηταῖς
2430 3458 2489 3512 ἐκ
2528 3465 2627 3527 τῆς
2677 3457 2844 3527 αὐτῆς
2892 3457 3109 3519 πόλεως
3139 3477 3152 3491 '
3199 3454 3377 3531 ἕτερός
3426 3479 3484 3512 τε
3530 3457 3836 3532 ἡγούμενος

2188 3547 2438 3620 ἀμέτρως
2490 3547 2853 3622 μαστιγωθεὶς
2901 3551 3010 3603 τῶν
3059 3547 3268 3615 ἐκεῖσε;
3322 3547 3452 3621 ὑπὲρ
3500 3547 3654 3608 τίνος
3699 3553 3833 3602 Ναυ-

2185 3637 2406 3710 κράτιός
2480 3658 2536 3691 τε
2609 3639 2698 3691 καὶ
2756 3637 3031 3711 Ἀρσένιος
3088 3637 3139 3690 οἱ
3196 3633 3445 3714 ἀδελφοὶ,
3503 3634 3612 3700 ἕως
3683 3633 3835 3708 δεῦρο

2189 3725 2444 3802 ἀσφαλῶς
2493 3727 3051 3801 καταφρουροόμενοι,
3092 3725 3376 3785 Βασίλειός
3429 3747 3486 3780 τε
3543 3729 3638 3780 καί
3695 3731 3836 3800 Γρη-

2187 3816 2371 3890 γὸριος
2431 3816 2733 3885 ὡσαύτωςς
2795 3816 2926 3889 ὑπὲρ
2974 3816 3116 3877 τίνος
3177 3816 3438 3892 Στέφανος
3499 3816 3525 3869 ὁ
3590 3815 3832 3888 ἐνάρετος

2188 3905 2519 3978 ἡγούμενος,
2595 3911 2685 3958 συν
2754 3908 3087 3974 πεντήκοντα
3172 3907 3438 3977 μαθηταῖς
3504 3904 3834 3976 μεταναστὰς

2189 3994 2248 4049 ἐκ
2292 3998 2389 4048 τοῦ
2434 3994 2636 4048 οἰκείου
2689 3993 3108 4068 ῳροντιστηρίου
3167 3995 3256 4047 σὺν
3319 3993 3506 4048 ἑκατόν
3569 4016 3631 4049 τε
3689 3991 3833 4060 δέκα,

2190 4078 2303 4156 ἅμα
2352 4083 2631 4154 ἐπισκόπῳ
2678 4083 2963 4157 πρότερον,
3017 4082 3420 4154 ἁναθεματικὼς
3469 4083 3572 4150 τὴν
3627 4102 3833 4156 μοιχο-

2188 4170 2430 4242 σύνοδον,
2463 4173 2537 4234 ὼς
2595 4172 2656 4226 τὸ
2715 4169 3052 4248 Εὐαγγέλιον
3103 4171 3335 4226 λύσασαν
3361 4191 3373 4203 ⁸
3409 4173 3549 4226 καθά
3589 4170 3834 4246 περιέχει

2187 4264 2248 4318 τὸ
2306 4262 2606 4318 ἀποσταλὲν
2664 4264 2787 4336 παρ’
2823 4262 2984 4317 αὐτοῦ
3042 4268 3453 4338 γραμματεῖονς
3503 4263 3639 4339 ὑπὲρ
3691 4263 3834 4322 τίνος

2189 4352 2480 4415 Ἀντώνιος
2522 4352 2550 4404 ὁ
2594 4345 2984 4411 εὐλαϐέστατος
3033 4349 3357 4425 ἡγούμενος,
3407 4347 3458 4405 ἔν
3515 4355 3731 4427 φρουρᾷ
3764 4350 3834 4409 εἷς

2188 4440 2250 4494 τὸ
2289 4441 2636 4514 Ἀμμόριονο
2700 4441 2908 4513 ὁμοίως
2967 4445 3063 4495 τοῦ
3120 4441 3386 4514 προτέρου
3447 4439 3539 4494 σὺν
3596 4444 3668 4513 τῇ
3724 4440 3838 4494 κατ’

2188 4528 2348 4584 αὐτὸν
2403 4527 2733 4606 ἀδελφότητι
2789 4529 3196 4602 ἀναθεματικὼς
3241 4530 3340 4598 τήν
3395 4527 3836 4604 μοιχοσύνοδον;

2195 4618 2208 4640 ξ
2261 4619 2277 4637 \
2417 4618 2427 4638 Ι
2772 4620 2787 4638 \
2874 4619 2888 4636 \
2971 4616 3024 4638 7N
3143 4619 3154 4633 ι
3276 4617 3295 4636 τ.
3499 4619 3514 4636 ‘
3592 4618 3607 4638 ‘7
3793 4617 3802 4637 ο

2189 4639 2322 4692 οπερ
2377 4640 2516 4681 τινος
2562 4620 2614 4674 οἱ
2666 4640 2789 4689 περι
2835 4639 2926 4673 τον
2962 4616 3192 4695 αοελφον
3224 4618 3554 4690 Αιμιλιανον
3589 4639 3644 4672 εν
3676 4624 3840 4687 Θυνιᾳ

2187 4707 2331 4780 παρᾶ
2371 4713 2467 4763 τοῦ
2515 4705 2879 4781 Νικομηδέως
2931 4705 3168 4770 δεθέντες
3239 4707 3328 4761 καὶ
3377 4707 3665 4784 ἀχθέντες,
3717 4713 3834 4761 πεῖ-

2187 4797 2280 4872 ράν
2343 4819 2385 4852 ιε
2446 4797 2718 4872 μαστίγων
2779 4799 2865 4852 καὶ
2927 4796 3252 4872 ἐμπαιγμῶν
3314 4791 3611 4858 λαϐόντες*
3667 4817 3842 4852 κατα-

2185 4885 2532 4960 ληϊσαμένων
2563 4893 2671 4942 τῶν
2703 4886 3127 4943 ἐπεισπεσόντων
3161 4885 3343 4948 αὐτοῖς
3383 4887 3451 4941 τά
3488 4893 3591 4956 τῆς
3639 4892 3842 4959 μονῆς,

2185 4975 2260 5038 ὡς
2307 4976 2579 5050 πολιμικὰ
2638 4976 2888 5055 λάφυρας
2934 4976 3066 5050 ὑπὲρ
3126 4977 3273 5038 τίνος
3325 4975 3376 5030 ἐν
3434 4979 3693 5049 Χερσῶνι
3747 4973 3835 5029 δε-

2185 5066 2482 5143 διωγμένος
2527 5069 2676 5122 Λέων
2728 5069 2755 5122 6
2799 5062 3210 5131 θεοσεϐέστατος
3257 5067 3550 5128 ἐπίσκοπος
3601 5068 3667 5121 τὸ
3727 5064 3842 5120 ἐπί-

2183 5157 2322 5226 κλην
2353 5155 2702 5227 Βαλελάδης’
2737 5157 3024 5218 Ἀντώνιός
3075 5177 3132 5211 τε
3180 5157 3207 5210 6
3256 5157 3622 5229 τετιμημένος
3668 5154 3840 5230 ἡγού-

2187 5267 2344 5317 μενος
2390 5248 2479 5300 σὺν
2531 5244 2680 5302 δυσίν
2731 5246 2925 5306 ἄλλοις
2971 5246 3453 5322 πεφρουρημένοςς
3493 5245 3631 5320 ὑπὲρ
3684 5245 3826 5302 τίνος

2181 5337 2235 5393 ἐν
2294 5339 2524 5407 Λιπάρει
2580 5342 2648 5411 τῇ
2710 5339 3021 5411 ὑπερέκεινα
3072 5335 3341 5405 Σικελίας,
3376 5333 3606 5407 ἀδελφοὶ
3672 5337 3837 5407 ἡμῶν

2180 5429 2231 5482 ἐν
2279 5428 2496 5501 φυλακῇ
2545 5427 3068 5500 τηρούμενοιςὺπὲρ
3119 5426 3264 5487 τίνος
3315 5426 3365 5479 oi
3413 5425 3531 5499 περὶ
3588 5425 3832 5492 Λητόῖον

2179 5518 2232 5573 ἐν
2293 5523 2541 5594 Χερσῶνι
2611 5517 3144 5596 παραφυλαχθέντες,
3201 5517 3442 5571 κάκεῖθεν
3502 5515 3552 5570 ἐν
3609 5514 3833 5592 φυλακῇ

2179 5609 2654 5685 παραπεμφθέντες
2728 5609 2861 5684 πρὸς
2933 5610 3022 5662 τὸν
3094 5604 3346 5681 βασιλέα,
3408 5606 3516 5660 εἶτα
3597 5603 3836 5680 φυλακι-

495 5724 542 5760 ⁴⁹
570 5723 978 5783 Monasterium.
1012 5725 1150 5782 Vide
1184 5726 1709 5800 Constantinopolim
1743 5731 1954 5790 Christ.
1989 5734 2089 5793 lib.
2127 5752 2202 5807 ιν,
2232 5753 2362 5810 pag.
2396 5740 2519 5795 180.
