4084 6284
381 434 533 493 1073

1654 436 2209 497 EPISTOLAHUM
2265 435 2408 494 LIB.
2457 439 2504 495 Ι.

3628 429 3782 488 1074

373 566 583 628 σθέντες
662 567 714 621 ἐν
791 573 869 638 τῷ
941 567 1254 640 Βυζαντίῳ·
1316 569 1408 623 καὶ
1476 568 1902 640 συντηρούμενοι
1968 566 2014 620 ἐν

2139 570 2330 622 ratore
2367 569 2708 628 denuntiata
2739 592 2751 628 :
2806 569 2919 624 Vcs
2969 566 3434 623 anathematizati
3484 565 3640 633 estis,
3663 568 3720 619 et
3751 582 3784 618 a

379 657 802 730 μοναστηρίοις;
839 656 989 712 Εἴπω
1029 657 1191 712 πάλιν
1244 661 1310 712 τὰ
1360 658 1435 718 εἰς
1485 659 1632 729 ἡμᾶς
1682 655 1808 716 τοὺς
1848 662 2014 728 τρεῖς.

377 745 536 817 Ὑπὲρ
580 745 727 808 τίνος
767 745 841 807 εἷς
891 748 958 800 τὰ
1005 748 1238 822 Ἀγαθοῦ
1278 747 1422 820 παρά
1467 750 1564 800 τοῦ
1617 744 1885 820 βασιλέως
1936 742 2023 798 διὰ

376 839 486 888 τῶν
549 836 870 909 Σπαθαρίων
932 833 1244 905 ὂηλωθέντα
1302 839 1472 908 ἡμῖν·
1504 835 1577 896 ὡς
1624 835 1779 907 ὑμεῖς
1837 835 2020 887 ἀναθε-

381 920 698 995 ματισμένοι
757 923 894 993 ἐστὲ,
951 926 1039 979 καὶ
1109 925 1485 999 καθῃρημένοι
1539 923 1684 996 παρά
1735 930 1836 991 τῆς
1894 944 2019 977 συν-

379 1009 705 1087 όδουςὺπὲρ
755 1013 902 1074 τίνος
946 1015 980 1082 ἡ
1033 1015 1108 1074 εἰς
1145 1015 1236 1068 τὸν
1289 1016 1438 1088 ἅγιον
1490 1013 1752 1085 Μάμαντα
1801 1011 2016 1088 φυλακὴ

379 1101 784 1175 μεμονωμένων
831 1105 939 1156 τῶν
988 1107 1192 1176 τριῶνς
1227 1104 1359 1177 ὑπὲρ
1405 1103 1553 1163 τίνος
1599 1104 1632 1170 ἡ
1677 1101 1846 1156 ἐκεῖσε
1876 1122 2019 1175 παρ-

375 1191 532 1244 ουσία
588 1196 694 1246 τῶν
755 1191 929 1246 αὐτῶν
988 1194 1335 1266 Σπαθαρίων,
1370 1191 1460 1246 σὺν
1520 1191 1661 1264 τρισὶ
1707 1196 1824 1252 τοῖς
1872 1192 2018 1264 παρά

369 1283 468 1333 τοῦ
528 1278 808 1352 ἀντιδόξου
885 1279 1298 1356 ἐπιφερομένοις
1356 1279 1829 1354 ὑπαναγνωστικὸν
1888 1282 2015 1333 καθ-

370 1367 648 1442 αιρέσεως,
679 1370 766 1423 καὶ
821 1369 1255 1441 ἀναθεματίσεως
1313 1372 1471 1441 ἡμῶν
1499 1388 1512 1402 ⁸
1544 1367 1711 1423 πάλιν
1752 1368 1841 1423 καὶ
1900 1368 2015 1424 ἐπεὶ

369 1457 798 1532 περιεφράξαμεν
847 1457 914 1512 τὰ
963 1459 1075 1512 ὦτα
1104 1459 1194 1513 καὶ
1238 1459 1333 1514 τοῦ
1377 1458 1648 1526 ἀκοῦσαι;
1683 1459 1812 1532 ὑπὲρ
1869 1459 2017 1520 τίνος

369 1547 533 1618 ἡμεῖς
595 1548 687 1618 μὲν
737 1546 998 1620 ἐξόριστοι
1030 1545 1200 1603 ἄλλος
1251 1547 1526 1622 ἀλλαχοῦ,
1558 1548 1646 1601 καὶ
1693 1545 2017 1602 ἐναπόκλει-

370 1654 524 1689 στοι·
575 1635 606 1689 6'
643 1657 700 1691 τε
750 1631 1065 1708 οἰκονόμος,
1113 1638 1204 1691 καὶ
1251 1639 1279 1692 6
1318 1635 1588 1712 ’Δρσένιος
1647 1639 1697 1690 oi
1747 1634 2015 1713 ἀδελφοί·

371 1719 612 1797 διωγμὸς
645 1721 702 1777 δὲ
731 1728 837 1778 τῶν
870 1722 1058 1779 ἄλλων
1087 1725 1192 1779 ἀπὸ
1225 1722 1318 1779 δύο
1359 1726 1450 1779 καὶ
1483 1723 1609 1779 δέκα
1660 1724 1859 1798 μιλίων
1913 1730 2015 1793 τῆς

372 1812 992 1876 Κωνσταντινουπόλεως
1027 1832 1040 1846 ⁶
1099 1814 1172 1876 ὼς
1237 1813 1368 1876 τοὺς
1467 1815 1559 1888 μὲν
1637 1813 1690 1869 ἐν
1758 1815 2015 1887 σπηλαίῳ

370 1897 772 1974 κατακρυϐῆναι
833 1901 923 1958 διά
999 1891 1146 1973 τήνχ
1184 1904 1320 1977 πρὸς
1406 1907 1554 1976 ἡμᾶς
1639 1903 2016 1969 λανθανόντως

371 1988 673 2061 διακονίαν,
735 1992 1282 2066 μεταμφιασαμένους
1341 1992 1538 2063 ἐσθῆτα
1614 1994 1838 2052 λαικῶν.
1897 2001 2010 2049 Τῶν

368 2077 426 2134 δὲ
482 2079 620 2150 ὅλην
681 2081 889 2155 ἡμέραν
946 2082 1048 2136 ὑπὸ
1111 2081 1295 2137 πλάκα
1327 2080 1659 2152 ὑποδύντων,
1691 2084 1777 2138 καὶ
1823 2082 2009 2154 ἐπειδὴ

369 2167 468 2224 οὐκ
523 2169 590 2237 ἧν
651 2169 700 2223 ἐν
761 2169 944 2245 ἡμέρᾳ
1017 2170 1328 2249 ἐμφανίσαι,
1384 2172 1535 2226 νυκτὶ
1595 2171 1672 2233 εἰς
1727 2171 2013 2242 ἀλλήλους

367 2258 843 2333 περιτρεχόντων;
902 2260 1059 2334 Ὑπὲρ
1114 2259 1259 2321 τίνος
1315 2261 1366 2314 οἱ
1430 2262 1809 2336 εὑρισκόμενοι
1885 2282 2014 2335 κρα-

369 2348 624 2419 τούμενοι
688 2349 790 2403 ὑπὸ
879 2354 1242 2422 στρατιωτῶν,
1302 2349 1390 2404 καὶ
1445 2349 1498 2405 ἐν
1563 2355 1642 2422 τῷ
1697 2352 2016 2425 πραιτωρίῳ

372 2436 828 2513 φυλακισθέντες·
885 2438 1001 2493 εἶτα
1065 2439 1414 2512 ἐξορισθέντες
1472 2447 1569 2508 τῆς
1629 2438 1885 2508 πόλεως;
1920 2440 2017 2494 Καὶ

371 2524 467 2580 ’ίνα
524 2527 590 2581 τὰ
643 2529 764 2582 κατ’
794 2527 967 2605 ἀρχὰς
1024 2525 1196 2582 ε’ίπω’
1242 2529 1372 2604 ὑπὲρ
1430 2528 1574 2590 τίνος
1633 2529 1699 2583 τὰ
1758 2527 2019 2584 Στουδίου

377 2615 480 2670 ὑπὸ
548 2614 768 2694 στίφους
829 2623 1170 2691 στρατιωτῶν
1227 2615 1371 2695 ἄφνω
1457 2617 1791 2674 ἐπελθόντων
1852 2640 2022 2697 φρου-

376 2706 615 2778 ρούμενα
652 2725 663 2736 ·
718 2707 792 2768 ὡς
856 2703 995 2776 μηδὲ
1041 2707 1292 2762 ἀναπνεῖν
1351 2710 1499 2779 ἡμᾶς
1536 2729 1549 2742 ·
1595 2711 1693 2778 τήν
1749 2731 1806 2763 τε
1855 2709 2022 2764 ἐκεῖσε

374 2791 550 2866 ἄφιξιν
603 2800 699 2849 τοῦ
760 2795 983 2858 Νικαίας
1043 2797 1133 2850 καὶ
1184 2797 1703 2870 Χρυσοπόλεως,εἰς
1759 2799 1820 2853 τὸ
1879 2796 2023 2869 δέξα-

374 2886 496 2937 σθαι
552 2887 699 2957 ἡμᾶς
757 2886 848 2940 τὸν
911 2885 1356 2960 μοιχοζεόκτηνο
1416 2887 1492 2950 ὡς
1547 2887 1690 2962 παρά
1734 2892 1830 2942 τοῦ
1887 2909 2024 2960 προ-

374 2972 729 3047 ηγησαμένου
785 2974 1132 3050 πατριάρχου
1213 2975 1566 3047 ἐπιτραπέντα
1642 2981 1866 3042 ποιῆσαι
1922 2979 2020 3045 τήν

376 3063 760 3136 μοιχοζευξίαν
789 3082 802 3131 ;
861 3063 980 3132 Καὶ,
1014 3065 1185 3133 Ἐπεὶ)
1218 3065 1400 3142 φησὶν·
1436 3066 1585 3139 ἅγιος
1637 3067 1664 3118 ὁ
1713 3065 2022 3140 ἐπιτρέψας·

374 3153 451 3213 ὡς
484 3154 510 3205 ὁ
541 3153 936 3227 Χρυσὸστομος
982 3153 1137 3227 ἁγίου
1188 3152 1329 3207 ἐστὶν
1365 3152 1651 3226 οἰκονομία
1677 3173 1688 3186 ’
1739 3156 1828 3209 καὶ
1873 3151 2023 3226 δέξα-

375 3242 468 3294 σθε
498 3239 718 3309 ταύτην.
755 3241 914 3316 Ὑπὲρ
942 3240 1087 3302 τίνος
1117 3243 1151 3311 ἡ
1194 3240 1245 3296 ἐν
1297 3243 1448 3296 νυκτὶ
1497 3240 1647 3316 ἄρσις
1696 3245 1855 3315 ἡμῶν
1915 3245 2022 3298 τῶν

2134 661 2353 730 synodo
2383 661 2679 732 depositi?
2710 664 2824 718 Cur
2853 663 2954 716 illa
2985 660 3054 712 ad
3103 661 3370 713 sanctum
3422 656 3778 710 Mamantem

2133 751 2418 820 custodia,
2453 753 2619 807 nobis
2651 753 2841 808 tribus
2883 746 3246 820 segregatis?
3284 745 3394 800 Cur
3439 745 3639 799 eodem
3684 747 3781 798 ad-

2131 845 2415 894 venerunt
2447 840 2620 896 iidem
2654 840 2941 912 Spatharii
2968 853 3100 892 cum
3132 835 3318 890 tribus
3351 834 3452 904 qui
3484 833 3554 888 ab
3575 834 3778 888 adver-

2129 927 2282 983 sario
2341 929 2717 999 depositionis
2774 934 2830 984 et
2887 922 3511 984 excommunicationis
3566 927 3775 977 nostra;

2128 1017 2357 1072 tabulas
2389 1019 2804 1083 aiferebant,ut
2836 1018 3039 1071 iterum
3063 1013 3417 1078 audiremus,
3436 1013 3776 1068 tamelsiau-

2129 1124 2219 1162 res
2246 1108 2698 1163 occludebamus
2721 1107 2747 1160 ?
2765 1108 2877 1161 Cur
2908 1121 3013 1160 nos
3044 1103 3140 1157 alii
3175 1101 3285 1156 alio
3308 1100 3546 1171 relegati
3569 1105 3776 1155 etcon-

2125 1197 2294 1266 clusi,
2347 1203 2470 1253 tum
2517 1212 2867 1262 mconomus,
2899 1199 3023 1249 tum
3067 1192 3346 1247 Arsenius
3379 1192 3584 1246 fratres
3625 1207 3637 1243 :
3673 1190 3772 1245 alii

2127 1289 2195 1344 ad
2225 1289 2530 1344 duodecim
2550 1288 2618 1342 ab
2646 1288 2786 1343 urbe
2799 1281 3297 1353 Constantinopoli
3320 1280 3504 1335 millia
3529 1296 3766 1351 passum

2127 1377 2306 1448 pulsi:
2337 1379 2479 1433 adeo
2503 1381 2566 1432 ut
2606 1377 2846 1448 quidam
2880 1374 2940 1429 in
2973 1373 3248 1444 spelunca
3277 1369 3772 1439 delitescant,quo

2128 1467 2296 1522 nobis
2329 1467 2476 1522 clam
2515 1466 2866 1531 ministrent,
2897 1465 3045 1519 laica
3075 1465 3231 1517 veste
3261 1458 3449 1514 induti
3479 1474 3494 1513 :
3528 1458 3626 1512 alii
3652 1463 3773 1514 toto

2125 1556 2218 1611 die
2249 1556 2306 1610 in
2346 1556 2625 1628 sepulcris
2673 1555 2912 1623 lateant,
2941 1558 3016 1618 et,
3050 1551 3187 1622 quia
3233 1549 3483 1604 interdiu
3529 1563 3775 1618 compa—

2125 1658 2249 1700 rere
2290 1661 2404 1699 ncn
2437 1645 2672 1709 audent,
2698 1646 2869 1698 noctu
2922 1641 3074 1696 inter
3119 1654 3180 1694 se
3222 1636 3612 1694 concursent?
3660 1637 3775 1690 Cur

2125 1738 2406 1804 quotquot
2453 1750 2485 1788 a
2532 1732 2815 1788 militibus
2858 1729 3099 1785 inveniri
3156 1730 3490 1798 potuerunt,
3514 1725 3687 1794 capiti
3719 1733 3771 1778 et

2123 1824 2180 1878 in
2210 1838 2469 1879 carceres
2494 1822 2762 1891 conjecti,
2800 1820 3005 1875 deinde
3039 1820 3110 1873 ab
3170 1817 3310 1871 urbe
3369 1816 3607 1887 projecti
3653 1816 3772 1868 fue-

2127 1913 2302 1969 runt?
2330 1916 2523 1984 Atque
2555 1920 2616 1966 ut
2645 1911 2812 1965 initia
2871 1911 2999 1980 ipsa
3047 1907 3456 1978 perstringam,
3487 1922 3590 1960 cur
3636 1906 3770 1960 Stu-

2124 2003 2362 2058 dianum
2397 2001 2703 2056 amilitum
2736 2016 2911 2054 manu
2961 1998 3154 2053 subito
3203 1996 3472 2051 immissa
3523 2011 3772 2066 occupa-

2125 2097 2274 2161 tum,
2308 2093 2384 2146 ita
2414 2095 2474 2146 at
2507 2089 2792 2161 respirare
2815 2088 2983 2143 nobis
3014 2087 3106 2141 vix
3137 2085 3335 2141 liceret
3368 2101 3380 2138 :
3413 2088 3469 2139 et
3492 2083 3688 2140 Nicaeae
3718 2092 3770 2139 et

2124 2181 2499 2254 Chrysopolis
2550 2179 2807 2250 episcOpi
2854 2193 2918 2232 eo
2980 2175 3381 2241 adventarunt,
3416 2177 3481 2228 ut
3528 2173 3770 2229 adulteri

2125 2273 2517 2344 copulatorem
2552 2269 3008 2340 susciperemus,
3033 2266 3212 2322 veluti
3238 2265 3337 2336 qui
3368 2263 3777 2335 aprzecedente

2127 2361 2446 2433 patriarcha
2459 2362 2666 2431 jussus
2689 2357 2956 2413 adulterii
2977 2355 3403 2427 copulationem
3428 2352 3777 2425 peregisset?

2127 2452 2235 2507 Et:
2270 2450 2572 2518 Qvoniam,
2621 2449 2874 2515 aiebant,
2919 2449 3154 2501 sanctus
3211 2443 3310 2514 qui
3360 2442 3561 2512 jussit,
3622 2441 3777 2497 sicut

2127 2541 2614 2612 Chrysostomus;
2649 2537 2834 2593 sancti
2871 2539 2961 2591 est
3003 2532 3326 2605 dipensatio
3359 2549 3372 2585 :
3406 2547 3586 2602 quare
3614 2530 3775 2586 illam

2128 2629 2384 2701 recipite.
2417 2629 2533 2685 Cur
2581 2631 2757 2683 noctu
2807 2641 2913 2681 nos
2962 2627 3210 2695 quatuor
3253 2621 3387 2676 inde
3416 2618 3646 2676 subladi
3678 2635 3780 2690 per

2131 2720 2338 2774 ducem
2380 2735 2444 2773 ac
2505 2716 2738 2782 milites,
2782 2719 2958 2785 atque
3007 2711 3076 2766 ad
3135 2711 3465 2767 Simeonem
3519 2709 3776 2775 abducti,

2131 2824 2306 2880 quem
2338 2807 2532 2862 nescio
2565 2821 2677 2876 quo
2709 2803 2944 2860 nomine
2973 2799 3279 2872 appellem,
3313 2802 3369 2854 et
3418 2814 3547 2869 quae
3578 2815 3680 2869 per
3709 2797 3778 2850 il-

2131 2898 2250 2953 lum
2304 2896 2470 2952 nobis
2518 2895 2590 2950 ab
2639 2895 2984 2962 imperatore
3035 2889 3379 2959 signiﬁcata,
3430 2891 3494 2942 ut
3553 2891 3779 2942 mutata

2134 2985 2423 3040 sententia
2447 2983 2520 3037 ab
2551 2981 2822 3038 instituto
2863 2979 3294 3042 desisteremus,
3326 2981 3611 3047 tanquam
3636 2975 3781 3030 facta

2133 3073 2561 3144 dispensatione
2594 3091 2607 3128 :
2642 3071 2735 3127 cui
2769 3070 2845 3125 rei
2878 3069 2948 3123 ad
2981 3068 3139 3122 hunc
3171 3081 3358 3138 usque
3380 3065 3534 3121 diem
3566 3064 3779 3120 restiti-

2133 3162 2308 3218 mus?
2336 3163 2449 3216 Cur
2480 3163 2688 3217 iterum
2721 3158 2791 3213 ad
2823 3158 3090 3211 sanctum
3120 3152 3386 3224 Sergium
3419 3149 3630 3206 inclusi
3661 3151 3780 3206 fui-

2136 3268 2302 3306 mus:
2330 3255 2388 3306 et
2411 3266 2616 3306 rursus
2637 3248 2870 3304 Simeon
2903 3243 3381 3312 eodem,jubente
3412 3240 3779 3312 imperatore,

374 3331 649 3402 τεσσάρων
682 3328 742 3384 ἐκ
795 3335 902 3384 τῶν
963 3329 1132 3385 ἐκεῖσε
1189 3329 1258 3385 δι’
1297 3331 1564 3406 ἄρχοντος
1618 3331 1708 3386 καὶ
1764 3353 2014 3406 στρατιω-

2133 3341 2422 3412 profectus
2445 3338 2710 3394 eamdem
2731 3336 2802 3392 ob
2817 3349 3050 3390 causam
3069 3333 3097 3387 ‘I
3119 3332 3234 3387 Cur
3250 3347 3352 3402 per
3373 3331 3550 3386 duces
3569 3346 3747 3402 reprai
3767 3360 3779 3373 ι

376 3424 508 3487 τῶν,
539 3419 627 3472 καὶ
659 3418 956 3495 ἀπαγωγῆς
985 3423 1203 3492 [melius
1251 3421 1537 3495 ἀπαγωγὴ]
1587 3421 1722 3494 πρὸς
1772 3425 1865 3478 τὸν
1905 3429 2019 3476 ’Συ-

384 3508 528 3582 μεὼν
583 3507 673 3562 τὸν
733 3505 830 3562 οὒκ
888 3506 990 3562 οἶδ’
1021 3509 1170 3571 ὅπως
1230 3507 1400 3563 ε’ίπω·
1458 3509 1548 3563 καὶ
1605 3511 1669 3563 τὰ
1731 3507 1796 3572 δι’
1856 3511 2020 3566 αὐτοῦ

378 3598 526 3672 παρὰ
554 3601 649 3652 τοῦ
685 3597 954 3671 βασιλέως
985 3596 1321 3668 δηλωθέντα,
1348 3602 1425 3660 εἰς
1473 3600 1535 3655 τὸ
1581 3598 1821 3668 δέξασθαι
1872 3604 2019 3674 ἡμᾶς

383 3684 881 3756 μετανενοηκόταςο
933 3685 1022 3738 καὶ
1073 3685 1148 3746 εἰς
1201 3685 1332 3759 ὅπερ
1379 3682 1482 3748 ἕως
1511 3685 1667 3763 δεῦρο
1710 3689 2016 3761 ἐνέστημεν,

376 3773 453 3834 ὡς
512 3772 828 3847 οἰκονομίας
885 3773 1219 3849 γενομένης
1253 3775 1408 3849 Ὑπὲρ
1465 3775 1611 3839 τίνος
1661 3776 1826 3832 πάλιν
1856 3780 2020 3834 κατά-

373 3859 616 3916 κλειστοι
669 3861 745 3926 εἰς
791 3862 882 3917 τὸν
928 3867 1081 3939 ἅγιον
1127 3862 1510 3937 Σέργιον·καὶ
1557 3865 1722 3920 πάλιν
1769 3871 1865 3921 τοῦ
1908 3875 2019 3921 Συ-

375 3949 519 4021 μεὼν
576 3949 745 4004 ἐκεῖσε
812 3951 958 4025 παρὰ
1013 3953 1108 4004 τοῦ
1161 3951 1429 4026 βασιλέως
1503 3955 1677 4029 ἄφιξις
1747 3956 1821 4016 εἰς
1888 3955 2016 4011 αὐτὸ

367 4042 552 4095 τοῦτο.
586 4040 742 4114 ’Υπὲρ
771 4040 916 4102 τίνος
948 4043 982 4109 ἡ
1032 4037 1101 4094 δι’
1145 4040 1426 4118 ἀρχόντων
1479 4047 1808 4116 παράστασις
1853 4048 2012 4117 ἡμῶν

369 4126 424 4181 ἐν
485 4132 553 4200 τῇ
600 4129 1013 4202 πολυανθρώπῳ
1089 4127 1322 4201 συνόδῳ,
1385 4135 1857 4205 συγκαθεζομένων
1926 4137 2013 4188 καὶ

366 4221 534 4291 τριῶν
562 4222 668 4271 τῶν
723 4218 990 4294 μεγίστων
1036 4219 1587 4294 ἀξιωμάτων;Ὑπὲρ
1637 4224 1778 4283 τίνος
1829 4222 1936 4298 ἐγὼ
1987 4226 2014 4278 6

367 4307 618 4368 ταπεινὸς
651 4305 820 4362 ἐκεῖσε
870 4304 1242 4382 ὑϐριζόμενος,
1273 4310 1363 4364 καὶ
1417 4311 1677 4365 κυκλόθεν
1735 4332 2015 4386 περιστοι-

367 4399 662 4472 χιζόμενος
689 4417 704 4469 ;
736 4399 822 4452 καὶ
885 4398 1098 4453 ἀκούων
1125 4420 1138 4432 ο
1174 4399 1286 4456 Οὐκ
1339 4397 1484 4459 οἶδας
1548 4403 1600 4456 τί
1652 4402 1930 4480 φλυαρεῖς,
1961 4405 2013 4459 τί

367 4481 578 4546 λαλεῖς.
615 4485 859 4547 Βοῶντός
921 4507 1024 4559 μου
1050 4507 1061 4519 ·
1101 4487 1291 4543 ΙΙίπτει
1344 4490 1372 4543 6
1429 4487 1783 4565 Πρόδρομος·
1827 4491 2011 4548 λύεται

362 4571 428 4628 τὸ
489 4573 858 4650 Εὐαγγὲλιον·
898 4574 996 4631 οὐκ
1052 4571 1194 4632 ἔστιν
1251 4577 1578 4651 οἰκονομία·
1637 4580 1898 4636 κάκείνων
1947 4585 2009 4638 τὸ

2131 3428 2341 3484 sentati
2390 3445 2496 3482 nos
2558 3425 2616 3480 in
2673 3425 2892 3496 synodo
2955 3436 3284 3485 numerosa,
3317 3419 3375 3474 in
3410 3434 3523 3490 qua
3551 3423 3611 3474 et
3663 3427 3778 3473 tres

2131 3519 2394 3574 maximae
2408 3515 2715 3586 dignitates
2727 3511 3134 3568 considebant?
3147 3511 3258 3565 Cur
3271 3525 3374 3576 ego
3390 3507 3631 3563 humilis
3645 3523 3778 3562 con-

2130 3604 2527 3663 tumelioseibi
2548 3605 2848 3665 tractatus,
2876 3605 2933 3654 et
2954 3599 3213 3670 undique
3244 3594 3772 3652 obvallatus?illud

2129 3696 2377 3752 subinde
2408 3692 2683 3748 audiens:
2708 3689 2907 3744 Nescis
2928 3687 3068 3758 quid
3103 3685 3355 3756 nugeris,
3390 3685 3531 3755 quid
3564 3684 3723 3740 dicas
3756 3704 3770 3752 ;

2127 3801 2260 3840 cum
2293 3799 2397 3854 ego
2420 3781 2796 3836 inclamarem
2827 3796 2839 3831 :
2865 3776 3124 3831 Concidit
3155 3776 3498 3838 Praecursor,
3530 3773 3771 3828 solvitur

2126 3871 2520 3942 Evangelium,
2553 3885 2668 3924 non
2691 3872 2780 3921 est
2812 3865 3200 3936 dispensatio;
3229 3867 3284 3918 et
3313 3862 3396 3916 illi
3427 3861 3640 3932 saepius
3663 3863 3770 3916 ite-

2127 3965 2321 4017 rarent
2354 3979 2366 4015 :
2403 3956 2766 4028 Dispensatio
2797 3959 2886 4009 est
2919 3973 2933 4022 ;
2976 3959 3147 4024 atque
3183 3953 3264 4006 ita
3317 3951 3494 4005 sancti
3531 3951 3765 4020 dispen-

2125 4054 2326 4105 sarunt
2356 4058 2406 4103 et
2443 4048 2766 4118 praecedens
2801 4048 3039 4098 sanctus
3087 4039 3429 4112 patriarcha.
3464 4043 3543 4092 En
3587 4043 3764 4093 testes

2125 4142 2279 4211 quod
2317 4139 2407 4192 ille
2441 4135 2681 4192 adulteri
2713 4133 3137 4204 c0pulationem
3189 4129 3540 4201 praeceperit.
3572 4131 3762 4194 Quan-

2124 4247 2300 4302 quam
2335 4229 2418 4283 illi
2455 4244 2562 4281 non
2584 4226 2668 4280 sic
2690 4241 2816 4280 eam
2837 4221 3205 4294 appellabant
3224 4238 3237 4286 ;
3256 4219 3396 4290 quin
3422 4219 3762 4282 fremebant,

2121 4324 2179 4375 et
2211 4317 2484 4374 dentibus
2516 4314 2858 4379 stridebant,
2905 4327 3038 4366 cum
3077 4307 3321 4364 adulteri
3368 4306 3760 4376 copulatorem

2121 4409 2485 4466 audiereunt.
2500 4411 2612 4460 Cur
2633 4404 2947 4460 anathema
2967 4400 3158 4469 iis,qui
3185 4402 3517 4454 sanctorum
3535 4397 3761 4466 dispen-

2121 4499 2375 4554 sationes
2398 4513 2511 4550 non
2538 4493 2876 4558 admittunt,
2901 4489 3059 4546 clara
3080 4504 3217 4543 voce
3239 4486 3677 4542 denuntiatum:
3703 4490 3760 4540 et

2120 4604 2225 4660 ego
2257 4603 2386 4641 cum
2423 4593 2581 4655 patre
2611 4598 2734 4636 meo
2766 4585 2822 4635 et
2854 4579 3122 4649 Calogero
3153 4594 3185 4630 a
3220 4573 3495 4646 principis
3523 4590 3697 4628 manu
3727 4588 3758 4628 e

361 4660 632 4738 ἐπιλέγειν
678 4663 844 4734 πολὺ,
876 4663 961 4720 ὅτι
1014 4664 1302 4739 οἰκονομία
1333 4684 1346 4698 ·
1399 4667 1488 4722 καὶ
1546 4667 1718 4731 οὕτως
1768 4671 1820 4724 οἱ
1862 4673 2008 4746 ἅγιοι

2124 4678 2313 4732 medio
2338 4673 2794 4731 exterminatus:
2820 4666 3288 4738 archiepiscopus
3306 4668 3501 4719 autem
3533 4662 3759 4734 deposi-

363 4751 747 4823 ᾠκονόμησαν,
795 4754 887 4808 καὶ
947 4755 975 4808 ὁ
1032 4755 1084 4810 ἐν
1146 4755 1324 4831 ἁγίοις
1380 4759 1857 4832 προηγησάμενος.
1902 4759 2011 4816 ’Ίδε

365 4838 634 4916 μάρτυρες
682 4841 765 4896 ὅτι
810 4841 1067 4917 ἐπέτρεψε
1123 4845 1224 4912 τὴν
1279 4849 1697 4919 μοιχοζευξίαν·
1758 4847 1852 4903 κᾶν
1913 4849 2011 4905 οὐκ

360 4924 550 5004 ἔλεγον
590 4931 761 4999 αὐτὴν
812 4931 1004 5001 οὕτως,
1036 4932 1183 4988 ἀλλά
1239 4934 1326 4988 καὶ
1383 4936 1444 4990 τό
1504 4934 1668 4991 εἰπεῖν
1719 4941 2007 5013 μοιχοζεύ-

469 4997 480 5004 .
720 4997 727 4999 ἡ
991 4997 999 5001 .
1719 4997 1729 5010 ι
1823 4997 1860 5013 ,ι
1909 4997 1924 5008 -

361 5040 518 5088 κτην,
551 5018 858 5093 διεπρίοντο
913 5023 1039 5083 τοὺς
1105 5020 1326 5085 ὀδόντας
1383 5030 1479 5079 τοῦ
1529 5028 1694 5081 οἱονεὶ
1745 5030 2002 5107 ῥοφῆσαι.

359 5112 521 5183 Ὑπὲρ
577 5110 719 5174 τίνος
777 5113 839 5167 τὸ
896 5112 1134 5186 ἀνάθεμα
1178 5118 1294 5175 τοῖς
1340 5115 1415 5186 μή
1450 5113 1772 5190 δεχομένοις
1799 5121 1893 5182 τάς
1925 5121 2004 5175 οἰ-

359 5198 624 5272 κονομίας
675 5204 782 5254 τῶν
861 5201 1032 5276 ἁγίων
1110 5196 1420 5270 διαϐοήτως
1475 5203 1808 5280 ἀνακραχθέν
1840 5225 1854 5238 °
1913 5208 2003 5263 καὶ

359 5287 472 5363 ἐγὼ
506 5286 596 5342 σὺν
627 5293 706 5360 τῷ
737 5287 908 5363 Πατρί
943 5309 1047 5360 μου
1075 5289 1166 5343 καὶ
1198 5287 1509 5366 Καλογήπῳ
1544 5295 1630 5347 ὑπ’
1668 5295 2001 5371 ἀρχοντικῆς

357 5378 548 5454 χειρὸς
595 5377 908 5451 ἀφορισθείς
973 5378 1032 5433 ἐκ
1085 5382 1254 5451 μέσου
1300 5400 1313 5413 ’
1370 5381 1398 5434 ὁ
1466 5379 1520 5436 δὲ
1574 5384 2000 5459 ἀρχιεπίσκοτιος

359 5467 763 5545 ἐναπολειφθείς
799 5491 812 5503 ·
872 5467 963 5524 καί
1020 5467 1160 5526 διότι
1220 5472 1387 5543 μόνον
1444 5470 1855 5549 ἐλειτούργησεν
1913 5479 2000 5533 ὑπ’

358 5558 499 5631 ἐμοῦ
528 5557 898 5632 παρακληθεὶς
930 5559 1004 5620 εἰς
1037 5560 1102 5614 τὰ
1133 5558 1420 5628 Στουδίου,
1453 5561 1526 5622 ὡς
1558 5565 1738 5624 κοινὸς
1768 5561 2002 5639 πρεσϐύ-

356 5667 516 5720 τερος
556 5648 888 5721 καθαιρεθεὶς
942 5652 1057 5701 κατ¹
1105 5646 1469 5720 αὖτοός;Τὸν
1529 5650 1627 5724 γὰρ
1689 5652 1770 5705 ὑπ’
1832 5654 2000 5709 αὐτοῦ

357 5740 594 5811 Χριστοῦ
641 5735 1022 5812 καθαιρεθέντα
1068 5735 1159 5792 καί
1206 5740 1313 5793 τῶν
1360 5737 1517 5794 θείων
1574 5741 1814 5796 κανόνων
1872 5764 2001 5816 μοι-

2118 4771 2237 4828 tus,
2263 4769 2434 4836 atque
2465 4763 2535 4819 ob
2565 4777 2692 4818 eam
2725 4760 2909 4815 solam
2927 4772 3187 4824 causam,
3221 4755 3374 4826 quod
3410 4771 3437 4807 a
3470 4769 3560 4808 me
3586 4767 3754 4823 roga-

2120 4860 2218 4911 tus
2248 4855 2306 4909 in
2336 4851 2633 4909 Studianis
2666 4849 3033 4915 celebrasset,
3057 4844 3208 4900 velut
3238 4841 3565 4898 communis
3596 4857 3756 4911 pres-

2114 4943 2300 5014 byter,
2334 4942 2594 5012 ipsorum
2627 4934 2913 4992 sententia
2943 4930 3278 5004 depositus?
3307 4929 3528 4985 Etenim
3550 4927 3756 4983 aChri-

2116 5036 2205 5086 sto
2235 5032 2360 5102 ipso
2381 5035 2438 5084 et
2459 5027 2673 5083 divinis
2690 5025 3012 5081 canonibus
3029 5023 3351 5092 depositum
3385 5021 3644 5074 adulterii
3663 5037 3755 5074 co-

2113 5119 2438 5193 pulatorem
2479 5116 2872 5180 absolverunt,
2899 5111 3201 5167 innoxium
3235 5125 3336 5181 per
3383 5107 3579 5164 omnia
3627 5125 3756 5178 pro-

2115 5209 2473 5276 nuntiantes,
2491 5207 2587 5277 qui
2610 5210 2665 5261 et
2695 5220 2827 5260 cum
2861 5202 3137 5272 ipsisjam
3175 5204 3347 5254 antea
3373 5197 3752 5264 sacriﬁcabat,

2113 5301 2251 5355 Eum
2293 5316 2424 5355 vero
2455 5299 2552 5369 qui
2584 5295 2792 5367 deponi
2827 5310 2925 5359 per
2955 5308 3205 5347 canones
3227 5305 3340 5344 non
3376 5292 3619 5359 poterat,
3653 5289 3753 5343 de—

2112 5391 2386 5460 positioni
2420 5389 2783 5454 addixerunt,
2808 5399 2978 5438 suum
3010 5381 3148 5436 illud
3184 5380 3401 5434 dictum
3432 5379 3598 5432 factis
3621 5394 3752 5434 con-

2110 5479 2427 5546 ﬁrmantes,
2464 5493 2630 5546 posse
2670 5473 2990 5544 episcopos,
3025 5474 3194 5550 prout
3228 5470 3310 5522 eis
3339 5467 3522 5520 visum
3556 5468 3746 5532 fuerit,

2111 5568 2195 5622 uti
2219 5568 2557 5623 canonibus.
2592 5563 2754 5629 Quod
2785 5561 2866 5616 illi
2921 5560 3158 5631 quidem
3205 5561 3479 5628 perpetuo
3524 5557 3607 5610 ita
3663 5557 3746 5610 fa-

2109 5657 2433 5724 ciunt;nec
2465 5655 2571 5710 hoc
2612 5653 2811 5708 saltem
2853 5650 3220 5704 considerare
3249 5646 3528 5710 volentes,
3570 5645 3616 5699 si
3665 5645 3745 5699 ita

2109 5762 2267 5804 resse
2297 5747 2528 5811 habeat,
2553 5758 2722 5814 posse
2745 5739 2841 5811 qui
2871 5739 3207 5811 episcopum
3231 5736 3552 5803 deponunt,
3576 5734 3646 5790 ab
3676 5751 3743 5792 ea
