4084 6284
378 388 535 451 1075

1611 383 1673 448 S.
1718 384 2124 448 THEODORI
2167 384 2531 448 STUDITIE

3603 382 3740 442 1016

377 538 551 595 quem
584 523 895 596 deponant,
925 521 1210 594 ipsosmet
1229 521 1434 593 deponi
1462 526 1525 577 ut
1546 521 1857 595 impleatur
1877 537 2016 594 apo-
2046 560 2056 588 λ

2167 517 2431 589 οζεύκτην
2490 518 2760 590 ἠθώωσαν
2790 535 2803 549 ⁸
2851 514 3107 594 ἆνὲνοχον
3165 514 3569 594 ἀποφηνάμενοι
3621 516 3739 571 κατᾶ

376 613 657 670 stolorum
692 612 989 668 oraculum
1021 612 1088 667 ‘9.

377 700 476 757 Τὸν
538 700 595 756 δὲ
651 700 997 775 ἀκαθαίρετον
1058 701 1117 755 ἐκ
1171 700 1431 773 κανόνων,
1463 699 1769 776 καθαιρέσει
1830 695 2134 755 ὑπέϐαλον·
2198 691 2338 771 ἔργῳ
2392 696 2483 752 τὸν
2544 696 2705 772 λόγον
2765 695 2936 750 αὐτῶν
3000 689 3383 769 βεϐαιούμενοι
3419 712 3433 725 ο

2131 606 2304 662 πάντα
2353 608 2444 662 καὶ
2499 607 2884 683 συνιερουργὸν
2942 605 3125 666 αὐτοῖς
3183 600 3311 660 ὄντα
3356 599 3737 678 καὶπρότερον.

3488 693 3557 753 ὡς
3613 692 3745 765 ἐξου-

380 795 498 849 σίαν
559 790 706 870 ἔχειν
752 792 881 853 τοὺς
939 792 1223 866 ἱεράρχας,
1272 793 1411 846 κατά
1457 792 1519 847 τὸ
1570 791 1757 853 αὐτοῖς
1838 788 2059 859 δοκοῦν,
2118 789 2422 866 κεχρῆσθαι
2504 791 2620 849 τοῖς
2681 787 2918 841 κανόσιν.
2974 786 3145 858 ’Ὀπερ
3201 782 3502 858 ἐνεργοῦσιν
3562 782 3631 843 εἰς
3683 782 3739 836 τὸ

382 883 501 938 ἀεί·
538 878 661 935 οὐδὲ
719 880 894 935 ἐκεῖνο
950 878 1178 934 συνιδεῖν
1248 878 1627 954 βουλόμενοι·

1686 879 1789 949 ὅτι,
1834 879 1881 934 εἲ
1935 877 2096 933 τοῦτό
2149 875 2308 945 ἐστιν,
2340 876 2605 951 ἱεράρχην
2665 876 3065 950 καθαιροῦντες,
3100 873 3187 928 ὑπ’
3241 871 3404 927 αὐτοῦ
3457 871 3517 926 οὗ
3578 873 3748 925 καθαι-

390 974 546 1046 ροῦσι
578 968 800 1025 δυνατὸν
830 968 1022 1031 αὐτοὺς
1052 969 1288 1030 ἐκείνους
1327 971 1733 1044 καθαιρεθῆναι,
1763 966 2154 1043 πληρουμένου
2185 969 2285 1021 τοῦ
2314 969 2423 1020 τῶν
2455 963 2778 1021 ἀποστόλων
2809 961 3029 1039 λογίου.

462 1063 593 1119 Haec
615 1079 719 1118 nos
748 1063 933 1130 vobis,
964 1062 1241 1134 episcOpi,
1282 1062 1354 1118 de
1383 1062 1707 1118 canonihus
1737 1061 2033 1118 constitui-

391 1169 544 1209 mus.
575 1150 692 1207 Vos
721 1167 854 1206 vero
886 1152 942 1207 in
975 1152 1056 1207 eis
1098 1162 1522 1220 perseverantes
1580 1151 1724 1208 salvi
1767 1151 1945 1219 eritis,
1976 1155 2034 1205 et

390 1257 591 1312 pacem
620 1240 901 1296 habebitis
925 1258 939 1308 ;
961 1257 1075 1296 non
1098 1241 1431 1297 obedientes
1462 1247 1651 1297 autem
1688 1239 2029 1313 puniemini,

391 1335 450 1386 et
479 1336 816 1401 perpetuum
842 1328 993 1385 inter
1010 1345 1109 1384 vos
1141 1328 1358 1384 bellum
1380 1330 1610 1402 geretis,
1642 1330 1875 1399 abjectss
1892 1330 2031 1385 obe-

395 1418 629 1474 dientias
660 1436 860 1490 poenas
891 1435 1183 1491 congruas
1215 1419 1457 1476 luentes.
1478 1420 1593 1476 Cur
1622 1436 1749 1491 qua
1782 1424 1910 1490 post
1938 1436 2035 1492 sy-

396 1507 613 1565 nodum
643 1512 806 1578 gesta
836 1512 993 1569 sunt,
1013 1511 1070 1563 et
1092 1510 1350 1564 omnium
1381 1509 1620 1564 fratrum
1652 1525 1753 1579 per
1785 1508 2035 1580 impera-

396 1602 578 1653 torem
610 1596 896 1652 discussio
930 1613 943 1651 :
978 1612 1111 1652 cum
1145 1598 1380 1663 diceret,
1400 1615 1505 1653 nos
1527 1598 1759 1669 quidem
1799 1596 2033 1669 deposi-

2213 1057 2394 1112 Ταῦτα
2448 1053 2539 1110 καὶ
2596 1054 2719 1130 περὶ
2777 1056 3015 1109 κανόνων
3072 1050 3412 1126 διατετάχθω
3469 1049 3589 1122 ὑμῖν
3643 1050 3756 1119 παρ’

2140 1145 2324 1215 ἡμῶν,
2384 1144 2429 1197 ὧ
2486 1143 2794 1201 ἐπίσκοποι.
2855 1147 3036 1215 Ὑμεῖς
3089 1138 3147 1196 δὲ
3194 1139 3513 1214 ἐμμένοντες
3568 1136 3757 1206 αὓτοῖς,

2142 1234 2446 1303 σωθήσεσθε
2508 1233 2599 1289 καὶ
2642 1233 2861 1308 εἰρήνην
2902 1229 3079 1305 ἱξετε·
3111 1230 3453 1290 ἀπειθοῦντες
3507 1224 3564 1282 δὲ
3607 1226 3760 1281 κολα-

2141 1325 2436 1394 σθήσεσθε’
2482 1324 2570 1379 καὶ
2621 1322 2868 1397 πόλεμον
2912 1325 3025 1396 μετ’
3062 1318 3332 1391 ἀλλήλων
3384 1316 3557 1373 ἀΐδιον
3599 1314 3761 1387 ἕξετε·

2142 1408 2298 1481 δίκην
2374 1416 2474 1479 τῆς
2542 1408 2800 1481 ἀνηκοΐας
2870 1411 2969 1479 τὴν
3046 1410 3425 1483 προσήκουσαν
3502 1402 3766 1466 τιννύντες.

2138 1501 2297 1574 ’Υπὲρ
2347 1498 2494 1562 τίνος
2544 1501 2611 1555 τά
2660 1500 2794 1573 μετὰ
2841 1502 2937 1570 τήν
2980 1496 3222 1560 σύνοδον,
3256 1496 3292 1565 ἦ
3332 1517 3392 1551 τε
3433 1493 3639 1549 πάντων
3669 1497 3765 1549 τῶν

2140 1587 2386 1667 ἄδελιρῶν
2447 1589 2725 1661 ἀνάκρισις
2784 1589 2887 1644 ὑπὸ
2962 1592 3059 1643 τοῦ
3144 1585 3417 1663 βασιλέως
3503 1585 3767 1661 λέγοντος,

399 1695 509 1755 tos,
524 1685 813 1758 synodum
828 1702 959 1742 vero
973 1690 1237 1742 sanctam
1260 1702 1409 1755 esse,
1430 1692 1486 1742 et
1506 1705 1539 1743 a
1559 1702 1621 1743 se
1644 1688 2032 1758 obsignatam:

2167 1684 2289 1753 ιμᾶς
2349 1680 2443 1753 μὲν
2515 1679 2949 1755 καθῃρημένους,
3006 1678 3104 1747 τὴν
3179 1674 3239 1732 δὲ
3312 1672 3536 1731 σύνοδον
3606 1672 3771 1761 ἁγίαν,

400 1774 638 1847 perinde
668 1774 835 1846 quasi
867 1778 1205 1831 sanctorum
1237 1775 1595 1846 dispensatio
1634 1782 1788 1832 esset
1816 1774 2039 1831 adulte-

401 1863 531 1920 rina
557 1862 1329 1935 copulatio,etindemnatus
1361 1865 1461 1937 qui
1485 1865 1607 1921 haec
1630 1865 1961 1937 peregerat?
1976 1864 2045 1918 Et

401 1969 534 2010 cum
570 1968 742 2008 nemo
780 1952 943 2008 illam
975 1953 1327 2019 admitteret,
1360 1959 1461 2009 aut
1492 1954 1857 2026 singulorum
1880 1970 2046 2010 seor—

400 2058 535 2098 sum
595 2044 698 2098 aut
738 2041 1010 2097 binorum
1068 2048 1439 2099 ternorumve
1486 2041 1678 2111 simul,
1702 2051 1825 2099 tum
1869 2041 2043 2098 etiam

405 2127 684 2202 plurium,
702 2142 801 2199 per
827 2129 1178 2185 monasteria
1209 2135 1269 2185 et
1288 2137 1476 2186 castra
1513 2129 2048 2196 inclusio,nonnul-

405 2219 595 2275 lorum
636 2218 812 2273 etiam
844 2216 1072 2290 ﬂagella
1119 2224 1178 2275 et
1223 2223 1550 2287 cruciatus;
1582 2237 1717 2277 cum
1752 2222 1873 2290 jam
1926 2220 2046 2275 haac

409 2307 625 2378 ubique
657 2311 807 2362 terra
838 2307 1104 2379 marique
1134 2313 1269 2363 nota
1316 2310 1437 2365 sint
1478 2309 1769 2382 vulgoque
1804 2310 2044 2380 jactata.

407 2398 593 2463 Quam
624 2396 804 2467 igitur
830 2397 903 2450 ob
934 2411 1171 2452 causam
1206 2397 1321 2452 haec
1343 2398 1538 2454 omnia
1561 2404 1624 2454 ut
1655 2399 1856 2471 paucis
1886 2414 2048 2453 corn-

409 2487 673 2560 plectar?
700 2485 902 2542 Nonne
932 2489 1080 2558 quod
1115 2488 1325 2543 adduci
1358 2506 1471 2545 non
1509 2495 1768 2562 possent,
1803 2494 1866 2544 ut
1895 2490 2051 2546 dice-

410 2581 561 2643 rent,
587 2581 684 2632 aut
715 2575 1086 2642 assentirent,
1118 2576 1613 2648 dispensationem
1647 2578 1826 2635 fuisse
1865 2580 2049 2634 Evan—

411 2664 544 2738 gelii
604 2665 1154 2736 transgressionem,
1202 2683 1379 2737 quam
1432 2666 1590 2723 velut
1636 2667 1950 2724 salutarem
2000 2677 2054 2723 et

415 2757 632 2811 sanctis
667 2769 863 2825 parem
894 2755 1213 2811 adversarii
1242 2756 1723 2822 vociferabantur,
1756 2757 1856 2830 qui
1888 2757 2054 2814 lactis

412 2846 469 2899 et
484 2841 677 2899 verbis
699 2842 1019 2898 etiamnum
1042 2843 1100 2899 in
1123 2861 1187 2900 eo
1210 2844 1558 2912 consistunt,
1576 2846 1631 2901 id
1653 2846 1978 2917 loquentes,
1996 2847 2053 2901 id

412 2936 649 3003 agentes
678 2932 789 2987 ista
812 2933 1254 3004 persecutione?
1272 2934 1533 2998 Quonam
1565 2935 1744 3008 igitur
1774 2940 1940 3006 pacto
1967 2936 2053 2989 di-

2150 1767 2653 1846 ἐπισφραγισθεῖσαν
2714 1768 2802 1822 ὑπ’
2858 1766 3055 1822 αὐτοῦ’
3114 1767 3190 1828 ὡς
3247 1762 3560 1838 οἰκονομίας
3620 1758 3774 1833 οὔσης

2151 1856 2317 1933 ἁγίων
2388 1861 2486 1923 τῆς
2568 1856 2969 1933 μοιχοζευξίας,
3028 1856 3115 1911 καὶ
3199 1854 3616 1931 ἀκαταγνώστου
3689 1854 3777 1906 τοῦ

2149 1952 2316 2004 ταῦτα
2357 1947 2741 2018 τετελεκότος;
2789 1948 2884 2002 Καὶ
2938 1943 3125 2014 ἐπειδὴ
3184 1945 3248 2001 οὐ
3296 1941 3677 2020 προσεδέξαντο
3703 1944 3778 2011 ’ἡ

2152 2038 2265 2101 ἑνὸς
2293 2039 2541 2109 ἑκάστου,
2571 2038 2607 2108 ἢ
2636 2040 2725 2094 καὶ
2759 2039 2898 2111 ὁμού
2926 2035 3046 2105 δύο,
3077 2036 3113 2106 ἢ
3144 2040 3334 2112 τριῶν,
3366 2036 3402 2105 ἢ
3468 2035 3559 2091 καὶ
3606 2031 3783 2089 πλειό-

2152 2151 2282 2201 νων,
2349 2126 2400 2185 ἔν
2458 2149 2517 2185 τε
2569 2134 2688 2193 τοῖς
2774 2129 3165 2203 μοναστηρίοις
3222 2126 3311 2183 καὶ
3367 2131 3487 2189 τοῖς
3545 2126 3783 2197 κάστροις

2153 2216 2499 2282 κατάκλεισις
2532 2238 2544 2250 ·
2576 2223 2733 2274 τινῶν
2782 2216 2838 2274 δὲ
2886 2217 3244 2293 μαστιγώσεις
3297 2215 3387 2271 καὶ
3425 2212 3782 2287 κουσπισμοί’

2154 2311 2440 2382 πανταχοῦ
2497 2313 2602 2381 γῆς
2647 2328 2706 2362 τε
2760 2306 2849 2362 καὶ
2907 2305 3178 2375 θαλαττης
3247 2301 3786 2378 διατεθρυλλημένων

2154 2399 2399 2467 τούτων;
2432 2400 2590 2473 Ὑπὲρ
2639 2398 2786 2459 τίνος
2830 2395 2925 2452 οῦν
2970 2400 3138 2451 ταῦτα
3184 2396 3378 2466 πάντα,
3423 2392 3522 2449 ’ίνα
3567 2390 3791 2447 συνελὼν

2158 2487 2334 2558 εἷ’πω;
2369 2489 2496 2563 Οὐχ
2560 2488 2692 2562 ὑπὲρ
2745 2492 2844 2542 τοῦ
2908 2488 2981 2559 μὴ
3040 2483 3429 2561 καταδέγεσθαι
3487 2483 3659 2539 εἰπεῖν
3709 2479 3792 2534 καὶ

2160 2576 2580 2654 συγκαταθέσθαι
2623 2578 2721 2647 τῆν
2770 2572 3069 2651 παράϐασιν
3122 2579 3219 2630 τοῦ
3269 2570 3611 2650 Εύαγγελίου
3655 2569 3792 2626 οἱκο-

2160 2670 2353 2742 νομίαν
2389 2687 2401 2700 ·
2454 2670 2522 2738 ἣν
2580 2667 2655 2729 ὡς
2707 2668 2976 2740 σωτήριον
3034 2666 3123 2721 καὶ
3191 2664 3397 2739 ίσάγιον
3460 2664 3512 2717 o't
3575 2659 3791 2716 ἐναντίοι

2162 2755 2467 2829 ἐξεϐόησαν,
2498 2756 2821 2831 ἐμπράκτως
2879 2755 2968 2810 καὶ
3014 2759 3094 2827 τῷ
3142 2752 3296 2830 λόγῳ
3339 2753 3416 2814 εἷς
3458 2753 3557 2807 τὸν
3602 2750 3794 2823 κόσμον

2160 2848 2249 2902 καὶ
2284 2847 2481 2901 εἰσέτιο
2516 2844 2605 2900 καὶ
2661 2841 2765 2906 ἕως
2823 2844 2885 2899 ἂν
2939 2842 3264 2917 ἐπιμένωσιν
3322 2840 3494 2902 οὕτως
3559 2838 3794 2915 λέγοντες

2163 2938 2252 2991 καὶ
2310 2937 2634 3011 πράττοντες
2689 2932 2777 2989 διὰ
2832 2934 2926 2988 τὸν
2986 2930 3429 3009 διωγμόνςῘΙῶς
3479 2929 3576 2985 οὖν
3623 2948 3794 3005 φασιν,

414 3030 572 3089 cunt,
605 3021 783 3092 quod,
816 3022 1048 3078 nemine
1101 3023 1442 3080 adversante
1480 3030 1581 3080 aut
1612 3028 1874 3092 docente,
1897 3026 2056 3097 ipsos

2167 3027 2250 3081 ὅτι
2311 3022 2541 3098 μηδενὸς
2592 3022 2979 3095 ἀνθισταμένου
3038 3022 3128 3077 καὶ
3179 3018 3527 3081 διδάσκοντος
3585 3015 3802 3073 καλέσο-

417 3126 696 3166 vocemus
718 3109 1016 3168 hereticos
1035 3110 1062 3166 7
1083 3109 1423 3169 Commenta
1439 3118 1579 3170 sunt
1609 3116 1722 3171 ista
1750 3132 1876 3186 quae
1909 3115 2055 3169 dixi-

425 3216 555 3257 mus
602 3206 660 3257 et
716 3203 964 3270 somnia,
995 3219 1068 3257 an
1107 3202 1289 3258 vera?
1319 3204 1382 3259 Et
1415 3205 1688 3276 quoniam
1721 3221 1854 3261 vera
1880 3210 2015 3261 sunt
2037 3223 2055 3259 :

418 3290 712 3363 quomodo
745 3306 858 3346 non
888 3291 1103 3362 ubique
1141 3293 1350 3347 docent
1386 3299 1443 3348 et
1501 3294 1816 3365 praedicant
1866 3294 2056 3349 verbis

417 3380 698 3449 factisque
718 3379 746 3433 ‘I
775 3381 884 3434 Aut
909 3382 1201 3450 quomodo
1243 3397 1363 3448 vos,
1404 3382 1523 3439 illis
1571 3400 1685 3439 non
1737 3383 2054 3451 credentes,

419 3469 839 3541 propemodum
857 3485 990 3524 cum
1023 3470 1164 3540 ipsis
1196 3470 1296 3542 qui
1328 3471 1450 3527 htec
1483 3472 1683 3529 dicunt
1713 3474 1882 3530 statis
1912 3473 2057 3544 (sed,

420 3558 528 3613 etsi
561 3557 916 3613 tacuerimus
942 3575 1073 3625 nos,
1098 3560 1255 3615 orbis
1284 3560 1407 3630 ipse
1441 3562 1739 3618 veritatem
1771 3563 2060 3634 testatur),

414 3646 771 3703 horrendum
785 3646 997 3702 silentii
1008 3648 1027 3718 j
1039 3648 1111 3703 ud
1122 3649 1295 3705 icium
1310 3651 1367 3705 in
1382 3666 1481 3706 vos
1502 3650 1659 3721 ipsos
1673 3652 2063 3708 attrahentes?

417 3733 807 3798 Quamobrem
865 3751 971 3806 ego
1028 3735 1268 3794 humilis
1313 3754 1489 3810 cogor
1540 3756 1654 3795 non
1712 3740 1902 3809 silere,
1945 3740 2062 3796 sive

423 3822 660 3895 scripto,
693 3822 810 3880 sive
835 3824 961 3880 sine
991 3825 1232 3897 scripto,
1256 3828 1439 3895 quoad
1489 3829 1639 3884 vires
1682 3830 1894 3895 ferunt,
1927 3846 2061 3886 cum

418 3911 626 3968 timore
655 3929 721 3967 ac
745 3916 1012 3982 tremore,
1036 3930 1168 3969 cum
1200 3916 1330 3971 vita;
1359 3916 1733 3973 discrimine:
1768 3918 1875 3975 etsi
1906 3919 2061 3989 quis-

418 4002 577 4073 piam
609 4006 863 4057 vestrum
900 4005 1143 4059 fortasse
1173 4021 1284 4060 non
1307 4007 1644 4073 necessario,
1669 4008 1854 4063 dicam
1889 4016 1942 4064 el
1963 4026 2063 4064 su-

418 4106 789 4163 pervacaneo,
823 4109 913 4148 me
944 4092 1062 4148 haec
1091 4093 1274 4149 facere
1305 4096 1613 4152 existimet.

489 4273 703 4329 Verum
750 4274 822 4328 ad
881 4290 999 4328 rem
1033 4276 1267 4330 tandem
1315 4276 1503 4331 veniat
1559 4278 1761 4333 oratio.
1809 4280 1928 4347 Ais,
1964 4295 2063 4335 ne-

425 4362 581 4417 mine
610 4364 947 4417 adversante
976 4368 1075 4418 aut
1114 4365 1353 4419 docente
1402 4368 1679 4422 mmchari
1727 4369 2065 4441 sacrilegos-

424 4468 536 4523 que
556 4450 875 4517 absolvere,
892 4467 1003 4523 quo
1028 4452 1159 4520 jure
1196 4454 1325 4509 illos
1345 4455 1708 4525 appellemus
1730 4457 2068 4515 haereticos?

428 4539 701 4596 Moechari
750 4555 909 4610 ergo,
941 4544 998 4595 et
1053 4541 1386 4612 sacrilegos,
1436 4543 1752 4612 absolvere,
1783 4548 1953 4602 verbo
1984 4547 2069 4602 illi

430 4646 627 4686 revera
660 4645 771 4684 non
803 4630 1046 4692 docent:
1071 4646 1204 4685 cum
1228 4647 1331 4687 nec
1362 4642 1555 4700 gentes
1588 4648 1713 4705 quae
1746 4635 1926 4707 legem
1951 4652 2065 4694 non

435 4719 649 4774 habent
690 4718 965 4773 mmchari
998 4719 1243 4775 doceant
1276 4735 1290 4776 :
1324 4737 1509 4792 neque
1540 4738 1645 4778 nos
1685 4727 1837 4780 nude
1866 4726 1973 4781 hoc
1999 4727 2071 4782 ab

439 4806 558 4861 illis
588 4806 702 4861 dici
736 4806 1074 4876 posuimus:
1108 4809 1203 4863 sed
1238 4811 1389 4880 quod
1416 4811 1799 4869 adulterinum
1830 4816 2075 4886 conjun-

441 4894 689 4951 ctionem
724 4894 1133 4964 approbantes,
1164 4900 1221 4950 et
1250 4914 1377 4968 quae
1422 4898 1505 4952 illi
1561 4916 1785 4955 annexa
1833 4908 1993 4967 sunt,
2024 4909 2075 4957 et

442 4999 542 5053 per
573 4999 693 5036 eum
726 4982 870 5039 alias
919 4984 1205 5053 Evangelii
1252 4989 1747 5058 transgressiones
1774 5006 1904 5045 cum
1935 4990 2079 5045 divi-

441 5087 650 5127 norum
682 5087 967 5127 canonum
987 5074 1449 5144 iufractionibus,
1476 5077 1787 5132 salutarem
1812 5095 1936 5134 esse
1953 5080 2081 5134 dis-

441 5160 839 5232 pensationem
864 5161 1164 5232 interjecto
1188 5165 1556 5221 anathemate
1588 5167 1951 5236 sancientes;
1990 5174 2079 5222 at-

444 5264 557 5319 que
588 5249 695 5304 hoc
725 5249 919 5319 ipsum
946 5253 1001 5305 in
1035 5252 1159 5307 dies
1183 5270 1282 5323 per
1312 5254 1515 5308 exsilia
1537 5269 1910 5326 carceresque
1933 5273 2080 5327 quos

442 5336 559 5392 dixi
588 5336 968 5407 vindicantes,
1005 5340 1376 5411 Evangelium
1409 5341 1684 5397 solverint
1731 5360 1796 5399 ex
1848 5351 2082 5403 sancto-

445 5441 569 5480 rum
610 5428 911 5496 sententia,
946 5435 999 5483 et
1038 5431 1245 5484 virtute
1286 5430 1778 5501 dispensationem
1824 5434 1880 5488 in
1922 5438 2080 5492 omni

443 5515 910 5586 praevaricatione
940 5517 1061 5573 ﬁeri
1077 5524 1373 5575 astruunt:
1392 5520 1778 5579 immutabilis
1801 5523 1899 5581 Dei
1923 5541 2083 5582 man-

521 5670 570 5706 "
599 5674 732 5730 Can.
766 5674 805 5731 8
836 5681 1007 5747 apost.
1033 5678 1201 5751 juxta
1229 5678 1467 5735 Graecos.

2170 3136 2264 3189 μεν
2308 3113 2501 3175 αὐτοὺς
2553 3110 2895 3187 αἱρετικούς;
2955 3110 3225 3167 Φαντασία
3294 3109 3359 3164 τὰ
3427 3106 3800 3185 προλεχθέντα

2163 3203 2253 3259 καὶ
2293 3198 2512 3275 ὄνειροι,
2539 3201 2574 3271 ἢ
2625 3200 2805 3271 ἀληθῆ
2835 3221 2851 3270 ;
2882 3198 3105 3270 Ἐπειδὴ
3158 3197 3214 3255 δὲ
3251 3198 3458 3269 ἀληθῆ,
3490 3201 3611 3252 πῶς
3677 3191 3800 3273 οὒχὶ

2165 3291 2506 3348 διδάσκουσιν
2563 3292 2815 3346 ἑκάστοτε
2896 3291 2985 3346 καὶ
3068 3289 3427 3364 κηρύττουσιν
3513 3284 3658 3361 ἔργῳ
3717 3284 3800 3338 καὶ

2166 3382 2352 3457 λόγῳ;
2385 3384 2419 3452 ἢ
2468 3384 2585 3443 πῶς
2635 3380 2744 3455 οὐχ
2799 3380 2954 3453 ὑμεῖς
3010 3380 3325 3452 πειθόμενοι
3373 3377 3586 3445 αὐτοῖς,
3613 3374 3802 3449 μικροῦ

2169 3470 2277 3528 δεῖν
2339 3478 2454 3543 μετ’
2491 3471 2670 3525 αὐτῶν
2726 3472 2834 3524 τῶν
2890 3466 3161 3545 λεγόντων
3210 3466 3434 3522 ’ίστασθε
3489 3463 3667 3538 (ἆλλά
3719 3462 3802 3516 καὶ

2169 3561 2255 3617 ἐὰν
2306 3563 2470 3631 ἡμεῖς
2523 3563 2841 3630 σιωπῶμεν,
2873 3558 2938 3613 τὰ
2976 3555 3179 3631 πέρατα
3227 3558 3331 3630 βοᾷ
3376 3555 3477 3624 τὴν
3506 3553 3804 3624 ἀλήθειαν),

2166 3651 2229 3706 τὸ
2268 3644 2498 3729 φοϐερὸν
2548 3654 2647 3717 τῆς
2699 3650 2913 3714 σιωπῆς
2955 3651 3128 3719 κρῖμα
3183 3642 3267 3722 ἐφ’
3312 3644 3536 3706 ἑαυτοὺς
3579 3641 3807 3699 ἐπισπώ·

2173 3759 2363 3813 μενοις
2400 3739 2475 3793 Δι’
2531 3738 2593 3807 ἣν
2643 3736 2816 3791 αἰτίαν
2849 3735 2960 3811 ἐγὼ
3000 3736 3028 3790 ὁ
3074 3735 3326 3797 ταπεινὸς
3376 3736 3474 3790 τοῦ
3527 3733 3605 3806 μὴ
3657 3734 3802 3806 σιγᾷν

2169 3828 2542 3902 ἀναγκάζομαι
2594 3824 2871 3903 ἐγγράφως
2925 3846 2985 3880 τε
3045 3826 3132 3879 καὶ
3183 3824 3464 3901 ἀγράφως,
3522 3822 3662 3877 κατὰ
3710 3821 3804 3889 τῆν

2169 3919 2385 3993 ἐνοῦσάν
2441 3938 2533 3991 μοι
2583 3914 2824 3990 δύναμιν,
2879 3915 3014 3988 μετᾶ
3058 3909 3231 3993 φόϐου
3273 3914 3363 3968 καὶ
3409 3911 3647 3987 τρόμου,
3681 3908 3810 3984 μετὰ

2170 4014 2512 4084 παρασκευῆς
2569 4005 2838 4060 θανάτου·
2875 4004 2971 4059 κᾶν
3027 4024 3111 4065 τις
3173 4004 3326 4075 ὑμῶν
3381 4000 3521 4064 ’ίσως
3564 4000 3662 4055 οὐκ
3694 4000 3809 4054 ἀνα-

2169 4098 2394 4175 γκαίως,
2426 4096 2567 4152 ετίπω
2598 4094 2645 4152 δ’
2676 4096 2760 4152 ὅτι
2806 4095 2897 4151 καὶ
2953 4093 3363 4169 περιττολόγως
3424 4089 3597 4148 οἴεται
3651 4093 3809 4146 ταῦτα

2172 4187 2404 4262 ἐνεργεῖν
2442 4208 2528 4261 με.

2242 4275 2397 4333 Ἀλλ’
2428 4276 2515 4331 ἐπὶ
2573 4276 2636 4329 τὸ
2692 4275 3049 4350 προκείμενον
3075 4273 3103 4327 ὁ
3136 4271 3316 4345 λόγος.
3350 4273 3552 4348 Ἕφης,
3589 4267 3813 4342 μηδενὸς

2174 4366 2521 4439 ἐνισταμένου
2604 4365 2695 4419 καὶ
2776 4361 3121 4424 διδάσκοντος
3201 4382 3288 4416 τοι
3373 4363 3656 4434 μοιχεύειν
3729 4357 3814 4412 καὶ

2178 4458 2327 4514 λύειν
2356 4458 2482 4519 τοὺς
2520 4453 2789 4531 ἀνιέρους,
2826 4458 2946 4514 πῶς
2996 4451 3237 4528 εὐλόγως
3277 4451 3581 4524 καλέσομεν
3630 4449 3817 4510 αὐτοὺς

2178 4547 2518 4622 αἱρετικούς;
2552 4545 2843 4619 Μοιχεύειν
2899 4540 2991 4597 οὗν
3050 4542 3137 4595 καί
3194 4541 3341 4597 λύειν
3399 4538 3528 4601 τοὺς
3577 4542 3817 4614 ἁνιέρους

2178 4640 2256 4709 τῷ
2286 4635 2462 4714 λόγῳ,
2496 4633 2718 4703 ἀληθὲς,
2751 4632 2814 4687 ού
2845 4629 3188 4687 διδάσκουσιν
3209 4652 3223 4665 ·
3258 4628 3371 4685 ἐπεὶ
3408 4626 3549 4702 μηδὶ
3584 4628 3653 4682 τὰ
3698 4622 3816 4714 ἔθνη

2181 4724 2247 4779 τὰ
2306 4711 2382 4794 μῆ
2429 4725 2595 4797 νόμον
2649 4720 2846 4797 ἔχοντα
2914 4720 3191 4795 μοιχεύειν
3239 4715 3479 4773 διδάσκει
3513 4735 3528 4749 ⁸
3558 4718 3650 4771 καὶ
3700 4711 3821 4774 οὐδὲ

2188 4816 2346 4886 ἡμεῖς
2400 4816 2615 4886 γυμνῶς
2663 4815 2823 4866 τοῦτο
2876 4808 3131 4890 ἐκφωνεῖν
3178 4806 3375 4869 αὐτοὺς
3424 4804 3711 4879 έεεθέμεθα
3741 4825 3755 4838 ⁶
3785 4802 3820 4873 ἦ

2186 4903 2268 4956 ὅτι
2324 4902 2423 4969 τῆν
2483 4900 2862 4975 μοιχοζευξίαν
2920 4897 3255 4970 κυρώσαντες
3309 4895 3401 4950 καὶ
3444 4895 3513 4950 τὰ
3544 4897 3637 4949 σῦν
3666 4892 3820 4965 αὐτῇ,

2185 4990 2273 5045 καὶ
2333 4988 2401 5044 δι’
2442 4988 2606 5057 αὐτῆς
2666 4987 2847 5062 ἐτέρας
2903 4981 3237 5062 παραϐάσεις
3298 4988 3396 5039 τοῦ
3451 4981 3821 5059 Εὐαγγελίου,

2188 5082 2280 5134 σὺν
2342 5084 2459 5139 ταῖς
2516 5082 2622 5132 τῶν
2678 5077 2835 5132 θείων
2894 5075 3135 5131 κανόνων
3210 5073 3448 5142 λύσεσιν,
3507 5072 3820 5143 οἰκονομίαν

2189 5169 2322 5223 εἶναι
2380 5169 2650 5241 σωτήριον
2714 5166 2802 5221 ὑπ’
2832 5163 3126 5236 ἀναθέματι
3160 5181 3174 5195 ⁸
3227 5162 3318 5217 καὶ
3382 5164 3543 5217 τοῦτο
3598 5159 3825 5215 καθεκά-

2189 5278 2319 5325 στην
2378 5253 2712 5317 ἕκδικοῦντες
2772 5252 2860 5309 διᾶ
2916 5257 3026 5308 τῶν
3103 5250 3522 5326 προλεχθέντων
3600 5247 3823 5321 ἐξοριῶν

2188 5348 2276 5401 καὶ
2335 5344 2613 5423 φυλακῶν,
2668 5347 2730 5400 τὸ
2790 5342 3119 5421 Εὐαγγέλιον
3206 5341 3468 5397 λελύκασι
3541 5341 3677 5395 κατὰ
3734 5339 3828 5407 τήν

2190 5422 2371 5512 φωνὴν
2398 5437 2505 5488 τῶν
2535 5434 2704 5510 ἁγίων
2733 5453 2744 5465 ·
2795 5433 2884 5488 καὶ
2944 5430 3168 5503 δυνάμει
3216 5429 3306 5485 ἐπὶ
3353 5431 3533 5499 πάσης
3578 5422 3829 5502 παραϐά-

2189 5544 2324 5587 σεως
2379 5521 2693 5597 οἷ’κονομίαν
2748 5521 2987 5599 γίνεσθαι
3066 5520 3406 5577 ὑποτίθενται
3439 5536 3453 5551 ο
3510 5517 3604 5579 τὰς
3660 5512 3829 5572 ἀναλ-
