4084 6284
385 470 534 529 107Ἶ

1658 464 2036 527 EPISTULA
2051 464 2206 523 BUM
2257 464 2397 521 LIB.
2446 466 2494 524 Ι.

3622 465 3772 528 1078

384 601 648 662 λοιώτους
696 597 920 661 ἐντολὰς
963 603 1060 652 τοῦ
1109 603 1242 653 Θεοῦ
1291 595 1711 664 ἀλλοιώσαντες,
1762 599 1853 652 καὶ
1905 618 1996 670 τρε

2135 597 2267 652 data
2295 599 2583 655 variantes
2613 605 2667 654 et
2700 601 2998 656 mutabilia
3029 604 3370 656 statuentes.
3409 601 3478 656 Et
3508 600 3604 670 qui
3638 617 3773 671 pos-

380 691 518 752 πτάς
589 686 1047 748 ἀποδεικνύοντες,
1123 687 1219 741 Καὶ
1294 692 1410 750 πῶς
1488 686 1534 742 δ’
1608 687 1665 742 ἂν
1745 688 1842 742 οὐκ
1917 687 2014 741 εἷεν

379 777 684 834 ἀλλοιωταὶ
732 779 821 832 καὶ
873 779 1118 852 τρεπταὶ,
1172 775 1284 850 εἴγε
1341 772 1803 851 παραϐαινὸμενοι
1860 776 2012 829 οἰκο-

379 869 568 942 νομίαι
618 870 902 941 σωτήριοι,
936 866 1080 942 ἔργῳ
1130 868 1219 921 καὶ
1261 866 1412 942 λόγῳ
1458 865 1755 929 συνοδικῶς
1806 865 2016 940 δογμα-

378 958 656 1027 τίζονται;
692 959 779 1025 Μὴ
829 957 930 1033 γὰρ
962 957 1036 1018 εἷς
1086 960 1344 1010 τοσοῦτον
1398 955 1594 1030 ψεῦδος
1643 952 2014 1031 προκὸψωσιν,

382 1050 517 1105 ὥστε
551 1053 624 1122 μή
682 1049 861 1124 λέγειν
907 1049 1099 1110 αὐτοὺς
1134 1047 1488 1119 πεποιηκέναι
1543 1047 1787 1103 σύνοδον.
1825 1047 1888 1103 Ei”
1938 1049 2013 1120 μή

377 1141 475 1207 τήν
549 1137 929 1212 μοιχοζευξίαν
999 1137 1262 1210 ὀνομάσαι
1341 1138 1654 1210 οἰκονομίαν
1726 1136 2016 1213 ἰσόρροπον

377 1228 540 1302 ἁγίων
575 1247 589 1260 ·
640 1227 685 1281 εἰ
743 1229 819 1299 μὴ
867 1226 1254 1298 ἀναθεματίσχι
1301 1227 1428 1289 τοὺς
1493 1229 1566 1300 μή
1628 1224 2014 1301 προσιεμένους

378 1319 568 1388 αὐτήν.
620 1317 680 1372 Εἰ
731 1314 788 1372 δὲ
836 1315 1056 1390 λέγουσι
1109 1318 1184 1390 μὴ
1235 1318 1642 1390 ἀναθεματίσαι,
1693 1318 1825 1392 ὑπὲρ
1871 1315 2015 1377 τίνος

377 1401 696 1476 ἀνεϐόησαν,
727 1411 850 1468 Τοῖς
904 1407 979 1478 μή
1033 1403 1357 1480 δεχομένοις
1402 1407 1497 1467 τὰς
1547 1406 1862 1478 οἰκονομίας
1909 1410 2015 1460 τῶν

376 1493 567 1570 ἁγίων,
615 1495 854 1568 ἀνάθεμα
902 1487 1078 1563 ἕστως
1127 1493 1306 1564 Δῆλον
1350 1497 1450 1570 γὰρ
1497 1494 1603 1563 ὅτι,
1653 1493 2010 1568 ἒνισταμένων

373 1589 535 1637 τινῶν
570 1585 644 1657 μὴ
696 1581 967 1657 δέχεσθαι,
1001 1586 1036 1652 ἡ
1088 1583 1394 1658 έκφώνησις
1430 1605 1442 1618 ·
1497 1586 1541 1638 εἰ
1594 1585 1669 1657 μὴ
1723 1585 2010 1658 μεθύομεν.

377 1672 507 1746 Περὶ
553 1671 711 1735 ποίας
761 1671 817 1727 δὲ
869 1673 1171 1733 ὑποθέσεως
1221 1672 1403 1744 ἄλλης
1448 1677 1483 1743 ἡ
1537 1672 1801 1742 ἔνστασις,
1833 1675 1868 1744 ἢ
1912 1681 2012 1743 τῆς

376 1761 796 1836 μοιχοζευξίας;
846 1761 1050 1817 Ούκοῦν
1098 1761 1355 1837 ἀσφαλῶς
1403 1762 1569 1833 αὐτῆς
1617 1761 1769 1818 ἕνεκα
1817 1765 1844 1817 ὁ
1890 1764 2011 1818 ἀναο

373 1850 713 1924 θεματισμός
747 1871 760 1884 ο
797 1852 874 1914 ὡς
906 1851 1073 1922 οὔσης
1123 1854 1259 1908 κατὰ
1288 1853 1384 1915 τὰς
1429 1858 1537 1908 τῶν
1589 1853 1753 1928 ἁγίων
1808 1852 2010 1908 οἰκονο-

2127 687 2242 740 sint
2273 688 2507 743 mobilia
2529 706 2593 743 ac
2621 689 2920 744 mutabilia
2944 707 3058 746 non
3079 690 3288 756 esse,si
3315 689 3632 744 salutarem
3658 689 3777 744 dis-

2125 777 2518 845 pensationem
2550 795 2674 832 esse
2729 781 2956 850 quando
3009 779 3316 847 violantur,
3369 795 3428 835 re
3477 796 3544 834 ac
3591 779 3765 834 verbo

2127 865 2397 936 synodica
2430 866 2686 922 docent?
2717 867 2839 923 Non
2872 868 3026 922 enim
3052 872 3168 922 tam
3203 869 3572 938 impudenter
3595 885 3769 923 men—

2128 953 2358 1022 tientur,
2395 961 2457 1010 ut
2484 957 2767 1028 synodum
2805 973 2834 1010 a
2871 973 2931 1012 se
2963 962 3212 1012 coactam
3247 963 3458 1029 negent
3487 974 3500 1011 :
3527 958 3576 1012 si
3609 957 3767 1012 adul-

2128 1045 2372 1099 terinam
2405 1046 2832 1116 copulationem
2867 1046 3033 1101 fateri
3057 1046 3245 1102 nolint
3276 1047 3768 1118 dispensationem

2126 1135 2349 1189 sanctis
2382 1151 2572 1203 parem
2617 1136 2958 1205 appellasse,
2994 1152 3097 1191 nec
3143 1153 3240 1191 eos
3295 1138 3392 1208 qui
3442 1138 3603 1192 illam
3654 1154 3768 1192 non

2126 1222 2411 1294 recipiunt
2427 1226 3144 1291 excommunicasse.0uod
3166 1226 3211 1280 si
3234 1226 3770 1282 excommunicasse

2127 1314 2342 1381 negant
2375 1329 2389 1366 :
2430 1329 2712 1383 quorsum
2746 1313 2888 1368 illud
2922 1315 3316 1369 exclamarunt
3349 1331 3362 1368 :
3399 1313 3471 1370 lis
3503 1316 3600 1384 qui
3633 1332 3766 1371 san-

2125 1404 2351 1456 ctorum
2375 1403 2837 1474 dispensationes
2860 1420 2972 1458 non
2999 1403 3302 1473 recipiunt,
3319 1404 3626 1460 anathema
3648 1407 3768 1460 sit?

2125 1489 2498 1560 Perspicuum
2531 1497 2620 1547 est
2650 1493 2972 1559 enim,cum
3008 1492 3410 1562 recipereillas
3432 1493 3611 1564 aliqui
3645 1493 3768 1549 nol-

2125 1580 2416 1647 lent,inde
2440 1587 2632 1638 natam
2664 1600 2792 1638 esse
2823 1584 3206 1650 sanctionem,
3232 1583 3340 1638 nisi
3366 1583 3513 1639 ebrii
3535 1601 3763 1640 sumus.

2123 1669 2386 1732 Quanam
2421 1688 2554 1732 veno
2586 1673 2655 1727 de
2705 1688 2765 1727 re
2809 1673 2924 1728 alia
2955 1671 3197 1742 quaestio
3226 1675 3348 1727 erat
3378 1675 3767 1744 praeterquam

2124 1761 2194 1816 de
2226 1761 2470 1816 adulteri
2521 1762 2979 1832 conjunctione?
3018 1762 3257 1833 Propter
3295 1761 3454 1815 illam
3504 1777 3638 1833 ergo
3667 1778 3765 1817 ex-

2125 1851 2574 1908 communicatio
2607 1869 2620 1905 :
2658 1858 2721 1906 ut
2751 1868 2878 1922 quae
2903 1854 3072 1921 juxta
3103 1855 3435 1907 sanctorum
3467 1852 3768 1923 dispensa-

376 1940 522 2014 μίας.
580 1942 679 1996 Καὶ
730 1941 774 1996 εἰ
831 1941 924 2014 μὲν
977 1940 1285 2015 ἐφάμιλλος
1336 1943 1546 2014 αὐταῖς,
1593 1943 1647 1997 αἱ
1692 1947 1798 1997 τῶν
1850 1942 1998 2019 ἁγίωπ

2123 1942 2307 1998 tiones
2338 1943 2486 1997 facta
2515 1947 2688 1997 esset.
2725 1942 2790 1996 Et
2823 1941 3054 2013 quidem
3089 1941 3138 1996 si
3190 1957 3390 1996 earum
3423 1941 3636 1997 similis
3668 1942 3762 2010 sit,

1210 2031 1224 2048 ς
1300 2033 1312 2048 ρ
1377 2032 1401 2049 οι

372 2028 681 2101 οἰκονομίαι
715 2029 1018 2102 παράνομοι
1053 2048 1066 2062 ·
1101 2030 1148 2084 εἷ
1181 2027 1236 2085 δὲ
1269 2033 1320 2085 οἱ
1369 2032 1532 2104 ἅγιοι,
1565 2031 1626 2086 οὗ
1675 2032 2006 2106 παράνομοι,

373 2118 506 2194 ὅπερ
537 2118 741 2189 ἀληθές
775 2137 789 2150 ⁸
840 2118 995 2173 αὐτοὶ
1045 2119 1534 2192 ἀνεθεματίσθησαν
1590 2122 1665 2194 μὴ
1716 2122 2008 2195 προσιέμε-

369 2229 456 2264 νοι
503 2209 602 2277 τήν
659 2207 1039 2282 μοιχοζευξίαν
1075 2228 1089 2241 ’
1134 2209 1231 2264 κᾶν
1289 2209 1505 2284 τέχναις
1562 2211 1886 2288 σοφίζωνται
1942 2210 2012 2265 τὰ

371 2297 572 2373 ἐναργῆ
619 2295 795 2376 ἀφανῆ
855 2295 1131 2353 δεικνύειν.
1184 2297 1341 2355 Ἀλλ’
1398 2300 1687 2374 ἀμήχανον
1744 2297 2009 2375 κρυϐῆναι

370 2394 433 2442 τὸ
462 2387 699 2464 γεγονός.
732 2390 857 2445 ’Ότι
888 2386 946 2443 δὲ
994 2386 1373 2462 ἀμετάϐλητοι
1405 2392 1459 2444 αἱ
1509 2389 1718 2445 ἐντολαὶ
1767 2395 1862 2445 τοῦ
1915 2389 2009 2445 E6-

374 2477 658 2554 αγγελίου,
716 2478 876 2533 ἄκουε
923 2482 1018 2532 τοῦ
1081 2477 1324 2553 μεγάλου
1370 2477 1655 2534 Βασιλείου
1718 2481 1957 2554 βοῶντος
1992 2498 2007 2512 ⁸

371 2567 524 2641 Τάχα
580 2564 809 2620 τονῶσαί
873 2588 981 2640 μου
1037 2567 1138 2635 τήν
1199 2569 1406 2642 ψυχὴν,
1447 2567 1536 2622 καὶ
1598 2568 2006 2645 νηπτικωτέραν

371 2659 506 2728 πρὸς
533 2655 595 2710 τὸ
644 2654 836 2728 ἐφεξῆς
884 2663 1216 2725 καταστῆσαι
1250 2658 1277 2711 ὁ
1333 2656 1533 2729 Κύριος
1581 2654 1898 2728 ἠϐουλήθη,
1932 2659 2005 2720 ὡς

374 2747 450 2818 μή
480 2750 768 2820 προσέχειν
819 2745 1150 2819 ἀνθρώποις,
1185 2743 1328 2800 ἀλλὰ
1361 2744 1449 2801 διὰ
1488 2751 1595 2801 τῶν
1638 2747 2005 2824 εύαγγελικῶν

368 2832 605 2888 ἐντολῶν
652 2834 1082 2909 καταρτίζεσθαι.
1118 2835 1187 2890 Αἲ
1234 2831 1360 2890 οὔτε
1412 2843 1647 2910 καιροῖς,
1699 2835 1820 2892 οὔτε
1864 2859 2004 2912 περι-

367 2927 612 2980 στάσεσιν
642 2925 993 3002 ἀνθρωπίνων
1045 2924 1381 2999 πραγμάτων
1428 2923 2002 3000 συμμεταϐάλλονται,

365 3012 492 3068 ἀλλ’
524 3015 622 3088 [αἱ]
650 3014 803 3069 αὐταὶ
841 3011 1179 3086 διαμένουσιν
1217 3033 1228 3046 ’
1267 3015 1340 3075 ὡς
1373 3018 1734 3090 προήχθησαν
1773 3016 1880 3071 ἀπὸ
1908 3022 2003 3072 τοῦ

362 3101 628 3177 ἀψευδοῦς
673 3103 763 3157 καὶ
813 3104 1080 3178 μακαρίου
1130 3105 1424 3176 στόματος,
1473 3103 1617 3159 οὕτω
1667 3103 2003 3176 διαιωνίζου’

361 3213 471 3251 σαι.
503 3193 570 3250 Οἱ
629 3190 684 3247 δὲ
735 3190 806 3246 δι’
837 3192 1069 3255 ἐναντίας
1119 3193 1441 3268 κηρύξαντες
1469 3195 1567 3262 τὴν
1617 3195 2000 3272 μοιχοζευξίαν

361 3283 674 3356 οἶκενομίαν
707 3285 999 3357 σωτήριον,
1033 3283 1082 3337 τί
1128 3280 1270 3338 ἄλλο
1301 3281 1336 3352 ἢ
1384 3283 1612 3356 τρεπτᾶς
1653 3284 1746 3346 τὰς
1779 3284 2002 3348 ἐντολὰς

363 3372 460 3427 τοῦ
493 3376 626 3426 Θεοῦ
669 3371 1054 3447 ἀπεφήναντο;
1105 3378 1178 3440 πῆ
1238 3373 1330 3442 μὲν
1385 3367 1891 3446 μεταϐαλλομένοις,
1924 3382 1998 3444 πῆ

363 3457 420 3514 δὲ
461 3460 520 3515 οὐ
576 3456 1084 3533 μεταϐαλλομένας,
1137 3459 1264 3515 ἀλλ’
1309 3459 1625 3537 ἓνεργούσας
1671 3463 1948 3537 ἀτρέπτως
1983 3484 2001 3498 ο

357 3553 572 3624 καιροῖς
633 3545 691 3602 δέ
735 3569 842 3602 τισι
889 3548 978 3602 καὶ
1037 3549 1409 3622 περιστάσεσιν
1457 3551 1844 3624 ἀνθρωπίναις,
1898 3550 2000 3605 ὥσ-

357 3657 459 3711 περ
520 3635 716 3715 ἔφασαν
773 3638 928 3693 αὐτοὶ
986 3641 1109 3713 περὶ
1149 3643 1254 3693 τῶν
1309 3642 1670 3714 κρατούντων,
1735 3636 2001 3712 μεταϐαλ-

359 3727 616 3800 λομένας,
650 3727 734 3781 καὶ
791 3728 866 3797 μὴ
902 3725 976 3788 εἰς
1026 3727 1254 3800 ἀνομίαν
1298 3725 1679 3803 λογιζομένας,
1713 3729 1857 3784 ἀλλὰ
1896 3729 1995 3804 γὰρ

357 3815 446 3869 καὶ
479 3819 738 3870 τοσοῦτον
790 3814 948 3888 ἰσχὺν
992 3814 1247 3890 ἐχούσας,
1281 3816 1356 3878 ὡς
1398 3816 1643 3880 καὶτοὺς
1693 3820 1766 3890 μὴ
1822 3838 1998 3891 προσ-

360 3903 604 3976 ιεμένους
658 3903 844 3974 αὐτὰς,
895 3905 1059 3980 ἤγουν
1102 3906 1197 3966 τὰς
1241 3900 1569 3979 παραϐάσεις
1615 3907 1732 3975 τὰς,
1766 3907 1840 3970 ὥς
1891 3928 1994 3981 φα-

352 4014 457 4060 σιν,
506 3992 823 4066 οἰκονομίας
876 3999 983 4047 τῶν
1035 3993 1231 4069 ἁγίων,
1284 3995 1806 4067 ἀναθεματισμὲνους
1851 3997 1995 4071 παρὰ

350 4085 423 4155 τῇ
451 4083 754 4154 Ἐκκλησία
786 4083 918 4137 εἶναι
945 4105 960 4154 ;

428 4266 696 4335 Συνῆκται
729 4260 824 4316 οὖν
859 4260 1098 4317 ἐντεῦθεν
1127 4261 1279 4317 οὒδὲν
1322 4261 1526 4338 ἕτερον,
1628 4267 1689 4319 τὸ
1736 4267 1827 4319 τὸν
1862 4267 1990 4321 Θεὸν

348 4352 575 4425 τρεπτὸν
610 4352 743 4406 εἶναι
797 4351 886 4405 καὶ
927 4351 1236 4407 ἀλλοιωτὸν
1272 4372 1284 4384 °
1340 4354 1704 4427 ὁμοιουμένου
1750 4360 1847 4409 τοῦ
1898 4355 1991 4410 λέ-

345 4463 538 4518 γοντος
571 4447 649 4513 τῷ
700 4441 884 4514 οἰκείῳ
935 4443 1110 4518 λόγῳ,
1159 4444 1220 4498 τό
1268 4466 1324 4498 τε
1371 4444 1696 4520 Εὐαγγέλιον
1737 4445 1984 4520 ἂόριστον

346 4532 484 4607 πρός
516 4551 574 4585 τε
623 4533 896 4605 σωτηρίαν
945 4532 1033 4586 καὶ
1065 4531 1364 4590 ἀπώλειαν.
1397 4539 1532 4608 Ἀρα
1578 4535 1679 4610 γὰρ
1709 4535 1796 4590 ἐπὶ
1847 4537 1988 4590 πάν-

342 4642 451 4674 των
486 4619 809 4695 ἀνθρώπων,
842 4623 929 4676 καὶ
982 4622 1066 4677 ἐπὶ
1114 4625 1290 4692 πάσης
1341 4623 1568 4693 ἐντολῆς
1609 4621 1985 4698 παραϐάσεως,

2122 2031 2353 2102 injustas
2377 2033 2616 2087 fuerunt
2655 2035 2992 2086 sanctorum
3045 2029 3559 2102 dispensationes:
3604 2034 3664 2086 at
3713 2031 3764 2085 si

2119 2121 2305 2177 sancti
2336 2121 2536 2192 injusti
2580 2137 2693 2177 non
2727 2124 2883 2187 sunt,
2919 2120 2996 2174 uti
3033 2135 3225 2175 revera
3273 2136 3387 2175 non
3437 2123 3612 2188 sunt;
3663 2137 3763 2175 ex-

2119 2210 2526 2266 communicati
2541 2209 2625 2264 illi
2642 2209 3036 2280 fueruntquod
3050 2209 3440 2264 adulterinam
3455 2208 3763 2280 copulatio-

2121 2317 2250 2356 nem
2267 2316 2381 2355 non
2397 2299 3082 2370 recipiant,quantumvis
3097 2298 3408 2354 artificiose
3426 2299 3479 2352 id
3496 2302 3762 2370 agant,ut

2119 2407 2246 2462 quae
2287 2390 2596 2462 perspicua
2638 2395 2796 2457 sunt,
2831 2388 3078 2444 obscura
3115 2389 3379 2444 reddant.
3413 2389 3524 2444 Sed
3564 2388 3760 2444 occul-

2117 2479 2227 2534 tari
2260 2480 2460 2550 nequit
2490 2479 2644 2550 quod
2678 2479 2894 2534 factum
2917 2478 3168 2534 est.Jam
3197 2493 3330 2532 vero
3363 2479 3516 2548 quod
3547 2477 3758 2534 immu-

2116 2568 2317 2623 tabilia
2347 2568 2464 2623 sint
2493 2567 2784 2638 Evangelii
2817 2567 3114 2632 mandata,
3148 2567 3285 2622 audi
3318 2567 3598 2622 Basilium
3631 2567 3757 2623 Ma—

2116 2673 2294 2728 gnum
2353 2657 2698 2712 clamantem
2747 2674 2760 2712 :
2821 2657 3090 2715 Fortasse
3145 2657 3446 2712 intendere
3503 2656 3760 2712 animam

2117 2763 2329 2815 meam,
2363 2747 2903 2816 vigilantioremque
2953 2747 3011 2802 in
3046 2754 3338 2818 posterum
3371 2746 3611 2802 reddere
3640 2745 3758 2802 Do-

2115 2839 2310 2892 minus
2359 2837 2560 2906 voluit,
2595 2843 2660 2891 ut
2713 2837 2978 2891 homines
3027 2854 3141 2892 non
3193 2837 3474 2902 attendat,
3507 2837 3607 2890 sed
3657 2853 3760 2908 per

2114 2927 2450 2998 evangelica
2465 2926 2738 2982 mandata
2753 2926 3236 2997 perﬁciatur,quze
3253 2941 3355 2980 nec
3370 2925 3754 2993 temporibus,

2111 3017 2554 3073 nechumanaru
2565 3034 2618 3072 m
2635 3031 2823 3071 rerum
2839 3015 3290 3070 circumstantiis
3304 3018 3758 3086 commutantur,

2111 3123 2313 3161 verum
2347 3109 2545 3162 eadem
2574 3111 2939 3179 permanent,
2963 3105 3116 3160 sicut
3143 3122 3212 3160 ex
3242 3105 3406 3160 beato
3437 3109 3493 3160 et
3516 3105 3756 3159 minime

2114 3195 2303 3252 fallaci
2351 3213 2448 3252 ore
2494 3196 2851 3266 prodierunt,
2884 3196 2967 3249 sic
3020 3195 3179 3250 omni
3212 3211 3327 3249 sevo
3377 3209 3756 3265 perseveran—

2112 3284 2212 3339 tia.
2264 3287 2472 3340 Contra
2519 3300 2671 3352 vero,
2715 3285 2814 3355 qui
2860 3283 3203 3338 adulteriam
3262 3283 3754 3353 conjunctionem,

2113 3373 2426 3428 salutarem
2441 3374 2934 3445 dispensationem
2950 3388 3076 3428 esse
3089 3371 3579 3442 docueruntzquid
3596 3371 3754 3427 aliud

2110 3463 2330 3531 dicunt,
2381 3481 2554 3535 quam
2609 3463 2904 3519 mutabilia
2956 3479 3082 3518 esse
3125 3463 3224 3518 Dei
3289 3463 3581 3532 mandata,
3632 3479 3752 3533 quas

2109 3569 2264 3608 nunc
2296 3556 2524 3626 quidem
2579 3559 2904 3620 mutentur,
2939 3568 3092 3608 nunc
3143 3551 3382 3606 minime
3434 3555 3753 3619 mutentur,

2107 3646 2207 3699 sed
2240 3643 2683 3700 immutabiliter
2713 3652 2885 3714 agant
2927 3660 2939 3698 :
2986 3652 3037 3697 et
3079 3641 3353 3697 nonnulis
3390 3641 3751 3713 temporibus

2106 3741 2279 3807 atque
2303 3735 2576 3790 humanis
2608 3733 3078 3793 circumstantiis,
3103 3733 3252 3787 sicut
3283 3733 3395 3802 ipsi
3419 3732 3490 3786 de
3512 3732 3751 3802 impera-

2104 3825 2330 3880 toribus
2360 3825 2631 3879 dixerunt
2663 3828 2985 3889 mutentur,
3019 3828 3076 3877 et
3118 3823 3187 3877 ad
3233 3821 3596 3889 iniquitatem
3629 3838 3746 3876 non

2103 3914 2470 3984 imputentur
2502 3931 2514 3967 :
2550 3930 2782 3968 rursum
2818 3918 3007 3967 autem
3039 3917 3261 3967 tantam
3309 3912 3422 3964 vim
3474 3910 3746 3977 habeant,

2103 4013 2163 4061 ut
2191 4005 2288 4075 qui
2319 4021 2382 4059 ea
2416 4021 2530 4060 non
2564 4004 2916 4074 suscipiunt,
2950 4003 3059 4058 hoc
3088 4007 3197 4069 est,
3229 4000 3743 4071 transgressiones,

2106 4111 2232 4164 qua
2270 4099 2332 4148 ut
2364 4094 2471 4164 ipsi
2507 4095 2692 4160 aiunt,
2727 4090 3187 4161 dispensationes
3217 4092 3352 4143 sunt
3382 4091 3739 4152 sanctorum,

2100 4183 2469 4238 anathemate
2500 4184 2846 4237 damnentur
2875 4181 2946 4235 ab
2978 4179 3276 4234 Ecclesia?

2171 4271 2248 4324 Ex
2281 4270 2372 4324 his
2402 4286 2534 4339 ergo
2595 4270 2898 4324 coniicitur
2919 4268 3063 4323 nihil
3091 4267 3270 4334 aliud,
3295 4283 3466 4336 quam
3492 4265 3744 4320 mutabi-

2100 4361 2210 4415 lem
2244 4360 2398 4414 Deus
2434 4375 2561 4414 esse
2597 4376 2608 4412 :
2645 4364 2707 4414 ut
2739 4359 2889 4412 dicto
2922 4375 3028 4413 suo
3060 4357 3268 4412 similis
3301 4355 3374 4410 sit
3404 4355 3504 4426 qui
3535 4355 3759 4409 dixerit

2097 4454 2153 4504 et
2185 4450 2553 4519 Evangelium
2587 4449 2919 4503 indifferens
2952 4463 3078 4502 esse
3102 4447 3172 4500 ad
3207 4445 3453 4501 salutem
3476 4449 3533 4499 et
3555 4444 3742 4514 perdi-

2096 4537 2498 4592 tionem.Num
2524 4537 2679 4592 enim
2711 4537 2767 4591 in
2790 4537 3062 4591 omnibus
3083 4535 3507 4599 hominibus,et
3532 4533 3588 4586 in
3613 4549 3738 4586 om-

2098 4626 2154 4680 ni
2193 4627 2450 4680 mandati
2501 4625 2963 4697 transgressione
3014 4623 3363 4694 dispensatio
3413 4627 3520 4689 est,
3555 4638 3626 4676 an
3676 4621 3737 4676 in

345 4708 636 4782 οἷκονομία
669 4730 683 4743 ⁸
716 4711 751 4780 ἢ
785 4707 837 4764 ἔν
889 4732 999 4766 τισι
1031 4711 1120 4766 καί
1147 4733 1290 4783 τινι;
1327 4714 1428 4768 Καὶ
1457 4714 1540 4776 τίς
1589 4717 1623 4783 ἡ
1658 4714 1987 4789 ἀποκλήρω-

2110 4717 2474 4786 quibusdam,
2499 4720 2555 4770 et
2579 4716 2638 4769 in
2664 4695 2860 4785 aliquo
2887 4715 2914 4769 ’ἶ
2944 4715 3008 4769 Et
3032 4729 3296 4784 quasnam
3329 4727 3459 4767 sors
3491 4712 3596 4766 ista
3621 4716 3732 4779 est,

344 4819 427 4859 σις
459 4803 554 4850 τοῦ
600 4797 687 4852 έπί
735 4819 843 4854 τισι
880 4801 974 4873 μὲν
1025 4803 1115 4856 καί
1145 4823 1252 4857 τινι
1298 4801 1455 4873 εἶναι,
1489 4803 1575 4857 ἐπὶ
1629 4801 1685 4858 δέ
1730 4825 1839 4858 τισι
1890 4805 1978 4858 καί

339 4907 452 4941 τινι
485 4884 781 4960 οὗὸαμῶς;
831 4889 926 4943 Καὶ
961 4891 1096 4960 πρὸς
1145 4891 1307 4945 τίνων
1341 4891 1444 4966 ἆρα
1488 4894 1577 4946 καὶ
1609 4893 1754 4966 παρά
1802 4893 1982 4947 πόσων

339 4975 404 5029 τὸ
433 4974 776 5047 οἷ’κονομεῖν;
811 4978 962 5053 Παρὰ
993 4980 1264 5054 ἱεραρχῶν
1307 4983 1509 5053 μόνων,
1543 4983 1578 5052 ἢ
1628 4982 1716 5036 καὶ
1747 4981 1933 5055 ἱερέων
1964 5003 1977 5051 ;

343 5061 650 5125 Συνοδικῶς
699 5065 733 5132 ἢ
784 5067 873 5120 καὶ
925 5065 1110 5128 ἱδικῶς
1155 5065 1420 5141 ἓκαστον;
1475 5072 1572 5124 Καὶ
1634 5071 1677 5125 εἰ
1729 5070 1815 5124 ἐπὶ
1873 5074 1980 5125 τῶν

341 5151 610 5228 βασιλέων
647 5152 850 5226 μόνων,
883 5155 970 5209 ἐπὶ
1019 5162 1119 5224 τῆς
1157 5159 1411 5230 μοιχείας
1465 5158 1658 5230 μόνης,
1693 5162 1726 5230 ἢ
1778 5159 1867 5213 καὶ
1897 5159 1982 5238 ἐφ’

335 5240 567 5311 ἑκάστης
617 5243 996 5316 παρανομίας;
1053 5247 1152 5300 Καὶ
1213 5251 1330 5308 πῶς
1386 5248 1473 5302 ἐπὶ
1529 5254 1636 5304 τῶν
1705 5248 1974 5324 βασιλέων

335 5331 718 5404 ὑποχωροῦσιν
746 5333 800 5387 αἱ
831 5337 926 5386 τοῦ
958 5337 1094 5388 Θεοῦ
1123 5331 1345 5389 έντολαί
1371 5354 1386 5404 ;
1416 5334 1451 5404 ἢ
1484 5338 1724 5406 πάντως,
1759 5340 1833 5401 ὡς
1879 5346 1977 5409 τῆς

337 5419 617 5496 βασιλείας
661 5422 827 5476 αὐτοῦ
858 5421 1013 5484 τέλος
1064 5423 1304 5498 ἐχούσης
1342 5443 1353 5455 '
1389 5425 1472 5478 ὅτι
1520 5425 1659 5498 μηδὲ
1700 5428 1972 5502 βασιλέως

335 5510 620 5584 ὑποχωρεῖ
645 5509 838 5582 νόμος,
874 5512 950 5582 μὴ
983 5511 1168 5583 ἑτέρου
1207 5513 1474 5588 βασιλέως
1506 5514 1663 5570 αὐτὸν
1717 5515 1972 5592 διαδεχο-

338 5599 534 5672 μένους
565 5597 745 5653 Ἀλλά
773 5600 876 5673 γὰρ
906 5604 996 5654 καὶ
1025 5605 1185 5656 τοῦτο
1217 5603 1548 5676 ἀπορητέον·
1585 5603 1771 5674 ἐπειδὴ
1809 5628 1973 5684 φησιν

333 5691 361 5744 ὁ
415 5689 556 5748 θεῖος
610 5687 984 5750 Ἀπόστολος·
1045 5693 1115 5746 Οἱ
1183 5691 1437 5766 ἄνδρες,
1504 5693 1798 5768 ἀγαπᾶτε
1861 5695 1973 5758 τὰς

334 5779 582 5833 ἑαυτῶν
650 5784 995 5852 γυναῖκας,
1080 5783 1298 5846 καθὼς
1382 5783 1489 5838 καὶ
1579 5784 1606 5837 ὁ
1687 5786 1971 5858 Χριστὸς

2092 4810 2157 4859 ut
2179 4804 2235 4857 in
2262 4805 2610 4873 quihusdam
2635 4805 2709 4859 sit
2731 4805 2852 4858 etin
2871 4803 3151 4875 aliquo,in
3175 4800 3466 4872 aliquibus
3481 4801 3608 4856 etin
3633 4799 3736 4856 ali-

2093 4910 2206 4965 quo
2223 4910 2592 4966 nequaquam
2607 4894 2692 4948 ‘lA
2707 4894 3061 4965 quibusnam
3078 4897 3292 4962 ergo,et
3311 4907 3511 4961 aquam
3529 4889 3731 4945 multis

2091 4984 2214 5038 haec
2252 4983 2656 5054 dispensatio?
2727 4985 2804 5038 Ah
2858 4983 3112 5054 episopis
3171 4982 3336 5048 solis,
3372 4997 3443 5034 an
3491 4981 3665 5034 etiam
3698 4997 3732 5034 a

2090 5076 2488 5130 sacerdotibus
2512 5075 2539 5129 ‘?
2571 5075 2853 5144 Synodice
2885 5091 2956 5129 an
2991 5073 3251 5142 privatim
3287 5069 3732 5141 utrumque?Et

2089 5164 2135 5220 si
2168 5164 2226 5218 in
2255 5165 2487 5234 regibus
2513 5168 2762 5230 tantum,
2797 5180 2869 5218 an
2916 5163 2976 5216 in
3022 5162 3302 5217 adulterio
3335 5161 3457 5216 solo
3479 5159 3506 5214 *ἶ
3555 5175 3627 5213 an
3669 5159 3728 5213 in

2089 5253 2347 5324 qualibet
2369 5253 2671 5324 iniquitate
2696 5252 2724 5306 ?
2746 5254 2810 5307 Et
2841 5253 3128 5324 quomodo
3152 5252 3207 5304 in
3234 5251 3467 5321 regibus
3497 5251 3729 5304 cessant

2089 5341 2185 5396 Dei
2220 5341 2536 5396 mandata?
2567 5345 2650 5396 An
2679 5341 2917 5397 omnino
2950 5341 3114 5411 quasi
3153 5342 3328 5394 ﬁnem
3361 5338 3567 5393 habeat
3598 5337 3726 5406 ejus

2084 5431 2394 5502 imperium
2431 5449 2443 5485 :
2479 5432 2949 5503 quandoquidem
2981 5447 3084 5485 nec
3117 5429 3485 5500 imperatoris
3536 5429 3728 5482 cessat

2085 5520 2193 5590 lex,
2231 5523 2338 5577 nisi
2372 5524 2688 5592 imperator
2717 5521 2863 5576 alter
2889 5521 3206 5577 succedat?
3227 5521 3334 5574 Sed
3369 5527 3424 5573 et
3447 5518 3552 5571 hoc
3576 5532 3722 5586 quo-

2083 5627 2195 5680 que
2215 5612 2608 5681 indagandum
2633 5616 2754 5665 est:
2782 5626 2912 5664 cum
2944 5611 3099 5664 dicat
3120 5609 3350 5662 divinus
3369 5603 3718 5675 Apostolus:

2085 5701 2218 5766 Viri,
2251 5701 2466 5772 diligite
2495 5717 2692 5757 uxores
2736 5710 2941 5757 vestras
2989 5703 3132 5756 sicut
3161 5708 3213 5754 et
3246 5698 3486 5752 Christus
3516 5693 3718 5748 dilexit

2079 5790 2395 5859 Ecclesium,
2428 5795 2479 5846 et
2507 5792 2748 5860 seipsum
2768 5789 2994 5847 tradidit
3015 5805 3112 5861 pro
3139 5804 3223 5856 ea,
3246 5792 3305 5843 ut
3337 5787 3492 5841 illam
3513 5785 3712 5838 sancti-
