4084 6284
425 394 580 454 1079

421 621 506 672 ret
537 619 652 688 ipse
681 617 788 672 sibi
815 619 1110 688 gloriosam
1143 619 1460 684 Ecclesium,
1485 635 1591 674 non
1624 621 1910 675 habentem
1939 635 2062 674 ma-

420 707 599 760 culam
646 713 738 761 aut
769 724 985 777 rugam,
1013 712 1109 762 aut
1156 708 1369 779 aliquid
1418 709 1755 778 huiusmodi,
1785 712 1874 764 sed
1903 714 1962 763 ut
1991 711 2065 762 sit

417 801 606 851 sancta
638 806 686 850 et
715 799 1067 852 immaculata
1095 797 1178 864 5°;
1227 801 1540 868 quomodo,
1574 816 1694 869 quae
1743 815 1897 853 nunc
1945 799 2066 869 qui-

420 883 551 940 dem
583 885 935 941 adulterium
966 891 1023 940 et
1052 887 1312 941 adulterii
1359 889 1824 958 conjunctionem
1857 888 2066 942 admit-

417 977 520 1041 tat,
553 974 683 1029 aliis
715 979 908 1029 autem
933 992 1066 1030 mox
1097 976 1458 1046 temporibus
1490 977 1711 1032 similes
1741 978 1879 1033 alias
1904 997 1917 1044 ;
1941 977 2063 1032 sine

418 1064 648 1118 macula
677 1068 734 1119 et
762 1063 884 1118 sine
916 1081 1055 1132 ruga
1088 1065 1373 1134 persistat,
1407 1083 1473 1122 ac
1506 1083 1617 1121 non
1650 1067 1941 1122 lutulenta
1960 1080 2065 1138 ρο·

414 1151 531 1205 tius
562 1155 619 1206 et
650 1152 919 1207 sordibus
959 1152 1166 1221 obsita,
1200 1154 1349 1222 quod
1401 1155 1590 1209 dicere
1637 1155 2012 1227 perhorresco
2034 1156 2062 1210 ?

419 1241 696 1296 Decidant
733 1241 851 1296 haec
876 1241 1042 1296 nobis
1067 1242 1194 1296 novi
1227 1244 1687 1314 evangelistm,se
1720 1244 1876 1315 ipsos
1906 1244 2062 1298 enim

419 1330 516 1399 qui
547 1330 687 1384 talia
741 1330 1045 1401 recipiunt,
1089 1332 1401 1386 Ecclesium
1451 1333 1549 1387 Dei
1605 1341 1829 1401 vocant,
1863 1338 1918 1388 et
1964 1350 2063 1388 eos

419 1419 519 1491 qui
551 1421 756 1475 eadem
784 1437 897 1474 non
933 1421 1202 1491 probant,
1236 1421 1500 1478 Ecclesia:
1541 1425 1907 1479 adversarios
1956 1426 2063 1479 de-

418 1513 680 1561 cernunt.
713 1507 820 1560 Sed
857 1524 1050 1562 revera
1085 1509 1244 1578 juxta
1277 1509 1638 1579 pr0phetam.
1664 1511 1876 1565 Stultus
1907 1513 2062 1580 fatua

419 1596 701 1667 loquetur,
725 1600 773 1650 et
798 1611 888 1651 cor
905 1596 1022 1666 eius
1042 1614 1184 1652 vana
1205 1600 1482 1666 cogitabit,
1507 1605 1566 1654 ut
1587 1600 1835 1670 perﬁciat
1858 1603 2065 1673 iniqui-

418 1689 608 1750 tatem,
632 1688 680 1740 et
705 1686 1004 1758 loquantur
1021 1687 1281 1756 aleeum
1305 1688 1695 1758 fraudulenter
1714 1690 1780 1746 “.
1806 1689 2065 1745 Pessima

420 1775 616 1844 itaque
645 1774 877 1829 htBI‘BSiS
910 1775 1031 1830 haec
1060 1779 1165 1831 est.
1193 1777 1381 1848 Atque
1410 1777 1554 1832 illud
1578 1778 1898 1834 beatissimi
1923 1782 2066 1849 Apo-

1665 395 1725 456 S.
1772 394 2172 458 THEODORI
2216 395 2580 456 STUDIT/E

419 527 628 597 ﬁcaret,
659 528 929 583 mandans
976 530 1192 585 lavacro
1222 544 1382 599 aqum
1415 533 1472 584 in
1517 532 1674 584 verbo
1696 549 1715 585 :
1758 539 1818 585 ut
1846 529 2066 585 exhibe-

2182 527 2484 600 ἠγάπησε
2520 527 2637 596 τὴν
2689 525 3092 596 Ἐκκλησίαν
3126 545 3138 558 ⁸

3646 400 3777 461 1080

3196 527 3304 581 καὶ
3345 527 3572 582 ἑαυτὸν
3609 530 3776 604 ποιρὲ-

2175 613 2380 670 δωκεν
2427 616 2584 690 ὑπὲρ
2643 616 2874 685 αὐτῆς,
2911 615 3026 670 ’ίνα
3083 615 3288 685 αὐτὴν
3329 617 3564 692 ἁγιάσῃ
3613 622 3778 673 καθα·

2176 702 2363 773 ρίσας
2429 708 2520 774 τῷ
2589 702 2855 779 λουτρῷ
2909 707 3026 758 τοῦ
3083 699 3324 764 ὕδατος
3386 704 3446 757 ἐν
3507 703 3777 779 ῥήματι·

2167 795 2281 851 ’ίνα
2347 798 2745 869 παραστήση
2814 794 3013 863 αὐτὴν
3083 794 3299 863 ἑαυτῷ
3355 787 3620 863 ἔνδοξον
3679 797 3779 863 τήν

2174 887 2600 958 Ἐκκλησίαν,
2643 887 2728 960 μὴ
2770 880 3056 959 ἔχουσαν
3109 882 3348 937 σπῖλον
3385 883 3421 952 ἢ
3478 881 3777 956 ῥυτίδα,ἤ

2171 983 2394 1032 τιτῶν
2435 977 2764 1032 τοιούτων
2798 993 2811 1005 ·
2855 974 3000 1030 ἀλλ’
3037 972 3145 1028 ’ίνα
3274 973 3436 1048 ἁγία
3473 973 3574 1027 καὶ
3627 973 3781 1047 ἄμω-

2176 1088 2314 1140 μος.
2351 1071 2472 1128 Πῶς
2504 1065 2605 1141 ἆρα
2632 1069 2719 1119 νῦν
2748 1064 2840 1138 μὲν
2873 1064 2972 1132 τὴν
3009 1061 3260 1137 μοιχείαν
3293 1062 3386 1119 καὶ
3425 1062 3779 1136 μοιχοζευξίαν

2171 1156 2586 1232 προσηκαμὲνη,
2619 1155 2670 1209 ἐν
2704 1151 2761 1208 δὲ
2788 1158 2904 1215 τοῖς
2935 1152 3086 1227 πέριξ
3117 1153 3342 1227 χρόνοις
3371 1152 3552 1225 ἒτέρας
3583 1149 3785 1229 ἐφαμίλ-

2174 1244 2323 1313 λους,
2357 1243 2684 1318 διαμείνοιεν
2729 1242 2788 1296 ἂν
2831 1239 3061 1314 ἃσπιλός
3102 1261 3161 1296 τε
3203 1241 3294 1294 καὶ
3344 1237 3647 1314 ἀβρότιδος,
3676 1239 3786 1294 ἀλλ’

2171 1334 2297 1409 οὐχὶ
2337 1328 2797 1408 βεϐὁρϐορωμένη
2829 1349 2843 1400 ;
2877 1332 2905 1386 ’ὁ
2936 1327 3025 1386 καὶ
3057 1331 3268 1407 φρίττω
3302 1331 3501 1399 λέγων.
3535 1326 3787 1402 Διακρινέ-

2169 1445 2343 1478 τωσαν
2378 1425 2511 1495 ἡμῖν
2545 1423 2596 1476 οἱ
2627 1426 2720 1476 νῦν
2753 1419 3129 1496 εὐαγγελισταί
3164 1440 3177 1453 ⁸
3211 1417 3435 1480 ἑαυτοὺς
3465 1416 3565 1494 γὰρ
3612 1419 3787 1478 ταύτας

2171 1513 2601 1585 προσηκάμενοι,
2631 1510 2959 1581 Ἐκκλησίαν
2991 1513 3124 1564 Θεοῦ
3167 1510 3532 1582 ὀνομάζουσιν
3565 1524 3578 1538 ⁸
3610 1505 3788 1561 ἀντιθέ-

2171 1623 2298 1664 τους
2329 1601 2464 1676 αὐτῇ
2495 1601 2620 1665 τοὺς
2663 1602 2740 1674 μὴ
2771 1600 3162 1675 προσιεμένους
3213 1597 3378 1660 αὐτὰς
3424 1595 3789 1673 διακρίναντες.

2173 1689 2330 1748 Ἀλλ’
2363 1687 2553 1760 ὅντως,
2579 1691 2716 1745 κατὰ
2757 1691 2851 1744 τὸν
2883 1690 3202 1768 προφήτην,
3243 1691 3299 1742 Ὀ
3361 1687 3587 1760 μωρὸς
3626 1686 3794 1760 μωρᾶ

2177 1778 2490 1849 λαλήσει,
2525 1777 2631 1832 καὶ
2670 1780 2705 1846 ἡ
2744 1775 2986 1851 καρδία
3025 1775 3227 1831 αὐτοῦ
3271 1776 3523 1847 μάταια
3560 1775 3793 1844 νοήσει,

422 1861 555 1917 stoli
587 1878 872 1933 usurpare
901 1871 982 1918 est
1013 1863 1121 1919 hoc
1153 1865 1276 1920 loco
1313 1882 1324 1919 :
1357 1867 1526 1920 Miror
1552 1866 1689 1938 quod
1708 1870 1782 1922 sic
1811 1876 1924 1922 tam
1959 1870 2063 1922 cito

2182 1872 2290 1922 τοῦ
2344 1866 2693 1922 συντελεῖν
2752 1863 2988 1938 ἄνομα,
3029 1863 3136 1919 καί
3195 1863 3432 1919 λαλεῖν
3491 1864 3655 1939 πρὸς
3695 1861 3793 1916 τὸν

2192 1965 2203 1967 _
2272 1957 2284 1967 .
2427 1953 2500 1967 ς.
2760 1963 2792 1967 --
2842 1953 2860 1967 ς
3048 1955 3056 1967 .
3199 1951 3226 1967 ν
3318 1950 3342 1967 ρ.
3577 1950 3602 1967 ,ν
3781 1951 3792 1967 .

422 1952 824 2022 transferimini
843 1955 910 2007 ab
932 1968 991 2008 eo
1021 1956 1117 2024 qui
1137 1970 1224 2009 vos
1254 1958 1458 2010 vocavit
1489 1959 1546 2010 in
1575 1959 1816 2027 gratiam
1839 1957 2060 2024 Christi,

423 2043 482 2096 in
508 2041 665 2096 aliud
694 2042 1059 2114 Evangelium
1086 2061 1104 2096 :
1138 2044 1277 2115 quod
1324 2060 1431 2100 non
1462 2050 1539 2101 est
1576 2046 1750 2115 aliud,
1783 2048 1896 2101 nisi
1940 2056 2069 2100 sunt

422 2131 602 2201 aliqui
632 2134 728 2202 qui
755 2148 844 2186 vos
875 2133 1221 2200 conturbant,
1243 2139 1296 2189 et
1330 2135 1514 2189 volunt
1551 2146 1860 2191 convertere
1893 2138 2072 2191 Evan—

428 2221 631 2289 gelium
671 2220 890 2276 Christi.
919 2221 1022 2276 Sed
1072 2223 1195 2276 licet
1245 2239 1361 2292 nos,
1410 2234 1505 2279 aut
1552 2226 1779 2295 angelus
1826 2225 1892 2280 de
1937 2227 2071 2280 creto

427 2311 757 2379 evangelizet
787 2312 955 2376 vobis,
984 2315 1354 2383 praeterquam
1396 2316 1536 2384 quod
1577 2315 2074 2386 euangelizavimus

428 2399 594 2464 vobis,
629 2400 919 2454 anathema
947 2401 1017 2454 sit
1045 2399 1110 2454 η.

2179 1957 2331 2012 Θεὸν
2375 1953 2730 2026 πλάνησιν.
2760 1953 3130 2024 Χαλεπωτάτη
3168 1951 3256 2007 οὖν
3289 1950 3495 2026 α’ίρεσις
3541 1950 3689 2021 αὕτη,
3718 1951 3794 2005 καὶ

2177 2046 2237 2100 τὸ
2265 2049 2360 2100 τοῦ
2386 2043 2800 2119 μακαριωτάτου
2819 2043 3164 2100 Ἀποστόλου
3197 2040 3336 2096 ἔστιν
3359 2040 3586 2096 ἐνταῦθα
3617 2040 3795 2114 λέγειν·

2180 2137 2504 2206 Θαυμάζω
2571 2135 2671 2188 ὅτι
2755 2131 2968 2193 οὕτως
3048 2131 3308 2205 ταχέως
3379 2127 3800 2202 μετατίθεσθε

2182 2223 2307 2277 ἀπὸ
2346 2226 2466 2276 τοῦ
2504 2219 2908 2281 καλέσαντος
2953 2220 3121 2291 ὑμᾶς
3160 2217 3220 2273 ἐν
3262 2216 3497 2292 χάριτι
3536 2219 3805 2291 Χριστοῦ

2183 2311 2277 2374 εἷς
2314 2308 2538 2385 ἕτερον
2579 2307 2997 2384 Εὐαγγὲλιον
3036 2329 3048 2340 ⁸
3085 2308 3114 2362 '6
3145 2305 3260 2361 οὐκ
3296 2300 3478 2362 ἔστιν
3519 2303 3721 2359 ἄλλο·
3759 2303 3810 2357 εἷ’

2186 2403 2270 2474 μή
2338 2401 2512 2461 τινὲς
2578 2399 2743 2453 εἰσιν
2813 2399 2874 2452 οἱ
2925 2395 3366 2470 ταράσσοντες
3433 2394 3648 2467 ὑμᾶς’
3712 2390 3808 2445 καὶ

427 2484 772 2547 ἐθέλοντες
816 2507 986 2559 μετα
1024 2490 1301 2563 στρέψαι
1339 2491 1410 2544 τὸ
1451 2490 1864 2567 Εὐαγγὲλιον
1906 2496 2020 2546 τοῦ
2074 2492 2387 2564 Χριστοῦ.
2423 2486 2626 2545 Ἀλλά
2661 2488 2770 2542 καὶ
2811 2485 2913 2540 ἐὰν
2974 2487 3174 2557 ἡμεῖς
3213 2482 3402 2538 αὐτοὶ
3445 2481 3482 2551 ἢ
3542 2479 3810 2558 ἄγγελος

425 2573 485 2645 ἐξ
525 2573 815 2648 οὐρανοῦ
862 2577 1020 2648 ὑμῖν
1061 2577 1589 2653 εὐαγγελίζηται
1628 2582 1772 2654 παρ’
1811 2581 1839 2635 ὃ
1880 2579 2472 2656 εὐηγγελισάμεθα
2511 2577 2688 2650 ὑμῖν,
2730 2576 3022 2646 ἀνάθεμα
3060 2572 3244 2629 ἔστω.

421 2729 425 2734 ί
495 2667 892 2737 Praeterquam
917 2673 1111 2722 autem
1145 2669 1574 2741 evangelizavit,
1594 2689 1708 2727 non
1737 2673 2070 2743 Apostolus,

426 2755 525 2810 sed
555 2754 826 2810 Christus
861 2757 1007 2826 ipse,
1032 2760 1449 2829 evangelizavit
1477 2761 1647 2815 nobis
1678 2762 2072 2833 mmchOsydo-

425 2847 534 2900 dus
563 2844 814 2899 adulteri
847 2848 1342 2917 coniunctionem,
1367 2865 1436 2904 ex
1467 2867 1583 2921 qua
1612 2850 1987 2918 adulterium,
2019 2857 2074 2907 et

427 2932 835 2989 multimodam
869 2935 938 2989 ad
977 2935 1387 2992 mmchandum
1422 2940 1840 3007 inductionem,
1864 2941 2075 2996 saluta-

422 3011 548 3078 rem
581 3039 708 3078 esse
739 3023 1236 3094 dispensationem
1265 3044 1278 3082 :
1314 3033 1368 3082 et
1393 3030 1496 3084 hoc
1527 3029 1628 3085 illa
1661 3030 1872 3101 ubique
1903 3047 2075 3087 evan-

424 3113 634 3184 gelizat
664 3114 855 3168 verbis
879 3115 1196 3186 factisque;
1227 3119 1492 3188 quamvis
1514 3119 1722 3175 callide
1743 3121 2074 3177 dissimulet

2252 2668 2385 2740 Ilap’
2417 2668 2443 2720 ὃ
2491 2664 2547 2720 δὲ
2596 2663 3018 2742 εὐηγγελίσατο,
3060 2662 3168 2736 οὐχ
3216 2662 3243 2716 6
3290 2659 3648 2728 Ἃπόστολος,
3697 2657 3813 2714 ἄλλ’

2181 2756 2342 2816 αὐτὸς
2375 2757 2402 2811 6
2450 2756 2712 2829 Χριστὸς,
2755 2752 3140 2829 εὐηγγελίσατο
3186 2753 3220 2821 ἡ
3278 2747 3680 2824 μοιχοσύνοδος
3723 2748 3811 2815 τήν

2186 2844 2590 2920 μοιχοζευξίαν,
2636 2843 2684 2913 ἐξ
2735 2845 2801 2911 ἧς
2852 2845 2887 2910 ἡ
2944 2840 3190 2916 μοιχεία,
3239 2839 3327 2894 καὶ
3366 2840 3466 2908 τήν
3513 2839 3652 2912 πρὸς
3693 2835 3814 2896 τοὺς

2187 2931 2570 3009 μοιχωμὲνους
2646 2931 3016 3006 πολυτρόπως
3088 2929 3414 3005 ἀπαγωγὴν,
3501 2924 3814 2998 οἰκονομίαν

2184 3026 2481 3098 σωτήριον.
2516 3022 2614 3077 Καὶ
2663 3022 2828 3076 τοῦτό
2869 3021 3009 3074 ἐστιν
3065 3016 3528 3096 εὐαγγελιζομένη
3579 3016 3818 3071 ἑκάστοτε

2185 3110 2330 3188 ἔργῳ
2359 3114 2448 3167 καὶ
2480 3110 2650 3187 λόγῳ,
2683 3110 2779 3164 κᾶν
2809 3116 3176 3184 προσποιῆται
3208 3104 3448 3179 δολερῶς
3484 3103 3815 3180 ὑπολωιρεῖν·

429 3206 509 3268 ut,
541 3205 845 3272 postquam
887 3202 1172 3274 plurimos
1220 3206 1503 3277 deceperit
1553 3216 1607 3263 et
1655 3208 2069 3278 illaqueaverit,

2182 3200 2276 3255 Γίνοι
2326 3200 2458 3274 μετᾶ
2505 3201 2603 3268 τήν
2647 3200 2816 3273 θήραν
2865 3201 2971 3252 τῶν
3037 3196 3443 3264 ἀπατηθέντων,
3493 3194 3589 3248 τὸν
3635 3194 3816 3259 ἑαυτῆς

426 3297 542 3344 tum
579 3290 904 3360 Corybanta
935 3308 1110 3346 suum
1144 3310 1348 3349 sursus
1379 3295 1669 3351 exaltet.A
1704 3314 1820 3368 qua
1852 3299 2072 3353 utinam

426 3380 604 3432 miser
633 3394 764 3448 ergo
790 3381 987 3449 procul
1015 3381 1259 3452 fugiam,
1288 3392 1342 3438 et
1362 3386 1554 3454 fugere
1578 3402 1699 3451 vos,
1727 3392 1790 3440 ut
1812 3392 2075 3457 peccator

426 3484 547 3545 oro,
583 3466 717 3521 licet
739 3468 1071 3524 auscultare
1103 3471 1243 3526 mihi
1267 3473 1466 3528 nolitis
1493 3474 1505 3527 ι
1531 3478 1611 3528 Eu
1654 3476 1848 3545 igitur,
1876 3477 2073 3542 frater,

422 3543 491 3610 ex
520 3555 831 3625 Evangelio
866 3565 919 3611 et
971 3561 1271 3627 apostolis,
1308 3560 1572 3616 similiter
1602 3568 1658 3618 et
1681 3543 1752 3617 ex
1785 3564 2070 3631 Patrihus,

419 3645 651 3699 ostendi
683 3647 807 3712 tibi,
841 3647 891 3702 si
927 3649 1098 3704 modo
1133 3651 1306 3704 ﬁnem
1341 3651 1548 3706 habere
1587 3652 1674 3706 vis
1706 3653 1894 3708 verbis
1925 3656 2075 3708 veri-

425 3733 583 3800 tatis,
613 3735 1121 3804 mcechosynodum
1154 3756 1357 3794 omnes
1384 3740 1618 3795 haeresis
1642 3758 1915 3798 numeros
1953 3745 2076 3800 sine

427 3824 814 3878 controversia
869 3825 1150 3896 explesse,
1193 3829 1263 3881 ab
1319 3829 1598 3884 adulterio
1648 3830 2069 3902 incipientem:

429 3912 662 3967 tametsi
700 3913 1005 3982 paululum
1040 3917 1316 3986 quiddam
1346 3918 1401 3971 in
1437 3919 1622 3974 medio
1646 3923 1986 3989 substraxit,
2008 3939 2074 3976 eo

431 4001 580 4068 quod
617 4001 1006 4058 adulterinam
1043 4010 1268 4060 tantum
1303 4009 1771 4076 conjunctionem
1809 4011 2076 4066 nomina-

431 4089 530 4155 vit,
564 4087 650 4140 vel
688 4091 873 4158 potius
923 4092 1273 4161 praedicavit,
1308 4096 1804 4166 dispensationem
1855 4115 1982 4152 esse
2015 4099 2072 4153 in

433 4177 684 4232 Ecclesia
716 4178 835 4233 Dei.
873 4179 986 4234 Nec
1017 4196 1147 4235 vero
1181 4182 1388 4237 mirere
1420 4185 1466 4237 si
1500 4201 1606 4238 vox
1651 4202 1764 4238 una
1812 4185 2070 4242 haeresim

431 4265 616 4333 pariat
641 4284 652 4320 :
675 4282 805 4322 cum
832 4267 1142 4323 Dominum
1170 4273 1452 4326 dicentem
1481 4273 1716 4328 audias:
1742 4276 1853 4329 lota
1879 4293 2072 4343 unum,

427 4354 522 4404 aut
553 4368 694 4406 unus
740 4370 884 4424 apex
913 4371 1019 4410 non
1066 4359 1372 4427 praeteribit
1422 4377 1459 4415 a
1511 4360 1642 4429 lege,
1682 4361 1845 4416 donec
1892 4365 2078 4418 omnia

426 4443 562 4508 ﬁant
591 4439 658 4494 ⁵³.

500 4529 569 4582 Et
620 4546 752 4585 cave
818 4531 1022 4588 dicas:
1079 4535 1224 4600 Quid
1283 4553 1430 4608 opus
1521 4544 1609 4594 est
1666 4541 1838 4595 nimis
1909 4543 2078 4597 anxie

432 4617 714 4680 laborare,
738 4624 793 4673 et.
823 4635 927 4691 per
958 4638 1134 4676 unam
1168 4623 1479 4681 dictionem
1517 4628 1710 4683 doctas
1731 4631 2078 4700 speculatio-

435 4723 536 4761 nes
566 4723 854 4777 revocare,
883 4719 1055 4780 atque
1077 4711 1182 4768 hoc
1211 4713 1424 4770 illudve
1446 4719 1810 4788 concludere,
1839 4737 1908 4775 ne
1930 4721 2076 4776 forte

433 4795 726 4866 impingas
785 4797 844 4851 in
877 4798 1141 4854 haeresim
1204 4802 1753 4875 Gnosimachorum,
1818 4809 1886 4863 de
1960 4826 2074 4881 qua

439 4883 556 4938 bzec
579 4891 778 4940 auctor
797 4886 882 4944 5‘:
916 4889 1289 4946 Gnosimachi
1313 4901 1471 4958 sunt,
1499 4897 1594 4965 qui
1621 4899 1774 4952 omni
1800 4898 2075 4953 Christia-

436 4990 642 5028 norum
677 4977 952 5044 agnitioni
987 4981 1387 5052 adversantur,
1423 4991 1485 5040 ut
1514 5004 1724 5041 vanum
1775 4993 1831 5040 et
1880 4989 2075 5043 minus

435 5065 828 5120 necessarium
861 5067 1111 5123 laborem
1146 5085 1274 5126 esse
1304 5073 1495 5127 dicant
1525 5091 1743 5141 eorum,
1778 5077 1874 5145 qui
1905 5076 1963 5129 in
1986 5077 2075 5129 di-

432 5151 581 5206 vinis
613 5154 837 5223 scriptis
861 5156 1116 5226 aliquam
1168 5163 1476 5230 exquirunt
1507 5165 1802 5218 scientiam
1839 5182 1850 5217 :
1889 5180 2076 5235 neque

430 5240 585 5294 enim
624 5248 799 5298 Deum
824 5244 979 5299 aliud
1006 5265 1039 5299 ιι
1061 5247 1409 5304 Christianis
1434 5251 1743 5320 postulare,
1768 5253 1874 5306 nisi
1903 5254 2076 5308 bonas

428 5329 704 5386 actiones.
733 5333 1092 5404 QuaprOpter
1122 5337 1467 5408 simpliciter
1496 5355 1786 5410 quemque
1810 5341 2074 5398 incedere

426 5418 638 5474 melius
669 5427 776 5487 est,
805 5438 978 5492 quam
1014 5432 1068 5478 in
1103 5427 1371 5496 dogmate
1394 5431 1798 5497 cognoscendo
1825 5429 2069 5484 multam

423 5522 628 5563 curam
664 5526 894 5580 ponere.
940 5513 1023 5566 Ad
1057 5512 1209 5568 hunc
1238 5529 1373 5585 ergo
1406 5517 1638 5572 modum
1673 5519 2069 5575 Gnosimachi.

499 5685 546 5720 5°
585 5685 788 5757 Ephes.
823 5705 876 5754 ν,
909 5686 1104 5741 25-27.

2186 3285 2508 3363 Κορύϐαντα
2564 3286 2712 3348 αὖθις
2771 3285 3124 3360 ἐπανυψώσῃ.
3167 3286 3266 3347 Ἧς
3319 3287 3418 3352 τὴν
3477 3286 3671 3355 πεῖραν
3727 3279 3818 3356 φύ-

2177 3400 2337 3452 γοιμι
2374 3378 2466 3450 μὶν
2501 3378 2610 3455 ἐγὼ
2643 3379 2670 3432 ὁ
2708 3375 2877 3438 τάλας
2912 3395 2925 3408 ⁸
2980 3380 3171 3450 φυγεῖν
3200 3394 3258 3427 τε
3307 3369 3547 3446 εὔχομαι
3581 3372 3721 3442 ὑμᾶς
3750 3368 3817 3428 ὡς

2183 3466 2513 3542 ἁμαρτωλος
2545 3487 2558 3500 ⁸
2592 3466 2687 3521 κᾶν
2737 3465 2798 3520 οὐ
2835 3463 3123 3540 βούλοισθε
3165 3459 3460 3536 προσέχειν
3516 3481 3613 3532 μοι
3640 3465 3660 3516 !
3689 3455 3818 3513 Ἰδοὺ

2186 3553 2276 3610 οὖν
2333 3555 2464 3632 ἐγὼ,
2516 3552 2737 3630 ἀδελφὶ,
2787 3550 3154 3628 εὸαγγελικῶς
3209 3571 3267 3604 τε
3312 3549 3402 3603 καὶ
3444 3546 3818 3605 ἀποστολικῶς

2185 3645 2325 3719 ὁμοῦ
2354 3666 2412 3700 τε
2441 3645 2529 3699 καὶ
2586 3647 2868 3718 Πατρικῶς
2897 3641 3208 3716 παρέστησά
3253 3660 3362 3708 σοι,
3392 3635 3548 3712 εἷ’περ
3601 3633 3818 3711 βούλοιο

2183 3735 2455 3790 πείθεσθαι
2487 3733 2676 3809 λόγοις
2727 3732 2982 3802 ἀληθείας
3017 3751 3030 3764 ⁸
3064 3730 3149 3785 ὅτι
3187 3727 3395 3803 α’ίρεσιν
3427 3721 3815 3803 ἀναμφιϐόλως

2184 3824 2545 3898 πεπλήρωκεν
2575 3827 2609 3893 ἡ
2647 3820 3072 3896 μοιχοσύνοδος,
3103 3821 3364 3893 ἀρχθεῖσα
3397 3817 3502 3872 ἀπὸ
3548 3819 3648 3884 τῆς
3703 3834 3813 3887 μοι·

2187 3914 2341 3988 χείας
2373 3933 2386 3944 ⁸
2422 3913 2466 3967 εἰ
2515 3913 2603 3966 καὶ
2637 3910 2726 3966 διὰ
2780 3909 2944 3983 μέσου
2995 3908 3352 3986 ὑπελώφησεν
3399 3905 3458 3960 ἐκ
3511 3905 3682 3976 μόνου
3728 3905 3818 3955 τοῦ

2187 4003 2475 4075 ὀνομάσαι,
2511 4000 2724 4073 μᾶλλον
2773 3999 2831 4054 δὲ
2879 3999 3105 4074 κηρύξαι
3150 3999 3248 4066 τὴν
3303 3994 3710 4069 μοιχοζευξίαν,
3741 3990 3818 4044 οἷ-

2187 4097 2444 4165 κονομίαν
2498 4094 2548 4146 ἐν
2609 4097 2677 4164 τῇ
2738 4087 3037 4159 Ἐκκλησία
3091 4091 3187 4142 τοῦ
3231 4090 3364 4141 Θεοῦ
3411 4085 3673 4158 γίνεσθαι.
3729 4082 3818 4136 Καὶ

2191 4186 2264 4256 μὴ
2314 4184 2620 4254 θαυμάσῃς,
2655 4181 2700 4235 εἰ
2750 4180 2844 4251 μία
2891 4179 3040 4254 φωνὴ
3086 4175 3256 4232 τίκτει
3307 4173 3508 4248 α’ίρεσιν
3541 4189 3555 4202 ⁸
3615 4170 3817 4226 ακούων

2183 4278 2280 4328 τοῦ
2313 4272 2507 4345 Κυρίου
2559 4271 2811 4344 λὲγοντος
2847 4283 2861 4300 ⁶
2904 4269 3086 4324 Ἰὦτα
3117 4265 3181 4319 ἓν
3240 4266 3274 4334 ἢ
3320 4265 3436 4335 μία
3480 4260 3718 4336 κεραία
3755 4256 3819 4311 οὐ

2190 4364 2273 4435 μή
2317 4360 2612 4436 παρέλθῃ
2651 4358 2776 4412 ἀπὸ
2814 4360 2929 4411 τοῦ
2967 4356 3190 4429 νόμον,
3231 4350 3354 4416 ἓως
3393 4353 3459 4406 ἃν
3501 4351 3706 4405 πάντα
3741 4346 3824 4424 γέ-

2185 4472 2400 4521 νηταμ

2109 4577 2155 4641 D
2259 4539 2417 4612 Μηδὲ
2449 4539 2576 4615 δόξῃ
2612 4559 2698 4594 σοι
2731 4536 2910 4612 λὲγειν
2947 4555 2959 4568 ⁸
2993 4535 3082 4598 Τίς
3114 4533 3276 4609 χρεία
3320 4530 3818 4634 πολυπραγμονεῖν,

2187 4632 2276 4688 καὶ
2337 4629 2426 4686 διὰ
2484 4635 2610 4704 μιᾶς
2671 4627 2865 4698 λέξεως
2934 4625 3298 4698 ἂνασειράζειν
3369 4624 3464 4684 τὰς
3524 4617 3822 4696 γνωπικᾶς

2189 4721 2439 4795 θεωρίας,
2470 4720 2559 4774 καὶ
2608 4717 2855 4793 συνάγειν
2907 4720 3069 4771 τοῦτο
3114 4713 3328 4768 κάκεῖνο
3359 4731 3374 4783 ;
3400 4710 3495 4766 ⁹ίνα
3545 4711 3622 4784 μὴ
3658 4707 3822 4781 ἐμ.πέ-

2187 4830 2285 4878 σης
2334 4808 2410 4868 εἷς
2471 4808 2571 4874 τὴν
2633 4804 2939 4880 λεγομένην
2996 4806 3104 4857 τῶν
3161 4799 3537 4873 Γνωσιμάχων
3597 4795 3818 4870 α’ίρεσιν,

2185 4898 2306 4971 περὶ
2355 4900 2421 4965 ἧς
2471 4917 2632 4972 φησιν
2677 4896 2704 4949 ὁ
2755 4893 3082 4968 συγγράφων
3115 4910 3126 4923 ·
3189 4890 3543 4962 Γνωσιμάχοι
3591 4888 3645 4941 οἱ

2184 4989 2382 5061 γνώσει
2408 4971 2506 5039 τοῦ
2553 4986 2988 5057 Χριστιανισμοῦ
3039 4980 3467 5044 ἀντιπίπτοντες,
3499 4976 3551 5030 ἐν
3603 4979 3684 5043 τῷ
3733 4971 3820 5026 λέ-

2183 5096 2297 5150 γειν
2326 5073 2521 5135 αὐτοὺς
2567 5071 2929 5146 ὅτι-περισσόν
2973 5091 3028 5125 τι
3077 5072 3323 5123 ποιοῦσιν
3376 5068 3426 5120 οἱ
3473 5065 3698 5150 γνώσεις
3745 5082 3821 5150 τι-

2183 5149 2274 5225 νὰς
2305 5162 2654 5232 ἐκζητοῦντες
2706 5160 2756 5216 ἐν
2801 5165 2920 5221 ταῖς
2971 5160 3141 5219 θείαις
3191 5160 3426 5232 Γραφαῖς
3461 5173 3472 5185 ·
3527 5149 3684 5207 οὐδὲν
3723 5149 3822 5225 γὰρ

2184 5252 2324 5306 ἄλλο
2358 5255 2510 5320 ζητεῖ
2558 5251 2586 5304 ὁ
2634 5249 2764 5310 Θεὸς
2811 5247 2955 5322 παρὰ
3007 5249 3350 5321 Χριπιανοῦ,
3385 5241 3430 5297 εἰ
3482 5241 3558 5313 μὴ
3605 5241 3820 5313 πράξεις

2181 5339 2371 5403 καλάς.
2425 5340 2648 5417 Ἀγαθὸν
2697 5337 2788 5393 οὖν
2839 5338 2949 5392 ἐστι
3001 5333 3214 5407 μᾶλλον
3264 5329 3653 5404 ἁπλουστέρως
3706 5324 3823 5381 τινὰ

2181 5430 2522 5503 πορεύεσθαι,
2581 5427 2669 5483 καὶ
2732 5423 2900 5500 μηδὲν
2959 5421 3139 5497 δόγμα
3193 5421 3493 5495 γνωστικῆς
3567 5434 3824 5491 πραγμα-

2179 5515 2321 5579 τείας
2351 5516 2850 5592 πολυπραγμονεῖν.
2892 5510 3052 5570 Οὕτω
3086 5510 3180 5584 μὲν
3216 5507 3307 5564 οὖν
3360 5507 3412 5562 οἱ
3442 5503 3820 5577 Γνωσιμάχοι.

1180 5686 1223 5720 ⁵1
1255 5689 1368 5745 Isa.
1403 5705 1578 5758 xxxu,
1609 5692 1663 5748 6.
1739 5692 1787 5725 ⁵³
1819 5691 2004 5748 Galat.
2037 5709 2070 5761 ι,

2182 5693 2230 5748 Β.
2306 5691 2353 5726 ⁸³
2385 5691 2586 5748 Matth.
2625 5708 2679 5757 v,
2716 5689 2800 5744 18.
2878 5685 2926 5722 ¹⁴
2954 5687 3220 5745 Damasc.
3260 5684 3335 5740 De
3366 5681 3565 5737 heres;
