4084 6284
334 438 481 499 1081

1614 441 2159 508 EPISTOLARUM
2206 440 2360 499 LIB.
2406 438 2452 496 Ι.

3579 429 3737 490 1082

333 569 430 657 Δός
460 569 551 625 ὀῦν
583 574 769 641 αὐτὸς,
801 574 949 650 εἷ’περ
980 570 1144 651 ἔχεις,
1178 575 1236 631 ἐκ
1280 576 1437 632 θείων
1484 583 1699 657 φωνῶν,
1731 576 1817 633 ὅτι
1866 577 1971 653 οὐχ

2088 577 2234 629 Doce
2262 586 2396 627 vero
2428 573 2513 637 tu,
2556 567 2603 624 si
2640 570 2824 639 potes,
2855 582 2924 620 ex
2962 562 3173 618 divinis
3200 561 3430 617 Litteris
3461 560 3731 617 haeresim

331 652 536 728 αἵρεσις
568 678 579 690 ο
613 659 701 712 καὶ
737 663 943 738 μήῗμοι
975 662 1189 731 πλῆθος
1241 652 1663 738 ἐποίσῃςξμηδὲ
1709 666 1836 725 τοὺς
1879 652 1969 718 νυέ

330 739 608 810 κτερινοὺς
659 737 923 803 θεοσεϐεῖς
973 741 1153 818 αὔχει,
1196 737 1530 820 γνωστικούς
1560 767 1619 800 τε
1658 744 1749 807 οὕς
1796 744 1971 820 λέγεις

332 827 419 880 καὶ
469 826 693 905 ἱδιώτας
744 832 833 886 καὶ
893 833 1109 906 φίλους.
1174 837 1231 890 Εἰ
1298 838 1397 910 γὰρ
1443 832 1734 905 θεοσεϐεῖς,
1784 842 1890 892 ποῦ
1934 841 1969 907 ἡ

332 915 653 991 παρῥησία;
691 923 791 977 Καὶ
827 922 871 975 εἰ
910 927 1203 997 γνωστικοί
1252 928 1362 998 (καὶ
1417 928 1527 1002 οὐχ
1575 927 1658 982 ὅτι
1710 930 1811 982 οὐκ
1869 928 1971 983 εἰσὶ

334 1002 477 1079 λέγω
509 1028 519 1039 ·
556 1008 823 1085 ὁμολογῶ
852 1013 952 1085 γὰρ
985 1012 1230 1075 πολλοὺς
1259 1017 1348 1069 καὶ
1381 1016 1512 1090 ὑπὲρ
1543 1016 1640 1089 ἐμὲ
1677 1017 1767 1071 τὸν
1816 1015 1971 1072 ἲδιώ-

331 1115 429 1182 την
466 1114 478 1127 ⁸
512 1095 640 1153 ἀλλ’
664 1096 813 1173 εἷ’περ
839 1095 1048 1156 ἔθουσιν
1081 1102 1389 1174 ἀλήθειαν),
1414 1104 1624 1176 δείξωσι
1656 1112 1970 1182 γνωστικῶς

332 1180 381 1252 ἐξ
410 1183 575 1251 αὐτῆς
615 1193 714 1255 τῆς
744 1186 1029 1259 ἀληθείας,
1061 1191 1151 1245 καὶ
1187 1192 1293 1262 μὴν
1345 1193 1434 1247 καὶ
1475 1192 1536 1247 ἐκ
1580 1180 1970 1267 παραδειγμά-

331 1293 460 1338 των,
494 1272 543 1341 ἐξ
576 1274 925 1348 ἁρμοζόντων
978 1276 1057 1349 δὲ,
1087 1278 1234 1335 ἀλλὰ
1283 1282 1358 1354 μὴ
1401 1280 1452 1353 ἐξ
1496 1278 1847 1355 ἀσυμϐάτων,
1881 1282 1969 1337 καὶ

335 1363 663 1419 ὑπεναντίων
695 1370 763 1432 τῇ
823 1368 1055 1440 ἀληθείᾳ
1108 1369 1197 1423 καὶ
1262 1376 1377 1431 τοῖς
1436 1371 1826 1433 ἁποστολικοῖς
1881 1371 1969 1426 καὶ

330 1456 620 1525 Πατρικοῖς
675 1456 878 1511 κανόσι.
942 1459 1039 1513 Καὶ
1097 1458 1139 1512 εἰ
1193 1458 1349 1535 φίλοι
1398 1461 1532 1514 κατά
1572 1462 1722 1530 Θεὸν,
1754 1464 1871 1523 πῶς
1900 1465 1969 1535 τῇ

330 1542 588 1615 κοινωνίᾳ
614 1549 722 1598 τῶν
742 1543 1068 1619 ἑτεροδόξων
1102 1553 1518 1618 κοινωνοῦντες;
1551 1549 1622 1604 Οὐ
1670 1551 1772 1625 γὰρ
1819 1549 1970 1627 φίλοι

331 1629 384 1683 οἱ
414 1636 653 1687 τοιοῦτοι
687 1632 938 1703 ἀληθινοὶ
968 1638 1055 1691 καὶ
1090 1639 1292 1694 πιστοί.
1328 1640 1572 1714 Πρόσεχε
1603 1638 1716 1709 οὖν,
1749 1637 1968 1716 ἀδελφέ,

326 1718 381 1773 τί
410 1719 438 1772 ὁ
471 1720 614 1782 θεῖος
659 1722 938 1786 Βασίλειος
981 1724 1131 1801 λέγει
1174 1728 1310 1800 πρὸς
1340 1728 1467 1790 τοὺς
1499 1728 1550 1783 ὲν
1582 1729 1801 1801 ,πλήθει
1850 1729 1971 1803 κρί-

328 1828 517 1873 νοντας
544 1813 642 1878 τὴν
676 1810 956 1882 ἀλήθειαν.

402 1901 463 1955 Ὀ
496 1900 572 1972 μή
602 1901 851 1975 τολμῶν,
883 1905 1038 1979 φησί,
1071 1903 1256 1960 δοῦναι
1300 1908 1467 1982 λόγον
1526 1915 1625 1978 τῆς
1678 1910 1969 1984 προκειμέ-

328 2008 426 2057 νης
483 1990 782 2061 ζητήσεως,
846 1992 986 2063 μηδὲ
1035 1994 1281 2070 εὐπορῶν
1338 1996 1686 2069 ἀποδείξεως,
1745 2000 1833 2052 καὶ
1879 1996 1967 2052 διά

329 2081 491 2132 τοῦτο
523 2081 870 2155 καταφεύγων
904 2082 979 2145 εἰς
1033 2082 1267 2153 πλῆθος,
1311 2085 1581 2163 ὁμολογεῖ
1630 2090 1729 2157 τήν
1780 2091 1968 2158 ἧτταν,

330 2166 405 2227 ὼς
440 2164 591 2221 οὐδὲν
622 2164 767 2242 ἔχων
800 2169 1105 2245 παρρησίας
1135 2171 1368 2250 ἐφόδιον.
1406 2178 1522 2229 Καὶ
1568 2178 1709 2248 μεθ’
1745 2175 1966 2251 ἕτερα·

332 2256 570 2325 Λειξάτω
603 2278 698 2330 μοι
732 2258 939 2322 κάλλος
988 2260 1245 2332 ἀληθείας
1275 2261 1369 2318 κᾶν
1421 2268 1521 2335 εἴς,
1571 2266 1658 2320 καὶ
1709 2265 1973 2338 σύντομος

330 2346 488 2407 εὐθὺς
517 2348 552 2415 ἡ
600 2347 789 2405 πειθώ.
827 2348 1047 2419 Πλῆθος
1103 2349 1159 2407 δὲ
1202 2354 1381 2427 χωρὶς
1431 2353 1753 2426 ἀποδείξεως
1785 2356 1970 2410 αὐθενο

329 2438 477 2504 τοῦν,
526 2431 762 2513 φοϐῆσαι
815 2440 908 2511 μὲν
960 2440 1164 2509 ἱκανὸν,
1212 2448 1393 2497 πεῖσαι
1445 2442 1503 2498 δὲ
1562 2444 1827 2518 οὐδαμοῦ.
1896 2451 1975 2501 ”Η

330 2523 493 2578 πόσαι
538 2524 794 2600 μυριάδες
827 2528 1076 2583 πείσουσί
1116 2551 1183 2603 με
1210 2533 1309 2601 τήν
1356 2531 1563 2607 ἡμέραν
1613 2532 1779 2588 νύκτα
1808 2534 1975 2606 νομί-

334 2633 444 2684 σαι,
494 2612 528 2681 ἢ
578 2616 639 2669 τὸ
698 2614 943 2693 χαλικοῦν
994 2619 1240 2692 νόμισμα
1312 2626 1548 2695 χρυσοῦν
1616 2621 1833 2694 εἰδέναι,
1885 2623 1974 2677 καὶ

335 2698 479 2755 οὕτω
531 2701 807 2782 δέχεσθαι,
851 2708 885 2776 ἢ
936 2708 1249 2782 προσίεσθαι
1302 2708 1640 2785 δηλητήρίον
1690 2710 1974 2787 πρόδηλον

335 2791 450 2845 ἀντί
498 2793 857 2865 καταλλήλου
931 2804 1185 2876 τροφῆς;
1241 2800 1370 2854 Εἶτα
1409 2799 1615 2874 γηίνων
1666 2803 1761 2872 μὲν
1811 2804 1977 2870 ἠνεκα

334 2880 673 2954 πραγμάτιον
703 2884 807 2939 οὐκ
846 2883 1278 2960 αἰδεσθησόμεθα
1327 2887 1539 2953 πλῆθος
1576 2887 1923 2963 ψευδομένων
1959 2910 1974 2923 ο

335 2969 606 3043 οὐρανίων
639 2969 695 3025 δὲ
726 2975 889 3050 χάριν
940 2971 1227 3049 δογμάτων
1261 2977 1518 3049 νεύμασιν
1568 2976 1976 3041 ἀναποδείκτοις

334 3058 696 3131 ἀκολουθήσω
731 3081 743 3094 ·
791 3067 897 3118 τῶν
929 3062 1097 3118 πάλαι
1125 3066 1218 3119 καὶ
1265 3065 1546 3141 πρόπαλαι
1581 3066 1714 3139 μετά
1758 3065 1977 3137 πολλῆς

338 3150 675 3229 συμφωνίας,
714 3152 803 3206 καὶ
862 3160 961 3223 τῆς
1011 3158 1118 3208 τῶν
1168 3154 1334 3228 ἁγίων
1385 3161 1607 3232 Γραφῶν
1658 3156 1979 3231 μαρτυρίας,

338 3237 752 3312 παραδοθέντων
825 3241 1245 3318 ἀναχωρήσας;
1305 3245 1415 3300 Οὐκ
1491 3246 1799 3318 ἠκούσαμεν
1884 3250 1980 3301 τοῦ

2082 679 2196 718 non
2228 675 2396 716 esse:
2448 662 2505 714 et
2538 674 2610 713 ne
2642 656 2784 711 mihi
2837 652 3273 710 multitudinem
3309 650 3574 721 objicias,
3627 665 3731 703 nec

2083 756 2401 808 nocturnos
2432 749 2529 804 Dei
2563 745 2814 803 cultores
2857 745 3067 814 jactes,
3099 741 3413 810 doctosque
3441 756 3589 809 quos
3621 739 3730 806 ais,

2081 848 2136 900 et
2162 844 2404 898 amicos.
2432 841 2577 896 Nam
2611 839 2659 894 si
2690 839 2870 894 Deum
2894 835 3112 901 colunt,
3137 833 3233 889 ubi
3256 832 3531 903 loquendi
3557 830 3731 885 liber-

2080 932 2220 989 tas?
2250 933 2341 999 Et,
2385 930 2433 986 si
2466 930 2648 995 docti,
2700 941 2883 996 neque
2930 940 3034 994 ego
3090 922 3317 977 inﬁcior
3364 919 3511 977 tales
3559 935 3727 975 esse:

2082 1022 2302 1078 multos
2331 1021 2485 1076 enim
2515 1017 2794 1075 conﬁteor
2842 1030 2933 1069 me
2964 1012 3234 1085 imperito
3265 1011 3591 1066 doctiores:
3625 1008 3725 1063 sed

2082 1112 2131 1167 si
2162 1110 2458 1166 veritatem
2492 1110 2713 1171 tenent,
2755 1105 3006 1161 scienter
3043 1101 3350 1156 ostendant
3376 1116 3445 1155 ex
3474 1099 3603 1169 ipsa
3630 1114 3727 1153 ve-

2081 1200 2271 1265 ritate,
2304 1202 2478 1270 atque
2509 1198 2652 1252 adeo
2685 1195 2756 1250 ab
2787 1191 3090 1261 exemplis,
3112 1190 3263 1262 aptis
3294 1190 3443 1254 dico,
3475 1188 3578 1245 sed
3609 1204 3724 1243 non

2078 1306 2146 1346 ex
2176 1288 2403 1356 alienis,
2445 1282 2867 1354 contrariisque
2894 1280 3138 1348 veritati,
3170 1282 3228 1334 et
3259 1277 3593 1350 apostolicis
3623 1293 3723 1348 pa-

2079 1378 2376 1448 ternisque
2405 1375 2749 1431 canonibus.
2774 1373 2863 1439 Et,
2887 1371 2935 1427 si
2968 1369 3140 1425 amici
3170 1368 3492 1424 secundum
3515 1366 3723 1433 Deum,

2081 1468 2366 1540 quomodo
2412 1464 2812 1519 hmreticorum
2860 1457 3260 1516 communioni
3311 1454 3660 1527 participant
3698 1454 3725 1507 ‘P

2078 1559 2274 1627 Neque
2294 1554 2449 1610 enim
2472 1556 2610 1607 sunt
2630 1550 2776 1606 tales
2807 1548 2975 1604 amici
3020 1546 3140 1602 veri
3160 1554 3212 1601 et
3231 1545 3452 1600 fideles.
3474 1542 3726 1598 Attende

2075 1645 2295 1717 itaque,
2325 1644 2518 1710 frater,
2550 1640 2688 1711 quid
2736 1638 2966 1693 divinus
2999 1634 3244 1691 Basilius
3281 1636 3403 1703 (24)
3456 1633 3610 1688 dicat
3661 1631 3722 1686 in

2078 1750 2176 1790 eos
2207 1733 2306 1804 qui
2336 1731 2630 1787 veritatem
2666 1727 2984 1783 metiuntur
3010 1740 3079 1780 ex
3112 1723 3506 1780 multitudine.

2000 1952 2051 2016 Β
2154 1914 2260 1982 Qui
2292 1915 2362 1971 de
2394 1913 2580 1986 posita
2627 1911 2967 1982 quaestione,
3018 1908 3117 1976 ait,
3167 1908 3450 1962 rationem
3485 1906 3725 1961 reddere

2083 2024 2196 2062 non
2226 2006 2422 2072 audet,
2456 2009 2513 2058 et
2543 2001 2635 2058 cui
2666 2019 2778 2057 non
2812 2000 3069 2071 suppetit
3098 1996 3540 2065 demonstratio,
3578 1996 3728 2052 ideo-

2080 2112 2191 2167 que
2219 2092 2547 2165 perfugium
2579 2090 2752 2145 habet
2782 2091 2841 2143 in
2873 2087 3249 2143 multitudine
3278 2103 3292 2153 ;
3320 2085 3372 2141 is
3404 2100 3467 2140 se
3505 2085 3720 2139 victum

2082 2184 2313 2250 fatetur,
2337 2186 2401 2236 ut
2420 2181 2523 2252 qui
2547 2178 2774 2234 nullum
2797 2178 3008 2233 habeat
3028 2175 3251 2232 ﬁduciae
3293 2175 3719 2245 adjumentum.
3744 2210 3767 2226 υ

2081 2275 2146 2329 Et
2173 2279 2289 2345 post
2319 2272 2430 2326 alia
2451 2288 2471 2326 :
2501 2269 2775 2325 Ostendat
2821 2267 2959 2321 mihi
2991 2266 3081 2322 vel
3139 2281 3289 2321 unus
3332 2263 3727 2335 pulchritudi~

2081 2379 2212 2419 nem
2234 2359 2515 2427 veritatis,
2540 2363 2597 2414 et
2628 2362 2897 2429 prompta
2928 2373 3063 2412 mox
3092 2354 3198 2410 erit
3221 2353 3543 2425 persuasio.
3577 2351 3727 2407 Mul-

2081 2452 2267 2508 titudo
2288 2455 2485 2506 autem
2518 2448 2645 2503 sine
2665 2445 3160 2501 demonstratione
3186 2442 3590 2499 auctoritatem
3613 2440 3727 2496 sibi

2080 2541 2408 2607 vindicans,
2437 2542 2652 2593 terrere
2682 2534 2919 2607 quidem
2970 2537 3182 2605 potest,
3216 2532 3563 2603 persuadere
3611 2545 3727 2584 non

2083 2633 2294 2700 potest.
2326 2629 2441 2682 Aut
2469 2630 2615 2697 quot
2644 2624 2948 2679 hominum
2981 2622 3270 2693 myriades
3315 2620 3455 2675 mihi
3496 2636 3731 2690 persua-

2085 2720 2281 2784 deant,
2314 2720 2379 2771 ut
2403 2716 2558 2770 diem
2592 2717 2817 2769 noctem
2852 2715 3068 2784 putem,
3099 2710 3186 2766 vel
3220 2715 3284 2765 ut
3315 2725 3527 2764 (ereum
3558 2724 3726 2763 num-

2088 2823 2251 2863 mum
2285 2822 2387 2877 pro
2414 2819 2587 2860 aureo
2628 2802 2874 2858 habeam
2904 2804 2961 2855 et
3012 2799 3314 2871 accipiam,
3370 2796 3457 2854 vel
3505 2802 3726 2853 certum

2087 2913 2374 2954 venenum
2408 2894 2674 2950 hauriam
2709 2909 2809 2964 pro
2839 2892 2970 2948 cibo
3002 2890 3391 2961 congruenti?
3420 2890 3537 2961 Ego
3555 2893 3730 2943 terre-

2088 3003 2294 3044 narum
2311 2986 2548 3057 quidem
2572 2999 2763 3038 rerum
2777 2997 2958 3037 causa
2972 2980 3399 3035 multitudinem
3418 2978 3561 3033 nihil
3578 2992 3733 3031 vere-

2088 3078 2195 3132 bor
2239 3076 2284 3130 si
2323 3074 2676 3139 mentiatur;
2734 3072 2791 3125 in
2840 3069 3173 3125 ccelestibus
3229 3073 3422 3123 autem
3482 3066 3734 3122 decretis

2088 3164 2417 3237 simplicem
2451 3162 2671 3233 absque
2698 3158 3195 3215 demonstratione
3238 3160 3442 3211 nutum
3476 3170 3729 3226 sequar;

2091 3255 2165 3311 ab
2196 3254 2267 3308 iis
2297 3252 2572 3307 recedens
2614 3267 2741 3322 quae
2778 3249 2903 3320 jam
2938 3248 3075 3303 olim
3109 3262 3322 3318 magno
3347 3260 3632 3300 consensu
3666 3260 3734 3298 ex

342 3328 541 3400 Κυρίου
565 3325 853 3402 λέγοντος·
881 3328 1133 3385 Πολλοὶ
1168 3331 1431 3402 κλητοὶ,
1463 3332 1686 3410 ὀλίγοι
1711 3332 1775 3389 δὲ
1804 3332 1977 3389 ἐκλε-

2094 3343 2420 3399 divinorum
2453 3319 2799 3411 scriptorum
2850 3335 3181 3393 testimonio
3213 3335 3424 3391 tradita
3455 3331 3734 3389 fuerunt?

339 3416 517 3485 κτοί;
539 3417 823 3473 Καὶπάλιν
848 3437 862 3450 ’
890 3422 1092 3490 Στενή
1120 3420 1227 3475 καὶ
1260 3422 1679 3495 τεθλιμμένη
1713 3425 1746 3492 ἡ
1772 3421 1922 3487 ὁδὸς
1944 3426 1979 3493 ἡ

341 3506 685 3582 ἀπάγουσα
708 3509 799 3570 εἷς
830 3509 948 3573 τήν
983 3512 1181 3580 ζωὴν,
1210 3510 1566 3588 καίόλίγοι
1598 3513 1764 3567 εἰσὶν
1799 3515 1859 3568 oi
1887 3514 1985 3569 εύ-

347 3595 694 3671 ρίσκοντες
745 3597 947 3668 αὐτήν
977 3616 991 3669 ;
1024 3601 1121 3662 Τίς
1155 3598 1245 3655 οὖν
1278 3605 1384 3656 τῶν
1418 3601 1476 3656 εὖ
1508 3605 1852 3682 φρονούντων
1888 3604 1986 3660 οὐκ

344 3684 565 3761 εὔχεται
594 3691 699 3741 τῶν
730 3686 936 3765 ὀλίγων
968 3690 1096 3743 εἶναι
1142 3695 1251 3744 τῶν
1285 3688 1373 3745 8ιά
1399 3698 1500 3761 τῆς
1552 3698 1740 3762 στενῆς
1788 3693 1983 3748 εἴσιόν-

343 3796 452 3829 των
478 3777 553 3838 εἰς
584 3778 874 3852 σωνηρίαν,
908 3778 942 3847 ἢ
974 3782 1080 3832 τῶν
1115 3777 1342 3834 πολλῶν
1390 3785 1495 3835 τῶν
1548 3779 1637 3836 διὰ
1683 3790 1785 3851 τῆς
1834 3783 1984 3837 πλα-

344 3864 489 3927 τείας
541 3865 618 3925 εἶς
671 3864 944 3920 ἀπώλειαν
996 3866 1361 3939 ὡθουμένων;
1413 3870 1503 3932 Τίς
1547 3868 1592 3923 δ’
1637 3871 1733 3924 οὐκ
1780 3870 1840 3925 ἃν
1886 3872 1989 3926 έπ-

348 3952 639 4025 εθύμησεν,
676 3955 877 4009 εἰκατά
900 3956 992 4009 τὸν
1022 3956 1208 4030 καιρὸν
1241 3952 1432 4031 ἔτυχεν
1464 3958 1522 4012 ἃν
1553 3966 1651 4027 τῆς
1701 3960 1986 4029 ἀθλήσεως

345 4048 444 4096 τοῦ
490 4045 760 4118 μακαρίου
815 4044 1106 4122 Στεφάνου,
1140 4052 1239 4114 τῆς
1296 4046 1502 4101 ἐκείνου
1564 4046 1782 4120 μερίδος
1840 4051 1987 4123 γενέ-

350 4134 471 4185 σθαι
514 4137 610 4186 τοῦ
655 4133 824 4204 μόνου
871 4140 987 4195 τοῖς
1038 4133 1211 4195 λίθοις
1263 4134 1633 4208 βαλλομένου,
1682 4142 1779 4192 τοῦ
1827 4143 1988 4192 πᾶσιν

350 4220 428 4279 εἰς
478 4221 691 4295 γέλωτα
734 4222 1118 4296 προκειμένου,
1168 4225 1202 4293 ἢ
1244 4230 1350 4278 τῶν
1401 4224 1627 4279 πολλῶν
1658 4231 1766 4281 τῶν
1800 4226 1989 4298 οἰομέ-

350 4333 455 4365 νων
513 4312 574 4365 τὸ
627 4313 934 4382 ἀξιόπιστον
993 4312 1141 4391 ἔχειν
1192 4314 1250 4369 ἐκ
1295 4320 1394 4383 τῆς
1444 4322 1616 4383 κακῆς
1663 4316 1989 4386 αὐθεντίαςς

350 4405 444 4465 Εἷς
486 4402 790 4476 εὐδοκιμῶν
830 4406 908 4467 εἰς
954 4407 1018 4461 τὸ
1068 4412 1219 4461 Θεῖον
1266 4408 1664 4483 προτιμότερος
1715 4406 1846 4483 ὒπὲρ
1900 4431 1990 4482 μυ·

350 4491 539 4565 ριάδας
598 4492 848 4550 αὐθαδεία
915 4497 1335 4568 σεμνυνομένας.
1396 4498 1483 4559 Ὠς
1571 4498 1659 4553 καὶ
1728 4498 1814 4552 ἐπὶ
1890 4505 1988 4567 τῆς

349 4580 594 4643 Παλαιᾶς
650 4584 926 4653 Διαθήκης
981 4583 1318 4657 εὑρίσκομεν,
1378 4584 1428 4639 έν
1570 4583 1818 4660 χιλιάδες
1884 4584 1992 4641 ἔπι-

2090 3433 2216 3488 Non
2267 3429 2597 3487 audivimus
2645 3427 2959 3483 Dominum
3002 3425 3320 3481 dicentem:
3354 3423 3514 3478 Multi
3540 3424 3735 3484 vocati,

2087 3523 2256 3594 pauci
2284 3535 2407 3575 vero
2437 3518 2593 3574 electi
2622 3519 2684 3570 ⁵⁵.
2721 3521 2787 3572 Et
2825 3517 3035 3571 iterum
3061 3531 3074 3569 :
3125 3517 3368 3583 Angusta
3395 3517 3449 3569 et
3480 3520 3629 3567 arcta
3658 3516 3739 3566 est

2091 3614 2179 3667 via
2208 3626 2328 3682 qua:
2359 3610 2521 3665 ducit
2552 3608 2620 3663 ad
2644 3611 2816 3662 vitam
2839 3624 2858 3660 :
2888 3610 2939 3661 ct
2961 3605 3135 3675 pauci
3161 3609 3289 3659 sunt
3310 3602 3407 3674 qui
3445 3602 3739 3657 inveniunt

2095 3716 2215 3755 eam
2242 3699 2288 3734 ⁵⁸
2309 3698 2336 3753 ?
2366 3698 2508 3763 Quis
2540 3713 2675 3769 ergo
2706 3712 2863 3751 sane:
2894 3694 3106 3750 mentis
3127 3710 3239 3748 non
3273 3692 3499 3747 mavult
3520 3707 3587 3747 ex
3608 3707 3740 3761 pau-

2096 3790 2181 3845 cis
2224 3804 2352 3845 esse
2392 3787 2488 3857 qui
2521 3802 2623 3858 per
2659 3789 2973 3857 angustam
3016 3783 3307 3838 introeant
3353 3782 3411 3836 in
3465 3780 3736 3847 salutem,

2097 3893 2269 3949 quam
2302 3894 2370 3932 ex
2400 3875 2602 3930 multis
2619 3874 2719 3945 qui
2751 3890 2853 3945 per
2874 3873 3052 3928 latam
3081 3873 3342 3927 ferantur
3364 3870 3433 3925 ad
3471 3869 3737 3938 perditio~

2097 3983 2226 4021 nem
2249 3967 2277 4020 ?
2305 3969 2417 4021 Aut
2449 3965 2579 4036 quis
2606 3981 2719 4018 non
2744 3963 2926 4031 magis
2957 3964 3236 4033 optasset,
3277 3960 3323 4014 si
3358 3964 3619 4030 tempore
3641 3957 3740 4013 illo

2096 4056 2329 4110 vixisset
2361 4071 2473 4126 quo
2504 4054 2711 4108 beatus
2739 4051 3071 4121 Stephanus
3121 4053 3414 4104 certamen
3462 4048 3623 4112 obiit,
3676 4047 3737 4102 in

2098 4144 2256 4198 illius
2284 4148 2440 4213 parte
2488 4141 2708 4197 censeri
2742 4139 2842 4211 qui
2876 4139 3037 4194 solus
3078 4138 3374 4208 lapidibus
3406 4137 3734 4206 petebatur,

2099 4234 2195 4303 qui
2228 4232 2493 4286 omnium
2538 4229 2790 4283 ludibrio
2834 4228 3126 4297 expositus
3174 4232 3313 4290 erat,
3366 4240 3541 4295 quam
3591 4224 3739 4279 inter

2101 4321 2318 4377 multos
2372 4320 2506 4374 illos
2556 4319 2655 4389 qui
2698 4325 2929 4389 propter
2976 4316 3255 4386 injustam
3307 4314 3738 4382 auctoritatem,

2098 4408 2474 4467 verisimilem
2498 4423 2732 4462 causam
2752 4407 3012 4461 obtinere
3031 4405 3374 4460 videbantur
3389 4404 3416 4458 ‘?
3450 4402 3632 4458 Pluris
3653 4407 3742 4457 est

2100 4516 2254 4556 unus
2284 4498 2400 4555 Deo
2434 4497 2688 4569 placens,
2723 4511 2896 4566 quam
2930 4494 3217 4567 myriades
3249 4509 3377 4548 sese
3406 4496 3742 4556 arroganter

2094 4588 2467 4660 jactantium.
2493 4585 2997 4650 Quemadmodum
3011 4592 3067 4638 et
3081 4599 3148 4638 ex
3163 4582 3355 4638 Veteri
3366 4582 3740 4637 Testamento

347 4691 482 4725 πτον
518 4675 616 4725 τοῦ
647 4670 781 4726 λαοῦ
811 4672 1062 4746 θεηλάτῳ
1090 4672 1281 4749 πληγῇ
1307 4692 1320 4706 ·
1362 4675 1571 4737 Μόνος
1629 4672 1695 4730 δὲ
1748 4681 1866 4730 Φιν
1887 4676 1977 4739 εές

2094 4678 2392 4743 discimus,
2432 4692 2565 4731 cum
2601 4674 2782 4729 millia
2814 4672 2998 4728 multa
3020 4689 3051 4728 e
3082 4670 3295 4745 populo
3314 4672 3485 4743 plaga
3516 4669 3739 4725 caelesti

348 4754 528 4830 ἵστη,
559 4761 669 4815 καὶ
700 4761 1049 4831 ἐξιλάσατο
1076 4782 1087 4795 ·
1130 4765 1233 4817 καὶ
1268 4762 1586 4818 ἐκόπασεν
1619 4766 1655 4834 ἡ
1688 4767 1981 4839 θραῢσις.

350 4848 413 4905 Εἰ
447 4845 505 4903 δὲ
532 4850 677 4904 εἶπεν
704 4849 905 4914 ἐκεῖνος
942 4871 954 4884 ·
990 4855 1111 4914 Πῶς
1150 4854 1418 4926 τολμήσω
1454 4853 1590 4928 πρὸς
1640 4854 1706 4908 τά
1752 4854 1986 4932 συμφώ-

348 4958 457 4999 νως
492 4939 592 4993 ὑπὸ
622 4941 893 4996 τοσούτων
924 4944 1180 5018 γινόμενα
1209 4961 1222 5010 ;
1253 4948 1369 5004 πῶς
1411 4942 1666 5005 ἐναντίως
1701 4942 1987 5015 ύπόθωμαι

348 5031 531 5105 ψῆφον
594 5033 697 5083 τῶν
767 5028 941 5093 οὕτως
1004 5033 1300 5106 κρινάντων
1357 5038 1501 5105 ζῇνς
1544 5031 1648 5087 θέτ’
1696 5033 1757 5087 ἂν
1825 5033 1985 5095 αὐτὸς

346 5118 684 5192 ἠρίστευσεν,
736 5117 849 5175 οὔτ’
903 5119 962 5175 ἂν
1024 5121 1087 5174 τὸ
1140 5121 1303 5174 κακὸν
1362 5117 1605 5191 ἔστησεν,
1673 5119 1784 5175 οὕτ¹
1832 5119 1892 5175 ἂν
1934 5123 1985 5175 οἳ

347 5206 535 5263 λοιποὶ
594 5206 949 5279 διεσώθησαν,
1009 5206 1122 5264 οὔτ’
1187 5207 1246 5263 ἂν
1321 5210 1447 5271 Θεὸς
1526 5211 1626 5279 τήν
1708 5208 1981 5282 εὐμένέιαν

345 5296 660 5371 ἐχαρίσατο.
722 5297 895 5353 Καλὸν
966 5297 1077 5369 οὖν,
1140 5296 1328 5366 καλὸν,
1417 5297 1507 5352 καὶ
1586 5298 1648 5352 τὸ
1728 5295 1818 5355 ἕνα
1901 5297 1981 5353 δι-

344 5386 514 5449 καίως
572 5384 1051 5461 παρρησιάζεσθαι,
1091 5387 1181 5443 καὶ
1226 5387 1326 5453 τήν
1382 5390 1491 5441 τῶν
1559 5386 1788 5442 πολλῶν
1847 5409 1981 5460 συμ-

415 5513 461 5548 ⁶⁵
492 5513 696 5570 Matth.
728 5531 821 5584 xx,
859 5515 943 5571 16.
1018 5516 1061 5551 ⁵⁸
1093 5515 1296 5571 Matth.
1330 5530 1427 5582 vn,
1462 5514 1547 5571 14.

2095 4768 2384 4824 caderent.
2442 4768 2505 4820 Et
2561 4765 2795 4820 Phineas
2831 4763 2977 4819 solus
3018 4765 3185 4828 stetit,
3246 4764 3521 4831 Deumque
3546 4760 3733 4832 placa-

2092 4859 2191 4924 vit,
2219 4867 2269 4912 ct
2314 4856 2542 4911 cessavit
2582 4856 2856 4925 quassatio
2905 4851 2974 4906 ⁵⁷.
3008 4853 3170 4917 Quod
3221 4852 3268 4907 si
3322 4852 3562 4906 dixisset
3600 4848 3736 4905 ille:

2095 4947 2202 5012 Qui
2234 4946 2453 5001 aussim
2486 4960 2589 5016 ego
2631 4944 2909 4999 adversus
2940 4959 3007 4997 ea
3056 4958 3183 5012 qua:
3232 4946 3350 4995 tam
3401 4938 3569 4995 multi
3622 4956 3738 4993 uno

2096 5054 2381 5093 consensu
2423 5036 2685 5090 faciunt?
2723 5034 2822 5104 qui
2862 5033 3117 5104 refrager
3166 5032 3236 5085 iis
3282 5030 3377 5100 qui
3429 5031 3512 5083 sic
3552 5029 3738 5083 vivere

2092 5124 2514 5181 decreverunt?
2545 5139 2649 5178 nec
2688 5121 2985 5194 egregium
3029 5121 3252 5175 facinus
3283 5119 3562 5173 edidisset
3591 5117 3736 5185 ipse,

2096 5229 2198 5268 nec
2229 5212 2584 5267 inhibuisset
2615 5210 2861 5277 malum,
2912 5224 3094 5277 neque
3127 5205 3332 5262 servati
3368 5204 3555 5259 caeteri
3589 5204 3739 5260 fuis-

2091 5306 2245 5370 sent,
2276 5315 2458 5370 neque
2488 5299 2640 5354 Deus
2691 5297 3148 5353 benevolentiam
3183 5310 3351 5349 suam
3384 5292 3738 5364 impertivis-

2090 5394 2197 5446 set.
2231 5389 2551 5460 Optimum,
2584 5402 2739 5459 ergo,
2772 5386 3086 5457 optimum,
3107 5384 3199 5440 vel
3231 5399 3414 5439 unum
3437 5382 3735 5438 hominem

1623 5514 1669 5548 ⁵⁷
1700 5515 1874 5572 Num.
1914 5534 2045 5585 xxv,
2074 5518 2129 5582 7,
2164 5515 2311 5573 Psal.
2347 5532 2437 5586 cv,
2468 5516 2555 5571 30.

1922 5614 2157 5672 NOT/E.

416 5713 530 5793 (2t)
558 5712 669 5787 alii
700 5710 1060 5793 Tbneﬁodoreto
1091 5710 1377 5782 tribuunt,
1410 5710 1508 5768 alii
1539 5710 1813 5769 Eutherio
1844 5713 2173 5787 Tyanorum
2202 5712 2495 5786 episcopo.
2544 5711 2773 5768 Videsis
2804 5710 3149 5768 Garnerium
3173 5710 3233 5767 in
3263 5711 3518 5767 Auctario
3554 5709 3728 5766 Theo-

344 5780 541 5855 doreti,
560 5780 705 5856 “pag.
735 5781 863 5838 698.
