4084 6284
376 363 530 425 1083

1621 370 1685 426 S.
1730 368 2124 429 THEODORI
2171 367 2531 428 STUDlT/E

3611 365 3769 428 1084

368 497 494 566 jure
521 496 753 563 audere,
777 504 830 552 et
858 498 1134 566 injustam
1159 497 1474 552 multorum
1498 500 1865 554 concordiam
1898 500 2010 556 dis-

2251 497 2264 550 ί
2387 495 2441 515 ”’“
2614 495 2676 550 λ’
2745 500 2773 550 0
2912 502 2928 522 ’
3062 499 3075 516 ‘
3174 498 3186 536 -‘
3294 501 3309 516 ‘
3447 520 3469 536 ’-
3718 523 3730 536 ι

2127 520 2240 575 φων
2272 517 2330 551 αν
2377 515 2561 552 αοικον
2653 519 2742 552 υεσ
2780 519 2853 555 αι.
2932 498 3088 554 Αλλα
3141 521 3201 553 σ)
3255 521 3349 571 μεν
3399 520 3769 574 προτιμησοι,

373 586 615 641 solvere.
645 586 730 642 Tu
761 603 914 655 vero,
949 587 997 641 si
1050 587 1298 652 videtur,
1342 593 1569 644 servato
1600 589 1718 644 Noe
1748 591 2018 645 submer-

371 692 499 731 sam
533 676 968 732 multitudinem
995 688 1316 748 antepone:
1353 678 1492 732 mihi
1517 683 1714 733 autem
1748 679 2017 750 permitte

371 770 438 819 ut
467 781 598 819 cum
629 764 830 836 paucis
863 766 933 820 ad
969 782 1164 820 arcam
1211 765 1528 821 convolem.
1578 769 1644 822 Et
1673 784 1933 836 rursum,
1966 767 2017 823 si

371 853 581 925 placet,
632 853 884 924 adjunge
916 858 972 910 te
1015 854 1391 910 multitudine
1437 856 1858 912 Sodomorum:
1911 873 2015 929 ego

369 957 505 998 vero
534 958 666 998 cum
703 943 808 996 Lot
838 944 1030 1008 abibo,
1085 945 1347 1013 quamvis
1375 946 1531 1000 solus
1563 947 1766 1013 turbis,
1800 947 2017 1002 utiliter

370 1047 432 1087 se
463 1032 769 1086 subducat.
803 1032 1108 1088 Enimvero
1140 1033 1280 1087 mihi
1311 1033 1482 1089 etiam
1517 1037 1824 1090 reverenda
1868 1037 2014 1091 mul-

370 1120 578 1185 titudo,
613 1138 728 1175 non
771 1121 1211 1192 inquisitionem
1249 1123 1497 1194 fugiens,
1531 1125 1627 1178 sed
1660 1126 2015 1181 demonstra-

370 1210 587 1266 tionem
620 1213 882 1282 praebens
909 1229 923 1266 :
957 1228 1073 1267 non
1103 1229 1296 1267 amare
1327 1213 1754 1282 ulciscens,sed
1780 1221 2016 1287 paterna

370 1300 709 1371 castigans:
763 1316 874 1355 non
925 1302 1176 1356 novitate
1223 1303 1509 1372 gaudens,
1560 1304 1658 1357 sed
1712 1310 2012 1374 paternam

371 1389 628 1444 retinens
682 1389 1102 1446 hereditatem.
1181 1392 1500 1456 Quamnam
1557 1409 1688 1449 vero
1743 1394 2016 1449 multitu-

369 1493 503 1532 nem
529 1477 672 1532 mihi
693 1479 970 1550 praedicas
991 1480 1018 1534 ?
1037 1480 1337 1535 blanditiis
1355 1489 1410 1535 et
1432 1483 1776 1537 muneribus
1799 1485 2016 1538 condu-

367 1571 524 1622 ctam
570 1567 598 1621 ?
646 1567 938 1637 imperitia
969 1574 1025 1622 et
1073 1569 1401 1641 ignorantia
1447 1576 1675 1640 captam
1707 1572 1736 1626 ?
1771 1579 1920 1626 metu
1961 1580 2016 1628 et

369 1659 588 1710 terrore
635 1658 1038 1725 prostratam?
1067 1674 1192 1728 quae
1242 1659 1472 1714 brevem
1524 1661 1736 1729 peccati
1781 1677 2014 1717 usuram

372 1749 602 1800 eterna
631 1745 758 1801 vita:
798 1746 1096 1816 praetulit?
1145 1748 1299 1818 quod
1335 1747 1499 1802 multi
1541 1754 1732 1820 aperte
1763 1750 2013 1806 confessi

2126 587 2170 641 εἰ
2206 584 2373 653 δοκεῖ,
2403 591 2500 641 τοῦ
2532 588 2842 658 σωζομένου
2875 592 2994 642 Νῶε
3033 589 3094 643 τὸ
3130 583 3472 663 ὑποϐρύχιον
3502 587 3717 657 πλῆθος
3751 607 3768 622 ⁶

2125 675 2247 748 ἐμοὶ
2291 673 2347 729 δὲ
2400 676 2762 749 συγχώρησον
2811 682 2926 737 τοῖς
2965 675 3173 752 ὀλίγοις
3325 673 3542 748 κιϐωτῷ
3590 699 3771 752 προσ-

2127 758 2374 836 δραμεῖν.
2431 763 2527 818 Καὶ
2583 763 2773 829 πάλιν,
2828 765 2873 817 εὶ
2921 762 3130 838 βούλει,
3179 766 3335 837 τάξον
3391 765 3580 819 σαυτὸν
3635 766 3771 837 μετᾶ

2123 857 2230 906 τῶν
2264 851 2492 906 πολλῶν
2525 850 2578 906 ἓν
2611 849 2878 924 Σοδόμοις
2913 873 2923 883 ·
2958 855 3063 928 ἐγὼ
3096 851 3151 908 δὲ
3179 853 3484 908 συνοδέυσω
3510 859 3590 926 τῶ
3621 855 3768 921 Δὼτ,

2123 940 2218 996 κᾶν
2255 943 2417 1014 μόνος
2446 947 2551 996 τῶν
2591 940 2779 1017 ὄχλων
2821 943 3200 1018 συμφερόντως
3247 944 3579 1018 χωρίζηται.
3610 943 3766 1010 Πλὴν

2125 1031 2249 1103 ἐμοὶ
2281 1033 2370 1085 xui
2421 1033 2634 1100 πλῆθος
2684 1029 2989 1104 αἰδέσιμον,
3037 1034 3101 1088 οὐ
3151 1034 3213 1088 τὸ
3263 1038 3458 1110 φεῦγον
3511 1033 3768 1105 ἐξέτασιν,

2125 1119 2271 1176 ἀλλὰ
2309 1122 2370 1175 τὸ
2401 1123 2640 1195 παρέχον
2672 1119 2942 1192 ἀπόδειξιν
2977 1144 2991 1157 ·
3024 1121 3086 1177 οὒ
3135 1124 3197 1177 τὸ
3245 1129 3456 1193 πικρῶς
3485 1123 3766 1195 ἀμυνόμε-

2125 1231 2239 1281 νον,
2265 1210 2412 1265 ἀλλὰ
2441 1211 2502 1265 σὸ
2531 1216 2809 1284 πατρικῶς
2859 1209 3242 1286 διορθούμενον
3279 1232 3292 1245 ·
3348 1210 3410 1266 οὒ
3449 1213 3511 1268 τὸ
3565 1218 3765 1290 χαῖρον

2124 1300 2465 1372 καινοτομίᾳ,
2498 1301 2644 1357 ἀλλά
2673 1301 2734 1356 τὸ
2767 1299 3038 1378 φυλάσσον
3081 1302 3335 1374 πατρῴαν
3367 1299 3766 1375 κληρονομίαν.

2129 1395 2292 1445 [Ιοῖον
2333 1386 2390 1444 δέ
2425 1410 2517 1462 μοι
2549 1410 2639 1464 καί
2670 1390 2884 1458 πλῆθος
2929 1389 3102 1464 λέγεις
3146 1409 3159 1459 ;
3191 1393 3253 1444 τὸ
3294 1390 3557 1463 μίσθωθὲν
3590 1389 3769 1445 κολα-

2124 1480 2244 1549 κείᾳ
2269 1479 2356 1533 κποὶ
2391 1477 2588 1552 δώροις
2622 1500 2637 1549 ;
2669 1480 2731 1534 τὸ
2779 1477 2982 1534 κλαπὲν
3033 1479 3240 1552 ἀμαθίᾳ
3285 1500 3344 1533 τε
3390 1479 3480 1533 καὶ
3528 1478 3718 1553 ἀγνοίᾳ
3751 1498 3768 1549 ;

2123 1569 2186 1624 τὸ
2216 1570 2502 1630 πεπτωκὸς
2535 1566 2711 1638 δειλίᾳ
2741 1567 2830 1622 καὶ
2863 1564 3018 1645 φόϐῳ
3054 1595 3069 1636 ;
3113 1568 3176 1623 τὸ
3223 1575 3566 1643 προτιμῆσαν
3601 1569 3772 1640 πρόσ-

2125 1678 2309 1732 καιρον
2370 1655 2637 1731 ἁμαρτίας
2695 1656 2994 1710 ἀπόλαυσιν
3049 1663 3150 1724 τῆς
3209 1657 3429 1711 αἰωνίου
3486 1662 3680 1726 ζωῆςς
3735 1655 3769 1710 ἃ

2124 1745 2330 1802 πολλοὶ
2362 1750 2602 1825 φανερῶς
2633 1745 3028 1820 ὡμολόγησαν.
3065 1744 3273 1816 Πλήθει
3303 1747 3364 1801 τὸ
3397 1743 3592 1819 ψεῦδος
3631 1766 3770 1819 κρα-

370 1838 526 1889 sunt.
550 1833 920 1890 Multitudine
948 1837 1314 1892 mendacium
1361 1837 1624 1892 defendis
1649 1838 1677 1891 ?
1710 1839 1846 1892 hinc
1880 1839 2013 1894 mali

2127 1837 2296 1899 τύνεις
2332 1857 2345 1906 ;
2406 1835 2605 1905 ἔδειξας
2652 1841 2750 1890 τοῦ
2799 1834 2976 1890 δεινοῦ
3021 1840 3119 1906 τήν
3171 1835 3436 1897 ἐπίτασιν.
3478 1839 3628 1908 ’Ὁσῳ
3659 1838 3768 1910 γὰρ

370 1923 490 1978 vim
515 1923 817 1980 declarasti
837 1940 851 1990 ;
875 1941 992 1996 quo
1013 1925 1167 1981 enim
1192 1925 1476 1996 ad‘plures
1489 1926 1706 1982 malum
1723 1929 2016 2000 pertingit,

373 2015 535 2067 tanto
567 2013 758 2083 major
785 2019 875 2068 est
903 2014 1224 2072 calamitas.

441 2105 519 2157 De
550 2103 640 2158 his
670 2117 804 2173 ergo
837 2104 893 2157 in
929 2103 1085 2158 hunc
1119 2105 1379 2160 modum.
1403 2106 1648 2161 Caeteras
1675 2110 1869 2162 autem
1889 2115 2016 2164 tuas

370 2191 795 2261 propositiones
828 2193 1094 2265 persequi
1144 2211 1638 2264 supervacaneum
1674 2198 1838 2265 foret,
1870 2198 2013 2253 dile-

368 2283 482 2347 cte,
513 2284 637 2336 tum
669 2283 808 2352 quia
841 2283 1080 2338 modum
1111 2284 1366 2353 epistolae
1387 2287 1696 2353 excedunt,
1729 2292 1852 2342 tum
1879 2287 2015 2359 quia

367 2374 522 2424 recto
560 2387 734 2426 sensu
778 2370 931 2428 dicta
978 2372 1401 2444 accipientibus
1448 2375 1617 2431 obvia
1663 2381 1835 2432 erunt
1884 2394 2010 2448 qua:

369 2457 665 2516 dicuntur.

791 2568 980 2624 XLIX.
1023 2601 1092 2610 —-
1120 2570 1417 2626 Naucratio
1455 2573 1590 2642 ﬁlio.

2128 1926 2352 1989 πλείους
2411 1926 2462 1981 έν
2519 1931 2599 1998 τῷ
2652 1930 2826 1998 κακῷ,
2882 1926 3126 1998 τοσούτῳ
3182 1924 3380 2000 μείζων
3422 1929 3456 1995 ἡ
3489 1925 3772 2003 συμφορά.

2196 2105 2357 2161 Οὕτω
2415 2105 2510 2176 μὲν
2569 2102 2636 2172 δὴ
2678 2108 2864 2158 ταῦτα.
2921 2103 3077 2158 Ἰέναι
3119 2101 3176 2158 δὲ
3219 2102 3308 2159 ἐπὶ
3332 2102 3427 2165 τὰς
3456 2102 3636 2176 ἑτέρας
3673 2122 3774 2157 σου

2125 2193 2438 2270 προτάσεις,
2469 2192 2741 2266 παρέλκον
2774 2190 2833 2246 ἂν
2867 2191 2976 2262 εἴη,
3034 2193 3300 2266 ἀγαπητὲ,
3333 2189 3422 2246 διὰ
3468 2192 3530 2246 τὸ
3581 2187 3770 2244 ἐκϐαί-

2125 2305 2233 2338 νειν
2265 2288 2362 2337 τοῦ
2419 2283 2620 2355 μέτρου
2665 2288 2768 2351 τῆς
2819 2279 3134 2354 ἐπιστολῆς,
3173 2281 3260 2335 καὶ
3313 2279 3501 2341 ἄλλως
3531 2278 3616 2334 ὅτι
3648 2283 3771 2340 τοῖς

2122 2376 2464 2444 εὐαισθήτως
2512 2371 2835 2447 δεχομένοις
2864 2372 2994 2434 τοὺς
3034 2371 3235 2446 λόγους
3268 2370 3610 2440 εὐαπάντητα
3660 2371 3770 2424 εἶεν

2119 2464 2186 2519 τὶ
2206 2463 2498 2539 λεγόμενα.

2368 2571 2503 2628 ΜΘ’.
2531 2604 2599 2613 -
2630 2569 3026 2644 Ναυκρατίῳ
3079 2569 3312 2641 τέκνῳ.
3347 2569 3527 2641 [σκε’.]

377 2664 459 2714 Ad
491 2665 814 2728 eloquentiae
845 2666 1080 2718 studium
1113 2669 1381 2720 hortatur.
1416 2671 1547 2719 Tum
1579 2671 1781 2733 aliquot
1812 2671 2140 2722 Studitarum
2194 2671 2448 2721 virtutem
2480 2671 2840 2733 commendat.
2877 2672 3096 2720 Demum
3126 2668 3415 2732 respondet
3445 2666 3771 2732 quibusdam

1050 2733 1390 2794 interrogatis
1419 2733 1484 2782 de
1519 2732 1895 2784 communione
1926 2749 2046 2785 cum
2077 2736 2362 2785 hmreticis.
2393 2734 2608 2794 (Baron.
2641 2747 2727 2782 an.
2757 2732 2869 2792 809,
2898 2747 2950 2782 n.
2983 2734 3084 2796 44.)

449 2818 606 2875 Dicis
647 2834 802 2874 nunc
835 2819 977 2874 mihi
1021 2825 1080 2875 et
1124 2821 1438 2878 identidem
1488 2821 1634 2879 alias
1681 2824 2018 2892 exposuisti,

377 2907 458 2962 ﬁli
492 2908 567 2962 mi
600 2908 1113 2977 desideratissime,
1139 2926 1250 2965 non
1271 2913 1550 2981 quiddam
1575 2912 1939 2983 superfluum
1963 2919 2018 2970 et

377 2998 549 3052 inane
608 2998 788 3068 dictu,
845 3000 947 3054 sed
997 3009 1388 3072 opportunum
1439 3005 1496 3056 et
1543 3002 1913 3070 conveniens,
1963 3007 2020 3059 et

379 3087 530 3158 quod
561 3089 632 3142 ad
675 3088 984 3144 utilitatem
1024 3090 1201 3144 animi
1250 3091 1527 3156 conferat,
1578 3091 1729 3146 sicut
1759 3096 1814 3146 et
1862 3109 2018 3148 nunc

379 3177 544 3233 facis.
571 3177 685 3247 Ego
707 3193 840 3232 vero
863 3179 1199 3249 gravitatem
1224 3189 1379 3234 tuam
1406 3181 1674 3248 laudans,
1700 3181 2018 3252 amplector

2201 2823 2411 2896 Φθέγγῃ
2467 2823 2557 2876 καὶ
2614 2819 2873 2895 διήγησαί
2936 2842 3028 2894 μοι
3097 2818 3368 2890 ἑκάστοτε,
3428 2819 3611 2875 τέκνον
3660 2835 3775 2891 μου

2127 2912 2519 2984 περιπόθητον,
2578 2908 2736 2965 οὐδέν
2794 2931 2845 2965 τι
2921 2911 3169 2984 περιττὸν
3227 2911 3314 2964 καὶ
3375 2909 3773 2982 εἷκαιομυθέςο

2126 2999 2258 3056 ἀλλ’
2305 2999 2555 3075 εὔκαιρον
2611 3001 2700 3054 καὶ
2758 2997 3064 3075 πρεπῶδες,
3121 3000 3212 3054 καὶ
3268 2999 3427 3076 φέρον
3475 3000 3549 3060 είς
3583 3001 3774 3070 ὄνησιν

2127 3093 2337 3168 ψυχῆς,
2368 3088 2548 3162 ὥσπερ
2617 3088 2708 3143 καὶ
2755 3089 2821 3143 τὰ
2859 3094 2974 3145 νῦν.
3026 3089 3168 3164 Ἐγὼ
3217 3086 3275 3143 δε
3317 3109 3412 3143 σου
3459 3089 3521 3142 τὸ
3552 3087 3770 3143 εὔτονον

2129 3180 2383 3248 ἐπαινῶν,
2409 3177 2757 3257 ἀποδέχομαι
2788 3179 2876 3232 καὶ
2907 3179 3004 3246 τὴν
3038 3180 3451 3254 προκόπτουσαν
3482 3177 3720 3249 διάλεξιν
3756 3199 3773 3212 ⁸

377 3266 550 3322 etiam
566 3266 859 3322 meliorem
874 3268 1020 3340 stylu
1033 3286 1087 3323 m
1105 3274 1162 3322 tu
1175 3286 1270 3324 um
1295 3286 1306 3323 :
1327 3286 1501 3341 quem
1517 3269 1831 3341 plurimum
1854 3287 2014 3326 orna-

2131 3272 2198 3339 ἢν
2232 3270 2315 3324 ὅτι
2372 3271 2609 3342 μάλιστα
2658 3269 2931 3338 ηλυνεῖς,
2965 3268 3054 3324 ἐὰν
3102 3270 3169 3323 τὰ
3217 3276 3318 3338 τῆς
3376 3277 3772 3344 γραμματικῆς

382 3355 490 3422 bis,
523 3356 572 3410 si
613 3357 1001 3427 grammaticas
1031 3359 1252 3413 scholia
1274 3358 1462 3429 legere
1488 3360 1765 3430 potueris.
1791 3360 2021 3430 Oportet

379 3443 535 3498 enim
565 3448 626 3499 ut
656 3443 884 3499 dicendi
932 3445 1260 3501 facultatem
1311 3463 1600 3518 usumque
1637 3449 1892 3504 obtineat
1920 3450 2020 3519 qui

380 3538 594 3588 rectam
646 3535 970 3590 doctrinam
1016 3536 1296 3602 defendit,
1345 3541 1403 3591 et
1451 3547 1669 3592 certare
1716 3541 1838 3592 vult
1883 3555 2016 3594 cum

380 3637 552 3691 prave
582 3623 992 3680 sentientibus.
1024 3626 1164 3679 Nam
1199 3641 1328 3680 cum
1362 3642 1638 3696 magnum
1662 3627 1800 3696 quid
1819 3643 1884 3682 ex
1910 3628 2018 3684 hac

379 3709 584 3765 notitia
612 3727 676 3766 se
705 3718 1002 3770 assecutos
1033 3715 1141 3768 rati
1185 3714 1525 3785 glorientur,
1566 3716 1706 3770 dum
1737 3717 2017 3772 oblectant

377 3813 476 3854 eos
507 3798 724 3870 quibus
753 3802 1020 3871 pruriunt
1072 3820 1241 3858 aures
1267 3820 1279 3857 :
1313 3808 1770 3859 consentaneum
1803 3811 1890 3860 est
1918 3822 2016 3862 eos

378 3888 477 3958 qui
506 3893 660 3944 recta
684 3892 961 3958 sentiunt,
1004 3909 1107 3947 nec
1147 3894 1431 3948 sermonis
1457 3894 1676 3950 viribus
1707 3894 2016 3950 destitutos

377 3993 521 4046 esse,
565 3984 628 4034 ut
658 3979 946 4035 minantes
993 3982 1252 4052 ipsorum
1302 3985 1506 4038 arietes
1571 3984 1865 4053 dejiciant.
1933 3987 2016 4040 Ita

379 4067 523 4124 mihi
551 4068 736 4140 placet
765 4086 831 4124 ea
858 4069 914 4124 in
949 4086 1007 4124 re
1029 4071 1358 4126 confirmari
1381 4076 1456 4138 te,
1489 4071 1591 4126 fili.
1626 4076 1864 4129 Prorsus
1913 4092 2014 4130 au-

376 4160 494 4212 tem
526 4159 682 4228 quod
733 4159 790 4213 in
825 4168 876 4214 te
917 4161 1107 4230 cupio,
1161 4177 1273 4215 non
1332 4161 1540 4231 pariter
1599 4164 1655 4215 in
1719 4163 2010 4232 quolibet:

376 4250 678 4316 propterea
708 4248 861 4318 quod
894 4248 1047 4303 alius
1078 4249 1246 4304 aliter
1265 4265 1327 4305 se
1351 4250 1540 4321 habet,
1567 4252 1740 4322 idque
1761 4253 2008 4323 expedit.

374 4333 693 4391 Dormiisse
724 4353 894 4407 porro
926 4339 1068 4393 dicis
1100 4339 1304 4394 fratres
1348 4340 1674 4412 Philippum
1725 4347 1781 4396 et
1830 4342 2017 4398 Philo-

375 4439 526 4478 nem.
560 4425 624 4480 Et
671 4427 837 4492 bene,
879 4429 1033 4498 quod
1067 4433 1308 4499 uterque
1355 4429 1506 4485 bono
1539 4432 1672 4486 fine.
1706 4432 1830 4486 Non
1864 4434 2015 4502 quod

372 4528 440 4568 ea
470 4529 598 4583 qua
631 4520 764 4569 ante
797 4516 990 4581 finem,
1043 4518 1439 4588 vituperanda.
1491 4519 1788 4583 Quomodo
1838 4521 2013 4590 enim,

2133 3359 2337 3434 σχόλια
2395 3356 2632 3432 δυνηθῇς
2689 3355 2909 3414 ἐπιέναι.
2973 3363 3061 3412 Δεῖ
3108 3357 3210 3433 γὰρ
3266 3357 3480 3427 καὶτῆς
3510 3358 3561 3413 έν
3615 3357 3774 3435 λόγῳ

2131 3447 2410 3521 δυνάμεως
2461 3448 2550 3502 καὶ
2594 3446 2786 3523 πείρας
2855 3448 3103 3521 μετέχειν
3146 3447 3237 3501 τὸν
3287 3444 3602 3519 ἀρθοδοξίας
3645 3447 3769 3502 ἀντ-

2129 3538 2412 3612 εχόμενον,
2438 3536 2528 3593 καὶ
2560 3537 2929 3612 ἀντιφέρεσθαι
2958 3540 3076 3597 τοῖς
3127 3534 3444 3605 κακοδόξοις
3487 3534 3772 3612 βουλόμε-

2128 3647 2240 3684 νον.
2266 3624 2487 3695 Ἐπειδὴ
2520 3626 2619 3699 γὰρ
2651 3624 2842 3679 ἐκεῖνοι
2888 3630 2963 3699 τῇ
3013 3624 3247 3680 ἐντεῦθεν
3293 3623 3496 3695 εἰδήσει
3541 3621 3773 3680 δοκοῦν-

2125 3715 2210 3778 τές
2242 3737 2292 3770 τι
2329 3716 2467 3790 μέγα
2508 3711 2678 3788 ἔχειν,
2711 3715 3192 3787 κατακομπάζουσι
3231 3712 3357 3775 τοὺς
3399 3715 3770 3787 κνηθομένους

2124 3807 2220 3868 τὰς
2252 3805 2414 3866 ἀκοὰς
2445 3802 2865 3880 γαργαλίζοντες
2908 3824 2920 3836 ·
2955 3802 3248 3858 κάλλίστον
3283 3808 3401 3865 τοῖς
3448 3804 3768 3882 ὀρθόφροσι,

2130 3892 2269 3966 μηδὲ
2290 3898 2358 3966 τῇ
2385 3899 2483 3948 τοῦ
2514 3891 2680 3966 λόγου
2713 3893 2866 3966 ἰσχύϊ
2897 3891 3140 3954 ἐλλιπῶς
3173 3889 3337 3967 ἔχειν,
3369 3893 3456 3947 καὶ
3488 3888 3767 3948 καταςάλ·

2126 3983 2240 4038 λειν
2298 3982 2472 4036 αὐτῶν
2527 3983 2620 4042 τὰς
2679 3977 3011 4042 εὐθυϐόλους
3071 3979 3377 4042 ἑλεπόλεις.
3437 3981 3590 4035 Οὕτω
3671 4003 3771 4052 μοι

2125 4073 2285 4146 φίλον
2338 4069 2702 4143 δυναμοῦσθαί
2758 4091 2835 4140 σε,
2893 4069 3095 4125 τέκνον.
3131 4068 3203 4123 Οὔ
3260 4072 3475 4130 πάντως
3511 4067 3567 4123 δὲ
3597 4072 3626 4124 ὃ
3676 4069 3768 4124 ἐπὶ

2125 4162 2208 4215 σοὶ
2245 4159 2539 4236 βοόλομαι,
2570 4160 2658 4212 καὶ
2691 4159 2780 4214 ἐπὶ
2811 4161 3010 4220 παντός
3045 4178 3057 4191 °
3111 4157 3199 4213 διὰ
3236 4160 3298 4213 τὸ
3347 4157 3516 4213 ἄλλον
3577 4159 3771 4221 ἄλλως

2123 4248 2268 4324 ἔχειν
2328 4249 2460 4304 κατὰ
2517 4244 2621 4320 ἕξιν
2666 4271 2678 4282 ·
2732 4249 2822 4318 καὶ
2895 4251 3207 4325 συμφέρειν,
3290 4248 3625 4321 Κεκοίμηται
3686 4246 3769 4321 δὲ,

2123 4337 2276 4418 ἔφης,
2327 4343 2354 4396 ὁ
2412 4339 2645 4417 ἀδελφὸς
2698 4339 3010 4408 Φίλιππος,
3069 4340 3158 4394 καὶ
3211 4337 3418 4395 Φίλων.
3467 4339 3564 4392 Καὶ
3624 4337 3767 4412 εὖγε,

2123 4431 2243 4505 εὖγε
2275 4429 2378 4486 ’ὅτι
2419 4430 2719 4506 ἀμφότεροι
2762 4427 2897 4483 τένει
2949 4429 3157 4502 ἀγαθῷ.
3217 4429 3344 4506 Οὐχ
3375 4425 3458 4482 ὅτι
3505 4428 3573 4481 τὰ
3628 4448 3766 4502 προ-

2120 4520 2302 4575 τέλεια
2349 4519 2516 4593 ψεκτά
2566 4523 2702 4591 )πῶς
2751 4519 2853 4594 γὰρ
2904 4518 2954 4571 oi
3023 4515 3382 4588 ἀπειπάμενοι
3453 4515 3647 4588 κόσμῳ
3698 4520 3764 4589 [Γ.

371 4617 506 4658 cum
537 4603 972 4659 renuntiassent
1013 4606 1249 4673 mundo,
1281 4615 1333 4661 et
1380 4609 1562 4676 carni,
1611 4613 1668 4664 et
1697 4610 2008 4681 sanguini;

2127 4609 2357 4679 κόσμον]
2415 4605 2583 4680 σάρκα
2640 4605 2730 4658 καὶ
2785 4605 2938 4676 αἷμα,
2996 4604 3086 4658 καὶ
3136 4605 3302 4683 εὐαφῆ
3363 4606 3463 4673 τὴν
3508 4607 3609 4673 τῆς
3638 4605 3768 4660 imo.

373 4695 431 4747 et
459 4707 636 4748 suave
657 4693 768 4750 sibi
798 4694 1139 4750 obedientiae
1171 4696 1377 4766 jugum
1417 4697 1882 4769 imposuissent?
1911 4702 2009 4756 sed

374 4783 510 4853 quia
542 4790 895 4853 postremam
929 4787 1349 4842 beatitudinem
1384 4788 1580 4858 adepti
1613 4794 1754 4843 sunt
1784 4795 2015 4859 propter

372 4873 684 4929 Dominum
717 4875 1174 4943 persecutionem
1200 4877 1376 4946 passi,
1402 4877 1624 4946 afﬂicti,
1655 4884 1712 4933 et
1739 4879 1794 4934 in
1826 4895 2011 4949 angu-

373 4963 517 5018 stias
557 4966 793 5020 redacti.
830 4966 1018 5035 Atque
1050 4965 1138 5019 his
1171 4965 1366 5020 nullus
1396 4968 1600 5037 estqui
1634 4967 2009 5034 contradicat,

372 5059 575 5124 prater
605 5071 703 5110 eos
733 5054 833 5126 qui
855 5055 1230 5126 Evangelium
1261 5061 1736 5124 contempserunt
1766 5055 2012 5111 infames

373 5143 700 5199 Mmohiani.
753 5145 820 5197 Et
851 5145 1002 5214 quod
1043 5145 1112 5200 ad
1161 5143 1458 5198 Philonem
1500 5145 1734 5213 quidem
1784 5145 2009 5210 attinet,

372 5235 488 5288 huc
519 5250 705 5304 usque
754 5233 985 5289 laudem
1027 5235 1152 5303 ejus
1185 5233 1453 5302 prosequi
1506 5233 1740 5303 placuit.
1786 5234 2012 5304 Egregii

367 5339 500 5380 vero
534 5323 784 5394 Philippi
816 5323 992 5378 multa
1031 5331 1167 5377 sunt
1194 5321 1468 5393 prazclara
1498 5323 1770 5389 facinora,
1803 5339 1929 5393 quae
1948 5329 2010 5379 tu

367 5417 494 5488 ipse
534 5414 931 5486 percensuisti.
978 5418 1090 5483 Ego
1145 5427 1296 5480 vero,
1340 5415 1545 5482 praeter
1575 5410 1674 5466 illa
1703 5427 1828 5482 quae
1861 5413 2014 5468 dicta

368 5509 530 5572 sunt,
571 5503 998 5575 simplicitatem
1050 5502 1172 5570 ejus
1199 5506 1255 5555 et
1295 5500 1686 5556 innocentiam
1734 5501 2012 5573 demiror,

369 5595 522 5667 quod
556 5595 652 5648 ira:
682 5593 936 5655 nescius,
986 5591 1138 5660 quod
1193 5607 1305 5643 non
1367 5605 1589 5644 memor
1636 5589 2011 5660 injuriarum,

374 5682 733 5754 compatiens
763 5683 818 5735 et
839 5695 1045 5737 amans
1079 5680 1345 5750 fratrum,
1375 5678 1802 5749 obtemperans,
1836 5684 1893 5736 et
1922 5697 2013 5739 ne

2121 4703 2290 4770 ταγῆ)
2343 4694 2569 4769 ζεύγλην
2623 4695 2832 4754 ἑαυτοῖς
2884 4694 3203 4765 ὑποθέμενοι
3241 4697 3304 4764 ς),
3351 4691 3484 4748 ἀλλ’
3533 4694 3617 4748 ὅτι
3667 4698 3764 4748 τοῦ

2124 4787 2422 4859 ἀκροτάτου
2474 4786 2822 4856 μακαρισμοῦ
2869 4785 3200 4856 τετυχήκασι
3251 4779 3340 4836 διὰ
3413 4783 3607 4856 Κύριον
3675 4780 3764 4840 δε-

2124 4872 2434 4948 διωγμένοι,
2503 4868 2845 4944 θλιϐόμενοι,
2911 4872 3001 4925 καὶ
3079 4871 3604 4946 στενοχωρούμενοι.
3666 4873 3764 4926 Καὶ

2120 4963 2256 5036 πρὸς
2301 4967 2470 5015 ταῦνα
2517 4959 2696 5022 οὐδεὶς
2741 4962 2768 5014 ὁ
2813 4959 3136 5036 ἀντιλέγων,
3169 4961 3202 5030 ἢ
3239 4961 3291 5016 οἱ
3335 4961 3394 5014 τὸ
3426 4960 3763 5034 Εὐαγγέλιον

2120 5051 2448 5120 ἠθετηκότες
2490 5047 2796 5122 δυσώνυμοι
2850 5049 3197 5129 Μοιχειανοί.
3251 5049 3353 5104 Καὶ
3399 5053 3479 5120 τῷ
3524 5051 3621 5122 μὲν
3655 5051 3768 5104 Φί-

2123 5137 2258 5194 λωνι
2299 5138 2460 5215 φίλον
2511 5137 2678 5216 μέχρι
2725 5137 2883 5193 τοῦδε
2923 5143 3115 5204 στῆσαι
3163 5139 3256 5192 τὸν
3303 5135 3518 5193 ἔπαινον
3560 5157 3570 5168 ·
3612 5139 3679 5192 τὰ
3709 5135 3766 5193 δὲ

2119 5233 2216 5284 τοῦ
2263 5227 2437 5283 καλοῦ
2486 5227 2792 5301 Φιλίππου,
2843 5229 3030 5284 πολλά
3075 5229 3494 5303 κατορθώματα,
3530 5228 3560 5282 ἃ
3607 5227 3766 5291 αὐτὸς

2121 5316 2538 5392 προκατέλεξας.
2599 5318 2738 5394 Ἐγὼ
2795 5315 2872 5388 δὲ,
2933 5320 3068 5394 πρὸς
3125 5324 3238 5380 τοῖς
3300 5316 3630 5392 εἰρημένοις,
3674 5317 3764 5370 καὶ

2121 5410 2184 5464 τὸ
2243 5405 2514 5463 ἄπλαστον
2573 5407 2736 5462 αὐτοῦ
2794 5410 2885 5464 καὶ
2942 5409 3190 5484 ἀκέραιον
3251 5407 3538 5480 θαυμάζω,
3585 5408 3647 5462 τό
3704 5428 3764 5462 τε

2125 5499 2406 5573 ἀόργητον,
2465 5498 2553 5551 καὶ
2611 5496 3002 5570 ἀμνησίκακον,
3085 5497 3496 5576 φιλοσύμπαθές
3557 5517 3615 5552 τι
3669 5497 3762 5552 καὶ

2121 5587 2480 5668 φιλάδελφον,
2531 5586 2756 5657 εύήκοόν
2800 5609 2858 5644 τε
2906 5590 2995 5643 καὶ
3043 5587 3405 5664 ἀνολίγωρον,
3437 5585 3527 5639 καὶ
3567 5587 3760 5640 συντό-

2125 5699 2241 5756 μως
2298 5677 2489 5749 εἰπεῖν,
2536 5676 2753 5750 ἀπαθὲς,
2813 5677 2863 5752 ἐξ
2921 5679 2984 5733 οὗ
3047 5676 3136 5733 xui
3209 5674 3272 5732 τὸ
3347 5673 3760 5750 εὐητάνυκτον,
