4084 6284
327 398 479 458 1085

1605 407 2159 471 EPISTOLARUM
2207 410 2355 469 LIB.
2403 409 2452 469 Ι.

3578 391 3730 450 1086

329 533 663 608 μισόκοσμόν
722 557 780 591 τε
845 537 934 591 καὶ
1008 535 1283 614 φιλόθεον,
1344 537 1430 591 καὶ
1505 538 1966 614 ἀπαρῥησίάστον.

2093 543 2305 599 minem
2336 549 2731 607 contemnens,
2762 542 2819 593 et
2849 541 2908 591 ut
2939 530 3282 604 compendio
3318 529 3529 596 dicam,
3562 522 3727 580 omni

328 624 460 699 Λέγε
523 624 611 692 σὺ,
672 626 744 686 ὡς
814 626 905 679 καὶ
978 626 1318 702 προῦφηνας,
1376 628 1438 681 τὸ
1507 626 1825 706 πολύδακρυ
1878 634 1974 687 τοῦ

328 710 537 787 ἀνδρὸς,
587 714 647 767 τὸ
694 712 1053 790 φιλοπάτριον
1102 715 1189 769 καὶ
1241 715 1661 791 φιλακόλουθον,
1712 722 1801 773 καὶ
1860 726 1976 784 τοῖς

326 800 594 864 κινδύνοις
643 805 703 857 τὸ
746 805 1122 877 ἀγωνιστικὸν,
1153 805 1242 858 καὶ
1305 804 1623 877 σπουδαῖον,
1669 810 1760 863 καὶ
1809 808 1976 884 ἆγόγ-

327 912 522 965 γυστον
566 891 824 960 καθόλου,
856 893 945 947 καὶ
994 894 1056 948 τὸ
1108 893 1270 947 οἱονεὶ
1322 894 1568 959 ἀειθαλὲς
1609 904 1708 966 τῆς
1749 897 1975 953 τολυαν-

328 984 460 1042 θοῧς
500 982 671 1036 αὐτοῦ
719 986 905 1057 ψυχῆς
955 986 1061 1037 τῶν
1111 983 1336 1055 ἀρετῶν.
1374 985 1564 1047 Καλῶς
1609 983 1723 1060 ἔχει
1763 990 1850 1042 καὶ
1910 988 1977 1043 τὰ

326 1068 423 1124 τοῦ
454 1069 678 1155 στερροὖ
710 1074 940 1124 Γαῖανοῢ
991 1070 1304 1133 διελθόντος
1354 1072 1409 1126 ἐν
1440 1075 1599 1128 παντὶ
1648 1076 1801 1149 τόπῳ
1844 1097 1975 1155 σχε-

331 1155 444 1225 δὸν,
477 1150 600 1211 ἔνθα
649 1159 682 1226 ἠ
736 1155 1004 1233 διασπορὰ
1049 1163 1157 1214 τῶν
1211 1157 1482 1234 ἀδελφῶν.
1522 1163 1617 1218 Καὶ
1668 1162 1748 1217 ὅτι
1798 1150 1977 1237 ὑγιαί-

328 1266 498 1313 νουσι,
533 1247 693 1322 χάρις
720 1251 799 1317 τῷ
832 1246 1073 1321 Δεσπότῃ
1126 1252 1242 1320 Θεῷ
1266 1266 1279 1279 ⁸
1314 1250 1397 1304 δτι
1438 1250 1498 1304 οὐ
1548 1252 1973 1308 καταπίπτουσιν

329 1330 381 1387 ἐν
408 1337 528 1396 ταῖς
557 1333 822 1407 θλίψεσιν,
854 1332 1001 1388 ἀλλά
1037 1335 1253 1407 μᾶλλον
1303 1335 1693 1407 ἀνδρειοῦνται,
1727 1338 1853 1411 δόξα
1898 1345 1977 1413 τῷ

332 1419 715 1493 ἐνδυναμοῦντι
788 1421 984 1484 αὐτοὺς
1059 1430 1294 1497 Χριστῷ.
1366 1428 1491 1483 "Ott
1566 1428 1974 1497 ἀπελαύνονται,

333 1507 475 1581 μηδὲ
523 1510 725 1581 σκέπης
784 1511 1096 1585 ἀξιούμενοι
1144 1516 1289 1587 παρά
1329 1537 1489 1570 τινων
1541 1525 1842 1591 μοναστῶν,
1880 1519 1976 1592 μά-

330 1597 494 1654 λιστα
531 1598 854 1672 πανδημίων
907 1603 1418 1679 συμπεφωνηκότων
1468 1607 1609 1679 ὁμοῦ
1667 1607 1718 1662 ἐν
1756 1608 1971 1681 τούτῳ’

335 1690 413 1762 μή
475 1688 777 1763 θαυμάσῃς.
841 1689 1183 1765 Γέγραπται·
1230 1695 1351 1749 Καὶ
1413 1694 1645 1771 ἐχθροὶ
1704 1702 1817 1753 τοῦ
1874 1698 1972 1753 ἀν-

332 1778 625 1851 θρώπου,
674 1779 734 1831 οἱ
783 1777 1119 1834 οἶκειακοὶ
1168 1781 1509 1853 αὖτοῦ.Μή
1553 1785 1653 1860 γὰρ
1684 1787 1775 1842 τὸν
1807 1792 1975 1842 ταῦτα

333 1866 577 1943 φήσαντο
635 1866 863 1939 Χριστὸν
946 1869 1036 1923 τὸν
1103 1869 1231 1924 Θεὺν
1304 1875 1465 1943 ἡμῶν
1525 1873 1624 1928 οὐκ
1685 1874 1973 1931 ἀπώσαντο

334 1955 388 2007 οἱ
434 1953 695 2024 τάλανες
732 1956 835 2010 Καὶ
894 1960 1023 2033 γοῦν
1072 1958 1233 2033 φησὶν
1285 1962 1312 2015 6
1356 1968 1454 2031 τῆς
1519 1964 1750 2037 βροντῆς
1808 1966 1925 2027 υἱός
1960 1985 1972 1997 '

332 2041 445 2105 Εἷς
475 2044 551 2098 τὰ
590 2041 731 2098 ἴδια
777 2044 962 2116 ἦλθε,
995 2048 1101 2101 καὶ
1136 2049 1193 2101 o't
1248 2047 1411 2104 ἴδιοι
1458 2052 1657 2107 αὐτὸν
1704 2053 1773 2108 οὐ
1822 2075 1974 2129 παρ-

334 2128 607 2186 ἐλαϐον.

334 2130 607 2191 ἐλαϐον.

404 2309 467 2366 Τί
490 2307 579 2363 οὖν
620 2310 729 2364 ἐστι
759 2311 821 2365 τὸ
854 2309 1137 2387 διάφορον,
1169 2315 1215 2369 εἰ
1248 2318 1299 2370 οἱ
1343 2318 1434 2390 μὲν
1477 2320 1703 2393 Χριστὸν
1738 2322 1843 2397 οὐχ
1877 2322 1979 2375 ὑπ-

334 2395 577 2467 εδέξαντο
609 2400 700 2453 τὸν
742 2402 1037 2474 Λυτρωτὴν
1069 2408 1164 2457 τοῦ
1193 2406 1408 2479 κόσμου
1432 2427 1443 2439 ·
1491 2410 1543 2462 οἱ
1593 2408 1650 2463 δὲ
1696 2395 1842 2471 τοὺς
1867 2408 1981 2465 ἓνε-

332 2508 424 2543 κεν
459 2486 667 2542 ἐκείνου
698 2486 786 2543 καί
817 2495 913 2543 τοῦ
953 2490 1120 2546 αὐτοῦ
1170 2495 1530 2568 Εὐαγγελίου,
1565 2495 1840 2574 διωγμοὺς
1890 2501 1981 2553 καὶ

336 2576 579 2653 φυλακὰς
632 2578 1056 2650 ὑπομείναντας;
1112 2580 1296 2645 Οὐδὲν,
1338 2587 1374 2654 ἢ
1422 2587 1483 2640 τὸ
1532 2593 1836 2661 σταυρῶσαι
1891 2590 1977 2643 καὶ

337 2668 664 2722 θανατῶσαι.
700 2668 791 2735 Μὴ
824 2667 1007 2730 αὐτοῖς
1044 2670 1276 2745 λογισθῇ
1308 2673 1335 2727 ὁ
1369 2672 1665 2750 σύνδεσμος
1693 2685 1792 2747 τῆς
1848 2679 1981 2732 ἀνο-

341 2753 489 2827 μίας.
524 2753 700 2825 ’Δλλ’,
734 2756 809 2818 ὡς
851 2755 1093 2831 εἴρηκας,
1131 2762 1206 2831 μὴ
1259 2761 1509 2836 φέροντες
1553 2766 1648 2827 τάς
1689 2773 1795 2821 τῶν
1846 2768 1987 2823 ὑπο-

332 2845 677 2915 τασσομένων
758 2845 941 2908 αὐτοῖς
1018 2850 1429 2922 προσκρούσεις,
1480 2856 1569 2908 καὶ
1648 2857 1720 2917 ὡς
1787 2856 1847 2911 ἂν
1906 2863 1983 2929 μή

337 2934 515 3022 ἀνάψῃ
544 2931 730 3022 αυτοῖς
778 2940 891 3013 φῶς
939 2934 1219 3007 ἀληθείας,
1250 2938 1379 2995 ἀλλ’
1436 2941 1487 2997 ἐν
1535 2947 1713 3000 σκότει
1772 2946 1986 3022 ἀγνοίας

339 3018 792 3095 διαπορεύωνται,
828 3023 1248 3095 ἀποπὲμπονται
1294 3029 1418 3092 τοάς
1470 3028 1735 3094 ἀδελφοὺς
1788 3018 1983 3107 ἧῗμῶνο

338 3114 537 3185 μήπως
571 3111 734 3188 λόγος
775 3114 923 3174 ὅσιος
964 3112 1220 3184 ἀληθείας
1269 3120 1358 3173 καὶ
1411 3092 1759 3194 δικαιοόύνης
1806 3092 1986 3179 ,ἀκου-

335 3202 459 3286 στὸς
532 3200 739 3271 αὐτοῖς,
817 3200 982 3278 ἤγουν
1078 3205 1483 3279 ὑπομνηστικὸς
1564 3212 1804 3286 γένηται.
1872 3213 1985 3270 Οὐκ

2084 634 2517 706 perturbatione
2546 646 2794 686 vacuus:
2829 644 2895 683 ex
2944 641 3058 697 quo
3102 628 3160 678 et
3187 620 3289 675 illa
3336 617 3524 673 facilis
3557 631 3721 671 com-

2085 723 2341 795 punctio,
2376 722 2576 778 mundi
2608 720 2827 782 odium,
2855 721 2912 772 et
2941 729 3102 770 amor
3132 711 3255 776 Dei,
3279 712 3335 765 et
3353 708 3413 762 in
3435 706 3722 777 loquendo

2087 812 2439 882 parcimonia
2469 815 2526 865 et
2554 808 2920 863 verecundia.
2955 805 3055 858 Dic
3084 806 3170 867 tu,
3201 799 3349 854 sicut
3378 795 3552 851 etiam
3591 798 3726 848 ante

2084 901 2299 967 dixisti,
2335 900 2619 971 lacrymas
2650 898 2976 966 frequentes
2998 891 3128 955 viri,
3159 893 3217 944 et
3235 901 3490 943 amorem
3513 882 3723 947 Patris,

2086 996 2141 1046 et
2172 990 2444 1060 sequendi
2478 989 2764 1053 ardorem,
2799 990 2857 1040 et
2890 984 2945 1037 in
2988 977 3261 1053 periculis
3305 974 3726 1039 fortitudinem,

2084 1085 2142 1135 et
2171 1079 2309 1134 recli
2344 1079 2641 1143 studium;
2676 1075 2942 1145 quodque
2970 1069 3302 1125 nullatenus
3333 1062 3609 1132 querulus
3640 1078 3729 1117 es-

2086 1172 2195 1232 set,
2234 1172 2289 1222 et
2319 1167 2472 1239 quod
2525 1162 2785 1219 ﬂorentis
2832 1161 3037 1216 animas
3068 1156 3246 1226 ipsius
3286 1153 3526 1208 virtutes
3556 1148 3722 1220 quasi

2084 1257 2330 1311 virerent
2360 1258 2654 1325 perpetuo.
2680 1254 2853 1307 Recte
2881 1265 2939 1304 se
2966 1248 3139 1303 habet
3169 1250 3225 1299 et
3255 1249 3524 1298 constans
3556 1238 3725 1294 Gaia-

2084 1363 2218 1411 nus,
2252 1346 2351 1416 qui
2406 1343 2602 1399 omnia
2633 1358 2779 1414 pene
2823 1340 2949 1394 loca
2986 1334 3290 1409 percurrit,
3326 1332 3425 1386 ubi
3474 1327 3723 1397 dispersi

2083 1442 2220 1491 sunt
2251 1438 2477 1490 fratres.
2528 1434 2596 1488 Et
2624 1432 2779 1504 quod
2829 1430 3041 1495 valent,
3096 1426 3279 1495 gratia
3328 1420 3574 1477 Domino
3608 1422 3719 1472 Deo

2086 1527 2240 1597 quod
2274 1525 2331 1581 in
2365 1522 2837 1578 tribulationibus
2869 1535 2982 1573 non
3002 1517 3239 1579 cadunt,
3262 1512 3363 1568 sed
3386 1509 3579 1581 potius
3598 1522 3726 1562 cor-

2083 1595 2464 1680 roborantur;
2498 1611 2683 1683 gloria
2723 1613 2797 1675 ei,
2852 1607 2953 1679 qui
2994 1620 3092 1660 eos
3134 1603 3439 1666 confortat,
3472 1595 3720 1651 Christo.

2084 1705 2244 1770 Quod
2276 1701 2667 1773 expelluntur,
2717 1699 2798 1753 ita
2841 1702 2906 1752 ut
2946 1700 3094 1751 tecto
3136 1709 3248 1748 non
3289 1686 3650 1759 excipiantur
3688 1701 3722 1739 a

2083 1794 2435 1864 quibusdam
2469 1788 2789 1854 monachis,
2839 1787 3086 1841 maxime
3132 1780 3329 1847 abiis,
3371 1776 3472 1849 qui
3518 1775 3577 1830 in
3609 1773 3719 1828 hoc

2085 1898 2289 1937 omnes
2337 1897 2456 1935 una
2503 1878 2947 1949 conspirarunt;
3000 1890 3071 1929 ne
3129 1870 3375 1927 mireris.
3426 1867 3719 1936 Scriptum

2087 1974 2202 2025 est:
2231 1971 2293 2024 Et
2314 1968 2527 2023 inimici
2547 1967 2784 2023 hominis
2796 1961 3073 2019 domestici
3092 1960 3207 2031 ejus
3221 1956 3287 2012 ⁵⁸.
3302 1956 3505 2011 Nonne
3519 1953 3717 2023 ipsum

2085 2058 2185 2130 qui
2208 2058 2316 2113 hoc
2345 2057 2511 2125 dixit,
2542 2055 2840 2112 Christum
2872 2054 3046 2107 Deum
3082 2053 3349 2103 nostrum
3373 2042 3722 2115 expulerunt

2087 2129 2354 2205 homines
2407 2145 2650 2201 miseri?
2707 2146 2909 2213 Itaque
2966 2137 3207 2198 tonitrui
3254 2134 3413 2189 ﬁlius
3464 2130 3543 2186 ait
3592 2145 3613 2184 :i
3661 2129 3725 2183 In

2086 2236 2312 2310 propria
2344 2236 2507 2302 venit,
2539 2239 2593 2289 et
2616 2234 2704 2288 sui
2730 2249 2857 2288 eum
2886 2246 2995 2285 non
3028 2227 3348 2297 receperunt
3377 2222 3449 2278 59.

2160 2328 2461 2391 Quodnam
2499 2324 2677 2395 igitur
2719 2320 3033 2376 discrimen
3082 2325 3189 2382 est,
3238 2315 3285 2369 si
3335 2310 3447 2382 ipsi
3487 2308 3723 2379 quidem

2088 2416 2382 2472 Christum
2414 2431 2528 2469 non
2567 2417 2947 2482 susceperunt
2986 2407 3429 2476 Redemptorem
3478 2396 3723 2464 mundi;

2090 2504 2174 2560 illi
2207 2520 2337 2559 vero
2369 2519 2465 2558 eos
2499 2502 2598 2573 qui
2631 2504 2863 2572 propter
2891 2496 3185 2551 Christum
3229 2496 3284 2547 et
3313 2490 3497 2560 ipsius
3537 2487 3725 2541 Evan-

2090 2594 2306 2667 gelium
2338 2593 2769 2663 persecutiones
2791 2593 2847 2643 et
2875 2584 3109 2642 vincula
3146 2576 3555 2638 sustinerunt?
3586 2573 3726 2629 Nul-

2092 2683 2234 2751 lum,
2268 2682 2378 2736 nisi
2412 2679 2766 2735 crucifixisse
2794 2681 2850 2732 et
2879 2674 3181 2731 occidisse.
3216 2671 3298 2726 Ne
3321 2667 3439 2723 illis
3470 2667 3731 2735 impute-

2093 2778 2188 2826 tur
2217 2769 2504 2839 colligatio
2525 2766 2876 2839 iniquitatis.
2911 2764 3042 2831 Sed,
3076 2763 3226 2816 sicut
3255 2756 3471 2823 dixisti,
3503 2771 3614 2809 non
3649 2753 3731 2807 fe-

2095 2864 2282 2915 rentes
2313 2858 2676 2913 subditorum
2724 2869 2958 2911 suorum
2991 2850 3363 2913 offensiones,
3404 2850 3462 2901 et
3497 2848 3561 2898 ut
3591 2842 3734 2914 ipsis

2096 2950 2290 3005 lumen
2342 2947 2603 3003 veritatis
2652 2962 2766 3000 non
2808 2944 3175 3007 accendatur,
3224 2938 3322 2992 sed
3369 2935 3427 2989 in
3476 2932 3733 2989 tenebris

2095 3036 2435 3110 ignorantia;
2468 3033 2786 3094 ambulent.
2821 3031 3111 3103 repellunt
3143 3030 3348 3082 fratres
3372 3027 3631 3079 nostros:
3659 3035 3732 3075 ne

2097 3109 2242 3183 forte
2271 3130 2537 3182 sanctum
2570 3122 2827 3177 veritatis
2857 3126 2913 3175 et
2936 3117 3172 3189 justitiaa
3198 3114 3433 3170 verbum
3469 3109 3733 3176 audiant,

2095 3223 2266 3287 atque
2314 3215 2810 3270 commoueantur.
2855 3210 2977 3263 Non
3027 3207 3112 3262 sic
3156 3206 3308 3260 erit:
3360 3213 3732 3270 nequaquam

334 3283 521 3343 ἔσται·
558 3287 684 3345 οὐδὲ
732 3293 807 3362 μὴ
868 3291 1022 3366 μείνῃ
1074 3296 1108 3362 ἡ
1160 3297 1336 3369 βουλή
1388 3282 1765 3369 αὐτῶν-αὕτηο
1799 3300 1981 3357 ἀλλ’ὁ

2098 3282 2275 3360 stabit
2303 3303 2412 3358 hoc
2443 3302 2757 3358 consilium
2789 3314 2985 3354 eorum
3017 3314 3028 3350 :
3062 3296 3162 3350 sed
3185 3291 3421 3348 verbum
3456 3288 3553 3343 Dei
3578 3286 3737 3357 quod

336 3377 501 3453 λόγος
528 3382 625 3433 τοῦ
659 3383 793 3433 Θεοῦ
824 3380 883 3434 ὃν
910 3385 1278 3453 πεπατήκασι,
1316 3385 1681 3458 λαληθήσεται
1733 3390 1822 3444 καὶ
1872 3411 1986 3445 στε-

337 3469 669 3541 ρεωθήσεται
699 3466 775 3529 εἷς
808 3467 996 3527 αἰῶνα.
1031 3471 1095 3525 Ὀ
1148 3474 1427 3547 οὐρανὸς
1482 3477 1825 3551 γὰρ,φησὶ,
1875 3492 1985 3545 καὶ

338 3558 375 3625 ἡ
420 3558 502 3632 γῆ
553 3554 1124 3629 παρελεύσονται·
1162 3536 1242 3614 οἱ·
1273 3561 1337 3618 δὲ
1381 3536 1742 3640 λόγιοιμμδού
1791 3536 1860 3622 οὐ
1896 3536 1979 3643 μή

340 3643 863 3719 παρὲλθωσι.Καὶ
898 3648 1032 3720 πρὸς
1064 3653 1229 3705 ταῦτα
1258 3651 1339 3713 τίς
1371 3654 1553 3715 ἱκανὸς
1583 3656 1982 3732 ἀντιωὲρεσθαις

339 3734 390 3790 εἷ’
422 3734 498 3805 μή
527 3734 555 3787 ὁ
583 3733 841 3807 τύραννος
885 3741 1141 3807 Σατανᾶς,
1174 3739 1262 3793 καὶ
1323 3742 1373 3795 οἱ
1431 3743 1628 3800 τσύτου
1687 3720 1958 3824 ὐιπόιρῆται

336 3824 437 3890 τὴν
500 3822 753 3911 μοιχείαν
825 3824 1139 3898 οἰκονομίαν
1218 3833 1489 3904 σωτήριον
1564 3839 1630 3907 τῇ
1691 3796 1985 3911 Ἐκῑῖλδισίά

337 3920 576 3987 Χριστου
629 3915 1016 3986 κεκυρωκότες,
1062 3917 1111 3969 οἱ
1191 3921 1582 3999 ματαιόφρονες
1658 3924 1827 3988 ὅντως
1895 3909 1984 3982 καί

338 4002 673 4081 ἐχθίατατοι.
717 4006 832 4059 Ἑπί
866 4004 960 4065 τὰς
993 4005 1284 4080 ἐρωτήσεις
1317 4033 1412 4065 σου
1443 4016 1697 4085 τρεπτέον
1739 4019 1833 4071 τὸν
1878 4018 1983 4073 λό-

343 4113 465 4168 γον.
498 4093 672 4170 Ἐφης
704 4092 815 4146 ἀνθ’
846 4094 972 4148 ὅτου
1006 4097 1033 4149 6
1068 4099 1212 4159 θεῖος
1266 4100 1534 4173 Κύριλλος
1583 4105 1856 4178 ᾠκονόμει
1908 4109 1983 4177 μὴ

344 4183 738 4255 ἀποσχίζεσθαι
780 4190 887 4238 τῶν
914 4192 1015 4253 τῆς
1046 4187 1215 4258 Ἐῴας
1263 4189 1314 4242 ἐν
1357 4188 1646 4264 διπτύχοις
1695 4192 1985 4273 ἀναφερόν-

536 4270 549 4285 \
972 4248 980 4253 υ
1124 4248 1134 4258 1
1524 4248 1561 4264 Α.
1634 4248 1643 4253 i
1842 4248 1854 4249 γ
1876 4248 1881 4249 7
1907 4248 1917 4250 7
1940 4248 1949 4251 v

343 4292 453 4325 των
498 4291 587 4324 τον
638 4271 916 4342 Θεόδωρον
963 4276 1052 4328 τὸν
1105 4278 1477 4349 Μοψουεστίας
1522 4248 1985 4355 αἱρετικὸνῐὸιντα.

345 4360 463 4413 Ἐπ’
512 4357 570 4412 ἂν
623 4358 883 4433 ὀρθότατα
935 4363 1023 4416 καὶ
1071 4366 1403 4437 καιριώτατα
1449 4370 1515 4422 τά
1560 4378 1657 4439 τῆς
1718 4369 1987 4435 εὐσεϐείας

346 4444 592 4519 δόγματα
622 4450 748 4519 παρ’
778 4448 961 4510 αὐτοῖς
1003 4451 1289 4510 ἐσέσωστο.
1324 4455 1477 4510 Οὕτω
1526 4460 1628 4528 γὰρ
1667 4461 1987 4535 γέγραπται,

344 4534 437 4625 καὶ
495 4536 522 4589 ὁ
565 4536 1314 4625 Δὑπομνηματίζωνταῖὲτα,ὁ
1370 4542 1422 4598 ἐν
1489 4547 1667 4619 ἁγίοις
1724 4548 1991 4625 Εὐλόγῖος

2094 3392 2525 3465 proculcarunt,
2605 3387 3011 3461 predicabitur
3060 3393 3112 3439 et
3166 3377 3612 3437 conﬁrmabitur
3671 3374 3732 3429 in

2093 3482 2335 3537 saecula:
2362 3482 2564 3535 Casium
2594 3479 2763 3541 enim,
2798 3478 2897 3545 ait,
2928 3481 2977 3530 et
3008 3482 3166 3530 terra
3190 3468 3541 3527 transibunt:
3566 3464 3733 3519 verba

2089 3576 2274 3627 autem
2301 3587 2419 3626 mea
2445 3586 2557 3625 non
2587 3568 2895 3623 transibunt
2923 3565 2989 3618 6°.
3023 3565 3091 3618 Et
3120 3563 3251 3633 quis
3271 3562 3455 3631 potest
3476 3555 3565 3610 his
3587 3570 3726 3610 con-

2090 3660 2412 3718 tradicere?
2445 3662 2646 3730 praeter
2664 3663 2970 3729 tyrannum
2996 3655 3293 3715 Satanam,
3315 3649 3442 3717 ejus
3465 3644 3723 3714 discipu-

2090 3750 2313 3821 los,qui
2334 3748 2642 3805 mcechiam
2667 3744 3155 3816 dispensationem
3178 3737 3491 3795 salutarem
3514 3730 3724 3787 Christi

2090 3840 2354 3895 Ecclesiae
2387 3838 2714 3907 praedicant,
2753 3852 2913 3889 vanas
2965 3848 3158 3887 revera
3202 3826 3414 3883 mentis
3465 3822 3727 3879 homines

2094 3935 2149 3983 et
2178 3929 2553 3984 odiosissimi.
2588 3927 2752 3981 Nunc
2783 3925 2853 3979 ad
2890 3920 3371 3991 interrogationes
3424 3920 3555 3968 tuas
3586 3927 3729 3966 con-

2093 4018 2365 4072 vertenda
2397 4022 2481 4071 est
2510 4016 2706 4070 oratio.
2740 4012 2958 4077 Quaeris
2989 4027 3090 4065 cur
3121 4003 3473 4078 dispensarit
3496 4000 3727 4056 divinus

2093 4106 2358 4179 Cyrillus,
2396 4112 2457 4160 ut
2488 4121 2714 4159 necesse
2747 4119 2857 4157 non
2882 4106 3035 4157 esset
3056 4098 3125 4152 ab
3150 4098 3220 4151 iis
3244 4092 3522 4166 separari,
3545 4089 3643 4161 qui
3668 4089 3727 4142 in

2094 4197 2324 4252 Oriente
2370 4195 2738 4248 Theodorum
2782 4188 3171 4261 Mopsuestia,
3223 4200 3359 4241 cum
3420 4179 3727 4235 haereticus

2095 4290 2269 4351 esset,
2284 4285 2340 4337 in
2360 4283 2651 4354 diptychis
2670 4277 3220 4336 commemorabant.
3245 4273 3389 4339 Quia
3406 4269 3730 4326 rectissima

2096 4380 2152 4429 et
2197 4374 2491 4441 aptissima
2532 4370 2758 4442 pietatis
2806 4371 3076 4439 dogmata
3120 4365 3270 4434 apud
3316 4363 3472 4432 ipsos
3502 4360 3731 4413 servata

2097 4464 2276 4517 fuere.
2308 4462 2402 4517 Sic
2441 4461 2594 4515 enim
2627 4460 2696 4514 ab
2744 4475 2811 4513 eo
2855 4457 3130 4525 scriptum
3162 4462 3269 4521 est,
3310 4450 3404 4520 qui
3446 4449 3566 4503 haec
3608 4461 3732 4500 men

2099 4553 2297 4606 moriaa
2329 4550 2597 4621 prodidit,
2631 4554 2830 4603 sancto
2870 4544 3103 4613 EuIOgio
3146 4540 3499 4597 Alexandriae
3541 4535 3734 4591 archi-

345 4621 777 4698 ἀρχιεπίσκοπος
808 4623 1209 4700 Ἀλεξανδρείας
1235 4628 1284 4683 ἐν
1304 4635 1382 4702 τῷ
1412 4633 1567 4706 Περί
1600 4621 1981 4710 οἰκονομίαι

2102 4640 2374 4712 episcopo
2406 4640 2463 4694 in
2496 4640 2622 4709 ejus
2654 4642 2731 4692 De
2758 4634 3161 4705 dispensatione
3186 4630 3374 4687 libro:
3405 4626 3570 4695 cujus
3607 4638 3738 4677 sen-

346 4710 521 4765 αὐτοῦ
578 4708 765 4785 λόγῳ·
820 4710 881 4766 οὗ
929 4714 1016 4768 καὶ
1080 4723 1279 4790 χρῆσιν
1339 4719 1616 4792 ἐνεθέμεθα
1674 4722 1725 4777 ἐν
1778 4708 1851 4799 τῇ
1907 4726 1995 4806 ὑφ’

348 4801 510 4870 ἡμῶν
544 4784 841 4875 πονῄθείσῃ
880 4799 1036 4864 ἰδίως
1262 4813 1361 4876 τῆς
1397 4784 1633 4866 καθόλου
1677 4784 1988 4886 οἷκονδμίοίς

349 4889 719 4963 πραγματείᾳ.
778 4892 884 4958 Τὴν
949 4892 1101 4947 λύσιν
1161 4895 1252 4950 οὖν
1314 4897 1472 4960 αὐτὸς
1533 4897 1758 4957 δέδωκεν
1818 4907 1844 4959 6
1900 4905 1989 4960 καὶ

349 4978 662 5049 ἱστορήσας.
697 4978 767 5032 Οὐ
808 4981 912 5054 γάρ
966 5003 1053 5036 πω
1098 4984 1378 5060 ἀλλαχόσε
1427 4988 1700 5063 λέλεκται,
1732 4994 1822 5047 καὶ
1871 4996 1991 5049 ἱκα-

350 5067 441 5120 νὸν
478 5067 554 5135 μή
580 5068 855 5136 ἒπιζητεῖν
888 5066 1053 5128 ἄλλο.
1086 5078 1391 5147 Σαφηνείας
1441 5077 1497 5131 δὲ
1538 5076 1711 5134 ἕνεκεν
1762 5078 1897 5137 ἔστω
1927 5086 1994 5138 τὰ

348 5156 477 5229 παρ’
515 5157 677 5227 ἡμων
703 5156 944 5231 ἐχόμενα
971 5167 1071 5229 τῆς
1103 5164 1271 5228 αὐτῆς
1305 5164 1516 5229 ἐΛνοίας
1538 5187 1549 5200 ⁸
1587 5171 1668 5223 ὅτι
1699 5175 1805 5224 τῶν
1841 5175 1989 5228 οἰκο-

348 5249 559 5317 νομιῶν
601 5246 673 5334 αἱ,
707 5249 802 5319 μὲν
848 5250 982 5323 πρὸς
1021 5254 1208 5324 καιρὸν
1246 5256 1496 5331 γεγόνασι
1536 5261 1679 5334 παρά
1724 5265 1830 5316 τῶν
1884 5271 1991 5318 Πα-

350 5334 543 5424 τὲρων,
575 5336 629 5389 αἱ
662 5333 718 5390 δὲ
746 5338 807 5392 τὸ
841 5335 1081 5407 διηνεκὲς
1131 5340 1370 5421 ἔχουσιν.
1406 5347 1538 5402 Οἴον
1590 5347 1826 5419 διηνεκὲς
1873 5354 1965 5424 μὲν

363 5398 424 5444 (λ’
489 5426 501 5440 ο
577 5425 590 5441 ε
676 5430 702 5439 ,,
920 5398 930 5407 ’
1068 5398 1079 5403 '
1162 5398 1199 5421 re
1360 5398 1369 5400 -
1415 5398 1529 5402 -νντ
1596 5398 1825 5419 η-,ννηνη
1873 5398 1991 5424 rw,’

350 5445 425 5485 ως
477 5445 593 5478 αντι
639 5446 745 5480 των
816 5428 1160 5488 ὑποστάσεων
1219 5440 1664 5511 παραχωρεῖσθαι
1702 5441 1767 5493 τὰ
1814 5442 1991 5515 πρόσ-

352 5514 653 5618 ωπαὶπρκδς
700 5519 795 5568 τοῦ
846 5518 1005 5595 ἁγίου
1045 5523 1363 5579 Ἀθανασίου
1409 5532 1523 5588 τοῖς
1566 5526 1817 5590 Ἰταλοῖς.
1852 5514 1992 5606 Πρὸς

351 5602 540 5673 καιρὸν
575 5602 663 5656 δὲ’
717 5606 831 5658 οἷον
867 5611 966 5661 τοῦ
1010 5610 1349 5669 ’Δποστόλου
1379 5613 1467 5669 ἐπὶ
1496 5621 1597 5685 τῆς
1650 5602 1954 5693 περιτομῆς
1978 5640 1992 5654 ·

2106 4731 2296 4786 tentia
2330 4747 2502 4785 usum
2532 4746 2636 4785 nos
2660 4743 2888 4800 quoque
2937 4723 3325 4794 explicuimus
3356 4718 3414 4771 in
3445 4732 3511 4771 eo
3542 4728 3734 4783 Opere,

2100 4822 2251 4890 quod
2303 4818 2667 4890 peculiariter
2706 4818 2779 4871 De
2823 4812 3221 4884 dispensatione
3276 4809 3333 4862 in
3395 4806 3730 4861 universum

2100 4910 2577 4980 conscripsimus.
2613 4906 2967 4962 Solutionem
2990 4903 3185 4970 itaque
3208 4899 3256 4952 is
3281 4898 3405 4967 ipse
3426 4892 3606 4959 dedit,
3632 4890 3734 4962 qui

2101 5000 2372 5055 narravit.
2406 4999 2529 5054 Non
2562 4998 2715 5052 enim
2749 4994 3025 5049 aliorsum
3054 4994 3269 5044 dictum
3302 4992 3407 5053 est,
3442 4999 3546 5039 nec
3575 4981 3733 5036 aliud

2100 5090 2278 5160 quaeri
2313 5104 2546 5142 necesse
2573 5092 2679 5141 est.
2713 5086 2843 5149 Quae
2886 5089 3079 5137 autem
3114 5096 3145 5132 a
3176 5074 3343 5131 nobis
3374 5073 3433 5127 in
3473 5070 3735 5126 eamdem

2100 5159 2447 5234 sententiam
2490 5178 2644 5231 dicta
2692 5183 2851 5240 sunt,
2899 5166 3309 5225 declarationis
3356 5178 3531 5218 causa
3581 5159 3737 5213 dicta

2100 5268 2244 5323 sint:
2281 5256 2754 5337 Dispensationes
2804 5281 2837 5317 a
2890 5260 3158 5315 Patribus
3205 5254 3344 5309 alias
3374 5252 3444 5306 ad
3503 5256 3736 5319 tempus

2103 5356 2279 5410 factas
2295 5371 2436 5423 esse,
2462 5354 2603 5408 alias
2637 5356 2976 5424 perpetuam
3008 5347 3120 5400 vim
3152 5343 3433 5399 obtinere.
3454 5337 3737 5392 Videlicet

2105 5451 2384 5517 perpetua
2441 5443 2676 5514 quidem
2727 5441 2853 5506 fuit,
2915 5454 3046 5491 cum
3097 5437 3336 5489 sanctus
3383 5425 3736 5484 Athanasius

2105 5534 2263 5588 ltalis
2294 5532 2595 5599 concessit,
2630 5536 2691 5585 ut
2721 5544 2996 5599 personas
3029 5523 3380 5592 usurparent
3418 5533 3519 5587 pro
3560 5516 3739 5586 hypo-

2107 5624 2386 5679 stasibus.
2423 5620 2505 5675 Ad
2537 5624 2771 5690 tempus
2797 5620 3015 5681 autem,
3045 5610 3201 5668 velut
3238 5607 3390 5680 quod
3432 5602 3741 5674 Apostolus

432 5731 482 5766 ⁵⁸
511 5730 685 5788 Micb.
715 5748 818 5804 vn,
846 5736 912 5807 6;
945 5736 1152 5798 Matth.
1182 5760 1240 5812 x,
1270 5745 1361 5799 36.
1436 5744 1485 5779 5°
1511 5745 1681 5805 Joan.
1714 5764 1755 5817 1,
1778 5748 1866 5803 11.
1943 5748 1991 5785 ⁸ο
2022 5750 2163 5806 Luc.
2194 5765 2312 5815 xxi,
2342 5747 2430 5803 33.
