4084 6284
423 388 574 454 1087

1665 394 1729 452 S.
1776 391 2171 454 THEODORI
2215 395 2576 456 ΞΤΠΒΙΤιΕ

3663 388 3818 451 1088

420 525 556 583 fecit
580 525 638 579 in
669 523 1144 593 circumcisione;
1204 526 1354 596 quod
1407 539 1648 596 magnus
1698 525 1948 582 Basilius
1996 525 2053 580 in

2171 530 2268 581 τοῦ
2303 525 2546 603 μεγάλου
2579 523 2862 581 Βασιλείου
2893 523 2980 578 ἐπὶ
3010 527 3106 579 τοῦ
3138 522 3288 597 ἁγίου
3313 521 3657 595 ΙΙνεόματοςο
3692 524 3817 592 οἷοᾳ

419 613 638 686 Spiritu
671 619 902 670 sancto:
937 613 1093 670 velut
1123 615 1292 669 etiam
1325 615 1478 686 quod
1512 630 1668 669 nunc
1709 615 1940 670 divinus
1961 616 2062 686 Cy-

419 705 602 760 rillus.
636 707 768 770 Quae
794 705 863 759 ad
896 707 1128 774 tempus
1170 705 1405 776 aliquod
1450 706 1618 771 facta,
1655 704 1798 758 nihil
1840 704 2062 760 habent

419 795 870 866 reprehensione
887 793 1155 864 dignum,
1180 810 1283 849 nec
1304 794 1623 848 absurdum
1647 792 1766 848 ulla
1786 811 1855 849 ex
1876 799 2057 865 parte,

418 889 519 940 aut
565 884 870 939 illicitum:
921 885 1233 939 remissurn
1285 892 1477 937 tamen
1531 883 1807 953 quiddam
1851 890 1906 938 et
1942 900 2056 939 non

416 974 651 1045 penitus
674 977 1034 1029 accuratum.
1064 973 1127 1028 1d
1149 973 1438 1028 enimvero
1461 973 1675 1028 dicitur
1695 973 2055 1044 dispensatio

417 1063 486 1118 ad
526 1067 778 1134 tempus.
811 1063 1009 1133 Neque
1039 1062 1194 1116 enim
1229 1061 1352 1116 fieri
1394 1066 1606 1133 potest,
1643 1067 1705 1116 ut
1735 1062 1997 1117 medicus
2028 1079 2058 1117 e

416 1152 655 1225 vestigio
687 1152 951 1208 morbum
985 1153 1057 1207 ab
1086 1168 1237 1223 εδει-ο
1269 1151 1540 1222 depellat,
1575 1167 1766 1223 neque
1806 1159 1866 1206 ut
1896 1152 2059 1206 indo-

417 1241 626 1298 mitum
659 1256 897 1312 equum,
931 1244 1033 1296 aut
1063 1241 1284 1295 siccum
1310 1255 1557 1308 ramum,
1582 1239 1747 1294 illum
1773 1241 1932 1295 freno
1955 1240 2058 1294 ob-

414 1341 774 1405 sequentem,
807 1331 963 1388 hunc
995 1340 1212 1387 rectum
1243 1333 1434 1387 statim
1465 1333 1664 1386 reddat
1692 1331 1791 1402 qui
1823 1333 1883 1387 in
1926 1332 2055 1386 istis

414 1423 585 1478 rebus
615 1429 876 1478 versatus
913 1427 1040 1477 est:
1076 1421 1188 1476 nisi
1221 1419 1498 1492 paulatim
1531 1420 1845 1476 blanditias
1875 1425 1932 1475 et
1961 1437 2058 1475 as-

413 1513 792 1580 sentationes,
815 1515 871 1565 et
893 1509 1099 1564 molles
1123 1510 1258 1566 item
1285 1510 1713 1565 altrectationes
1734 1515 1789 1564 et
1810 1509 2061 1565 inﬂexio-

415 1617 519 1656 nes
550 1600 839 1656 adhibeat.

488 1691 699 1747 Eodem
734 1691 906 1746 modo
939 1689 1123 1746 sancti
1155 1689 1214 1744 in
1271 1688 1844 1760 dispensationibus:
1896 1693 1960 1744 ut
2001 1693 2058 1745 et

412 1782 473 1836 in
504 1781 613 1836 hac
661 1781 786 1852 ipsa
819 1795 1068 1850 magnus
1111 1777 1379 1850 Cyrillus.
1429 1777 1864 1849 Aliquantisper
1906 1780 2062 1834 enim

2165 615 2255 670 καί
2281 616 2343 670 τὸ
2372 620 2464 670 νῦν
2491 619 2588 669 τοῦ
2619 615 2766 669 θείου
2800 611 3098 688 Κυρίλλου.
3130 616 3197 669 ⁶Α
3237 613 3403 686 μέχρι
3441 612 3588 674 τινὸς
3624 616 3816 686 καιροῦ

2163 708 2440 782 γινόμενα,
2485 703 2640 761 οὐδὲν
2707 704 2823 779 ἔχει
2881 707 2943 760 τὸ
3004 704 3272 776 μεμπτὸν,
3308 700 3434 757 οὐδέ
3490 703 3551 757 τὸ
3595 704 3732 757 κατά
3763 724 3815 756 τι

2164 798 2379 870 ἀπηχὲς
2404 797 2494 850 καὶ
2525 793 2760 861 ἔκνομον
2786 815 2799 828 ·
2835 794 3124 867 ὑφειμένον
3161 792 3207 846 δ’
3239 791 3330 845 οὖν
3373 790 3526 864 ὅμως
3574 792 3665 846 καὶ
3717 791 3818 846 οὐκ

2164 886 2297 962 ἄγαν
2332 880 2570 959 ἀκριϐές.
2607 887 2780 940 Τοῦτο
2814 884 2917 957 γὰρ
2963 885 2998 952 ἡ
3041 881 3329 954 οἰκονομία
3376 883 3409 949 ἡ
3442 882 3578 956 πρὸς
3605 882 3814 952 καιρόν,

2165 972 2320 1043 Μηδὲ
2367 974 2470 1049 γὰρ
2519 971 2740 1034 δυνατὸν
2799 971 2980 1046 ἰατρὸν
3038 971 3129 1026 τὸν
3189 968 3590 1044 ήρῥωστηκότα
3621 972 3811 1023 θᾶττον

2162 1063 2471 1132 ἀπαλλάξαι
2517 1065 2618 1130 τῆς
2671 1064 2852 1128 νόσου,
2889 1062 3018 1132 μήτ’
3050 1060 3114 1114 αὖ
3153 1057 3328 1113 ’ίππον
3374 1057 3601 1131 ἀκρατῇ,
3635 1058 3669 1126 ἢ
3717 1058 3814 1128 ξη-

2162 1157 2252 1226 ρὸν
2311 1153 2569 1226 πτόρθον,
2600 1151 2693 1205 τὸν
2759 1152 2854 1223 μὲν
2907 1149 3220 1224 εὖχάλινον,
3252 1148 3346 1202 τὸν
3395 1144 3455 1201 δὲ
3513 1146 3810 1220 εὐθύτομον

2161 1243 2384 1316 ἐξαυτῆς
2448 1241 2901 1311 καταστήσασθαι,
2959 1239 3005 1294 εἰ
3066 1241 3141 1310 μῆ
3209 1243 3326 1298 τοῖς
3394 1238 3534 1292 κατά
3617 1237 3813 1310 μικρὸν

2159 1337 2514 1404 ποππυσμοῖς
2561 1352 2619 1385 τε
2685 1331 2776 1385 καὶ
2827 1327 3228 1402 κολακεύμασι,
3293 1325 3561 1400 μαλακαῖς
3603 1348 3663 1381 τε
3725 1325 3815 1380 καὶ

2161 1420 2480 1490 ἐπικλήσεσι
2539 1421 2848 1494 χρώμενον,
2906 1418 2998 1472 τὸν
3064 1420 3172 1472 τῶν
3229 1416 3492 1471 τοιούτων
3549 1414 3815 1488 ἐμπειρό-

2158 1531 2340 1568 τατον.

2232 1686 2393 1745 Οὕτω
2423 1688 2516 1742 κάν
2548 1691 2664 1746 τοῖς
2695 1683 2870 1760 ἁγίοις
2907 1683 2958 1739 ἐν
3011 1689 3128 1748 ταῖς
3177 1681 3524 1755 οἰκονομίαις
3549 1702 3563 1715 ⁸
3599 1684 3673 1742 ὡς
3725 1682 3814 1736 καὶ

2165 1775 2425 1850 Κυρίλλῳ
2471 1780 2550 1847 τῷ
2601 1773 2828 1847 μεγάλῳ
2879 1772 2931 1826 ἐν
2981 1769 3142 1843 τῷδε.
3177 1772 3384 1845 Μικρὸν
3434 1771 3537 1844 γὰρ
3595 1772 3818 1831 πάντως

410 1869 690 1926 sustinuit
709 1867 1090 1924 Orientalium
1112 1867 1466 1934 tarditatem,
1490 1883 1594 1922 seu
1617 1867 1822 1921 vitium
1848 1867 2052 1933 animi,

2164 1867 2385 1939 ἀνέμενε
2414 1869 2520 1918 τῶν
2550 1862 2922 1918 Ἀνατολικῶν
2953 1862 3016 1915 τὸ
3051 1860 3373 1935 βραδύνουν,
3404 1860 3440 1929 ἢ
3481 1861 3821 1934 προσπαθὲς,

413 1960 478 2010 ut
506 1955 840 2011 haereticum
873 1971 986 2010 non
1014 1954 1410 2009 existimarent
1439 1970 1594 2022 eum,
1631 1955 1729 2025 qui
1753 1955 2058 2011 haereticus

411 2045 606 2116 reipsa
634 2048 776 2100 erat.
814 2043 961 2110 Quid
1003 2043 1158 2098 enim
1207 2044 1402 2113 potius
1431 2049 1646 2115 ageret,
1690 2059 1820 2098 cum
1854 2044 2058 2100 ortho—

412 2135 615 2190 doxam
632 2131 901 2188 illifidem
921 2132 1345 2202 proﬁterentur,
1365 2132 1424 2186 in
1453 2133 1556 2188 hoc
1577 2133 1752 2188 etiam
1776 2133 1903 2202 ipso
1921 2149 2054 2189 eum

412 2237 586 2292 quem
629 2221 1180 2284 commemorabant,
1225 2220 1775 2277 anathematizantes
1797 2222 1824 2276 ‘?
1851 2223 2055 2278 Omnis

411 2309 694 2379 siquidem
725 2311 827 2382 qui
865 2309 1220 2366 crthodoxus
1248 2315 1338 2365 est
1384 2311 1445 2365 in
1497 2311 1789 2374 omnibus,
1821 2327 2052 2366 omnem

411 2399 771 2460 hareticum,
807 2398 859 2453 si
891 2399 1083 2454 minus
1116 2399 1310 2464 verbo,
1352 2406 1412 2454 at
1441 2399 1650 2455 virtute
1680 2400 2055 2456 anathemati-

411 2493 524 2544 zat.
553 2490 756 2544 Postea
785 2503 917 2544 vero
946 2504 1079 2543 cum
1133 2489 1387 2559 perfecta
1426 2489 1568 2560 ipsis
1604 2505 1768 2545 mens
1810 2489 2052 2558 affulsit,

412 2583 554 2636 tunc
581 2594 709 2633 cum
741 2576 859 2632 illis
881 2592 950 2632 ex
975 2593 1138 2648 aaquo
1160 2577 1219 2632 in
1244 2579 1520 2633 omnibus
1543 2583 1782 2634 sanctus
1816 2579 2050 2634 coaliut.

411 2669 620 2724 Annon
651 2672 708 2722 et
735 2683 842 2722 nos
872 2667 1028 2722 idem
1061 2669 1248 2723 facere
1282 2669 1596 2723 videmur?
1627 2669 1726 2740 qui
1758 2669 2052 2724 interdum

412 2755 711 2813 nonnullis
728 2772 926 2812 eorum
942 2756 1042 2826 qui
1064 2757 1369 2812 nobiscum
1396 2757 1675 2824 sentiunt,
1699 2757 1760 2813 in
1782 2774 1840 2812 re
1855 2758 2054 2827 aliqua

411 2845 900 2917 discrepantibus,
934 2845 989 2898 in
1026 2861 1143 2916 qua
1173 2861 1286 2900 non
1321 2861 1530 2918 magna
1562 2847 1638 2900 sit
1659 2845 1940 2915 molestia,
1964 2864 2052 2916 pa-

409 2951 656 3004 rumque
679 2952 710 2990 a
733 2934 1111 3004 summojute
1141 2934 1511 3000 discedatur;
1545 2934 1804 3004 ipsorum
1837 2936 2054 2990 nihilo-

410 3025 608 3081 minus
647 3023 1111 3078 communionem
1151 3022 1538 3090 admittimus,
1572 3040 1645 3079 ne
1678 3029 1911 3095 propter
1931 3025 2051 3079 exi-

409 3132 482 3187 gu
493 3131 587 3170 um
605 3113 1089 3186 quidpiam,quod
1109 3113 1278 3183 paulo
1296 3118 1426 3185 post
1441 3115 1648 3186 corrigi
1664 3119 2048 3186 queat,totum

2165 1956 2301 2031 πρὸς
2330 1954 2392 2008 τὸ
2424 1954 2691 2028 αἱρετικὸν
2730 1952 2805 2024 μή
2855 1947 3259 2022 ὑπολαμϐάνειν
3306 1949 3397 2004 τὸν
3445 1946 3615 2010 ὅντως
3662 1950 3821 2021 αἱρε-

2163 2044 2334 2100 τικόν.
2369 2042 2427 2097 Τί
2466 2043 2566 2116 γὰρ
2597 2041 2664 2109 ἦν
2695 2039 2838 2095 ἄλλο
2869 2040 2930 2095 τὸ
2966 2033 3328 2112 μεσολαϐοὖν,
3362 2036 3444 2093 ἐπ’
3473 2035 3533 2092 ἂν
3588 2034 3820 2112 ὀρθοδό-

2165 2135 2268 2205 ξως
2318 2133 2609 2207 ἐκήρυττον
2665 2132 2764 2198 τήν
2818 2129 3020 2198 πίστιν,
3078 2127 3172 2183 κᾶν
3233 2128 3412 2200 τούτῳ
3489 2126 3649 2182 αὐτὸν
3721 2127 3814 2180 τὸν

2168 2223 2650 2296 μνημονευόμενον
2727 2218 2912 2280 αὐτοῖς
2988 2217 3527 2288 ἀναθεματίζοντες;
3589 2213 3814 2283 Ἐπειδὴ

2163 2316 2266 2374 πᾶς
2326 2311 2627 2386 ὀρθοθοξῶν
2681 2309 2818 2363 κατὰ
2869 2307 3063 2375 πάντα,
3107 2309 3280 2361 πάντα
3328 2307 3597 2380 αἱρετικὸν
3657 2302 3817 2359 δονά-

2167 2422 2277 2475 μει,
2310 2403 2405 2455 κᾶν
2464 2399 2523 2454 οὗ
2574 2401 2805 2472 ῥήματι,
2836 2398 3236 2471 ἀναθεματίζει.
3282 2397 3508 2451 Ἔπειτα
3564 2393 3656 2450 ὅτε
3714 2395 3816 2448 αὖ·

2161 2497 2277 2552 τοῖς
2319 2491 2519 2563 ἀνῆψεν
2551 2489 2579 2543 ὁ
2610 2488 2820 2549 τέλειος
2859 2491 3012 2554 νοῦς,
3043 2487 3166 2540 τότε
3212 2487 3400 2547 αὐτοῖς
3451 2483 3814 2562 συναφθέντος

2161 2581 2298 2635 κατὰ
2328 2580 2502 2634 πάντα
2531 2581 2626 2633 τοῦ
2659 2576 2812 2654 ἁγίου
2835 2577 2989 2636 ἴσως.
3020 2582 3087 2630 Ἤ
3119 2575 3247 2649 οὐχὶ
3301 2575 3390 2629 καὶ
3428 2576 3594 2646 ἡμεῖς
3623 2574 3685 2628 τὸ
3719 2573 3816 2626 αὐ-

2159 2670 2222 2724 τὸ
2251 2674 2534 2729 ποιοῦντες
2564 2665 2904 2745 φαινόμεθας
2939 2666 3088 2720 ”Εσθ’
3138 2663 3227 2719 ὅτε
3264 2667 3426 2718 τινῶν
3479 2663 3816 2736 ὁμογνωμό-

2159 2779 2266 2813 νων
2317 2761 2454 2830 ἡμῖν
2493 2757 2630 2811 κατά
2671 2778 2725 2811 τι
2779 2753 3222 2830 διαφερομὲνων⁹
3271 2750 3392 2807 ἔνθα
3447 2751 3508 2806 οὐ
3557 2751 3703 2805 πολὺ
3750 2752 3814 2805 τὸ

2159 2849 2389 2916 λυποῦν,
2419 2847 2455 2916 ἢ
2487 2845 2704 2916 ἐξιστῶν
2746 2851 2846 2912 τῆς
2892 2841 3170 2917 ἀκριϐείας
3196 2862 3208 2875 '
3257 2842 3348 2896 καὶ
3393 2839 3548 2913 ὅμως
3586 2837 3812 2894 καταδε-

2159 2937 2376 3016 χόμεθα
2403 2938 2502 3005 τήν
2533 2936 2670 3008 πρὸς
2709 2934 2910 2994 αὐτοὺς
2939 2932 3229 2987 κοινωνίαν
3256 2949 3270 2962 ⁸
3306 2928 3395 2985 τίνα
3448 2931 3524 3002 μὴ
3576 2927 3665 2984 διὰ
3719 2951 3816 3001 μι-

2157 3027 2286 3100 κρόν
2343 3046 2396 3080 τι
2449 3026 2641 3098 μικρὸν
2713 3024 2934 3095 ὕστερον
3015 3020 3308 3095 δυνάμενον
3373 3020 3812 3092 κατορθωθῆναι,

2155 3113 2513 3187 ἀπολέσωμεν
2546 3112 2608 3168 τὸ
2638 3117 2740 3166 πᾶν
2764 3131 2777 3140 ·
2808 3115 2970 3166 τοῦτο
3003 3108 3059 3164 δὲ
3088 3108 3354 3184 ἀτέχνων,
3386 3106 3476 3163 καὶ
3507 3108 3570 3162 οὐ
3605 3128 3814 3180 μυστη-

408 3205 786 3260 amittamus:
828 3203 981 3272 quod
1015 3202 1253 3274 quidem
1296 3203 1697 3272 imperitorum
1725 3209 1898 3270 esset,
1929 3220 2044 3258 non

2164 3203 2294 3278 ρίων
2327 3203 2463 3258 Θεοῦ
2505 3201 2835 3274 οἰκονόμων.
2867 3203 3124 3254 Τοιοῦτον
3183 3218 3276 3270 μεν
3319 3197 3380 3251 τὸ
3429 3197 3565 3270 πρὸς
3621 3197 3814 3267 καιρὸν

407 3297 600 3348 autem
633 3306 832 3345 eorum
864 3289 964 3361 qui
998 3290 1426 3360 dispensatores
1467 3299 1608 3346 sunt
1639 3292 2046 3362 mysteriorum

407 3379 529 3436 Dei.
563 3383 680 3435 Hoc
707 3379 891 3451 igitur
919 3382 1010 3434 est
1039 3379 1112 3433 ad
1145 3383 1378 3447 tempus
1412 3396 1710 3434 sermones
1753 3395 2050 3447 moresque

408 3469 748 3538 dispensare
791 3468 850 3521 in
887 3467 1132 3536 judicio,
1173 3473 1230 3522 et
1279 3469 1533 3533 veritate,
1579 3485 1644 3523 ac
1693 3469 1814 3537 lege
1859 3485 1872 3523 :
1935 3485 2049 3524 non

411 3562 609 3614 autem
641 3557 700 3611 in
741 3555 1048 3627 iniquitate
1071 3572 1137 3610 ac
1167 3557 1548 3612 mendacioin
1581 3557 1938 3612 universum.
1972 3559 2050 3612 Ne

412 3648 642 3717 linguas
672 3653 904 3701 exorant
933 3646 1040 3700 hoc
1064 3645 1188 3701 loco
1221 3646 1527 3702 Moechiani
1553 3664 1566 3713 ;
1601 3663 1789 3718 neque
1809 3649 1913 3702 viae
1945 3648 2050 3702 du-

411 3751 536 3791 cem
569 3737 770 3805 putent
798 3750 931 3788 eum
955 3735 1052 3805 qui
1077 3735 1425 3805 praecipitet;
1453 3751 1556 3790 nec
1576 3737 2048 3804 gubernatorem,

413 3823 514 3895 qui
545 3822 877 3892 demerget;
910 3839 1016 3877 nec
1047 3823 1297 3894 denique
1344 3824 1657 3889 medicum,
1691 3825 1781 3893 qui
1819 3825 2050 3880 morbos

410 3911 686 3979 inducat;
721 3911 919 3982 quales
950 3911 1061 3981 ipsi
1085 3910 1265 3965 fuisse
1295 3911 1582 3977 videntur,
1615 3911 1715 3980 qui
1749 3927 1882 3966 cum
1909 3928 2048 3966 mm-

411 4001 520 4058 cho
567 4000 838 4056 mmchati
889 4009 1045 4066 sunt,
1097 4016 1230 4054 cum
1281 3999 1676 4056 adulterorum
1716 4001 2050 4070 copulatore

410 4090 704 4145 adulteros
729 4089 1170 4160 ecpulavarunt,
1204 4104 1339 4143 cum
1372 4088 1474 4144 Dei
1506 4098 1840 4145 accusatore
1869 4091 2049 4145 Deum

413 4184 849 4240 accusaverunt.
884 4195 1015 4233 cum
1057 4178 1344 4249 Evangelii
1390 4180 1750 4234 destructore
1793 4179 2050 4250 Evange-

411 4271 556 4325 lium
583 4268 1108 4325 ccndestruxerunt
1140 4284 1295 4324 more
1317 4269 1555 4324 canino:
1581 4268 1665 4323 sic
1686 4269 1838 4323 enim
1865 4270 2053 4339 aptius

413 4359 570 4427 loqui
593 4359 782 4413 liceat.
805 4357 1143 4412 Dioscorum
1169 4363 1363 4413 autem
1383 4357 1796 4413 Alexandrium
1819 4357 2051 4414 haereti-

413 4464 548 4504 cum
564 4447 826 4512 ubinam,
842 4454 942 4501 aut
955 4447 1246 4518 quomodo
1267 4446 1496 4501 divinus
1508 4447 1758 4520 Cyrillus
1770 4447 2048 4518 suscepit,

414 4541 476 4594 ut
505 4536 805 4592 Mmchiani
825 4537 1050 4600 dicunt,
1075 4535 1133 4589 in
1158 4536 1353 4590 media
1381 4534 1508 4590 luce
1533 4538 1689 4606 caeci,
1714 4540 2051 4592 sanctorum

413 4627 816 4683 criminatores
837 4623 864 4678 ’ἶ
893 4639 998 4679 nec
1018 4624 1279 4679 auditum
1303 4625 1358 4679 id
1375 4640 1651 4695 unquam,
1677 4641 1782 4681 nec
1801 4625 2055 4696 speciem

415 4717 594 4772 ullam
618 4716 790 4770 habet
812 4714 1052 4769 istorum
1075 4715 1433 4770 mendacium
1457 4732 1471 4782 ;
1495 4731 1626 4770 cum
1651 4716 1933 4784 posterior
1954 4715 2052 4770 ille

412 4806 606 4862 divino
633 4802 844 4876 Cyrillo
876 4804 1069 4859 fuerit.
1103 4803 1365 4866 Quonam
1392 4804 1570 4877 igitur
1602 4807 1775 4861 modo
1797 4821 1928 4861 eum
1952 4805 2053 4876 qui

411 4897 546 4968 post
575 4891 754 4947 sancti
785 4891 1005 4946 obitum
1049 4893 1351 4948 hereticus
1381 4892 1636 4948 innotuit
1677 4897 1938 4964 tempore
1969 4893 2052 4948 la-

409 4981 711 5039 trocinalis
745 4980 1046 5052 Ephesius:
1078 4982 1304 5053 synodi,
1341 4987 1469 5053 post
1502 4985 1729 5038 tertiam
1749 4986 2050 5049 sanctam;

411 5071 510 5126 ille
539 5074 800 5136 sanctus,
826 5071 948 5137 jam
982 5069 1107 5125 caeli
1133 5072 1300 5126 sedes
1327 5072 1593 5142 adeptus,
1625 5071 1928 5140 suscepit?
1957 5071 2052 5126 Sic

413 5178 623 5234 nempe
644 5161 1025 5224 mentiuntur,
1051 5162 1278 5218 fabulas
1297 5166 1581 5226 texentes,
1603 5167 1669 5217 ut
1689 5162 2050 5232 simplicium

413 5253 640 5309 animas
670 5258 1057 5322 aucupentur.

481 5341 762 5407 Quocirca
790 5341 947 5396 omni
987 5347 1108 5395 arte
1151 5357 1216 5395 ac
1249 5340 1494 5395 scientia
1523 5341 1791 5410 satagite,
1835 5343 1900 5394 ut
1929 5355 2052 5394 ser-

411 5441 640 5506 pentem
669 5435 727 5487 et
747 5447 883 5486 voce
913 5431 1246 5501 serpentina
1270 5429 1568 5498 loquentes
1599 5429 1927 5497 declinatis,
1952 5446 2052 5501 per

412 5539 558 5596 quos
588 5520 886 5591 perierunt
922 5535 1099 5590 quam
1142 5518 1376 5589 plurimi
1408 5536 1438 5573 a
1465 5518 1835 5589 generatione
1859 5519 1920 5574 in
1952 5536 2051 5590 ge-

411 5610 792 5667 nerationem.
836 5608 912 5662 De
944 5607 1074 5662 aliis
1115 5623 1244 5662 vero
1284 5606 1838 5681 interrogationibus
1876 5609 1991 5662 tuis
2033 5625 2048 5663 :

414 5701 471 5756 Si
503 5700 814 5772 episcopus
842 5696 1286 5768 Mmchosyncdo
1319 5714 1433 5754 non
1472 5697 1816 5766 interfuerit,
1858 5708 2050 5756 vocet-

2165 3292 2474 3364 οἰκονομεῖν
2533 3291 2660 3350 τοὺς
2709 3288 2911 3364 λόγους
2959 3288 3048 3342 καὶ
3093 3286 3221 3348 τοὺς
3249 3286 3487 3361 τρόπους
3532 3285 3585 3339 ἐν
3635 3286 3813 3356 κρίσει

2159 3382 2248 3437 καὶ
2293 3380 2523 3451 ἀληθείᾳ
2571 3379 2662 3434 καὶ
2718 3379 2908 3451 νόμῳ⁶
2955 3377 3083 3432 ἀλλ’
3124 3376 3223 3431 οὐκ
3269 3376 3321 3430 ἐν
3362 3375 3678 3447 παρανομίᾳ
3715 3376 3813 3430 καὶ

2161 3470 2344 3546 ψεύδει
2374 3472 2436 3525 τὸ
2467 3469 2722 3525 καθόλου.
2760 3469 2848 3536 Μὴ
2882 3461 3380 3540 προϐαλλέσθωσαν
3409 3465 3504 3527 τάς
3552 3463 3812 3538 γλώσσας

2159 3561 2212 3614 οἱ
2246 3559 2565 3632 Μοιχειανοὶ
2598 3555 2851 3610 ἐνταῦθα’
2893 3552 3032 3627 μηδὲ
3056 3555 3150 3610 τὸν
3183 3554 3544 3630 χειραγωγὸν,
3571 3573 3814 3626 κρημνι-

2160 3649 2290 3716 στὴν
2338 3647 2665 3702 οἰέσθωσαν’
2733 3642 2871 3716 μηδὲ
2932 3645 3025 3698 τὸν
3083 3639 3442 3718 κυϐερνήτην,
3475 3663 3809 3696 καταποντι-

2159 3733 2486 3808 στήν.Μηδ’
2546 3735 2605 3789 ἂν
2661 3733 2755 3789 τὸν
2807 3733 3014 3808 ἰατρὸν,
3063 3732 3386 3787 νοσοποιόν’
3445 3732 3594 3806 ᾧπερ
3649 3730 3810 3786 αὐτοὶ

2159 3827 2550 3902 ὡμοιώθησαν,
2589 3828 2668 3896 τῷ
2702 3828 2890 3897 μοιχῷ
2930 3822 3458 3896 συμμοιχεόσαντες,
3491 3824 3570 3891 τῷ
3603 3840 3812 3895 μοιχο-

2162 3916 2353 3989 ζεόκτῃ
2404 3914 2765 3986 συζεύξαντες,
2804 3911 2883 3984 τῷ
2932 3911 3318 3986 θεοκατηγόρῳ
3368 3912 3806 3984 συνθεοκατηγο-

2161 4007 2439 4078 ρήσαντες,
2479 4007 2559 4074 τῷ
2609 4000 3037 4077 εὐαγγελιολύτῃ
3089 3998 3814 4074 συνευαγγελιολυτήσαντες

2161 4098 2436 4155 κυνικῶςσ
2494 4093 2636 4147 οὕτω
2695 4093 2798 4167 γὰρ
2861 4092 3060 4168 φράσαι
3115 4089 3459 4163 οἰκειότερον.
3512 4087 3812 4163 Διόσκορον

2163 4180 2219 4236 δὲ
2273 4185 2397 4248 ποῦ,
2527 4183 2667 4249 πῶς,
2699 4180 2789 4232 τὸν
2821 4175 3233 4252 Ἀλεξανδρείας
3279 4177 3546 4249 αἱρετικὸν
3606 4176 3812 4250 Κόριλ-

2163 4271 2258 4332 λος
2291 4272 2318 4324 ὸ
2350 4273 2493 4332 θεῖος
2523 4267 2757 4339 ἐδέξατο,
2791 4268 2864 4330 ὥς
2893 4288 3048 4343 φασιν
3101 4269 3155 4320 o't
3203 4267 3549 4340 Μοιχειανοί,
3582 4268 3633 4320 οἱ
3684 4267 3814 4340 περὶ

2159 4361 2222 4416 τὸ
2279 4365 2392 4430 φῶς
2451 4359 2737 4426 σκοτεινοὶ,
2799 4359 2850 4412 οἱ
2915 4358 3212 4431 κατήγοροι
3265 4361 3375 4409 τῶν
3428 4353 3815 4428 ἀγίων;οὗτε

2160 4452 2424 4521 ἠκούσθη,
2469 4447 2592 4504 οὔτε
2649 4449 2803 4524 φύσιν
2861 4441 2976 4523 ἔχει
3032 4448 3095 4500 τὸ
3146 4443 3340 4519 ψεῦδος
3395 4444 3609 4499 αὐτῶν·
3668 4441 3812 4498 διότι

2168 4539 2612 4614 μεταγενέστερός
2654 4536 2766 4591 ἐστι
2821 4540 2918 4591 τοῦ
2977 4534 3123 4590 θείου
3183 4533 3480 4608 Κυρίλλου.
3534 4537 3658 4595 Πῶς
3722 4532 3816 4587 οὖν

2163 4633 2253 4686 τὸν
2299 4633 2433 4702 μετὰ
2465 4629 2722 4700 κοίμησιν
2774 4631 2870 4681 τοῦ
2919 4627 3076 4701 ἁγίου
3125 4623 3490 4702 γνωρισθέντα
3538 4624 3812 4696 αἱρετικὸν

2164 4719 2215 4774 ἐν
2273 4723 2446 4792 καιρῷ
2501 4724 2602 4787 τῆς
2652 4718 2952 4791 λῃστρικῆς
3012 4711 3236 4769 συνόδου
3293 4712 3344 4767 ἐν
3392 4713 3622 4792 Ἐφέσῳ,
3675 4714 3813 4786 μετᾶ

2161 4809 2259 4876 τὴν
2317 4808 2503 4881 τρίτην
2562 4807 2652 4861 καὶ
2728 4805 2908 4883 ἁγίαν,
2967 4805 3126 4864 αὐτὸς
3184 4804 3211 4858 ὁ
3261 4804 3413 4877 ἅγιος
3471 4800 3684 4875 ἐδέξατο
3744 4803 3813 4857 τὰ

2164 4898 2502 4969 ὑπερκύσμια
2568 4895 2796 4968 λαχών;
2856 4893 3012 4951 Οὕτω
3071 4889 3428 4966 ψευδοεποῦσι
3507 4891 3815 4964 μυθαρευό-

2165 5007 2339 5057 μενοι,
2399 4984 2548 5045 ὅπως
2600 4983 2903 5058 θηρεύσωσι
2963 4982 3143 5055 ψυχὰς
3223 4979 3522 5058 ἀφελότητι
3578 5000 3811 5053 πορευο-

2164 5075 2350 5148 μὲνας.

2231 5340 2328 5395 Διά
2373 5343 2534 5394 τοῦτο
2580 5341 2875 5414 τεχνοῦσθε
2923 5340 3013 5392 καὶ
3063 5337 3392 5414 γνωρίζεσθε
3422 5336 3558 5391 κατά
3592 5339 3767 5392 πάντα
3794 5357 3808 5370 ·

2154 5426 2246 5483 ’ίνα
2299 5431 2389 5484 τὸν
2450 5427 2569 5506 ὅφιν
2628 5431 2722 5484 καὶ
2777 5430 2904 5491 τοὸς
2937 5428 3282 5505 ὀφιοφώνους
3305 5425 3692 5504 φεύγοιτε,ἐφ’
3723 5428 3815 5488 οἷς

2160 5518 2450 5585 ὠλέκοντο,
2483 5518 2567 5573 ὅτι
2602 5519 2839 5592 μάλιστα
2887 5514 3138 5572 πλεῖστοι
3187 5517 3291 5570 ἀπὸ
3334 5520 3532 5592 γενεῶν
3582 5515 3657 5576 εἷς
3716 5537 3812 5590 γε-

2159 5609 2299 5668 νεάς.
2334 5608 2464 5680 Περὶ
2523 5604 2582 5662 δὲ
2635 5610 2742 5660 τῶν
2798 5604 2985 5661 ἄλλων
3045 5605 3282 5660 πεόσεων
3313 5622 3326 5634 ·
3357 5604 3418 5659 Εἴ
3448 5607 3477 5658 ὸ
3508 5603 3810 5665 ἐπίσκοπος

2160 5697 2270 5774 οὐχ
2317 5697 2538 5773 εὕρηται
2583 5695 2660 5760 εἰς
2707 5698 2808 5766 τήν
2861 5691 3506 5772 μοιχοσύνοδον,,καλοίη
3548 5691 3811 5762 δὶαύτήν
