  <div class='ocr_page' id='page_1' title='image "/cluster/home/n/w/nwhite01/storage/ocr_20150623/99/mdp.39015005675577/550.png"; bbox 0 0 4084 6284; ppageno 0'>
   <div class='ocr_carea' id='block_1_1' title="bbox 311 374 466 437">
    <p class='ocr_par' dir='ltr' id='par_1_1' title="bbox 311 374 466 437">
     <span class='ocr_line' id='line_1_1' title="bbox 311 374 466 437; baseline 0.006 -1"><span class='ocrx_word' id='word_1_1' title='bbox 311 374 466 437; x_wconf 88' lang='grc'><strong>1089</strong></span> 
     </span>
    </p>
   </div>
   <div class='ocr_carea' id='block_1_2' title="bbox 1582 377 2424 443">
    <p class='ocr_par' dir='ltr' id='par_1_2' title="bbox 1582 377 2424 443">
     <span class='ocr_line' id='line_1_2' title="bbox 1582 377 2424 443; baseline 0.001 -5"><span class='ocrx_word' id='word_1_2' title='bbox 1582 377 2136 443; x_wconf 85' lang='lat' dir='ltr'><strong>EPISTOLARUM</strong></span> <span class='ocrx_word' id='word_1_3' title='bbox 2183 380 2325 442; x_wconf 87' lang='lat' dir='ltr'><strong>LIB.</strong></span> <span class='ocrx_word' id='word_1_4' title='bbox 2374 382 2424 440; x_wconf 94' lang='grc' dir='ltr'><strong>Ι.</strong></span> 
     </span>
    </p>
   </div>
   <div class='ocr_carea' id='block_1_3' title="bbox 3546 374 3705 435">
    <p class='ocr_par' dir='ltr' id='par_1_3' title="bbox 3546 374 3705 435">
     <span class='ocr_line' id='line_1_3' title="bbox 3546 374 3705 435; baseline -0.006 0"><span class='ocrx_word' id='word_1_5' title='bbox 3546 374 3705 435; x_wconf 78' lang='grc'>1090</span> 
     </span>
    </p>
   </div>
   <div class='ocr_carea' id='block_1_4' title="bbox 306 505 1950 587">
    <p class='ocr_par' dir='ltr' id='par_1_4' title="bbox 306 505 1947 585">
     <span class='ocr_line' id='line_1_4' title="bbox 306 505 1947 585; baseline 0.001 -21"><span class='ocrx_word' id='word_1_6' title='bbox 306 507 749 585; x_wconf 71' lang='grc' dir='ltr'>ψευδοσύλλογον</span> <span class='ocrx_word' id='word_1_7' title='bbox 784 527 797 542; x_wconf 87' lang='grc'><em>’</em></span> <span class='ocrx_word' id='word_1_8' title='bbox 835 509 1166 582; x_wconf 81' lang='grc' dir='ltr'>μνημονεύει</span> <span class='ocrx_word' id='word_1_9' title='bbox 1198 505 1256 563; x_wconf 72' lang='grc' dir='ltr'><strong>δὲ</strong></span> <span class='ocrx_word' id='word_1_10' title='bbox 1291 509 1382 563; x_wconf 86' lang='grc' dir='ltr'>τὸν</span> <span class='ocrx_word' id='word_1_11' title='bbox 1411 507 1464 563; x_wconf 85' lang='grc' dir='ltr'>ἐν</span> <span class='ocrx_word' id='word_1_12' title='bbox 1499 510 1635 583; x_wconf 82' lang='grc' dir='ltr'>αύτῇ</span> <span class='ocrx_word' id='word_1_13' title='bbox 1667 511 1947 584; x_wconf 77' lang='grc' dir='ltr'>εὗρεθέντα</span> 
     </span>
    </p>
   </div>
   <div class='ocr_carea' id='block_1_5' title="bbox 2059 505 3704 587">
    <p class='ocr_par' dir='ltr' id='par_1_5' title="bbox 2061 513 3704 587">
     <span class='ocr_line' id='line_1_5' title="bbox 2061 513 3704 587; baseline -0.002 -16"><span class='ocrx_word' id='word_1_14' title='bbox 2061 530 2173 587; x_wconf 90' lang='lat' dir='ltr'><strong>que</strong></span> <span class='ocrx_word' id='word_1_15' title='bbox 2222 516 2381 571; x_wconf 92' lang='lat' dir='ltr'><strong>illam</strong></span> <span class='ocrx_word' id='word_1_16' title='bbox 2451 514 2660 571; x_wconf 85' lang='lat' dir='ltr'><strong>falsum</strong></span> <span class='ocrx_word' id='word_1_17' title='bbox 2728 513 3199 570; x_wconf 86' lang='lat' dir='ltr'><strong>conventiculum</strong></span> <span class='ocrx_word' id='word_1_18' title='bbox 3235 531 3247 567; x_wconf 89' lang='lat'><strong>:</strong></span> <span class='ocrx_word' id='word_1_19' title='bbox 3284 516 3704 569; x_wconf 79' lang='lat' dir='ltr'><strong>commemoret</strong></span> 
     </span>
    </p>
   </div>
   <div class='ocr_carea' id='block_1_6' title="bbox 311 593 1951 675">
    <p class='ocr_par' dir='ltr' id='par_1_6' title="bbox 311 593 1951 675">
     <span class='ocr_line' id='line_1_6' title="bbox 311 593 1951 675; baseline 0.001 -21"><span class='ocrx_word' id='word_1_20' title='bbox 311 598 727 674; x_wconf 89' lang='grc' dir='ltr'>μητροπολίτην</span> <span class='ocrx_word' id='word_1_21' title='bbox 777 598 942 653; x_wconf 79' lang='grc' dir='ltr'>αὐτοῦ</span> <span class='ocrx_word' id='word_1_22' title='bbox 975 632 989 640; x_wconf 92' lang='grc'><strong><em>-</em></strong></span> <span class='ocrx_word' id='word_1_23' title='bbox 1037 599 1096 653; x_wconf 80' lang='grc' dir='ltr'><strong>ἐκ</strong></span> <span class='ocrx_word' id='word_1_24' title='bbox 1141 603 1239 654; x_wconf 86' lang='grc' dir='ltr'><strong>τοῦ</strong></span> <span class='ocrx_word' id='word_1_25' title='bbox 1284 593 1654 675; x_wconf 86' lang='grc' dir='ltr'>πρεσϐυτέρου</span> <span class='ocrx_word' id='word_1_26' title='bbox 1706 604 1802 655; x_wconf 92' lang='grc' dir='ltr'><strong>τοῦ</strong></span> <span class='ocrx_word' id='word_1_27' title='bbox 1831 599 1951 656; x_wconf 84' lang='grc' dir='ltr'>ἐπι-</span> 
     </span>
    </p>
   </div>
   <div class='ocr_carea' id='block_1_7' title="bbox 307 685 1946 762">
    <p class='ocr_par' dir='ltr' id='par_1_7' title="bbox 307 685 1946 762">
     <span class='ocr_line' id='line_1_7' title="bbox 307 685 1946 762; baseline 0.001 -20"><span class='ocrx_word' id='word_1_28' title='bbox 307 687 513 742; x_wconf 89' lang='grc' dir='ltr'>σκόπου</span> <span class='ocrx_word' id='word_1_29' title='bbox 544 685 963 762; x_wconf 80' lang='grc' dir='ltr'>ἀρθοδοξοῦντος</span> <span class='ocrx_word' id='word_1_30' title='bbox 1012 686 1058 742; x_wconf 87' lang='grc' dir='ltr'>εἰ</span> <span class='ocrx_word' id='word_1_31' title='bbox 1120 689 1230 762; x_wconf 81' lang='grc' dir='ltr'>χρὴ</span> <span class='ocrx_word' id='word_1_32' title='bbox 1263 691 1551 743; x_wconf 74' lang='grc' dir='ltr'><strong>κοινωνεῖν</strong></span> <span class='ocrx_word' id='word_1_33' title='bbox 1584 705 1598 718; x_wconf 90' lang='grc'><strong>·</strong></span> <span class='ocrx_word' id='word_1_34' title='bbox 1648 687 1946 762; x_wconf 83' lang='grc' dir='ltr'>ἀπεκρίθην</span> 
     </span>
    </p>
   </div>
   <div class='ocr_carea' id='block_1_8' title="bbox 306 772 1948 852">
    <p class='ocr_par' dir='ltr' id='par_1_8' title="bbox 306 772 1948 852">
     <span class='ocr_line' id='line_1_8' title="bbox 306 772 1948 852; baseline 0 -22"><span class='ocrx_word' id='word_1_35' title='bbox 306 776 396 830; x_wconf 89' lang='grc' dir='ltr'><strong>καὶ</strong></span> <span class='ocrx_word' id='word_1_36' title='bbox 444 774 515 831; x_wconf 87' lang='grc' dir='ltr'>δι’</span> <span class='ocrx_word' id='word_1_37' title='bbox 563 773 760 849; x_wconf 70' lang='grc' dir='ltr'>ἐτέρων</span> <span class='ocrx_word' id='word_1_38' title='bbox 804 779 912 830; x_wconf 81' lang='grc' dir='ltr'>τῶν</span> <span class='ocrx_word' id='word_1_39' title='bbox 960 775 1098 852; x_wconf 87' lang='grc' dir='ltr'>πρὸς</span> <span class='ocrx_word' id='word_1_40' title='bbox 1152 772 1385 832; x_wconf 82' lang='grc' dir='ltr'>Εὖόδιον</span> <span class='ocrx_word' id='word_1_41' title='bbox 1440 775 1803 851; x_wconf 80' lang='grc' dir='ltr'><strong>γραμμάτων,</strong></span> <span class='ocrx_word' id='word_1_42' title='bbox 1865 777 1948 832; x_wconf 82' lang='grc' dir='ltr'><strong>ὅτι</strong></span> 
     </span>
    </p>
   </div>
   <div class='ocr_carea' id='block_1_9' title="bbox 305 863 1951 942">
    <p class='ocr_par' dir='ltr' id='par_1_9' title="bbox 305 863 1951 942">
     <span class='ocr_line' id='line_1_9' title="bbox 305 863 1951 942; baseline 0.001 -23"><span class='ocrx_word' id='word_1_43' title='bbox 305 863 431 934; x_wconf 81' lang='grc' dir='ltr'>Ναὶ,</span> <span class='ocrx_word' id='word_1_44' title='bbox 462 865 784 939; x_wconf 76' lang='grc' dir='ltr'><strong>οἰκονομίας</strong></span> <span class='ocrx_word' id='word_1_45' title='bbox 813 866 975 940; x_wconf 80' lang='grc' dir='ltr'>χάριν</span> <span class='ocrx_word' id='word_1_46' title='bbox 1001 884 1014 897; x_wconf 89' lang='grc'><strong>·</strong></span> <span class='ocrx_word' id='word_1_47' title='bbox 1066 866 1233 938; x_wconf 89' lang='grc' dir='ltr'>μόνον</span> <span class='ocrx_word' id='word_1_48' title='bbox 1268 867 1343 939; x_wconf 82' lang='grc' dir='ltr'>μὴ</span> <span class='ocrx_word' id='word_1_49' title='bbox 1396 863 1951 942; x_wconf 87' lang='grc' dir='ltr'>συλλειτουργυῦντος</span> 
     </span>
    </p>
   </div>
   <div class='ocr_carea' id='block_1_10' title="bbox 305 953 1954 1031">
    <p class='ocr_par' dir='ltr' id='par_1_10' title="bbox 305 953 1954 1031">
     <span class='ocr_line' id='line_1_10' title="bbox 305 953 1954 1031; baseline 0 -21"><span class='ocrx_word' id='word_1_50' title='bbox 305 955 473 1010; x_wconf 83' lang='grc' dir='ltr'>αὐτοῦ</span> <span class='ocrx_word' id='word_1_51' title='bbox 505 956 822 1030; x_wconf 81' lang='grc' dir='ltr'>αἱρετικοῖς.</span> <span class='ocrx_word' id='word_1_52' title='bbox 856 956 949 1020; x_wconf 88' lang='grc' dir='ltr'><strong>Εἰς</strong></span> <span class='ocrx_word' id='word_1_53' title='bbox 997 953 1148 1011; x_wconf 77' lang='grc' dir='ltr'>οὐδὲν</span> <span class='ocrx_word' id='word_1_54' title='bbox 1192 955 1296 1031; x_wconf 80' lang='grc' dir='ltr'>γὰρ</span> <span class='ocrx_word' id='word_1_55' title='bbox 1346 955 1480 1025; x_wconf 72' lang='grc' dir='ltr'>ἐστι,</span> <span class='ocrx_word' id='word_1_56' title='bbox 1532 957 1954 1030; x_wconf 88' lang='grc' dir='ltr'>μνημονευομέ-</span> 
     </span>
    </p>
   </div>
   <div class='ocr_carea' id='block_1_11' title="bbox 305 1043 1949 1120">
    <p class='ocr_par' dir='ltr' id='par_1_11' title="bbox 305 1043 1949 1120">
     <span class='ocr_line' id='line_1_11' title="bbox 305 1043 1949 1120; baseline 0 -21"><span class='ocrx_word' id='word_1_57' title='bbox 305 1066 401 1100; x_wconf 91' lang='grc' dir='ltr'><strong>νου</strong></span> <span class='ocrx_word' id='word_1_58' title='bbox 456 1049 555 1101; x_wconf 90' lang='grc' dir='ltr'><strong>τοῦ</strong></span> <span class='ocrx_word' id='word_1_59' title='bbox 610 1045 916 1101; x_wconf 85' lang='grc' dir='ltr'>ἀπισκὸπου</span> <span class='ocrx_word' id='word_1_60' title='bbox 985 1043 1275 1120; x_wconf 83' lang='grc' dir='ltr'>όρθοδόξου</span> <span class='ocrx_word' id='word_1_61' title='bbox 1333 1044 1512 1114; x_wconf 68' lang='grc' dir='ltr'>ὄντος,</span> <span class='ocrx_word' id='word_1_62' title='bbox 1568 1046 1667 1100; x_wconf 72' lang='grc' dir='ltr'>κᾶν</span> <span class='ocrx_word' id='word_1_63' title='bbox 1741 1046 1949 1101; x_wconf 74' lang='grc' dir='ltr'>ἐκείνου</span> 
     </span>
    </p>
   </div>
   <div class='ocr_carea' id='block_1_12' title="bbox 307 1131 1954 1212">
    <p class='ocr_par' dir='ltr' id='par_1_12' title="bbox 307 1131 1954 1212">
     <span class='ocr_line' id='line_1_12' title="bbox 307 1131 1954 1212; baseline -0.001 -22"><span class='ocrx_word' id='word_1_64' title='bbox 307 1131 465 1210; x_wconf 79' lang='grc' dir='ltr'>φόϐῳ</span> <span class='ocrx_word' id='word_1_65' title='bbox 505 1135 775 1212; x_wconf 77' lang='grc' dir='ltr'>αἱρετικὸν</span> <span class='ocrx_word' id='word_1_66' title='bbox 836 1134 1195 1209; x_wconf 74' lang='grc' dir='ltr'>ἀναφέροντος</span> <span class='ocrx_word' id='word_1_67' title='bbox 1225 1136 1315 1190; x_wconf 87' lang='grc' dir='ltr'>τὸν</span> <span class='ocrx_word' id='word_1_68' title='bbox 1362 1134 1562 1191; x_wconf 80' lang='grc' dir='ltr'>οἰκεῖον</span> <span class='ocrx_word' id='word_1_69' title='bbox 1614 1133 1954 1210; x_wconf 88' lang='grc' dir='ltr'>μητροπολί-</span> 
     </span>
    </p>
   </div>
   <div class='ocr_carea' id='block_1_13' title="bbox 302 1221 1952 1300">
    <p class='ocr_par' dir='ltr' id='par_1_13' title="bbox 302 1221 1952 1300">
     <span class='ocr_line' id='line_1_13' title="bbox 302 1221 1952 1300; baseline -0.001 -20"><span class='ocrx_word' id='word_1_70' title='bbox 302 1245 426 1293; x_wconf 82' lang='grc' dir='ltr'>την.</span> <span class='ocrx_word' id='word_1_71' title='bbox 459 1227 569 1281; x_wconf 93' lang='grc' dir='ltr'>Τοῦ</span> <span class='ocrx_word' id='word_1_72' title='bbox 625 1222 878 1280; x_wconf 88' lang='grc' dir='ltr'>τοιούτου</span> <span class='ocrx_word' id='word_1_73' title='bbox 936 1221 1301 1300; x_wconf 81' lang='grc' dir='ltr'>πρεσϐυτέρου</span> <span class='ocrx_word' id='word_1_74' title='bbox 1365 1224 1457 1279; x_wconf 86' lang='grc' dir='ltr'><strong>ααὶ</strong></span> <span class='ocrx_word' id='word_1_75' title='bbox 1512 1224 1587 1287; x_wconf 80' lang='grc' dir='ltr'>εἰς</span> <span class='ocrx_word' id='word_1_76' title='bbox 1644 1221 1952 1299; x_wconf 81' lang='grc' dir='ltr'>παννυχίδα</span> 
     </span>
    </p>
   </div>
   <div class='ocr_carea' id='block_1_14' title="bbox 305 1311 1951 1388">
    <p class='ocr_par' dir='ltr' id='par_1_14' title="bbox 305 1311 1951 1388">
     <span class='ocr_line' id='line_1_14' title="bbox 305 1311 1951 1388; baseline 0 -21"><span class='ocrx_word' id='word_1_77' title='bbox 305 1312 816 1388; x_wconf 85' lang='grc' dir='ltr'>προσκαλουμένου,</span> <span class='ocrx_word' id='word_1_78' title='bbox 866 1311 1006 1369; x_wconf 75' lang='grc' dir='ltr'>ἰτέον</span> <span class='ocrx_word' id='word_1_79' title='bbox 1055 1333 1070 1347; x_wconf 85' lang='grc'><strong>·</strong></span> <span class='ocrx_word' id='word_1_80' title='bbox 1128 1314 1219 1369; x_wconf 87' lang='grc' dir='ltr'><strong>καὶ</strong></span> <span class='ocrx_word' id='word_1_81' title='bbox 1265 1313 1594 1385; x_wconf 82' lang='grc' dir='ltr'>Ἐυκλησίαν</span> <span class='ocrx_word' id='word_1_82' title='bbox 1628 1316 1755 1388; x_wconf 88' lang='grc' dir='ltr'>παρ’</span> <span class='ocrx_word' id='word_1_83' title='bbox 1785 1313 1951 1368; x_wconf 78' lang='grc' dir='ltr'>αὐτοῦ</span> 
     </span>
    </p>
   </div>
   <div class='ocr_carea' id='block_1_15' title="bbox 310 1397 1948 1478">
    <p class='ocr_par' dir='ltr' id='par_1_15' title="bbox 310 1397 1948 1478">
     <span class='ocr_line' id='line_1_15' title="bbox 310 1397 1948 1478; baseline 0.001 -23"><span class='ocrx_word' id='word_1_84' title='bbox 310 1397 609 1475; x_wconf 74' lang='grc' dir='ltr'>δεδομένην</span> <span class='ocrx_word' id='word_1_85' title='bbox 643 1402 880 1472; x_wconf 82' lang='grc' dir='ltr'>ληπτέον</span> <span class='ocrx_word' id='word_1_86' title='bbox 916 1424 930 1437; x_wconf 86' lang='grc'><strong>·</strong></span> <span class='ocrx_word' id='word_1_87' title='bbox 956 1402 1048 1457; x_wconf 85' lang='grc' dir='ltr'><strong>καὶ</strong></span> <span class='ocrx_word' id='word_1_88' title='bbox 1089 1403 1164 1464; x_wconf 82' lang='grc' dir='ltr'><strong>είς</strong></span> <span class='ocrx_word' id='word_1_89' title='bbox 1209 1400 1377 1474; x_wconf 78' lang='grc' dir='ltr'>αὒτήν</span> <span class='ocrx_word' id='word_1_90' title='bbox 1432 1403 1737 1478; x_wconf 71' lang='grc' dir='ltr'>ἐρχομένου</span> <span class='ocrx_word' id='word_1_91' title='bbox 1783 1403 1948 1458; x_wconf 82' lang='grc' dir='ltr'>αὐτοῦ</span> 
     </span>
    </p>
   </div>
   <div class='ocr_carea' id='block_1_16' title="bbox 306 1489 1949 1568">
    <p class='ocr_par' dir='ltr' id='par_1_16' title="bbox 306 1489 1949 1568">
     <span class='ocr_line' id='line_1_16' title="bbox 306 1489 1949 1568; baseline 0.001 -22"><span class='ocrx_word' id='word_1_92' title='bbox 306 1489 722 1568; x_wconf 82' lang='grc' dir='ltr'>λειτουργῆσαι,</span> <span class='ocrx_word' id='word_1_93' title='bbox 780 1492 1215 1568; x_wconf 78' lang='grc' dir='ltr'>παραχωρητέον</span> <span class='ocrx_word' id='word_1_94' title='bbox 1274 1512 1287 1526; x_wconf 89' lang='grc'><strong>·</strong></span> <span class='ocrx_word' id='word_1_95' title='bbox 1355 1495 1392 1564; x_wconf 80' lang='grc' dir='ltr'><strong>ἢ</strong></span> <span class='ocrx_word' id='word_1_96' title='bbox 1442 1493 1532 1547; x_wconf 89' lang='grc' dir='ltr'><strong>καὶ</strong></span> <span class='ocrx_word' id='word_1_97' title='bbox 1577 1496 1949 1566; x_wconf 89' lang='grc' dir='ltr'>μνημονεῦσαι</span> 
     </span>
    </p>
   </div>
   <div class='ocr_carea' id='block_1_17' title="bbox 303 1575 1945 1656">
    <p class='ocr_par' dir='ltr' id='par_1_17' title="bbox 303 1575 1945 1656">
     <span class='ocr_line' id='line_1_17' title="bbox 303 1575 1945 1656; baseline 0.002 -24"><span class='ocrx_word' id='word_1_98' title='bbox 303 1578 510 1653; x_wconf 86' lang='grc' dir='ltr'>νεκρὸν,</span> <span class='ocrx_word' id='word_1_99' title='bbox 544 1575 834 1652; x_wconf 83' lang='grc' dir='ltr'>όρθόδαξον</span> <span class='ocrx_word' id='word_1_100' title='bbox 881 1578 1087 1653; x_wconf 89' lang='grc' dir='ltr'>μέντοι,</span> <span class='ocrx_word' id='word_1_101' title='bbox 1132 1578 1516 1656; x_wconf 71' lang='grc' dir='ltr'>συγχωρητέον</span> <span class='ocrx_word' id='word_1_102' title='bbox 1549 1599 1561 1613; x_wconf 71' lang='grc'>⁸</span> <span class='ocrx_word' id='word_1_103' title='bbox 1607 1579 1696 1635; x_wconf 78' lang='grc' dir='ltr'><strong>καὶ</strong></span> <span class='ocrx_word' id='word_1_104' title='bbox 1747 1580 1798 1635; x_wconf 71' lang='grc' dir='ltr'>ἐν</span> <span class='ocrx_word' id='word_1_105' title='bbox 1848 1579 1945 1635; x_wconf 85' lang='grc' dir='ltr'>αύ-</span> 
     </span>
    </p>
   </div>
   <div class='ocr_carea' id='block_1_18' title="bbox 305 1662 1948 1744">
    <p class='ocr_par' dir='ltr' id='par_1_18' title="bbox 305 1662 1948 1744">
     <span class='ocr_line' id='line_1_18' title="bbox 305 1662 1948 1744; baseline 0.002 -24"><span class='ocrx_word' id='word_1_106' title='bbox 305 1671 376 1741; x_wconf 79' lang='grc' dir='ltr'>τῇ</span> <span class='ocrx_word' id='word_1_107' title='bbox 425 1664 755 1744; x_wconf 81' lang='grc' dir='ltr'>λειτουργεῖν</span> <span class='ocrx_word' id='word_1_108' title='bbox 788 1668 880 1723; x_wconf 89' lang='grc' dir='ltr'>τὸν</span> <span class='ocrx_word' id='word_1_109' title='bbox 929 1662 1185 1739; x_wconf 76' lang='grc' dir='ltr'>λαϐόντα,</span> <span class='ocrx_word' id='word_1_110' title='bbox 1235 1668 1391 1724; x_wconf 74' lang='grc' dir='ltr'>οὐδὲν</span> <span class='ocrx_word' id='word_1_111' title='bbox 1437 1668 1733 1725; x_wconf 84' lang='grc' dir='ltr'>κωλυτέον.</span> <span class='ocrx_word' id='word_1_112' title='bbox 1775 1669 1838 1726; x_wconf 84' lang='grc' dir='ltr'><strong>Εἰ</strong></span> <span class='ocrx_word' id='word_1_113' title='bbox 1890 1667 1948 1724; x_wconf 79' lang='grc' dir='ltr'>δὲ</span> 
     </span>
    </p>
   </div>
   <div class='ocr_carea' id='block_1_19' title="bbox 304 1756 1946 1833">
    <p class='ocr_par' dir='ltr' id='par_1_19' title="bbox 304 1756 1946 1833">
     <span class='ocr_line' id='line_1_19' title="bbox 304 1756 1946 1833; baseline 0.002 -24"><span class='ocrx_word' id='word_1_114' title='bbox 304 1757 576 1830; x_wconf 79' lang='grc' dir='ltr'>αἱρετικὸν</span> <span class='ocrx_word' id='word_1_115' title='bbox 633 1756 883 1833; x_wconf 80' lang='grc' dir='ltr'>ἀναφέρει</span> <span class='ocrx_word' id='word_1_116' title='bbox 936 1756 1065 1812; x_wconf 80' lang='grc' dir='ltr'>ὅντα</span> <span class='ocrx_word' id='word_1_117' title='bbox 1115 1756 1431 1827; x_wconf 76' lang='grc' dir='ltr'>ἐπίσκοπον,</span> <span class='ocrx_word' id='word_1_118' title='bbox 1480 1757 1575 1813; x_wconf 71' lang='grc' dir='ltr'>κᾶν</span> <span class='ocrx_word' id='word_1_119' title='bbox 1648 1764 1946 1833; x_wconf 86' lang='grc' dir='ltr'>μακαριζη,</span> 
     </span>
    </p>
   </div>
   <div class='ocr_carea' id='block_1_20' title="bbox 305 1841 1923 1925">
    <p class='ocr_par' dir='ltr' id='par_1_20' title="bbox 305 1841 1923 1925">
     <span class='ocr_line' id='line_1_20' title="bbox 305 1841 1923 1925; baseline 0.002 -27"><span class='ocrx_word' id='word_1_120' title='bbox 305 1843 403 1899; x_wconf 80' lang='grc' dir='ltr'>κᾶν</span> <span class='ocrx_word' id='word_1_121' title='bbox 460 1841 748 1919; x_wconf 78' lang='grc' dir='ltr'>όρθοδοξῇ,</span> <span class='ocrx_word' id='word_1_122' title='bbox 806 1847 904 1914; x_wconf 81' lang='grc' dir='ltr'>τῆς</span> <span class='ocrx_word' id='word_1_123' title='bbox 965 1846 1059 1919; x_wconf 75' lang='grc' dir='ltr'><strong>μὶν</strong></span> <span class='ocrx_word' id='word_1_124' title='bbox 1130 1846 1276 1909; x_wconf 81' lang='grc' dir='ltr'>θείας</span> <span class='ocrx_word' id='word_1_125' title='bbox 1330 1846 1612 1909; x_wconf 79' lang='grc' dir='ltr'>κοινωνίας</span> <span class='ocrx_word' id='word_1_126' title='bbox 1667 1846 1923 1925; x_wconf 71' lang='grc' dir='ltr'>ἀφεκτέον</span> 
     </span>
    </p>
   </div>
   <div class='ocr_carea' id='block_1_21' title="bbox 304 1931 1946 2010">
    <p class='ocr_par' dir='ltr' id='par_1_21' title="bbox 304 1931 1946 2010">
     <span class='ocr_line' id='line_1_21' title="bbox 304 1931 1946 2010; baseline 0.003 -23"><span class='ocrx_word' id='word_1_127' title='bbox 304 1939 405 2001; x_wconf 79' lang='grc' dir='ltr'>τῆς</span> <span class='ocrx_word' id='word_1_128' title='bbox 437 1931 494 1988; x_wconf 78' lang='grc' dir='ltr'>δὲ</span> <span class='ocrx_word' id='word_1_129' title='bbox 522 1939 711 2003; x_wconf 74' lang='grc' dir='ltr'>κοινῆς</span> <span class='ocrx_word' id='word_1_130' title='bbox 761 1933 1053 2009; x_wconf 77' lang='grc' dir='ltr'>τραπέζης,</span> <span class='ocrx_word' id='word_1_131' title='bbox 1113 1933 1195 1990; x_wconf 82' lang='grc' dir='ltr'>ἐπ’</span> <span class='ocrx_word' id='word_1_132' title='bbox 1270 1932 1328 1989; x_wconf 82' lang='grc' dir='ltr'><strong>ἂν</strong></span> <span class='ocrx_word' id='word_1_133' title='bbox 1390 1934 1499 1991; x_wconf 77' lang='grc' dir='ltr'>ἐκεῖ</span> <span class='ocrx_word' id='word_1_134' title='bbox 1555 1933 1667 1991; x_wconf 85' lang='grc' dir='ltr'>δέοι</span> <span class='ocrx_word' id='word_1_135' title='bbox 1728 1957 1946 2010; x_wconf 87' lang='grc' dir='ltr'>μνημο-</span> 
     </span>
    </p>
   </div>
   <div class='ocr_carea' id='block_1_22' title="bbox 304 2019 1950 2100">
    <p class='ocr_par' dir='ltr' id='par_1_22' title="bbox 304 2019 1950 2100">
     <span class='ocr_line' id='line_1_22' title="bbox 304 2019 1950 2100; baseline 0.004 -24"><span class='ocrx_word' id='word_1_136' title='bbox 304 2023 500 2079; x_wconf 89' lang='grc' dir='ltr'>νεύειν.</span> <span class='ocrx_word' id='word_1_137' title='bbox 533 2019 661 2077; x_wconf 64' lang='grc' dir='ltr'>’Θδε</span> <span class='ocrx_word' id='word_1_138' title='bbox 693 2019 906 2079; x_wconf 84' lang='grc' dir='ltr'>δεκτέον</span> <span class='ocrx_word' id='word_1_139' title='bbox 955 2023 1098 2098; x_wconf 82' lang='grc' dir='ltr'>τάχα</span> <span class='ocrx_word' id='word_1_140' title='bbox 1145 2024 1236 2079; x_wconf 87' lang='grc' dir='ltr'><strong>καὶ</strong></span> <span class='ocrx_word' id='word_1_141' title='bbox 1284 2023 1617 2100; x_wconf 76' lang='grc' dir='ltr'>εὐλογοῦντα</span> <span class='ocrx_word' id='word_1_142' title='bbox 1668 2025 1827 2081; x_wconf 86' lang='grc' dir='ltr'>αὐτὸν</span> <span class='ocrx_word' id='word_1_143' title='bbox 1862 2027 1950 2082; x_wconf 80' lang='grc' dir='ltr'><strong>καὶ</strong></span> 
     </span>
    </p>
   </div>
   <div class='ocr_carea' id='block_1_23' title="bbox 308 2109 1953 2188">
    <p class='ocr_par' dir='ltr' id='par_1_23' title="bbox 308 2109 1953 2188">
     <span class='ocr_line' id='line_1_23' title="bbox 308 2109 1953 2188; baseline 0.003 -23"><span class='ocrx_word' id='word_1_144' title='bbox 308 2109 707 2186; x_wconf 74' lang='grc' dir='ltr'>συμψᾶλλοντα</span> <span class='ocrx_word' id='word_1_145' title='bbox 748 2112 985 2188; x_wconf 75' lang='grc' dir='ltr'>’ἐάνπερ</span> <span class='ocrx_word' id='word_1_146' title='bbox 1035 2115 1177 2187; x_wconf 83' lang='grc' dir='ltr'>μήτε</span> <span class='ocrx_word' id='word_1_147' title='bbox 1217 2113 1496 2188; x_wconf 79' lang='grc' dir='ltr'>αἱρετικῷ,</span> <span class='ocrx_word' id='word_1_148' title='bbox 1541 2113 1575 2183; x_wconf 75' lang='grc' dir='ltr'><strong>ἢ</strong></span> <span class='ocrx_word' id='word_1_149' title='bbox 1633 2118 1711 2186; x_wconf 80' lang='grc' dir='ltr'>τῷ</span> <span class='ocrx_word' id='word_1_150' title='bbox 1765 2113 1953 2187; x_wconf 83' lang='grc' dir='ltr'>οἰκείῳ</span> 
     </span>
    </p>
   </div>
   <div class='ocr_carea' id='block_1_24' title="bbox 309 2200 1951 2281">
    <p class='ocr_par' dir='ltr' id='par_1_24' title="bbox 309 2200 1951 2281">
     <span class='ocr_line' id='line_1_24' title="bbox 309 2200 1951 2281; baseline 0.002 -25"><span class='ocrx_word' id='word_1_151' title='bbox 309 2200 613 2274; x_wconf 82' lang='grc' dir='ltr'>ἐπισκόπῳ,</span> <span class='ocrx_word' id='word_1_152' title='bbox 653 2200 762 2257; x_wconf 76' lang='grc' dir='ltr'>εἴτε</span> <span class='ocrx_word' id='word_1_153' title='bbox 791 2203 899 2257; x_wconf 84' lang='grc' dir='ltr'>τινὶ</span> <span class='ocrx_word' id='word_1_154' title='bbox 930 2200 1112 2275; x_wconf 78' lang='grc' dir='ltr'>ἄλλῳ,</span> <span class='ocrx_word' id='word_1_155' title='bbox 1143 2207 1497 2280; x_wconf 77' lang='grc' dir='ltr'>συνιερουργῇ</span> <span class='ocrx_word' id='word_1_156' title='bbox 1531 2222 1544 2235; x_wconf 90' lang='grc'><strong>·</strong></span> <span class='ocrx_word' id='word_1_157' title='bbox 1577 2203 1612 2273; x_wconf 76' lang='grc' dir='ltr'>ἢ</span> <span class='ocrx_word' id='word_1_158' title='bbox 1645 2203 1696 2259; x_wconf 86' lang='grc' dir='ltr'><strong>ἐν</strong></span> <span class='ocrx_word' id='word_1_159' title='bbox 1752 2205 1951 2281; x_wconf 86' lang='grc' dir='ltr'>γνώσει</span> 
     </span>
    </p>
   </div>
   <div class='ocr_carea' id='block_1_25' title="bbox 311 2288 1949 2367">
    <p class='ocr_par' dir='ltr' id='par_1_25' title="bbox 311 2288 1949 2367">
     <span class='ocr_line' id='line_1_25' title="bbox 311 2288 1949 2367; baseline 0.002 -22"><span class='ocrx_word' id='word_1_160' title='bbox 311 2288 611 2366; x_wconf 84' lang='grc' dir='ltr'>μεταδίδοι.</span> <span class='ocrx_word' id='word_1_161' title='bbox 673 2291 738 2346; x_wconf 76' lang='lat' dir='ltr'><strong>Ei</strong></span> <span class='ocrx_word' id='word_1_162' title='bbox 787 2290 949 2347; x_wconf 78' lang='grc' dir='ltr'>ἐσθίει</span> <span class='ocrx_word' id='word_1_163' title='bbox 1004 2313 1086 2354; x_wconf 90' lang='grc' dir='ltr'><strong>τις</strong></span> <span class='ocrx_word' id='word_1_164' title='bbox 1147 2292 1284 2364; x_wconf 86' lang='grc' dir='ltr'><strong>μετά</strong></span> <span class='ocrx_word' id='word_1_165' title='bbox 1320 2296 1416 2347; x_wconf 90' lang='grc' dir='ltr'><strong>τοῦ</strong></span> <span class='ocrx_word' id='word_1_166' title='bbox 1460 2295 1882 2367; x_wconf 84' lang='grc' dir='ltr'>μοιχοζεύκτου,</span> <span class='ocrx_word' id='word_1_167' title='bbox 1913 2294 1949 2364; x_wconf 76' lang='grc' dir='ltr'>ἢ</span> 
     </span>
    </p>
   </div>
   <div class='ocr_carea' id='block_1_26' title="bbox 308 2381 1948 2461">
    <p class='ocr_par' dir='ltr' id='par_1_26' title="bbox 308 2381 1948 2461">
     <span class='ocr_line' id='line_1_26' title="bbox 308 2381 1948 2461; baseline 0.001 -24"><span class='ocrx_word' id='word_1_168' title='bbox 308 2385 423 2455; x_wconf 85' lang='grc' dir='ltr'>μεθ’</span> <span class='ocrx_word' id='word_1_169' title='bbox 484 2382 671 2457; x_wconf 77' lang='grc' dir='ltr'>έτόρου</span> <span class='ocrx_word' id='word_1_170' title='bbox 744 2381 1019 2457; x_wconf 81' lang='grc' dir='ltr'>αἶρετικοῦ</span> <span class='ocrx_word' id='word_1_171' title='bbox 1097 2381 1430 2459; x_wconf 78' lang='grc' dir='ltr'>ἀδιαφόρως,</span> <span class='ocrx_word' id='word_1_172' title='bbox 1509 2384 1810 2461; x_wconf 73' lang='grc' dir='ltr'>φυλακτέον</span> <span class='ocrx_word' id='word_1_173' title='bbox 1873 2386 1948 2459; x_wconf 79' lang='grc' dir='ltr'>μὴ</span> 
     </span>
    </p>
   </div>
   <div class='ocr_carea' id='block_1_27' title="bbox 305 2473 1950 2550">
    <p class='ocr_par' dir='ltr' id='par_1_27' title="bbox 305 2473 1950 2550">
     <span class='ocr_line' id='line_1_27' title="bbox 305 2473 1950 2550; baseline 0.003 -25"><span class='ocrx_word' id='word_1_174' title='bbox 305 2474 674 2527; x_wconf 82' lang='grc' dir='ltr'>συνεστιᾶσθαι</span> <span class='ocrx_word' id='word_1_175' title='bbox 704 2479 823 2536; x_wconf 81' lang='grc' dir='ltr'>τοῖς</span> <span class='ocrx_word' id='word_1_176' title='bbox 849 2474 1146 2546; x_wconf 83' lang='grc' dir='ltr'>τοιούτοις,</span> <span class='ocrx_word' id='word_1_177' title='bbox 1178 2473 1274 2529; x_wconf 70' lang='grc' dir='ltr'>κᾶν</span> <span class='ocrx_word' id='word_1_178' title='bbox 1327 2474 1727 2549; x_wconf 83' lang='grc' dir='ltr'>ὑποκρίνωνται</span> <span class='ocrx_word' id='word_1_179' title='bbox 1780 2475 1950 2550; x_wconf 85' lang='grc' dir='ltr'>ὀρθο-</span> 
     </span>
    </p>
   </div>
   <div class='ocr_carea' id='block_1_28' title="bbox 307 2558 1954 2639">
    <p class='ocr_par' dir='ltr' id='par_1_28' title="bbox 307 2558 1954 2639">
     <span class='ocr_line' id='line_1_28' title="bbox 307 2558 1954 2639; baseline 0.002 -24"><span class='ocrx_word' id='word_1_180' title='bbox 307 2558 500 2630; x_wconf 81' lang='grc' dir='ltr'>δοξεῖν.</span> <span class='ocrx_word' id='word_1_181' title='bbox 535 2560 606 2615; x_wconf 75' lang='grc' dir='ltr'><strong>Οὔ</strong></span> <span class='ocrx_word' id='word_1_182' title='bbox 637 2561 743 2636; x_wconf 74' lang='grc' dir='ltr'>γὰρ</span> <span class='ocrx_word' id='word_1_183' title='bbox 781 2561 1116 2639; x_wconf 71' lang='grc' dir='ltr'>φυλάσσουσι</span> <span class='ocrx_word' id='word_1_184' title='bbox 1146 2563 1208 2617; x_wconf 87' lang='grc' dir='ltr'>τὸ</span> <span class='ocrx_word' id='word_1_185' title='bbox 1228 2564 1555 2638; x_wconf 83' lang='grc' dir='ltr'>πρόσταγμα</span> <span class='ocrx_word' id='word_1_186' title='bbox 1575 2568 1671 2618; x_wconf 90' lang='grc' dir='ltr'><strong>τοῦ</strong></span> <span class='ocrx_word' id='word_1_187' title='bbox 1697 2566 1954 2621; x_wconf 84' lang='grc' dir='ltr'>Ἀποστό-</span> 
     </span>
    </p>
   </div>
   <div class='ocr_carea' id='block_1_29' title="bbox 307 2648 1950 2727">
    <p class='ocr_par' dir='ltr' id='par_1_29' title="bbox 307 2648 1950 2727">
     <span class='ocr_line' id='line_1_29' title="bbox 307 2648 1950 2727; baseline 0 -22"><span class='ocrx_word' id='word_1_188' title='bbox 307 2648 603 2720; x_wconf 80' lang='grc' dir='ltr'>λου,Τοῖς</span> <span class='ocrx_word' id='word_1_189' title='bbox 629 2649 994 2717; x_wconf 79' lang='grc' dir='ltr'>τοιούτοις,</span> <span class='ocrx_word' id='word_1_190' title='bbox 1027 2649 1305 2727; x_wconf 85' lang='grc' dir='ltr'>λέγοντος,</span> <span class='ocrx_word' id='word_1_191' title='bbox 1339 2650 1511 2725; x_wconf 75' lang='grc' dir='ltr'>μηδὲ</span> <span class='ocrx_word' id='word_1_192' title='bbox 1542 2654 1950 2713; x_wconf 85' lang='grc' dir='ltr'>συνεσθίειν,</span> 
     </span>
    </p>
   </div>
   <div class='ocr_carea' id='block_1_30' title="bbox 308 2741 1949 2819">
    <p class='ocr_par' dir='ltr' id='par_1_30' title="bbox 308 2741 1949 2819">
     <span class='ocr_line' id='line_1_30' title="bbox 308 2741 1949 2819; baseline 0.003 -22"><span class='ocrx_word' id='word_1_193' title='bbox 308 2741 508 2812; x_wconf 73' lang='grc' dir='ltr'>Πλέον,</span> <span class='ocrx_word' id='word_1_194' title='bbox 540 2743 639 2798; x_wconf 81' lang='grc' dir='ltr'><strong>οὐκ</strong></span> <span class='ocrx_word' id='word_1_195' title='bbox 681 2741 1049 2819; x_wconf 77' lang='grc' dir='ltr'>ἐξερευνητέον</span> <span class='ocrx_word' id='word_1_196' title='bbox 1100 2746 1136 2815; x_wconf 75' lang='grc' dir='ltr'><strong>ἢ</strong></span> <span class='ocrx_word' id='word_1_197' title='bbox 1186 2746 1319 2818; x_wconf 80' lang='grc' dir='ltr'>μετὰ</span> <span class='ocrx_word' id='word_1_198' title='bbox 1363 2750 1462 2801; x_wconf 88' lang='grc' dir='ltr'><strong>τοῦ</strong></span> <span class='ocrx_word' id='word_1_199' title='bbox 1518 2747 1949 2811; x_wconf 84' lang='grc' dir='ltr'>συνεστιαθέντος</span> 
     </span>
    </p>
   </div>
   <div class='ocr_carea' id='block_1_31' title="bbox 303 2831 1953 2910">
    <p class='ocr_par' dir='ltr' id='par_1_31' title="bbox 303 2831 1953 2910">
     <span class='ocr_line' id='line_1_31' title="bbox 303 2831 1953 2910; baseline 0.005 -25"><span class='ocrx_word' id='word_1_200' title='bbox 303 2836 384 2904; x_wconf 79' lang='grc' dir='ltr'>τῷ</span> <span class='ocrx_word' id='word_1_201' title='bbox 444 2832 700 2906; x_wconf 79' lang='grc' dir='ltr'>ἁὶρετικῷ</span> <span class='ocrx_word' id='word_1_202' title='bbox 745 2852 759 2866; x_wconf 75' lang='grc'><strong><em>⁸</em></strong></span> <span class='ocrx_word' id='word_1_203' title='bbox 821 2831 946 2888; x_wconf 84' lang='grc' dir='ltr'>ὅσδε</span> <span class='ocrx_word' id='word_1_204' title='bbox 1015 2836 1329 2902; x_wconf 82' lang='grc' dir='ltr'>συνεστιάθη</span> <span class='ocrx_word' id='word_1_205' title='bbox 1403 2839 1600 2906; x_wconf 84' lang='grc' dir='ltr'>ζητεῖν,</span> <span class='ocrx_word' id='word_1_206' title='bbox 1658 2835 1748 2890; x_wconf 78' lang='grc' dir='ltr'><strong>καὶ</strong></span> <span class='ocrx_word' id='word_1_207' title='bbox 1819 2838 1953 2910; x_wconf 85' lang='grc' dir='ltr'>μετᾶ</span> 
     </span>
    </p>
   </div>
   <div class='ocr_carea' id='block_1_32' title="bbox 304 2917 1949 3004">
    <p class='ocr_par' dir='ltr' id='par_1_32' title="bbox 304 2917 1949 3004">
     <span class='ocr_line' id='line_1_32' title="bbox 304 2917 1949 3004; baseline 0.006 -30"><span class='ocrx_word' id='word_1_208' title='bbox 304 2918 469 2975; x_wconf 81' lang='grc' dir='ltr'>τοῦδε</span> <span class='ocrx_word' id='word_1_209' title='bbox 524 2917 705 2996; x_wconf 74' lang='grc' dir='ltr'>ἓτερσς</span> <span class='ocrx_word' id='word_1_210' title='bbox 765 2941 778 2954; x_wconf 89' lang='grc'><strong>·</strong></span> <span class='ocrx_word' id='word_1_211' title='bbox 838 2922 1121 2979; x_wconf 84' lang='grc' dir='ltr'>κάντεῦθεν</span> <span class='ocrx_word' id='word_1_212' title='bbox 1178 2926 1544 2999; x_wconf 82' lang='grc' dir='ltr'>ἀνασειράζειν</span> <span class='ocrx_word' id='word_1_213' title='bbox 1618 2926 1709 2981; x_wconf 87' lang='grc' dir='ltr'><strong>τὸν</strong></span> <span class='ocrx_word' id='word_1_214' title='bbox 1767 2926 1949 3004; x_wconf 90' lang='grc' dir='ltr'>λόγον,</span> 
     </span>
    </p>
   </div>
   <div class='ocr_carea' id='block_1_33' title="bbox 307 3009 1950 3090">
    <p class='ocr_par' dir='ltr' id='par_1_33' title="bbox 307 3009 1950 3090">
     <span class='ocr_line' id='line_1_33' title="bbox 307 3009 1950 3090; baseline 0.002 -26"><span class='ocrx_word' id='word_1_215' title='bbox 307 3009 397 3065; x_wconf 90' lang='grc' dir='ltr'><strong>καὶ</strong></span> <span class='ocrx_word' id='word_1_216' title='bbox 445 3009 767 3089; x_wconf 77' lang='grc' dir='ltr'>ἀφίστασθαι</span> <span class='ocrx_word' id='word_1_217' title='bbox 826 3013 1064 3070; x_wconf 81' lang='grc' dir='ltr'>πάντων,</span> <span class='ocrx_word' id='word_1_218' title='bbox 1125 3011 1541 3090; x_wconf 86' lang='grc' dir='ltr'>Ἐθελόγνωμον</span> <span class='ocrx_word' id='word_1_219' title='bbox 1595 3014 1659 3070; x_wconf 85' lang='grc' dir='ltr'>τὸ</span> <span class='ocrx_word' id='word_1_220' title='bbox 1731 3021 1950 3090; x_wconf 85' lang='grc' dir='ltr'>χρῆμα,</span> 
     </span>
    </p>
   </div>
   <div class='ocr_carea' id='block_1_34' title="bbox 305 3099 1951 3180">
    <p class='ocr_par' dir='ltr' id='par_1_34' title="bbox 305 3099 1951 3180">
     <span class='ocr_line' id='line_1_34' title="bbox 305 3099 1951 3180; baseline 0.002 -26"><span class='ocrx_word' id='word_1_221' title='bbox 305 3099 397 3154; x_wconf 86' lang='grc' dir='ltr'><strong>καὶ</strong></span> <span class='ocrx_word' id='word_1_222' title='bbox 428 3100 493 3154; x_wconf 85' lang='grc' dir='ltr'><strong>ού</strong></span> <span class='ocrx_word' id='word_1_223' title='bbox 518 3104 626 3155; x_wconf 83' lang='grc' dir='ltr'><strong>τῶν</strong></span> <span class='ocrx_word' id='word_1_224' title='bbox 659 3101 851 3178; x_wconf 88' lang='grc' dir='ltr'>ἁγίων.</span> <span class='ocrx_word' id='word_1_225' title='bbox 889 3102 1111 3176; x_wconf 86' lang='grc' dir='ltr'>Μέχρι</span> <span class='ocrx_word' id='word_1_226' title='bbox 1142 3101 1245 3178; x_wconf 77' lang='grc' dir='ltr'>γὰρ</span> <span class='ocrx_word' id='word_1_227' title='bbox 1274 3102 1951 3180; x_wconf 72' lang='grc' dir='ltr'>τούτου,φησὶ,στῆθι,</span> 
     </span>
    </p>
   </div>
   <div class='ocr_carea' id='block_1_35' title="bbox 305 3185 1947 3267">
    <p class='ocr_par' dir='ltr' id='par_1_35' title="bbox 305 3185 1947 3267">
     <span class='ocr_line' id='line_1_35' title="bbox 305 3185 1947 3267; baseline 0.003 -24"><span class='ocrx_word' id='word_1_228' title='bbox 305 3189 413 3243; x_wconf 86' lang='grc' dir='ltr'><strong>καὶ</strong></span> <span class='ocrx_word' id='word_1_229' title='bbox 475 3189 602 3264; x_wconf 81' lang='grc' dir='ltr'><strong>οὐχ</strong></span> <span class='ocrx_word' id='word_1_230' title='bbox 660 3185 1031 3265; x_wconf 76' lang='grc' dir='ltr'>ὑπερϐήσῃ.</span> <span class='ocrx_word' id='word_1_231' title='bbox 1075 3193 1169 3261; x_wconf 82' lang='grc' dir='ltr'>Μή</span> <span class='ocrx_word' id='word_1_232' title='bbox 1229 3192 1336 3267; x_wconf 79' lang='grc' dir='ltr'><strong>γὰρ</strong></span> <span class='ocrx_word' id='word_1_233' title='bbox 1383 3191 1482 3248; x_wconf 87' lang='grc' dir='ltr'><strong>ούκ</strong></span> <span class='ocrx_word' id='word_1_234' title='bbox 1528 3187 1750 3266; x_wconf 70' lang='grc' dir='ltr'>ᾔδεισαν</span> <span class='ocrx_word' id='word_1_235' title='bbox 1781 3198 1947 3249; x_wconf 89' lang='grc' dir='ltr'>ταῦτα</span> 
     </span>
    </p>
   </div>
   <div class='ocr_carea' id='block_1_36' title="bbox 1929 1893 2027 1963">
    <p class='ocr_par' dir='ltr' id='par_1_36' title="bbox 1929 1893 2027 1963">
     <span class='ocr_line' id='line_1_36' title="bbox 1929 1893 2027 1963; baseline 0 0"><span class='ocrx_word' id='word_1_236' title='bbox 1929 1893 2027 1963; x_wconf 88' lang='grc' dir='ltr'>’Β</span> 
     </span>
    </p>
   </div>
   <div class='ocr_carea' id='block_1_37' title="bbox 2058 601 3700 675">
    <p class='ocr_par' dir='ltr' id='par_1_37' title="bbox 2058 601 3700 675">
     <span class='ocr_line' id='line_1_37' title="bbox 2058 601 3700 675; baseline -0.001 -17"><span class='ocrx_word' id='word_1_237' title='bbox 2058 610 2255 660; x_wconf 89' lang='lat' dir='ltr'><strong>autem</strong></span> <span class='ocrx_word' id='word_1_238' title='bbox 2277 603 2785 675; x_wconf 85' lang='lat' dir='ltr'><strong>metropolitanum</strong></span> <span class='ocrx_word' id='word_1_239' title='bbox 2800 602 2899 674; x_wconf 88' lang='lat' dir='ltr'><strong>qui</strong></span> <span class='ocrx_word' id='word_1_240' title='bbox 2925 603 2980 656; x_wconf 90' lang='lat' dir='ltr'><strong>in</strong></span> <span class='ocrx_word' id='word_1_241' title='bbox 3002 618 3070 657; x_wconf 89' lang='lat' dir='ltr'><strong>ea</strong></span> <span class='ocrx_word' id='word_1_242' title='bbox 3089 601 3361 657; x_wconf 86' lang='lat' dir='ltr'><strong>inventus</strong></span> <span class='ocrx_word' id='word_1_243' title='bbox 3381 607 3488 669; x_wconf 89' lang='lat' dir='ltr'><strong>est,</strong></span> <span class='ocrx_word' id='word_1_244' title='bbox 3504 606 3700 657; x_wconf 89' lang='lat' dir='ltr'><strong>utrum</strong></span> 
     </span>
    </p>
   </div>
   <div class='ocr_carea' id='block_1_38' title="bbox 2058 690 3700 765">
    <p class='ocr_par' dir='ltr' id='par_1_38' title="bbox 2058 690 3700 765">
     <span class='ocr_line' id='line_1_38' title="bbox 2058 690 3700 765; baseline -0.001 -17"><span class='ocrx_word' id='word_1_245' title='bbox 2058 709 2095 748; x_wconf 87' lang='lat' dir='ltr'><strong>a</strong></span> <span class='ocrx_word' id='word_1_246' title='bbox 2124 693 2459 765; x_wconf 79' lang='lat' dir='ltr'><strong>presbytero</strong></span> <span class='ocrx_word' id='word_1_247' title='bbox 2497 692 2751 763; x_wconf 83' lang='lat' dir='ltr'><strong>episcopi</strong></span> <span class='ocrx_word' id='word_1_248' title='bbox 2804 690 3106 747; x_wconf 82' lang='lat' dir='ltr'><strong>orthodoxi</strong></span> <span class='ocrx_word' id='word_1_249' title='bbox 3137 691 3396 761; x_wconf 87' lang='lat' dir='ltr'><strong>accipere</strong></span> <span class='ocrx_word' id='word_1_250' title='bbox 3435 707 3700 747; x_wconf 89' lang='lat' dir='ltr'><strong>commu-</strong></span> 
     </span>
    </p>
   </div>
   <div class='ocr_carea' id='block_1_39' title="bbox 2060 779 3699 853">
    <p class='ocr_par' dir='ltr' id='par_1_39' title="bbox 2060 779 3699 853">
     <span class='ocr_line' id='line_1_39' title="bbox 2060 779 3699 853; baseline 0 -16"><span class='ocrx_word' id='word_1_251' title='bbox 2060 782 2295 838; x_wconf 86' lang='lat' dir='ltr'><strong>nionem</strong></span> <span class='ocrx_word' id='word_1_252' title='bbox 2326 780 2631 853; x_wconf 70' lang='lat' dir='ltr'><strong>oporteat?</strong></span> <span class='ocrx_word' id='word_1_253' title='bbox 2666 797 2766 852; x_wconf 88' lang='lat' dir='ltr'><strong>per</strong></span> <span class='ocrx_word' id='word_1_254' title='bbox 2785 779 2926 836; x_wconf 88' lang='lat' dir='ltr'><strong>alias</strong></span> <span class='ocrx_word' id='word_1_255' title='bbox 2954 781 3023 835; x_wconf 89' lang='lat' dir='ltr'><strong>ad</strong></span> <span class='ocrx_word' id='word_1_256' title='bbox 3055 780 3336 836; x_wconf 86' lang='lat' dir='ltr'><strong>Evodium</strong></span> <span class='ocrx_word' id='word_1_257' title='bbox 3369 780 3594 837; x_wconf 77' lang='lat' dir='ltr'><strong>litteras</strong></span> <span class='ocrx_word' id='word_1_258' title='bbox 3616 798 3699 837; x_wconf 89' lang='lat' dir='ltr'><strong>re-</strong></span> 
     </span>
    </p>
   </div>
   <div class='ocr_carea' id='block_1_40' title="bbox 2060 866 3698 940">
    <p class='ocr_par' dir='ltr' id='par_1_40' title="bbox 2060 866 3698 940">
     <span class='ocr_line' id='line_1_40' title="bbox 2060 866 3698 940; baseline 0.001 -16"><span class='ocrx_word' id='word_1_259' title='bbox 2060 869 2289 939; x_wconf 83' lang='lat' dir='ltr'><strong>spondi,</strong></span> <span class='ocrx_word' id='word_1_260' title='bbox 2312 868 2798 925; x_wconf 87' lang='lat' dir='ltr'><strong>communicandu</strong></span> <span class='ocrx_word' id='word_1_261' title='bbox 2810 884 2863 922; x_wconf 90' lang='lat' dir='ltr'><strong>m</strong></span> <span class='ocrx_word' id='word_1_262' title='bbox 2878 884 3007 923; x_wconf 89' lang='lat' dir='ltr'><strong>esse</strong></span> <span class='ocrx_word' id='word_1_263' title='bbox 3021 866 3475 936; x_wconf 79' lang='lat' dir='ltr'><strong>dispensationis</strong></span> <span class='ocrx_word' id='word_1_264' title='bbox 3486 870 3698 940; x_wconf 83' lang='lat' dir='ltr'><strong>gratia,</strong></span> 
     </span>
    </p>
   </div>
   <div class='ocr_carea' id='block_1_41' title="bbox 2060 955 3699 1029">
    <p class='ocr_par' dir='ltr' id='par_1_41' title="bbox 2060 955 3699 1029">
     <span class='ocr_line' id='line_1_41' title="bbox 2060 955 3699 1029; baseline -0.001 -15"><span class='ocrx_word' id='word_1_265' title='bbox 2060 957 2377 1014; x_wconf 88' lang='lat' dir='ltr'><strong>dummodo</strong></span> <span class='ocrx_word' id='word_1_266' title='bbox 2408 958 2552 1029; x_wconf 87' lang='lat' dir='ltr'><strong>ipsis</strong></span> <span class='ocrx_word' id='word_1_267' title='bbox 2590 973 2724 1012; x_wconf 93' lang='lat' dir='ltr'><strong>cum</strong></span> <span class='ocrx_word' id='word_1_268' title='bbox 2758 956 3046 1012; x_wconf 66' lang='lat' dir='ltr'><strong>hareticis</strong></span> <span class='ocrx_word' id='word_1_269' title='bbox 3079 972 3192 1011; x_wconf 91' lang='lat' dir='ltr'><strong>non</strong></span> <span class='ocrx_word' id='word_1_270' title='bbox 3223 955 3528 1012; x_wconf 88' lang='lat' dir='ltr'><strong>sacriﬁcet.</strong></span> <span class='ocrx_word' id='word_1_271' title='bbox 3555 959 3699 1013; x_wconf 89' lang='lat' dir='ltr'><strong>Cum</strong></span> 
     </span>
    </p>
   </div>
   <div class='ocr_carea' id='block_1_42' title="bbox 2060 1046 3695 1119">
    <p class='ocr_par' dir='ltr' id='par_1_42' title="bbox 2060 1046 3695 1119">
     <span class='ocr_line' id='line_1_42' title="bbox 2060 1046 3695 1119; baseline 0.001 -17"><span class='ocrx_word' id='word_1_272' title='bbox 2060 1046 2216 1103; x_wconf 90' lang='lat' dir='ltr'><strong>enim</strong></span> <span class='ocrx_word' id='word_1_273' title='bbox 2244 1048 2551 1118; x_wconf 88' lang='lat' dir='ltr'><strong>episcopus</strong></span> <span class='ocrx_word' id='word_1_274' title='bbox 2582 1047 2679 1119; x_wconf 90' lang='lat' dir='ltr'><strong>qui</strong></span> <span class='ocrx_word' id='word_1_275' title='bbox 2702 1049 3192 1102; x_wconf 78' lang='lat' dir='ltr'><strong>commemoratur</strong></span> <span class='ocrx_word' id='word_1_276' title='bbox 3219 1048 3294 1102; x_wconf 88' lang='lat' dir='ltr'><strong>sit</strong></span> <span class='ocrx_word' id='word_1_277' title='bbox 3313 1047 3695 1117; x_wconf 82' lang='lat' dir='ltr'><strong>orthodoxus,</strong></span> 
     </span>
    </p>
   </div>
   <div class='ocr_carea' id='block_1_43' title="bbox 2059 1137 3703 1209">
    <p class='ocr_par' dir='ltr' id='par_1_43' title="bbox 2059 1137 3703 1209">
     <span class='ocr_line' id='line_1_43' title="bbox 2059 1137 3703 1209; baseline 0.002 -16"><span class='ocrx_word' id='word_1_278' title='bbox 2059 1154 2163 1209; x_wconf 89' lang='lat' dir='ltr'><strong>pro</strong></span> <span class='ocrx_word' id='word_1_279' title='bbox 2195 1137 2378 1194; x_wconf 86' lang='lat' dir='ltr'><strong>nihilo</strong></span> <span class='ocrx_word' id='word_1_280' title='bbox 2410 1143 2501 1194; x_wconf 89' lang='lat' dir='ltr'><strong>est</strong></span> <span class='ocrx_word' id='word_1_281' title='bbox 2521 1137 2677 1209; x_wconf 90' lang='lat' dir='ltr'><strong>quod</strong></span> <span class='ocrx_word' id='word_1_282' title='bbox 2701 1137 2858 1193; x_wconf 91' lang='lat' dir='ltr'><strong>illius</strong></span> <span class='ocrx_word' id='word_1_283' title='bbox 2881 1142 3062 1205; x_wconf 89' lang='lat' dir='ltr'><strong>metu,</strong></span> <span class='ocrx_word' id='word_1_284' title='bbox 3084 1137 3422 1194; x_wconf 76' lang='lat' dir='ltr'><strong>haereticum</strong></span> <span class='ocrx_word' id='word_1_285' title='bbox 3446 1154 3703 1195; x_wconf 90' lang='lat' dir='ltr'><strong>comme-</strong></span> 
     </span>
    </p>
   </div>
   <div class='ocr_carea' id='block_1_44' title="bbox 2060 1225 3699 1302">
    <p class='ocr_par' dir='ltr' id='par_1_44' title="bbox 2060 1225 3699 1302">
     <span class='ocr_line' id='line_1_44' title="bbox 2060 1225 3699 1302; baseline 0.003 -21"><span class='ocrx_word' id='word_1_286' title='bbox 2060 1230 2249 1283; x_wconf 89' lang='lat' dir='ltr'><strong>moret</strong></span> <span class='ocrx_word' id='word_1_287' title='bbox 2269 1226 2776 1296; x_wconf 89' lang='lat' dir='ltr'><strong>metropolitanum</strong></span> <span class='ocrx_word' id='word_1_288' title='bbox 2789 1225 3347 1297; x_wconf 87' lang='lat' dir='ltr'><strong>suum.Hujusmodi</strong></span> <span class='ocrx_word' id='word_1_289' title='bbox 3362 1228 3699 1302; x_wconf 81' lang='lat' dir='ltr'><strong>presbytero</strong></span> 
     </span>
    </p>
   </div>
   <div class='ocr_carea' id='block_1_45' title="bbox 2057 1316 3697 1389">
    <p class='ocr_par' dir='ltr' id='par_1_45' title="bbox 2057 1316 3697 1389">
     <span class='ocr_line' id='line_1_45' title="bbox 2057 1316 3697 1389; baseline 0.002 -19"><span class='ocrx_word' id='word_1_290' title='bbox 2057 1319 2114 1370; x_wconf 87' lang='lat' dir='ltr'><strong>et</strong></span> <span class='ocrx_word' id='word_1_291' title='bbox 2144 1317 2214 1371; x_wconf 89' lang='lat' dir='ltr'><strong>ad</strong></span> <span class='ocrx_word' id='word_1_292' title='bbox 2249 1316 2614 1389; x_wconf 83' lang='lat' dir='ltr'><strong>pervigilium</strong></span> <span class='ocrx_word' id='word_1_293' title='bbox 2660 1320 2926 1384; x_wconf 88' lang='lat' dir='ltr'><strong>vocante,</strong></span> <span class='ocrx_word' id='word_1_294' title='bbox 2965 1317 3227 1372; x_wconf 90' lang='lat' dir='ltr'><strong>eundum</strong></span> <span class='ocrx_word' id='word_1_295' title='bbox 3258 1321 3374 1385; x_wconf 90' lang='lat' dir='ltr'><strong>est;</strong></span> <span class='ocrx_word' id='word_1_296' title='bbox 3406 1323 3462 1373; x_wconf 90' lang='lat' dir='ltr'><strong>et</strong></span> <span class='ocrx_word' id='word_1_297' title='bbox 3501 1317 3697 1375; x_wconf 84' lang='lat' dir='ltr'><strong>Eccle-</strong></span> 
     </span>
    </p>
   </div>
   <div class='ocr_carea' id='block_1_46' title="bbox 2059 1404 3700 1477">
    <p class='ocr_par' dir='ltr' id='par_1_46' title="bbox 2059 1404 3700 1477">
     <span class='ocr_line' id='line_1_46' title="bbox 2059 1404 3700 1477; baseline 0.001 -16"><span class='ocrx_word' id='word_1_298' title='bbox 2059 1404 2207 1461; x_wconf 89' lang='lat' dir='ltr'><strong>siam</strong></span> <span class='ocrx_word' id='word_1_299' title='bbox 2240 1406 2551 1477; x_wconf 86' lang='lat' dir='ltr'><strong>praebente,</strong></span> <span class='ocrx_word' id='word_1_300' title='bbox 2583 1404 2921 1476; x_wconf 88' lang='lat' dir='ltr'><strong>accipienda</strong></span> <span class='ocrx_word' id='word_1_301' title='bbox 2950 1408 3069 1476; x_wconf 84' lang='lat' dir='ltr'><strong>est;</strong></span> <span class='ocrx_word' id='word_1_302' title='bbox 3109 1410 3165 1460; x_wconf 91' lang='lat' dir='ltr'><strong>et</strong></span> <span class='ocrx_word' id='word_1_303' title='bbox 3194 1406 3265 1461; x_wconf 91' lang='lat' dir='ltr'><strong>ad</strong></span> <span class='ocrx_word' id='word_1_304' title='bbox 3311 1406 3475 1462; x_wconf 86' lang='lat' dir='ltr'><strong>illam</strong></span> <span class='ocrx_word' id='word_1_305' title='bbox 3508 1412 3570 1463; x_wconf 91' lang='lat' dir='ltr'><strong>ut</strong></span> <span class='ocrx_word' id='word_1_306' title='bbox 3601 1425 3700 1463; x_wconf 89' lang='lat' dir='ltr'><strong>sa-</strong></span> 
     </span>
    </p>
   </div>
   <div class='ocr_carea' id='block_1_47' title="bbox 2056 1494 3702 1566">
    <p class='ocr_par' dir='ltr' id='par_1_47' title="bbox 2056 1494 3702 1566">
     <span class='ocr_line' id='line_1_47' title="bbox 2056 1494 3702 1566; baseline 0.004 -18"><span class='ocrx_word' id='word_1_307' title='bbox 2056 1494 2273 1549; x_wconf 89' lang='lat' dir='ltr'><strong>criﬁcet</strong></span> <span class='ocrx_word' id='word_1_308' title='bbox 2302 1495 2588 1564; x_wconf 80' lang='lat' dir='ltr'><strong>veniente,</strong></span> <span class='ocrx_word' id='word_1_309' title='bbox 2635 1494 3092 1566; x_wconf 87' lang='lat' dir='ltr'><strong>permittendum</strong></span> <span class='ocrx_word' id='word_1_310' title='bbox 3141 1502 3246 1551; x_wconf 89' lang='lat' dir='ltr'><strong>est.</strong></span> <span class='ocrx_word' id='word_1_311' title='bbox 3278 1494 3604 1559; x_wconf 86' lang='lat' dir='ltr'><strong>Quinetiam</strong></span> <span class='ocrx_word' id='word_1_312' title='bbox 3636 1500 3702 1554; x_wconf 91' lang='lat' dir='ltr'><strong>ut</strong></span> 
     </span>
    </p>
   </div>
   <div class='ocr_carea' id='block_1_48' title="bbox 2056 1583 3702 1654">
    <p class='ocr_par' dir='ltr' id='par_1_48' title="bbox 2056 1583 3702 1654">
     <span class='ocr_line' id='line_1_48' title="bbox 2056 1583 3702 1654; baseline 0.004 -16"><span class='ocrx_word' id='word_1_313' title='bbox 2056 1589 2357 1639; x_wconf 87' lang='lat' dir='ltr'><strong>mortuum</strong></span> <span class='ocrx_word' id='word_1_314' title='bbox 2374 1587 2780 1640; x_wconf 86' lang='lat' dir='ltr'><strong>commemoret</strong></span> <span class='ocrx_word' id='word_1_315' title='bbox 2794 1583 3112 1641; x_wconf 90' lang='lat' dir='ltr'><strong>dummodo</strong></span> <span class='ocrx_word' id='word_1_316' title='bbox 3132 1583 3542 1654; x_wconf 80' lang='lat' dir='ltr'><strong>orthodoxum,</strong></span> <span class='ocrx_word' id='word_1_317' title='bbox 3564 1601 3702 1644; x_wconf 89' lang='lat' dir='ltr'><strong>con-</strong></span> 
     </span>
    </p>
   </div>
   <div class='ocr_carea' id='block_1_49' title="bbox 2055 1672 3696 1749">
    <p class='ocr_par' dir='ltr' id='par_1_49' title="bbox 2055 1672 3696 1749">
     <span class='ocr_line' id='line_1_49' title="bbox 2055 1672 3696 1749; baseline 0.001 -18"><span class='ocrx_word' id='word_1_318' title='bbox 2055 1673 2378 1731; x_wconf 86' lang='lat' dir='ltr'><strong>cedendum</strong></span> <span class='ocrx_word' id='word_1_319' title='bbox 2424 1677 2559 1730; x_wconf 88' lang='lat' dir='ltr'><strong>est:</strong></span> <span class='ocrx_word' id='word_1_320' title='bbox 2607 1681 2662 1728; x_wconf 89' lang='lat' dir='ltr'><strong>et</strong></span> <span class='ocrx_word' id='word_1_321' title='bbox 2708 1673 2768 1728; x_wconf 91' lang='lat' dir='ltr'><strong>in</strong></span> <span class='ocrx_word' id='word_1_322' title='bbox 2812 1688 2880 1728; x_wconf 89' lang='lat' dir='ltr'><strong>ea</strong></span> <span class='ocrx_word' id='word_1_323' title='bbox 2923 1672 3251 1729; x_wconf 87' lang='lat' dir='ltr'><strong>sacriﬁcare</strong></span> <span class='ocrx_word' id='word_1_324' title='bbox 3308 1673 3408 1746; x_wconf 88' lang='lat' dir='ltr'><strong>qui</strong></span> <span class='ocrx_word' id='word_1_325' title='bbox 3456 1676 3696 1749; x_wconf 89' lang='lat' dir='ltr'><strong>accepit,</strong></span> 
     </span>
    </p>
   </div>
   <div class='ocr_carea' id='block_1_50' title="bbox 2056 1761 3701 1834">
    <p class='ocr_par' dir='ltr' id='par_1_50' title="bbox 2056 1761 3701 1834">
     <span class='ocr_line' id='line_1_50' title="bbox 2056 1761 3701 1834; baseline 0.002 -16"><span class='ocrx_word' id='word_1_326' title='bbox 2056 1762 2296 1818; x_wconf 90' lang='lat' dir='ltr'><strong>minime</strong></span> <span class='ocrx_word' id='word_1_327' title='bbox 2337 1761 2786 1834; x_wconf 90' lang='lat' dir='ltr'><strong>prohibendum.</strong></span> <span class='ocrx_word' id='word_1_328' title='bbox 2817 1762 2877 1817; x_wconf 88' lang='lat' dir='ltr'><strong>Si</strong></span> <span class='ocrx_word' id='word_1_329' title='bbox 2910 1778 3043 1817; x_wconf 86' lang='lat' dir='ltr'><strong>vero</strong></span> <span class='ocrx_word' id='word_1_330' title='bbox 3077 1761 3412 1818; x_wconf 62' lang='lat' dir='ltr'><strong>heretioum</strong></span> <span class='ocrx_word' id='word_1_331' title='bbox 3444 1779 3701 1821; x_wconf 86' lang='lat' dir='ltr'><strong>comme-</strong></span> 
     </span>
    </p>
   </div>
   <div class='ocr_carea' id='block_1_51' title="bbox 2059 1850 3698 1925">
    <p class='ocr_par' dir='ltr' id='par_1_51' title="bbox 2059 1850 3698 1925">
     <span class='ocr_line' id='line_1_51' title="bbox 2059 1850 3698 1925; baseline 0.003 -19"><span class='ocrx_word' id='word_1_332' title='bbox 2059 1855 2246 1907; x_wconf 89' lang='lat' dir='ltr'><strong>moret</strong></span> <span class='ocrx_word' id='word_1_333' title='bbox 2264 1852 2623 1923; x_wconf 90' lang='lat' dir='ltr'><strong>episcopum,</strong></span> <span class='ocrx_word' id='word_1_334' title='bbox 2643 1851 2913 1923; x_wconf 84' lang='lat' dir='ltr'><strong>quamvis</strong></span> <span class='ocrx_word' id='word_1_335' title='bbox 2934 1850 3161 1906; x_wconf 88' lang='lat' dir='ltr'><strong>beatum</strong></span> <span class='ocrx_word' id='word_1_336' title='bbox 3182 1852 3472 1922; x_wconf 64' lang='lat' dir='ltr'><strong>pradicet,</strong></span> <span class='ocrx_word' id='word_1_337' title='bbox 3490 1870 3698 1925; x_wconf 89' lang='lat' dir='ltr'><strong>quam-</strong></span> 
     </span>
    </p>
   </div>
   <div class='ocr_carea' id='block_1_52' title="bbox 2057 1941 3700 2015">
    <p class='ocr_par' dir='ltr' id='par_1_52' title="bbox 2057 1941 3700 2015">
     <span class='ocr_line' id='line_1_52' title="bbox 2057 1941 3700 2015; baseline 0.004 -20"><span class='ocrx_word' id='word_1_338' title='bbox 2057 1941 2141 1997; x_wconf 94' lang='lat' dir='ltr'><strong>vis</strong></span> <span class='ocrx_word' id='word_1_339' title='bbox 2171 1947 2329 1998; x_wconf 90' lang='lat' dir='ltr'><strong>recte</strong></span> <span class='ocrx_word' id='word_1_340' title='bbox 2345 1942 2559 1998; x_wconf 88' lang='lat' dir='ltr'><strong>sentiat</strong></span> <span class='ocrx_word' id='word_1_341' title='bbox 2591 1959 2603 1997; x_wconf 88' lang='lat'>:</span> <span class='ocrx_word' id='word_1_342' title='bbox 2636 1960 2673 1999; x_wconf 83' lang='lat' dir='ltr'><strong>a</strong></span> <span class='ocrx_word' id='word_1_343' title='bbox 2692 1942 2889 1997; x_wconf 89' lang='lat' dir='ltr'><strong>divina</strong></span> <span class='ocrx_word' id='word_1_344' title='bbox 2910 1944 3322 1998; x_wconf 87' lang='lat' dir='ltr'><strong>communione</strong></span> <span class='ocrx_word' id='word_1_345' title='bbox 3347 1944 3547 2015; x_wconf 89' lang='lat' dir='ltr'><strong>utique</strong></span> <span class='ocrx_word' id='word_1_346' title='bbox 3568 1945 3700 2001; x_wconf 82' lang='lat' dir='ltr'><strong>abs-</strong></span> 
     </span>
    </p>
   </div>
   <div class='ocr_carea' id='block_1_53' title="bbox 2055 2032 3700 2101">
    <p class='ocr_par' dir='ltr' id='par_1_53' title="bbox 2055 2032 3700 2101">
     <span class='ocr_line' id='line_1_53' title="bbox 2055 2032 3700 2101; baseline 0.004 -15"><span class='ocrx_word' id='word_1_347' title='bbox 2055 2032 2359 2089; x_wconf 89' lang='lat' dir='ltr'><strong>tinendum</strong></span> <span class='ocrx_word' id='word_1_348' title='bbox 2406 2037 2516 2101; x_wconf 89' lang='lat' dir='ltr'><strong>est,</strong></span> <span class='ocrx_word' id='word_1_349' title='bbox 2574 2034 2691 2087; x_wconf 91' lang='lat' dir='ltr'><strong>imo</strong></span> <span class='ocrx_word' id='word_1_350' title='bbox 2733 2034 2791 2086; x_wconf 89' lang='lat' dir='ltr'><strong>et</strong></span> <span class='ocrx_word' id='word_1_351' title='bbox 2818 2048 2851 2086; x_wconf 91' lang='lat' dir='ltr'><strong>a</strong></span> <span class='ocrx_word' id='word_1_352' title='bbox 2883 2047 3082 2087; x_wconf 84' lang='lat' dir='ltr'><strong>mensa</strong></span> <span class='ocrx_word' id='word_1_353' title='bbox 3125 2033 3438 2101; x_wconf 91' lang='lat' dir='ltr'><strong>communi,</strong></span> <span class='ocrx_word' id='word_1_354' title='bbox 3488 2034 3536 2089; x_wconf 88' lang='lat' dir='ltr'><strong>si</strong></span> <span class='ocrx_word' id='word_1_355' title='bbox 3578 2034 3700 2092; x_wconf 87' lang='lat' dir='ltr'><strong>illic</strong></span> 
     </span>
    </p>
   </div>
   <div class='ocr_carea' id='block_1_54' title="bbox 2059 2120 3700 2192">
    <p class='ocr_par' dir='ltr' id='par_1_54' title="bbox 2059 2120 3700 2192">
     <span class='ocr_line' id='line_1_54' title="bbox 2059 2120 3700 2192; baseline 0.002 -18"><span class='ocrx_word' id='word_1_356' title='bbox 2059 2135 2291 2190; x_wconf 88' lang='lat' dir='ltr'><strong>quoque</strong></span> <span class='ocrx_word' id='word_1_357' title='bbox 2323 2121 2868 2176; x_wconf 88' lang='lat' dir='ltr'><strong>commemorandus</strong></span> <span class='ocrx_word' id='word_1_358' title='bbox 2917 2120 3009 2175; x_wconf 91' lang='lat' dir='ltr'><strong>sit.</strong></span> <span class='ocrx_word' id='word_1_359' title='bbox 3058 2124 3146 2176; x_wconf 88' lang='lat' dir='ltr'><strong>Ita</strong></span> <span class='ocrx_word' id='word_1_360' title='bbox 3203 2121 3572 2192; x_wconf 89' lang='lat' dir='ltr'><strong>recipiendus</strong></span> <span class='ocrx_word' id='word_1_361' title='bbox 3601 2122 3700 2179; x_wconf 90' lang='lat' dir='ltr'><strong>ille</strong></span> 
     </span>
    </p>
   </div>
   <div class='ocr_carea' id='block_1_55' title="bbox 2059 2207 3696 2279">
    <p class='ocr_par' dir='ltr' id='par_1_55' title="bbox 2059 2207 3696 2279">
     <span class='ocr_line' id='line_1_55' title="bbox 2059 2207 3696 2279; baseline 0.004 -19"><span class='ocrx_word' id='word_1_362' title='bbox 2059 2207 2304 2265; x_wconf 86' lang='lat' dir='ltr'><strong>fortasse</strong></span> <span class='ocrx_word' id='word_1_363' title='bbox 2324 2210 2395 2264; x_wconf 88' lang='lat' dir='ltr'><strong>ad</strong></span> <span class='ocrx_word' id='word_1_364' title='bbox 2421 2208 2878 2264; x_wconf 86' lang='lat' dir='ltr'><strong>benedictionem</strong></span> <span class='ocrx_word' id='word_1_365' title='bbox 2904 2218 2952 2262; x_wconf 84' lang='lat' dir='ltr'><strong>et</strong></span> <span class='ocrx_word' id='word_1_366' title='bbox 2980 2209 3047 2264; x_wconf 86' lang='lat' dir='ltr'><strong>ad</strong></span> <span class='ocrx_word' id='word_1_367' title='bbox 3073 2207 3543 2279; x_wconf 90' lang='lat' dir='ltr'><strong>psalmodiam,si</strong></span> <span class='ocrx_word' id='word_1_368' title='bbox 3563 2226 3696 2267; x_wconf 88' lang='lat' dir='ltr'><strong>cum</strong></span> 
     </span>
    </p>
   </div>
   <div class='ocr_carea' id='block_1_56' title="bbox 2056 2297 3699 2372">
    <p class='ocr_par' dir='ltr' id='par_1_56' title="bbox 2056 2297 3699 2372">
     <span class='ocr_line' id='line_1_56' title="bbox 2056 2297 3699 2372; baseline 0.002 -18"><span class='ocrx_word' id='word_1_369' title='bbox 2056 2297 2326 2356; x_wconf 75' lang='lat' dir='ltr'><strong>haeretica</strong></span> <span class='ocrx_word' id='word_1_370' title='bbox 2357 2302 2652 2372; x_wconf 90' lang='lat' dir='ltr'><strong>episcopo,</strong></span> <span class='ocrx_word' id='word_1_371' title='bbox 2687 2299 2807 2355; x_wconf 87' lang='lat' dir='ltr'><strong>sive</strong></span> <span class='ocrx_word' id='word_1_372' title='bbox 2838 2315 2963 2367; x_wconf 86' lang='lat' dir='ltr'><strong>suo,</strong></span> <span class='ocrx_word' id='word_1_373' title='bbox 2989 2298 3110 2354; x_wconf 89' lang='lat' dir='ltr'><strong>sive</strong></span> <span class='ocrx_word' id='word_1_374' title='bbox 3139 2299 3343 2367; x_wconf 89' lang='lat' dir='ltr'><strong>altero,</strong></span> <span class='ocrx_word' id='word_1_375' title='bbox 3376 2316 3492 2356; x_wconf 91' lang='lat' dir='ltr'><strong>non</strong></span> <span class='ocrx_word' id='word_1_376' title='bbox 3524 2301 3699 2357; x_wconf 89' lang='lat' dir='ltr'><strong>sacri-</strong></span> 
     </span>
    </p>
   </div>
   <div class='ocr_carea' id='block_1_57' title="bbox 2056 2387 3701 2461">
    <p class='ocr_par' dir='ltr' id='par_1_57' title="bbox 2056 2387 3701 2461">
     <span class='ocr_line' id='line_1_57' title="bbox 2056 2387 3701 2461; baseline 0 -15"><span class='ocrx_word' id='word_1_377' title='bbox 2056 2392 2207 2459; x_wconf 86' lang='lat' dir='ltr'><strong>ﬁcet,</strong></span> <span class='ocrx_word' id='word_1_378' title='bbox 2240 2405 2344 2446; x_wconf 89' lang='lat' dir='ltr'><strong>nec</strong></span> <span class='ocrx_word' id='word_1_379' title='bbox 2374 2388 2459 2444; x_wconf 91' lang='lat' dir='ltr'><strong>illi</strong></span> <span class='ocrx_word' id='word_1_380' title='bbox 2480 2389 2669 2445; x_wconf 90' lang='lat' dir='ltr'><strong>sciens</strong></span> <span class='ocrx_word' id='word_1_381' title='bbox 2690 2387 3021 2443; x_wconf 87' lang='lat' dir='ltr'><strong>distribuat.</strong></span> <span class='ocrx_word' id='word_1_382' title='bbox 3037 2388 3095 2444; x_wconf 92' lang='lat' dir='ltr'><strong>Si</strong></span> <span class='ocrx_word' id='word_1_383' title='bbox 3120 2388 3250 2460; x_wconf 87' lang='lat' dir='ltr'><strong>quis</strong></span> <span class='ocrx_word' id='word_1_384' title='bbox 3271 2390 3468 2445; x_wconf 88' lang='lat' dir='ltr'><strong>cibum</strong></span> <span class='ocrx_word' id='word_1_385' title='bbox 3510 2390 3701 2461; x_wconf 86' lang='lat' dir='ltr'><strong>capiat</strong></span> 
     </span>
    </p>
   </div>
   <div class='ocr_carea' id='block_1_58' title="bbox 2056 2475 3699 2548">
    <p class='ocr_par' dir='ltr' id='par_1_58' title="bbox 2056 2475 3699 2548">
     <span class='ocr_line' id='line_1_58' title="bbox 2056 2475 3699 2548; baseline -0.002 -12"><span class='ocrx_word' id='word_1_386' title='bbox 2056 2495 2191 2536; x_wconf 91' lang='lat' dir='ltr'><strong>cum</strong></span> <span class='ocrx_word' id='word_1_387' title='bbox 2235 2476 2485 2533; x_wconf 88' lang='lat' dir='ltr'><strong>adulteri</strong></span> <span class='ocrx_word' id='word_1_388' title='bbox 2553 2475 2907 2547; x_wconf 89' lang='lat' dir='ltr'><strong>copulatore,</strong></span> <span class='ocrx_word' id='word_1_389' title='bbox 2969 2482 3070 2531; x_wconf 89' lang='lat' dir='ltr'><strong>aut</strong></span> <span class='ocrx_word' id='word_1_390' title='bbox 3133 2491 3268 2533; x_wconf 90' lang='lat' dir='ltr'><strong>cum</strong></span> <span class='ocrx_word' id='word_1_391' title='bbox 3335 2476 3450 2533; x_wconf 90' lang='lat' dir='ltr'><strong>alio</strong></span> <span class='ocrx_word' id='word_1_392' title='bbox 3493 2477 3699 2548; x_wconf 89' lang='lat' dir='ltr'><strong>quovis</strong></span> 
     </span>
    </p>
   </div>
   <div class='ocr_carea' id='block_1_59' title="bbox 2058 2566 3702 2626">
    <p class='ocr_par' dir='ltr' id='par_1_59' title="bbox 2058 2566 3702 2626">
     <span class='ocr_line' id='line_1_59' title="bbox 2058 2566 3702 2626; baseline -0.004 0"><span class='ocrx_word' id='word_1_393' title='bbox 2058 2568 2323 2626; x_wconf 67' lang='lat' dir='ltr'><strong>heretico</strong></span> <span class='ocrx_word' id='word_1_394' title='bbox 2354 2566 2750 2623; x_wconf 72' lang='lat' dir='ltr'><strong>indifferenter</strong></span> <span class='ocrx_word' id='word_1_395' title='bbox 2773 2583 2786 2621; x_wconf 91' lang='lat'>:</span> <span class='ocrx_word' id='word_1_396' title='bbox 2811 2568 3129 2622; x_wconf 88' lang='lat' dir='ltr'><strong>cavendum</strong></span> <span class='ocrx_word' id='word_1_397' title='bbox 3175 2572 3263 2622; x_wconf 90' lang='lat' dir='ltr'><strong>est</strong></span> <span class='ocrx_word' id='word_1_398' title='bbox 3292 2582 3364 2622; x_wconf 90' lang='lat' dir='ltr'><strong>ne</strong></span> <span class='ocrx_word' id='word_1_399' title='bbox 3401 2582 3534 2622; x_wconf 88' lang='lat' dir='ltr'><strong>cum</strong></span> <span class='ocrx_word' id='word_1_400' title='bbox 3566 2567 3702 2623; x_wconf 92' lang='lat' dir='ltr'><strong>tali-</strong></span> 
     </span>
    </p>
   </div>
   <div class='ocr_carea' id='block_1_60' title="bbox 2056 2654 3700 2727">
    <p class='ocr_par' dir='ltr' id='par_1_60' title="bbox 2056 2654 3700 2727">
     <span class='ocr_line' id='line_1_60' title="bbox 2056 2654 3700 2727; baseline -0.002 -12"><span class='ocrx_word' id='word_1_401' title='bbox 2056 2659 2169 2715; x_wconf 91' lang='lat' dir='ltr'><strong>bus</strong></span> <span class='ocrx_word' id='word_1_402' title='bbox 2197 2657 2556 2726; x_wconf 89' lang='lat' dir='ltr'><strong>comedatur,</strong></span> <span class='ocrx_word' id='word_1_403' title='bbox 2589 2655 2724 2711; x_wconf 88' lang='lat' dir='ltr'><strong>licet</strong></span> <span class='ocrx_word' id='word_1_404' title='bbox 2772 2665 2920 2711; x_wconf 84' lang='lat' dir='ltr'><strong>recte</strong></span> <span class='ocrx_word' id='word_1_405' title='bbox 2946 2654 3160 2711; x_wconf 88' lang='lat' dir='ltr'><strong>sentire</strong></span> <span class='ocrx_word' id='word_1_406' title='bbox 3191 2670 3254 2711; x_wconf 88' lang='lat' dir='ltr'><strong>se</strong></span> <span class='ocrx_word' id='word_1_407' title='bbox 3305 2655 3546 2727; x_wconf 89' lang='lat' dir='ltr'><strong>ﬁngant.</strong></span> <span class='ocrx_word' id='word_1_408' title='bbox 3575 2655 3700 2712; x_wconf 92' lang='lat' dir='ltr'><strong>Non</strong></span> 
     </span>
    </p>
   </div>
   <div class='ocr_carea' id='block_1_61' title="bbox 2057 2744 3701 2817">
    <p class='ocr_par' dir='ltr' id='par_1_61' title="bbox 2057 2744 3701 2817">
     <span class='ocr_line' id='line_1_61' title="bbox 2057 2744 3701 2817; baseline -0.002 -13"><span class='ocrx_word' id='word_1_409' title='bbox 2057 2748 2210 2805; x_wconf 88' lang='lat' dir='ltr'><strong>enim</strong></span> <span class='ocrx_word' id='word_1_410' title='bbox 2253 2748 2563 2804; x_wconf 88' lang='lat' dir='ltr'><strong>observant</strong></span> <span class='ocrx_word' id='word_1_411' title='bbox 2610 2750 2965 2817; x_wconf 71' lang='lat' dir='ltr'><strong>praeceptum</strong></span> <span class='ocrx_word' id='word_1_412' title='bbox 2996 2744 3297 2816; x_wconf 83' lang='lat' dir='ltr'><strong>Apostoli:</strong></span> <span class='ocrx_word' id='word_1_413' title='bbox 3333 2744 3469 2800; x_wconf 85' lang='lat' dir='ltr'><strong>Cum</strong></span> <span class='ocrx_word' id='word_1_414' title='bbox 3506 2745 3701 2814; x_wconf 74' lang='lat' dir='ltr'><strong>huius-</strong></span> 
     </span>
    </p>
   </div>
   <div class='ocr_carea' id='block_1_62' title="bbox 2057 2833 3700 2900">
    <p class='ocr_par' dir='ltr' id='par_1_62' title="bbox 2057 2833 3700 2900">
     <span class='ocr_line' id='line_1_62' title="bbox 2057 2833 3700 2900; baseline -0.001 -7"><span class='ocrx_word' id='word_1_415' title='bbox 2057 2837 2205 2894; x_wconf 79' lang='lat' dir='ltr'><strong>modi</strong></span> <span class='ocrx_word' id='word_1_416' title='bbox 2233 2853 2331 2893; x_wconf 80' lang='lat' dir='ltr'><strong>nec</strong></span> <span class='ocrx_word' id='word_1_417' title='bbox 2355 2835 2539 2891; x_wconf 81' lang='lat' dir='ltr'><strong>cibum</strong></span> <span class='ocrx_word' id='word_1_418' title='bbox 2565 2850 2779 2890; x_wconf 82' lang='lat' dir='ltr'><strong>sumere</strong></span> <span class='ocrx_word' id='word_1_419' title='bbox 2797 2834 2838 2870; x_wconf 83' lang='grc'><strong>⁶¹</strong></span> <span class='ocrx_word' id='word_1_420' title='bbox 2890 2833 3198 2890; x_wconf 88' lang='lat' dir='ltr'><strong>monentis.</strong></span> <span class='ocrx_word' id='word_1_421' title='bbox 3246 2834 3553 2900; x_wconf 67' lang='lat' dir='ltr'><strong>Ceterum,</strong></span> <span class='ocrx_word' id='word_1_422' title='bbox 3584 2852 3700 2891; x_wconf 90' lang='lat' dir='ltr'><strong>non</strong></span> 
     </span>
    </p>
   </div>
   <div class='ocr_carea' id='block_1_63' title="bbox 2059 2923 3703 2998">
    <p class='ocr_par' dir='ltr' id='par_1_63' title="bbox 2059 2923 3703 2998">
     <span class='ocr_line' id='line_1_63' title="bbox 2059 2923 3703 2998; baseline -0.002 -15"><span class='ocrx_word' id='word_1_423' title='bbox 2059 2925 2315 2998; x_wconf 89' lang='lat' dir='ltr'><strong>amplius</strong></span> <span class='ocrx_word' id='word_1_424' title='bbox 2333 2924 2679 2997; x_wconf 82' lang='lat' dir='ltr'><strong>investigare</strong></span> <span class='ocrx_word' id='word_1_425' title='bbox 2694 2928 2940 2996; x_wconf 88' lang='lat' dir='ltr'><strong>oportet,</strong></span> <span class='ocrx_word' id='word_1_426' title='bbox 2963 2928 3063 2979; x_wconf 88' lang='lat' dir='ltr'><strong>aut</strong></span> <span class='ocrx_word' id='word_1_427' title='bbox 3084 2923 3406 2995; x_wconf 85' lang='lat' dir='ltr'><strong>exquirere,</strong></span> <span class='ocrx_word' id='word_1_428' title='bbox 3435 2928 3631 2980; x_wconf 91' lang='lat' dir='ltr'><strong>utrum</strong></span> <span class='ocrx_word' id='word_1_429' title='bbox 3651 2924 3703 2981; x_wconf 93' lang='lat' dir='ltr'><strong>is</strong></span> 
     </span>
    </p>
   </div>
   <div class='ocr_carea' id='block_1_64' title="bbox 2058 3013 3699 3085">
    <p class='ocr_par' dir='ltr' id='par_1_64' title="bbox 2058 3013 3699 3085">
     <span class='ocr_line' id='line_1_64' title="bbox 2058 3013 3699 3085; baseline -0.002 -13"><span class='ocrx_word' id='word_1_430' title='bbox 2058 3014 2372 3073; x_wconf 89' lang='lat' dir='ltr'><strong>comederit</strong></span> <span class='ocrx_word' id='word_1_431' title='bbox 2401 3030 2538 3070; x_wconf 91' lang='lat' dir='ltr'><strong>cum</strong></span> <span class='ocrx_word' id='word_1_432' title='bbox 2578 3029 2643 3069; x_wconf 92' lang='lat' dir='ltr'><strong>eo</strong></span> <span class='ocrx_word' id='word_1_433' title='bbox 2685 3013 2949 3085; x_wconf 90' lang='lat' dir='ltr'><strong>quicum</strong></span> <span class='ocrx_word' id='word_1_434' title='bbox 2996 3013 3265 3069; x_wconf 81' lang='lat' dir='ltr'><strong>haeretica</strong></span> <span class='ocrx_word' id='word_1_435' title='bbox 3313 3013 3510 3070; x_wconf 90' lang='lat' dir='ltr'><strong>cibum</strong></span> <span class='ocrx_word' id='word_1_436' title='bbox 3539 3028 3699 3069; x_wconf 87' lang='lat' dir='ltr'><strong>sum-</strong></span> 
     </span>
    </p>
   </div>
   <div class='ocr_carea' id='block_1_65' title="bbox 2059 3101 3699 3179">
    <p class='ocr_par' dir='ltr' id='par_1_65' title="bbox 2059 3101 3699 3179">
     <span class='ocr_line' id='line_1_65' title="bbox 2059 3101 3699 3179; baseline -0.004 -17"><span class='ocrx_word' id='word_1_437' title='bbox 2059 3104 2254 3179; x_wconf 84' lang='lat' dir='ltr'><strong>pserit,</strong></span> <span class='ocrx_word' id='word_1_438' title='bbox 2286 3108 2345 3161; x_wconf 90' lang='lat' dir='ltr'><strong>et</strong></span> <span class='ocrx_word' id='word_1_439' title='bbox 2392 3119 2525 3159; x_wconf 89' lang='lat' dir='ltr'><strong>cum</strong></span> <span class='ocrx_word' id='word_1_440' title='bbox 2550 3103 2650 3159; x_wconf 91' lang='lat' dir='ltr'><strong>illo</strong></span> <span class='ocrx_word' id='word_1_441' title='bbox 2698 3104 2879 3159; x_wconf 89' lang='lat' dir='ltr'><strong>alter:</strong></span> <span class='ocrx_word' id='word_1_442' title='bbox 2917 3111 3090 3173; x_wconf 88' lang='lat' dir='ltr'><strong>atque</strong></span> <span class='ocrx_word' id='word_1_443' title='bbox 3119 3103 3200 3158; x_wconf 91' lang='lat' dir='ltr'><strong>ita</strong></span> <span class='ocrx_word' id='word_1_444' title='bbox 3245 3101 3423 3159; x_wconf 87' lang='lat' dir='ltr'><strong>alium</strong></span> <span class='ocrx_word' id='word_1_445' title='bbox 3470 3117 3540 3158; x_wconf 83' lang='lat' dir='ltr'><strong>ex</strong></span> <span class='ocrx_word' id='word_1_446' title='bbox 3584 3102 3699 3159; x_wconf 87' lang='lat' dir='ltr'><strong>alio</strong></span> 
     </span>
    </p>
   </div>
   <div class='ocr_carea' id='block_1_66' title="bbox 2060 3190 3700 3260">
    <p class='ocr_par' dir='ltr' id='par_1_66' title="bbox 2060 3190 3700 3260">
     <span class='ocr_line' id='line_1_66' title="bbox 2060 3190 3700 3260; baseline -0.004 -8"><span class='ocrx_word' id='word_1_447' title='bbox 2060 3210 2386 3253; x_wconf 88' lang='lat' dir='ltr'><strong>sermonem</strong></span> <span class='ocrx_word' id='word_1_448' title='bbox 2418 3198 2673 3260; x_wconf 88' lang='lat' dir='ltr'><strong>nectere,</strong></span> <span class='ocrx_word' id='word_1_449' title='bbox 2705 3201 2762 3248; x_wconf 90' lang='lat' dir='ltr'><strong>et</strong></span> <span class='ocrx_word' id='word_1_450' title='bbox 2791 3191 2863 3248; x_wconf 91' lang='lat' dir='ltr'><strong>ab</strong></span> <span class='ocrx_word' id='word_1_451' title='bbox 2913 3193 3185 3247; x_wconf 88' lang='lat' dir='ltr'><strong>omnibus</strong></span> <span class='ocrx_word' id='word_1_452' title='bbox 3215 3190 3526 3248; x_wconf 89' lang='lat' dir='ltr'><strong>abstinere.</strong></span> <span class='ocrx_word' id='word_1_453' title='bbox 3559 3191 3700 3247; x_wconf 88' lang='lat' dir='ltr'><strong>Pro-</strong></span> 
     </span>
    </p>
   </div>
   <div class='ocr_carea' id='block_1_67' title="bbox 306 3272 1950 3357">
    <p class='ocr_par' dir='ltr' id='par_1_67' title="bbox 306 3277 1950 3355">
     <span class='ocr_line' id='line_1_67' title="bbox 306 3277 1950 3355; baseline 0.004 -23"><span class='ocrx_word' id='word_1_454' title='bbox 306 3278 578 3353; x_wconf 80' lang='grc' dir='ltr'>ἐξερευνᾷν</span> <span class='ocrx_word' id='word_1_455' title='bbox 639 3279 730 3333; x_wconf 88' lang='grc' dir='ltr'><strong>καὶ</strong></span> <span class='ocrx_word' id='word_1_456' title='bbox 797 3277 1219 3355; x_wconf 83' lang='grc' dir='ltr'>διαγγέλλεσθαι</span> <span class='ocrx_word' id='word_1_457' title='bbox 1281 3283 1418 3353; x_wconf 84' lang='grc' dir='ltr'>ἡμῖν</span> <span class='ocrx_word' id='word_1_458' title='bbox 1452 3301 1466 3350; x_wconf 91' lang='lat'><strong>;</strong></span> <span class='ocrx_word' id='word_1_459' title='bbox 1506 3280 1632 3337; x_wconf 87' lang='grc' dir='ltr'>ἀλλ’</span> <span class='ocrx_word' id='word_1_460' title='bbox 1673 3279 1950 3354; x_wconf 80' lang='grc' dir='ltr'>οὐδαμῶς.</span> 
     </span>
    </p>
   </div>
   <div class='ocr_carea' id='block_1_68' title="bbox 2059 3272 3701 3357">
    <p class='ocr_par' dir='ltr' id='par_1_68' title="bbox 2060 3281 3701 3357">
     <span class='ocr_line' id='line_1_68' title="bbox 2060 3281 3701 3357; baseline -0.002 -17"><span class='ocrx_word' id='word_1_461' title='bbox 2060 3284 2198 3357; x_wconf 71' lang='lat' dir='ltr'><strong>prius</strong></span> <span class='ocrx_word' id='word_1_462' title='bbox 2229 3284 2336 3340; x_wconf 90' lang='lat' dir='ltr'><strong>hoc</strong></span> <span class='ocrx_word' id='word_1_463' title='bbox 2365 3281 2678 3339; x_wconf 85' lang='lat' dir='ltr'><strong>voluntatis</strong></span> <span class='ocrx_word' id='word_1_464' title='bbox 2708 3285 2817 3349; x_wconf 89' lang='lat' dir='ltr'><strong>est,</strong></span> <span class='ocrx_word' id='word_1_465' title='bbox 2851 3284 2907 3336; x_wconf 89' lang='lat' dir='ltr'><strong>et</strong></span> <span class='ocrx_word' id='word_1_466' title='bbox 2958 3297 3072 3336; x_wconf 92' lang='lat' dir='ltr'><strong>non</strong></span> <span class='ocrx_word' id='word_1_467' title='bbox 3115 3284 3493 3338; x_wconf 87' lang='lat' dir='ltr'><strong>sanctorum:</strong></span> <span class='ocrx_word' id='word_1_468' title='bbox 3528 3281 3701 3352; x_wconf 73' lang='lat' dir='ltr'><strong>Usque</strong></span> 
     </span>
    </p>
   </div>
   <div class='ocr_carea' id='block_1_69' title="bbox 307 3364 1954 3444">
    <p class='ocr_par' dir='ltr' id='par_1_69' title="bbox 307 3364 1954 3444">
     <span class='ocr_line' id='line_1_69' title="bbox 307 3364 1954 3444; baseline 0.003 -23"><span class='ocrx_word' id='word_1_469' title='bbox 307 3367 400 3421; x_wconf 88' lang='grc' dir='ltr'><strong>Διὸ</strong></span> <span class='ocrx_word' id='word_1_470' title='bbox 433 3367 535 3421; x_wconf 82' lang='grc' dir='ltr'>οὐκ.</span> <span class='ocrx_word' id='word_1_471' title='bbox 591 3365 783 3423; x_wconf 77' lang='grc' dir='ltr'>ἐσθλὸν</span> <span class='ocrx_word' id='word_1_472' title='bbox 833 3364 1178 3441; x_wconf 82' lang='grc' dir='ltr'>μεταϐαίνειν</span> <span class='ocrx_word' id='word_1_473' title='bbox 1211 3368 1336 3444; x_wconf 79' lang='grc' dir='ltr'>ὅρια</span> <span class='ocrx_word' id='word_1_474' title='bbox 1385 3369 1416 3424; x_wconf 85' lang='grc' dir='ltr'>ἂ</span> <span class='ocrx_word' id='word_1_475' title='bbox 1462 3367 1637 3425; x_wconf 82' lang='grc' dir='ltr'>ἔθεντο</span> <span class='ocrx_word' id='word_1_476' title='bbox 1683 3371 1735 3425; x_wconf 81' lang='lat' dir='ltr'><strong>o&#39;t</strong></span> <span class='ocrx_word' id='word_1_477' title='bbox 1782 3370 1954 3426; x_wconf 77' lang='grc' dir='ltr'>Πατέ-</span> 
     </span>
    </p>
   </div>
   <div class='ocr_carea' id='block_1_70' title="bbox 309 3454 1953 3534">
    <p class='ocr_par' dir='ltr' id='par_1_70' title="bbox 309 3454 1953 3534">
     <span class='ocr_line' id='line_1_70' title="bbox 309 3454 1953 3534; baseline 0.002 -24"><span class='ocrx_word' id='word_1_478' title='bbox 309 3475 396 3526; x_wconf 88' lang='grc' dir='ltr'><strong>ρες</strong></span> <span class='ocrx_word' id='word_1_479' title='bbox 421 3457 605 3527; x_wconf 76' lang='grc' dir='ltr'>ἡμῶν.</span> <span class='ocrx_word' id='word_1_480' title='bbox 640 3457 768 3512; x_wconf 80' lang='grc' dir='ltr'>Μεθ’</span> <span class='ocrx_word' id='word_1_481' title='bbox 800 3456 863 3511; x_wconf 81' lang='grc' dir='ltr'>οὗ</span> <span class='ocrx_word' id='word_1_482' title='bbox 895 3454 954 3511; x_wconf 76' lang='grc' dir='ltr'><strong>δὲ</strong></span> <span class='ocrx_word' id='word_1_483' title='bbox 992 3457 1092 3512; x_wconf 84' lang='grc' dir='ltr'><strong>οὐκ</strong></span> <span class='ocrx_word' id='word_1_484' title='bbox 1111 3456 1382 3531; x_wconf 85' lang='grc' dir='ltr'>ἐσθίομεν,</span> <span class='ocrx_word' id='word_1_485' title='bbox 1407 3455 1531 3513; x_wconf 72' lang='grc' dir='ltr'>οὐδὲ</span> <span class='ocrx_word' id='word_1_486' title='bbox 1553 3455 1728 3534; x_wconf 80' lang='grc' dir='ltr'>δῶρον</span> <span class='ocrx_word' id='word_1_487' title='bbox 1757 3459 1953 3514; x_wconf 84' lang='grc' dir='ltr'>τούτου</span> 
     </span>
    </p>
   </div>
   <div class='ocr_carea' id='block_1_71' title="bbox 311 3540 1948 3626">
    <p class='ocr_par' dir='ltr' id='par_1_71' title="bbox 311 3540 1948 3626">
     <span class='ocr_line' id='line_1_71' title="bbox 311 3540 1948 3626; baseline 0.004 -30"><span class='ocrx_word' id='word_1_488' title='bbox 311 3540 523 3599; x_wconf 78' lang='grc' dir='ltr'>δεκτέον</span> <span class='ocrx_word' id='word_1_489' title='bbox 556 3561 571 3574; x_wconf 75' lang='grc'><strong>⁸</strong></span> <span class='ocrx_word' id='word_1_490' title='bbox 605 3542 757 3619; x_wconf 80' lang='grc' dir='ltr'>εἷ’περ</span> <span class='ocrx_word' id='word_1_491' title='bbox 799 3541 1092 3618; x_wconf 79' lang='grc' dir='ltr'>διδαχθεὶς,</span> <span class='ocrx_word' id='word_1_492' title='bbox 1145 3546 1279 3616; x_wconf 80' lang='grc' dir='ltr'>ἅπαξ</span> <span class='ocrx_word' id='word_1_493' title='bbox 1331 3546 1421 3601; x_wconf 87' lang='grc' dir='ltr'><strong>καὶ</strong></span> <span class='ocrx_word' id='word_1_494' title='bbox 1471 3544 1552 3609; x_wconf 90' lang='grc' dir='ltr'>δὶς</span> <span class='ocrx_word' id='word_1_495' title='bbox 1596 3545 1948 3626; x_wconf 70' lang='grc' dir='ltr'>ἀδιαφοροίη.</span> 
     </span>
    </p>
   </div>
   <div class='ocr_carea' id='block_1_72' title="bbox 311 3631 1951 3713">
    <p class='ocr_par' dir='ltr' id='par_1_72' title="bbox 311 3631 1951 3713">
     <span class='ocr_line' id='line_1_72' title="bbox 311 3631 1951 3713; baseline 0.002 -26"><span class='ocrx_word' id='word_1_496' title='bbox 311 3632 402 3687; x_wconf 86' lang='grc' dir='ltr'><strong>καὶ</strong></span> <span class='ocrx_word' id='word_1_497' title='bbox 434 3631 494 3685; x_wconf 78' lang='grc' dir='ltr'><strong>οὐ</strong></span> <span class='ocrx_word' id='word_1_498' title='bbox 523 3635 765 3688; x_wconf 84' lang='grc' dir='ltr'>πείθεται</span> <span class='ocrx_word' id='word_1_499' title='bbox 803 3636 964 3708; x_wconf 82' lang='grc' dir='ltr'>ἡμῖν.</span> <span class='ocrx_word' id='word_1_500' title='bbox 992 3634 1102 3690; x_wconf 84' lang='grc' dir='ltr'>Οὐκ</span> <span class='ocrx_word' id='word_1_501' title='bbox 1132 3634 1255 3690; x_wconf 85' lang='grc' dir='ltr'>οἶδα</span> <span class='ocrx_word' id='word_1_502' title='bbox 1286 3636 1329 3690; x_wconf 85' lang='grc' dir='ltr'>εἰ</span> <span class='ocrx_word' id='word_1_503' title='bbox 1383 3636 1458 3709; x_wconf 82' lang='grc' dir='ltr'>μή</span> <span class='ocrx_word' id='word_1_504' title='bbox 1498 3638 1644 3710; x_wconf 78' lang='grc' dir='ltr'>παρὰ</span> <span class='ocrx_word' id='word_1_505' title='bbox 1689 3641 1797 3692; x_wconf 83' lang='grc' dir='ltr'>τῶν</span> <span class='ocrx_word' id='word_1_506' title='bbox 1852 3658 1951 3713; x_wconf 78' lang='grc' dir='ltr'><strong>φυ-</strong></span> 
     </span>
    </p>
   </div>
   <div class='ocr_carea' id='block_1_73' title="bbox 316 3719 1953 3803">
    <p class='ocr_par' dir='ltr' id='par_1_73' title="bbox 316 3719 1953 3803">
     <span class='ocr_line' id='line_1_73' title="bbox 316 3719 1953 3803; baseline 0.002 -27"><span class='ocrx_word' id='word_1_507' title='bbox 316 3719 498 3776; x_wconf 82' lang='grc' dir='ltr'>λάκων</span> <span class='ocrx_word' id='word_1_508' title='bbox 529 3723 621 3784; x_wconf 71' lang='grc' dir='ltr'>τὰς</span> <span class='ocrx_word' id='word_1_509' title='bbox 652 3722 762 3797; x_wconf 83' lang='grc' dir='ltr'><strong>οὐχ</strong></span> <span class='ocrx_word' id='word_1_510' title='bbox 783 3723 858 3785; x_wconf 84' lang='grc' dir='ltr'>ὡς</span> <span class='ocrx_word' id='word_1_511' title='bbox 907 3721 1337 3799; x_wconf 77' lang='grc' dir='ltr'>εύλογίας,ἀλλ’</span> <span class='ocrx_word' id='word_1_512' title='bbox 1386 3726 1460 3785; x_wconf 82' lang='grc' dir='ltr'><strong>ὡς</strong></span> <span class='ocrx_word' id='word_1_513' title='bbox 1496 3724 1685 3803; x_wconf 84' lang='grc' dir='ltr'>χρείας</span> <span class='ocrx_word' id='word_1_514' title='bbox 1736 3722 1953 3798; x_wconf 72' lang='grc' dir='ltr'>λαμϐάο·</span> 
     </span>
    </p>
   </div>
   <div class='ocr_carea' id='block_1_74' title="bbox 313 3808 1948 3888">
    <p class='ocr_par' dir='ltr' id='par_1_74' title="bbox 313 3808 1948 3888">
     <span class='ocr_line' id='line_1_74' title="bbox 313 3808 1948 3888; baseline 0.003 -24"><span class='ocrx_word' id='word_1_515' title='bbox 313 3831 423 3865; x_wconf 87' lang='grc' dir='ltr'>νειν</span> <span class='ocrx_word' id='word_1_516' title='bbox 458 3828 472 3841; x_wconf 76' lang='grc'><strong><em>³</em></strong></span> <span class='ocrx_word' id='word_1_517' title='bbox 503 3810 539 3880; x_wconf 74' lang='grc' dir='ltr'><strong>ἢ</strong></span> <span class='ocrx_word' id='word_1_518' title='bbox 571 3811 890 3885; x_wconf 82' lang='grc' dir='ltr'>οἰκονομίας</span> <span class='ocrx_word' id='word_1_519' title='bbox 933 3808 1122 3881; x_wconf 82' lang='grc' dir='ltr'>ἕνεκεν,</span> <span class='ocrx_word' id='word_1_520' title='bbox 1154 3814 1242 3868; x_wconf 71' lang='grc' dir='ltr'><strong>καὶ</strong></span> <span class='ocrx_word' id='word_1_521' title='bbox 1287 3815 1352 3868; x_wconf 80' lang='grc' dir='ltr'>τὰ</span> <span class='ocrx_word' id='word_1_522' title='bbox 1400 3816 1544 3888; x_wconf 87' lang='grc' dir='ltr'><strong>παρά</strong></span> <span class='ocrx_word' id='word_1_523' title='bbox 1594 3818 1700 3870; x_wconf 80' lang='grc' dir='ltr'><strong>τῶν</strong></span> <span class='ocrx_word' id='word_1_524' title='bbox 1762 3812 1948 3869; x_wconf 72' lang='grc' dir='ltr'>ἄλλων</span> 
     </span>
    </p>
   </div>
   <div class='ocr_carea' id='block_1_75' title="bbox 314 3900 1953 3981">
    <p class='ocr_par' dir='ltr' id='par_1_75' title="bbox 314 3900 1953 3981">
     <span class='ocr_line' id='line_1_75' title="bbox 314 3900 1953 3981; baseline 0.002 -26"><span class='ocrx_word' id='word_1_525' title='bbox 314 3901 622 3976; x_wconf 75' lang='grc' dir='ltr'>φευγόντων</span> <span class='ocrx_word' id='word_1_526' title='bbox 660 3901 846 3974; x_wconf 81' lang='grc' dir='ltr'>μέντοι</span> <span class='ocrx_word' id='word_1_527' title='bbox 882 3902 944 3957; x_wconf 88' lang='grc' dir='ltr'>τὸ</span> <span class='ocrx_word' id='word_1_528' title='bbox 986 3905 1355 3958; x_wconf 84' lang='grc' dir='ltr'>συνεστιᾶσθαι</span> <span class='ocrx_word' id='word_1_529' title='bbox 1402 3904 1694 3977; x_wconf 77' lang='grc' dir='ltr'>αἱρετικοῖς</span> <span class='ocrx_word' id='word_1_530' title='bbox 1725 3900 1953 3981; x_wconf 77' lang='grc' dir='ltr'>ἀδιαφό-</span> 
     </span>
    </p>
   </div>
   <div class='ocr_carea' id='block_1_76' title="bbox 313 3988 1951 4068">
    <p class='ocr_par' dir='ltr' id='par_1_76' title="bbox 313 3988 1951 4068">
     <span class='ocr_line' id='line_1_76' title="bbox 313 3988 1951 4068; baseline 0.004 -25"><span class='ocrx_word' id='word_1_531' title='bbox 313 4011 425 4066; x_wconf 88' lang='grc' dir='ltr'><strong>ρως</strong></span> <span class='ocrx_word' id='word_1_532' title='bbox 458 4008 471 4020; x_wconf 92' lang='grc'>·</span> <span class='ocrx_word' id='word_1_533' title='bbox 505 3990 604 4045; x_wconf 87' lang='grc' dir='ltr'><strong>ούκ</strong></span> <span class='ocrx_word' id='word_1_534' title='bbox 641 3988 763 4045; x_wconf 74' lang='grc' dir='ltr'>οἶδα</span> <span class='ocrx_word' id='word_1_535' title='bbox 790 3990 835 4045; x_wconf 81' lang='grc' dir='ltr'><strong>εί</strong></span> <span class='ocrx_word' id='word_1_536' title='bbox 871 3993 948 4062; x_wconf 79' lang='grc' dir='ltr'>μὴ</span> <span class='ocrx_word' id='word_1_537' title='bbox 997 3991 1143 4067; x_wconf 81' lang='grc' dir='ltr'>τύχῃ</span> <span class='ocrx_word' id='word_1_538' title='bbox 1190 3994 1325 4048; x_wconf 86' lang='grc' dir='ltr'>κατὰ</span> <span class='ocrx_word' id='word_1_539' title='bbox 1372 3993 1680 4068; x_wconf 87' lang='grc' dir='ltr'>περίστασιν</span> <span class='ocrx_word' id='word_1_540' title='bbox 1726 3994 1815 4048; x_wconf 80' lang='grc' dir='ltr'><strong>καὶ</strong></span> <span class='ocrx_word' id='word_1_541' title='bbox 1868 3992 1951 4049; x_wconf 67' lang='grc' dir='ltr'>δέσ</span> 
     </span>
    </p>
   </div>
   <div class='ocr_carea' id='block_1_77' title="bbox 310 4079 1950 4151">
    <p class='ocr_par' dir='ltr' id='par_1_77' title="bbox 310 4079 1950 4151">
     <span class='ocr_line' id='line_1_77' title="bbox 310 4079 1950 4151; baseline 0.003 -18"><span class='ocrx_word' id='word_1_542' title='bbox 310 4080 496 4150; x_wconf 84' lang='grc' dir='ltr'>ξασθαι</span> <span class='ocrx_word' id='word_1_543' title='bbox 537 4079 631 4134; x_wconf 79' lang='grc' dir='ltr'>καὶ</span> <span class='ocrx_word' id='word_1_544' title='bbox 662 4084 1070 4151; x_wconf 80' lang='grc' dir='ltr'>συνεστιαθῆναι</span> <span class='ocrx_word' id='word_1_545' title='bbox 1100 4083 1191 4137; x_wconf 82' lang='grc' dir='ltr'><strong>καὶ</strong></span> <span class='ocrx_word' id='word_1_546' title='bbox 1238 4079 1440 4139; x_wconf 84' lang='grc' dir='ltr'>τοῖσδε.</span> <span class='ocrx_word' id='word_1_547' title='bbox 1492 4086 1681 4137; x_wconf 88' lang='grc' dir='ltr'>Δοῦναι</span> <span class='ocrx_word' id='word_1_548' title='bbox 1732 4080 1790 4138; x_wconf 76' lang='grc' dir='ltr'>δὲ</span> <span class='ocrx_word' id='word_1_549' title='bbox 1833 4087 1950 4147; x_wconf 87' lang='grc' dir='ltr'>τοῖς</span> 
     </span>
    </p>
   </div>
   <div class='ocr_carea' id='block_1_78' title="bbox 307 4168 1954 4246">
    <p class='ocr_par' dir='ltr' id='par_1_78' title="bbox 307 4168 1954 4246">
     <span class='ocr_line' id='line_1_78' title="bbox 307 4168 1954 4246; baseline 0.002 -23"><span class='ocrx_word' id='word_1_550' title='bbox 307 4168 582 4232; x_wconf 82' lang='grc' dir='ltr'>τοιούτοις</span> <span class='ocrx_word' id='word_1_551' title='bbox 601 4169 690 4222; x_wconf 88' lang='grc' dir='ltr'><strong>καὶ</strong></span> <span class='ocrx_word' id='word_1_552' title='bbox 715 4173 833 4230; x_wconf 64' lang='grc' dir='ltr'>ιοῖς</span> <span class='ocrx_word' id='word_1_553' title='bbox 862 4169 1059 4246; x_wconf 77' lang='grc' dir='ltr'>φύλαξι</span> <span class='ocrx_word' id='word_1_554' title='bbox 1085 4171 1284 4244; x_wconf 77' lang='grc' dir='ltr'>βρῶμα</span> <span class='ocrx_word' id='word_1_555' title='bbox 1312 4170 1402 4225; x_wconf 82' lang='grc' dir='ltr'><strong>καὶ</strong></span> <span class='ocrx_word' id='word_1_556' title='bbox 1442 4171 1597 4243; x_wconf 85' lang='grc' dir='ltr'>πόμα</span> <span class='ocrx_word' id='word_1_557' title='bbox 1655 4171 1715 4225; x_wconf 84' lang='grc' dir='ltr'><strong>οὐ</strong></span> <span class='ocrx_word' id='word_1_558' title='bbox 1749 4169 1954 4245; x_wconf 84' lang='grc' dir='ltr'>διακρι-</span> 
     </span>
    </p>
   </div>
   <div class='ocr_carea' id='block_1_79' title="bbox 305 4255 1951 4333">
    <p class='ocr_par' dir='ltr' id='par_1_79' title="bbox 305 4255 1951 4333">
     <span class='ocr_line' id='line_1_79' title="bbox 305 4255 1951 4333; baseline 0.002 -22"><span class='ocrx_word' id='word_1_559' title='bbox 305 4257 428 4311; x_wconf 85' lang='grc' dir='ltr'>τέον</span> <span class='ocrx_word' id='word_1_560' title='bbox 461 4275 472 4287; x_wconf 95' lang='grc'>·</span> <span class='ocrx_word' id='word_1_561' title='bbox 508 4255 591 4312; x_wconf 84' lang='grc' dir='ltr'>ὅτι</span> <span class='ocrx_word' id='word_1_562' title='bbox 621 4257 711 4312; x_wconf 81' lang='grc' dir='ltr'><strong>καὶ</strong></span> <span class='ocrx_word' id='word_1_563' title='bbox 741 4258 901 4313; x_wconf 87' lang='grc' dir='ltr'>παντὶ</span> <span class='ocrx_word' id='word_1_564' title='bbox 933 4256 1202 4333; x_wconf 81' lang='grc' dir='ltr'>ἀνθρώπῳ</span> <span class='ocrx_word' id='word_1_565' title='bbox 1237 4257 1584 4333; x_wconf 86' lang='grc' dir='ltr'>μεταδοτέον.</span> <span class='ocrx_word' id='word_1_566' title='bbox 1620 4259 1714 4322; x_wconf 86' lang='grc' dir='ltr'><strong>Εἰς</strong></span> <span class='ocrx_word' id='word_1_567' title='bbox 1748 4256 1805 4315; x_wconf 78' lang='grc' dir='ltr'>δὲ</span> <span class='ocrx_word' id='word_1_568' title='bbox 1848 4261 1951 4330; x_wconf 79' lang='grc' dir='ltr'>τήν</span> 
     </span>
    </p>
   </div>
   <div class='ocr_carea' id='block_1_80' title="bbox 309 4343 1954 4424">
    <p class='ocr_par' dir='ltr' id='par_1_80' title="bbox 309 4343 1954 4424">
     <span class='ocr_line' id='line_1_80' title="bbox 309 4343 1954 4424; baseline 0.001 -21"><span class='ocrx_word' id='word_1_569' title='bbox 309 4343 638 4416; x_wconf 86' lang='grc' dir='ltr'>Ἐκκλησίαν</span> <span class='ocrx_word' id='word_1_570' title='bbox 696 4351 796 4402; x_wconf 85' lang='grc' dir='ltr'><strong>τοῦ</strong></span> <span class='ocrx_word' id='word_1_571' title='bbox 848 4346 1049 4421; x_wconf 86' lang='grc' dir='ltr'>Κυρίου</span> <span class='ocrx_word' id='word_1_572' title='bbox 1107 4354 1359 4424; x_wconf 81' lang='grc' dir='ltr'>Γρηγορᾶ</span> <span class='ocrx_word' id='word_1_573' title='bbox 1414 4353 1512 4404; x_wconf 93' lang='grc' dir='ltr'><strong>τοῦ</strong></span> <span class='ocrx_word' id='word_1_574' title='bbox 1567 4348 1756 4404; x_wconf 87' lang='grc' dir='ltr'>νέκνου</span> <span class='ocrx_word' id='word_1_575' title='bbox 1794 4351 1954 4423; x_wconf 82' lang='grc' dir='ltr'>ἡμῶν</span> 
     </span>
    </p>
   </div>
   <div class='ocr_carea' id='block_1_81' title="bbox 305 4434 1954 4515">
    <p class='ocr_par' dir='ltr' id='par_1_81' title="bbox 305 4434 1954 4515">
     <span class='ocr_line' id='line_1_81' title="bbox 305 4434 1954 4515; baseline 0.002 -23"><span class='ocrx_word' id='word_1_576' title='bbox 305 4435 371 4492; x_wconf 83' lang='grc' dir='ltr'><strong>ού</strong></span> <span class='ocrx_word' id='word_1_577' title='bbox 403 4434 604 4509; x_wconf 80' lang='grc' dir='ltr'>τολμῶ</span> <span class='ocrx_word' id='word_1_578' title='bbox 660 4436 836 4493; x_wconf 77' lang='grc' dir='ltr'>εἰπεῖν</span> <span class='ocrx_word' id='word_1_579' title='bbox 894 4436 1283 4515; x_wconf 83' lang='grc' dir='ltr'>λειτουργῆσαι</span> <span class='ocrx_word' id='word_1_580' title='bbox 1344 4434 1708 4515; x_wconf 86' lang='grc' dir='ltr'>πρεσϐύτερον</span> <span class='ocrx_word' id='word_1_581' title='bbox 1740 4443 1901 4514; x_wconf 79' lang='grc' dir='ltr'>ἡμῶν</span> <span class='ocrx_word' id='word_1_582' title='bbox 1936 4456 1954 4476; x_wconf 75' lang='grc' dir='ltr'><strong><em>ο</em></strong></span> 
     </span>
    </p>
   </div>
   <div class='ocr_carea' id='block_1_82' title="bbox 305 4524 1955 4605">
    <p class='ocr_par' dir='ltr' id='par_1_82' title="bbox 305 4524 1955 4605">
     <span class='ocr_line' id='line_1_82' title="bbox 305 4524 1955 4605; baseline 0.002 -24"><span class='ocrx_word' id='word_1_583' title='bbox 305 4524 398 4581; x_wconf 75' lang='grc' dir='ltr'><strong>διὰ</strong></span> <span class='ocrx_word' id='word_1_584' title='bbox 452 4525 515 4580; x_wconf 88' lang='grc' dir='ltr'>τὸ</span> <span class='ocrx_word' id='word_1_585' title='bbox 580 4525 715 4599; x_wconf 85' lang='grc' dir='ltr'><strong>μετά</strong></span> <span class='ocrx_word' id='word_1_586' title='bbox 769 4527 871 4596; x_wconf 81' lang='grc' dir='ltr'>τήν</span> <span class='ocrx_word' id='word_1_587' title='bbox 916 4527 1317 4602; x_wconf 86' lang='grc' dir='ltr'>μοιχοσύνοδον</span> <span class='ocrx_word' id='word_1_588' title='bbox 1375 4529 1837 4605; x_wconf 79' lang='grc' dir='ltr'>ἐνθρονιασθῆναι,</span> <span class='ocrx_word' id='word_1_589' title='bbox 1863 4529 1955 4585; x_wconf 83' lang='grc' dir='ltr'><strong>καὶ</strong></span> 
     </span>
    </p>
   </div>
   <div class='ocr_carea' id='block_1_83' title="bbox 2056 3367 3697 3443">
    <p class='ocr_par' dir='ltr' id='par_1_83' title="bbox 2056 3367 3697 3443">
     <span class='ocr_line' id='line_1_83' title="bbox 2056 3367 3697 3443; baseline -0.004 -15"><span class='ocrx_word' id='word_1_590' title='bbox 2056 3374 2182 3439; x_wconf 85' lang='lat' dir='ltr'><strong>huc,</strong></span> <span class='ocrx_word' id='word_1_591' title='bbox 2233 3371 2444 3443; x_wconf 87' lang='lat' dir='ltr'><strong>inquit,</strong></span> <span class='ocrx_word' id='word_1_592' title='bbox 2480 3372 2686 3440; x_wconf 78' lang='lat' dir='ltr'><strong>venies,</strong></span> <span class='ocrx_word' id='word_1_593' title='bbox 2761 3367 2814 3426; x_wconf 76' lang='lat' dir='ltr'><strong>et</strong></span> <span class='ocrx_word' id='word_1_594' title='bbox 2867 3386 2983 3425; x_wconf 85' lang='lat' dir='ltr'><strong>non</strong></span> <span class='ocrx_word' id='word_1_595' title='bbox 3026 3369 3282 3441; x_wconf 73' lang='lat' dir='ltr'><strong>procedes</strong></span> <span class='ocrx_word' id='word_1_596' title='bbox 3328 3369 3574 3442; x_wconf 77' lang='lat' dir='ltr'><strong>amplius</strong></span> <span class='ocrx_word' id='word_1_597' title='bbox 3628 3368 3697 3422; x_wconf 67' lang='grc' dir='ltr'><strong>δε.</strong></span> 
     </span>
    </p>
   </div>
   <div class='ocr_carea' id='block_1_84' title="bbox 2057 3458 3701 3531">
    <p class='ocr_par' dir='ltr' id='par_1_84' title="bbox 2057 3458 3701 3531">
     <span class='ocr_line' id='line_1_84' title="bbox 2057 3458 3701 3531; baseline 0 -15"><span class='ocrx_word' id='word_1_598' title='bbox 2057 3461 2261 3517; x_wconf 91' lang='lat' dir='ltr'><strong>Utrum</strong></span> <span class='ocrx_word' id='word_1_599' title='bbox 2293 3460 2448 3517; x_wconf 90' lang='lat' dir='ltr'><strong>enim</strong></span> <span class='ocrx_word' id='word_1_600' title='bbox 2480 3459 2601 3515; x_wconf 59' lang='lat' dir='ltr'><strong>haec</strong></span> <span class='ocrx_word' id='word_1_601' title='bbox 2621 3458 3074 3531; x_wconf 76' lang='lat' dir='ltr'><strong>illiinvestigare</strong></span> <span class='ocrx_word' id='word_1_602' title='bbox 3090 3458 3421 3515; x_wconf 87' lang='lat' dir='ltr'><strong>nescierunt</strong></span> <span class='ocrx_word' id='word_1_603' title='bbox 3450 3464 3508 3516; x_wconf 88' lang='lat' dir='ltr'><strong>et</strong></span> <span class='ocrx_word' id='word_1_604' title='bbox 3531 3458 3701 3516; x_wconf 82' lang='lat' dir='ltr'><strong>nobis</strong></span> 
     </span>
    </p>
   </div>
   <div class='ocr_carea' id='block_1_85' title="bbox 2058 3546 3701 3619">
    <p class='ocr_par' dir='ltr' id='par_1_85' title="bbox 2058 3546 3701 3619">
     <span class='ocr_line' id='line_1_85' title="bbox 2058 3546 3701 3619; baseline -0.001 -15"><span class='ocrx_word' id='word_1_605' title='bbox 2058 3548 2443 3605; x_wconf 85' lang='lat' dir='ltr'><strong>denuntiare?</strong></span> <span class='ocrx_word' id='word_1_606' title='bbox 2472 3549 2866 3619; x_wconf 85' lang='lat' dir='ltr'><strong>Nequaquam.</strong></span> <span class='ocrx_word' id='word_1_607' title='bbox 2899 3546 3085 3610; x_wconf 88' lang='lat' dir='ltr'><strong>Quare</strong></span> <span class='ocrx_word' id='word_1_608' title='bbox 3141 3550 3377 3619; x_wconf 79' lang='lat' dir='ltr'><strong>praestat</strong></span> <span class='ocrx_word' id='word_1_609' title='bbox 3421 3546 3701 3603; x_wconf 86' lang='lat' dir='ltr'><strong>terminos</strong></span> 
     </span>
    </p>
   </div>
   <div class='ocr_carea' id='block_1_86' title="bbox 2061 3633 3698 3706">
    <p class='ocr_par' dir='ltr' id='par_1_86' title="bbox 2061 3633 3698 3706">
     <span class='ocr_line' id='line_1_86' title="bbox 2061 3633 3698 3706; baseline -0.001 -15"><span class='ocrx_word' id='word_1_610' title='bbox 2061 3652 2176 3692; x_wconf 91' lang='lat' dir='ltr'><strong>non</strong></span> <span class='ocrx_word' id='word_1_611' title='bbox 2195 3636 2523 3706; x_wconf 83' lang='lat' dir='ltr'><strong>transgredi</strong></span> <span class='ocrx_word' id='word_1_612' title='bbox 2544 3651 2690 3706; x_wconf 87' lang='lat' dir='ltr'><strong>quos</strong></span> <span class='ocrx_word' id='word_1_613' title='bbox 2711 3641 3036 3706; x_wconf 89' lang='lat' dir='ltr'><strong>posuerunt</strong></span> <span class='ocrx_word' id='word_1_614' title='bbox 3055 3634 3254 3690; x_wconf 88' lang='lat' dir='ltr'><strong>Patres</strong></span> <span class='ocrx_word' id='word_1_615' title='bbox 3273 3634 3456 3691; x_wconf 87' lang='lat' dir='ltr'><strong>nostri</strong></span> <span class='ocrx_word' id='word_1_616' title='bbox 3471 3633 3540 3689; x_wconf 81' lang='grc'><strong>⁸³.</strong></span> <span class='ocrx_word' id='word_1_617' title='bbox 3554 3635 3698 3691; x_wconf 84' lang='lat' dir='ltr'><strong>Cum</strong></span> 
     </span>
    </p>
   </div>
   <div class='ocr_carea' id='block_1_87' title="bbox 2059 3722 3698 3796">
    <p class='ocr_par' dir='ltr' id='par_1_87' title="bbox 2059 3722 3698 3796">
     <span class='ocr_line' id='line_1_87' title="bbox 2059 3722 3698 3796; baseline -0.001 -16"><span class='ocrx_word' id='word_1_618' title='bbox 2059 3742 2174 3796; x_wconf 86' lang='lat' dir='ltr'><strong>quo</strong></span> <span class='ocrx_word' id='word_1_619' title='bbox 2205 3742 2318 3780; x_wconf 93' lang='lat' dir='ltr'><strong>non</strong></span> <span class='ocrx_word' id='word_1_620' title='bbox 2350 3724 2603 3793; x_wconf 89' lang='lat' dir='ltr'><strong>edimus,</strong></span> <span class='ocrx_word' id='word_1_621' title='bbox 2627 3739 2731 3780; x_wconf 88' lang='lat' dir='ltr'><strong>nec</strong></span> <span class='ocrx_word' id='word_1_622' title='bbox 2763 3739 2978 3779; x_wconf 89' lang='lat' dir='ltr'><strong>munus</strong></span> <span class='ocrx_word' id='word_1_623' title='bbox 2998 3724 3126 3794; x_wconf 87' lang='lat' dir='ltr'><strong>ejus</strong></span> <span class='ocrx_word' id='word_1_624' title='bbox 3157 3722 3562 3794; x_wconf 86' lang='lat' dir='ltr'><strong>accipiendum</strong></span> <span class='ocrx_word' id='word_1_625' title='bbox 3585 3728 3698 3790; x_wconf 87' lang='lat' dir='ltr'><strong>est;</strong></span> 
     </span>
    </p>
   </div>
   <div class='ocr_carea' id='block_1_88' title="bbox 2058 3812 3702 3884">
    <p class='ocr_par' dir='ltr' id='par_1_88' title="bbox 2058 3812 3702 3884">
     <span class='ocr_line' id='line_1_88' title="bbox 2058 3812 3702 3884; baseline -0.003 -12"><span class='ocrx_word' id='word_1_626' title='bbox 2058 3815 2109 3872; x_wconf 91' lang='lat' dir='ltr'><strong>si</strong></span> <span class='ocrx_word' id='word_1_627' title='bbox 2156 3814 2334 3871; x_wconf 88' lang='lat' dir='ltr'><strong>semel</strong></span> <span class='ocrx_word' id='word_1_628' title='bbox 2381 3817 2707 3884; x_wconf 85' lang='lat' dir='ltr'><strong>iterumque</strong></span> <span class='ocrx_word' id='word_1_629' title='bbox 2750 3812 3082 3869; x_wconf 88' lang='lat' dir='ltr'><strong>admonitus</strong></span> <span class='ocrx_word' id='word_1_630' title='bbox 3132 3817 3484 3879; x_wconf 89' lang='lat' dir='ltr'><strong>contemnat,</strong></span> <span class='ocrx_word' id='word_1_631' title='bbox 3514 3827 3702 3884; x_wconf 89' lang='lat' dir='ltr'><strong>neque</strong></span> 
     </span>
    </p>
   </div>
   <div class='ocr_carea' id='block_1_89' title="bbox 2059 3900 3703 3973">
    <p class='ocr_par' dir='ltr' id='par_1_89' title="bbox 2059 3900 3703 3973">
     <span class='ocr_line' id='line_1_89' title="bbox 2059 3900 3703 3973; baseline -0.002 -13"><span class='ocrx_word' id='word_1_632' title='bbox 2059 3903 2227 3960; x_wconf 89' lang='lat' dir='ltr'><strong>nobis</strong></span> <span class='ocrx_word' id='word_1_633' title='bbox 2249 3904 2623 3973; x_wconf 89' lang='lat' dir='ltr'><strong>obtemperet.</strong></span> <span class='ocrx_word' id='word_1_634' title='bbox 2655 3900 2777 3957; x_wconf 86' lang='lat' dir='ltr'><strong>Nisi</strong></span> <span class='ocrx_word' id='word_1_635' title='bbox 2807 3901 2954 3957; x_wconf 86' lang='lat' dir='ltr'><strong>forte</strong></span> <span class='ocrx_word' id='word_1_636' title='bbox 2980 3918 3014 3956; x_wconf 91' lang='lat' dir='ltr'><strong>a</strong></span> <span class='ocrx_word' id='word_1_637' title='bbox 3044 3901 3418 3970; x_wconf 87' lang='lat' dir='ltr'><strong>custodibus,</strong></span> <span class='ocrx_word' id='word_1_638' title='bbox 3451 3917 3564 3957; x_wconf 91' lang='lat' dir='ltr'><strong>non</strong></span> <span class='ocrx_word' id='word_1_639' title='bbox 3610 3916 3703 3955; x_wconf 91' lang='lat' dir='ltr'><strong>ve-</strong></span> 
     </span>
    </p>
   </div>
   <div class='ocr_carea' id='block_1_90' title="bbox 2059 3992 3697 4068">
    <p class='ocr_par' dir='ltr' id='par_1_90' title="bbox 2059 3992 3697 4068">
     <span class='ocr_line' id='line_1_90' title="bbox 2059 3992 3697 4068; baseline -0.004 -16"><span class='ocrx_word' id='word_1_640' title='bbox 2059 3997 2147 4052; x_wconf 90' lang='lat' dir='ltr'><strong>lut</strong></span> <span class='ocrx_word' id='word_1_641' title='bbox 2176 3995 2458 4068; x_wconf 81' lang='lat' dir='ltr'><strong>eulogias,</strong></span> <span class='ocrx_word' id='word_1_642' title='bbox 2491 3994 2587 4049; x_wconf 88' lang='lat' dir='ltr'><strong>sed</strong></span> <span class='ocrx_word' id='word_1_643' title='bbox 2622 3992 2777 4050; x_wconf 90' lang='lat' dir='ltr'><strong>velut</strong></span> <span class='ocrx_word' id='word_1_644' title='bbox 2832 3992 3192 4049; x_wconf 89' lang='lat' dir='ltr'><strong>necessarios</strong></span> <span class='ocrx_word' id='word_1_645' title='bbox 3224 4006 3380 4061; x_wconf 90' lang='lat' dir='ltr'><strong>usus,</strong></span> <span class='ocrx_word' id='word_1_646' title='bbox 3404 3993 3697 4064; x_wconf 87' lang='lat' dir='ltr'><strong>accipere:</strong></span> 
     </span>
    </p>
   </div>
   <div class='ocr_carea' id='block_1_91' title="bbox 2059 4076 3694 4154">
    <p class='ocr_par' dir='ltr' id='par_1_91' title="bbox 2059 4076 3694 4154">
     <span class='ocr_line' id='line_1_91' title="bbox 2059 4076 3694 4154; baseline -0.006 -13"><span class='ocrx_word' id='word_1_647' title='bbox 2059 4089 2161 4141; x_wconf 89' lang='lat' dir='ltr'><strong>aut</strong></span> <span class='ocrx_word' id='word_1_648' title='bbox 2189 4082 2643 4154; x_wconf 87' lang='lat' dir='ltr'><strong>dispensationis</strong></span> <span class='ocrx_word' id='word_1_649' title='bbox 2671 4080 2877 4153; x_wconf 84' lang='lat' dir='ltr'><strong>gratia,</strong></span> <span class='ocrx_word' id='word_1_650' title='bbox 2909 4080 3087 4136; x_wconf 89' lang='lat' dir='ltr'><strong>etiam</strong></span> <span class='ocrx_word' id='word_1_651' title='bbox 3134 4080 3206 4135; x_wconf 92' lang='lat' dir='ltr'><strong>ab</strong></span> <span class='ocrx_word' id='word_1_652' title='bbox 3254 4078 3406 4150; x_wconf 89' lang='lat' dir='ltr'><strong>aliis,</strong></span> <span class='ocrx_word' id='word_1_653' title='bbox 3457 4080 3558 4135; x_wconf 90' lang='lat' dir='ltr'><strong>sed</strong></span> <span class='ocrx_word' id='word_1_654' title='bbox 3593 4076 3694 4149; x_wconf 89' lang='lat' dir='ltr'><strong>qui</strong></span> 
     </span>
    </p>
   </div>
   <div class='ocr_carea' id='block_1_92' title="bbox 2058 4166 3701 4242">
    <p class='ocr_par' dir='ltr' id='par_1_92' title="bbox 2058 4166 3701 4242">
     <span class='ocr_line' id='line_1_92' title="bbox 2058 4166 3701 4242; baseline -0.004 -13"><span class='ocrx_word' id='word_1_655' title='bbox 2058 4189 2187 4229; x_wconf 92' lang='lat' dir='ltr'><strong>cum</strong></span> <span class='ocrx_word' id='word_1_656' title='bbox 2228 4171 2516 4227; x_wconf 70' lang='lat' dir='ltr'><strong>haereticis</strong></span> <span class='ocrx_word' id='word_1_657' title='bbox 2546 4169 2875 4242; x_wconf 89' lang='lat' dir='ltr'><strong>promiscue</strong></span> <span class='ocrx_word' id='word_1_658' title='bbox 2908 4168 3199 4225; x_wconf 88' lang='lat' dir='ltr'><strong>convivari</strong></span> <span class='ocrx_word' id='word_1_659' title='bbox 3228 4166 3556 4239; x_wconf 82' lang='lat' dir='ltr'><strong>refugiant:</strong></span> <span class='ocrx_word' id='word_1_660' title='bbox 3587 4167 3701 4223; x_wconf 89' lang='lat' dir='ltr'><strong>nisi</strong></span> 
     </span>
    </p>
   </div>
   <div class='ocr_carea' id='block_1_93' title="bbox 2055 4256 3700 4331">
    <p class='ocr_par' dir='ltr' id='par_1_93' title="bbox 2055 4256 3700 4331">
     <span class='ocr_line' id='line_1_93' title="bbox 2055 4256 3700 4331; baseline -0.004 -13"><span class='ocrx_word' id='word_1_661' title='bbox 2055 4262 2203 4319; x_wconf 82' lang='lat' dir='ltr'><strong>forte</strong></span> <span class='ocrx_word' id='word_1_662' title='bbox 2223 4261 2524 4331; x_wconf 85' lang='lat' dir='ltr'><strong>contingat</strong></span> <span class='ocrx_word' id='word_1_663' title='bbox 2542 4275 2609 4316; x_wconf 86' lang='lat' dir='ltr'><strong>ex</strong></span> <span class='ocrx_word' id='word_1_664' title='bbox 2631 4257 2961 4315; x_wconf 88' lang='lat' dir='ltr'><strong>necessaria</strong></span> <span class='ocrx_word' id='word_1_665' title='bbox 2975 4256 3418 4313; x_wconf 87' lang='lat' dir='ltr'><strong>circumstantia</strong></span> <span class='ocrx_word' id='word_1_666' title='bbox 3438 4260 3496 4312; x_wconf 89' lang='lat' dir='ltr'><strong>et</strong></span> <span class='ocrx_word' id='word_1_667' title='bbox 3517 4256 3700 4312; x_wconf 89' lang='lat' dir='ltr'><strong>susci-</strong></span> 
     </span>
    </p>
   </div>
   <div class='ocr_carea' id='block_1_94' title="bbox 2058 4342 3704 4421">
    <p class='ocr_par' dir='ltr' id='par_1_94' title="bbox 2058 4342 3704 4421">
     <span class='ocr_line' id='line_1_94' title="bbox 2058 4342 3704 4421; baseline -0.005 -14"><span class='ocrx_word' id='word_1_668' title='bbox 2058 4365 2189 4421; x_wconf 87' lang='lat' dir='ltr'><strong>pere</strong></span> <span class='ocrx_word' id='word_1_669' title='bbox 2220 4353 2278 4404; x_wconf 91' lang='lat' dir='ltr'><strong>et</strong></span> <span class='ocrx_word' id='word_1_670' title='bbox 2309 4347 2602 4404; x_wconf 89' lang='lat' dir='ltr'><strong>convivari</strong></span> <span class='ocrx_word' id='word_1_671' title='bbox 2631 4360 2762 4403; x_wconf 87' lang='lat' dir='ltr'><strong>cum</strong></span> <span class='ocrx_word' id='word_1_672' title='bbox 2785 4345 2967 4401; x_wconf 89' lang='lat' dir='ltr'><strong>hisce.</strong></span> <span class='ocrx_word' id='word_1_673' title='bbox 3001 4344 3147 4401; x_wconf 91' lang='lat' dir='ltr'><strong>Dare</strong></span> <span class='ocrx_word' id='word_1_674' title='bbox 3168 4349 3359 4400; x_wconf 86' lang='lat' dir='ltr'><strong>autem</strong></span> <span class='ocrx_word' id='word_1_675' title='bbox 3388 4342 3704 4414; x_wconf 88' lang='lat' dir='ltr'><strong>ettalibus,</strong></span> 
     </span>
    </p>
   </div>
   <div class='ocr_carea' id='block_1_95' title="bbox 2058 4431 3698 4506">
    <p class='ocr_par' dir='ltr' id='par_1_95' title="bbox 2058 4431 3698 4506">
     <span class='ocr_line' id='line_1_95' title="bbox 2058 4431 3698 4506; baseline -0.002 -13"><span class='ocrx_word' id='word_1_676' title='bbox 2058 4443 2115 4494; x_wconf 87' lang='lat' dir='ltr'><strong>et</strong></span> <span class='ocrx_word' id='word_1_677' title='bbox 2133 4438 2472 4495; x_wconf 89' lang='lat' dir='ltr'><strong>custodibus</strong></span> <span class='ocrx_word' id='word_1_678' title='bbox 2493 4436 2689 4492; x_wconf 90' lang='lat' dir='ltr'><strong>cibum</strong></span> <span class='ocrx_word' id='word_1_679' title='bbox 2712 4451 2777 4490; x_wconf 90' lang='lat' dir='ltr'><strong>ac</strong></span> <span class='ocrx_word' id='word_1_680' title='bbox 2798 4440 2996 4506; x_wconf 88' lang='lat' dir='ltr'><strong>potum</strong></span> <span class='ocrx_word' id='word_1_681' title='bbox 3027 4435 3151 4490; x_wconf 84' lang='lat' dir='ltr'><strong>sine</strong></span> <span class='ocrx_word' id='word_1_682' title='bbox 3180 4432 3516 4489; x_wconf 89' lang='lat' dir='ltr'><strong>discrimine</strong></span> <span class='ocrx_word' id='word_1_683' title='bbox 3536 4431 3698 4489; x_wconf 87' lang='lat' dir='ltr'><strong>licet:</strong></span> 
     </span>
    </p>
   </div>
   <div class='ocr_carea' id='block_1_96' title="bbox 2058 4522 3703 4601">
    <p class='ocr_par' dir='ltr' id='par_1_96' title="bbox 2058 4522 3703 4601">
     <span class='ocr_line' id='line_1_96' title="bbox 2058 4522 3703 4601; baseline -0.003 -17"><span class='ocrx_word' id='word_1_684' title='bbox 2058 4527 2531 4601; x_wconf 88' lang='lat' dir='ltr'><strong>quandoquidem</strong></span> <span class='ocrx_word' id='word_1_685' title='bbox 2557 4525 2718 4583; x_wconf 91' lang='lat' dir='ltr'><strong>omni</strong></span> <span class='ocrx_word' id='word_1_686' title='bbox 2760 4523 2981 4580; x_wconf 88' lang='lat' dir='ltr'><strong>homini</strong></span> <span class='ocrx_word' id='word_1_687' title='bbox 3010 4524 3462 4594; x_wconf 90' lang='lat' dir='ltr'><strong>impertiendum</strong></span> <span class='ocrx_word' id='word_1_688' title='bbox 3494 4526 3603 4578; x_wconf 89' lang='lat' dir='ltr'><strong>est.</strong></span> <span class='ocrx_word' id='word_1_689' title='bbox 3636 4522 3703 4579; x_wconf 90' lang='lat' dir='ltr'><strong>In</strong></span> 
     </span>
    </p>
   </div>
   <div class='ocr_carea' id='block_1_97' title="bbox 306 4611 1950 4705">
    <p class='ocr_par' dir='ltr' id='par_1_97' title="bbox 306 4615 1950 4695">
     <span class='ocr_line' id='line_1_97' title="bbox 306 4615 1950 4695; baseline 0.002 -24"><span class='ocrx_word' id='word_1_690' title='bbox 306 4616 413 4671; x_wconf 78' lang='grc' dir='ltr'>ὕπὸ</span> <span class='ocrx_word' id='word_1_691' title='bbox 455 4620 551 4670; x_wconf 84' lang='grc' dir='ltr'><strong>τοῦ</strong></span> <span class='ocrx_word' id='word_1_692' title='bbox 603 4615 1155 4695; x_wconf 86' lang='grc' dir='ltr'>συλλειτουργοῦντος</span> <span class='ocrx_word' id='word_1_693' title='bbox 1212 4620 1301 4675; x_wconf 82' lang='grc' dir='ltr'><strong>καὶ</strong></span> <span class='ocrx_word' id='word_1_694' title='bbox 1360 4617 1950 4695; x_wconf 77' lang='grc' dir='ltr'>συλλιιτουργήσαντος</span> 
     </span>
    </p>
   </div>
   <div class='ocr_carea' id='block_1_98' title="bbox 2059 4611 3705 4705">
    <p class='ocr_par' dir='ltr' id='par_1_98' title="bbox 2060 4611 3705 4688">
     <span class='ocr_line' id='line_1_98' title="bbox 2060 4611 3705 4688; baseline -0.004 -15"><span class='ocrx_word' id='word_1_695' title='bbox 2060 4617 2317 4674; x_wconf 84' lang='lat' dir='ltr'><strong>Ecclesia</strong></span> <span class='ocrx_word' id='word_1_696' title='bbox 2346 4632 2519 4688; x_wconf 90' lang='lat' dir='ltr'><strong>porro</strong></span> <span class='ocrx_word' id='word_1_697' title='bbox 2550 4613 2769 4671; x_wconf 89' lang='lat' dir='ltr'><strong>domini</strong></span> <span class='ocrx_word' id='word_1_698' title='bbox 2799 4615 3062 4685; x_wconf 69' lang='lat' dir='ltr'><strong>Gregoraa</strong></span> <span class='ocrx_word' id='word_1_699' title='bbox 3084 4611 3190 4668; x_wconf 88' lang='lat' dir='ltr'><strong>ﬁlii</strong></span> <span class='ocrx_word' id='word_1_700' title='bbox 3221 4611 3403 4669; x_wconf 87' lang='lat' dir='ltr'><strong>nostri</strong></span> <span class='ocrx_word' id='word_1_701' title='bbox 3433 4615 3495 4667; x_wconf 88' lang='lat' dir='ltr'><strong>ut</strong></span> <span class='ocrx_word' id='word_1_702' title='bbox 3522 4611 3705 4668; x_wconf 87' lang='lat' dir='ltr'><strong>sacri-</strong></span> 
     </span>
    </p>
   </div>
   <div class='ocr_carea' id='block_1_99' title="bbox 302 4701 1951 4784">
    <p class='ocr_par' dir='ltr' id='par_1_99' title="bbox 302 4701 1951 4784">
     <span class='ocr_line' id='line_1_99' title="bbox 302 4701 1951 4784; baseline 0.002 -24"><span class='ocrx_word' id='word_1_703' title='bbox 302 4701 387 4776; x_wconf 81' lang='grc' dir='ltr'>τῷ</span> <span class='ocrx_word' id='word_1_704' title='bbox 420 4704 810 4781; x_wconf 78' lang='grc' dir='ltr'>μοιχοζεύκτῃ,</span> <span class='ocrx_word' id='word_1_705' title='bbox 843 4703 933 4761; x_wconf 82' lang='grc' dir='ltr'>διὰ</span> <span class='ocrx_word' id='word_1_706' title='bbox 960 4711 1060 4763; x_wconf 86' lang='grc' dir='ltr'><strong>τοῦ</strong></span> <span class='ocrx_word' id='word_1_707' title='bbox 1111 4712 1638 4784; x_wconf 86' lang='grc' dir='ltr'>πρωτομοιχειανοῦ</span> <span class='ocrx_word' id='word_1_708' title='bbox 1683 4710 1951 4784; x_wconf 88' lang='grc' dir='ltr'>καθιερω-</span> 
     </span>
    </p>
   </div>
   <div class='ocr_carea' id='block_1_100' title="bbox 306 4795 495 4863">
    <p class='ocr_par' dir='ltr' id='par_1_100' title="bbox 306 4795 495 4863">
     <span class='ocr_line' id='line_1_100' title="bbox 306 4795 495 4863; baseline 0.011 -15"><span class='ocrx_word' id='word_1_709' title='bbox 306 4795 495 4863; x_wconf 85' lang='grc' dir='ltr'>θῆναι.</span> 
     </span>
    </p>
   </div>
   <div class='ocr_carea' id='block_1_101' title="bbox 748 5101 1512 5177">
    <p class='ocr_par' dir='ltr' id='par_1_101' title="bbox 748 5101 1512 5177">
     <span class='ocr_line' id='line_1_101' title="bbox 748 5101 1512 5177; baseline 0.004 -21"><span class='ocrx_word' id='word_1_710' title='bbox 748 5107 810 5159; x_wconf 87' lang='grc' dir='ltr'><strong>Ν.</strong></span> <span class='ocrx_word' id='word_1_711' title='bbox 844 5135 910 5144; x_wconf 89' lang='lat'><strong>-—</strong></span> <span class='ocrx_word' id='word_1_712' title='bbox 949 5104 1049 5175; x_wconf 80' lang='grc' dir='ltr'><strong>Τῷ</strong></span> <span class='ocrx_word' id='word_1_713' title='bbox 1080 5101 1288 5175; x_wconf 78' lang='grc' dir='ltr'>αὐτῷ.</span> <span class='ocrx_word' id='word_1_714' title='bbox 1323 5104 1512 5177; x_wconf 88' lang='grc' dir='ltr'>[σκη’.]</span> 
     </span>
    </p>
   </div>
   <div class='ocr_carea' id='block_1_102' title="bbox 2060 4700 3702 4778">
    <p class='ocr_par' dir='ltr' id='par_1_102' title="bbox 2060 4700 3702 4778">
     <span class='ocr_line' id='line_1_102' title="bbox 2060 4700 3702 4778; baseline -0.005 -15"><span class='ocrx_word' id='word_1_715' title='bbox 2060 4707 2194 4763; x_wconf 87' lang='lat' dir='ltr'><strong>ﬁcet</strong></span> <span class='ocrx_word' id='word_1_716' title='bbox 2230 4705 2533 4778; x_wconf 84' lang='lat' dir='ltr'><strong>presbyter</strong></span> <span class='ocrx_word' id='word_1_717' title='bbox 2575 4712 2772 4760; x_wconf 89' lang='lat' dir='ltr'><strong>noster</strong></span> <span class='ocrx_word' id='word_1_718' title='bbox 2819 4703 3008 4759; x_wconf 89' lang='lat' dir='ltr'><strong>dicere</strong></span> <span class='ocrx_word' id='word_1_719' title='bbox 3050 4717 3167 4758; x_wconf 89' lang='lat' dir='ltr'><strong>non</strong></span> <span class='ocrx_word' id='word_1_720' title='bbox 3198 4701 3421 4758; x_wconf 90' lang='lat' dir='ltr'><strong>audeo:</strong></span> <span class='ocrx_word' id='word_1_721' title='bbox 3448 4717 3514 4756; x_wconf 90' lang='lat' dir='ltr'><strong>eo</strong></span> <span class='ocrx_word' id='word_1_722' title='bbox 3547 4700 3702 4771; x_wconf 91' lang='lat' dir='ltr'><strong>quod</strong></span> 
     </span>
    </p>
   </div>
   <div class='ocr_carea' id='block_1_103' title="bbox 2059 4787 3702 4868">
    <p class='ocr_par' dir='ltr' id='par_1_103' title="bbox 2059 4787 3702 4868">
     <span class='ocr_line' id='line_1_103' title="bbox 2059 4787 3702 4868; baseline -0.006 -16"><span class='ocrx_word' id='word_1_723' title='bbox 2059 4800 2190 4868; x_wconf 89' lang='lat' dir='ltr'><strong>post</strong></span> <span class='ocrx_word' id='word_1_724' title='bbox 2220 4793 2725 4866; x_wconf 74' lang='lat' dir='ltr'><strong>mmehosynodum</strong></span> <span class='ocrx_word' id='word_1_725' title='bbox 2753 4792 3020 4848; x_wconf 87' lang='lat' dir='ltr'><strong>dedicata</strong></span> <span class='ocrx_word' id='word_1_726' title='bbox 3049 4796 3137 4848; x_wconf 85' lang='lat' dir='ltr'><strong>est</strong></span> <span class='ocrx_word' id='word_1_727' title='bbox 3178 4791 3248 4847; x_wconf 90' lang='lat' dir='ltr'><strong>ab</strong></span> <span class='ocrx_word' id='word_1_728' title='bbox 3289 4806 3357 4847; x_wconf 90' lang='lat' dir='ltr'><strong>eo</strong></span> <span class='ocrx_word' id='word_1_729' title='bbox 3387 4790 3491 4861; x_wconf 91' lang='lat' dir='ltr'><strong>qui</strong></span> <span class='ocrx_word' id='word_1_730' title='bbox 3520 4787 3702 4844; x_wconf 86' lang='lat' dir='ltr'><strong>sacri-</strong></span> 
     </span>
    </p>
   </div>
   <div class='ocr_carea' id='block_1_104' title="bbox 2062 4878 3703 4954">
    <p class='ocr_par' dir='ltr' id='par_1_104' title="bbox 2062 4878 3703 4954">
     <span class='ocr_line' id='line_1_104' title="bbox 2062 4878 3703 4954; baseline -0.005 -13"><span class='ocrx_word' id='word_1_731' title='bbox 2062 4885 2331 4941; x_wconf 82' lang='lat' dir='ltr'><strong>ﬁcavitcu</strong></span> <span class='ocrx_word' id='word_1_732' title='bbox 2341 4899 2395 4939; x_wconf 91' lang='lat' dir='ltr'><strong>m</strong></span> <span class='ocrx_word' id='word_1_733' title='bbox 2406 4881 2656 4938; x_wconf 86' lang='lat' dir='ltr'><strong>adulteri</strong></span> <span class='ocrx_word' id='word_1_734' title='bbox 2668 4881 2937 4954; x_wconf 89' lang='lat' dir='ltr'><strong>copulato</strong></span> <span class='ocrx_word' id='word_1_735' title='bbox 2945 4896 3132 4952; x_wconf 88' lang='lat' dir='ltr'><strong>re,per</strong></span> <span class='ocrx_word' id='word_1_736' title='bbox 3145 4878 3703 4952; x_wconf 81' lang='lat' dir='ltr'><strong>protomoechianum</strong></span> 
     </span>
    </p>
   </div>
   <div class='ocr_carea' id='block_1_105' title="bbox 2062 4980 2418 5032">
    <p class='ocr_par' dir='ltr' id='par_1_105' title="bbox 2062 4980 2418 5032">
     <span class='ocr_line' id='line_1_105' title="bbox 2062 4980 2418 5032; baseline -0.003 -1"><span class='ocrx_word' id='word_1_737' title='bbox 2062 4980 2418 5032; x_wconf 88' lang='lat' dir='ltr'><strong>consecrata.</strong></span> 
     </span>
    </p>
   </div>
   <div class='ocr_carea' id='block_1_106' title="bbox 2677 5096 3087 5155">
    <p class='ocr_par' dir='ltr' id='par_1_106' title="bbox 2677 5096 3087 5155">
     <span class='ocr_line' id='line_1_106' title="bbox 2677 5096 3087 5155; baseline 0.002 -1"><span class='ocrx_word' id='word_1_738' title='bbox 2677 5098 2740 5154; x_wconf 87' lang='lat' dir='ltr'><strong>L.</strong></span> <span class='ocrx_word' id='word_1_739' title='bbox 2770 5128 2840 5139; x_wconf 92' lang='lat'><strong>—</strong></span> <span class='ocrx_word' id='word_1_740' title='bbox 2881 5096 3087 5155; x_wconf 78' lang='lat' dir='ltr'><strong>Eidem.</strong></span> 
     </span>
    </p>
   </div>
   <div class='ocr_carea' id='block_1_107' title="bbox 1833 5238 2188 5303">
    <p class='ocr_par' dir='ltr' id='par_1_107' title="bbox 1833 5238 2188 5303">
     <span class='ocr_line' id='line_1_107' title="bbox 1833 5238 2188 5303; baseline -0.006 -13"><span class='ocrx_word' id='word_1_741' title='bbox 1833 5241 1905 5290; x_wconf 91' lang='lat' dir='ltr'><strong>De</strong></span> <span class='ocrx_word' id='word_1_742' title='bbox 1933 5238 2188 5303; x_wconf 81' lang='lat' dir='ltr'><strong>Digamis.</strong></span> 
     </span>
    </p>
   </div>
   <div class='ocr_carea' id='block_1_108' title="bbox 381 5333 1950 5413">
    <p class='ocr_par' dir='ltr' id='par_1_108' title="bbox 381 5333 1950 5413">
     <span class='ocr_line' id='line_1_108' title="bbox 381 5333 1950 5413; baseline 0 -21"><span class='ocrx_word' id='word_1_743' title='bbox 381 5336 592 5413; x_wconf 87' lang='grc' dir='ltr'>Θερμὸς</span> <span class='ocrx_word' id='word_1_744' title='bbox 637 5337 707 5405; x_wconf 82' lang='grc' dir='ltr'>εἶ,</span> <span class='ocrx_word' id='word_1_745' title='bbox 757 5337 942 5392; x_wconf 83' lang='grc' dir='ltr'>τέκνον</span> <span class='ocrx_word' id='word_1_746' title='bbox 997 5335 1374 5411; x_wconf 81' lang='grc' dir='ltr'>ἠγαπημένον,</span> <span class='ocrx_word' id='word_1_747' title='bbox 1422 5336 1544 5410; x_wconf 78' lang='grc' dir='ltr'>περὶ</span> <span class='ocrx_word' id='word_1_748' title='bbox 1602 5339 1700 5392; x_wconf 87' lang='grc' dir='ltr'><strong>τοῦ</strong></span> <span class='ocrx_word' id='word_1_749' title='bbox 1748 5333 1950 5411; x_wconf 81' lang='grc' dir='ltr'>ἒρωτᾷν</span> 
     </span>
    </p>
   </div>
   <div class='ocr_carea' id='block_1_109' title="bbox 308 5423 1955 5502">
    <p class='ocr_par' dir='ltr' id='par_1_109' title="bbox 308 5423 1955 5502">
     <span class='ocr_line' id='line_1_109' title="bbox 308 5423 1955 5502; baseline 0.001 -23"><span class='ocrx_word' id='word_1_750' title='bbox 308 5424 402 5479; x_wconf 87' lang='grc' dir='ltr'><strong>καὶ</strong></span> <span class='ocrx_word' id='word_1_751' title='bbox 435 5425 717 5498; x_wconf 79' lang='grc' dir='ltr'>μανθάνειν</span> <span class='ocrx_word' id='word_1_752' title='bbox 751 5424 816 5479; x_wconf 78' lang='grc' dir='ltr'><strong>τὰ</strong></span> <span class='ocrx_word' id='word_1_753' title='bbox 854 5426 1109 5499; x_wconf 82' lang='grc' dir='ltr'>χρήσιμα</span> <span class='ocrx_word' id='word_1_754' title='bbox 1140 5442 1154 5456; x_wconf 93' lang='grc'><strong>·</strong></span> <span class='ocrx_word' id='word_1_755' title='bbox 1187 5430 1278 5480; x_wconf 84' lang='grc' dir='ltr'><strong>καί</strong></span> <span class='ocrx_word' id='word_1_756' title='bbox 1309 5425 1372 5479; x_wconf 89' lang='grc' dir='ltr'>τὸ</span> <span class='ocrx_word' id='word_1_757' title='bbox 1425 5424 1517 5497; x_wconf 76' lang='grc' dir='ltr'>μὲν</span> <span class='ocrx_word' id='word_1_758' title='bbox 1552 5430 1749 5502; x_wconf 85' lang='grc' dir='ltr'>χρῆμα</span> <span class='ocrx_word' id='word_1_759' title='bbox 1800 5423 1955 5480; x_wconf 86' lang='grc' dir='ltr'>έπαι-</span> 
     </span>
    </p>
   </div>
   <div class='ocr_carea' id='block_1_110' title="bbox 320 5511 1952 5590">
    <p class='ocr_par' dir='ltr' id='par_1_110' title="bbox 320 5511 1952 5590">
     <span class='ocr_line' id='line_1_110' title="bbox 320 5511 1952 5590; baseline -0.001 -21"><span class='ocrx_word' id='word_1_760' title='bbox 320 5513 459 5570; x_wconf 69' lang='grc' dir='ltr'>θετόν</span> <span class='ocrx_word' id='word_1_761' title='bbox 494 5534 508 5547; x_wconf 77' lang='grc' dir='ltr'><strong><em>ο</em></strong></span> <span class='ocrx_word' id='word_1_762' title='bbox 568 5513 681 5588; x_wconf 83' lang='grc' dir='ltr'><strong>οὐχ</strong></span> <span class='ocrx_word' id='word_1_763' title='bbox 736 5513 915 5576; x_wconf 77' lang='grc' dir='ltr'>ἱκανὸς</span> <span class='ocrx_word' id='word_1_764' title='bbox 947 5511 1005 5569; x_wconf 75' lang='grc' dir='ltr'><strong>δὲ</strong></span> <span class='ocrx_word' id='word_1_765' title='bbox 1058 5513 1163 5590; x_wconf 82' lang='grc' dir='ltr'>ἐγὼ</span> <span class='ocrx_word' id='word_1_766' title='bbox 1223 5511 1374 5568; x_wconf 89' lang='grc' dir='ltr'>λύειν</span> <span class='ocrx_word' id='word_1_767' title='bbox 1418 5511 1510 5575; x_wconf 80' lang='grc' dir='ltr'>τὰς</span> <span class='ocrx_word' id='word_1_768' title='bbox 1548 5511 1778 5587; x_wconf 83' lang='grc' dir='ltr'>ἀπορίας</span> <span class='ocrx_word' id='word_1_769' title='bbox 1807 5534 1904 5569; x_wconf 86' lang='grc' dir='ltr'><strong>σου</strong></span> <span class='ocrx_word' id='word_1_770' title='bbox 1936 5530 1952 5546; x_wconf 88' lang='grc'><strong>·</strong></span> 
     </span>
    </p>
   </div>
   <div class='ocr_carea' id='block_1_111' title="bbox 387 5699 857 5770">
    <p class='ocr_par' dir='ltr' id='par_1_111' title="bbox 387 5699 857 5770">
     <span class='ocr_line' id='line_1_111' title="bbox 387 5699 857 5770; baseline -0.009 -13"><span class='ocrx_word' id='word_1_771' title='bbox 387 5699 433 5737; x_wconf 79' lang='grc'>⁶¹</span> <span class='ocrx_word' id='word_1_772' title='bbox 468 5700 489 5757; x_wconf 88' lang='grc' dir='ltr'><strong>Ι</strong></span> <span class='ocrx_word' id='word_1_773' title='bbox 521 5700 648 5756; x_wconf 87' lang='lat' dir='ltr'><strong>Cor.</strong></span> <span class='ocrx_word' id='word_1_774' title='bbox 681 5715 737 5770; x_wconf 79' lang='grc' dir='ltr'><strong>ν,</strong></span> <span class='ocrx_word' id='word_1_775' title='bbox 772 5701 857 5754; x_wconf 88' lang='grc'><strong>11.</strong></span> 
     </span>
    </p>
   </div>
   <div class='ocr_carea' id='block_1_112' title="bbox 2134 5325 3706 5400">
    <p class='ocr_par' dir='ltr' id='par_1_112' title="bbox 2134 5325 3706 5400">
     <span class='ocr_line' id='line_1_112' title="bbox 2134 5325 3706 5400; baseline -0.004 -10"><span class='ocrx_word' id='word_1_776' title='bbox 2134 5334 2339 5398; x_wconf 77' lang='lat' dir='ltr'><strong>Ardes,</strong></span> <span class='ocrx_word' id='word_1_777' title='bbox 2371 5331 2455 5388; x_wconf 89' lang='lat' dir='ltr'><strong>ﬁli</strong></span> <span class='ocrx_word' id='word_1_778' title='bbox 2487 5330 2849 5400; x_wconf 86' lang='lat' dir='ltr'><strong>charissime,</strong></span> <span class='ocrx_word' id='word_1_779' title='bbox 2906 5330 3098 5387; x_wconf 85' lang='lat' dir='ltr'><strong>studio</strong></span> <span class='ocrx_word' id='word_1_780' title='bbox 3131 5327 3509 5400; x_wconf 89' lang='lat' dir='ltr'><strong>percontandi</strong></span> <span class='ocrx_word' id='word_1_781' title='bbox 3541 5333 3595 5384; x_wconf 91' lang='lat' dir='ltr'><strong>et</strong></span> <span class='ocrx_word' id='word_1_782' title='bbox 3615 5325 3706 5384; x_wconf 86' lang='lat' dir='ltr'><strong>di-</strong></span> 
     </span>
    </p>
   </div>
   <div class='ocr_carea' id='block_1_113' title="bbox 2066 5415 3706 5493">
    <p class='ocr_par' dir='ltr' id='par_1_113' title="bbox 2066 5415 3706 5493">
     <span class='ocr_line' id='line_1_113' title="bbox 2066 5415 3706 5493; baseline -0.004 -12"><span class='ocrx_word' id='word_1_783' title='bbox 2066 5423 2263 5482; x_wconf 89' lang='lat' dir='ltr'><strong>scendi</strong></span> <span class='ocrx_word' id='word_1_784' title='bbox 2293 5438 2424 5493; x_wconf 65' lang='lat' dir='ltr'><strong>qum</strong></span> <span class='ocrx_word' id='word_1_785' title='bbox 2453 5420 2621 5476; x_wconf 88' lang='lat' dir='ltr'><strong>utilia</strong></span> <span class='ocrx_word' id='word_1_786' title='bbox 2648 5423 2823 5476; x_wconf 88' lang='lat' dir='ltr'><strong>sunt:</strong></span> <span class='ocrx_word' id='word_1_787' title='bbox 2857 5426 3030 5490; x_wconf 91' lang='lat' dir='ltr'><strong>atque</strong></span> <span class='ocrx_word' id='word_1_788' title='bbox 3074 5418 3131 5472; x_wconf 93' lang='lat' dir='ltr'><strong>id</strong></span> <span class='ocrx_word' id='word_1_789' title='bbox 3177 5422 3331 5474; x_wconf 85' lang='lat' dir='ltr'><strong>certe</strong></span> <span class='ocrx_word' id='word_1_790' title='bbox 3370 5415 3706 5474; x_wconf 86' lang='lat' dir='ltr'><strong>laudabile:</strong></span> 
     </span>
    </p>
   </div>
   <div class='ocr_carea' id='block_1_114' title="bbox 2065 5505 3703 5583">
    <p class='ocr_par' dir='ltr' id='par_1_114' title="bbox 2065 5505 3703 5583">
     <span class='ocr_line' id='line_1_114' title="bbox 2065 5505 3703 5583; baseline -0.007 -11"><span class='ocrx_word' id='word_1_791' title='bbox 2065 5528 2265 5572; x_wconf 84' lang='lat' dir='ltr'><strong>verum</strong></span> <span class='ocrx_word' id='word_1_792' title='bbox 2314 5528 2416 5583; x_wconf 87' lang='lat' dir='ltr'><strong>ego</strong></span> <span class='ocrx_word' id='word_1_793' title='bbox 2459 5509 2753 5567; x_wconf 88' lang='lat' dir='ltr'><strong>solvendis</strong></span> <span class='ocrx_word' id='word_1_794' title='bbox 2798 5505 3218 5580; x_wconf 70' lang='lat' dir='ltr'><strong>quaestionibus</strong></span> <span class='ocrx_word' id='word_1_795' title='bbox 3260 5506 3382 5562; x_wconf 87' lang='lat' dir='ltr'><strong>suis</strong></span> <span class='ocrx_word' id='word_1_796' title='bbox 3432 5521 3539 5578; x_wconf 89' lang='lat' dir='ltr'><strong>par</strong></span> <span class='ocrx_word' id='word_1_797' title='bbox 3587 5521 3703 5561; x_wconf 90' lang='lat' dir='ltr'><strong>non</strong></span> 
     </span>
    </p>
   </div>
   <div class='ocr_carea' id='block_1_115' title="bbox 933 5697 2116 5770">
    <p class='ocr_par' dir='ltr' id='par_1_115' title="bbox 933 5697 2116 5770">
     <span class='ocr_line' id='line_1_115' title="bbox 933 5697 2116 5770; baseline 0.001 -16"><span class='ocrx_word' id='word_1_798' title='bbox 933 5698 982 5734; x_wconf 75' lang='lat'>“</span> <span class='ocrx_word' id='word_1_799' title='bbox 1010 5699 1115 5754; x_wconf 87' lang='lat' dir='ltr'><strong>Job</strong></span> <span class='ocrx_word' id='word_1_800' title='bbox 1144 5715 1381 5767; x_wconf 79' lang='lat' dir='ltr'><strong>xxxvm,</strong></span> <span class='ocrx_word' id='word_1_801' title='bbox 1413 5699 1505 5755; x_wconf 86' lang='grc'><strong>11.</strong></span> <span class='ocrx_word' id='word_1_802' title='bbox 1578 5697 1624 5733; x_wconf 75' lang='grc'><strong>⁸³</strong></span> <span class='ocrx_word' id='word_1_803' title='bbox 1655 5698 1823 5755; x_wconf 91' lang='lat' dir='ltr'><strong>Prov.</strong></span> <span class='ocrx_word' id='word_1_804' title='bbox 1854 5714 1995 5770; x_wconf 69' lang='grc' dir='ltr'>χχιι,</span> <span class='ocrx_word' id='word_1_805' title='bbox 2024 5697 2116 5755; x_wconf 84' lang='grc'><strong>28.</strong></span> 
     </span>
    </p>
   </div>
  </div>
