4084 6284
449 373 595 432 1091

1693 364 1756 422 S.
1803 358 2196 421 THEODORI
2244 363 2604 427 STUDlT/E

3670 376 3814 436 1092

447 525 613 573 sum;
647 503 972 561 communis
1004 507 1196 555 tamen
1231 503 1490 568 quaestus
1521 497 1711 552 studio
1745 495 2081 552 conferenda

2205 494 2358 569 ὅμως
2392 496 2479 553 διὰ
2510 499 2570 554 τὸ
2610 503 2766 572 κοινῇ
2822 501 3092 577 συμιρέρον
3138 503 3457 559 εἰσενεκτέον
3504 508 3590 560 καὶ
3636 513 3720 562 νῦν
3756 512 3816 565 τὰ

447 599 769 655 etiamnum
803 611 930 664 quae
962 607 1299 664 possumus.
1329 589 1574 652 Quaestio
1605 592 1706 640 tua
1736 587 1804 641 de
1837 585 2089 656 Digamis

448 687 588 755 fuit;
614 685 768 757 quod
797 683 866 736 de
889 697 1086 738 eorum
1111 678 1517 749 conjunctione
1538 675 1871 730 dubitatum
1896 673 2088 739 fuerit,

447 773 790 832 coronarine
842 772 994 826 sicut
1031 767 1356 839 monagami
1425 765 1691 830 debeant,
1740 762 1983 819 annon?
2036 767 2092 816 et

450 880 705 937 quonam
739 869 930 933 pacto,
965 859 1011 915 si
1045 859 1282 930 quidem
1313 856 1422 912 hoc
1464 854 1586 922 ﬁat,
1617 854 2089 924 'conjungantur,

447 954 744 1010 sacerdote
775 951 906 1004 illos
938 949 1183 1004 minime
1221 947 1564 1015 copulante:
1600 944 1810 998 famam
1838 958 1984 1008 esse,
2017 941 2089 996 ab

445 1042 611 1114 impii
636 1039 1009 1097 Constantini
1033 1035 1396 1106 temporibus
1435 1033 1752 1089 obtinuisse
1780 1036 2088 1087 consuetu-

449 1132 645 1188 dinem
679 1130 942 1200 digamos
967 1124 1307 1190 coronandi,
1331 1140 1396 1178 ex
1427 1121 1642 1193 triplici
1665 1123 1791 1191 ejus
1823 1119 2090 1191 conjugio

451 1225 681 1288 natam;
707 1234 838 1273 cum
883 1215 1155 1285 superior
1185 1217 1317 1269 ante
1340 1213 1502 1266 illum
1526 1209 1807 1267 memoria
1828 1226 1941 1265 non
1966 1210 2088 1264 fue-

448 1310 543 1366 rit.
587 1310 701 1378 Ego
733 1323 888 1373 vero,
927 1306 1067 1375 quin
1129 1301 1462 1358 verisimilis
1510 1317 1578 1356 ea
1635 1300 1789 1355 fama
1827 1299 1923 1364 sit,
1974 1314 2088 1352 non

445 1414 726 1471 repugno.
755 1397 1035 1451 Caeterum
1070 1393 1286 1447 debent
1310 1391 1568 1446 veritatis
1591 1388 1838 1444 studiosi
1867 1404 1980 1442 non
2023 1404 2089 1441 ex

442 1493 658 1545 temere
690 1485 918 1556 vulgate
941 1482 1122 1542 fama,
1166 1496 1353 1552 neque
1392 1496 1459 1535 ex
1499 1479 1756 1534 humana
1788 1482 2090 1532 consuetu-

447 1579 603 1643 dine,
634 1591 823 1630 rerum
858 1574 1030 1628 ﬁdem
1057 1571 1343 1641 accipere;
1369 1570 1466 1624 sed
1502 1567 1730 1637 exipsis
1761 1566 1942 1621 sacris
1966 1565 2084 1620 Lit-

445 1667 587 1724 teris
617 1673 669 1721 et
693 1669 926 1735 paterna
950 1668 1124 1731 atque
1156 1659 1435 1714 canonica
1454 1657 1788 1711 traditione.
1821 1655 2088 1726 Digamia

448 1773 583 1829 ergo
615 1754 900 1827 permissa
930 1751 1085 1806 haud
1131 1749 1301 1805 dubie
1351 1749 1459 1803 fuit
1497 1765 1529 1802 a
1560 1754 1756 1802 sancto
1789 1745 2084 1815 Apostolo,

2199 589 2333 642 κατά
2364 586 2610 661 δύναμιν.
2672 591 2734 644 Ἢ
2787 590 3067 664 ’ἐρώτησίς
3099 613 3193 646 σου
3225 595 3346 665 περὶ
3377 600 3481 648 τῶν
3538 595 3768 674 ὃιγάμων
3802 619 3815 633 ⁸

2199 675 2282 730 ὅτι
2337 673 2852 754 ἀμφισϐητούμενόν
2902 679 3012 734 ἐστι
3061 681 3182 756 περὶ
3248 689 3348 750 τῆς
3397 687 3670 764 συναςσείας
3728 689 3815 743 αύ-

2197 770 2324 833 τῶν,
2367 767 2467 840 ἄρα
2517 769 2902 844 στεφανοῦσθαι
2936 769 3149 844 αὐτους,
3180 771 3252 832 ὡς
3303 769 3390 826 ἐπὶ
3443 776 3550 826 τῶν
3601 776 3820 851 μονογά-

2203 875 2342 926 μων,
2401 854 2435 922 ἢ
2500 857 2628 927 prd;
2695 856 2784 910 καὶ
2849 861 2986 926 πῶς,
3021 857 3108 912 έάν
3171 863 3328 914 τοῦτο
3392 863 3690 935 γενήσεται,
3736 863 3816 934 ε’ίη

2202 944 2477 1022 συνάφεια,
2514 945 2589 1016 μὴ
2645 945 2747 1000 ὑπό
2806 950 2900 1000 τοῦ
2953 946 3138 1020 ἱερέως
3197 951 3563 1024 ζευγνῦμένων
3622 951 3818 1023 αύτῶνς

2200 1031 2283 1086 ὅτι
2343 1032 2555 1110 φέρεται
2614 1030 2784 1108 λόγος
2853 1035 2958 1090 ἀπὸ
3026 1034 3133 1091 τῶν
3197 1039 3422 1111 ἡμερῶν
3466 1043 3563 1093 τοῦ
3610 1037 3816 1102 ἀσεϐοῦς

2200 1120 2606 1176 Κωνσταντίνου
2657 1129 2919 1198 κρατῆσαι
2987 1127 3085 1195 τήν
3136 1128 3423 1196 συνήθειαν
3466 1132 3567 1182 τοῦ
3615 1125 3813 1204 διγαμιο

2195 1212 2294 1262 κοῦ
2327 1212 2762 1288 στεφανώματος,
2804 1210 2863 1268 ἐκ
2892 1218 2988 1267 τοῦ
3019 1218 3135 1270 κατ’
3164 1213 3321 1270 αὐτὸν
3353 1219 3596 1291 τριγαμή
3610 1238 3765 1289 ματος
3800 1234 3813 1249 ⁸

2197 1296 2312 1352 ἐπεὶ
2356 1300 2433 1370 μὴ
2493 1301 2625 1354 εἶναι
2670 1300 2720 1354 ἐν
2771 1307 2885 1364 τοῖς
2935 1304 3039 1376 πρὸ
3091 1303 3255 1358 αὐτοῦ
3301 1307 3544 1379 χρόνοις.
3579 1305 3714 1383 Ἐγὼ
3767 1305 3814 1361 δὲ

2196 1384 2345 1464 ἔχειν
2383 1390 2476 1461 μὲν
2510 1390 2600 1443 τὸν
2637 1388 2804 1464 λόγον
2834 1392 2895 1446 τὸ
2927 1393 3115 1447 πιστὸν
3147 1391 3382 1449 ἐντεῦθεν
3435 1394 3533 1449 οὐκ
3574 1393 3814 1449 ἀποδοκι-

2200 1476 2378 1547 μάκω.
2412 1481 2502 1530 Δεῖ
2554 1474 2611 1531 δὲ
2661 1478 2813 1550 ὅμως
2858 1485 2975 1540 τοῖς
3023 1479 3284 1550 ἀληθείας
3339 1481 3609 1556 ἐρασταῖς,
3656 1484 3728 1556 μή
3761 1485 3816 1538 εκ

2196 1572 2389 1643 φορᾶς,
2449 1569 2521 1630 ὡς
2570 1564 2753 1644 ἔτυχε,
2821 1569 3012 1645 λόγου,
3156 1573 3441 1643 συνηθείας
3495 1573 3815 1647 ἀνθρωπίνης

2195 1659 2517 1711 πιστοῦσθαι
2545 1658 2612 1712 τά
2641 1660 2932 1733 πράγματα
2965 1680 2977 1693 ⁸
3011 1659 3135 1716 ἀλλ’
3171 1662 3221 1732 ἐξ
3254 1663 3420 1731 αὐτῆς
3454 1662 3553 1730 τῆς
3584 1663 3818 1718 θεοπνεύ-

2196 1766 2322 1799 στου
2357 1752 2592 1825 Γραφῆς,
2622 1749 2712 1802 καὶ
2757 1755 2856 1817 τῆς
2897 1753 3170 1824 Πατρικῇς
3217 1752 3307 1805 καὶ
3362 1760 3648 1822 κανονικῆς
3678 1749 3820 1806 ἐκδό-

446 1851 503 1903 et
543 1861 645 1918 per
669 1845 860 1915 ipsum
896 1859 929 1897 a
957 1840 1206 1896 Christo.
1242 1838 1450 1893 Verum
1485 1837 1603 1890 haec
1635 1835 1722 1891 lex
1757 1851 1869 1889 non
1891 1843 1995 1902 est,
2022 1839 2081 1889 ut

2196 1856 2351 1896 σεως.
2384 1842 2441 1890 Ἠ
2465 1838 2556 1908 μὲν
2583 1836 2674 1890 οὖν
2697 1835 2923 1912 διγαμία
2945 1842 3409 1915 παρακεχώρηται
3443 1839 3698 1912 δηλονότι
3727 1842 3817 1896 ὑπὸ

445 1933 756 2005 Gregorius
777 1930 1100 2000 Theologus
1123 1928 1221 1996 ait,
1246 1927 1345 1983 sed
1370 1925 1760 1996 indulgentia:
1779 1924 2080 1995 indulgen-

448 2025 530 2079 tia
552 2028 746 2078 autem
768 2035 1138 2091 nequaquam
1155 2019 1212 2072 in
1236 2033 1299 2071 eo
1315 2016 1570 2071 cernitur
1592 2014 1744 2084 quod
1770 2012 2047 2084 reprehen
2065 2045 2080 2056 -

446 2113 608 2168 sione
629 2117 685 2167 et
706 2111 877 2182 culpa
897 2116 1086 2164 careat
1110 2124 1122 2162 :
1143 2107 1239 2178 qui
1269 2106 1420 2160 enim
1436 2111 1488 2159 et
1511 2119 1686 2176 quam
1711 2103 1782 2157 ob
1805 2102 2082 2157 causam?

445 2204 545 2259 sed
597 2203 697 2256 ubi
753 2200 1169 2264 succumbitur,
1221 2211 1494 2265 noxasque
1535 2194 1710 2248 affine
1767 2197 1874 2258 est,
1927 2192 2078 2261 quod

447 2293 655 2364 agitur.
676 2293 792 2345 Hoc
819 2290 971 2345 enim
998 2288 1188 2356 ipsum
1211 2285 1446 2339 divinus
1483 2282 1792 2354 Apostolus
1822 2282 2080 2337 insinua-

445 2382 542 2450 vit,
576 2397 710 2437 cum
743 2381 984 2433 diceret:
1007 2378 1067 2432 Si
1093 2392 1150 2431 se
1177 2389 1286 2429 non
1311 2373 1613 2437 continent,
1637 2371 1850 2426 nubant
1885 2371 1952 2424 ⁵³.
1987 2372 2080 2425 In-

443 2468 804 2528 continentia
843 2467 1058 2537 quippe
1106 2481 1231 2536 qua:
1273 2461 1626 2517 fortitudinis
1682 2461 1859 2514 robur
1887 2459 2082 2514 amisit

441 2561 601 2616 victae
635 2561 1048 2628 prostrataque
1098 2559 1182 2608 est
1212 2557 1452 2607 naturae.
1495 2549 1594 2604 His
1627 2548 1873 2620 permoti
1903 2548 2080 2604 divini

442 2651 641 2706 Patres
671 2647 933 2718 digamos
982 2642 1162 2714 poenis
1209 2642 1603 2710 subjecerunt,
1635 2638 1695 2694 in
1745 2637 2081 2693 Luodicensi

445 2739 682 2811 quidem
716 2736 918 2809 synodi
948 2729 1330 2798 indefinite“,
1362 2745 1493 2786 cum
1536 2729 1773 2783 dicunt:
1799 2727 1870 2781 Ut
1908 2743 2082 2797 parvo

445 2835 706 2900 tempore
735 2828 938 2882 exacto
982 2824 1186 2877 vacent
1235 2818 1596 2876 orationibus
1643 2815 2084 2887 etjejuniiszet

442 2918 761 2976 secundum
813 2912 1240 2984 indulgentiam
1291 2907 1757 2964 communionem
1806 2906 1965 2961 reddi
1998 2904 2082 2960 eis

446 3007 848 3064 decrevimus:
881 3018 1086 3073 magus
1134 3015 1264 3054 vero
1315 2997 1564 3053 Basilius
1612 2995 1845 3052 definite
1883 2995 1946 3046 5‘.
1992 2994 2083 3049 Sic

452 3096 608 3154 enim
639 3094 754 3150 ait:
788 3092 867 3149 De
895 3088 1164 3162 trigamis
1194 3096 1246 3143 et
1279 3085 1599 3158 polygamis
1616 3084 1883 3139 eumdem
1909 3099 2084 3138 cano~

451 3201 581 3242 nem
617 3183 964 3241 definierunt
984 3181 1204 3242 Patres,
1233 3177 1507 3230 nimirum
1531 3190 1699 3243 quem
1727 3172 1784 3226 in
1809 3171 2080 3243 digamis,

2191 1930 2288 1979 τοῦ
2346 1928 2494 1999 ἱεροῦ
2545 1927 2908 1998 Ἀποστόλου,
2943 1931 3032 1984 καὶ
3070 1927 3138 1984 δι’
3169 1931 3334 1986 αὐτοῦ
3365 1932 3514 2003 παρὰ
3534 1936 3766 2005 Χριστοῦ
3801 1948 3818 1964 ⁶

2194 2015 2256 2068 οὐ
2291 2017 2398 2087 μῆν
2444 2016 2634 2089 νόμος.
2688 2017 2868 2092 ὧσπερ
2925 2020 2952 2072 6
3009 2017 3280 2093 Θεολόγος
3326 2022 3648 2095 Γρηγορίος,
3686 2020 3817 2076 ἀλλὰ

2194 2106 2548 2178 συγχώρησις
2601 2125 2612 2136 ·
2677 2107 3028 2183 συγχώρησις
3085 2105 3140 2162 δὲ
3208 2109 3299 2164 εύκ
3369 2109 3454 2163 ἐπὶ

2192 2194 2280 2246 καὶ
2339 2194 2633 2248 ἀπταίστου
2693 2196 2889 2269 γένοιτ’
2947 2196 3004 2251 ἄν
3061 2218 3071 2228 ’

3547 2111 3816 2183 ἀμέμπτου

3137 2203 3251 2259 πῶς
3305 2199 3429 2275 γάρ,
3494 2203 3581 2255 καὶ
3641 2199 3812 2270 διατίς

2192 2283 2318 2339 ἀλλ’
2349 2283 2434 2338 ἐπὶ
2469 2286 2639 2354 ἠττης
2680 2288 2824 2348 τινὸς
2876 2286 2962 2341 καὶ
3014 2287 3301 2362 ἁλωσίμου
3357 2287 3658 2364 δράματος.
3693 2293 3812 2346 Αὐτὸ

2193 2373 2295 2446 γὰρ
2344 2377 2503 2427 τοῦτο
2537 2375 2564 2428 6
2623 2376 2763 2436 θεὶος
2819 2376 3159 2437 Ἀπόστολος
3216 2376 3435 2450 ᾐνίξατο
3495 2379 3657 2433 εἰπών
3691 2399 3704 2411 '
3761 2379 3811 2434 Ei

2194 2463 2312 2516 οὐκ
2353 2462 2500 2535 ἐγνρ
2521 2463 2894 2535 σιτεύονται,
2929 2465 3450 2538 γαμησάτωσαν.
3489 2472 3553 2522 Ἡ
3586 2465 3640 2522 δὲ
3668 2468 3813 2539 ἀκρα-

2195 2549 2281 2603 σία
2325 2551 2387 2604 τὸ
2445 2551 2638 2624 κράτος
2677 2559 2777 2620 τῆς
2831 2549 3074 2624 ἀνδρείας
3133 2554 3464 2626 ἀπολέσασα,
3511 2556 3680 2625 ἥττης
3719 2556 3816 2610 ἐστὶ

2192 2638 2281 2690 καὶ
2340 2637 2706 2699 ἀποπτώσεως
2759 2636 3000 2712 ἔκγονον.
3069 2641 3335 2695 Ἐντεῦθεν
3382 2642 3711 2715 ὁρμηθέντες
3773 2643 3816 2696 οἱ

2195 2728 2329 2780 θεῖοι
2393 2727 2642 2800 Πατέρες,
2703 2728 2967 2800 ἐπιτιμίῳ
3041 2723 3313 2784 ὑπέϐαλον
3362 2731 3495 2793 τοὺς
3547 2730 3817 2806 διγάμους,

2195 2817 2246 2869 οὶ
2305 2817 2399 2887 μὲν
2448 2823 2544 2884 τῆς
2604 2815 2655 2871 ἐν
2706 2817 2994 2888 Λαοδικείᾳ
3043 2816 3266 2872 σύνοδον
3300 2818 3590 2894 ἀορίστως,
3623 2821 3706 2875 διὰ
3731 2824 3818 2875 τοῦ

2194 2904 2360 2958 εἰπεῖν
2393 2921 2405 2934 ·
2458 2903 2684 2978 Ὀλίγου
2728 2906 2932 2980 χρόνου
2979 2905 3342 2980 παρελθόντος
3375 2909 3462 2964 καὶ
3525 2910 3817 2984 σχολάσανο

2193 3013 2288 3054 τας
2322 2991 2373 3047 ἐν
2405 2997 2522 3054 ταῖς
2569 3001 2900 3070 προσευχαῖς
2938 2996 3028 3050 καὶ
3076 2997 3374 3066 νηστείαις,
3405 3001 3544 3053 κατὰ
3595 3000 3821 3076 συγγνώο

2201 3104 2306 3154 μην
2341 3081 2692 3138 ἀποδίδοσθαι
2726 3085 2909 3147 αὐτοῖς
2958 3087 3056 3154 τὴν
3106 3086 3396 3141 κοινωνίαν
3445 3088 3719 3162 ὡρίσαμεν
3753 3108 3765 3121 ο
3797 3090 3821 3142 ὁ

2199 3169 2256 3226 δὲ
2286 3173 2450 3246 μέγας
2486 3173 2758 3235 Βασίλειος
2797 3174 3133 3249 ὡρισμένως.
3167 3176 3313 3246 Φησὶ
3358 3177 3462 3251 γὰρ
3492 3197 3504 3208 ·
3539 3178 3668 3254 Περῖ
3711 3198 3820 3251 τρι·-

449 3273 818 3348 pr0portione
842 3288 856 3325 :
879 3283 1100 3326 annum
1130 3265 1287 3322 enim
1320 3267 1378 3320 in
1409 3263 1695 3335 digamis:
1723 3262 1780 3316 in
1807 3259 1936 3316 aliis
1957 3276 2081 3316 vero

2199 3261 2392 3336 γάμῶν
2447 3261 2537 3316 καὶ
2589 3261 2929 3338 πολυγάμων
2977 3265 3068 3318 τὸν
3109 3264 3269 3320 αὐτὸν
3320 3263 3523 3341 ὥρισαν
3556 3241 3745 3322 κάνόνα
3771 3267 3821 3319 οἱ

454 3365 600 3420 duos
631 3377 840 3417 annos.
872 3363 1031 3414 Patet
1085 3355 1260 3428 igitur
1307 3370 1376 3409 ex
1422 3352 1494 3408 iis
1543 3366 1672 3422 quia
1718 3349 1874 3405 dicta
1926 3352 2088 3418 sunt,

449 3452 718 3524 digamiatI
729 3455 1005 3520 tanquam
1020 3445 1281 3503 obnoxias
1294 3442 1623 3514 impositam
1644 3455 1867 3512 prunam
1883 3438 2085 3494 fuisse.

459 3546 764 3612 Propterea
793 3540 948 3594 enim
979 3541 1037 3594 et
1065 3534 1246 3592 sancti
1295 3533 1491 3588 Patres
1542 3529 1749 3602 synodi
1796 3527 2089 3584 Neocaesa-

457 3631 668 3687 riensis
715 3631 761 3664 (⁵⁷
812 3628 1145 3701 presbytero
1180 3623 1620 3688 interdixerunt,
1673 3635 1742 3674 ne
1779 3618 1836 3672 in
1871 3618 2087 3690 digami

455 3719 673 3791 nuptiis
703 3716 988 3790 epuletur.

520 3993 664 4045 Cum
701 3989 880 4053 enim,
915 3985 1209 4057 inquiunt,
1244 3980 1584 4053 pmnitentia
1612 3977 1875 4047 digamus
1901 3980 2082 4046 egeat,

447 4084 578 4152 quis
610 4080 715 4135 erit
751 4077 1048 4150 presbyter
1094 4074 1192 4144 qui
1234 4088 1336 4143 per
1369 4069 1688 4124 convivium
1738 4082 2082 4120 consensum

450 4171 704 4242 prazbeat
734 4168 949 4223 talibus
997 4162 1268 4235 nuptiis?
1313 4159 1458 4224 Quid
1509 4174 1644 4228 ergo
1675 4173 1742 4211 ex
1783 4155 1872 4209 his
1921 4154 2076 4208 aliud

445 4259 770 4316 necessario
793 4254 1119 4319 coniicitur,
1137 4267 1307 4322 quam
1330 4248 1542 4320 primas
1565 4246 1797 4317 quidem
1824 4243 2080 4315 nuptias,

444 4353 510 4402 ut
531 4364 656 4418 quae
692 4345 923 4417 proprie
945 4343 1032 4397 lex
1063 4341 1198 4406 sint,
1221 4340 1425 4394 merito
1453 4333 1710 4391 coronari
1741 4351 1774 4387 a
1812 4333 2080 4388 sacerdo-

442 4437 524 4492 tio
559 4436 712 4491 velut
753 4435 1001 4489 intactas
1032 4435 1088 4486 et
1117 4426 1541 4492 immaculatas,
1575 4429 1854 4493 tanquam
1894 4439 1927 4477 a
1952 4421 2082 4476 libi-

439 4525 592 4581 dinis
624 4529 763 4582 uota
783 4525 1109 4579 immunes:
1144 4523 1319 4588 atque
1365 4515 1438 4570 ob
1488 4515 1635 4568 hanc
1685 4527 1920 4567 causam
1973 4526 2077 4566 ceu

2197 3352 2449 3423 Πατέρες,
2484 3349 2744 3422 δηλονότι
2774 3353 2832 3407 ’ὸν
2863 3353 2951 3408 καὶ
3007 3351 3093 3408 ἒπὶ
3151 3358 3260 3408 τῶν
3310 3353 3593 3430 διχάμων,
3643 3353 3821 3410 ἀναλό-

2195 3461 2304 3513 γως
2331 3460 2345 3474 ο
2407 3439 2639 3496 ἐνιαυτὸν
2699 3443 2792 3514 μὶν
2849 3443 2952 3518 γὰρ
3004 3439 3088 3497 ἐπὶ
3121 3447 3230 3497 τῶν
3273 3440 3524 3520 διγάμων
3548 3463 3561 3478 ·
3587 3442 3744 3500 ἄλλοι
3771 3441 3821 3498 δὲ

2199 3526 2292 3584 δύο
2324 3524 2442 3596 ἔτη.
2502 3527 2772 3585 Δέδεικται
2818 3530 2998 3586 τοίνυν
3043 3528 3103 3585 ἔκ
3151 3536 3258 3585 τῶν
3303 3533 3600 3606 ῥηθέντων,
3631 3535 3701 3595 ὡς
3730 3532 3820 3586 ὑπὸ

2193 3617 2256 3672 τὸ
2305 3619 2560 3673 πταιστὸν
2610 3624 2858 3694 γεγονυῖα
2915 3622 2949 3688 ἡ
3011 3616 3235 3696 διγαμία
3292 3619 3509 3698 εἰλήφει
3566 3623 3629 3678 τὸ
3667 3619 3822 3676 ἐπιτί-

2201 3729 2341 3781 μιον.
2387 3707 2484 3762 Διά
2536 3707 2697 3763 τοῦτο
2755 3709 2858 3784 γάρ
2916 3710 3002 3764 καὶ
3074 3709 3125 3763 οἱ
3183 3717 3280 3778 τῆς
3335 3709 3388 3764 ἐν
3444 3710 3822 3785 Νεοκαισαρείᾳ

2196 3793 2423 3851 συνόδου
2467 3799 2610 3873 ἅγιοι
2665 3800 2894 3872 Πατέρες
2942 3799 3192 3873 ἀπεῖρξαν
3248 3799 3337 3853 καὶ
3386 3804 3485 3855 τοῦ
3527 3801 3820 3870 έστιαθῆναι

2197 3882 2557 3962 πρεσϐύτερον
2591 3888 2672 3951 εἰς
2703 3885 3066 3962 διγαμοῦντος
3099 3888 3298 3965 γάμον.

2268 3977 2545 4049 Λέγοντες,
2579 3978 2726 4032 Ἐπεὶ
2764 3978 3048 4050 μετάνοιαν
3084 3978 3362 4040 αἰτοῦντος
3407 3984 3505 4033 τοῦ
3539 3978 3821 4054 διγαμοῦν-

2193 4085 2306 4131 τος,
2364 4065 2448 4126 τίς
2507 4059 2653 4119 ἔσται
2687 4066 2714 4118 ὁ
2764 4060 3128 4139 πρεσϐύτερος
3185 4066 3212 4118 ὁ
3271 4063 3360 4119 διὰ
3406 4069 3507 4135 τῆς
3550 4069 3816 4125 ἑστιάσεως

2199 4155 2710 4229 συγκατατιθέμενος
2741 4160 2858 4216 τοῖς
2887 4155 3124 4228 γάμοις,
3167 4153 3226 4208 Τί
3282 4153 3372 4208 οὖν
3419 4157 3484 4210 τὸ
3533 4176 3817 4230 συμπεραι-

2193 4243 2422 4316 νόμενον
2454 4242 2504 4313 EE
2551 4243 2884 4319 ἀναγκαίους
2943 4245 3062 4300 ’Ὀτι
3122 4244 3149 4296 6
3211 4244 3304 4316 μὲν
3360 4248 3580 4318 πρῶτος
3633 4246 3816 4320 γάμος,

2195 4333 2272 4395 ὡς
2327 4333 2528 4408 κυρίως
2589 4330 2661 4386 ὢν
2730 4331 2920 4406 νόμος,
2994 4331 3218 4393 εἰκότως
3283 4331 3644 4412 ἐστεφάνωται
3725 4332 3818 4387 ὑπὸ

2189 4428 2291 4490 τῆς
2350 4422 2676 4496 ἱερωσύνης,
2751 4422 2827 4482 ὼς
2900 4420 3196 4497 ἀνέπαφος,
3255 4421 3329 4482 ὡς
3415 4422 3674 4498 ἄρῥυπος,
3749 4421 3816 4481 ὡς

2189 4509 2468 4574 ἀνάλωτος
2514 4515 2758 4586 πορνικῷ
2805 4511 2986 4576 πάθει,
3017 4510 3106 4565 καὶ
3158 4507 3245 4565 δια
3285 4509 3445 4567 τοῦτο
3486 4514 3562 4576 ὡς
3599 4514 3815 4582 νικητής

442 4614 661 4687 peccati
693 4613 957 4667 victrices
985 4607 1294 4665 coronari?
1319 4605 1400 4660 Ex
1442 4619 1557 4676 quo
1605 4601 1868 4672 sequitur
1897 4605 1954 4655 et
1984 4615 2076 4654 sa-

2194 4608 2292 4671 τῆς
2345 4602 2612 4674 ἁμαρτίας
2659 4599 3111 4674 κατεστεμμένος,
3158 4601 3276 4678 Ἐφ’
3331 4603 3377 4674 ᾧ
3425 4597 3671 4672 ἕπεταιὴ
3718 4605 3814 4656 τῶν

443 4721 669 4762 crorum
706 4699 1095 4774 participatio,
1138 4698 1381 4768 ejusque
1415 4693 1515 4765 qui
1563 4693 1874 4758 coronavit,
1915 4697 1968 4745 et
1989 4707 2081 4748 cu.

430 4795 762 4865 juscunque
812 4787 1046 4844 alterius
1105 4782 1441 4850 sacerdotis,
1491 4780 1548 4834 in
1600 4779 1808 4834 talibus
1855 4778 2074 4847 nuptiis

435 4881 804 4939 comessatio.
837 4875 1337 4940 Quemadmodum
1391 4872 1449 4926 in
1493 4870 1648 4925 Cana
1677 4868 1920 4924 Galilaaaa
1956 4867 2076 4922 Do-

433 4973 626 5028 minus
656 4976 712 5025 et
742 4969 894 5023 Deus
927 4970 1119 5022 noster
1173 4963 1452 5035 prandere
1509 4959 1781 5030 dignatus
1821 4961 1926 5022 est,
1974 4972 2074 5027 per

435 5076 605 5116 suum
639 5057 778 5113 illud
813 5055 1132 5112 convivium
1162 5051 1444 5125 nuptialia
1476 5047 1717 5121 prandia
1749 5045 1944 5101 omnia
1977 5044 2072 5099 be-

435 5152 728 5207 nedicens.
759 5150 900 5214 Quin
931 5152 986 5202 et
1034 5145 1342 5202 coronarite
1393 5138 1780 5212 impositionis
1831 5135 2068 5192 benedi-

434 5240 686 5296 ctionem
716 5238 1062 5308 anticipans,
1094 5252 1160 5292 ea
1193 5235 1443 5306 primum
1481 5233 1772 5300 parentem
1807 5231 2068 5282 nostrum

432 5330 617 5386 Adam
651 5327 953 5399 impertiit.
985 5323 1331 5390 Quomodo?
1365 5325 1426 5377 Et
1466 5318 1668 5376 creavit
1711 5321 1860 5370 Deus
1890 5315 2072 5369 homi-

437 5435 601 5476 nem:
630 5419 698 5474 ad
735 5419 1037 5489 imaginem
1088 5417 1184 5473 Dei
1223 5414 1424 5470 creavit
1465 5411 1645 5477 illum,
1677 5405 1984 5462 masculum
2015 5412 2072 5460 et

431 5510 703 5584 feminam
732 5509 938 5564 creavit
963 5523 1048 5564 eos
1078 5523 1098 5563 :
1129 5502 1510 5572 benedixitque
1540 5499 1657 5554 illi:
1690 5499 1848 5564 Deus,
1879 5501 1929 5551 et
1950 5497 2029 5551 ait
2051 5511 2071 5550 :

437 5600 686 5666 Crescite,
727 5607 781 5654 et
838 5593 1315 5668 multiplicamini,
1385 5599 1436 5648 et
1496 5589 1698 5662 replete
1749 5594 1974 5654 terram,
2021 5593 2075 5642 et

503 5725 550 5767 ⁸⁸
581 5727 602 5782 Ι
632 5730 755 5783 Cor.
787 5741 888 5793 vu,
918 5725 972 5777 9.
1050 5722 1098 5758 ⁸⁵
1129 5721 1300 5776 Laod.
1334 5735 1457 5774 can.
1495 5718 1545 5772 1.

1623 5716 1666 5752 ⁵⁸
1697 5716 1761 5771 In
1794 5713 1976 5787 Epist.
2010 5713 2082 5772 ad
2113 5712 2482 5787 Amphiloch.
2516 5730 2644 5771 can.
2677 5714 2730 5769 4.

2193 4692 2544 4768 ἁγιασμάτων
2600 4690 2927 4763 μετάληψις,
2986 4691 3074 4744 καὶ
3132 4692 3166 4760 ἡ
3217 4696 3312 4746 τοῦ
3371 4695 3812 4772 στεφανώσαντος,

2181 4782 2270 4838 καὶ
2299 4782 2495 4845 παντὸς
2538 4779 2712 4836 ἄλλου
2772 4779 3064 4855 ἱερατικοῦ,
3123 4780 3174 4835 ἐν
3231 4786 3310 4854 τῷ
3375 4783 3611 4855 τοιούτῷ
3667 4783 3814 4857 γάμῳ

2183 4871 2432 4932 ἑστίασις.
2476 4871 2618 4923 Καθα
2649 4870 2736 4923 καὶ
2773 4871 2799 4924 ὁ
2839 4866 3043 4939 Μύριος
3089 4869 3176 4924 καὶ
3227 4871 3354 4932 θεὸς
3386 4874 3546 4945 ἡμῶν
3595 4870 3646 4926 ἐν
3683 4874 3811 4938 Κανᾷ

2179 4967 2278 5030 τῆς
2341 4957 2634 5021 Γαλιλαίας
2687 4959 2914 5028 ἠξίωσεν
2975 4958 3286 5032 ἀριστῆσαι,
3341 4958 3428 5014 διὰ
3506 4967 3604 5030 τῆς
3652 4959 3809 5015 ἐκεῖσε

2181 5048 2464 5110 ἑστιάσεως
2493 5049 2662 5104 πάντα
2702 5051 2764 5119 [ι.
2799 5053 2899 5102 πᾶν
2933 5048 3017 5120 τὸ]
3049 5050 3280 5123 γαμικὸν
3313 5047 3527 5122 ἄριστον
3561 5047 3808 5105 κατευλο-

2177 5141 2370 5214 γήσας.
2413 5136 2586 5192 Ἀλλὰ
2617 5137 2828 5206 καὶτῆς
2862 5144 3183 5215 στεφανικῆς
3215 5141 3461 5213 ἁρμογῆς
3493 5138 3652 5202 αὐτὸς
3683 5158 3806 5212 προ-

2180 5222 2366 5282 λαϐὼν
2398 5229 2496 5294 τήν
2527 5228 2626 5294 τήν
2683 5224 2929 5300 εὐλογίαν
2963 5220 3111 5280 ἔθετο
3161 5226 3244 5280 ἐπὶ
3293 5232 3388 5282 τοῦ
3443 5228 3804 5302 ἀρχιπάτορος

2178 5313 2552 5390 ἡμῶνἈδάμ·
2576 5320 2692 5377 πῶς
2717 5335 2729 5384 ;
2752 5317 2871 5373 Καὶ
2893 5317 3205 5387 ἐποίησεν
3231 5317 3257 5371 6
3283 5317 3435 5379 Θεὸς
3455 5318 3562 5373 τὸν
3585 5317 3804 5392 ἀνθρωι

2179 5425 2314 5460 πον·
2341 5404 2726 5460 κατέἷκόνα
2747 5405 2908 5461 Θεοῦ
2935 5405 3684 5480 ἔποίησεναύτὸν,ἂ’ρσεν
3704 5402 3801 5458 καὶ

2178 5495 2344 5564 θῆλυ
2379 5493 2692 5566 ἐποίησεν
2721 5495 3107 5557 αὐτοὺς’καὶ
3139 5492 3802 5569 εὐλόγησεναύτοὺςὸ

2179 5585 2356 5655 Θεὸς,
2380 5581 2594 5662 λέγων
2625 5603 2638 5618 °
2669 5584 3054 5658 Αύξάνεσθε,
3084 5586 3189 5640 καὶ
3239 5583 3673 5657 πληθύνεσθε,
3703 5581 3802 5638 καὶ

2808 5713 2852 5751 ⁸⁷
2879 5713 3018 5770 Can.
3050 5714 3106 5776 7.
