4084 6284
295 326 451 387 1093

1568 317 2116 382 EPISTOLARUM
2167 316 2308 376 LIB.
2355 317 2403 376 Ῐ.

3530 325 3685 388 1094
3751 308 3755 312 ’

289 453 699 528 πληρώσατε
738 455 855 522 τὴν
901 460 1056 529 γῆν,
1089 453 1200 507 καὶ
1232 451 1794 523 κατακυριεύσατε
1829 451 1930 504 αὖ·

2046 450 2416 504 dominamini
2443 449 2560 520 ejus
2591 449 2657 503 ⁵⁸.
2685 450 2812 506 Haec
2862 452 3037 524 igitur
3087 455 3408 511 benedictio
3465 461 3684 530 copula:

291 545 439 611 τῆς.
463 544 615 613 Αὕτη
651 543 792 612 οὖν
837 542 1070 617 εὐλογία
1106 549 1205 610 τῆς
1237 544 1477 617 γαμικῆς
1508 540 1810 619 συναφείας,
1843 540 1932 618 ἀφ’

289 634 356 700 ἧς
382 638 527 686 πᾶσα
557 631 874 709 εὐλογιατία
909 637 1288 708 μονογαμικῆς
1323 630 1614 700 συζεύξεως
1638 650 1650 661 ·
1697 630 1811 684 ἐπεὶ
1843 630 1930 683 καὶ

294 721 619 796 μονόγαμος
677 719 892 795 Ἀδάμ.
941 723 1334 796 Ἐπίτηρητὲον
1389 719 1444 774 δὲ
1493 719 1576 773 ὅτι
1628 720 1717 773 καὶ
1749 722 1782 788 ἡ
1817 741 1932 774 στε-

291 812 492 886 φανικὴ
527 809 813 881 ἐπίκλησις
846 809 1045 866 ἒκεῖθεν
1091 805 1347 885 ὥρμηται
1381 829 1396 843 ο

292 900 588 975 ἄνθρώπου
647 899 958 969 διάπλασιν,
1032 900 1122 954 καὶ
1195 900 1330 974 πρὸς
1387 899 1487 966 τὴν
1565 897 1624 953 ἐκ
1698 896 1933 972 πλευρᾶς

290 986 458 1044 αὺτοῦ
515 995 745 1063 γυναῖκα
817 989 1053 1059 σύζευξιν
1130 989 1702 1060 ὑπομνηματίζουσα.
1762 991 1824 1044 Ὀ
1880 983 1935 1040 δὲ

293 1075 542 1152 δεύτερος
584 1080 782 1155 γάμος,
824 1078 868 1132 εἰ
925 1078 1015 1132 καὶ
1075 1079 1520 1155 συγκεχώρηται,
1579 1075 1704 1132 ἄλλ’
1760 1075 1935 1131 ἐπιτε-

289 1166 564 1240 τίμηται.
627 1171 750 1229 Πῶς
817 1166 919 1241 γὰρ
990 1164 1048 1221 ἄν
1122 1167 1210 1220 καὶ
1256 1166 1668 1240 ἐστεφανώσεως
1745 1162 1932 1235 ἄξιος,

288 1256 570 1326 ἡττηθεὶς,
617 1254 743 1310 ἀλλ’
785 1256 849 1310 οὗ
898 1256 1157 1325 νικήσας
1218 1255 1300 1316 τίς
1351 1253 1408 1309 δὲ
1449 1255 1538 1310 καὶ
1584 1255 1612 1308 ὁ
1661 1255 1934 1330 στεφανώ-

291 1365 399 1399 σων
428 1349 619 1400 τοῦτον
653 1339 1032 1419 πρεσϐύτερος,
1065 1345 1124 1406 ’ὸς
1156 1343 1246 1399 καὶ
1281 1349 1376 1398 τοῦ
1407 1343 1598 1405 ἁπλῶς
1627 1342 1933 1412 ἐστιαθῆναι

285 1431 345 1487 ἐν
409 1438 489 1504 τῷ
552 1435 669 1488 κατ’
735 1433 893 1488 αὐτὸν
963 1431 1165 1508 ἀρίστῳ
1234 1438 1527 1506 Πατρικῖυς
1584 1431 1932 1499 κεκώλυταις

285 1525 406 1582 πῶς
441 1518 496 1576 δὲ
543 1521 655 1592 καὶ,
708 1518 909 1594 μεθέξει
961 1527 1060 1591 τῆς
1111 1522 1254 1584 θείας
1303 1521 1611 1589 κοινωνίας,
1646 1521 1673 1574 ὁ
1706 1517 1776 1575 δι’
1805 1519 1934 1576 αὐτὸ

283 1614 451 1666 τοῦτο
491 1610 777 1686 είργμὲνος
827 1611 1014 1687 χρόνῳ
1071 1610 1145 1665 ἑνὶ
1199 1611 1287 1665 καὶ
1340 1609 1458 1664 δυσὶ
1501 1616 1609 1665 τῶν
1668 1611 1937 1684 ἀγιασμά-

284 1720 438 1769 των;
488 1700 630 1762 τίνος
692 1699 749 1755 δὲ
879 1698 994 1762 ο⁹ίας
1041 1708 1140 1770 τῆς
1191 1699 1574 1776 εὐλογιστικῆς
1622 1706 1934 1775 προσευχῆς

1443 809 1543 876 τὴν
1585 813 1682 863 τοῦ
1712 809 1932 883 πρώτου

2056 538 2357 609 nuptialis,
2392 554 2459 592 ex
2499 555 2614 608 qua
2640 539 2959 596 benedictio
3012 544 3203 598 omnis
3264 548 3684 616 monogamica:

2042 627 2508 697 conjunctionis;
2537 644 2918 700 monogamus
2943 630 3230 701 siquidem
3250 633 3460 690 Adam.
3483 635 3689 691 Obser-

2041 719 2292 772 vandum
2325 733 2454 771 vero
2487 722 2574 771 est
2603 717 2737 773 inde
2769 736 2999 790 quoque
3043 727 3230 776 ortam
3276 740 3403 778 esse
3447 741 3684 782 corona-

2042 807 2189 861 riam
2249 806 2845 878 invocationem,qua3
2905 810 3073 880 primi
3132 811 3388 867 hominis
3445 815 3686 870 creatio-

2043 912 2200 963 nem,
2233 895 2605 966 ejusdemque
2635 912 2770 952 cum
2805 899 3046 954 muliere
3079 917 3145 955 ex
3176 901 3333 957 illius
3364 912 3521 959 costa
3553 921 3685 975 pro-

2043 985 2214 1039 ducta
2285 987 2754 1056 conjunctionem
2821 995 3218 1059 repraesentat.
3269 993 3341 1047 At
3416 995 3685 1051 secundae

2045 1072 2256 1143 nuptias
2307 1075 2537 1130 tametsi
2589 1075 3031 1147 permittuntur,
3076 1097 3246 1151 poena
3294 1082 3677 1153 castigantur.

2042 1163 2339 1225 Quomodo
2370 1163 2524 1218 enim
2566 1167 2931 1222 coronatione
2962 1168 3151 1238 dignas
3207 1173 3358 1236 sunt,
3393 1186 3518 1240 quae
3569 1188 3685 1227 non

2041 1251 2306 1321 vincunt,
2336 1253 2436 1307 sed
2485 1253 2818 1311 vincuntur.
2852 1256 2991 1321 Quis
3041 1274 3209 1329 porro
3261 1260 3556 1330 presbyter
3584 1277 3684 1317 eas

2043 1345 2295 1401 coronet.
2329 1359 2462 1396 cum
2495 1343 2582 1398 vel
2612 1343 2670 1398 in
2720 1361 2916 1400 earum
2953 1347 3205 1416 prandiis
3258 1349 3481 1420 epulari
3524 1368 3556 1405 a
3587 1352 3688 1406 Pa-

2043 1430 2230 1486 tribus
2262 1431 2689 1502 prohibeatur?
2719 1433 2824 1498 Qui
2857 1449 2988 1489 vero
3031 1436 3238 1491 divinae
3260 1439 3688 1496 communionis

2045 1519 2328 1590 particeps
2352 1519 2448 1586 sit,
2469 1521 2568 1591 qui
2593 1520 2698 1575 hoc
2726 1523 2961 1578 nomine
2987 1540 3099 1579 uno
3131 1528 3304 1596 atque
3335 1525 3518 1583 altero
3539 1545 3688 1585 anno

2044 1625 2080 1663 a
2100 1609 2281 1664 sacris
2313 1608 2580 1663 arcetur?
2602 1612 2716 1665 Aut
2745 1629 3013 1682 quaenam
3049 1614 3312 1684 qualisve
3343 1616 3692 1673 benedictio-

2042 1698 2134 1753 nis
2176 1699 2426 1768 precatio
2457 1698 2516 1754 in
2548 1717 2749 1755 earum
2782 1703 3185 1772 conjunctione
3219 1713 3535 1778 usurpatur
3557 1723 3689 1764 cum

287 1791 580 1866 γινομένης
613 1790 700 1846 ἐπὶ
728 1798 827 1860 τῆς
871 1792 1156 1865 συναφείας
1203 1791 1387 1862 αὐτοῦ,
1425 1792 1500 1864 μὴ
1543 1789 1708 1862 οὔσης
1752 1787 1930 1860 ἄλλης

2046 1786 2153 1841 alia
2220 1787 2379 1842 nulla
2446 1789 2520 1842 sit
2577 1794 2782 1860 praeter
2828 1807 2958 1846 eam
3004 1808 3131 1863 qu
3175 1794 3233 1848 in
3286 1795 3490 1864 primis
3530 1801 3587 1851 et
3627 1797 3686 1852 in

284 1881 435 1954 παρὰ
473 1881 572 1948 τήν
619 1880 744 1954 μίαν
779 1887 879 1948 τῆς
922 1881 1301 1955 μονογαμικῆς
1347 1880 1436 1936 καὶ
1472 1882 1737 1955 πρώτης;
1795 1886 1932 1933 Συν-

285 1977 453 2039 ῆκται
501 1969 594 2024 οὖν
642 1969 702 2024 ἐκ
749 1970 965 2023 πάντων
1029 1975 1306 2048 Γραφικῶς
1362 1991 1420 2024 τε
1476 1971 1564 2024 καὶ
1626 1973 1927 2043 Πατρικὼς,

285 2059 570 2134 ἀμέτοχον
632 2060 769 2114 εἶναι
829 2061 1251 2136 στεφανώματος
1307 2061 1405 2129 τὴν
1462 2057 1927 2135 ὃευτερογαμίαν³

288 2146 380 2202 διὰ
427 2152 590 2203 τοῦτο
651 2145 774 2203 οὐδὲ
829 2149 932 2203 ὑπὸ
980 2152 1076 2202 τοῦ
1123 2148 1309 2222 ἱερέως
1358 2147 1744 2223 ζευγνυμὲνηνο
1788 2145 1932 2202 ἀλλὰ

291 2240 402 2311 μὴν
446 2235 575 2292 οὐδὲ
631 2235 1072 2313 παραδεδομένην
1105 2257 1117 2270 ⁸
1176 2239 1300 2292 τότε
1357 2233 1413 2291 δὲ
1460 2234 1932 2313 προσδεχομένην,

286 2330 518 2400 ὁπηνίκα
548 2329 631 2401 εἴη
665 2329 952 2404 πλήρωσις
986 2330 1081 2385 τοῦ
1134 2331 1382 2384 ὁπωσοῦν
1414 2330 1549 2384 κατὰ
1581 2330 1677 2398 την
1730 2330 1932 2402 ἱερατι-

285 2419 391 2486 κὴν
449 2417 766 2492 δοκιμασίαν
829 2416 1075 2480 δοθέντος
1131 2418 1408 2490 ἐπιτιμίου
1447 2439 1457 2449 “
1539 2418 1652 2490 μεθ’
1708 2417 1774 2485 ἦν
1835 2411 1936 2486 ἔξει

289 2511 352 2582 [Γ.
389 2506 545 2581 ἕξειν]
579 2509 667 2562 καὶ
720 2513 829 2562 τῶν
883 2509 1040 2562 θείων
1095 2505 1285 2581 δώρων
1333 2509 1431 2575 τὴν
1496 2503 1801 2580 μετάληψιν
1848 2507 1934 2560 ἒν-

289 2599 476 2651 τεῦθεν
516 2596 954 2670 εὐλογουμὲνους
1004 2596 1220 2664 αὐτοὺς,
1275 2596 1440 2650 οἷονεῖ
1493 2597 1566 2658 ὡς
1610 2595 1696 2649 ἐπὶ
1747 2616 1937 2671 στεφα-

294 2689 547 2759 νώματος
577 2706 590 2719 ·
637 2688 773 2741 κατά
823 2684 1068 2760 ’δεύτερον
1120 2684 1312 2763 λόγον,
1366 2685 1498 2758 μετὰ
1546 2685 1936 2760 συγχώρησιν.

295 2775 536 2850 Εὐλογία
593 2776 699 2850 γὰρ
753 2777 814 2830 τὸ
875 2772 1073 2850 δῶρον,
1131 2778 1427 2844 τηνικαῦτα
1506 2773 1598 2828 καὶ
1654 2773 1936 2848 συναφείας

296 2864 443 2940 παρᾶ
483 2869 580 2919 τοῦ
641 2865 826 2939 ἱερέως
887 2862 1119 2938 δεῖγμαο
1183 2860 1366 2919 ἔκτοτε
1423 2865 1496 2936 μή
1557 2862 1939 2932 κεκωλυμένου

301 2955 453 3025 αὐτῷ
513 2955 884 3008 συνεστιᾶσθαι
938 2958 1055 3013 τοῖς
1116 2950 1479 3029 διγαμήσασιν
1511 2971 1524 2985 ’
1576 2953 1649 3013 ὡς
1700 2951 1786 3006 ἐπὶ
1832 2955 1937 3006 τῶν

302 3043 671 3117 μονογάμων.
707 3043 804 3097 Καὶ
850 3043 998 3096 οὕτω
1045 3042 1200 3114 νόμῳ
1258 3042 1491 3115 ὁρμᾶται
1543 3043 1942 3114 συγχωρητικῷ

1484 3130 1818 3204 γινώσκουσα
1867 3129 1934 3182 τὰ

2050 3126 2242 3197 gamia
2277 3125 2402 3197 lege
2433 3127 2616 3183 utitur
2655 3129 3050 3201 indulgentiae,
3078 3133 3246 3201 juxta
3290 3133 3633 3205 Apostolum
3665 3150 3680 3190 :

295 3132 327 3200 ἡ
381 3128 627 3206 διγαμία,
682 3130 817 3186 κατᾶ
873 3132 964 3186 τὸν
1032 3127 1365 3187 Ἀπόστολον
1402 3147 1416 3160 ·

292 3217 565 3296 δευτερεῖα
621 3215 764 3295 ἔχειν
823 3227 923 3289 τῆς
987 3220 1323 3296 μονογαμίας
1358 3241 1368 3252 ·
1433 3220 1519 3273 καὶ
1581 3219 1656 3292 μῆ
1711 3217 1934 3294 ἀλόγως

287 3315 388 3378 τῆς
426 3314 654 3384 πρώτης
705 3307 1036 3380 ἐπιζητοῦσα
1079 3311 1145 3364 τά
1203 3307 1567 3382 δικαιώματα,
1619 3307 1753 3381 ἅπερ
1799 3327 1933 3381 προ-

288 3395 581 3468 απήλαυκε
607 3438 619 3451 .

363 3487 542 3556 Φαίης
575 3483 620 3540 δ’
654 3487 714 3541 ἄν
741 3505 753 3518 '
792 3485 890 3540 Καὶ
919 3490 1036 3549 πῶς
1071 3483 1301 3540 ἔλθωσιν
1333 3485 1420 3540 ἐπὶ
1458 3485 1556 3552 τὴν
1608 3485 1932 3562 συνάφειαν;

289 3581 412 3637 Τοῖς
472 3575 836 3652 ἀνθρωπίνοις
891 3577 1218 3645 καθήκουσιν
1275 3574 1455 3650 ὥσπερ
1497 3575 1586 3629 καὶ
1645 3575 1697 3628 οἱ
1748 3573 1935 3649 τρίγα-

298 3685 395 3737 μοι
424 3666 510 3719 καὶ
560 3664 881 3740 πολύγαμοι
905 3684 918 3697 θ
971 3665 1114 3719 οὕτω
1154 3667 1254 3740 γὰρ
1305 3663 1568 3734 κέκληται
1598 3666 1632 3732 ἡ
1670 3664 1802 3737 μετὰ
1832 3665 1932 3732 τὴν

292 3753 481 3822 τρίτην
508 3757 640 3828 πρὸς
690 3758 798 3809 τῶν
851 3754 1139 3828 Πατὲρων.
1195 3760 1261 3809 Ἠ
1316 3753 1794 3827 στεφανούσθωσαν
1844 3753 1934 3806 κά-

293 3849 500 3904 κεῖνοι,
541 3842 704 3899 Ἀλλ’
753 3843 924 3904 ὄντως
956 3846 990 3912 ἡ
1043 3845 1174 3918 ἄγαν
1225 3841 1471 3907 διάλυσις
1517 3846 1624 3898 τῶν
1670 3843 1933 3910 κανόνων,

297 3931 510 4005 μᾶλλον
562 3931 617 3986 δὲ
669 3937 766 3986 τοῦ
826 3931 1189 4007 Εὐαγγελίου,
1251 3933 1314 3986 οὐ
1374 3929 1639 4008 διγάμους
1695 3935 1787 3984 νῦν
1847 3929 1936 3984 καὶ

285 4025 616 4096 τριγάμους,
685 4021 830 4078 ἀλλά
895 4023 982 4077 καὶ
1053 4025 1288 4098 μοιχοὺς
1377 4025 1756 4102 στεφανοῦσθαι
1833 4021 1937 4076 ὑπὸ

281 4117 391 4166 τῶν
453 4112 638 4185 ἱερέων
697 4114 1032 4184 πεποίηκεν·
1098 4115 1176 4175 ὡς
1237 4116 1324 4168 καὶ
1385 4119 1510 4176 τοῦς
1586 4119 1655 4187 τῇ
1722 4112 1936 4188 ἂντοχθῇ

285 4206 383 4258 τοῦ
468 4202 613 4257 θείου
686 4205 860 4276 νόμου
941 4205 1016 4277 μή
1098 4202 1150 4258 ἐν
1224 4205 1404 4276 τούτῳ
1483 4204 1938 4280 συναιρουμὲνους

285 4289 582 4362 διώκουσα,
611 4293 700 4347 καὶ
736 4294 1220 4366 ἀναθεματίζουσα,
1267 4294 1340 4356 ὡς
1388 4292 1718 4370 ἀλλοτρίους
1767 4296 1940 4368 Χρισ-

280 4381 404 4449 τοῦ,
455 4381 580 4443 τοὺς
644 4381 778 4457 ὑπὲρ
836 4381 1062 4452 ἐντολῆς
1118 4384 1209 4438 καί
1270 4381 1533 4453 ἀληθείας
1587 4382 1747 4438 αὐτοῦ
1800 4383 1938 4438 ἐνισ-

282 4471 586 4542 ταμενονς.
651 4473 929 4543 Ἐκστηθι,
999 4471 1214 4546 οὗρανέ,
1277 4471 1366 4527 ἐπὶ
1425 4473 1647 4544 τούτῳ.
1706 4473 1772 4527 τὰ
1831 4470 1940 4528 ἄνω

284 4558 458 4626 κάτω,
517 4560 551 4627 ἡ
595 4555 906 4629 δικαιοσύνη
983 4559 1202 4634 ἀνομία,
1278 4561 1340 4614 τὸ
1400 4566 1514 4638 φῶς
1592 4559 1826 4629 σκότος,
1888 4559 1936 4629 ἐξ

285 4646 365 4700 ὧν
398 4647 449 4700 οἱ
480 4649 811 4722 Μοιχειανοὶ
841 4647 1059 4722 λέγουσι
1099 4650 1189 4704 καὶ
1233 4651 1555 4724 πράττουσι,
1601 4647 1938 4708 δείκνυνται.

284 4737 466 4788 Τοῦυο
520 4740 638 4800 τοῖς
690 4735 926 4810 τυφλοῖς
984 4738 1073 4792 καὶ
1129 4743 1332 4818 κωφοῖς
1392 4739 1528 4793 κατὰ
1585 4739 1796 4812 ψυχὴν,
1847 4737 1938 4792 καὶ

285 4824 525 4879 ἐντεῦθεν
555 4830 650 4880 τοῦ
682 4827 1063 4907 Ἀντιχρίστου
1092 4829 1158 4883 τὰ
1207 4824 1460 4902 πρὸλαϐα
1511 4829 1733 4907 φέρουσι
1765 4870 1780 4884 .
1829 4827 1936 4882 Τά-

286 4933 366 4988 χα
397 4910 444 4967 δ’
493 4914 551 4968 ἄν
597 4915 816 4971 κάκεῖνα
861 4917 1072 4981 εἶ’ποις.
1124 4917 1190 4972 Εἴ
1215 4919 1276 4973 τὸ
1324 4915 1378 4972 ἓν
1435 4917 1600 4992 μέρος
1655 4915 1739 4986 εἴη
1792 4938 1938 4992 παρ-

287 5006 465 5074 θὲνον,
523 5009 640 5067 πῶς
697 5007 918 5082 λέγουσί
967 5030 1123 5077 τινες,
1173 5009 1246 5070 ὡς
1314 5010 1376 5063 τὸ
1431 5010 1525 5080 μὲν
1583 5012 1934 5085 στεφανοῦται

286 5095 342 5149 ἐν
370 5098 438 5168 τῇ
470 5094 704 5174 κεφαλῆ,
737 5097 797 5151 τὸ
848 5095 903 5152 ’δὲ
952 5098 1058 5152 ἀπὸ
1105 5099 1305 5174 γάμου,
1356 5097 1407 5152 ἐν
1457 5103 1534 5169 νῷ
1581 5094 1741 5170 ὤμῳ,
1789 5118 1936 5172 γενο-

289 5185 458 5257 μένης
489 5187 585 5255 τῆς
619 5193 948 5264 ατεφανικῆς
997 5186 1209 5264 εὐχῆς;
1246 5185 1344 5240 Καί
1389 5208 1482 5259 μοι
1525 5187 1660 5262 πρὸς
1705 5190 1772 5259 τῇ
1807 5187 1934 5240 ἄτο-

281 5273 386 5344 πίᾳ
422 5292 435 5304 ·
465 5268 544 5328 ἔτι
584 5275 672 5328 καὶ
720 5273 942 5351 γελοῖον
990 5274 1228 5351 φαίνεται
1255 5319 1266 5330 .
1294 5272 1536 5329 Διδόσθω
1585 5275 1688 5351 γὰρ
1737 5295 1933 5351 τριγα-

287 5367 410 5437 μεῖν
437 5381 452 5394 °
484 5365 573 5418 καὶ
620 5367 726 5419 ποῦ
771 5364 948 5434 τεθείη
984 5365 1011 5418 ὁ
1044 5364 1302 5442 στέφανος
1329 5384 1345 5436 ;
1375 5361 1426 5418 ἒν
1482 5369 1550 5438 τῇ
1583 5363 1754 5440 χειρὶ,
1785 5362 1821 5434 ἤ
1850 5364 1931 5426 εἷς

280 5452 348 5508 τὸ
375 5451 542 5528 γόνυς
594 5452 705 5529 εἷ’γε
751 5454 842 5508 καὶ
873 5455 908 5523 ἡ
940 5454 1230 5531 γημαμένη
1286 5455 1388 5508 εἷεν
1442 5452 1547 5508 ἀπὸ
1591 5455 1841 5528 χηρείας,
1875 5453 1927 5510 ἐν

278 5544 361 5615 τῷ
391 5536 528 5616 ὣμῳ
556 5545 649 5599 τὸν
683 5546 939 5620 στέφανον
971 5541 1172 5615 δέξεται
1198 5587 1211 5600 .
1244 5544 1454 5598 ’Δτοπα
1485 5546 1656 5598 ταῦτα
1678 5587 1693 5602 .

357 5671 407 5710 ⁸⁸
437 5673 577 5730 Gen.
611 5690 652 5744 ι,
685 5673 778 5732 27.

2045 1876 2462 1948 monogamicis
2516 1878 2875 1934 adhibetur?
2901 1879 3210 1937 Ostensum
3264 1900 3397 1953 ergo
3445 1901 3689 1957 prorsus

2041 1971 2216 2020 estex
2238 1982 2537 2021 sacrarum
2569 1966 2918 2022 Litterarum
2945 1973 3294 2042 Patrumquc
3315 1976 3686 2040 auctoritate,

2040 2064 2294 2125 expertes
2325 2072 2549 2111 coronae
2582 2059 2874 2114 secundas
2900 2061 3130 2131 nuptias
3152 2079 3301 2127 esse,
3336 2067 3391 2118 et
3422 2068 3684 2135 propter-

2042 2161 2108 2200 ea
2157 2161 2228 2198 ne
2276 2161 2309 2198 a
2360 2146 2652 2201 sacerdote
2711 2147 2946 2218 quidem
3031 2149 3307 2220 copulari.
3356 2152 3685 2216 Quinetiam

2043 2251 2231 2305 neque
2270 2235 2582 2290 extraditas
2632 2235 2761 2291 illas
2797 2238 2993 2302 fuisse,
3027 2240 3127 2294 sed
3161 2245 3282 2295 tum
3321 2240 3556 2297 demum
3589 2245 3687 2299 ad-

2043 2323 2268 2388 missas,
2328 2339 2461 2377 cum
2512 2325 2734 2395 expleta
2793 2326 2964 2381 fuerit
3012 2329 3381 2385 sacerdotum
3447 2332 3686 2388 arbitrio

2043 2412 2306 2482 injuncta
2329 2413 2694 2482 poenitentia:
2730 2420 3032 2486 postquam
3087 2422 3142 2472 et
3199 2419 3527 2474 divinorum
3561 2437 3688 2476 mu-

2045 2516 2248 2556 nerum
2283 2502 2782 2573 participationem
2831 2504 3112 2575 obtinent,
3142 2507 3394 2578 indeque
3448 2509 3686 2564 benedi-

2046 2595 2255 2644 cuntur
2278 2590 2425 2646 velut
2442 2591 2504 2647 in
2525 2594 2914 2662 coronatione,
2932 2595 3201 2650 inferiore
3216 2599 3469 2667 quodam
3495 2600 3686 2666 modo,

2048 2684 2178 2749 post
2215 2679 2656 2750 indulgentiam.
2719 2683 3046 2739 Benedictio
3099 2686 3256 2741 enim
3306 2691 3395 2742 est
3444 2704 3685 2757 munus,

2044 2773 2171 2824 tum
2204 2769 2371 2824 etiam
2404 2778 2456 2826 et
2485 2773 2773 2843 specimen
2815 2775 3246 2845 coniunctionis
3281 2793 3382 2848 per
3413 2779 3688 2832 sacerdo-

2047 2862 2187 2926 tem,
2220 2859 2372 2929 quod
2395 2875 2463 2914 ex
2492 2876 2557 2916 eo
2589 2869 2848 2932 tempore
2879 2880 2992 2918 non
3016 2865 3398 2935 prohibentur
3426 2883 3558 2921 cum
3590 2867 3684 2934 iis,

2049 2946 2140 3017 qui
2165 2947 2233 3002 ad
2256 2949 2543 3005 secundas
2591 2951 2824 3023 unptias
2864 2953 3194 3022 convolant,
3256 2955 3538 3022 convesci,
3568 2973 3685 3012 nou

2049 3051 2219 3091 secus
2250 3043 2422 3108 atque
2439 3053 2571 3094 cum
2607 3041 2985 3112 monogamis.
3019 3043 3202 3113 Atque
3235 3043 3341 3099 hoc
3385 3045 3556 3100 modo
3601 3046 3684 3101 di-

2047 3231 2366 3286 agnoscens
2398 3219 2681 3274 secundas
2703 3236 2764 3276 se
2796 3237 2829 3276 a
2855 3223 3222 3293 monogamia
3244 3227 3436 3294 partes
3460 3232 3676 3293 tenere;

2047 3321 2150 3360 nec
2196 3305 2480 3363 immerito
2531 3324 2795 3380 quaerens
2843 3310 3163 3381 primarum
3210 3312 3366 3382 jura,
3394 3330 3518 3384 qua
3554 3314 3679 3384 jam

2044 3401 2176 3450 ante
2208 3399 2484 3469 percepit.

2115 3483 2344 3547 Quaeres
2403 3487 2646 3543 forsitan
2697 3491 2990 3560 quomodo
3047 3506 3180 3562 ergo
3227 3494 3681 3565 coniungantur.

2045 3573 2328 3630 Humanis
2350 3576 2562 3633 ofﬁciis
2593 3578 2744 3633 sicut
2775 3584 2831 3634 et
2851 3580 3083 3653 trigami
3115 3586 3172 3637 et
3224 3583 3517 3654 polygami
3551 3601 3564 3640 :
3599 3584 3682 3639 sic

2045 3664 2201 3718 enim
2219 3663 2411 3721 Patres
2432 3673 2637 3722 vocant
2653 3684 2748 3723 eos
2765 3669 2863 3740 qui
2881 3670 3070 3726 ultera
3100 3671 3304 3727 tertias
3338 3675 3677 3744 procedunt.

2048 3756 2160 3807 Aut
2190 3758 2341 3809 certe
2397 3761 2748 3811 coronentur
2781 3757 2954 3814 etiam
3005 3759 3120 3814 isti.
3161 3761 3466 3817 Enimvero
3507 3779 3684 3818 cano-

2047 3857 2186 3896 num
2218 3842 2530 3898 immodica
2557 3846 2875 3912 subversio,
2898 3847 2983 3902 vel
3007 3849 3198 3919 potius
3228 3849 3543 3922 Evangelii,
3569 3867 3684 3906 non

2048 3930 2313 4000 digamos
2337 3949 2488 3986 nunc
2518 3938 2575 3988 et
2607 3934 2906 4005 trigamos,
2930 3936 3031 3991 sed
3055 3943 3110 3991 et
3132 3939 3386 3994 moechos
3409 3940 3671 3995 caronari

2049 4017 2182 4072 fecit
2211 4035 2242 4072 a
2273 4021 2669 4076 sacerdotibus
2706 4041 2717 4078 :
2743 4040 2869 4094 quae
2892 4030 2948 4079 et
2977 4023 3108 4081 illos
3157 4028 3549 4100 persequitur,
3577 4029 3678 4098 qui

2049 4123 2152 4178 pro
2184 4105 2307 4178 lege
2323 4108 2517 4165 divina
2545 4117 2894 4182 pugnantes,
2919 4115 3317 4172 conscntirein
3351 4133 3416 4172 eo
3443 4119 3679 4184 nolunt;

2048 4201 2104 4250 et
2132 4197 2519 4268 anathemate,
2551 4200 2709 4256 velut
2737 4218 2770 4256 a
2800 4202 3028 4260 Christo
3060 4204 3298 4273 alienos,
3332 4207 3574 4263 damnat
3589 4223 3684 4263 eos

2049 4285 2149 4356 qui
2173 4302 2273 4358 pro
2305 4287 2428 4357 ejus
2452 4289 2726 4344 mandato
2756 4308 2820 4346 ac
2843 4293 3080 4349 veritate
3108 4294 3442 4367 insurgunt.
3468 4296 3688 4351 Obstu-
3733 4346 3737 4350 .

2050 4393 2250 4447 pesces
2281 4393 2452 4445 super
2492 4377 2621 4445 hoc,
2651 4379 2900 4436 cmlum:
2935 4399 3146 4454 supera
3189 4385 3426 4440 deosum
3459 4386 3690 4456 justitia

2049 4464 2350 4535 iniquitas,
2377 4465 2478 4521 lux
2500 4455 2768 4536 tenebrae,
2803 4487 2869 4525 ex
2900 4471 2970 4526 iis
3001 4489 3126 4542 quae
3150 4455 3474 4529 Moechianii
3489 4474 3692 4530 dicunt

2050 4557 2106 4609 et
2137 4558 2337 4624 agunt,
2371 4571 2497 4610 esse
2539 4559 3006 4629 comprobantur.
3041 4562 3172 4617 Haec
3212 4565 3375 4619 caecis
3396 4569 3453 4619 et
3496 4568 3688 4621 mente

2048 4643 2249 4713 captis,
2274 4648 2448 4716 atque
2465 4646 2592 4701 ideo
2628 4649 2963 4704 Antichristi
2989 4651 3307 4720 primordia
3329 4653 3688 4724 gerentibus.

2047 4731 2259 4786 Forsan
2291 4737 2346 4788 et
2377 4733 2482 4789 hoc
2513 4735 2667 4790 dices
2703 4752 2716 4791 :
2750 4738 2806 4792 Si
2840 4738 3071 4809 quidem
3118 4757 3251 4812 pars
3302 4741 3482 4796 altera
3526 4742 3690 4812 virgo

2048 4821 2145 4890 sit,
2179 4827 2504 4890 coronatur,
2531 4834 2592 4879 ut
2626 4825 2889 4881 nonnulli
2921 4828 3146 4896 dicunt,
3183 4829 3302 4885 haec
3349 4830 3584 4901 quidem
3629 4830 3690 4884 in

2047 4910 2232 4981 capite
2257 4929 2270 4979 ;
2323 4911 2499 4967 altera
2529 4931 2658 4970 vero
2678 4931 2805 4986 quae
2831 4917 3052 4988 nuptiis
3081 4919 3205 4988 jam
3238 4919 3546 4988 perfuncta
3576 4923 3687 4986 est,

2046 5003 2103 5056 in
2137 5003 2400 5075 humero,
2432 5008 2568 5062 dum
2587 5009 2885 5064 coronaria
2918 5008 3170 5079 precatio
3195 5008 3507 5078 peragitur.
3542 5007 3689 5062 Mihi

2045 5108 2178 5148 vero
2218 5110 2333 5149 non
2359 5094 2545 5150 solum
2595 5095 2940 5156 absurdum,
2979 5096 3078 5151 sed
3134 5097 3451 5154 ridiculum
3509 5096 3683 5152 etiam

2048 5181 2151 5237 hoc
2184 5183 2425 5240 videtur.
2450 5185 2676 5240 Etenim
2709 5187 2936 5242 tertium
2990 5188 3234 5242 nubenti
3289 5188 3524 5243 ubinam
3577 5204 3686 5258 po-

2044 5277 2216 5328 netur
2245 5276 2572 5332 corona?in
2607 5293 2806 5343 manu,
2839 5294 2914 5333 an
2958 5280 3027 5333 ad
3057 5294 3210 5349 genu
3231 5278 3258 5333 ‘2
3289 5293 3421 5332 cum
3461 5293 3527 5332 ea
3557 5292 3680 5348 qu

2041 5361 2219 5418 vidua
2268 5364 2457 5432 nubit,
2487 5365 2547 5421 in
2589 5365 2829 5422 humero
2879 5371 3208 5423 coronetur.
3243 5366 3512 5423 Absurda
3539 5368 3682 5422 sunt

2040 5451 2154 5509 ista
2185 5469 2441 5524 prorsus.
