4084 6284
408 345 560 406 1095

1653 338 1714 397 S.
1761 336 1863 396 TH
1876 333 2161 395 EODORI
2199 331 2558 396 S'I‘UDlTxE

3623 343 3754 405 1096

476 477 613 541 Quis
646 492 775 532 vero
805 492 1076 530 coronam
1127 471 1429 543 imponet?
1458 476 1512 527 et
1559 469 1848 542 quomodo
1897 468 2047 522 indi-

2237 465 2330 527 Τίς
2390 464 2446 520 δὲ
2505 469 2532 521 ὁ
2591 473 2899 544 στεφανῶ-ις
2959 469 3044 522 καῖ
3106 471 3286 537 πῶς-ἦ
3323 468 3591 543 ἀμέριστος
3640 473 3758 548 εὐχή

409 568 538 622 visa
606 565 934 621 benedictio
963 561 1306 618 dividetur?
1340 578 1474 633 pars
1525 559 1726 625 altera,
1788 563 1852 612 ut
1906 557 2054 612 labis

410 671 611 726 expers
658 653 999 725 victrixque,
1032 653 1429 717 benedicatur,
1470 650 1650 704 altera
1697 665 1812 703 non
1861 648 2000 702 item
2028 646 2056 701 ‘I

411 743 679 800 Ridicule
701 761 810 810 res,
844 748 899 798 et
921 760 1044 814 quae
1084 741 1207 796 fieri
1266 738 1426 794 nullo
1474 739 1645 793 modo
1668 737 1870 808 possit.
1906 737 2054 801 Quo-

412 834 587 890 modo
617 849 730 888 una
778 832 1251 888 communionem
1285 828 1549 900 accipiet,
1575 827 1752 882 altera
1801 825 2056 897 privabi-

411 927 528 992 tur,
563 923 775 993 quippe
807 939 932 993 quae
979 920 1376 990 paenitentiam
1410 917 1592 990 agat?
1621 916 1778 979 Quod
1829 915 1879 971 si
1921 931 2054 987 pars

410 1014 522 1068 ista
551 1011 638 1066 vir
667 1011 762 1079 sit,
787 1013 1064 1065 virautem
1098 1007 1567 1081 caputmulieris,
1591 1014 1644 1060 et
1667 1013 1856 1076 partes
1873 1005 2055 1060 ambas

411 1101 472 1154 in
505 1117 685 1155 unum
707 1116 917 1170 corpus
941 1099 1299 1153 adhaerentes
1325 1118 1338 1166 ;
1364 1095 1737 1168 participabit
1768 1094 2055 1164 reliquum

414 1206 642 1260 corpus,
667 1195 840 1260 caput
871 1194 1060 1243 autem
1087 1203 1456 1258 nequaquam
1479 1186 1506 1240 ?
1535 1185 1836 1241 Dividetur
1865 1184 2057 1238 conie-

413 1278 550 1334 stim
603 1279 757 1349 quod
809 1294 1133 1334 connexum
1184 1282 1294 1344 est,
1325 1276 1397 1330 ab
1457 1276 1582 1346 ipso
1647 1273 1744 1345 qui
1826 1273 2059 1342 copulat

412 1371 746 1435 sacerdote;
774 1368 878 1422 hoc
905 1367 1139 1437 quidem
1187 1383 1255 1422 ex
1307 1365 1700 1431 concessione,
1733 1363 1781 1419 si
1821 1363 2057 1434 quidem

419 1457 591 1513 detur
623 1462 687 1512 ut
718 1457 774 1510 id
808 1456 983 1510 faciat
1007 1473 1020 1523 ;
1041 1461 1216 1526 caput
1238 1455 1394 1510 enim
1429 1455 1676 1524 finisque
1703 1450 2062 1522 conjunctio-

414 1547 506 1602 nis
537 1550 628 1602 est
657 1551 925 1601 sanctum
959 1551 1014 1600 et
1036 1547 1274 1600 unicum
1307 1560 1514 1614 corpus
1548 1559 1613 1597 ac
1644 1542 1882 1613 sanguis
1903 1540 2061 1596 Chri-

415 1635 490 1692 sti
510 1634 540 1689 ?
560 1637 660 1689 aut
690 1633 973 1688 ambobus
1003 1632 1295 1703 impertiat
1319 1649 1331 1698 ;
1357 1632 1466 1686 Sed
1511 1632 1815 1685 mittamus
1856 1629 2057 1698 loqua-

414 1725 673 1781 citatem.
705 1722 826 1778 Erit
863 1722 1016 1778 enim
1075 1721 1182 1778 iste
1231 1721 1536 1777 manifesto
1592 1737 1709 1774 non
1768 1720 2060 1786 sacerdos,

2168 558 2596 627 μερισθήσεται;
2657 558 2880 630 θάτερον
2937 562 3045 612 τῶν
3109 562 3312 632 μερῶν,
3371 559 3442 619 ὼς
3497 561 3760 635 ἁκηλίτων,

2164 644 2254 697 καὶ
2312 647 2555 714 νικῆσαν,
2617 645 3060 720 εὐλογούμενον·
3126 645 3344 720 θάτερον
3405 643 3460 701 δὲ
3515 651 3618 721 μή;
3668 658 3759 706 τῶν

2163 733 2398 808 γελοίων
2428 735 2516 789 καὶ
2557 735 2856 811 ἀμηχάνων
2883 780 2897 792 .
2952 741 3077 797 Πῶς
3124 737 3185 790 τὸ
3221 737 3314 810 μὲν
3346 733 3398 790 ἓν
3455 738 3638 809 μεθέξει
3681 748 3764 811 τῆς

2163 825 2470 893 κοινωνίας,
2514 827 2576 881 τὸ
2623 825 2679 881 δὲ
2721 824 2905 901 ἕτερον
2959 827 3056 882 οὕ·
3109 827 3326 901 ἐπείπερ
3375 827 3425 882 ἐν
3466 828 3764 902 ἐπιτιμίοις

2165 911 2278 989 εἷ’γε
2307 914 2396 969 καὶ
2445 914 2528 986 εἷή
2579 919 2738 970 τοῦτο
2770 917 2797 970 ὁ
2847 917 3021 989 ἀνήρ·
3073 917 3208 992 ἀνὴρ
3255 915 3462 994 κειραλὴ
3507 919 3764 993 γυναικός·

2163 1004 2254 1059 καὶ
2285 1003 2359 1066 εἷς
2388 1003 2441 1059 ἓν
2489 1009 2647 1077 σῶμα
2690 1003 2854 1082 ἄμφω
2893 1005 2960 1060 τὰ
3019 1003 3379 1060 συνελθόνταο
3434 1007 3766 1082 μεταλήψεται

2163 1093 2225 1147 τὸ
2258 1091 2451 1148 λοιπὸν
2486 1098 2644 1166 σῶμα
2664 1113 2676 1124 ·
2767 1094 2978 1174 κεφαλή
3006 1093 3061 1149 δὲ
3091 1094 3153 1150 οὕ
3178 1115 3193 1164 ;
3224 1097 3555 1168 τμηθήσεται
3583 1097 3640 1152 τὸ
3671 1103 3769 1167 ζευ-

2164 1184 2296 1258 χθεν
2330 1181 2485 1244 εὐθὺς
2521 1184 2608 1239 ὑπ’
2639 1183 2804 1239 αὐτοῦ
2833 1188 2930 1238 τοῦ
2973 1184 3337 1246 συνάπτοντος
3370 1184 3549 1259 ἱερέως
3575 1206 3586 1219 ’
3631 1188 3768 1241 τοῦτό

2166 1295 2228 1350 γε
2266 1274 2403 1328 κατὰ
2454 1274 2827 1352 συγχώρησιν,
2880 1271 3123 1336 δοθέντος
3169 1275 3335 1349 τυχὸν
3385 1280 3554 1329 ποιεῖν
3597 1276 3768 1330 αὐτόν’

2164 1360 2459 1441 κεφάλαιον
2487 1362 2590 1436 γὰρ
2622 1363 2713 1416 καὶ
2738 1363 2896 1426 τέλος
2924 1367 3022 1428 τῆς
3058 1361 3279 1435 ζεύξεως
3306 1364 3367 1417 τὸ
3400 1365 3548 1440 ἅγιον
3579 1364 3661 1418 καί
3703 1364 3774 1418 έν-

2170 1456 2305 1505 ιαῖον
2361 1455 2519 1523 σῶμα
2564 1451 2650 1504 καὶ
2705 1453 2841 1524 αἷμα
2884 1453 3150 1524 Χριστοῦ·
3187 1452 3220 1520 ἧ
3252 1451 3456 1525 ἀμφοῖν
3509 1449 3775 1524 μεταδοίης

2169 1539 2267 1594 Καί
2296 1560 2360 1614 γε
2391 1537 2794 1616 ἂπηλλάγμεθα
2819 1537 3146 1615 ἀδολεσχίας
3171 1557 3185 1570 ⁸
3221 1546 3374 1594 ’Ἐστι
3406 1541 3508 1615 γάρ
3529 1539 3781 1616 ἆριδήλως

2168 1631 2196 1684 ὁ
2225 1631 2476 1690 τοιοῦτος
2531 1628 2638 1702 οὐχ
2696 1629 2889 1700 ἱερεὺς,
2944 1628 3092 1684 ἀλλὰ
3130 1625 3452 1704 παραϐάτης
3499 1633 3600 1683 τῶν
3643 1629 3779 1683 θείων

2169 1716 2482 1788 διατάξεων,
2516 1718 2605 1771 καὶ
2652 1714 2741 1771 διὰ
2767 1721 2926 1772 τοῦτο
2975 1717 3065 1772 καὶ
3112 1724 3212 1787 τῆς
3261 1717 3557 1794 ἱερωσύνης
3592 1713 3785 1774 ἔκπτω-

413 1812 515 1868 sed
574 1812 905 1867 divinarum
991 1810 1466 1866 constitutionum
1524 1814 1945 1879 transgressor,
1995 1823 2060 1862 ac

2172 1827 2290 1869 τος·
2323 1807 2486 1861 ὁπότε
2525 1804 2653 1861 οὐδὲ
2701 1807 3002 1876 ἐστιαθῆναι
3032 1812 3112 1879 τῷ
3159 1809 3396 1880 τοιούτῳ
3441 1809 3595 1884 γάμῳ
3623 1830 3784 1884 παρα-

385 1890 652 1973 ]ποὶηᾶο
679 1901 806 1972 ipso
830 1901 1148 1973 privandus
1195 1899 1547 1966 sacerdotio;
1591 1907 1649 1954 ut
1684 1899 1776 1954 cui
1810 1914 1882 1953 ne
1924 1914 2062 1969 epu-

420 1991 525 2047 lari
558 1991 794 2064 quidem
835 1991 890 2045 in
953 1991 1170 2045 talibus
1227 1988 1443 2059 nuptiis
1495 1988 1686 2053 liceat,
1740 1988 1953 2043 nedum
2001 1992 2066 2041 ut

426 2086 648 2136 tantum
681 2079 873 2135 scelus
903 2078 1245 2134 committat.
1270 2079 1415 2142 Quid
1452 2093 1609 2147 ergo,
1643 2077 1816 2145 dices,
1850 2076 2067 2131 amittit

428 2186 563 2241 pars
621 2169 916 2240 virginalis
958 2167 1246 2224 victricem
1307 2183 1582 2222 coronam
1641 2183 1766 2221 cum
1829 2165 2067 2220 benedi-

429 2258 617 2312 ctione
645 2274 659 2324 ;
692 2273 758 2312 ac
811 2274 922 2312 non
973 2256 1182 2312 evincit
1240 2256 1434 2327 potius
1491 2273 1625 2326 pars
1657 2272 1769 2311 non
1803 2256 1972 2323 victa,
2005 2259 2070 2310 ut

429 2347 603 2402 simul
641 2347 1035 2415 benedicatur,
1057 2346 1230 2400 simul
1265 2353 1594 2415 coronetur,
1625 2350 1682 2401 et
1712 2347 2070 2401 communio-

427 2452 560 2493 nem
593 2436 769 2492 simul
796 2438 1041 2508 accipiat
1065 2453 1196 2508 pars
1228 2436 1406 2491 altera
1428 2452 1523 2506 per
1553 2436 1865 2507 dignmiam
1885 2434 2072 2490 victa?

427 2527 485 2582 Si
520 2527 598 2582 ita
630 2531 802 2594 esset,
835 2527 1125 2582 sancitum
1160 2543 1300 2581 sane
1333 2526 1538 2581 fuisset
1567 2527 1800 2580 Patrum
1834 2525 2068 2580 canoni-

424 2616 536 2671 bus
561 2633 574 2671 :
600 2617 700 2671 sed
733 2616 1048 2672 discrimen
1074 2614 1303 2670 nullum
1331 2615 1548 2671 factum
1576 2624 1679 2670 est.
1706 2615 1866 2679 Quod
1899 2614 2076 2683 igitur

424 2704 662 2760 Patrum
695 2705 1031 2760 testimonio
1064 2704 1327 2758 decisum
1361 2720 1474 2758 non
1508 2709 1596 2758 est
1630 2720 1735 2758 nec
1794 2703 2072 2758 constitu-

423 2798 573 2859 tum,
605 2793 799 2848 inanis
822 2795 1169 2864 arrogantiae
1198 2800 1284 2848 est
1339 2793 1396 2847 id
1450 2794 1723 2864 cogitare,
1756 2797 1811 2847 et
1862 2791 2073 2855 dicere,

422 2882 715 2938 etfacere.
754 2883 870 2954 Ego
903 2899 1033 2938 vero
1067 2881 1150 2936 sic
1207 2881 1414 2946 sentio,
1445 2883 1579 2951 jure
1621 2886 1840 2952 partem
1900 2880 2077 2950 virgi-

435 2970 626 3026 nalem
661 2971 1046 3043 monogamia:
1081 2970 1189 3025 rilu
1226 2970 1562 3041 privari;ut
1599 2970 1688 3026 cui
1722 2969 2079 3041 liqueritper

425 3060 692 3130 ejusdem
718 3060 940 3115 ordinis
967 3064 1295 3115 consortem
1320 3059 1420 3113 illo
1446 3059 1554 3113 frui
1576 3057 2077 3130 :quandoquidem

422 3165 637 3220 purum
699 3165 801 3220 pro
847 3148 1015 3221 jungi
1075 3150 1260 3214 decet,
1303 3157 1354 3202 et
1409 3148 1688 3218 virginem
1741 3147 1972 3218 virgini,
2022 3150 2079 3202 et

419 3239 695 3294 victorem
753 3238 974 3293 victori.
1037 3237 1260 3292 Decidit
1316 3242 1508 3290 autem
1553 3236 1650 3308 qui
1700 3252 1814 3291 non
1865 3235 2064 3307 virgini

2183 3236 2507 3312 συναφθῆναι
2543 3253 2556 3265 ·

422 3327 682 3397 copulari
711 3325 914 3393 voluit,
947 3331 1004 3382 et
1042 3325 1381 3397 virginalem
1431 3325 1674 3397 gloriam
1735 3342 1800 3380 ea
1847 3325 2069 3380 ratione

419 3416 843 3472 dehonestare?
866 3432 1036 3486 quam
1064 3431 1133 3470 ne
1151 3415 1357 3470 habuit
1389 3415 1622 3485 quidem
1658 3414 1923 3481 fortasse,
1949 3422 2066 3482 aut,

420 3520 554 3559 cum
587 3504 846 3573 haberet,
868 3505 1076 3560 vitioso
1098 3519 1236 3575 erga
1265 3503 1564 3575 digamum
1594 3503 1798 3558 affectu
1833 3520 2068 3574 quoquo

421 3594 588 3649 modo
621 3593 926 3665 depressit.
958 3593 1146 3656 Quare
1190 3609 1301 3648 non
1363 3597 1533 3648 modo
1567 3608 1682 3646 non
1713 3591 1934 3656 evebet,
1969 3591 2066 3646 sed

421 3683 614 3752 ipsum
637 3697 870 3753 quoque
902 3681 1188 3754 deprimet
1222 3681 1294 3736 ad
1345 3697 1568 3750 poenam
1617 3681 1794 3752 partis
1832 3681 2069 3750 nuptias

422 3772 707 3826 iterantis.
742 3771 872 3825 Haec
904 3789 935 3826 a
967 3788 1057 3826 me
1108 3787 1206 3840 pro
1269 3770 1488 3824 viribus
1547 3775 1768 3839 reperta
1813 3777 1870 3824 et
1918 3771 2069 3824 dicta

425 3864 584 3926 sunt,
619 3859 700 3914 ﬁli
731 3861 974 3931 egregie.
1009 3861 1164 3925 Quod
1216 3861 1266 3914 si
1317 3860 1418 3914 tibi
1470 3857 1557 3913 vel
1605 3857 1764 3914 alteri
1815 3858 2064 3930 cuipiam

423 3950 618 4004 verius
650 3949 806 4004 aliud
831 3950 1114 4017 videatur,
1139 3952 1310 4005 modo
1332 3965 1399 4004 ex
1421 3949 1722 4020 Scriptura
1753 3954 1980 4004 tantum
2013 3953 2069 4003 et

423 4057 491 4096 ex
525 4045 765 4112 paterna
796 4050 967 4112 atque
997 4041 1276 4096 canonica
1310 4041 1647 4108 traditione;
1673 4041 2067 4095 consentiente

420 4148 551 4188 cum
588 4133 678 4188 his
706 4133 931 4204 privata
953 4149 1077 4204 quae
1113 4133 1350 4188 accedat
1381 4131 1560 4186 animi
1585 4131 2063 4188 ratiocinatione:

419 4219 606 4288 parati
637 4223 694 4273 et
723 4235 827 4274 nos
858 4235 1065 4274 sumus
1115 4218 1358 4288 pedibus
1407 4216 1598 4288 sequi,
1626 4224 1681 4271 et
1704 4217 1895 4271 aliena
1940 4217 2066 4274 luce

412 4306 720 4373 illustrari,
755 4306 901 4361 lucis
933 4306 1045 4379 ipsi
1077 4323 1275 4361 revera
1301 4322 1474 4376 quam
1511 4304 1758 4361 maxime
1804 4310 2063 4378 egentes.

1045 4395 1133 4450 LI.
1165 4425 1234 4437 --
1260 4394 1445 4451 Edam.

2170 1897 2508 1972 κεχώρηται,
2572 1895 2677 1972 οὐχ
2734 1896 2816 1951 ὅτι
2872 1900 3132 1952 τοσοῦτον
3187 1897 3464 1970 ἀνομῆσαι
3499 1941 3510 1955 .
3568 1899 3625 1953 Τί
3680 1897 3782 1969 οὖν,

2171 1987 2361 2060 φαίης,
2393 1973 2669 2039 εἶπόλλυσι
2699 1988 2760 2040 τὸ
2809 1986 3128 2061 παρθενικόν
3182 1987 3344 2062 μέρος
3392 1988 3485 2041 τὸν
3529 1989 3781 2057 νικητικὸν

2174 2073 2428 2149 στέφανὸν
2467 2072 2558 2127 σὺν
2608 2079 2676 2148 τῇ
2727 2073 3062 2148 εὐλογιστίᾳ,
3111 2077 3196 2130 καὶ
3251 2073 3349 2129 οὔκ
3395 2075 3576 2147 ἐκνικᾷ
3614 2077 3670 2131 τὸ
3719 2076 3785 2148 μὴ

2172 2164 2402 2232 ἡττηθὲν
2438 2161 2674 2235 μᾶλλον,
2725 2164 3061 2238 συλλογῆσαι
3106 2166 3193 2220 καὶ
3243 2172 3663 2242 συστεφανῶσαι,
3708 2165 3785 2219 καὶ

2175 2252 2501 2325 συμμεθέξαι
2552 2257 2652 2318 τῆς
2701 2255 3013 2322 κοινωνίας,
3058 2253 3234 2327 ἑαυτῷ
3283 2256 3344 2309 τὸ
3388 2257 3685 2328 ἡττημένον
3724 2252 3798 2308 διὰ

2175 2349 2274 2410 τῆς
2325 2340 2576 2414 διγαμίας
2633 2343 2794 2418 μέρος
2824 2371 2838 2412 ;
2872 2343 2930 2398 Εἰ
2963 2343 3030 2411 ἦν
3071 2347 3254 2414 τοῦτο,
3305 2344 3558 2415 έτυπώθη
3591 2345 3646 2398 ἄν
3674 2344 3800 2418 παρὰ

2176 2435 2282 2484 τῶν
2319 2434 2598 2504 Πατρικῶν
2647 2433 2924 2486 κανόνων’
2974 2430 3102 2486 ἀλλ’
3151 2430 3251 2487 οὒκ
3299 2431 3534 2508 ἐγεγόνει
3579 2454 3658 2496 τις
3703 2430 3805 2487 δια-

2179 2520 2348 2596 φορά.
2392 2521 2458 2577 Ὀ
2506 2517 2561 2574 δὲ
2612 2521 2716 2574 ὑπὸ
2773 2524 3045 2596 Πατρικῆς
3097 2527 3396 2596 μαρτυρίας
3451 2525 3526 2597 μὴ
3623 2521 3809 2596 διακρι-

2179 2611 2263 2664 θὲν
2322 2611 2410 2665 καὶ
2475 2609 2849 2679 ὑποτυπωθὲν,
2909 2606 3258 2684 κενεμϐατεῖν
3317 2610 3431 2666 ἐστι
3491 2614 3578 2668 καὶ
3631 2611 3804 2666 ἐννοεῖν

2181 2701 2268 2755 καὶ
2320 2698 2498 2774 λέγειν
2545 2701 2632 2754 καὶ
2681 2701 2973 2774 πράττειν.
3021 2701 3159 2775 Ἐγώ
3209 2698 3265 2756 δὲ
3295 2701 3470 2756 ἐκεῖνό
3513 2722 3690 2780 φημι’
3734 2700 3808 2755 ὅτι

2183 2790 2408 2850 εἰκότως
2466 2788 2528 2844 ἄν
2583 2789 2644 2844 τὸ
2711 2790 3028 2864 παρθενικὸν
3090 2789 3252 2866 μέρος
3317 2789 3679 2866 ἀποτυγχάνει
3721 2796 3808 2858 τῆς

2187 2885 2572 2953 μονογαμικῆς
2619 2877 2970 2954 παραδόσεως
3004 2899 3019 2912 ⁸
3072 2879 3187 2950 ἐξὸν
3239 2881 3343 2954 γὰρ
3403 2878 3473 2936 δι’
3518 2882 3808 2956 ὁμοταγοῦς

2183 2965 2480 3022 ἀπόνασθαι
2537 2966 2738 3036 ταύτης
2777 2987 2788 2999 ο
2842 2965 3028 3034 ἐπειδὴ
3104 2967 3336 3043 καθαρὸν
3411 2971 3632 3044 καθαρῷ
3703 2988 3808 3021 συν-

2187 3058 2404 3125 απτέον,
2471 3055 2562 3110 καὶ
2625 3056 2888 3129 παρθένον
2950 3057 3218 3132 παρθένῳ,
3303 3057 3394 3112 καὶ
3466 3063 3698 3113 νικῶντα
3745 3060 3812 3126 τῷ

2184 3151 2401 3200 νικῶντι
2435 3162 2449 3176 ⁹
2503 3143 2798 3200 ἀποπίπτει
2858 3144 2914 3200 δέ
2968 3167 3050 3208 τις
3113 3148 3187 3220 μή
3263 3147 3514 3221 παρθένῳ
3571 3145 3812 3216 ἐθελήσας

2627 3232 2933 3298 ίκᾶντεῦθεν
3028 3235 3283 3308 ἀτιμάζοι
3376 3236 3440 3291 τὸ
3509 3234 3808 3310 παρθενικὸν

2175 3321 2335 3385 κλέος
2363 3341 2375 3354 ’
2408 3323 2436 3375 ’ὀ
2473 3319 2614 3395 μηδὲ
2646 3322 2766 3396 εἶχε
2795 3323 2963 3397 τυχόν
2992 3342 3004 3353 ·
3034 3322 3070 3392 ἢ
3100 3323 3189 3377 καὶ
3240 3317 3408 3397 ἔχων,
3460 3327 3531 3398 τῇ
3581 3342 3810 3398 προσπα-

2179 3416 2377 3486 θητικῇ
2413 3413 2594 3489 σχέσει
2640 3417 2737 3468 τοῦ
2788 3410 3148 3488 διγαμοῦντος
3188 3415 3307 3468 καθ’
3364 3415 3582 3470 οἱονοῦν
3626 3412 3811 3490 τρόπον

2177 3499 2475 3560 κατέϐαλε.
2510 3501 2622 3556 Κακ
2643 3501 2838 3556 τούτου
2871 3502 2935 3556 οὐ
2984 3501 3197 3575 μᾶλλον
3248 3502 3454 3576 ἀνάξει,
3503 3503 3649 3559 ἀλλά
3693 3521 3811 3556 κατ-

2179 3593 2287 3662 άξει
2320 3591 2476 3646 αὐτὸν
2511 3591 2585 3652 εἰς
2609 3592 2672 3645 τὸ
2714 3589 2986 3662 ἐπιτίμιον
3018 3596 3115 3647 τοῦ
3166 3590 3538 3666 διγαμοῦντος
3591 3593 3775 3665 μέρους
3800 3646 3812 3660 ,

2177 3682 2351 3736 Ταῦτά
2385 3702 2477 3754 μοι
2507 3681 2644 3736 κατὰ
2682 3682 2744 3736 τὸ
2789 3678 3008 3735 δυνατὸν
3057 3679 3280 3757 εὕρηται
3326 3683 3413 3736 καὶ
3475 3680 3743 3747 λέλεκται,
3771 3680 3810 3731 ὦ

2180 3776 2277 3826 παῖ
2312 3769 2446 3825 καλέ
2472 3815 2484 3828 .
2528 3770 2590 3825 ΕΞ
2634 3767 2691 3824 δέ
2733 3791 2816 3824 σοι
2867 3771 3062 3845 ἑτέρως
3111 3768 3256 3847 ἔχεῖν
3304 3770 3459 3826 δοκεῖ
3501 3764 3810 3840 τάληθὲς,ἥ

2177 3881 2282 3916 τινι
2336 3857 2516 3932 ἄλλῳ,
2583 3859 2742 3932 μόνὸν
2801 3859 2861 3914 ἐκ
2918 3866 3193 3938 Γραφικῆς
3252 3861 3339 3914 καὶ
3401 3866 3676 3934 [ἰατρικῆς
3727 3859 3806 3912 καὶ

2176 3951 2469 4018 κανονικῆς
2535 3949 2942 4021 παραστάσεως.
3023 3952 3388 4023 συνεπομένης
3450 3949 3666 4011 τούτοις
3729 3946 3809 4000 καὶ

3428 4040 3525 4094 καὶ
3557 4041 3716 4111 ἡμεῖς
3758 4055 3811 4110 γε

2175 4124 2562 4200 ποδηγηθῆναι
2590 4123 2828 4199 ἕτοιμοι,
2860 4127 2947 4181 καὶ
2985 4124 3372 4200 ἐλλαμφθῆναι
3410 4129 3686 4202 πρόθυμοι
3720 4131 3809 4193 τῆς

2173 4219 2302 4288 παρ’
2332 4214 2517 4271 ἄλλων
2549 4213 2864 4291 δᾳδουχίας,
2899 4213 3091 4278 ἐνδεεῖς
3123 4217 3300 4295 φωτὸς
3359 4218 3705 4292 ὑπάρχοντες
3737 4214 3813 4268 ὅτι

2177 4303 2414 4379 μάλιστα
2439 4351 2454 4364 .

2545 4395 2708 4452 ΝΑ’.
2741 4427 2806 4437 -
2837 4396 2931 4466 Τῷ
2961 4393 3167 4467 αὐτῷ.
3200 4396 3434 4468 [σκθ’.]

2174 4045 2274 4108 τῆς
2307 4037 2517 4092 οἷ’κοθεν
2567 4035 2996 4110 διανοηματικῆς
3042 4036 3339 4101 ἐπιδόσεως
3366 4059 3378 4071 ⁶

418 4509 806 4562 Cout’essorum
844 4510 1069 4574 aliquot,
1095 4509 1148 4560 in
1181 4509 1371 4574 primis
1393 4510 1660 4574 Euthymii
1691 4510 1916 4574 abbatis,
1941 4510 2118 4572 fidem,
2143 4516 2195 4562 et
2223 4513 2594 4564 constantiam.
2621 4511 2888 4574 simulque
2911 4511 3334 4574 Mmchianorum
3365 4513 3632 4563 saevitiam
3663 4523 3812 4574 expo-

827 4573 1061 4624 nitz’tum
1092 4573 1381 4638 propositas
1413 4573 1477 4622 de
1519 4573 1791 4622 homicidii
1824 4575 1995 4635 pmnis
2019 4575 2306 4638 quaestioni
2345 4579 2652 4638 respondet.
2684 4573 2898 4635 (Baron.
2931 4589 3020 4624 an.
3049 4573 3162 4635 809,
3195 4588 3247 4624 u.
3280 4576 3388 4636 44.)

490 4668 624 4724 Tria
654 4665 776 4720 hac
808 4666 867 4720 in
901 4681 994 4722 me
1035 4665 1347 4720 effecerunt
1401 4663 1601 4719 littera
1633 4668 1768 4723 tute,
1795 4662 1874 4717 {ili
1912 4663 2062 4719 desi-

2240 4662 2372 4737 Τρία
2409 4666 2576 4717 ταῦτα
2623 4663 2870 4717 πέπουθα
2927 4662 2980 4718 έν
3037 4668 3155 4726 τοῖς
3203 4662 3434 4740 παροῦσί
3497 4685 3594 4719 σου
3639 4661 3812 4739 γράμο

419 4763 657 4818 derata:
693 4755 871 4811 simul
912 4753 1066 4810 enim
1115 4753 1416 4823 obstupui,
1440 4751 1761 4807 admiratus
1821 4768 1972 4817 sum,
2008 4756 2066 4808 et

419 4848 644 4907 cantavi
677 4862 693 4901 :
727 4845 978 4917 primum
1012 4848 1246 4916 propter
1276 4843 1509 4912 impios,
1543 4840 1788 4900 alterum
1833 4847 2064 4912 propter

418 4943 567 5014 pios,
607 4935 844 4993 tertium
878 4937 1108 5005 prepter
1146 4933 1327 4988 Deum
1351 4931 1456 5002 qui
1485 4930 1820 4986 corroborat
1841 4945 1938 4986 eos
1961 4929 2063 5000 qui

417 5033 480 5088 in
512 5029 779 5101 ejuslege
809 5026 1158 5083 innituntur.
1183 5025 1250 5079 Et
1279 5024 1348 5078 de
1406 5038 1570 5077 sacro
1617 5023 1850 5092 quidem
1885 5022 2058 5077 Atha-

418 5119 578 5178 nasio
638 5134 762 5174 meo
793 5115 859 5183 δ’,
894 5116 1138 5186 ejusque
1186 5112 1357 5169 sociis
1406 5110 1935 5178 desideratissimis,
1995 5127 2061 5166 ac

419 5211 489 5266 de
521 5207 835 5264 fortissimo
866 5204 1001 5260 item
1057 5218 1185 5257 meo
1219 5200 1635 5266 Theososto,et
1683 5199 1751 5253 de
1808 5204 2060 5268 septem-

421 5298 607 5356 decim
637 5298 763 5368 ejus
795 5292 1052 5349 strenuis
1097 5289 1430 5353 comitibus,
1463 5303 1596 5342 cum
1657 5287 1800 5342 satis
1841 5287 2057 5342 dictum

418 5390 493 5445 sit
522 5388 580 5443 in
614 5386 757 5442 meis
788 5384 857 5439 ad
893 5381 1024 5436 illos
1074 5376 1356 5451 epistolis,
1395 5376 1779 5431 omittendum
1823 5383 1909 5431 est
1953 5376 2060 5432 hoc

417 5477 546 5534 loco
579 5473 884 5547 :quamvis
908 5469 1163 5540 longiore
1192 5465 1354 5538 digni
1387 5465 1502 5522 sint
1535 5465 1788 5520 oratione
1819 5481 1886 5520 ac
1933 5464 2059 5521 lau-

415 5568 627 5631 dibus;
687 5562 782 5636 qui
842 5559 1121 5616 divinitus
1177 5572 1243 5612 ac
1291 5555 1514 5611 fortiter
1563 5553 1953 5627 decertarent,
2003 5561 2059 5612 et

489 5696 542 5734 θον
570 5693 709 5750 Vide
739 5707 933 5764 supra,
967 5688 1138 5761 epist.
1163 5687 1230 5742 43
1262 5692 1321 5744 et
1345 5685 1431 5740 48.

2176 4771 2329 4824 μασι,
2355 4752 2594 4822 παθητὸν
2650 4752 2864 4807 τέκνον·
2911 4753 3052 4824 ὁμοῦ
3089 4772 3148 4806 τε
3196 4751 3522 4829 ἐξεπλάγην,
3572 4752 3810 4827 ἠγάσθην

2169 4860 2248 4909 τε,
2279 4840 2370 4894 καὶ
2400 4838 2503 4912 ﬁsa
2529 4861 2541 4872 θ
2575 4841 2635 4894 τὸ
2669 4840 2762 4912 μὲν
2800 4838 2887 4894 διὰ
2916 4840 3042 4903 τοὺς
3090 4841 3440 4914 παρανόμους
3464 4862 3477 4874 ’
3532 4842 3596 4896 τὸ
3629 4838 3684 4895 δὲ
3731 4836 3812 4893 διὰ

2169 4929 2295 4990 τοὺς
2344 4928 2642 5001 εὐνόμουςο
2691 4931 2754 4983 τὸ
2799 4929 2978 5005 τρίτον
3031 4927 3120 4984 διὰ
3167 4930 3257 4985 τὸν
3297 4929 3642 5004 δυναμοῦντα
3687 4929 3808 4984 Θεὸν

2169 5018 2295 5078 τοὺς
2327 5017 2379 5072 ἐν
2429 5021 2508 5089 τῷ
2565 5019 2720 5092 νόμῳ
2776 5019 2940 5074 αὑτοῦ
3001 5017 3481 5094 ἐπερειδομῶθους.
3537 5019 3641 5076 Καὶ
3693 5015 3810 5091 περὶ

2174 5107 2267 5178 μὲν
2301 5110 2397 5162 τοῦ
2444 5107 2594 5182 ἱεροῦ
2643 5129 2748 5181 μου
2776 5151 2788 5165 .
2843 5108 3187 5178 Ἀθανασίου,
3235 5109 3322 5164 καὶ
3373 5114 3481 5164 τῶν
3529 5109 3622 5163 σὺν
3673 5106 3811 5178 αὖτῷ

2167 5199 2553 5268 τριποθήτωνο
2609 5199 2686 5253 ἔτι
2745 5201 2853 5272 μὴν
2931 5200 3022 5254 καὶ
3077 5204 3174 5255 τοῦ
3228 5197 3636 5274 ἆνδρικωτάτου
3711 5217 3810 5270 μου

2170 5287 2508 5358 Θεοσώστου,
2556 5291 2654 5353 τῆς
2711 5309 2768 5342 τε
2826 5289 2992 5344 αὐτοῦ
3051 5285 3636 5349 δυοπεντεκαιδεκάδος
3695 5289 3808 5340 θεο-

2169 5379 2388 5441 σθενοῦς
2417 5376 2666 5441 συνοδίας
2695 5398 2707 5411 ·
2741 5379 2817 5442 ὡς
2860 5379 2914 5434 ὲν
2957 5385 3073 5443 τοῖς
3131 5381 3267 5453 πρὸς
3310 5378 3504 5438 αὐτούς
3559 5399 3657 5452 μοι
3696 5397 3810 5453 γρα-

2169 5472 2339 5540 φεῖσιν
2371 5467 2556 5522 ἷκανοῦ
2601 5467 2779 5539 ὄντος,
2833 5467 3012 5525 ἐατέον
3065 5467 3289 5525 ἐνταῦθα
3349 5467 3562 5544 λέγειν’
3625 5467 3667 5522 εἰ
3725 5465 3808 5520 καὶ

2169 5557 2252 5611 ὅτι
2282 5557 2552 5612 πλειόνων
2583 5555 2789 5613 δέοιντο
2838 5557 3018 5634 λόγων
3061 5560 3151 5613 καὶ
3195 5558 3457 5614 ἐπαίνων⁹
3511 5557 3676 5620 θείως
3724 5555 3807 5611 καὶ
