4084 6284
364 370 517 433 1097

1637 363 2180 430 EPISTOLARUM
2223 368 2373 432 LIB.
2419 370 2470 431 Ι.

3610 370 3768 434 1098

361 506 676 576 ἆθλητικῶς
735 499 1175 579 διηγωνισμένοι,
1231 500 1322 556 καὶ
1393 494 1473 555 ἔτι
1530 499 2006 577 ἐναγωνιζόμενοι.

2138 520 2273 559 ωηο
2320 520 2549 577 quoque
2614 504 2929 562 decertant.
2980 504 3092 561 Sed
3138 503 3306 561 venio
3354 504 3425 561 ad
3480 508 3770 564 sermonis

363 593 486 651 Ἐπὶ
545 592 602 649 δέ
656 594 745 648 τὸν
793 590 1083 664 κολοφῶνα
1120 595 1220 645 τοῦ
1248 590 1415 665 λόγου
1452 588 1691 662 μέτειμι.
1722 590 1812 651 Τίς
1868 589 2010 644 οὕτω

365 686 569 755 ἀκήκοε
614 680 812 758 σχεδὸν
852 682 1138 757 παράνομα
1194 679 1283 734 καὶ
1342 674 1542 734 ἕκτοπα
1598 681 1949 753 Χριστιανὸς,
1981 678 2014 733 ἃ

370 772 474 830 ὑπὸ
523 777 631 829 τῶν
684 768 1019 844 δυσωνόμων
1066 773 1417 849 Μοιχειανῶν
1453 768 1755 844 γεγένηται,
1786 767 2014 845 λεγομέ-

365 883 473 918 νων
538 862 633 933 μέν
697 862 996 935 ἱεραρχῶν,
1055 854 1224 914 ὄντων
1284 855 1341 913 δὲ
1398 857 1621 932 ἀνιέρων
1679 857 1781 912 ὑπὸ
1838 859 2016 927 πάσης

367 948 744 1019 ἀποστολικῆς
772 950 864 1004 καὶ
904 954 1186 1022 Πατρικῆς
1225 953 1434 1024 φωνῆς,
1465 946 1554 1001 καὶ
1603 944 1722 1002 ἄνευ
1776 954 1877 1017 τῆς
1935 949 2017 1004 αἱ·

371 1042 613 1115 ρέσεως;
665 1037 889 1095 Τύπτων
950 1036 1092 1092 οὕτω
1162 1038 1245 1097 τίς
1298 1038 1520 1114 τέτυφεν
1574 1037 1898 1111 ἀνθρώπων,
1956 1037 2017 1093 οὐ

369 1128 519 1204 λέγω
547 1127 909 1204 Χριστιανική
942 1128 1089 1201 χεὶρ,
1121 1124 1268 1181 ἀλλὰ
1305 1120 1607 1200 βαρϐαρική
1640 1146 1652 1159 ·
1687 1122 1769 1189 ὂίς
1810 1126 2022 1181 ἕκατον-

367 1220 489 1275 τάσι
546 1218 682 1292 πρὸς
732 1216 990 1290 ἐξήκοντα
1054 1217 1145 1270 καὶ
1201 1213 1252 1285 ἐξ
1321 1214 1618 1292 μαστίγων,
1653 1214 1767 1270 εἶτα
1813 1217 1926 1289 μετ’
1961 1215 2021 1271 οὐ

369 1306 538 1377 πολὺ,
572 1303 655 1368 δὶς
688 1302 783 1361 δύο
816 1304 1128 1360 έκατοντάσι
1161 1304 1466 1379 βαυνεόρων
1516 1302 1594 1377 έρί
1637 1308 1744 1359 τῶν
1793 1306 1977 1360 νώτων
2004 1340 2019 1355 .

371 1398 449 1459 ὡς
490 1398 517 1452 6
548 1394 795 1471 γενναῖός
826 1416 885 1470 γε
917 1394 1369 1469 ἀρχιεπίσκοπος,
1406 1391 1617 1466 μᾶλλον
1648 1391 1707 1448 δὲ
1736 1393 2024 1469 ἀλλοτριο-

372 1487 666 1547 επίσκοπος
732 1482 1153 1553 Θεσσαλονίκης,
1184 1484 1275 1538 καὶ
1325 1484 1388 1537 οὐ
1445 1487 1557 1538 τῶν
1610 1482 1877 1558 ἀγελαὲων
1929 1506 2021 1538 τι-

367 1576 455 1647 νὰ,
488 1574 632 1630 ἀλλὰ
665 1574 994 1646 μονάζοντα,
1027 1581 1115 1627 καὶ
1148 1577 1339 1628 τοῦτον
1373 1572 1697 1646 ἡγούμενον,
1732 1573 1824 1627 καὶ
1874 1572 2025 1645 μάλα

367 1666 459 1720 τὸν
506 1661 921 1733 ἐύλαὸέστατον,
954 1658 1200 1735 τοῦνομα
1250 1662 1546 1734 Εὐθόμιυν,
1580 1662 1673 1716 τὸν
1721 1668 1823 1731 τῆς
1872 1662 2023 1716 εὐθυ-

373 1753 500 1827 μίας
550 1749 719 1815 ὅντως
779 1752 1141 1832 φερώνυμον;
1179 1748 1395 1820 Ἐξέστη
1431 1749 1517 1804 ἐπὶ
1571 1749 1748 1822 τούτῳ
1798 1751 1825 1803 6
1857 1749 2026 1824 οὖρα-

2121 592 2522 664 colophonem.
2557 595 2696 660 Quis
2739 611 2994 664 unquam
3026 595 3167 649 adeo
3202 594 3406 666 iniqua
3437 598 3494 650 et
3522 596 3772 652 absurda

2123 682 2487 738 Christianus
2524 684 2764 745 audivit.
2798 700 2863 739 ac
2912 686 3074 754 gesta
3107 688 3246 739 sunt
3276 700 3310 738 a
3356 684 3594 740 nefariis
3626 684 3774 740 Mm-

2125 772 2368 832 chianis,
2417 773 2654 828 nomine
2682 773 2992 844 episCOpis,
3025 789 3087 828 re
3124 776 3319 828 autem
3362 774 3663 846 sacrilegis
3706 790 3775 829 ex

2127 862 2286 918 omni
2334 863 2727 934 apostolorum
2759 868 2814 918 et
2863 863 3097 918 Patrum
3146 862 3499 933 testimonio,
3545 863 3775 920 etiamsi

2129 950 2395 1008 haeresim
2439 952 2693 1022 excipias
2723 952 2751 1007 ?
2784 953 3092 1008 Hominem
3125 950 3435 1008 verberans
3481 951 3614 1023 quis
3662 969 3774 1007 un-

2131 1057 2304 1112 quam
2337 1040 2417 1096 sic
2446 1042 2691 1097 cecidit:
2744 1058 2855 1098 non
2889 1042 3217 1098 Christiana
3247 1041 3375 1097 dico
3409 1058 3638 1104 manus.
3673 1041 3770 1098 sed

2130 1129 2305 1185 etiam
2339 1130 2678 1199 barbarica;
2711 1131 2803 1187 bis
2835 1136 3065 1186 centum
3107 1131 3407 1202 sexaginta
3443 1146 3542 1186 sex
3572 1130 3773 1186 verbe-

2132 1235 2284 1288 rum,
2343 1236 2407 1275 ac
2466 1236 2582 1275 non
2632 1220 2813 1274 multo
2871 1224 3021 1292 post,
3054 1219 3145 1274 bis
3194 1218 3459 1276 ducentis
3514 1219 3776 1274 boiarum

2132 1308 2350 1365 ictibus
2373 1309 2431 1363 in
2464 1308 2736 1364 humeros
2758 1308 2992 1364 inﬂictis
3011 1308 3039 1362 ‘?
3063 1314 3125 1363 ut
3153 1323 3468 1379 generosus
3489 1306 3776 1379 archiepi—

2134 1414 2368 1468 scopus,
2415 1414 2517 1453 seu
2549 1397 2745 1469 potius
2789 1397 3294 1468 allotriepiscopus
3325 1396 3777 1467 Thessalonica,

2136 1504 2250 1541 non
2273 1486 2600 1558 gregarium
2624 1487 2981 1558 quempiam.
3006 1488 3105 1543 sed
3132 1485 3507 1552 monachum,
3529 1501 3779 1556 eumque

2135 1576 2533 1647 praepositum,
2568 1582 2624 1633 et
2671 1577 2907 1647 quidem
2956 1575 3484 1647 religiosissimum,
3563 1574 3779 1647 Euthy-

2136 1666 2337 1733 mium,
2362 1665 2550 1719 securi
2582 1667 2836 1735 rectique
2860 1664 3062 1731 animi,
3087 1681 3280 1719 revera
3302 1663 3521 1718 nomini
3541 1680 3778 1735 respon-

2135 1757 2415 1811 dentem?
2471 1755 2711 1825 Expavit
2753 1754 2962 1811 coelum
3013 1756 3121 1811 hoc
3169 1754 3537 1826 spectaculo:
3589 1758 3647 1810 et
3674 1771 3778 1826 ego

365 1843 455 1905 νός
482 1862 494 1874 ·
528 1843 617 1898 καὶ
649 1837 835 1916 ἔφριξα
868 1840 972 1916 ἐγὼ
1014 1842 1041 1895 ὁ
1081 1841 1248 1900 τάλας
1271 1858 1284 1870 ⁵
1329 1838 1483 1910 οἶμαι
1544 1837 1601 1893 δὲ
1647 1841 1734 1893 καὶ
1797 1844 1900 1902 πᾶς
1943 1861 2025 1906 τίς

2138 1846 2315 1901 miser
2343 1844 2586 1900 audiens
2619 1844 2880 1899 inhorrui
2908 1864 2922 1913 ;
2959 1849 3015 1900 et
3045 1860 3295 1911 mecum,
3318 1844 3545 1915 opinor,
3578 1859 3780 1900 omnes

365 1938 472 1989 τῶν
501 1933 801 2007 ἀνθρώπιον
832 1933 932 2001 τὴν
964 1933 1195 2010 φυσικὴν
1246 1930 1567 2004 ἡμερότητά
1613 1951 1673 1985 τε
1719 1931 1806 1984 καὶ
1859 1928 2021 2000 έλεη-

370 2023 614 2096 μοσύνην
672 2017 839 2096 ἔχων,
881 2022 969 2076 καὶ
1024 2020 1376 2081 ἀκούων.⁶ος
1435 2019 1510 2082 εἷς
1566 2018 1733 2075 τόπον
1787 2023 2019 2093 Χριστοῦ

374 2111 612 2185 ὀφείλων
667 2112 895 2182 κεῖσθαι,
955 2109 1044 2164 καὶ
1112 2108 1451 2180 τυπτόμενος
1512 2110 1586 2178 μὴ
1660 2107 2020 2175 ἀντίτόπτειν,

368 2202 460 2257 καὶ
499 2223 607 2256 των
664 2200 871 2273 θηρίων
901 2197 1181 2272 ὠμότερος
1212 2199 1450 2272 γέγονεν,
1482 2193 1543 2252 οὔ
1601 2196 1653 2252 τί
1691 2219 1796 2252 που
1865 2195 2019 2271 ἴχνος

366 2291 754 2365 Χριστιανικὸν
788 2290 989 2366 φέρων.
1021 2286 1238 2342 πολλοῦ
1269 2307 1331 2360 γε
1370 2286 1536 2341 εἰπεῖν
1578 2285 1920 2364 ἱεραρχικόν.

446 2380 543 2435 Καὶ
578 2378 709 2453 ὑπὲρ
738 2376 882 2439 τίνος
917 2378 943 2431 6
976 2373 1315 2449 δαρμός;’ίνα
1345 2376 1439 2430 τὸτ
1468 2378 1564 2429 τοῦ
1594 2379 1829 2448 Χριστοῦ
1853 2373 2021 2443 ἀθλη-

369 2468 471 2535 τὴν
526 2468 686 2541 πείσῃ
747 2468 1021 2521 συνθέσθαι
1081 2464 1354 2541 ἀναφέρειν
1388 2464 1545 2518 αὐτὸν
1606 2465 1679 2525 ὡς
1728 2464 2016 2537 ἱερὰρχην.

375 2554 530 2612 Ἀλλ’
561 2554 606 2610 ὢ
642 2557 739 2627 τῆς
764 2556 1148 2630 γενναιότητος
1181 2554 1267 2608 καὶ
1300 2554 1694 2625 κραταιότητος
1726 2557 1822 2606 τοῦ
1853 2554 2021 2624 μάκα-

378 2647 506 2722 ροςῑ
541 2645 691 2701 Οὕτω
721 2647 824 2721 γαρ
858 2643 1064 2699 δίκαιον
1117 2643 1285 2698 εἰπεῖν
1310 2663 1321 2674 ·
1357 2641 1441 2696 ὅτι
1498 2643 1587 2697 καὶ
1648 2641 1782 2715 μετὰ
1826 2639 2018 2696 τοσαύ-

370 2755 465 2796 τας
497 2732 714 2808 πληγὰς
744 2734 836 2788 καὶ
866 2731 1102 2806 αἳματος
1133 2733 1293 2806 ἁγίου
1326 2729 1499 2806 ῥύσιν,
1530 2732 1605 2792 ὡς
1654 2729 2022 2809 φοινίσσεσθαι

371 2825 437 2879 τὰ
491 2823 745 2896 πέλματα
802 2827 908 2879 τῶν
962 2819 1145 2877 ποδῶν
1197 2825 1303 2875 τῶν
1363 2819 1536 2876 ἐκεῖσε
1592 2818 1895 2892 παρόντων,
1933 2817 2024 2873 καὶ

376 2914 541 2969 οἷονεί
598 2911 1025 2983 πηλοποιεῖσθαι
1063 2911 1125 2965 τὸ
1168 2910 1476 2986 πορφύρεον
1536 2909 1773 2980 κονίαμα
1816 2909 1890 2971 εἷς
1944 2909 2025 2963 οἰ-

373 2999 622 3075 κοδομὴν
660 3007 759 3071 τῆς
811 3004 907 3055 τοῦ
984 3003 1118 3055 Θεοῦ
1163 2996 1524 3069 Ἐκκλησίας·
1588 2998 1837 3070 κείμενος
1914 2995 2023 3068 ἤδη

378 3093 559 3168 βραχῦ
622 3088 821 3152 ἄπνους
877 3090 968 3144 καὶ
1011 3091 1246 3166 ἄφωνος,
1278 3087 1366 3142 καὶ
1399 3088 1690 3161 ἐρωτηθεὶς
1720 3088 1865 3158 ποιρά
1921 3091 2028 3141 τῶν

374 3180 656 3235 κολαστῶν
709 3177 1066 3252 μνημονεύειν
1124 3180 1217 3232 τὸν
1275 3176 1527 3252 τύραννόν
1575 3198 1741 3253 φημι,
1774 3174 1899 3231 ἀλλ’
1930 3176 2029 3230 οὐκ

2136 1935 2352 2005 quibus
2404 1934 2613 2003 aliquis
2664 1950 2873 1989 sensus
2916 1938 3003 1989 est
3035 1932 3420 1989 humanitatis
3464 1938 3522 1989 et
3552 1932 3777 1990 miseri-

2129 2024 2361 2078 cordiae.
2394 2023 2574 2086 Quem
2601 2024 2672 2078 ad
2696 2022 2906 2078 Christi
2940 2022 3268 2093 exemplum
3303 2022 3570 2091 componi
3601 2039 3782 2094 opor-

2129 2114 2306 2180 tebat,
2334 2119 2389 2167 et
2421 2128 2759 2182 percussum
2795 2129 2908 2168 non
2942 2116 3345 2183 repercutere;
3379 2111 3430 2167 is
3461 2112 3779 2183 immanior

2132 2203 2268 2258 feris
2286 2203 2498 2258 exstitit
2530 2221 2541 2256 :
2568 2202 2795 2258 nullum
2823 2201 3137 2258 Christiani
3164 2201 3474 2274 vestigium
3500 2204 3777 2269 retinens,

2133 2291 2349 2346 nedum
2382 2290 2663 2361 episcopi.

2203 2381 2268 2435 Et
2302 2380 2675 2451 quamobrem
2712 2378 3148 2435 haccdilaniatio
3170 2379 3198 2434 ?
3229 2379 3302 2435 Ut
3331 2379 3544 2436 Christi
3574 2380 3785 2441 athele-

2131 2473 2252 2525 tam
2281 2486 2345 2525 eo
2395 2469 2679 2539 impellat,
2720 2473 2786 2523 ut
2815 2470 3010 2539 ipsum
3044 2473 3460 2525 commemoret
3501 2472 3781 2542 tanquam

2132 2560 2493 2631 episcopum,
2528 2560 2645 2622 sed,
2679 2575 2711 2613 ο
2745 2558 2951 2613 fortem
2997 2561 3172 2629 atque
3203 2558 3479 2615 invictum
3523 2560 3785 2617 animum

2133 2648 2320 2705 beati!
2357 2648 2441 2703 sic
2490 2648 2645 2703 enim
2701 2646 2858 2718 loqui
2894 2664 3129 2719 mquum
3172 2655 3289 2703 est:
3323 2649 3462 2720 quia
3518 2653 3649 2721 post
3702 2655 3787 2706 tot

2134 2739 2332 2810 plagas
2362 2741 2704 2809 tantamque
2736 2737 2957 2807 profusi
2988 2736 3140 2792 sacri
3181 2736 3487 2808 sanguinis
3527 2738 3776 2811 cepiam,

2133 2835 2197 2880 ut
2236 2825 2602 2896 tingerentur
2659 2824 2979 2880 astantium
3043 2824 3307 2896 vestigia,
3356 2830 3413 2880 et
3451 2824 3510 2881 in
3577 2826 3786 2883 limum

2137 2914 2573 2986 quodammodo
2601 2918 3000 2968 concresceret
3032 2928 3361 2984 purpureus
3384 2914 3478 2970 ille
3501 2914 3691 2986 pulvis
3714 2916 3785 2970 ad

2137 3002 2574 3059 aediﬁcationem
2606 3001 2873 3058 Ecclesiae
2920 3002 3061 3069 Dei;
3092 3018 3227 3057 cum
3260 3003 3342 3058 sic
3380 3003 3601 3073 jaceret
3646 3020 3790 3076 pene

2136 3091 2422 3148 exanimis
2453 3096 2508 3147 et
2531 3090 2801 3162 elinguis,
2831 3092 3231 3162 instarentque
3263 3096 3512 3149 tortores
3544 3098 3607 3148 ut
3629 3108 3789 3148 com-

2146 3186 2497 3236 memoraret
2544 3186 2854 3253 tyrannum
2910 3181 3176 3251 dixerim,
3230 3197 3345 3237 non
3402 3181 3787 3252 archiepisco-

377 3268 847 3344 ἀρχιεπίσκοπον’
883 3267 980 3335 Οὗ,
1022 3266 1182 3344 φησὶν
1227 3268 1254 3321 ὁ
1315 3268 1610 3340 eadem?
1657 3265 1798 3319 οὕτω
1862 3265 2025 3339 μέχρι

2145 3286 2281 3341 pum
2310 3290 2323 3338 ;
2350 3270 2612 3335 minime,
2644 3269 2720 3324 ait
2747 3270 2981 3325 beatus:
3007 3286 3072 3325 eo
3098 3271 3267 3325 modo
3301 3287 3477 3343 prope
3509 3286 3689 3342 usque
3716 3272 3789 3327 ad

377 3359 610 3414 θανάτου
643 3354 837 3432 σχεδὸν
872 3357 936 3411 οὐ
986 3356 1330 3430 παρατρέψας
1377 3355 1466 3410 τὸν
1513 3358 1641 3408 νοῦν
1666 3376 1678 3388 ·
1714 3354 1774 3409 οὐ
1834 3374 2037 3427 παρεκ-

376 3448 566 3509 κλίνας
616 3468 668 3500 τι
716 3451 824 3501 τῶν
872 3443 1175 3519 ὀρθοδόξως
1227 3444 1584 3521 ἐγνωσμένων
1617 3445 1786 3515 αὐτῷ.
1822 3447 2035 3517 Μικροῦ

379 3535 448 3606 δὴ
489 3533 801 3611 παρέδραμέ
855 3555 920 3607 με
963 3534 1245 3609 ἀναγκαῖόν
1295 3551 1387 3588 τι·
1436 3534 1517 3588 ὅτι
1560 3533 1649 3587 καὶ
1699 3534 1727 3587 ὁ
1764 3533 1888 3596 ναὸς
1937 3535 2034 3586 τοῦ

382 3630 514 3682 Θεοῦ
597 3625 929 3699 πραιτώριον
1014 3620 1197 3699 γέγονε
1285 3624 1599 3679 Πιλατικόν.
1659 3624 1863 3678 Ἐκεῖσε
1929 3622 2031 3696 γὰρ

381 3714 538 3789 ἔφης,
577 3711 698 3784 ἤτοι
731 3714 807 3777 εἰς
854 3713 944 3767 τὸν
998 3710 1299 3789 λεγόμενον
1350 3717 1445 3768 τοῦ
1477 3711 1854 3787 Ἀρχαγγέλου
1886 3711 2029 3785 ἰερὸν

383 3803 555 3878 δόμον
587 3802 841 3882 τετύφθαι
884 3803 976 3856 τὸν
1029 3802 1312 3876 μάρτυρα*
1370 3802 1427 3856 ’ὸν
1486 3803 1538 3855 οἱ
1600 3802 1692 3875 μὲν
1749 3801 2031 3856 ἀτίθασσοι

379 3894 619 3970 τιμωροὶ
651 3891 828 3949 ε’ίασαν
867 3894 1109 3963 ἡμιθανῆ
1137 3911 1150 3924 ’
1171 3892 1256 3955 τὶς
1287 3888 1342 3945 δέ
1364 3891 1812 3966 Χριστομίμητος
1845 3886 2036 3946 λαϐὼκ

382 3984 470 4039 ἐπὶ
531 3983 618 4038 τὸν
677 3979 826 4036 ’ἱδιον
882 3980 1068 4035 οἶκον
1112 3980 1201 4034 καὶ
1257 3984 1376 4042 ταῖς
1423 3978 1784 4055 ἁμοῤῥαγίαις
1812 3980 1901 4034 καὶ
1952 3981 2036 4050 ξε-

385 4070 740 4145 σμοσαρκῖαις
796 4068 1153 4143 προσπλάσας
1211 4066 1411 4123 κώδιον
1462 4069 1626 4143 ἀρνοῦ
1669 4069 2034 4146 ἀρτισφαγοῦς

383 4160 738 4231 ἐζωοπόρησε
766 4160 859 4214 τὸν
920 4156 1087 4233 ἄνδρα
1119 4179 1135 4192 ο
1171 4159 1363 4233 μικρὸν
1413 4156 1472 4212 δέ
1507 4160 1598 4212 καὶ
1656 4160 1791 4214 κατὰ
1852 4160 2032 4233 βραχὺ

381 4251 721 4327 ἆναρῥώσας,
773 4248 1113 4322 ἐξαπέστειλε
1200 4249 1375 4323 λάθρα
1461 4245 1549 4302 διὰ
1603 4250 1702 4318 τήν
1760 4247 2029 4304 καλοῦσαν

381 4339 653 4409 ἐντολήν
714 4339 1049 4414 πεφευγότος
1107 4341 1203 4392 τοῦ
1261 4337 1507 4398 θανέντος
1565 4334 1673 4407 ἤδη
1719 4337 1809 4391 καὶ
1860 4357 2033 4410 παρα.

385 4426 558 4501 δόξως
589 4426 959 4502 έξεγερθέντος
990 4426 1067 4487 εἷς
1099 4424 1308 4496 στήλην
1339 4423 1651 4500 ὁρθοδοξίας
1699 4427 1790 4497 καὶ
1840 4424 2033 4499 θρίαμ-

386 4512 485 4571 ϐον
531 4521 639 4571 τῶν
679 4513 1010 4585 κακοδόξων.
1051 4513 1114 4571 Τί
1152 4513 1360 4568 τούτων
1407 4511 1791 4588 ἀσεϐίστερον;
1830 4516 1912 4576 τίς
1976 4512 2033 4569 δέ

2141 3366 2387 3415 mortem
2426 3375 2797 3430 perseverans
2818 3359 3102 3415 immobili
3135 3360 3331 3416 animo
3370 3361 3597 3432 fixoque
3627 3362 3685 3415 in
3717 3360 3790 3417 iis

2142 3465 2270 3520 quae
2301 3453 2453 3504 recte
2509 3447 2683 3503 semel
2716 3449 3066 3504 decreverat.
3112 3450 3265 3505 Pene
3297 3450 3603 3505 omiseram
3637 3433 3792 3522 quod

2140 3538 2202 3593 in
2238 3538 2442 3608 primis
2474 3538 2898 3594 observandum
2928 3556 2941 3594 :
2970 3537 3252 3609 templum
3286 3540 3480 3610 ipsum
3518 3540 3611 3597 Dei
3644 3556 3788 3612 prae-

2142 3627 2357 3682 torium
2392 3627 2605 3682 factum
2640 3626 2814 3682 fuisse
2838 3626 3145 3682 Pilaticum
3177 3644 3190 3681 :
3217 3627 3294 3682 ibi
3327 3627 3507 3695 enim,
3538 3628 3649 3684 hoc
3678 3632 3790 3693 est,

2142 3715 2202 3771 in
2234 3731 2401 3771 sacra
2434 3732 2609 3787 quam
2642 3723 2845 3771 vocant
2867 3715 3221 3787 Archangeli
3245 3717 3385 3786 aede,
3420 3716 3784 3774 verberatum

2144 3809 2451 3876 martyrem
2504 3805 2681 3859 fuisse
2738 3805 2844 3874 ais,
2908 3821 3083 3877 quem
3118 3804 3517 3876 implacabiles
3550 3806 3786 3876 quidem

2141 3894 2442 3948 carnifices
2472 3893 2915 3949 semimortuum
2958 3892 3357 3964 reliquerunt:
3407 3894 3618 3950 Christi
3649 3911 3781 3950 vero

2141 3983 2403 4038 imitator
2434 3981 2668 4051 quidem
2694 3983 2753 4038 in
2785 3983 3022 4037 domum
3055 3998 3219 4038 suam
3248 3999 3379 4038 eum
3414 3983 3660 4053 recepit:
3694 3984 3792 4039 ad-

2142 4077 2411 4143 motaque
2459 4071 2527 4125 ad
2582 4070 2890 4127 defluentia
2946 4072 3169 4127 cruoris
3233 4073 3544 4142 laceraeque
3590 4072 3786 4127 carnis

2143 4161 2341 4233 plagas
2390 4176 2591 4215 recens
2633 4160 2891 4231 jugulati
2930 4162 3067 4231 agni
3099 4160 3392 4232 pellicula,
3425 4161 3609 4216 virum
3643 4162 3789 4217 refo-

2141 4249 2393 4317 cillavit;
2427 4249 2760 4319 viribusque
2785 4248 3067 4321 paulatim
3091 4250 3450 4305 conﬁrmatis
3472 4250 3619 4305 clam
3643 4252 3791 4307 emi-

2140 4341 2239 4405 sit,
2271 4347 2539 4395 evocante
2580 4339 2874 4394 mandato.
2902 4339 2985 4394 Ita
3015 4340 3200 4395 evasit
3229 4342 3329 4412 qui
3372 4342 3496 4409 jam
3527 4345 3788 4397 mortuus

2140 4438 2279 4496 erat,
2343 4433 2400 4483 et
2467 4428 2811 4483 mirabiliter
2868 4431 3070 4485 revixit
3136 4430 3207 4484 ad
3273 4430 3600 4486 orlhodoxaa
3649 4431 3785 4486 fidei

2141 4518 2469 4591 prasidium
2529 4517 3021 4589 triumphumque
3053 4520 3123 4575 de
3172 4520 3474 4575 haereticis.
3509 4519 3656 4586 Quid
3686 4519 3781 4575 his

385 4607 533 4679 παρὰ
599 4602 898 4680 ὀρθοδόξων
968 4605 1043 4666 εἰς
1123 4604 1390 4678 αἱρετικὸν
1442 4607 1667 4658 τοιαῦτα
1722 4603 2025 4679 πέπραχενς

2146 4607 2394 4677 impium
2454 4606 2641 4678 magis
2688 4622 2815 4662 esse
2852 4607 3079 4677 possit?
3129 4608 3271 4671 Quis
3322 4608 3672 4664 orthodoxus
3727 4609 3787 4664 in

389 4693 549 4752 Ἀλλ’
578 4695 671 4748 ’ἰνα
701 4698 842 4766 φανῇ
874 4694 1150 4749 κάντεῦθεν
1181 4692 1356 4746 αὐτῶν
1385 4691 1555 4762 ἡλίκη
1684 4688 1899 4747 ἀσέϐεια
1926 4698 2033 4747 τῶν

392 4783 908 4857 Μοιχειανιζόντων,
939 4783 1025 4837 καὶ
1059 4781 1142 4843 τίς
1173 4782 1319 4843 τίνος
1356 4783 1627 4853 μαθητὴς,
1660 4785 1899 4854 Χριστοῦ
1944 4784 2036 4853 μὲν

391 4871 783 4945 ὁτυπτόμενος
830 4872 947 4926 κατ’
979 4870 1140 4927 αὐτὸν
1196 4872 1288 4925 καὶ
1340 4871 1540 4946 φέρων,
1573 4868 1838 4926 διαϐόλου
1897 4869 1954 4925 δὲ
2013 4873 2040 4927 6

387 4965 625 5016 τύπτων.
660 4962 820 5019 Οὕτω
851 4960 1115 5035 ἱεράρχης
1147 4960 1236 5014 xvi
1268 4953 1413 5015 ἔνθεν
1464 4956 1711 5038 ἐκφοϐεῖν
1740 4956 2039 5034 βουλόμε-

386 5069 504 5121 νος,
536 5051 625 5104 καὶ
673 5046 898 5105 ἐκδικῶν
949 5051 1017 5103 τὰ
1072 5049 1188 5103 κατ’
1216 5048 1395 5103 αὐτόν.
1430 5050 1507 5105 0'5
1559 5048 1879 5125 ῥυσθεῖημεν
1938 5058 2037 5120 τῆς

393 5138 636 5217 μερίδος,
670 5138 889 5216 ἀδελφέ,
929 5144 1027 5194 τοῦ
1086 5137 1143 5194 δέ
1199 5141 1421 5213 πρώτου
1479 5138 1673 5213 ε’ίημεν
1731 5141 1822 5195 σὺν
1882 5147 2040 5197 πᾶσιν

389 5226 651 5288 εὐσεϐέσι.
685 5231 783 5284 Καὶ
836 5227 943 5299 τίδε,
988 5228 1170 5304 Κύριε,
1220 5228 1401 5302 Κύριε,
1457 5230 1558 5297 τὴν
1611 5230 1846 5285 κάκωσιν
1904 5231 2040 5286 ταῦ-

390 5343 517 5392 την,
547 5320 636 5374 καὶ
691 5323 868 5398 φεῖσαι
927 5322 1025 5373 τοῦ
1083 5316 1221 5373 λαοῦ
1279 5339 1374 5372 σου
1400 5336 1413 5348 ’
1446 5319 1788 5392 πρυτανέυων
1820 5320 2039 5393 εἰρήνην

391 5406 706 5483 ὀρθοδοξίας
754 5407 824 5482 τῇ
863 5410 978 5462 καθ’
1009 5409 1158 5481 ἡμᾶς
1188 5405 1507 5478 Ἐκκλησίᾳ.
1539 5406 1708 5464 Οὐδὲν
1757 5410 1862 5485 γὰρ
1902 5413 2037 5481 ⁹ἡμῖν

394 5499 568 5573 λέγειν
622 5495 765 5553 ἄλλο
821 5497 957 5570 πρὸς
1013 5496 1080 5551 τὸ.
1134 5495 1377 5569 παρόντα
1402 5514 1416 5530 ·
1453 5497 1587 5569 μετὰ
1623 5501 1719 5552 τοῦ
1750 5500 1838 5554 καὶ
1869 5501 2041 5557 πάντα

395 5589 574 5665 φέρειν
608 5587 751 5661 ῥᾴως
786 5586 917 5660 ὑπὲρ
947 5590 1048 5641 τοῦ
1079 5584 1351 5660 ὀνόματος
1383 5584 1568 5642 αὐτοῦ.

720 5773 982 5837 ΡΑτιιοι..
1029 5775 1137 5839 Gn.
1169 5774 1378 5841 XCIX.

2149 4697 2480 4753 haereticum
2511 4696 2652 4751 talia
2685 4714 2935 4767 unquam
2969 4700 3270 4755 exercuit?
3291 4700 3399 4755 Sed
3435 4704 3498 4755 ut
3527 4699 3665 4756 hinc
3697 4717 3792 4770 ap-

2147 4792 2371 4857 pareret
2392 4794 2604 4855 quanta
2633 4786 2709 4841 sit
2751 4787 3206 4843 Mmchianorum
3237 4788 3533 4859 impietas,
3572 4798 3627 4845 et
3659 4790 3791 4861 quis

2147 4876 2318 4945 cujus
2368 4878 2444 4930 sit
2473 4875 2831 4946 discipulus:
2874 4876 3084 4932 Christi
3124 4873 3400 4933 nimirum
3449 4879 3500 4932 is
3539 4880 3634 4949 qui
3665 4895 3789 4934 ver-

2145 4966 2308 5030 bera,
2343 4969 2407 5019 ut
2461 4965 2752 5036 Christus,
2811 4967 3069 5037 pertulit,
3113 4966 3329 5022 diaboli
3369 4972 3559 5023 autem
3612 4969 3662 5023 is
3687 4969 3788 5040 qui

2142 5056 2488 5111 verberavit.
2523 5054 2615 5110 Sic
2636 5055 2942 5127 episcopos
2971 5056 3109 5112 inde
3141 5059 3312 5113 etiam
3347 5067 3627 5114 exterrere
3645 5058 3786 5128 vult,

2145 5160 2323 5215 seque
2363 5146 2556 5212 ipsum
2603 5144 2826 5199 ulcisci.
2863 5145 2995 5214 Ejus
3024 5154 3209 5216 partes
3239 5145 3550 5219 fugiamus,
3582 5148 3782 5215 frater,

2144 5233 2325 5305 priori
2383 5249 2518 5289 cum
2572 5234 2848 5289 omnibus
2904 5235 3017 5306 piis
3079 5236 3453 5293 adhaerentes.
3515 5240 3580 5291 Et
3633 5239 3784 5306 vide,

2147 5319 2404 5387 Domine,
2440 5319 2684 5376 Domine
2718 5321 3078 5378 vexationem
3123 5323 3318 5390 istam,
3370 5328 3428 5379 ct
3473 5340 3645 5396 parce
3695 5342 3790 5396 po-

2144 5409 2281 5479 pulo
2314 5414 2451 5464 tuo:
2506 5412 2673 5463 recte)
2706 5408 2836 5464 ﬁdei
2862 5426 3057 5480 pacem
3091 5410 3149 5466 in
3191 5411 3449 5467 Ecclesia
3479 5429 3607 5484 quae
3638 5415 3790 5485 apud

2143 5515 2248 5553 nos
2280 5502 2367 5553 est
2416 5513 2517 5567 pro
2569 5506 2667 5552 tua
2713 5503 2993 5569 potestate
3023 5500 3401 5555 conﬁrmans.
3436 5500 3593 5556 Nihil
3632 5504 3791 5557 enim

2140 5588 2295 5645 aliud
2319 5586 2508 5642 dicere
2530 5602 2844 5659 possumus
2864 5588 3014 5644 circa
3045 5605 3112 5643 ca
3135 5606 3257 5661 quae
3287 5589 3646 5661 impendent,
3668 5590 3784 5647 nisi

2147 5677 2300 5749 quod
2330 5675 2528 5732 omnia
2556 5675 2804 5735 libenter
2836 5694 2939 5750 pro
2980 5677 3107 5750 ejus
3138 5679 3376 5736 nomine
3410 5680 3792 5750 perferemus.

3400 5781 3476 5842 35
