4084 6284
468 359 624 419 1099

461 587 558 656 ris,
613 595 675 645 ut
722 592 965 658 indicas,
1001 591 1224 662 gaude:
1278 590 1414 659 quia
1471 588 1668 660 plures
1728 590 1831 644 tibi
1881 607 2105 647 corona

461 683 756 739 texuntur.
780 685 846 739 Et
868 697 1207 754 quanquam
1233 681 1505 736 Leontius
1519 680 1847 749 discipulus
1886 682 2103 737 olim”.

460 785 614 826 nunc
638 780 893 845 negator,
927 773 1044 827 illis
1076 771 1268 842 praesit
1297 768 1457 836 locis,
1496 769 1552 823 in
1593 769 1808 840 quibus
1837 770 2103 827 inclusus

459 861 705 930 teneris;
743 863 887 917 nihil
920 861 1168 916 mirere:
1203 859 1311 914 hoc
1341 860 1492 913 enim
1527 863 1755 928 tempus
1785 868 1871 915 est
1898 859 2099 932 longa-

456 948 738 1005 nimitatis
813 951 933 1016 Dei,
965 955 1028 1004 ut
1077 953 1499 1013 cognoscantur
1545 948 1731 1014 electi,
1781 953 1839 1004 et
1905 959 2101 1021 regnet

456 1037 612 1093 ﬁlius
643 1039 850 1094 Tabeel
889 1040 948 1094 in
984 1037 1275 1094 Bethleem
1306 1035 1376 1092 7‘.
1408 1038 1486 1092 De
1517 1054 1582 1091 eo
1614 1046 1804 1092 autem
1834 1039 1932 1108 qui
1957 1054 2098 1094 con-

453 1127 639 1182 fessus
669 1133 833 1184 estet
868 1144 1093 1198 pmnam
1126 1127 1455 1198 postulavit,
1490 1132 1640 1180 recte
1681 1128 1935 1198 irrogata
1966 1133 2089 1182 est:

453 1215 675 1286 tibique
713 1219 1017 1283 assentior,
1062 1217 1160 1287 qui
1192 1215 1402 1271 dixeris
1437 1215 1510 1278 ei,
1552 1215 1600 1270 si
1643 1215 1786 1270 nolit
1815 1217 1887 1270 ob
1920 1216 2098 1271 inter-

451 1305 630 1361 fectos
663 1307 856 1361 hostes
887 1322 1113 1377 pmnam
1148 1306 1366 1368 subire,
1391 1319 1496 1358 nec
1527 1305 1600 1358 ab
1623 1305 1936 1359 occidendo
1959 1305 2093 1360 abs-

449 1395 662 1450 tineat:
714 1401 770 1450 et
801 1413 905 1450 nos
944 1395 1178 1466 quidem
1237 1400 1392 1450 extra
1430 1394 1722 1464 judicium
1773 1410 1999 1448 sumus.
2033 1393 2093 1448 Si

447 1500 579 1538 vero
633 1483 893 1539 Ecclesiae
942 1483 1260 1539 canonihus
1305 1483 1473 1538 subdi
1508 1483 1688 1548 malit,
1733 1482 1979 1537 duorum
2014 1483 2093 1538 al-

448 1577 637 1628 terum
672 1575 778 1644 ipsi
825 1573 1153 1645 eligendum
1186 1576 1310 1639 est;
1365 1581 1423 1626 ut
1455 1575 1553 1626 aut
1585 1572 1752 1625 laude
1802 1572 2092 1626 efficiatur

451 1664 605 1733 quod
660 1663 1029 1728 interfecerit,
1065 1671 1162 1717 aut
1198 1663 1321 1716 sine
1352 1677 1521 1732 pmna
1545 1677 1657 1715 non
1695 1666 1944 1716 maneat.
1979 1661 2092 1716 Ne-

449 1769 562 1822 que
585 1756 777 1808 tamen
810 1751 1024 1806 idcirco
1047 1751 1204 1822 prius
1240 1750 1665 1821 repudiandum
1686 1754 1794 1816 est,
1818 1749 2090 1804 laudibus

448 1841 605 1895 enim
639 1841 792 1913 digni
815 1844 973 1907 sunt,
1000 1844 1059 1894 ut
1079 1841 1157 1894 ait
1179 1839 1410 1893 divinus
1428 1841 1594 1892 Pater
1619 1855 1634 1904 ;
1657 1838 1757 1892 sed
1783 1839 2089 1893 subeunda

449 1940 532 1986 est
556 1931 730 1986 etiam
751 1929 867 1986 illis
890 1947 1087 2002 pmna:
1111 1929 1585 2000 quandoquidem
1609 1928 1777 1983 etDei
1799 1933 2089 1998 spectator

448 2020 586 2075 olim
621 2019 810 2075 Moses
837 2023 1216 2074 revertentem
1241 2035 1273 2072 a
1304 2017 1452 2072 bello
1478 2017 1926 2073 Madianitarum
1957 2034 2089 2072 cum

447 2110 690 2165 victoria
769 2107 1045 2179 populum
1098 2107 1271 2163 Israel
1339 2115 1559 2178 septem
1619 2107 1824 2161 diebus
1883 2109 2089 2162 castris

447 2199 710 2264 exclusit,
734 2217 766 2254 a
802 2202 912 2255 Deo
944 2199 1098 2254 haud
1131 2198 1304 2253 dubie
1345 2202 1660 2267 permotus,
1704 2198 1788 2253 sic
1809 2197 2050 2267 loquens
2078 2213 2090 2250 :

445 2291 636 2345 Omnis
667 2289 764 2362 qui
808 2287 1067 2345 occiderit
1112 2287 1408 2353 hominem,
1451 2289 1530 2342 vel
1562 2289 1796 2341 occisum
1827 2286 2091 2357 tetigerit,

446 2380 780 2434 lustrabitur
826 2377 914 2432 die
961 2377 1125 2433 tertio
1163 2385 1212 2431 et
1254 2379 1497 2446 septimo,
1547 2393 1640 2430 vos
1687 2381 1737 2431 et
1771 2378 1968 2446 praeda
2005 2391 2097 2430 ve-

445 2476 564 2522 stra
592 2467 660 2520 7".
699 2467 855 2522 Unde
887 2467 1163 2522 excitatus
1207 2481 1335 2520 mea
1383 2466 1619 2536 quidem
1652 2464 1937 2520 sententia
1968 2481 2096 2519 ma-

445 2575 594 2626 gnus
634 2556 878 2611 Basilius
904 2557 968 2621 ⁷³,
1002 2555 1087 2609 vel
1123 2556 1310 2623 potius
1355 2573 1386 2609 a
1428 2555 1540 2609 Deo
1572 2555 1826 2620 afflatus,
1860 2554 2095 2609 triennii

450 2661 681 2716 pomum
731 2645 969 2714 irrogat,
1024 2649 1077 2698 et
1115 2644 1281 2698 docet
1336 2644 1827 2714 quemadmodum
1888 2644 1937 2698 is
1992 2643 2094 2713 qui

449 2736 664 2808 irrogal
687 2735 1002 2806 dispenset.
1038 2734 1395 2804 Contingens
1427 2735 1637 2804 quippe
1661 2740 1717 2790 et
1749 2751 1860 2788 non
1896 2750 2095 2789 neces-

451 2826 622 2892 saria,
659 2841 757 2894 pro
791 2825 869 2878 rei
898 2825 1174 2892 subjectae
1221 2825 1410 2889 modo,
1444 2825 1645 2878 talium
1671 2823 1942 2894 irrogatio
1984 2830 2089 2878 est.

449 2913 587 2968 Vale
654 2914 711 2968 in
768 2911 1030 2978 Domino,
1081 2913 1161 2966 fili
1223 2912 1300 2965 mi
1362 2911 1781 2980 desiderabilis,
1839 2929 1941 2982 pro
1998 2927 2090 2966 me

453 3009 752 3075 peccatore
793 3003 1129 3070 deprecans,
1174 3006 1231 3056 et
1263 3017 1362 3069 pro
1401 3017 1466 3055 eo
1500 3002 1599 3071 qui
1631 3006 1686 3055 te
1718 3018 1834 3056 una
1874 3001 2090 3056 salutat

451 3092 660 3148 dilecto
694 3089 811 3146 ﬁlio
836 3107 984 3158 meo,
1021 3091 1191 3146 fratre
1222 3094 1414 3144 autem
1453 3095 1568 3157 tuo,
1593 3090 1885 3162 Gregorio.

877 3270 991 3325 LII.
1024 3301 1091 3310 —
1123 3268 1380 3340 Philippo
1411 3270 1660 3323 diacono.

1717 367 1780 427 S.
1831 367 2222 429 THEODOBI
2272 370 2637 433 STUDITE

533 499 620 554 Tu
654 513 802 568 vero,
864 497 970 568 fili,
1000 496 1367 565 charissime,
1403 499 1633 555 tametsi
1668 500 1803 556 alibi
1843 502 2111 557 custodi-
2142 505 2193 571 Α

2123 3253 2171 3318 G

3697 385 3840 446 1100

2299 502 2372 556 Σὺ
2407 500 2486 573 δέ,
2517 505 2563 558 ὦ
2592 504 2779 560 τέκνον
2818 528 2922 580 μου
2953 508 3336 584 ἠγαπημένον,
3368 511 3414 565 εἰ
3452 510 3538 566 καὶ
3571 527 3841 594 μετεφρου·

2224 594 2396 684 ρηθης
2429 593 2670 684 ἑτέρωθι,
2705 596 2841 684 καθά
2871 595 3162 670 ἐσήμανας,
3198 604 3358 672 χαῖρε
3390 618 3403 631 ·
3449 600 3530 656 ὅτι
3576 604 3626 657 οἱ
3667 593 3840 684 στέφα-

2211 683 2292 736 νοί
2355 703 2450 736 σου
2509 683 2733 746 πλείους
2789 683 3108 744 πλέκονται.
3143 686 3241 740 Καὶ
3300 687 3472 743 εἶκαὶ
3538 683 3838 757 Λεόντιοςὸ

2214 771 2345 826 ποτὲ
2406 774 2673 844 μαθητὴς,
2732 777 2820 826 νῦν
2880 771 2936 827 δὲ
2993 773 3256 848 ἀρνητής,
3313 778 3694 850 ἡγουμενεῦσει
3744 788 3840 837 τῶν

2213 859 2266 912 έν
2312 862 2395 923 οἷς
2439 862 2487 915 εἴ
2528 861 2931 934 κεκλεισμένος,
2971 864 3045 935 μὴ
3093 864 3415 940 θαυμάσῃς·
3467 869 3646 941 καιρὸς
3695 870 3720 922 6
3747 892 3836 926 πα-

2214 949 2320 1020 ρὼν
2358 949 2735 1021 μακροθυμίας
2766 955 2920 1018 Θεοῦ,
2951 951 3041 1005 καὶ
3074 954 3222 1014 ὅπως
3255 955 3308 1007 οἱ
3352 953 3569 1028 δόκιμοι
3625 962 3836 1033 φανῶσι,

2210 1035 2418 1092 καίἵνα
2464 1037 2591 1112 ἄρξῃ
2623 1041 2650 1093 ὁ
2695 1038 2810 1101 υἰὸς
2859 1037 3074 1109 Ταόεήλ
3124 1049 3222 1110 τῆς
3275 1042 3542 1118 Βηθλεέμ.
3576 1047 3697 1120 Περὶ
3748 1052 3837 1102 τοῦ

2208 1127 2656 1201 έξαγορεύσαντος
2689 1129 2779 1182 καὶ
2831 1127 3198 1202 αἶτησαμένου
3243 1132 3304 1185 τὸ
3347 1129 3640 1206 ἐπιτίμιον,
3670 1135 3836 1199 καλῶς

2209 1213 2421 1270 δέδοται
2451 1233 2463 1246 ’
2512 1215 2770 1293 σύμφημι
2817 1214 2872 1272 δέ
2922 1239 3006 1272 σοι
3056 1219 3258 1274 εἰπόντι
3310 1219 3476 1294 αὐτῷ,
3523 1223 3568 1277 εἰ
3615 1226 3686 1295 μὴ
3719 1221 3838 1280 ϐού-

2209 1304 2362 1360 λοιτο
2413 1303 2845 1376 ἐπιτιμιαζεσθαι
2892 1303 2944 1359 ἐν
3002 1311 3080 1376 τῷ
3146 1307 3342 1362 κτένειν
3409 1308 3663 1385 ἐχθροὺς,
3713 1309 3839 1383 μηδὲ

2210 1394 2520 1472 ἀφιστάσθω
2549 1399 2645 1448 τοῦ
2695 1394 2894 1450 κτένειν
2923 1415 2936 1428 ο
2968 1397 3059 1450 καὶ
3107 1398 3269 1469 ἡμεῖς
3308 1419 3371 1472 γε
3423 1394 3526 1472 ἔξω
3571 1399 3836 1474 κρίματος.

2209 1485 2271 1539 Εἰ
2309 1481 2366 1537 δὲ
2408 1480 2596 1538 ἕλοιτο
2647 1484 2967 1539 ὑποπίπτειν
3016 1491 3137 1548 τοῖς
3183 1493 3282 1555 τῆς
3315 1488 3643 1558 Ἐκκλησίας
3692 1491 3838 1544 κανό-

2208 1594 2312 1636 σιν,
2344 1572 2398 1626 ἓν
2451 1578 2565 1626 τοῖν
2619 1570 2767 1627 δυοῖν
2812 1575 3021 1648 αἱρετὸν
3063 1573 3247 1647 αὐτῷ·
3300 1575 3334 1644 ἢ
3385 1578 3623 1632 κτενόντι
3676 1576 3841 1633 ἒπιτι-

2211 1663 2430 1732 μᾶσθαι,
2455 1661 2489 1730 ἢ
2527 1665 2600 1732 μή
2649 1661 2824 1731 μένειν
2856 1663 3270 1735 ἀνεπιτίμητον.
3308 1665 3405 1720 Καὶ
3454 1666 3517 1720 οὐ
3564 1663 3650 1720 διὰ
3693 1671 3839 1723 τοῦτο

2205 1755 2265 1806 τὸ
2309 1757 2524 1826 πρῶτον
2593 1748 2959 1823 διαϐλητέον·
3008 1753 3239 1809 ἐπαίνων
3309 1755 3411 1831 γὰρ
3472 1752 3642 1827 ἄξιοιο
3699 1758 3768 1819 ὡς
3814 1758 3838 1812 6

2122 1885 2172 1948 B
2205 1841 2346 1902 θεῖός
2378 1863 2509 1919 φησι
2547 1845 2732 1916 Πατήρ
2759 1861 2770 1872 ·
2806 1841 2952 1898 ἀλλὰ
2981 1842 3217 1913 ληπτέον
3252 1845 3440 1907 αὐτοῖς
3482 1846 3572 1900 καὶ
3614 1846 3673 1901 τὸ
3723 1845 3838 1900 ἐπι-

2241 1931 2252 1948 .
2477 1931 2489 1946 ς
2571 1933 2583 1948 ς
2696 1932 2708 1948 κ
2822 1931 2863 1948 ,κ
2987 1937 3036 1948 .-
3132 1936 3161 1946 ~
3255 1934 3267 1948 .
3316 1935 3339 1948 η
3389 1935 3400 1948 ,
3603 1935 3617 1948 .
3798 1933 3809 1948 .

2202 1931 2418 2003 τίμιον·
2473 1931 2586 1986 ἐπεὶ
2622 1932 2710 1985 καὶ
2764 1931 2938 1987 πάλαι
2985 1936 3188 2001 Μωσῆς
3248 1934 3275 1988 6
3315 1935 3551 2003 θεόπτης
3599 1933 3840 2007 ὑποστρέ-

2203 2024 2377 2094 ψαντα
2433 2023 2520 2076 τὸν
2577 2019 2799 2095 Ἰσραὴλ
2859 2021 2918 2077 ἐκ
2973 2021 3070 2077 τοῦ
3138 2023 3273 2077 κατά
3342 2027 3450 2077 τῶν
3512 2021 3836 2080 Μαδιανιτων

2202 2108 2452 2183 πολέμου
2505 2111 2638 2180 μετὰ
2687 2111 2863 2181 νίκης,
2906 2111 3146 2187 ἀφορίζει
3193 2109 3292 2184 ἔξω
3339 2119 3440 2180 τῆς
3494 2108 3838 2186 παρεμϐολῆς

2205 2199 2337 2253 ἒπτά
2384 2199 2614 2271 ἡμέρας,
2663 2199 2721 2254 ἐκ
2783 2203 2917 2255 Θεοῦ
2966 2197 3226 2270 δηλονότι
3276 2202 3622 2274 κινούμενος,
3672 2201 3833 2276 λέγων

2205 2287 2456 2348 οὕτως·
2505 2294 2632 2348 Πᾶς
2673 2287 2977 2344 ὁάνελὼν
3029 2293 3270 2366 ψυχὴν,
3319 2290 3429 2345 καὶ
3478 2290 3835 2363 ἁπτόμενος

2201 2382 2317 2432 τοῦ
2364 2377 2820 2452 τετρωμένου,
2874 2380 3350 2452 ἀγνισθήσεται
3396 2379 3475 2454 τῇ
3519 2379 3731 2454 ἡμέρᾳ
3766 2384 3834 2453 τῇ

2203 2467 2417 2539 τρίτῃ,
2463 2467 2569 2520 καὶ
2625 2471 2699 2540 τῇ
2755 2468 2972 2539 ἡμέρᾳ
3019 2469 3096 2541 τῇ
3140 2463 3414 2541 ἑϐδόμῃ,
3451 2469 3641 2542 ὑμεῖς
3675 2470 3833 2535 καὶὴ

2204 2553 2644 2632 αἰχμαλωσία
2695 2555 2898 2627 ὑμῶν.
2933 2558 3087 2610 Ὅθεν
3124 2577 3217 2628 μοι
3249 2556 3398 2610 δοκεῖ
3428 2558 3457 2612 ὁ
3494 2557 3658 2631 μέγας
3688 2559 3835 2613 Βασί-

2203 2643 2350 2706 λειος
2383 2645 2740 2722 ἀφορμηθεὶς,
2778 2644 2995 2717 μᾶλλον
3027 2643 3083 2700 δὲ
3133 2647 3528 2716 θεοπνευσθεὶς,
3562 2645 3746 2702 δίδωσι
3784 2647 3836 2702 τὸ

2200 2741 2298 2801 τῆς
2331 2735 2565 2804 τριετίας
2597 2732 2999 2806 ἐπιτίμιον,καὶ
3031 2736 3106 2796 ὡς
3139 2735 3199 2788 ἂν
3227 2735 3569 2808 οἶκονομήση
3597 2738 3624 2790 ὁ
3648 2733 3834 2795 διδούς.

2203 2819 2564 2895 Ἐνδεχομένη
2597 2821 2697 2896 γὰρ
2748 2821 2838 2876 καὶ
2884 2821 2983 2876 οὐκ
3010 2822 3312 2898 ἀναγκαίως
3345 2823 3486 2878 κατά
3517 2824 3579 2879 τὸ
3605 2823 3832 2895 κείμενον

2200 2911 2415 2971 πάντως
2443 2913 2476 2979 ἡ
2509 2915 2615 2964 τῶν
2648 2910 2911 2965 τοιούτων
2946 2909 3121 2973 δόσις.
3151 2911 3402 2987 Ἔρῥωσο
3437 2912 3492 2967 έν
3534 2912 3736 2988 Κυρίῳ,
3765 2909 3837 2965 υἱέ

2206 3021 2308 3071 μου
2358 3001 2583 3068 ποθητὲ,
2637 3000 2934 3074 εὐχόμενος
2987 3002 3107 3074 περὶ
3161 3000 3296 3073 ἐμοῦ
3344 3006 3444 3055 τοῦ
3497 2999 3833 3076 ἁμαρτωλοῦ,

2200 3090 2288 3142 καὶ
2338 3093 2438 3144 τοῦ
2505 3091 3119 3163 συμπροσαγορεόοντός
3177 3110 3234 3144 σε
3303 3090 3589 3166 ἀγαπητοῦ
3661 3089 3833 3146 τέκνου

2203 3198 2328 3250 μου,
2377 3182 2472 3232 σοῦ
2507 3175 2561 3231 δὲ
2590 3175 2850 3256 ἀδελφοῦ,
2887 3178 3212 3253 Γρηγορίου.

2538 3273 2647 3323 ΝΒ.
2679 3299 2750 3310 -
2781 3267 3046 3339 Φιλίππῳ
3072 3267 3336 3340 Διακόνῳ.

428 3388 511 3436 De
543 3391 669 3437 voto
702 3386 855 3450 puell
876 3401 940 3448 ω,
973 3400 1092 3449 quas
1109 3399 1302 3449 sponso
1337 3389 1632 3449 aegrotante
1670 3388 1887 3434 voverat
1917 3389 2291 3450 senupturam
2313 3385 2540 3440 Christo,
2579 3386 2784 3434 etiamsi
2816 3390 3048 3449 aegrotus
3077 3385 3494 3443 convalesceret,
3517 3391 3720 3450 postea,
3751 3382 3830 3434 ubi

1801 3448 2096 3506 convaluit,
2128 3449 2407 3497 consilium
2444 3450 2681 3497 mutavit.

498 3539 628 3595 Noli
659 3538 1010 3604 existimare,
1048 3537 1131 3591 vir
1160 3540 1380 3604 sancte,
1417 3553 1504 3592 me
1533 3536 1747 3592 ostium
1783 3537 2074 3606 poeniten-

431 3629 524 3683 tim
558 3628 824 3683 claudere
851 3646 864 3693 ;
889 3627 1337 3682 Novatianorum
1361 3629 1513 3682 enim
1543 3627 1597 3679 id
1627 3627 1922 3697 proprium
1952 3631 2073 3693 est;

432 3718 532 3772 sed
569 3716 719 3771 nolle
753 3715 969 3787 peccati
1002 3715 1216 3770 ostium
1241 3716 1461 3786 aperire
1492 3716 1842 3771 volentibus.
1865 3718 2071 3769 Annon

427 3807 581 3862 enim
633 3805 920 3874 ejusmodi
989 3810 1078 3859 est
1137 3807 1288 3876 quod
1357 3805 1648 3874 prioribus
1699 3803 1907 3858 litteris
1958 3804 2072 3858 tuis

425 3897 700 3953 indiscati
722 3899 749 3950 ?
772 3897 1022 3968 puellam
1058 3912 1183 3967 quae
1202 3901 1398 3951 votum
1416 3901 1664 3961 voverat,
1697 3911 1779 3963 se,
1806 3895 2071 3966 quamvis

426 4003 679 4058 sponsus
732 3985 1174 4051 convalesceret,
1214 3985 1441 4040 Christo
1475 3991 1787 4055 nupturam
1818 4000 1830 4036 :
1862 3984 2069 4038 deinde

422 4081 732 4146 postquam
766 4091 796 4129 e
845 4075 1047 4129 morbo
1095 4074 1192 4128 ille
1236 4078 1324 4129 est
1354 4079 1661 4140 recreatus,
1708 4089 1838 4127 cum
1873 4089 1960 4136 eo,
1995 4072 2067 4127 ad

421 4164 759 4234 posterioris
809 4164 1006 4232 sponsi
1053 4167 1479 4232 contemptum,
1521 4163 1781 4232 copulari
1813 4161 1979 4229 velle,
2011 4166 2067 4216 et

419 4253 741 4307 remedium
765 4253 835 4306 ad
860 4252 914 4305 id
950 4251 1582 4321 quaerereJlectissime
1614 4252 1790 4321 igitur
1823 4267 2062 4322 respon-

415 4341 612 4396 dimus
653 4342 786 4408 tibi;
823 4357 924 4395 nec
955 4341 1123 4395 aliter
1154 4341 1484 4409 responderi
1512 4345 1698 4410 potest
1729 4341 1799 4394 ab
1833 4356 1922 4404 eo,
1959 4341 2062 4411 qui

421 4445 490 4486 ea
520 4447 647 4502 quae
681 4431 749 4484 ad
795 4432 971 4486 Deum
1022 4435 1310 4501 spectant,
1355 4430 1690 4484 hominibus
1723 4435 2060 4500 anteponat.

417 4522 552 4587 Quis
611 4521 764 4574 enim
814 4520 862 4574 ei
914 4536 1140 4588 pomum
1187 4519 1422 4590 irroget,
1469 4521 1569 4590 qui
1629 4519 1906 4584 nondum,
1950 4519 2060 4573 nisi

413 4610 733 4674 voluntate,
786 4608 1089 4679 peccavit?
1125 4611 1235 4663 Aut
1275 4611 1406 4680 quis
1448 4608 1704 4664 medicus
1737 4613 1870 4662 ante
1903 4625 2059 4662 mor-

413 4700 553 4754 bum
588 4699 943 4754 curationem
978 4699 1288 4765 adhibeat;
1330 4716 1396 4753 ac
1429 4716 1540 4755 non
1577 4700 1765 4770 potius
1792 4717 1825 4754 a
1858 4701 2057 4754 morbo

2687 3536 2715 3550 ν

2258 3537 2347 3602 Μὴ
2383 3534 2502 3588 οἷόυ
2560 3556 2643 3607 με,
2680 3536 2724 3588 ὦ
2771 3536 2882 3610 ἱερὲ
2923 3534 3074 3610 ἄνερ,
3119 3535 3320 3591 κλείειν
3362 3538 3464 3606 τήν
3509 3536 3690 3607 πύλην
3745 3543 3834 3604 τῆς

2187 3625 2514 3696 μετανοίαςο
2577 3626 2926 3680 Ναυατιανῶν
2991 3625 3093 3700 γὰρ
3165 3626 3226 3680 τὸ
3296 3623 3454 3700 ἔργον
3491 3645 3505 3658 ⁸
3556 3625 3700 3680 ἂλλά
3755 3623 3824 3697 μὴ

2185 3713 2474 3788 βούλεσθαι
2508 3713 2736 3788 ἀνοίγειν
2781 3713 2944 3789 θύραν
2995 3721 3095 3781 τῆς
3145 3715 3416 3787 ἁμαρτίας
3454 3721 3576 3776 τοῖς
3633 3713 3825 3788 βουλο-

2184 3805 2386 3875 μένοις.
2420 3804 2486 3858 Ἢ
2543 3803 2642 3877 γὰρ
2694 3801 2821 3878 οὐχὶ
2867 3807 3112 3857 τοιοῦτον
3162 3804 3293 3875 ὅπερ
3344 3801 3435 3857 διὰ
3489 3801 3599 3858 τῶν
3640 3802 3819 3878 προτέ-

2182 3913 2289 3965 ρων
2351 3914 2448 3946 om
2509 3894 2849 3966 γραμμάτων
2936 3891 3291 3963 δεδήλωκαω
3346 3896 3408 3946 τὸ
3464 3896 3568 3964 τὴν
3624 3889 3819 3948 νεάνιδα

2181 3982 2474 4055 εὐξαμένην
2531 3983 2724 4055 εὐχήν,
2759 3982 2806 4035 εἲ
2861 3983 2950 4035 καὶ
3005 3981 3376 4057 ἀναῤῥωσθείη
3457 3983 3486 4036 ὁ
3550 3983 3814 4055 μνήστωρ,

2176 4073 2548 4147 νυμφευθῆναι
2611 4075 2868 4145 Χριστῷ⁶
2923 4071 3036 4124 εἶτα
3095 4069 3280 4139 ἐπειδὴ
3339 4070 3639 4145 ἀνέσφηλεν
3696 4068 3815 4124 ἐκεῖ·

2177 4179 2288 4226 νος,
2324 4155 2612 4212 ἐθέλουσαν
2673 4157 2818 4229 αὐτῷ
2878 4160 3230 4233 συνασθῆναι,
3289 4157 3370 4211 ἐπ’
3422 4157 3672 4227 ἀθετήσει
3725 4160 3810 4208 τοῦ

2177 4244 2446 4320 δευτέρου,
2472 4253 2652 4317 ζητεῖν
2705 4247 2840 4320 πρὸς
2888 4251 3048 4301 τοῦτο
3095 4246 3259 4319 ’ίαμα.
3315 4245 3598 4302 καλλίστα
3643 4244 3809 4300 τοίνυν

2173 4336 2542 4410 ἀπεκρίθημέν
2576 4359 2658 4390 σοι
2689 4356 2701 4368 ·
2743 4337 2830 4390 καὶ
2865 4336 2971 4411 οὐχ
3001 4337 3113 4391 οἷόν
3159 4357 3217 4390 τε
3264 4334 3452 4398 ἄλλως
3503 4334 3808 4390 ἀποδιδόναι

2175 4423 2357 4500 λόγον,
2396 4427 2486 4480 τὸν
2519 4425 2816 4499 ἀνθρώπων
2866 4427 2932 4480 τὰ
2980 4429 3114 4480 Θεοῦ
3161 4427 3549 4496 προκρίνοντα.
3583 4425 3670 4487 Τίς
3715 4424 3807 4498 γὰρ

2173 4515 2230 4570 ἂν
2276 4517 2364 4570 καὶ
2413 4515 2531 4586 δοίη
2586 4516 2860 4588 ἐπιτίμιον
2909 4521 2990 4588 τῷ
3042 4518 3209 4589 μήπω
3256 4517 3626 4590 ἡμαρτηκότι,
3669 4515 3802 4582 πλήν

2169 4610 2264 4658 τοῦ
2318 4605 2605 4680 βούλεσθαι
2635 4627 2647 4673 ;
2679 4607 2745 4662 Ἦ
2787 4607 2867 4668 τίς
2919 4605 3102 4681 ἰατρὸς
3152 4607 3256 4678 πρὸ
3303 4605 3466 4660 νόσου
3517 4601 3802 4677 μοτοῖ,καὶ

2169 4693 2294 4767 οὐχὶ
2358 4693 2570 4766 μᾶλλον
2631 4694 2793 4770 εἷ’ργει
2856 4696 2932 4768 μή
2985 4693 3310 4764 νοσηλεῦσαι
3365 4695 3456 4749 τὸν
3517 4693 3603 4749 ἐπὶ
3653 4695 3800 4747 τοῦτο

412 4793 605 4844 arceat
653 4803 786 4841 eum
833 4789 931 4858 qui
971 4805 1036 4843 eo
1077 4805 1243 4844 ruere
1291 4789 1588 4843 videbatur
1626 4788 1719 4844 7‘?
1760 4789 2054 4844 Medicina:

2196 4786 2434 4851 κέποντα;
2475 4785 2572 4838 Καί
2629 4805 2687 4858 γε
2738 4784 2970 4856 ἰατρείας
3017 4782 3166 4855 ὅρος,
3214 4783 3248 4850 ἢ
3305 4784 3404 4852 τὴν
3463 4783 3798 4857 ὑπάρχουσαν

2246 4873 2256 4889 1
2633 4870 2651 4889 Ἢ
2687 4872 2729 4889 'b
2849 4872 2875 4889 Ἃ
2981 4874 2992 4887 1
3087 4874 3099 4884 ⁷
3187 4877 3211 4886 υ
3375 4872 3388 4889 9
3536 4869 3555 4889 Ν
3581 4872 3589 4886 ³
3699 4871 3723 4889 Λ

410 4877 700 4947 siquidem
753 4892 967 4931 munus
1025 4883 1131 4942 est,
1185 4883 1285 4931 aut
1317 4883 1662 4946 praesentem
1713 4895 2054 4933 conservare

411 4965 738 5029 sanitatem,
769 4971 866 5021 aut
905 4965 1201 5020 absentem
1227 4982 1510 5020 revocare.
1559 4968 1889 5020 Absurdum
1926 4983 2056 5021 vero

409 5058 519 5120 est,
545 5056 800 5126 ignosce,
837 5055 1095 5109 morbum
1121 5055 1217 5124 qui
1248 5071 1359 5108 non
1395 5054 1489 5118 sit,
1516 5057 1612 5108 sed
1645 5055 1836 5109 animo
1867 5055 2050 5125 {iuga-

407 5149 520 5209 tur,
555 5149 834 5214 tanquam
877 5142 924 5198 si
977 5159 1169 5197 revera
1213 5149 1389 5207 esset,
1429 5159 1664 5196 curare:
1702 5159 1804 5197 nec
1847 5145 2050 5199 medici

406 5231 463 5284 id
495 5249 664 5300 opus,
693 5233 791 5286 sed
819 5229 1192 5295 cadaverarii,
1220 5230 1274 5282 in
1310 5230 1577 5284 morbum
1611 5230 1798 5300 ipsum
1825 5230 1878 5284 id
1901 5232 2052 5300 quod

408 5320 609 5374 morbo
641 5319 923 5374 intactum
954 5318 1140 5371 adhuc
1164 5316 1556 5386 estimpellere
1579 5316 1891 5372 molientis.
1917 5319 2054 5375 Tale

406 5424 647 5479 prorsus
682 5407 884 5478 puellze
928 5406 1226 5477 negotium
1269 5405 1586 5460 existimes.
1613 5405 1870 5462 Necdum
1905 5407 2053 5475 dico,

476 5596 523 5629 7°
555 5596 692 5650 Vide
715 5611 912 5666 supra,
943 5594 1114 5666 epist.
1166 5595 1232 5649 43
1271 5600 1325 5650 et
1371 5595 1538 5663 infra,
1581 5596 1683 5650 lib.
1730 5613 1788 5662 ιι,
1833 5598 2002 5666 epist.
2033 5600 2122 5655 31.

409 5665 800 5738 Amphiloch.,
833 5681 959 5721 can.
990 5665 1044 5732 8,
1087 5668 1167 5728 lt,
1204 5667 1284 5720 13.
1365 5667 1409 5700 7‘
1439 5669 1577 5724 Con.
1615 5668 1782 5725 Neoc.
1819 5665 1943 5727 can.
1979 5672 2028 5725 4.

2173 4873 2371 4946 ὑγίειαν
2430 4870 2809 4950 περιφυλάξαι,
2841 4872 2875 4941 ἢ
2935 4874 3032 4940 τὴν
3076 4874 3313 4926 ἀποῦσαν
3366 4869 3796 4925 ἀνακαλέσασθαι.

2169 4962 2406 5037 ’Δλογον
2455 4958 2530 5028 δὲ,
2575 4965 2870 5038 σύγγνωθι,
2922 4961 2984 5016 τὸ
3037 4963 3111 5032 μὴ
3165 4960 3272 5030 ἤδη
3320 4964 3618 5035 παροῦσαν,
3664 4956 3796 5012 ἀλλὰ

2167 5049 2576 5124 μελετωμένην,
2613 5051 2870 5123 ἰατρεύειν
2931 5051 3005 5112 ὡς
3074 5048 3233 5105 οὖσαν
3271 5069 3282 5082 ·
3317 5048 3377 5103 οῦ
3434 5051 3539 5122 γὰρ
3598 5049 3791 5121 ἰατροῦ,

2164 5139 2307 5194 ἀλλά
2346 5145 2732 5213 πτωματιστοῦ
2780 5141 2842 5194 τὸ
2895 5139 3097 5212 δρᾶμα,
3135 5137 3512 5214 ὑφελκομένου
3562 5157 3792 5208 προσεμ-

2162 5237 2397 5299 παρῆναι
2446 5230 2520 5290 εἷς
2578 5231 2746 5291 πάθος
2805 5230 2933 5285 αὐτὸ
3005 5231 3067 5284 τὸ
3125 5224 3203 5284 ἔτι
3269 5229 3490 5289 ἀπαθές.
3549 5232 3789 5281 Τοιοῦτον

2165 5317 2285 5372 οἶόυ
2341 5321 2428 5374 καὶ
2479 5321 2539 5374 τὸ
2595 5319 2689 5386 τῆς
2748 5317 2961 5380 παιδός.
2996 5319 3098 5375 Καὶ
3165 5316 3318 5373 οὔπω
3377 5317 3547 5392 λέγω,
3580 5316 3661 5372 ὅτι
3709 5313 3788 5368 καὶ

2164 5408 2226 5462 τὸ
2271 5407 2468 5483 ἀγαθόν
2515 5429 2566 5462 τι
2614 5407 2972 5482 ἐνθυμηθῆναί
3020 5428 3159 5476 τινα,
3212 5408 3288 5480 μή
3355 5412 3518 5461 τοῦτο
3578 5404 3652 5465 εἰς
3704 5403 3788 5457 πέ·

3339 5600 3384 5634 ⁷³
3414 5600 3478 5654 ln
3512 5597 3693 5669 Epist.
3721 5594 3780 5650 ad

2201 5601 2240 5637 ⁷¹
2279 5604 2386 5658 lsa.
2435 5620 2535 5672 vn,
2575 5605 2627 5657 6.
2705 5605 2748 5637 ⁷⁸
2778 5603 2951 5658 Num.
2981 5618 3132 5667 xxxx,
3175 5603 3257 5655 15.
