  <div class='ocr_page' id='page_1' title='image "/cluster/home/n/w/nwhite01/storage/ocr_20150623/99/mdp.39015005675577/556.png"; bbox 0 0 4084 6284; ppageno 0'>
   <div class='ocr_carea' id='block_1_1' title="bbox 294 397 445 460">
    <p class='ocr_par' dir='ltr' id='par_1_1' title="bbox 294 397 445 460">
     <span class='ocr_line' id='line_1_1' title="bbox 294 397 445 460; baseline -0.007 0"><span class='ocrx_word' id='word_1_1' title='bbox 294 397 445 460; x_wconf 78' lang='grc'><strong>1101</strong></span> 
     </span>
    </p>
   </div>
   <div class='ocr_carea' id='block_1_2' title="bbox 1565 394 2405 464">
    <p class='ocr_par' dir='ltr' id='par_1_2' title="bbox 1565 394 2405 464">
     <span class='ocr_line' id='line_1_2' title="bbox 1565 394 2405 464; baseline 0.008 -7"><span class='ocrx_word' id='word_1_2' title='bbox 1565 394 2115 464; x_wconf 82' lang='lat' dir='ltr'>EPISTOLARUM</span> <span class='ocrx_word' id='word_1_3' title='bbox 2159 401 2309 462; x_wconf 88' lang='lat' dir='ltr'><strong>LIB.</strong></span> <span class='ocrx_word' id='word_1_4' title='bbox 2356 400 2405 464; x_wconf 93' lang='grc' dir='ltr'>Ι.</span> 
     </span>
    </p>
   </div>
   <div class='ocr_carea' id='block_1_3' title="bbox 3534 407 3689 469">
    <p class='ocr_par' dir='ltr' id='par_1_3' title="bbox 3534 407 3689 469">
     <span class='ocr_line' id='line_1_3' title="bbox 3534 407 3689 469; baseline -0.013 0"><span class='ocrx_word' id='word_1_5' title='bbox 3534 407 3689 469; x_wconf 75' lang='grc'><strong>1102</strong></span> 
     </span>
    </p>
   </div>
   <div class='ocr_carea' id='block_1_4' title="bbox 291 527 1948 610">
    <p class='ocr_par' dir='ltr' id='par_1_4' title="bbox 291 527 1931 607">
     <span class='ocr_line' id='line_1_4' title="bbox 291 527 1931 607; baseline 0.002 -24"><span class='ocrx_word' id='word_1_6' title='bbox 291 549 389 605; x_wconf 88' lang='grc' dir='ltr'>ρας</span> <span class='ocrx_word' id='word_1_7' title='bbox 437 527 662 603; x_wconf 73' lang='grc' dir='ltr'>ἄγοντα,</span> <span class='ocrx_word' id='word_1_8' title='bbox 715 528 919 607; x_wconf 69' lang='grc' dir='ltr'>ὑφέξειν</span> <span class='ocrx_word' id='word_1_9' title='bbox 967 532 1159 603; x_wconf 84' lang='grc' dir='ltr'>κρῖμα,</span> <span class='ocrx_word' id='word_1_10' title='bbox 1206 528 1343 583; x_wconf 80' lang='grc' dir='ltr'>καθὰ</span> <span class='ocrx_word' id='word_1_11' title='bbox 1377 527 1405 583; x_wconf 87' lang='grc' dir='ltr'>ὁ</span> <span class='ocrx_word' id='word_1_12' title='bbox 1454 528 1601 592; x_wconf 86' lang='grc' dir='ltr'>θεῖος</span> <span class='ocrx_word' id='word_1_13' title='bbox 1645 529 1931 593; x_wconf 88' lang='grc' dir='ltr'>Βασιλειος</span> 
     </span>
    </p>
   </div>
   <div class='ocr_carea' id='block_1_5' title="bbox 2058 527 3693 610">
    <p class='ocr_par' dir='ltr' id='par_1_5' title="bbox 2058 532 3693 610">
     <span class='ocr_line' id='line_1_5' title="bbox 2058 532 3693 610; baseline 0.005 -22"><span class='ocrx_word' id='word_1_14' title='bbox 2058 532 2543 607; x_wconf 67' lang='grc' dir='ltr'>διὶεωξθυω,1ᾳυί</span> <span class='ocrx_word' id='word_1_15' title='bbox 2580 532 2719 590; x_wconf 92' lang='lat' dir='ltr'>boni</span> <span class='ocrx_word' id='word_1_16' title='bbox 2751 534 2970 606; x_wconf 88' lang='lat' dir='ltr'>aliquid</span> <span class='ocrx_word' id='word_1_17' title='bbox 3002 536 3294 610; x_wconf 87' lang='lat' dir='ltr'>cogitarit,</span> <span class='ocrx_word' id='word_1_18' title='bbox 3330 537 3376 594; x_wconf 89' lang='lat' dir='ltr'>si</span> <span class='ocrx_word' id='word_1_19' title='bbox 3427 540 3497 596; x_wconf 87' lang='lat' dir='ltr'>ad</span> <span class='ocrx_word' id='word_1_20' title='bbox 3549 541 3693 597; x_wconf 81' lang='lat' dir='ltr'>eti&#39;e-</span> 
     </span>
    </p>
   </div>
   <div class='ocr_carea' id='block_1_6' title="bbox 292 615 612 693">
    <p class='ocr_par' dir='ltr' id='par_1_6' title="bbox 292 615 612 693">
     <span class='ocr_line' id='line_1_6' title="bbox 292 615 612 693; baseline 0.003 -20"><span class='ocrx_word' id='word_1_21' title='bbox 292 615 612 693; x_wconf 70' lang='grc' dir='ltr'>διωρίσατο.</span> 
     </span>
    </p>
   </div>
   <div class='ocr_carea' id='block_1_7' title="bbox 364 790 1941 872">
    <p class='ocr_par' dir='ltr' id='par_1_7' title="bbox 364 790 1941 872">
     <span class='ocr_line' id='line_1_7' title="bbox 364 790 1941 872; baseline -0.001 -19"><span class='ocrx_word' id='word_1_22' title='bbox 364 796 621 854; x_wconf 80' lang='grc' dir='ltr'>Ἐνταῦθα</span> <span class='ocrx_word' id='word_1_23' title='bbox 680 794 738 851; x_wconf 79' lang='grc' dir='ltr'>ὃὶ</span> <span class='ocrx_word' id='word_1_24' title='bbox 787 795 950 851; x_wconf 74' lang='grc' dir='ltr'>οἷονεί</span> <span class='ocrx_word' id='word_1_25' title='bbox 1012 797 1099 851; x_wconf 84' lang='grc' dir='ltr'>καὶ</span> <span class='ocrx_word' id='word_1_26' title='bbox 1151 795 1296 872; x_wconf 82' lang='grc' dir='ltr'>ἔργιν</span> <span class='ocrx_word' id='word_1_27' title='bbox 1352 790 1637 871; x_wconf 76' lang='grc' dir='ltr'>προῦϐηκε</span> <span class='ocrx_word' id='word_1_28' title='bbox 1691 798 1753 852; x_wconf 87' lang='grc' dir='ltr'>τὸ</span> <span class='ocrx_word' id='word_1_29' title='bbox 1807 798 1941 872; x_wconf 88' lang='grc' dir='ltr'>βου-</span> 
     </span>
    </p>
   </div>
   <div class='ocr_carea' id='block_1_8' title="bbox 293 884 1942 959">
    <p class='ocr_par' dir='ltr' id='par_1_8' title="bbox 293 884 1942 959">
     <span class='ocr_line' id='line_1_8' title="bbox 293 884 1942 959; baseline -0.001 -16"><span class='ocrx_word' id='word_1_30' title='bbox 293 884 479 943; x_wconf 75' lang='grc' dir='ltr'>λευθὲν</span> <span class='ocrx_word' id='word_1_31' title='bbox 505 884 594 941; x_wconf 82' lang='grc' dir='ltr'>διὰ</span> <span class='ocrx_word' id='word_1_32' title='bbox 622 892 722 955; x_wconf 82' lang='grc' dir='ltr'>τῆς</span> <span class='ocrx_word' id='word_1_33' title='bbox 755 886 1017 956; x_wconf 77' lang='grc' dir='ltr'>αἰτήσεως</span> <span class='ocrx_word' id='word_1_34' title='bbox 1047 887 1136 941; x_wconf 79' lang='grc' dir='ltr'>καὶ</span> <span class='ocrx_word' id='word_1_35' title='bbox 1169 885 1314 947; x_wconf 83' lang='grc' dir='ltr'>θείας</span> <span class='ocrx_word' id='word_1_36' title='bbox 1359 886 1671 959; x_wconf 80' lang='grc' dir='ltr'>συντάξεως.</span> <span class='ocrx_word' id='word_1_37' title='bbox 1725 885 1942 943; x_wconf 81' lang='grc' dir='ltr'>Φείδοι-</span> 
     </span>
    </p>
   </div>
   <div class='ocr_carea' id='block_1_9' title="bbox 297 973 1942 1052">
    <p class='ocr_par' dir='ltr' id='par_1_9' title="bbox 297 973 1942 1052">
     <span class='ocr_line' id='line_1_9' title="bbox 297 973 1942 1052; baseline -0.001 -20"><span class='ocrx_word' id='word_1_38' title='bbox 297 978 387 1032; x_wconf 90' lang='grc' dir='ltr'>σθε</span> <span class='ocrx_word' id='word_1_39' title='bbox 424 974 537 1041; x_wconf 79' lang='grc' dir='ltr'>οὖν,</span> <span class='ocrx_word' id='word_1_40' title='bbox 590 973 634 1030; x_wconf 81' lang='grc' dir='ltr'>ὦ</span> <span class='ocrx_word' id='word_1_41' title='bbox 683 973 1033 1052; x_wconf 70' lang='grc' dir='ltr'>φιλούμενοι,</span> <span class='ocrx_word' id='word_1_42' title='bbox 1081 976 1148 1030; x_wconf 71' lang='grc' dir='ltr'>τὰ</span> <span class='ocrx_word' id='word_1_43' title='bbox 1194 978 1425 1030; x_wconf 84' lang='grc' dir='ltr'>τοιαῦτα</span> <span class='ocrx_word' id='word_1_44' title='bbox 1464 976 1672 1045; x_wconf 75' lang='grc' dir='ltr'>παίζειν</span> <span class='ocrx_word' id='word_1_45' title='bbox 1707 994 1721 1009; x_wconf 72' lang='grc' dir='ltr'>ο</span> <span class='ocrx_word' id='word_1_46' title='bbox 1772 977 1942 1031; x_wconf 81' lang='grc' dir='ltr'>ἀκού-</span> 
     </span>
    </p>
   </div>
   <div class='ocr_carea' id='block_1_10' title="bbox 295 1062 1937 1139">
    <p class='ocr_par' dir='ltr' id='par_1_10' title="bbox 295 1062 1937 1139">
     <span class='ocr_line' id='line_1_10' title="bbox 295 1062 1937 1139; baseline 0 -17"><span class='ocrx_word' id='word_1_47' title='bbox 295 1087 446 1128; x_wconf 90' lang='grc' dir='ltr'>οντες</span> <span class='ocrx_word' id='word_1_48' title='bbox 465 1069 561 1122; x_wconf 90' lang='grc' dir='ltr'>τοῦ</span> <span class='ocrx_word' id='word_1_49' title='bbox 592 1064 846 1139; x_wconf 72' lang='grc' dir='ltr'>λὲγοντος</span> <span class='ocrx_word' id='word_1_50' title='bbox 877 1084 890 1098; x_wconf 77' lang='grc' dir='ltr'>ο</span> <span class='ocrx_word' id='word_1_51' title='bbox 923 1065 1206 1139; x_wconf 83' lang='grc' dir='ltr'>Ἀγαθὸν</span> <span class='ocrx_word' id='word_1_52' title='bbox 1254 1066 1339 1138; x_wconf 80' lang='grc' dir='ltr'>μή</span> <span class='ocrx_word' id='word_1_53' title='bbox 1386 1062 1725 1138; x_wconf 71' lang='grc' dir='ltr'>εὔξασθαι,</span> <span class='ocrx_word' id='word_1_54' title='bbox 1759 1067 1792 1135; x_wconf 81' lang='grc' dir='ltr'>ἢ</span> <span class='ocrx_word' id='word_1_55' title='bbox 1842 1064 1937 1122; x_wconf 77' lang='grc' dir='ltr'>εῦ-</span> 
     </span>
    </p>
   </div>
   <div class='ocr_carea' id='block_1_11' title="bbox 296 1152 1941 1231">
    <p class='ocr_par' dir='ltr' id='par_1_11' title="bbox 296 1152 1941 1231">
     <span class='ocr_line' id='line_1_11' title="bbox 296 1152 1941 1231; baseline -0.001 -18"><span class='ocrx_word' id='word_1_56' title='bbox 296 1159 493 1229; x_wconf 82' lang='grc' dir='ltr'>ξασθα</span> <span class='ocrx_word' id='word_1_57' title='bbox 518 1156 651 1212; x_wconf 85' lang='grc' dir='ltr'>ικαὶ</span> <span class='ocrx_word' id='word_1_58' title='bbox 678 1157 765 1228; x_wconf 86' lang='grc' dir='ltr'>μή</span> <span class='ocrx_word' id='word_1_59' title='bbox 789 1153 1186 1229; x_wconf 81' lang='grc' dir='ltr'>ἀποδοῦναι.</span> <span class='ocrx_word' id='word_1_60' title='bbox 1225 1189 1296 1199; x_wconf 85' lang='lat'>-—</span> <span class='ocrx_word' id='word_1_61' title='bbox 1344 1155 1515 1231; x_wconf 84' lang='grc' dir='ltr'>Οὐχὶ</span> <span class='ocrx_word' id='word_1_62' title='bbox 1542 1156 1732 1229; x_wconf 79' lang='grc' dir='ltr'>μὲνον</span> <span class='ocrx_word' id='word_1_63' title='bbox 1754 1152 1941 1230; x_wconf 79' lang='grc' dir='ltr'>ἔμενέ</span> 
     </span>
    </p>
   </div>
   <div class='ocr_carea' id='block_1_12' title="bbox 297 1244 1937 1322">
    <p class='ocr_par' dir='ltr' id='par_1_12' title="bbox 297 1244 1937 1322">
     <span class='ocr_line' id='line_1_12' title="bbox 297 1244 1937 1322; baseline 0 -20"><span class='ocrx_word' id='word_1_64' title='bbox 297 1268 422 1316; x_wconf 91' lang='grc' dir='ltr'>σοι,</span> <span class='ocrx_word' id='word_1_65' title='bbox 454 1244 837 1322; x_wconf 77' lang='grc' dir='ltr'>φησίςΤίὸτι</span> <span class='ocrx_word' id='word_1_66' title='bbox 868 1244 1122 1318; x_wconf 80' lang='grc' dir='ltr'>ἐψεύσω</span> <span class='ocrx_word' id='word_1_67' title='bbox 1144 1249 1232 1317; x_wconf 80' lang='grc' dir='ltr'>τῷ</span> <span class='ocrx_word' id='word_1_68' title='bbox 1252 1246 1586 1319; x_wconf 86' lang='grc' dir='ltr'>Πνεύματι</span> <span class='ocrx_word' id='word_1_69' title='bbox 1615 1250 1703 1319; x_wconf 76' lang='grc' dir='ltr'>τῷ</span> <span class='ocrx_word' id='word_1_70' title='bbox 1734 1246 1937 1322; x_wconf 76' lang='grc' dir='ltr'>ἆγίῳς</span> 
     </span>
    </p>
   </div>
   <div class='ocr_carea' id='block_1_13' title="bbox 295 1331 1937 1414">
    <p class='ocr_par' dir='ltr' id='par_1_13' title="bbox 295 1331 1937 1414">
     <span class='ocr_line' id='line_1_13' title="bbox 295 1331 1937 1414; baseline -0.001 -21"><span class='ocrx_word' id='word_1_71' title='bbox 295 1336 402 1394; x_wconf 83' lang='grc' dir='ltr'>Καὶ</span> <span class='ocrx_word' id='word_1_72' title='bbox 430 1336 492 1391; x_wconf 85' lang='grc' dir='ltr'>τὸ</span> <span class='ocrx_word' id='word_1_73' title='bbox 521 1336 648 1407; x_wconf 71' lang='grc' dir='ltr'>ἑξῆς</span> <span class='ocrx_word' id='word_1_74' title='bbox 678 1335 905 1407; x_wconf 82' lang='grc' dir='ltr'>πάρειμι</span> <span class='ocrx_word' id='word_1_75' title='bbox 953 1331 1042 1388; x_wconf 82' lang='grc' dir='ltr'>διὰ</span> <span class='ocrx_word' id='word_1_76' title='bbox 1081 1334 1143 1388; x_wconf 86' lang='grc' dir='ltr'>τὸ</span> <span class='ocrx_word' id='word_1_77' title='bbox 1189 1331 1493 1414; x_wconf 68' lang='grc' dir='ltr'>δύσφημον.</span> <span class='ocrx_word' id='word_1_78' title='bbox 1550 1337 1652 1391; x_wconf 85' lang='grc' dir='ltr'>Καὶ</span> <span class='ocrx_word' id='word_1_79' title='bbox 1701 1338 1812 1413; x_wconf 88' lang='grc' dir='ltr'>οὐχ</span> <span class='ocrx_word' id='word_1_80' title='bbox 1855 1335 1937 1391; x_wconf 82' lang='grc' dir='ltr'>ὅτι</span> 
     </span>
    </p>
   </div>
   <div class='ocr_carea' id='block_1_14' title="bbox 296 1420 1942 1504">
    <p class='ocr_par' dir='ltr' id='par_1_14' title="bbox 296 1420 1942 1504">
     <span class='ocr_line' id='line_1_14' title="bbox 296 1420 1942 1504; baseline -0.001 -24"><span class='ocrx_word' id='word_1_81' title='bbox 296 1427 775 1504; x_wconf 75' lang='grc' dir='ltr'>καταφρονητικῶς</span> <span class='ocrx_word' id='word_1_82' title='bbox 804 1420 921 1497; x_wconf 83' lang='grc' dir='ltr'>ἔχω</span> <span class='ocrx_word' id='word_1_83' title='bbox 966 1430 1067 1491; x_wconf 83' lang='grc' dir='ltr'>τῆς</span> <span class='ocrx_word' id='word_1_84' title='bbox 1112 1420 1307 1486; x_wconf 84' lang='grc' dir='ltr'>παιδός</span> <span class='ocrx_word' id='word_1_85' title='bbox 1336 1442 1351 1455; x_wconf 90' lang='grc'><strong>·</strong></span> <span class='ocrx_word' id='word_1_86' title='bbox 1405 1421 1659 1500; x_wconf 78' lang='grc' dir='ltr'>φείδομαι</span> <span class='ocrx_word' id='word_1_87' title='bbox 1699 1426 1804 1501; x_wconf 81' lang='grc' dir='ltr'>γὰρ</span> <span class='ocrx_word' id='word_1_88' title='bbox 1852 1425 1942 1480; x_wconf 90' lang='grc' dir='ltr'>αὐ-</span> 
     </span>
    </p>
   </div>
   <div class='ocr_carea' id='block_1_15' title="bbox 294 1510 1938 1587">
    <p class='ocr_par' dir='ltr' id='par_1_15' title="bbox 294 1510 1938 1587">
     <span class='ocr_line' id='line_1_15' title="bbox 294 1510 1938 1587; baseline 0 -19"><span class='ocrx_word' id='word_1_89' title='bbox 294 1521 417 1583; x_wconf 83' lang='grc' dir='ltr'>τῆς,</span> <span class='ocrx_word' id='word_1_90' title='bbox 449 1515 525 1577; x_wconf 82' lang='grc' dir='ltr'>ὡς</span> <span class='ocrx_word' id='word_1_91' title='bbox 559 1519 660 1583; x_wconf 80' lang='grc' dir='ltr'>τῆς</span> <span class='ocrx_word' id='word_1_92' title='bbox 682 1512 851 1587; x_wconf 81' lang='grc' dir='ltr'>κόρης</span> <span class='ocrx_word' id='word_1_93' title='bbox 896 1532 1002 1584; x_wconf 90' lang='grc' dir='ltr'>μου</span> <span class='ocrx_word' id='word_1_94' title='bbox 1049 1516 1147 1567; x_wconf 88' lang='grc' dir='ltr'>τοῦ</span> <span class='ocrx_word' id='word_1_95' title='bbox 1185 1512 1477 1586; x_wconf 77' lang='grc' dir='ltr'>ὀφθαλμοῦ</span> <span class='ocrx_word' id='word_1_96' title='bbox 1511 1532 1524 1545; x_wconf 73' lang='grc' dir='ltr'>ο</span> <span class='ocrx_word' id='word_1_97' title='bbox 1557 1514 1647 1568; x_wconf 86' lang='grc' dir='ltr'>καὶ</span> <span class='ocrx_word' id='word_1_98' title='bbox 1693 1510 1762 1568; x_wconf 83' lang='grc' dir='ltr'>δι’</span> <span class='ocrx_word' id='word_1_99' title='bbox 1818 1513 1938 1568; x_wconf 87' lang='grc' dir='ltr'>ἐαυ-</span> 
     </span>
    </p>
   </div>
   <div class='ocr_carea' id='block_1_16' title="bbox 294 1599 1938 1678">
    <p class='ocr_par' dir='ltr' id='par_1_16' title="bbox 294 1599 1938 1678">
     <span class='ocr_line' id='line_1_16' title="bbox 294 1599 1938 1678; baseline 0 -21"><span class='ocrx_word' id='word_1_100' title='bbox 294 1604 395 1670; x_wconf 83' lang='grc' dir='ltr'>τήν</span> <span class='ocrx_word' id='word_1_101' title='bbox 447 1602 730 1678; x_wconf 77' lang='grc' dir='ltr'>ἐφιεμένην</span> <span class='ocrx_word' id='word_1_102' title='bbox 775 1601 835 1656; x_wconf 90' lang='grc' dir='ltr'>ἐκ</span> <span class='ocrx_word' id='word_1_103' title='bbox 875 1608 976 1670; x_wconf 77' lang='grc' dir='ltr'>τῆς</span> <span class='ocrx_word' id='word_1_104' title='bbox 1025 1599 1294 1664; x_wconf 82' lang='grc' dir='ltr'>εὐτελείας</span> <span class='ocrx_word' id='word_1_105' title='bbox 1347 1623 1451 1675; x_wconf 89' lang='grc' dir='ltr'>μου</span> <span class='ocrx_word' id='word_1_106' title='bbox 1498 1601 1879 1677; x_wconf 85' lang='grc' dir='ltr'>θεραπεύεσθαι</span> <span class='ocrx_word' id='word_1_107' title='bbox 1923 1622 1938 1637; x_wconf 87' lang='grc'><strong>·</strong></span> 
     </span>
    </p>
   </div>
   <div class='ocr_carea' id='block_1_17' title="bbox 296 1688 1943 1765">
    <p class='ocr_par' dir='ltr' id='par_1_17' title="bbox 296 1688 1943 1765">
     <span class='ocr_line' id='line_1_17' title="bbox 296 1688 1943 1765; baseline 0 -18"><span class='ocrx_word' id='word_1_108' title='bbox 296 1695 385 1747; x_wconf 86' lang='grc' dir='ltr'>καὶ</span> <span class='ocrx_word' id='word_1_109' title='bbox 450 1690 538 1745; x_wconf 76' lang='grc' dir='ltr'>διὰ</span> <span class='ocrx_word' id='word_1_110' title='bbox 592 1693 690 1761; x_wconf 86' lang='grc' dir='ltr'>τήν</span> <span class='ocrx_word' id='word_1_111' title='bbox 753 1691 942 1763; x_wconf 85' lang='grc' dir='ltr'>κυρίαν</span> <span class='ocrx_word' id='word_1_112' title='bbox 998 1693 1097 1759; x_wconf 75' lang='grc' dir='ltr'>τὴν</span> <span class='ocrx_word' id='word_1_113' title='bbox 1151 1692 1381 1765; x_wconf 76' lang='grc' dir='ltr'>μητέρα,</span> <span class='ocrx_word' id='word_1_114' title='bbox 1413 1692 1479 1760; x_wconf 78' lang='grc' dir='ltr'>ἢν</span> <span class='ocrx_word' id='word_1_115' title='bbox 1531 1688 1674 1746; x_wconf 77' lang='grc' dir='ltr'>σὲὄω</span> <span class='ocrx_word' id='word_1_116' title='bbox 1713 1692 1803 1747; x_wconf 84' lang='grc' dir='ltr'>καὶ</span> <span class='ocrx_word' id='word_1_117' title='bbox 1842 1713 1943 1747; x_wconf 92' lang='grc' dir='ltr'>πε-</span> 
     </span>
    </p>
   </div>
   <div class='ocr_carea' id='block_1_18' title="bbox 301 1777 1943 1856">
    <p class='ocr_par' dir='ltr' id='par_1_18' title="bbox 301 1777 1943 1856">
     <span class='ocr_line' id='line_1_18' title="bbox 301 1777 1943 1856; baseline 0.001 -22"><span class='ocrx_word' id='word_1_118' title='bbox 301 1780 494 1856; x_wconf 81' lang='grc' dir='ltr'>ριέπω,</span> <span class='ocrx_word' id='word_1_119' title='bbox 527 1780 601 1842; x_wconf 82' lang='grc' dir='ltr'>ὡς</span> <span class='ocrx_word' id='word_1_120' title='bbox 641 1782 738 1849; x_wconf 78' lang='grc' dir='ltr'>τήν</span> <span class='ocrx_word' id='word_1_121' title='bbox 768 1777 906 1853; x_wconf 79' lang='grc' dir='ltr'>ἒμήν</span> <span class='ocrx_word' id='word_1_122' title='bbox 936 1778 1084 1833; x_wconf 84' lang='grc' dir='ltr'>ὁσίαν</span> <span class='ocrx_word' id='word_1_123' title='bbox 1140 1779 1349 1853; x_wconf 75' lang='grc' dir='ltr'>μητέρα</span> <span class='ocrx_word' id='word_1_124' title='bbox 1381 1798 1393 1813; x_wconf 80' lang='grc'><em>’</em></span> <span class='ocrx_word' id='word_1_125' title='bbox 1456 1780 1602 1836; x_wconf 82' lang='grc' dir='ltr'>ἀλλὰ</span> <span class='ocrx_word' id='word_1_126' title='bbox 1656 1782 1717 1835; x_wconf 88' lang='grc' dir='ltr'>τὸ</span> <span class='ocrx_word' id='word_1_127' title='bbox 1770 1786 1943 1855; x_wconf 87' lang='grc' dir='ltr'>κρῖμα</span> 
     </span>
    </p>
   </div>
   <div class='ocr_carea' id='block_1_19' title="bbox 301 1867 1942 1943">
    <p class='ocr_par' dir='ltr' id='par_1_19' title="bbox 301 1867 1942 1943">
     <span class='ocr_line' id='line_1_19' title="bbox 301 1867 1942 1943; baseline 0 -18"><span class='ocrx_word' id='word_1_128' title='bbox 301 1867 584 1940; x_wconf 83' lang='grc' dir='ltr'>δεδοικὼς,</span> <span class='ocrx_word' id='word_1_129' title='bbox 637 1870 667 1924; x_wconf 86' lang='grc' dir='ltr'><strong>’ὀ</strong></span> <span class='ocrx_word' id='word_1_130' title='bbox 723 1871 1033 1943; x_wconf 85' lang='grc' dir='ltr'>παρασταίη</span> <span class='ocrx_word' id='word_1_131' title='bbox 1092 1869 1144 1926; x_wconf 81' lang='grc' dir='ltr'>ἐν</span> <span class='ocrx_word' id='word_1_132' title='bbox 1204 1870 1383 1943; x_wconf 77' lang='grc' dir='ltr'>ἡμέρα</span> <span class='ocrx_word' id='word_1_133' title='bbox 1438 1869 1667 1943; x_wconf 87' lang='grc' dir='ltr'>κρίσεως</span> <span class='ocrx_word' id='word_1_134' title='bbox 1735 1870 1942 1942; x_wconf 72' lang='grc' dir='ltr'>ἑκάστῳ</span> 
     </span>
    </p>
   </div>
   <div class='ocr_carea' id='block_1_20' title="bbox 297 1957 1941 2034">
    <p class='ocr_par' dir='ltr' id='par_1_20' title="bbox 297 1957 1941 2034">
     <span class='ocr_line' id='line_1_20' title="bbox 297 1957 1941 2034; baseline 0 -20"><span class='ocrx_word' id='word_1_135' title='bbox 297 1964 376 2031; x_wconf 81' lang='grc' dir='ltr'>τῷ</span> <span class='ocrx_word' id='word_1_136' title='bbox 439 1980 497 2014; x_wconf 88' lang='grc' dir='ltr'>τε</span> <span class='ocrx_word' id='word_1_137' title='bbox 563 1957 833 2033; x_wconf 79' lang='grc' dir='ltr'>ἐρωτῶντι</span> <span class='ocrx_word' id='word_1_138' title='bbox 889 1959 979 2013; x_wconf 85' lang='grc' dir='ltr'>καὶ</span> <span class='ocrx_word' id='word_1_139' title='bbox 1043 1963 1121 2030; x_wconf 79' lang='grc' dir='ltr'>τῷ</span> <span class='ocrx_word' id='word_1_140' title='bbox 1187 1958 1597 2034; x_wconf 79' lang='grc' dir='ltr'>ἀποκρινομένῳ</span> <span class='ocrx_word' id='word_1_141' title='bbox 1659 1978 1673 1992; x_wconf 76' lang='grc' dir='ltr'><strong>ο</strong></span> <span class='ocrx_word' id='word_1_142' title='bbox 1732 1961 1808 2021; x_wconf 85' lang='grc' dir='ltr'>ὡς</span> <span class='ocrx_word' id='word_1_143' title='bbox 1857 1958 1941 2014; x_wconf 83' lang='grc' dir='ltr'>ἐκ·</span> 
     </span>
    </p>
   </div>
   <div class='ocr_carea' id='block_1_21' title="bbox 301 2048 1939 2124">
    <p class='ocr_par' dir='ltr' id='par_1_21' title="bbox 301 2048 1939 2124">
     <span class='ocr_line' id='line_1_21' title="bbox 301 2048 1939 2124; baseline 0 -21"><span class='ocrx_word' id='word_1_144' title='bbox 301 2048 554 2124; x_wconf 79' lang='grc' dir='ltr'>φευκτέον</span> <span class='ocrx_word' id='word_1_145' title='bbox 619 2048 785 2123; x_wconf 71' lang='grc' dir='ltr'>μέχρι</span> <span class='ocrx_word' id='word_1_146' title='bbox 836 2048 927 2103; x_wconf 84' lang='grc' dir='ltr'>καὶ</span> <span class='ocrx_word' id='word_1_147' title='bbox 985 2049 1153 2123; x_wconf 80' lang='grc' dir='ltr'>ἀργοῦ</span> <span class='ocrx_word' id='word_1_148' title='bbox 1208 2053 1306 2103; x_wconf 85' lang='grc' dir='ltr'>τοῦ</span> <span class='ocrx_word' id='word_1_149' title='bbox 1352 2049 1619 2123; x_wconf 82' lang='grc' dir='ltr'>τυχόντος</span> <span class='ocrx_word' id='word_1_150' title='bbox 1672 2050 1939 2124; x_wconf 75' lang='grc' dir='ltr'>ῥήματος,</span> 
     </span>
    </p>
   </div>
   <div class='ocr_carea' id='block_1_22' title="bbox 304 2135 1943 2213">
    <p class='ocr_par' dir='ltr' id='par_1_22' title="bbox 304 2135 1943 2213">
     <span class='ocr_line' id='line_1_22' title="bbox 304 2135 1943 2213; baseline 0 -20"><span class='ocrx_word' id='word_1_151' title='bbox 304 2140 381 2211; x_wconf 78' lang='grc' dir='ltr'>μὴ</span> <span class='ocrx_word' id='word_1_152' title='bbox 414 2135 607 2193; x_wconf 85' lang='grc' dir='ltr'>δώσειν</span> <span class='ocrx_word' id='word_1_153' title='bbox 641 2140 789 2210; x_wconf 75' lang='grc' dir='ltr'>ἡμᾶς</span> <span class='ocrx_word' id='word_1_154' title='bbox 822 2137 987 2213; x_wconf 89' lang='grc' dir='ltr'>λόγον</span> <span class='ocrx_word' id='word_1_155' title='bbox 1014 2142 1093 2210; x_wconf 83' lang='grc' dir='ltr'>τῷ</span> <span class='ocrx_word' id='word_1_156' title='bbox 1138 2135 1416 2210; x_wconf 84' lang='grc' dir='ltr'>ἀδεκάστῳ</span> <span class='ocrx_word' id='word_1_157' title='bbox 1472 2142 1656 2213; x_wconf 79' lang='grc' dir='ltr'>κριτῇ.</span> <span class='ocrx_word' id='word_1_158' title='bbox 1718 2138 1782 2194; x_wconf 71' lang='grc' dir='ltr'>Εἴ</span> <span class='ocrx_word' id='word_1_159' title='bbox 1850 2139 1943 2210; x_wconf 74' lang='grc' dir='ltr'>μὲν</span> 
     </span>
    </p>
   </div>
   <div class='ocr_carea' id='block_1_23' title="bbox 302 2226 1940 2305">
    <p class='ocr_par' dir='ltr' id='par_1_23' title="bbox 302 2226 1940 2305">
     <span class='ocr_line' id='line_1_23' title="bbox 302 2226 1940 2305; baseline -0.001 -19"><span class='ocrx_word' id='word_1_160' title='bbox 302 2227 391 2286; x_wconf 80' lang='grc' dir='ltr'>οὖν</span> <span class='ocrx_word' id='word_1_161' title='bbox 428 2232 599 2303; x_wconf 88' lang='grc' dir='ltr'>μήπω</span> <span class='ocrx_word' id='word_1_162' title='bbox 646 2226 887 2300; x_wconf 78' lang='grc' dir='ltr'>ἔζευκται</span> <span class='ocrx_word' id='word_1_163' title='bbox 933 2233 967 2300; x_wconf 84' lang='grc' dir='ltr'>ἡ</span> <span class='ocrx_word' id='word_1_164' title='bbox 1019 2235 1211 2298; x_wconf 84' lang='grc' dir='ltr'>νεᾶνις,</span> <span class='ocrx_word' id='word_1_165' title='bbox 1256 2232 1285 2285; x_wconf 83' lang='grc' dir='ltr'>ὁ</span> <span class='ocrx_word' id='word_1_166' title='bbox 1345 2230 1504 2293; x_wconf 88' lang='grc' dir='ltr'>αὐτὸς</span> <span class='ocrx_word' id='word_1_167' title='bbox 1562 2235 1695 2304; x_wconf 77' lang='grc' dir='ltr'>ἡμῖν</span> <span class='ocrx_word' id='word_1_168' title='bbox 1757 2229 1940 2305; x_wconf 84' lang='grc' dir='ltr'>λόγος,</span> 
     </span>
    </p>
   </div>
   <div class='ocr_carea' id='block_1_24' title="bbox 299 2318 1941 2394">
    <p class='ocr_par' dir='ltr' id='par_1_24' title="bbox 299 2318 1941 2394">
     <span class='ocr_line' id='line_1_24' title="bbox 299 2318 1941 2394; baseline 0 -19"><span class='ocrx_word' id='word_1_169' title='bbox 299 2322 388 2376; x_wconf 80' lang='grc' dir='ltr'>καὶ</span> <span class='ocrx_word' id='word_1_170' title='bbox 420 2320 520 2376; x_wconf 88' lang='grc' dir='ltr'>οὐκ</span> <span class='ocrx_word' id='word_1_171' title='bbox 575 2318 748 2381; x_wconf 76' lang='grc' dir='ltr'>ἄλλος</span> <span class='ocrx_word' id='word_1_172' title='bbox 791 2318 1030 2375; x_wconf 84' lang='grc' dir='ltr'>ἐναντίον</span> <span class='ocrx_word' id='word_1_173' title='bbox 1080 2325 1213 2377; x_wconf 85' lang='grc' dir='ltr'>Θεοῦ</span> <span class='ocrx_word' id='word_1_174' title='bbox 1242 2319 1331 2375; x_wconf 88' lang='grc' dir='ltr'>καὶ</span> <span class='ocrx_word' id='word_1_175' title='bbox 1381 2321 1680 2394; x_wconf 82' lang='grc' dir='ltr'>ἀνθρώπων</span> <span class='ocrx_word' id='word_1_176' title='bbox 1713 2340 1725 2352; x_wconf 83' lang='grc'><em>’</em></span> <span class='ocrx_word' id='word_1_177' title='bbox 1761 2321 1818 2375; x_wconf 81' lang='grc' dir='ltr'>ὃν</span> <span class='ocrx_word' id='word_1_178' title='bbox 1851 2320 1941 2375; x_wconf 85' lang='grc' dir='ltr'>καὶ</span> 
     </span>
    </p>
   </div>
   <div class='ocr_carea' id='block_1_25' title="bbox 304 2405 1942 2486">
    <p class='ocr_par' dir='ltr' id='par_1_25' title="bbox 304 2405 1942 2486">
     <span class='ocr_line' id='line_1_25' title="bbox 304 2405 1942 2486; baseline -0.001 -22"><span class='ocrx_word' id='word_1_179' title='bbox 304 2411 444 2483; x_wconf 80' lang='grc' dir='ltr'>ὑμᾶς</span> <span class='ocrx_word' id='word_1_180' title='bbox 502 2405 848 2464; x_wconf 74' lang='grc' dir='ltr'>εὐλαϐεῖσθαι</span> <span class='ocrx_word' id='word_1_181' title='bbox 900 2410 1101 2485; x_wconf 90' lang='grc' dir='ltr'>χρεών.</span> <span class='ocrx_word' id='word_1_182' title='bbox 1163 2409 1225 2465; x_wconf 77' lang='grc' dir='ltr'><strong>Εἰ</strong></span> <span class='ocrx_word' id='word_1_183' title='bbox 1288 2407 1345 2465; x_wconf 75' lang='grc' dir='ltr'>δὲ</span> <span class='ocrx_word' id='word_1_184' title='bbox 1429 2410 1786 2479; x_wconf 68' lang='grc' dir='ltr'>συνέζευκται,</span> <span class='ocrx_word' id='word_1_185' title='bbox 1846 2413 1942 2486; x_wconf 68' lang='grc' dir='ltr'>φεῦ</span> 
     </span>
    </p>
   </div>
   <div class='ocr_carea' id='block_1_26' title="bbox 300 2496 1942 2574">
    <p class='ocr_par' dir='ltr' id='par_1_26' title="bbox 300 2496 1942 2574">
     <span class='ocr_line' id='line_1_26' title="bbox 300 2496 1942 2574; baseline 0 -21"><span class='ocrx_word' id='word_1_186' title='bbox 300 2505 400 2567; x_wconf 76' lang='grc' dir='ltr'>τῆς</span> <span class='ocrx_word' id='word_1_187' title='bbox 452 2496 591 2569; x_wconf 76' lang='grc' dir='ltr'>ἐμῆς</span> <span class='ocrx_word' id='word_1_188' title='bbox 642 2498 1065 2574; x_wconf 77' lang='grc' dir='ltr'>ταλαιπωρίαςί</span> <span class='ocrx_word' id='word_1_189' title='bbox 1115 2497 1418 2571; x_wconf 77' lang='grc' dir='ltr'>δηλωτέον,</span> <span class='ocrx_word' id='word_1_190' title='bbox 1466 2497 1561 2553; x_wconf 73' lang='grc' dir='ltr'>καῗ</span> <span class='ocrx_word' id='word_1_191' title='bbox 1608 2499 1728 2553; x_wconf 91' lang='grc' dir='ltr'>τότε</span> <span class='ocrx_word' id='word_1_192' title='bbox 1767 2497 1942 2553; x_wconf 84' lang='grc' dir='ltr'>δώσο-</span> 
     </span>
    </p>
   </div>
   <div class='ocr_carea' id='block_1_27' title="bbox 309 2586 1945 2665">
    <p class='ocr_par' dir='ltr' id='par_1_27' title="bbox 309 2586 1945 2665">
     <span class='ocr_line' id='line_1_27' title="bbox 309 2586 1945 2665; baseline 0 -24"><span class='ocrx_word' id='word_1_193' title='bbox 309 2608 403 2660; x_wconf 90' lang='grc' dir='ltr'>μεν</span> <span class='ocrx_word' id='word_1_194' title='bbox 458 2588 520 2642; x_wconf 89' lang='grc' dir='ltr'>τὸ</span> <span class='ocrx_word' id='word_1_195' title='bbox 571 2586 840 2661; x_wconf 86' lang='grc' dir='ltr'>ἐπιτίμιον</span> <span class='ocrx_word' id='word_1_196' title='bbox 878 2608 890 2621; x_wconf 86' lang='grc'><em>’</em></span> <span class='ocrx_word' id='word_1_197' title='bbox 939 2586 1091 2644; x_wconf 77' lang='grc' dir='ltr'>οὐδὲν</span> <span class='ocrx_word' id='word_1_198' title='bbox 1147 2589 1252 2665; x_wconf 81' lang='grc' dir='ltr'>γὰρ</span> <span class='ocrx_word' id='word_1_199' title='bbox 1300 2588 1630 2663; x_wconf 79' lang='grc' dir='ltr'>ἆθράπευτον</span> <span class='ocrx_word' id='word_1_200' title='bbox 1685 2593 1803 2650; x_wconf 80' lang='grc' dir='ltr'>τοῖς</span> <span class='ocrx_word' id='word_1_201' title='bbox 1862 2586 1945 2641; x_wconf 79' lang='grc' dir='ltr'>ἰα-</span> 
     </span>
    </p>
   </div>
   <div class='ocr_carea' id='block_1_28' title="bbox 306 2675 854 2752">
    <p class='ocr_par' dir='ltr' id='par_1_28' title="bbox 306 2675 854 2752">
     <span class='ocr_line' id='line_1_28' title="bbox 306 2675 854 2752; baseline 0.009 -23"><span class='ocrx_word' id='word_1_202' title='bbox 306 2678 464 2746; x_wconf 83' lang='grc' dir='ltr'>θῆναι</span> <span class='ocrx_word' id='word_1_203' title='bbox 500 2675 854 2752; x_wconf 71' lang='grc' dir='ltr'>βουλομένος.</span> 
     </span>
    </p>
   </div>
   <div class='ocr_carea' id='block_1_29' title="bbox 307 2878 1941 2963">
    <p class='ocr_par' dir='ltr' id='par_1_29' title="bbox 307 2878 1941 2963">
     <span class='ocr_line' id='line_1_29' title="bbox 307 2878 1941 2963; baseline -0.005 -19"><span class='ocrx_word' id='word_1_204' title='bbox 307 2889 438 2945; x_wconf 76' lang='lat' dir='ltr'>NI&quot;.</span> <span class='ocrx_word' id='word_1_205' title='bbox 463 2918 529 2930; x_wconf 93' lang='lat'><strong><em>—</em></strong></span> <span class='ocrx_word' id='word_1_206' title='bbox 552 2887 859 2963; x_wconf 74' lang='grc' dir='ltr'>Στεφάνῳ</span> <span class='ocrx_word' id='word_1_207' title='bbox 880 2883 1291 2960; x_wconf 80' lang='grc' dir='ltr'>ἀναγνώστῃ,</span> <span class='ocrx_word' id='word_1_208' title='bbox 1314 2882 1586 2943; x_wconf 82' lang='grc' dir='ltr'>καὶτοῖς</span> <span class='ocrx_word' id='word_1_209' title='bbox 1611 2878 1720 2934; x_wconf 79' lang='grc' dir='ltr'>σὺν</span> <span class='ocrx_word' id='word_1_210' title='bbox 1746 2878 1941 2952; x_wconf 76' lang='grc' dir='ltr'>αὐτῷ.</span> 
     </span>
    </p>
   </div>
   <div class='ocr_carea' id='block_1_30' title="bbox 1045 2958 1221 3029">
    <p class='ocr_par' dir='ltr' id='par_1_30' title="bbox 1045 2958 1221 3029">
     <span class='ocr_line' id='line_1_30' title="bbox 1045 2958 1221 3029; baseline 0 0"><span class='ocrx_word' id='word_1_211' title='bbox 1045 2958 1221 3029; x_wconf 85' lang='grc' dir='ltr'>[σνθ’-]</span> 
     </span>
    </p>
   </div>
   <div class='ocr_carea' id='block_1_31' title="bbox 2048 623 3685 699">
    <p class='ocr_par' dir='ltr' id='par_1_31' title="bbox 2048 623 3685 699">
     <span class='ocr_line' id='line_1_31' title="bbox 2048 623 3685 699; baseline 0.005 -23"><span class='ocrx_word' id='word_1_212' title='bbox 2048 625 2206 677; x_wconf 91' lang='lat' dir='ltr'>ctum</span> <span class='ocrx_word' id='word_1_213' title='bbox 2266 638 2382 678; x_wconf 94' lang='lat' dir='ltr'>non</span> <span class='ocrx_word' id='word_1_214' title='bbox 2432 623 2733 695; x_wconf 84' lang='lat' dir='ltr'>perducat,</span> <span class='ocrx_word' id='word_1_215' title='bbox 2779 625 2998 695; x_wconf 88' lang='lat' dir='ltr'>judicio</span> <span class='ocrx_word' id='word_1_216' title='bbox 3032 632 3272 698; x_wconf 70' lang='lat' dir='ltr'>&quot;poenas</span> <span class='ocrx_word' id='word_1_217' title='bbox 3340 629 3685 699; x_wconf 90' lang='lat' dir='ltr'>subiturum,</span> 
     </span>
    </p>
   </div>
   <div class='ocr_carea' id='block_1_32' title="bbox 2047 711 3579 781">
    <p class='ocr_par' dir='ltr' id='par_1_32' title="bbox 2047 711 3579 781">
     <span class='ocr_line' id='line_1_32' title="bbox 2047 711 3579 781; baseline 0.006 -16"><span class='ocrx_word' id='word_1_218' title='bbox 2047 711 2541 781; x_wconf 85' lang='lat' dir='ltr'>quemadmodum</span> <span class='ocrx_word' id='word_1_219' title='bbox 2574 729 2607 768; x_wconf 90' lang='lat' dir='ltr'>a</span> <span class='ocrx_word' id='word_1_220' title='bbox 2647 713 2841 769; x_wconf 91' lang='lat' dir='ltr'>divino</span> <span class='ocrx_word' id='word_1_221' title='bbox 2874 714 3087 771; x_wconf 80' lang='lat' dir='ltr'>Basilio</span> <span class='ocrx_word' id='word_1_222' title='bbox 3118 720 3210 771; x_wconf 88' lang='lat' dir='ltr'>est</span> <span class='ocrx_word' id='word_1_223' title='bbox 3248 718 3579 774; x_wconf 83' lang='lat' dir='ltr'>definitum.</span> 
     </span>
    </p>
   </div>
   <div class='ocr_carea' id='block_1_33' title="bbox 2118 800 3687 880">
    <p class='ocr_par' dir='ltr' id='par_1_33' title="bbox 2118 800 3687 880">
     <span class='ocr_line' id='line_1_33' title="bbox 2118 800 3687 880; baseline 0.005 -24"><span class='ocrx_word' id='word_1_224' title='bbox 2118 800 2223 856; x_wconf 88' lang='lat' dir='ltr'>Hic</span> <span class='ocrx_word' id='word_1_225' title='bbox 2272 816 2402 858; x_wconf 81' lang='lat' dir='ltr'>vero</span> <span class='ocrx_word' id='word_1_226' title='bbox 2452 802 2627 858; x_wconf 88' lang='lat' dir='ltr'>etiam</span> <span class='ocrx_word' id='word_1_227' title='bbox 2698 820 2846 875; x_wconf 89' lang='lat' dir='ltr'>opus</span> <span class='ocrx_word' id='word_1_228' title='bbox 2895 807 3323 876; x_wconf 89' lang='lat' dir='ltr'>quodammodo</span> <span class='ocrx_word' id='word_1_229' title='bbox 3387 808 3687 880; x_wconf 81' lang='lat' dir='ltr'>processit,</span> 
     </span>
    </p>
   </div>
   <div class='ocr_carea' id='block_1_34' title="bbox 2048 890 3688 969">
    <p class='ocr_par' dir='ltr' id='par_1_34' title="bbox 2048 890 3688 969">
     <span class='ocr_line' id='line_1_34' title="bbox 2048 890 3688 969; baseline 0.005 -24"><span class='ocrx_word' id='word_1_230' title='bbox 2048 890 2430 946; x_wconf 87' lang='lat' dir='ltr'>deliberatum</span> <span class='ocrx_word' id='word_1_231' title='bbox 2469 908 2573 963; x_wconf 92' lang='lat' dir='ltr'>per</span> <span class='ocrx_word' id='word_1_232' title='bbox 2598 892 3047 963; x_wconf 78' lang='lat' dir='ltr'>postulationem</span> <span class='ocrx_word' id='word_1_233' title='bbox 3079 895 3455 969; x_wconf 88' lang='lat' dir='ltr'>divinamque</span> <span class='ocrx_word' id='word_1_234' title='bbox 3513 915 3688 969; x_wconf 87' lang='lat' dir='ltr'>spon-</span> 
     </span>
    </p>
   </div>
   <div class='ocr_carea' id='block_1_35' title="bbox 2048 980 3689 1053">
    <p class='ocr_par' dir='ltr' id='par_1_35' title="bbox 2048 980 3689 1053">
     <span class='ocr_line' id='line_1_35' title="bbox 2048 980 3689 1053; baseline 0.004 -17"><span class='ocrx_word' id='word_1_235' title='bbox 2048 981 2295 1037; x_wconf 85' lang='lat' dir='ltr'>sionem.</span> <span class='ocrx_word' id='word_1_236' title='bbox 2328 980 2548 1036; x_wconf 80' lang='lat' dir='ltr'>Parcite</span> <span class='ocrx_word' id='word_1_237' title='bbox 2586 981 2788 1053; x_wconf 81' lang='lat' dir='ltr'>igitur,</span> <span class='ocrx_word' id='word_1_238' title='bbox 2822 981 3205 1052; x_wconf 76' lang='lat' dir='ltr'>dilectissimi,</span> <span class='ocrx_word' id='word_1_239' title='bbox 3238 986 3293 1040; x_wconf 91' lang='lat' dir='ltr'>in</span> <span class='ocrx_word' id='word_1_240' title='bbox 3348 988 3521 1042; x_wconf 86' lang='lat' dir='ltr'>rebus</span> <span class='ocrx_word' id='word_1_241' title='bbox 3571 987 3689 1043; x_wconf 89' lang='lat' dir='ltr'>bu-</span> 
     </span>
    </p>
   </div>
   <div class='ocr_carea' id='block_1_36' title="bbox 2039 1069 3686 1146">
    <p class='ocr_par' dir='ltr' id='par_1_36' title="bbox 2039 1069 3686 1146">
     <span class='ocr_line' id='line_1_36' title="bbox 2039 1069 3686 1146; baseline 0.005 -22"><span class='ocrx_word' id='word_1_242' title='bbox 2039 1070 2302 1141; x_wconf 88' lang='lat' dir='ltr'>jusmodi</span> <span class='ocrx_word' id='word_1_243' title='bbox 2332 1069 2530 1125; x_wconf 82' lang='lat' dir='ltr'>ludere</span> <span class='ocrx_word' id='word_1_244' title='bbox 2562 1088 2573 1125; x_wconf 95' lang='lat'>:</span> <span class='ocrx_word' id='word_1_245' title='bbox 2610 1072 2914 1128; x_wconf 86' lang='lat' dir='ltr'>audientes</span> <span class='ocrx_word' id='word_1_246' title='bbox 2944 1072 3110 1129; x_wconf 91' lang='lat' dir='ltr'>illum</span> <span class='ocrx_word' id='word_1_247' title='bbox 3151 1076 3247 1146; x_wconf 90' lang='lat' dir='ltr'>qui</span> <span class='ocrx_word' id='word_1_248' title='bbox 3282 1076 3422 1132; x_wconf 89' lang='lat' dir='ltr'>dicit</span> <span class='ocrx_word' id='word_1_249' title='bbox 3456 1094 3470 1131; x_wconf 91' lang='lat'>:</span> <span class='ocrx_word' id='word_1_250' title='bbox 3502 1076 3686 1133; x_wconf 77' lang='lat' dir='ltr'>Melius</span> 
     </span>
    </p>
   </div>
   <div class='ocr_carea' id='block_1_37' title="bbox 2048 1167 3686 1235">
    <p class='ocr_par' dir='ltr' id='par_1_37' title="bbox 2048 1167 3686 1235">
     <span class='ocr_line' id='line_1_37' title="bbox 2048 1167 3686 1235; baseline 0.005 -20"><span class='ocrx_word' id='word_1_251' title='bbox 2048 1169 2125 1215; x_wconf 75' lang='lat' dir='ltr'>est</span> <span class='ocrx_word' id='word_1_252' title='bbox 2153 1174 2260 1214; x_wconf 84' lang='lat' dir='ltr'>non</span> <span class='ocrx_word' id='word_1_253' title='bbox 2292 1174 2498 1225; x_wconf 82' lang='lat' dir='ltr'>vovere,</span> <span class='ocrx_word' id='word_1_254' title='bbox 2530 1177 2693 1231; x_wconf 88' lang='lat' dir='ltr'>quam</span> <span class='ocrx_word' id='word_1_255' title='bbox 2721 1169 2838 1231; x_wconf 76' lang='lat' dir='ltr'>post</span> <span class='ocrx_word' id='word_1_256' title='bbox 2866 1168 3058 1217; x_wconf 84' lang='lat' dir='ltr'>volum</span> <span class='ocrx_word' id='word_1_257' title='bbox 3101 1169 3368 1235; x_wconf 74' lang='lat' dir='ltr'>promissa</span> <span class='ocrx_word' id='word_1_258' title='bbox 3414 1183 3522 1223; x_wconf 86' lang='lat' dir='ltr'>non</span> <span class='ocrx_word' id='word_1_259' title='bbox 3552 1167 3686 1222; x_wconf 82' lang='lat' dir='ltr'>red-</span> 
     </span>
    </p>
   </div>
   <div class='ocr_carea' id='block_1_38' title="bbox 2047 1247 3690 1327">
    <p class='ocr_par' dir='ltr' id='par_1_38' title="bbox 2047 1247 3690 1327">
     <span class='ocr_line' id='line_1_38' title="bbox 2047 1247 3690 1327; baseline 0.005 -24"><span class='ocrx_word' id='word_1_260' title='bbox 2047 1248 2173 1304; x_wconf 89' lang='lat' dir='ltr'>dere</span> <span class='ocrx_word' id='word_1_261' title='bbox 2220 1247 2285 1304; x_wconf 76' lang='lat'>75.</span> <span class='ocrx_word' id='word_1_262' title='bbox 2338 1279 2403 1289; x_wconf 94' lang='lat'><em>—</em></span> <span class='ocrx_word' id='word_1_263' title='bbox 2451 1248 2638 1304; x_wconf 84' lang='lat' dir='ltr'>Nonne</span> <span class='ocrx_word' id='word_1_264' title='bbox 2682 1266 2909 1305; x_wconf 83' lang='lat' dir='ltr'>manem</span> <span class='ocrx_word' id='word_1_265' title='bbox 2976 1252 3073 1306; x_wconf 82' lang='lat' dir='ltr'>tibi</span> <span class='ocrx_word' id='word_1_266' title='bbox 3118 1255 3394 1321; x_wconf 82' lang='lat' dir='ltr'>manebat,</span> <span class='ocrx_word' id='word_1_267' title='bbox 3456 1256 3690 1327; x_wconf 70' lang='lat' dir='ltr'>inquit?</span> 
     </span>
    </p>
   </div>
   <div class='ocr_carea' id='block_1_39' title="bbox 2048 1338 3693 1416">
    <p class='ocr_par' dir='ltr' id='par_1_39' title="bbox 2048 1338 3693 1416">
     <span class='ocr_line' id='line_1_39' title="bbox 2048 1338 3693 1416; baseline 0.005 -24"><span class='ocrx_word' id='word_1_268' title='bbox 2048 1354 2218 1410; x_wconf 86' lang='lat' dir='ltr'>quare</span> <span class='ocrx_word' id='word_1_269' title='bbox 2236 1338 2497 1393; x_wconf 69' lang='lat' dir='ltr'>mentitus</span> <span class='ocrx_word' id='word_1_270' title='bbox 2552 1354 2606 1393; x_wconf 74' lang='lat' dir='ltr'>es</span> <span class='ocrx_word' id='word_1_271' title='bbox 2637 1339 2874 1410; x_wconf 75' lang='lat' dir='ltr'>Spiritui</span> <span class='ocrx_word' id='word_1_272' title='bbox 2899 1346 3084 1397; x_wconf 75' lang='lat' dir='ltr'>saneto</span> <span class='ocrx_word' id='word_1_273' title='bbox 3104 1341 3152 1375; x_wconf 75' lang='grc'>⁷⁸</span> <span class='ocrx_word' id='word_1_274' title='bbox 3171 1344 3199 1398; x_wconf 73' lang='grc' dir='ltr'>ἳ</span> <span class='ocrx_word' id='word_1_275' title='bbox 3221 1343 3286 1397; x_wconf 89' lang='lat' dir='ltr'>Et</span> <span class='ocrx_word' id='word_1_276' title='bbox 3316 1345 3466 1415; x_wconf 92' lang='lat' dir='ltr'>quod</span> <span class='ocrx_word' id='word_1_277' title='bbox 3498 1345 3693 1416; x_wconf 86' lang='lat' dir='ltr'>sequi-</span> 
     </span>
    </p>
   </div>
   <div class='ocr_carea' id='block_1_40' title="bbox 2047 1427 3688 1502">
    <p class='ocr_par' dir='ltr' id='par_1_40' title="bbox 2047 1427 3688 1502">
     <span class='ocr_line' id='line_1_40' title="bbox 2047 1427 3688 1502; baseline 0.005 -21"><span class='ocrx_word' id='word_1_278' title='bbox 2047 1431 2164 1493; x_wconf 86' lang='lat' dir='ltr'>tur,</span> <span class='ocrx_word' id='word_1_279' title='bbox 2203 1427 2455 1483; x_wconf 88' lang='lat' dir='ltr'>horroris</span> <span class='ocrx_word' id='word_1_280' title='bbox 2486 1443 2658 1483; x_wconf 88' lang='lat' dir='ltr'>causa</span> <span class='ocrx_word' id='word_1_281' title='bbox 2697 1430 3089 1499; x_wconf 68' lang='lat' dir='ltr'>praetermitto.</span> <span class='ocrx_word' id='word_1_282' title='bbox 3122 1434 3321 1502; x_wconf 87' lang='lat' dir='ltr'>Neque</span> <span class='ocrx_word' id='word_1_283' title='bbox 3366 1431 3486 1488; x_wconf 73' lang='lat' dir='ltr'>haec</span> <span class='ocrx_word' id='word_1_284' title='bbox 3538 1434 3688 1502; x_wconf 91' lang='lat' dir='ltr'>dico,</span> 
     </span>
    </p>
   </div>
   <div class='ocr_carea' id='block_1_41' title="bbox 2050 1515 3692 1593">
    <p class='ocr_par' dir='ltr' id='par_1_41' title="bbox 2050 1515 3692 1593">
     <span class='ocr_line' id='line_1_41' title="bbox 2050 1515 3692 1593; baseline 0.004 -22"><span class='ocrx_word' id='word_1_285' title='bbox 2050 1518 2203 1587; x_wconf 90' lang='lat' dir='ltr'>quod</span> <span class='ocrx_word' id='word_1_286' title='bbox 2238 1515 2490 1587; x_wconf 85' lang='lat' dir='ltr'>puellam</span> <span class='ocrx_word' id='word_1_287' title='bbox 2523 1533 2832 1588; x_wconf 87' lang='lat' dir='ltr'>asperner;</span> <span class='ocrx_word' id='word_1_288' title='bbox 2867 1535 3036 1590; x_wconf 92' lang='lat' dir='ltr'>parco</span> <span class='ocrx_word' id='word_1_289' title='bbox 3057 1520 3212 1574; x_wconf 89' lang='lat' dir='ltr'>enim</span> <span class='ocrx_word' id='word_1_290' title='bbox 3246 1520 3348 1591; x_wconf 86' lang='lat' dir='ltr'>illi,</span> <span class='ocrx_word' id='word_1_291' title='bbox 3374 1525 3437 1575; x_wconf 89' lang='lat' dir='ltr'>ut</span> <span class='ocrx_word' id='word_1_292' title='bbox 3457 1521 3692 1593; x_wconf 84' lang='lat' dir='ltr'>pupillas</span> 
     </span>
    </p>
   </div>
   <div class='ocr_carea' id='block_1_42' title="bbox 2048 1604 3691 1677">
    <p class='ocr_par' dir='ltr' id='par_1_42' title="bbox 2048 1604 3691 1677">
     <span class='ocr_line' id='line_1_42' title="bbox 2048 1604 3691 1677; baseline 0.005 -19"><span class='ocrx_word' id='word_1_293' title='bbox 2048 1604 2197 1659; x_wconf 90' lang='lat' dir='ltr'>oculi</span> <span class='ocrx_word' id='word_1_294' title='bbox 2232 1605 2340 1660; x_wconf 89' lang='lat' dir='ltr'>mei</span> <span class='ocrx_word' id='word_1_295' title='bbox 2373 1622 2386 1659; x_wconf 90' lang='lat'><strong>:</strong></span> <span class='ocrx_word' id='word_1_296' title='bbox 2422 1609 2547 1661; x_wconf 88' lang='lat' dir='ltr'>tum</span> <span class='ocrx_word' id='word_1_297' title='bbox 2573 1606 2760 1677; x_wconf 88' lang='lat' dir='ltr'>ipsius</span> <span class='ocrx_word' id='word_1_298' title='bbox 2791 1624 2988 1675; x_wconf 89' lang='lat' dir='ltr'>causa,</span> <span class='ocrx_word' id='word_1_299' title='bbox 3021 1625 3152 1664; x_wconf 88' lang='lat' dir='ltr'>cum</span> <span class='ocrx_word' id='word_1_300' title='bbox 3204 1627 3237 1665; x_wconf 90' lang='lat' dir='ltr'>a</span> <span class='ocrx_word' id='word_1_301' title='bbox 3295 1610 3691 1668; x_wconf 82' lang='lat' dir='ltr'>mediocritate</span> 
     </span>
    </p>
   </div>
   <div class='ocr_carea' id='block_1_43' title="bbox 2052 1695 3689 1771">
    <p class='ocr_par' dir='ltr' id='par_1_43' title="bbox 2052 1695 3689 1771">
     <span class='ocr_line' id='line_1_43' title="bbox 2052 1695 3689 1771; baseline 0.005 -24"><span class='ocrx_word' id='word_1_302' title='bbox 2052 1709 2177 1748; x_wconf 85' lang='lat' dir='ltr'>mea</span> <span class='ocrx_word' id='word_1_303' title='bbox 2205 1698 2431 1763; x_wconf 86' lang='lat' dir='ltr'>exoptet</span> <span class='ocrx_word' id='word_1_304' title='bbox 2461 1695 2803 1761; x_wconf 89' lang='lat' dir='ltr'>remedium,</span> <span class='ocrx_word' id='word_1_305' title='bbox 2838 1702 2962 1751; x_wconf 91' lang='lat' dir='ltr'>tum</span> <span class='ocrx_word' id='word_1_306' title='bbox 2997 1697 3253 1753; x_wconf 80' lang='lat' dir='ltr'>Dominae</span> <span class='ocrx_word' id='word_1_307' title='bbox 3286 1700 3488 1755; x_wconf 85' lang='lat' dir='ltr'>matris</span> <span class='ocrx_word' id='word_1_308' title='bbox 3514 1717 3689 1771; x_wconf 87' lang='lat' dir='ltr'>quam</span> 
     </span>
    </p>
   </div>
   <div class='ocr_carea' id='block_1_44' title="bbox 2049 1783 3687 1855">
    <p class='ocr_par' dir='ltr' id='par_1_44' title="bbox 2049 1783 3687 1855">
     <span class='ocr_line' id='line_1_44' title="bbox 2049 1783 3687 1855; baseline 0.005 -18"><span class='ocrx_word' id='word_1_309' title='bbox 2049 1799 2289 1838; x_wconf 88' lang='lat' dir='ltr'>veneror</span> <span class='ocrx_word' id='word_1_310' title='bbox 2316 1789 2373 1838; x_wconf 91' lang='lat' dir='ltr'>et</span> <span class='ocrx_word' id='word_1_311' title='bbox 2401 1783 2523 1840; x_wconf 89' lang='lat' dir='ltr'>colo</span> <span class='ocrx_word' id='word_1_312' title='bbox 2554 1789 2830 1855; x_wconf 84' lang='lat' dir='ltr'>tanquam</span> <span class='ocrx_word' id='word_1_313' title='bbox 2866 1792 3126 1843; x_wconf 87' lang='lat' dir='ltr'>sanctam</span> <span class='ocrx_word' id='word_1_314' title='bbox 3170 1794 3415 1843; x_wconf 86' lang='lat' dir='ltr'>matrem</span> <span class='ocrx_word' id='word_1_315' title='bbox 3453 1806 3639 1845; x_wconf 87' lang='lat' dir='ltr'>meam</span> <span class='ocrx_word' id='word_1_316' title='bbox 3674 1807 3687 1845; x_wconf 93' lang='lat'>:</span> 
     </span>
    </p>
   </div>
   <div class='ocr_carea' id='block_1_45' title="bbox 2052 1872 3691 1947">
    <p class='ocr_par' dir='ltr' id='par_1_45' title="bbox 2052 1872 3691 1947">
     <span class='ocr_line' id='line_1_45' title="bbox 2052 1872 3691 1947; baseline 0.004 -20"><span class='ocrx_word' id='word_1_317' title='bbox 2052 1872 2151 1927; x_wconf 91' lang='lat' dir='ltr'>sed</span> <span class='ocrx_word' id='word_1_318' title='bbox 2185 1872 2474 1945; x_wconf 87' lang='lat' dir='ltr'>judicium</span> <span class='ocrx_word' id='word_1_319' title='bbox 2509 1873 2919 1945; x_wconf 82' lang='lat' dir='ltr'>reformidans,</span> <span class='ocrx_word' id='word_1_320' title='bbox 2952 1877 3104 1946; x_wconf 90' lang='lat' dir='ltr'>quod</span> <span class='ocrx_word' id='word_1_321' title='bbox 3140 1877 3199 1931; x_wconf 91' lang='lat' dir='ltr'>in</span> <span class='ocrx_word' id='word_1_322' title='bbox 3233 1877 3325 1932; x_wconf 91' lang='lat' dir='ltr'>die</span> <span class='ocrx_word' id='word_1_323' title='bbox 3350 1878 3557 1947; x_wconf 89' lang='lat' dir='ltr'>judicii</span> <span class='ocrx_word' id='word_1_324' title='bbox 3593 1896 3691 1947; x_wconf 83' lang='lat' dir='ltr'>pa-</span> 
     </span>
    </p>
   </div>
   <div class='ocr_carea' id='block_1_46' title="bbox 2054 1962 3687 2037">
    <p class='ocr_par' dir='ltr' id='par_1_46' title="bbox 2054 1962 3687 2037">
     <span class='ocr_line' id='line_1_46' title="bbox 2054 1962 3687 2037; baseline 0.002 -20"><span class='ocrx_word' id='word_1_325' title='bbox 2054 1967 2244 2017; x_wconf 91' lang='lat' dir='ltr'>ratum</span> <span class='ocrx_word' id='word_1_326' title='bbox 2280 1967 2369 2017; x_wconf 87' lang='lat' dir='ltr'>est</span> <span class='ocrx_word' id='word_1_327' title='bbox 2389 1962 2699 2034; x_wconf 88' lang='lat' dir='ltr'>unicuique</span> <span class='ocrx_word' id='word_1_328' title='bbox 2720 1969 2777 2019; x_wconf 90' lang='lat' dir='ltr'>et</span> <span class='ocrx_word' id='word_1_329' title='bbox 2797 1963 3175 2035; x_wconf 85' lang='lat' dir='ltr'>interroganti</span> <span class='ocrx_word' id='word_1_330' title='bbox 3197 1970 3255 2021; x_wconf 89' lang='lat' dir='ltr'>et</span> <span class='ocrx_word' id='word_1_331' title='bbox 3286 1967 3687 2037; x_wconf 86' lang='lat' dir='ltr'>respondenti;</span> 
     </span>
    </p>
   </div>
   <div class='ocr_carea' id='block_1_47' title="bbox 2052 2053 3689 2128">
    <p class='ocr_par' dir='ltr' id='par_1_47' title="bbox 2052 2053 3689 2128">
     <span class='ocr_line' id='line_1_47' title="bbox 2052 2053 3689 2128; baseline 0.002 -20"><span class='ocrx_word' id='word_1_332' title='bbox 2052 2055 2202 2124; x_wconf 90' lang='lat' dir='ltr'>quod</span> <span class='ocrx_word' id='word_1_333' title='bbox 2268 2070 2369 2110; x_wconf 88' lang='lat' dir='ltr'>nec</span> <span class='ocrx_word' id='word_1_334' title='bbox 2404 2053 2804 2127; x_wconf 82' lang='lat' dir='ltr'>subterfugere</span> <span class='ocrx_word' id='word_1_335' title='bbox 2844 2055 2994 2124; x_wconf 90' lang='lat' dir='ltr'>licet,</span> <span class='ocrx_word' id='word_1_336' title='bbox 3031 2055 3347 2127; x_wconf 84' lang='lat' dir='ltr'>quominus</span> <span class='ocrx_word' id='word_1_337' title='bbox 3394 2072 3578 2128; x_wconf 90' lang='lat' dir='ltr'>usque</span> <span class='ocrx_word' id='word_1_338' title='bbox 3617 2057 3689 2112; x_wconf 89' lang='lat' dir='ltr'>ad</span> 
     </span>
    </p>
   </div>
   <div class='ocr_carea' id='block_1_48' title="bbox 2052 2141 3691 2218">
    <p class='ocr_par' dir='ltr' id='par_1_48' title="bbox 2052 2141 3691 2218">
     <span class='ocr_line' id='line_1_48' title="bbox 2052 2141 3691 2218; baseline 0.002 -21"><span class='ocrx_word' id='word_1_339' title='bbox 2052 2141 2350 2212; x_wconf 89' lang='lat' dir='ltr'>quodlibet</span> <span class='ocrx_word' id='word_1_340' title='bbox 2406 2142 2647 2199; x_wconf 89' lang='lat' dir='ltr'>verbum</span> <span class='ocrx_word' id='word_1_341' title='bbox 2715 2143 2963 2199; x_wconf 89' lang='lat' dir='ltr'>otiosum</span> <span class='ocrx_word' id='word_1_342' title='bbox 3019 2143 3297 2201; x_wconf 85' lang='lat' dir='ltr'>rationem</span> <span class='ocrx_word' id='word_1_343' title='bbox 3357 2146 3691 2218; x_wconf 89' lang='lat' dir='ltr'>incorrupto</span> 
     </span>
    </p>
   </div>
   <div class='ocr_carea' id='block_1_49' title="bbox 2045 2233 3691 2306">
    <p class='ocr_par' dir='ltr' id='par_1_49' title="bbox 2045 2233 3691 2306">
     <span class='ocr_line' id='line_1_49' title="bbox 2045 2233 3691 2306; baseline 0.002 -19"><span class='ocrx_word' id='word_1_344' title='bbox 2045 2233 2230 2305; x_wconf 91' lang='lat' dir='ltr'>judici</span> <span class='ocrx_word' id='word_1_345' title='bbox 2258 2233 2573 2288; x_wconf 89' lang='lat' dir='ltr'>reddamus</span> <span class='ocrx_word' id='word_1_346' title='bbox 2604 2234 2666 2287; x_wconf 79' lang='grc'>⁷⁷.</span> <span class='ocrx_word' id='word_1_347' title='bbox 2701 2236 2908 2303; x_wconf 86' lang='lat' dir='ltr'>Quare,</span> <span class='ocrx_word' id='word_1_348' title='bbox 2941 2233 2991 2289; x_wconf 88' lang='lat' dir='ltr'>si</span> <span class='ocrx_word' id='word_1_349' title='bbox 3036 2234 3230 2306; x_wconf 89' lang='lat' dir='ltr'>puella</span> <span class='ocrx_word' id='word_1_350' title='bbox 3267 2235 3526 2291; x_wconf 89' lang='lat' dir='ltr'>nondum</span> <span class='ocrx_word' id='word_1_351' title='bbox 3558 2251 3691 2291; x_wconf 88' lang='lat' dir='ltr'>ma-</span> 
     </span>
    </p>
   </div>
   <div class='ocr_carea' id='block_1_50' title="bbox 2058 2323 3693 2396">
    <p class='ocr_par' dir='ltr' id='par_1_50' title="bbox 2058 2323 3693 2396">
     <span class='ocr_line' id='line_1_50' title="bbox 2058 2323 3693 2396; baseline 0.002 -20"><span class='ocrx_word' id='word_1_352' title='bbox 2058 2323 2331 2378; x_wconf 89' lang='lat' dir='ltr'>trimonio</span> <span class='ocrx_word' id='word_1_353' title='bbox 2362 2327 2451 2378; x_wconf 92' lang='lat' dir='ltr'>est</span> <span class='ocrx_word' id='word_1_354' title='bbox 2479 2324 2807 2394; x_wconf 87' lang='lat' dir='ltr'>conjuncta,</span> <span class='ocrx_word' id='word_1_355' title='bbox 2843 2323 2952 2379; x_wconf 89' lang='lat' dir='ltr'>hoc</span> <span class='ocrx_word' id='word_1_356' title='bbox 2983 2324 3175 2396; x_wconf 88' lang='lat' dir='ltr'>ipsum</span> <span class='ocrx_word' id='word_1_357' title='bbox 3215 2324 3465 2380; x_wconf 89' lang='lat' dir='ltr'>dicimus</span> <span class='ocrx_word' id='word_1_358' title='bbox 3495 2331 3547 2379; x_wconf 91' lang='lat' dir='ltr'>et</span> <span class='ocrx_word' id='word_1_359' title='bbox 3580 2341 3693 2379; x_wconf 89' lang='lat' dir='ltr'>non</span> 
     </span>
    </p>
   </div>
   <div class='ocr_carea' id='block_1_51' title="bbox 2051 2412 3699 2486">
    <p class='ocr_par' dir='ltr' id='par_1_51' title="bbox 2051 2412 3699 2486">
     <span class='ocr_line' id='line_1_51' title="bbox 2051 2412 3699 2486; baseline -0.001 -17"><span class='ocrx_word' id='word_1_360' title='bbox 2051 2413 2204 2469; x_wconf 90' lang='lat' dir='ltr'>aliud</span> <span class='ocrx_word' id='word_1_361' title='bbox 2237 2429 2431 2469; x_wconf 89' lang='lat' dir='ltr'>coram</span> <span class='ocrx_word' id='word_1_362' title='bbox 2463 2412 2579 2469; x_wconf 93' lang='lat' dir='ltr'>Deo</span> <span class='ocrx_word' id='word_1_363' title='bbox 2610 2417 2665 2469; x_wconf 90' lang='lat' dir='ltr'>et</span> <span class='ocrx_word' id='word_1_364' title='bbox 2694 2413 3055 2483; x_wconf 91' lang='lat' dir='ltr'>hominibus,</span> <span class='ocrx_word' id='word_1_365' title='bbox 3088 2415 3240 2486; x_wconf 91' lang='lat' dir='ltr'>quod</span> <span class='ocrx_word' id='word_1_366' title='bbox 3280 2417 3369 2470; x_wconf 84' lang='lat' dir='ltr'>est</span> <span class='ocrx_word' id='word_1_367' title='bbox 3414 2430 3515 2470; x_wconf 88' lang='lat' dir='ltr'>vos</span> <span class='ocrx_word' id='word_1_368' title='bbox 3544 2412 3699 2485; x_wconf 64' lang='lat' dir='ltr'>siqui</span> 
     </span>
    </p>
   </div>
   <div class='ocr_carea' id='block_1_52' title="bbox 2054 2500 3699 2573">
    <p class='ocr_par' dir='ltr' id='par_1_52' title="bbox 2054 2500 3699 2573">
     <span class='ocr_line' id='line_1_52' title="bbox 2054 2500 3699 2573; baseline -0.002 -14"><span class='ocrx_word' id='word_1_369' title='bbox 2054 2502 2307 2573; x_wconf 89' lang='lat' dir='ltr'>bonique</span> <span class='ocrx_word' id='word_1_370' title='bbox 2356 2500 2657 2558; x_wconf 86' lang='lat' dir='ltr'>consulere</span> <span class='ocrx_word' id='word_1_371' title='bbox 2712 2507 2954 2572; x_wconf 89' lang='lat' dir='ltr'>oportet.</span> <span class='ocrx_word' id='word_1_372' title='bbox 2986 2502 3086 2558; x_wconf 88' lang='lat' dir='ltr'>Sin</span> <span class='ocrx_word' id='word_1_373' title='bbox 3146 2507 3337 2559; x_wconf 88' lang='lat' dir='ltr'>autem</span> <span class='ocrx_word' id='word_1_374' title='bbox 3396 2503 3517 2573; x_wconf 90' lang='lat' dir='ltr'>jam</span> <span class='ocrx_word' id='word_1_375' title='bbox 3560 2519 3699 2558; x_wconf 91' lang='lat' dir='ltr'>con-</span> 
     </span>
    </p>
   </div>
   <div class='ocr_carea' id='block_1_53' title="bbox 2048 2590 3694 2665">
    <p class='ocr_par' dir='ltr' id='par_1_53' title="bbox 2048 2590 3694 2665">
     <span class='ocr_line' id='line_1_53' title="bbox 2048 2590 3694 2665; baseline -0.001 -17"><span class='ocrx_word' id='word_1_376' title='bbox 2048 2594 2256 2664; x_wconf 86' lang='lat' dir='ltr'>juncta</span> <span class='ocrx_word' id='word_1_377' title='bbox 2302 2594 2406 2657; x_wconf 90' lang='lat' dir='ltr'>est,</span> <span class='ocrx_word' id='word_1_378' title='bbox 2439 2608 2471 2647; x_wconf 95' lang='lat' dir='ltr'>o</span> <span class='ocrx_word' id='word_1_379' title='bbox 2513 2590 2909 2647; x_wconf 81' lang='lat' dir='ltr'>infelicitatem</span> <span class='ocrx_word' id='word_1_380' title='bbox 2959 2593 3182 2648; x_wconf 82' lang='lat' dir='ltr'>meam!</span> <span class='ocrx_word' id='word_1_381' title='bbox 3239 2591 3694 2665; x_wconf 84' lang='lat' dir='ltr'>significandum</span> 
     </span>
    </p>
   </div>
   <div class='ocr_carea' id='block_1_54' title="bbox 2054 2678 3695 2752">
    <p class='ocr_par' dir='ltr' id='par_1_54' title="bbox 2054 2678 3695 2752">
     <span class='ocr_line' id='line_1_54' title="bbox 2054 2678 3695 2752; baseline 0 -16"><span class='ocrx_word' id='word_1_382' title='bbox 2054 2684 2162 2747; x_wconf 90' lang='lat' dir='ltr'>est,</span> <span class='ocrx_word' id='word_1_383' title='bbox 2195 2683 2252 2735; x_wconf 91' lang='lat' dir='ltr'>et</span> <span class='ocrx_word' id='word_1_384' title='bbox 2280 2683 2421 2735; x_wconf 92' lang='lat' dir='ltr'>tunc</span> <span class='ocrx_word' id='word_1_385' title='bbox 2452 2695 2679 2750; x_wconf 84' lang='lat' dir='ltr'>poenam</span> <span class='ocrx_word' id='word_1_386' title='bbox 2710 2678 3083 2752; x_wconf 88' lang='lat' dir='ltr'>injungemus</span> <span class='ocrx_word' id='word_1_387' title='bbox 3115 2697 3129 2738; x_wconf 88' lang='lat'><strong>:</strong></span> <span class='ocrx_word' id='word_1_388' title='bbox 3161 2680 3311 2737; x_wconf 88' lang='lat' dir='ltr'>nihil</span> <span class='ocrx_word' id='word_1_389' title='bbox 3349 2680 3504 2737; x_wconf 89' lang='lat' dir='ltr'>enim</span> <span class='ocrx_word' id='word_1_390' title='bbox 3534 2682 3695 2736; x_wconf 86' lang='lat' dir='ltr'>insa-</span> 
     </span>
    </p>
   </div>
   <div class='ocr_carea' id='block_1_55' title="bbox 2056 2768 3074 2842">
    <p class='ocr_par' dir='ltr' id='par_1_55' title="bbox 2056 2768 3074 2842">
     <span class='ocr_line' id='line_1_55' title="bbox 2056 2768 3074 2842; baseline 0 -16"><span class='ocrx_word' id='word_1_391' title='bbox 2056 2769 2253 2827; x_wconf 88' lang='lat' dir='ltr'>nabile</span> <span class='ocrx_word' id='word_1_392' title='bbox 2283 2775 2369 2827; x_wconf 91' lang='lat' dir='ltr'>est</span> <span class='ocrx_word' id='word_1_393' title='bbox 2397 2769 2470 2825; x_wconf 92' lang='lat' dir='ltr'>iis</span> <span class='ocrx_word' id='word_1_394' title='bbox 2500 2769 2595 2842; x_wconf 88' lang='lat' dir='ltr'>qui</span> <span class='ocrx_word' id='word_1_395' title='bbox 2627 2769 2822 2826; x_wconf 86' lang='lat' dir='ltr'>sanari</span> <span class='ocrx_word' id='word_1_396' title='bbox 2852 2768 3074 2826; x_wconf 89' lang='lat' dir='ltr'>volunt.</span> 
     </span>
    </p>
   </div>
   <div class='ocr_carea' id='block_1_56' title="bbox 2161 2875 3589 2951">
    <p class='ocr_par' dir='ltr' id='par_1_56' title="bbox 2161 2875 3589 2951">
     <span class='ocr_line' id='line_1_56' title="bbox 2161 2875 3589 2951; baseline 0.001 -18"><span class='ocrx_word' id='word_1_397' title='bbox 2161 2878 2300 2934; x_wconf 85' lang='lat' dir='ltr'><strong>LIII.</strong></span> <span class='ocrx_word' id='word_1_398' title='bbox 2334 2908 2402 2919; x_wconf 96' lang='lat'>—</span> <span class='ocrx_word' id='word_1_399' title='bbox 2424 2876 2697 2951; x_wconf 79' lang='lat' dir='ltr'>Stephano</span> <span class='ocrx_word' id='word_1_400' title='bbox 2755 2875 2973 2940; x_wconf 77' lang='lat' dir='ltr'>lectori,</span> <span class='ocrx_word' id='word_1_401' title='bbox 2998 2885 3050 2935; x_wconf 79' lang='lat' dir='ltr'>et</span> <span class='ocrx_word' id='word_1_402' title='bbox 3090 2879 3159 2934; x_wconf 75' lang='lat' dir='ltr'>iis</span> <span class='ocrx_word' id='word_1_403' title='bbox 3196 2877 3291 2934; x_wconf 83' lang='lat' dir='ltr'>cui</span> <span class='ocrx_word' id='word_1_404' title='bbox 3316 2892 3443 2934; x_wconf 83' lang='lat' dir='ltr'>eum</span> <span class='ocrx_word' id='word_1_405' title='bbox 3470 2877 3589 2935; x_wconf 78' lang='lat' dir='ltr'>illo.</span> 
     </span>
    </p>
   </div>
   <div class='ocr_carea' id='block_1_57' title="bbox 1047 3058 2960 3123">
    <p class='ocr_par' dir='ltr' id='par_1_57' title="bbox 1047 3058 2960 3123">
     <span class='ocr_line' id='line_1_57' title="bbox 1047 3058 2960 3123; baseline -0.003 -9"><span class='ocrx_word' id='word_1_406' title='bbox 1047 3064 1154 3114; x_wconf 90' lang='lat' dir='ltr'>Cur</span> <span class='ocrx_word' id='word_1_407' title='bbox 1183 3080 1214 3115; x_wconf 90' lang='lat' dir='ltr'>a</span> <span class='ocrx_word' id='word_1_408' title='bbox 1240 3063 1435 3114; x_wconf 87' lang='lat' dir='ltr'>Tarasii</span> <span class='ocrx_word' id='word_1_409' title='bbox 1464 3062 1842 3113; x_wconf 89' lang='lat' dir='ltr'>communione</span> <span class='ocrx_word' id='word_1_410' title='bbox 1889 3059 2220 3110; x_wconf 85' lang='lat' dir='ltr'>abstinuerit.</span> <span class='ocrx_word' id='word_1_411' title='bbox 2260 3061 2471 3123; x_wconf 86' lang='lat' dir='ltr'>(Baron.</span> <span class='ocrx_word' id='word_1_412' title='bbox 2503 3073 2589 3113; x_wconf 88' lang='lat' dir='ltr'>an.</span> <span class='ocrx_word' id='word_1_413' title='bbox 2619 3059 2732 3120; x_wconf 86' lang='lat'>809,</span> <span class='ocrx_word' id='word_1_414' title='bbox 2772 3072 2827 3110; x_wconf 87' lang='lat' dir='ltr'>u.</span> <span class='ocrx_word' id='word_1_415' title='bbox 2856 3058 2960 3121; x_wconf 73' lang='grc'>43.)</span> 
     </span>
    </p>
   </div>
   <div class='ocr_carea' id='block_1_58' title="bbox 376 3145 1948 3227">
    <p class='ocr_par' dir='ltr' id='par_1_58' title="bbox 376 3148 1942 3227">
     <span class='ocr_line' id='line_1_58' title="bbox 376 3148 1942 3227; baseline -0.007 -16"><span class='ocrx_word' id='word_1_416' title='bbox 376 3155 680 3227; x_wconf 78' lang='grc' dir='ltr'>Τράμματα</span> <span class='ocrx_word' id='word_1_417' title='bbox 736 3150 997 3226; x_wconf 80' lang='grc' dir='ltr'>ἐδεξάμην</span> <span class='ocrx_word' id='word_1_418' title='bbox 1050 3157 1152 3220; x_wconf 86' lang='grc' dir='ltr'>τῆς</span> <span class='ocrx_word' id='word_1_419' title='bbox 1204 3148 1478 3220; x_wconf 87' lang='grc' dir='ltr'>θεοζήλου</span> <span class='ocrx_word' id='word_1_420' title='bbox 1535 3149 1748 3224; x_wconf 75' lang='grc' dir='ltr'>ἂγάπης</span> <span class='ocrx_word' id='word_1_421' title='bbox 1800 3168 1895 3201; x_wconf 88' lang='grc' dir='ltr'>σου</span> <span class='ocrx_word' id='word_1_422' title='bbox 1928 3166 1942 3180; x_wconf 88' lang='grc'><strong>·</strong></span> 
     </span>
    </p>
   </div>
   <div class='ocr_carea' id='block_1_59' title="bbox 2058 3145 3695 3227">
    <p class='ocr_par' dir='ltr' id='par_1_59' title="bbox 2128 3145 3695 3219">
     <span class='ocr_line' id='line_1_59' title="bbox 2128 3145 3695 3219; baseline -0.001 -16"><span class='ocrx_word' id='word_1_423' title='bbox 2128 3148 2334 3219; x_wconf 88' lang='lat' dir='ltr'>Accepi</span> <span class='ocrx_word' id='word_1_424' title='bbox 2364 3148 2583 3205; x_wconf 85' lang='lat' dir='ltr'>litteras</span> <span class='ocrx_word' id='word_1_425' title='bbox 2622 3150 2799 3203; x_wconf 88' lang='lat' dir='ltr'>Deum</span> <span class='ocrx_word' id='word_1_426' title='bbox 2847 3145 3174 3203; x_wconf 68' lang='lat' dir='ltr'>aemulantis</span> <span class='ocrx_word' id='word_1_427' title='bbox 3206 3146 3503 3204; x_wconf 88' lang='lat' dir='ltr'>charitatis</span> <span class='ocrx_word' id='word_1_428' title='bbox 3533 3150 3647 3203; x_wconf 68' lang='lat' dir='ltr'>tum</span> <span class='ocrx_word' id='word_1_429' title='bbox 3679 3164 3695 3202; x_wconf 90' lang='lat'><strong>:</strong></span> 
     </span>
    </p>
   </div>
   <div class='ocr_carea' id='block_1_60' title="bbox 301 3233 1951 3322">
    <p class='ocr_par' dir='ltr' id='par_1_60' title="bbox 301 3233 1951 3322">
     <span class='ocr_line' id='line_1_60' title="bbox 301 3233 1951 3322; baseline -0.006 -22"><span class='ocrx_word' id='word_1_430' title='bbox 301 3251 372 3320; x_wconf 79' lang='grc' dir='ltr'>τῇ</span> <span class='ocrx_word' id='word_1_431' title='bbox 409 3245 505 3319; x_wconf 77' lang='grc' dir='ltr'>μὶν</span> <span class='ocrx_word' id='word_1_432' title='bbox 546 3242 822 3322; x_wconf 71' lang='grc' dir='ltr'>ἐπιγραφῇ</span> <span class='ocrx_word' id='word_1_433' title='bbox 874 3241 923 3310; x_wconf 84' lang='grc' dir='ltr'>ἐξ</span> <span class='ocrx_word' id='word_1_434' title='bbox 964 3241 1105 3308; x_wconf 71' lang='grc' dir='ltr'>ἐνὸς,</span> <span class='ocrx_word' id='word_1_435' title='bbox 1154 3244 1223 3313; x_wconf 80' lang='grc' dir='ltr'>τῇ</span> <span class='ocrx_word' id='word_1_436' title='bbox 1271 3237 1329 3294; x_wconf 78' lang='grc' dir='ltr'>δὲ</span> <span class='ocrx_word' id='word_1_437' title='bbox 1378 3236 1599 3311; x_wconf 80' lang='grc' dir='ltr'>δξνάμει</span> <span class='ocrx_word' id='word_1_438' title='bbox 1647 3236 1706 3292; x_wconf 87' lang='grc' dir='ltr'>ἐκ</span> <span class='ocrx_word' id='word_1_439' title='bbox 1762 3233 1951 3313; x_wconf 78' lang='grc' dir='ltr'>διαφό-</span> 
     </span>
    </p>
   </div>
   <div class='ocr_carea' id='block_1_61' title="bbox 305 3324 1947 3411">
    <p class='ocr_par' dir='ltr' id='par_1_61' title="bbox 305 3324 1947 3411">
     <span class='ocr_line' id='line_1_61' title="bbox 305 3324 1947 3411; baseline -0.009 -21"><span class='ocrx_word' id='word_1_440' title='bbox 305 3356 416 3411; x_wconf 87' lang='grc' dir='ltr'>ρων</span> <span class='ocrx_word' id='word_1_441' title='bbox 471 3332 779 3407; x_wconf 84' lang='grc' dir='ltr'>προσώπων</span> <span class='ocrx_word' id='word_1_442' title='bbox 851 3327 1238 3402; x_wconf 74' lang='grc' dir='ltr'>ἐπεσταλμένα.</span> <span class='ocrx_word' id='word_1_443' title='bbox 1299 3326 1424 3383; x_wconf 71' lang='grc' dir='ltr'>Εῒτε</span> <span class='ocrx_word' id='word_1_444' title='bbox 1482 3330 1610 3399; x_wconf 84' lang='grc' dir='ltr'>γοῦν</span> <span class='ocrx_word' id='word_1_445' title='bbox 1684 3325 1732 3394; x_wconf 81' lang='grc' dir='ltr'>ἐξ</span> <span class='ocrx_word' id='word_1_446' title='bbox 1811 3324 1947 3392; x_wconf 73' lang='grc' dir='ltr'>ἑνὸς,</span> 
     </span>
    </p>
   </div>
   <div class='ocr_carea' id='block_1_62' title="bbox 306 3414 1949 3497">
    <p class='ocr_par' dir='ltr' id='par_1_62' title="bbox 306 3414 1949 3497">
     <span class='ocr_line' id='line_1_62' title="bbox 306 3414 1949 3497; baseline -0.008 -17"><span class='ocrx_word' id='word_1_447' title='bbox 306 3423 416 3480; x_wconf 72' lang='grc' dir='ltr'>εἴτε</span> <span class='ocrx_word' id='word_1_448' title='bbox 465 3422 525 3477; x_wconf 83' lang='grc' dir='ltr'>ἐκ</span> <span class='ocrx_word' id='word_1_449' title='bbox 572 3419 865 3487; x_wconf 87' lang='grc' dir='ltr'>πλειόνων,</span> <span class='ocrx_word' id='word_1_450' title='bbox 914 3416 1202 3497; x_wconf 77' lang='grc' dir='ltr'>ὀφειλέτης</span> <span class='ocrx_word' id='word_1_451' title='bbox 1269 3415 1383 3488; x_wconf 77' lang='grc' dir='ltr'>εἰμὶ</span> <span class='ocrx_word' id='word_1_452' title='bbox 1460 3414 1776 3489; x_wconf 77' lang='grc' dir='ltr'>ἐρωτηθεὶς,</span> <span class='ocrx_word' id='word_1_453' title='bbox 1829 3415 1949 3467; x_wconf 83' lang='grc' dir='ltr'>καθ’</span> 
     </span>
    </p>
   </div>
   <div class='ocr_carea' id='block_1_63' title="bbox 308 3503 1946 3584">
    <p class='ocr_par' dir='ltr' id='par_1_63' title="bbox 308 3503 1946 3584">
     <span class='ocr_line' id='line_1_63' title="bbox 308 3503 1946 3584; baseline -0.007 -15"><span class='ocrx_word' id='word_1_454' title='bbox 308 3516 433 3569; x_wconf 79' lang='grc' dir='ltr'>ὅσον</span> <span class='ocrx_word' id='word_1_455' title='bbox 468 3512 583 3567; x_wconf 86' lang='grc' dir='ltr'>οἶόν</span> <span class='ocrx_word' id='word_1_456' title='bbox 613 3531 673 3566; x_wconf 90' lang='grc' dir='ltr'>τε</span> <span class='ocrx_word' id='word_1_457' title='bbox 700 3515 769 3584; x_wconf 79' lang='grc' dir='ltr'>τῇ</span> <span class='ocrx_word' id='word_1_458' title='bbox 809 3509 1014 3582; x_wconf 80' lang='grc' dir='ltr'>ἀμαθίᾳ</span> <span class='ocrx_word' id='word_1_459' title='bbox 1058 3528 1184 3579; x_wconf 87' lang='grc' dir='ltr'>μου,</span> <span class='ocrx_word' id='word_1_460' title='bbox 1235 3504 1519 3579; x_wconf 78' lang='grc' dir='ltr'>ἀξιόλογον</span> <span class='ocrx_word' id='word_1_461' title='bbox 1564 3507 1663 3575; x_wconf 80' lang='grc' dir='ltr'>τὴν</span> <span class='ocrx_word' id='word_1_462' title='bbox 1723 3503 1946 3578; x_wconf 81' lang='grc' dir='ltr'>ἀπόκρι-</span> 
     </span>
    </p>
   </div>
   <div class='ocr_carea' id='block_1_64' title="bbox 310 3594 1952 3671">
    <p class='ocr_par' dir='ltr' id='par_1_64' title="bbox 310 3594 1952 3671">
     <span class='ocr_line' id='line_1_64' title="bbox 310 3594 1952 3671; baseline -0.007 -13"><span class='ocrx_word' id='word_1_463' title='bbox 310 3626 391 3658; x_wconf 89' lang='grc' dir='ltr'>σιν</span> <span class='ocrx_word' id='word_1_464' title='bbox 425 3600 740 3658; x_wconf 71' lang='grc' dir='ltr'>ἀποδοῦναι.</span> <span class='ocrx_word' id='word_1_465' title='bbox 790 3600 998 3656; x_wconf 84' lang='grc' dir='ltr'>Ἐκεῖνο</span> <span class='ocrx_word' id='word_1_466' title='bbox 1043 3594 1099 3651; x_wconf 78' lang='grc' dir='ltr'>δὲ</span> <span class='ocrx_word' id='word_1_467' title='bbox 1151 3617 1245 3671; x_wconf 92' lang='grc' dir='ltr'>μοι</span> <span class='ocrx_word' id='word_1_468' title='bbox 1302 3600 1543 3671; x_wconf 87' lang='grc' dir='ltr'>πρῶτον,</span> <span class='ocrx_word' id='word_1_469' title='bbox 1577 3594 1660 3649; x_wconf 81' lang='grc' dir='ltr'>ὅτι</span> <span class='ocrx_word' id='word_1_470' title='bbox 1708 3594 1780 3648; x_wconf 85' lang='grc' dir='ltr'>ὧν</span> <span class='ocrx_word' id='word_1_471' title='bbox 1820 3614 1952 3647; x_wconf 83' lang='grc' dir='ltr'>κατ-</span> 
     </span>
    </p>
   </div>
   <div class='ocr_carea' id='block_1_65' title="bbox 311 3682 1946 3763">
    <p class='ocr_par' dir='ltr' id='par_1_65' title="bbox 311 3682 1946 3763">
     <span class='ocr_line' id='line_1_65' title="bbox 311 3682 1946 3763; baseline -0.007 -16"><span class='ocrx_word' id='word_1_472' title='bbox 311 3689 595 3763; x_wconf 79' lang='grc' dir='ltr'>επᾳδόμην</span> <span class='ocrx_word' id='word_1_473' title='bbox 652 3690 797 3763; x_wconf 73' lang='grc' dir='ltr'>παρὰ</span> <span class='ocrx_word' id='word_1_474' title='bbox 867 3694 967 3758; x_wconf 86' lang='grc' dir='ltr'>τῆς</span> <span class='ocrx_word' id='word_1_475' title='bbox 1039 3686 1435 3759; x_wconf 88' lang='grc' dir='ltr'>πολυυμνήτου</span> <span class='ocrx_word' id='word_1_476' title='bbox 1509 3682 1763 3758; x_wconf 84' lang='grc' dir='ltr'>γλώττης</span> <span class='ocrx_word' id='word_1_477' title='bbox 1829 3703 1946 3751; x_wconf 89' lang='grc' dir='ltr'>σου,</span> 
     </span>
    </p>
   </div>
   <div class='ocr_carea' id='block_1_66' title="bbox 311 3771 1948 3856">
    <p class='ocr_par' dir='ltr' id='par_1_66' title="bbox 311 3771 1948 3856">
     <span class='ocr_line' id='line_1_66' title="bbox 311 3771 1948 3856; baseline -0.005 -21"><span class='ocrx_word' id='word_1_478' title='bbox 311 3783 458 3852; x_wconf 76' lang='grc' dir='ltr'>ξενος</span> <span class='ocrx_word' id='word_1_479' title='bbox 506 3779 616 3856; x_wconf 82' lang='grc' dir='ltr'>ἐγὼ</span> <span class='ocrx_word' id='word_1_480' title='bbox 664 3777 895 3833; x_wconf 75' lang='grc' dir='ltr'>ἐπαίνων</span> <span class='ocrx_word' id='word_1_481' title='bbox 949 3773 1275 3851; x_wconf 80' lang='grc' dir='ltr'>ἁμαρτωλὸς</span> <span class='ocrx_word' id='word_1_482' title='bbox 1317 3772 1602 3847; x_wconf 83' lang='grc' dir='ltr'>ὐπάρχων,</span> <span class='ocrx_word' id='word_1_483' title='bbox 1644 3771 1734 3826; x_wconf 86' lang='grc' dir='ltr'>καὶ</span> <span class='ocrx_word' id='word_1_484' title='bbox 1784 3772 1948 3826; x_wconf 85' lang='grc' dir='ltr'>ἀκατ-</span> 
     </span>
    </p>
   </div>
   <div class='ocr_carea' id='block_1_67' title="bbox 314 3860 1949 3945">
    <p class='ocr_par' dir='ltr' id='par_1_67' title="bbox 314 3860 1949 3945">
     <span class='ocr_line' id='line_1_67' title="bbox 314 3860 1949 3945; baseline -0.007 -20"><span class='ocrx_word' id='word_1_485' title='bbox 314 3870 549 3945; x_wconf 89' lang='grc' dir='ltr'>όρθωτον</span> <span class='ocrx_word' id='word_1_486' title='bbox 580 3868 670 3922; x_wconf 84' lang='grc' dir='ltr'>τὸν</span> <span class='ocrx_word' id='word_1_487' title='bbox 707 3866 828 3940; x_wconf 84' lang='grc' dir='ltr'>βίον</span> <span class='ocrx_word' id='word_1_488' title='bbox 856 3863 1206 3937; x_wconf 74' lang='grc' dir='ltr'>κεκτημένος.</span> <span class='ocrx_word' id='word_1_489' title='bbox 1241 3862 1305 3920; x_wconf 76' lang='grc' dir='ltr'>Εἰ</span> <span class='ocrx_word' id='word_1_490' title='bbox 1357 3860 1416 3916; x_wconf 82' lang='grc' dir='ltr'>δέ</span> <span class='ocrx_word' id='word_1_491' title='bbox 1456 3882 1509 3915; x_wconf 92' lang='grc' dir='ltr'>τι</span> <span class='ocrx_word' id='word_1_492' title='bbox 1554 3862 1762 3936; x_wconf 84' lang='grc' dir='ltr'>γέγονε,</span> <span class='ocrx_word' id='word_1_493' title='bbox 1814 3863 1949 3914; x_wconf 87' lang='grc' dir='ltr'>Θεοῦ</span> 
     </span>
    </p>
   </div>
   <div class='ocr_carea' id='block_1_68' title="bbox 311 3947 1950 4033">
    <p class='ocr_par' dir='ltr' id='par_1_68' title="bbox 311 3947 1950 4033">
     <span class='ocr_line' id='line_1_68' title="bbox 311 3947 1950 4033; baseline -0.007 -20"><span class='ocrx_word' id='word_1_494' title='bbox 311 3959 375 4013; x_wconf 86' lang='grc' dir='ltr'>τὸ</span> <span class='ocrx_word' id='word_1_495' title='bbox 408 3956 606 4033; x_wconf 79' lang='grc' dir='ltr'>δῶρον,</span> <span class='ocrx_word' id='word_1_496' title='bbox 655 3954 745 4011; x_wconf 79' lang='grc' dir='ltr'>διὰ</span> <span class='ocrx_word' id='word_1_497' title='bbox 794 3957 889 4028; x_wconf 77' lang='grc' dir='ltr'>μὲν</span> <span class='ocrx_word' id='word_1_498' title='bbox 944 3961 1043 4023; x_wconf 80' lang='grc' dir='ltr'>τῆς</span> <span class='ocrx_word' id='word_1_499' title='bbox 1098 3958 1195 4008; x_wconf 92' lang='grc' dir='ltr'>τοῦ</span> <span class='ocrx_word' id='word_1_500' title='bbox 1252 3949 1606 4029; x_wconf 83' lang='grc' dir='ltr'>γεννήσαντός</span> <span class='ocrx_word' id='word_1_501' title='bbox 1669 3970 1734 4021; x_wconf 86' lang='grc' dir='ltr'>με</span> <span class='ocrx_word' id='word_1_502' title='bbox 1787 3947 1950 4003; x_wconf 80' lang='grc' dir='ltr'>πνεό-</span> 
     </span>
    </p>
   </div>
   <div class='ocr_carea' id='block_1_69' title="bbox 317 4035 1949 4121">
    <p class='ocr_par' dir='ltr' id='par_1_69' title="bbox 317 4035 1949 4121">
     <span class='ocr_line' id='line_1_69' title="bbox 317 4035 1949 4121; baseline -0.008 -19"><span class='ocrx_word' id='word_1_503' title='bbox 317 4068 445 4121; x_wconf 86' lang='grc' dir='ltr'>ματι</span> <span class='ocrx_word' id='word_1_504' title='bbox 514 4045 722 4121; x_wconf 86' lang='grc' dir='ltr'>Πατρὸς</span> <span class='ocrx_word' id='word_1_505' title='bbox 777 4044 1193 4118; x_wconf 81' lang='grc' dir='ltr'>κεχαρισμένον,</span> <span class='ocrx_word' id='word_1_506' title='bbox 1253 4039 1321 4094; x_wconf 85' lang='grc' dir='ltr'>δι’</span> <span class='ocrx_word' id='word_1_507' title='bbox 1381 4040 1532 4113; x_wconf 82' lang='grc' dir='ltr'>ὑμῶν</span> <span class='ocrx_word' id='word_1_508' title='bbox 1593 4035 1650 4092; x_wconf 72' lang='grc' dir='ltr'>δὲ</span> <span class='ocrx_word' id='word_1_509' title='bbox 1714 4041 1820 4092; x_wconf 87' lang='grc' dir='ltr'>τῶν</span> <span class='ocrx_word' id='word_1_510' title='bbox 1851 4042 1949 4105; x_wconf 80' lang='grc' dir='ltr'>τῆς</span> 
     </span>
    </p>
   </div>
   <div class='ocr_carea' id='block_1_70' title="bbox 311 4125 1951 4210">
    <p class='ocr_par' dir='ltr' id='par_1_70' title="bbox 311 4125 1951 4210">
     <span class='ocr_line' id='line_1_70' title="bbox 311 4125 1951 4210; baseline -0.009 -16"><span class='ocrx_word' id='word_1_511' title='bbox 311 4133 579 4198; x_wconf 72' lang='grc' dir='ltr'>εὐσεϐείας</span> <span class='ocrx_word' id='word_1_512' title='bbox 638 4136 877 4210; x_wconf 81' lang='grc' dir='ltr'>ἐραστῶν</span> <span class='ocrx_word' id='word_1_513' title='bbox 929 4132 1205 4204; x_wconf 72' lang='grc' dir='ltr'>ἱκετηρίας</span> <span class='ocrx_word' id='word_1_514' title='bbox 1268 4132 1400 4205; x_wconf 89' lang='grc' dir='ltr'>πρὸς</span> <span class='ocrx_word' id='word_1_515' title='bbox 1458 4130 1521 4184; x_wconf 88' lang='grc' dir='ltr'>τὸ</span> <span class='ocrx_word' id='word_1_516' title='bbox 1589 4129 1711 4199; x_wconf 74' lang='grc' dir='ltr'>ἑξῆς</span> <span class='ocrx_word' id='word_1_517' title='bbox 1771 4125 1951 4199; x_wconf 77' lang='grc' dir='ltr'>φυλα-</span> 
     </span>
    </p>
   </div>
   <div class='ocr_carea' id='block_1_71' title="bbox 310 4214 1947 4303">
    <p class='ocr_par' dir='ltr' id='par_1_71' title="bbox 310 4214 1947 4303">
     <span class='ocr_line' id='line_1_71' title="bbox 310 4214 1947 4303; baseline -0.009 -20"><span class='ocrx_word' id='word_1_518' title='bbox 310 4226 660 4303; x_wconf 85' lang='grc' dir='ltr'>χθησόμενον</span> <span class='ocrx_word' id='word_1_519' title='bbox 692 4225 1031 4295; x_wconf 80' lang='grc' dir='ltr'>ἀπήμαντον.</span> <span class='ocrx_word' id='word_1_520' title='bbox 1067 4220 1319 4294; x_wconf 84' lang='grc' dir='ltr'>Δεύτερον</span> <span class='ocrx_word' id='word_1_521' title='bbox 1357 4219 1460 4274; x_wconf 84' lang='grc' dir='ltr'>οὐκ</span> <span class='ocrx_word' id='word_1_522' title='bbox 1498 4214 1601 4272; x_wconf 83' lang='grc' dir='ltr'>οἷδ’</span> <span class='ocrx_word' id='word_1_523' title='bbox 1650 4215 1798 4278; x_wconf 84' lang='grc' dir='ltr'>ὅπως</span> <span class='ocrx_word' id='word_1_524' title='bbox 1848 4217 1947 4284; x_wconf 80' lang='grc' dir='ltr'>τήν</span> 
     </span>
    </p>
   </div>
   <div class='ocr_carea' id='block_1_72' title="bbox 306 4306 1951 4392">
    <p class='ocr_par' dir='ltr' id='par_1_72' title="bbox 306 4306 1951 4392">
     <span class='ocr_line' id='line_1_72' title="bbox 306 4306 1951 4392; baseline -0.009 -19"><span class='ocrx_word' id='word_1_525' title='bbox 306 4316 591 4392; x_wconf 79' lang='grc' dir='ltr'>ἐξηγορίαν</span> <span class='ocrx_word' id='word_1_526' title='bbox 624 4316 930 4386; x_wconf 85' lang='grc' dir='ltr'>ποιήσομαι</span> <span class='ocrx_word' id='word_1_527' title='bbox 974 4332 987 4344; x_wconf 90' lang='grc'><strong>·</strong></span> <span class='ocrx_word' id='word_1_528' title='bbox 1025 4313 1101 4385; x_wconf 77' lang='grc' dir='ltr'>μὴ</span> <span class='ocrx_word' id='word_1_529' title='bbox 1136 4307 1390 4384; x_wconf 81' lang='grc' dir='ltr'>εὐκρινῶς</span> <span class='ocrx_word' id='word_1_530' title='bbox 1442 4306 1815 4382; x_wconf 86' lang='grc' dir='ltr'>προαχθείσης</span> <span class='ocrx_word' id='word_1_531' title='bbox 1852 4312 1951 4374; x_wconf 81' lang='grc' dir='ltr'>τῆς</span> 
     </span>
    </p>
   </div>
   <div class='ocr_carea' id='block_1_73' title="bbox 307 4396 1947 4473">
    <p class='ocr_par' dir='ltr' id='par_1_73' title="bbox 307 4396 1947 4473">
     <span class='ocr_line' id='line_1_73' title="bbox 307 4396 1947 4473; baseline -0.008 -11"><span class='ocrx_word' id='word_1_532' title='bbox 307 4406 571 4467; x_wconf 75' lang='grc' dir='ltr'>πεύσεως.</span> <span class='ocrx_word' id='word_1_533' title='bbox 631 4403 815 4465; x_wconf 87' lang='grc' dir='ltr'>’Ὁλως</span> <span class='ocrx_word' id='word_1_534' title='bbox 868 4402 931 4456; x_wconf 87' lang='grc' dir='ltr'>τὸ</span> <span class='ocrx_word' id='word_1_535' title='bbox 990 4400 1323 4473; x_wconf 73' lang='grc' dir='ltr'>ζητούμενον</span> <span class='ocrx_word' id='word_1_536' title='bbox 1398 4397 1475 4460; x_wconf 81' lang='grc' dir='ltr'>είς</span> <span class='ocrx_word' id='word_1_537' title='bbox 1539 4397 1810 4469; x_wconf 85' lang='grc' dir='ltr'>Ταράσιον</span> <span class='ocrx_word' id='word_1_538' title='bbox 1857 4396 1947 4450; x_wconf 87' lang='grc' dir='ltr'>τὸν</span> 
     </span>
    </p>
   </div>
   <div class='ocr_carea' id='block_1_74' title="bbox 307 4484 1948 4570">
    <p class='ocr_par' dir='ltr' id='par_1_74' title="bbox 307 4484 1948 4570">
     <span class='ocr_line' id='line_1_74' title="bbox 307 4484 1948 4570; baseline -0.007 -19"><span class='ocrx_word' id='word_1_539' title='bbox 307 4495 790 4570; x_wconf 83' lang='grc' dir='ltr'>πατριαρχήσαντα</span> <span class='ocrx_word' id='word_1_540' title='bbox 864 4491 1239 4565; x_wconf 86' lang='grc' dir='ltr'>περιίστασθαι</span> <span class='ocrx_word' id='word_1_541' title='bbox 1308 4484 1772 4562; x_wconf 81' lang='grc' dir='ltr'>ὑπολελόγισμαι.</span> <span class='ocrx_word' id='word_1_542' title='bbox 1807 4484 1948 4558; x_wconf 88' lang='grc' dir='ltr'>Ἐγὼ</span> 
     </span>
    </p>
   </div>
   <div class='ocr_carea' id='block_1_75' title="bbox 312 4572 1955 4659">
    <p class='ocr_par' dir='ltr' id='par_1_75' title="bbox 312 4572 1955 4659">
     <span class='ocr_line' id='line_1_75' title="bbox 312 4572 1955 4659; baseline -0.008 -19"><span class='ocrx_word' id='word_1_543' title='bbox 312 4587 409 4659; x_wconf 76' lang='grc' dir='ltr'>μὲν</span> <span class='ocrx_word' id='word_1_544' title='bbox 465 4582 557 4638; x_wconf 74' lang='grc' dir='ltr'>οὖν</span> <span class='ocrx_word' id='word_1_545' title='bbox 615 4581 704 4637; x_wconf 84' lang='grc' dir='ltr'>καὶ</span> <span class='ocrx_word' id='word_1_546' title='bbox 764 4576 997 4636; x_wconf 82' lang='grc' dir='ltr'>ἔκπαλαι</span> <span class='ocrx_word' id='word_1_547' title='bbox 1052 4578 1176 4652; x_wconf 83' lang='grc' dir='ltr'>περὶ</span> <span class='ocrx_word' id='word_1_548' title='bbox 1242 4581 1339 4631; x_wconf 87' lang='grc' dir='ltr'>τοῦ</span> <span class='ocrx_word' id='word_1_549' title='bbox 1416 4574 1777 4652; x_wconf 81' lang='grc' dir='ltr'>προταθέντος</span> <span class='ocrx_word' id='word_1_550' title='bbox 1855 4572 1955 4627; x_wconf 89' lang='grc' dir='ltr'>οὐκ</span> 
     </span>
    </p>
   </div>
   <div class='ocr_carea' id='block_1_76' title="bbox 306 4663 1951 4746">
    <p class='ocr_par' dir='ltr' id='par_1_76' title="bbox 306 4663 1951 4746">
     <span class='ocr_line' id='line_1_76' title="bbox 306 4663 1951 4746; baseline -0.009 -17"><span class='ocrx_word' id='word_1_551' title='bbox 306 4673 531 4746; x_wconf 79' lang='grc' dir='ltr'>ἀμελῶς</span> <span class='ocrx_word' id='word_1_552' title='bbox 576 4668 764 4746; x_wconf 79' lang='grc' dir='ltr'>ἔσχον,</span> <span class='ocrx_word' id='word_1_553' title='bbox 821 4668 1008 4726; x_wconf 84' lang='grc' dir='ltr'>πολλᾶ</span> <span class='ocrx_word' id='word_1_554' title='bbox 1065 4666 1381 4742; x_wconf 76' lang='grc' dir='ltr'>συστραφεὶς</span> <span class='ocrx_word' id='word_1_555' title='bbox 1442 4664 1493 4720; x_wconf 87' lang='grc' dir='ltr'>ἐν</span> <span class='ocrx_word' id='word_1_556' title='bbox 1563 4663 1803 4737; x_wconf 79' lang='grc' dir='ltr'>ἐμαυτῷ,</span> <span class='ocrx_word' id='word_1_557' title='bbox 1862 4663 1951 4716; x_wconf 88' lang='grc' dir='ltr'>καὶ</span> 
     </span>
    </p>
   </div>
   <div class='ocr_carea' id='block_1_77' title="bbox 307 4749 1958 4836">
    <p class='ocr_par' dir='ltr' id='par_1_77' title="bbox 307 4749 1958 4836">
     <span class='ocr_line' id='line_1_77' title="bbox 307 4749 1958 4836; baseline -0.01 -18"><span class='ocrx_word' id='word_1_558' title='bbox 307 4762 693 4836; x_wconf 77' lang='grc' dir='ltr'>ἆναθεωρήσας</span> <span class='ocrx_word' id='word_1_559' title='bbox 767 4763 874 4813; x_wconf 89' lang='grc' dir='ltr'>τῶν</span> <span class='ocrx_word' id='word_1_560' title='bbox 944 4756 1280 4831; x_wconf 84' lang='grc' dir='ltr'>πραγμάτων</span> <span class='ocrx_word' id='word_1_561' title='bbox 1352 4756 1447 4817; x_wconf 80' lang='grc' dir='ltr'>τὰς</span> <span class='ocrx_word' id='word_1_562' title='bbox 1533 4749 1800 4812; x_wconf 74' lang='grc' dir='ltr'>ἐκϐάσεις.</span> <span class='ocrx_word' id='word_1_563' title='bbox 1858 4751 1958 4804; x_wconf 84' lang='grc' dir='ltr'>Καὶ</span> 
     </span>
    </p>
   </div>
   <div class='ocr_carea' id='block_1_78' title="bbox 310 4838 1958 4925">
    <p class='ocr_par' dir='ltr' id='par_1_78' title="bbox 310 4838 1958 4925">
     <span class='ocr_line' id='line_1_78' title="bbox 310 4838 1958 4925; baseline -0.008 -20"><span class='ocrx_word' id='word_1_564' title='bbox 310 4849 496 4925; x_wconf 69' lang='grc' dir='ltr'>μέντοι</span> <span class='ocrx_word' id='word_1_565' title='bbox 551 4851 639 4903; x_wconf 84' lang='grc' dir='ltr'>καὶ</span> <span class='ocrx_word' id='word_1_566' title='bbox 696 4850 824 4909; x_wconf 82' lang='grc' dir='ltr'>τοὺς</span> <span class='ocrx_word' id='word_1_567' title='bbox 883 4848 1013 4922; x_wconf 74' lang='grc' dir='ltr'>ὑπὲρ</span> <span class='ocrx_word' id='word_1_568' title='bbox 1055 4849 1151 4900; x_wconf 84' lang='grc' dir='ltr'>τοῦ</span> <span class='ocrx_word' id='word_1_569' title='bbox 1203 4844 1373 4900; x_wconf 88' lang='grc' dir='ltr'>καλοῦ</span> <span class='ocrx_word' id='word_1_570' title='bbox 1422 4842 1823 4914; x_wconf 71' lang='grc' dir='ltr'>ἐνισταμένους,</span> <span class='ocrx_word' id='word_1_571' title='bbox 1867 4838 1958 4892; x_wconf 88' lang='grc' dir='ltr'>καὶ</span> 
     </span>
    </p>
   </div>
   <div class='ocr_carea' id='block_1_79' title="bbox 306 4925 1961 5015">
    <p class='ocr_par' dir='ltr' id='par_1_79' title="bbox 306 4925 1961 5015">
     <span class='ocr_line' id='line_1_79' title="bbox 306 4925 1961 5015; baseline -0.008 -19"><span class='ocrx_word' id='word_1_572' title='bbox 306 4940 545 5001; x_wconf 79' lang='grc' dir='ltr'>πολλοῖς</span> <span class='ocrx_word' id='word_1_573' title='bbox 574 4941 801 5015; x_wconf 82' lang='grc' dir='ltr'>χρόνοις</span> <span class='ocrx_word' id='word_1_574' title='bbox 832 4937 1310 5006; x_wconf 84' lang='grc' dir='ltr'>τληπαθήσαντας,</span> <span class='ocrx_word' id='word_1_575' title='bbox 1333 4932 1385 4988; x_wconf 86' lang='grc' dir='ltr'>ἐν</span> <span class='ocrx_word' id='word_1_576' title='bbox 1419 4932 1625 5003; x_wconf 87' lang='grc' dir='ltr'>ἐπαίνῳ</span> <span class='ocrx_word' id='word_1_577' title='bbox 1642 4930 1732 4986; x_wconf 87' lang='grc' dir='ltr'>καὶ</span> <span class='ocrx_word' id='word_1_578' title='bbox 1767 4925 1961 5006; x_wconf 54' lang='grc' dir='ltr'>ἀποδο-</span> 
     </span>
    </p>
   </div>
   <div class='ocr_carea' id='block_1_80' title="bbox 306 5017 1961 5108">
    <p class='ocr_par' dir='ltr' id='par_1_80' title="bbox 306 5017 1961 5108">
     <span class='ocr_line' id='line_1_80' title="bbox 306 5017 1961 5108; baseline -0.002 -26"><span class='ocrx_word' id='word_1_579' title='bbox 306 5034 422 5108; x_wconf 77' lang='grc' dir='ltr'>χῆς</span> <span class='ocrx_word' id='word_1_580' title='bbox 452 5027 603 5105; x_wconf 86' lang='grc' dir='ltr'>λόγῳ</span> <span class='ocrx_word' id='word_1_581' title='bbox 633 5028 749 5105; x_wconf 81' lang='grc' dir='ltr'>ἔχω</span> <span class='ocrx_word' id='word_1_582' title='bbox 774 5047 785 5061; x_wconf 96' lang='grc'><strong>·</strong></span> <span class='ocrx_word' id='word_1_583' title='bbox 813 5027 874 5082; x_wconf 90' lang='grc' dir='ltr'>οὐ</span> <span class='ocrx_word' id='word_1_584' title='bbox 904 5029 1011 5100; x_wconf 77' lang='grc' dir='ltr'>μὴν</span> <span class='ocrx_word' id='word_1_585' title='bbox 1033 5023 1480 5093; x_wconf 83' lang='grc' dir='ltr'>παντάπασιν,ὡς</span> <span class='ocrx_word' id='word_1_586' title='bbox 1511 5018 1781 5091; x_wconf 84' lang='grc' dir='ltr'>δηλώσων</span> <span class='ocrx_word' id='word_1_587' title='bbox 1805 5017 1961 5093; x_wconf 79' lang='grc' dir='ltr'>ἔρχο-</span> 
     </span>
    </p>
   </div>
   <div class='ocr_carea' id='block_1_81' title="bbox 314 5109 1960 5195">
    <p class='ocr_par' dir='ltr' id='par_1_81' title="bbox 314 5109 1960 5195">
     <span class='ocr_line' id='line_1_81' title="bbox 314 5109 1960 5195; baseline -0.009 -20"><span class='ocrx_word' id='word_1_588' title='bbox 314 5142 438 5195; x_wconf 86' lang='grc' dir='ltr'>μαι,</span> <span class='ocrx_word' id='word_1_589' title='bbox 465 5120 637 5174; x_wconf 84' lang='grc' dir='ltr'>καὶτὸ</span> <span class='ocrx_word' id='word_1_590' title='bbox 668 5118 967 5188; x_wconf 86' lang='grc' dir='ltr'>κτήσασθαι</span> <span class='ocrx_word' id='word_1_591' title='bbox 1010 5115 1409 5189; x_wconf 86' lang='grc' dir='ltr'>ὁμογνώμονας</span> <span class='ocrx_word' id='word_1_592' title='bbox 1438 5110 1676 5191; x_wconf 80' lang='grc' dir='ltr'>ἐφίεμαι.</span> <span class='ocrx_word' id='word_1_593' title='bbox 1708 5114 1832 5172; x_wconf 87' lang='grc' dir='ltr'>Πῶς</span> <span class='ocrx_word' id='word_1_594' title='bbox 1861 5109 1960 5182; x_wconf 77' lang='grc' dir='ltr'>γὰρ</span> 
     </span>
    </p>
   </div>
   <div class='ocr_carea' id='block_1_82' title="bbox 310 5196 1964 5279">
    <p class='ocr_par' dir='ltr' id='par_1_82' title="bbox 310 5196 1964 5279">
     <span class='ocr_line' id='line_1_82' title="bbox 310 5196 1964 5279; baseline -0.009 -13"><span class='ocrx_word' id='word_1_595' title='bbox 310 5210 403 5279; x_wconf 70' lang='grc' dir='ltr'>οὔ,</span> <span class='ocrx_word' id='word_1_596' title='bbox 462 5206 831 5279; x_wconf 84' lang='grc' dir='ltr'>τηλικούοους</span> <span class='ocrx_word' id='word_1_597' title='bbox 877 5202 1163 5278; x_wconf 78' lang='grc' dir='ltr'>ἀνδρικοὺς</span> <span class='ocrx_word' id='word_1_598' title='bbox 1215 5203 1297 5258; x_wconf 82' lang='grc' dir='ltr'>ἐπ’</span> <span class='ocrx_word' id='word_1_599' title='bbox 1373 5196 1634 5271; x_wconf 77' lang='grc' dir='ltr'>εὐσεϐείᾳ,</span> <span class='ocrx_word' id='word_1_600' title='bbox 1686 5196 1964 5272; x_wconf 77' lang='grc' dir='ltr'>δεδειγμέ-</span> 
     </span>
    </p>
   </div>
   <div class='ocr_carea' id='block_1_83' title="bbox 321 5318 496 5368">
    <p class='ocr_par' dir='ltr' id='par_1_83' title="bbox 321 5318 496 5368">
     <span class='ocr_line' id='line_1_83' title="bbox 321 5318 496 5368; baseline -0.011 -13"><span class='ocrx_word' id='word_1_601' title='bbox 321 5321 447 5361; x_wconf 85' lang='grc' dir='ltr'>νους</span> <span class='ocrx_word' id='word_1_602' title='bbox 482 5318 496 5368; x_wconf 92' lang='lat'><strong>;</strong></span> 
     </span>
    </p>
   </div>
   <div class='ocr_carea' id='block_1_84' title="bbox 388 5377 1967 5460">
    <p class='ocr_par' dir='ltr' id='par_1_84' title="bbox 388 5377 1967 5460">
     <span class='ocr_line' id='line_1_84' title="bbox 388 5377 1967 5460; baseline -0.009 -16"><span class='ocrx_word' id='word_1_603' title='bbox 388 5387 566 5447; x_wconf 78' lang='grc' dir='ltr'>Ἀλλά</span> <span class='ocrx_word' id='word_1_604' title='bbox 610 5387 742 5460; x_wconf 80' lang='grc' dir='ltr'>μετὰ</span> <span class='ocrx_word' id='word_1_605' title='bbox 789 5390 886 5440; x_wconf 89' lang='grc' dir='ltr'>τοῦ</span> <span class='ocrx_word' id='word_1_606' title='bbox 931 5387 1033 5449; x_wconf 79' lang='grc' dir='ltr'>τῆς</span> <span class='ocrx_word' id='word_1_607' title='bbox 1090 5380 1351 5452; x_wconf 79' lang='grc' dir='ltr'>ἀληθείας</span> <span class='ocrx_word' id='word_1_608' title='bbox 1395 5378 1585 5451; x_wconf 89' lang='grc' dir='ltr'>λόγου,</span> <span class='ocrx_word' id='word_1_609' title='bbox 1624 5377 1713 5432; x_wconf 88' lang='grc' dir='ltr'>καὶ</span> <span class='ocrx_word' id='word_1_610' title='bbox 1745 5383 1844 5446; x_wconf 86' lang='grc' dir='ltr'>τῆς</span> <span class='ocrx_word' id='word_1_611' title='bbox 1885 5377 1967 5431; x_wconf 84' lang='grc' dir='ltr'>ἐν-</span> 
     </span>
    </p>
   </div>
   <div class='ocr_carea' id='block_1_85' title="bbox 311 5467 1963 5557">
    <p class='ocr_par' dir='ltr' id='par_1_85' title="bbox 311 5467 1963 5557">
     <span class='ocr_line' id='line_1_85' title="bbox 311 5467 1963 5557; baseline -0.008 -24"><span class='ocrx_word' id='word_1_612' title='bbox 311 5476 622 5557; x_wconf 82' lang='grc' dir='ltr'>δεχομένης</span> <span class='ocrx_word' id='word_1_613' title='bbox 678 5476 767 5531; x_wconf 84' lang='grc' dir='ltr'>καὶ</span> <span class='ocrx_word' id='word_1_614' title='bbox 824 5472 1214 5547; x_wconf 79' lang='grc' dir='ltr'>προσηκούσης</span> <span class='ocrx_word' id='word_1_615' title='bbox 1275 5467 1596 5557; x_wconf 55' lang='grc' dir='ltr'>δυνάμεως.Δ</span> <span class='ocrx_word' id='word_1_616' title='bbox 1664 5470 1963 5557; x_wconf 79' lang='grc' dir='ltr'>Τοιγαροῦν</span> 
     </span>
    </p>
   </div>
   <div class='ocr_carea' id='block_1_86' title="bbox 311 5555 1962 5641">
    <p class='ocr_par' dir='ltr' id='par_1_86' title="bbox 311 5555 1962 5641">
     <span class='ocr_line' id='line_1_86' title="bbox 311 5555 1962 5641; baseline -0.008 -19"><span class='ocrx_word' id='word_1_617' title='bbox 311 5555 420 5622; x_wconf 72' lang='grc' dir='ltr'>ὦδέ</span> <span class='ocrx_word' id='word_1_618' title='bbox 476 5567 725 5641; x_wconf 72' lang='grc' dir='ltr'>ιι&gt;αίημι⁹</span> <span class='ocrx_word' id='word_1_619' title='bbox 782 5564 842 5619; x_wconf 87' lang='grc' dir='ltr'>Τί</span> <span class='ocrx_word' id='word_1_620' title='bbox 888 5563 951 5618; x_wconf 78' lang='grc' dir='ltr'>τὸ</span> <span class='ocrx_word' id='word_1_621' title='bbox 1007 5563 1105 5632; x_wconf 84' lang='grc' dir='ltr'>τήν</span> <span class='ocrx_word' id='word_1_622' title='bbox 1168 5557 1431 5635; x_wconf 79' lang='grc' dir='ltr'>διαφορὰν</span> <span class='ocrx_word' id='word_1_623' title='bbox 1504 5555 1642 5629; x_wconf 87' lang='grc' dir='ltr'>πρὸς</span> <span class='ocrx_word' id='word_1_624' title='bbox 1700 5555 1962 5629; x_wconf 85' lang='grc' dir='ltr'>Ταράσιον</span> 
     </span>
    </p>
   </div>
   <div class='ocr_carea' id='block_1_87' title="bbox 386 5736 1967 5813">
    <p class='ocr_par' dir='ltr' id='par_1_87' title="bbox 386 5736 1967 5813">
     <span class='ocr_line' id='line_1_87' title="bbox 386 5736 1967 5813; baseline -0.007 -7"><span class='ocrx_word' id='word_1_625' title='bbox 386 5744 435 5781; x_wconf 78' lang='grc'>⁷⁵</span> <span class='ocrx_word' id='word_1_626' title='bbox 458 5743 651 5805; x_wconf 72' lang='lat' dir='ltr'>nocte.</span> <span class='ocrx_word' id='word_1_627' title='bbox 681 5761 736 5809; x_wconf 82' lang='grc' dir='ltr'>ν.</span> <span class='ocrx_word' id='word_1_628' title='bbox 768 5744 824 5805; x_wconf 75' lang='grc'>4.</span> <span class='ocrx_word' id='word_1_629' title='bbox 897 5744 941 5781; x_wconf 81' lang='grc'>⁷⁸</span> <span class='ocrx_word' id='word_1_630' title='bbox 971 5744 1097 5804; x_wconf 82' lang='lat' dir='ltr'>Act.</span> <span class='ocrx_word' id='word_1_631' title='bbox 1126 5760 1182 5813; x_wconf 92' lang='lat' dir='ltr'>v,</span> <span class='ocrx_word' id='word_1_632' title='bbox 1211 5741 1269 5811; x_wconf 92' lang='lat'>3,</span> <span class='ocrx_word' id='word_1_633' title='bbox 1300 5741 1353 5800; x_wconf 78' lang='grc'>4.</span> <span class='ocrx_word' id='word_1_634' title='bbox 1428 5737 1474 5776; x_wconf 82' lang='grc'>⁷⁷</span> <span class='ocrx_word' id='word_1_635' title='bbox 1507 5736 1713 5798; x_wconf 82' lang='lat' dir='ltr'>Matth.</span> <span class='ocrx_word' id='word_1_636' title='bbox 1745 5751 1849 5810; x_wconf 82' lang='lat' dir='ltr'>xu,</span> <span class='ocrx_word' id='word_1_637' title='bbox 1878 5737 1967 5795; x_wconf 77' lang='lat'>36.</span> 
     </span>
    </p>
   </div>
   <div class='ocr_carea' id='block_1_88' title="bbox 2068 3236 3698 3309">
    <p class='ocr_par' dir='ltr' id='par_1_88' title="bbox 2068 3236 3698 3309">
     <span class='ocr_line' id='line_1_88' title="bbox 2068 3236 3698 3309; baseline -0.001 -17"><span class='ocrx_word' id='word_1_638' title='bbox 2068 3237 2443 3307; x_wconf 86' lang='lat' dir='ltr'>inscriptione</span> <span class='ocrx_word' id='word_1_639' title='bbox 2490 3238 2725 3308; x_wconf 86' lang='lat' dir='ltr'>quidem</span> <span class='ocrx_word' id='word_1_640' title='bbox 2774 3245 3050 3309; x_wconf 86' lang='lat' dir='ltr'>tanquam</span> <span class='ocrx_word' id='word_1_641' title='bbox 3094 3238 3165 3292; x_wconf 89' lang='lat' dir='ltr'>ab</span> <span class='ocrx_word' id='word_1_642' title='bbox 3214 3253 3364 3304; x_wconf 86' lang='lat' dir='ltr'>uno;</span> <span class='ocrx_word' id='word_1_643' title='bbox 3416 3236 3698 3293; x_wconf 87' lang='lat' dir='ltr'>sententia</span> 
     </span>
    </p>
   </div>
   <div class='ocr_carea' id='block_1_89' title="bbox 2059 3325 3687 3400">
    <p class='ocr_par' dir='ltr' id='par_1_89' title="bbox 2059 3325 3687 3400">
     <span class='ocr_line' id='line_1_89' title="bbox 2059 3325 3687 3400; baseline -0.001 -19"><span class='ocrx_word' id='word_1_644' title='bbox 2059 3343 2191 3382; x_wconf 89' lang='lat' dir='ltr'>vero</span> <span class='ocrx_word' id='word_1_645' title='bbox 2225 3331 2501 3399; x_wconf 84' lang='lat' dir='ltr'>tanquam</span> <span class='ocrx_word' id='word_1_646' title='bbox 2525 3346 2555 3381; x_wconf 88' lang='lat' dir='ltr'>a</span> <span class='ocrx_word' id='word_1_647' title='bbox 2581 3325 2824 3383; x_wconf 84' lang='lat' dir='ltr'>diversis</span> <span class='ocrx_word' id='word_1_648' title='bbox 2846 3326 3076 3382; x_wconf 90' lang='lat' dir='ltr'>missas.</span> <span class='ocrx_word' id='word_1_649' title='bbox 3102 3327 3233 3383; x_wconf 87' lang='lat' dir='ltr'>Sive</span> <span class='ocrx_word' id='word_1_650' title='bbox 3252 3326 3430 3400; x_wconf 79' lang='lat' dir='ltr'>igitur</span> <span class='ocrx_word' id='word_1_651' title='bbox 3457 3326 3529 3382; x_wconf 87' lang='lat' dir='ltr'>ab</span> <span class='ocrx_word' id='word_1_652' title='bbox 3554 3342 3687 3392; x_wconf 91' lang='lat' dir='ltr'>uno,</span> 
     </span>
    </p>
   </div>
   <div class='ocr_carea' id='block_1_90' title="bbox 2059 3414 3694 3489">
    <p class='ocr_par' dir='ltr' id='par_1_90' title="bbox 2059 3414 3694 3489">
     <span class='ocr_line' id='line_1_90' title="bbox 2059 3414 3694 3489; baseline 0 -19"><span class='ocrx_word' id='word_1_653' title='bbox 2059 3416 2179 3470; x_wconf 91' lang='lat' dir='ltr'>sive</span> <span class='ocrx_word' id='word_1_654' title='bbox 2208 3434 2239 3470; x_wconf 79' lang='grc' dir='ltr'>ιι</span> <span class='ocrx_word' id='word_1_655' title='bbox 2271 3415 2559 3487; x_wconf 90' lang='lat' dir='ltr'>pluribus.</span> <span class='ocrx_word' id='word_1_656' title='bbox 2610 3415 2789 3471; x_wconf 90' lang='lat' dir='ltr'>debeo</span> <span class='ocrx_word' id='word_1_657' title='bbox 2840 3416 3243 3489; x_wconf 80' lang='lat' dir='ltr'>interrogatus,</span> <span class='ocrx_word' id='word_1_658' title='bbox 3289 3414 3479 3486; x_wconf 90' lang='lat' dir='ltr'>quoad</span> <span class='ocrx_word' id='word_1_659' title='bbox 3510 3414 3694 3485; x_wconf 89' lang='lat' dir='ltr'>impe-</span> 
     </span>
    </p>
   </div>
   <div class='ocr_carea' id='block_1_91' title="bbox 2059 3504 3695 3576">
    <p class='ocr_par' dir='ltr' id='par_1_91' title="bbox 2059 3504 3695 3576">
     <span class='ocr_line' id='line_1_91' title="bbox 2059 3504 3695 3576; baseline -0.001 -16"><span class='ocrx_word' id='word_1_660' title='bbox 2059 3504 2193 3560; x_wconf 89' lang='lat' dir='ltr'>ritia</span> <span class='ocrx_word' id='word_1_661' title='bbox 2243 3520 2371 3561; x_wconf 88' lang='lat' dir='ltr'>mea</span> <span class='ocrx_word' id='word_1_662' title='bbox 2431 3508 2639 3576; x_wconf 90' lang='lat' dir='ltr'>potest,</span> <span class='ocrx_word' id='word_1_663' title='bbox 2695 3505 3292 3576; x_wconf 88' lang='lat' dir='ltr'>congruentissimum</span> <span class='ocrx_word' id='word_1_664' title='bbox 3350 3520 3695 3576; x_wconf 89' lang='lat' dir='ltr'>responsum</span> 
     </span>
    </p>
   </div>
   <div class='ocr_carea' id='block_1_92' title="bbox 2058 3591 3698 3667">
    <p class='ocr_par' dir='ltr' id='par_1_92' title="bbox 2058 3591 3698 3667">
     <span class='ocr_line' id='line_1_92' title="bbox 2058 3591 3698 3667; baseline -0.001 -18"><span class='ocrx_word' id='word_1_665' title='bbox 2058 3594 2216 3649; x_wconf 89' lang='lat' dir='ltr'>dare.</span> <span class='ocrx_word' id='word_1_666' title='bbox 2254 3595 2507 3649; x_wconf 87' lang='lat' dir='ltr'>Primum</span> <span class='ocrx_word' id='word_1_667' title='bbox 2548 3610 2683 3667; x_wconf 90' lang='lat' dir='ltr'>ergo</span> <span class='ocrx_word' id='word_1_668' title='bbox 2714 3595 2930 3666; x_wconf 90' lang='lat' dir='ltr'>quibus</span> <span class='ocrx_word' id='word_1_669' title='bbox 2963 3611 3055 3650; x_wconf 89' lang='lat' dir='ltr'>me</span> <span class='ocrx_word' id='word_1_670' title='bbox 3098 3593 3471 3651; x_wconf 89' lang='lat' dir='ltr'>celeberrima</span> <span class='ocrx_word' id='word_1_671' title='bbox 3500 3591 3698 3661; x_wconf 84' lang='lat' dir='ltr'>lingua</span> 
     </span>
    </p>
   </div>
   <div class='ocr_carea' id='block_1_93' title="bbox 2057 3682 3696 3755">
    <p class='ocr_par' dir='ltr' id='par_1_93' title="bbox 2057 3682 3696 3755">
     <span class='ocr_line' id='line_1_93' title="bbox 2057 3682 3696 3755; baseline 0.001 -18"><span class='ocrx_word' id='word_1_672' title='bbox 2057 3689 2160 3738; x_wconf 90' lang='lat' dir='ltr'>tua</span> <span class='ocrx_word' id='word_1_673' title='bbox 2191 3683 2463 3740; x_wconf 86' lang='lat' dir='ltr'>laudibus</span> <span class='ocrx_word' id='word_1_674' title='bbox 2510 3685 2824 3751; x_wconf 82' lang='lat' dir='ltr'>exornavit,</span> <span class='ocrx_word' id='word_1_675' title='bbox 2872 3684 2943 3739; x_wconf 87' lang='lat' dir='ltr'>ab</span> <span class='ocrx_word' id='word_1_676' title='bbox 2994 3684 3067 3739; x_wconf 89' lang='lat' dir='ltr'>iis</span> <span class='ocrx_word' id='word_1_677' title='bbox 3098 3699 3202 3755; x_wconf 90' lang='lat' dir='ltr'>ego</span> <span class='ocrx_word' id='word_1_678' title='bbox 3231 3682 3402 3754; x_wconf 89' lang='lat' dir='ltr'>longe</span> <span class='ocrx_word' id='word_1_679' title='bbox 3441 3686 3696 3738; x_wconf 89' lang='lat' dir='ltr'>remotus</span> 
     </span>
    </p>
   </div>
   <div class='ocr_carea' id='block_1_94' title="bbox 2058 3771 3698 3845">
    <p class='ocr_par' dir='ltr' id='par_1_94' title="bbox 2058 3771 3698 3845">
     <span class='ocr_line' id='line_1_94' title="bbox 2058 3771 3698 3845; baseline 0 -18"><span class='ocrx_word' id='word_1_680' title='bbox 2058 3789 2213 3840; x_wconf 89' lang='lat' dir='ltr'>sum,</span> <span class='ocrx_word' id='word_1_681' title='bbox 2265 3790 2396 3828; x_wconf 92' lang='lat' dir='ltr'>cum</span> <span class='ocrx_word' id='word_1_682' title='bbox 2448 3777 2712 3845; x_wconf 85' lang='lat' dir='ltr'>peccator</span> <span class='ocrx_word' id='word_1_683' title='bbox 2757 3774 2891 3839; x_wconf 89' lang='lat' dir='ltr'>sim,</span> <span class='ocrx_word' id='word_1_684' title='bbox 2938 3777 2996 3829; x_wconf 90' lang='lat' dir='ltr'>et</span> <span class='ocrx_word' id='word_1_685' title='bbox 3041 3773 3215 3828; x_wconf 89' lang='lat' dir='ltr'>vitam</span> <span class='ocrx_word' id='word_1_686' title='bbox 3256 3788 3421 3842; x_wconf 83' lang='lat' dir='ltr'>agam</span> <span class='ocrx_word' id='word_1_687' title='bbox 3454 3771 3698 3827; x_wconf 90' lang='lat' dir='ltr'>minime</span> 
     </span>
    </p>
   </div>
   <div class='ocr_carea' id='block_1_95' title="bbox 2059 3860 3697 3936">
    <p class='ocr_par' dir='ltr' id='par_1_95' title="bbox 2059 3860 3697 3936">
     <span class='ocr_line' id='line_1_95' title="bbox 2059 3860 3697 3936; baseline 0 -20"><span class='ocrx_word' id='word_1_688' title='bbox 2059 3861 2433 3920; x_wconf 87' lang='lat' dir='ltr'>laudabilem.</span> <span class='ocrx_word' id='word_1_689' title='bbox 2466 3865 2523 3919; x_wconf 90' lang='lat' dir='ltr'>Si</span> <span class='ocrx_word' id='word_1_690' title='bbox 2557 3864 2692 3936; x_wconf 91' lang='lat' dir='ltr'>quid</span> <span class='ocrx_word' id='word_1_691' title='bbox 2728 3868 2924 3920; x_wconf 89' lang='lat' dir='ltr'>autem</span> <span class='ocrx_word' id='word_1_692' title='bbox 2975 3863 3034 3918; x_wconf 89' lang='lat' dir='ltr'>in</span> <span class='ocrx_word' id='word_1_693' title='bbox 3075 3878 3165 3917; x_wconf 90' lang='lat' dir='ltr'>me</span> <span class='ocrx_word' id='word_1_694' title='bbox 3195 3867 3302 3932; x_wconf 90' lang='lat' dir='ltr'>est,</span> <span class='ocrx_word' id='word_1_695' title='bbox 3338 3862 3445 3918; x_wconf 87' lang='lat' dir='ltr'>hoc</span> <span class='ocrx_word' id='word_1_696' title='bbox 3481 3860 3576 3916; x_wconf 90' lang='lat' dir='ltr'>Dei</span> <span class='ocrx_word' id='word_1_697' title='bbox 3601 3862 3697 3916; x_wconf 90' lang='lat' dir='ltr'>do-</span> 
     </span>
    </p>
   </div>
   <div class='ocr_carea' id='block_1_96' title="bbox 2059 3950 3696 4024">
    <p class='ocr_par' dir='ltr' id='par_1_96' title="bbox 2059 3950 3696 4024">
     <span class='ocr_line' id='line_1_96' title="bbox 2059 3950 3696 4024; baseline -0.003 -15"><span class='ocrx_word' id='word_1_698' title='bbox 2059 3971 2199 4009; x_wconf 91' lang='lat' dir='ltr'>num</span> <span class='ocrx_word' id='word_1_699' title='bbox 2251 3960 2361 4021; x_wconf 89' lang='lat' dir='ltr'>est,</span> <span class='ocrx_word' id='word_1_700' title='bbox 2406 3954 2532 4023; x_wconf 86' lang='lat' dir='ltr'>ejus</span> <span class='ocrx_word' id='word_1_701' title='bbox 2564 3953 2664 4024; x_wconf 90' lang='lat' dir='ltr'>qui</span> <span class='ocrx_word' id='word_1_702' title='bbox 2706 3968 2795 4008; x_wconf 88' lang='lat' dir='ltr'>me</span> <span class='ocrx_word' id='word_1_703' title='bbox 2834 3953 3045 4024; x_wconf 88' lang='lat' dir='ltr'>spiritu</span> <span class='ocrx_word' id='word_1_704' title='bbox 3073 3954 3271 4020; x_wconf 79' lang='lat' dir='ltr'>genuit</span> <span class='ocrx_word' id='word_1_705' title='bbox 3296 3951 3482 4006; x_wconf 85' lang='lat' dir='ltr'>Patris</span> <span class='ocrx_word' id='word_1_706' title='bbox 3514 3950 3696 4022; x_wconf 88' lang='lat' dir='ltr'>preci-</span> 
     </span>
    </p>
   </div>
   <div class='ocr_carea' id='block_1_97' title="bbox 2059 4035 3698 4111">
    <p class='ocr_par' dir='ltr' id='par_1_97' title="bbox 2059 4035 3698 4111">
     <span class='ocr_line' id='line_1_97' title="bbox 2059 4035 3698 4111; baseline -0.003 -15"><span class='ocrx_word' id='word_1_707' title='bbox 2059 4041 2169 4097; x_wconf 89' lang='lat' dir='ltr'>bus</span> <span class='ocrx_word' id='word_1_708' title='bbox 2201 4042 2507 4108; x_wconf 90' lang='lat' dir='ltr'>tributum,</span> <span class='ocrx_word' id='word_1_709' title='bbox 2541 4040 2696 4111; x_wconf 90' lang='lat' dir='ltr'>quod</span> <span class='ocrx_word' id='word_1_710' title='bbox 2730 4044 2787 4094; x_wconf 91' lang='lat' dir='ltr'>et</span> <span class='ocrx_word' id='word_1_711' title='bbox 2823 4039 3030 4095; x_wconf 88' lang='lat' dir='ltr'>vestris</span> <span class='ocrx_word' id='word_1_712' title='bbox 3078 4039 3174 4109; x_wconf 91' lang='lat' dir='ltr'>qui</span> <span class='ocrx_word' id='word_1_713' title='bbox 3205 4037 3479 4109; x_wconf 87' lang='lat' dir='ltr'>pietatem</span> <span class='ocrx_word' id='word_1_714' title='bbox 3511 4035 3698 4091; x_wconf 87' lang='lat' dir='ltr'>colitis</span> 
     </span>
    </p>
   </div>
   <div class='ocr_carea' id='block_1_98' title="bbox 2056 4126 3695 4203">
    <p class='ocr_par' dir='ltr' id='par_1_98' title="bbox 2056 4126 3695 4203">
     <span class='ocr_line' id='line_1_98' title="bbox 2056 4126 3695 4203; baseline -0.004 -17"><span class='ocrx_word' id='word_1_715' title='bbox 2056 4130 2577 4203; x_wconf 87' lang='lat' dir='ltr'>supplicationibus</span> <span class='ocrx_word' id='word_1_716' title='bbox 2600 4130 2892 4200; x_wconf 88' lang='lat' dir='ltr'>integrum</span> <span class='ocrx_word' id='word_1_717' title='bbox 2914 4128 3185 4199; x_wconf 85' lang='lat' dir='ltr'>deinceps</span> <span class='ocrx_word' id='word_1_718' title='bbox 3216 4126 3695 4183; x_wconf 87' lang='lat' dir='ltr'>conservandum.</span> 
     </span>
    </p>
   </div>
   <div class='ocr_carea' id='block_1_99' title="bbox 2056 4214 3699 4291">
    <p class='ocr_par' dir='ltr' id='par_1_99' title="bbox 2056 4214 3699 4291">
     <span class='ocr_line' id='line_1_99' title="bbox 2056 4214 3699 4291; baseline -0.004 -15"><span class='ocrx_word' id='word_1_719' title='bbox 2056 4220 2275 4277; x_wconf 90' lang='lat' dir='ltr'>Deinde</span> <span class='ocrx_word' id='word_1_720' title='bbox 2333 4235 2438 4290; x_wconf 89' lang='lat' dir='ltr'>quo</span> <span class='ocrx_word' id='word_1_721' title='bbox 2498 4224 2664 4291; x_wconf 88' lang='lat' dir='ltr'>pacto</span> <span class='ocrx_word' id='word_1_722' title='bbox 2735 4218 3116 4289; x_wconf 88' lang='lat' dir='ltr'>respondeam</span> <span class='ocrx_word' id='word_1_723' title='bbox 3178 4216 3394 4283; x_wconf 88' lang='lat' dir='ltr'>nescio,</span> <span class='ocrx_word' id='word_1_724' title='bbox 3451 4214 3699 4271; x_wconf 90' lang='lat' dir='ltr'>interro-</span> 
     </span>
    </p>
   </div>
   <div class='ocr_carea' id='block_1_100' title="bbox 2057 4303 3702 4381">
    <p class='ocr_par' dir='ltr' id='par_1_100' title="bbox 2057 4303 3702 4381">
     <span class='ocr_line' id='line_1_100' title="bbox 2057 4303 3702 4381; baseline -0.004 -16"><span class='ocrx_word' id='word_1_725' title='bbox 2057 4308 2291 4381; x_wconf 84' lang='lat' dir='ltr'>gatione</span> <span class='ocrx_word' id='word_1_726' title='bbox 2332 4309 2486 4364; x_wconf 88' lang='lat' dir='ltr'>haud</span> <span class='ocrx_word' id='word_1_727' title='bbox 2529 4307 2671 4363; x_wconf 89' lang='lat' dir='ltr'>satis</span> <span class='ocrx_word' id='word_1_728' title='bbox 2703 4311 2900 4377; x_wconf 87' lang='lat' dir='ltr'>aperte</span> <span class='ocrx_word' id='word_1_729' title='bbox 2929 4305 3233 4377; x_wconf 84' lang='lat' dir='ltr'>explicata.</span> <span class='ocrx_word' id='word_1_730' title='bbox 3267 4303 3518 4360; x_wconf 90' lang='lat' dir='ltr'>Omnino</span> <span class='ocrx_word' id='word_1_731' title='bbox 3546 4320 3702 4373; x_wconf 72' lang='lat' dir='ltr'>quai-</span> 
     </span>
    </p>
   </div>
   <div class='ocr_carea' id='block_1_101' title="bbox 2058 4394 3704 4467">
    <p class='ocr_par' dir='ltr' id='par_1_101' title="bbox 2058 4394 3704 4467">
     <span class='ocr_line' id='line_1_101' title="bbox 2058 4394 3704 4467; baseline -0.003 -13"><span class='ocrx_word' id='word_1_732' title='bbox 2058 4399 2308 4455; x_wconf 88' lang='lat' dir='ltr'>stionem</span> <span class='ocrx_word' id='word_1_733' title='bbox 2342 4398 2416 4453; x_wconf 89' lang='lat' dir='ltr'>ad</span> <span class='ocrx_word' id='word_1_734' title='bbox 2445 4397 2749 4453; x_wconf 84' lang='lat' dir='ltr'>Tarasium</span> <span class='ocrx_word' id='word_1_735' title='bbox 2800 4396 2939 4452; x_wconf 92' lang='lat' dir='ltr'>olim</span> <span class='ocrx_word' id='word_1_736' title='bbox 2992 4394 3381 4467; x_wconf 88' lang='lat' dir='ltr'>patriarcham</span> <span class='ocrx_word' id='word_1_737' title='bbox 3417 4394 3704 4466; x_wconf 86' lang='lat' dir='ltr'>pertinere</span> 
     </span>
    </p>
   </div>
   <div class='ocr_carea' id='block_1_102' title="bbox 2060 4484 3705 4559">
    <p class='ocr_par' dir='ltr' id='par_1_102' title="bbox 2060 4484 3705 4559">
     <span class='ocr_line' id='line_1_102' title="bbox 2060 4484 3705 4559; baseline -0.003 -16"><span class='ocrx_word' id='word_1_738' title='bbox 2060 4488 2299 4559; x_wconf 90' lang='lat' dir='ltr'>conjeci.</span> <span class='ocrx_word' id='word_1_739' title='bbox 2331 4487 2614 4559; x_wconf 87' lang='lat' dir='ltr'>Equidem</span> <span class='ocrx_word' id='word_1_740' title='bbox 2666 4488 2771 4542; x_wconf 87' lang='lat' dir='ltr'>hac</span> <span class='ocrx_word' id='word_1_741' title='bbox 2813 4487 2884 4541; x_wconf 92' lang='lat' dir='ltr'>de</span> <span class='ocrx_word' id='word_1_742' title='bbox 2933 4500 2993 4541; x_wconf 92' lang='lat' dir='ltr'>re</span> <span class='ocrx_word' id='word_1_743' title='bbox 3026 4484 3319 4556; x_wconf 87' lang='lat' dir='ltr'>proposita</span> <span class='ocrx_word' id='word_1_744' title='bbox 3359 4484 3705 4553; x_wconf 86' lang='lat' dir='ltr'>jamdudum</span> 
     </span>
    </p>
   </div>
   <div class='ocr_carea' id='block_1_103' title="bbox 2061 4573 3703 4646">
    <p class='ocr_par' dir='ltr' id='par_1_103' title="bbox 2061 4573 3703 4646">
     <span class='ocr_line' id='line_1_103' title="bbox 2061 4573 3703 4646; baseline -0.004 -12"><span class='ocrx_word' id='word_1_745' title='bbox 2061 4595 2175 4634; x_wconf 90' lang='lat' dir='ltr'>non</span> <span class='ocrx_word' id='word_1_746' title='bbox 2208 4578 2334 4633; x_wconf 89' lang='lat' dir='ltr'>sine</span> <span class='ocrx_word' id='word_1_747' title='bbox 2384 4593 2515 4631; x_wconf 88' lang='lat' dir='ltr'>cura</span> <span class='ocrx_word' id='word_1_748' title='bbox 2562 4577 2667 4646; x_wconf 86' lang='lat' dir='ltr'>fui,</span> <span class='ocrx_word' id='word_1_749' title='bbox 2716 4575 2896 4631; x_wconf 88' lang='lat' dir='ltr'>multa</span> <span class='ocrx_word' id='word_1_750' title='bbox 2942 4590 3170 4630; x_wconf 90' lang='lat' dir='ltr'>mecum</span> <span class='ocrx_word' id='word_1_751' title='bbox 3218 4573 3412 4629; x_wconf 85' lang='lat' dir='ltr'>animo</span> <span class='ocrx_word' id='word_1_752' title='bbox 3442 4589 3703 4640; x_wconf 85' lang='lat' dir='ltr'>versans,</span> 
     </span>
    </p>
   </div>
   <div class='ocr_carea' id='block_1_104' title="bbox 2065 4662 3703 4737">
    <p class='ocr_par' dir='ltr' id='par_1_104' title="bbox 2065 4662 3703 4737">
     <span class='ocr_line' id='line_1_104' title="bbox 2065 4662 3703 4737; baseline -0.003 -14"><span class='ocrx_word' id='word_1_753' title='bbox 2065 4672 2123 4723; x_wconf 89' lang='lat' dir='ltr'>et</span> <span class='ocrx_word' id='word_1_754' title='bbox 2153 4668 2252 4737; x_wconf 88' lang='lat' dir='ltr'>qui</span> <span class='ocrx_word' id='word_1_755' title='bbox 2283 4668 2516 4722; x_wconf 83' lang='lat' dir='ltr'>futurus</span> <span class='ocrx_word' id='word_1_756' title='bbox 2566 4670 2720 4722; x_wconf 89' lang='lat' dir='ltr'>esset</span> <span class='ocrx_word' id='word_1_757' title='bbox 2766 4681 2960 4720; x_wconf 89' lang='lat' dir='ltr'>rerum</span> <span class='ocrx_word' id='word_1_758' title='bbox 3020 4669 3259 4720; x_wconf 87' lang='lat' dir='ltr'>eventus</span> <span class='ocrx_word' id='word_1_759' title='bbox 3309 4662 3703 4719; x_wconf 87' lang='lat' dir='ltr'>considerans.</span> 
     </span>
    </p>
   </div>
   <div class='ocr_carea' id='block_1_105' title="bbox 2066 4751 3705 4827">
    <p class='ocr_par' dir='ltr' id='par_1_105' title="bbox 2066 4751 3705 4827">
     <span class='ocr_line' id='line_1_105' title="bbox 2066 4751 3705 4827; baseline -0.003 -14"><span class='ocrx_word' id='word_1_760' title='bbox 2066 4757 2210 4813; x_wconf 84' lang='lat' dir='ltr'>Nam</span> <span class='ocrx_word' id='word_1_761' title='bbox 2242 4772 2342 4812; x_wconf 89' lang='lat' dir='ltr'>eos</span> <span class='ocrx_word' id='word_1_762' title='bbox 2392 4761 2566 4820; x_wconf 88' lang='lat' dir='ltr'>certe,</span> <span class='ocrx_word' id='word_1_763' title='bbox 2599 4755 2701 4827; x_wconf 89' lang='lat' dir='ltr'>qui</span> <span class='ocrx_word' id='word_1_764' title='bbox 2755 4771 2858 4826; x_wconf 89' lang='lat' dir='ltr'>pro</span> <span class='ocrx_word' id='word_1_765' title='bbox 2902 4759 3057 4810; x_wconf 89' lang='lat' dir='ltr'>recto</span> <span class='ocrx_word' id='word_1_766' title='bbox 3106 4753 3489 4819; x_wconf 71' lang='lat' dir='ltr'>decertarunt,</span> <span class='ocrx_word' id='word_1_767' title='bbox 3521 4757 3576 4808; x_wconf 89' lang='lat' dir='ltr'>et</span> <span class='ocrx_word' id='word_1_768' title='bbox 3605 4751 3705 4808; x_wconf 90' lang='lat' dir='ltr'>diu</span> 
     </span>
    </p>
   </div>
   <div class='ocr_carea' id='block_1_106' title="bbox 2067 4840 3705 4917">
    <p class='ocr_par' dir='ltr' id='par_1_106' title="bbox 2067 4840 3705 4917">
     <span class='ocr_line' id='line_1_106' title="bbox 2067 4840 3705 4917; baseline -0.002 -18"><span class='ocrx_word' id='word_1_769' title='bbox 2067 4845 2261 4915; x_wconf 79' lang='lat' dir='ltr'>gravia</span> <span class='ocrx_word' id='word_1_770' title='bbox 2290 4845 2546 4916; x_wconf 88' lang='lat' dir='ltr'>perpessi</span> <span class='ocrx_word' id='word_1_771' title='bbox 2576 4850 2736 4913; x_wconf 90' lang='lat' dir='ltr'>sunt,</span> <span class='ocrx_word' id='word_1_772' title='bbox 2770 4859 3117 4917; x_wconf 85' lang='lat' dir='ltr'>magnopere</span> <span class='ocrx_word' id='word_1_773' title='bbox 3159 4843 3334 4899; x_wconf 88' lang='lat' dir='ltr'>laudo</span> <span class='ocrx_word' id='word_1_774' title='bbox 3363 4846 3422 4897; x_wconf 90' lang='lat' dir='ltr'>et</span> <span class='ocrx_word' id='word_1_775' title='bbox 3452 4840 3705 4910; x_wconf 90' lang='lat' dir='ltr'>comple-</span> 
     </span>
    </p>
   </div>
   <div class='ocr_carea' id='block_1_107' title="bbox 2067 4931 3705 5006">
    <p class='ocr_par' dir='ltr' id='par_1_107' title="bbox 2067 4931 3705 5006">
     <span class='ocr_line' id='line_1_107' title="bbox 2067 4931 3705 5006; baseline -0.003 -14"><span class='ocrx_word' id='word_1_776' title='bbox 2067 4941 2238 4992; x_wconf 90' lang='lat' dir='ltr'>ctor:</span> <span class='ocrx_word' id='word_1_777' title='bbox 2299 4952 2415 4991; x_wconf 92' lang='lat' dir='ltr'>non</span> <span class='ocrx_word' id='word_1_778' title='bbox 2471 4938 2669 4993; x_wconf 89' lang='lat' dir='ltr'>tamen</span> <span class='ocrx_word' id='word_1_779' title='bbox 2731 4950 3167 5006; x_wconf 85' lang='lat' dir='ltr'>usquequaque,</span> <span class='ocrx_word' id='word_1_780' title='bbox 3199 4938 3265 4988; x_wconf 89' lang='lat' dir='ltr'>ut</span> <span class='ocrx_word' id='word_1_781' title='bbox 3318 4948 3451 4987; x_wconf 85' lang='lat' dir='ltr'>mox</span> <span class='ocrx_word' id='word_1_782' title='bbox 3491 4931 3705 4998; x_wconf 85' lang='lat' dir='ltr'>dicam,</span> 
     </span>
    </p>
   </div>
   <div class='ocr_carea' id='block_1_108' title="bbox 2070 5021 3707 5085">
    <p class='ocr_par' dir='ltr' id='par_1_108' title="bbox 2070 5021 3707 5085">
     <span class='ocr_line' id='line_1_108' title="bbox 2070 5021 3707 5085; baseline -0.005 -3"><span class='ocrx_word' id='word_1_783' title='bbox 2070 5025 2494 5082; x_wconf 84' lang='lat' dir='ltr'>consentientes</span> <span class='ocrx_word' id='word_1_784' title='bbox 2514 5041 2612 5081; x_wconf 91' lang='lat' dir='ltr'>eos</span> <span class='ocrx_word' id='word_1_785' title='bbox 2632 5024 2845 5081; x_wconf 87' lang='lat' dir='ltr'>habere</span> <span class='ocrx_word' id='word_1_786' title='bbox 2865 5023 3055 5079; x_wconf 91' lang='lat' dir='ltr'>velim.</span> <span class='ocrx_word' id='word_1_787' title='bbox 3083 5022 3293 5085; x_wconf 86' lang='lat' dir='ltr'>Quidni</span> <span class='ocrx_word' id='word_1_788' title='bbox 3314 5025 3507 5078; x_wconf 87' lang='lat' dir='ltr'>autem</span> <span class='ocrx_word' id='word_1_789' title='bbox 3527 5021 3553 5075; x_wconf 87' lang='lat'><strong>?</strong></span> <span class='ocrx_word' id='word_1_790' title='bbox 3573 5035 3707 5075; x_wconf 91' lang='lat' dir='ltr'>cum</span> 
     </span>
    </p>
   </div>
   <div class='ocr_carea' id='block_1_109' title="bbox 2069 5111 3384 5185">
    <p class='ocr_par' dir='ltr' id='par_1_109' title="bbox 2069 5111 3384 5185">
     <span class='ocr_line' id='line_1_109' title="bbox 2069 5111 3384 5185; baseline -0.005 -14"><span class='ocrx_word' id='word_1_791' title='bbox 2069 5116 2211 5172; x_wconf 80' lang='lat' dir='ltr'>adeo</span> <span class='ocrx_word' id='word_1_792' title='bbox 2243 5119 2513 5171; x_wconf 89' lang='lat' dir='ltr'>strenuos</span> <span class='ocrx_word' id='word_1_793' title='bbox 2543 5131 2606 5171; x_wconf 89' lang='lat' dir='ltr'>se</span> <span class='ocrx_word' id='word_1_794' title='bbox 2636 5130 2738 5185; x_wconf 92' lang='lat' dir='ltr'>pro</span> <span class='ocrx_word' id='word_1_795' title='bbox 2769 5113 2980 5184; x_wconf 88' lang='lat' dir='ltr'>pietate</span> <span class='ocrx_word' id='word_1_796' title='bbox 3009 5111 3384 5184; x_wconf 70' lang='lat' dir='ltr'>prabuerint.</span> 
     </span>
    </p>
   </div>
   <div class='ocr_carea' id='block_1_110' title="bbox 2144 5372 3719 5445">
    <p class='ocr_par' dir='ltr' id='par_1_110' title="bbox 2144 5372 3719 5445">
     <span class='ocr_line' id='line_1_110' title="bbox 2144 5372 3719 5445; baseline -0.004 -10"><span class='ocrx_word' id='word_1_797' title='bbox 2144 5380 2254 5437; x_wconf 90' lang='lat' dir='ltr'>Sed</span> <span class='ocrx_word' id='word_1_798' title='bbox 2286 5382 2481 5436; x_wconf 88' lang='lat' dir='ltr'>tamen</span> <span class='ocrx_word' id='word_1_799' title='bbox 2513 5396 2647 5434; x_wconf 91' lang='lat' dir='ltr'>cum</span> <span class='ocrx_word' id='word_1_800' title='bbox 2679 5376 2935 5434; x_wconf 87' lang='lat' dir='ltr'>veritatis</span> <span class='ocrx_word' id='word_1_801' title='bbox 2963 5375 3159 5441; x_wconf 91' lang='lat' dir='ltr'>verbo,</span> <span class='ocrx_word' id='word_1_802' title='bbox 3184 5382 3238 5431; x_wconf 88' lang='lat' dir='ltr'>el</span> <span class='ocrx_word' id='word_1_803' title='bbox 3267 5376 3561 5445; x_wconf 89' lang='lat' dir='ltr'>quatenus</span> <span class='ocrx_word' id='word_1_804' title='bbox 3592 5372 3719 5428; x_wconf 83' lang='lat' dir='ltr'>ﬁeri</span> 
     </span>
    </p>
   </div>
   <div class='ocr_carea' id='block_1_111' title="bbox 2075 5463 3717 5539">
    <p class='ocr_par' dir='ltr' id='par_1_111' title="bbox 2075 5463 3717 5539">
     <span class='ocr_line' id='line_1_111' title="bbox 2075 5463 3717 5539; baseline -0.004 -16"><span class='ocrx_word' id='word_1_805' title='bbox 2075 5467 2205 5525; x_wconf 89' lang='lat' dir='ltr'>licet</span> <span class='ocrx_word' id='word_1_806' title='bbox 2234 5474 2291 5525; x_wconf 89' lang='lat' dir='ltr'>et</span> <span class='ocrx_word' id='word_1_807' title='bbox 2320 5470 2608 5525; x_wconf 90' lang='lat' dir='ltr'>convenit.</span> <span class='ocrx_word' id='word_1_808' title='bbox 2633 5467 2707 5523; x_wconf 90' lang='lat' dir='ltr'>Ut</span> <span class='ocrx_word' id='word_1_809' title='bbox 2735 5482 2872 5539; x_wconf 89' lang='lat' dir='ltr'>ergo</span> <span class='ocrx_word' id='word_1_810' title='bbox 2903 5466 2973 5521; x_wconf 88' lang='lat' dir='ltr'>ad</span> <span class='ocrx_word' id='word_1_811' title='bbox 3007 5480 3128 5521; x_wconf 90' lang='lat' dir='ltr'>rem</span> <span class='ocrx_word' id='word_1_812' title='bbox 3162 5463 3411 5529; x_wconf 87' lang='lat' dir='ltr'>veniam,</span> <span class='ocrx_word' id='word_1_813' title='bbox 3446 5477 3717 5537; x_wconf 65' lang='lat' dir='ltr'>quaenam</span> 
     </span>
    </p>
   </div>
   <div class='ocr_carea' id='block_1_112' title="bbox 2077 5548 3717 5615">
    <p class='ocr_par' dir='ltr' id='par_1_112' title="bbox 2077 5548 3717 5615">
     <span class='ocr_line' id='line_1_112' title="bbox 2077 5548 3717 5615; baseline -0.007 -2"><span class='ocrx_word' id='word_1_814' title='bbox 2077 5573 2254 5615; x_wconf 85' lang='lat' dir='ltr'>causa</span> <span class='ocrx_word' id='word_1_815' title='bbox 2285 5557 2393 5613; x_wconf 84' lang='lat' dir='ltr'>fuit</span> <span class='ocrx_word' id='word_1_816' title='bbox 2422 5572 2527 5613; x_wconf 90' lang='lat' dir='ltr'>cur</span> <span class='ocrx_word' id='word_1_817' title='bbox 2555 5573 2589 5612; x_wconf 90' lang='lat' dir='ltr'>a</span> <span class='ocrx_word' id='word_1_818' title='bbox 2617 5555 2852 5610; x_wconf 89' lang='lat' dir='ltr'>Tarasio</span> <span class='ocrx_word' id='word_1_819' title='bbox 2884 5551 3323 5608; x_wconf 83' lang='lat' dir='ltr'>dissenserimus</span> <span class='ocrx_word' id='word_1_820' title='bbox 3343 5551 3371 5603; x_wconf 70' lang='grc' dir='ltr'>Σ)</span> <span class='ocrx_word' id='word_1_821' title='bbox 3392 5550 3561 5605; x_wconf 86' lang='lat' dir='ltr'>Fides</span> <span class='ocrx_word' id='word_1_822' title='bbox 3579 5548 3606 5603; x_wconf 91' lang='lat'><strong>?</strong></span> <span class='ocrx_word' id='word_1_823' title='bbox 3627 5549 3717 5603; x_wconf 86' lang='lat' dir='ltr'>At-</span> 
     </span>
    </p>
   </div>
  </div>
