4084 6284
416 415 572 476 1103

1659 413 1722 472 S.
1747 413 2168 476 ~THEODORI
2214 418 2576 481 STUDlT/E

3657 429 3812 491 H04

419 551 519 623 qui
542 550 736 623 palam
769 551 1001 623 quidem
1029 550 1385 607 orthodoxae
1415 553 1559 619 erat,
1584 564 1777 606 sacras
1806 549 2034 621 synodo:

2173 556 2364 606 ποιοῦν
2423 555 2558 626 ἡμῖν
2619 557 2759 628 [cod.
2813 560 2940 627 Reg.
3001 555 3196 631 ὐμῖν];
3258 557 3492 627 Πίστιςς
3552 561 3811 614 Καιὸσον

419 643 794 714 sequebatur,
825 650 879 697 et
909 657 1043 697 cum
1092 640 1219 698 aliis
1267 639 1610 712 patriarcbis
1643 639 2054 704 consentiebat,

416 736 474 787 et
522 732 839 787 maximum
890 736 1058 787 antea
1115 748 1216 802 pro
1264 731 1377 785 ﬁde
1425 735 1715 785 certamen
1763 729 2057 784 sustinue-

418 827 623 878 rat.....
658 827 944 878 Eorumne
975 823 1072 894 qui
1106 823 1176 877 ab
1210 820 1414 876 haeresi
1444 822 1880 876 revertebantur
1928 837 2057 875 sus-

415 913 647 981 ceptio?
673 916 743 966 At
773 929 884 967 non
919 913 990 967 ab
1022 912 1118 966 illo
1153 913 1270 966 haec
1302 911 1554 980 primum
1589 910 1856 965 instituta
1889 926 2054 964 :cum

414 1021 448 1057 a
477 1002 696 1059 sanctis
728 1002 996 1058 Patribus
1026 1003 1242 1072 triplici
1294 1003 1460 1056 modo
1513 1001 1765 1070 suscepti
1816 1000 2053 1066 fuerint,

410 1091 500 1148 vel
551 1094 791 1164 repetito
845 1093 1153 1163 baptismo,
1185 1097 1250 1146 ut
1297 1090 1621 1161 Pepuzeni;
1663 1090 1750 1145 vel
1798 1107 1898 1162 pro
1943 1091 2053 1145 olei

415 1181 774 1248 unctionem,
817 1186 880 1236 ut
908 1181 1144 1248 Ariani;
1180 1181 1264 1236 vel
1307 1196 1408 1251 per
1457 1179 1700 1250 propriae
1753 1178 2052 1233 sententias

411 1270 874 1340 detestationem,
909 1274 968 1326 ut
998 1269 1338 1326 Nestoriani.

478 1543 567 1598 An
599 1539 890 1597 ordinatio
920 1555 1019 1610 per
1041 1535 1366 1609 pecuniam,
1397 1553 1522 1608 quas
1544 1535 1603 1590 in
1628 1535 2046 1606 depositionem

406 1631 730 1688 necessario
773 1628 1066 1684 incurrit?
1112 1627 1208 1683 Nae
1261 1626 1316 1680 id
1358 1642 1595 1698 prorsus
1651 1641 1852 1680 verum
1913 1633 2043 1679 est:

406 1727 548 1776 tunc
577 1721 730 1775 enim
763 1723 1021 1790 pastores
1049 1716 1156 1772 visi
1207 1720 1347 1772 sunt
1390 1715 1514 1786 lupi
1562 1729 1817 1784 rapaces,
1845 1713 2047 1768 altaria

406 1809 619 1865 effossa
680 1813 838 1874 sunt,
884 1806 1090 1859 divinae
1145 1802 1397 1872 reliquiis
1457 1801 1733 1856 dedecore
1804 1801 2042 1856 affectae.

405 1898 555 1954 sacri
587 1896 688 1952 libi
733 1895 942 1951 exusti.
976 1893 1122 1986 Quid
1171 1891 1382 1963 plura?
1418 1891 1541 1962 ipsa
1571 1890 1798 1986 Phristi
1829 1891 2043 1986 imago,
2079 1922 2126 1986 B

403 1993 610 2060 praeter
642 1985 788 2041 alias
829 1981 1254 2048 sanctissimas,
1288 1979 1711 2035 contumeliose
1761 1979 1960 2034 habita
1989 1984 2045 2032 et

403 2077 762 2134 conculcata.
798 2073 865 2128 Et
895 2073 1026 2143 quis
1055 2071 1204 2125 brevi
1239 2069 1493 2124 oratione
1525 2068 1828 2139 complecti
1853 2074 2045 2139 queat,

402 2183 531 2238 quae
587 2164 815 2233 longam
848 2160 1241 2216 narrationem
1301 2155 1652 2228 requirunt?
1695 2157 1842 2220 Quid
1897 2161 2045 2227 quod

401 2271 571 2327 porro
602 2268 851 2323 sequens
890 2248 1214 2322 patriarcha
1245 2264 1312 2302 ex
1343 2247 1604 2301 saeculari
1638 2247 1708 2300 ad
1756 2247 2049 2316 episeOpa-

404 2345 515 2400 lem
565 2343 904 2412 dignitatem
962 2344 1194 2409 repente
1251 2343 1575 2408 provectus,
1635 2336 1880 2390 idoneus
1931 2353 2044 2390 non

403 2435 513 2489 fuit
544 2433 640 2503 qui
668 2447 765 2502 pro
796 2429 1002 2499 spiritu
1035 2434 1320 2499 quantum
1351 2426 1496 2481 satis
1526 2432 1650 2481 erat
1681 2424 2046 2480 decertaret?

400 2524 542 2578 Inde
569 2519 837 2575 scandala
874 2534 888 2572 :
923 2517 1058 2572 inde
1088 2515 1185 2570 illa
1217 2531 1339 2586 quae
1366 2515 1487 2585 jam
1539 2530 1642 2568 nos
1674 2515 2042 2581 conturbant,

324 2650 326 2653 -
399 2613 678 2682 eriginem
727 2611 1121 2676 sumpserunt.
1170 2604 1282 2658 Vos
1335 2605 1528 2674 itaque
1578 2620 1691 2673 quo
1737 2603 1868 2657 sitis
1909 2619 2042 2673 erga

401 2700 568 2756 illum
603 2698 819 2763 animo,
855 2695 1125 2750 novistis.
1157 2693 1273 2747 Nos
1305 2708 1457 2757 vero,
1491 2698 1553 2746 ut
1597 2691 1898 2761 sigillatim
1945 2709 2042 2746 eos

398 2790 494 2860 qui
528 2787 771 2860 pecunia
820 2785 1066 2840 ordinati
1120 2785 1370 2847 fuerant,
1404 2783 1784 2835 audiebamus
1831 2782 1903 2835 ab
1942 2781 2042 2835 illo

399 2896 511 2934 non
546 2876 778 2932 admitti
813 2875 884 2929 ad
916 2873 1413 2938 communionem,
1447 2887 1784 2941 quanquam
1821 2885 1932 2925 non
1962 2871 2043 2923 ita

395 2966 859 3029 existimabatur,
893 2963 1242 3018 conveniens
1272 2976 1397 3016 esse
1428 2959 1697 3014 duximus
1730 2961 1888 3030 pacis
1919 2966 2040 3013 stu-

395 3057 489 3112 dio
548 3054 912 3111 concordiam
965 3067 1094 3106 cum
1147 3067 1212 3105 eo
1270 3052 1562 3104 retinere:
1624 3049 1908 3118 siquidem
1968 3049 2036 3102 ad

392 3146 565 3210 hanc,
599 3143 786 3216 quoad
820 3143 971 3206 licet,
1006 3139 1487 3211 propendendum
1517 3144 1624 3204 est,
1660 3145 1722 3192 ut
1769 3144 1825 3192 et
1854 3139 2039 3192 Theo-

388 3239 556 3308 logus
597 3235 678 3289 ait
705 3231 788 3300 7°;
839 3246 903 3284 ac
953 3229 1049 3284 ubi
1103 3228 1441 3283 oll‘ensionis
1483 3226 1738 3297 suscipio
1774 3233 1882 3293 est,
1916 3243 2037 3282 me-

392 3325 504 3379 lius
551 3313 640 3378 est
686 3320 952 3376 assentiri
1002 3335 1176 3389 quam
1230 3317 1582 3388 pertinacem
1639 3333 1787 3372 esse.
1837 3318 2034 3386 Neque

389 3431 521 3470 vero
569 3412 683 3483 ipsi
734 3427 833 3466 vos
880 3412 952 3464 de
1001 3407 1354 3464 conscientia
1419 3415 1610 3461 vestra
1669 3407 2028 3476 depellimus.

389 3503 620 3573 Vosque
648 3499 902 3556 vicissim
933 3499 989 3553 id
1023 3515 1056 3551 a
1089 3497 1260 3552 nobis
1289 3495 1348 3550 in
1374 3512 1433 3551 re
1464 3496 1613 3551 baud
1649 3498 1876 3566 penitus
1909 3513 2034 3551 ma-

390 3593 603 3651 nifesta
633 3607 704 3646 ne
749 3590 998 3660 evigite:
1049 3587 1524 3659 quandoquidem
1573 3592 1629 3642 et
1676 3604 1942 3659 persona,
1974 3593 2030 3643 et

389 3687 640 3753 tempus,
673 3684 732 3734 et
759 3679 1109 3750 experientia
1139 3677 1445 3732 conciliare
1488 3675 1636 3732 solet
1673 3693 1792 3747 eos,
1829 3678 1929 3750 qui
1959 3679 2029 3734 de

388 3771 594 3827 iisdem
628 3771 802 3825 rebus
829 3784 940 3824 non
974 3767 1174 3822 eadem
1207 3767 1555 3821 sentiebant.

459 3861 566 3914 Sed
611 3872 891 3930 quorsum
943 3857 1054 3910 ista
1111 3855 1182 3909 ad
1231 3855 1488 3910 divinum
1538 3855 1892 3912 Germanum
1943 3874 2028 3913 re-

386 3949 605 4022 gressio
628 3949 655 4002 ?
687 3957 745 4001 ut
777 3948 910 4001 inde
942 3961 1180 4017 prorsus
1223 3943 1503 4000 ordinatio
1535 3951 1847 4014 repetatur.
1881 3947 2024 4010 Quid

388 4040 566 4107 enim,
601 4038 667 4092 de
701 4037 881 4091 tribus
928 4035 1024 4105 qui
1075 4032 1360 4103 interjecti
1409 4033 1644 4087 fuerunt
1694 4035 2026 4090 baareticis?

384 4127 657 4183 nullusne
690 4130 800 4189 est,
831 4124 928 4195 qui
962 4124 1034 4178 ab
1063 4122 1177 4176 illis
1208 4120 1510 4176 ordinatus
1556 4139 1669 4176 non
1703 4123 1896 4186 fuerit,
1930 4137 2028 4177 aut

379 4217 452 4272 ab
483 4217 555 4270 iis
587 4230 730 4285 quos
754 4213 837 4267 illi
869 4212 1228 4274 ordinarant,
1253 4211 1603 4266 transmissa
1644 4227 1812 4280 porro
1837 4227 2025 4282 usque

383 4307 454 4360 ad
485 4303 787 4360 Tarasium
821 4299 1234 4356 ordinatione?
1263 4299 1446 4362 Quam
1491 4297 1661 4353 multi
1691 4315 1758 4354 ex
1806 4300 2027 4355 oriente

381 4404 434 4451 el.
472 4394 766 4449 occidente
797 4403 848 4446 et
881 4389 1154 4461 aquilone
1185 4399 1240 4443 et
1272 4390 1414 4443 mari
1448 4396 1734 4444 venerunt
1767 4390 1864 4444 illo
1889 4395 2029 4444 tem-

380 4484 537 4555 poris
585 4483 793 4554 spatio,
827 4485 1215 4549 susceptoque
1262 4479 1582 4533 sacerdotio
1619 4480 1880 4534 Ecclesiaa
1919 4496 2027 4534 no—

379 4581 502 4627 strae
562 4589 663 4643 per
731 4568 1196 4626 communionem
1256 4569 1547 4636 conjuncti
1631 4568 1912 4622 fuerunt?
1963 4569 2025 4622 Et

2169 638 2230 694 ἐκ
2276 647 2372 695 τοῦ
2439 649 2768 721 προφανοῦς,
2835 643 3144 719 ὁρθὸδοξος,
3202 653 3320 709 ταῖς
3371 669 3429 703 τε
3481 647 3655 722 ἁγίαις
3688 671 3815 703 συν-

2169 727 2316 792 όδοις
2350 730 2768 804 ἠκολουθηκὼς,
2796 734 2884 788 καὶ
2916 737 3298 813 ὁμοφρονήσας
3327 743 3443 798 τοῖς
3476 735 3668 799 ἄλλοις
3701 759 3808 792 παν

2167 826 2457 897 τριάρχαις
2518 841 2531 854 °

2166 911 2227 965 τὸ
2287 912 2571 987 πρότερον.
2625 919 2689 970 Ἠ
2747 920 2854 969 τῶν
2912 915 2963 985 ἐξ
3021 917 3277 989 αἱρέσεως
3352 919 3806 993 ὑποστρεψάντων

2167 1000 2497 1078 παραδοχής
2535 1004 2630 1058 Καὶ
2663 1005 2772 1078 οὐχ
2801 1005 2886 1058 ὑπ’
2920 1006 3085 1059 αὑτοῦ
3115 1010 3572 1079 καινοτομηθεῖσα
3604 1027 3618 1040 ·
3671 1009 3811 1080 πρὸς

2165 1089 2268 1163 γὰρ
2319 1095 2428 1145 τῶν
2479 1091 2644 1167 ἁγίων
2705 1095 2955 1166 Πατέρων
3021 1099 3232 1169 τριχῶς
3287 1093 3745 1170 παροδεχομένων
3781 1115 3796 1127 ο

2165 1178 2200 1246 ἢ
2261 1175 2349 1232 διά
2405 1177 2836 1254 ἀναὸαπτισμοῦ,
2892 1183 2966 1244 ὡς
3017 1186 3050 1251 ἠ
3108 1189 3217 1238 τῶν
3279 1187 3639 1254 ῐΙεπουζηνῶν
3701 1203 3718 1218 ·
3769 1186 3806 1253 ἢ

2165 1265 2255 1321 διὰ
2312 1267 2548 1342 χρίσεως
2616 1272 2810 1346 μύρου,
2872 1272 2946 1336 ὡς
2993 1275 3027 1342 ἡ
3059 1277 3167 1327 τῶν
3228 1275 3512 1347 ’Δρειανῶν
3559 1292 3571 1305 '
3623 1275 3699 1350 ἢγ
3731 1271 3807 1328 δι’

2162 1355 2597 1431 ἀναθεματισμοῦ
2653 1368 2755 1429 τῆς
2804 1361 3005 1423 οἰκείας
3059 1359 3238 1434 δόξης,
3299 1362 3375 1423 ὡς
3432 1365 3467 1430 ἡ
3523 1366 3629 1416 τῶν
3689 1368 3804 1418 Νε-

2162 1450 2477 1518 στοριανῶν.
2793 1453 2798 1455 ’

2233 1535 2295 1591 Ἡ
2324 1537 2376 1590 ὲν
2437 1540 2686 1611 χρήμασι
2739 1539 3067 1616 χειροτονία,
3123 1539 3248 1610 ἥτις
3309 1541 3581 1596 ὑποπίπτε
3660 1541 3803 1596 κατᾶ

2159 1625 2220 1680 τὸ
2252 1625 2539 1702 ἀναγκαῖον
2570 1631 2915 1704 καθαιρέσεις
2949 1632 3071 1699 Ναὶ,
3121 1630 3424 1701 πανάληθες
3459 1650 3472 1663 ·
3523 1633 3613 1685 καὶ
3666 1635 3806 1706 γοῦν

3596 1737 3612 1752 ⁹
3671 1742 3808 1775 κατ-

3713 1810 3806 1884 βί-

3348 1900 3482 1968 αὑτὴ
3541 1902 3576 1967 ἡ
3637 1899 3801 1953 εἰκὼν

2590 825 2987 899 ἀγωνισάμενος
3059 826 3296 899 μάλιστα
3375 830 3505 904 ὑπὲρ
3579 829 3814 890 πίστεως

2159 1722 2455 1786 τηνικαῦτα
2503 1719 2754 1791 ποιμένες
2801 1719 2961 1775 λύκοι
3025 1724 3208 1793 βαρεῖς
3277 1721 3531 1794 ὤφθησαν

2160 1809 2396 1882 εσκάφθη
2460 1809 2812 1882 θυσιαστήρια
2864 1853 2877 1866 .
2917 1812 3173 1882 ἠτιμώθη
3221 1814 3334 1866 θεῖα
3384 1810 3609 1884 λείψανα
3647 1831 3660 1843 ⁸

2159 1889 2284 1948 ὅλοι
2313 1894 2459 1970 ’ἱεραὶ
2503 1896 2926 1971 ἐνεπρήσθησαν.
2975 1899 3033 1954 Τί
3079 1899 3294 1965 πλέονς

2154 1989 2255 2038 τοῦ
2323 1986 2562 2053 Χριστοῦ
2614 1989 2748 2060 πρὸς
2819 1985 3014 2050 ἄλλαις
3089 1988 3440 2048 σεπνοτάταις
3515 1983 3803 2059 ἐνύϐριστο

2156 2074 2244 2127 καὶ
2293 2077 2727 2145 κατεπεπάτητο.
2783 2077 2878 2132 Καὶ
2929 2077 3008 2138 τίς
3051 2079 3111 2132 ἂν
3145 2077 3196 2131 ἐν
3230 2077 3407 2149 ὀλίγῳ
3439 2074 3705 2146 διεξέλθοι
3732 2078 3804 2130 τά

2159 2168 2366 2237 μακρᾶς
2397 2165 2633 2238 ἱστορίας
2667 2163 2892 2238 δεόμενα
2925 2186 2938 2234 ;
2982 2166 3156 2222 Ἀλλὰ
3201 2167 3249 2221 νί
3282 2165 3363 2220 ὅτι
3422 2167 3449 2220 ὁ
3513 2167 3802 2237 μετέπειτα

2155 2251 2418 2327 πρόεδρος
2483 2255 2541 2308 ἐκ
2588 2262 2686 2323 τῆς
2735 2263 3009 2327 κοσμικῆς
3051 2254 3189 2326 ὕλης
3242 2259 3432 2310 θᾶττον
3467 2254 3544 2316 εἷς
3602 2257 3664 2309 τὸ
3695 2263 3801 2322 τῆς

2153 2341 2433 2416 ἱεραρχίας
2454 2343 2664 2415 ἀξίωμα
2692 2341 2916 2418 προϐὰς,
2943 2346 3052 2418 οὐχ
3084 2345 3198 2400 οἷός
3247 2365 3303 2398 τε
3351 2346 3570 2417 γέγονεν
3626 2344 3800 2416 ὑπερ-

2157 2439 2404 2506 μαχῆσαι
2481 2434 2676 2494 ἱκανῶς
2754 2438 2849 2488 τοῦ
2931 2437 3296 2508 πνεύματοςξ
3376 2434 3648 2490 Ἐντεῦθεν
3724 2433 3798 2486 τὰ

2154 2519 2423 2575 σκάνδαλα
2474 2542 2484 2552 ·
2537 2521 2733 2577 ἐκεῖθεν
2786 2523 2875 2577 καὶ
2920 2525 2984 2577 τα
3027 2521 3135 2594 ἤδη
3181 2527 3515 2598 ταράττοντα
3562 2528 3661 2590 τὴν
3707 2521 3798 2575 αἱ·

2149 2610 2266 2663 τίαν
2302 2608 2546 2680 εἴληφεν.
2582 2617 2760 2682 Ὑμεῖς
2789 2613 2882 2684 μὲν
2899 2610 3014 2681 οὖν,
3049 2614 3195 2673 ὅπως
3217 2613 3281 2666 τὰ
3304 2612 3436 2685 πρὸς
3461 2611 3618 2664 αὑτὸν
3642 2605 3795 2684 ἔχοι·

2149 2717 2227 2766 τε,
2264 2695 2394 2753 ἴστε.
2428 2700 2618 2772 Ἡμεῖς
2644 2698 2719 2768 δὲ,
2745 2697 2929 2770 ἐπειδὴ
2963 2699 3014 2754 ἐν
3034 2705 3111 2770 τῷ
3136 2701 3284 2774 μέρει
3319 2705 3421 2754 τῶν
3453 2699 3502 2754 ἐν
3537 2701 3793 2774 χρήμασι

2151 2790 2646 2861 χειροτονηθένοων
2679 2790 2948 2860 ἠκούομεν
2991 2792 3116 2862 παρ’
3148 2791 3310 2844 αὑτοῦ
3347 2790 3421 2861 μὴ
3473 2787 3792 2860 προσίετθαι

2151 2873 2342 2934 αὐτοὺς
2365 2875 2438 2936 εἷς
2473 2877 2782 2942 κοινωνίαν,
2822 2876 2915 2931 κᾶν
2950 2877 3058 2950 οὐχ
3107 2877 3277 2938 οὕτως
3327 2877 3623 2942 ὑπενοεῖτο,
3654 2896 3792 2948 συμ-

2151 2963 2310 3039 φέρον
2344 2966 2670 3040 ἡγησάμεθα
2702 2964 2790 3020 διὰ
2819 2968 2879 3021 τὸ
2919 2974 3018 3035 τῆς
3069 2967 3288 3040 εἰρήνης
3319 2965 3485 3020 καλὸν
3517 2967 3616 3032 τήν
3650 2966 3790 3035 πρὸς

2150 3054 2307 3109 αὑτὸν
2365 3055 2620 3127 ὁμόνοιαν
2660 3074 2673 3088 ο
2732 3056 2945 3128 ἐπείπερ
3004 3055 3136 3132 φησὶ
3202 3055 3288 3109 καὶ
3352 3057 3378 3109 ὁ
3445 3054 3718 3130 Θεολὸγος
3772 3070 3788 3084 ·

2147 3146 2292 3206 "Em;
2327 3144 2460 3216 ἐξὸν,
2495 3145 2815 3200 ἀποκλιτέον
2873 3147 3006 3219 πρὸς
3051 3145 3271 3213 ταύτην.
3329 3145 3428 3199 Καὶ
3479 3145 3540 3199 οὗ
3587 3145 3650 3197 τὸ
3694 3144 3791 3198 λυ-

2146 3238 2283 3287 ποῦν
2344 3235 2586 3300 ὑπόνοια,
2642 3234 2856 3308 βέλτιον
2906 3241 3004 3302 τῆς
3061 3233 3345 3294 αὐθαδείας
3520 3233 3786 3309 συγκατά-

2147 3326 2308 3385 θεσις.
2370 3326 2466 3378 Καὶ
2511 3322 2634 3378 οὔτε
2699 3327 2860 3396 ἡμεῖς
2912 3324 3242 3395 καθέλκομεν
3294 3325 3428 3394 ὑμᾶς
3478 3327 3576 3387 τῆς
3611 3344 3782 3376 συνει-

2144 3409 2352 3482 δήσεως
2387 3432 2398 3442 ·
2439 3411 2567 3485 μηδ’
2597 3412 2748 3467 αὐτοὶ
2785 3413 3102 3482 ἀπαιτοίητε
3132 3415 3278 3485 ἡμᾶς
3310 3420 3409 3482 τῆς
3455 3411 3516 3466 οὑ
3563 3433 3780 3490 7:90:91-

2139 3506 2261 3563 νοῦς
2320 3505 2452 3573 ἡμῖν
2501 3500 2842 3574 διαγνώσεως
2875 3521 2887 3533 ·
2950 3500 3136 3568 ἐπειδὴ
3194 3502 3284 3556 καὶ
3343 3501 3632 3572 πρόσωπον
3685 3501 3776 3555 καὶ

2141 3589 2341 3664 χρόνος
2371 3591 2460 3645 καὶ
2491 3597 2653 3664 πεῖρα
2684 3590 3027 3646 διαλλάττειν
3070 3596 3216 3645 ποιεῖ
3243 3591 3366 3652 τοῦς
3420 3593 3495 3663 μὴ
3537 3591 3623 3644 ἐπὶ
3669 3595 3781 3643 τῶν

2139 3679 2312 3734 αὐτῶν
2345 3681 2602 3742 ὡσαύτως
2634 3681 2958 3757 φθάσαντας.

2209 3858 2382 3916 Ἀλλά
2402 3860 2482 3914 τίς
2515 3861 2705 3933 ὁπρὸς
2742 3860 2832 3914 τὸν
2885 3861 3026 3914 θεῖον
3077 3861 3348 3932 Ιέρμανὸν
3400 3855 3782 3932 ἀναποδισμὸς

2135 3944 2224 3999 καὶ
2254 3945 2314 3999 τὸ
2355 3944 2552 3999 ἐκεῖθεν
2583 3945 2641 3999 ἐκ
2669 3948 2867 4006 παντὸς
2919 3951 3096 4013 ζητεῖν
3137 3946 3237 4012 τὴν
3285 3943 3622 4020 χειροτονίαν
3655 3963 3670 4010 ;
3719 3944 3783 3998 Τί

2134 4036 2235 4109 γὰρ
2259 4035 2346 4088 καὶ
2373 4035 2423 4088 οἱ
2447 4034 2496 4088 ἐν
2523 4033 2666 4107 μέςῳ
2686 4040 2833 4108 τρεῖς
2867 4034 3132 4108 αἱρετικυί
3156 4060 3169 4100 ;
3195 4032 3294 4087 οὑκ
3322 4032 3432 4086 ἔστι
3464 4054 3542 4094 τις
3583 4033 3657 4104 μὴ
3687 4033 3780 4086 ὑπ’

2138 4123 2313 4177 αὐτῶν
2345 4123 2773 4198 χειροτονηθεὶς,
2803 4123 2836 4191 ἢ
2862 4121 2920 4177 ἐκ
2947 4128 3054 4177 τῶν
3089 4125 3223 4195 πρὸς
3250 4123 3425 4178 αὐτῶν
3456 4142 3782 4195 χειροτονη-

2137 4214 2359 4279 θέντων,
2409 4213 2544 4268 κατά
2591 4209 2822 4266 κάθοδον
2875 4211 3040 4285 μέχρι
3089 4211 3351 4285 Ταρασίου
3403 4208 3778 4283 ἀμειϐομένης

2135 4310 2233 4371 τῆς
2269 4302 2606 4376 χειροτονίας
2637 4322 2651 4370 ;
2689 4301 2854 4355 Πόσοι
2887 4299 2934 4370 ἐξ
2985 4298 3260 4354 ἀνατολῶν
3294 4298 3382 4354 καί
3430 4297 3647 4370 δυσμῶν
3681 4301 3773 4352 καὶ

2139 4389 2310 4464 βορρᾶ
2339 4391 2424 4443 καὶ
2476 4390 2747 4459 θαλάσσης
2796 4390 2986 4458 ἥκασιν
3021 4389 3072 4443 ἐν
3123 4394 3204 4460 τῷ
3252 4387 3468 4459 μεταξὺ,
3517 4388 3603 4441 καὶ
3647 4407 3777 4440 συν-

2135 4480 2382 4555 ἡιρθησαν
2445 4474 2532 4530 διὰ
2587 4476 2866 4537 κοινωνίας
2905 4481 2972 4549 τῇ
3049 4478 3164 4530 καθ’
3240 4479 3386 4548 ἡμᾶς
3473 4473 3777 4543 Ἐκκλησία

2135 4569 2464 4639 ἱερωμένοις
2527 4567 2626 4620 Καὶ
2675 4563 2792 4620 ὃσδι
2855 4563 2973 4620 ἄνευ
3025 4567 3326 4639 χρημάτων
3377 4562 3632 4633 τηνικάδε
3682 4585 3773 4617 κε-

379 4679 551 4733 quam
605 4660 774 4715 multi
825 4659 950 4714 sine
999 4658 1241 4729 pecunia
1289 4658 1537 4712 ordinati
1588 4663 1714 4712 tum
1766 4660 2022 4725 fuerunt,

2148 4656 2567 4730 ίειροτόνηνται,
2629 4658 2714 4710 καὶ
2776 4658 3275 4730 κεχειροτονήκασι,
3323 4655 3419 4708 κᾶν
3483 4654 3769 4728 ᾐρέτιζον;

376 4753 854 4818 ordinaruntque,
881 4746 1147 4817 quamvis
1182 4747 1368 4800 forent
1399 4747 1694 4800 haeretici?
1720 4748 1812 4801 Dei
1846 4748 2020 4802 unius

376 4849 460 4898 est
503 4844 624 4896 haec
674 4839 874 4894 omnia
931 4854 1124 4905 nosse,
1159 4854 1271 4891 non
1317 4846 1506 4892 autem
1557 4838 1812 4893 hominis
1861 4840 2016 4892 afﬁr-

376 4947 580 4987 mare:
641 4944 956 4997 omnesque
1015 4931 1316 4996 propterea
1372 4928 1662 4994 depositos
1723 4927 2012 4994 arbitrari,

373 5022 477 5075 Sed
532 5019 806 5089 quoniam
855 5017 1122 5071 homines
1185 5032 1411 5076 sumus,
1467 5015 1769 5070 hominum
1836 5032 2013 5083 more,

374 5126 590 5179 quaeso,
623 5124 713 5162 res
763 5106 1192 5174 inspiciamus:
1239 5121 1304 5158 eo
1345 5105 1497 5173 quod
1550 5103 1723 5158 homo
1768 5105 2014 5159 vultum.

379 5199 528 5251 Deus
559 5212 688 5251 vero
722 5211 820 5250 cor
847 5195 1110 5248 intuetur
1140 5193 1185 5226 7°
1217 5208 1230 5245 :
1265 5208 1329 5245 ac
1348 5191 1716 5247 solummodo
1755 5195 2017 5262 exigatur

374 5286 492 5340 oris
536 5284 845 5351 confessio,
895 5285 1123 5351 quando
1166 5297 1293 5333 eam
1344 5281 1574 5334 mentiri
1621 5297 1734 5335 non
1789 5283 2012 5351 liquet:

375 5372 699 5428 secundum
723 5388 892 5441 quam
914 5377 971 5424 et
991 5368 1255 5423 Tarasius
1276 5367 1700 5422 ordinationem
1727 5370 1975 5439 suscepit
2001 5389 2013 5424 :

375 5461 447 5517 ob
491 5477 666 5532 quam
716 5466 774 5514 et
820 5459 923 5512 viri
973 5457 1280 5528 diligentes
1329 5473 1394 5509 ac
1444 5456 1695 5527 religiosi
1741 5461 1840 5528 qui
1890 5464 2014 5515 tum

375 5558 558 5616 erant,
590 5555 645 5604 et
673 5549 910 5605 Tarasio
942 5561 1001 5601 se
1039 5547 1462 5615 conjunxerunt
1501 5551 1557 5600 et
1587 5563 1716 5602 cum
1765 5563 1831 5602 eo
1879 5565 2014 5604 con-

375 5646 679 5696 senserunt
707 5656 720 5694 :
757 5641 812 5691 et
843 5640 1076 5706 repente
1109 5639 1238 5704 post
1266 5636 1549 5706 synodum
1594 5636 2013 5694 discessionem

445 5785 490 5819 ⁷⁸
565 5786 732 5856 Greg.
767 5781 913 5839 Naz.
943 5787 1087 5840 orat.
1124 5783 1209 5851 14,
1243 5800 1385 5856 page
1411 5784 1538 5842 223.

2133 4748 2318 4801 Ίάῦτα
2350 4745 2522 4798 πάντα
2553 4749 2684 4798 Θεοῦ
2739 4746 2903 4818 μόνου
2952 4745 3259 4816 γινώσκειν,
3291 4743 3381 4797 καὶ
3427 4743 3524 4798 οὐκ
3570 4743 3775 4812 ἀνθρώ-

2131 4855 2234 4888 που
2276 4829 2732 4890 διαϐεϐαιοῦσθαι.
2785 4833 2886 4890 Καὶ
2936 4831 3023 4887 διὰ
3067 4839 3227 4886 τοῦτο
3276 4835 3475 4893 πάντας
3515 4834 3771 4905 καθῃρη-

2129 4925 2319 4994 μένους
2369 4919 2795 4993 ὑπολαμϐάνειν.
2848 4923 3006 4978 Ἀλλ’
3058 4923 3170 4976 ἐπεὶ
3212 4920 3511 4996 ἅνθρωποι,
3551 4922 3622 4983 ὡς
3673 4921 3767 4975 ἅν-

2125 5015 2361 5086 θρωποι,
2406 5013 2730 5086 παρακαλῶ,
2782 5014 2847 5066 τά
2890 5012 3179 5086 πράγματα
3226 5009 3570 5083 κατίδωμεν·
3623 5009 3768 5065 διότι

2125 5102 2406 5176 ἄνθρωπος
2469 5103 2542 5164 εἷς
2595 5104 2909 5175 πρόσωπον,
2957 5104 3084 5163 Θεὸς
3135 5099 3190 5156 δὲ
3246 5103 3321 5162 εἰς
3370 5099 3591 5172 καρδίαν
3642 5103 3766 5173 ὁρᾷ,

2125 5193 2214 5245 καὶ
2263 5195 2297 5261 ἡ
2351 5189 2439 5246 διά
2506 5192 2773 5264 στόματος
2843 5189 3120 5263 ὁμολογία
3180 5192 3338 5262 μ’ὁνον
3410 5188 3765 5256 ἀπαιτείσθω,

2125 5280 2286 5348 ἡνίκα
2344 5281 2402 5334 ἂν
2447 5283 2521 5353 μή
2563 5285 2854 5357 προσανῶς
2916 5278 3271 5353 διαῴεὺδτβαι
3324 5298 3337 5310 ·
3391 5281 3507 5332 καθ’
3557 5279 3622 5347 ἢν
3671 5280 3765 5333 καὶ

2125 5368 2386 5443 Ταράσιος
2413 5372 2512 5438 τὴν
2546 5371 2888 5444 χειροτονίαν
2922 5367 3132 5438 ἐδέξατο
3166 5386 3177 5398 '
3214 5366 3294 5444 ἐφ’
3408 5369 3494 5422 καὶ
3541 5370 3591 5422 οἱ
3640 5368 3766 5422 τότε

2127 5459 2370 5528 ζηλωταὶ
2419 5459 2506 5513 καὶ
2555 5453 2820 5532 ἀκριϐεῖς,
2861 5458 2951 5512 καὶ
3020 5457 3281 5526 συνῆλθον
3328 5457 3598 5530 Ταρασίῳ,
3671 5458 3761 5511 καὶ

2124 5547 2568 5624 ὡμογνωμὸνουν
2603 5565 2616 5578 ⁸
2651 5548 2740 5602 καὶ
2791 5550 2980 5602 θᾶττον
3014 5548 3145 5619 μετὰ
3196 5547 3292 5612 τήν
3327 5543 3550 5600 σύνοδον
3594 5543 3764 5613 διηνέ-

2122 5641 2329 5712 χθησαν
2364 5640 2497 5714 πρὸς
2543 5641 2608 5702 τῆ
2661 5635 2949 5711 παραδοχῇ
3001 5637 3115 5690 κατ’
3163 5634 3360 5696 αὐτοὺς
3400 5641 3498 5703 τῆς
3539 5635 3587 5689 έν
3618 5638 3762 5708 χρή.

1616 5783 1662 5818 ⁷9
1694 5783 1716 5840 Ι
1753 5785 1888 5858 Reg.
1920 5803 2034 5856 ινι,
2067 5786 2124 5844 7.
