4084 6284
346 384 496 445 “0‘5

1624 363 2170 434 EPISTOLABUM
2217 363 2365 425 LIB.
2409 359 2460 419 Ῑ.

3581 327 3734 404 ιιοδ

348 535 478 586 μασι
527 508 869 588 χειροτονίας
904 527 916 540 ³
947 508 1034 562 καί
1086 505 1156 560 δι’
1188 503 1331 560 ἄλλα
1380 507 1496 559 τινὰ
1546 507 1855 578 ζητήματα.
1886 509 1977 559 Ἀν
2011 560 2014 569 η

2128 498 2373 561 acerunt,
2406 492 2476 547 ob
2511 489 2865 558 susceptam,
2918 484 2982 535 ut
3011 477 3154 548 ipsis
3183 473 3377 528 visum
3416 475 3526 535 est,
3559 481 3735 540 pecu-

2437 584 2475 588 --
2567 581 2601 588 ··
2860 576 2870 588 ·
2928 565 3336 588 "ama—4......
3362 557 3711 588 -..ωηοςηηοα

344 605 506 660 τοῦτό
536 624 593 676 γε
648 601 789 656 οὕτω
823 597 1016 668 δοκοίη
1071 593 1126 650 εὖ
1159 590 1304 670 ἔχειν
1352 596 1441 652 καὶ
1494 596 1619 667 ὑμῖν
1654 614 1666 627 ⁸
1720 594 1807 649 καὶ
1849 594 1984 666 πρὸς

347 694 409 748 τὸ
461 693 581 761 έξῆς
637 687 991 766 βαδιούμεθα.
1042 691 1217 742 Ταῦτα
1265 685 1368 761 γὰρ
1418 686 1503 739 καὶ
1558 685 1662 738 ἀπὸ
1713 684 1987 758 Ταρασίου

355 780 519 860 μέχρι
551 785 646 835 τοῦ
698 777 852 853 δεῖ)ρο
886 777 1231 851 λεχθήσεται.
1266 775 1322 829 Τί
1381 773 1434 828 δὲ
1479 775 1540 828 τὸ
1589 772 1986 846 συμπέρασμας

355 831 519 886 fit..."
564 831 638 835 "'
706 831 895 853 "’r”
953 831 991 851 Α.
1049 831 1058 845 σ
1661 831 1669 846 ι
1772 831 1778 845 .
1878 831 1887 844 ι
1975 831 1985 843 ι

351 878 420 925 To
454 871 559 924 απὸ
609 869 804 929 παντὸς
853 867 1042 941 ἱερέως
1076 861 1435 936 ἁδιαϐλήτου,
1467 863 1602 918 κατὰ
1650 863 1738 918 τὸν
1787 862 1989 918 Θεολό·

353 981 446 1033 γον
479 957 567 1013 καί
617 956 1029 1032 Χρυσόστομον,
1065 954 1334 1029 μετέχειν.
1364 958 1420 1008 Ὀ
1474 955 1565 1028 μὲν
1610 954 1732 1028 γὰρ,
1778 951 1939 1030 φησίν
1975 970 1988 983 '

355 1051 536 1104 ’Έστω
583 1069 666 1102 σοι
716 1051 820 1108 πᾶς
871 1040 1176 1115 ἀξιόπιστος
1227 1044 1302 1106 εἰς
1350 1046 1449 1113 τὴν
1501 1043 1776 1117 κάθαρσιν,
1827 1041 1990 1114 μόνον

357 1136 494 1192 ἔστω
551 1158 632 1198 τις
691 1140 798 1191 τῶν
858 1133 1141 1210 έγκρίτων,
1201 1134 1290 1188 καὶ
1353 1135 1427 1206 μὴ
1501 1130 1798 1206 προδήλως
1867 1151 1992 1186 κατ-

361 1224 735 1300 εγνωσμένων,
769 1223 909 1296 μηδὲ
930 1229 1036 1278 τῶν
1066 1230 1164 1292 τῆς
1198 1223 1429 1282 πίστεως
1461 1220 1795 1295 ἀλλοτρίων.
1824 1222 1884 1277 Ὀ
1917 1219 1994 1290 δὲ,

361 1315 749 1391 Περιεργάζου,
801 1311 1293 1388 πολυπραγμόνει·
1357 1311 1418 1367 ού
1473 1312 1574 1385 γὰρ
1635 1307 1914 1372 ἀκίνδυνος
1961 1313 1995 1378 ἡ

360 1405 702 1474 ἀνεξέταστος
758 1402 1034 1458 κοινωνία.
1085 1402 1212 1476 Περὶ
1260 1401 1362 1476 γὰρ
1415 1399 1668 1476 μεγάλων
1727 1400 1753 1454 ὁ
1808 1397 1999 1454 κίνδυ-

361 1513 472 1554 νος.

437 1763 864 1834 Ἑκζητήσωμεν
935 1761 1116 1816 τοίνυν
1201 1761 1292 1814 καὶ
1375 1759 2002 1836 πολυπραγμονήσωμεν

367 1855 492 1925 παρ’
525 1855 587 1906 οὗ
637 1850 931 1927 ὀφείλομεν
977 1853 1306 1915 κοινωνῆσαι
1339 1869 1351 1882 ·

369 1944 567 2044 λογοίη
602 1945 788 2044 ὀρθην,
821 1943 866 1998 εἰ
900 1945 974 2044 μη
1006 1945 1259 2021 χρήμασι
1299 1943 1743 2015 κεχειροτόνηται
1781 1961 1793 1973 ·
1828 1940 1874 1995 εἰ
1925 1942 2001 2013 μή

370 2055 421 2087 τι
473 2032 618 2088 ἄλλο
670 2037 778 2087 τῶν
828 2033 964 2087 κατὰ
1011 2033 1100 2086 τὸν
1158 2030 1274 2105 βίον
1333 2030 1496 2084 αὐτοῦ
1557 2031 2012 2102 ὑποπτευομένων

371 2123 461 2176 καὶ
519 2116 873 2195 ἧκουσμένων
935 2119 1240 2198 σφαλερῶν,
1302 2117 1523 2188 ἀληθές.
1573 2120 1632 2174 Εἰ
1683 2117 1740 2174 δὲ
1791 2119 1872 2173 ὅτι
1911 2120 2010 2186 τὴν

1400 1849 1444 1903 εἰ
1492 1851 1590 1916 τὴν
1637 1849 1814 1904 πίστιν
1866 1851 2001 1922 ὁμο-

374 2211 721 2288 χειροτονίαν
776 2212 1152 2287 καταγομένην
1199 2209 1318 2289 ἔχει
1367 2211 1472 2265 ἀπὸ
1519 2214 1614 2265 τοῦ
1665 2207 1862 2280 δεῖνος,
1911 2209 2016 2264 εἴτε

375 2301 425 2370 ἐξ
477 2301 772 2375 αἱρετικοῦ,
827 2299 934 2354 εἴτε
982 2299 1040 2354 ἐκ
1094 2299 1754 2374 χρηματοχειροτονήτου
1789 2316 1802 2330 °

376 2387 434 2444 δὲ
490 2387 612 2444 οὔτε
662 2390 952 2463 αἱρετικὸς,
1005 2386 1127 2443 οὔτε
1175 2385 1225 2441 ἒν
1273 2389 1468 2462 γνώσει
1530 2385 1588 2441 έκ
1649 2385 2018 2460 χρηματολή-

529 2526 532 2544 ,
567 2479 659 2532 εἴτ’
705 2477 795 2533 οὖν
854 2481 1217 2551 Σιμωνιανοῦ,
1249 2477 1768 2551 κεχειροτονημένος
1803 2493 1818 2506 ⁵
1871 2477 2014 2547 ὁμο-

529 2567 539 2590 ,
615 2565 656 2590 δ’
713 2568 739 2590 (⁷
854 2589 858 2590 ,
903 2589 912 2590 η
938 2569 989 2590 \,
1063 2571 1191 2590 ,SAL,
1267 2565 1320 2590 ΙἿ
1341 2568 1520 2590 νιηανμν
1591 2567 1683 2590 _.',,
1732 2586 1784 2590 -Α
1839 2565 2014 2590 -ίρ-Α-.

377 2565 577 2641 λογοίη
613 2565 656 2622 δ’
710 2568 862 2640 ὅμως
892 2569 991 2637 τήν
1039 2571 1210 2621 πᾶσαν
1261 2565 1546 2635 ἀληθειαν,
1588 2567 1686 2635 τήν
1731 2586 1788 2618 τε
1835 2565 2015 2620 πίστιν

1857 2296 2014 2358 αὐτὸς

377 2499 532 2547 πτου,
567 2479 659 2532 εἴτ’
705 2477 795 2533 οὖν
854 2481 1217 2551 Σιμωνιανοῦ,
1249 2477 1768 2551 κεχειροτονημένος
1803 2493 1818 2506 ⁸

378 2657 661 2734 φυλάττειν
713 2657 960 2718 καὶτοὺς
1008 2652 1231 2717 κανόνας
1279 2655 1702 2731 ἁπαρατρώτους
1739 2673 1750 2684 ·
1802 2653 1930 2715 τούς
1962 2674 2019 2707 τε

378 2749 518 2854 κατ’,
550 2747 828 2826 ἀμφότερα
883 2747 1443 2822 παρατετραμμένους
1517 2740 1966 2817 ἀποϐαλλόμενος
2002 2763 2015 2776 ·

611 2841 624 2854 ⁹
688 2843 708 2852 u
787 2836 850 2854 κ’
1004 2837 1016 2854 η
1082 2845 1088 2852 ’
1149 2843 1157 2851 ’
1341 2835 1353 2850 ⁸
1489 2835 1501 2854 ’
1561 2835 1572 2851 '
1672 2836 1717 2854 ε.
1856 2832 1865 2845 ι

379 2835 553 2900 οὐδεὶς
601 2841 735 2911 ἡμῖν
787 2836 950 2910 λόγος
993 2837 1211 2910 ἀποχῆς
1259 2835 1392 2910 πρὸς
1443 2835 1626 2888 αὐτόν.
1672 2832 2018 2909 Ἀκατοίγνω-

378 2944 498 2985 στος
560 2924 664 2998 γὰρ
721 2926 748 2978 ὁ
806 2927 1056 2984 τοιοῦτος
1114 2923 1251 2978 κατὰ
1304 2921 1432 2977 τοὺς
1491 2919 2020 2994 προδεδηλωμένους

795 3012 862 3051 R.’

377 3013 582 3088 ἁγίους,
640 3014 727 3067 καὶ
793 3012 862 3066 δι’
921 3013 1094 3067 αὐτῶν
1156 3012 1290 3066 κατὰ
1347 3011 1569 3072 πάντας,
1631 3010 1783 3065 Οὕτω
1841 3011 2018 3066 τοίνυν

373 3103 465 3157 καὶ
517 3107 908 3175 κοινωνοῦμεν,
957 3102 1047 3156 καὶ
1100 3103 1222 3173 ὑμῖν
1272 3102 1434 3155 ταυτὸ
1481 3107 1655 3154 ποιεῖν
1714 3095 2017 3172 συμϐεϐου-

368 3190 617 3266 λεύμεθα
649 3193 814 3265 [Reg.
867 3193 992 3248 cod.
1026 3191 1072 3245 εἰ
1117 3190 1216 3244 οὐκ
1261 3191 1622 3263 ἀκουσόμεθα,
1663 3191 1712 3246 si
1762 3208 1871 3248 non
1915 3208 2018 3245 au-

375 3283 552 3353 ditis].
608 3280 757 3335 Ἐπεὶ
807 3279 852 3334 εἰ
901 3279 1278 3354 περισσότερον
1328 3277 1694 3353 διηρεύνηται,
1746 3277 2017 3352 ἀποκρούε

373 3391 462 3425 ται
519 3371 634 3443 μὲν,
685 3371 759 3432 ὡς
811 3366 1095 3438 δέδεικται,
1148 3370 1214 3423 τὰ
1256 3373 1365 3423 τῶν
1419 3369 1666 3442 Πατέρων
1709 3367 2025 3444 παραγγέλ-

379 3481 520 3533 ματα
555 3477 568 3489 ·

375 3548 576 3624 δῶρον,
610 3549 690 3623 ἐφ’
720 3550 765 3620 ᾧ
795 3549 857 3603 τὸ
890 3550 1197 3623 Χριστιανοὶ
1232 3549 1514 3603 καλεῖσθαι
1555 3546 1757 3626 ἔχομεν
1794 3567 1806 3579 ·
1843 3549 1916 3610 ὡς
1949 3548 2025 3608 εἰς

373 3639 589 3708 ἒθνικήν
646 3640 793 3711 ἡμᾶς
865 3643 1177 3711 μεταπεσεῖν
1235 3636 1485 3706 λατρείαν
1519 3657 1532 3670 ·
1585 3616 1737 3705 ’ίίπερ
1797 3637 2018 3693 ἄτοπον.

375 3730 520 3804 Πρὸς
552 3728 614 3783 τό
647 3749 708 3804 γε
749 3727 841 3783 καὶ
874 3723 1348 3801 ἀκριϐευομένους,
1383 3725 1524 3781 οὕτω
1577 3724 1718 3798 μηδὲ
1767 3727 1817 3782 ἐν
1868 3727 2022 3781 Δύσει

376 3817 465 3872 καὶ
520 3815 786 3890 Ἀνατολῇ
837 3815 1200 3895 ἀφικομένους
1249 3815 1510 3891 εὑρίσκειν
1550 3823 1612 3871 το
1662 3818 2021 3890 ζητούμενον,

374 3903 758 3982 ἀναδρομάόην
809 3904 1247 3980 καθαιρουμένων
1297 3907 1510 3961 πάντων
1559 3904 1648 3961 διὰ
1695 3913 1797 3976 τῆς
1844 3905 2022 3974 ἀλλη-

378 3997 592 4090 λούχου
670 3994 1262 4090 συλλε-ιτουργησεως·
1336 3994 1524 4066 ἐπειδή
1599 4000 1890 4074 προφανῶς
1945 4001 2023 4068 τῷ

375 4086 662 4159 Ῥωμαίων
721 4083 974 4159 προέδρῳ
1033 4085 1120 4140 ἐπὶ
1178 4086 1447 4158 Ταρασίου
1503 4059 1910 4160 συνιειράτευσαν
1970 4059 2022 4139 ei

376 4176 438 4232 ἐκ
465 4173 638 4231 τῶνδε
668 4175 1074 4246 ἁποκρισιάριοι
1107 4173 1499 4237 ἀποσταλέντες
1536 4191 1548 4205 ·
1598 4175 1844 4229 κάκείνου
1880 4173 2024 4249 τάγα

375 4269 495 4326 τοῖς
525 4271 624 4334 τῆς
656 4264 829 4336 Ἐῴας
861 4281 878 4296 ·
908 4265 998 4318 καὶ
1047 4261 1257 4342 φροῦδα
1286 4261 1525 4318 ἐντεῦθεν
1552 4264 1621 4318 τὰ
1659 4271 1760 4333 τῆς
1792 4235 2024 4338 ἱερωσύ-

377 4374 517 4424 νης·
578 4355 608 4408 ’ὀ
668 4354 1133 4428 ἀπαγορεύσαντες
1205 4353 1440 4424 πάντως,
1498 4351 1898 4427 καταδεξόμεθα
1969 4353 2020 4409 ἐν

377 4448 458 4515 τῷ
526 4441 913 4518 προειρημένῳ
979 4447 1117 4498 κατὰ
1170 4444 1296 4504 τοὺς
1363 4441 1550 4518 ἁγίους
1631 4445 1811 4518 μέτρῳ
1887 4448 2026 4510 στῆ-

377 4554 487 4590 ναι.

629 3457 948 3523 έκλιμπσὶνει
1010 3456 1066 3512 δὲ
1124 3462 1382 3513 τοσοῦτον
1434 3459 1496 3513 τὸ
1565 3465 1666 3526 τῆς
1725 3458 2021 3532 ἱερωσύνης

455 4621 602 4676 Διότι
648 4619 834 4677 πολλὰ
867 4616 1057 4691 συνέϐη
1108 4623 1196 4676 καὶ
1249 4617 1532 4695 συμϐαίνει
1580 4626 1804 4679 τοιαῦτα
1848 4643 2024 4698 παρα·
2059 4645 2104 4706 ι)

380 4712 649 4784 πτώματα
677 4711 730 4766 ἓν
781 4715 848 4784 τῇ
901 4709 1204 4782 Ἐκκλησία
1238 4729 1250 4741 ·
1284 4710 1318 4765 ’ἁ
1364 4710 1542 4775 οὗδεῖς
1585 4716 1692 4767 τῶν
1742 4713 1904 4789 ἁγίων
1939 4713 2029 4767 εὕ-

389 4821 550 4876 ρηται
584 4800 728 4856 οὕτω
761 4798 1109 4874 διερευνήσας
1143 4820 1156 4833 ·
1191 4800 1274 4856 ὅτι
1309 4799 1449 4876 μηδὲ
1480 4803 1598 4856 οἷόν
1630 4824 1708 4869 τε,
1743 4801 1866 4858 οὔτε
1919 4805 2028 4875 μὶν

390 4891 404 4908 Ί
453 4887 538 4908 δρδ
764 4889 786 4908 \
819 4891 828 4907 I
1039 4893 1051 4908 ε
1118 4896 1144 4906 ιν
1250 4892 1317 4908 un
1514 4893 1529 4908 \
1697 4893 1779 4908 una
1863 4891 1888 4908 ον
1984 4835 1993 4872 ⁸

491 4887 538 4908 ΙΝ
819 4891 828 4907 Ι

386 4887 651 4945 έκδεοωκε
690 4889 975 4968 φυλαττειν
1029 4893 1199 4963 ἡμᾶς.
1250 4892 1408 4967 Ἔχει
1473 4893 1568 4966 μὲν
1627 4893 1779 4948 ταῦθ’
1829 4891 2024 4955 οὕτως.

388 4978 520 5052 Περὶ
569 4977 625 5033 δὲ
670 4983 766 5034 τοῦ
815 4978 1262 5054 προύργιαίτερον
1308 4983 1443 5054 ἡμῖν
1495 4983 1626 5036 εἶναι
1675 4984 1774 5050 τῆς
1827 5002 2027 5057 μοιχο-

514 5067 526 5088 ι
1017 5070 1032 5087 ε

385 5088 638 5178 rupae—ro»
688 5066 912 5178 συνόΞοιί
970 5089 1072 5137 την
1121 5070 1241 5176 καθ’
1281 5073 1445 5178 ’ἡμᾶς
1497 5073 1647 5143 [cod.
1701 5074 1834 5143 lteg.
1869 5073 2028 5145 ὑμᾶς]

387 5158 650 5229 ἔνστασιν,
751 5158 1061 5232 τεθαύμακα
1165 5159 1394 5222 ἀκούσας
1454 5179 1468 5192 ⁶
1573 5165 1830 5217 τοσοῦτον
1925 5162 2031 5238 γὰρ

387 5247 783 5325 προτιμοτέρα,
814 5247 938 5304 ὅσον
967 5249 1340 5316 ἀποστολικῆς
1372 5258 1556 5328 φωνῆς
1583 5254 1617 5321 ἡ
1657 5253 1921 5326 Κυριακή.

459 5430 567 5486 Καὶ
600 5425 754 5484 οὔπω
787 5427 932 5504 λέγω
964 5428 1046 5484 ὅτι
1077 5431 1342 5505 Ταράσιος
1375 5431 1473 5485 οὐκ
1516 5431 1767 5504 ἐκήρυξεν
1801 5428 1854 5486 ἒν
1886 5433 2032 5508 χρή-

396 5540 525 5594 μασι
558 5520 1006 5597 χειροτονεῖσθαι.
1040 5518 1216 5575 Ἀλλά
1263 5521 1351 5574 καὶ
1381 5519 1508 5582 τοὺς
1557 5521 1840 5582 τοιούτους
1889 5523 2031 5594 ὁμο-

391 5610 572 5684 λογῶν
611 5610 685 5682 μὴ
722 5604 975 5684 δέχεσθαι
1002 5608 1137 5664 κατὰ
1165 5610 1227 5664 τὸ
1263 5610 1532 5687 προφανές
1565 5629 1579 5642 ·
1615 5607 1722 5664 ὧδε
1766 5609 1823 5664 δὲ
1854 5609 2034 5684 δόγμα

393 5698 533 5757 κατά
558 5718 618 5753 τε
661 5701 757 5753 τοῦ
804 5695 1160 5770 Εύαγγελίου,
1190 5701 1286 5752 τοῦ
1333 5719 1391 5752 τε
1440 5696 1785 5775 Προδρόμου,
1817 5702 1924 5755 τῶν
1971 5719 2030 5754 τε

2095 588 2338 645 niariam
2356 581 2804 641 ordinationem,
2822 569 3039 628 etalias
3057 565 3337 638 quaedam
3360 557 3734 633 quaestiones.

2093 682 2147 736 Si
2181 681 2288 734 hoc
2319 676 2478 732 vobis
2509 672 2705 735 etiam,
2749 668 2901 720 recte
2953 659 3164 716 habere
3213 655 3516 709 videatur:
3549 648 3620 702 ad
3671 661 3738 701 ea

2099 824 2227 932 post
2251 824 2552 912 Tarasium
2585 824 2939 915 bucmsqne.
2971 839 3117 907 Quid
3153 841 3344 891 autem
3376 847 3443 887 ex
3475 828 3567 883 his
3590 824 3742 882 colli-

2099 915 2253 1020 gitur
2272 946 2298 999 ‘1
2323 944 2444 1000 Uta
2474 956 2586 1012 quo
2599 952 2821 1006 :unque
2852 930 3149 986 sacerdote
3172 923 3272 995 qui
3298 915 3743 990 reprehensione

2098 1006 2279 1103 vacet,
2312 1049 2380 1088 ex
2408 1006 2686 1097 Theologi
2717 1029 2774 1080 et
2815 1013 3212 1092 Cbrysostomi
3245 1006 3557 1070 sententia,
3587 1017 3659 1056 ne
3691 1008 3743 1054 te

2100 1091 2382 1198 segreges.
2432 1119 2574 1175 Nam
2607 1091 2703 1170 ille
2754 1091 2990 1184 quidem
3051 1105 3163 1160 ait:
3201 1098 3455 1166 Quilibet
3482 1093 3586 1150 tibi
3616 1091 3746 1145 ido-

2103 1179 2392 1270 neousESto
2423 1210 2492 1265 ad
2528 1179 2952 1278 purgationem,
2986 1189 3299 1250 dummodo
3325 1187 3402 1242 sit
3432 1201 3498 1241 ex
3544 1179 3747 1254 probo-

2104 1320 2234 1360 rum
2263 1314 2526 1363 numero,
2558 1311 2673 1350 non
2697 1308 2765 1347 ex
2786 1285 3079 1345 damnatis
3109 1280 3435 1341 manifesto,
3468 1286 3654 1343 neque
3679 1283 3749 1322 ex

2103 1397 2176 1452 iis
2207 1395 2296 1466 qui
2328 1410 2361 1447 a
2391 1392 2504 1446 ﬁde
2549 1391 2681 1442 sunt
2728 1381 2918 1438 alieni.
2953 1377 3056 1432 Hic
3086 1389 3218 1430 vero
3242 1371 3358 1427 ait:
3409 1368 3640 1435 Satage,
3692 1363 3752 1415 et

2107 1485 2273 1543 anxie
2304 1480 2566 1552 inquire:
2612 1492 2729 1532 non
2760 1471 2915 1527 enim
2967 1463 3226 1539 periculo
3270 1467 3435 1514 vacat
3463 1469 3590 1528 qua
3623 1449 3752 1506 sine

2108 1546 2487 1646 inquisitione
2527 1568 2593 1624 fit
2639 1558 2997 1621 communio.
3052 1554 3132 1611 De
3179 1569 3240 1608 re
3281 1546 3492 1622 quippe
3543 1555 3754 1611 magna

2111 1661 2458 1736 periculum.

2187 1751 2610 1820 Investigemus
2642 1759 2777 1814 ergo
2824 1745 2879 1796 et
2928 1735 3169 1794 sollicite
3217 1729 3400 1785 simus
3447 1737 3582 1778 cum
3635 1732 3750 1790 quo

2111 1844 2279 1900 nobis
2310 1834 2862 1896 communicandum
2887 1829 2986 1896 sit,
3019 1841 3158 1882 num
3183 1828 3394 1877 rectam
3424 1813 3598 1870 fidem
3623 1824 3758 1881 pro-

2121 1937 2381 1999 ﬁteatur;
2418 1943 2556 1984 num
2585 1922 2828 1997 pecunia
2849 1921 2924 1976 sit
2940 1916 3278 1974 ordinatus:
3313 1901 3577 1973 nunquid
3598 1897 3757 1954 aliud

2117 2041 2338 2090 eorum,
2372 2039 2501 2093 quae
2532 2020 2698 2075 illum
2730 2017 2790 2070 in
2820 2011 2935 2067 vita
2978 2000 3342 2063 commisisse
3382 1994 3469 2051 vel
3503 1987 3759 2061 suspicio

2115 2114 2204 2170 vel
2236 2082 2523 2179 fama-est,
2556 2122 2758 2164 verum
2791 2103 2885 2157 sit.
2924 2097 2982 2152 Si
3034 2097 3226 2150 autem
3277 2085 3410 2157 quia
3456 2082 3758 2139 deductam

2123 2205 2296 2260 habet
2326 2178 2752 2258 ordinationem
2785 2193 2855 2249 ab
2887 2189 3080 2258 aliquo
3102 2178 3372 2238 haeretico
3403 2190 3504 2230 seu
3537 2187 3639 2243 per
3669 2183 3764 2239 pe-

2123 2295 2354 2352 cuniam
2388 2291 2687 2355 ordinato;
2720 2299 2851 2340 cum
2884 2280 3010 2352 ipse
3041 2271 3271 2330 interim
3315 2281 3419 2321 nec
3449 2259 3762 2318 haereticus

2125 2383 2220 2448 sit,
2249 2381 2512 2438 nesciens
2534 2377 2837 2433 ordinatus
2861 2351 2931 2424 ab
2956 2363 3191 2420 homine
3230 2353 3477 2431 pecunia
3492 2351 3760 2418 corrupto

2124 2473 2178 2528 id
2214 2477 2302 2528 est
2321 2467 2646 2525 Simoniaco
2672 2479 2686 2518 :
2716 2473 2950 2517 omnem
2971 2457 3160 2510 autem
3183 2447 3483 2502 veritatem
3506 2444 3564 2494 et
3591 2437 3766 2492 fidem

2124 2567 2180 2618 et
2212 2576 2459 2616 canones
2489 2556 2746 2611 illibatos
2797 2562 3023 2605 servare
3057 2540 3414 2614 proﬁteatur,
3454 2534 3511 2586 et
3538 2545 3636 2585 eos
3665 2523 3762 2596 qui

2125 2617 2403 2708 alterutro
2451 2645 2764 2701 deﬂectunt
2813 2627 3268 2709 rejicereznulla
3296 2622 3463 2680 nobis
3505 2618 3649 2675 ratio
3681 2617 3768 2670 est

2126 2740 2195 2796 ab
2215 2740 2313 2794 illo
2335 2733 2688 2793 discedendi.
2714 2731 2768 2786 Is
2790 2728 2942 2784 enim
2966 2722 3302 2791 inculpatus
3325 2718 3432 2780 est,
3449 2710 3616 2782 juxta
3635 2721 3765 2761 san-

2125 2835 2246 2886 ctos
2281 2828 2448 2884 modo
2477 2823 2770 2887 laudatos,
2801 2821 2858 2875 et
2889 2831 2988 2888 per
3011 2809 3324 2879 illosjuxta
3349 2799 3614 2860 omnium
3645 2811 3770 2850 sen-

2124 2919 2384 2975 tentiam.
2420 2915 2514 2971 Sic
2544 2929 2675 2982 ergo
2707 2914 2764 2966 et
2807 2923 2912 2963 nos
2967 2896 3489 2959 communicamus,
3521 2892 3579 2944 et
3609 2883 3768 2941 vobis

2127 3017 2188 3065 ut
2206 3010 2357 3063 idem
2379 2973 2892 3060 faciatis‘auctores
2916 3007 3144 3049 sumus.
3165 2981 3415 3054 Alioqui,
3441 2980 3490 3034 si
3514 2973 3769 3044 amplius

2125 3096 2478 3167 inquiratur.
2511 3087 2922 3160 exploduntur,
2945 3084 3009 3134 ut
3029 3075 3493 3132 demonstratum
3525 3071 3633 3130 est,
3660 3062 3770 3114 Pa-

2126 3149 2282 3241 trdm
2312 3149 2551 3246 monita,
2585 3149 2642 3234 et
2690 3175 2920 3229 irritum
2953 3169 3016 3223 fit
3044 3165 3251 3236 ingens
3281 3157 3427 3214 illud
3461 3149 3770 3210 sacerdotii

2047 3261 2090 3328 C
2131 3289 2371 3340 munus,
2403 3287 2504 3342 per
2545 3265 2699 3338 quod
2741 3260 3201 3318 Christianorum
3250 3262 3463 3305 nomen
3501 3238 3772 3311 adipisci-

2135 3380 2304 3419 mur:
2350 3333 2422 3415 ut.
2457 3358 2528 3413 ad
2559 3333 2838 3411 ethnicos
2884 3347 3027 3403 ritus
3076 3341 3264 3399 delabi
3311 3353 3420 3392 nos
3468 3333 3769 3404 oporteat:

2133 3453 2288 3525 quod
2316 3456 2401 3505 est
2445 3444 2787 3504 absurdum.
2822 3440 3218 3504 Praeterquam
3271 3425 3424 3500 quod
3457 3423 3535 3478 ita
3565 3419 3768 3491 inqui-

2134 3552 2346 3612 rentes,
2379 3550 2431 3599 et
2453 3542 2523 3596 ad
2570 3537 2920 3595 occidentem
2969 3530 3142 3595 atque
3186 3519 3256 3574 ad
3308 3513 3587 3571 orientem
3639 3525 3775 3581 pro-

2135 3636 2338 3710 gressi,
2373 3645 2660 3702 nusquam
2692 3620 2988 3695 reperiunt
3007 3611 3158 3685 quod
3177 3607 3468 3680 quaerunt.
3502 3598 3776 3657 omnibus

2135 3686 2338 3710 D""—:
2379 3686 2406 3688 η
2504 3686 2522 3702 ι
2759 3686 2774 3695 .

2134 3739 2366 3782 sursum
2417 3735 2620 3776 versus
2673 3709 2973 3784 depositis,
3027 3695 3259 3776 propter
3305 3697 3571 3750 mutuam
3621 3686 3777 3743 inter

2132 3815 2295 3886 ipsos
2327 3818 2625 3867 sacrorum
2679 3802 3046 3859 societatem:
3082 3783 3547 3863 quandoquidem
3578 3776 3777 3832 mani-

3024 3881 3057 3886 --
3377 3875 3387 3886 .
3431 3873 3442 3884 .
3520 3869 3532 3882 .
3584 3885 3600 3886 ί
3638 3865 3771 3886 L,__

2133 3865 2293 3886 -r_--
2337 3865 2481 3867 -H,,,

2133 3906 2342 3965 festum
2374 3905 2481 3965 est,
2526 3892 2745 3953 Tarasii
2793 3881 3153 3958 temporibus
3197 3869 3605 3950 apocrisiarios
3638 3865 3774 3922 hinc

2207 4620 2356 4684 Quia
2404 4614 2600 4671 multa;
2645 4605 3014 4678 contigerunt
3054 4597 3518 4667 continguutque
3563 4587 3778 4658 hujus«

2139 4712 2298 4768 modi
2327 4704 2679 4762 oﬁ'ensiones
2708 4698 2766 4752 in
2801 4691 3072 4758 Ecclesia,
3108 4703 3252 4760 quas
3296 4682 3492 4738 nullus
3523 4690 3778 4747 unquam

2140 4808 2466 4859 sanctorum
2519 4794 2596 4847 ita
2639 4786 2862 4844 curiose
2925 4781 3236 4849 indagasse
3282 4772 3541 4844 legitur:
3590 4782 3654 4822 ac
3707 4779 3781 4818 ne

2140 4893 2264 4950 ﬁeri
2298 4889 2536 4962 quidem
2580 4883 2637 4938 id
2684 4878 2902 4953 possit:
2937 4887 3112 4946 quare
3142 4885 3246 4926 nec
3277 4864 3446 4921 nobis
3477 4862 3782 4917 observan-

2141 4986 2280 5040 dum
2314 4951 2702 5034 tradiderunt:
2754 4970 2938 5038 Atque
2978 4963 3101 5018 haec
3131 4960 3190 5014 in
3221 4958 3378 5013 hunc
3414 4951 3674 5008 modum.
3705 4951 3781 5000 De

2140 5073 2248 5128 bac
2276 5085 2410 5125 vero
2441 5059 2806 5121 contentione
2826 5036 3046 5119 nostra,
3077 5047 3234 5121 quod
3254 5043 3452 5100 utilior
3473 5036 3642 5096 nobis
3663 5051 3779 5091 non

2141 5162 2217 5218 sit
2242 5173 2417 5231 quam
2447 5153 2702 5227 synodus
2733 5164 2860 5220 qua
2884 5141 3124 5201 mcechis
3155 5133 3569 5210 patrocinatur,
3605 5125 3780 5180 mira-

2139 5257 2230 5307 tus
2263 5264 2391 5306 sum
2431 5261 2562 5300 cum
2603 5239 2836 5297 audivi:
2870 5241 3026 5290 tanto
3059 5229 3215 5284 enim
3248 5225 3349 5280 illa
3379 5213 3779 5294 praestabilior,

2140 5343 2362 5411 quanto
2393 5332 2624 5391 Domini
2657 5345 2759 5393 vox
2790 5322 3158 5396 apostolicam
3193 5312 3496 5371 antecedit.

2210 5429 2404 5498 Neque
2433 5425 2490 5479 id
2523 5426 2752 5476 tantum
2783 5417 2932 5480 dico,
2965 5427 3078 5465 non
3109 5405 3350 5463 edixisse
3381 5397 3685 5456 Tarasium
3718 5395 3782 5447 ut

2142 5535 2244 5592 per
2273 5513 2578 5588 pecuniam
2612 5504 2897 5565 ordinatio
2927 5502 3126 5556 fieret:
3161 5495 3260 5552 sed
3295 5491 3621 5563 professum
3653 5497 3782 5538 esse

2141 5627 2204 5666 se
2233 5608 2378 5663 tales
2401 5619 2514 5660 non
2545 5599 2820 5670 recipere,
2851 5593 3004 5649 sicut
3032 5587 3225 5660 palam
3258 5586 3366 5639 est.
3399 5577 3565 5634 Nunc
3587 5577 3779 5630 autem

2143 5701 2358 5772 dogma
2388 5668 3056 5755 adversus—Evangelium
3089 5680 3145 5733 et
3173 5677 3591 5731 Praecursorcm
3613 5668 3779 5729 etca-
