4084 6284
431 378 587 441 1107

1665 384 1730 445 S.
1777 381 2173 445 THEODORI
2213 381 2576 449 STUDI'LE

3642 393 3783 454 1108

430 529 630 583 nones,
663 513 936 586 synodica
965 529 1064 585 per
1111 513 1382 570 adulterii
1429 517 1777 588 copulatoris
1834 534 2070 589 suscep-

2189 518 2442 588 κανόνων,
2476 516 2767 581 συνοδικῶς
2812 516 2899 575 διὰ
2925 527 3028 590 τῆς
3072 523 3169 576 τοῦ
3210 519 3597 600 μοιχοζεύκτου
3631 544 3782 600 παρα-

431 603 646 658 tionem
701 602 1133 676 promulgatum
1184 607 1290 672 est,
1344 603 1530 662 scelus
1582 606 2071 678 dispensationem

431 707 560 748 esse
607 692 894 760 sanciens,
955 709 1020 748 ac
1078 693 1382 767 episcopos
1439 700 1496 751 et
1542 699 1888 764 sacerdotes,
1938 713 2069 752 cum

431 781 687 846 libuerit,
722 783 1129 839 auctoritatem
1162 782 1222 839 in
1262 801 1514 840 canones
1567 785 1809 842 habere:
1841 802 1939 841 eos
1972 785 2073 856 qui

432 872 632 927 eadem
668 888 783 928 non
813 871 1096 942 sentiunt,
1129 873 1624 930 anathematizans
1653 880 1712 931 et
1733 875 1872 931 diris
1900 876 2074 931 devo-

430 978 594 1029 vens,
626 967 691 1019 ut
738 963 919 1020 scitis.
954 969 1073 1021 Hoc
1129 966 1644 1024 Iconomachorum
1697 967 1921 1034 haeresi,
1963 965 2071 1022 etsi

432 1053 741 1124 posterius,
776 1057 834 1109 at
867 1070 982 1110 non
1013 1053 1199 1111 levius
1219 1054 1510 1112 videbitur
1539 1057 1629 1129 pie
1661 1054 2073 1112 consideranti-

431 1142 578 1198 bus:
607 1160 858 1215 quorum
898 1142 1170 1216 precibus
1211 1144 1490 1202 Dominus
1522 1147 1741 1202 malum
1775 1144 2073 1217 depellens

426 1231 728 1301 pristinam
765 1249 960 1305 pacem
993 1234 1194 1288 reddat
1223 1233 1490 1290 Ecclesia
1521 1251 1658 1290 sua).
1691 1235 2073 1305 Praeterquam

429 1321 606 1392 quod,
648 1326 714 1376 ut
752 1321 1032 1392 scripisti,
1078 1321 1326 1377 alterum
1375 1323 1445 1379 ab
1486 1323 1663 1379 altero
1715 1323 1968 1394 pellitur,
2019 1329 2076 1378 et

428 1410 542 1465 sibi
565 1409 856 1466 cobzrrent
872 1411 1123 1483 cognitio
1146 1421 1197 1467 et
1221 1413 1519 1485 abrogatio
1542 1414 1775 1470 sceleris
1796 1432 1910 1486 quo
1936 1432 2074 1486 prm-

425 1503 514 1554 ter
543 1501 726 1571 legem
762 1501 911 1556 facta
951 1502 1278 1570 conjunctio
1310 1512 1416 1559 est.
1469 1505 1826 1559 Incolumem
1877 1509 1932 1560 et
1975 1521 2075 1575 pro

426 1586 755 1644 humilitate
781 1594 976 1645 nostra
1008 1599 1290 1660 orantem,
1316 1608 1445 1646 cum
1478 1597 1602 1648 tota
1633 1593 1851 1648 familia
1883 1593 2074 1648 Domi-

426 1694 538 1733 nus
577 1682 632 1732 te
670 1683 992 1749 conservet,
1041 1680 1362 1736 amicorum
1413 1681 1622 1752 prime,
1682 1686 1738 1736 et
1768 1681 2074 1737 zelantium

427 1783 697 1824 mamma.

853 1858 993 1914 LIV.
1027 1889 1095 1903 —
1124 1861 1290 1916 Anna
1317 1862 1644 1932 praeposita.

2185 604 2362 685 δοχῆς
2406 607 2804 685 ἒκπεφώνηται,
2842 605 3094 684 βεϐαιοῦν
3139 612 3238 680 τήν
3279 613 3608 686 παρανομίαν
3656 615 3786 670 οἷκο-

2179 697 2395 771 νομίαν,
2424 699 2551 762 τούς
2595 721 2653 754 τε
2702 701 2966 779 ἱεράρχας
2994 701 3084 756 καὶ
3133 702 3295 774 ἱερεῖς
3327 702 3527 757 ὁπόταν
3568 704 3786 777 βούλων-

2179 805 2266 841 ται
2321 787 2644 860 ἐξουσιάζειν
2693 793 2803 844 τῶν
2853 790 3092 844 κανόνων
3127 811 3141 825 ·
3191 790 3446 853 καὶτοὺς
3498 793 3570 864 μή
3612 795 3784 848 ταυτὸν

2181 881 2508 952 φρονοῦντας
2556 878 2942 952 ἀναθεματίζον
2993 879 3083 934 καὶ
3131 877 3531 954 ἐκσκορακίζον,
3574 882 3786 955 καθάπερ

2181 963 2318 1022 ἴστε.
2353 968 2530 1023 Τοῦτο
2576 966 2666 1022 καὶ
2715 971 2814 1033 τῆς
2875 967 3260 1044 Εἷκονομείχου
3305 971 3578 1044 αἱρέσεως,
3626 969 3666 1025 εί
3709 972 3790 1025 καὶ

2184 1050 2452 1128 δεύτερον,
2486 1055 2610 1111 ἁλλ’
2643 1056 2745 1112 οὐκ
2789 1051 3014 1112 ἔλαττον
3048 1063 3170 1120 τοῖς
3215 1053 3450 1122 εὐσεϐῶς
3481 1057 3792 1132 ἀναθεωροῦ-

2183 1164 2284 1200 σιν.
2336 1146 2430 1199 Ὧν
2480 1146 2508 1199 ὁ
2566 1145 2762 1218 Κύριος
2819 1150 2940 1210 ταῖς
2986 1145 3178 1224 εὐχαῖς
3235 1144 3480 1200 ἐκποδὼν
3534 1148 3594 1202 τὸ
3645 1149 3790 1202 κακὸν

2185 1230 2314 1303 ἄρας
2361 1233 2715 1308 πρυτανεύσοι
2748 1234 2969 1308 εἰρήνην
3020 1234 3095 1297 ὡς
3126 1235 3188 1291 τὸ
3239 1236 3495 1311 ἆπαρχῆς
3535 1238 3599 1309 τῇ
3645 1236 3794 1292 αὐτοῦ

2183 1321 2502 1394 Ἐκκλησίᾳ.
2555 1323 2705 1393 Πλὴν
2753 1324 2860 1392 ὅτι,
2903 1326 3039 1379 καθὰ
3087 1325 3377 1401 γέγραφας,
3429 1325 3660 1398 Θάτερον,
3706 1326 3796 1382 ὑπὸ

2185 1410 2412 1486 θατέρου
2465 1411 2747 1485 βάλλεται,
2789 1413 2879 1468 καὶ
2939 1410 3246 1483 ὃιάλληλος
3302 1415 3336 1483 ἡ
3396 1412 3674 1489 ἐπίγνωσις
3718 1415 3799 1468 καὶ

2186 1499 2340 1562 λύσις
2398 1504 2498 1565 τῆς
2549 1499 2931 1575 ἂνομοδὲσμου
2986 1503 3255 1578 πράξεως.
3317 1501 3668 1577 Ἐῤῥωμένον,
3723 1503 3802 1556 καὶ

2187 1585 2482 1664 εὐχόμενον
2518 1590 2651 1666 ὑπὲρ
2701 1595 2800 1656 τῆς
2829 1592 3213 1654 ταπεινώσεως
3265 1592 3426 1662 ἡμῶν
3478 1591 3802 1646 πανέστιονὸ

2189 1681 2386 1755 Κύριός
2419 1702 2476 1736 σε
2507 1678 2875 1760 διαφυλάξοιε,
2907 1682 3082 1754 φίλων
3110 1683 3402 1756 πρώτιστε,
3436 1682 3527 1736 καὶ
3559 1680 3804 1752 ζηλωτῶν

2185 1769 2456 1842 κράτιστε.

2453 1861 2586 1919 ΝΔ’.
2631 1893 2694 1903 -
2737 1867 2926 1936 ’Ἅννῃ
2969 1863 3340 1936 ἡγουμένῃ.
3384 1858 3562 1936 [σοδ’.]

1558 1976 1765 2027 Laudat
1799 1977 1914 2040 ejus
1944 1977 2194 2040 pietatem
2223 1991 2351 2038 erga
2382 1979 2689 2030 monachos.

497 2064 647 2130 Quid
676 2065 956 2123 distulisti
985 2067 1058 2122 ad
1091 2083 1199 2123 nos
1229 2066 1503 2134 scribere,
1535 2084 1598 2123 ac
1630 2068 1700 2122 de
1732 2068 1906 2123 rebus
1936 2084 2074 2122 san-

2252 2065 2308 2120 Τί
2345 2065 2648 2122 ὑπεστείλω
2690 2067 2786 2123 τοῦ
2833 2069 3055 2147 γράφειν
3107 2069 3198 2124 καὶ
3245 2068 3531 2143 γνωρίζειν
3579 2070 3707 2140 ἡμῖν
3751 2063 3814 2122 τα

426 2155 646 2211 ctitatis
675 2159 788 2210 tum
839 2154 1153 2212 indicare?
1179 2155 1293 2212 Nos
1322 2172 1454 2212 vero
1504 2157 1689 2212 multo
1721 2155 1921 2212 minus
1949 2174 2078 2229 pro-

425 2246 622 2314 pterea
649 2244 1026 2311 desistemus,
1063 2244 1274 2316 partim
1323 2246 1558 2317 quidem
1607 2245 1743 2318 quia
1762 2245 1980 2301 humile
2012 2262 2078 2302 os

425 2339 688 2390 nostrum
713 2335 832 2403 jam
881 2334 1065 2390 semel
1105 2335 1476 2407 aperuimus;
1507 2338 1713 2406 partim
1762 2336 1834 2391 ob
1882 2335 2074 2391 zelum

425 2429 594 2478 tuum
626 2422 912 2491 divinum,
945 2434 999 2479 et
1049 2425 1348 2480 ardentem
1381 2425 1676 2495 pietatem.
1709 2425 1892 2480 Audio
1921 2424 2074 2480 enim

426 2515 483 2568 te
512 2511 765 2567 assiduis
787 2527 921 2583 erga
960 2513 1164 2569 fratres
1206 2519 1436 2570 nostros
1466 2513 1766 2570 beneficiis
1799 2531 1910 2570 non
1945 2514 2076 2569 fati-

425 2603 570 2673 gari,
604 2600 717 2657 huc
747 2601 1002 2674 illucque
1033 2605 1472 2671 circumeundo,
1511 2610 1566 2660 et
1596 2603 1831 2660 obvium
1865 2620 2076 2675 quem-

427 2708 541 2762 que
570 2693 874 2748 tractando
905 2691 1361 2764 perhumaniter,
1386 2694 1711 2766 votivisque
1731 2693 1919 2748 verbis
1954 2702 2077 2749 tan-

425 2798 604 2854 quam
635 2783 847 2839 Christi
879 2784 1211 2840 ministrum
1245 2786 1662 2856 prosequendo.
1686 2788 1731 2839 Ο
1752 2783 2073 2856 pulcherri-

424 2888 582 2928 mam
616 2873 764 2928 hanc
784 2877 944 2930 tuam
968 2875 1406 2946 occupationem
1433 2871 1446 2928 l
1479 2890 1512 2930 ο
1543 2874 1880 2945 vigilantem
1903 2873 1962 2928 in
1989 2874 2078 2929 di-

423 2961 576 3017 vinis
607 2962 776 3018 rebus
796 2979 1020 3019 sacram
1045 2963 1301 3018 animam
1324 2968 1481 3019 tuam
1511 2963 1524 3018 !
1555 2962 1749 3034 Neque
1768 2964 1924 3019 enim
1948 2963 2075 3019 sola

430 3058 565 3107 sunt
596 3052 709 3106 ista
737 3061 792 3108 et
839 3051 1006 3108 unica
1034 3069 1046 3106 :
1079 3053 1180 3109 sed
1214 3053 1364 3108 fetus
1404 3052 1649 3108 aliarum
1683 3053 1986 3122 virtutum,
2018 3059 2074 3109 et

423 3141 800 3197 fecunditatis
813 3145 924 3197 tute
939 3141 1262 3214 spiritualis
1275 3142 1644 3215 propagines.
1663 3143 1942 3208 Quoniam
1969 3159 2073 3199 nec

431 3229 556 3286 ﬁeri
590 3235 781 3302 potest
802 3235 866 3286 ut
887 3248 1001 3287 non
1024 3232 1170 3287 bene
1191 3231 1362 3293 oleat.
1387 3231 1486 3303 qui
1507 3237 1802 3304 unguenta
1825 3234 2070 3288 circum-

418 3319 604 3376 ferat:
641 3337 824 3392 neque
855 3328 919 3377 ut
948 3337 1063 3377 non
1114 3320 1302 3377 luceat
1329 3323 1424 3392 qui
1460 3323 1643 3377 facem
1685 3326 1886 3392 gestet.
1929 3323 2074 3378 Hinc

3793 2043 3804 2056 Ι

2184 2161 2287 2224 τῆς
2314 2156 2598 2227 ὀσιότητός
2647 2177 2783 2225 σους
2833 2161 3025 2230 Ἡμεῖς
3059 2153 3114 2212 δὲ
3159 2155 3249 2212 διὰ
3279 2161 3442 2214 τοῦτο
3499 2155 3704 2230 μᾶλλον
3752 2157 3808 2210 οὐ

2186 2241 2559 2319 διαλείψομεν.
2619 2246 2688 2300 Τὸ
2735 2247 2828 2318 μὲν
2881 2243 2972 2301 διὰ
3015 2247 3078 2301 τὸ
3127 2246 3262 2317 ἅπαξ
3308 2248 3458 2317 ἡμᾶς
3512 2247 3710 2315 ἀνοῖξαι
3755 2245 3810 2300 τὸ

2183 2336 2432 2390 ταπεινὸν
2461 2333 2636 2408 στόμα
2668 2355 2682 2369 ο
2714 2335 2776 2391 τὸ
2808 2335 2865 2392 δὲ
2910 2334 2999 2391 διὰ
3027 2337 3116 2391 τὸν
3162 2337 3296 2392 κατὰ
3329 2336 3459 2391 Θεόν
3511 2357 3604 2390 σου
3655 2333 3809 2405 ζῆλον

2183 2424 2273 2478 καὶ
2304 2425 2602 2499 πυρίπνουν
2651 2421 2917 2482 εὐσέϐεαν.
2953 2426 3290 2498 Πυνθάνομαι
3338 2424 3442 2500 γάρ
3488 2446 3544 2480 σε
3591 2422 3810 2494 ἄληκτὸν

2184 2509 2334 2586 ἔχειν
2366 2513 2428 2567 τὸ
2458 2513 2582 2588 περὶ
2609 2513 2736 2575 τοὺς
2770 2511 3038 2590 ἀδελφοὺς
3064 2516 3226 2587 ἡμῶν
3271 2513 3651 2585 εὐποιητικὸν,
3681 2512 3812 2567 ἔνθεν

2183 2601 2430 2657 κάκεῖθεν
2480 2601 2857 2677 περιθέουσαν,
2903 2604 2993 2658 καὶ
3048 2599 3271 2658 ἕκαστον
3325 2603 3418 2659 τὸν
3479 2600 3813 2679 παρατυγχά-

2183 2712 2344 2747 νοντα
2392 2689 2734 2766 διξιουμὲνην
2763 2692 3182 2772 φιλανθρώπως,
3243 2693 3334 2748 καὶ
3383 2699 3508 2754 τοῖς
3562 2691 3816 2755 εὐκταίοις

2185 2780 2391 2858 ῥήμασι
2423 2781 2889 2857 παραπέμπουσαν
2937 2783 3011 2845 ὡς
3044 2786 3281 2858 Χριστοῦ
3333 2779 3609 2840 διάκονον.
3640 2788 3700 2837 Ὢ
3727 2788 3816 2851 τῆς

2183 2871 2486 2943 καλλίστης
2532 2895 2627 2928 σου
2676 2874 2878 2943 ταύτης
2927 2873 3339 2948 πραγματείαςί
3393 2871 3438 2928 ὣ
3489 2881 3591 2945 τῆς
3628 2893 3818 2948 γρηγο-

2183 2961 2383 3035 ρούσης
2421 2982 2516 3017 σου
2547 2963 2670 3037 περὶ
2701 2964 2767 3018 τα
2798 2965 2914 3018 θεῖα
2942 2963 3090 3038 ἱερᾶς
3138 2965 3323 3037 ψυχῆς
3355 2962 3367 3017 ί
3401 2961 3479 3017 Οὐ
3521 2963 3625 3038 γὰρ
3657 2961 3816 3038 ὀρφα-

2180 3049 2304 3105 νικὰ
2350 3054 2539 3108 ταῦτα.
2575 3052 2967 3124 Ἀποκυήματα
3015 3047 3074 3106 δὲ
3121 3050 3318 3128 ἑτέρων
3373 3050 3607 3124 ἀρετῶν,
3657 3046 3816 3126 ἤγουν

2181 3134 2556 3215 προϐλήματα
2610 3148 2711 3212 τῆς
2781 3145 3150 3215 πνευματικῆς
3222 3162 3317 3196 σου
3395 3139 3815 3214 πολυκαρπίας⁹

2181 3229 2299 3285 ἐπεὶ
2328 3229 2452 3285 οὐδὲ
2483 3231 2597 3287 οἶόν
2643 3251 2702 3286 τε
2737 3233 2814 3304 μή
2846 3230 3066 3286 εὐωδεῖν
3113 3232 3204 3286 τὸν
3251 3229 3642 3307 ἐπιφερόμενον
3683 3227 3822 3305 ἀρώ-

2185 3340 2327 3393 ματα
2361 3341 2375 3355 ·
2429 3317 2570 3394 μηδὲ
2617 3317 3035 3394 λαμπαδουχεῖν
3083 3321 3173 3375 τὸν
3224 3321 3579 3396 φωτοφόρον.
3631 3314 3823 3374 Διαδεί-

427 3409 609 3481 igitur
631 3425 1048 3482 usquequaque
1071 3410 1516 3480 dignoscuntur,
1535 3429 1598 3467 ac
1616 3413 1984 3484 potissimum
2009 3413 2068 3468 in

2189 3432 2399 3467 κνυνται
2454 3413 2632 3468 τοίνυν
2688 3410 2930 3468 ἐντεῦθεν
2999 3412 3226 3467 πάντοτε
3276 3411 3368 3467 καὶ
3446 3411 3690 3478 πάντως,
3739 3407 3820 3464 καὶ

425 3499 926 3569 persecutionibus
955 3515 1057 3571 pro
1088 3500 1339 3567 Christo,
1381 3501 1622 3572 quinam
1663 3501 1783 3559 sint
1810 3502 2072 3559 sanctita-

425 3587 504 3642 tis
537 3592 847 3657 amatores,
879 3593 936 3643 et
963 3589 1156 3657 beati;
1189 3589 1433 3662 quinam
1486 3596 1686 3646 contra
1736 3592 1985 3662 improbi
2020 3596 2077 3648 et

432 3676 710 3732 bonitatis
734 3682 998 3749 expertes
1022 3693 1036 3732 :
1060 3679 1432 3748 quantumvis
1457 3679 1737 3736 interiora
1786 3685 1935 3738 recte
1965 3680 2075 3737 ha-

432 3764 594 3833 bere,
625 3769 862 3822 externa
891 3765 1084 3836 specie
1113 3766 1624 3827 assimulent.......

892 3854 1006 3910 LV.
1041 3886 1100 3895 —
1132 3856 1302 3912 Irenw
1340 3859 1610 3926 patricia.

2188 3500 2426 3574 μάλιστα
2449 3499 2502 3556 ἐν
2531 3506 2650 3564 τοῖς
2701 3501 2833 3576 ὑπὲρ
2867 3505 3100 3577 Χριστοῦ
3150 3497 3444 3574 διωγμοῖς,
3477 3502 3624 3562 τίνες
3653 3500 3704 3554 οἱ
3731 3504 3822 3566 τῆς

2184 3586 2469 3661 ὁσιότητος
2499 3589 2717 3665 ἐρασταὶ
2763 3591 2854 3644 καὶ
2899 3585 3168 3658 θεόλϐιοι,
3210 3589 3303 3644 καὶ
3336 3589 3478 3652 τίνες
3521 3589 3575 3645 οἱ
3627 3584 3824 3662 φαυλό-

2182 3699 2347 3748 τητος
2379 3680 2469 3734 καὶ
2500 3679 2866 3755 ἂμοιράγαθοι
2896 3697 2909 3712 ο
2939 3676 3035 3734 κᾶν
3061 3683 3141 3751 τῷ
3170 3673 3272 3748 ἔξω
3304 3680 3556 3755 σχήματι
3585 3678 3653 3733 τὰ
3685 3672 3822 3732 ἔνδον

2187 3767 2374 3831 καλῶς
2405 3767 2548 3843 ἔχειν
2581 3766 3125 3841 ὑποπλαττόμενοι...
3162 3769 3257 3842 (1).

2426 3864 2546 3916 NE'.
2589 3891 2658 3902 —-
2699 3857 2955 3933 Εἰρήνῃ
2997 3857 3351 3934 πατρικίῳ.
3394 3857 3595 3934 [σπβ’.]

1262 3975 1326 4025 Ut
1351 3975 1582 4025 scribere
1614 3978 1817 4039 pergat.
1847 3977 1978 4026 Tum
2011 3975 2076 4026 de
2108 3976 2231 4027 ﬁliae
2260 3977 2448 4028 morbo
2479 3976 2751 4028 dolentem
2780 3975 3007 4028 solatur.

509 4052 711 4109 Pbiltri
742 4054 1048 4124 cujusdam
1081 4055 1196 4111 vim
1229 4055 1405 4112 habet
1425 4056 1748 4112 litterarum
1773 4056 2077 4114 collocatio

435 4142 704 4199 affectum
729 4143 1078 4216 ingenerans
1093 4145 1149 4200 in
1169 4146 1386 4202 animis
1405 4145 1728 4202 amantium
1753 4165 1770 4200 :
1803 4151 2081 4219 tantoque

440 4235 644 4306 magis,
676 4243 892 4306 quanto
935 4237 1108 4291 fuerit
1154 4236 1442 4294 sermonis
1489 4238 1935 4294 communicatio
1969 4240 2080 4295 fre-

441 4323 726 4390 quentior,
759 4321 1006 4379 latentes
1048 4325 1266 4380 amoris
1313 4324 1601 4381 scintillas
1652 4326 2083 4397 quodammodo

442 4411 834 4481 exsuscitans,
883 4419 940 4469 et
987 4429 1255 4486 magnam
1316 4415 1748 4486 conjunctionis
1794 4415 2082 4474 benevola)

444 4500 740 4556 ﬂammam
780 4503 1115 4560 incendens.
1158 4504 1356 4560 Simile
1395 4506 1674 4577 quiddam
1706 4510 1763 4562 et
1805 4505 1864 4560 in
1917 4506 2085 4561 nobis

445 4589 770 4646 humilibus
799 4592 986 4648 ell'ecit
1013 4594 1258 4664 epistola
1287 4595 1589 4650 suavitatis
1626 4600 1758 4663 tuae,
1807 4596 2088 4667 spiritua-

445 4680 557 4736 lem
589 4682 716 4752 ejus
748 4682 1208 4739 benevolentiam
1241 4684 1658 4757 multiplicans,
1687 4685 2089 4758 memoriaque

2263 4056 2632 4128 Φιλτροποιόν
2664 4078 2716 4113 τι
2761 4061 2991 4133 πρᾶγμα
3019 4059 3055 4126 ἡ
3103 4058 3462 4132 γραμματική
3505 4056 3828 4135 προσφώνη-

2190 4168 2295 4215 σις,
2356 4145 2540 4222 σχέσιν
2595 4145 2900 4221 ἐμποιοῦσα
2955 4151 3076 4208 ταῖς
3134 4149 3342 4222 ψυχαῖς
3397 4149 3506 4202 τῶν
3564 4145 3829 4222 ἐρώντων.

2191 4237 2289 4290 Καὶ
2319 4240 2578 4291 τοσοῦτον
2623 4238 2783 4310 [Βθε.
2835 4237 2964 4294 cod.
3011 4234 3328 4308 τοσαύτην],
3380 4235 3602 4310 ὅσῳπερ
3650 4234 3712 4290 ἃν
3749 4231 3832 4289 καὶ

2192 4326 2434 4400 πυκνάζῃ
2481 4328 2517 4396 ἡ
2566 4325 2766 4399 ὁμιλίᾳ
2797 4345 2811 4360 ⁸
2858 4325 3023 4381 οἱονεὶ
3083 4325 3521 4381 ἆνασκαλεύουσα
3576 4325 3706 4386 τοὺς
3752 4321 3832 4377 ἐν·

2194 4412 2585 4486 αποκειμένους
2632 4412 2923 4487 ἐρωτικοὺς
2974 4415 3292 4488 σπινθῆρας,
3339 4413 3430 4468 καὶ
3476 4410 3700 4482 πολλὴν
3739 4411 3832 4478 τήν

2194 4503 2536 4578 ἆγαπητικήν
2589 4499 2823 4558 διάθεσιν
2867 4503 3217 4560 ἀνακαίουσα.
3248 4501 3516 4558 Τοσοῦτόν
3565 4523 3620 4557 τι
3667 4500 3758 4556 καὶ
3785 4497 3835 4553 ἐν

2196 4594 2332 4667 ἡμῖν
2358 4597 2474 4654 τοῖς
2503 4597 2777 4655 ταπεινοῖς
2827 4589 3196 4667 ἀπειργάσατο
3227 4591 3263 4660 ἧ
3296 4589 3564 4661 ἐπιστολὴ
3612 4596 3714 4660 τῆς
3744 4587 3837 4662 ἒμο

2203 4681 2421 4756 μελείας
2468 4701 2584 4751 σου,
2637 4679 3131 4737 πολυπλασιάσασα
3177 4681 3277 4750 τὴν
3326 4681 3702 4754 πνευματικήν
3757 4697 3841 4755 φι-

446 4768 720 4840 igniculis
749 4771 1132 4841 vegetioribus
1180 4773 1464 4831 insidens.
1499 4774 1671 4831 Utere
1702 4775 1899 4847 igitur,
1935 4775 2078 4846 pien-

2201 4770 2323 4826 λίαν
2355 4771 2550 4841 αὐτῆς,
2581 4771 2669 4826 καὶ
2698 4771 2765 4826 τὰ
2791 4777 2894 4840 τῆς
2929 4773 3154 4846 μνήμης
3184 4768 3579 4874 ἐμπυρεύμὲτα
3610 4765 3838 4842 ἀκμαιό-

448 4859 680 4914 tissima
710 4860 972 4926 Domina,
1009 4861 1118 4918 hoc
1162 4863 1378 4919 amoris
1410 4862 1762 4935 pharmaco;
1797 4881 1860 4921 ac
1893 4865 1964 4919 de
1996 4873 2093 4920 tua

449 4946 768 5006 valetudine
797 4954 852 5005 et
889 4951 1268 5022 prosperitate
1289 4953 1458 5007 nobis
1493 4952 1782 5022 significa.
1811 4952 2094 5009 Novimus

450 5038 605 5092 enim
663 5044 940 5111 perpetuo
992 5041 1272 5097 virentem
1331 5041 1562 5096 virtutis
1620 5046 1732 5097 tua;
1782 5046 2005 5109 ﬂorem,
2038 5047 2096 5098 et

451 5127 680 5196 pietatis
711 5130 1130 5184 abundantiam
1162 5145 1229 5184 ex
1262 5129 1334 5184 iis
1357 5146 1480 5199 quae
1503 5130 1850 5198 audivimus,
1883 5136 1938 5185 et
1968 5147 2093 5202 qua

453 5232 606 5271 nunc
636 5217 808 5272 etiam
849 5219 1152 5274 audimus:
1187 5222 1244 5274 et
1273 5217 1486 5288 quibus
1521 5234 1628 5274 nos
1657 5219 1768 5291 ipsi
1799 5219 2095 5276 beneficiis

450 5305 638 5362 affecti
669 5323 877 5362 sumus
924 5311 982 5364 et
1010 5307 1301 5364 efﬁcimur
1339 5309 1694 5365 etiamnum:
1736 5308 1857 5366 sive
1894 5325 2094 5366 vocem

2201 4880 2331 4935 τερα
2379 4858 2712 4930 ἐνιζάνουσα.
2763 4861 2901 4933 Χρῶ
2948 4863 3259 4935 τοιγαροῦν,
3311 4853 3706 4927 θεοσεϐεστάτη
3747 4858 3842 4912 Κυ-

2205 4949 2315 5023 ρία,
2377 4953 2455 5022 τῷ
2513 4949 2835 5026 ἀγαπητικῷ
2891 4944 3035 5021 τῷδε
3088 4947 3358 5026 φαρμάκῳ
3391 4966 3404 4979 ⁸
3462 4947 3551 5002 καὶ
3614 4945 3844 5022 γνώριζε

2203 5039 2338 5112 ἡμῖν
2367 5038 2432 5093 τὰ
2475 5044 2580 5107 τῆσ
2626 5037 2828 5108 εὐεξίας
2872 5037 2962 5092 καὶ
3013 5035 3300 5112 εὐπραξίας
3351 5057 3468 5092 σου.
3506 5036 3695 5108 Ἵσμεν
3743 5033 3842 5107 γὰρ

2204 5149 2265 5183 σο
2296 5127 2411 5182 κατ’
2443 5126 2639 5201 ἀρετήν
2689 5147 2786 5181 σου
2815 5124 3064 5189 ἂειθαλές
3093 5132 3182 5181 καί
3223 5128 3540 5201 ποριστικὸν
3577 5124 3654 5186 εἷς
3700 5119 3841 5178 εὐσέ-

2204 5212 2351 5272 ϐειαν
2381 5215 2430 5288 ἐξ
2462 5216 2538 5269 ὧν
2567 5235 2625 5270 τε
2673 5215 3006 5290 ἀκηκόαμεν.
3045 5216 3136 5271 καὶ
3183 5214 3344 5270 εἰσέτι
3391 5213 3668 5288 ἀκούομεν
3705 5231 3720 5246 ο
3759 5209 3844 5266 καὶ

2203 5305 2296 5381 ἀφ’
2347 5305 2420 5360 ὧν
2466 5305 2629 5378 ἡμεῖς
2676 5303 2830 5361 αὐτοὶ
2873 5302 2930 5360 εῦ
2979 5303 3320 5379 πεπόνθαμεν
3370 5304 3455 5358 καὶ
3504 5303 3798 5378 πάσχομεν
3827 5313 3842 5328 ·

2045 5510 2289 5577 NOTAE.

529 5706 609 5782 (t)
644 5703 860 5764 Desunt
889 5707 1192 5780 nonnulla,
1225 5711 1286 5768 ut
1315 5709 1599 5784 conjicere
1628 5713 1715 5768 est
1743 5725 1812 5769 ex
1841 5710 2027 5787 spatio
2057 5727 2240 5775 vacuo
2261 5711 2320 5770 in
2352 5711 2491 5786 Reg.
2523 5711 2653 5773 cod.
