4084 6284
408 377 565 438 1109

406 508 514 563 εἷ’τε
572 506 922 579 δανειζομένη
983 507 1083 574 τήν
1142 506 1325 583 φωνήν
1359 523 1373 537 ’

405 598 663 673 γλώττης
716 598 1098 673 φθεγγομένη·
1163 597 1235 656 ὡς
1296 598 1457 666 ἡμεῖς
1514 617 1575 672 γε
1635 594 1791 667 ἡδείᾳ
1848 598 2046 666 ταύτην

410 686 625 761 μᾶλλον
658 686 915 759 ἐπαίομεν
952 684 1203 746 διαθέσει,
1229 684 1292 738 ού
1316 684 1464 757 ψιλῷ
1494 686 1623 759 ⁹ἤχῳ
1647 685 2007 760 προσέχοντες
2032 708 2044 720 ο

405 777 493 831 καὶ
527 777 639 849 ἅμα
671 776 842 831 ἐκεῖνο
879 777 1256 849 γινώσκοντες,
1290 775 1362 838 ὡς
1402 772 1582 835 οὐδεὶς
1632 775 1803 837 οὕτως
1854 776 2047 829 εἶ’κονί-

406 886 513 920 σειε
571 867 779 940 ψυχὴν,
838 866 913 926 ὡς
955 868 981 920 ὁ
1030 867 1153 940 παρ’
1216 867 1383 934 αὐτῆς
1440 865 1648 937 προίὼν
1708 865 1898 939 λόγος,
1955 866 2044 919 καὶ

405 955 595 1015 ὁποῖός
625 957 747 1010 ποτ’
777 952 836 1009 ἅν
885 953 967 1024 εἷή
999 998 1011 1011 .
1064 955 1192 1025 Περὶ
1241 962 1341 1024 τῆς
1388 953 1577 1027 κυρίας
1629 962 1730 1024 τῆς
1781 955 2046 1028 θυγατρός

405 1066 500 1099 σου
534 1046 616 1099 ὅτι
652 1044 866 1119 γέγονεν
901 1043 1044 1099 οὕτω
1079 1046 1363 1116 μαθόντες,
1395 1046 1697 1117 ἠνιάθημεν
1723 1062 1736 1074 ·
1772 1043 1939 1118 εὐχὴν
1990 1041 2045 1099 δὲ

402 1133 586 1202 ποίαν,
620 1132 655 1201 ἢ
688 1131 1049 1205 ἀπομύρισμα
1089 1136 1203 1187 οἷον
1247 1131 1425 1206 δῶμεν
1468 1132 1790 1207 ἁμαρτωλοὶ
1836 1133 2041 1208 τυγχά-

402 1240 625 1290 νοντες;
662 1222 819 1290 Πλὴν
850 1222 1023 1276 ἐκεῖνο
1055 1221 1277 1277 πέπεισο
1304 1243 1316 1256 ·
1351 1222 1434 1278 ὅτι
1466 1220 1617 1277 οὐδὲν
1673 1223 1955 1296 ἰσχύουσιν
1989 1224 2042 1277 αἱ

404 1316 650 1366 τοιαῦται
706 1311 1031 1387 περιεργίαι,
1090 1310 1141 1366 εἷ’
1197 1314 1341 1386 μήγε
1397 1315 1559 1385 ἡμεῖς
1617 1310 1793 1384 δῶμεν
1855 1313 2039 1386 χώραν

402 1400 689 1474 ἀπροσεξίᾳ
716 1400 860 1455 τινί.
893 1404 981 1462 Ὠς
1008 1400 1109 1474 γὰρ
1142 1401 1246 1476 οὐχ
1277 1400 1392 1455 οἶόν
1422 1422 1480 1455 τε
1509 1400 1675 1455 τόπον
1728 1401 1847 1456 τινὰ
1896 1400 2042 1474 ἡλίῳ

399 1487 908 1562 περιλαμπόμενον,
966 1490 1027 1543 τὸ
1086 1491 1358 1545 ἀντίθετον
1420 1490 1611 1552 σκότος
1670 1488 2035 1559 εἴσδέξασθαι·

400 1577 573 1639 οὕτως
606 1574 730 1632 οὐδὲ
778 1579 1061 1653 ἄνθρωπον
1112 1579 1241 1651 θείῳ
1290 1580 1453 1655 φωτὶ,
1504 1579 1668 1654 ἤγουν
1702 1580 1902 1634 συνέσει
1952 1580 2041 1634 καὶ

401 1666 564 1740 ἀρετῇ
597 1663 1027 1739 ἐπερειδόμενον,
1061 1669 1264 1722 πωθεῖν
1296 1688 1346 1721 τι
1380 1673 1485 1723 σῶν
1538 1672 1736 1722 σκαιῶν
1773 1669 1860 1721 καὶ
1914 1666 2038 1721 δαι-

400 1759 638 1827 μονικῶν
691 1757 1191 1832 μαγγανευμάτων.
1239 1757 1434 1826 Ἰαθείη
1496 1757 1674 1812 τοίνυν
1724 1759 1757 1825 ἡ
1808 1762 1932 1815 παῖς
1985 1754 2037 1810 ἐν

396 1843 621 1917 ὀνόματι
664 1844 871 1917 Χυρίου
920 1849 1016 1900 τοῦ
1074 1846 1458 1918 θεραπεύοντος
1506 1851 1677 1900 πᾶσαν
1735 1846 1892 1900 νόσον
1950 1846 2038 1900 καὶ
2074 1887 2115 1948 Β

441 1938 467 1947 -
688 1930 703 1948 κ
802 1935 811 1948 ,
1029 1936 1042 1948 .
1098 1930 1122 1948 ,ι
1357 1936 1368 1948 .
1468 1945 1488 1948 ,,
1562 1941 1588 1948 -
1954 1938 1963 1948 .

395 1938 569 1987 πᾶσαν
606 1930 914 2006 μαλακίαν·
957 1936 1045 1990 καὶ
1096 1930 1233 1990 ἔστω
1281 1936 1407 2014 χεὶρ
1459 1941 1591 1991 Θεοῦ
1639 1938 2030 2009 περιιπταμὲνη

394 2023 485 2077 καὶ
518 2023 906 2093 ἐπισκιάζουσα
935 2026 1035 2093 τὴν
1068 2022 1239 2090 αὒτῆς
1274 2027 1536 2103 κεφαλὴν,
1570 2027 1655 2080 καὶ
1690 2021 2041 2080 ἀποσοϐοῦσα

394 2117 568 2167 πᾶσαν
621 2111 891 2190 ἐνέργειαν
956 2113 1305 2189 βλαπτικήνο
1367 2117 1441 2178 ὼς
1492 2114 1551 2169 ἅν
1604 2116 1892 2171 εύεκτοῦσα
1948 2116 2038 2169 σὺν

399 2203 564 2276 μητρὶ
600 2198 851 2279 θεοφόϐῳ
875 2201 1112 2274 ἂιποδοίη
1144 2205 1240 2266 τὰς
1277 2203 1446 2279 εὒχὰς
1473 2205 1639 2274 αὐτῆς
1669 2204 2043 2281 χαριστηρίως

395 2294 475 2362 τῷ
508 2292 689 2366 Κυρίῳ
715 2334 728 2348 .

394 2398 969 2491 ΝςἏ-Ἀντωνίρ
1000 2402 1362 2491 ἡγουμένω
1392 2406 1505 2489 τοῦ
1536 2402 1731 2479 ἁγίου
1766 2402 2038 2491 ῐξὲξρου,

818 2474 1097 2534 καὶτοῖς
1129 2474 1236 2528 σὺν
1267 2474 1471 2546 αὐτῷ.
1593 2474 1603 2479 ’
1793 2474 2037 2551 [σξςᾭ]

1683 374 2245 436 EPISTOLABUM
2290 374 2434 435 LIB.
2482 375 2528 433 Ι.

1435 506 1541 559 εἷ’τε
1599 506 1687 560 καῖ
1733 505 1782 578 ἐξ
1842 505 2040 566 οἷ’κείας

2159 508 2443 563 mutueris
2466 506 2732 575 alienam,
2757 506 2874 560 sive
2904 504 3102 575 lingua
3121 502 3308 575 proria
3328 501 3565 574 loquare
3589 520 3603 571 ;
3628 518 3802 573 quam

3652 370 3809 429 1110

2156 616 2260 653 nos
2295 597 2683 668 utiquelonge
2727 596 2984 651 dulciore
3042 609 3214 649 sensu
3266 594 3605 663 excipimus.
3648 593 3797 655 haud

2156 689 2310 742 nudo
2346 704 2486 743 sono
2521 687 2767 752 intenti;
2801 686 2900 740 sed
2935 686 3041 740 hoc
3072 682 3245 740 simul
3280 683 3689 751 intelligentes,
3715 686 3802 737 ni-

2153 776 2234 831 hil
2260 779 2519 832 animum
2541 778 2623 831 sic
2645 776 2987 845 exprimere,
3021 779 3084 829 ut
3123 775 3194 829 ab
3222 790 3287 829 eo
3314 773 3607 843 prodiens,
3648 790 3795 843 qua-

2155 866 2458 937 liscunque
2493 866 2723 920 tandem
2760 864 2857 918 illa
2893 866 2986 929 sit,
3021 864 3225 918 oratio.
3268 862 3347 917 De
3400 862 3636 916 domina
3678 862 3796 917 tilia

2153 959 2271 1021 tua,
2306 957 2454 1024 quod
2485 957 2536 1009 ei
2568 954 2795 1021 accidit,
2832 952 3273 1021 ubididicimus,
3309 949 3670 1006 indoluimus
3700 966 3792 1005 ve-

2151 1044 2452 1099 hementer
2484 1061 2497 1097 :
2532 1058 2816 1113 quasnam
2860 1058 2993 1097 vero
3035 1058 3250 1112 preces,
3306 1044 3405 1094 aut
3464 1037 3797 1108 cujusmodi

2152 1133 2400 1188 lenimen
2432 1132 2832 1200 impertiamus
2879 1146 2986 1185 nos
3029 1130 3127 1201 qui
3160 1135 3489 1200 peccatores
3539 1128 3796 1184 sumus?

2153 1224 2570 1279 Verumtamen
2594 1224 2677 1278 sic
2709 1222 2810 1277 tibi
2828 1220 3196 1292 persuadeas,
3215 1220 3429 1275 nullam
3448 1221 3560 1275 vim
3586 1218 3798 1273 habere

2151 1312 2483 1367 istiusmodi
2517 1311 2834 1376 molestias,
2872 1310 2981 1366 nisi
3031 1309 3254 1365 aditum
3314 1309 3551 1379 ipsimet
3611 1324 3800 1363 socor-

2150 1403 2247 1457 dia
2279 1403 2469 1471 aliqua
2503 1401 2936 1473 patefaciamus.
2971 1399 3468 1463 Quemadmodum
3492 1398 3649 1453 enim
3672 1396 3797 1451 ﬁeri

2150 1493 2372 1563 nequit,
2415 1500 2475 1546 ut
2506 1492 2666 1547 locus
2700 1490 2989 1562 quispiam
3024 1490 3163 1545 solis
3212 1489 3389 1545 radiis
3437 1488 3794 1553 illustratus,

2149 1582 2468 1636 contrarias
2498 1580 2760 1636 tenebras
2809 1580 3105 1648 admittat,
3138 1579 3220 1633 sic
3280 1593 3468 1649 neque
3501 1577 3673 1632 homo
3714 1576 3799 1632 di-

2148 1671 2279 1725 vino
2313 1670 2549 1736 lumine,
2587 1670 2691 1725 hoc
2738 1673 2826 1723 est
2869 1668 3177 1737 prudentia
3240 1674 3293 1722 et
3324 1666 3538 1721 virtute
3596 1668 3794 1735 nixus,

2148 1759 2387 1814 sinistra
2420 1758 2534 1813 ulla
2565 1758 2845 1813 daamonis
2878 1758 3079 1812 fraude
3114 1756 3248 1811 laedi
3279 1760 3486 1825 potest.
3524 1754 3795 1810 Convale-

2148 1852 2273 1901 seat
2292 1863 2426 1917 ergo
2449 1846 2640 1917 puella
2656 1848 2711 1901 in
2738 1847 2972 1901 nomine
2993 1845 3241 1911 Domini,
3261 1845 3357 1914 qui
3380 1848 3791 1900 sanatomnem

2148 1936 2415 1991 morbum
2440 1942 2491 1991 et
2525 1937 2857 2004 languorem
2889 1950 3120 1990 omnem
3157 1951 3169 1988 :
3206 1939 3261 1990 et
3292 1951 3501 1989 manus
3545 1932 3639 1988 Dei
3684 1933 3795 1989 cir-

2152 2030 2384 2080 cumeat
2416 2031 2588 2096 atque
2631 2026 2941 2080 obumbret
2997 2028 3174 2094 caput
3234 2024 3415 2090 illius,
3451 2027 3507 2077 et
3565 2021 3796 2077 noxiam

2154 2117 2263 2171 vim
2294 2132 2527 2172 omnem
2559 2115 2845 2187 depellat;
2873 2126 2955 2181 ut,
3006 2130 3138 2170 cum
3176 2113 3267 2183 pia
3326 2123 3524 2174 matre,
3559 2112 3796 2169 incolu-

2152 2208 2263 2261 mis
2296 2211 2427 2261 vota
2462 2222 2570 2260 sua
2600 2205 2845 2260 Domino
2880 2220 3012 2260 cum
3045 2204 3368 2275 gratiarum
3410 2205 3636 2260 actione
3662 2203 3797 2258 red—

2152 2298 2270 2351 dat.

2150 2403 2287 2460 LVI.
2335 2434 2405 2443 ——-
2458 2404 2687 2458 Antonio
2716 2404 3214 2526 prmpoxitolfancti
3244 2404 3424 2469 Petri,
3480 2405 3531 2456 et
3586 2400 3655 2456 iis
3696 2398 3794 2471 qui

2839 2491 2961 2526 cum
2992 2492 3009 2526 ι
3058 2490 3108 2526 ο.

2839 2491 2961 2529 cum
2992 2490 3108 2528 ιιιο.

397 2578 594 2630 Suadet
623 2579 1096 2645 uﬁpaceZEcclesim
1115 2583 1224 2647 jam
1251 2598 1345 2647 per
1366 2585 1743 2648 imperatorem
1768 2586 2092 2695 constitua,1
2098 2582 2540 2709 eumipsatriarcha
2557 2580 3128 2639 dictisconditionibus,
3148 2579 3562 2630 communicent.
3577 2579 3797 2642 (Baron.

398 2694 409 2704 ,
433 2688 439 2701 ρ
1885 2662 1973 2696 an.
2100 2684 2112 2706 ,
2146 2660 2199 2696 n.
2287 2683 2298 2695 .

1885 2662 1973 2696 an.
2002 2660 2112 2706 eu,
2146 2660 2199 2696 n.
2223 2660 2298 2695 1:).

472 2740 572 2801 Τὰς
604 2739 662 2795 ἐκ
690 2739 911 2811 πολλῆς
942 2750 1182 2817 συνοχῆς
1225 2744 1315 2799 καὶ
1365 2743 1605 2818 θλίψεως
1646 2741 1871 2819 καρδίας
1900 2766 2044 2819 γρα-

401 2828 589 2901 φείσας
647 2832 781 2904 ἡμῖν
841 2831 1134 2894 ἐπιστολὰς
1190 2833 1339 2909 παρὰ
1406 2840 1505 2903 τῆς
1563 2841 1830 2908 πατρικῆς
1892 2835 2043 2906 ὑμῶν

401 2918 700 2994 ἁγιωσύνης
753 2916 1080 2992 δεξάμενοι’
1141 2921 1264 2977 ὅσον
1338 2924 1794 2997 κατεστενάξαμεν
1852 2923 1901 2977 τί
1962 2920 2045 2978 δεῖ

396 3008 487 3061 καὶ
520 3005 719 3084 λέγειν,
768 3005 1081 3088 ἀδελφικοῖς
1127 3011 1467 3088 σπλάγχνοις
1519 3012 1845 3084 κινούμενοι,
1880 3010 2042 3066 εἶκαὶ

396 3096 607 3165 ἀνάξιοι
641 3099 1005 3173 τυγχάνομεν,
1052 3100 1142 3155 καὶ
1194 3100 1253 3155 ἐκ
1298 3101 1687 3163 ταυτοπαθείας
1736 3103 1834 3171 τὴν
1886 3122 2043 3177 περι-

2225 2745 2369 2801 Cum
2401 2744 2676 2811 epistolas
2704 2748 2926 2799 vestras
2961 2760 3173 2813 magno
3206 2759 3340 2799 cum
3374 2742 3557 2799 animi
3583 2758 3799 2814 angore

2157 2839 2213 2890 et
2242 2834 2553 2890 afﬂictione
2579 2834 2650 2888 ad
2683 2849 2785 2888 nos
2809 2834 3059 2905 scriptas
3090 2850 3124 2887 a
3186 2838 3428 2903 paterna
3482 2833 3796 2888 sanctitate

2154 2930 2348 2979 vestra
2396 2922 2841 2994 accepissemus,
2918 2928 3275 2993 quantopere
3334 2921 3798 2992 ingemuerimus

2157 3013 2294 3085 quid
2328 3013 2517 3068 dicere
2549 3012 2789 3079 attinet,‘
2823 3011 3091 3067 fraternis
3146 3010 3469 3067 visceribus
3499 3012 3797 3078 commoti,

2157 3101 2385 3157 tametsi
2433 3101 2659 3172 indigni
2704 3100 2911 3166 simus,
2944 3117 3015 3155 ex
3054 3100 3219 3171 parili
3270 3116 3512 3155 maerore
3543 3100 3800 3155 dolorem

398 3187 629 3256 πόνησιν
664 3187 815 3259 ὑμῶν
854 3190 1251 3263 στοχαζόμενοί
1303 3210 1361 3243 τε
1408 3190 1498 3244 καὶ
1553 3189 2041 3263 συνυφιστάμενοις

442 3272 517 3293 ’δί
604 3276 618 3293 \
700 3274 786 3293 ,ΗΧ
921 3274 943 3293 Ἰ
1220 3280 1265 3293 ομ
1332 3280 1355 3293 Λ
1486 3280 1498 3293 \
1551 3276 1602 3293 Vh
1754 3280 1766 3293 ι
1870 3278 1894 3293 Ἄ
1995 3285 2015 3293 υ

2158 3196 2414 3246 vestrum
2453 3190 2835 3250 aestimantes,
2872 3194 3046 3260 atque
3104 3205 3222 3243 una
3252 3187 3652 3244 sustinentes?
3684 3187 3801 3246 Nec

400 3272 527 3329 οὐδὲ
557 3276 659 3352 γὰρ
692 3274 887 3339 ἄλλοις
919 3274 1031 3331 ἔστι
1060 3280 1417 3353 γνωρίζεσθαι
1448 3280 1509 3333 τὸ
1542 3276 1830 3355 ὀδυνηρὸν,
1862 3278 1897 3347 ἢ
1929 3285 2042 3341 τοῖς

400 3365 758 3437 ὁμοιοπαθῶς
784 3371 901 3426 τοῖς
931 3366 1115 3429 αὐτοῖς
1147 3366 1494 3443 ἐνεχομένοις
1526 3367 1801 3442 λύπηροῖς
1825 3411 1838 3425 .
1869 3366 2046 3439 {AUC

400 3454 455 3508 ai
503 3454 758 3529 ἁμαρτίαι
817 3457 978 3528 ἡμῶν
1032 3461 1295 3512 τοσοῦτον
1353 3458 1657 3528 ἑπλήθυναν
1695 3457 1745 3512 ἐν
1789 3462 1856 3529 τῇ
1907 3478 2047 3529 παρ-

408 3542 542 3617 ούσῃ
596 3548 749 3618 γενεᾷ
790 3546 887 3613 τῆς
934 3544 1188 3619 ἀνομίας,
1239 3548 1393 3621 [Cod.
1450 3549 1589 3621 Reg.
1637 3550 1735 3617 τὴν
1790 3547 2044 3621 ἀνομίαν]

402 3635 668 3708 ψυγείσης
715 3640 815 3702 τῆς
862 3634 1075 3710 ἀγάπης
1128 3636 1265 3690 κατά
1311 3637 1403 3690 τὸν
1449 3640 1546 3691 τοῦ
1594 3637 1791 3711 Κυρίου
1835 3635 2002 3711 λόγον
2030 3680 2044 3694 .

404 3718 545 3777 ὥστε
573 3722 699 3782 τοὺς
754 3721 1072 3799 ὀφείλοντας
1121 3722 1356 3780 διθλύειν
1398 3727 1464 3781 τὰ
1514 3726 1701 3781 σκῶλα
1746 3727 1836 3781 καὶ
1884 3747 2049 3800 προσ-

407 3812 683 3885 κόμματα,
714 3811 939 3875 τούτους
987 3814 1054 3867 τὰ
1098 3810 1193 3868 *ίσα
1221 3814 1255 3883 ἢ
1288 3814 1430 3888 τάχα
1479 3816 1568 3870 καὶ
1613 3812 1883 3890 δεινότερα
1929 3822 2045 3877 τοῖς

408 3898 459 3955 ἓν
510 3905 630 3961 ταῖς
678 3895 870 3973 ἔξωθεν
912 3901 1110 3975 ἀρχαῖς
1159 3898 1297 3957 ἔστιν
1355 3904 1481 3978 ὁρᾷν
1528 3905 1893 3978 πράττοντας.
1952 3914 2048 3960 Δε-

408 3991 699 4063 σμωτήριά
748 4011 897 4065 φατε,
950 3992 1269 4068 ἀπαγωγὰς,
1330 3991 1693 4067 ὀνειδισμοὺς,
1744 3992 2044 4070 διωγμοὺς,

403 4079 495 4133 καὶ
527 4081 869 4153 περιστάσεις
902 4081 1208 4157 ὑφεστάναι,
1238 4083 1325 4135 καὶ
1382 4080 1457 4137 ἔτι
1510 4082 1851 4159 ὑφίστασθαι,
1903 4086 2047 4159 παρὰ

402 4172 510 4222 τῶν
538 4170 885 4243 κρατούντων
929 4169 1023 4231 τὰς
1077 4169 1402 4241 Ἐκκλησίας
1450 4176 1547 4226 τοῦ
1590 4177 1755 4228 Θεοῦ’
1802 4175 1888 4228 καὶ
1942 4174 2049 4249 οὐχ

405 4256 703 4311 Stiuas"
803 4256 959 4313 λ”’
1114 4261 1121 4273 ’
1344 4261 1357 4275 ’
1456 4260 1469 4278 “
1580 4261 1596 4281 ‘
1676 4261 1690 4281 ’
1944 4264 1955 4280 ’

623 4277 650 4331 ρ
682 4279 796 4313 εντο
839 4279 909 4331 ῃς
942 4264 1301 4331 ενιστὰμενοι,
1334 4258 1478 4315 αλλα
1508 4282 1597 4315 και
1648 4282 1691 4316 ει
1746 4261 2049 4327 ὲαλωκοτες

403 4346 501 4414 ἦτε
575 4344 627 4401 ἐν
714 4349 1151 4423 παραπτώμασιν
1224 4349 1609 4425 ἀνθρωπίνοις,
1669 4349 1927 4424 οὐδαμῶς
1984 4354 2049 4408 τὰ

400 4439 626 4491 τοιαῦτα
693 4439 975 4492 πανθάνειν
1041 4436 1154 4508 ἐξὸν
1220 4439 1285 4507 ἦν
1358 4440 1483 4511 ὑμῖν
1570 4441 1716 4513 παρὰ
1773 4442 2046 4515 ποιμένων

406 4528 577 4579 Θεοῦ’
633 4527 707 4598 μή
759 4525 907 4601 ὅτιγε
956 4527 1088 4602 ὑπὲρ
1140 4526 1395 4597 ἀληθείας
1441 4525 1791 4584 διαθλοῦσιν·
1843 4534 1927 4593 οἷς
1982 4530 2043 4586 τὸ

402 4611 731 4670 ἐπαινεῖσθαι
780 4617 867 4671 καὶ
960 4616 1341 4690 μακαρίζεσθαι
1414 4620 1871 4693 κεχρεώστηταιο

403 4707 567 4758 ταῦτα
606 4709 684 4777 τῷ
746 4703 1020 4778 μοναδικῷ
1074 4711 1646 4780 κατακεκοσμημένοις
1696 4709 2042 4785 ἐπαγγέλμα-

400 4814 453 4847 τι
480 4836 493 4850 .
529 4796 622 4851 Ἐκ
653 4800 759 4850 τῶν
788 4794 962 4873 ἔργων
995 4798 1170 4851 αὐτῶν
1223 4796 1578 4874 ἐπιγνώσεσθε
1624 4801 1837 4870 αὐτοὺς,
1871 4796 1969 4877 ἔφη
2014 4803 2039 4856 ὁ

408 4888 606 4955 Κυριος
630 4927 641 4939 .
676 4885 747 4939 Οὐ
784 4883 961 4955 δήπου
990 4890 1235 4941 τοιοῦτον
1269 4888 1406 4962 παρδ
1442 4895 1557 4950 τοῖς
1592 4888 1763 4964 ἁγίοις
1814 4890 2039 4965 ἐγνωρί-

404 4972 544 5040 σθη⁶
598 4969 902 5027 τοῦναντίον
953 4972 1009 5029 δὲ
1058 4974 1211 5030 αὐτοὶ
1270 4974 1483 5047 μᾶλλον
1524 4978 1847 5041 πεπονθότες
1904 4977 2038 5034 ἐδείε

396 5079 587 5115 κνυντο
621 5058 1001 5135 διδασκόμενοι
1032 5065 1178 5141 παρὰ
1206 5072 1304 5135 τῆς
1356 5066 1725 5137 ἀποστολικῆς
1764 5077 1970 5146 φωνῆς,
2003 5071 2037 5140 ἢ

398 5171 531 5228 φησι
570 5149 695 5223 περὶ
749 5156 845 5205 τοῦ
895 5151 1132 5226 Κυρίου.
1193 5159 1300 5216 ’ος
1351 5152 1878 5229 λοιδορούμενος
1924 5159 2039 5214 οὐκ

394 5236 864 5314 ἀντελοιδόρει
896 5244 1168 5317 πάσχων
1198 5242 1313 5298 οὒκ
1350 5244 1620 5313 ἠπείλει
1648 5266 1660 5279 ·
1703 5252 1931 5324 παρεῖχε
1981 5246 2035 5303 δὲ

2158 3280 2313 3335 enim
2356 3279 2483 3335 aliis
2525 3279 2658 3334 licet
2707 3277 3001 3334 molestias
3051 3277 3351 3344 aestimare,
3384 3293 3560 3348 quam
3592 3276 3664 3331 iis
3697 3277 3798 3347 qui

2156 3369 2444 3425 consimili
2475 3369 2682 3424 affectu
2714 3367 2917 3424 iisdem
2952 3367 3235 3422 molestiis
3258 3372 3571 3439 anguntur.
3598 3366 3799 3422 Enim-

2152 3477 2286 3516 vero
2314 3465 2550 3532 peccata
2578 3464 2771 3515 nostra
2802 3475 2983 3530 usque
3017 3460 3159 3515 adeo
3202 3459 3261 3513 in
3293 3458 3403 3514 hoc
3435 3457 3644 3513 saaculo
3677 3458 3793 3512 ini-

2157 3551 2435 3622 quitatem
2459 3553 2885 3622 exaggerarunt
2940 3549 3362 3621 refrigescente,
3380 3549 3542 3619 juxta
3564 3547 3797 3603 Domini

2156 3642 2325 3696 verba
2354 3640 2418 3707 ⁸ο,
2451 3639 2766 3707 charitate;
2801 3643 2884 3704 ut,
2916 3639 3011 3710 qui
3045 3637 3395 3693 offendicula
3424 3642 3480 3693 et
3520 3637 3797 3694 scandala

2158 3746 2450 3785 removere
2481 3729 2791 3796 debebant,
2831 3744 2927 3783 eos
2956 3727 3150 3783 videre
3215 3728 3289 3782 sit
3345 3726 3508 3797 paria
3554 3742 3621 3783 ac
3680 3726 3803 3783 for-

2156 3824 2313 3877 tasse
2341 3820 2607 3891 graviora
2634 3820 2887 3875 externis
2910 3818 3341 3887 magistratibus
3364 3818 3567 3873 facere.
3603 3817 3803 3872 Carce-

2157 3926 2250 3965 res
2270 3910 2481 3976 dicitis,
2502 3908 2727 3977 exsilia,
2759 3908 2991 3979 probra,
3024 3907 3477 3979 persecutiones,
3509 3911 3566 3963 et
3594 3922 3799 3961 mrum-

2157 4016 2262 4055 nas
2282 3999 2635 4055 sustinuisse
2682 4015 2804 4064 vos,
2828 4014 2893 4053 ac
2949 3997 3263 4053 etiamnum
3298 3996 3589 4052 sustinere
3620 3998 3692 4051 ab
3722 3996 3796 4052 iis

2156 4088 2256 4159 qui
2300 4089 2584 4144 Ecclesiae
2641 4088 2741 4143 Dei
2796 4091 3209 4143 moderantur:
3261 4103 3408 4158 quos
3458 4102 3572 4141 non
3605 4086 3796 4140 solum

2157 4198 2257 4252 pro
2286 4182 2560 4237 mandato
2579 4184 2925 4251 pugnantes,
2950 4182 3048 4234 sed
3082 4194 3152 4234 ne
3182 4177 3491 4249 siquidem
3518 4177 3791 4232 humanis

2156 4270 2503 4326 criminibus
2525 4270 2606 4325 rei
2630 4269 2853 4337 essetis,
2888 4268 3022 4323 talia
3052 4284 3312 4339 unquam
3346 4284 3379 4321 a
3409 4267 3509 4322 Dei
3543 4266 3795 4337 pastori-

2158 4361 2268 4416 bus
2312 4362 2527 4430 perpeti
2554 4361 2641 4415 tas
2669 4364 2840 4429 esset,
2874 4359 3092 4414 nedum
3150 4373 3254 4429 pro
3284 4358 3520 4412 veritate
3564 4359 3796 4411 certan-

2154 4455 2264 4519 tes,
2296 4450 2507 4522 quibus
2534 4450 2657 4505 laus
2680 4449 2919 4505 debetur
2950 4450 3006 4502 et
3036 4446 3333 4501 beatitudo
3364 4461 3379 4499 :
3421 4450 3597 4516 atque
3616 4446 3797 4516 :insu-

2158 4556 2260 4611 per
2320 4540 2637 4595 monastica
2696 4536 3047 4608 professione
3096 4535 3301 4591 ornati.
3331 4556 3359 4584 «
3390 4534 3469 4589 Ex
3522 4535 3795 4605 operibus

1948 4622 2037 4676 καὶ
2072 4611 2123 4676 D
2158 4646 2354 4687 eorum
2416 4628 2777 4700 cognoscetis
2834 4642 2952 4691 eos,
2984 4647 3012 4675 »
3072 4624 3155 4680 ait
3200 4624 3478 4679 Dominus
3508 4623 3576 4677 δι.
3628 4623 3793 4678 Haud

2154 4737 2294 4776 sane
2326 4719 2462 4773 talia
2491 4718 2549 4773 in
2581 4719 2797 4773 sanctis
2819 4719 3076 4787 spectata
3098 4722 3269 4781 sunt;
3296 4713 3434 4783 quin
3462 4711 3572 4783 ipsi
3594 4719 3795 4767 contra

2155 4811 2268 4881 pati
2292 4811 2479 4877 potius
2510 4807 2616 4862 visi
2664 4812 2820 4873 sunt,
2880 4803 3194 4877 apostolica
3251 4819 3385 4857 voce
3434 4800 3792 4870 edocti,quze

2152 4900 2222 4953 de
2245 4898 2488 4953 Domino
2522 4897 2604 4951 sic
2637 4895 2716 4950 ait
2747 4913 2759 4949 :
2788 4896 2889 4962 Qui
2936 4910 3059 4948 cum
3093 4892 3510 4947 maledz’ccrelur
3529 4906 3637 4943 non
3668 4906 3793 4943 ma-

2152 4987 2411 5041 ledicebat
2467 5003 2486 5040 :
2544 5001 2667 5040 cum
2747 4991 3031 5055 pateretur
3079 4998 3188 5037 non
3254 4978 3697 5036 comminabatur
3725 4978 3790 5042 ⁸⁸,

2150 5076 2441 5147 prandebat
2470 5081 2657 5130 autem
2698 5073 2921 5144 placide
2968 5071 3223 5126 divinam
3259 5069 3552 5125 maxillam
3587 5083 3791 5139 percu-

2151 5166 2321 5221 tienti
2354 5165 2416 5217 ⁸³.
2466 5165 2611 5219 Hinc
2660 5163 2872 5219 Chriin
2922 5166 3182 5233 pastores
3218 5163 3337 5214 noti
3368 5175 3380 5212 :
3408 5158 3566 5213 illinc
3618 5157 3792 5211 alieni

2148 5255 2427 5326 episcopi.

394 5326 631 5399 εὐμενῶς
664 5327 743 5401 τῷ
772 5330 982 5386 παίοντι
1021 5333 1111 5386 καὶ
1152 5335 1250 5404 την
1294 5334 1437 5388 θείαν
1492 5335 1711 5413 σιαγόνα
1736 5379 1750 5393 .
1795 5338 2063 5395 Ἐντεῦθεν
2107 5343 2156 5396 οἱ
2197 5342 2451 5415 ποιμένες
2491 5344 2723 5415 Χριστοῦ
2759 5340 3067 5415 γνώριμοι·
3118 5336 3358 5392 κάκεῖθεν
3398 5336 3449 5391 οἳ
3488 5332 3790 5408 ἀλλοτριο-

420 5418 706 5476 ἐπίσκοποι
733 5464 746 5479 .

461 5507 639 5569 Ἀλλᾶ
664 5511 718 5567 τί
750 5508 830 5567 δεῖ
876 5514 1095 5588 παθεῖν;
1142 5516 1280 5573 κατὰ
1324 5518 1423 5588 τὴν
1472 5515 1810 5595 ἐνσκήψασαν
1857 5522 1909 5579 ἐν
1954 5529 2023 5600 τῇ

2206 5526 2314 5583 Sed
2348 5525 2539 5600 qualia
2569 5525 2687 5598 pati
2720 5538 2955 5581 necesse
2977 5526 3067 5580 est
3088 5521 3115 5576 ?
3155 5521 3226 5578 ob
3258 5520 3624 5591 ingruentem
3678 5516 3787 5574 hac

458 5695 509 5745 ⁸ο
537 5698 737 5762 Matth.
771 5716 925 5779 xxiv,
959 5703 1047 5764 12.
1123 5701 1171 5741 ⁸⁸
1202 5702 1411 5764 Matth.
1438 5722 1542 5781 vn,
1577 5706 1661 5763 10.
1739 5708 1784 5746 ³⁸
1817 5710 2010 5767 IPetr.

2156 5711 2234 5771 33.
2310 5712 2355 5749 ⁸³
2388 5712 2527 5769 Luc.
2560 5709 2752 5781 v1,26.
