4084 6284
388 384 544 446 1111

1640 384 1699 445 S.
1748 383 2145 445 THEODORI
2189 382 2548 445 STUDIT/E

3617 372 3760 432 1112

393 519 786 575 miseraaetate
809 522 1008 574 nostra
1039 518 1466 590 improbitatem
1494 521 1794 578 hominum
1823 540 1834 576 :
1860 536 2037 593 quam

2154 520 2381 590 ταπεινῇ
2422 518 2583 588 ἡμῶν
2631 517 2787 590 γενεᾷ
2836 507 3146 585 μοχθηρίαν
3191 514 3300 564 τῶν
3345 504 3657 581 ἀνθρώπων·
3705 506 3767 577 ἣν

393 606 499 672 illi,
532 607 779 680 gloriam
803 608 1107 674 ducentes,
1149 609 1324 664 etiam
1356 616 1690 680 ostentant;
1727 611 1881 683 quod
1929 611 2041 666 ini-

393 713 574 768 quum
608 701 696 753 est
728 714 954 767 aequum
990 697 1361 765 aestimantes,
1415 702 1939 773 auctoritatemque
1988 702 2045 754 et

392 785 706 858 imperium
741 803 911 842 suum
945 788 1013 841 ad
1031 790 1421 858 oppugnanda
1455 790 1546 845 Dei
1582 797 1863 861 praecepta
1880 805 2042 845 exer-

396 883 607 931 centes.
648 875 858 931 Verum
892 875 975 930 illi
1007 892 1134 947 quae
1164 883 1491 949 gesserunt,
1524 895 1769 950 quaeque
1810 882 2040 950 gerunt,

394 966 707 1038 aliquando
729 967 1027 1021 inveniant
1051 983 1065 1021 :
1099 968 1432 1024 autveniam
1459 970 1653 1040 potius
1675 985 2044 1039 consequan-

396 1060 496 1111 tur
524 1074 554 1109 a
584 1055 794 1111 Judice
829 1056 1181 1128 incorrupto,
1240 1058 1339 1129 qui
1394 1058 1535 1113 nihil
1592 1058 2040 1130 inexploratum,

397 1143 772 1214 inultumque
803 1144 1107 1201 relicturus
1140 1151 1228 1201 est
1261 1149 1318 1201 in
1351 1148 1442 1202 die
1468 1148 1693 1216 judicii.
1732 1148 1847 1203 Vos
1886 1164 2042 1215 vero,

392 1233 606 1288 fratres
637 1233 986 1300 charissimi,
1040 1251 1105 1289 ac
1154 1236 1347 1291 Patres
1374 1238 1856 1305 reverendissimi,
1888 1254 2045 1309 ‘gau-

397 1322 526 1377 dete
575 1328 633 1378 et
691 1322 999 1390 exsultate,
1062 1325 1343 1395 quoniam
1392 1325 1600 1381 divinae
1662 1327 2043 1381 beatitudinis

401 1411 645 1482 gloriam
681 1412 1011 1483 reportatis,
1055 1417 1110 1466 et
1164 1412 1376 1467 Christi
1436 1416 1746 1486 approbria
1793 1416 2044 1486 gloriose

401 1500 760 1570 suscepistis,
795 1501 1016 1571 exiguis
1048 1501 1346 1558 laboribus
1394 1508 1449 1557 et
1480 1504 1756 1558 aerumnis
1792 1504 2043 1559 maxima

400 1597 452 1646 et
483 1588 839 1660 sempiterna
871 1590 1105 1661 prtemia
1163 1600 1603 1662 consequentes.
1636 1593 1705 1646 Et
1742 1592 2038 1663 quoniam,

402 1683 464 1733 ut
490 1679 615 1748 jam
647 1685 779 1733 ante
811 1679 1172 1750 scripsimus,
1201 1681 1295 1735 Dei
1326 1681 1528 1752 optimi
1554 1682 1831 1736 beneficio
1853 1682 2043 1736 subla-

398 1772 496 1823 tus
518 1774 607 1823 est
628 1767 699 1835 is,
725 1768 891 1837 cujus
925 1784 1100 1824 causa
1130 1768 1442 1825 dissidium
1474 1768 1531 1824 in
1565 1771 1821 1826 Ecclesia
1841 1778 2042 1827 nostra

397 1857 614 1912 exstitit
648 1874 661 1912 :
694 1856 897 1913 victrix
924 1874 1033 1929 pax
1055 1859 1305 1913 obtinuit
1336 1865 1480 1914 nutu
1514 1868 1567 1914 et
1606 1862 1951 1916 auctoritate
1980 1866 2036 1916 et
2070 1899 2119 1963 B

405 1946 789 2017 benignitate,
809 1948 1022 2002 addam
1035 1953 1092 2002 et
1107 1947 1341 2003 hortatu
1362 1948 1855 2020 triumphaturum
1879 1951 2038 2005 Chri-

400 2036 592 2108 stique
625 2038 951 2092 amantium
979 2039 1390 2110 imperatorum
1411 2048 1765 2110 nostrorum,
1799 2058 1902 2096 nec
1927 2059 2039 2097 non

398 2142 573 2198 opera
601 2134 659 2183 et
690 2127 1027 2184 defensione
1084 2128 1436 2184 sanctissimi
1470 2131 1809 2201 patriarchas
1857 2133 2039 2188 nostri

397 2216 482 2271 sic
520 2216 677 2272 enim
732 2217 1005 2288 deinceps
1055 2218 1346 2289 appellare
1396 2226 1637 2290 oportet.
1672 2221 1956 2291 Suscipiat
1986 2226 2042 2277 et

395 2307 676 2361 sanctitas
709 2311 896 2361 vestra
919 2323 1047 2378 quas
1081 2325 1113 2361 a
1136 2307 1304 2363 nobis
1337 2308 1658 2366 humilibus
1692 2310 1875 2366 multa
1905 2328 2040 2367 cum

396 2394 792 2466 speculatione
822 2399 879 2450 et
909 2396 1370 2468 investigatione,
1432 2407 1918 2471 paternarumque
1949 2419 2041 2457 ac-

394 2484 621 2540 tionum
637 2500 757 2539 com
770 2484 1235 2556 templatione,ac
1247 2489 1656 2544 scandalorum
1673 2508 1897 2562 quoque
1913 2509 2039 2563 quae

395 2576 455 2630 in
488 2575 747 2631 Ecclesia
776 2576 1067 2632 interdum
1101 2581 1485 2651 contigerunt,
1511 2581 1831 2652 dijudicata
1851 2589 1906 2639 et
1935 2601 2042 2654 ap-

396 2667 638 2738 probata
678 2668 947 2722 fuerunt:
985 2674 1048 2723 ut
1078 2670 1163 2724 sic
1221 2670 1391 2725 etiam
1431 2671 1490 2725 in
1541 2673 1754 2727 Christi
1787 2673 2045 2731 Ecclesia

397 2757 701 2826 quasapud
753 2773 855 2811 nos
913 2762 1022 2823 est,
1081 2776 1189 2828 pax
1260 2761 1359 2815 Dei
1400 2766 1601 2832 regnet
1656 2764 1714 2816 in
1771 2764 2043 2820 cordibus

396 2845 683 2901 omnium.
718 2845 834 2902 Nec
865 2846 1044 2914 enim,
1078 2848 1192 2902 nisi
1228 2848 1335 2904 hoc
1392 2849 1661 2919 facimus,
1715 2862 1976 2909 sanctum
2010 2873 2042 2910 a

395 2935 512 2991 Deo
546 2936 930 3006 reputabitur,
961 2954 1065 2992 nec
1089 2938 1327 2995 victoria
1346 2942 1509 2995 nobis
1540 2943 1647 2997 erit
1678 2959 1690 2995 :
1717 2943 1854 3013 quin
1880 2945 2043 2999 amit-

396 3028 585 3080 temus
619 3025 856 3080 forsitan
888 3032 1110 3082 rectum
1147 3029 1430 3085 curiosius
1489 3030 1862 3102 inquirentes,
1898 3032 2040 3087 illud

393 3114 566 3169 etiam
590 3115 738 3184 quod
798 3114 1080 3171 hactenus
1131 3120 1432 3187 praeteritis
1490 3120 1781 3176 laboribus
1824 3123 2041 3179 bonum

396 3205 716 3274 exegimus.
741 3205 996 3277 Accipite
1053 3223 1208 3279 ergo,
1243 3209 1620 3277 obtestamur,
1657 3217 1712 3265 et
1766 3213 2043 3284 suscipite

2146 607 2235 662 καί
2276 606 2349 667 ὡς
2388 602 2617 678 αὔχημα
2664 599 2990 673 ποιούμενοι
3038 596 3413 671 σεμνύνονται,
3442 596 3504 650 τὸ
3546 596 3770 669 παρανο-

2156 718 2253 769 μον
2284 690 2510 768 ἔννομον
2545 691 2917 767 λογιζόμενοι,
2946 691 3063 745 κατ’
3105 688 3448 758 ἐναντιότητα
3478 690 3580 741 τῶν
3624 684 3767 739 θείων

2150 782 2581 860 προσταγμάτων
2614 783 2713 850 τήν
2760 780 3089 854 προστασίαν
3124 778 3513 853 μετερχόμενοι
3539 819 3553 832 .
3598 778 3769 829 Ἐκεῖ-

2147 898 2227 931 νοι
2265 877 2357 949 μὲν
2398 871 2486 928 οῦν
2518 871 2551 925 ἃ
2580 868 2865 944 δεδράκασι
2911 868 3001 924 καὶ
3051 866 3247 943 δρῶσιν
3295 865 3519 940 εὕροιεν,
3567 861 3769 936 μᾶλλον

2152 965 2209 1021 δὲ
2266 964 2638 1040 συγχωρηθεῖν
2696 962 2841 1031 παρᾶ
2895 962 2991 1013 τοῦ
3048 955 3342 1012 ἀδεκάστου
3419 959 3624 1029 κριτοῦ,
3678 956 3771 1006 τοῦ

2155 1058 2228 1129 μὴ
2290 1038 2467 1109 ὁτιοῦν
2524 1049 2856 1121 ἀνεξέταστον
2918 1048 3009 1103 καὶ
3064 1047 3348 1101 ἆνεόθυνον
3415 1038 3770 1118 παραϐλέπειν

2155 1128 2451 1217 μελλοντος
2495 1139 2545 1195 ἐν
2598 1137 2781 1212 ἡμέρᾳ
2821 1136 3086 1211 κρίσεως.
3139 1136 3319 1207 ’Υμεῖς
3364 1131 3422 1188 δὲ
3468 1133 3513 1186 ὦ
3557 1128 3774 1204 ἀδελφοὶ

2151 1234 2498 1307 τιμιώτατοι,
2557 1229 2646 1282 καὶ
2718 1226 2949 1302 Πατέρες
3037 1219 3497 1296 σεϐασμιώτατοι,
3574 1220 3775 1295 χαίρετε

2151 1324 2240 1378 καὶ
2269 1320 2623 1400 εὐφραίνεσθε,
2658 1317 2741 1372 ὅτι
2776 1320 2874 1371 τοῦ
2919 1314 3074 1370 Θείου
3127 1315 3470 1387 μακαρισμοῦ
3518 1310 3580 1365 τὸ
3625 1308 3775 1371 κλέος

2150 1398 2516 1486 ἀπηνέγκασθε
2543 1429 2556 1441 ·
2590 1407 2775 1463 καίτὰ
2806 1412 2906 1474 τῆς
2944 1404 3165 1475 ἀτιμίας
3210 1406 3306 1456 τοῦ
3357 1402 3596 1474 Χριστοῦ
3647 1398 3779 1453 ἐντί-

2155 1522 2269 1575 μως
2320 1497 2658 1572 ὑπεδέξασθε,
2703 1500 2917 1569 μικροῖς
2955 1492 3146 1552 κόποις
3196 1491 3285 1545 καὶ
3333 1490 3508 1565 ἀγῶσι
3565 1489 3780 1562 μέγιστα

2149 1592 2239 1647 καὶ
2296 1591 2486 1645 αἰώνια
2529 1581 3023 1660 ἀνταμόιϐόμενοι.
3084 1583 3183 1637 Καὶ
3239 1578 3450 1648 ἐπειδὴ,
3511 1578 3645 1633 καθὰ
3694 1576 3778 1632 καὶ

2150 1682 2618 1757 προγεγραραμεν,
2680 1672 2899 1745 εὐδοκία
2945 1677 3044 1728 τοῦ
3107 1670 3443 1746 ὑπεραγάθου
3512 1671 3641 1722 Θεοῦ
3696 1664 3781 1720 ἐκ-

2149 1769 2330 1827 ποδὼν
2362 1770 2560 1844 γέγονε,
2595 1766 2664 1821 δι’
2696 1763 2757 1820 οῦ
2788 1768 2822 1833 ἡ
2855 1762 3109 1839 διχόνοια
3139 1760 3190 1815 ὲν
3214 1763 3282 1832 τῇ
3321 1760 3438 1813 καθ’
3470 1760 3617 1830 ἡμᾶς
3665 1757 3780 1811 Ἑκ-

2147 1862 2350 1931 κλησὶᾳ
2385 1858 2644 1932 ὖπήρχθη
2672 1872 2685 1885 ⁸
2724 1848 3076 1928 βεϐροὶὂευται
3108 1853 3142 1918 ἧ
3181 1850 3396 1923 εἰρήνη,
3428 1847 3650 1917 νεύμασι
3695 1844 3780 1897 καὶ

2151 1951 2343 2027 ῥοπαῖς
2400 1949 2490 2003 καὶ
2548 1944 2843 2019 εὐμενείαις
2874 1962 2891 1980 ο
2940 1938 3232 2014 προσθείην
3289 1937 3335 1992 δ’
3375 1935 3433 1991 ἄν
3477 1935 3571 1990 καὶ
3618 1954 3782 2008 παρα-

2146 2026 2373 2113 κλήσεσι
2401 2043 2508 2095 τῶν
2542 2035 2875 2093 κάλλινίκων
2906 2033 2998 2087 καὶ
3028 2030 3409 2110 φιλοχρίστων
3442 2030 3605 2100 ἡμῶν
3641 2026 3786 2101 βασι-

2149 2130 2329 2187 λὲων⁶
2395 2126 2647 2202 συνεργίᾳ
2702 2146 2759 2179 τε
2815 2123 2905 2179 καὶ
2984 2118 3259 2194 ἀπολογίᾳ
3330 2121 3426 2172 τοῦ
3488 2114 3784 2189 ἁγιωτάτου

2148 2224 2310 2294 ἡμῶν
2335 2201 2675 2291 πιατριαρῗχον
2703 2232 2717 2246 ·
2751 2210 2833 2268 δεῖ
2861 2212 2967 2287 γὰρ
2995 2210 3101 2265 ἀπὸ
3131 2213 3231 2264 τοῦ
3264 2210 3357 2261 νῦν
3391 2204 3539 2260 οὕτω
3568 2201 3747 2258 καλεῖν
3768 2245 3781 2259 .

2151 2310 2395 2382 Δεξὲσθω
2420 2307 2511 2362 καὶ
2559 2308 2593 2374 ἡ
2636 2301 2867 2377 ὑμετέρα
2919 2300 3141 2367 ὁσιότης
3189 2298 3254 2351 τὰ
3303 2301 3427 2369 παρ’
3474 2296 3637 2367 ἡμῶν
3682 2296 3783 2346 τῶν

2148 2381 2412 2453 ταπεινῶν
2448 2394 2538 2449 σὺν
2582 2391 2769 2463 πολλῇ
2821 2389 3002 2461 σκέψει
3048 2386 3139 2441 καὶ
3190 2382 3521 2458 διερευνήσει
3568 2381 3788 2435 ἀναθεω-

2153 2491 2305 2564 ρήσει
2338 2507 2395 2542 τε
2424 2489 2529 2538 τῶν
2576 2485 2852 2553 πατρικῶν
2905 2478 3273 2553 ἁναστροφῶν,
3317 2477 3426 2528 τῶν
3458 2493 3518 2527 τε
3548 2468 3656 2525 ἔσθ’
3704 2467 3786 2523 ὅτε

2156 2558 2627 2633 ῦποπεπτωκότων
2691 2565 3005 2625 σκανδάλων
3067 2563 3562 2635 ἐκκλησιαστικῶν,
3612 2558 3785 2633 ἐγκρι·

2151 2667 2307 2722 θέντα
2344 2664 2433 2719 καὶ
2482 2660 2888 2735 περαιωθὲντα’
2942 2654 3037 2710 ’ίνα
3094 2653 3237 2709 οὕτω
3293 2652 3381 2707 καὶ
3441 2650 3495 2705 ἐν
3553 2654 3623 2723 τῇ
3670 2648 3787 2713 καθ,

2149 2760 2298 2829 ἡμᾶς
2327 2757 2486 2829 [Begu
2520 2755 2644 2808 cod.
2683 2750 2845 2821 ὑμᾶς]
2878 2743 3176 2815 Ἐκκλησία
3211 2746 3308 2797 τοῦ
3339 2742 3583 2829 Χριστοῦ
3631 2739 3783 2810 [383.

2150 2828 2278 2905 cod.
2329 2828 2571 2915 Θεοῦ],ἡ
2623 2838 2814 2913 εἰρήνη
2864 2839 2961 2889 τοῦ
3011 2837 3142 2889 Θεοῦ
3193 2830 3466 2906 βραβεύσῃ
3522 2828 3618 2889 τὰς
3664 2845 3788 2899 mp-

2154 2934 2271 2996 δίας
2304 2937 2406 2987 τῶν
2436 2931 2687 2985 ἁπάντων
2713 2971 2724 2982 .
2752 2922 2888 2981 Οὐδὲ
2915 2925 3039 2998 γὰρ,
3072 2922 3117 2976 εἰ
3152 2923 3227 2993 μὴ
3255 2923 3415 2974 τοῦτο
3467 2917 3785 2991 πράξοιμεν,

2152 3026 2297 3079 ὅσιον
2326 3027 2405 3094 τῷ
2436 3024 2553 3091 Θεῷ
2584 3017 2969 3093 λογισθήσεται
2993 3032 3005 3044 ⁶
3041 3008 3163 3066 οῦτε
3212 3012 3346 3081 ἡμῖν
3378 3012 3534 3070 νῖκος
3578 3005 3789 3081 γενήσε-

2148 3134 2269 3169 ται⁹
2304 3107 2772 3187 προσαπόλλυμεν
2803 3104 2858 3159 δὲ
2886 3104 3052 3177 τάχα,
3088 3103 3376 3170 ζητοῦντες
3413 3094 3789 3171 περισσότερον

2148 3206 2211 3259 τὸ
2249 3184 2441 3274 δεξιὸν,
2487 3198 2575 3253 καὶ
2607 3198 2636 3252 ’ὁ
2665 3201 2785 3256 τοῖς
2832 3186 3172 3268 προλαϐοῦσι
3220 3187 3413 3248 κόποις
3466 3184 3786 3256 διηνῦκαμκεν

403 3294 841 3349 sanctissimum
876 3296 1266 3366 patriarcham
1303 3303 1589 3370 nostrum,
1623 3312 1676 3356 et
1707 3302 2039 3357 communi-

2154 3292 2353 3368 ἀγαθόν
2378 3334 2391 3347 .
2425 3288 2645 3361 Δέξασθε
2686 3286 2994 3359 τοιγαροῦν,
3044 3275 3488 3353 παρακαλοῦμεν,
3538 3274 3631 3329 καὶ
3661 3274 3788 3370 ἀπο-Σ

401 3386 528 3437 cate
558 3382 616 3437 in
648 3383 861 3453 quibus
895 3385 1200 3441 manifesta
1232 3404 1344 3442 non
1377 3393 1465 3443 est
1504 3388 1804 3461 iniquitas,
1866 3391 2041 3446 etiam

401 3471 670 3542 episcopo
701 3478 888 3529 vestro
940 3491 954 3528 :
1015 3489 1083 3529 ea
1139 3491 1265 3546 quae
1297 3478 1766 3548 intercesserunt,
1800 3481 2043 3537 Domino

401 3562 800 3631 permittentes
867 3564 1091 3618 censori
1149 3571 1205 3619 et
1275 3569 1698 3624 remuneratori
1759 3570 2042 3626 factorum

398 3648 818 3720 dictorumque.
847 3652 930 3706 Ad
972 3651 1080 3706 hoc
1120 3654 1271 3709 enim
1316 3656 1533 3725 ipsum,
1568 3657 1835 3727 precibus
1867 3660 2047 3715 inter-

402 3738 628 3807 positis,
652 3739 1073 3810 appellavimus
1104 3748 1160 3796 et
1190 3745 1627 3800 sanctissimum
1656 3747 2041 3817 patriarcham

402 3831 686 3894 nostrum,
757 3834 822 3882 ut
876 3829 1202 3888 liberemini
1242 3850 1341 3888 vos
1386 3851 1613 3905 quoque
1672 3854 1705 3891 a
1736 3838 2040 3905 custodia;

397 3921 570 3987 atque
591 3933 625 3972 a
656 3917 819 3973 vobis
864 3921 1179 3976 constituta
1210 3922 1368 3992 pacis
1401 3925 1552 3979 inter
1582 3941 1682 3981 vos
1728 3930 1969 3993 tessera,
1994 3925 2041 3982 si

399 4006 532 4074 quid
557 4010 959 4064 controversiae
982 4012 1191 4076 subsit,
1213 4012 1364 4068 illico
1387 4014 1686 4069 decidatur
1709 4033 1721 4069 :
1743 4024 1840 4071 aut
1860 4016 1907 4072 si
1933 4019 2043 4073 tale

398 4094 495 4160 sit,
530 4100 590 4150 ut
618 4097 974 4170 vestroﬁistic
1005 4105 1060 4155 ct
1107 4102 1572 4158 reverendissimi
1620 4105 1871 4175 episc0pi
1904 4123 2040 4162 con-

397 4200 596 4255 gressu
648 4190 837 4243 curari
892 4197 1144 4262 nequeat
1191 4207 1204 4246 :
1271 4208 1466 4248 coram
1517 4192 1645 4264 ipso
1685 4196 2042 4252 mcumenico

399 4275 724 4344 patriarcha
767 4278 953 4332 morbi
1014 4294 1215 4335 omnes
1248 4287 1546 4349 sanentur,
1582 4294 2046 4356 concurrantque

400 4361 670 4419 universa
691 4364 760 4419 ad
791 4366 950 4437 pacis
979 4367 1240 4425 laetitiam
1275 4372 1716 4445 concordiaeque
1747 4374 2047 4431 sincerita-

400 4454 540 4507 tem.

789 4726 971 4784 LVII.
1006 4760 1069 4772 -
1102 4731 1326 4810 Platoni
1353 4735 1508 4790 Patri
1535 4751 1654 4790 suo.

2075 4626 2128 4691 D

2153 3360 2367 3452 δέξασθε
2395 3380 2486 3434 τὸν
2536 3375 2843 3451 ἁγιώτατον
2893 3373 3052 3442 ἡμῶν
3099 3367 3446 3442 πατριάρχην
3476 3384 3488 3397 '
3536 3360 3787 3419 κοινωνοί

2150 3450 2441 3537 τε-ἕσεσθε,
2473 3467 2523 3522 ἐν
2572 3450 2660 3526 οἷς
2700 3464 2762 3518 οὗ
2810 3457 3111 3538 προδήλως
3143 3461 3178 3528 ἡ
3209 3454 3543 3527 παρανομία,
3577 3454 3666 3507 καὶ
3713 3450 3788 3521 τῷ

2151 3562 2268 3616 καθ’
2323 3560 2462 3632 ὑμᾶς
2504 3555 2807 3625 ἐπισκόπῳ,
2847 3551 2910 3605 τὸ
2965 3547 3053 3603 διὰ
3112 3542 3277 3619 μέσου
3334 3545 3788 3619 παραχωροῦντες

2149 3655 2232 3722 τῷ
2262 3631 2444 3719 Κυρίῳ
2490 3650 2568 3717 τῷ
2617 3639 2863 3714 ἐξεταστῇ
2905 3639 2995 3692 καὶ
3043 3633 3286 3709 emam
3331 3638 3438 3688 τῶν
3490 3631 3768 3707 πρακτέων

2151 3721 2257 3794 τῶν
2292 3738 2497 3814 ῥητέων
2524 3776 2537 3789 .
2573 3734 2711 3808 Πρὸς
2731 3736 2891 3786 τοῦτο
2923 3730 3027 3804 γὰρ
3059 3726 3187 3781 αὐτὸ
3211 3723 3390 3795 δεήσει
3427 3721 3786 3797 χρησάμενοι,

2153 3828 2600 3903 παρωρμήσαμεν
2631 3821 2721 3876 καί
2762 3820 2852 3874 τὸν
2892 3816 3186 3891 ἁγιώτατον
3234 3816 3394 3886 ἡμῶν
3442 3809 3786 3885 πατριάρχην

2152 3899 2478 3984 ἐπιστεῖλαι,
2510 3917 2585 3977 ὡς
2622 3909 2680 3967 ἄν
2724 3911 2956 3988 ἀιρεθῆτε
2992 3906 3081 3961 καὶ
3128 3905 3283 3960 αὐτοὶ
3335 3906 3442 3957 τῶν
3495 3899 3750 3978 φυλακῶν
3775 3911 3790 3926 ’

2154 4010 2376 4084 εἰρήνης
2403 4028 2461 4062 τε
2493 4006 2746 4076 σύνθημα
2770 4001 2904 4073 πρὸς
2935 3996 3221 4068 ἀλλήλους
3261 3993 3627 4066 ποιησάμενοι
3653 4011 3666 4024 ⁸
3697 3988 3788 4043 κᾶν

2152 4080 2215 4153 τι.
2250 4094 2739 4175 ἁμφιϐαλλόμενον
2784 4093 2841 4163 ᾖ,
2896 4088 3086 4145 αὐτίκα
3136 4084 3414 4153 διαλυθείη
3444 4103 3457 4115 ·
3569 4080 3793 4175 ἀνιατως

2154 4169 2403 4263 ἕχοννδιὰ
2431 4193 2530 4255 τῆς
2584 4184 2811 4239 ἐνταῦθα
2866 4183 3023 4253 ἡμῶν
3068 4198 3126 4233 τε
3172 4175 3261 4230 καὶ
3311 4178 3408 4228 τοῦ
3457 4169 3791 4263 τιμιωτάτου

2149 4369 2476 4440 κουμενικοῦ
2514 4362 2858 4438 πατριάρχου
2912 4359 3216 4433 θεραπευθῆ
3264 4353 3331 4408 τα
3372 4349 3792 4440 ἀρρωστήματα,

2152 4439 2267 4516 καὶί
2303 4456 2659 4533 συνδράμοιεν
2713 4453 2781 4508 τὰ
2830 4449 3000 4506 πάντα
3055 4446 3190 4524 πρὸς
3245 4439 3517 4517 θυμηδίαν
3579 4440 3795 4515 εἰρήνης

2155 4552 2244 4607 καὶ
2280 4546 2541 4622 ὁμονοίας
2572 4540 2980 4619 εἰλικρινότητα
3005 4582 3016 4595 .

2404 4731 2531 4786 ΝΖ’.
2577 4759 2644 4769 -
2684 4724 2992 4782 Πλάτωνι
3035 4718 3269 4792 οἰκείῳ
3306 4713 3555 4793 Πατρί.

397 4852 647 4933 Y'inctum
665 4859 979 4909 consolatur
992 4862 1200 4912 vinctus
1232 4877 1246 4913 :
1263 4864 1426 4913 animi
1445 4867 1525 4933 sui
1542 4870 1736 4933 statum
1753 4866 2554 4933 ραροηὶῐηρι-αιοῖῃιξςέῖῠειῐῇὶυιῃ
2571 4860 2745 4933 cupii“?
2760 4857 2988 4933 ffuclqm
3013 4868 3072 4928 εἴ
3102 4844 3798 4933 ΕῨῩΒΨΞἾΫ.3⁰ΡΕΞΨῘ

400 4918 581 4992 diam,
613 4934 774 4992 Quem
818 4937 1139 4992 magnopere
1185 4928 1538 4977 commendat.
1562 4929 1760 4992 (Exstat
1783 4917 1895 4977 hinc
1921 4917 2205 4991 epistolam
2223 4917 2329 4977 MS‘.
2352 4925 2559 4987 collegii
2580 4917 2749 4973 nostri
2773 4919 3084 4971 Parisiensis
3114 4920 3267 4966 extra
3300 4917 3525 4964 aliarum
3564 4917 3749 4961 seriem
3779 4920 3792 4957 :

400 4983 643 5043 tempore
674 4983 824 5046 prior
853 4983 1057 5049 iis—quae
1088 4988 1226 5039 libro
1258 4992 1495 5040 secundo
1532 4983 1935 5051 continentur.)

471 5103 615 5167 Quid
650 5104 853 5161 misero
887 5106 1051 5173 mibi,
1088 5112 1250 5163 Pater
1281 5113 1498 5175 sancte,
1530 5124 1598 5164 ea
1623 5108 1885 5180 praecipis
1917 5124 2039 5177 qua:

398 5193 544 5248 vires
578 5210 733 5250 meas
756 5197 1079 5267 superant?
1105 5198 1220 5268 Ego
1252 5215 1283 5251 a
1317 5206 1367 5252 te
1400 5198 1579 5252 debeo
1610 5199 1884 5253 doctrinas
1915 5196 2043 5252 lucc

404 5282 764 5351 collustrari;
798 5291 855 5339 et
887 5286 1004 5355 ipse
1035 5292 1199 5356 optas
1228 5304 1260 5341 a
1321 5302 1409 5343 me
1454 5287 1552 5357 qui
1607 5303 1735 5341 sum
1784 5286 2041 5341 tenebris

405 5372 630 5427 obsitus
658 5373 900 5439 edoceri,
929 5380 986 5428 et
1017 5375 1124 5428 hoc
1160 5376 1358 5445 utique
1392 5392 1483 5430 me
1516 5376 1584 5430 ad
1619 5375 1797 5430 animi
1831 5375 2042 5431 demis-

405 5464 626 5519 sionem
656 5466 994 5520 intormans.
1039 5465 1154 5519 Nec
1207 5483 1339 5520 vero
1399 5466 1527 5535 quid
1588 5466 1771 5521 dicam
1833 5466 2038 5533 habeo,

407 5554 560 5623 quod
587 5553 660 5607 sit
697 5554 937 5624 tempori
971 5556 1498 5623 accommodatum,
1534 5556 1778 5622 nisi,res
1811 5562 2041 5612 nostras

409 5643 522 5699 Deo
583 5640 947 5714 disponente,
1009 5646 1261 5715 perbono
1303 5647 1423 5701 loco
1486 5664 1627 5703 esse.
1677 5648 1822 5704 Nam
1858 5651 1905 5703 si
1941 5647 2038 5706 Dei

410 5749 607 5790 amore
628 5732 915 5800 nonnulli,
943 5734 1200 5792 abrilicato
1231 5737 1594 5808 magistratu,
1631 5739 1698 5794 ad
1733 5739 2041 5812 longinqua

2221 5108 2334 5161 ’Ίνα
2365 5104 2417 5160 τί
2451 5125 2565 5177 μοι,
2616 5103 2790 5178 Πάτερ
2846 5101 2994 5173 ἅμιε,
3041 5101 3121 5170 τῷ
3171 5092 3347 5165 ἀθλίῳ
3393 5090 3684 5163 ἐπιτάσσῃς
3728 5083 3789 5138 τὰ

2155 5197 2289 5272 ὑπὲρ
2337 5196 2469 5267 ἒμὲ;
2522 5194 2668 5268 Ἐγὼ
2712 5190 2897 5267 χρείαν
2955 5186 3072 5266 ἔχω
3135 5186 3237 5241 ὑπὸ
3298 5187 3391 5238 σοῦ
3450 5178 3787 5258 φωτίζεσθαι,

2150 5270 2446 5346 καὶναῦτὸς
2493 5289 2672 5353 ζητεῖς
2721 5281 2847 5355 παρ’
2894 5279 3031 5352 ἐμοῦ
3078 5280 3179 5332 τοῦ
3230 5270 3611 5344 ἒσκοτισμένου
3660 5286 3788 5321 κατ-

2152 5378 2403 5450 ηχεῐοθαι
2430 5417 2443 5432 .
2486 5371 2642 5429 Ἀλλ’
2671 5370 2762 5426 καὶ
2800 5373 2960 5425 τοῦτο
3004 5371 3190 5421 τυπῶν
3240 5384 3305 5437 με
3351 5362 3484 5436 πρὸς
3531 5377 3785 5413 ταπεινω-

2152 5438 2233 5520 an;
2258 5512 2272 5524 .
2305 5464 2415 5520 Οὔκ
2444 5460 2569 5517 οἶδα
2600 5460 2656 5517 δὲ
2682 5461 2734 5516 τί
2767 5459 2904 5514 εἷ’πω
2939 5458 3017 5528 τῷ
3056 5459 3232 5531 καιρῷ
3280 5452 3607 5528 πρόσφορον,
3640 5447 3673 5515 ἢ
3704 5444 3785 5519 ὅτι

2150 5560 2333 5616 καλῶς
2368 5554 2717 5627 ᾠκονόμησεν
2760 5550 2787 5603 ὁ
2828 5549 2955 5609 Θεὸς
2991 5547 3058 5601 τὰ
3095 5546 3213 5599 καθ’
3253 5545 3398 5614 ἡμᾶς
3425 5583 3439 5596 .
3481 5536 3542 5595 Εἰ
3583 5536 3684 5627 γὰρ

2151 5645 2427 5706 οιλοθεῖας
2458 5643 2599 5704 τινες
2641 5637 3031 5698 καταλιπόντες
3080 5635 3175 5696 τὰς
3213 5628 3554 5705 ὑπαρχοόσας
3611 5622 3786 5706 αὐτοῖς

2146 5707 2464 5810 νηγεμονίας,
2505 5730 2710 5809 μακράν
2760 5749 2864 5784 που
2910 5722 3319 5801 ἀποδραμόντες
3370 5722 3448 5792 τῷ
3494 5698 3782 5791 ἡσυχασξι·
