4084 6284
379 401 533 459 1113

1655 396 2207 459 EPISTOLARUM
2254 395 2400 456 LIB.
2450 395 2500 455 Ι.

3625 389 3782 449 1114

378 538 456 603 χῷ
509 531 610 607 βίῳ
659 530 1116 606 ἐμακαρίσθησαν.
1157 537 1278 591 Πῶς
1328 535 1489 604 ἡμεῖς
1540 532 1590 585 οἱ
1640 533 1888 586 ταπεινοὶ
1939 528 2026 584 διὰ

2149 531 2400 601 profecti,
2433 529 2548 584 vita
2595 527 2656 582 in
2699 523 3012 580 solitudine
3053 525 3303 591 peracta,
3348 521 3543 576 felices
3584 521 3780 576 existi-

377 623 545 693 νόμον
599 625 732 675 Θεοῦ
773 621 1232 695 πεφρουρισμένοι
1274 619 1324 674 έν
1371 621 1569 694 ἐξορία,
1611 621 1711 675 οὐκ
1756 620 2029 695 ἀγαλλια-

381 713 602 782 σώμεθα
646 712 700 764 ἓν
737 711 934 784 Κυρίῳ,
968 711 1130 785 χάριν
1182 709 1328 780 αύτῷ
1377 710 1735 784 λογιζόμενοι
1776 709 1865 763 καὶ
1920 707 2031 763 δω-

385 801 505 872 ρεάν
542 799 823 875 μεγίστην,
857 801 941 854 ὅτι
975 801 1256 872 ἠξιώμεθα
1297 798 1347 853 έν
1396 801 1578 874 μέτρῳ
1625 799 1858 872 τοιούτῳ
1903 821 2028 852 κατ-

381 895 626 956 ανεῆσαι,
670 889 715 959 ᾧ
766 887 971 943 πολλοὶ
1021 885 1292 961 ἔφιέμενοι
1351 888 1449 943 ούκ
1497 889 1797 963 ἐπέτυχονς
1849 891 2030 943 Κάθου

384 974 474 1045 δὴ,
499 977 671 1049 Πάτερ
702 997 806 1046 μου
848 973 983 1048 ἅγιε,
1020 975 1070 1031 ἐν
1101 979 1146 1048 ᾧ
1196 979 1350 1047 τόπῳ
1383 979 1409 1030 ὁ
1459 979 1608 1045 Θεὸς,
1641 977 1766 1032 ἀλλ’
1800 977 1897 1031 οὐκ
1944 976 2030 1030 ἄν·

385 1069 624 1140 θρωπος,
677 1064 803 1118 ε’ίσύ
853 1065 1151 1141 ἐφρούρησέ
1199 1087 1257 1120 σε
1303 1064 1408 1128 ἓως
1457 1072 1684 1141 καιροῦ’
1725 1065 1842 1120 ἐπεὶ
1891 1063 2033 1138 μηδὲ

377 1153 536 1226 ’ίσμεν
579 1154 631 1208 τί
680 1156 896 1227 τέξηται
995 1154 1222 1210 ἐπιοῦσα
1247 1175 1260 1188 ·
1299 1155 1408 1211 ε’ίτε
1440 1156 1634 1226 οὕτως,
1677 1155 1789 1212 ε’ίτε
1847 1154 2033 1215 ἄλλως

382 1247 480 1314 τῆς
512 1245 769 1318 προνοίας
808 1243 1138 1315 κελευούσης
1166 1265 1182 1280 ⁶
1221 1248 1310 1300 καὶ
1362 1245 1548 1316 δόξαζε
1598 1248 1688 1301 τὸν
1743 1245 2035 1315 δοξάσαντά

384 1354 440 1387 σε
476 1335 688 1408 Κύριον,
745 1331 835 1387 διὰ
871 1340 970 1403 τῆς
1014 1338 1346 1409 μαρτυρικῆς
1402 1357 1496 1389 σου
1545 1335 1888 1407 ἐνστάσεως(
2015 1386 2030 1400 ο

384 1463 401 1480 .
447 1464 460 1477 .
504 1464 515 1475 .
563 1465 575 1477 .
622 1465 635 1478 .
681 1463 694 1476 .
740 1465 754 1478 .
803 1462 819 1479 .
865 1465 878 1478 .
924 1465 937 1479 .
984 1464 1002 1480 .
1041 1426 1132 1477 τὸν
1181 1423 1342 1496 ἄρτον
1396 1445 1490 1477 σου
1535 1425 1649 1496 μετ’
1688 1423 2036 1499 εὐχαριστίας

383 1513 471 1567 καί
503 1517 699 1586 χαρᾶς,
734 1513 790 1566 ὃν
825 1511 1008 1584 ἔδοξαν
1062 1514 1114 1568 οἱ
1161 1512 1439 1589 ἄνθρωποι
1489 1514 1682 1588 πικρόν
1733 1537 1819 1569 σοι
1864 1535 2033 1589 προσ-

384 1602 579 1680 φέρειν.
615 1601 777 1656 Οὔπω
808 1621 897 1657 σοι
931 1601 1162 1676 δύναμις
1195 1601 1247 1657 ἐν
1277 1609 1356 1675 τῷ
1397 1607 1555 1680 γήρει
1581 1627 1592 1638 ·
1629 1605 1812 1659 κόπων
1860 1606 2037 1675 ἀσκη-

384 1695 551 1744 τικῶν
607 1691 1105 1766 προηγωνισμένων
1163 1713 1248 1746 σοι
1308 1692 1361 1746 ἐν
1418 1697 1484 1766 τῇ
1543 1696 1782 1763 νεότητι,
1845 1696 2034 1769 χάριτι

384 1784 632 1852 Χριστοῦ
661 1779 799 1833 κατὰ
827 1781 1020 1835 πάντα.
1057 1781 1154 1834 Διὰ
1194 1781 1353 1835 τοῦτο
1403 1781 1706 1855 παρακαλῶ
1753 1782 1841 1837 καὶ
1891 1782 2032 1837 ἀντι-

387 1865 562 1937 ϐολῶ,
595 1870 684 1922 καὶ
720 1870 973 1944 βρώμασι
1015 1869 1104 1923 καὶ
1157 1869 1367 1941 πόμασι
1406 1874 1500 1924 τοῦ
1539 1871 2033 1946 κατατρυχωμένου
2065 1907 2111 1970 Β

444 1959 452 1970 .
701 1958 714 1970 .
814 1957 830 1970 ς
936 1953 995 1970 ο,
1102 1961 1121 1970 -
1653 1965 1675 1970 -.
1746 1963 1758 1970 .
1867 1967 1889 1970 μ

388 1959 641 2030 σώματος
692 1953 1205 2030 ἀντιλαμϐάνεσθαι.
1254 1962 1342 2028 Μὴ
1414 1965 1701 2035 παραιτοῦ,
1737 1963 1889 2035 ἀρκεῖ
1946 1983 2028 2016 σοι

383 2050 419 2116 ἡ
449 2046 704 2120 μόνωσις,
735 2049 770 2116 ἡ
803 2048 1090 2121 κάθειρξις,
1219 2048 1442 2122 ἐρημία,
1493 2051 1527 2117 ἦ
1581 2051 1964 2125 ὑποστέρησις,
1996 2053 2031 2119 ἡ

383 2134 651 2208 ἀδυναμία
707 2141 804 2191 τοῦ
868 2139 1072 2211 γήρους
1136 2138 1268 2210 μετά
1324 2138 1414 2192 καὶ
1475 2138 1784 2202 ἀσθενείας’
1911 2141 2033 2214 περὶ

382 2227 530 2297 ἡμᾶς
561 2247 621 2280 τε
647 2227 774 2287 τοὺς
813 2225 1175 2299 ἁμαρτωλοὺς
1227 2228 1314 2281 καὶ
1362 2226 1489 2290 τοῦς
1535 2228 1742 2290 ἄλλους
1789 2231 2031 2306 φροντίς.

383 2315 471 2368 Ἐν
531 2315 748 2376 τούτοις
833 2313 1121 2386 ὑπομένων
1193 2316 1483 2389 αὐταρκοῦ,
1538 2319 1884 2392 καθαρότητα
1935 2321 2034 2388 θη-

389 2403 561 2477 ρεύων
592 2408 702 2457 τῶν
736 2401 1022 2478 λογισμῶν
1057 2404 1148 2458 διὰ
1201 2412 1302 2473 τῆς
1356 2409 1888 2480 μετεωροπορήσεως
1933 2415 2034 2476 τῆς

386 2491 572 2562 τιμίας
601 2513 696 2546 σου
727 2495 932 2567 ψυχῆς.
961 2491 1142 2546 ’Πνίκα
1173 2495 1238 2547 τὰ
1279 2493 1399 2567 ἄρτι
1444 2498 1506 2548 τὸ
1553 2497 1819 2569 ἒρημικὸν
1867 2496 2036 2570 πρόσ-

390 2600 554 2651 εστιν,
586 2581 828 2659 εὐχερῶς
862 2583 888 2635 ὁ
929 2587 1078 2652 νοῦς,
1112 2581 1292 2657 ὥσπερ
1343 2584 1446 2638 ὑπὸ
1497 2584 1748 2653 σωλῆνος
1798 2585 2033 2662 σφιγγό-

396 2691 554 2743 μενον
584 2668 749 2745 ὕδωρ,
783 2669 962 2726 δύνατ’
1002 2670 1063 2724 ἂν
1114 2672 1427 2748 ἀνατρέχειν
1477 2673 1535 2728 ἐκ
1581 2679 1688 2727 τῶν
1743 2678 2036 2749 χαμαιζή-

395 2760 504 2815 λων
546 2762 682 2834 πρὸς
737 2762 803 2816 τὰ
861 2762 1178 2836 ἐπουράνια,
1212 2765 1379 2818 Τοῦτό
1428 2762 1542 2818 ἔστι
1587 2765 1650 2818 τὸ
1682 2766 2033 2838 ζητούμενον,

391 2852 452 2904 τὸ
515 2851 648 2922 μετά
718 2854 851 2904 Θεοῦ
917 2856 986 2924 τῇ
1045 2852 1416 2926 ἀπροσπαθείᾳ
1489 2853 1566 2916 εἷς
1641 2855 1721 2908 ἀεὶ
1806 2853 2031 2910 ἔσεσθαι.

394 2938 546 3008 Πλῆν
577 2940 632 2993 οἱ
664 2938 901 3011 πόλεμοι
934 2941 1204 3013 στεφάνων
1240 2939 1406 2994 α’ίτιοι
1439 2942 1582 3016 παρὰ
1625 2947 1731 2997 τῶν
1781 2947 2033 3018 Πατέρων

389 3031 551 3100 ἡμῶν
592 3029 902 3101 ὁρίζονται·
939 3030 1075 3083 ὥστε
1125 3029 1169 3083 εί
1218 3030 1304 3084 καὶ
1365 3030 1769 3104 πολεμούμενοι
1828 3032 2036 3088 ἐνιστά-

393 3119 550 3191 μεθα,
583 3117 738 3188 νίκης
769 3117 1154 3194 ἀποφερόμεθα
1193 3118 1352 3182 κλέος
1400 3121 1533 3175 κατὰ
1584 3126 1678 3175 τοῦ
1726 3123 2034 3196 ἡττημένου

389 3203 674 3265 διαϐόλου.

2137 621 2272 675 mati
2325 625 2517 675 sunt:
2568 617 2852 689 quomodo
2909 631 3014 669 nos
3060 610 3333 679 humiles,
3387 616 3623 682 propter
3680 611 3781 666 Dei

2138 709 2322 780 legem
2354 710 2409 763 in
2445 708 2708 764 custodia
2739 705 3056 773 exsilioque
3090 701 3282 772 positi,
3316 717 3432 755 non
3456 699 3784 754 lastabimur

2139 802 2196 855 in
2231 802 2495 864 Domino.
2529 798 2775 870 gratiam
2811 798 3000 868 ipsius
3053 797 3398 865 reputantes
3446 794 3783 863 donumque

2140 890 2480 956 maximum,
2513 888 2664 960 quod
2699 885 2860 956 digni
2895 883 3076 938 habiti
3111 899 3338 949 sumus,
3363 883 3460 952 qui
3493 898 3557 936 ea
3587 883 3784 937 condi-

2139 980 2296 1034 tione
2327 995 2610 1044 essemus,
2652 992 2829 1046 quam
2881 971 3230 1044 complures,
3263 988 3395 1026 cum
3427 972 3782 1037 ail‘eclarent,

2143 1086 2254 1124 non
2283 1066 2680 1136 suntadepti‘?
2712 1065 2880 1119 Mane
2912 1066 3134 1134 itaque,
3167 1063 3246 1116 mi
3279 1062 3448 1116 Pater
3477 1066 3697 1127 sancte,
3721 1061 3783 1116 in

2143 1177 2208 1216 eo
2239 1177 2353 1231 quo
2384 1165 2438 1213 te
2469 1159 2644 1224 Deus,
2685 1173 2797 1210 non
2841 1155 3014 1208 homo
3059 1153 3279 1222 utique,
3329 1152 3396 1206 ad
3431 1156 3661 1222 tempus
3692 1151 3786 1205 in-

2142 1250 2315 1305 clusit
2347 1249 2506 1303 loco:
2541 1244 3014 1317 quandoquidem
3046 1244 3370 1310 ignoramus
3408 1240 3538 1311 quid
3582 1256 3781 1311 super-

2141 1349 2369 1394 ventum
2413 1339 2594 1408 pariat
2637 1335 2752 1390 dies
2798 1335 2863 1399 ⁸⁸,
2912 1333 3033 1386 sive
3077 1332 3180 1398 sic,
3226 1331 3349 1386 sive
3397 1331 3585 1395 aliter,
3631 1346 3781 1400 quo-

2143 1444 2376 1499 cunque
2423 1443 2531 1494 res,
2579 1423 2940 1496 providentia
2995 1421 3387 1492 praecipiente,
3418 1423 3642 1474 vertant
3679 1437 3692 1485 ;
3727 1423 3784 1474 et

2147 1519 2451 1572 Dominum
2493 1515 2770 1586 gloritica,
2814 1513 2902 1583 qui
2942 1510 3220 1579 gloriﬁcat
3259 1514 3313 1564 te
3342 1509 3387 1542 ⁸⁸
3427 1508 3498 1564 ob
3531 1523 3784 1579 pugnam

2144 1607 2294 1661 hanc
2336 1611 2498 1660 tuam
2552 1603 2826 1672 martyrio
2870 1616 3066 1672 parem
3101 1641 3114 1654 .
3155 1641 3166 1652 .
3202 1639 3215 1653 .
3255 1641 3268 1655 .
3307 1640 3319 1653 .
3354 1640 3368 1652 .
3405 1640 3418 1654 .
3456 1639 3470 1652 .
3504 1637 3517 1651 .
3572 1613 3786 1668 panem

2144 1700 2311 1750 tuum
2373 1711 2504 1749 cum
2559 1693 2874 1761 gratiarum
2934 1690 3163 1745 actione
3220 1693 3277 1743 el:
3334 1686 3568 1759 gaudio,
3614 1702 3786 1756 quem

2145 1785 2486 1840 videbantur
2554 1784 2815 1838 homines
2895 1779 3250 1835 acerbiorem
3303 1778 3408 1833 tibi
3468 1776 3784 1846 assignare.

2143 1873 2387 1929 Deiectis
2445 1871 2550 1926 tibi
2609 1873 2668 1926 iu
2727 1873 3024 1926 senectute
3079 1869 3249 1934 vires,
3301 1870 3380 1921 tot
3412 1871 3543 1920 ante
3588 1865 3649 1919 in
3688 1865 3790 1934 ju-

2145 1968 2314 2019 venta
2371 1961 2700 2026 exantlatis,
2752 1959 2967 2016 Christi
3012 1973 3253 2028 prorsus
3303 1955 3604 2024 beneﬁcio,
3657 1955 3788 2009 vita

2144 2054 2401 2108 ascetice
2422 2051 2738 2106 laboribus.
2763 2050 3153 2112 Quamobrem
3176 2048 3414 2101 obsecro
3437 2051 3493 2099 et
3508 2047 3786 2112 obtestor,

2145 2150 2207 2198 ut
2255 2142 2383 2196 cibo
2437 2157 2502 2196 ac
2541 2145 2678 2210 potu
2731 2138 2955 2208 corpori
2992 2136 3273 2192 exhausto
3323 2135 3656 2190 subvenias.
3702 2138 3785 2190 Ne

2149 2247 2396 2286 recusa:
2457 2229 2678 2285 sufﬁcit
2734 2228 2837 2283 tibi
2898 2226 3167 2294 solitudo,
3227 2240 3439 2286 carcer,
3491 2240 3780 2291 secessus,

2145 2320 2417 2390 colloquii
2443 2319 2657 2390 inepia,
2683 2334 2875 2372 rerum
2898 2315 3162 2372 omnium
3190 2315 3452 2385 penuria.
3477 2313 3783 2368 imbecilli-

2145 2412 2234 2464 tas
2265 2419 2387 2463 tum
2420 2409 2492 2462 ab
2524 2413 2708 2472 atate,
2744 2411 2865 2460 tum
2908 2406 2978 2460 ab
3010 2405 3374 2475 mgriludine,
3407 2403 3509 2456 illa
3532 2404 3784 2473 denique

2146 2501 2216 2554 de
2275 2499 2442 2554 nobis
2483 2496 2881 2568 peccatoribus
2929 2495 3178 2564 aliisque
3221 2493 3576 2549 sollicitudo.
3632 2494 3784 2548 Satis

2145 2588 2251 2643 tibi
2285 2587 2362 2642 sit
2395 2588 2505 2642 ista
2537 2587 2849 2650 sustinere,
2901 2583 3314 2653 cogitationum
3349 2583 3584 2636 interim
3609 2597 3788 2636 mun-

2148 2679 2348 2734 ditiam
2407 2675 2788 2741 consectanti,
2840 2679 3028 2729 erecta
3073 2675 3144 2727 ad
3196 2673 3542 2728 sublimium
3594 2688 3788 2727 rerum

2146 2767 2702 2837 contemplationem
2770 2764 3002 2835 egregia
3060 2768 3276 2819 mente.
3335 2763 3577 2826 Quando
3636 2777 3792 2816 nunc

2148 2859 2404 2914 solitudo
2449 2857 2630 2922 adest,
2684 2853 2844 2910 nullo
2895 2853 3121 2924 negotio
3165 2870 3347 2920 mens,
3398 2853 3579 2906 instar
3627 2867 3789 2920 aquae

2148 2965 2247 3019 per
2294 2947 2412 3002 vim
2463 2963 2492 3001 e
2543 2945 2738 3000 fistula
2785 2944 3164 3014 erumpentis,
3215 2945 3285 2997 ad
3337 2943 3577 3013 abjectis
3627 2942 3793 2996 humi

2148 3038 2325 3092 rebus
2365 3037 2434 3090 ad
2483 3034 2735 3090 ccelestia
2780 3033 3042 3104 prosilire
3101 3037 3309 3104 potest.
3365 3031 3481 3086 Hoc
3524 3031 3667 3086 illud
3703 3034 3792 3085 est

2148 3128 2297 3198 quod
2331 3126 2664 3197 quaerimus,
2719 3132 2775 3180 ut
2807 3140 2937 3178 cum
2973 3123 3085 3177 Deo
3113 3122 3168 3177 iu
3205 3125 3541 3193 perpetuum
3575 3121 3787 3188 simus,

2149 3232 2250 3288 per
2281 3215 2709 3270 immunitatem
2743 3230 2776 3267 a
2823 3212 3000 3279 vitiis,
3041 3210 3314 3283 copulati.
3369 3209 3652 3264 Caeterum
3691 3224 3792 3265 co-

389 3316 560 3355 ronas
642 3298 966 3354 dimicando
1015 3299 1362 3369 comparari,
1411 3319 1444 3356 a
1499 3302 1766 3358 Patribus
1825 3305 2043 3360 nostris
2101 3307 2392 3361 sancitum
2460 3309 2566 3360 est.
2637 3303 3020 3369 Quamobrem
3086 3303 3156 3361 si,
3225 3299 3313 3357 vel
3374 3299 3558 3371 pressi
3628 3297 3780 3354 bello

388 3395 740 3461 perstamus,
765 3389 1013 3445 victoria:
1039 3389 1297 3456 laudem,
1328 3397 1598 3462 superato
1630 3393 1882 3461 diabolo,
1919 3399 2309 3466 reportamus.

464 3478 601 3552 Ἐγὼ
666 3475 722 3532 δὲ
775 3477 1105 3555 αἰσχύνομαι
1162 3478 1484 3555 ’ξισχημένος
1539 3479 1612 3533 ὢν
1654 3487 1774 3542 τοῖς
1824 3481 2040 3549 πάθεσι,

389 3570 614 3620 τοιαῦτα
646 3567 780 3640 πρὸς
812 3567 867 3619 σὲ
911 3566 1004 3619 τὸν
1058 3568 1265 3640 Πατέρα
1318 3589 1420 3640 μου
1470 3571 1840 3646 φθεγγόμενος
1867 3590 1879 3601 ·
1915 3568 2043 3624 ἀλλ’

395 3657 737 3730 ἠνάγκασμαι
781 3653 850 3708 δι’
885 3655 1126 3724 ὑπακοήν
1180 3676 1292 3710 σου.
1343 3656 1516 3712 Καλὸν
1562 3659 1624 3712 τὸ
1667 3657 1896 3727 λυθῆναι
1942 3666 2040 3728 τῆς

397 3743 749 3819 πολυδέσμου
795 3744 1183 3818 προσπαθείας,
1223 3747 1312 3800 καὶ
1364 3745 1582 3813 δεθῆναι
1638 3753 1717 3820 τῷ
1768 3749 2042 3824 ἀκορέστῳ

399 3829 559 3904 ἔρωτι
594 3835 818 3910 Κυρίου.
870 3836 1172 3908 Συμρέρον,
1207 3836 1380 3911 Πάτερ
1431 3859 1558 3909 μου,
1587 3839 1647 3892 τὸ
1705 3839 2042 3912 ἀποσχέσθαι

398 3932 498 3994 τῆς
554 3929 659 3978 τῶν
718 3927 901 3980 παθῶν
947 3921 1233 3992 δυσωδίας,
1263 3927 1352 3980 καὶ
1385 3926 1758 4004 ὀσφραίνεσθαι
1793 3935 1894 3996 τῆς
1946 3933 2043 3982 τοῦ

399 4014 704 4086 πνεύματος
762 4013 1009 4078 εὐωδίας.
1062 4018 1336 4089 Μακάριόν
1392 4017 1453 4070 τὸ
1510 4019 1916 4095 κατανυχθῆναι
1957 4017 2044 4072 ἐν-

396 4106 584 4172 ταῦθα,
641 4105 728 4158 καὶ
788 4110 1019 4160 κλαῦσαι
1079 4106 1232 4180 ὑπὲρ.
1279 4147 1291 4160 .
1337 4150 1350 4162 .
1396 4148 1409 4162 .
1457 4147 1470 4162 .
1515 4148 1530 4162 .
1574 4150 1589 4165 .
1632 4147 1647 4161 .
1694 4150 1709 4166 .
1752 4149 1768 4164 .
1813 4150 1827 4163 .
1871 4151 1885 4164 .
1952 4109 2042 4162 καὶ

397 4192 724 4268 ἀγαλλίασις
772 4199 850 4266 τῷ
891 4195 1128 4266 τοιούτῳ
1187 4193 1240 4248 ἐν
1293 4199 1421 4248 πᾶσι
1471 4197 1862 4271 προηγουμένη
1909 4237 1922 4252 .
1968 4239 1981 4252 .
2025 4239 2040 4254 .

397 4286 530 4336 Θεοῦ
555 4301 570 4314 ο
619 4285 677 4345 ὃς
717 4285 955 4358 καθάπερ
999 4288 1104 4358 πῦρ
1139 4284 1225 4338 ὅτε
1257 4282 1309 4337 ἐν
1359 4288 1426 4356 τῇ
1477 4287 1630 4359 ψυχῇ
1687 4285 1929 4360 γένηται,
1963 4286 2046 4362 ἐγ-

397 4371 746 4448 καταφεύγειν
803 4372 1006 4449 πέρυκε
1076 4373 1171 4434 τὰς
1247 4369 1502 4435 εἰσϐολὰς
1586 4383 1686 4444 τῆς
1751 4378 2041 4451 ἁμαρτίας.

399 4465 522 4521 Πῶς
572 4458 628 4515 δῖε
687 4460 748 4516 οὐ
788 4458 1078 4538 φοϐητέον,
1111 4463 1168 4516 ὃν
1199 4461 1510 4539 φρίττουσιν
1543 4461 1768 4538 ἄγγελοι
1793 4483 1806 4497 ’
1852 4464 1913 4519 οὖ
1965 4470 2044 4538 τῷ

403 4549 680 4624 βλέμματι
719 4549 948 4606 δονεῖται
989 4554 1023 4621 ἡ
1064 4553 1236 4612 κτίσις
1269 4573 1282 4586 ·
1327 4553 1372 4624 ᾧ
1418 4555 1876 4629 παραστησόμεθα
1922 4556 2047 4609 πάν-

397 4659 485 4700 τες
532 4639 728 4714 γυμνοὶ
803 4641 892 4696 καὶ
976 4639 1515 4716 τετραχηλισμένοι·
1575 4644 1768 4717 μικρὸν
1827 4642 2041 4717 ὕστερον

2228 3486 2316 3539 Me
2335 3501 2486 3550 vero,
2511 3483 2601 3538 cui
2626 3481 2976 3554 cupiditates
3001 3481 3309 3551 imperant,
3331 3479 3620 3550 eiusmodi
3644 3479 3794 3549 apud

2153 3577 2211 3628 te
2241 3573 2466 3627 Patrem
2501 3589 2696 3627 meum
2743 3571 3006 3626 oratione
3052 3570 3134 3624 uti
3170 3571 3390 3641 pudet:
3425 3571 3528 3624 sed
3561 3573 3797 3623 coactus

2156 3663 2283 3725 ieci,
2314 3667 2373 3716 ut
2395 3661 2498 3716 tibi
2526 3678 2743 3716 morem
2764 3676 3042 3731 gererem.
3072 3659 3382 3714 Pulchrum
3407 3662 3496 3712 est
3521 3656 3800 3728 cupidita-

2155 3757 2277 3806 tutn
2312 3751 2532 3806 absolvi
2576 3750 2845 3816 vinculis,
2889 3754 2946 3804 et
2992 3748 3284 3820 inexpleto
3327 3746 3557 3803 Domini
3604 3761 3800 3800 amore

2154 3841 2496 3910 constringi.
2549 3840 2808 3911 Expedit,
2859 3839 2939 3894 mi
2995 3839 3180 3906 Pater,
3233 3855 3266 3893 a
3324 3842 3472 3893 tetro
3526 3837 3801 3892 vitiorum

2155 3932 2326 3986 odore
2393 3931 2722 3998 abscedere,
2769 3945 2833 3985 ac
2871 3929 3218 3984 suavitatem
3260 3927 3500 3999 spiritus
3543 3926 3792 3982 odorari.

2154 4023 2310 4077 Felix
2343 4022 2716 4092 faustumque
2760 4021 2847 4076 hic
2888 4020 3086 4075 dolore
3119 4019 3317 4090 pungi,
3347 4035 3411 4074 ac
3432 4018 3626 4090 lugere
3658 4033 3793 4088 pro-

2157 4116 2278 4182 pter
2312 4155 2362 4167 ..
2385 4153 2397 4165 .
2426 4152 2438 4166 .
2467 4153 2480 4167 .
2508 4151 2520 4166 .
2551 4151 2563 4164 .
2592 4151 2605 4164 .
2636 4151 2649 4164 .
2677 4153 2692 4167 .
2720 4153 2734 4167 .
2775 4114 2832 4165 et
2861 4109 2992 4164 huic
3023 4108 3352 4176 exsultatio,
3385 4107 3484 4178 qui
3515 4108 3574 4162 in
3605 4105 3794 4162 omni-

2154 4201 2266 4255 bus
2301 4200 2488 4270 primo
2521 4200 2643 4256 loco
2724 4241 2737 4255 .
2819 4238 2832 4254 .
2911 4237 2924 4251 .
3004 4238 3018 4252 .
3096 4197 3353 4252 timorem
3401 4195 3794 4267 Deizquippe

2155 4288 2254 4358 qui
2287 4289 2466 4342 instar
2497 4287 2646 4358 ignis
2677 4303 2808 4342 cum
2841 4288 2896 4340 in
2931 4285 3126 4341 animo
3159 4285 3355 4352 fuerit,
3389 4285 3496 4339 hoc
3532 4283 3710 4338 habet
3731 4287 3796 4338 ut

2156 4377 2373 4448 peccati
2423 4377 2704 4448 impetum
2743 4376 3002 4448 effugiat.
3053 4376 3176 4440 Quo
3227 4380 3418 4430 autem
3465 4378 3632 4445 pacto
3680 4389 3794 4428 non

2153 4466 2254 4522 ille
2301 4466 2788 4532 extimescendus,
2840 4482 3012 4537 quem
3065 4463 3255 4536 angeli
3307 4468 3563 4535 pavent:
3626 4463 3797 4533 cujus

2154 4558 2420 4612 contuitu
2470 4573 2563 4612 res
2601 4556 2795 4611 omnis
2852 4559 3045 4612 creata
3087 4553 3357 4609 turbatur
3394 4553 3523 4608 :cui
3552 4553 3694 4607 nudi
3743 4559 3799 4607 et

2155 4647 2276 4716 apti
2330 4661 2534 4701 omnes
2582 4644 2908 4700 astabimus
2955 4642 3024 4713 ⁸⁸,
3071 4643 3245 4715 paulo
3294 4658 3428 4698 mox
3473 4641 3797 4697 mercedem

398 4727 801 4803 ἀποληψόμεθα
853 4735 961 4786 τῶν
1020 4727 1368 4806 βεϐιωμένων
1414 4731 1511 4795 τὰς
1563 4733 1853 4806 ἀμείψεις;
1908 4733 2036 4807 Ἐγιὶ

2156 4752 2356 4793 eorum
2390 4752 2516 4808 quae
2556 4735 2614 4790 in
2647 4734 2760 4791 vita
2799 4735 3114 4806 egerimus,
3146 4732 3494 4805 accepturi?
3523 4731 3637 4803 Ego
3665 4745 3798 4786 vero

472 4857 516 4893 “
545 4857 672 4916 Pro.
706 4877 886 4930 xxvu,
923 4861 968 4917 1.

1049 4861 1301 4934 “IReg.
1333 4880 1393 4933 ιι,
1428 4864 1516 4921 30.
1593 4863 1637 4898 ⁸³
1667 4861 1802 4918 Heb.
1839 4879 1914 4932 IV,
1950 4863 2037 4918 l3.

1987 4979 2212 5036 NOTAE.

473 5094 546 5164 (t)
585 5097 719 5152 Cod.
751 5096 938 5153 Vatic.
964 5098 1092 5162 633,
1127 5098 1165 5152 ἱ.
1200 5099 1288 5153 Ut.
1321 5097 1579 5167 Epistola
1611 5098 1679 5152 ad
1716 5097 2038 5159 Platonem.

402 5183 536 5240 quae
564 5172 652 5222 est
680 5171 828 5238 apud
853 5169 1228 5240 Sirmondum
1265 5171 1451 5224 lacera
1483 5169 1582 5240 li_b.
1617 5186 1658 5240 1,
1688 5171 1778 5224 57.
1814 5169 2044 5240 Ibihpri-

402 5255 496 5291 ma
528 5239 734 5314 lacuna
763 5239 1024 5314 expletur
1052 5259 1083 5294 a
1113 5243 1309 5314 codice
1359 5241 1480 5295 sic:
1527 5238 1716 5293 ἐσθίων
1745 5241 1834 5294 τὸν
1883 5238 2042 5314 ἄρτον

401 5326 496 5360 σου
532 5309 665 5378 μετ’,
698 5315 805 5382 etc.
844 5310 1099 5382 Reliquae
1128 5311 1348 5365 lacunre
1400 5328 1510 5366 non
1544 5315 1848 5381 eitplentur
1879 5309 2044 5366 a'co-

400 5382 525 5434 dice
559 5381 785 5435 mutilo.
821 5381 1087 5437 Attamen
1112 5385 1238 5436 cod.
1269 5398 1398 5452 pag.
1431 5385 1502 5437 63
1528 5384 1585 5438 b.
1613 5386 1728 5438 haec
1755 5385 2044 5438 habentur

399 5453 804 5527 supplementa
859 5455 936 5527 in,
976 5461 1242 5527 excerpta
1271 5451 1352 5527 ἐκ
1427 5459 1526 5521 τῆς
1559 5456 1714 5527 πρὸς
1775 5453 2039 5527 Πλάτωνα

396 5522 490 5574 τὸν
547 5522 743 5600 εαυτοῦ
804 5523 1007 5595 Πατέρα
1093 5522 1426 5591 ἐπιστολῆς·
1507 5522 1630 5586 Τὰς
1681 5525 2040 5600 τεχνολογίαις

395 5597 502 5646 τῶν
543 5592 852 5668 υποκλίνειν
900 5592 955 5668 σε
1004 5601 1104 5668 τῆς
1149 5594 1408 5666 ἀληθείας
1461 5592 1812 5667 πειρωμένων
1869 5592 2038 5668 μηδὲν

400 5666 608 5718 πτοοῦ·
665 5664 869 5725 ἁπλοῦς
929 5665 956 5718 ὁ
1016 5666 1214 5738 λόγος’
1246 5664 1430 5744 Ἵφησίν
1473 5664 1576 5741 γάρ
1636 5664 1741 5721 που
1793 5668 1820 5720 ὁ
1869 5664 2036 5742 Ἲᾶγιος

2150 5094 2458 5173 ξΕπιφάνιος
2491 5093 2555 5173 ἐν.
2576 5096 2657 5173 τῷ
2685 5096 2808 5173 περὶ
2847 5099 2944 5150 τοῦ
2997 5095 3190 5170 Πάσχα
3215 5096 3322 5173 _(a)
3345 5113 3360 5128 ο
3415 5091 3533 5157 δῖος
3562 5090 3620 5148 ἂν
3647 5092 3804 5173 ﬁniit)-

2152 5163 2571 5244 9pm1'to:,_1rapcit
2603 5163 2850 5244 risv-toﬁ
2880 5169 3003 5244 θείᾳ
3055 5163 3518 5244 Ιξρᾷφῆ-κείμενα-
3554 5163 3799 5244 συμϐου-

2153 5236 2351 5313 λεύων,
2386 5236 2512 5293 ἀπό
2537 5236 2760 5313 καρδίας
2805 5236 3108 5313 λαλεῖκαῖ
3139 5236 3467 5313 ἐνταλματα
3494 5236 3797 5313 ἀνθρώπων

2154 5307 2424 5382 διηγεῖται
2449 5329 2460 5341 '
2495 5311 2583 5364 καὶ
2609 5307 2736 5380 ’περὶ
2770 5316 2878 5367 τῶν
2909 5312 3175 5367 τοιούτων
3221 5307 3368 5382 φέρω
3388 5381 3395 5382 7
3416 5311 3482 5364 τὰ
3509 5307 3605 5364 τοῦ
3635 5310 3799 5382 κάπο-

2153 5371 2354 5456 στόλου
2414 5379 2612 5456 λέγειν,
2677 5371 2759 5437 δτι
2821 5383 2907 5436 ἐὰν
2969 5371 3572 5456 ἄγγελοςίέξ-ούρανοῦ
3631 5381 3796 5456 ἐστιν,

2154 5453 2397 5526 ἀνάθεμα
2435 5452 2617 5525 αύτῷ.
2652 5458 2782 5525 (Sed
2816 5457 2972 5510 enim
3006 5452 3038 5509 ἁ
3065 5455 3256 5509 verbis
3285 5452 3526 5526 διπλοῦς
3553 5455 3622 5508 ad
3673 5452 3799 5506 ἀνά-

2153 5525 2291 5598 θεμα
2325 5524 2488 5597 αὐτῴ
2534 5524 2710 5598 verba
2739 5529 2939 5598 eadem
2978 5526 3295 5581 recitantur
3324 5525 3384 5598 in
3432 5525 3558 5580 cod.
3607 5526 3795 5598 p.763,

2154 5604 2328 5670 etiam
2362 5616 2429 5670 ex
2459 5597 2798 5670 epistolaiad
2824 5597 3111 5670 Ignatium
3137 5597 3370 5664 ﬁlium.)
3408 5626 3470 5635 —
3492 5599 3630 5651 Axe.
3658 5597 3796 5663 MAI,

2156 5669 2419 5726 Biblioth.
2454 5685 2577 5726 nov.
2612 5673 2654 5725 t.
2687 5669 2779 5738 IV,
2812 5669 2874 5741 p.’
2905 5670 3028 5725 102.

465 5795 649 5864 (a)__En
677 5794 883 5864 studita
923 5797 1164 5864 agnoscit
1218 5801 1276 5848 ut
1303 5799 1600 5864 genuinum
1643 5795 1924 5861 Epiphanii
1955 5808 2255 5850 sermonem
2317 5799 2548 5864 aliquem
2586 5799 2649 5852 de
2706 5798 2970 5851 Paschale.
3028 5797 3232 5861 Reapse
3289 5797 3343 5847 in
3396 5808 3640 5846 sermone
3668 5793 3793 5859 Epi-

402 5856 586 5919 phanii
616 5857 679 5906 de
710 5856 979 5910 Pascbate‘
995 5874 1104 5910 non
1140 5856 1499 5914 inveniuntur.
