  <div class='ocr_page' id='page_1' title='image "/cluster/home/n/w/nwhite01/storage/ocr_20150623/99/mdp.39015005675577/563.png"; bbox 0 0 4084 6284; ppageno 0'>
   <div class='ocr_carea' id='block_1_1' title="bbox 319 377 478 437">
    <p class='ocr_par' dir='ltr' id='par_1_1' title="bbox 319 377 478 437">
     <span class='ocr_line' id='line_1_1' title="bbox 319 377 478 437; baseline -0.006 -1"><span class='ocrx_word' id='word_1_1' title='bbox 319 377 478 437; x_wconf 77' lang='grc'><strong>1115</strong></span> 
     </span>
    </p>
   </div>
   <div class='ocr_carea' id='block_1_2' title="bbox 1565 378 2485 444">
    <p class='ocr_par' dir='ltr' id='par_1_2' title="bbox 1565 378 2485 444">
     <span class='ocr_line' id='line_1_2' title="bbox 1565 378 2485 444; baseline 0.001 -4"><span class='ocrx_word' id='word_1_2' title='bbox 1565 379 1630 440; x_wconf 89' lang='lat' dir='ltr'><strong>S.</strong></span> <span class='ocrx_word' id='word_1_3' title='bbox 1679 378 2082 443; x_wconf 79' lang='lat' dir='ltr'><strong>THEODORI</strong></span> <span class='ocrx_word' id='word_1_4' title='bbox 2124 380 2485 444; x_wconf 64' lang='lat' dir='ltr'><strong>STUDITJE</strong></span> 
     </span>
    </p>
   </div>
   <div class='ocr_carea' id='block_1_3' title="bbox 3559 375 3719 438">
    <p class='ocr_par' dir='ltr' id='par_1_3' title="bbox 3559 375 3719 438">
     <span class='ocr_line' id='line_1_3' title="bbox 3559 375 3719 438; baseline -0.031 0"><span class='ocrx_word' id='word_1_5' title='bbox 3559 375 3719 438; x_wconf 71' lang='grc'><strong>1116</strong></span> 
     </span>
    </p>
   </div>
   <div class='ocr_carea' id='block_1_4' title="bbox 315 505 1958 583">
    <p class='ocr_par' dir='ltr' id='par_1_4' title="bbox 315 509 1958 583">
     <span class='ocr_line' id='line_1_4' title="bbox 315 509 1958 583; baseline 0.004 -21"><span class='ocrx_word' id='word_1_6' title='bbox 315 509 538 578; x_wconf 81' lang='lat' dir='ltr'><strong>infelix,</strong></span> <span class='ocrx_word' id='word_1_7' title='bbox 588 527 720 566; x_wconf 90' lang='lat' dir='ltr'><strong>cum</strong></span> <span class='ocrx_word' id='word_1_8' title='bbox 776 510 917 566; x_wconf 87' lang='lat' dir='ltr'><strong>nihil</strong></span> <span class='ocrx_word' id='word_1_9' title='bbox 966 527 1162 566; x_wconf 90' lang='lat' dir='ltr'><strong>eorum</strong></span> <span class='ocrx_word' id='word_1_10' title='bbox 1207 528 1334 583; x_wconf 68' lang='lat' dir='ltr'><strong>que</strong></span> <span class='ocrx_word' id='word_1_11' title='bbox 1366 514 1819 569; x_wconf 85' lang='lat' dir='ltr'><strong>commemoravi</strong></span> <span class='ocrx_word' id='word_1_12' title='bbox 1851 513 1958 570; x_wconf 88' lang='lat' dir='ltr'><strong>sim</strong></span> 
     </span>
    </p>
   </div>
   <div class='ocr_carea' id='block_1_5' title="bbox 2071 505 3720 583">
    <p class='ocr_par' dir='ltr' id='par_1_5' title="bbox 2077 505 3720 582">
     <span class='ocr_line' id='line_1_5' title="bbox 2077 505 3720 582; baseline -0.002 -14"><span class='ocrx_word' id='word_1_13' title='bbox 2077 511 2133 569; x_wconf 77' lang='grc' dir='ltr'><strong>δὲ</strong></span> <span class='ocrx_word' id='word_1_14' title='bbox 2165 515 2192 568; x_wconf 88' lang='grc' dir='ltr'>ὁ</span> <span class='ocrx_word' id='word_1_15' title='bbox 2221 513 2408 582; x_wconf 86' lang='grc' dir='ltr'>τάλας,</span> <span class='ocrx_word' id='word_1_16' title='bbox 2443 511 2494 568; x_wconf 82' lang='grc' dir='ltr'><strong>ἐν</strong></span> <span class='ocrx_word' id='word_1_17' title='bbox 2543 511 2719 568; x_wconf 75' lang='grc' dir='ltr'>οὐδενὶ</span> <span class='ocrx_word' id='word_1_18' title='bbox 2768 515 2841 568; x_wconf 85' lang='grc' dir='ltr'>ὧν</span> <span class='ocrx_word' id='word_1_19' title='bbox 2884 514 3031 567; x_wconf 78' lang='grc' dir='ltr'>εἶπον</span> <span class='ocrx_word' id='word_1_20' title='bbox 3075 513 3259 567; x_wconf 74' lang='grc' dir='ltr'>ἑαυτὸν</span> <span class='ocrx_word' id='word_1_21' title='bbox 3304 505 3720 582; x_wconf 71' lang='grc' dir='ltr'>καταλαμϐανό-</span> 
     </span>
    </p>
   </div>
   <div class='ocr_carea' id='block_1_6' title="bbox 314 600 1957 674">
    <p class='ocr_par' dir='ltr' id='par_1_6' title="bbox 314 600 1957 674">
     <span class='ocr_line' id='line_1_6' title="bbox 314 600 1957 674; baseline 0.003 -21"><span class='ocrx_word' id='word_1_22' title='bbox 314 600 708 666; x_wconf 87' lang='lat' dir='ltr'><strong>assecutus,in</strong></span> <span class='ocrx_word' id='word_1_23' title='bbox 739 616 972 654; x_wconf 89' lang='lat' dir='ltr'><strong>summo</strong></span> <span class='ocrx_word' id='word_1_24' title='bbox 998 617 1240 656; x_wconf 74' lang='lat' dir='ltr'><strong>moerere</strong></span> <span class='ocrx_word' id='word_1_25' title='bbox 1263 601 1445 656; x_wconf 87' lang='lat' dir='ltr'><strong>animi</strong></span> <span class='ocrx_word' id='word_1_26' title='bbox 1469 607 1805 658; x_wconf 87' lang='lat' dir='ltr'><strong>sanctarum</strong></span> <span class='ocrx_word' id='word_1_27' title='bbox 1830 620 1957 674; x_wconf 80' lang='lat' dir='ltr'><strong>pre-</strong></span> 
     </span>
    </p>
   </div>
   <div class='ocr_carea' id='block_1_7' title="bbox 314 680 1956 761">
    <p class='ocr_par' dir='ltr' id='par_1_7' title="bbox 314 680 1956 761">
     <span class='ocr_line' id='line_1_7' title="bbox 314 680 1956 761; baseline 0.003 -19"><span class='ocrx_word' id='word_1_28' title='bbox 314 704 446 743; x_wconf 88' lang='lat' dir='ltr'><strong>cum</strong></span> <span class='ocrx_word' id='word_1_29' title='bbox 498 695 726 744; x_wconf 88' lang='lat' dir='ltr'><strong>tuarum</strong></span> <span class='ocrx_word' id='word_1_30' title='bbox 776 706 940 761; x_wconf 93' lang='lat' dir='ltr'><strong>opem</strong></span> <span class='ocrx_word' id='word_1_31' title='bbox 984 680 1259 761; x_wconf 79' lang='lat' dir='ltr'><strong>efﬂagito,</strong></span> <span class='ocrx_word' id='word_1_32' title='bbox 1314 695 1376 745; x_wconf 93' lang='lat' dir='ltr'><strong>ut</strong></span> <span class='ocrx_word' id='word_1_33' title='bbox 1423 690 1760 761; x_wconf 83' lang='lat' dir='ltr'><strong>aperiantur</strong></span> <span class='ocrx_word' id='word_1_34' title='bbox 1804 691 1956 747; x_wconf 91' lang='lat' dir='ltr'><strong>oculi</strong></span> 
     </span>
    </p>
   </div>
   <div class='ocr_carea' id='block_1_8' title="bbox 317 779 1958 850">
    <p class='ocr_par' dir='ltr' id='par_1_8' title="bbox 317 779 1958 850">
     <span class='ocr_line' id='line_1_8' title="bbox 317 779 1958 850; baseline 0.004 -18"><span class='ocrx_word' id='word_1_35' title='bbox 317 779 532 834; x_wconf 86' lang='lat' dir='ltr'><strong>mentis</strong></span> <span class='ocrx_word' id='word_1_36' title='bbox 566 795 727 846; x_wconf 70' lang='lat' dir='ltr'><strong>meae,</strong></span> <span class='ocrx_word' id='word_1_37' title='bbox 762 787 821 833; x_wconf 89' lang='lat' dir='ltr'><strong>ut</strong></span> <span class='ocrx_word' id='word_1_38' title='bbox 851 796 1046 835; x_wconf 84' lang='lat' dir='ltr'><strong>verum</strong></span> <span class='ocrx_word' id='word_1_39' title='bbox 1081 796 1340 836; x_wconf 86' lang='lat' dir='ltr'><strong>amorem</strong></span> <span class='ocrx_word' id='word_1_40' title='bbox 1373 781 1695 850; x_wconf 74' lang='lat' dir='ltr'><strong>degustem.</strong></span> <span class='ocrx_word' id='word_1_41' title='bbox 1729 782 1835 838; x_wconf 89' lang='lat' dir='ltr'><strong>Sed</strong></span> <span class='ocrx_word' id='word_1_42' title='bbox 1869 788 1958 838; x_wconf 88' lang='lat' dir='ltr'><strong>est</strong></span> 
     </span>
    </p>
   </div>
   <div class='ocr_carea' id='block_1_9' title="bbox 315 866 1952 941">
    <p class='ocr_par' dir='ltr' id='par_1_9' title="bbox 315 866 1952 941">
     <span class='ocr_line' id='line_1_9' title="bbox 315 866 1952 941; baseline 0.004 -21"><span class='ocrx_word' id='word_1_43' title='bbox 315 866 459 922; x_wconf 88' lang='lat' dir='ltr'><strong>mihi</strong></span> <span class='ocrx_word' id='word_1_44' title='bbox 490 868 664 923; x_wconf 82' lang='lat' dir='ltr'><strong>simul</strong></span> <span class='ocrx_word' id='word_1_45' title='bbox 696 885 828 924; x_wconf 91' lang='lat' dir='ltr'><strong>cum</strong></span> <span class='ocrx_word' id='word_1_46' title='bbox 857 870 1054 925; x_wconf 88' lang='lat' dir='ltr'><strong>animo</strong></span> <span class='ocrx_word' id='word_1_47' title='bbox 1077 886 1287 939; x_wconf 87' lang='lat' dir='ltr'><strong>corpus</strong></span> <span class='ocrx_word' id='word_1_48' title='bbox 1320 887 1551 941; x_wconf 86' lang='lat' dir='ltr'><strong>quoque</strong></span> <span class='ocrx_word' id='word_1_49' title='bbox 1572 871 1952 940; x_wconf 85' lang='lat' dir='ltr'><strong>imbecillum,</strong></span> 
     </span>
    </p>
   </div>
   <div class='ocr_carea' id='block_1_10' title="bbox 313 957 1955 1032">
    <p class='ocr_par' dir='ltr' id='par_1_10' title="bbox 313 957 1955 1032">
     <span class='ocr_line' id='line_1_10' title="bbox 313 957 1955 1032; baseline 0.005 -22"><span class='ocrx_word' id='word_1_50' title='bbox 313 959 377 1010; x_wconf 90' lang='lat' dir='ltr'><strong>ut</strong></span> <span class='ocrx_word' id='word_1_51' title='bbox 407 957 556 1023; x_wconf 88' lang='lat' dir='ltr'><strong>scis;</strong></span> <span class='ocrx_word' id='word_1_52' title='bbox 590 962 648 1012; x_wconf 90' lang='lat' dir='ltr'><strong>et</strong></span> <span class='ocrx_word' id='word_1_53' title='bbox 677 958 816 1028; x_wconf 89' lang='lat' dir='ltr'><strong>quid</strong></span> <span class='ocrx_word' id='word_1_54' title='bbox 852 973 1019 1028; x_wconf 84' lang='lat' dir='ltr'><strong>agam</strong></span> <span class='ocrx_word' id='word_1_55' title='bbox 1051 958 1310 1014; x_wconf 88' lang='lat' dir='ltr'><strong>incertus</strong></span> <span class='ocrx_word' id='word_1_56' title='bbox 1343 975 1496 1014; x_wconf 90' lang='lat' dir='ltr'><strong>sum.</strong></span> <span class='ocrx_word' id='word_1_57' title='bbox 1532 960 1676 1015; x_wconf 90' lang='lat' dir='ltr'><strong>Nam</strong></span> <span class='ocrx_word' id='word_1_58' title='bbox 1709 961 1758 1016; x_wconf 92' lang='lat' dir='ltr'><strong>si</strong></span> <span class='ocrx_word' id='word_1_59' title='bbox 1783 961 1955 1032; x_wconf 88' lang='lat' dir='ltr'><strong>paulo</strong></span> 
     </span>
    </p>
   </div>
   <div class='ocr_carea' id='block_1_11' title="bbox 312 1045 1953 1120">
    <p class='ocr_par' dir='ltr' id='par_1_11' title="bbox 312 1045 1953 1120">
     <span class='ocr_line' id='line_1_11' title="bbox 312 1045 1953 1120; baseline 0.005 -22"><span class='ocrx_word' id='word_1_60' title='bbox 312 1045 592 1114; x_wconf 83' lang='lat' dir='ltr'><strong>majorem</strong></span> <span class='ocrx_word' id='word_1_61' title='bbox 641 1046 918 1102; x_wconf 87' lang='lat' dir='ltr'><strong>adhibere</strong></span> <span class='ocrx_word' id='word_1_62' title='bbox 965 1055 1242 1104; x_wconf 85' lang='lat' dir='ltr'><strong>conatum</strong></span> <span class='ocrx_word' id='word_1_63' title='bbox 1293 1049 1488 1115; x_wconf 87' lang='lat' dir='ltr'><strong>velim,</strong></span> <span class='ocrx_word' id='word_1_64' title='bbox 1543 1051 1716 1120; x_wconf 87' lang='lat' dir='ltr'><strong>perdo</strong></span> <span class='ocrx_word' id='word_1_65' title='bbox 1779 1051 1953 1106; x_wconf 88' lang='lat' dir='ltr'><strong>etiam</strong></span> 
     </span>
    </p>
   </div>
   <div class='ocr_carea' id='block_1_12' title="bbox 312 1135 1950 1211">
    <p class='ocr_par' dir='ltr' id='par_1_12' title="bbox 312 1135 1950 1211">
     <span class='ocr_line' id='line_1_12' title="bbox 312 1135 1950 1211; baseline 0.005 -23"><span class='ocrx_word' id='word_1_66' title='bbox 312 1135 664 1205; x_wconf 82' lang='lat' dir='ltr'><strong>quantulum</strong></span> <span class='ocrx_word' id='word_1_67' title='bbox 717 1137 924 1194; x_wconf 94' lang='lat' dir='ltr'><strong>habeo.</strong></span> <span class='ocrx_word' id='word_1_68' title='bbox 975 1137 1100 1194; x_wconf 88' lang='lat' dir='ltr'><strong>Una</strong></span> <span class='ocrx_word' id='word_1_69' title='bbox 1141 1138 1283 1193; x_wconf 89' lang='lat' dir='ltr'><strong>mihi</strong></span> <span class='ocrx_word' id='word_1_70' title='bbox 1316 1139 1629 1194; x_wconf 79' lang='lat' dir='ltr'><strong>consolatio</strong></span> <span class='ocrx_word' id='word_1_71' title='bbox 1659 1147 1950 1211; x_wconf 86' lang='lat' dir='ltr'><strong>superest;</strong></span> 
     </span>
    </p>
   </div>
   <div class='ocr_carea' id='block_1_13' title="bbox 312 1225 1954 1302">
    <p class='ocr_par' dir='ltr' id='par_1_13' title="bbox 312 1225 1954 1302">
     <span class='ocr_line' id='line_1_13' title="bbox 312 1225 1954 1302; baseline 0.005 -24"><span class='ocrx_word' id='word_1_72' title='bbox 312 1241 488 1296; x_wconf 90' lang='lat' dir='ltr'><strong>quam</strong></span> <span class='ocrx_word' id='word_1_73' title='bbox 519 1230 572 1281; x_wconf 87' lang='lat' dir='ltr'><strong>et</strong></span> <span class='ocrx_word' id='word_1_74' title='bbox 595 1225 696 1281; x_wconf 87' lang='lat' dir='ltr'><strong>tibi</strong></span> <span class='ocrx_word' id='word_1_75' title='bbox 720 1242 1001 1297; x_wconf 83' lang='lat' dir='ltr'><strong>exponam</strong></span> <span class='ocrx_word' id='word_1_76' title='bbox 1037 1244 1273 1284; x_wconf 90' lang='lat' dir='ltr'><strong>necesse</strong></span> <span class='ocrx_word' id='word_1_77' title='bbox 1303 1233 1413 1297; x_wconf 88' lang='lat' dir='ltr'><strong>est,</strong></span> <span class='ocrx_word' id='word_1_78' title='bbox 1449 1231 1527 1283; x_wconf 91' lang='lat' dir='ltr'><strong>mi</strong></span> <span class='ocrx_word' id='word_1_79' title='bbox 1560 1229 1765 1285; x_wconf 88' lang='lat' dir='ltr'><strong>Pater:</strong></span> <span class='ocrx_word' id='word_1_80' title='bbox 1800 1231 1954 1302; x_wconf 92' lang='lat' dir='ltr'><strong>quod</strong></span> 
     </span>
    </p>
   </div>
   <div class='ocr_carea' id='block_1_14' title="bbox 310 1315 1951 1388">
    <p class='ocr_par' dir='ltr' id='par_1_14' title="bbox 310 1315 1951 1388">
     <span class='ocr_line' id='line_1_14' title="bbox 310 1315 1951 1388; baseline 0.004 -21"><span class='ocrx_word' id='word_1_81' title='bbox 310 1329 520 1385; x_wconf 86' lang='lat' dir='ltr'><strong>nempe</strong></span> <span class='ocrx_word' id='word_1_82' title='bbox 551 1315 877 1384; x_wconf 88' lang='lat' dir='ltr'><strong>didicerim,</strong></span> <span class='ocrx_word' id='word_1_83' title='bbox 928 1333 994 1372; x_wconf 83' lang='lat' dir='ltr'><strong>ex</strong></span> <span class='ocrx_word' id='word_1_84' title='bbox 1027 1317 1271 1373; x_wconf 85' lang='lat' dir='ltr'><strong>lectione</strong></span> <span class='ocrx_word' id='word_1_85' title='bbox 1317 1322 1373 1373; x_wconf 89' lang='lat' dir='ltr'><strong>et</strong></span> <span class='ocrx_word' id='word_1_86' title='bbox 1405 1335 1509 1374; x_wconf 88' lang='lat' dir='ltr'><strong>usu</strong></span> <span class='ocrx_word' id='word_1_87' title='bbox 1544 1318 1951 1388; x_wconf 83' lang='lat' dir='ltr'><strong>Orientalium,</strong></span> 
     </span>
    </p>
   </div>
   <div class='ocr_carea' id='block_1_15' title="bbox 312 1407 1955 1480">
    <p class='ocr_par' dir='ltr' id='par_1_15' title="bbox 312 1407 1955 1480">
     <span class='ocr_line' id='line_1_15' title="bbox 312 1407 1955 1480; baseline 0.004 -21"><span class='ocrx_word' id='word_1_88' title='bbox 312 1410 572 1474; x_wconf 82' lang='lat' dir='ltr'><strong>oportere</strong></span> <span class='ocrx_word' id='word_1_89' title='bbox 601 1422 697 1461; x_wconf 90' lang='lat' dir='ltr'><strong>eos</strong></span> <span class='ocrx_word' id='word_1_90' title='bbox 729 1409 826 1478; x_wconf 85' lang='lat' dir='ltr'><strong>qui</strong></span> <span class='ocrx_word' id='word_1_91' title='bbox 859 1407 1037 1463; x_wconf 90' lang='lat' dir='ltr'><strong>vitam</strong></span> <span class='ocrx_word' id='word_1_92' title='bbox 1070 1408 1129 1463; x_wconf 91' lang='lat' dir='ltr'><strong>in</strong></span> <span class='ocrx_word' id='word_1_93' title='bbox 1165 1425 1459 1464; x_wconf 89' lang='lat' dir='ltr'><strong>secessum</strong></span> <span class='ocrx_word' id='word_1_94' title='bbox 1481 1413 1680 1480; x_wconf 86' lang='lat' dir='ltr'><strong>agunt,</strong></span> <span class='ocrx_word' id='word_1_95' title='bbox 1706 1410 1955 1480; x_wconf 82' lang='lat' dir='ltr'><strong>singulis</strong></span> 
     </span>
    </p>
   </div>
   <div class='ocr_carea' id='block_1_16' title="bbox 313 1491 1950 1568">
    <p class='ocr_par' dir='ltr' id='par_1_16' title="bbox 313 1491 1950 1568">
     <span class='ocr_line' id='line_1_16' title="bbox 313 1491 1950 1568; baseline 0.004 -21"><span class='ocrx_word' id='word_1_96' title='bbox 313 1491 542 1560; x_wconf 89' lang='lat' dir='ltr'><strong>diebus,</strong></span> <span class='ocrx_word' id='word_1_97' title='bbox 577 1493 623 1548; x_wconf 89' lang='lat' dir='ltr'><strong>si</strong></span> <span class='ocrx_word' id='word_1_98' title='bbox 656 1494 895 1564; x_wconf 90' lang='lat' dir='ltr'><strong>quidem</strong></span> <span class='ocrx_word' id='word_1_99' title='bbox 938 1496 1060 1551; x_wconf 74' lang='lat' dir='ltr'><strong>fieri</strong></span> <span class='ocrx_word' id='word_1_100' title='bbox 1094 1497 1277 1568; x_wconf 86' lang='lat' dir='ltr'><strong>possit</strong></span> <span class='ocrx_word' id='word_1_101' title='bbox 1319 1497 1666 1567; x_wconf 86' lang='lat' dir='ltr'><strong>participare</strong></span> <span class='ocrx_word' id='word_1_102' title='bbox 1697 1497 1950 1554; x_wconf 85' lang='lat' dir='ltr'><strong>divinam</strong></span> 
     </span>
    </p>
   </div>
   <div class='ocr_carea' id='block_1_17' title="bbox 310 1580 1953 1656">
    <p class='ocr_par' dir='ltr' id='par_1_17' title="bbox 310 1580 1953 1656">
     <span class='ocr_line' id='line_1_17' title="bbox 310 1580 1953 1656; baseline 0.004 -23"><span class='ocrx_word' id='word_1_103' title='bbox 310 1580 802 1636; x_wconf 89' lang='lat' dir='ltr'><strong>communionem.</strong></span> <span class='ocrx_word' id='word_1_104' title='bbox 837 1581 1004 1636; x_wconf 86' lang='lat' dir='ltr'><strong>lluno</strong></span> <span class='ocrx_word' id='word_1_105' title='bbox 1050 1599 1273 1639; x_wconf 89' lang='lat' dir='ltr'><strong>morem</strong></span> <span class='ocrx_word' id='word_1_106' title='bbox 1318 1585 1561 1652; x_wconf 85' lang='lat' dir='ltr'><strong>servavi,</strong></span> <span class='ocrx_word' id='word_1_107' title='bbox 1609 1584 1708 1656; x_wconf 87' lang='lat' dir='ltr'><strong>qui</strong></span> <span class='ocrx_word' id='word_1_108' title='bbox 1740 1584 1953 1640; x_wconf 89' lang='lat' dir='ltr'><strong>misero</strong></span> 
     </span>
    </p>
   </div>
   <div class='ocr_carea' id='block_1_18' title="bbox 312 1667 1953 1744">
    <p class='ocr_par' dir='ltr' id='par_1_18' title="bbox 312 1667 1953 1744">
     <span class='ocr_line' id='line_1_18' title="bbox 312 1667 1953 1744; baseline 0.004 -22"><span class='ocrx_word' id='word_1_109' title='bbox 312 1667 456 1723; x_wconf 87' lang='lat' dir='ltr'><strong>mihi</strong></span> <span class='ocrx_word' id='word_1_110' title='bbox 488 1685 655 1740; x_wconf 91' lang='lat' dir='ltr'><strong>opem</strong></span> <span class='ocrx_word' id='word_1_111' title='bbox 689 1670 904 1737; x_wconf 87' lang='lat' dir='ltr'><strong>attulit,</strong></span> <span class='ocrx_word' id='word_1_112' title='bbox 958 1677 1222 1728; x_wconf 85' lang='lat' dir='ltr'><strong>revocato</strong></span> <span class='ocrx_word' id='word_1_113' title='bbox 1274 1673 1621 1744; x_wconf 83' lang='lat' dir='ltr'><strong>cogitatione</strong></span> <span class='ocrx_word' id='word_1_114' title='bbox 1653 1690 1686 1728; x_wconf 88' lang='lat' dir='ltr'><strong>a</strong></span> <span class='ocrx_word' id='word_1_115' title='bbox 1726 1673 1953 1730; x_wconf 86' lang='lat' dir='ltr'><strong>vitiosis</strong></span> 
     </span>
    </p>
   </div>
   <div class='ocr_carea' id='block_1_19' title="bbox 312 1758 1953 1834">
    <p class='ocr_par' dir='ltr' id='par_1_19' title="bbox 312 1758 1953 1834">
     <span class='ocr_line' id='line_1_19' title="bbox 312 1758 1953 1834; baseline 0.004 -22"><span class='ocrx_word' id='word_1_116' title='bbox 312 1758 492 1812; x_wconf 84' lang='lat' dir='ltr'><strong>animi</strong></span> <span class='ocrx_word' id='word_1_117' title='bbox 511 1759 791 1829; x_wconf 86' lang='lat' dir='ltr'><strong>motibus,</strong></span> <span class='ocrx_word' id='word_1_118' title='bbox 826 1768 1056 1833; x_wconf 84' lang='lat' dir='ltr'><strong>propter</strong></span> <span class='ocrx_word' id='word_1_119' title='bbox 1079 1763 1215 1817; x_wconf 93' lang='lat' dir='ltr'><strong>doni</strong></span> <span class='ocrx_word' id='word_1_120' title='bbox 1239 1763 1657 1834; x_wconf 69' lang='lat' dir='ltr'><strong>praestantiam,</strong></span> <span class='ocrx_word' id='word_1_121' title='bbox 1688 1779 1814 1833; x_wconf 69' lang='lat' dir='ltr'><strong>quae</strong></span> <span class='ocrx_word' id='word_1_122' title='bbox 1839 1779 1953 1818; x_wconf 88' lang='lat' dir='ltr'><strong>me-</strong></span> 
     </span>
    </p>
   </div>
   <div class='ocr_carea' id='block_1_20' title="bbox 314 1847 1953 1922">
    <p class='ocr_par' dir='ltr' id='par_1_20' title="bbox 314 1847 1953 1922">
     <span class='ocr_line' id='line_1_20' title="bbox 314 1847 1953 1922; baseline 0.003 -20"><span class='ocrx_word' id='word_1_123' title='bbox 314 1855 433 1902; x_wconf 92' lang='lat' dir='ltr'><strong>tum</strong></span> <span class='ocrx_word' id='word_1_124' title='bbox 467 1847 694 1906; x_wconf 90' lang='lat' dir='ltr'><strong>incutit.</strong></span> <span class='ocrx_word' id='word_1_125' title='bbox 719 1850 864 1905; x_wconf 87' lang='lat' dir='ltr'><strong>Nam</strong></span> <span class='ocrx_word' id='word_1_126' title='bbox 892 1851 1032 1921; x_wconf 90' lang='lat' dir='ltr'><strong>quid</strong></span> <span class='ocrx_word' id='word_1_127' title='bbox 1057 1853 1274 1922; x_wconf 82' lang='lat' dir='ltr'><strong>majus,</strong></span> <span class='ocrx_word' id='word_1_128' title='bbox 1299 1852 1417 1908; x_wconf 84' lang='lat' dir='ltr'><strong>sive</strong></span> <span class='ocrx_word' id='word_1_129' title='bbox 1432 1853 1500 1906; x_wconf 87' lang='lat' dir='ltr'><strong>ad</strong></span> <span class='ocrx_word' id='word_1_130' title='bbox 1530 1851 1811 1917; x_wconf 66' lang='lat' dir='ltr'><strong>laetitiam,</strong></span> <span class='ocrx_word' id='word_1_131' title='bbox 1835 1852 1953 1908; x_wconf 87' lang='lat' dir='ltr'><strong>sive</strong></span> 
     </span>
    </p>
   </div>
   <div class='ocr_carea' id='block_1_21' title="bbox 313 1935 1958 2012">
    <p class='ocr_par' dir='ltr' id='par_1_21' title="bbox 313 1935 1958 2012">
     <span class='ocr_line' id='line_1_21' title="bbox 313 1935 1958 2012; baseline 0.002 -20"><span class='ocrx_word' id='word_1_132' title='bbox 313 1935 386 1992; x_wconf 79' lang='lat' dir='ltr'><strong>ad</strong></span> <span class='ocrx_word' id='word_1_133' title='bbox 409 1935 904 1995; x_wconf 86' lang='lat' dir='ltr'><strong>collustrationem</strong></span> <span class='ocrx_word' id='word_1_134' title='bbox 933 1941 1111 1995; x_wconf 87' lang='lat' dir='ltr'><strong>animi</strong></span> <span class='ocrx_word' id='word_1_135' title='bbox 1135 1957 1262 1996; x_wconf 87' lang='lat' dir='ltr'><strong>esse</strong></span> <span class='ocrx_word' id='word_1_136' title='bbox 1284 1940 1522 1997; x_wconf 89' lang='lat' dir='ltr'><strong>omnino</strong></span> <span class='ocrx_word' id='word_1_137' title='bbox 1541 1945 1731 2012; x_wconf 89' lang='lat' dir='ltr'><strong>potest</strong></span> <span class='ocrx_word' id='word_1_138' title='bbox 1760 1941 1958 1996; x_wconf 89' lang='lat' dir='ltr'><strong>divina</strong></span> 
     </span>
    </p>
   </div>
   <div class='ocr_carea' id='block_1_22' title="bbox 314 2027 1951 2102">
    <p class='ocr_par' dir='ltr' id='par_1_22' title="bbox 314 2027 1951 2102">
     <span class='ocr_line' id='line_1_22' title="bbox 314 2027 1951 2102; baseline 0.004 -22"><span class='ocrx_word' id='word_1_139' title='bbox 314 2027 767 2082; x_wconf 86' lang='lat' dir='ltr'><strong>communione?</strong></span> <span class='ocrx_word' id='word_1_140' title='bbox 790 2029 852 2083; x_wconf 90' lang='lat' dir='ltr'><strong>In</strong></span> <span class='ocrx_word' id='word_1_141' title='bbox 868 2028 1106 2084; x_wconf 89' lang='lat' dir='ltr'><strong>calicem</strong></span> <span class='ocrx_word' id='word_1_142' title='bbox 1128 2034 1319 2084; x_wconf 87' lang='lat' dir='ltr'><strong>autem</strong></span> <span class='ocrx_word' id='word_1_143' title='bbox 1345 2030 1586 2085; x_wconf 89' lang='lat' dir='ltr'><strong>vitreum</strong></span> <span class='ocrx_word' id='word_1_144' title='bbox 1604 2029 1951 2102; x_wconf 86' lang='lat' dir='ltr'><strong>peculiarem</strong></span> 
     </span>
    </p>
   </div>
   <div class='ocr_carea' id='block_1_23' title="bbox 309 2113 1956 2190">
    <p class='ocr_par' dir='ltr' id='par_1_23' title="bbox 309 2113 1956 2190">
     <span class='ocr_line' id='line_1_23' title="bbox 309 2113 1956 2190; baseline 0.004 -21"><span class='ocrx_word' id='word_1_145' title='bbox 309 2113 444 2169; x_wconf 82' lang='lat' dir='ltr'><strong>vino</strong></span> <span class='ocrx_word' id='word_1_146' title='bbox 471 2114 696 2184; x_wconf 82' lang='lat' dir='ltr'><strong>defuso,</strong></span> <span class='ocrx_word' id='word_1_147' title='bbox 738 2133 802 2172; x_wconf 88' lang='lat' dir='ltr'><strong>ac</strong></span> <span class='ocrx_word' id='word_1_148' title='bbox 843 2115 1090 2173; x_wconf 88' lang='lat' dir='ltr'><strong>solemni</strong></span> <span class='ocrx_word' id='word_1_149' title='bbox 1141 2119 1455 2188; x_wconf 79' lang='lat' dir='ltr'><strong>precationi</strong></span> <span class='ocrx_word' id='word_1_150' title='bbox 1490 2124 1740 2190; x_wconf 80' lang='lat' dir='ltr'><strong>peracta,</strong></span> <span class='ocrx_word' id='word_1_151' title='bbox 1775 2137 1956 2190; x_wconf 88' lang='lat' dir='ltr'><strong>quan-</strong></span> 
     </span>
    </p>
   </div>
   <div class='ocr_carea' id='block_1_24' title="bbox 312 2207 1956 2283">
    <p class='ocr_par' dir='ltr' id='par_1_24' title="bbox 312 2207 1956 2283">
     <span class='ocr_line' id='line_1_24' title="bbox 312 2207 1956 2283; baseline 0.005 -23"><span class='ocrx_word' id='word_1_152' title='bbox 312 2222 488 2275; x_wconf 83' lang='lat' dir='ltr'><strong>quam</strong></span> <span class='ocrx_word' id='word_1_153' title='bbox 512 2207 789 2280; x_wconf 83' lang='lat' dir='ltr'><strong>indignus</strong></span> <span class='ocrx_word' id='word_1_154' title='bbox 811 2211 946 2265; x_wconf 93' lang='lat' dir='ltr'><strong>doni</strong></span> <span class='ocrx_word' id='word_1_155' title='bbox 970 2227 1207 2283; x_wconf 88' lang='lat' dir='ltr'><strong>compos</strong></span> <span class='ocrx_word' id='word_1_156' title='bbox 1229 2211 1320 2267; x_wconf 83' lang='lat' dir='ltr'><strong>tio.</strong></span> <span class='ocrx_word' id='word_1_157' title='bbox 1347 2211 1546 2267; x_wconf 89' lang='lat' dir='ltr'><strong>Indica</strong></span> <span class='ocrx_word' id='word_1_158' title='bbox 1562 2211 1701 2266; x_wconf 91' lang='lat' dir='ltr'><strong>mihi</strong></span> <span class='ocrx_word' id='word_1_159' title='bbox 1726 2216 1956 2268; x_wconf 88' lang='lat' dir='ltr'><strong>rectene</strong></span> 
     </span>
    </p>
   </div>
   <div class='ocr_carea' id='block_1_25' title="bbox 312 2299 1956 2370">
    <p class='ocr_par' dir='ltr' id='par_1_25' title="bbox 312 2299 1956 2370">
     <span class='ocr_line' id='line_1_25' title="bbox 312 2299 1956 2370; baseline 0.004 -18"><span class='ocrx_word' id='word_1_160' title='bbox 312 2313 504 2368; x_wconf 83' lang='lat' dir='ltr'><strong>agam,</strong></span> <span class='ocrx_word' id='word_1_161' title='bbox 529 2315 602 2354; x_wconf 89' lang='lat' dir='ltr'><strong>an</strong></span> <span class='ocrx_word' id='word_1_162' title='bbox 635 2315 826 2358; x_wconf 89' lang='lat' dir='ltr'><strong>secus.</strong></span> <span class='ocrx_word' id='word_1_163' title='bbox 861 2299 1022 2357; x_wconf 86' lang='lat' dir='ltr'><strong>Ultra</strong></span> <span class='ocrx_word' id='word_1_164' title='bbox 1047 2341 1062 2358; x_wconf 97' lang='lat'><strong>.</strong></span> <span class='ocrx_word' id='word_1_165' title='bbox 1089 2342 1103 2356; x_wconf 94' lang='lat'><strong>.</strong></span> <span class='ocrx_word' id='word_1_166' title='bbox 1130 2341 1143 2356; x_wconf 94' lang='lat'><strong>.</strong></span> <span class='ocrx_word' id='word_1_167' title='bbox 1175 2341 1190 2356; x_wconf 94' lang='lat'><strong>.</strong></span> <span class='ocrx_word' id='word_1_168' title='bbox 1219 2340 1234 2357; x_wconf 94' lang='lat'><strong>.</strong></span> <span class='ocrx_word' id='word_1_169' title='bbox 1256 2342 1270 2356; x_wconf 94' lang='lat'><strong>.</strong></span> <span class='ocrx_word' id='word_1_170' title='bbox 1303 2301 1515 2356; x_wconf 87' lang='lat' dir='ltr'><strong>labores</strong></span> <span class='ocrx_word' id='word_1_171' title='bbox 1543 2304 1827 2370; x_wconf 79' lang='lat' dir='ltr'><strong>fructuum</strong></span> <span class='ocrx_word' id='word_1_172' title='bbox 1843 2305 1956 2358; x_wconf 83' lang='lat' dir='ltr'><strong>tuo-</strong></span> 
     </span>
    </p>
   </div>
   <div class='ocr_carea' id='block_1_26' title="bbox 311 2391 1958 2458">
    <p class='ocr_par' dir='ltr' id='par_1_26' title="bbox 311 2391 1958 2458">
     <span class='ocr_line' id='line_1_26' title="bbox 311 2391 1958 2458; baseline 0.003 -15"><span class='ocrx_word' id='word_1_173' title='bbox 311 2403 439 2443; x_wconf 85' lang='lat' dir='ltr'><strong>rum</strong></span> <span class='ocrx_word' id='word_1_174' title='bbox 467 2391 812 2446; x_wconf 78' lang='lat' dir='ltr'><strong>manducare</strong></span> <span class='ocrx_word' id='word_1_175' title='bbox 837 2409 856 2445; x_wconf 92' lang='lat'><strong><em>:</em></strong></span> <span class='ocrx_word' id='word_1_176' title='bbox 891 2393 1081 2447; x_wconf 85' lang='lat' dir='ltr'><strong>beatus</strong></span> <span class='ocrx_word' id='word_1_177' title='bbox 1116 2407 1190 2458; x_wconf 90' lang='lat' dir='ltr'><strong>es,</strong></span> <span class='ocrx_word' id='word_1_178' title='bbox 1225 2391 1304 2446; x_wconf 90' lang='lat' dir='ltr'><strong>mi</strong></span> <span class='ocrx_word' id='word_1_179' title='bbox 1358 2392 1542 2453; x_wconf 87' lang='lat' dir='ltr'><strong>Pater,</strong></span> <span class='ocrx_word' id='word_1_180' title='bbox 1594 2400 1648 2448; x_wconf 81' lang='lat' dir='ltr'><strong>et</strong></span> <span class='ocrx_word' id='word_1_181' title='bbox 1699 2394 1831 2450; x_wconf 86' lang='lat' dir='ltr'><strong>bene</strong></span> <span class='ocrx_word' id='word_1_182' title='bbox 1859 2395 1958 2449; x_wconf 76' lang='lat' dir='ltr'><strong>tibi</strong></span> 
     </span>
    </p>
   </div>
   <div class='ocr_carea' id='block_1_27' title="bbox 311 2477 1956 2555">
    <p class='ocr_par' dir='ltr' id='par_1_27' title="bbox 311 2477 1956 2555">
     <span class='ocr_line' id='line_1_27' title="bbox 311 2477 1956 2555; baseline 0.005 -23"><span class='ocrx_word' id='word_1_183' title='bbox 311 2480 416 2533; x_wconf 79' lang='lat' dir='ltr'><strong>erit</strong></span> <span class='ocrx_word' id='word_1_184' title='bbox 444 2477 510 2547; x_wconf 80' lang='grc'><strong>⁸⁷,</strong></span> <span class='ocrx_word' id='word_1_185' title='bbox 545 2479 645 2552; x_wconf 88' lang='lat' dir='ltr'><strong>qui</strong></span> <span class='ocrx_word' id='word_1_186' title='bbox 679 2479 998 2537; x_wconf 90' lang='lat' dir='ltr'><strong>multorum</strong></span> <span class='ocrx_word' id='word_1_187' title='bbox 1027 2481 1188 2538; x_wconf 87' lang='lat' dir='ltr'><strong>Pater</strong></span> <span class='ocrx_word' id='word_1_188' title='bbox 1205 2499 1285 2543; x_wconf 85' lang='lat' dir='ltr'><strong>es,</strong></span> <span class='ocrx_word' id='word_1_189' title='bbox 1309 2487 1487 2555; x_wconf 85' lang='lat' dir='ltr'><strong>atque</strong></span> <span class='ocrx_word' id='word_1_190' title='bbox 1509 2484 1577 2538; x_wconf 89' lang='lat' dir='ltr'><strong>ad</strong></span> <span class='ocrx_word' id='word_1_191' title='bbox 1604 2489 1825 2540; x_wconf 87' lang='lat' dir='ltr'><strong>tantum</strong></span> <span class='ocrx_word' id='word_1_192' title='bbox 1854 2485 1956 2540; x_wconf 56' lang='lat' dir='ltr'><strong>vir.</strong></span> 
     </span>
    </p>
   </div>
   <div class='ocr_carea' id='block_1_28' title="bbox 311 2567 1957 2641">
    <p class='ocr_par' dir='ltr' id='par_1_28' title="bbox 311 2567 1957 2641">
     <span class='ocr_line' id='line_1_28' title="bbox 311 2567 1957 2641; baseline 0.005 -19"><span class='ocrx_word' id='word_1_193' title='bbox 311 2567 455 2622; x_wconf 87' lang='lat' dir='ltr'><strong>tutis</strong></span> <span class='ocrx_word' id='word_1_194' title='bbox 485 2570 728 2638; x_wconf 85' lang='lat' dir='ltr'><strong>gradum</strong></span> <span class='ocrx_word' id='word_1_195' title='bbox 761 2569 1103 2640; x_wconf 83' lang='lat' dir='ltr'><strong>perduxisti,</strong></span> <span class='ocrx_word' id='word_1_196' title='bbox 1140 2573 1389 2641; x_wconf 69' lang='lat' dir='ltr'><strong>utfnunc</strong></span> <span class='ocrx_word' id='word_1_197' title='bbox 1420 2589 1623 2628; x_wconf 89' lang='lat' dir='ltr'><strong>omnes</strong></span> <span class='ocrx_word' id='word_1_198' title='bbox 1655 2574 1713 2628; x_wconf 93' lang='lat' dir='ltr'><strong>in</strong></span> <span class='ocrx_word' id='word_1_199' title='bbox 1754 2575 1957 2630; x_wconf 85' lang='lat' dir='ltr'><strong>exsilio</strong></span> 
     </span>
    </p>
   </div>
   <div class='ocr_carea' id='block_1_29' title="bbox 315 2658 1956 2730">
    <p class='ocr_par' dir='ltr' id='par_1_29' title="bbox 315 2658 1956 2730">
     <span class='ocr_line' id='line_1_29' title="bbox 315 2658 1956 2730; baseline 0.004 -17"><span class='ocrx_word' id='word_1_200' title='bbox 315 2662 549 2730; x_wconf 88' lang='lat' dir='ltr'><strong>propter</strong></span> <span class='ocrx_word' id='word_1_201' title='bbox 579 2658 721 2730; x_wconf 82' lang='lat' dir='ltr'><strong>legis</strong></span> <span class='ocrx_word' id='word_1_202' title='bbox 744 2658 978 2714; x_wconf 90' lang='lat' dir='ltr'><strong>Domini</strong></span> <span class='ocrx_word' id='word_1_203' title='bbox 1001 2661 1343 2717; x_wconf 87' lang='lat' dir='ltr'><strong>mandatum</strong></span> <span class='ocrx_word' id='word_1_204' title='bbox 1367 2668 1688 2720; x_wconf 86' lang='lat' dir='ltr'><strong>versentur.</strong></span> <span class='ocrx_word' id='word_1_205' title='bbox 1713 2664 1802 2719; x_wconf 90' lang='lat' dir='ltr'><strong>Tu</strong></span> <span class='ocrx_word' id='word_1_206' title='bbox 1825 2679 1956 2720; x_wconf 79' lang='lat' dir='ltr'><strong>vero</strong></span> 
     </span>
    </p>
   </div>
   <div class='ocr_carea' id='block_1_30' title="bbox 317 2747 1845 2823">
    <p class='ocr_par' dir='ltr' id='par_1_30' title="bbox 317 2747 1845 2823">
     <span class='ocr_line' id='line_1_30' title="bbox 317 2747 1845 2823; baseline 0.005 -21"><span class='ocrx_word' id='word_1_207' title='bbox 317 2763 422 2820; x_wconf 89' lang='lat' dir='ltr'><strong>pro</strong></span> <span class='ocrx_word' id='word_1_208' title='bbox 453 2747 724 2804; x_wconf 89' lang='lat' dir='ltr'><strong>omnibus</strong></span> <span class='ocrx_word' id='word_1_209' title='bbox 756 2765 878 2818; x_wconf 87' lang='lat' dir='ltr'><strong>ora,</strong></span> <span class='ocrx_word' id='word_1_210' title='bbox 913 2755 977 2806; x_wconf 93' lang='lat' dir='ltr'><strong>ut</strong></span> <span class='ocrx_word' id='word_1_211' title='bbox 1005 2765 1246 2807; x_wconf 89' lang='lat' dir='ltr'><strong>cursum</strong></span> <span class='ocrx_word' id='word_1_212' title='bbox 1277 2751 1389 2823; x_wconf 90' lang='lat' dir='ltr'><strong>ipsi</strong></span> <span class='ocrx_word' id='word_1_213' title='bbox 1415 2759 1845 2809; x_wconf 86' lang='lat' dir='ltr'><strong>consummant.</strong></span> 
     </span>
    </p>
   </div>
   <div class='ocr_carea' id='block_1_31' title="bbox 2069 600 3716 678">
    <p class='ocr_par' dir='ltr' id='par_1_31' title="bbox 2069 600 3716 678">
     <span class='ocr_line' id='line_1_31' title="bbox 2069 600 3716 678; baseline -0.004 -20"><span class='ocrx_word' id='word_1_214' title='bbox 2069 623 2250 676; x_wconf 83' lang='grc' dir='ltr'>μενος,</span> <span class='ocrx_word' id='word_1_215' title='bbox 2285 605 2678 677; x_wconf 81' lang='grc' dir='ltr'>σκυθρωπάζω,</span> <span class='ocrx_word' id='word_1_216' title='bbox 2721 604 2821 670; x_wconf 81' lang='grc' dir='ltr'>τήν</span> <span class='ocrx_word' id='word_1_217' title='bbox 2869 606 2976 657; x_wconf 89' lang='grc' dir='ltr'><strong>τῶν</strong></span> <span class='ocrx_word' id='word_1_218' title='bbox 3022 601 3186 674; x_wconf 82' lang='grc' dir='ltr'><strong>ἁγίων</strong></span> <span class='ocrx_word' id='word_1_219' title='bbox 3235 600 3413 678; x_wconf 75' lang='grc' dir='ltr'>εὐχῶν</span> <span class='ocrx_word' id='word_1_220' title='bbox 3461 619 3557 653; x_wconf 87' lang='grc' dir='ltr'><strong>σου</strong></span> <span class='ocrx_word' id='word_1_221' title='bbox 3599 600 3716 653; x_wconf 79' lang='grc' dir='ltr'>ἐπιο</span> 
     </span>
    </p>
   </div>
   <div class='ocr_carea' id='block_1_32' title="bbox 2064 688 3717 769">
    <p class='ocr_par' dir='ltr' id='par_1_32' title="bbox 2064 688 3717 769">
     <span class='ocr_line' id='line_1_32' title="bbox 2064 688 3717 769; baseline -0.003 -23"><span class='ocrx_word' id='word_1_222' title='bbox 2064 693 2287 769; x_wconf 75' lang='grc' dir='ltr'>κουρίαν</span> <span class='ocrx_word' id='word_1_223' title='bbox 2337 692 2526 762; x_wconf 81' lang='grc' dir='ltr'>αἶ’τῶν,</span> <span class='ocrx_word' id='word_1_224' title='bbox 2560 694 2636 756; x_wconf 79' lang='grc' dir='ltr'>εἰς</span> <span class='ocrx_word' id='word_1_225' title='bbox 2684 689 2936 764; x_wconf 73' lang='grc' dir='ltr'>ὃιάνοιξιν</span> <span class='ocrx_word' id='word_1_226' title='bbox 2987 695 3093 745; x_wconf 86' lang='grc' dir='ltr'><strong>τῶν</strong></span> <span class='ocrx_word' id='word_1_227' title='bbox 3142 696 3240 758; x_wconf 81' lang='grc' dir='ltr'>τῆς</span> <span class='ocrx_word' id='word_1_228' title='bbox 3291 692 3476 762; x_wconf 78' lang='grc' dir='ltr'>ψυχῆς</span> <span class='ocrx_word' id='word_1_229' title='bbox 3507 688 3717 765; x_wconf 66' lang='grc' dir='ltr'>ὀφθαλ-</span> 
     </span>
    </p>
   </div>
   <div class='ocr_carea' id='block_1_33' title="bbox 2069 776 3714 856">
    <p class='ocr_par' dir='ltr' id='par_1_33' title="bbox 2069 776 3714 856">
     <span class='ocr_line' id='line_1_33' title="bbox 2069 776 3714 856; baseline -0.004 -20"><span class='ocrx_word' id='word_1_230' title='bbox 2069 787 2184 855; x_wconf 88' lang='grc' dir='ltr'><strong>μῶν</strong></span> <span class='ocrx_word' id='word_1_231' title='bbox 2213 801 2225 814; x_wconf 90' lang='grc'><strong>·</strong></span> <span class='ocrx_word' id='word_1_232' title='bbox 2280 783 2356 844; x_wconf 87' lang='grc' dir='ltr'>εἰς</span> <span class='ocrx_word' id='word_1_233' title='bbox 2405 786 2587 856; x_wconf 78' lang='grc' dir='ltr'>γεῦσιν</span> <span class='ocrx_word' id='word_1_234' title='bbox 2633 785 2729 835; x_wconf 82' lang='grc' dir='ltr'>τοῦ</span> <span class='ocrx_word' id='word_1_235' title='bbox 2772 778 2930 842; x_wconf 78' lang='grc' dir='ltr'>ὄντος</span> <span class='ocrx_word' id='word_1_236' title='bbox 2980 778 3206 855; x_wconf 81' lang='grc' dir='ltr'>ἔρωτος.</span> <span class='ocrx_word' id='word_1_237' title='bbox 3251 777 3403 833; x_wconf 82' lang='grc' dir='ltr'>Ἀλλ’</span> <span class='ocrx_word' id='word_1_238' title='bbox 3453 776 3563 832; x_wconf 83' lang='grc' dir='ltr'>ἔστι</span> <span class='ocrx_word' id='word_1_239' title='bbox 3618 797 3714 850; x_wconf 89' lang='grc' dir='ltr'><strong>μοι</strong></span> 
     </span>
    </p>
   </div>
   <div class='ocr_carea' id='block_1_34' title="bbox 2067 866 3717 946">
    <p class='ocr_par' dir='ltr' id='par_1_34' title="bbox 2067 866 3717 946">
     <span class='ocr_line' id='line_1_34' title="bbox 2067 866 3717 946; baseline -0.004 -21"><span class='ocrx_word' id='word_1_240' title='bbox 2067 870 2156 925; x_wconf 76' lang='grc' dir='ltr'><strong>σὺν</strong></span> <span class='ocrx_word' id='word_1_241' title='bbox 2214 875 2283 943; x_wconf 84' lang='grc' dir='ltr'>τῇ</span> <span class='ocrx_word' id='word_1_242' title='bbox 2353 875 2507 946; x_wconf 75' lang='grc' dir='ltr'>ψυχῇ</span> <span class='ocrx_word' id='word_1_243' title='bbox 2567 871 2654 926; x_wconf 77' lang='grc' dir='ltr'><strong>καὶ</strong></span> <span class='ocrx_word' id='word_1_244' title='bbox 2713 871 2773 926; x_wconf 87' lang='grc' dir='ltr'>τὸ</span> <span class='ocrx_word' id='word_1_245' title='bbox 2829 874 2988 942; x_wconf 87' lang='grc' dir='ltr'>σῶμα</span> <span class='ocrx_word' id='word_1_246' title='bbox 3031 868 3268 938; x_wconf 74' lang='grc' dir='ltr'>ἀσθενὲς,</span> <span class='ocrx_word' id='word_1_247' title='bbox 3305 868 3378 928; x_wconf 81' lang='grc' dir='ltr'><strong>ὡς</strong></span> <span class='ocrx_word' id='word_1_248' title='bbox 3412 867 3590 936; x_wconf 80' lang='grc' dir='ltr'>οἶσθα,</span> <span class='ocrx_word' id='word_1_249' title='bbox 3622 866 3717 919; x_wconf 81' lang='grc' dir='ltr'><strong>καὶ</strong></span> 
     </span>
    </p>
   </div>
   <div class='ocr_carea' id='block_1_35' title="bbox 2064 953 3716 1035">
    <p class='ocr_par' dir='ltr' id='par_1_35' title="bbox 2064 953 3716 1035">
     <span class='ocr_line' id='line_1_35' title="bbox 2064 953 3716 1035; baseline -0.002 -20"><span class='ocrx_word' id='word_1_250' title='bbox 2064 959 2166 1015; x_wconf 82' lang='grc' dir='ltr'><strong>οὐκ</strong></span> <span class='ocrx_word' id='word_1_251' title='bbox 2213 960 2315 1015; x_wconf 78' lang='grc' dir='ltr'><strong>οἶδ’</strong></span> <span class='ocrx_word' id='word_1_252' title='bbox 2347 961 2378 1016; x_wconf 74' lang='grc' dir='ltr'>ὅ</span> <span class='ocrx_word' id='word_1_253' title='bbox 2418 982 2469 1015; x_wconf 88' lang='grc' dir='ltr'><strong>τι</strong></span> <span class='ocrx_word' id='word_1_254' title='bbox 2524 963 2828 1035; x_wconf 76' lang='grc' dir='ltr'>χρήσομαι.</span> <span class='ocrx_word' id='word_1_255' title='bbox 2862 961 3068 1034; x_wconf 82' lang='grc' dir='ltr'>Μικρὸν</span> <span class='ocrx_word' id='word_1_256' title='bbox 3107 957 3210 1034; x_wconf 70' lang='grc' dir='ltr'>γὰρ</span> <span class='ocrx_word' id='word_1_257' title='bbox 3259 956 3305 1012; x_wconf 80' lang='grc' dir='ltr'>εἰ</span> <span class='ocrx_word' id='word_1_258' title='bbox 3349 953 3488 1026; x_wconf 80' lang='grc' dir='ltr'>δόξω</span> <span class='ocrx_word' id='word_1_259' title='bbox 3531 957 3716 1029; x_wconf 82' lang='grc' dir='ltr'>βιάζε-</span> 
     </span>
    </p>
   </div>
   <div class='ocr_carea' id='block_1_36' title="bbox 2064 1046 3714 1123">
    <p class='ocr_par' dir='ltr' id='par_1_36' title="bbox 2064 1046 3714 1123">
     <span class='ocr_line' id='line_1_36' title="bbox 2064 1046 3714 1123; baseline -0.005 -19"><span class='ocrx_word' id='word_1_260' title='bbox 2064 1051 2206 1117; x_wconf 85' lang='grc' dir='ltr'>σθαι,</span> <span class='ocrx_word' id='word_1_261' title='bbox 2240 1049 2472 1106; x_wconf 85' lang='grc' dir='ltr'>ἀπόλλω</span> <span class='ocrx_word' id='word_1_262' title='bbox 2501 1051 2590 1104; x_wconf 81' lang='grc' dir='ltr'><strong>καὶ</strong></span> <span class='ocrx_word' id='word_1_263' title='bbox 2624 1050 2754 1123; x_wconf 83' lang='grc' dir='ltr'>ὅπερ</span> <span class='ocrx_word' id='word_1_264' title='bbox 2800 1049 2990 1123; x_wconf 86' lang='grc' dir='ltr'>μικρὸν</span> <span class='ocrx_word' id='word_1_265' title='bbox 3038 1049 3274 1121; x_wconf 82' lang='grc' dir='ltr'>κατέχω.</span> <span class='ocrx_word' id='word_1_266' title='bbox 3325 1046 3462 1100; x_wconf 78' lang='grc' dir='ltr'>Μίαν</span> <span class='ocrx_word' id='word_1_267' title='bbox 3510 1065 3714 1113; x_wconf 80' lang='grc' dir='ltr'>ταυτην</span> 
     </span>
    </p>
   </div>
   <div class='ocr_carea' id='block_1_37' title="bbox 2063 1133 3716 1215">
    <p class='ocr_par' dir='ltr' id='par_1_37' title="bbox 2063 1133 3716 1215">
     <span class='ocr_line' id='line_1_37' title="bbox 2063 1133 3716 1215; baseline -0.005 -21"><span class='ocrx_word' id='word_1_268' title='bbox 2063 1139 2402 1215; x_wconf 76' lang='grc' dir='ltr'>παρηγορίαν</span> <span class='ocrx_word' id='word_1_269' title='bbox 2463 1138 2701 1213; x_wconf 71' lang='grc' dir='ltr'>εὕρηκαο</span> <span class='ocrx_word' id='word_1_270' title='bbox 2737 1137 2824 1192; x_wconf 83' lang='grc' dir='ltr'><strong>καὶ</strong></span> <span class='ocrx_word' id='word_1_271' title='bbox 2879 1136 2995 1192; x_wconf 84' lang='grc' dir='ltr'>δέον</span> <span class='ocrx_word' id='word_1_272' title='bbox 3054 1136 3334 1190; x_wconf 81' lang='grc' dir='ltr'>ἀναθέσθαι</span> <span class='ocrx_word' id='word_1_273' title='bbox 3394 1148 3503 1201; x_wconf 81' lang='grc' dir='ltr'>σοι,</span> <span class='ocrx_word' id='word_1_274' title='bbox 3541 1133 3716 1200; x_wconf 79' lang='grc' dir='ltr'>Πάτερ</span> 
     </span>
    </p>
   </div>
   <div class='ocr_carea' id='block_1_38' title="bbox 2068 1221 3715 1303">
    <p class='ocr_par' dir='ltr' id='par_1_38' title="bbox 2068 1221 3715 1303">
     <span class='ocr_line' id='line_1_38' title="bbox 2068 1221 3715 1303; baseline -0.005 -20"><span class='ocrx_word' id='word_1_275' title='bbox 2068 1248 2210 1303; x_wconf 79' lang='grc' dir='ltr'>μου”</span> <span class='ocrx_word' id='word_1_276' title='bbox 2251 1228 2302 1300; x_wconf 76' lang='grc' dir='ltr'><strong>ἐξ</strong></span> <span class='ocrx_word' id='word_1_277' title='bbox 2360 1228 2712 1302; x_wconf 78' lang='grc' dir='ltr'>ἅναγνώοεως</span> <span class='ocrx_word' id='word_1_278' title='bbox 2766 1229 2857 1283; x_wconf 83' lang='grc' dir='ltr'><strong>καὶ</strong></span> <span class='ocrx_word' id='word_1_279' title='bbox 2914 1229 3166 1302; x_wconf 80' lang='grc' dir='ltr'>χρήσεως</span> <span class='ocrx_word' id='word_1_280' title='bbox 3213 1229 3319 1279; x_wconf 88' lang='grc' dir='ltr'><strong>τῶν</strong></span> <span class='ocrx_word' id='word_1_281' title='bbox 3371 1221 3715 1278; x_wconf 81' lang='grc' dir='ltr'>ἀνατολικῶν</span> 
     </span>
    </p>
   </div>
   <div class='ocr_carea' id='block_1_39' title="bbox 2068 1307 3719 1390">
    <p class='ocr_par' dir='ltr' id='par_1_39' title="bbox 2068 1307 3719 1390">
     <span class='ocr_line' id='line_1_39' title="bbox 2068 1307 3719 1390; baseline -0.005 -20"><span class='ocrx_word' id='word_1_282' title='bbox 2068 1317 2272 1390; x_wconf 87' lang='grc' dir='ltr'>μαθὼν,</span> <span class='ocrx_word' id='word_1_283' title='bbox 2302 1316 2366 1370; x_wconf 80' lang='grc' dir='ltr'>τὸ</span> <span class='ocrx_word' id='word_1_284' title='bbox 2398 1323 2600 1390; x_wconf 76' lang='grc' dir='ltr'>χρῆναι</span> <span class='ocrx_word' id='word_1_285' title='bbox 2649 1316 2776 1376; x_wconf 86' lang='grc' dir='ltr'>τοὺς</span> <span class='ocrx_word' id='word_1_286' title='bbox 2816 1314 3195 1388; x_wconf 80' lang='grc' dir='ltr'>ἡσυχάζοντας</span> <span class='ocrx_word' id='word_1_287' title='bbox 3243 1311 3287 1366; x_wconf 77' lang='grc' dir='ltr'>εἰ</span> <span class='ocrx_word' id='word_1_288' title='bbox 3338 1307 3559 1365; x_wconf 81' lang='grc' dir='ltr'>δυνατὸν</span> <span class='ocrx_word' id='word_1_289' title='bbox 3590 1310 3719 1363; x_wconf 89' lang='grc' dir='ltr'>καθ’</span> 
     </span>
    </p>
   </div>
   <div class='ocr_carea' id='block_1_40' title="bbox 2063 1399 3721 1477">
    <p class='ocr_par' dir='ltr' id='par_1_40' title="bbox 2063 1399 3721 1477">
     <span class='ocr_line' id='line_1_40' title="bbox 2063 1399 3721 1477; baseline -0.004 -17"><span class='ocrx_word' id='word_1_290' title='bbox 2063 1404 2290 1476; x_wconf 70' lang='grc' dir='ltr'>ἑκάστην</span> <span class='ocrx_word' id='word_1_291' title='bbox 2360 1400 2796 1477; x_wconf 76' lang='grc' dir='ltr'>μεταλαμϐάνειν</span> <span class='ocrx_word' id='word_1_292' title='bbox 2846 1410 2945 1472; x_wconf 85' lang='grc' dir='ltr'>τῆς</span> <span class='ocrx_word' id='word_1_293' title='bbox 2980 1402 3122 1462; x_wconf 88' lang='grc' dir='ltr'>θείας</span> <span class='ocrx_word' id='word_1_294' title='bbox 3161 1399 3468 1463; x_wconf 77' lang='grc' dir='ltr'>κοινωνίας.</span> <span class='ocrx_word' id='word_1_295' title='bbox 3511 1401 3721 1473; x_wconf 79' lang='grc' dir='ltr'>Έχρη-</span> 
     </span>
    </p>
   </div>
   <div class='ocr_carea' id='block_1_41' title="bbox 2062 1487 3721 1568">
    <p class='ocr_par' dir='ltr' id='par_1_41' title="bbox 2062 1487 3721 1568">
     <span class='ocr_line' id='line_1_41' title="bbox 2062 1487 3721 1568; baseline -0.004 -20"><span class='ocrx_word' id='word_1_296' title='bbox 2062 1494 2240 1566; x_wconf 75' lang='grc' dir='ltr'>σάμην</span> <span class='ocrx_word' id='word_1_297' title='bbox 2271 1495 2463 1562; x_wconf 72' lang='grc' dir='ltr'>οὕτως,</span> <span class='ocrx_word' id='word_1_298' title='bbox 2497 1497 2582 1550; x_wconf 79' lang='grc' dir='ltr'><strong>καὶ</strong></span> <span class='ocrx_word' id='word_1_299' title='bbox 2632 1494 2788 1565; x_wconf 78' lang='grc' dir='ltr'>εὗρον</span> <span class='ocrx_word' id='word_1_300' title='bbox 2833 1493 3088 1568; x_wconf 70' lang='grc' dir='ltr'>βοήθειαν</span> <span class='ocrx_word' id='word_1_301' title='bbox 3116 1493 3143 1546; x_wconf 88' lang='grc' dir='ltr'><strong>ὁ</strong></span> <span class='ocrx_word' id='word_1_302' title='bbox 3176 1487 3363 1552; x_wconf 80' lang='grc' dir='ltr'>ἅθλιος</span> <span class='ocrx_word' id='word_1_303' title='bbox 3386 1509 3398 1522; x_wconf 92' lang='grc'><strong>·</strong></span> <span class='ocrx_word' id='word_1_304' title='bbox 3438 1488 3721 1545; x_wconf 79' lang='grc' dir='ltr'>ὑποστελ-</span> 
     </span>
    </p>
   </div>
   <div class='ocr_carea' id='block_1_42' title="bbox 2067 1579 3718 1657">
    <p class='ocr_par' dir='ltr' id='par_1_42' title="bbox 2067 1579 3718 1657">
     <span class='ocr_line' id='line_1_42' title="bbox 2067 1579 3718 1657; baseline -0.004 -18"><span class='ocrx_word' id='word_1_305' title='bbox 2067 1583 2312 1657; x_wconf 83' lang='grc' dir='ltr'>λομένης</span> <span class='ocrx_word' id='word_1_306' title='bbox 2368 1591 2467 1650; x_wconf 77' lang='grc' dir='ltr'>τῆς</span> <span class='ocrx_word' id='word_1_307' title='bbox 2525 1582 2768 1644; x_wconf 71' lang='grc' dir='ltr'>διανοίας</span> <span class='ocrx_word' id='word_1_308' title='bbox 2829 1583 2889 1638; x_wconf 80' lang='grc' dir='ltr'>έχ</span> <span class='ocrx_word' id='word_1_309' title='bbox 2944 1589 3043 1652; x_wconf 81' lang='grc' dir='ltr'>τῆς</span> <span class='ocrx_word' id='word_1_310' title='bbox 3104 1579 3379 1654; x_wconf 81' lang='grc' dir='ltr'>ἒμπαθοῦς</span> <span class='ocrx_word' id='word_1_311' title='bbox 3427 1579 3718 1648; x_wconf 79' lang='grc' dir='ltr'>κινήσεως,</span> 
     </span>
    </p>
   </div>
   <div class='ocr_carea' id='block_1_43' title="bbox 2063 1667 3718 1749">
    <p class='ocr_par' dir='ltr' id='par_1_43' title="bbox 2063 1667 3718 1749">
     <span class='ocr_line' id='line_1_43' title="bbox 2063 1667 3718 1749; baseline -0.003 -21"><span class='ocrx_word' id='word_1_312' title='bbox 2063 1671 2154 1728; x_wconf 83' lang='grc' dir='ltr'><strong>διὰ</strong></span> <span class='ocrx_word' id='word_1_313' title='bbox 2210 1675 2311 1742; x_wconf 79' lang='grc' dir='ltr'>τήν</span> <span class='ocrx_word' id='word_1_314' title='bbox 2359 1677 2456 1728; x_wconf 80' lang='grc' dir='ltr'><strong>τοῦ</strong></span> <span class='ocrx_word' id='word_1_315' title='bbox 2506 1671 2684 1742; x_wconf 80' lang='grc' dir='ltr'>δώρου</span> <span class='ocrx_word' id='word_1_316' title='bbox 2733 1667 2974 1749; x_wconf 74' lang='grc' dir='ltr'>ἕμφοϐον</span> <span class='ocrx_word' id='word_1_317' title='bbox 3031 1669 3454 1744; x_wconf 79' lang='grc' dir='ltr'>ὑπεροχήν.Καὶ</span> <span class='ocrx_word' id='word_1_318' title='bbox 3507 1667 3559 1722; x_wconf 83' lang='grc' dir='ltr'><strong>τί</strong></span> <span class='ocrx_word' id='word_1_319' title='bbox 3615 1669 3718 1742; x_wconf 74' lang='grc' dir='ltr'>γὰρ</span> 
     </span>
    </p>
   </div>
   <div class='ocr_carea' id='block_1_44' title="bbox 2066 1757 3718 1839">
    <p class='ocr_par' dir='ltr' id='par_1_44' title="bbox 2066 1757 3718 1839">
     <span class='ocr_line' id='line_1_44' title="bbox 2066 1757 3718 1839; baseline -0.002 -24"><span class='ocrx_word' id='word_1_320' title='bbox 2066 1766 2249 1834; x_wconf 86' lang='grc' dir='ltr'>μεῖζον</span> <span class='ocrx_word' id='word_1_321' title='bbox 2285 1762 2360 1824; x_wconf 79' lang='grc' dir='ltr'>εἷς</span> <span class='ocrx_word' id='word_1_322' title='bbox 2392 1761 2710 1838; x_wconf 73' lang='grc' dir='ltr'>ἅγαλλίασιν</span> <span class='ocrx_word' id='word_1_323' title='bbox 2741 1761 2830 1816; x_wconf 83' lang='grc' dir='ltr'><strong>καὶ</strong></span> <span class='ocrx_word' id='word_1_324' title='bbox 2862 1761 3145 1839; x_wconf 72' lang='grc' dir='ltr'>φωτισμὸν</span> <span class='ocrx_word' id='word_1_325' title='bbox 3191 1757 3274 1829; x_wconf 66' lang='grc' dir='ltr'>ε’ίη</span> <span class='ocrx_word' id='word_1_326' title='bbox 3325 1757 3385 1812; x_wconf 78' lang='grc' dir='ltr'>ἂν</span> <span class='ocrx_word' id='word_1_327' title='bbox 3436 1760 3501 1829; x_wconf 81' lang='grc' dir='ltr'>τῇ</span> <span class='ocrx_word' id='word_1_328' title='bbox 3535 1759 3718 1833; x_wconf 78' lang='grc' dir='ltr'>ψυχῇ,</span> 
     </span>
    </p>
   </div>
   <div class='ocr_carea' id='block_1_45' title="bbox 1990 1845 3721 1948">
    <p class='ocr_par' dir='ltr' id='par_1_45' title="bbox 1990 1845 3721 1948">
     <span class='ocr_line' id='line_1_45' title="bbox 1990 1845 3721 1948; baseline -0.003 -42"><span class='ocrx_word' id='word_1_329' title='bbox 1990 1883 2034 1948; x_wconf 76' lang='grc' dir='ltr'><strong>Β</strong></span> <span class='ocrx_word' id='word_1_330' title='bbox 2063 1850 2229 1906; x_wconf 90' lang='grc' dir='ltr'>πλέον</span> <span class='ocrx_word' id='word_1_331' title='bbox 2273 1855 2373 1918; x_wconf 79' lang='grc' dir='ltr'>τῆς</span> <span class='ocrx_word' id='word_1_332' title='bbox 2423 1852 2566 1913; x_wconf 86' lang='grc' dir='ltr'>θείας</span> <span class='ocrx_word' id='word_1_333' title='bbox 2609 1852 2932 1920; x_wconf 51' lang='grc' dir='ltr'>κοινωνίας</span> <span class='ocrx_word' id='word_1_334' title='bbox 2981 1852 3068 1904; x_wconf 88' lang='grc' dir='ltr'>Ἐν</span> <span class='ocrx_word' id='word_1_335' title='bbox 3116 1847 3364 1922; x_wconf 85' lang='grc' dir='ltr'>ποτηρίῳ</span> <span class='ocrx_word' id='word_1_336' title='bbox 3408 1845 3465 1902; x_wconf 74' lang='grc' dir='ltr'>δέ</span> <span class='ocrx_word' id='word_1_337' title='bbox 3513 1845 3721 1917; x_wconf 85' lang='grc' dir='ltr'>ὑαλίνῳ</span> 
     </span>
    </p>
   </div>
   <div class='ocr_carea' id='block_1_46' title="bbox 2072 1938 2088 1958">
    <p class='ocr_par' dir='ltr' id='par_1_46' title="bbox 2072 1938 2088 1958">
     <span class='ocr_line' id='line_1_46' title="bbox 2072 1938 2088 1958; baseline 0 0"><span class='ocrx_word' id='word_1_338' title='bbox 2072 1938 2088 1958; x_wconf 75' lang='lat'><strong>)</strong></span> 
     </span>
    </p>
   </div>
   <div class='ocr_carea' id='block_1_47' title="bbox 2066 1937 3722 2023">
    <p class='ocr_par' dir='ltr' id='par_1_47' title="bbox 2066 1937 3722 2023">
     <span class='ocr_line' id='line_1_47' title="bbox 2066 1937 3722 2023; baseline -0.007 -21"><span class='ocrx_word' id='word_1_339' title='bbox 2066 1938 2414 2023; x_wconf 71' lang='grc' dir='ltr'>ἂφορισμένῳ</span> <span class='ocrx_word' id='word_1_340' title='bbox 2444 1937 2740 2016; x_wconf 72' lang='grc' dir='ltr'>προϐαλὼν</span> <span class='ocrx_word' id='word_1_341' title='bbox 2789 1942 2960 2009; x_wconf 83' lang='grc' dir='ltr'>οἶνον,</span> <span class='ocrx_word' id='word_1_342' title='bbox 2990 1939 3082 1996; x_wconf 86' lang='grc' dir='ltr'><strong>καὶ</strong></span> <span class='ocrx_word' id='word_1_343' title='bbox 3141 1939 3429 2012; x_wconf 77' lang='grc' dir='ltr'>εὐξάμενος</span> <span class='ocrx_word' id='word_1_344' title='bbox 3485 1938 3551 1992; x_wconf 70' lang='grc' dir='ltr'>τὰ</span> <span class='ocrx_word' id='word_1_345' title='bbox 3599 1958 3722 1991; x_wconf 88' lang='grc' dir='ltr'><strong>συν⁶</strong></span> 
     </span>
    </p>
   </div>
   <div class='ocr_carea' id='block_1_48' title="bbox 2065 2025 3722 2109">
    <p class='ocr_par' dir='ltr' id='par_1_48' title="bbox 2065 2025 3722 2109">
     <span class='ocr_line' id='line_1_48' title="bbox 2065 2025 3722 2109; baseline -0.008 -17"><span class='ocrx_word' id='word_1_346' title='bbox 2065 2041 2196 2109; x_wconf 81' lang='grc' dir='ltr'><strong>ήθη,</strong></span> <span class='ocrx_word' id='word_1_347' title='bbox 2234 2031 2450 2109; x_wconf 82' lang='grc' dir='ltr'>μετέχω</span> <span class='ocrx_word' id='word_1_348' title='bbox 2482 2034 2509 2088; x_wconf 88' lang='grc' dir='ltr'>ὁ</span> <span class='ocrx_word' id='word_1_349' title='bbox 2541 2033 2754 2102; x_wconf 81' lang='grc' dir='ltr'>ἀνάξιος</span> <span class='ocrx_word' id='word_1_350' title='bbox 2785 2036 2882 2088; x_wconf 84' lang='grc' dir='ltr'>τοῦ</span> <span class='ocrx_word' id='word_1_351' title='bbox 2923 2028 3126 2106; x_wconf 85' lang='grc' dir='ltr'>δώρου.</span> <span class='ocrx_word' id='word_1_352' title='bbox 3163 2029 3264 2084; x_wconf 82' lang='grc' dir='ltr'>Καὶ</span> <span class='ocrx_word' id='word_1_353' title='bbox 3314 2025 3564 2099; x_wconf 77' lang='grc' dir='ltr'>δήλωσόν</span> <span class='ocrx_word' id='word_1_354' title='bbox 3624 2046 3722 2098; x_wconf 91' lang='grc' dir='ltr'><strong>μοι</strong></span> 
     </span>
    </p>
   </div>
   <div class='ocr_carea' id='block_1_49' title="bbox 2063 2117 3720 2195">
    <p class='ocr_par' dir='ltr' id='par_1_49' title="bbox 2063 2117 3720 2195">
     <span class='ocr_line' id='line_1_49' title="bbox 2063 2117 3720 2195; baseline -0.008 -12"><span class='ocrx_word' id='word_1_355' title='bbox 2063 2129 2106 2183; x_wconf 75' lang='grc' dir='ltr'>εἰ</span> <span class='ocrx_word' id='word_1_356' title='bbox 2155 2123 2341 2187; x_wconf 85' lang='grc' dir='ltr'>καλῶς</span> <span class='ocrx_word' id='word_1_357' title='bbox 2390 2127 2558 2190; x_wconf 85' lang='grc' dir='ltr'>ποιῶ,</span> <span class='ocrx_word' id='word_1_358' title='bbox 2589 2121 2624 2190; x_wconf 73' lang='grc' dir='ltr'><strong>ἢ</strong></span> <span class='ocrx_word' id='word_1_359' title='bbox 2674 2117 2758 2177; x_wconf 67' lang='grc' dir='ltr'><strong>οὔ.</strong></span> <span class='ocrx_word' id='word_1_360' title='bbox 2795 2121 2938 2195; x_wconf 86' lang='grc' dir='ltr'>Πέρα</span> <span class='ocrx_word' id='word_1_361' title='bbox 2982 2164 2995 2177; x_wconf 93' lang='grc'><strong>.</strong></span> <span class='ocrx_word' id='word_1_362' title='bbox 3039 2163 3054 2177; x_wconf 92' lang='grc'><strong>.</strong></span> <span class='ocrx_word' id='word_1_363' title='bbox 3099 2160 3113 2174; x_wconf 93' lang='grc'><strong>.</strong></span> <span class='ocrx_word' id='word_1_364' title='bbox 3157 2160 3171 2174; x_wconf 91' lang='grc'><strong>.</strong></span> <span class='ocrx_word' id='word_1_365' title='bbox 3218 2161 3232 2175; x_wconf 92' lang='grc'><strong>.</strong></span> <span class='ocrx_word' id='word_1_366' title='bbox 3275 2160 3290 2174; x_wconf 94' lang='grc'><strong>.</strong></span> <span class='ocrx_word' id='word_1_367' title='bbox 3334 2159 3350 2174; x_wconf 93' lang='grc'><strong>.</strong></span> <span class='ocrx_word' id='word_1_368' title='bbox 3396 2157 3410 2173; x_wconf 90' lang='grc'><strong>.</strong></span> <span class='ocrx_word' id='word_1_369' title='bbox 3455 2157 3470 2173; x_wconf 88' lang='grc'><strong>.</strong></span> <span class='ocrx_word' id='word_1_370' title='bbox 3514 2157 3528 2173; x_wconf 92' lang='grc'><strong>.</strong></span> <span class='ocrx_word' id='word_1_371' title='bbox 3567 2135 3720 2188; x_wconf 82' lang='grc' dir='ltr'>καρ-</span> 
     </span>
    </p>
   </div>
   <div class='ocr_carea' id='block_1_50' title="bbox 2061 2204 3722 2290">
    <p class='ocr_par' dir='ltr' id='par_1_50' title="bbox 2061 2204 3722 2290">
     <span class='ocr_line' id='line_1_50' title="bbox 2061 2204 3722 2290; baseline -0.008 -19"><span class='ocrx_word' id='word_1_372' title='bbox 2061 2222 2203 2273; x_wconf 92' lang='grc' dir='ltr'><strong>πῶν</strong></span> <span class='ocrx_word' id='word_1_373' title='bbox 2237 2235 2350 2269; x_wconf 89' lang='grc' dir='ltr'><strong>σου</strong></span> <span class='ocrx_word' id='word_1_374' title='bbox 2381 2212 2701 2290; x_wconf 71' lang='grc' dir='ltr'>φάγεσθαι</span> <span class='ocrx_word' id='word_1_375' title='bbox 2727 2230 2740 2244; x_wconf 80' lang='grc' dir='ltr'><strong>ο</strong></span> <span class='ocrx_word' id='word_1_376' title='bbox 2780 2211 3106 2284; x_wconf 83' lang='grc' dir='ltr'>μακάριος</span> <span class='ocrx_word' id='word_1_377' title='bbox 3138 2207 3215 2274; x_wconf 82' lang='grc' dir='ltr'><strong>εἶ,</strong></span> <span class='ocrx_word' id='word_1_378' title='bbox 3253 2207 3424 2280; x_wconf 80' lang='grc' dir='ltr'>Πάτερ</span> <span class='ocrx_word' id='word_1_379' title='bbox 3460 2204 3722 2278; x_wconf 85' lang='grc' dir='ltr'>μου,καὶ</span> 
     </span>
    </p>
   </div>
   <div class='ocr_carea' id='block_1_51' title="bbox 2062 2292 3726 2373">
    <p class='ocr_par' dir='ltr' id='par_1_51' title="bbox 2062 2292 3726 2373">
     <span class='ocr_line' id='line_1_51' title="bbox 2062 2292 3726 2373; baseline -0.008 -13"><span class='ocrx_word' id='word_1_380' title='bbox 2062 2303 2288 2365; x_wconf 87' lang='grc' dir='ltr'>καλῶς</span> <span class='ocrx_word' id='word_1_381' title='bbox 2330 2324 2434 2356; x_wconf 90' lang='grc' dir='ltr'><strong>σοι</strong></span> <span class='ocrx_word' id='word_1_382' title='bbox 2478 2297 2684 2368; x_wconf 71' lang='grc' dir='ltr'>ἕσται,</span> <span class='ocrx_word' id='word_1_383' title='bbox 2719 2301 2904 2373; x_wconf 81' lang='grc' dir='ltr'>Πατὴρ</span> <span class='ocrx_word' id='word_1_384' title='bbox 2938 2297 3287 2373; x_wconf 79' lang='grc' dir='ltr'>χρηματίσας</span> <span class='ocrx_word' id='word_1_385' title='bbox 3330 2293 3596 2350; x_wconf 86' lang='grc' dir='ltr'>πολλῶν·</span> <span class='ocrx_word' id='word_1_386' title='bbox 3631 2292 3726 2347; x_wconf 83' lang='grc' dir='ltr'>καί</span> 
     </span>
    </p>
   </div>
   <div class='ocr_carea' id='block_1_52' title="bbox 2067 2379 3724 2466">
    <p class='ocr_par' dir='ltr' id='par_1_52' title="bbox 2067 2379 3724 2466">
     <span class='ocr_line' id='line_1_52' title="bbox 2067 2379 3724 2466; baseline -0.009 -16"><span class='ocrx_word' id='word_1_387' title='bbox 2067 2395 2142 2456; x_wconf 85' lang='grc' dir='ltr'>εἰς</span> <span class='ocrx_word' id='word_1_388' title='bbox 2197 2393 2357 2466; x_wconf 89' lang='grc' dir='ltr'>μέσον</span> <span class='ocrx_word' id='word_1_389' title='bbox 2409 2392 2604 2466; x_wconf 79' lang='grc' dir='ltr'>ἀρετῆς</span> <span class='ocrx_word' id='word_1_390' title='bbox 2665 2391 2922 2444; x_wconf 79' lang='grc' dir='ltr'>τοσοῦτον</span> <span class='ocrx_word' id='word_1_391' title='bbox 2972 2386 3216 2464; x_wconf 81' lang='grc' dir='ltr'>ἀγαγὼν,</span> <span class='ocrx_word' id='word_1_392' title='bbox 3267 2383 3405 2439; x_wconf 84' lang='grc' dir='ltr'>ὥστε</span> <span class='ocrx_word' id='word_1_393' title='bbox 3447 2386 3609 2438; x_wconf 79' lang='grc' dir='ltr'>τανῦν</span> <span class='ocrx_word' id='word_1_394' title='bbox 3671 2379 3724 2436; x_wconf 81' lang='grc' dir='ltr'>ἐν</span> 
     </span>
    </p>
   </div>
   <div class='ocr_carea' id='block_1_53' title="bbox 2066 2473 3726 2559">
    <p class='ocr_par' dir='ltr' id='par_1_53' title="bbox 2066 2473 3726 2559">
     <span class='ocr_line' id='line_1_53' title="bbox 2066 2473 3726 2559; baseline -0.008 -21"><span class='ocrx_word' id='word_1_395' title='bbox 2066 2481 2244 2558; x_wconf 82' lang='grc' dir='ltr'>ἐξορία</span> <span class='ocrx_word' id='word_1_396' title='bbox 2269 2482 2535 2559; x_wconf 84' lang='grc' dir='ltr'>ὑπάρχειν</span> <span class='ocrx_word' id='word_1_397' title='bbox 2563 2478 2688 2541; x_wconf 77' lang='grc' dir='ltr'>τοὺς</span> <span class='ocrx_word' id='word_1_398' title='bbox 2720 2479 2919 2539; x_wconf 87' lang='grc' dir='ltr'>πάντας</span> <span class='ocrx_word' id='word_1_399' title='bbox 2969 2473 3039 2530; x_wconf 82' lang='grc' dir='ltr'><strong>δι’</strong></span> <span class='ocrx_word' id='word_1_400' title='bbox 3089 2473 3317 2556; x_wconf 70' lang='grc' dir='ltr'>ἐντολὴν</span> <span class='ocrx_word' id='word_1_401' title='bbox 3377 2473 3551 2546; x_wconf 87' lang='grc' dir='ltr'>νόμου</span> <span class='ocrx_word' id='word_1_402' title='bbox 3615 2477 3726 2525; x_wconf 80' lang='grc' dir='ltr'><strong>Κυ-</strong></span> 
     </span>
    </p>
   </div>
   <div class='ocr_carea' id='block_1_54' title="bbox 2068 2561 3722 2646">
    <p class='ocr_par' dir='ltr' id='par_1_54' title="bbox 2068 2561 3722 2646">
     <span class='ocr_line' id='line_1_54' title="bbox 2068 2561 3722 2646; baseline -0.008 -20"><span class='ocrx_word' id='word_1_403' title='bbox 2068 2571 2206 2645; x_wconf 87' lang='grc' dir='ltr'>ρίου.</span> <span class='ocrx_word' id='word_1_404' title='bbox 2241 2567 2402 2627; x_wconf 79' lang='grc' dir='ltr'>’Δλλ’</span> <span class='ocrx_word' id='word_1_405' title='bbox 2460 2565 2766 2646; x_wconf 80' lang='grc' dir='ltr'>ὑπερεόχου</span> <span class='ocrx_word' id='word_1_406' title='bbox 2811 2570 2963 2636; x_wconf 83' lang='grc' dir='ltr'>πᾶσι,</span> <span class='ocrx_word' id='word_1_407' title='bbox 3017 2562 3302 2620; x_wconf 87' lang='grc' dir='ltr'>τελειῶσαι</span> <span class='ocrx_word' id='word_1_408' title='bbox 3373 2561 3556 2620; x_wconf 83' lang='grc' dir='ltr'>αὐτοῖς</span> <span class='ocrx_word' id='word_1_409' title='bbox 3624 2561 3722 2614; x_wconf 80' lang='grc' dir='ltr'>τὸν</span> 
     </span>
    </p>
   </div>
   <div class='ocr_carea' id='block_1_55' title="bbox 2069 2659 2310 2737">
    <p class='ocr_par' dir='ltr' id='par_1_55' title="bbox 2069 2659 2310 2737">
     <span class='ocr_line' id='line_1_55' title="bbox 2069 2659 2310 2737; baseline 0 -20"><span class='ocrx_word' id='word_1_410' title='bbox 2069 2659 2310 2737; x_wconf 84' lang='grc' dir='ltr'>δρόμον.</span> 
     </span>
    </p>
   </div>
   <div class='ocr_carea' id='block_1_56' title="bbox 313 2892 2898 2918">
    <p class='ocr_par' dir='ltr' id='par_1_56' title="bbox 313 2892 2898 2918">
     <span class='ocr_line' id='line_1_56' title="bbox 313 2892 2898 2918; baseline -0.001 -9"><span class='ocrx_word' id='word_1_411' title='bbox 313 2892 2898 2918; x_wconf 78' lang='lat'><strong>_—_———_.——____——_—__—_</strong></span> 
     </span>
    </p>
   </div>
   <div class='ocr_carea' id='block_1_57' title="bbox 1359 3091 1877 3188">
    <p class='ocr_par' dir='ltr' id='par_1_57' title="bbox 1359 3091 1877 3188">
     <span class='ocr_line' id='line_1_57' title="bbox 1359 3091 1877 3188; baseline 0 -2"><span class='ocrx_word' id='word_1_412' title='bbox 1359 3091 1877 3188; x_wconf 88' lang='lat' dir='ltr'><strong>BIBAION</strong></span> 
     </span>
    </p>
   </div>
   <div class='ocr_carea' id='block_1_58' title="bbox 1979 3088 2684 3188">
    <p class='ocr_par' dir='ltr' id='par_1_58' title="bbox 1979 3088 2684 3188">
     <span class='ocr_line' id='line_1_58' title="bbox 1979 3088 2684 3188; baseline 0.001 -1"><span class='ocrx_word' id='word_1_413' title='bbox 1979 3088 2684 3188; x_wconf 87' lang='grc' dir='ltr'><strong>ΔΕΥΤΕΡΟΝ.</strong></span> 
     </span>
    </p>
   </div>
   <div class='ocr_carea' id='block_1_59' title="bbox 816 3275 3210 3358">
    <p class='ocr_par' dir='ltr' id='par_1_59' title="bbox 816 3275 3210 3358">
     <span class='ocr_line' id='line_1_59' title="bbox 816 3275 3210 3358; baseline 0 -22"><span class='ocrx_word' id='word_1_414' title='bbox 816 3285 919 3336; x_wconf 85' lang='grc' dir='ltr'>Ἐκ</span> <span class='ocrx_word' id='word_1_415' title='bbox 961 3283 1085 3336; x_wconf 88' lang='grc' dir='ltr'><strong>τῶν</strong></span> <span class='ocrx_word' id='word_1_416' title='bbox 1138 3278 1474 3358; x_wconf 78' lang='grc' dir='ltr'>διαφόρων</span> <span class='ocrx_word' id='word_1_417' title='bbox 1525 3282 1728 3337; x_wconf 79' lang='grc' dir='ltr'>αὐτοῦ</span> <span class='ocrx_word' id='word_1_418' title='bbox 1774 3279 2149 3338; x_wconf 80' lang='grc' dir='ltr'>ἐπιστολῶν</span> <span class='ocrx_word' id='word_1_419' title='bbox 2200 3280 2443 3356; x_wconf 80' lang='grc' dir='ltr'>ἐκλογή</span> <span class='ocrx_word' id='word_1_420' title='bbox 2491 3287 2607 3350; x_wconf 82' lang='grc' dir='ltr'>τῆς</span> <span class='ocrx_word' id='word_1_421' title='bbox 2653 3279 2888 3354; x_wconf 85' lang='grc' dir='ltr'>τρίτης</span> <span class='ocrx_word' id='word_1_422' title='bbox 2930 3275 3210 3350; x_wconf 80' lang='grc' dir='ltr'>έξορίας.</span> 
     </span>
    </p>
   </div>
   <div class='ocr_carea' id='block_1_60' title="bbox 1505 3574 2559 3666">
    <p class='ocr_par' dir='ltr' id='par_1_60' title="bbox 1505 3574 2559 3666">
     <span class='ocr_line' id='line_1_60' title="bbox 1505 3574 2559 3666; baseline -0.005 -4"><span class='ocrx_word' id='word_1_423' title='bbox 1505 3577 1847 3662; x_wconf 81' lang='lat' dir='ltr'><strong>LIBER</strong></span> <span class='ocrx_word' id='word_1_424' title='bbox 1909 3574 2559 3666; x_wconf 88' lang='lat' dir='ltr'><strong>SECUNDUS.</strong></span> 
     </span>
    </p>
   </div>
   <div class='ocr_carea' id='block_1_61' title="bbox 1298 3740 2750 3816">
    <p class='ocr_par' dir='ltr' id='par_1_61' title="bbox 1298 3740 2750 3816">
     <span class='ocr_line' id='line_1_61' title="bbox 1298 3740 2750 3816; baseline -0.003 -17"><span class='ocrx_word' id='word_1_425' title='bbox 1298 3745 1382 3800; x_wconf 76' lang='lat' dir='ltr'><strong>Ex</strong></span> <span class='ocrx_word' id='word_1_426' title='bbox 1419 3743 1650 3802; x_wconf 78' lang='lat' dir='ltr'><strong>diversis</strong></span> <span class='ocrx_word' id='word_1_427' title='bbox 1680 3743 1796 3816; x_wconf 84' lang='lat' dir='ltr'><strong>ejus</strong></span> <span class='ocrx_word' id='word_1_428' title='bbox 1824 3743 2072 3816; x_wconf 84' lang='lat' dir='ltr'><strong>epistolis</strong></span> <span class='ocrx_word' id='word_1_429' title='bbox 2098 3745 2336 3801; x_wconf 79' lang='lat' dir='ltr'><strong>collectio</strong></span> <span class='ocrx_word' id='word_1_430' title='bbox 2369 3743 2522 3799; x_wconf 81' lang='lat' dir='ltr'><strong>tertii</strong></span> <span class='ocrx_word' id='word_1_431' title='bbox 2571 3740 2750 3798; x_wconf 76' lang='lat' dir='ltr'><strong>exilii.</strong></span> 
     </span>
    </p>
   </div>
   <div class='ocr_carea' id='block_1_62' title="bbox 397 3870 1958 3964">
    <p class='ocr_par' dir='ltr' id='par_1_62' title="bbox 397 3886 1932 3964">
     <span class='ocr_line' id='line_1_62' title="bbox 397 3886 1932 3964; baseline 0.002 -23"><span class='ocrx_word' id='word_1_432' title='bbox 397 3887 440 3941; x_wconf 94' lang='grc' dir='ltr'><strong>Ι.</strong></span> <span class='ocrx_word' id='word_1_433' title='bbox 493 3915 536 3928; x_wconf 89' lang='lat'><strong>-</strong></span> <span class='ocrx_word' id='word_1_434' title='bbox 574 3886 997 3964; x_wconf 70' lang='lat' dir='ltr'><strong>Iconomachicae</strong></span> <span class='ocrx_word' id='word_1_435' title='bbox 1026 3889 1252 3959; x_wconf 86' lang='lat' dir='ltr'><strong>synodo,</strong></span> <span class='ocrx_word' id='word_1_436' title='bbox 1288 3892 1578 3964; x_wconf 83' lang='lat' dir='ltr'><strong>_lanquam</strong></span> <span class='ocrx_word' id='word_1_437' title='bbox 1605 3905 1674 3945; x_wconf 75' lang='lat' dir='ltr'><strong>ea:</strong></span> <span class='ocrx_word' id='word_1_438' title='bbox 1698 3904 1932 3960; x_wconf 81' lang='lat' dir='ltr'><strong>persona</strong></span> 
     </span>
    </p>
   </div>
   <div class='ocr_carea' id='block_1_63' title="bbox 2071 3870 3725 3964">
    <p class='ocr_par' dir='ltr' id='par_1_63' title="bbox 2141 3870 3725 3964">
     <span class='ocr_line' id='line_1_63' title="bbox 2141 3870 3725 3964; baseline -0.012 -21"><span class='ocrx_word' id='word_1_439' title='bbox 2141 3887 2434 3964; x_wconf 65' lang='lat' dir='ltr'><strong>A&#39;.-—Tji</strong></span> <span class='ocrx_word' id='word_1_440' title='bbox 2465 3883 2981 3964; x_wconf 62' lang='grc' dir='ltr'>Εἰκονομαχικῇ</span> <span class='ocrx_word' id='word_1_441' title='bbox 3016 3873 3410 3964; x_wconf 40' lang='grc' dir='ltr'>συνόδῳηὼς</span> <span class='ocrx_word' id='word_1_442' title='bbox 3457 3870 3526 3927; x_wconf 78' lang='grc' dir='ltr'>ἔκ</span> <span class='ocrx_word' id='word_1_443' title='bbox 3571 3890 3725 3946; x_wconf 87' lang='grc' dir='ltr'>προ-</span> 
     </span>
    </p>
   </div>
   <div class='ocr_carea' id='block_1_64' title="bbox 787 3959 1498 4032">
    <p class='ocr_par' dir='ltr' id='par_1_64' title="bbox 787 3959 1498 4032">
     <span class='ocr_line' id='line_1_64' title="bbox 787 3959 1498 4032; baseline 0.003 -18"><span class='ocrx_word' id='word_1_444' title='bbox 787 3959 1029 4014; x_wconf 86' lang='lat' dir='ltr'><strong>omnium</strong></span> <span class='ocrx_word' id='word_1_445' title='bbox 1054 3959 1498 4032; x_wconf 56' lang='lat' dir='ltr'><strong>praepositorum.</strong></span> 
     </span>
    </p>
   </div>
   <div class='ocr_carea' id='block_1_65' title="bbox 2323 3952 3470 4025">
    <p class='ocr_par' dir='ltr' id='par_1_65' title="bbox 2323 3952 3470 4025">
     <span class='ocr_line' id='line_1_65' title="bbox 2323 3952 3470 4025; baseline -0.009 -13"><span class='ocrx_word' id='word_1_446' title='bbox 2323 3952 2545 4012; x_wconf 71' lang='grc' dir='ltr'>σώπου</span> <span class='ocrx_word' id='word_1_447' title='bbox 2585 3952 2860 4009; x_wconf 63' lang='grc' dir='ltr'>πάντων</span> <span class='ocrx_word' id='word_1_448' title='bbox 2901 3952 3026 4007; x_wconf 87' lang='grc' dir='ltr'><strong>τῶν</strong></span> <span class='ocrx_word' id='word_1_449' title='bbox 3066 3952 3470 4025; x_wconf 74' lang='grc' dir='ltr'>ἡγουμένων.</span> 
     </span>
    </p>
   </div>
   <div class='ocr_carea' id='block_1_66' title="bbox 1199 4081 2915 4154">
    <p class='ocr_par' dir='ltr' id='par_1_66' title="bbox 1199 4081 2915 4154">
     <span class='ocr_line' id='line_1_66' title="bbox 1199 4081 2915 4154; baseline -0.005 -14"><span class='ocrx_word' id='word_1_450' title='bbox 1199 4089 1509 4154; x_wconf 85' lang='lat' dir='ltr'><strong>Dogmatica</strong></span> <span class='ocrx_word' id='word_1_451' title='bbox 1531 4090 1596 4140; x_wconf 90' lang='lat' dir='ltr'><strong>de</strong></span> <span class='ocrx_word' id='word_1_452' title='bbox 1618 4090 1820 4140; x_wconf 83' lang='lat' dir='ltr'><strong>sanctis</strong></span> <span class='ocrx_word' id='word_1_453' title='bbox 1845 4088 2192 4153; x_wconf 78' lang='lat' dir='ltr'><strong>imaginibus.</strong></span> <span class='ocrx_word' id='word_1_454' title='bbox 2221 4088 2441 4150; x_wconf 87' lang='lat' dir='ltr'><strong>(Baron.</strong></span> <span class='ocrx_word' id='word_1_455' title='bbox 2465 4099 2549 4137; x_wconf 85' lang='lat' dir='ltr'><strong>an.</strong></span> <span class='ocrx_word' id='word_1_456' title='bbox 2574 4085 2685 4143; x_wconf 76' lang='grc'><strong>814,</strong></span> <span class='ocrx_word' id='word_1_457' title='bbox 2719 4098 2772 4134; x_wconf 93' lang='lat' dir='ltr'><strong>n.</strong></span> <span class='ocrx_word' id='word_1_458' title='bbox 2793 4081 2915 4143; x_wconf 85' lang='grc'><strong>36.)</strong></span> 
     </span>
    </p>
   </div>
   <div class='ocr_carea' id='block_1_67' title="bbox 395 4175 1964 4252">
    <p class='ocr_par' dir='ltr' id='par_1_67' title="bbox 395 4175 1964 4252">
     <span class='ocr_line' id='line_1_67' title="bbox 395 4175 1964 4252; baseline 0.001 -19"><span class='ocrx_word' id='word_1_459' title='bbox 395 4175 620 4235; x_wconf 89' lang='lat' dir='ltr'><strong>Divinis</strong></span> <span class='ocrx_word' id='word_1_460' title='bbox 659 4177 888 4251; x_wconf 85' lang='lat' dir='ltr'><strong>legibus</strong></span> <span class='ocrx_word' id='word_1_461' title='bbox 931 4179 1340 4252; x_wconf 89' lang='lat' dir='ltr'><strong>canonicisque</strong></span> <span class='ocrx_word' id='word_1_462' title='bbox 1368 4180 1610 4237; x_wconf 85' lang='lat' dir='ltr'><strong>decretis</strong></span> <span class='ocrx_word' id='word_1_463' title='bbox 1639 4180 1964 4251; x_wconf 87' lang='lat' dir='ltr'><strong>obsequen-</strong></span> 
     </span>
    </p>
   </div>
   <div class='ocr_carea' id='block_1_68' title="bbox 326 4269 1968 4340">
    <p class='ocr_par' dir='ltr' id='par_1_68' title="bbox 326 4269 1968 4340">
     <span class='ocr_line' id='line_1_68' title="bbox 326 4269 1968 4340; baseline 0.002 -19"><span class='ocrx_word' id='word_1_464' title='bbox 326 4269 437 4334; x_wconf 89' lang='lat' dir='ltr'><strong>tes,</strong></span> <span class='ocrx_word' id='word_1_465' title='bbox 469 4283 596 4339; x_wconf 72' lang='lat' dir='ltr'><strong>quaa</strong></span> <span class='ocrx_word' id='word_1_466' title='bbox 626 4273 832 4339; x_wconf 68' lang='lat' dir='ltr'><strong>preter</strong></span> <span class='ocrx_word' id='word_1_467' title='bbox 860 4269 1114 4340; x_wconf 87' lang='lat' dir='ltr'><strong>episcopi</strong></span> <span class='ocrx_word' id='word_1_468' title='bbox 1142 4270 1233 4325; x_wconf 91' lang='lat' dir='ltr'><strong>sui</strong></span> <span class='ocrx_word' id='word_1_469' title='bbox 1265 4270 1615 4326; x_wconf 87' lang='lat' dir='ltr'><strong>sententiam</strong></span> <span class='ocrx_word' id='word_1_470' title='bbox 1648 4269 1708 4324; x_wconf 92' lang='lat' dir='ltr'><strong>in</strong></span> <span class='ocrx_word' id='word_1_471' title='bbox 1739 4269 1812 4325; x_wconf 90' lang='lat' dir='ltr'><strong>iis</strong></span> <span class='ocrx_word' id='word_1_472' title='bbox 1843 4286 1968 4340; x_wconf 64' lang='lat' dir='ltr'><strong>quas</strong></span> 
     </span>
    </p>
   </div>
   <div class='ocr_carea' id='block_1_69' title="bbox 327 4355 1967 4431">
    <p class='ocr_par' dir='ltr' id='par_1_69' title="bbox 327 4355 1967 4431">
     <span class='ocr_line' id='line_1_69' title="bbox 327 4355 1967 4431; baseline 0.001 -20"><span class='ocrx_word' id='word_1_473' title='bbox 327 4356 400 4411; x_wconf 86' lang='lat' dir='ltr'><strong>ad</strong></span> <span class='ocrx_word' id='word_1_474' title='bbox 456 4355 904 4414; x_wconf 85' lang='lat' dir='ltr'><strong>ecclesiasticam</strong></span> <span class='ocrx_word' id='word_1_475' title='bbox 951 4358 1325 4430; x_wconf 89' lang='lat' dir='ltr'><strong>disciplinam</strong></span> <span class='ocrx_word' id='word_1_476' title='bbox 1378 4359 1692 4431; x_wconf 89' lang='lat' dir='ltr'><strong>pertinent,</strong></span> <span class='ocrx_word' id='word_1_477' title='bbox 1751 4360 1967 4414; x_wconf 87' lang='lat' dir='ltr'><strong>nedum</strong></span> 
     </span>
    </p>
   </div>
   <div class='ocr_carea' id='block_1_70' title="bbox 329 4447 1968 4520">
    <p class='ocr_par' dir='ltr' id='par_1_70' title="bbox 329 4447 1968 4520">
     <span class='ocr_line' id='line_1_70' title="bbox 329 4447 1968 4520; baseline 0.001 -19"><span class='ocrx_word' id='word_1_478' title='bbox 329 4462 454 4517; x_wconf 68' lang='lat' dir='ltr'><strong>quae</strong></span> <span class='ocrx_word' id='word_1_479' title='bbox 485 4447 553 4502; x_wconf 83' lang='lat' dir='ltr'><strong>ad</strong></span> <span class='ocrx_word' id='word_1_480' title='bbox 589 4448 944 4518; x_wconf 83' lang='lat' dir='ltr'><strong>dogmaticas</strong></span> <span class='ocrx_word' id='word_1_481' title='bbox 975 4450 1324 4518; x_wconf 56' lang='lat' dir='ltr'><strong>quaestiones</strong></span> <span class='ocrx_word' id='word_1_482' title='bbox 1359 4451 1678 4516; x_wconf 90' lang='lat' dir='ltr'><strong>deducunt,</strong></span> <span class='ocrx_word' id='word_1_483' title='bbox 1706 4448 1852 4504; x_wconf 86' lang='lat' dir='ltr'><strong>nihil</strong></span> <span class='ocrx_word' id='word_1_484' title='bbox 1875 4450 1968 4520; x_wconf 86' lang='lat' dir='ltr'><strong>agi</strong></span> 
     </span>
    </p>
   </div>
   <div class='ocr_carea' id='block_1_71' title="bbox 325 4534 1971 4608">
    <p class='ocr_par' dir='ltr' id='par_1_71' title="bbox 325 4534 1971 4608">
     <span class='ocr_line' id='line_1_71' title="bbox 325 4534 1971 4608; baseline 0.003 -18"><span class='ocrx_word' id='word_1_485' title='bbox 325 4534 416 4590; x_wconf 87' lang='lat' dir='ltr'><strong>vel</strong></span> <span class='ocrx_word' id='word_1_486' title='bbox 446 4536 560 4592; x_wconf 88' lang='lat' dir='ltr'><strong>dici</strong></span> <span class='ocrx_word' id='word_1_487' title='bbox 589 4543 854 4608; x_wconf 89' lang='lat' dir='ltr'><strong>oportere</strong></span> <span class='ocrx_word' id='word_1_488' title='bbox 884 4537 1208 4606; x_wconf 83' lang='lat' dir='ltr'><strong>definiunt;</strong></span> <span class='ocrx_word' id='word_1_489' title='bbox 1243 4555 1378 4595; x_wconf 91' lang='lat' dir='ltr'><strong>cum</strong></span> <span class='ocrx_word' id='word_1_490' title='bbox 1410 4539 1481 4595; x_wconf 89' lang='lat' dir='ltr'><strong>ad</strong></span> <span class='ocrx_word' id='word_1_491' title='bbox 1514 4539 1860 4594; x_wconf 88' lang='lat' dir='ltr'><strong>auctoritate</strong></span> <span class='ocrx_word' id='word_1_492' title='bbox 1877 4555 1971 4595; x_wconf 83' lang='lat' dir='ltr'><strong>ve-</strong></span> 
     </span>
    </p>
   </div>
   <div class='ocr_carea' id='block_1_72' title="bbox 327 4625 1966 4698">
    <p class='ocr_par' dir='ltr' id='par_1_72' title="bbox 327 4625 1966 4698">
     <span class='ocr_line' id='line_1_72' title="bbox 327 4625 1966 4698; baseline 0.002 -17"><span class='ocrx_word' id='word_1_493' title='bbox 327 4628 448 4681; x_wconf 85' lang='lat' dir='ltr'><strong>stra</strong></span> <span class='ocrx_word' id='word_1_494' title='bbox 476 4625 656 4682; x_wconf 89' lang='lat' dir='ltr'><strong>semel</strong></span> <span class='ocrx_word' id='word_1_495' title='bbox 687 4630 860 4698; x_wconf 88' lang='lat' dir='ltr'><strong>atque</strong></span> <span class='ocrx_word' id='word_1_496' title='bbox 886 4627 1093 4684; x_wconf 90' lang='lat' dir='ltr'><strong>iterum</strong></span> <span class='ocrx_word' id='word_1_497' title='bbox 1125 4628 1196 4683; x_wconf 88' lang='lat' dir='ltr'><strong>ad</strong></span> <span class='ocrx_word' id='word_1_498' title='bbox 1230 4628 1368 4684; x_wconf 86' lang='lat' dir='ltr'><strong>talia</strong></span> <span class='ocrx_word' id='word_1_499' title='bbox 1398 4645 1506 4684; x_wconf 83' lang='lat' dir='ltr'><strong>nos</strong></span> <span class='ocrx_word' id='word_1_500' title='bbox 1536 4627 1788 4684; x_wconf 82' lang='lat' dir='ltr'><strong>humiles</strong></span> <span class='ocrx_word' id='word_1_501' title='bbox 1836 4643 1966 4684; x_wconf 90' lang='lat' dir='ltr'><strong>evo-</strong></span> 
     </span>
    </p>
   </div>
   <div class='ocr_carea' id='block_1_73' title="bbox 327 4716 1968 4790">
    <p class='ocr_par' dir='ltr' id='par_1_73' title="bbox 327 4716 1968 4790">
     <span class='ocr_line' id='line_1_73' title="bbox 327 4716 1968 4790; baseline 0.001 -20"><span class='ocrx_word' id='word_1_502' title='bbox 327 4731 632 4784; x_wconf 89' lang='lat' dir='ltr'><strong>caremur;</strong></span> <span class='ocrx_word' id='word_1_503' title='bbox 666 4716 790 4772; x_wconf 84' lang='lat' dir='ltr'><strong>ausi</strong></span> <span class='ocrx_word' id='word_1_504' title='bbox 825 4732 942 4772; x_wconf 91' lang='lat' dir='ltr'><strong>non</strong></span> <span class='ocrx_word' id='word_1_505' title='bbox 973 4717 1217 4785; x_wconf 84' lang='lat' dir='ltr'><strong>fuimus,</strong></span> <span class='ocrx_word' id='word_1_506' title='bbox 1250 4722 1458 4790; x_wconf 72' lang='lat' dir='ltr'><strong>praeter</strong></span> <span class='ocrx_word' id='word_1_507' title='bbox 1485 4734 1555 4774; x_wconf 88' lang='lat' dir='ltr'><strong>ea</strong></span> <span class='ocrx_word' id='word_1_508' title='bbox 1584 4734 1711 4789; x_wconf 62' lang='lat' dir='ltr'><strong>quas</strong></span> <span class='ocrx_word' id='word_1_509' title='bbox 1751 4721 1968 4773; x_wconf 86' lang='lat' dir='ltr'><strong>statuta</strong></span> 
     </span>
    </p>
   </div>
   <div class='ocr_carea' id='block_1_74' title="bbox 326 4805 1967 4878">
    <p class='ocr_par' dir='ltr' id='par_1_74' title="bbox 326 4805 1967 4878">
     <span class='ocr_line' id='line_1_74' title="bbox 326 4805 1967 4878; baseline 0 -18"><span class='ocrx_word' id='word_1_510' title='bbox 326 4809 466 4860; x_wconf 88' lang='lat' dir='ltr'><strong>sunt</strong></span> <span class='ocrx_word' id='word_1_511' title='bbox 496 4811 754 4876; x_wconf 82' lang='lat' dir='ltr'><strong>egentes,</strong></span> <span class='ocrx_word' id='word_1_512' title='bbox 788 4806 1087 4874; x_wconf 89' lang='lat' dir='ltr'><strong>accedere;</strong></span> <span class='ocrx_word' id='word_1_513' title='bbox 1122 4811 1185 4861; x_wconf 91' lang='lat' dir='ltr'><strong>ut</strong></span> <span class='ocrx_word' id='word_1_514' title='bbox 1205 4807 1301 4878; x_wconf 89' lang='lat' dir='ltr'><strong>qui</strong></span> <span class='ocrx_word' id='word_1_515' title='bbox 1332 4805 1442 4862; x_wconf 90' lang='lat' dir='ltr'><strong>sub</strong></span> <span class='ocrx_word' id='word_1_516' title='bbox 1465 4821 1626 4862; x_wconf 86' lang='lat' dir='ltr'><strong>sacra</strong></span> <span class='ocrx_word' id='word_1_517' title='bbox 1656 4822 1834 4861; x_wconf 86' lang='lat' dir='ltr'><strong>manu</strong></span> <span class='ocrx_word' id='word_1_518' title='bbox 1865 4807 1967 4861; x_wconf 90' lang='lat' dir='ltr'><strong>Ni-</strong></span> 
     </span>
    </p>
   </div>
   <div class='ocr_carea' id='block_1_75' title="bbox 327 4895 1964 4968">
    <p class='ocr_par' dir='ltr' id='par_1_75' title="bbox 327 4895 1964 4968">
     <span class='ocr_line' id='line_1_75' title="bbox 327 4895 1964 4968; baseline 0.001 -17"><span class='ocrx_word' id='word_1_519' title='bbox 327 4895 560 4966; x_wconf 87' lang='lat' dir='ltr'><strong>cephori</strong></span> <span class='ocrx_word' id='word_1_520' title='bbox 591 4897 942 4953; x_wconf 86' lang='lat' dir='ltr'><strong>sanctissimi</strong></span> <span class='ocrx_word' id='word_1_521' title='bbox 985 4897 1326 4968; x_wconf 63' lang='lat' dir='ltr'><strong>patriarchae</strong></span> <span class='ocrx_word' id='word_1_522' title='bbox 1359 4895 1554 4952; x_wconf 89' lang='lat' dir='ltr'><strong>divino</strong></span> <span class='ocrx_word' id='word_1_523' title='bbox 1581 4896 1797 4967; x_wconf 87' lang='lat' dir='ltr'><strong>Spiritu</strong></span> <span class='ocrx_word' id='word_1_524' title='bbox 1830 4913 1964 4952; x_wconf 85' lang='lat' dir='ltr'><strong>con-</strong></span> 
     </span>
    </p>
   </div>
   <div class='ocr_carea' id='block_1_76' title="bbox 327 4983 1966 5057">
    <p class='ocr_par' dir='ltr' id='par_1_76' title="bbox 327 4983 1966 5057">
     <span class='ocr_line' id='line_1_76' title="bbox 327 4983 1966 5057; baseline -0.001 -18"><span class='ocrx_word' id='word_1_525' title='bbox 327 4983 516 5039; x_wconf 89' lang='lat' dir='ltr'><strong>stituti</strong></span> <span class='ocrx_word' id='word_1_526' title='bbox 548 5001 778 5042; x_wconf 89' lang='lat' dir='ltr'><strong>sumus.</strong></span> <span class='ocrx_word' id='word_1_527' title='bbox 810 4985 1127 5057; x_wconf 89' lang='lat' dir='ltr'><strong>Postquam</strong></span> <span class='ocrx_word' id='word_1_528' title='bbox 1161 4993 1353 5041; x_wconf 82' lang='lat' dir='ltr'><strong>autem</strong></span> <span class='ocrx_word' id='word_1_529' title='bbox 1387 4984 1627 5054; x_wconf 90' lang='lat' dir='ltr'><strong>quidam</strong></span> <span class='ocrx_word' id='word_1_530' title='bbox 1668 4999 1736 5039; x_wconf 85' lang='lat' dir='ltr'><strong>ex</strong></span> <span class='ocrx_word' id='word_1_531' title='bbox 1766 4984 1966 5039; x_wconf 89' lang='lat' dir='ltr'><strong>ordine</strong></span> 
     </span>
    </p>
   </div>
   <div class='ocr_carea' id='block_1_77' title="bbox 325 5071 1966 5146">
    <p class='ocr_par' dir='ltr' id='par_1_77' title="bbox 325 5071 1966 5146">
     <span class='ocr_line' id='line_1_77' title="bbox 325 5071 1966 5146; baseline -0.001 -18"><span class='ocrx_word' id='word_1_532' title='bbox 325 5081 521 5129; x_wconf 88' lang='lat' dir='ltr'><strong>nostro</strong></span> <span class='ocrx_word' id='word_1_533' title='bbox 565 5074 875 5145; x_wconf 70' lang='lat' dir='ltr'><strong>praepositi,</strong></span> <span class='ocrx_word' id='word_1_534' title='bbox 927 5075 1092 5146; x_wconf 82' lang='lat' dir='ltr'><strong>quasi</strong></span> <span class='ocrx_word' id='word_1_535' title='bbox 1151 5071 1473 5145; x_wconf 88' lang='lat' dir='ltr'><strong>periculum</strong></span> <span class='ocrx_word' id='word_1_536' title='bbox 1544 5073 1781 5144; x_wconf 86' lang='lat' dir='ltr'><strong>aliquod</strong></span> <span class='ocrx_word' id='word_1_537' title='bbox 1839 5073 1966 5127; x_wconf 89' lang='lat' dir='ltr'><strong>fac—</strong></span> 
     </span>
    </p>
   </div>
   <div class='ocr_carea' id='block_1_78' title="bbox 325 5161 1964 5234">
    <p class='ocr_par' dir='ltr' id='par_1_78' title="bbox 325 5161 1964 5234">
     <span class='ocr_line' id='line_1_78' title="bbox 325 5161 1964 5234; baseline -0.001 -16"><span class='ocrx_word' id='word_1_538' title='bbox 325 5162 462 5231; x_wconf 89' lang='lat' dir='ltr'><strong>turi,</strong></span> <span class='ocrx_word' id='word_1_539' title='bbox 514 5163 906 5220; x_wconf 89' lang='lat' dir='ltr'><strong>accedendum</strong></span> <span class='ocrx_word' id='word_1_540' title='bbox 963 5161 1098 5229; x_wconf 89' lang='lat' dir='ltr'><strong>sibi,</strong></span> <span class='ocrx_word' id='word_1_541' title='bbox 1155 5166 1212 5218; x_wconf 92' lang='lat' dir='ltr'><strong>et</strong></span> <span class='ocrx_word' id='word_1_542' title='bbox 1267 5161 1553 5234; x_wconf 87' lang='lat' dir='ltr'><strong>oppositis</strong></span> <span class='ocrx_word' id='word_1_543' title='bbox 1599 5161 1964 5217; x_wconf 89' lang='lat' dir='ltr'><strong>sermonibus</strong></span> 
     </span>
    </p>
   </div>
   <div class='ocr_carea' id='block_1_79' title="bbox 323 5249 1964 5322">
    <p class='ocr_par' dir='ltr' id='par_1_79' title="bbox 323 5249 1964 5322">
     <span class='ocr_line' id='line_1_79' title="bbox 323 5249 1964 5322; baseline -0.001 -16"><span class='ocrx_word' id='word_1_544' title='bbox 323 5253 792 5322; x_wconf 87' lang='lat' dir='ltr'><strong>respondendum</strong></span> <span class='ocrx_word' id='word_1_545' title='bbox 860 5255 1215 5309; x_wconf 89' lang='lat' dir='ltr'><strong>censuerunt</strong></span> <span class='ocrx_word' id='word_1_546' title='bbox 1268 5267 1282 5308; x_wconf 89' lang='lat'><strong>:</strong></span> <span class='ocrx_word' id='word_1_547' title='bbox 1363 5250 1503 5322; x_wconf 92' lang='lat' dir='ltr'><strong>quid</strong></span> <span class='ocrx_word' id='word_1_548' title='bbox 1572 5249 1726 5305; x_wconf 85' lang='lat' dir='ltr'><strong>aliud</strong></span> <span class='ocrx_word' id='word_1_549' title='bbox 1794 5249 1964 5306; x_wconf 91' lang='lat' dir='ltr'><strong>nobis</strong></span> 
     </span>
    </p>
   </div>
   <div class='ocr_carea' id='block_1_80' title="bbox 324 5339 1963 5412">
    <p class='ocr_par' dir='ltr' id='par_1_80' title="bbox 324 5339 1963 5412">
     <span class='ocr_line' id='line_1_80' title="bbox 324 5339 1963 5412; baseline -0.001 -14"><span class='ocrx_word' id='word_1_550' title='bbox 324 5341 529 5398; x_wconf 86' lang='lat' dir='ltr'><strong>audire</strong></span> <span class='ocrx_word' id='word_1_551' title='bbox 607 5341 796 5410; x_wconf 90' lang='lat' dir='ltr'><strong>liceat,</strong></span> <span class='ocrx_word' id='word_1_552' title='bbox 881 5356 1046 5412; x_wconf 91' lang='lat' dir='ltr'><strong>quam</strong></span> <span class='ocrx_word' id='word_1_553' title='bbox 1131 5356 1260 5412; x_wconf 68' lang='lat' dir='ltr'><strong>qum</strong></span> <span class='ocrx_word' id='word_1_554' title='bbox 1343 5339 1567 5395; x_wconf 90' lang='lat' dir='ltr'><strong>humile</strong></span> <span class='ocrx_word' id='word_1_555' title='bbox 1651 5354 1751 5396; x_wconf 90' lang='lat' dir='ltr'><strong>cor</strong></span> <span class='ocrx_word' id='word_1_556' title='bbox 1831 5355 1963 5396; x_wconf 91' lang='lat' dir='ltr'><strong>nos-</strong></span> 
     </span>
    </p>
   </div>
   <div class='ocr_carea' id='block_1_81' title="bbox 2147 4161 3728 4247">
    <p class='ocr_par' dir='ltr' id='par_1_81' title="bbox 2147 4161 3728 4247">
     <span class='ocr_line' id='line_1_81' title="bbox 2147 4161 3728 4247; baseline -0.009 -16"><span class='ocrx_word' id='word_1_557' title='bbox 2147 4175 2355 4247; x_wconf 84' lang='grc' dir='ltr'>Νόμοις</span> <span class='ocrx_word' id='word_1_558' title='bbox 2396 4175 2560 4235; x_wconf 86' lang='grc' dir='ltr'>θείοις</span> <span class='ocrx_word' id='word_1_559' title='bbox 2607 4174 2695 4228; x_wconf 86' lang='grc' dir='ltr'><strong>καὶ</strong></span> <span class='ocrx_word' id='word_1_560' title='bbox 2745 4175 3052 4232; x_wconf 84' lang='grc' dir='ltr'>κανονικοῖς</span> <span class='ocrx_word' id='word_1_561' title='bbox 3119 4167 3469 4240; x_wconf 84' lang='grc' dir='ltr'>θεσπίσμασιν</span> <span class='ocrx_word' id='word_1_562' title='bbox 3519 4161 3728 4235; x_wconf 76' lang='grc' dir='ltr'>ἑπόμε-</span> 
     </span>
    </p>
   </div>
   <div class='ocr_carea' id='block_1_82' title="bbox 2075 4252 3722 4338">
    <p class='ocr_par' dir='ltr' id='par_1_82' title="bbox 2075 4252 3722 4338">
     <span class='ocr_line' id='line_1_82' title="bbox 2075 4252 3722 4338; baseline -0.009 -18"><span class='ocrx_word' id='word_1_563' title='bbox 2075 4287 2184 4335; x_wconf 86' lang='grc' dir='ltr'>νοι,</span> <span class='ocrx_word' id='word_1_564' title='bbox 2232 4269 2327 4320; x_wconf 78' lang='grc' dir='ltr'>τοῦ</span> <span class='ocrx_word' id='word_1_565' title='bbox 2379 4266 2454 4338; x_wconf 72' lang='grc' dir='ltr'>μὴ</span> <span class='ocrx_word' id='word_1_566' title='bbox 2508 4261 2615 4319; x_wconf 84' lang='grc' dir='ltr'>δεῖν</span> <span class='ocrx_word' id='word_1_567' title='bbox 2666 4264 2811 4337; x_wconf 82' lang='grc' dir='ltr'>παρὰ</span> <span class='ocrx_word' id='word_1_568' title='bbox 2872 4264 2974 4331; x_wconf 82' lang='grc' dir='ltr'>τήν</span> <span class='ocrx_word' id='word_1_569' title='bbox 3019 4262 3120 4314; x_wconf 77' lang='grc' dir='ltr'><strong>τοῦ</strong></span> <span class='ocrx_word' id='word_1_570' title='bbox 3169 4255 3372 4312; x_wconf 79' lang='grc' dir='ltr'>οἰκείου</span> <span class='ocrx_word' id='word_1_571' title='bbox 3421 4252 3722 4309; x_wconf 81' lang='grc' dir='ltr'>ἐπισκόπου</span> 
     </span>
    </p>
   </div>
   <div class='ocr_carea' id='block_1_83' title="bbox 2077 4341 3723 4430">
    <p class='ocr_par' dir='ltr' id='par_1_83' title="bbox 2077 4341 3723 4430">
     <span class='ocr_line' id='line_1_83' title="bbox 2077 4341 3723 4430; baseline -0.009 -20"><span class='ocrx_word' id='word_1_572' title='bbox 2077 4356 2308 4430; x_wconf 79' lang='grc' dir='ltr'>γνώμην</span> <span class='ocrx_word' id='word_1_573' title='bbox 2341 4355 2594 4428; x_wconf 86' lang='grc' dir='ltr'>πράττειν</span> <span class='ocrx_word' id='word_1_574' title='bbox 2621 4373 2676 4407; x_wconf 84' lang='grc' dir='ltr'><strong>τι</strong></span> <span class='ocrx_word' id='word_1_575' title='bbox 2703 4354 2738 4423; x_wconf 78' lang='grc' dir='ltr'>ἢ</span> <span class='ocrx_word' id='word_1_576' title='bbox 2781 4351 2956 4427; x_wconf 86' lang='grc' dir='ltr'>λέγειν</span> <span class='ocrx_word' id='word_1_577' title='bbox 2998 4353 3104 4404; x_wconf 87' lang='grc' dir='ltr'><strong>τῶν</strong></span> <span class='ocrx_word' id='word_1_578' title='bbox 3156 4346 3254 4402; x_wconf 83' lang='grc' dir='ltr'>ὅσα</span> <span class='ocrx_word' id='word_1_579' title='bbox 3303 4345 3380 4407; x_wconf 83' lang='grc' dir='ltr'>εἷς</span> <span class='ocrx_word' id='word_1_580' title='bbox 3427 4341 3723 4412; x_wconf 77' lang='grc' dir='ltr'>ἒχκλησια-</span> 
     </span>
    </p>
   </div>
   <div class='ocr_carea' id='block_1_84' title="bbox 2078 4431 3725 4519">
    <p class='ocr_par' dir='ltr' id='par_1_84' title="bbox 2078 4431 3725 4519">
     <span class='ocr_line' id='line_1_84' title="bbox 2078 4431 3725 4519; baseline -0.009 -20"><span class='ocrx_word' id='word_1_581' title='bbox 2078 4445 2265 4512; x_wconf 81' lang='grc' dir='ltr'>στικὴν</span> <span class='ocrx_word' id='word_1_582' title='bbox 2317 4444 2462 4519; x_wconf 76' lang='grc' dir='ltr'>φέρει</span> <span class='ocrx_word' id='word_1_583' title='bbox 2513 4441 2776 4512; x_wconf 77' lang='grc' dir='ltr'>εὐταξίαν,</span> <span class='ocrx_word' id='word_1_584' title='bbox 2809 4437 3024 4496; x_wconf 81' lang='grc' dir='ltr'>πολλοῦ</span> <span class='ocrx_word' id='word_1_585' title='bbox 3071 4458 3134 4513; x_wconf 86' lang='grc' dir='ltr'><strong>γε</strong></span> <span class='ocrx_word' id='word_1_586' title='bbox 3173 4436 3344 4491; x_wconf 70' lang='grc' dir='ltr'>εἰπεῖν</span> <span class='ocrx_word' id='word_1_587' title='bbox 3389 4433 3462 4495; x_wconf 76' lang='grc' dir='ltr'>εἷς</span> <span class='ocrx_word' id='word_1_588' title='bbox 3516 4431 3725 4506; x_wconf 83' lang='grc' dir='ltr'>δογμα-</span> 
     </span>
    </p>
   </div>
   <div class='ocr_carea' id='block_1_85' title="bbox 2075 4519 3722 4605">
    <p class='ocr_par' dir='ltr' id='par_1_85' title="bbox 2075 4519 3722 4605">
     <span class='ocr_line' id='line_1_85' title="bbox 2075 4519 3722 4605; baseline -0.007 -17"><span class='ocrx_word' id='word_1_589' title='bbox 2075 4535 2232 4602; x_wconf 80' lang='grc' dir='ltr'>τικήν</span> <span class='ocrx_word' id='word_1_590' title='bbox 2265 4531 2467 4605; x_wconf 82' lang='grc' dir='ltr'>έξέλκει</span> <span class='ocrx_word' id='word_1_591' title='bbox 2500 4533 2794 4602; x_wconf 76' lang='grc' dir='ltr'>συζήτησιν</span> <span class='ocrx_word' id='word_1_592' title='bbox 2818 4550 2831 4563; x_wconf 79' lang='grc'><em>’</em></span> <span class='ocrx_word' id='word_1_593' title='bbox 2861 4529 3056 4585; x_wconf 82' lang='grc' dir='ltr'>τούτου</span> <span class='ocrx_word' id='word_1_594' title='bbox 3103 4528 3266 4602; x_wconf 86' lang='grc' dir='ltr'>χάριν</span> <span class='ocrx_word' id='word_1_595' title='bbox 3310 4527 3408 4590; x_wconf 77' lang='grc' dir='ltr'>τῆς</span> <span class='ocrx_word' id='word_1_596' title='bbox 3456 4519 3722 4596; x_wconf 74' lang='grc' dir='ltr'>ὑμετέρας</span> 
     </span>
    </p>
   </div>
   <div class='ocr_carea' id='block_1_86' title="bbox 2078 4613 3723 4694">
    <p class='ocr_par' dir='ltr' id='par_1_86' title="bbox 2078 4613 3723 4694">
     <span class='ocr_line' id='line_1_86' title="bbox 2078 4613 3723 4694; baseline -0.008 -16"><span class='ocrx_word' id='word_1_597' title='bbox 2078 4622 2319 4694; x_wconf 73' lang='grc' dir='ltr'>ἐξουσίας</span> <span class='ocrx_word' id='word_1_598' title='bbox 2352 4621 2487 4691; x_wconf 80' lang='grc' dir='ltr'>ἅπαξ</span> <span class='ocrx_word' id='word_1_599' title='bbox 2538 4621 2628 4675; x_wconf 82' lang='grc' dir='ltr'><strong>καὶ</strong></span> <span class='ocrx_word' id='word_1_600' title='bbox 2678 4617 2758 4682; x_wconf 78' lang='grc' dir='ltr'><strong>ὃῖς</strong></span> <span class='ocrx_word' id='word_1_601' title='bbox 2799 4616 3166 4686; x_wconf 83' lang='grc' dir='ltr'>ὲκκαλεσάσης</span> <span class='ocrx_word' id='word_1_602' title='bbox 3203 4615 3341 4688; x_wconf 87' lang='grc' dir='ltr'>πρὸς</span> <span class='ocrx_word' id='word_1_603' title='bbox 3388 4613 3455 4670; x_wconf 78' lang='grc' dir='ltr'>τὰ</span> <span class='ocrx_word' id='word_1_604' title='bbox 3496 4615 3723 4667; x_wconf 75' lang='grc' dir='ltr'>τοιαῦτα</span> 
     </span>
    </p>
   </div>
   <div class='ocr_carea' id='block_1_87' title="bbox 2076 4698 3722 4785">
    <p class='ocr_par' dir='ltr' id='par_1_87' title="bbox 2076 4698 3722 4785">
     <span class='ocr_line' id='line_1_87' title="bbox 2076 4698 3722 4785; baseline -0.007 -18"><span class='ocrx_word' id='word_1_605' title='bbox 2076 4715 2176 4783; x_wconf 78' lang='grc' dir='ltr'>τὴν</span> <span class='ocrx_word' id='word_1_606' title='bbox 2204 4713 2323 4766; x_wconf 86' lang='grc' dir='ltr'>καθ’</span> <span class='ocrx_word' id='word_1_607' title='bbox 2353 4714 2500 4785; x_wconf 75' lang='grc' dir='ltr'>ἡμᾶς</span> <span class='ocrx_word' id='word_1_608' title='bbox 2549 4709 2838 4778; x_wconf 75' lang='grc' dir='ltr'>εὔτέλειαν,</span> <span class='ocrx_word' id='word_1_609' title='bbox 2870 4707 2970 4764; x_wconf 81' lang='grc' dir='ltr'><strong>οὐκ</strong></span> <span class='ocrx_word' id='word_1_610' title='bbox 3005 4705 3308 4780; x_wconf 80' lang='grc' dir='ltr'>ἐτόλμησεν</span> <span class='ocrx_word' id='word_1_611' title='bbox 3354 4698 3455 4774; x_wconf 76' lang='grc' dir='ltr'><strong>ἔξω</strong></span> <span class='ocrx_word' id='word_1_612' title='bbox 3507 4724 3559 4759; x_wconf 91' lang='grc' dir='ltr'><strong>τι</strong></span> <span class='ocrx_word' id='word_1_613' title='bbox 3608 4707 3722 4757; x_wconf 89' lang='grc' dir='ltr'><strong>τῶν</strong></span> 
     </span>
    </p>
   </div>
   <div class='ocr_carea' id='block_1_88' title="bbox 2074 4795 3722 4879">
    <p class='ocr_par' dir='ltr' id='par_1_88' title="bbox 2074 4795 3722 4879">
     <span class='ocr_line' id='line_1_88' title="bbox 2074 4795 3722 4879; baseline -0.007 -19"><span class='ocrx_word' id='word_1_614' title='bbox 2074 4801 2480 4877; x_wconf 80' lang='grc' dir='ltr'>νενομισμένων</span> <span class='ocrx_word' id='word_1_615' title='bbox 2529 4802 2836 4879; x_wconf 87' lang='grc' dir='ltr'>πράττουσα</span> <span class='ocrx_word' id='word_1_616' title='bbox 2877 4798 3305 4874; x_wconf 86' lang='grc' dir='ltr'>παραγενέσθαι·</span> <span class='ocrx_word' id='word_1_617' title='bbox 3347 4797 3420 4858; x_wconf 83' lang='grc' dir='ltr'>ὡς</span> <span class='ocrx_word' id='word_1_618' title='bbox 3465 4795 3568 4850; x_wconf 80' lang='grc' dir='ltr'>ὑπὸ</span> <span class='ocrx_word' id='word_1_619' title='bbox 3619 4795 3722 4862; x_wconf 78' lang='grc' dir='ltr'>τήν</span> 
     </span>
    </p>
   </div>
   <div class='ocr_carea' id='block_1_89' title="bbox 2076 4885 3720 4969">
    <p class='ocr_par' dir='ltr' id='par_1_89' title="bbox 2076 4885 3720 4969">
     <span class='ocr_line' id='line_1_89' title="bbox 2076 4885 3720 4969; baseline -0.007 -22"><span class='ocrx_word' id='word_1_620' title='bbox 2076 4893 2221 4967; x_wconf 75' lang='grc' dir='ltr'>ἱερὰν</span> <span class='ocrx_word' id='word_1_621' title='bbox 2270 4897 2433 4969; x_wconf 84' lang='grc' dir='ltr'>χεῖρα</span> <span class='ocrx_word' id='word_1_622' title='bbox 2479 4893 2793 4967; x_wconf 74' lang='grc' dir='ltr'>Νικηφόρου</span> <span class='ocrx_word' id='word_1_623' title='bbox 2841 4894 2937 4944; x_wconf 79' lang='grc' dir='ltr'>τοῦ</span> <span class='ocrx_word' id='word_1_624' title='bbox 3008 4888 3311 4964; x_wconf 81' lang='grc' dir='ltr'>ἁγιωτάτου</span> <span class='ocrx_word' id='word_1_625' title='bbox 3372 4885 3720 4958; x_wconf 83' lang='grc' dir='ltr'>πατριάρχου</span> 
     </span>
    </p>
   </div>
   <div class='ocr_carea' id='block_1_90' title="bbox 2073 4973 3716 5055">
    <p class='ocr_par' dir='ltr' id='par_1_90' title="bbox 2073 4973 3716 5055">
     <span class='ocr_line' id='line_1_90' title="bbox 2073 4973 3716 5055; baseline -0.006 -20"><span class='ocrx_word' id='word_1_626' title='bbox 2073 4981 2335 5055; x_wconf 78' lang='grc' dir='ltr'>πνεύματι</span> <span class='ocrx_word' id='word_1_627' title='bbox 2391 4981 2517 5055; x_wconf 87' lang='grc' dir='ltr'>θείῳ</span> <span class='ocrx_word' id='word_1_628' title='bbox 2568 4980 2818 5036; x_wconf 74' lang='grc' dir='ltr'>τελοῦσα.</span> <span class='ocrx_word' id='word_1_629' title='bbox 2851 4975 3073 5047; x_wconf 78' lang='grc' dir='ltr'>Ἐπειδὴ</span> <span class='ocrx_word' id='word_1_630' title='bbox 3137 4973 3193 5031; x_wconf 83' lang='grc' dir='ltr'>δέ</span> <span class='ocrx_word' id='word_1_631' title='bbox 3239 4995 3380 5038; x_wconf 88' lang='grc' dir='ltr'>τινες</span> <span class='ocrx_word' id='word_1_632' title='bbox 3425 4977 3533 5028; x_wconf 84' lang='grc' dir='ltr'><strong>τῶν</strong></span> <span class='ocrx_word' id='word_1_633' title='bbox 3585 4973 3716 5044; x_wconf 87' lang='grc' dir='ltr'>ὁμο-</span> 
     </span>
    </p>
   </div>
   <div class='ocr_carea' id='block_1_91' title="bbox 2071 5061 3715 5148">
    <p class='ocr_par' dir='ltr' id='par_1_91' title="bbox 2071 5061 3715 5148">
     <span class='ocr_line' id='line_1_91' title="bbox 2071 5061 3715 5148; baseline -0.007 -22"><span class='ocrx_word' id='word_1_634' title='bbox 2071 5075 2252 5148; x_wconf 86' lang='grc' dir='ltr'>ταγῶν</span> <span class='ocrx_word' id='word_1_635' title='bbox 2298 5073 2434 5145; x_wconf 75' lang='grc' dir='ltr'><strong>ἠμῖν</strong></span> <span class='ocrx_word' id='word_1_636' title='bbox 2486 5071 2808 5147; x_wconf 78' lang='grc' dir='ltr'>ἡγουμένων</span> <span class='ocrx_word' id='word_1_637' title='bbox 2857 5064 3154 5142; x_wconf 77' lang='grc' dir='ltr'>ἆπόπειρᾶν</span> <span class='ocrx_word' id='word_1_638' title='bbox 3211 5085 3330 5120; x_wconf 88' lang='grc' dir='ltr'>τινα</span> <span class='ocrx_word' id='word_1_639' title='bbox 3394 5061 3715 5134; x_wconf 74' lang='grc' dir='ltr'>ποιούμενοι</span> 
     </span>
    </p>
   </div>
   <div class='ocr_carea' id='block_1_92' title="bbox 2073 5151 3722 5236">
    <p class='ocr_par' dir='ltr' id='par_1_92' title="bbox 2073 5151 3722 5236">
     <span class='ocr_line' id='line_1_92' title="bbox 2073 5151 3722 5236; baseline -0.008 -20"><span class='ocrx_word' id='word_1_640' title='bbox 2073 5160 2379 5233; x_wconf 81' lang='grc' dir='ltr'>κεκρίκασιν</span> <span class='ocrx_word' id='word_1_641' title='bbox 2428 5161 2731 5236; x_wconf 75' lang='grc' dir='ltr'>ἀφικέσθαι,</span> <span class='ocrx_word' id='word_1_642' title='bbox 2773 5156 2847 5221; x_wconf 78' lang='grc' dir='ltr'><strong>έίς</strong></span> <span class='ocrx_word' id='word_1_643' title='bbox 2885 5178 2944 5212; x_wconf 87' lang='grc' dir='ltr'><strong>τε</strong></span> <span class='ocrx_word' id='word_1_644' title='bbox 2988 5155 3190 5232; x_wconf 86' lang='grc' dir='ltr'>λόγους</span> <span class='ocrx_word' id='word_1_645' title='bbox 3242 5153 3413 5210; x_wconf 78' lang='grc' dir='ltr'>ἐλθεῖν</span> <span class='ocrx_word' id='word_1_646' title='bbox 3465 5151 3722 5206; x_wconf 82' lang='grc' dir='ltr'>ἀντιθετι-</span> 
     </span>
    </p>
   </div>
   <div class='ocr_carea' id='block_1_93' title="bbox 2073 5238 3720 5320">
    <p class='ocr_par' dir='ltr' id='par_1_93' title="bbox 2073 5238 3720 5320">
     <span class='ocr_line' id='line_1_93' title="bbox 2073 5238 3720 5320; baseline -0.007 -15"><span class='ocrx_word' id='word_1_647' title='bbox 2073 5251 2237 5314; x_wconf 75' lang='grc' dir='ltr'>κοόςο</span> <span class='ocrx_word' id='word_1_648' title='bbox 2277 5249 2329 5306; x_wconf 86' lang='grc' dir='ltr'><strong>τί</strong></span> <span class='ocrx_word' id='word_1_649' title='bbox 2387 5249 2529 5306; x_wconf 80' lang='grc' dir='ltr'>ἄλλο</span> <span class='ocrx_word' id='word_1_650' title='bbox 2586 5250 2622 5320; x_wconf 74' lang='grc' dir='ltr'>ἢ</span> <span class='ocrx_word' id='word_1_651' title='bbox 2681 5250 2850 5304; x_wconf 79' lang='grc' dir='ltr'>ἐκεῖνα</span> <span class='ocrx_word' id='word_1_652' title='bbox 2907 5250 3055 5320; x_wconf 76' lang='grc' dir='ltr'>ἡμᾶς</span> <span class='ocrx_word' id='word_1_653' title='bbox 3113 5245 3515 5311; x_wconf 73' lang='grc' dir='ltr'>ἀκουτισθῆναι,</span> <span class='ocrx_word' id='word_1_654' title='bbox 3549 5240 3582 5295; x_wconf 78' lang='grc' dir='ltr'>ἃ</span> <span class='ocrx_word' id='word_1_655' title='bbox 3640 5238 3720 5310; x_wconf 78' lang='grc' dir='ltr'><strong>ἐξ·</strong></span> 
     </span>
    </p>
   </div>
   <div class='ocr_carea' id='block_1_94' title="bbox 2076 5332 3708 5414">
    <p class='ocr_par' dir='ltr' id='par_1_94' title="bbox 2076 5332 3708 5414">
     <span class='ocr_line' id='line_1_94' title="bbox 2076 5332 3708 5414; baseline -0.006 -20"><span class='ocrx_word' id='word_1_656' title='bbox 2076 5340 2285 5410; x_wconf 87' lang='grc' dir='ltr'>ίστησιν</span> <span class='ocrx_word' id='word_1_657' title='bbox 2315 5340 2477 5414; x_wconf 78' lang='grc' dir='ltr'>ἡμῶν</span> <span class='ocrx_word' id='word_1_658' title='bbox 2525 5341 2624 5409; x_wconf 80' lang='grc' dir='ltr'>τὴν</span> <span class='ocrx_word' id='word_1_659' title='bbox 2659 5338 2918 5406; x_wconf 72' lang='grc' dir='ltr'>ταπεινὴν</span> <span class='ocrx_word' id='word_1_660' title='bbox 2967 5333 3232 5404; x_wconf 85' lang='grc' dir='ltr'>καρδίαν;</span> <span class='ocrx_word' id='word_1_661' title='bbox 3266 5333 3405 5389; x_wconf 77' lang='grc' dir='ltr'>Φασὶ</span> <span class='ocrx_word' id='word_1_662' title='bbox 3453 5333 3558 5406; x_wconf 75' lang='grc' dir='ltr'>γὰρ</span> <span class='ocrx_word' id='word_1_663' title='bbox 3605 5332 3708 5400; x_wconf 70' lang='grc' dir='ltr'>τὴν</span> 
     </span>
    </p>
   </div>
   <div class='ocr_carea' id='block_1_95' title="bbox 324 5419 1958 5523">
    <p class='ocr_par' dir='ltr' id='par_1_95' title="bbox 324 5428 1958 5504">
     <span class='ocr_line' id='line_1_95' title="bbox 324 5428 1958 5504; baseline -0.002 -16"><span class='ocrx_word' id='word_1_664' title='bbox 324 5439 465 5488; x_wconf 89' lang='lat' dir='ltr'><strong>trum</strong></span> <span class='ocrx_word' id='word_1_665' title='bbox 516 5429 1043 5504; x_wconf 79' lang='lat' dir='ltr'><strong>obstupefaciunt?</strong></span> <span class='ocrx_word' id='word_1_666' title='bbox 1086 5429 1302 5486; x_wconf 90' lang='lat' dir='ltr'><strong>Ferunt</strong></span> <span class='ocrx_word' id='word_1_667' title='bbox 1348 5428 1642 5500; x_wconf 90' lang='lat' dir='ltr'><strong>siquidem</strong></span> <span class='ocrx_word' id='word_1_668' title='bbox 1707 5445 1958 5485; x_wconf 90' lang='lat' dir='ltr'><strong>conven-</strong></span> 
     </span>
    </p>
   </div>
   <div class='ocr_carea' id='block_1_96' title="bbox 2071 5419 3716 5523">
    <p class='ocr_par' dir='ltr' id='par_1_96' title="bbox 2071 5419 3716 5503">
     <span class='ocr_line' id='line_1_96' title="bbox 2071 5419 3716 5503; baseline -0.007 -19"><span class='ocrx_word' id='word_1_669' title='bbox 2071 5427 2409 5503; x_wconf 85' lang='grc' dir='ltr'>πρόσκλησιν</span> <span class='ocrx_word' id='word_1_670' title='bbox 2449 5428 2579 5483; x_wconf 74' lang='grc' dir='ltr'>εἶναι</span> <span class='ocrx_word' id='word_1_671' title='bbox 2620 5426 2707 5482; x_wconf 79' lang='grc' dir='ltr'>ἐπὶ</span> <span class='ocrx_word' id='word_1_672' title='bbox 2746 5427 3098 5501; x_wconf 75' lang='grc' dir='ltr'>καταστροφῇ</span> <span class='ocrx_word' id='word_1_673' title='bbox 3146 5429 3246 5492; x_wconf 82' lang='grc' dir='ltr'><strong>τῆς</strong></span> <span class='ocrx_word' id='word_1_674' title='bbox 3294 5422 3345 5476; x_wconf 84' lang='grc' dir='ltr'><strong>έν</strong></span> <span class='ocrx_word' id='word_1_675' title='bbox 3395 5420 3600 5491; x_wconf 78' lang='grc' dir='ltr'>Νικαίᾳ</span> <span class='ocrx_word' id='word_1_676' title='bbox 3649 5419 3716 5473; x_wconf 88' lang='grc' dir='ltr'>τὸ</span> 
     </span>
    </p>
   </div>
   <div class='ocr_carea' id='block_1_97' title="bbox 322 5519 1954 5593">
    <p class='ocr_par' dir='ltr' id='par_1_97' title="bbox 322 5519 1954 5593">
     <span class='ocr_line' id='line_1_97' title="bbox 322 5519 1954 5593; baseline -0.002 -13"><span class='ocrx_word' id='word_1_677' title='bbox 322 5524 450 5581; x_wconf 87' lang='lat' dir='ltr'><strong>tum</strong></span> <span class='ocrx_word' id='word_1_678' title='bbox 471 5521 655 5579; x_wconf 85' lang='lat' dir='ltr'><strong>istum</strong></span> <span class='ocrx_word' id='word_1_679' title='bbox 683 5523 755 5578; x_wconf 88' lang='lat' dir='ltr'><strong>ad</strong></span> <span class='ocrx_word' id='word_1_680' title='bbox 808 5519 1168 5577; x_wconf 86' lang='lat' dir='ltr'><strong>eversionem</strong></span> <span class='ocrx_word' id='word_1_681' title='bbox 1209 5520 1476 5578; x_wconf 70' lang='lat' dir='ltr'><strong>secundae</strong></span> <span class='ocrx_word' id='word_1_682' title='bbox 1510 5520 1722 5578; x_wconf 66' lang='lat' dir='ltr'><strong>sancta:</strong></span> <span class='ocrx_word' id='word_1_683' title='bbox 1753 5519 1954 5593; x_wconf 81' lang='lat' dir='ltr'><strong>synodi</strong></span> 
     </span>
    </p>
   </div>
   <div class='ocr_carea' id='block_1_98' title="bbox 388 5699 949 5776">
    <p class='ocr_par' dir='ltr' id='par_1_98' title="bbox 388 5699 949 5776">
     <span class='ocr_line' id='line_1_98' title="bbox 388 5699 949 5776; baseline -0.007 -13"><span class='ocrx_word' id='word_1_684' title='bbox 388 5702 434 5751; x_wconf 70' lang='grc'>⁸⁷</span> <span class='ocrx_word' id='word_1_685' title='bbox 465 5700 620 5762; x_wconf 79' lang='lat' dir='ltr'><strong>Psal.</strong></span> <span class='ocrx_word' id='word_1_686' title='bbox 651 5714 864 5776; x_wconf 75' lang='lat' dir='ltr'><strong>cum,</strong></span> <span class='ocrx_word' id='word_1_687' title='bbox 893 5699 949 5759; x_wconf 90' lang='lat'><strong>2.</strong></span> 
     </span>
    </p>
   </div>
   <div class='ocr_carea' id='block_1_99' title="bbox 2070 5508 3718 5599">
    <p class='ocr_par' dir='ltr' id='par_1_99' title="bbox 2070 5508 3718 5599">
     <span class='ocr_line' id='line_1_99' title="bbox 2070 5508 3718 5599; baseline -0.007 -25"><span class='ocrx_word' id='word_1_688' title='bbox 2070 5514 2317 5599; x_wconf 78' lang='grc' dir='ltr'>δεύτερον</span> <span class='ocrx_word' id='word_1_689' title='bbox 2348 5516 2506 5599; x_wconf 78' lang='grc' dir='ltr'>ἁγίας</span> <span class='ocrx_word' id='word_1_690' title='bbox 2536 5513 2764 5572; x_wconf 80' lang='grc' dir='ltr'>συνόδου</span> <span class='ocrx_word' id='word_1_691' title='bbox 2783 5535 2796 5550; x_wconf 79' lang='grc' dir='ltr'><strong>ο</strong></span> <span class='ocrx_word' id='word_1_692' title='bbox 2825 5516 2887 5572; x_wconf 90' lang='grc' dir='ltr'>τὸ</span> <span class='ocrx_word' id='word_1_693' title='bbox 2918 5512 2985 5586; x_wconf 73' lang='grc' dir='ltr'><strong>δὴ</strong></span> <span class='ocrx_word' id='word_1_694' title='bbox 3038 5512 3339 5592; x_wconf 84' lang='grc' dir='ltr'>λεγόμενον</span> <span class='ocrx_word' id='word_1_695' title='bbox 3383 5509 3467 5566; x_wconf 72' lang='grc' dir='ltr'><strong>ἐπ’</strong></span> <span class='ocrx_word' id='word_1_696' title='bbox 3496 5508 3718 5588; x_wconf 83' lang='grc' dir='ltr'>ἀναιρέ-</span> 
     </span>
    </p>
   </div>
  </div>
