4084 6284
388 392 545 453 1117

1654 387 2214 451 EPISTOLARUM
2255 389 2405 449 LIB.
2452 389 2529 449 ΙΙ.

3638 382 3791 443 ms

387 555 465 588 σει
496 538 592 588 τοῦ
641 534 1058 608 προσκυνεῖσθαι
1101 532 1199 601 τὴν
1250 530 1450 599 σεπτὴν
1489 528 1667 584 εἰκόνα
1694 534 1791 585 τοῦ
1828 529 2025 604 Κυρίου

2158 532 2487 595 Nicenaedd
2520 536 2609 587 est
2656 532 2724 585 ad
2773 530 3089 586 tollendam
3140 529 3529 583 venerandam
3564 526 3790 581 Domini

383 627 546 695 ἡμῶν
586 624 769 693 Ἰησοῦ
813 623 1068 696 Χριστοῦ,
1119 627 1218 689 τῆς
1266 641 1322 674 τε
1370 619 1659 688 Θεοτόκου,
1700 621 1787 675 καὶ
1819 622 2033 674 πάντων

385 714 527 785 ὁμοῦ
558 717 666 767 τῶν
692 712 881 785 ἁγίων.
914 717 981 765 ’Ώ
1005 710 1085 772 τίς
1128 709 1423 787 ἐνηχηθεὶς
1451 713 1618 764 ταῦτα
1666 708 1727 762 οὐ
1777 709 2037 779 στενάξειε

387 802 582 877 πικρὸν
630 801 689 857 ἐκ
736 802 933 876 βάθους
982 797 1207 872 καρδίας
1261 818 1273 830 '
1318 799 1391 860 ὡς
1437 798 1876 873 ἀνατρεπομένης
1924 797 2033 867 ἤδη

389 890 441 947 ἐν
470 890 684 952 τούτοις
714 897 813 959 τῆς
847 890 1123 963 σωτηρίου
1155 887 1471 960 οἷ’κονομίας
1500 892 1597 942 τοῦ
1636 887 1838 962 Κυρίου
1879 889 2038 959 ἡμῶν

388 982 572 1049 Ἰησοῦ
596 984 828 1053 Χριστοῦ
856 981 1156 1045 ;“Ακουε,
1183 977 1563 1049 οὐρανὲ,καῖ
1584 975 2034 1053 ἐνωτίζου,γῆ⁶

394 1071 576 1144 βοάτω
630 1070 747 1141 μεθ’
797 1070 959 1142 ἡμῶν
994 1069 1020 1122 6
1058 1065 1576 1144 μεγαλοφωνότατος
1627 1067 1848 1129 Ἠσαίας
1886 1088 1896 1098 ·
1946 1067 2035 1121 καὶ

391 1158 488 1214 ὅσα
519 1160 735 1221 τούτοίς
776 1158 1141 1235 ἐπιφερόμενα
1188 1158 1327 1211 κατᾶ
1376 1156 1668 1232 συνέχειαν.
1703 1155 1929 1213 Μᾶλλον
1981 1154 2037 1211 δὲ

394 1247 457 1302 i'v’
477 1248 802 1322 οἰκειότερον
828 1246 1178 1324 φθεγξώμεθα
1216 1267 1228 1279 ·
1273 1247 1470 1302 Ἀκουε
1516 1245 1752 1315 ἀνατολὴ
1805 1245 1896 1300 καὶ
1946 1243 2038 1299 δύ-

398 1359 500 1407 σις,
534 1336 707 1413 βορρᾶ
740 1357 798 1391 τε
844 1338 935 1391 καὶ
974 1338 1010 1406 ἠ
1060 1336 1197 1391 κατὰ
1226 1334 1497 1390 θᾶλυσσαν
1544 1333 1724 1407 λῆξις,
1756 1333 1809 1389 ἐν
1834 1337 1917 1395 οείς
1945 1339 2034 1388 νῦν

390 1429 458 1482 τὰ
488 1428 614 1505 καφ’
644 1428 813 1497 ἡμᾶς,
868 1426 958 1480 καὶ
1011 1424 1093 1500 ἐφ’
1150 1428 1231 1485 οἷς
1292 1423 1621 1499 συνεδρεύειν
1677 1422 2036 1497 τετόλμηται,

387 1517 580 1588 Ἡμεῖς
635 1514 728 1587 μὲν
778 1513 871 1568 οὖν
915 1515 965 1568 οἱ
1016 1512 1325 1589 ἔλάχιστοι,
1376 1511 1430 1567 οἳ
1479 1533 1537 1568 τε
1608 1514 2039 1589 παραγενόμενοι

387 1608 476 1661 καὶ
511 1607 587 1677 μή
637 1606 1063 1680 παραγενόμενοι
1098 1624 1111 1637 ·
1162 1603 1491 1683 ἀμφοτέροις
1538 1605 1639 1678 γὰρ
1680 1606 1759 1667 εἷς
1794 1606 1821 1658 ὁ
1853 1602 2037 1679 λόγος,

390 1696 465 1757 ὡς
498 1695 814 1773 συμψόχοις
875 1693 1026 1749 οὖσιν
1075 1697 1126 1749 ἐν
1161 1695 1238 1749 ἑνὶ
1287 1693 1413 1765 θείῳ
1446 1695 1759 1767 φρονήματι
1802 1712 1815 1726 ⁸
1849 1698 1916 1767 τῇ
1950 1694 2037 1749 ὑπ’

393 1785 624 1859 οὐρανὸν
650 1783 954 1854 Ἐκκλησία
1004 1785 1293 1862 σύμφωνον
1335 1785 1514 1839 πίστιν
1558 1786 1775 1861 ἄγοντες
1808 1805 1819 1817 ·
1863 1783 2035 1854 ἤγουν

2148 624 2331 679 nostri
2362 623 2497 679 Jesu
2520 622 2729 678 Christi
2754 626 2809 676 et
2843 620 3094 692 Deiparre
3119 622 3570 688 sanctorumque
3611 616 3790 671 simul

2148 722 2412 778 omnium
2428 720 2700 791 imaginis
2717 718 3107 775 adorationem
3126 716 3418 771 constitui.
3444 716 3790 787 thuisnam

2149 810 2269 866 haec
2288 812 2555 877 audiens,
2581 826 2650 864 ex
2683 810 2797 863 imo
2824 813 3051 878 pectore
3070 822 3183 860 non
3212 820 3406 860 amare
3426 803 3791 875 ingemiscat,

2148 900 2556 970 tanquamjam
2581 914 2778 952 eversa
2794 912 2891 965 per
2922 896 3040 949 haec
3064 893 3305 949 salutari
3335 893 3656 949 oeconomia
3676 891 3793 946 Do-

2150 990 2294 1044 mini
2326 990 2507 1043 nostri
2537 988 2676 1042 Jesu
2727 986 2937 1041 Christi
2965 985 2993 1040 ?
3029 984 3185 1051 Audi,
3216 982 3440 1049 caelum,
3474 986 3524 1038 et
3567 982 3796 1037 auribus

2148 1080 2367 1148 percipe
2396 1081 2544 1132 terra
2600 1076 2663 1142 ⁸⁸,
2696 1079 2752 1130 et
2809 1091 2932 1146 quae
2982 1077 3331 1145 sequuntur,
3363 1073 3673 1127 nobiscum
3704 1087 3799 1126 ex-

2149 1165 2769 1238 clameﬁclarissimus
2810 1166 3030 1219 Isaias:
3066 1167 3166 1217 aut
3215 1162 3431 1233 potius,
3464 1166 3520 1216 et
3568 1161 3799 1231 proprie

2149 1254 2357 1323 magis,
2381 1252 2777 1307 exclamemus
2800 1250 2997 1317 :Audi,
3021 1250 3231 1316 oriens,
3251 1248 3549 1313 occidens,
3573 1245 3796 1317 aquilo,

2148 1350 2203 1398 et
2238 1344 2403 1413 plaga
2434 1359 2559 1412 quae
2590 1343 2661 1397 ad
2694 1358 2853 1396 mare
2882 1344 2990 1406 est,
3023 1356 3137 1410 quo
3192 1355 3345 1393 nunc
3394 1338 3633 1392 redactae
3678 1337 3797 1392 sint

2150 1449 2240 1487 res
2270 1437 2497 1498 nostrae,
2522 1438 2578 1486 et
2607 1448 2721 1502 qua
2754 1432 2824 1485 de
2856 1447 2918 1485 se
2954 1433 3298 1484 conventum
3332 1427 3422 1482 isti
3466 1442 3629 1497 agere
3679 1442 3795 1481 non

2150 1521 2550 1577 reformident.
2583 1525 2695 1576 Nos
2732 1521 2928 1591 itaque
2963 1520 3224 1575 omnium
3251 1516 3498 1579 minimi,
3528 1514 3625 1586 qui
3660 1531 3796 1586 prae-

2148 1620 2362 1679 sentes,
2395 1612 2613 1683 quique
2661 1610 2927 1667 absentes
2958 1625 2971 1675 ;
3004 1610 3267 1679 utrisque
3316 1608 3472 1661 enim
3520 1605 3676 1659 idem
3708 1608 3797 1659 est

2150 1717 2361 1765 sermo,
2394 1705 2667 1771 tanquam
2705 1698 2995 1756 unanimis
3026 1699 3084 1753 in
3114 1714 3228 1753 uno
3259 1696 3581 1766 eodemque
3599 1694 3795 1749 divino

2150 1807 2355 1859 sensu;
2385 1807 2698 1846 consonam
2726 1790 3005 1845 universa:
3031 1790 3143 1846 sub
3165 1784 3585 1842 caeloEcclesisa
3621 1784 3794 1839 ﬁdem

388 1873 731 1944 ἀναστηλοῦν
781 1895 840 1929 τε
884 1874 972 1928 καὶ
1012 1879 1332 1948 προσκυνεῖν
1382 1876 1480 1944 τὴν
1534 1873 1676 1929 θείαν
1727 1874 1901 1929 εἰκόνα
1942 1873 2038 1929 αὖ·

2158 1884 2431 1949 tenentes,
2462 1881 2717 1935 divinam
2751 1879 3058 1936 Salvatoris
3091 1880 3271 1935 nostri
3293 1879 3432 1935 Jesu
3466 1875 3705 1942 Christi,
3739 1878 3796 1930 et

386 1968 486 2018 τοῦ
516 1968 613 2019 τοῦ
646 1966 905 2039 Σωτῆρος
939 1965 1098 2035 ἡμῶν
1146 1964 1330 2033 Ἰησοῦ
1375 1967 1628 2037 Χριστοῦ,
1659 1971 1760 2034 τῆς
1806 1985 1864 2019 τε
1900 1984 2037 2019 παν-

394 2053 547 2130 αγίας
579 2054 803 2128 Μητρὸς
834 2052 1018 2122 αὐτοῦ,
1050 2052 1141 2107 καὶ
1174 2055 1484 2108 οὑτινοσοῦν
1516 2058 1623 2108 τῶν
1672 2054 1842 2129 ἁγίων
1876 2071 1889 2084 ·
1926 2056 2038 2128 οὐχ

395 2143 478 2199 ὅτι
513 2143 660 2219 παρὰ
712 2146 781 2215 τῇ
814 2141 863 2197 ἐν
900 2142 1103 2213 Νικαίᾳ
1148 2143 1210 2197 τὸ
1259 2141 1507 2218 δεύτερον
1557 2144 1687 2219 ἁγίᾳ
1733 2140 1965 2217 συνόδῳ,
1998 2145 2032 2213 ἢ

389 2232 536 2308 παρά
563 2236 633 2306 τῇ
666 2232 772 2306 πρὸ
804 2231 971 2300 αὐτῆς
1015 2228 1389 2306 δογματισάσῃ
1441 2231 1708 2303 θειότατα,
1756 2234 1817 2288 τὸ
1864 2233 2033 2312 ἀσφα-

400 2323 491 2385 λές
524 2323 675 2401 ἔχειν
708 2318 1164 2397 διαϐεϐαιούμεθα
1196 2343 1208 2357 ·
1242 2324 1387 2379 ἀλλὰ
1435 2326 1539 2401 γάρ
1588 2325 1679 2379 ἀπ’
1725 2325 1894 2395 αὐτῆς
1935 2332 2036 2395 τῆς

392 2413 692 2487 παρουσίας
718 2416 815 2467 τοῦ
865 2412 1072 2487 Κυρίου
1120 2415 1283 2488 ἡμῶν
1323 2413 1413 2468 καὶ
1463 2412 1618 2477 Θεοῦ,
1670 2414 1954 2491 ἐγγράφως
1982 2436 2040 2470 τε

395 2502 486 2556 καὶ
527 2504 779 2580 ἀγράφως
820 2501 1197 2577 ἐρηρεισμένυι
1245 2502 1392 2564 ὅντες
1428 2521 1441 2536 ⁶
1492 2502 1748 2582 ἀσφαλῶς
1798 2500 2038 2575 βεϐήκα-

407 2612 500 2665 μεν
560 2590 641 2646 ἐπ’
696 2588 907 2661 ἐκείνην
954 2591 1053 2659 τήν
1105 2585 1287 2667 ἕδραν,
1319 2590 1399 2668 ἐφ’
1500 2613 1664 2669 φησιν
1697 2594 1724 2647 ὁ
1755 2594 1997 2667 Χριστός
2023 2609 2037 2624 ⁸

403 2679 567 2734 Σὺεῖ
597 2678 870 2754 Πέτρος,
900 2680 1008 2734 καὶ
1040 2677 1145 2734 ἐπὶ
1174 2680 1379 2754 ταύτῃ
1411 2685 1489 2753 τῇ
1520 2681 1725 2754 πέτρᾳ
1782 2678 2041 2735 οἰκοδο-

406 2770 593 2841 μήσω
626 2789 751 2841 μου
780 2770 895 2839 τήν
935 2766 1367 2841 Ἐκκλησίαν,
1407 2770 1512 2824 καὶ
1545 2768 1751 2825 πύλαι
1782 2767 1940 2841 ᾇδου
1971 2769 2042 2825 οὐ

399 2859 949 2932 κατισχώσουσιν
984 2858 1210 2926 αὐτῆς.

469 2946 558 3010 Τίς
585 2950 687 3022 γὰρ
732 2949 822 3003 καὶ
881 2947 1049 3023 λόγος
1109 2946 1406 3023 ἐξευρεθείη
1437 2952 1515 3020 τῷ
1571 2951 1890 3026 ἂντηγορείν
1928 2950 2047 3005 ἕλο-

402 3040 548 3112 μένῳ
577 3038 825 3110 τοσούτῳ
876 3039 1061 3109 κράτει
1101 3046 1203 3107 τῆς
1252 3038 1545 3110 ἀληθείας;
1596 3040 1663 3096 Ei
1701 3042 1800 3115 γὰρ
1832 3040 2046 3114 ὁμολο·

397 3124 684 3203 γουμὲνως
714 3128 741 3181 ὁ
777 3126 973 3199 Κύριος
1023 3130 1185 3201 ἡμῶν
1219 3131 1427 3197 Ἰησοῦς
1478 3130 1707 3204 Χριστὸς
1738 3129 1789 3185 ἐν
1841 3132 2046 3207 ἀνθρωο

399 3217 527 3287 πείᾳ
560 3220 768 3295 μορφῇ,
808 3219 897 3272 καὶ
947 3217 997 3272 ἐν
1050 3215 1179 3273 εἴδει
1219 3223 1299 3289 τῷ
1329 3220 1449 3273 καθ’
1479 3221 1625 3292 ἡμᾶς
1656 3218 1832 3275 ὦπται
1865 3240 1879 3254 ·
1914 3222 2047 3296 ἆρα-

406 3305 582 3381 ρότῶς
635 3307 1022 3385 περιῦράφεται
1072 3328 1129 3362 τε
1176 3307 1265 3362 καὶ
1312 3308 1627 3379 εἷκονίζεται
1671 3312 1788 3365 καθ’
1832 3313 1979 3384 ἡμᾶς
2030 3330 2044 3344 ·

404 3395 572 3449 εἶκαὶ
621 3393 765 3470 μένει
793 3398 863 3469 τῇ
897 3397 1015 3468 θείᾳ
1065 3402 1250 3475 μορφῇ
1305 3399 1332 3452 ὁ
1390 3396 1551 3463 αὐτὸς
1596 3399 2000 3477 ἀπερίγραπτος
2033 3421 2045 3434 ⁸

407 3483 627 3560 ἐπείπερ
678 3484 788 3541 ἐστὶ
842 3487 1065 3558 μεσίτης
1117 3492 1251 3543 Θεοῦ
1300 3488 1389 3542 καὶ
1420 3487 1713 3564 ἂνθρώπων
1742 3492 2048 3566 ’ἑκατέρων

406 3577 516 3627 τῶν
567 3574 775 3651 φύσεων
825 3574 875 3646 ἐξ
927 3575 1000 3629 ὧν
1043 3573 1154 3631 ἐστι
1198 3575 1265 3631 τὰ
1315 3574 1590 3651 ἰδιώματα
1638 3575 1902 3650 ἀλώϐητα
1932 3578 2051 3637 δια-

412 3663 624 3731 σώζων.
668 3662 732 3720 Εἰ
772 3660 829 3718 δὲ
872 3665 948 3736 μὴ
1006 3666 1421 3744 περιγράφοιτο,
1480 3667 1741 3724 ἀπόλωλε
1803 3672 1866 3725 τὸ
1916 3672 2049 3728 εἶναι

410 3749 719 3826 ἅνθρωπος,
749 3750 966 3808 πολλοῦ
995 3774 1053 3830 γε
1084 3753 1276 3824 εἰπεῖν,
1329 3754 1576 3831 μεσίτης,
1621 3756 1711 3812 διὰ
1751 3766 1849 3828 τῆς
1900 3759 2052 3817 ἀναι-

412 3840 609 3916 ρέσεως
663 3847 761 3897 τοῦ
832 3846 1203 3918 περιγραπτοῦ
1273 3849 1778 3923 συναναιρουμένων
1835 3851 2051 3906 πάντων

406 3935 515 3985 τῶν
550 3931 900 4010 ὁμοστοίχων
936 3929 1268 4005 ἰδιωμάτων.
1305 3934 1365 3990 Ei
1396 3937 1499 4011 γὰρ
1553 3936 1615 3992 οὐ
1664 3941 2050 4016 περιγραπτὸς,

408 4018 526 4073 οὔθ’
579 4020 743 4083 ἁπτός
774 4039 790 4052 ·
845 4019 896 4074 εἷ’
943 4018 1002 4076 δὲ
1030 4021 1220 4091 ἁπτὸς,
1252 4023 1394 4097 ὁμοῦ
1437 4025 1528 4079 καὶ
1558 4025 1890 4105 ψηλαφητός
1925 4047 1939 4061 ·
1966 4030 2052 4089 οἷς

406 4109 644 4184 ἀντερεῖν
672 4108 992 4180 ήλιθιῶδες.
1025 4111 1291 4185 Σώματος
1339 4114 1442 4189 γὰρ
1490 4119 1657 4171 ταῦτα
1703 4121 1804 4171 τοῦ
1852 4115 1962 4195 ἀφῇ
1994 4139 2053 4174 τε

406 4199 499 4253 καὶ
531 4204 699 4278 χροιᾷ
748 4200 1169 4263 ὑποπίπτοντυς.
1203 4205 1329 4266 Πῶς
1377 4203 1505 4279 οὐχὶ
1553 4204 1641 4260 καὶ
1690 4210 2051 4282 περιγραπτὸς

408 4285 459 4361 ἐξ
492 4288 553 4342 οὗ
597 4300 687 4343 και
731 4289 1009 4360 παθητόςς
1061 4289 1122 4347 El
1176 4288 1233 4346 δὲ
1271 4294 1641 4369 περιγραπτὸς
1670 4295 1760 4350 καὶ
1789 4299 2051 4371 παθητὸς,

408 4378 627 4440 πάντως
675 4378 764 4433 καὶ
815 4380 1187 4455 προσκυνητός
1255 4379 1472 4455 δηλαδή
1512 4388 1633 4439 καθ’
1680 4386 1745 4456 ἢν
1793 4388 2053 4464 περιγρά-

413 4488 568 4544 φεται
606 4466 768 4524 ῗδὲαν.
818 4471 905 4530 Ὧς
966 4471 1039 4541 μή
1075 4471 1424 4545 ,σχιζομένης
1469 4480 1568 4543 τῆς
1601 4471 1761 4548 δόξης
1786 4481 1883 4532 τοῦ
1912 4498 2055 4551 πρω-

409 4555 651 4613 τοτύπου
698 4555 751 4611 ὲν
788 4561 867 4629 τῷ
926 4561 1262 4636 παραγώγῳ,
1304 4562 1440 4617 κατᾶ
1518 4564 1608 4619 τὸν
1669 4566 1833 4643 μέγαν
1891 4566 2055 4623 Βασί-

2144 1970 2521 2026 sanctissimae
2551 1970 2753 2025 Matris
2784 1970 2931 2039 ejus,
2964 1974 3020 2025 et
3042 1970 3439 2040 cujuscunque
3459 1969 3793 2022 sanctorum

2145 2060 2457 2124 imaginem
2481 2060 2703 2130 erigere
2724 2063 2780 2114 et
2811 2060 3082 2115 adorare:
3122 2077 3234 2115 non
3268 2058 3459 2115 solum
3490 2073 3560 2113 ex
3588 2059 3794 2111 sancta

2145 2149 2376 2204 Nicena
2405 2149 2664 2205 secunda
2693 2151 2930 2220 synodo,
2963 2149 3232 2218 alterave,
3260 2164 3386 2219 qua
3446 2154 3576 2202 ante
3634 2144 3795 2199 illam

2145 2238 2505 2295 divinissime
2554 2239 2769 2303 docuit,
2817 2254 3083 2294 securum
3134 2243 3192 2294 et
3250 2243 3445 2293 tutum
3479 2252 3607 2291 esse
3637 2233 3794 2289 at'iir-

2149 2345 2403 2396 mamus,
2436 2328 2543 2383 sed
2575 2330 2647 2382 ab
2692 2328 2944 2398 ipsamet
2994 2327 3299 2399 praesentia
3346 2326 3575 2382 Domini
3613 2322 3795 2379 nostri

2148 2433 2215 2473 ac
2245 2418 2516 2484 Dei,.tam
2549 2418 2762 2488 scripto
2795 2432 2966 2490 quam
2992 2417 3118 2471 sine
3163 2416 3374 2487 scripto
3423 2413 3650 2469 fundati
3699 2427 3795 2467 se-

2150 2524 2287 2562 cure
2318 2524 2494 2578 supra
2520 2508 2717 2562 sedem
2748 2507 2907 2561 illam
2942 2507 3343 2574 consistimus,
3377 2505 3447 2559 de
3477 2520 3591 2575 qua
3632 2501 3796 2557 Chri-

2150 2601 2280 2652 stus
2305 2596 2387 2650 ait
2418 2612 2432 2650 :
2468 2598 2539 2651 Tu
2567 2612 2624 2651 es
2656 2598 2889 2651 Petrus:
2918 2604 2970 2651 et
3015 2611 3177 2666 super
3215 2595 3357 2649 hanc
3400 2597 3615 2666 petram
3651 2590 3796 2648 avdi-

2151 2688 2321 2758 ﬁcabo
2351 2687 2649 2741 Ecclesium
2678 2703 2876 2756 meam,
2910 2693 2963 2742 et
2991 2692 3161 2756 portae
3192 2684 3362 2754 inferi
3384 2699 3493 2740 non
3524 2682 3798 2755 praevale-

2155 2778 2288 2833 bunt
2317 2775 2577 2832 adversus
2596 2792 2717 2832 eam
2748 2775 2816 2832 '9.

2225 2951 2501 3012 Quaenam
2530 2946 2705 3015 enim:
2724 2943 2962 3017 reperiri
2987 2943 3173 3016 possit
3202 2941 3403 3008 oratio,
3427 2940 3473 2997 si
3499 2939 3631 3012 quis
3669 2943 3797 2995 tan-

2158 3043 2285 3093 tum
2314 3036 2569 3093 veritatis
2594 3036 2768 3090 robur
2797 3032 3266 3105 impugnandum
3306 3031 3417 3086 sibi
3470 3028 3797 3101 proponat?

2157 3132 2299 3182 Nam
2323 3126 2371 3182 si
2391 3124 2689 3181 communi
2711 3123 2975 3179 omnium
2993 3137 3280 3178 consensu
3302 3119 3585 3175 Dominus
3607 3125 3801 3173 noster

2157 3216 2327 3273 Jesus
2357 3214 2622 3271 Christus
2649 3213 2706 3267 in
2732 3213 2989 3268 humana
3009 3211 3196 3266 forma
3225 3218 3278 3265 et
3297 3208 3358 3264 in
3388 3208 3578 3281 Specie
3604 3210 3802 3263 nostra

2158 3307 2317 3363 visus
2348 3309 2456 3374 est,
2488 3307 2871 3374 congruenter
2902 3302 3161 3374 profecto
3202 3297 3702 3355 circumscribitur
3747 3298 3805 3350 et

2160 3397 2415 3467 imagine
2452 3393 2803 3466 exprimitur
2846 3407 3008 3446 more
3051 3393 3272 3456 nostro,
3302 3387 3566 3460 quamvis
3623 3385 3801 3441 incir-

2159 3487 2553 3558 cumscriptus
2584 3486 2709 3557 ipse
2740 3487 2974 3539 maneat
3026 3481 3343 3538 secundum
3389 3478 3647 3535 divinam
3683 3476 3803 3533 for-

2160 3594 2312 3634 mam
2348 3576 2603 3649 :quippe
2635 3574 2733 3647 qui
2766 3580 2851 3630 est
2896 3572 3178 3629 mediator
3227 3570 3329 3627 Dei
3376 3569 3445 3624 ad
3498 3567 3801 3624 hominum

2159 3668 2467 3738 utriusque
2497 3670 2717 3721 natura:
2750 3680 2865 3735 qua
2891 3666 3122 3718 constat
3151 3660 3534 3732 pr0prietates
3553 3657 3803 3725 integras

2160 3772 2533 3814 conservans.
2566 3755 2728 3822 Quod
2760 3754 2807 3809 si
2843 3768 2956 3808 non
3006 3748 3598 3816 circumscriberetur,
3634 3746 3804 3801 homo

2159 3862 2288 3903 esse
2318 3846 2625 3912 desineret,
2662 3860 2725 3900 ac
2769 3841 2955 3899 multo
3002 3841 3189 3912 magis
3220 3839 3524 3905 mediator,
3556 3834 3802 3892 sublatis

2162 3953 2279 3991 una
2344 3951 2475 3990 cum
2536 3931 3097 4002 circumscriptionis
3147 3928 3470 4001 privatione
3529 3925 3803 3983 omnibus

2160 4027 2421 4098 ejusdem
2444 4024 2664 4081 ordinis
2685 4023 3147 4095 pr0prietatibus.
3182 4018 3409 4074 Etenim
3443 4016 3492 4073 si
3523 4029 3798 4073 curcum-

2161 4115 2484 4187 soriptitius
2549 4129 2665 4168 non
2722 4117 2830 4180 est,
2851 4126 2956 4167 nec
2999 4108 3161 4181 tangi
3218 4111 3412 4180 potest
3444 4122 3460 4162 :
3492 4105 3583 4161 sin
3640 4104 3804 4176 tangi

2160 4212 2368 4281 potest,
2413 4207 2617 4276 utique
2660 4207 2717 4259 et
2746 4200 3091 4258 contrectari
3124 4217 3136 4255 :
3175 4198 3385 4271 quibus
3406 4212 3544 4253 sane
3573 4199 3808 4252 contra-

2162 4297 2349 4354 dicere
2380 4296 2626 4351 stultum
2670 4301 2860 4349 esset:
2896 4290 3153 4360 corporis
3208 4287 3361 4344 enim
3410 4286 3530 4342 haec
3579 4283 3809 4357 propria

2163 4392 2301 4443 sunt
2330 4385 2487 4458 quod
2518 4383 2624 4439 sub
2657 4386 2874 4438 tactum
2907 4379 3275 4449 coloremque
3298 4377 3473 4432 cadit.
3505 4374 3806 4442 Quomodo

2162 4494 2275 4534 non
2301 4472 2852 4545 circumscriptitius
2874 4470 3107 4542 quando
3156 4473 3211 4523 et
3269 4466 3567 4538 passibilis
3585 4466 3614 4519 ?
3644 4465 3801 4530 Quod

2163 4568 2216 4623 si
2245 4561 2792 4634 circumscriptitius
2804 4564 2862 4616 et
2884 4557 3451 4632 passibilis,omnino
3474 4555 3646 4611 etiam
3669 4554 3808 4611 ado-

411 4645 561 4702 λειον
593 4664 607 4678 ο
660 4648 694 4715 ἠ
756 4647 858 4722 γὰρ
905 4654 1006 4717 τῆς
1054 4648 1262 4712 εἰκόνος
1290 4652 1427 4725 τιμὴ
1478 4650 1564 4708 ἐπὶ
1595 4655 1656 4709 τὸ
1703 4655 2046 4729 πρωτότυποι

2169 4657 2407 4724 rendus,
2439 4653 2761 4710 secundum
2793 4666 2921 4706 eam
2953 4648 3235 4705 nimirum
3266 4647 3504 4702 formam
3553 4659 3665 4715 qua
3699 4643 3810 4700 cir-

414 4732 679 4793 διαϐαίνει
712 4759 727 4773 ο
780 4735 1037 4809 δηλονότι
1090 4740 1426 4812 οὓτινοσοῦν,
1478 4742 1583 4799 είιτε
1639 4753 1892 4822 φυσικῆς,
1954 4746 2060 4803 εἶ’τε

410 4834 685 4901 τεχνητῆς
718 4845 732 4858 ·
787 4825 902 4883 ἐπεὶ
953 4827 1041 4882 καὶ
1095 4828 1183 4883 ἐπὶ
1227 4834 1323 4885 τοῦ
1354 4830 1524 4888 τύπου
1555 4838 1652 4889 τοῦ
1681 4836 1868 4903 τιμίου
1901 4857 2061 4891 σταυ-

416 4919 510 4991 ροῦ
540 4917 603 4971 τὸ
649 4916 779 4971 αὐτὸ
824 4916 1071 4991 θεόρημα
1118 4918 1363 4989 νοητέον.
1400 4923 1483 4987 Τῆ
1539 4924 1639 4999 γὰρ
1698 4929 2061 5000 προσκυνήσει

412 5010 508 5060 τοῦ
540 5004 711 5061 τόπου
744 5025 758 5042 ·
809 5014 1299 5081 συμπροσκυνεῖται
1344 5010 1405 5064 τὸ
1450 5015 1716 5080 ζωοποιὸν
1749 5014 1909 5088 ξύλον
1941 5035 1955 5049 ο
1989 5016 2064 5079 ὡς

413 5093 504 5149 καὶ
553 5088 791 5166 ἔμπαλιν
836 5098 907 5170 τῇ
958 5095 1218 5172 ἀναιρέσει
1290 5105 1718 5177 συναναιρεῖσθαι
1789 5103 1928 5160 ἔστιν
2010 5104 2062 5175 ἐξ

417 5183 733 5256 ἀναγκαίου.
767 5190 833 5239 Ἠ
866 5182 996 5263 οὐχὶ
1026 5187 1060 5255 ἡ
1094 5186 1369 5266 ὁμολογία
1407 5193 1508 5244 τοῦ
1557 5192 1752 5265 τύπου,
1790 5192 2063 5271 ὁμολογία

417 5272 529 5327 ἐστὶ
556 5277 659 5328 τοῦ
710 5275 983 5342 ζωοποιοῦ
1023 5280 1293 5351 σταυροῦ;
1335 5278 1514 5354 ὥσπερ
1562 5279 1654 5336 οὖν
1695 5283 1783 5337 καὶ
1831 5285 1867 5353 ἡ
1901 5282 2063 5359 ἄρνη-

417 5382 499 5425 σις
541 5364 661 5418 καθ’
720 5364 987 5436 ὁμοίωσιν
1046 5363 1427 5445 ἀντιστροφῆς.
1461 5369 1530 5424 Τὸ
1584 5369 1854 5449 ἀνάλογον
1916 5373 2008 5429 οὖν
2044 5392 2059 5409 ο

417 5449 655 5522 ληπτέον
710 5449 798 5507 ἒπί
855 5473 914 5508 τε
970 5457 1070 5522 τῆς
1124 5455 1331 5521 εἰκόνος
1387 5462 1741 5533 Χριστοῦκαὶ
1791 5459 1959 5518 αὐτοῦ
1992 5460 2061 5532 δὴ

418 5545 672 5616 Χριστοῦ,
704 5542 864 5598 παντὶ
911 5548 989 5619 τῷ
1036 5545 1287 5605 συνιόντι.
1340 5546 1439 5603 Καὶ
1491 5546 1644 5605 οὔπω
1692 5550 1879 5629 καιρὸς
1930 5547 2061 5632 δογ-

493 5722 669 5784 8'Isa.
704 5743 742 5799 ι,
771 5727 826 5787 2.
902 5727 947 5766 ⁸ο
976 5728 1179 5792 Matth.
1211 5746 1326 5807 xvx,
1359 5733 1446 5796 18.

2170 4742 2578 4801 oumscribitur
2611 4759 2625 4799 :
2666 4756 2798 4796 cum
2830 4737 3117 4811 prototypi
3147 4735 3346 4808 gloria,
3380 4734 3528 4790 sicut
3558 4747 3808 4804 magnus

2170 4833 2419 4891 Basilius
2450 4834 2635 4898 docet,
2659 4832 2717 4886 in
2740 4827 3137 4886 similitudinis
3167 4824 3539 4898 expressione
3569 4821 3809 4878 minime

2171 4924 2465 4980 dividatur
2482 4942 2495 4993 ;
2512 4922 2695 4978 honor
2719 4919 3010 4992 siquidem
3034 4916 3311 4988 imaginis
3332 4915 3403 4970 ad
3436 4917 3807 4986 prototypum

2172 5014 2385 5069 transit
2415 5025 2773 5083 quascunque
2804 5008 2962 5064 haud
2996 5006 3170 5063 dubie
3201 5004 3303 5062 illa
3340 5004 3436 5071 sit,
3469 5003 3589 5059 sive
3637 5009 3807 5056 natu-

2172 5102 2331 5170 ralis,
2364 5103 2484 5157 sive
2517 5104 2637 5156 artc
2669 5101 2817 5155 facta
2844 5116 2856 5154 :
2883 5095 3359 5170 quandoquidem
3409 5097 3464 5149 et
3521 5093 3579 5148 in
3620 5106 3797 5147 vene-

2171 5192 2362 5248 randae
2395 5190 2584 5247 crucis
2605 5194 2737 5261 typo
2769 5188 2919 5243 idem
2944 5186 3180 5242 effatum
3212 5183 3405 5240 locum
3440 5181 3631 5237 habet.
3664 5182 3807 5236 Cum

2172 5282 2287 5355 typi
2310 5280 2465 5338 enim
2498 5278 2828 5335 adoratione
2859 5275 3151 5332 vivificum
3194 5272 3369 5330 simul
3418 5270 3639 5341 lignum
3669 5269 3811 5324 ado-

2171 5381 2332 5429 ratur
2364 5387 2378 5428 :
2421 5369 2575 5427 sicut
2611 5373 2669 5424 et
2712 5367 2834 5422 vice
2864 5382 3052 5433 versa,
3076 5380 3143 5419 ea
3190 5361 3441 5430 sublata,
3474 5359 3643 5416 simul
3683 5357 3807 5414 tolli

2172 5477 2410 5519 necesse
2459 5466 2564 5516 est.
2601 5462 2799 5513 Nonne
2852 5454 2973 5528 typi
3030 5452 3335 5522 confessio,
3379 5448 3664 5510 confessio
3723 5451 3809 5503 est

2170 5552 2407 5611 viviﬁce
2466 5546 2713 5608 crucis?
2759 5546 3082 5620 eodemque
3130 5543 3303 5601 modo
3330 5540 3601 5617 fnegatio,
3638 5538 3807 5612 juxta
