4084 6284
287 377 443 435 1119

1527 381 1591 438 S'.
1637 375 2032 438 THEODORI
2079 370 2442 434 STUDITE

3524 360 3682 418 1120

287 508 680 564 conversionis
728 508 1196 564 similitudinem.
1227 509 1333 564 Par
1363 509 1538 580 igitur
1577 509 1838 579 analogia
1869 508 1926 562 in

2071 510 2277 571 ιατικῆς
2321 498 2696 572 ἐξαπλώσεως,
2743 493 3036 563 πειθούσης
3087 493 3176 546 καὶ
3224 493 3316 545 τὸν
3370 489 3500 564 ἄγαν
3549 493 3685 562 ἄμυ-

288 596 542 668 imagine
574 597 787 652 Christi
818 603 874 651 et
907 597 1133 651 Christo
1165 598 1290 668 ipso
1317 599 1603 653 sumenda
1641 606 1726 653 est
1773 599 1931 652 omni

291 693 441 743 recte
473 689 854 742 ratiocinanli.
888 690 996 742 Sed
1031 690 1290 743 nondum
1325 693 1413 743 est
1437 695 1661 760 tempus
1694 690 1933 760 dogma-

287 779 412 830 ticze
481 777 1086 848 eXplanationis,qu:e
1149 777 1232 832 vel
1304 781 1564 832 obscurae
1615 780 1951 832 admodum-

289 867 499 921 menlis
557 865 778 920 homini
839 868 1004 922 facile
1057 869 1401 939 persuadeat
1453 867 1713 922 attollere
1735 867 1932 923 oculos

289 963 347 1011 et
377 957 672 1024 suspicere
710 960 775 1012 ad
813 958 1179 1024 Splendorem
1230 957 1511 1013 veritatis.
1545 958 1674 1012 Haec
1717 966 1933 1024 nostra,

289 1045 760 1117 licctpeccalores
785 1047 990 1114 simus,
1019 1048 1161 1102 ﬁdes
1180 1048 1430 1112 est;haac
1464 1047 1772 1101 humilium
1799 1063 1935 1116 apo-

293 1134 494 1190 stolica
525 1135 810 1190 confessio
844 1143 1040 1191 nostra
1075 1154 1086 1190 :
1123 1137 1239 1191 hzec
1283 1137 1654 1190 minimorum
1688 1153 1720 1190 a
1751 1135 1935 1189 Palri-

294 1226 404 1281 bus
437 1225 651 1280 tradita
683 1227 879 1296 religio
911 1233 1124 1282 nostra.
1162 1227 1360 1282 Praeter
1406 1227 1572 1290 hanc,
1600 1243 1712 1281 non
1746 1223 1935 1279 solum

293 1316 341 1370 si
375 1315 502 1382 quis
534 1321 634 1369 aut
667 1315 709 1369 si
747 1332 858 1385 qua
900 1332 965 1370 ex
1010 1316 1098 1370 his
1131 1317 1230 1386 qui
1264 1332 1416 1370 nunc
1466 1321 1604 1370 sunt
1651 1314 1737 1368 vel
1795 1314 1937 1368 olim

295 1404 550 1469 fuerunt,
576 1405 676 1458 sed
730 1422 916 1475 neque
967 1405 1016 1459 si
1066 1407 1288 1472 Petrus,
1319 1411 1374 1460 et
1424 1405 1635 1459 Paulus
1666 1403 1940 1474 (dicimus

298 1491 452 1548 enim
488 1510 612 1562 qua:
644 1494 870 1549 evenire
903 1504 1191 1564 nequeunt
1215 1496 1378 1565 quasi
1411 1493 1636 1548 evenire
1669 1492 1940 1562 possint),

296 1598 480 1650 neque
515 1581 564 1635 si
592 1599 656 1636 ex
674 1583 835 1637 ccelis
859 1582 1000 1652 ipsis
1023 1583 1214 1638 veniat
1236 1583 1525 1654 quispiam
1553 1581 1707 1636 aliud
1728 1583 1943 1636 docens

298 1674 354 1724 et
381 1670 804 1739 evangelizans,
831 1670 994 1726 illum
1047 1672 1104 1726 in
1163 1673 1632 1727 communionem
1692 1672 1945 1741 recipere

298 1775 634 1831 possumus,
668 1765 730 1814 ut
761 1762 860 1831 qui
894 1779 1096 1816 sanam
1131 1762 1262 1818 fidei
1307 1762 1624 1818 doctrinam
1687 1778 1800 1816 non
1854 1777 1943 1815 se-

3582 601 3682 645 της

2044 592 2264 666 δρὸνουν
2335 588 2602 644 ἀνανεύειν
2673 585 2911 643 εὐπετῶς
2969 582 3103 656 πρὸς
3161 583 3254 641 τὰς
3330 581 3496 654 αύγάς

2045 681 2324 750 ἀληθείας.
2359 677 2504 745 Αὕτη
2598 673 2920 748 εὐαγγελική
2945 672 3102 743 ’Τιμῶν
3135 668 3315 731 πίστις
3354 674 3459 723 τῶν
3512 669 3688 740 ἀμαρ-

2043 769 2237 824 τιυλῶν
2271 789 2282 800 ·
2336 767 2470 834 αὕτη
2529 767 2563 832 ἡ
2613 759 2952 825 ἀποστολική
2988 761 3146 831 ἡμῶν
3179 755 3446 830 ὁμολογία
3473 760 3576 808 τῶν
3607 752 3692 807 εὐ-

2046 858 2218 914 τελῶν
2256 877 2268 888 ·
2305 853 2422 910 εἶδ’
2475 851 2583 922 οὖν,
2707 845 3190 922 πατροπαράδοτος
3222 849 3380 918 ἡμῶν
3430 842 3690 918 θρησκεία

2043 954 2150 1002 τῶν
2211 945 2538 1020 ἐλαχίστων.
2597 941 2744 1016 Παρά
2799 939 3022 1007 ταύτην,
3082 937 3191 1011 οὐχ
3247 935 3328 990 ὅτι
3388 935 3416 988 ὁ
3453 933 3534 996 τίς
3565 931 3621 986 δε

2048 1039 2129 1100 τίς
2161 1036 2218 1091 δε
2239 1041 2345 1091 τῶν
2380 1040 2469 1088 νῦν
2504 1035 2537 1104 ἢ
2571 1037 2676 1086 τῶν
2711 1030 2902 1097 πάλαι,
2937 1027 3062 1084 ἀλλ’
3095 1025 3208 1081 οὐδ’
3255 1026 3298 1080 εἰ
3351 1027 3549 1098 Πέτρος
3597 1021 3692 1076 καὶ

2053 1125 2270 1187 Παῦλος
2305 1146 2317 1158 ·
2343 1124 2565 1195 εἷ’πομεν
2596 1123 2694 1195 γὰρ
2733 1117 3015 1173 ἀνενδεκτα
3057 1117 3128 1178 ὡς
3169 1112 3502 1193 ἐνδεχόμενα
3526 1132 3538 1144 ·
3577 1109 3692 1166 οὐδ’

3600 1201 3692 1254 καὶ

3653 931 3687 999 ’ἢ

2050 1217 2109 1270 ἂν
2171 1217 2220 1288 ἐξ
2280 1215 2453 1268 αὐτῶν
2511 1212 2619 1285 ἥκῃ
2681 1210 2788 1264 τῶν
2861 1209 3104 1281 οὐρανῶν
3171 1203 3514 1279 δογματίζων

2050 1305 2534 1379 εὐαγγελιζόμενος
2571 1319 2585 1334 ⁸
2637 1298 2908 1370 δυναμεθα
2967 1297 3124 1350 αὐτὸν
3181 1294 3441 1350 κοινωνὸν
3518 1311 3697 1365 προσ-

2053 1397 2303 1465 ήκασθαι,
2339 1393 2414 1454 ὡς
2451 1392 2524 1463 μή
2562 1393 2891 1463 στοιχοῦντα
2910 1391 2977 1459 τῇ
3004 1385 3316 1460 ὑγιαινούσῃ
3335 1385 3432 1450 τῆς
3462 1379 3697 1440 πίστεως

2052 1481 2390 1552 διδασκαλίᾳ.
2425 1481 2527 1537 Καὶ
2559 1479 2694 1553 πρὸς
2720 1477 2886 1532 ταῦτα
2937 1475 3020 1530 ὅτι
3065 1474 3124 1528 ἂν
3178 1471 3311 1545 δοκῇ
3364 1475 3432 1544 τῇ
3481 1469 3699 1541 ἐξουσίᾳ

2055 1575 2231 1645 ὑμῶν,
2288 1568 2481 1640 έτοίμη
2543 1571 2576 1634 ἡ
2633 1565 2952 1624 ταπείνωσις
3008 1564 3167 1634 ἡμῶν
3228 1561 3396 1632 μέχρι
3471 1556 3699 1611 θανάτου

2055 1664 2376 1730 ὑποστῆναι,
2407 1662 2441 1729 ἢ
2501 1657 2753 1730 ἐξάρνους
2809 1657 2956 1726 ἡμᾶς
3007 1652 3251 1727 γενέσθαι
3300 1656 3398 1718 τῆς
3438 1645 3700 1712 τοιαύτης

2055 1757 2216 1825 ἡμῶν
2249 1748 2574 1822 εἰλικρινοῦς
2607 1743 2924 1819 ὁμολογίας.

299 1826 531 1921 quatur.
564 1826 811 1905 Demum
846 1851 1130 1922 quidquid
1164 1852 1299 1906 libet
1331 1851 1596 1922 potestati
1626 1856 1845 1913 vestrae,
1883 1851 2079 1920 parata
2108 1850 2198 1898 est
2231 1839 2532 1896 humilitas
2562 1841 2760 1894 nostra
2807 1849 2994 1906 usque
3030 1834 3098 1887 ad
3162 1835 3410 1886 mortem
3465 1826 3692 1899 perpeti

299 1938 507 2009 potius,
542 1956 714 2010 quam
751 1944 813 1994 ut
844 1946 1146 2011 negatores
1177 1941 1362 1995 simus
1392 1941 1629 1996 sincerae
1661 1939 1900 2010 hujusce
1927 1939 2129 1990 DOSU‘EB
2163 1927 2562 1986 confessionis.

596 2031 665 2086 Il.
698 2061 766 2070 ——
795 2030 1143 2086 Monasticam
1173 2035 1340 2086 vitam
1365 2033 1670 2102 agentibus.

2456 2018 2535 2072 B’.
2567 2047 2636 2059 —
2676 2013 3116 2082 Μονάζουσιν.
3161 2011 3304 2083 [σθ’.]

619 2141 691 2188 De
724 2139 1038 2203 quihusdam
1073 2139 1365 2202 praepositis
1389 2139 1478 2202 qui
1509 2140 1562 2188 in
1595 2150 1755 2186 causa
1781 2134 2071 2198 imaginum
2106 2131 2376 2192 segniores
2409 2126 2636 2175 fuerant.
2676 2124 2890 2183 (Baron.
2922 2135 3010 2173 an.
3041 2120 3151 2175 814,
3183 2133 3237 2166 n.
3267 2117 3376 2203 24.)

371 2230 430 2285 In
456 2231 563 2285 hoc
596 2229 876 2300 temporis
909 2229 1176 2297 articulo,
1207 2245 1339 2283 cum
1391 2228 1852 2299 persecutionem
1887 2227 1946 2281 in
1980 2225 2026 2289 B

305 2322 555 2393 imagine
578 2337 686 2376 sua
709 2321 965 2375 Christus
987 2325 1238 2391 patitur:
1258 2337 1368 2375 non
1405 2319 1593 2375 solum
1628 2319 1728 2389 qui
1759 2317 1956 2390 digni-

305 2421 415 2468 tate
464 2416 521 2466 et
568 2411 809 2466 scientia
857 2409 1150 2479 praecellit,
1194 2414 1408 2463 certare
1455 2409 1504 2462 is
1550 2409 1738 2475 debet,
1791 2413 1956 2462 rectae

305 2502 437 2556 fidei
499 2499 823 2555 doctrinam
880 2499 1177 2567 proferens
1209 2502 1269 2552 et
1294 2500 1519 2552 castoris
1550 2498 1785 2551 tradens
1813 2515 1827 2562 ;
1862 2497 1957 2550 sed

303 2596 359 2646 et
381 2588 707 2658 discipulus
729 2605 956 2658 quoque
978 2588 1097 2658 ipse
1129 2587 1404 2642 fiduciam
1440 2603 1698 2652 sumere,
1725 2592 1781 2640 et
1810 2585 1958 2641 veri-

307 2683 482 2732 tatem
543 2677 833 2746 intrepida
865 2693 930 2730 ac
964 2676 1148 2730 libera
1177 2692 1313 2730 voce
1344 2675 1620 2746 profiteri.
1655 2675 1777 2729 Non
1829 2690 1960 2728 mea

303 2773 444 2822 sunt
476 2767 590 2820 haec
621 2765 809 2831 verba,
833 2763 930 2835 qui
967 2770 1231 2836 peccator
1261 2782 1412 2831 sum,
1439 2766 1536 2819 sed
1572 2763 1747 2818 divini
1771 2763 1958 2832 Chry-

305 2855 570 2920 sostomi,
621 2854 879 2924 quinimo
922 2859 977 2908 et
1035 2853 1278 2909 aliorum
1331 2855 1580 2909 Patrum.
1617 2854 1778 2917 Quod
1819 2869 1951 2908 vero

308 2943 536 3000 Domini
559 2943 852 3016 prmpositi
883 2944 954 2996 ab
977 2943 1323 3014 imperatore
1340 2944 1554 2998 detenti
1580 2945 1685 2999 hoc
1717 2944 1955 2998 minime

307 3035 724 3107 praestiterunt,
758 3033 1025 3104 quamvis
1060 3033 1358 3102 dignitatis
1388 3032 1570 3102 gradu
1611 3041 1665 3088 et
1696 3034 1961 3089 doctrina

307 3125 580 3181 omnibus
605 3124 783 3193 hujus
816 3139 929 3178 orae
961 3123 1288 3194 praepositis
1317 3125 1641 3190 anteirent;
1677 3127 1736 3178 at
1761 3129 1961 3179 contra

311 3216 503 3287 potius
541 3213 971 3281 conticuerunt,
1007 3227 1192 3282 neque
1225 3213 1281 3266 id
1316 3213 1528 3278 solum,
1562 3213 1717 3282 quod
1752 3228 1811 3267 re
1834 3213 1963 3283 ipsa

310 3321 479 3376 grave
509 3307 632 3360 est:
669 3303 770 3357 sed
816 3303 1202 3373 chirographo
1255 3303 1432 3356 etiam
1493 3319 1620 3361 suo,
1652 3317 1713 3358 se
1781 3317 1962 3371 neque

313 3409 727 3464 congressuros
785 3395 1011 3458 mutuo,
1046 3407 1232 3462 neque
1306 3393 1578 3446 docturos
1645 3390 1966 3446 conﬁrma-

316 3488 480 3538 runt:
515 3482 570 3536 id
595 3497 726 3536 vero
758 3487 848 3536 est
880 3481 1120 3552 prodere
1140 3482 1462 3551 veritatem,
1484 3487 1538 3537 et
1561 3481 1959 3550 praefecturam

317 3574 716 3662 abnegars,_et
744 3570 1012 3626 subditos
1057 3571 1396 3662 sibihatque
1453 3572 1596 3626 adeo
1629 3570 1876 3662 aquales
1904 3577 1957 3662 et
1991 3596 2032 3662 ρ

317 3662 506 3718 socios
574 3660 920 3716 subvertere.
951 3660 1208 3730 Apostoli
1269 3661 1607 3728 enim,cum
1666 3677 1699 3714 a
1739 3659 1960 3714 Judaeis

317 3749 731 3804 denuntiatum
787 3749 904 3804 illis
954 3753 1128 3818 esset,
1163 3765 1234 3803 ne
1289 3751 1560 3805 docerent
1616 3750 1674 3804 in
1727 3749 1962 3804 nomine

315 3839 549 3907 Christi,
611 3839 701 3893 his
756 3838 948 3893 verbis
993 3839 1417 3909 responderunt
1449 3855 1461 3892 :
1492 3837 1757 3905 Judicate,
1789 3841 1835 3891 si
1859 3839 1965 3909 ju-

316 3939 458 3984 stum
511 3937 591 3985 est
639 3927 700 3983 in
736 3935 1021 3998 conspectu
1077 3929 1172 3983 Det"
1208 3945 1298 3985 vos
1343 3933 1521 3999 potius
1578 3929 1770 3984 audire
1800 3945 1965 3999 quam

319 4021 490 4074 Deum
545 4029 793 4073 nostrum
822 4019 884 4071 θ’.
914 4020 979 4072 Et
1037 4035 1239 4073 rursus
1273 4018 1541 4075 :Obedire
1594 4023 1802 4086 oportet
1862 4020 1964 4073 Deo

318 4109 498 4176 magis
529 4123 691 4178 quam
712 4107 1026 4163 hominibus
1049 4107 1114 4160 οι.
1137 4110 1265 4162 Haec
1297 4115 1352 4164 et
1382 4108 1596 4163 similia
1624 4108 1758 4164 illos
1778 4108 1967 4163 dicere

321 4197 636 4268 oportebat,
667 4202 731 4251 ut
763 4214 858 4267 per
915 4213 1012 4253 eos
1047 4196 1468 4274 glorificaretur
1517 4197 1667 4252 Deus
1723 4205 1777 4253 et
1834 4198 1967 4252 aedi-

323 4285 564 4340 ficarent
594 4285 986 4341 orthodoxos:
1023 4291 1086 4339 ut
1125 4287 1476 4341 monasteria
1531 4286 1966 4352 confirmarent,

321 4376 379 4427 et.
408 4372 796 4427 confortarent
851 4389 949 4428 eos
995 4373 1094 4443 qui
1161 4375 1221 4428 in
1253 4372 1473 4429 exsiliis
1509 4376 1824 4444 patiuntur.
1858 4373 1969 4428 Sed

323 4462 482 4532 quid,
511 4462 663 4532 quod
689 4461 871 4532 pluris
895 4463 1139 4517 facimus
1161 4463 1515 4519 monasteria
1546 4480 1719 4534 quam
1753 4463 1970 4529 Deum;

323 4556 379 4606 et
409 4549 596 4622 pluris
629 4552 935 4606 commoda
971 4568 1098 4622 quis
1132 4552 1267 4607 inde
1297 4552 1578 4622 capimus,
1613 4569 1785 4624 quam
1819 4552 1974 4608 mala

325 4657 455 4714 quas
513 4640 648 4695 boni
704 4656 886 4696 causa
934 4640 1338 4696 sustinemus?
1369 4641 1615 4697 Ubinam
1664 4646 1754 4698 est
1786 4641 1972 4696 illud:

323 4730 605 4801 Loquebar
624 4732 683 4785 in
714 4735 1000 4800 conspectu
1029 4747 1242 4798 regum,
1275 4740 1327 4786 et
1375 4747 1480 4788 non
1512 4731 1884 4800 confundebar
1911 4732 1975 4787 θ’.

327 4821 396 4876 Et
439 4821 622 4876 illud:
656 4822 785 4876 Ecce
833 4820 988 4876 labia
1023 4837 1146 4876 mea
1192 4837 1301 4876 non
1353 4821 1649 4892 prohibebo
1684 4840 1696 4878 :
1735 4823 1976 4889 Domine,

331 4921 391 4969 tu
411 4913 564 4968 scisti
587 4910 653 4966 9³.
686 4909 795 4965 Ubi
827 4911 1011 4982 gloria
1055 4915 1112 4967 et
1141 4911 1419 4968 fortitudo
1473 4913 1695 4968 ordinis
1737 4913 1919 4968 nostri
1950 4913 1978 4967 ι

324 5006 591 5070 Quonam
626 5010 790 5074 pacto
821 5003 972 5057 beati
1003 5003 1184 5058 Sabas
1215 5007 1273 5059 et
1301 5003 1681 5072 Theodosius,
1707 5021 1838 5059 cum
1866 5006 1975 5059 im.

329 5094 483 5166 piam
519 5094 777 5149 haeresim
810 5097 949 5149 tunc
989 5094 1260 5165 temporis
1291 5094 1606 5165 imperator
1635 5095 1978 5150 Anastasius

330 5183 1261 5254 amplecteretur,insurrexerunt
1317 5199 1420 5252 pro
1468 5182 1578 5237 ﬁde
1626 5184 1836 5238 acriter
1879 5201 1982 5254 pu-

330 5277 578 5343 gnantes
612 5288 626 5327 :
660 5276 784 5326 tum
817 5287 916 5326 eos
964 5272 1064 5342 qui
1096 5288 1397 5343 perperam
1448 5271 1507 5326 in
1565 5271 1818 5326 Ecclesia
1850 5288 1980 5329 sen-

331 5363 552 5417 tiebant
617 5361 1194 5428 excommunicando,
1237 5366 1360 5416 tum
1434 5362 1505 5415 ad
1574 5363 1980 5430 imperatorem

332 5453 526 5524 ipsum
562 5452 886 5515 scribendo,
922 5467 983 5506 se
1015 5455 1260 5506 mortem
1312 5452 1503 5522 potius
1533 5456 1802 5521 oppetere
1826 5470 1985 5522 para-

334 5550 425 5602 tos
457 5559 630 5615 quam
655 5546 720 5597 ut
751 5542 821 5597 de
851 5543 1181 5599 constitutis
1209 5542 1430 5614 aliquid
1462 5543 1841 5598 immutarent
1862 5542 1889 5598 σε
1920 5544 1986 5600 Et

406 5732 450 5770 9°
480 5736 698 5802 Act.1v,
727 5735 810 5789 19.

886 5732 930 5767 ⁹ί
962 5734 1082 5789 Act.
1107 5732 1268 5803 v,29.
1347 5731 1391 5767 θ’
1430 5729 1577 5787 Psal.
1610 5746 1800 5796 cxvm,
1834 5729 1920 5784 46.

2124 2224 2210 2273 Ἐν
2245 2222 2321 2288 τῷ
2352 2212 2525 2288 καιρῷ
2553 2211 2751 2282 τούτῳ,
2793 2209 2844 2264 ἐν
2881 2210 2925 2281 ᾧ
2973 2209 3001 2263 ὁ
3052 2207 3282 2278 Χριστὸς
3326 2202 3576 2258 διώκεται
3615 2200 3707 2255 διὰ

2063 2315 2162 2377 τῆς
2196 2306 2401 2366 εἰκόνος
2439 2303 2602 2358 αὐτοῦ
2645 2319 2656 2332 ⁸
2688 2298 2748 2354 οὗ
2793 2300 2955 2371 μόνον
2986 2297 3031 2350 εἰ
3067 2295 3260 2368 βαθμῷ
3289 2315 3372 2354 τις
3415 2293 3502 2346 καὶ
3553 2293 3710 2368 γνώ-

2067 2419 2144 2452 σει
2193 2395 2450 2469 προέχων
2509 2390 2670 2460 ἐστὶν,
2746 2386 2954 2466 ὀφείλει
3021 2381 3448 2459 διαγωνίζεσθαι,
3519 2379 3713 2435 λαλων

2068 2488 2157 2542 καὶ
2199 2468 2463 2539 διδάσκων
2522 2482 2612 2535 τὸν
2668 2485 2768 2546 τῆς
2827 2471 3139 2548 ὀρθοδοξίας
3194 2473 3358 2546 λόγον
3395 2468 3578 2525 ’ἀλλά
3608 2472 3710 2544 γὰρ

2069 2577 2157 2630 καὶ
2190 2575 2234 2629 εἰ
2287 2575 2531 2646 μαθητοῦ
2568 2570 2712 2640 τάξιν
2758 2565 2971 2641 ἐπέχων
3020 2562 3128 2632 εἴη,
3175 2566 3446 2636 χρεωστεῖ
3492 2558 3714 2633 παρῥη-

2070 2666 2342 2732 σιάζεσθαι
2399 2662 2497 2728 τὴν
2555 2657 2839 2727 ἀλήθειαν,
2896 2655 2985 2708 καὶ
3044 2651 3539 2726 ἐλευθεροστομεῖν.
3601 2648 3715 2702 Οὐκ

2070 2753 2198 2827 ἐμὸς
2233 2755 2260 2806 ὁ
2293 2750 2456 2826 λόγος
2483 2751 2578 2803 τοῦ
2607 2743 2960 2820 ἀμαρτωλοῦ,
2994 2740 3140 2798 ἀλλᾶ
3185 2744 3280 2794 τοῦ
3321 2739 3467 2794 θείου
3499 2746 3713 2812 Χρυσο-

2075 2845 2284 2918 στόμου
2319 2865 2331 2877 ·
2365 2842 2452 2897 ἐπὶ
2483 2841 2572 2896 καὶ
2605 2838 2788 2894 ἄλλων
2823 2837 3095 2908 Πατέρων.
3130 2834 3199 2888 Τὸ
3231 2831 3288 2887 δέ
3317 2831 3441 2892 τοὺς
3488 2831 3712 2905 κυρίους

2071 2939 2197 2998 τοὺς
2227 2931 2562 3009 ἡγουμένους
2610 2926 2972 3003 κρατηθέντας
3016 2926 3118 2979 ὑπὸ
3167 2927 3262 2978 τοῦ
3315 2919 3598 2996 βασιλέως,
3631 2920 3708 2990 μή

2069 3027 2136 3081 τὰ
2162 3020 2537 3098 προειρημένα
2585 3019 2779 3092 πρᾶξαι
2813 3035 2828 3049 ο
2860 3016 3054 3089 καίπερ
3105 3009 3260 3073 ὄντας
3291 3010 3380 3066 καὶ
3431 3009 3481 3064 ἐν
3515 3010 3714 3083 βαθμῷ

2070 3117 2158 3170 καὶ
2219 3116 2414 3190 γνώσει
2471 3111 2616 3183 παρά
2673 3107 2871 3167 πάντας
2926 3103 3057 3164 τοὺς
3111 3099 3552 3176 καθηγουμένους
3611 3103 3716 3165 τῆς

2069 3213 2170 3280 γῆς
2201 3204 2400 3271 ταύτης
2436 3221 2448 3234 ο
2483 3196 2790 3254 τούναντίον
2826 3193 2882 3249 δὲ
2916 3193 3126 3266 μᾶλλον
3163 3197 3460 3258 σιωπῆσαι.
3506 3187 3602 3241 Καὶ
3646 3184 3712 3239 Οὐ

2073 3275 2239 3350 τοῦτο
2277 3294 2460 3365 μόνον,
2491 3289 2684 3361 καίπερ
2708 3285 2764 3340 ὃν
2815 3282 2988 3338 δεινόν
3023 3303 3036 3316 ο
3091 3279 3236 3335 ἀλλὰ
3280 3279 3371 3333 καὶ
3411 3275 3712 3354 χειρόγρα-

2073 3405 2172 3461 φον
2212 3389 2462 3451 ποιῆσαι,
2516 3380 2652 3451 μήτε
2703 3376 2777 3437 εἰς
2827 3371 3110 3441 ἀλλήλους
3148 3368 3520 3442 συνέρχεσθαι,
3573 3366 3713 3436 μήτε

2075 3453 2344 3528 διδάσκειν
2382 3491 2394 3503 ·
2454 3467 2616 3524 τοῦτό
2671 3465 2782 3520 ἐστι
2840 3458 3106 3537 προδοσία
3161 3465 3263 3526 τῆς
3312 3455 3589 3526 ἀληθείας.
3624 3453 3716 3505 καὶ

2073 3561 2297 3636 ἄρνησις
2350 3567 2451 3628 τῆς
2511 3555 2863 3631 προστασίας,
2920 3549 3009 3604 καὶ
3066 3545 3360 3606 κατάλυσις
3410 3548 3516 3597 τῶν
3577 3542 3718 3595 ὑπο-

2073 3631 2361 3718 τακτικῶν,
2420 3647 2534 3702 ἐπεὶ
2591 3646 2680 3698 καὶ
2745 3646 2854 3696 τῶν
2921 3640 3233 3712 ὁμοταγῶν.
3293 3635 3355 3689 Οἱ
3413 3631 3714 3686 ἀπόστολοι

2070 3738 2536 3817 παραγγελθέντες
2585 3734 2688 3788 ὑπὸ
2745 3735 2851 3787 τῶν
2929 3724 3203 3783 Ἰουδαίων
3285 3724 3359 3797 μή
3445 3718 3717 3776 διδάσκειν

2069 3809 2157 3886 ἐπέ
2187 3809 2281 3902 τῶ.
2298 3829 2524 3899 ὀνόματι
2547 3827 2643 3878 τοῦ
2674 3824 2928 3895 Χριστοῦ,
2954 3814 3080 3872 τάδε
3111 3815 3268 3891 φασιν
3295 3830 3308 3844 ·
3333 3813 3556 3884 Ὑμεῖς
3579 3809 3716 3882 κρί-

2071 3943 2240 3986 νατε,
2289 3920 2340 3975 εἰ
2395 3916 2659 3972 δίκαιον
2718 3913 2893 3966 ἐστιν
2943 3907 3121 3980 ὑμῶν
3170 3903 3466 3966 ἀκούειν,
3521 3899 3554 3966 ἢ
3600 3902 3717 3952 τοῦ

2074 4017 2234 4069 Θεοῦ
2267 4012 2476 4082 ἡμῶν.
2512 4004 2608 4060 Καὶ
2640 4004 2836 4059 πάλιν·
2866 3998 3271 4070 Πειθαρχεῖν
3305 3990 3560 4082 δεῖΘεῶ
3597 3988 3718 4082 μαλ

2074 4101 2186 4158 λον
2326 4096 2721 4169 ἀνθρώποις.
2765 4093 2995 4143 Τοιαῦτα
3055 4085 3144 4139 καὶ
3203 4082 3484 4155 παρόμοια
3539 4077 3712 4169 ἐχρῆν

2077 4193 2322 4260 λαλῆσαι
2353 4187 2539 4248 αὐτοῖς
2575 4204 2587 4216 ·
2617 4183 2709 4238 ’ἱνα
2751 4179 3006 4249 ἐδοξάσθη
3043 4178 3070 4230 ὁ
3101 4176 3229 4234 Θεὸς
3261 4171 3329 4226 δι’
3378 4169 3582 4225 αύτῶνο
3621 4164 3720 4219 ἵνα

2079 4279 2443 4355 ᾠκοδόμησαν
2463 4273 2592 4335 τοὺς
2627 4268 2951 4347 ὀρθοδόζους
2984 4284 2997 4296 ·
3027 4264 3118 4319 ’ἱνα
3155 4261 3436 4334 ἐστήριξαν
3488 4257 3551 4312 τὰ
3586 4277 3720 4358 μον-

2081 4349 2315 4443 αστήρια
2364 4387 2377 4400 ·
2441 4364 2535 4419 ’ἱνα
2601 4358 3008 4430 ἐνεδυνάμωσαν
3077 4350 3203 4413 τοὺς
3277 4349 3584 4422 πάσχοντας
3668 4349 3722 4396 ἐν

2086 4436 2340 4534 ἐξορνίιαις.
2375 4455 2550 4514 Ἀλλὰ
2587 4452 2639 4508 τί
2672 4450 2752 4505 ὅτι
2802 4443 3201 4534 προτιμώμεθα
3233 4437 3448 4534 μᾶλλον
3479 4439 3615 4534 Θεοῦ
3647 4436 3725 4534 ’τὰ

2087 4519 2422 4625 μῖοναστήρια
2455 4565 2467 4577 ·
2502 4543 2590 4598 καὶ
2641 4543 2737 4609 τῆς
2789 4539 2920 4609 ὑπὲρ
2967 4538 3064 4589 τοῦ
3123 4532 3324 4604 ἀγαθοῦ
3365 4523 3725 4584 κακοπαθείας

2083 4616 2181 4710 τὴν
2228 4616 2457 4694 ἐντεῦθεν
2512 4632 2831 4698 εὖπάθειανς
2895 4631 3008 4682 Ποῦ
3057 4624 3167 4679 ἐστι
3225 4621 3286 4676 τό
3320 4638 3334 4652 ⁸
3386 4616 3721 4674 Ἐλάλουν

2085 4707 2386 4784 ἐναντίον
2433 4721 2787 4800 βασιλέων,
2826 4715 2933 4772 καὶ
2975 4714 3098 4768 οὐκ
3124 4707 3524 4784 ᾐσχυνόμην
3557 4724 3585 4800 ;-
3613 4707 3727 4757 Ποῦ

2088 4795 2491 4888 ἐστιτὸ,Ἰδοῦ
2512 4817 2588 4870 τὰ
2609 4811 2808 4889 χείλη
2839 4829 2958 4883 μου
2982 4805 3051 4861 οὐ
3079 4806 3161 4878 μὴ
3184 4795 3728 4871 κωλύσωῆἱύριε,

2091 4913 2163 4968 σύ
2205 4911 2427 4986 ἔγνως,
2471 4911 2587 4963 Ποῦ
2619 4905 2729 4960 ἐστι
2758 4903 2821 4958 τὸ
2869 4898 3028 4960 κλέος
3074 4895 3162 4952 καὶ
3209 4897 3242 4964 ἡ
3290 4891 3450 4967 ἰσχὺς
3481 4892 3576 4945 τοῦ
3607 4886 3725 4942 καθ’

2085 4980 2591 5076 ἠμᾶςξτάγματοω
2646 4999 2769 5056 Πῶς
2832 4985 3008 5051 Σάϐας
3064 4987 3153 5041 καὶ
3206 4981 3489 5076 Θεοδδσιος
3545 4980 3728 5076 σιγα-

2087 5093 2271 5166 κάριοι
2318 5067 2452 5143 ’,τὸ
2503 5087 2798 5156 τηνικαῦνα
2857 5076 3208 5135 Ἀναστασίου
3265 5069 3381 5138 ίτοῦ
3460 5067 3730 5144 βασιλέως

2089 5177 2360 5237 δυσσεϐεἷν
2422 5177 2687 5249 ἑλομένου
2746 5194 2756 5204 ·
2819 5170 3167 5237 διανέστησαν
3219 5166 3435 5238 θερμῶς
3507 5175 3733 5249 προμα-

2527 5245 2535 5249 -
3476 5249 3488 5264 Ἰ
3681 5245 3692 5261 Ι

2089 5269 2315 5347 χοῦντες
2347 5275 2444 5336 τῆς
2475 5268 2709 5326 πίστεως
2735 5283 2748 5296 ’
2801 5266 2963 5316 τοῦτο
3015 5259 3128 5331 μέν,
3152 5254 3288 5327 ’μεθ’
3334 5252 3405 5305 ὧν
3465 5248 3732 5349 ανεθεμῆα-

2071 5333 2239 5417 ’τισαν
2293 5358 2420 5420 τοὺς
2455 5353 2781 5423 κακοδόξους
2837 5350 2986 5423 ἐντῇ
3036 5341 3333 5413 Ἐκκλησία
3365 5359 3379 5372 ·
3438 5341 3600 5392 τοῦτο
3650 5333 3731 5400 δὲ,

2094 5453 2144 5506 ἐν
2174 5453 2259 5511 οἷς
2291 5445 2598 5504 ἐπέστειλαν
2648 5449 2726 5516 τῷ
2780 5439 2995 5516 βασιλεῖ
3033 5455 3046 5471 ⁸
3106 5429 3600 5516 διαμαρτυράμενοι
3633 5423 3732 5475 θά-

2095 5561 2252 5597 νατον
2309 5537 2545 5605 ἑλέσθαι,
2611 5536 2645 5605 ἤ
2678 5554 2730 5588 τι
2784 5536 3132 5606 μετακινῆσαι
3188 5526 3292 5577 τῶν
3322 5514 3724 5581 καθεστώτων;

1999 5729 2042 5764 9³
2075 5724 2437 5785 Psal.xxx1x,
2473 5723 2557 5777 10.
