  <div class='ocr_page' id='page_1' title='image "/cluster/home/n/w/nwhite01/storage/ocr_20150623/99/mdp.39015005675577/566.png"; bbox 0 0 4084 6284; ppageno 0'>
   <div class='ocr_carea' id='block_1_1' title="bbox 371 395 525 457">
    <p class='ocr_par' dir='ltr' id='par_1_1' title="bbox 371 395 525 457">
     <span class='ocr_line' id='line_1_1' title="bbox 371 395 525 457; baseline 0 -1"><span class='ocrx_word' id='word_1_1' title='bbox 371 395 525 457; x_wconf 80' lang='grc'><strong>1121</strong></span> 
     </span>
    </p>
   </div>
   <div class='ocr_carea' id='block_1_2' title="bbox 1641 386 2524 452">
    <p class='ocr_par' dir='ltr' id='par_1_2' title="bbox 1641 386 2524 452">
     <span class='ocr_line' id='line_1_2' title="bbox 1641 386 2524 452; baseline -0.002 0"><span class='ocrx_word' id='word_1_2' title='bbox 1641 388 2205 452; x_wconf 77' lang='lat' dir='ltr'><strong>&#39;EPISTOLARUM</strong></span> <span class='ocrx_word' id='word_1_3' title='bbox 2247 386 2401 450; x_wconf 92' lang='lat' dir='ltr'><strong>LIB.</strong></span> <span class='ocrx_word' id='word_1_4' title='bbox 2444 387 2524 450; x_wconf 87' lang='lat' dir='ltr'><strong>II.</strong></span> 
     </span>
    </p>
   </div>
   <div class='ocr_carea' id='block_1_3' title="bbox 3612 389 3769 450">
    <p class='ocr_par' dir='ltr' id='par_1_3' title="bbox 3612 389 3769 450">
     <span class='ocr_line' id='line_1_3' title="bbox 3612 389 3769 450; baseline -0.006 0"><span class='ocrx_word' id='word_1_5' title='bbox 3612 389 3769 450; x_wconf 75' lang='grc'>1122</span> 
     </span>
    </p>
   </div>
   <div class='ocr_carea' id='block_1_4' title="bbox 368 523 2025 605">
    <p class='ocr_par' dir='ltr' id='par_1_4' title="bbox 368 523 2009 605">
     <span class='ocr_line' id='line_1_4' title="bbox 368 523 2009 605; baseline -0.007 -18"><span class='ocrx_word' id='word_1_6' title='bbox 368 531 471 587; x_wconf 81' lang='grc' dir='ltr'><strong>Καὶ</strong></span> <span class='ocrx_word' id='word_1_7' title='bbox 501 528 774 605; x_wconf 73' lang='grc' dir='ltr'>λέγουσιν,</span> <span class='ocrx_word' id='word_1_8' title='bbox 806 526 877 590; x_wconf 80' lang='grc' dir='ltr'>ὥς</span> <span class='ocrx_word' id='word_1_9' title='bbox 909 547 1088 604; x_wconf 82' lang='grc' dir='ltr'>φασιν,</span> <span class='ocrx_word' id='word_1_10' title='bbox 1120 526 1172 581; x_wconf 79' lang='grc' dir='ltr'>οἱ</span> <span class='ocrx_word' id='word_1_11' title='bbox 1223 525 1405 600; x_wconf 84' lang='grc' dir='ltr'>κύριοι</span> <span class='ocrx_word' id='word_1_12' title='bbox 1451 523 1746 599; x_wconf 81' lang='grc' dir='ltr'>ἡγούμενοι</span> <span class='ocrx_word' id='word_1_13' title='bbox 1773 545 1784 557; x_wconf 95' lang='grc'><strong>⁸</strong></span> <span class='ocrx_word' id='word_1_14' title='bbox 1819 526 2009 597; x_wconf 84' lang='grc' dir='ltr'>Ἡμεῖς</span> 
     </span>
    </p>
   </div>
   <div class='ocr_carea' id='block_1_5' title="bbox 2139 523 3765 605">
    <p class='ocr_par' dir='ltr' id='par_1_5' title="bbox 2139 523 3765 595">
     <span class='ocr_line' id='line_1_5' title="bbox 2139 523 3765 595; baseline 0.002 -16"><span class='ocrx_word' id='word_1_15' title='bbox 2139 524 2348 592; x_wconf 79' lang='lat' dir='ltr'><strong>licunt,</strong></span> <span class='ocrx_word' id='word_1_16' title='bbox 2370 527 2437 579; x_wconf 92' lang='lat' dir='ltr'><strong>nt</strong></span> <span class='ocrx_word' id='word_1_17' title='bbox 2464 523 2620 580; x_wconf 85' lang='lat' dir='ltr'><strong>fama</strong></span> <span class='ocrx_word' id='word_1_18' title='bbox 2648 527 2757 592; x_wconf 88' lang='lat' dir='ltr'><strong>est,</strong></span> <span class='ocrx_word' id='word_1_19' title='bbox 2780 523 3011 580; x_wconf 85' lang='lat' dir='ltr'><strong>Domini</strong></span> <span class='ocrx_word' id='word_1_20' title='bbox 3042 523 3335 595; x_wconf 59' lang='lat' dir='ltr'><strong>praepositi</strong></span> <span class='ocrx_word' id='word_1_21' title='bbox 3354 540 3368 580; x_wconf 89' lang='lat'><strong>:</strong></span> <span class='ocrx_word' id='word_1_22' title='bbox 3389 524 3636 590; x_wconf 89' lang='lat' dir='ltr'><strong>Quinam</strong></span> <span class='ocrx_word' id='word_1_23' title='bbox 3669 542 3765 583; x_wconf 87' lang='lat' dir='ltr'><strong>sn-</strong></span> 
     </span>
    </p>
   </div>
   <div class='ocr_carea' id='block_1_6' title="bbox 363 613 2009 692">
    <p class='ocr_par' dir='ltr' id='par_1_6' title="bbox 363 613 2009 692">
     <span class='ocr_line' id='line_1_6' title="bbox 363 613 2009 692; baseline -0.005 -17"><span class='ocrx_word' id='word_1_24' title='bbox 363 619 503 682; x_wconf 83' lang='grc' dir='ltr'>τίνες</span> <span class='ocrx_word' id='word_1_25' title='bbox 559 616 755 692; x_wconf 79' lang='grc' dir='ltr'>ἐσμέν;</span> <span class='ocrx_word' id='word_1_26' title='bbox 799 620 1012 691; x_wconf 87' lang='grc' dir='ltr'>πρῶτον</span> <span class='ocrx_word' id='word_1_27' title='bbox 1070 615 1399 691; x_wconf 81' lang='grc' dir='ltr'><strong>Χριστιανοὶ,</strong></span> <span class='ocrx_word' id='word_1_28' title='bbox 1431 614 1485 669; x_wconf 79' lang='grc' dir='ltr'>οἳ</span> <span class='ocrx_word' id='word_1_29' title='bbox 1537 613 1820 692; x_wconf 77' lang='grc' dir='ltr'><strong>ὀφείλουσι</strong></span> <span class='ocrx_word' id='word_1_30' title='bbox 1876 614 2009 667; x_wconf 83' lang='grc' dir='ltr'>πάν-</span> 
     </span>
    </p>
   </div>
   <div class='ocr_carea' id='block_1_7' title="bbox 365 700 2009 783">
    <p class='ocr_par' dir='ltr' id='par_1_7' title="bbox 365 700 2009 783">
     <span class='ocr_line' id='line_1_7' title="bbox 365 700 2009 783; baseline -0.006 -19"><span class='ocrx_word' id='word_1_31' title='bbox 365 730 475 773; x_wconf 89' lang='grc' dir='ltr'><strong>τως</strong></span> <span class='ocrx_word' id='word_1_32' title='bbox 505 706 624 783; x_wconf 83' lang='grc' dir='ltr'>ἂ¹ρτι</span> <span class='ocrx_word' id='word_1_33' title='bbox 655 705 843 764; x_wconf 80' lang='grc' dir='ltr'>λαλεῖν</span> <span class='ocrx_word' id='word_1_34' title='bbox 865 725 879 738; x_wconf 99' lang='grc'><strong>⁸</strong></span> <span class='ocrx_word' id='word_1_35' title='bbox 912 700 1094 761; x_wconf 77' lang='grc' dir='ltr'>ἔπειτα</span> <span class='ocrx_word' id='word_1_36' title='bbox 1127 705 1466 778; x_wconf 83' lang='grc' dir='ltr'><strong>μονάζοντες,</strong></span> <span class='ocrx_word' id='word_1_37' title='bbox 1501 703 1553 757; x_wconf 81' lang='grc' dir='ltr'>οἱ</span> <span class='ocrx_word' id='word_1_38' title='bbox 1589 700 1727 774; x_wconf 78' lang='grc' dir='ltr'>μηδὲ</span> <span class='ocrx_word' id='word_1_39' title='bbox 1757 700 1818 757; x_wconf 78' lang='grc' dir='ltr'>τὰ</span> <span class='ocrx_word' id='word_1_40' title='bbox 1838 702 2009 779; x_wconf 83' lang='grc' dir='ltr'>τυχὸν</span> 
     </span>
    </p>
   </div>
   <div class='ocr_carea' id='block_1_8' title="bbox 370 790 2008 876">
    <p class='ocr_par' dir='ltr' id='par_1_8' title="bbox 370 790 2008 876">
     <span class='ocr_line' id='line_1_8' title="bbox 370 790 2008 876; baseline -0.005 -23"><span class='ocrx_word' id='word_1_41' title='bbox 370 798 814 876; x_wconf 74' lang='grc' dir='ltr'>ὐφαρπαζόμενοι</span> <span class='ocrx_word' id='word_1_42' title='bbox 838 817 851 829; x_wconf 94' lang='grc'><strong>⁸</strong></span> <span class='ocrx_word' id='word_1_43' title='bbox 884 796 958 858; x_wconf 82' lang='grc' dir='ltr'><strong>ὡς</strong></span> <span class='ocrx_word' id='word_1_44' title='bbox 987 792 1166 849; x_wconf 78' lang='grc' dir='ltr'>ἄδετοι</span> <span class='ocrx_word' id='word_1_45' title='bbox 1197 795 1277 865; x_wconf 78' lang='grc' dir='ltr'>τῷ</span> <span class='ocrx_word' id='word_1_46' title='bbox 1321 794 1512 866; x_wconf 88' lang='grc' dir='ltr'>κόσμῳ</span> <span class='ocrx_word' id='word_1_47' title='bbox 1541 791 1631 847; x_wconf 80' lang='grc' dir='ltr'><strong>καὶ</strong></span> <span class='ocrx_word' id='word_1_48' title='bbox 1675 790 1971 866; x_wconf 82' lang='grc' dir='ltr'>ἂκράτητοι</span> <span class='ocrx_word' id='word_1_49' title='bbox 1994 809 2008 823; x_wconf 92' lang='grc'><strong>⁸</strong></span> 
     </span>
    </p>
   </div>
   <div class='ocr_carea' id='block_1_9' title="bbox 370 880 2012 960">
    <p class='ocr_par' dir='ltr' id='par_1_9' title="bbox 370 880 2012 960">
     <span class='ocr_line' id='line_1_9' title="bbox 370 880 2012 960; baseline -0.005 -17"><span class='ocrx_word' id='word_1_50' title='bbox 370 885 552 943; x_wconf 76' lang='grc' dir='ltr'>ἔπειτα</span> <span class='ocrx_word' id='word_1_51' title='bbox 600 887 922 960; x_wconf 74' lang='grc' dir='ltr'>ἡγούμενοι,</span> <span class='ocrx_word' id='word_1_52' title='bbox 971 886 1023 940; x_wconf 71' lang='grc' dir='ltr'>οἱ</span> <span class='ocrx_word' id='word_1_53' title='bbox 1077 885 1167 939; x_wconf 81' lang='grc' dir='ltr'><strong>καὶ</strong></span> <span class='ocrx_word' id='word_1_54' title='bbox 1207 887 1274 939; x_wconf 83' lang='grc' dir='ltr'><strong>τά</strong></span> <span class='ocrx_word' id='word_1_55' title='bbox 1331 887 1440 938; x_wconf 87' lang='grc' dir='ltr'><strong>τῶν</strong></span> <span class='ocrx_word' id='word_1_56' title='bbox 1495 880 1683 938; x_wconf 79' lang='grc' dir='ltr'>ἄλλων</span> <span class='ocrx_word' id='word_1_57' title='bbox 1733 881 2012 956; x_wconf 82' lang='grc' dir='ltr'>προσκόμ·</span> 
     </span>
    </p>
   </div>
   <div class='ocr_carea' id='block_1_10' title="bbox 375 968 2016 1051">
    <p class='ocr_par' dir='ltr' id='par_1_10' title="bbox 375 968 2016 1051">
     <span class='ocr_line' id='line_1_10' title="bbox 375 968 2016 1051; baseline -0.005 -19"><span class='ocrx_word' id='word_1_58' title='bbox 375 998 513 1051; x_wconf 85' lang='grc' dir='ltr'>ματα</span> <span class='ocrx_word' id='word_1_59' title='bbox 562 972 961 1038; x_wconf 48' lang='grc' dir='ltr'>ἐκϐάλλοντες</span> <span class='ocrx_word' id='word_1_60' title='bbox 1003 975 1094 1030; x_wconf 83' lang='grc' dir='ltr'><strong>καὶ</strong></span> <span class='ocrx_word' id='word_1_61' title='bbox 1141 974 1194 1028; x_wconf 82' lang='grc' dir='ltr'>ἐν</span> <span class='ocrx_word' id='word_1_62' title='bbox 1249 970 1443 1046; x_wconf 76' lang='grc' dir='ltr'>μηδενὶ</span> <span class='ocrx_word' id='word_1_63' title='bbox 1486 972 1809 1047; x_wconf 73' lang='grc' dir='ltr'>προσκοπήν</span> <span class='ocrx_word' id='word_1_64' title='bbox 1859 968 2016 1025; x_wconf 85' lang='grc' dir='ltr'>διδό-</span> 
     </span>
    </p>
   </div>
   <div class='ocr_carea' id='block_1_11' title="bbox 368 1058 2017 1141">
    <p class='ocr_par' dir='ltr' id='par_1_11' title="bbox 368 1058 2017 1141">
     <span class='ocr_line' id='line_1_11' title="bbox 368 1058 2017 1141; baseline -0.004 -19"><span class='ocrx_word' id='word_1_65' title='bbox 368 1087 459 1122; x_wconf 87' lang='grc' dir='ltr'><strong>ναι</strong></span> <span class='ocrx_word' id='word_1_66' title='bbox 487 1070 889 1140; x_wconf 67' lang='grc' dir='ltr'>χρεωστοῦντες</span> <span class='ocrx_word' id='word_1_67' title='bbox 920 1084 934 1098; x_wconf 95' lang='grc'><strong>⁸</strong></span> <span class='ocrx_word' id='word_1_68' title='bbox 967 1065 1106 1119; x_wconf 79' lang='grc' dir='ltr'>Ἵνα</span> <span class='ocrx_word' id='word_1_69' title='bbox 1139 1064 1247 1138; x_wconf 76' lang='grc' dir='ltr'>μή,</span> <span class='ocrx_word' id='word_1_70' title='bbox 1280 1062 1461 1141; x_wconf 77' lang='grc' dir='ltr'>φησὶ,</span> <span class='ocrx_word' id='word_1_71' title='bbox 1499 1084 1593 1136; x_wconf 97' lang='grc' dir='ltr'><strong>μω</strong></span> <span class='ocrx_word' id='word_1_72' title='bbox 1612 1083 1693 1134; x_wconf 79' lang='grc' dir='ltr'><strong>μη</strong></span> <span class='ocrx_word' id='word_1_73' title='bbox 1711 1063 1787 1134; x_wconf 76' lang='grc' dir='ltr'>θῇ</span> <span class='ocrx_word' id='word_1_74' title='bbox 1826 1062 1861 1130; x_wconf 80' lang='grc' dir='ltr'>ἡ</span> <span class='ocrx_word' id='word_1_75' title='bbox 1891 1058 2017 1115; x_wconf 83' lang='grc' dir='ltr'>δια-</span> 
     </span>
    </p>
   </div>
   <div class='ocr_carea' id='block_1_12' title="bbox 369 1146 2017 1229">
    <p class='ocr_par' dir='ltr' id='par_1_12' title="bbox 369 1146 2017 1229">
     <span class='ocr_line' id='line_1_12' title="bbox 369 1146 2017 1229; baseline -0.004 -18"><span class='ocrx_word' id='word_1_76' title='bbox 369 1156 581 1211; x_wconf 89' lang='grc' dir='ltr'>κονία.</span> <span class='ocrx_word' id='word_1_77' title='bbox 614 1153 748 1211; x_wconf 73' lang='grc' dir='ltr'>(Υίαν</span> <span class='ocrx_word' id='word_1_78' title='bbox 798 1151 855 1208; x_wconf 75' lang='grc' dir='ltr'>δὲ</span> <span class='ocrx_word' id='word_1_79' title='bbox 887 1154 1205 1229; x_wconf 70' lang='grc' dir='ltr'>προσκοπήν</span> <span class='ocrx_word' id='word_1_80' title='bbox 1254 1154 1344 1207; x_wconf 80' lang='grc' dir='ltr'><strong>καὶ</strong></span> <span class='ocrx_word' id='word_1_81' title='bbox 1398 1152 1675 1226; x_wconf 83' lang='grc' dir='ltr'>μώμησιν,</span> <span class='ocrx_word' id='word_1_82' title='bbox 1714 1149 1924 1223; x_wconf 77' lang='grc' dir='ltr'>μᾶλλον</span> <span class='ocrx_word' id='word_1_83' title='bbox 1959 1146 2017 1205; x_wconf 77' lang='grc' dir='ltr'><strong>δὲ</strong></span> 
     </span>
    </p>
   </div>
   <div class='ocr_carea' id='block_1_13' title="bbox 373 1237 2016 1320">
    <p class='ocr_par' dir='ltr' id='par_1_13' title="bbox 373 1237 2016 1320">
     <span class='ocr_line' id='line_1_13' title="bbox 373 1237 2016 1320; baseline -0.004 -21"><span class='ocrx_word' id='word_1_84' title='bbox 373 1238 792 1318; x_wconf 73' lang='grc' dir='ltr'>συγκατάῦασιν,</span> <span class='ocrx_word' id='word_1_85' title='bbox 827 1240 915 1297; x_wconf 75' lang='grc' dir='ltr'>διὰ</span> <span class='ocrx_word' id='word_1_86' title='bbox 952 1246 1049 1298; x_wconf 82' lang='grc' dir='ltr'><strong>τοῦ</strong></span> <span class='ocrx_word' id='word_1_87' title='bbox 1098 1238 1408 1320; x_wconf 84' lang='grc' dir='ltr'>ἶδιοχείρου</span> <span class='ocrx_word' id='word_1_88' title='bbox 1456 1240 1633 1297; x_wconf 85' lang='grc' dir='ltr'>αὐτῶν</span> <span class='ocrx_word' id='word_1_89' title='bbox 1675 1237 1931 1308; x_wconf 82' lang='grc' dir='ltr'>δὲδωκαν,</span> <span class='ocrx_word' id='word_1_90' title='bbox 1961 1239 2016 1293; x_wconf 86' lang='grc' dir='ltr'><strong>τί</strong></span> 
     </span>
    </p>
   </div>
   <div class='ocr_carea' id='block_1_14' title="bbox 372 1327 2015 1408">
    <p class='ocr_par' dir='ltr' id='par_1_14' title="bbox 372 1327 2015 1408">
     <span class='ocr_line' id='line_1_14' title="bbox 372 1327 2015 1408; baseline -0.002 -21"><span class='ocrx_word' id='word_1_91' title='bbox 372 1335 485 1408; x_wconf 81' lang='grc' dir='ltr'>χρὴ</span> <span class='ocrx_word' id='word_1_92' title='bbox 517 1332 606 1387; x_wconf 84' lang='grc' dir='ltr'>καί</span> <span class='ocrx_word' id='word_1_93' title='bbox 638 1329 814 1405; x_wconf 72' lang='grc' dir='ltr'>λέγειν</span> <span class='ocrx_word' id='word_1_94' title='bbox 840 1349 855 1399; x_wconf 90' lang='grc'><strong>;</strong></span> <span class='ocrx_word' id='word_1_95' title='bbox 887 1331 951 1387; x_wconf 76' lang='grc' dir='ltr'><strong>Εἰ</strong></span> <span class='ocrx_word' id='word_1_96' title='bbox 979 1331 1085 1406; x_wconf 82' lang='grc' dir='ltr'>γὰρ</span> <span class='ocrx_word' id='word_1_97' title='bbox 1116 1330 1297 1398; x_wconf 88' lang='grc' dir='ltr'>σιωπή</span> <span class='ocrx_word' id='word_1_98' title='bbox 1333 1327 1496 1405; x_wconf 77' lang='grc' dir='ltr'>μέρος</span> <span class='ocrx_word' id='word_1_99' title='bbox 1545 1328 1976 1404; x_wconf 73' lang='grc' dir='ltr'><strong>συγκαταθέσεως</strong></span> <span class='ocrx_word' id='word_1_100' title='bbox 2000 1347 2015 1362; x_wconf 95' lang='grc'><strong>⁸</strong></span> 
     </span>
    </p>
   </div>
   <div class='ocr_carea' id='block_1_15' title="bbox 370 1418 2016 1497">
    <p class='ocr_par' dir='ltr' id='par_1_15' title="bbox 370 1418 2016 1497">
     <span class='ocr_line' id='line_1_15' title="bbox 370 1418 2016 1497; baseline -0.002 -21"><span class='ocrx_word' id='word_1_101' title='bbox 370 1424 433 1478; x_wconf 88' lang='grc' dir='ltr'>τὸ</span> <span class='ocrx_word' id='word_1_102' title='bbox 481 1421 572 1477; x_wconf 82' lang='grc' dir='ltr'>καὶ</span> <span class='ocrx_word' id='word_1_103' title='bbox 616 1420 898 1497; x_wconf 79' lang='grc' dir='ltr'><strong>ἐγγράφως</strong></span> <span class='ocrx_word' id='word_1_104' title='bbox 942 1419 1108 1488; x_wconf 82' lang='grc' dir='ltr'>αὐτὴν</span> <span class='ocrx_word' id='word_1_105' title='bbox 1152 1425 1393 1495; x_wconf 76' lang='grc' dir='ltr'>κυρῶσαι</span> <span class='ocrx_word' id='word_1_106' title='bbox 1442 1419 1530 1475; x_wconf 78' lang='grc' dir='ltr'>ἐπὶ</span> <span class='ocrx_word' id='word_1_107' title='bbox 1578 1426 1678 1489; x_wconf 83' lang='grc' dir='ltr'>τῆς</span> <span class='ocrx_word' id='word_1_108' title='bbox 1726 1419 1864 1489; x_wconf 80' lang='grc' dir='ltr'>δλης</span> <span class='ocrx_word' id='word_1_109' title='bbox 1894 1418 2016 1475; x_wconf 85' lang='grc' dir='ltr'><strong>Ἐκ-</strong></span> 
     </span>
    </p>
   </div>
   <div class='ocr_carea' id='block_1_16' title="bbox 373 1507 1229 1583">
    <p class='ocr_par' dir='ltr' id='par_1_16' title="bbox 373 1507 1229 1583">
     <span class='ocr_line' id='line_1_16' title="bbox 373 1507 1229 1583; baseline -0.004 -16"><span class='ocrx_word' id='word_1_110' title='bbox 373 1510 631 1583; x_wconf 78' lang='grc' dir='ltr'>κλησίασ,</span> <span class='ocrx_word' id='word_1_111' title='bbox 661 1508 830 1565; x_wconf 89' lang='grc' dir='ltr'>πόσον</span> <span class='ocrx_word' id='word_1_112' title='bbox 855 1508 918 1563; x_wconf 86' lang='grc' dir='ltr'>τὸ</span> <span class='ocrx_word' id='word_1_113' title='bbox 943 1507 1190 1583; x_wconf 86' lang='grc' dir='ltr'>χαλεπόν</span> <span class='ocrx_word' id='word_1_114' title='bbox 1214 1529 1229 1578; x_wconf 88' lang='lat'><strong>;</strong></span> 
     </span>
    </p>
   </div>
   <div class='ocr_carea' id='block_1_17' title="bbox 447 1685 2016 1766">
    <p class='ocr_par' dir='ltr' id='par_1_17' title="bbox 447 1685 2016 1766">
     <span class='ocr_line' id='line_1_17' title="bbox 447 1685 2016 1766; baseline -0.002 -22"><span class='ocrx_word' id='word_1_115' title='bbox 447 1686 542 1744; x_wconf 79' lang='grc' dir='ltr'><strong>Καὶ</strong></span> <span class='ocrx_word' id='word_1_116' title='bbox 602 1685 804 1762; x_wconf 72' lang='grc' dir='ltr'>λέγετε,</span> <span class='ocrx_word' id='word_1_117' title='bbox 864 1687 947 1742; x_wconf 81' lang='grc' dir='ltr'><strong>ὅτι</strong></span> <span class='ocrx_word' id='word_1_118' title='bbox 1011 1690 1263 1762; x_wconf 79' lang='grc' dir='ltr'>κρυπτῶς</span> <span class='ocrx_word' id='word_1_119' title='bbox 1339 1688 1636 1761; x_wconf 78' lang='grc' dir='ltr'>ἱερουργῶν</span> <span class='ocrx_word' id='word_1_120' title='bbox 1704 1686 2016 1766; x_wconf 68' lang='grc' dir='ltr'>Νικηφόρον</span> 
     </span>
    </p>
   </div>
   <div class='ocr_carea' id='block_1_18' title="bbox 373 1775 2017 1854">
    <p class='ocr_par' dir='ltr' id='par_1_18' title="bbox 373 1775 2017 1854">
     <span class='ocr_line' id='line_1_18' title="bbox 373 1775 2017 1854; baseline -0.003 -19"><span class='ocrx_word' id='word_1_121' title='bbox 373 1781 442 1853; x_wconf 74' lang='grc' dir='ltr'><strong>[Γ.</strong></span> <span class='ocrx_word' id='word_1_122' title='bbox 499 1776 835 1854; x_wconf 77' lang='grc' dir='ltr'>Νικηφόρος]</span> <span class='ocrx_word' id='word_1_123' title='bbox 896 1775 1144 1853; x_wconf 73' lang='grc' dir='ltr'>ἀναφέρει</span> <span class='ocrx_word' id='word_1_124' title='bbox 1192 1777 1253 1830; x_wconf 86' lang='grc' dir='ltr'>τὸ</span> <span class='ocrx_word' id='word_1_125' title='bbox 1312 1775 1519 1850; x_wconf 77' lang='grc' dir='ltr'>λάθρα·</span> <span class='ocrx_word' id='word_1_126' title='bbox 1580 1775 1671 1832; x_wconf 80' lang='grc' dir='ltr'><strong>καὶ</strong></span> <span class='ocrx_word' id='word_1_127' title='bbox 1725 1784 1922 1839; x_wconf 81' lang='grc' dir='ltr'>πάντες</span> <span class='ocrx_word' id='word_1_128' title='bbox 1966 1777 2017 1832; x_wconf 78' lang='grc' dir='ltr'>οἱ</span> 
     </span>
    </p>
   </div>
   <div class='ocr_carea' id='block_1_19' title="bbox 2117 612 3765 686">
    <p class='ocr_par' dir='ltr' id='par_1_19' title="bbox 2117 612 3765 686">
     <span class='ocr_line' id='line_1_19' title="bbox 2117 612 3765 686; baseline 0.002 -18"><span class='ocrx_word' id='word_1_129' title='bbox 2117 629 2249 669; x_wconf 88' lang='lat' dir='ltr'><strong>mus</strong></span> <span class='ocrx_word' id='word_1_130' title='bbox 2272 613 2425 668; x_wconf 85' lang='lat' dir='ltr'><strong>nos?</strong></span> <span class='ocrx_word' id='word_1_131' title='bbox 2453 613 2714 668; x_wconf 88' lang='lat' dir='ltr'><strong>Primum</strong></span> <span class='ocrx_word' id='word_1_132' title='bbox 2762 612 3096 679; x_wconf 81' lang='lat' dir='ltr'><strong>Christiani,</strong></span> <span class='ocrx_word' id='word_1_133' title='bbox 3147 614 3244 686; x_wconf 88' lang='lat' dir='ltr'><strong>qui</strong></span> <span class='ocrx_word' id='word_1_134' title='bbox 3312 629 3467 671; x_wconf 92' lang='lat' dir='ltr'><strong>nunc</strong></span> <span class='ocrx_word' id='word_1_135' title='bbox 3525 632 3765 686; x_wconf 84' lang='lat' dir='ltr'><strong>prorsus</strong></span> 
     </span>
    </p>
   </div>
   <div class='ocr_carea' id='block_1_20' title="bbox 2119 702 3767 775">
    <p class='ocr_par' dir='ltr' id='par_1_20' title="bbox 2119 702 3767 775">
     <span class='ocr_line' id='line_1_20' title="bbox 2119 702 3767 775; baseline 0.002 -18"><span class='ocrx_word' id='word_1_136' title='bbox 2119 702 2278 773; x_wconf 86' lang='lat' dir='ltr'><strong>loqui</strong></span> <span class='ocrx_word' id='word_1_137' title='bbox 2308 703 2633 758; x_wconf 82' lang='lat' dir='ltr'><strong>debebant:</strong></span> <span class='ocrx_word' id='word_1_138' title='bbox 2659 702 2866 758; x_wconf 87' lang='lat' dir='ltr'><strong>deinde</strong></span> <span class='ocrx_word' id='word_1_139' title='bbox 2889 703 3179 771; x_wconf 81' lang='lat' dir='ltr'><strong>monachi,</strong></span> <span class='ocrx_word' id='word_1_140' title='bbox 3200 719 3346 775; x_wconf 91' lang='lat' dir='ltr'><strong>quos</strong></span> <span class='ocrx_word' id='word_1_141' title='bbox 3378 719 3439 759; x_wconf 87' lang='lat' dir='ltr'><strong>re</strong></span> <span class='ocrx_word' id='word_1_142' title='bbox 3468 704 3633 760; x_wconf 91' lang='lat' dir='ltr'><strong>nulla</strong></span> <span class='ocrx_word' id='word_1_143' title='bbox 3658 705 3767 761; x_wconf 82' lang='lat' dir='ltr'><strong>ab-</strong></span> 
     </span>
    </p>
   </div>
   <div class='ocr_carea' id='block_1_21' title="bbox 2120 791 3760 863">
    <p class='ocr_par' dir='ltr' id='par_1_21' title="bbox 2120 791 3760 863">
     <span class='ocr_line' id='line_1_21' title="bbox 2120 791 3760 863; baseline 0.002 -17"><span class='ocrx_word' id='word_1_144' title='bbox 2120 792 2251 846; x_wconf 91' lang='lat' dir='ltr'><strong>duci</strong></span> <span class='ocrx_word' id='word_1_145' title='bbox 2286 807 2390 847; x_wconf 88' lang='lat' dir='ltr'><strong>nec</strong></span> <span class='ocrx_word' id='word_1_146' title='bbox 2421 792 2606 862; x_wconf 84' lang='lat' dir='ltr'><strong>abripi</strong></span> <span class='ocrx_word' id='word_1_147' title='bbox 2638 808 2737 859; x_wconf 87' lang='lat' dir='ltr'><strong>par</strong></span> <span class='ocrx_word' id='word_1_148' title='bbox 2781 791 2875 859; x_wconf 93' lang='lat' dir='ltr'><strong>sit,</strong></span> <span class='ocrx_word' id='word_1_149' title='bbox 2915 798 3196 863; x_wconf 89' lang='lat' dir='ltr'><strong>tanquam</strong></span> <span class='ocrx_word' id='word_1_150' title='bbox 3248 794 3467 849; x_wconf 90' lang='lat' dir='ltr'><strong>mundo</strong></span> <span class='ocrx_word' id='word_1_151' title='bbox 3518 794 3760 850; x_wconf 88' lang='lat' dir='ltr'><strong>minime</strong></span> 
     </span>
    </p>
   </div>
   <div class='ocr_carea' id='block_1_22' title="bbox 2121 880 3767 954">
    <p class='ocr_par' dir='ltr' id='par_1_22' title="bbox 2121 880 3767 954">
     <span class='ocr_line' id='line_1_22' title="bbox 2121 880 3767 954; baseline 0.001 -17"><span class='ocrx_word' id='word_1_152' title='bbox 2121 881 2390 937; x_wconf 74' lang='lat' dir='ltr'><strong>astrictos</strong></span> <span class='ocrx_word' id='word_1_153' title='bbox 2425 880 2781 952; x_wconf 87' lang='lat' dir='ltr'><strong>minimeque</strong></span> <span class='ocrx_word' id='word_1_154' title='bbox 2814 881 3092 937; x_wconf 86' lang='lat' dir='ltr'><strong>obnoxios</strong></span> <span class='ocrx_word' id='word_1_155' title='bbox 3118 898 3131 935; x_wconf 92' lang='lat'>:</span> <span class='ocrx_word' id='word_1_156' title='bbox 3156 882 3409 953; x_wconf 88' lang='lat' dir='ltr'><strong>denique</strong></span> <span class='ocrx_word' id='word_1_157' title='bbox 3450 885 3767 954; x_wconf 67' lang='lat' dir='ltr'><strong>praepositi,</strong></span> 
     </span>
    </p>
   </div>
   <div class='ocr_carea' id='block_1_23' title="bbox 2122 969 3773 1042">
    <p class='ocr_par' dir='ltr' id='par_1_23' title="bbox 2122 969 3773 1042">
     <span class='ocr_line' id='line_1_23' title="bbox 2122 969 3773 1042; baseline 0.002 -16"><span class='ocrx_word' id='word_1_158' title='bbox 2122 971 2222 1042; x_wconf 88' lang='lat' dir='ltr'><strong>qui</strong></span> <span class='ocrx_word' id='word_1_159' title='bbox 2253 975 2310 1025; x_wconf 87' lang='lat' dir='ltr'><strong>et</strong></span> <span class='ocrx_word' id='word_1_160' title='bbox 2347 969 2593 1025; x_wconf 89' lang='lat' dir='ltr'><strong>aliorum</strong></span> <span class='ocrx_word' id='word_1_161' title='bbox 2659 971 2931 1026; x_wconf 87' lang='lat' dir='ltr'><strong>scandala</strong></span> <span class='ocrx_word' id='word_1_162' title='bbox 2977 971 3196 1035; x_wconf 90' lang='lat' dir='ltr'><strong>tollere,</strong></span> <span class='ocrx_word' id='word_1_163' title='bbox 3240 982 3294 1027; x_wconf 87' lang='lat' dir='ltr'><strong>et</strong></span> <span class='ocrx_word' id='word_1_164' title='bbox 3330 971 3390 1026; x_wconf 92' lang='lat' dir='ltr'><strong>in</strong></span> <span class='ocrx_word' id='word_1_165' title='bbox 3433 971 3597 1029; x_wconf 91' lang='lat' dir='ltr'><strong>nullo</strong></span> <span class='ocrx_word' id='word_1_166' title='bbox 3635 973 3773 1030; x_wconf 87' lang='lat' dir='ltr'><strong>dare</strong></span> 
     </span>
    </p>
   </div>
   <div class='ocr_carea' id='block_1_24' title="bbox 2123 1057 3774 1133">
    <p class='ocr_par' dir='ltr' id='par_1_24' title="bbox 2123 1057 3774 1133">
     <span class='ocr_line' id='line_1_24' title="bbox 2123 1057 3774 1133; baseline 0.001 -17"><span class='ocrx_word' id='word_1_167' title='bbox 2123 1057 2533 1116; x_wconf 79' lang='lat' dir='ltr'><strong>oﬂendiculum</strong></span> <span class='ocrx_word' id='word_1_168' title='bbox 2576 1059 2809 1123; x_wconf 86' lang='lat' dir='ltr'><strong>debent,</strong></span> <span class='ocrx_word' id='word_1_169' title='bbox 2841 1075 2912 1115; x_wconf 76' lang='lat' dir='ltr'><strong>ne</strong></span> <span class='ocrx_word' id='word_1_170' title='bbox 2940 1061 3302 1131; x_wconf 80' lang='lat' dir='ltr'><strong>vituperetur,</strong></span> <span class='ocrx_word' id='word_1_171' title='bbox 3360 1060 3572 1133; x_wconf 89' lang='lat' dir='ltr'><strong>inquit,</strong></span> <span class='ocrx_word' id='word_1_172' title='bbox 3602 1061 3774 1118; x_wconf 84' lang='lat' dir='ltr'><strong>mini-</strong></span> 
     </span>
    </p>
   </div>
   <div class='ocr_carea' id='block_1_25' title="bbox 2123 1147 3773 1219">
    <p class='ocr_par' dir='ltr' id='par_1_25' title="bbox 2123 1147 3773 1219">
     <span class='ocr_line' id='line_1_25' title="bbox 2123 1147 3773 1219; baseline 0.001 -14"><span class='ocrx_word' id='word_1_173' title='bbox 2123 1150 2354 1205; x_wconf 72' lang='lat' dir='ltr'><strong>sterium</strong></span> <span class='ocrx_word' id='word_1_174' title='bbox 2391 1152 2641 1203; x_wconf 73' lang='lat' dir='ltr'><strong>nostrum</strong></span> <span class='ocrx_word' id='word_1_175' title='bbox 2669 1147 2735 1203; x_wconf 75' lang='lat'><strong>&quot;.</strong></span> <span class='ocrx_word' id='word_1_176' title='bbox 2768 1148 3111 1219; x_wconf 82' lang='lat' dir='ltr'><strong>Cujusmodi</strong></span> <span class='ocrx_word' id='word_1_177' title='bbox 3162 1165 3294 1206; x_wconf 89' lang='lat' dir='ltr'><strong>vero</strong></span> <span class='ocrx_word' id='word_1_178' title='bbox 3344 1150 3683 1206; x_wconf 78' lang='lat' dir='ltr'><strong>scandalum</strong></span> <span class='ocrx_word' id='word_1_179' title='bbox 3714 1156 3773 1207; x_wconf 87' lang='lat' dir='ltr'><strong>et</strong></span> 
     </span>
    </p>
   </div>
   <div class='ocr_carea' id='block_1_26' title="bbox 2124 1237 3772 1311">
    <p class='ocr_par' dir='ltr' id='par_1_26' title="bbox 2124 1237 3772 1311">
     <span class='ocr_line' id='line_1_26' title="bbox 2124 1237 3772 1311; baseline 0.001 -16"><span class='ocrx_word' id='word_1_180' title='bbox 2124 1237 2634 1311; x_wconf 79' lang='lat' dir='ltr'><strong>vituperationem,</strong></span> <span class='ocrx_word' id='word_1_181' title='bbox 2667 1254 2771 1295; x_wconf 87' lang='lat' dir='ltr'><strong>seu</strong></span> <span class='ocrx_word' id='word_1_182' title='bbox 2820 1238 3015 1309; x_wconf 81' lang='lat' dir='ltr'><strong>potius</strong></span> <span class='ocrx_word' id='word_1_183' title='bbox 3064 1240 3544 1308; x_wconf 88' lang='lat' dir='ltr'><strong>condescensum,</strong></span> <span class='ocrx_word' id='word_1_184' title='bbox 3577 1240 3772 1298; x_wconf 90' lang='lat' dir='ltr'><strong>chiro-</strong></span> 
     </span>
    </p>
   </div>
   <div class='ocr_carea' id='block_1_27' title="bbox 2125 1328 3771 1402">
    <p class='ocr_par' dir='ltr' id='par_1_27' title="bbox 2125 1328 3771 1402">
     <span class='ocr_line' id='line_1_27' title="bbox 2125 1328 3771 1402; baseline 0.001 -18"><span class='ocrx_word' id='word_1_185' title='bbox 2125 1330 2344 1402; x_wconf 84' lang='lat' dir='ltr'><strong>grapho</strong></span> <span class='ocrx_word' id='word_1_186' title='bbox 2373 1345 2481 1385; x_wconf 87' lang='lat' dir='ltr'><strong>suo</strong></span> <span class='ocrx_word' id='word_1_187' title='bbox 2514 1328 2886 1400; x_wconf 70' lang='lat' dir='ltr'><strong>prebuerint,</strong></span> <span class='ocrx_word' id='word_1_188' title='bbox 2913 1328 3052 1400; x_wconf 89' lang='lat' dir='ltr'><strong>quid</strong></span> <span class='ocrx_word' id='word_1_189' title='bbox 3083 1329 3290 1385; x_wconf 81' lang='lat' dir='ltr'><strong>attinet</strong></span> <span class='ocrx_word' id='word_1_190' title='bbox 3319 1329 3524 1401; x_wconf 85' lang='lat' dir='ltr'><strong>loqui?</strong></span> <span class='ocrx_word' id='word_1_191' title='bbox 3551 1331 3695 1387; x_wconf 89' lang='lat' dir='ltr'><strong>Nam</strong></span> <span class='ocrx_word' id='word_1_192' title='bbox 3721 1332 3771 1387; x_wconf 90' lang='lat' dir='ltr'><strong>si</strong></span> 
     </span>
    </p>
   </div>
   <div class='ocr_carea' id='block_1_28' title="bbox 2106 1414 3771 1492">
    <p class='ocr_par' dir='ltr' id='par_1_28' title="bbox 2106 1414 3771 1492">
     <span class='ocr_line' id='line_1_28' title="bbox 2106 1414 3771 1492; baseline 0.002 -18"><span class='ocrx_word' id='word_1_193' title='bbox 2106 1414 2439 1475; x_wconf 85' lang='lat' dir='ltr'><strong>consensui</strong></span> <span class='ocrx_word' id='word_1_194' title='bbox 2469 1434 2573 1489; x_wconf 90' lang='lat' dir='ltr'><strong>par</strong></span> <span class='ocrx_word' id='word_1_195' title='bbox 2623 1421 2714 1474; x_wconf 88' lang='lat' dir='ltr'><strong>est</strong></span> <span class='ocrx_word' id='word_1_196' title='bbox 2756 1417 3056 1474; x_wconf 87' lang='lat' dir='ltr'><strong>silentium</strong></span> <span class='ocrx_word' id='word_1_197' title='bbox 3091 1418 3298 1475; x_wconf 89' lang='lat' dir='ltr'><strong>:illum</strong></span> <span class='ocrx_word' id='word_1_198' title='bbox 3340 1419 3536 1491; x_wconf 87' lang='lat' dir='ltr'><strong>ipsum</strong></span> <span class='ocrx_word' id='word_1_199' title='bbox 3587 1420 3771 1492; x_wconf 89' lang='lat' dir='ltr'><strong>scipto</strong></span> 
     </span>
    </p>
   </div>
   <div class='ocr_carea' id='block_1_29' title="bbox 2124 1508 3775 1581">
    <p class='ocr_par' dir='ltr' id='par_1_29' title="bbox 2124 1508 3775 1581">
     <span class='ocr_line' id='line_1_29' title="bbox 2124 1508 3775 1581; baseline 0.002 -18"><span class='ocrx_word' id='word_1_200' title='bbox 2124 1509 2185 1563; x_wconf 90' lang='lat' dir='ltr'><strong>in</strong></span> <span class='ocrx_word' id='word_1_201' title='bbox 2255 1508 2431 1565; x_wconf 81' lang='lat' dir='ltr'><strong>totius</strong></span> <span class='ocrx_word' id='word_1_202' title='bbox 2481 1508 2743 1564; x_wconf 63' lang='lat' dir='ltr'><strong>Ecclesiae</strong></span> <span class='ocrx_word' id='word_1_203' title='bbox 2778 1508 2964 1567; x_wconf 87' lang='lat' dir='ltr'><strong>oculis</strong></span> <span class='ocrx_word' id='word_1_204' title='bbox 3027 1508 3281 1579; x_wconf 79' lang='lat' dir='ltr'><strong>firmare,</strong></span> <span class='ocrx_word' id='word_1_205' title='bbox 3349 1515 3635 1581; x_wconf 88' lang='lat' dir='ltr'><strong>quantum</strong></span> <span class='ocrx_word' id='word_1_206' title='bbox 3682 1515 3775 1568; x_wconf 88' lang='lat' dir='ltr'><strong>est</strong></span> 
     </span>
    </p>
   </div>
   <div class='ocr_carea' id='block_1_30' title="bbox 2127 1598 2335 1655">
    <p class='ocr_par' dir='ltr' id='par_1_30' title="bbox 2127 1598 2335 1655">
     <span class='ocr_line' id='line_1_30' title="bbox 2127 1598 2335 1655; baseline -0.01 0"><span class='ocrx_word' id='word_1_207' title='bbox 2127 1599 2288 1655; x_wconf 77' lang='lat' dir='ltr'><strong>nefas</strong></span> <span class='ocrx_word' id='word_1_208' title='bbox 2308 1598 2335 1653; x_wconf 73' lang='lat' dir='ltr'><strong>‘I</strong></span> 
     </span>
    </p>
   </div>
   <div class='ocr_carea' id='block_1_31' title="bbox 2196 1686 3768 1761">
    <p class='ocr_par' dir='ltr' id='par_1_31' title="bbox 2196 1686 3768 1761">
     <span class='ocr_line' id='line_1_31' title="bbox 2196 1686 3768 1761; baseline 0.003 -18"><span class='ocrx_word' id='word_1_209' title='bbox 2196 1691 2271 1744; x_wconf 89' lang='lat' dir='ltr'><strong>At</strong></span> <span class='ocrx_word' id='word_1_210' title='bbox 2298 1687 2540 1755; x_wconf 90' lang='lat' dir='ltr'><strong>occulte,</strong></span> <span class='ocrx_word' id='word_1_211' title='bbox 2590 1686 2804 1754; x_wconf 89' lang='lat' dir='ltr'><strong>dicitis,</strong></span> <span class='ocrx_word' id='word_1_212' title='bbox 2846 1688 3184 1744; x_wconf 84' lang='lat' dir='ltr'><strong>sacriﬁcans</strong></span> <span class='ocrx_word' id='word_1_213' title='bbox 3226 1687 3587 1761; x_wconf 88' lang='lat' dir='ltr'><strong>Nicephorus</strong></span> <span class='ocrx_word' id='word_1_214' title='bbox 3617 1691 3768 1748; x_wconf 90' lang='lat' dir='ltr'><strong>clam</strong></span> 
     </span>
    </p>
   </div>
   <div class='ocr_carea' id='block_1_32' title="bbox 2126 1778 3776 1849">
    <p class='ocr_par' dir='ltr' id='par_1_32' title="bbox 2126 1778 3776 1849">
     <span class='ocr_line' id='line_1_32' title="bbox 2126 1778 3776 1849; baseline 0.001 -14"><span class='ocrx_word' id='word_1_215' title='bbox 2126 1779 2312 1847; x_wconf 66' lang='lat' dir='ltr'><strong>offert,</strong></span> <span class='ocrx_word' id='word_1_216' title='bbox 2335 1782 2392 1833; x_wconf 88' lang='lat' dir='ltr'><strong>et</strong></span> <span class='ocrx_word' id='word_1_217' title='bbox 2422 1778 2649 1849; x_wconf 84' lang='lat' dir='ltr'><strong>patricii</strong></span> <span class='ocrx_word' id='word_1_218' title='bbox 2679 1794 2903 1847; x_wconf 89' lang='lat' dir='ltr'><strong>omnes,</strong></span> <span class='ocrx_word' id='word_1_219' title='bbox 2942 1782 3006 1834; x_wconf 89' lang='lat' dir='ltr'><strong>ut</strong></span> <span class='ocrx_word' id='word_1_220' title='bbox 3049 1786 3283 1835; x_wconf 73' lang='lat' dir='ltr'><strong>caeteros</strong></span> <span class='ocrx_word' id='word_1_221' title='bbox 3307 1780 3602 1847; x_wconf 87' lang='lat' dir='ltr'><strong>omittam,</strong></span> <span class='ocrx_word' id='word_1_222' title='bbox 3635 1790 3776 1837; x_wconf 88' lang='lat' dir='ltr'><strong>sunt</strong></span> 
     </span>
    </p>
   </div>
   <div class='ocr_carea' id='block_1_33' title="bbox 371 1864 2025 1970">
    <p class='ocr_par' dir='ltr' id='par_1_33' title="bbox 371 1864 2014 1942">
     <span class='ocr_line' id='line_1_33' title="bbox 371 1864 2014 1942; baseline -0.002 -20"><span class='ocrx_word' id='word_1_223' title='bbox 371 1867 671 1942; x_wconf 84' lang='grc' dir='ltr'>πατρίκιοι,</span> <span class='ocrx_word' id='word_1_224' title='bbox 715 1865 806 1921; x_wconf 75' lang='grc' dir='ltr'>’ίνα</span> <span class='ocrx_word' id='word_1_225' title='bbox 886 1867 1013 1927; x_wconf 82' lang='grc' dir='ltr'>τοὺς</span> <span class='ocrx_word' id='word_1_226' title='bbox 1096 1865 1299 1930; x_wconf 80' lang='grc' dir='ltr'>ἄλλοτς</span> <span class='ocrx_word' id='word_1_227' title='bbox 1375 1865 1537 1937; x_wconf 65' lang='grc' dir='ltr'>ἐάσω,</span> <span class='ocrx_word' id='word_1_228' title='bbox 1614 1864 2014 1941; x_wconf 79' lang='grc' dir='ltr'>ὀρθοδοξοῦσιν.</span> 
     </span>
    </p>
   </div>
   <div class='ocr_carea' id='block_1_34' title="bbox 2139 1864 3772 1970">
    <p class='ocr_par' dir='ltr' id='par_1_34' title="bbox 2139 1867 3772 1942">
     <span class='ocr_line' id='line_1_34' title="bbox 2139 1867 3772 1942; baseline 0.002 -19"><span class='ocrx_word' id='word_1_229' title='bbox 2139 1869 2449 1924; x_wconf 82' lang='lat' dir='ltr'><strong>)rthodoxi.</strong></span> <span class='ocrx_word' id='word_1_230' title='bbox 2484 1869 2691 1923; x_wconf 88' lang='lat' dir='ltr'><strong>Verum</strong></span> <span class='ocrx_word' id='word_1_231' title='bbox 2723 1868 2861 1937; x_wconf 90' lang='lat' dir='ltr'><strong>quid</strong></span> <span class='ocrx_word' id='word_1_232' title='bbox 2907 1868 2988 1923; x_wconf 89' lang='lat' dir='ltr'><strong>ait</strong></span> <span class='ocrx_word' id='word_1_233' title='bbox 3033 1867 3297 1925; x_wconf 91' lang='lat' dir='ltr'><strong>Christus</strong></span> <span class='ocrx_word' id='word_1_234' title='bbox 3317 1869 3344 1924; x_wconf 72' lang='lat'>?</span> <span class='ocrx_word' id='word_1_235' title='bbox 3376 1870 3438 1925; x_wconf 88' lang='lat' dir='ltr'><strong>Si</strong></span> <span class='ocrx_word' id='word_1_236' title='bbox 3464 1873 3584 1942; x_wconf 78' lang='lat' dir='ltr'><strong>quis</strong></span> <span class='ocrx_word' id='word_1_237' title='bbox 3603 1873 3772 1942; x_wconf 79' lang='lat' dir='ltr'><strong>conﬁ-</strong></span> 
     </span>
    </p>
   </div>
   <div class='ocr_carea' id='block_1_35' title="bbox 372 1954 2022 2030">
    <p class='ocr_par' dir='ltr' id='par_1_35' title="bbox 372 1954 2022 2030">
     <span class='ocr_line' id='line_1_35' title="bbox 372 1954 2022 2030; baseline -0.003 -16"><span class='ocrx_word' id='word_1_238' title='bbox 372 1956 549 2014; x_wconf 86' lang='grc' dir='ltr'>Ἀλλά</span> <span class='ocrx_word' id='word_1_239' title='bbox 578 1955 632 2010; x_wconf 84' lang='grc' dir='ltr'><strong>τί</strong></span> <span class='ocrx_word' id='word_1_240' title='bbox 662 1954 813 2030; x_wconf 69' lang='grc' dir='ltr'>λέγει</span> <span class='ocrx_word' id='word_1_241' title='bbox 858 1956 886 2009; x_wconf 89' lang='grc' dir='ltr'><strong>ὁ</strong></span> <span class='ocrx_word' id='word_1_242' title='bbox 918 1954 1184 2030; x_wconf 79' lang='grc' dir='ltr'>Χριστός’</span> <span class='ocrx_word' id='word_1_243' title='bbox 1230 1954 1303 2012; x_wconf 73' lang='lat' dir='ltr'><strong>E&#39;i</strong></span> <span class='ocrx_word' id='word_1_244' title='bbox 1350 1977 1450 2019; x_wconf 87' lang='grc' dir='ltr'><strong>τις</strong></span> <span class='ocrx_word' id='word_1_245' title='bbox 1495 1954 1914 2030; x_wconf 79' lang='grc' dir='ltr'>ὁμολογήσει</span> <span class='ocrx_word' id='word_1_246' title='bbox 1960 1954 2022 2010; x_wconf 83' lang='grc' dir='ltr'><strong>ἐν</strong></span> 
     </span>
    </p>
   </div>
   <div class='ocr_carea' id='block_1_36' title="bbox 373 2043 2022 2119">
    <p class='ocr_par' dir='ltr' id='par_1_36' title="bbox 373 2043 2022 2119">
     <span class='ocr_line' id='line_1_36' title="bbox 373 2043 2022 2119; baseline -0.002 -19"><span class='ocrx_word' id='word_1_247' title='bbox 373 2046 525 2119; x_wconf 80' lang='grc' dir='ltr'>ἐμοὶ</span> <span class='ocrx_word' id='word_1_248' title='bbox 575 2044 949 2119; x_wconf 78' lang='grc' dir='ltr'>ἔμπροσθεν</span> <span class='ocrx_word' id='word_1_249' title='bbox 990 2048 1116 2099; x_wconf 89' lang='grc' dir='ltr'><strong>τῶν</strong></span> <span class='ocrx_word' id='word_1_250' title='bbox 1178 2045 1560 2118; x_wconf 75' lang='grc' dir='ltr'>ἀνθρώπων,</span> <span class='ocrx_word' id='word_1_251' title='bbox 1610 2043 2022 2118; x_wconf 81' lang='grc' dir='ltr'>ὁμολογήσω</span> 
     </span>
    </p>
   </div>
   <div class='ocr_carea' id='block_1_37' title="bbox 371 2129 2023 2213">
    <p class='ocr_par' dir='ltr' id='par_1_37' title="bbox 371 2129 2023 2213">
     <span class='ocr_line' id='line_1_37' title="bbox 371 2129 2023 2213; baseline -0.002 -24"><span class='ocrx_word' id='word_1_252' title='bbox 371 2134 553 2213; x_wconf 86' lang='grc' dir='ltr'><strong>κάγὼ</strong></span> <span class='ocrx_word' id='word_1_253' title='bbox 583 2133 777 2189; x_wconf 75' lang='grc' dir='ltr'>αὐτὸν</span> <span class='ocrx_word' id='word_1_254' title='bbox 809 2129 1178 2207; x_wconf 82' lang='grc' dir='ltr'>ἔμπροσθεν</span> <span class='ocrx_word' id='word_1_255' title='bbox 1209 2134 1322 2188; x_wconf 75' lang='grc' dir='ltr'><strong>τοῦ</strong></span> <span class='ocrx_word' id='word_1_256' title='bbox 1361 2136 1617 2208; x_wconf 84' lang='grc' dir='ltr'>Πατρός</span> <span class='ocrx_word' id='word_1_257' title='bbox 1661 2154 1782 2206; x_wconf 86' lang='grc' dir='ltr'><strong>μου</strong></span> <span class='ocrx_word' id='word_1_258' title='bbox 1808 2137 1924 2188; x_wconf 79' lang='grc' dir='ltr'>τοῦ</span> <span class='ocrx_word' id='word_1_259' title='bbox 1963 2133 2023 2188; x_wconf 81' lang='grc' dir='ltr'>ἐν</span> 
     </span>
    </p>
   </div>
   <div class='ocr_carea' id='block_1_38' title="bbox 375 2220 2019 2299">
    <p class='ocr_par' dir='ltr' id='par_1_38' title="bbox 375 2220 2019 2299">
     <span class='ocr_line' id='line_1_38' title="bbox 375 2220 2019 2299; baseline -0.001 -21"><span class='ocrx_word' id='word_1_260' title='bbox 375 2225 445 2279; x_wconf 88' lang='grc' dir='ltr'><strong>οὐ</strong></span> <span class='ocrx_word' id='word_1_261' title='bbox 464 2229 706 2299; x_wconf 87' lang='grc' dir='ltr'>ρανοῖς.</span> <span class='ocrx_word' id='word_1_262' title='bbox 740 2224 945 2297; x_wconf 74' lang='grc' dir='ltr'>’Ὠσπερ</span> <span class='ocrx_word' id='word_1_263' title='bbox 977 2222 1067 2277; x_wconf 88' lang='grc' dir='ltr'><strong>καὶ</strong></span> <span class='ocrx_word' id='word_1_264' title='bbox 1095 2224 1159 2278; x_wconf 87' lang='grc' dir='ltr'>τὸ</span> <span class='ocrx_word' id='word_1_265' title='bbox 1190 2220 1427 2277; x_wconf 78' lang='grc' dir='ltr'>ἐναντίον</span> <span class='ocrx_word' id='word_1_266' title='bbox 1460 2221 1547 2276; x_wconf 84' lang='grc' dir='ltr'>ἐπὶ</span> <span class='ocrx_word' id='word_1_267' title='bbox 1575 2229 1676 2291; x_wconf 82' lang='grc' dir='ltr'>τῆς</span> <span class='ocrx_word' id='word_1_268' title='bbox 1707 2222 1983 2296; x_wconf 75' lang='grc' dir='ltr'>ἀρνήσεως</span> <span class='ocrx_word' id='word_1_269' title='bbox 2006 2243 2019 2255; x_wconf 89' lang='grc'><strong>⁸</strong></span> 
     </span>
    </p>
   </div>
   <div class='ocr_carea' id='block_1_39' title="bbox 372 2310 2021 2389">
    <p class='ocr_par' dir='ltr' id='par_1_39' title="bbox 372 2310 2021 2389">
     <span class='ocr_line' id='line_1_39' title="bbox 372 2310 2021 2389; baseline -0.001 -20"><span class='ocrx_word' id='word_1_270' title='bbox 372 2312 471 2369; x_wconf 83' lang='grc' dir='ltr'>κᾶν</span> <span class='ocrx_word' id='word_1_271' title='bbox 521 2312 683 2386; x_wconf 84' lang='grc' dir='ltr'>μόνον</span> <span class='ocrx_word' id='word_1_272' title='bbox 711 2313 774 2367; x_wconf 83' lang='grc' dir='ltr'>τὸ</span> <span class='ocrx_word' id='word_1_273' title='bbox 807 2314 885 2382; x_wconf 80' lang='grc' dir='ltr'><strong>μή</strong></span> <span class='ocrx_word' id='word_1_274' title='bbox 918 2314 1273 2389; x_wconf 70' lang='grc' dir='ltr'>συνέρχεσθαι</span> <span class='ocrx_word' id='word_1_275' title='bbox 1304 2314 1380 2373; x_wconf 83' lang='grc' dir='ltr'><strong>είς</strong></span> <span class='ocrx_word' id='word_1_276' title='bbox 1428 2310 1717 2381; x_wconf 78' lang='grc' dir='ltr'>ἀλλήλους</span> <span class='ocrx_word' id='word_1_277' title='bbox 1760 2311 2021 2382; x_wconf 80' lang='grc' dir='ltr'>ἐποίησαν</span> 
     </span>
    </p>
   </div>
   <div class='ocr_carea' id='block_1_40' title="bbox 372 2398 2020 2480">
    <p class='ocr_par' dir='ltr' id='par_1_40' title="bbox 372 2398 2020 2480">
     <span class='ocr_line' id='line_1_40' title="bbox 372 2398 2020 2480; baseline -0.002 -22"><span class='ocrx_word' id='word_1_278' title='bbox 372 2404 440 2458; x_wconf 85' lang='grc' dir='ltr'>τὸ</span> <span class='ocrx_word' id='word_1_279' title='bbox 488 2401 870 2480; x_wconf 76' lang='grc' dir='ltr'>χειρόγραφον,</span> <span class='ocrx_word' id='word_1_280' title='bbox 919 2403 982 2456; x_wconf 90' lang='grc' dir='ltr'>τὸ</span> <span class='ocrx_word' id='word_1_281' title='bbox 1031 2400 1158 2456; x_wconf 83' lang='grc' dir='ltr'>αὐτό</span> <span class='ocrx_word' id='word_1_282' title='bbox 1204 2400 1335 2457; x_wconf 81' lang='grc' dir='ltr'>ἐστι.</span> <span class='ocrx_word' id='word_1_283' title='bbox 1376 2406 1500 2462; x_wconf 85' lang='grc' dir='ltr'>Πῶς</span> <span class='ocrx_word' id='word_1_284' title='bbox 1553 2401 1655 2475; x_wconf 80' lang='grc' dir='ltr'>γὰρ</span> <span class='ocrx_word' id='word_1_285' title='bbox 1696 2398 2020 2477; x_wconf 75' lang='grc' dir='ltr'>φυλάξουσιν</span> 
     </span>
    </p>
   </div>
   <div class='ocr_carea' id='block_1_41' title="bbox 379 2489 2018 2570">
    <p class='ocr_par' dir='ltr' id='par_1_41' title="bbox 379 2489 2018 2570">
     <span class='ocr_line' id='line_1_41' title="bbox 379 2489 2018 2570; baseline -0.001 -25"><span class='ocrx_word' id='word_1_286' title='bbox 379 2492 592 2570; x_wconf 76' lang='grc' dir='ltr'>δερησιν</span> <span class='ocrx_word' id='word_1_287' title='bbox 616 2489 930 2565; x_wconf 83' lang='grc' dir='ltr'>ὁΧριστός·</span> <span class='ocrx_word' id='word_1_288' title='bbox 954 2492 1074 2546; x_wconf 88' lang='grc' dir='ltr'>Τὸν</span> <span class='ocrx_word' id='word_1_289' title='bbox 1106 2489 1475 2565; x_wconf 84' lang='grc' dir='ltr'>ἐρχόμενον</span> <span class='ocrx_word' id='word_1_290' title='bbox 1504 2490 1666 2563; x_wconf 80' lang='grc' dir='ltr'>πρός</span> <span class='ocrx_word' id='word_1_291' title='bbox 1702 2510 1797 2563; x_wconf 88' lang='grc' dir='ltr'><strong>με,</strong></span> <span class='ocrx_word' id='word_1_292' title='bbox 1829 2490 1899 2543; x_wconf 79' lang='grc' dir='ltr'><strong>οὐ</strong></span> <span class='ocrx_word' id='word_1_293' title='bbox 1934 2491 2018 2562; x_wconf 77' lang='grc' dir='ltr'>μὴ</span> 
     </span>
    </p>
   </div>
   <div class='ocr_carea' id='block_1_42' title="bbox 380 2574 2025 2657">
    <p class='ocr_par' dir='ltr' id='par_1_42' title="bbox 380 2574 2025 2657">
     <span class='ocr_line' id='line_1_42' title="bbox 380 2574 2025 2657; baseline -0.001 -23"><span class='ocrx_word' id='word_1_294' title='bbox 380 2574 639 2634; x_wconf 77' lang='grc' dir='ltr'>ἐκϐάλω</span> <span class='ocrx_word' id='word_1_295' title='bbox 670 2578 826 2649; x_wconf 80' lang='grc' dir='ltr'>ἕξω;</span> <span class='ocrx_word' id='word_1_296' title='bbox 860 2580 1125 2657; x_wconf 81' lang='grc' dir='ltr'>’Έρχεταί</span> <span class='ocrx_word' id='word_1_297' title='bbox 1158 2600 1241 2641; x_wconf 84' lang='grc' dir='ltr'><strong>τις</strong></span> <span class='ocrx_word' id='word_1_298' title='bbox 1283 2577 1556 2653; x_wconf 79' lang='grc' dir='ltr'>διερωτῶν</span> <span class='ocrx_word' id='word_1_299' title='bbox 1588 2579 1678 2633; x_wconf 80' lang='grc' dir='ltr'><strong>καὶ</strong></span> <span class='ocrx_word' id='word_1_300' title='bbox 1711 2583 1889 2648; x_wconf 83' lang='grc' dir='ltr'>ζητῶν</span> <span class='ocrx_word' id='word_1_301' title='bbox 1926 2599 2025 2652; x_wconf 90' lang='grc' dir='ltr'>μα-</span> 
     </span>
    </p>
   </div>
   <div class='ocr_carea' id='block_1_43' title="bbox 381 2664 2017 2745">
    <p class='ocr_par' dir='ltr' id='par_1_43' title="bbox 381 2664 2017 2745">
     <span class='ocr_line' id='line_1_43' title="bbox 381 2664 2017 2745; baseline -0.001 -23"><span class='ocrx_word' id='word_1_302' title='bbox 381 2671 491 2723; x_wconf 87' lang='grc' dir='ltr'>θεῖν</span> <span class='ocrx_word' id='word_1_303' title='bbox 518 2670 615 2737; x_wconf 80' lang='grc' dir='ltr'>τήν</span> <span class='ocrx_word' id='word_1_304' title='bbox 664 2667 923 2739; x_wconf 66' lang='grc' dir='ltr'>ἀλήθειαν</span> <span class='ocrx_word' id='word_1_305' title='bbox 952 2687 962 2698; x_wconf 93' lang='grc'><strong>·</strong></span> <span class='ocrx_word' id='word_1_306' title='bbox 999 2669 1105 2723; x_wconf 74' lang='grc' dir='ltr'>ε’ίτε</span> <span class='ocrx_word' id='word_1_307' title='bbox 1148 2668 1480 2745; x_wconf 69' lang='grc' dir='ltr'>ἡγούμενος,</span> <span class='ocrx_word' id='word_1_308' title='bbox 1522 2665 1633 2723; x_wconf 74' lang='grc' dir='ltr'>ε’ίτε</span> <span class='ocrx_word' id='word_1_309' title='bbox 1678 2689 1760 2729; x_wconf 86' lang='grc' dir='ltr'><strong>τις</strong></span> <span class='ocrx_word' id='word_1_310' title='bbox 1812 2664 2017 2728; x_wconf 71' lang='grc' dir='ltr'>ἄλλος·</span> 
     </span>
    </p>
   </div>
   <div class='ocr_carea' id='block_1_44' title="bbox 380 2756 2023 2832">
    <p class='ocr_par' dir='ltr' id='par_1_44' title="bbox 380 2756 2023 2832">
     <span class='ocr_line' id='line_1_44' title="bbox 380 2756 2023 2832; baseline -0.003 -18"><span class='ocrx_word' id='word_1_311' title='bbox 380 2758 433 2814; x_wconf 85' lang='grc' dir='ltr'><strong>τί</strong></span> <span class='ocrx_word' id='word_1_312' title='bbox 480 2758 893 2832; x_wconf 75' lang='grc' dir='ltr'>ἁποκριθήςεται</span> <span class='ocrx_word' id='word_1_313' title='bbox 952 2759 980 2812; x_wconf 87' lang='grc' dir='ltr'><strong>ὁ</strong></span> <span class='ocrx_word' id='word_1_314' title='bbox 1020 2757 1366 2832; x_wconf 73' lang='grc' dir='ltr'>ἡγούμενοςς</span> <span class='ocrx_word' id='word_1_315' title='bbox 1414 2756 1712 2826; x_wconf 78' lang='grc' dir='ltr'>Δηλονὸτι·</span> <span class='ocrx_word' id='word_1_316' title='bbox 1754 2775 2023 2831; x_wconf 82' lang='grc' dir='ltr'>παραγγε-</span> 
     </span>
    </p>
   </div>
   <div class='ocr_carea' id='block_1_45' title="bbox 381 2842 2023 2920">
    <p class='ocr_par' dir='ltr' id='par_1_45' title="bbox 381 2842 2023 2920">
     <span class='ocr_line' id='line_1_45' title="bbox 381 2842 2023 2920; baseline -0.002 -17"><span class='ocrx_word' id='word_1_317' title='bbox 381 2846 502 2903; x_wconf 87' lang='grc' dir='ltr'>λίαν</span> <span class='ocrx_word' id='word_1_318' title='bbox 562 2842 758 2902; x_wconf 73' lang='grc' dir='ltr'>ἕλαϐον</span> <span class='ocrx_word' id='word_1_319' title='bbox 821 2849 896 2920; x_wconf 77' lang='grc' dir='ltr'>μὴ</span> <span class='ocrx_word' id='word_1_320' title='bbox 957 2844 1187 2902; x_wconf 77' lang='grc' dir='ltr'>λαλεῖν·</span> <span class='ocrx_word' id='word_1_321' title='bbox 1237 2845 1349 2901; x_wconf 76' lang='grc' dir='ltr'>ε’ίθε</span> <span class='ocrx_word' id='word_1_322' title='bbox 1405 2846 1550 2901; x_wconf 67' lang='grc' dir='ltr'>οὕτω</span> <span class='ocrx_word' id='word_1_323' title='bbox 1611 2846 1812 2917; x_wconf 73' lang='grc' dir='ltr'>μόνονί</span> <span class='ocrx_word' id='word_1_324' title='bbox 1850 2844 2023 2901; x_wconf 87' lang='grc' dir='ltr'><strong>Ἀλλά</strong></span> 
     </span>
    </p>
   </div>
   <div class='ocr_carea' id='block_1_46' title="bbox 381 2934 2022 3009">
    <p class='ocr_par' dir='ltr' id='par_1_46' title="bbox 381 2934 2022 3009">
     <span class='ocr_line' id='line_1_46' title="bbox 381 2934 2022 3009; baseline -0.001 -19"><span class='ocrx_word' id='word_1_325' title='bbox 381 2934 523 3009; x_wconf 74' lang='grc' dir='ltr'>μηδέ</span> <span class='ocrx_word' id='word_1_326' title='bbox 566 2934 893 3008; x_wconf 79' lang='grc' dir='ltr'>εἶσδὲξασθαί</span> <span class='ocrx_word' id='word_1_327' title='bbox 942 2957 1000 2990; x_wconf 91' lang='grc' dir='ltr'><strong>σε</strong></span> <span class='ocrx_word' id='word_1_328' title='bbox 1047 2935 1122 2997; x_wconf 82' lang='grc' dir='ltr'><strong>εἷς</strong></span> <span class='ocrx_word' id='word_1_329' title='bbox 1170 2936 1233 2990; x_wconf 86' lang='grc' dir='ltr'>τὸ</span> <span class='ocrx_word' id='word_1_330' title='bbox 1286 2937 1647 3009; x_wconf 73' lang='grc' dir='ltr'>μοναστήριον</span> <span class='ocrx_word' id='word_1_331' title='bbox 1689 2934 1779 2989; x_wconf 80' lang='grc' dir='ltr'><strong>καὶ</strong></span> <span class='ocrx_word' id='word_1_332' title='bbox 1811 2934 2022 2989; x_wconf 78' lang='grc' dir='ltr'>συναλι-</span> 
     </span>
    </p>
   </div>
   <div class='ocr_carea' id='block_1_47' title="bbox 378 3022 2021 3100">
    <p class='ocr_par' dir='ltr' id='par_1_47' title="bbox 378 3022 2021 3100">
     <span class='ocr_line' id='line_1_47' title="bbox 378 3022 2021 3100; baseline -0.001 -21"><span class='ocrx_word' id='word_1_333' title='bbox 378 3029 591 3090; x_wconf 79' lang='grc' dir='ltr'>σθῆναι.</span> <span class='ocrx_word' id='word_1_334' title='bbox 626 3029 686 3080; x_wconf 85' lang='grc' dir='ltr'>Ὁ</span> <span class='ocrx_word' id='word_1_335' title='bbox 737 3025 964 3099; x_wconf 84' lang='grc' dir='ltr'>Χριστὸς</span> <span class='ocrx_word' id='word_1_336' title='bbox 1024 3024 1175 3100; x_wconf 72' lang='grc' dir='ltr'>λέγει</span> <span class='ocrx_word' id='word_1_337' title='bbox 1199 3042 1212 3055; x_wconf 85' lang='grc'>⁶</span> <span class='ocrx_word' id='word_1_338' title='bbox 1248 3023 1391 3094; x_wconf 71' lang='grc' dir='ltr'>δέξαι</span> <span class='ocrx_word' id='word_1_339' title='bbox 1445 3026 1532 3080; x_wconf 78' lang='grc' dir='ltr'><strong>καὶ</strong></span> <span class='ocrx_word' id='word_1_340' title='bbox 1585 3022 1792 3097; x_wconf 78' lang='grc' dir='ltr'>δίδαξον</span> <span class='ocrx_word' id='word_1_341' title='bbox 1821 3043 1832 3055; x_wconf 94' lang='grc'><strong>·</strong></span> <span class='ocrx_word' id='word_1_342' title='bbox 1871 3026 2021 3079; x_wconf 78' lang='grc' dir='ltr'><strong>Ἐὰν</strong></span> 
     </span>
    </p>
   </div>
   <div class='ocr_carea' id='block_1_48' title="bbox 374 3113 2024 3190">
    <p class='ocr_par' dir='ltr' id='par_1_48' title="bbox 374 3113 2024 3190">
     <span class='ocr_line' id='line_1_48' title="bbox 374 3113 2024 3190; baseline -0.001 -21"><span class='ocrx_word' id='word_1_343' title='bbox 374 3115 492 3189; x_wconf 84' lang='grc' dir='ltr'><strong>γάρ</strong></span> <span class='ocrx_word' id='word_1_344' title='bbox 528 3115 915 3188; x_wconf 78' lang='grc' dir='ltr'>ὐποστείλῃ,</span> <span class='ocrx_word' id='word_1_345' title='bbox 948 3115 1133 3190; x_wconf 71' lang='grc' dir='ltr'>φησὶν,</span> <span class='ocrx_word' id='word_1_346' title='bbox 1164 3115 1282 3170; x_wconf 85' lang='grc' dir='ltr'><strong>οὐκ</strong></span> <span class='ocrx_word' id='word_1_347' title='bbox 1311 3113 1637 3184; x_wconf 87' lang='grc' dir='ltr'>εὐδοκεῖή</span> <span class='ocrx_word' id='word_1_348' title='bbox 1671 3117 1846 3189; x_wconf 69' lang='grc' dir='ltr'><strong>ψυχῆ</strong></span> <span class='ocrx_word' id='word_1_349' title='bbox 1896 3135 2024 3186; x_wconf 91' lang='grc' dir='ltr'><strong>μου</strong></span> 
     </span>
    </p>
   </div>
   <div class='ocr_carea' id='block_1_49' title="bbox 380 3203 2028 3281">
    <p class='ocr_par' dir='ltr' id='par_1_49' title="bbox 380 3203 2028 3281">
     <span class='ocr_line' id='line_1_49' title="bbox 380 3203 2028 3281; baseline -0.001 -21"><span class='ocrx_word' id='word_1_350' title='bbox 380 3204 445 3260; x_wconf 82' lang='grc' dir='ltr'><strong>ἐν</strong></span> <span class='ocrx_word' id='word_1_351' title='bbox 496 3204 691 3276; x_wconf 81' lang='grc' dir='ltr'>αὐτῷ.</span> <span class='ocrx_word' id='word_1_352' title='bbox 726 3206 1040 3281; x_wconf 55' lang='grc' dir='ltr'>Ἐγγράρως</span> <span class='ocrx_word' id='word_1_353' title='bbox 1089 3203 1178 3259; x_wconf 76' lang='grc' dir='ltr'><strong>οὖν</strong></span> <span class='ocrx_word' id='word_1_354' title='bbox 1223 3204 1505 3273; x_wconf 78' lang='grc' dir='ltr'>ἐποίησαν,</span> <span class='ocrx_word' id='word_1_355' title='bbox 1534 3203 1626 3259; x_wconf 67' lang='grc' dir='ltr'>’ίνα</span> <span class='ocrx_word' id='word_1_356' title='bbox 1670 3209 1751 3275; x_wconf 78' lang='grc' dir='ltr'>τῷ</span> <span class='ocrx_word' id='word_1_357' title='bbox 1810 3205 2028 3279; x_wconf 85' lang='grc' dir='ltr'>βασιλεῖ</span> 
     </span>
    </p>
   </div>
   <div class='ocr_carea' id='block_1_50' title="bbox 2130 1956 3776 2029">
    <p class='ocr_par' dir='ltr' id='par_1_50' title="bbox 2130 1956 3776 2029">
     <span class='ocr_line' id='line_1_50' title="bbox 2130 1956 3776 2029; baseline 0.002 -18"><span class='ocrx_word' id='word_1_358' title='bbox 2130 1957 2341 2013; x_wconf 83' lang='lat' dir='ltr'><strong>tebitur</strong></span> <span class='ocrx_word' id='word_1_359' title='bbox 2366 1973 2454 2012; x_wconf 87' lang='lat' dir='ltr'><strong>mc</strong></span> <span class='ocrx_word' id='word_1_360' title='bbox 2480 1972 2669 2011; x_wconf 84' lang='lat' dir='ltr'><strong>coram</strong></span> <span class='ocrx_word' id='word_1_361' title='bbox 2700 1956 3038 2021; x_wconf 78' lang='lat' dir='ltr'><strong>hominibus,</strong></span> <span class='ocrx_word' id='word_1_362' title='bbox 3082 1956 3377 2027; x_wconf 79' lang='lat' dir='ltr'><strong>conﬁtebor</strong></span> <span class='ocrx_word' id='word_1_363' title='bbox 3405 1962 3454 2014; x_wconf 82' lang='lat' dir='ltr'><strong>et</strong></span> <span class='ocrx_word' id='word_1_364' title='bbox 3500 1975 3598 2029; x_wconf 82' lang='lat' dir='ltr'><strong>ego</strong></span> <span class='ocrx_word' id='word_1_365' title='bbox 3646 1975 3776 2015; x_wconf 83' lang='lat' dir='ltr'><strong>eum</strong></span> 
     </span>
    </p>
   </div>
   <div class='ocr_carea' id='block_1_51' title="bbox 2131 2045 3777 2116">
    <p class='ocr_par' dir='ltr' id='par_1_51' title="bbox 2131 2045 3777 2116">
     <span class='ocr_line' id='line_1_51' title="bbox 2131 2045 3777 2116; baseline 0.002 -15"><span class='ocrx_word' id='word_1_366' title='bbox 2131 2063 2311 2103; x_wconf 89' lang='lat' dir='ltr'><strong>coram</strong></span> <span class='ocrx_word' id='word_1_367' title='bbox 2341 2048 2503 2101; x_wconf 82' lang='lat' dir='ltr'><strong>Patre</strong></span> <span class='ocrx_word' id='word_1_368' title='bbox 2530 2060 2646 2101; x_wconf 87' lang='lat' dir='ltr'><strong>meo</strong></span> <span class='ocrx_word' id='word_1_369' title='bbox 2675 2047 2776 2116; x_wconf 87' lang='lat' dir='ltr'><strong>qui</strong></span> <span class='ocrx_word' id='word_1_370' title='bbox 2804 2047 2863 2110; x_wconf 80' lang='lat' dir='ltr'><strong>in</strong></span> <span class='ocrx_word' id='word_1_371' title='bbox 2892 2045 3040 2101; x_wconf 74' lang='lat' dir='ltr'><strong>caelis</strong></span> <span class='ocrx_word' id='word_1_372' title='bbox 3087 2050 3165 2101; x_wconf 80' lang='lat' dir='ltr'><strong>est</strong></span> <span class='ocrx_word' id='word_1_373' title='bbox 3213 2046 3282 2101; x_wconf 71' lang='lat'><strong>95.</strong></span> <span class='ocrx_word' id='word_1_374' title='bbox 3315 2048 3383 2103; x_wconf 91' lang='lat' dir='ltr'><strong>Et</strong></span> <span class='ocrx_word' id='word_1_375' title='bbox 3414 2064 3444 2103; x_wconf 90' lang='lat' dir='ltr'><strong>e</strong></span> <span class='ocrx_word' id='word_1_376' title='bbox 3474 2056 3676 2106; x_wconf 89' lang='lat' dir='ltr'><strong>contra</strong></span> <span class='ocrx_word' id='word_1_377' title='bbox 3706 2051 3777 2105; x_wconf 86' lang='lat' dir='ltr'><strong>de</strong></span> 
     </span>
    </p>
   </div>
   <div class='ocr_carea' id='block_1_52' title="bbox 2134 2135 3775 2212">
    <p class='ocr_par' dir='ltr' id='par_1_52' title="bbox 2134 2135 3775 2212">
     <span class='ocr_line' id='line_1_52' title="bbox 2134 2135 3775 2212; baseline 0.002 -22"><span class='ocrx_word' id='word_1_378' title='bbox 2134 2136 2455 2205; x_wconf 81' lang='lat' dir='ltr'><strong>negatione.</strong></span> <span class='ocrx_word' id='word_1_379' title='bbox 2488 2137 2831 2204; x_wconf 84' lang='lat' dir='ltr'><strong>Quanquam</strong></span> <span class='ocrx_word' id='word_1_380' title='bbox 2855 2138 3014 2193; x_wconf 90' lang='lat' dir='ltr'><strong>enim</strong></span> <span class='ocrx_word' id='word_1_381' title='bbox 3040 2136 3146 2191; x_wconf 93' lang='lat' dir='ltr'><strong>hoc</strong></span> <span class='ocrx_word' id='word_1_382' title='bbox 3170 2135 3362 2192; x_wconf 89' lang='lat' dir='ltr'><strong>solum</strong></span> <span class='ocrx_word' id='word_1_383' title='bbox 3385 2137 3775 2212; x_wconf 84' lang='lat' dir='ltr'><strong>chirographo</strong></span> 
     </span>
    </p>
   </div>
   <div class='ocr_carea' id='block_1_53' title="bbox 2132 2225 3776 2297">
    <p class='ocr_par' dir='ltr' id='par_1_53' title="bbox 2132 2225 3776 2297">
     <span class='ocr_line' id='line_1_53' title="bbox 2132 2225 3776 2297; baseline 0.001 -16"><span class='ocrx_word' id='word_1_384' title='bbox 2132 2242 2239 2281; x_wconf 89' lang='lat' dir='ltr'><strong>suo</strong></span> <span class='ocrx_word' id='word_1_385' title='bbox 2268 2225 2421 2295; x_wconf 86' lang='lat' dir='ltr'><strong>pacti</strong></span> <span class='ocrx_word' id='word_1_386' title='bbox 2454 2226 2591 2292; x_wconf 88' lang='lat' dir='ltr'><strong>sint,</strong></span> <span class='ocrx_word' id='word_1_387' title='bbox 2623 2241 2685 2280; x_wconf 91' lang='lat' dir='ltr'><strong>se</strong></span> <span class='ocrx_word' id='word_1_388' title='bbox 2729 2231 2932 2281; x_wconf 89' lang='lat' dir='ltr'><strong>mutuo</strong></span> <span class='ocrx_word' id='word_1_389' title='bbox 2967 2242 3079 2281; x_wconf 91' lang='lat' dir='ltr'><strong>non</strong></span> <span class='ocrx_word' id='word_1_390' title='bbox 3129 2242 3588 2297; x_wconf 78' lang='lat' dir='ltr'><strong>congressuros:</strong></span> <span class='ocrx_word' id='word_1_391' title='bbox 3621 2226 3776 2282; x_wconf 89' lang='lat' dir='ltr'><strong>idem</strong></span> 
     </span>
    </p>
   </div>
   <div class='ocr_carea' id='block_1_54' title="bbox 2132 2314 3780 2386">
    <p class='ocr_par' dir='ltr' id='par_1_54' title="bbox 2132 2314 3780 2386">
     <span class='ocr_line' id='line_1_54' title="bbox 2132 2314 3780 2386; baseline 0.001 -17"><span class='ocrx_word' id='word_1_392' title='bbox 2132 2315 2303 2386; x_wconf 83' lang='lat' dir='ltr'><strong>plane</strong></span> <span class='ocrx_word' id='word_1_393' title='bbox 2346 2321 2449 2369; x_wconf 86' lang='lat' dir='ltr'><strong>est.</strong></span> <span class='ocrx_word' id='word_1_394' title='bbox 2505 2314 2804 2377; x_wconf 86' lang='lat' dir='ltr'><strong>Quomodo</strong></span> <span class='ocrx_word' id='word_1_395' title='bbox 2854 2315 3007 2370; x_wconf 88' lang='lat' dir='ltr'><strong>enim</strong></span> <span class='ocrx_word' id='word_1_396' title='bbox 3068 2316 3462 2370; x_wconf 88' lang='lat' dir='ltr'><strong>observabunt</strong></span> <span class='ocrx_word' id='word_1_397' title='bbox 3492 2316 3647 2386; x_wconf 89' lang='lat' dir='ltr'><strong>quod</strong></span> <span class='ocrx_word' id='word_1_398' title='bbox 3697 2316 3780 2371; x_wconf 87' lang='lat' dir='ltr'><strong>ait</strong></span> 
     </span>
    </p>
   </div>
   <div class='ocr_carea' id='block_1_55' title="bbox 2130 2403 3779 2475">
    <p class='ocr_par' dir='ltr' id='par_1_55' title="bbox 2130 2403 3779 2475">
     <span class='ocr_line' id='line_1_55' title="bbox 2130 2403 3779 2475; baseline 0 -16"><span class='ocrx_word' id='word_1_399' title='bbox 2130 2404 2393 2459; x_wconf 86' lang='lat' dir='ltr'><strong>Christus</strong></span> <span class='ocrx_word' id='word_1_400' title='bbox 2420 2420 2433 2458; x_wconf 91' lang='lat'><strong>:</strong></span> <span class='ocrx_word' id='word_1_401' title='bbox 2466 2404 2603 2459; x_wconf 88' lang='lat' dir='ltr'><strong>Eum</strong></span> <span class='ocrx_word' id='word_1_402' title='bbox 2622 2403 2718 2475; x_wconf 86' lang='lat' dir='ltr'><strong>qui</strong></span> <span class='ocrx_word' id='word_1_403' title='bbox 2747 2406 2897 2459; x_wconf 82' lang='lat' dir='ltr'><strong>venit</strong></span> <span class='ocrx_word' id='word_1_404' title='bbox 2921 2405 2991 2459; x_wconf 79' lang='lat' dir='ltr'><strong>act</strong></span> <span class='ocrx_word' id='word_1_405' title='bbox 3017 2420 3105 2459; x_wconf 83' lang='lat' dir='ltr'><strong>me</strong></span> <span class='ocrx_word' id='word_1_406' title='bbox 3123 2421 3235 2459; x_wconf 85' lang='lat' dir='ltr'><strong>non</strong></span> <span class='ocrx_word' id='word_1_407' title='bbox 3256 2404 3485 2474; x_wconf 82' lang='lat' dir='ltr'><strong>ejiciam</strong></span> <span class='ocrx_word' id='word_1_408' title='bbox 3502 2408 3653 2474; x_wconf 76' lang='lat' dir='ltr'><strong>foras</strong></span> <span class='ocrx_word' id='word_1_409' title='bbox 3678 2403 3726 2440; x_wconf 73' lang='grc'><strong>’⁸</strong></span> <span class='ocrx_word' id='word_1_410' title='bbox 3750 2404 3779 2459; x_wconf 77' lang='lat' dir='ltr'><strong>‘I</strong></span> 
     </span>
    </p>
   </div>
   <div class='ocr_carea' id='block_1_56' title="bbox 2128 2492 3781 2565">
    <p class='ocr_par' dir='ltr' id='par_1_56' title="bbox 2128 2492 3781 2565">
     <span class='ocr_line' id='line_1_56' title="bbox 2128 2492 3781 2565; baseline 0.002 -19"><span class='ocrx_word' id='word_1_411' title='bbox 2128 2492 2337 2548; x_wconf 86' lang='lat' dir='ltr'><strong>Veniat</strong></span> <span class='ocrx_word' id='word_1_412' title='bbox 2376 2492 2668 2564; x_wconf 88' lang='lat' dir='ltr'><strong>quispiam</strong></span> <span class='ocrx_word' id='word_1_413' title='bbox 2742 2501 3104 2564; x_wconf 84' lang='lat' dir='ltr'><strong>percontans,</strong></span> <span class='ocrx_word' id='word_1_414' title='bbox 3162 2502 3213 2548; x_wconf 86' lang='lat' dir='ltr'><strong>et</strong></span> <span class='ocrx_word' id='word_1_415' title='bbox 3263 2494 3485 2549; x_wconf 88' lang='lat' dir='ltr'><strong>discere</strong></span> <span class='ocrx_word' id='word_1_416' title='bbox 3537 2493 3781 2565; x_wconf 87' lang='lat' dir='ltr'><strong>cupiens</strong></span> 
     </span>
    </p>
   </div>
   <div class='ocr_carea' id='block_1_57' title="bbox 2129 2581 3777 2654">
    <p class='ocr_par' dir='ltr' id='par_1_57' title="bbox 2129 2581 3777 2654">
     <span class='ocr_line' id='line_1_57' title="bbox 2129 2581 3777 2654; baseline 0.001 -18"><span class='ocrx_word' id='word_1_417' title='bbox 2129 2581 2451 2650; x_wconf 83' lang='lat' dir='ltr'><strong>veritatem,</strong></span> <span class='ocrx_word' id='word_1_418' title='bbox 2482 2598 2581 2638; x_wconf 85' lang='lat' dir='ltr'><strong>seu</strong></span> <span class='ocrx_word' id='word_1_419' title='bbox 2623 2583 2968 2654; x_wconf 67' lang='lat' dir='ltr'><strong>praepositus</strong></span> <span class='ocrx_word' id='word_1_420' title='bbox 3021 2582 3118 2637; x_wconf 89' lang='lat' dir='ltr'><strong>ille</strong></span> <span class='ocrx_word' id='word_1_421' title='bbox 3163 2582 3261 2646; x_wconf 87' lang='lat' dir='ltr'><strong>sit,</strong></span> <span class='ocrx_word' id='word_1_422' title='bbox 3299 2599 3401 2637; x_wconf 89' lang='lat' dir='ltr'><strong>seu</strong></span> <span class='ocrx_word' id='word_1_423' title='bbox 3433 2582 3566 2654; x_wconf 88' lang='lat' dir='ltr'><strong>quis</strong></span> <span class='ocrx_word' id='word_1_424' title='bbox 3607 2582 3777 2652; x_wconf 86' lang='lat' dir='ltr'><strong>alius,</strong></span> 
     </span>
    </p>
   </div>
   <div class='ocr_carea' id='block_1_58' title="bbox 2132 2671 3778 2744">
    <p class='ocr_par' dir='ltr' id='par_1_58' title="bbox 2132 2671 3778 2744">
     <span class='ocr_line' id='line_1_58' title="bbox 2132 2671 3778 2744; baseline 0.001 -17"><span class='ocrx_word' id='word_1_425' title='bbox 2132 2673 2268 2743; x_wconf 87' lang='lat' dir='ltr'><strong>quid</strong></span> <span class='ocrx_word' id='word_1_426' title='bbox 2321 2671 2685 2742; x_wconf 86' lang='lat' dir='ltr'><strong>respondebit</strong></span> <span class='ocrx_word' id='word_1_427' title='bbox 2735 2671 3073 2741; x_wconf 62' lang='lat' dir='ltr'><strong>praepositus</strong></span> <span class='ocrx_word' id='word_1_428' title='bbox 3104 2671 3131 2726; x_wconf 86' lang='lat'><strong>?</strong></span> <span class='ocrx_word' id='word_1_429' title='bbox 3161 2672 3493 2727; x_wconf 86' lang='lat' dir='ltr'><strong>Mandatum</strong></span> <span class='ocrx_word' id='word_1_430' title='bbox 3544 2689 3778 2744; x_wconf 86' lang='lat' dir='ltr'><strong>nempe,</strong></span> 
     </span>
    </p>
   </div>
   <div class='ocr_carea' id='block_1_59' title="bbox 2132 2761 3775 2833">
    <p class='ocr_par' dir='ltr' id='par_1_59' title="bbox 2132 2761 3775 2833">
     <span class='ocr_line' id='line_1_59' title="bbox 2132 2761 3775 2833; baseline 0 -17"><span class='ocrx_word' id='word_1_431' title='bbox 2132 2761 2300 2827; x_wconf 80' lang='lat' dir='ltr'><strong>dicet,</strong></span> <span class='ocrx_word' id='word_1_432' title='bbox 2341 2761 2536 2832; x_wconf 86' lang='lat' dir='ltr'><strong>accepi</strong></span> <span class='ocrx_word' id='word_1_433' title='bbox 2575 2778 2646 2816; x_wconf 86' lang='lat' dir='ltr'><strong>ne</strong></span> <span class='ocrx_word' id='word_1_434' title='bbox 2681 2762 2898 2831; x_wconf 86' lang='lat' dir='ltr'><strong>loquar.</strong></span> <span class='ocrx_word' id='word_1_435' title='bbox 2949 2763 3136 2833; x_wconf 84' lang='lat' dir='ltr'><strong>Atque</strong></span> <span class='ocrx_word' id='word_1_436' title='bbox 3180 2762 3400 2817; x_wconf 84' lang='lat' dir='ltr'><strong>utinam</strong></span> <span class='ocrx_word' id='word_1_437' title='bbox 3441 2762 3499 2817; x_wconf 88' lang='lat' dir='ltr'><strong>id</strong></span> <span class='ocrx_word' id='word_1_438' title='bbox 3549 2761 3775 2818; x_wconf 82' lang='lat' dir='ltr'><strong>solum!</strong></span> 
     </span>
    </p>
   </div>
   <div class='ocr_carea' id='block_1_60' title="bbox 2132 2851 3777 2922">
    <p class='ocr_par' dir='ltr' id='par_1_60' title="bbox 2132 2851 3777 2922">
     <span class='ocr_line' id='line_1_60' title="bbox 2132 2851 3777 2922; baseline 0.002 -16"><span class='ocrx_word' id='word_1_439' title='bbox 2132 2853 2231 2908; x_wconf 88' lang='lat' dir='ltr'><strong>sed</strong></span> <span class='ocrx_word' id='word_1_440' title='bbox 2265 2858 2452 2907; x_wconf 91' lang='lat' dir='ltr'><strong>utnec</strong></span> <span class='ocrx_word' id='word_1_441' title='bbox 2474 2858 2528 2907; x_wconf 89' lang='lat' dir='ltr'><strong>te</strong></span> <span class='ocrx_word' id='word_1_442' title='bbox 2552 2851 2902 2906; x_wconf 87' lang='lat' dir='ltr'><strong>monasterio</strong></span> <span class='ocrx_word' id='word_1_443' title='bbox 2954 2851 3082 2919; x_wconf 90' lang='lat' dir='ltr'><strong>ipso</strong></span> <span class='ocrx_word' id='word_1_444' title='bbox 3111 2851 3414 2922; x_wconf 84' lang='lat' dir='ltr'><strong>excipiam,</strong></span> <span class='ocrx_word' id='word_1_445' title='bbox 3448 2869 3553 2908; x_wconf 89' lang='lat' dir='ltr'><strong>nec</strong></span> <span class='ocrx_word' id='word_1_446' title='bbox 3585 2858 3777 2909; x_wconf 86' lang='lat' dir='ltr'><strong>tecum</strong></span> 
     </span>
    </p>
   </div>
   <div class='ocr_carea' id='block_1_61' title="bbox 2134 2939 3784 3010">
    <p class='ocr_par' dir='ltr' id='par_1_61' title="bbox 2134 2939 3784 3010">
     <span class='ocr_line' id='line_1_61' title="bbox 2134 2939 3784 3010; baseline 0.003 -16"><span class='ocrx_word' id='word_1_447' title='bbox 2134 2957 2350 2996; x_wconf 78' lang='lat' dir='ltr'><strong>vescor.</strong></span> <span class='ocrx_word' id='word_1_448' title='bbox 2393 2939 2661 2996; x_wconf 85' lang='lat' dir='ltr'><strong>Christus</strong></span> <span class='ocrx_word' id='word_1_449' title='bbox 2705 2941 2866 3006; x_wconf 88' lang='lat' dir='ltr'><strong>dicit,</strong></span> <span class='ocrx_word' id='word_1_450' title='bbox 2921 2943 3153 3010; x_wconf 88' lang='lat' dir='ltr'><strong>suscipe</strong></span> <span class='ocrx_word' id='word_1_451' title='bbox 3187 2951 3242 2995; x_wconf 90' lang='lat' dir='ltr'><strong>et</strong></span> <span class='ocrx_word' id='word_1_452' title='bbox 3288 2942 3429 2997; x_wconf 90' lang='lat' dir='ltr'><strong>doce</strong></span> <span class='ocrx_word' id='word_1_453' title='bbox 3479 2960 3493 2998; x_wconf 89' lang='lat'><strong>:</strong></span> <span class='ocrx_word' id='word_1_454' title='bbox 3548 2943 3697 3010; x_wconf 85' lang='lat' dir='ltr'><strong>Quod</strong></span> <span class='ocrx_word' id='word_1_455' title='bbox 3732 2943 3784 2999; x_wconf 81' lang='lat' dir='ltr'><strong>si</strong></span> 
     </span>
    </p>
   </div>
   <div class='ocr_carea' id='block_1_62' title="bbox 2131 3029 3782 3100">
    <p class='ocr_par' dir='ltr' id='par_1_62' title="bbox 2131 3029 3782 3100">
     <span class='ocr_line' id='line_1_62' title="bbox 2131 3029 3782 3100; baseline 0.003 -16"><span class='ocrx_word' id='word_1_456' title='bbox 2131 3029 2475 3085; x_wconf 64' lang='lat' dir='ltr'><strong>subtraxerit</strong></span> <span class='ocrx_word' id='word_1_457' title='bbox 2504 3045 2579 3097; x_wconf 80' lang='lat' dir='ltr'><strong>se,</strong></span> <span class='ocrx_word' id='word_1_458' title='bbox 2629 3029 2840 3100; x_wconf 89' lang='lat' dir='ltr'><strong>inquit,</strong></span> <span class='ocrx_word' id='word_1_459' title='bbox 2888 3045 2999 3083; x_wconf 84' lang='lat' dir='ltr'><strong>non</strong></span> <span class='ocrx_word' id='word_1_460' title='bbox 3024 3029 3268 3099; x_wconf 80' lang='lat' dir='ltr'><strong>placebit</strong></span> <span class='ocrx_word' id='word_1_461' title='bbox 3314 3032 3523 3088; x_wconf 72' lang='lat' dir='ltr'><strong>animae</strong></span> <span class='ocrx_word' id='word_1_462' title='bbox 3550 3046 3689 3089; x_wconf 76' lang='lat' dir='ltr'><strong>meae</strong></span> <span class='ocrx_word' id='word_1_463' title='bbox 3718 3034 3782 3089; x_wconf 70' lang='grc'><strong>⁸⁷.</strong></span> 
     </span>
    </p>
   </div>
   <div class='ocr_carea' id='block_1_63' title="bbox 2136 3118 3786 3191">
    <p class='ocr_par' dir='ltr' id='par_1_63' title="bbox 2136 3118 3786 3191">
     <span class='ocr_line' id='line_1_63' title="bbox 2136 3118 3786 3191; baseline 0.002 -19"><span class='ocrx_word' id='word_1_464' title='bbox 2136 3125 2209 3172; x_wconf 85' lang='lat' dir='ltr'><strong>At</strong></span> <span class='ocrx_word' id='word_1_465' title='bbox 2239 3119 2296 3173; x_wconf 91' lang='lat' dir='ltr'><strong>hi</strong></span> <span class='ocrx_word' id='word_1_466' title='bbox 2332 3118 2545 3189; x_wconf 86' lang='lat' dir='ltr'><strong>scripto</strong></span> <span class='ocrx_word' id='word_1_467' title='bbox 2583 3118 2755 3173; x_wconf 88' lang='lat' dir='ltr'><strong>ﬁdem</strong></span> <span class='ocrx_word' id='word_1_468' title='bbox 2801 3119 3258 3187; x_wconf 80' lang='lat' dir='ltr'><strong>obstrinxerunt,</strong></span> <span class='ocrx_word' id='word_1_469' title='bbox 3300 3128 3361 3173; x_wconf 92' lang='lat' dir='ltr'><strong>ut</strong></span> <span class='ocrx_word' id='word_1_470' title='bbox 3408 3119 3786 3191; x_wconf 87' lang='lat' dir='ltr'><strong>imperatoris</strong></span> 
     </span>
    </p>
   </div>
   <div class='ocr_carea' id='block_1_64' title="bbox 2137 3207 3787 3276">
    <p class='ocr_par' dir='ltr' id='par_1_64' title="bbox 2137 3207 3787 3276">
     <span class='ocr_line' id='line_1_64' title="bbox 2137 3207 3787 3276; baseline 0.001 -12"><span class='ocrx_word' id='word_1_471' title='bbox 2137 3209 2368 3264; x_wconf 87' lang='lat' dir='ltr'><strong>decreto</strong></span> <span class='ocrx_word' id='word_1_472' title='bbox 2408 3213 2610 3263; x_wconf 89' lang='lat' dir='ltr'><strong>contra</strong></span> <span class='ocrx_word' id='word_1_473' title='bbox 2633 3207 2929 3262; x_wconf 86' lang='lat' dir='ltr'><strong>Christum</strong></span> <span class='ocrx_word' id='word_1_474' title='bbox 2948 3207 3271 3262; x_wconf 83' lang='lat' dir='ltr'><strong>obedirsnt.</strong></span> <span class='ocrx_word' id='word_1_475' title='bbox 3313 3209 3444 3264; x_wconf 67' lang='lat' dir='ltr'><strong>Haec</strong></span> <span class='ocrx_word' id='word_1_476' title='bbox 3477 3214 3634 3276; x_wconf 91' lang='lat' dir='ltr'><strong>sunt,</strong></span> <span class='ocrx_word' id='word_1_477' title='bbox 3671 3210 3787 3265; x_wconf 79' lang='lat' dir='ltr'><strong>ira-</strong></span> 
     </span>
    </p>
   </div>
   <div class='ocr_carea' id='block_1_65' title="bbox 381 3280 2025 3372">
    <p class='ocr_par' dir='ltr' id='par_1_65' title="bbox 381 3294 2025 3372">
     <span class='ocr_line' id='line_1_65' title="bbox 381 3294 2025 3372; baseline -0.002 -22"><span class='ocrx_word' id='word_1_478' title='bbox 381 3298 759 3372; x_wconf 79' lang='grc' dir='ltr'>πειθαρχῶσιν</span> <span class='ocrx_word' id='word_1_479' title='bbox 809 3297 1119 3358; x_wconf 84' lang='grc' dir='ltr'>ἀπεναντίας</span> <span class='ocrx_word' id='word_1_480' title='bbox 1164 3299 1261 3350; x_wconf 81' lang='grc' dir='ltr'><strong>τοῦ</strong></span> <span class='ocrx_word' id='word_1_481' title='bbox 1304 3295 1558 3370; x_wconf 77' lang='grc' dir='ltr'>Χριστού.</span> <span class='ocrx_word' id='word_1_482' title='bbox 1583 3295 1824 3349; x_wconf 73' lang='grc' dir='ltr'>Τοσαῦτα</span> <span class='ocrx_word' id='word_1_483' title='bbox 1872 3294 2025 3365; x_wconf 77' lang='grc' dir='ltr'>εἰσιν,</span> 
     </span>
    </p>
   </div>
   <div class='ocr_carea' id='block_1_66' title="bbox 2139 3280 3785 3372">
    <p class='ocr_par' dir='ltr' id='par_1_66' title="bbox 2141 3280 3785 3369">
     <span class='ocr_line' id='line_1_66' title="bbox 2141 3280 3785 3369; baseline 0 -17"><span class='ocrx_word' id='word_1_484' title='bbox 2141 3302 2259 3352; x_wconf 89' lang='lat' dir='ltr'><strong>tres</strong></span> <span class='ocrx_word' id='word_1_485' title='bbox 2289 3312 2357 3352; x_wconf 90' lang='lat' dir='ltr'><strong>ac</strong></span> <span class='ocrx_word' id='word_1_486' title='bbox 2376 3298 2629 3364; x_wconf 81' lang='lat' dir='ltr'><strong>Pratres,</strong></span> <span class='ocrx_word' id='word_1_487' title='bbox 2653 3280 2878 3366; x_wconf 65' lang='lat' dir='ltr'><strong>quw&#39;ab</strong></span> <span class='ocrx_word' id='word_1_488' title='bbox 2912 3311 2973 3350; x_wconf 90' lang='lat' dir='ltr'><strong>es</strong></span> <span class='ocrx_word' id='word_1_489' title='bbox 2996 3301 3156 3367; x_wconf 77' lang='lat' dir='ltr'><strong>gesta</strong></span> <span class='ocrx_word' id='word_1_490' title='bbox 3179 3313 3281 3365; x_wconf 88' lang='lat' dir='ltr'><strong>pro</strong></span> <span class='ocrx_word' id='word_1_491' title='bbox 3313 3302 3470 3353; x_wconf 84' lang='lat' dir='ltr'><strong>certo</strong></span> <span class='ocrx_word' id='word_1_492' title='bbox 3502 3299 3785 3369; x_wconf 90' lang='lat' dir='ltr'><strong>comperi.</strong></span> 
     </span>
    </p>
   </div>
   <div class='ocr_carea' id='block_1_67' title="bbox 381 3383 2024 3462">
    <p class='ocr_par' dir='ltr' id='par_1_67' title="bbox 381 3383 2024 3462">
     <span class='ocr_line' id='line_1_67' title="bbox 381 3383 2024 3462; baseline -0.002 -22"><span class='ocrx_word' id='word_1_493' title='bbox 381 3386 428 3440; x_wconf 82' lang='grc' dir='ltr'><strong><em>ὦ</em></strong></span> <span class='ocrx_word' id='word_1_494' title='bbox 460 3384 683 3462; x_wconf 66' lang='grc' dir='ltr'>ἀδελφοὶ</span> <span class='ocrx_word' id='word_1_495' title='bbox 734 3383 822 3439; x_wconf 82' lang='grc' dir='ltr'><strong>καὶ</strong></span> <span class='ocrx_word' id='word_1_496' title='bbox 863 3383 1116 3458; x_wconf 84' lang='grc' dir='ltr'>Πατέρες,</span> <span class='ocrx_word' id='word_1_497' title='bbox 1149 3383 1182 3438; x_wconf 76' lang='grc' dir='ltr'>ἃ</span> <span class='ocrx_word' id='word_1_498' title='bbox 1221 3383 1611 3456; x_wconf 78' lang='grc' dir='ltr'>συνεπίσταμαι</span> <span class='ocrx_word' id='word_1_499' title='bbox 1667 3384 1719 3452; x_wconf 73' lang='grc' dir='ltr'><strong>ἐξ</strong></span> <span class='ocrx_word' id='word_1_500' title='bbox 1766 3383 2024 3453; x_wconf 78' lang='grc' dir='ltr'>ἀληθείας</span> 
     </span>
    </p>
   </div>
   <div class='ocr_carea' id='block_1_68' title="bbox 816 3473 2031 3548">
    <p class='ocr_par' dir='ltr' id='par_1_68' title="bbox 816 3473 2031 3548">
     <span class='ocr_line' id='line_1_68' title="bbox 816 3473 2031 3548; baseline 0 -19"><span class='ocrx_word' id='word_1_501' title='bbox 816 3474 1032 3537; x_wconf 74' lang='grc' dir='ltr'>αὐτούς.</span> <span class='ocrx_word' id='word_1_502' title='bbox 1098 3477 1196 3531; x_wconf 83' lang='grc' dir='ltr'>Καὶ</span> <span class='ocrx_word' id='word_1_503' title='bbox 1280 3473 1466 3544; x_wconf 77' lang='grc' dir='ltr'>ἐπειδὴ</span> <span class='ocrx_word' id='word_1_504' title='bbox 1539 3473 1885 3548; x_wconf 77' lang='grc' dir='ltr'>κατεκρίνατὲ</span> <span class='ocrx_word' id='word_1_505' title='bbox 1965 3495 2031 3546; x_wconf 86' lang='grc' dir='ltr'><strong>με</strong></span> 
     </span>
    </p>
   </div>
   <div class='ocr_carea' id='block_1_69' title="bbox 380 3563 2030 3639">
    <p class='ocr_par' dir='ltr' id='par_1_69' title="bbox 380 3563 2030 3639">
     <span class='ocr_line' id='line_1_69' title="bbox 380 3563 2030 3639; baseline -0.001 -20"><span class='ocrx_word' id='word_1_506' title='bbox 380 3564 552 3629; x_wconf 73' lang='grc' dir='ltr'>εἰπεῖν</span> <span class='ocrx_word' id='word_1_507' title='bbox 582 3564 645 3619; x_wconf 86' lang='grc' dir='ltr'>τὸ</span> <span class='ocrx_word' id='word_1_508' title='bbox 684 3563 1082 3639; x_wconf 75' lang='grc' dir='ltr'>παριστάμενόν</span> <span class='ocrx_word' id='word_1_509' title='bbox 1137 3584 1231 3636; x_wconf 87' lang='grc' dir='ltr'><strong>μοι</strong></span> <span class='ocrx_word' id='word_1_510' title='bbox 1255 3581 1268 3593; x_wconf 91' lang='grc'><strong>·</strong></span> <span class='ocrx_word' id='word_1_511' title='bbox 1305 3563 1606 3637; x_wconf 78' lang='grc' dir='ltr'>ἀνήγγειλα</span> <span class='ocrx_word' id='word_1_512' title='bbox 1656 3564 1745 3618; x_wconf 79' lang='grc' dir='ltr'><strong>ἐπὶ</strong></span> <span class='ocrx_word' id='word_1_513' title='bbox 1799 3565 2030 3638; x_wconf 60' lang='grc' dir='ltr'>μάρτυρι</span> 
     </span>
    </p>
   </div>
   <div class='ocr_carea' id='block_1_70' title="bbox 380 3474 735 3544">
    <p class='ocr_par' dir='ltr' id='par_1_70' title="bbox 380 3474 735 3544">
     <span class='ocr_line' id='line_1_70' title="bbox 380 3474 735 3544; baseline -0.011 -12"><span class='ocrx_word' id='word_1_514' title='bbox 380 3474 735 3544; x_wconf 70' lang='grc' dir='ltr'>πεποιηκέναι</span> 
     </span>
    </p>
   </div>
   <div class='ocr_carea' id='block_1_71' title="bbox 2137 3385 3780 3457">
    <p class='ocr_par' dir='ltr' id='par_1_71' title="bbox 2137 3385 3780 3457">
     <span class='ocr_line' id='line_1_71' title="bbox 2137 3385 3780 3457; baseline 0.001 -17"><span class='ocrx_word' id='word_1_515' title='bbox 2137 3386 2290 3451; x_wconf 68' lang='lat' dir='ltr'><strong>Quae,</strong></span> <span class='ocrx_word' id='word_1_516' title='bbox 2323 3385 2601 3457; x_wconf 88' lang='lat' dir='ltr'><strong>quoniam</strong></span> <span class='ocrx_word' id='word_1_517' title='bbox 2650 3385 2837 3440; x_wconf 85' lang='lat' dir='ltr'><strong>dicere</strong></span> <span class='ocrx_word' id='word_1_518' title='bbox 2883 3401 2968 3440; x_wconf 89' lang='lat' dir='ltr'><strong>mc</strong></span> <span class='ocrx_word' id='word_1_519' title='bbox 3028 3385 3185 3456; x_wconf 90' lang='lat' dir='ltr'><strong>quod</strong></span> <span class='ocrx_word' id='word_1_520' title='bbox 3233 3386 3439 3441; x_wconf 86' lang='lat' dir='ltr'><strong>scirem</strong></span> <span class='ocrx_word' id='word_1_521' title='bbox 3490 3386 3780 3456; x_wconf 88' lang='lat' dir='ltr'><strong>voluistis,</strong></span> 
     </span>
    </p>
   </div>
   <div class='ocr_carea' id='block_1_72' title="bbox 2142 3474 3787 3543">
    <p class='ocr_par' dir='ltr' id='par_1_72' title="bbox 2142 3474 3787 3543">
     <span class='ocr_line' id='line_1_72' title="bbox 2142 3474 3787 3543; baseline 0.001 -14"><span class='ocrx_word' id='word_1_522' title='bbox 2142 3491 2336 3530; x_wconf 88' lang='lat' dir='ltr'><strong>coram</strong></span> <span class='ocrx_word' id='word_1_523' title='bbox 2392 3475 2501 3529; x_wconf 91' lang='lat' dir='ltr'><strong>Deo</strong></span> <span class='ocrx_word' id='word_1_524' title='bbox 2553 3479 2696 3529; x_wconf 89' lang='lat' dir='ltr'><strong>teste</strong></span> <span class='ocrx_word' id='word_1_525' title='bbox 2740 3474 3022 3543; x_wconf 89' lang='lat' dir='ltr'><strong>nuntiavi,</strong></span> <span class='ocrx_word' id='word_1_526' title='bbox 3056 3490 3377 3530; x_wconf 80' lang='lat' dir='ltr'><strong>sermonem</strong></span> <span class='ocrx_word' id='word_1_527' title='bbox 3421 3475 3598 3531; x_wconf 89' lang='lat' dir='ltr'><strong>etiam</strong></span> <span class='ocrx_word' id='word_1_528' title='bbox 3642 3476 3787 3531; x_wconf 87' lang='lat' dir='ltr'><strong>arri-</strong></span> 
     </span>
    </p>
   </div>
   <div class='ocr_carea' id='block_1_73' title="bbox 2146 3564 2751 3635">
    <p class='ocr_par' dir='ltr' id='par_1_73' title="bbox 2146 3564 2751 3635">
     <span class='ocr_line' id='line_1_73' title="bbox 2146 3564 2751 3635; baseline 0.002 -18"><span class='ocrx_word' id='word_1_529' title='bbox 2146 3564 2311 3633; x_wconf 88' lang='lat' dir='ltr'><strong>piens</strong></span> <span class='ocrx_word' id='word_1_530' title='bbox 2355 3573 2751 3635; x_wconf 90' lang='lat' dir='ltr'><strong>tanquam.....</strong></span> 
     </span>
    </p>
   </div>
   <div class='ocr_carea' id='block_1_74' title="bbox 388 3648 2025 3731">
    <p class='ocr_par' dir='ltr' id='par_1_74' title="bbox 388 3648 2020 3728">
     <span class='ocr_line' id='line_1_74' title="bbox 388 3648 2020 3728; baseline 0 -18"><span class='ocrx_word' id='word_1_531' title='bbox 388 3659 526 3725; x_wconf 82' lang='grc' dir='ltr'>Θεῷ,</span> <span class='ocrx_word' id='word_1_532' title='bbox 556 3648 740 3708; x_wconf 79' lang='grc' dir='ltr'>λαϐὼν</span> <span class='ocrx_word' id='word_1_533' title='bbox 795 3654 884 3707; x_wconf 83' lang='grc' dir='ltr'><strong>καὶ</strong></span> <span class='ocrx_word' id='word_1_534' title='bbox 933 3653 1094 3728; x_wconf 86' lang='grc' dir='ltr'>λόγον</span> <span class='ocrx_word' id='word_1_535' title='bbox 1142 3655 1215 3717; x_wconf 85' lang='grc' dir='ltr'>ὡς</span> <span class='ocrx_word' id='word_1_536' title='bbox 1258 3655 1483 3728; x_wconf 80' lang='lat' dir='ltr'><strong>[SuppL</strong></span> <span class='ocrx_word' id='word_1_537' title='bbox 1526 3672 1594 3710; x_wconf 84' lang='lat' dir='ltr'><strong>ex</strong></span> <span class='ocrx_word' id='word_1_538' title='bbox 1623 3657 1748 3711; x_wconf 90' lang='lat' dir='ltr'><strong>cod.</strong></span> <span class='ocrx_word' id='word_1_539' title='bbox 1782 3654 2020 3710; x_wconf 89' lang='lat' dir='ltr'><strong>Vatican</strong></span> 
     </span>
    </p>
   </div>
   <div class='ocr_carea' id='block_1_75' title="bbox 2139 3648 3789 3731">
    <p class='ocr_par' dir='ltr' id='par_1_75' title="bbox 2139 3649 3789 3731">
     <span class='ocr_line' id='line_1_75' title="bbox 2139 3649 3789 3731; baseline 0 -23"><span class='ocrx_word' id='word_1_540' title='bbox 2139 3654 2219 3721; x_wconf 84' lang='lat'><strong>33,</strong></span> <span class='ocrx_word' id='word_1_541' title='bbox 2269 3653 2309 3708; x_wconf 84' lang='lat' dir='ltr'><strong>f.</strong></span> <span class='ocrx_word' id='word_1_542' title='bbox 2359 3653 2451 3724; x_wconf 87' lang='lat'><strong>29]</strong></span> <span class='ocrx_word' id='word_1_543' title='bbox 2505 3649 2869 3727; x_wconf 79' lang='grc' dir='ltr'>φυλάσσεσθαι</span> <span class='ocrx_word' id='word_1_544' title='bbox 2925 3653 3246 3724; x_wconf 66' lang='grc' dir='ltr'>μυστήριον,</span> <span class='ocrx_word' id='word_1_545' title='bbox 3295 3649 3475 3731; x_wconf 78' lang='grc' dir='ltr'>φειδοῖ</span> <span class='ocrx_word' id='word_1_546' title='bbox 3517 3658 3619 3708; x_wconf 77' lang='grc' dir='ltr'><strong>τοῦ</strong></span> <span class='ocrx_word' id='word_1_547' title='bbox 3672 3674 3789 3708; x_wconf 87' lang='grc' dir='ltr'>πει-</span> 
     </span>
    </p>
   </div>
   <div class='ocr_carea' id='block_1_76' title="bbox 391 3741 3368 3819">
    <p class='ocr_par' dir='ltr' id='par_1_76' title="bbox 391 3741 3368 3819">
     <span class='ocr_line' id='line_1_76' title="bbox 391 3741 3368 3819; baseline 0 -21"><span class='ocrx_word' id='word_1_548' title='bbox 391 3747 601 3819; x_wconf 71' lang='grc' dir='ltr'>ρασμοῦ</span> <span class='ocrx_word' id='word_1_549' title='bbox 631 3761 644 3774; x_wconf 88' lang='grc'><strong>⁸</strong></span> <span class='ocrx_word' id='word_1_550' title='bbox 678 3741 871 3798; x_wconf 82' lang='grc' dir='ltr'>λοιπὸν</span> <span class='ocrx_word' id='word_1_551' title='bbox 908 3743 1062 3818; x_wconf 86' lang='grc' dir='ltr'>ὑμεῖς</span> <span class='ocrx_word' id='word_1_552' title='bbox 1094 3744 1358 3813; x_wconf 84' lang='grc' dir='ltr'>σώζοντες</span> <span class='ocrx_word' id='word_1_553' title='bbox 1388 3744 1585 3814; x_wconf 83' lang='grc' dir='ltr'>σώζετε</span> <span class='ocrx_word' id='word_1_554' title='bbox 1613 3743 1706 3803; x_wconf 71' lang='grc' dir='ltr'><strong>τὰς</strong></span> <span class='ocrx_word' id='word_1_555' title='bbox 1731 3743 1928 3798; x_wconf 72' lang='grc' dir='ltr'>ἑαυτῶν</span> <span class='ocrx_word' id='word_1_556' title='bbox 1959 3742 2157 3817; x_wconf 73' lang='grc' dir='ltr'>ψυχὰς,</span> <span class='ocrx_word' id='word_1_557' title='bbox 2192 3741 2485 3816; x_wconf 80' lang='grc' dir='ltr'>εὐχόμενοι</span> <span class='ocrx_word' id='word_1_558' title='bbox 2516 3741 2606 3796; x_wconf 84' lang='grc' dir='ltr'><strong>καὶ</strong></span> <span class='ocrx_word' id='word_1_559' title='bbox 2640 3742 2772 3815; x_wconf 71' lang='grc' dir='ltr'>ὑπὲρ</span> <span class='ocrx_word' id='word_1_560' title='bbox 2804 3741 2938 3815; x_wconf 78' lang='grc' dir='ltr'>ἐμοῦ</span> <span class='ocrx_word' id='word_1_561' title='bbox 2965 3746 3063 3797; x_wconf 71' lang='grc' dir='ltr'>τοῦ</span> <span class='ocrx_word' id='word_1_562' title='bbox 3093 3746 3368 3799; x_wconf 79' lang='grc' dir='ltr'>ταπεινοῦ.</span> 
     </span>
    </p>
   </div>
   <div class='ocr_carea' id='block_1_77' title="bbox 903 3850 1519 3926">
    <p class='ocr_par' dir='ltr' id='par_1_77' title="bbox 903 3850 1519 3926">
     <span class='ocr_line' id='line_1_77' title="bbox 903 3850 1519 3926; baseline 0.003 -20"><span class='ocrx_word' id='word_1_563' title='bbox 903 3852 976 3908; x_wconf 85' lang='grc' dir='ltr'><strong>Γ’.</strong></span> <span class='ocrx_word' id='word_1_564' title='bbox 1008 3884 1077 3893; x_wconf 92' lang='grc'><strong>--</strong></span> <span class='ocrx_word' id='word_1_565' title='bbox 1108 3850 1519 3926; x_wconf 73' lang='grc' dir='ltr'>¹Ηγουμένῳ.</span> 
     </span>
    </p>
   </div>
   <div class='ocr_carea' id='block_1_78' title="bbox 390 3955 2034 4036">
    <p class='ocr_par' dir='ltr' id='par_1_78' title="bbox 390 3955 2034 4036">
     <span class='ocr_line' id='line_1_78' title="bbox 390 3955 2034 4036; baseline -0.001 -22"><span class='ocrx_word' id='word_1_566' title='bbox 390 3956 1003 4036; x_wconf 74' lang='grc' dir='ltr'>Δ’.-Θεοερυλάκτῳ</span> <span class='ocrx_word' id='word_1_567' title='bbox 1024 3955 1483 4031; x_wconf 85' lang='grc' dir='ltr'>Νικομηδείας</span> <span class='ocrx_word' id='word_1_568' title='bbox 1514 3956 2034 4032; x_wconf 82' lang='grc' dir='ltr'>ἐπισκόπῳ.[ρε’.]</span> 
     </span>
    </p>
   </div>
   <div class='ocr_carea' id='block_1_79' title="bbox 2714 3851 3243 3923">
    <p class='ocr_par' dir='ltr' id='par_1_79' title="bbox 2714 3851 3243 3923">
     <span class='ocr_line' id='line_1_79' title="bbox 2714 3851 3243 3923; baseline -0.002 -15"><span class='ocrx_word' id='word_1_569' title='bbox 2714 3852 2811 3908; x_wconf 89' lang='grc' dir='ltr'><strong>ΙΙΙ.</strong></span> <span class='ocrx_word' id='word_1_570' title='bbox 2844 3853 3147 3923; x_wconf 70' lang='lat' dir='ltr'><strong>Praeposito</strong></span> <span class='ocrx_word' id='word_1_571' title='bbox 3176 3851 3243 3907; x_wconf 71' lang='lat'><strong>93.</strong></span> 
     </span>
    </p>
   </div>
   <div class='ocr_carea' id='block_1_80' title="bbox 2324 3958 3613 4033">
    <p class='ocr_par' dir='ltr' id='par_1_80' title="bbox 2324 3958 3613 4033">
     <span class='ocr_line' id='line_1_80' title="bbox 2324 3958 3613 4033; baseline 0 -18"><span class='ocrx_word' id='word_1_572' title='bbox 2324 3962 2417 4016; x_wconf 91' lang='lat' dir='ltr'><strong>IV.</strong></span> <span class='ocrx_word' id='word_1_573' title='bbox 2452 3991 2521 4000; x_wconf 94' lang='lat'><strong><em>—</em></strong></span> <span class='ocrx_word' id='word_1_574' title='bbox 2554 3958 2950 4032; x_wconf 61' lang='lat' dir='ltr'><strong>Theophg/lacto</strong></span> <span class='ocrx_word' id='word_1_575' title='bbox 2989 3960 3320 4017; x_wconf 71' lang='lat' dir='ltr'><strong>Nicomedia?</strong></span> <span class='ocrx_word' id='word_1_576' title='bbox 3351 3961 3613 4033; x_wconf 72' lang='lat' dir='ltr'><strong>episeopo.</strong></span> 
     </span>
    </p>
   </div>
   <div class='ocr_carea' id='block_1_81' title="bbox 1230 4066 2960 4131">
    <p class='ocr_par' dir='ltr' id='par_1_81' title="bbox 1230 4066 2960 4131">
     <span class='ocr_line' id='line_1_81' title="bbox 1230 4066 2960 4131; baseline -0.001 -14"><span class='ocrx_word' id='word_1_577' title='bbox 1230 4069 1538 4131; x_wconf 84' lang='lat' dir='ltr'><strong>Dogmatica</strong></span> <span class='ocrx_word' id='word_1_578' title='bbox 1572 4068 1636 4118; x_wconf 90' lang='lat' dir='ltr'><strong>de</strong></span> <span class='ocrx_word' id='word_1_579' title='bbox 1667 4067 1864 4117; x_wconf 85' lang='lat' dir='ltr'><strong>sanctis</strong></span> <span class='ocrx_word' id='word_1_580' title='bbox 1894 4069 2231 4131; x_wconf 77' lang='lat' dir='ltr'><strong>imaginibus.</strong></span> <span class='ocrx_word' id='word_1_581' title='bbox 2264 4069 2480 4131; x_wconf 88' lang='lat' dir='ltr'><strong>(Baron.</strong></span> <span class='ocrx_word' id='word_1_582' title='bbox 2518 4082 2603 4117; x_wconf 87' lang='lat' dir='ltr'><strong>an.</strong></span> <span class='ocrx_word' id='word_1_583' title='bbox 2627 4068 2738 4129; x_wconf 88' lang='lat' dir='ltr'><strong>8l6,</strong></span> <span class='ocrx_word' id='word_1_584' title='bbox 2770 4081 2823 4116; x_wconf 78' lang='grc' dir='ltr'>ο.</span> <span class='ocrx_word' id='word_1_585' title='bbox 2853 4066 2960 4129; x_wconf 89' lang='lat'><strong>36.)</strong></span> 
     </span>
    </p>
   </div>
   <div class='ocr_carea' id='block_1_82' title="bbox 462 4156 2032 4232">
    <p class='ocr_par' dir='ltr' id='par_1_82' title="bbox 462 4156 2032 4232">
     <span class='ocr_line' id='line_1_82' title="bbox 462 4156 2032 4232; baseline -0.001 -20"><span class='ocrx_word' id='word_1_586' title='bbox 462 4158 669 4212; x_wconf 82' lang='grc' dir='ltr'>Διετίαν</span> <span class='ocrx_word' id='word_1_587' title='bbox 698 4158 815 4231; x_wconf 74' lang='grc' dir='ltr'><strong>ἄγω</strong></span> <span class='ocrx_word' id='word_1_588' title='bbox 850 4161 1127 4232; x_wconf 83' lang='grc' dir='ltr'>μεριμνῶν</span> <span class='ocrx_word' id='word_1_589' title='bbox 1160 4157 1247 4211; x_wconf 84' lang='grc' dir='ltr'><strong>καὶ</strong></span> <span class='ocrx_word' id='word_1_590' title='bbox 1301 4158 1524 4228; x_wconf 76' lang='grc' dir='ltr'>κάμνων</span> <span class='ocrx_word' id='word_1_591' title='bbox 1572 4161 1688 4218; x_wconf 75' lang='grc' dir='ltr'>ταῖς</span> <span class='ocrx_word' id='word_1_592' title='bbox 1740 4156 2032 4231; x_wconf 81' lang='grc' dir='ltr'>λογισμοῖς</span> 
     </span>
    </p>
   </div>
   <div class='ocr_carea' id='block_1_83' title="bbox 389 4244 2033 4319">
    <p class='ocr_par' dir='ltr' id='par_1_83' title="bbox 389 4244 2033 4319">
     <span class='ocr_line' id='line_1_83' title="bbox 389 4244 2033 4319; baseline -0.002 -16"><span class='ocrx_word' id='word_1_593' title='bbox 389 4249 466 4309; x_wconf 80' lang='grc' dir='ltr'><strong>εἷς</strong></span> <span class='ocrx_word' id='word_1_594' title='bbox 492 4248 555 4301; x_wconf 86' lang='grc' dir='ltr'>τὸ</span> <span class='ocrx_word' id='word_1_595' title='bbox 586 4244 887 4302; x_wconf 78' lang='grc' dir='ltr'>ἐπιστεῖλαί</span> <span class='ocrx_word' id='word_1_596' title='bbox 921 4267 987 4319; x_wconf 91' lang='grc' dir='ltr'><strong>με</strong></span> <span class='ocrx_word' id='word_1_597' title='bbox 1022 4249 1091 4318; x_wconf 78' lang='grc' dir='ltr'>τῇ</span> <span class='ocrx_word' id='word_1_598' title='bbox 1143 4245 1262 4319; x_wconf 76' lang='grc' dir='ltr'>ἱερᾷ</span> <span class='ocrx_word' id='word_1_599' title='bbox 1313 4266 1412 4299; x_wconf 92' lang='grc' dir='ltr'><strong>σου</strong></span> <span class='ocrx_word' id='word_1_600' title='bbox 1451 4249 1664 4319; x_wconf 76' lang='grc' dir='ltr'>κορυφῇ</span> <span class='ocrx_word' id='word_1_601' title='bbox 1699 4264 1712 4277; x_wconf 92' lang='grc'><strong>⁸</strong></span> <span class='ocrx_word' id='word_1_602' title='bbox 1747 4246 1837 4300; x_wconf 79' lang='grc' dir='ltr'><strong>καὶ</strong></span> <span class='ocrx_word' id='word_1_603' title='bbox 1872 4246 2033 4319; x_wconf 82' lang='grc' dir='ltr'>μόλις</span> 
     </span>
    </p>
   </div>
   <div class='ocr_carea' id='block_1_84' title="bbox 394 4334 2036 4411">
    <p class='ocr_par' dir='ltr' id='par_1_84' title="bbox 394 4334 2036 4411">
     <span class='ocr_line' id='line_1_84' title="bbox 394 4334 2036 4411; baseline 0.009 -23"><span class='ocrx_word' id='word_1_604' title='bbox 394 4337 561 4411; x_wconf 81' lang='grc' dir='ltr'>μέχρι</span> <span class='ocrx_word' id='word_1_605' title='bbox 606 4340 702 4391; x_wconf 76' lang='grc' dir='ltr'>τοῦ</span> <span class='ocrx_word' id='word_1_606' title='bbox 749 4341 839 4389; x_wconf 71' lang='grc' dir='ltr'>νῦν</span> <span class='ocrx_word' id='word_1_607' title='bbox 876 4334 1230 4409; x_wconf 75' lang='grc' dir='ltr'>ἐξεπλήρωσά</span> <span class='ocrx_word' id='word_1_608' title='bbox 1271 4355 1375 4408; x_wconf 86' lang='grc' dir='ltr'><strong>μου</strong></span> <span class='ocrx_word' id='word_1_609' title='bbox 1416 4335 1444 4389; x_wconf 85' lang='grc' dir='ltr'><strong>ὁ</strong></span> <span class='ocrx_word' id='word_1_610' title='bbox 1493 4335 1745 4397; x_wconf 75' lang='grc' dir='ltr'>ταπεινὸς</span> <span class='ocrx_word' id='word_1_611' title='bbox 1798 4337 1888 4389; x_wconf 76' lang='grc' dir='ltr'><strong>τὸν</strong></span> <span class='ocrx_word' id='word_1_612' title='bbox 1934 4337 2036 4390; x_wconf 79' lang='grc' dir='ltr'><strong>πό-</strong></span> 
     </span>
    </p>
   </div>
   <div class='ocr_carea' id='block_1_85' title="bbox 393 4420 2035 4499">
    <p class='ocr_par' dir='ltr' id='par_1_85' title="bbox 393 4420 2035 4499">
     <span class='ocr_line' id='line_1_85' title="bbox 393 4420 2035 4499; baseline -0.001 -18"><span class='ocrx_word' id='word_1_613' title='bbox 393 4429 509 4481; x_wconf 91' lang='grc' dir='ltr'>θον.</span> <span class='ocrx_word' id='word_1_614' title='bbox 559 4423 712 4480; x_wconf 87' lang='grc' dir='ltr'>Ἀλλ’</span> <span class='ocrx_word' id='word_1_615' title='bbox 773 4423 894 4499; x_wconf 75' lang='grc' dir='ltr'>εὖγε</span> <span class='ocrx_word' id='word_1_616' title='bbox 950 4422 1032 4478; x_wconf 80' lang='grc' dir='ltr'>ὅτι</span> <span class='ocrx_word' id='word_1_617' title='bbox 1090 4424 1345 4495; x_wconf 75' lang='grc' dir='ltr'>ἂξιοῦμαι</span> <span class='ocrx_word' id='word_1_618' title='bbox 1424 4420 1511 4477; x_wconf 68' lang='grc' dir='ltr'>διὰ</span> <span class='ocrx_word' id='word_1_619' title='bbox 1566 4427 1662 4476; x_wconf 70' lang='grc' dir='ltr'><strong>τοῦ</strong></span> <span class='ocrx_word' id='word_1_620' title='bbox 1714 4425 2035 4498; x_wconf 68' lang='grc' dir='ltr'>γράμματος</span> 
     </span>
    </p>
   </div>
   <div class='ocr_carea' id='block_1_86' title="bbox 391 4510 2037 4585">
    <p class='ocr_par' dir='ltr' id='par_1_86' title="bbox 391 4510 2037 4585">
     <span class='ocr_line' id='line_1_86' title="bbox 391 4510 2037 4585; baseline -0.002 -15"><span class='ocrx_word' id='word_1_621' title='bbox 391 4513 727 4571; x_wconf 63' lang='grc' dir='ltr'>ἂσπὶσασθαί</span> <span class='ocrx_word' id='word_1_622' title='bbox 786 4534 845 4567; x_wconf 86' lang='grc' dir='ltr'><strong>σε</strong></span> <span class='ocrx_word' id='word_1_623' title='bbox 898 4514 989 4568; x_wconf 82' lang='grc' dir='ltr'>τὸν</span> <span class='ocrx_word' id='word_1_624' title='bbox 1050 4512 1180 4585; x_wconf 84' lang='grc' dir='ltr'>ἐμὸν</span> <span class='ocrx_word' id='word_1_625' title='bbox 1257 4510 1483 4584; x_wconf 62' lang='grc' dir='ltr'>Πατέρα,</span> <span class='ocrx_word' id='word_1_626' title='bbox 1531 4512 1622 4567; x_wconf 87' lang='grc' dir='ltr'>τὸν</span> <span class='ocrx_word' id='word_1_627' title='bbox 1684 4512 1879 4567; x_wconf 76' lang='grc' dir='ltr'>στόλον</span> <span class='ocrx_word' id='word_1_628' title='bbox 1937 4521 2037 4582; x_wconf 76' lang='grc' dir='ltr'><strong>τῆς</strong></span> 
     </span>
    </p>
   </div>
   <div class='ocr_carea' id='block_1_87' title="bbox 2216 4158 3799 4230">
    <p class='ocr_par' dir='ltr' id='par_1_87' title="bbox 2216 4158 3799 4230">
     <span class='ocr_line' id='line_1_87' title="bbox 2216 4158 3799 4230; baseline 0.001 -17"><span class='ocrx_word' id='word_1_629' title='bbox 2216 4159 2523 4215; x_wconf 90' lang='lat' dir='ltr'><strong>Biennium</strong></span> <span class='ocrx_word' id='word_1_630' title='bbox 2577 4164 2666 4214; x_wconf 78' lang='lat' dir='ltr'><strong>est</strong></span> <span class='ocrx_word' id='word_1_631' title='bbox 2716 4174 2846 4214; x_wconf 91' lang='lat' dir='ltr'><strong>cum</strong></span> <span class='ocrx_word' id='word_1_632' title='bbox 2896 4158 2953 4212; x_wconf 91' lang='lat' dir='ltr'><strong>in</strong></span> <span class='ocrx_word' id='word_1_633' title='bbox 3008 4158 3116 4213; x_wconf 89' lang='lat' dir='ltr'><strong>hac</strong></span> <span class='ocrx_word' id='word_1_634' title='bbox 3165 4172 3303 4214; x_wconf 88' lang='lat' dir='ltr'><strong>cura</strong></span> <span class='ocrx_word' id='word_1_635' title='bbox 3347 4166 3403 4213; x_wconf 91' lang='lat' dir='ltr'><strong>et</strong></span> <span class='ocrx_word' id='word_1_636' title='bbox 3449 4158 3799 4230; x_wconf 86' lang='lat' dir='ltr'><strong>cogitatione</strong></span> 
     </span>
    </p>
   </div>
   <div class='ocr_carea' id='block_1_88' title="bbox 2144 4247 3794 4315">
    <p class='ocr_par' dir='ltr' id='par_1_88' title="bbox 2144 4247 3794 4315">
     <span class='ocr_line' id='line_1_88' title="bbox 2144 4247 3794 4315; baseline 0.002 -13"><span class='ocrx_word' id='word_1_637' title='bbox 2144 4264 2358 4315; x_wconf 88' lang='lat' dir='ltr'><strong>versor,</strong></span> <span class='ocrx_word' id='word_1_638' title='bbox 2396 4253 2459 4303; x_wconf 91' lang='lat' dir='ltr'><strong>ut</strong></span> <span class='ocrx_word' id='word_1_639' title='bbox 2489 4247 2744 4303; x_wconf 88' lang='lat' dir='ltr'><strong>scribam</strong></span> <span class='ocrx_word' id='word_1_640' title='bbox 2778 4249 2847 4303; x_wconf 86' lang='lat' dir='ltr'><strong>ad</strong></span> <span class='ocrx_word' id='word_1_641' title='bbox 2901 4263 3131 4303; x_wconf 86' lang='lat' dir='ltr'><strong>sacrum</strong></span> <span class='ocrx_word' id='word_1_642' title='bbox 3169 4248 3443 4304; x_wconf 83' lang='lat' dir='ltr'><strong>verticem</strong></span> <span class='ocrx_word' id='word_1_643' title='bbox 3477 4255 3644 4305; x_wconf 90' lang='lat' dir='ltr'><strong>tuum</strong></span> <span class='ocrx_word' id='word_1_644' title='bbox 3680 4267 3692 4303; x_wconf 93' lang='lat'>:</span> <span class='ocrx_word' id='word_1_645' title='bbox 3727 4266 3794 4306; x_wconf 91' lang='lat' dir='ltr'><strong>ac</strong></span> 
     </span>
    </p>
   </div>
   <div class='ocr_carea' id='block_1_89' title="bbox 2145 4335 3796 4406">
    <p class='ocr_par' dir='ltr' id='par_1_89' title="bbox 2145 4335 3796 4406">
     <span class='ocr_line' id='line_1_89' title="bbox 2145 4335 3796 4406; baseline 0.002 -17"><span class='ocrx_word' id='word_1_646' title='bbox 2145 4337 2236 4390; x_wconf 84' lang='lat' dir='ltr'><strong>vix</strong></span> <span class='ocrx_word' id='word_1_647' title='bbox 2287 4353 2438 4391; x_wconf 91' lang='lat' dir='ltr'><strong>nunc</strong></span> <span class='ocrx_word' id='word_1_648' title='bbox 2487 4337 2720 4391; x_wconf 86' lang='lat' dir='ltr'><strong>tandem</strong></span> <span class='ocrx_word' id='word_1_649' title='bbox 2768 4336 2980 4406; x_wconf 85' lang='lat' dir='ltr'><strong>impleo</strong></span> <span class='ocrx_word' id='word_1_650' title='bbox 3029 4335 3383 4391; x_wconf 86' lang='lat' dir='ltr'><strong>desiderium</strong></span> <span class='ocrx_word' id='word_1_651' title='bbox 3447 4337 3796 4393; x_wconf 86' lang='lat' dir='ltr'><strong>humilitatis</strong></span> 
     </span>
    </p>
   </div>
   <div class='ocr_carea' id='block_1_90' title="bbox 2148 4424 3796 4498">
    <p class='ocr_par' dir='ltr' id='par_1_90' title="bbox 2148 4424 3796 4498">
     <span class='ocr_line' id='line_1_90' title="bbox 2148 4424 3796 4498; baseline 0.001 -17"><span class='ocrx_word' id='word_1_652' title='bbox 2148 4441 2307 4481; x_wconf 72' lang='lat' dir='ltr'><strong>meae.</strong></span> <span class='ocrx_word' id='word_1_653' title='bbox 2341 4425 2448 4479; x_wconf 91' lang='lat' dir='ltr'><strong>Sed</strong></span> <span class='ocrx_word' id='word_1_654' title='bbox 2478 4430 2632 4480; x_wconf 86' lang='lat' dir='ltr'><strong>recte</strong></span> <span class='ocrx_word' id='word_1_655' title='bbox 2660 4426 2815 4496; x_wconf 91' lang='lat' dir='ltr'><strong>quod</strong></span> <span class='ocrx_word' id='word_1_656' title='bbox 2846 4426 3061 4495; x_wconf 85' lang='lat' dir='ltr'><strong>dignus</strong></span> <span class='ocrx_word' id='word_1_657' title='bbox 3111 4424 3346 4494; x_wconf 85' lang='lat' dir='ltr'><strong>habeor,</strong></span> <span class='ocrx_word' id='word_1_658' title='bbox 3381 4426 3482 4498; x_wconf 86' lang='lat' dir='ltr'><strong>qui</strong></span> <span class='ocrx_word' id='word_1_659' title='bbox 3516 4444 3615 4497; x_wconf 92' lang='lat' dir='ltr'><strong>per</strong></span> <span class='ocrx_word' id='word_1_660' title='bbox 3647 4427 3796 4483; x_wconf 57' lang='lat' dir='ltr'><strong>litteo</strong></span> 
     </span>
    </p>
   </div>
   <div class='ocr_carea' id='block_1_91' title="bbox 2149 4513 3793 4581">
    <p class='ocr_par' dir='ltr' id='par_1_91' title="bbox 2149 4513 3793 4581">
     <span class='ocr_line' id='line_1_91' title="bbox 2149 4513 3793 4581; baseline 0.002 -14"><span class='ocrx_word' id='word_1_661' title='bbox 2149 4531 2241 4568; x_wconf 87' lang='lat' dir='ltr'><strong>ras</strong></span> <span class='ocrx_word' id='word_1_662' title='bbox 2273 4514 2522 4569; x_wconf 86' lang='lat' dir='ltr'><strong>salutem</strong></span> <span class='ocrx_word' id='word_1_663' title='bbox 2552 4513 2780 4569; x_wconf 87' lang='lat' dir='ltr'><strong>Patrem</strong></span> <span class='ocrx_word' id='word_1_664' title='bbox 2804 4530 3020 4581; x_wconf 89' lang='lat' dir='ltr'><strong>meum,</strong></span> <span class='ocrx_word' id='word_1_665' title='bbox 3047 4514 3376 4569; x_wconf 86' lang='lat' dir='ltr'><strong>columnam</strong></span> <span class='ocrx_word' id='word_1_666' title='bbox 3410 4515 3670 4571; x_wconf 85' lang='lat' dir='ltr'><strong>veritatis</strong></span> <span class='ocrx_word' id='word_1_667' title='bbox 3702 4533 3793 4571; x_wconf 85' lang='lat' dir='ltr'><strong>re-</strong></span> 
     </span>
    </p>
   </div>
   <div class='ocr_carea' id='block_1_92' title="bbox 394 4594 2025 4678">
    <p class='ocr_par' dir='ltr' id='par_1_92' title="bbox 394 4599 2025 4678">
     <span class='ocr_line' id='line_1_92' title="bbox 394 4599 2025 4678; baseline -0.002 -19"><span class='ocrx_word' id='word_1_668' title='bbox 394 4602 676 4674; x_wconf 85' lang='grc' dir='ltr'>ἀληθείας,</span> <span class='ocrx_word' id='word_1_669' title='bbox 715 4602 778 4657; x_wconf 86' lang='grc' dir='ltr'>τὸ</span> <span class='ocrx_word' id='word_1_670' title='bbox 827 4600 1108 4677; x_wconf 75' lang='grc' dir='ltr'>ἑδραίωμα</span> <span class='ocrx_word' id='word_1_671' title='bbox 1153 4605 1251 4671; x_wconf 75' lang='grc' dir='ltr'>τῆς</span> <span class='ocrx_word' id='word_1_672' title='bbox 1300 4600 1638 4675; x_wconf 80' lang='grc' dir='ltr'>ὀρθοδοξίας,</span> <span class='ocrx_word' id='word_1_673' title='bbox 1689 4602 1780 4656; x_wconf 88' lang='grc' dir='ltr'><strong>τὸν</strong></span> <span class='ocrx_word' id='word_1_674' title='bbox 1830 4599 2025 4678; x_wconf 75' lang='grc' dir='ltr'>φύλακε</span> 
     </span>
    </p>
   </div>
   <div class='ocr_carea' id='block_1_93' title="bbox 2139 4594 3879 4678">
    <p class='ocr_par' dir='ltr' id='par_1_93' title="bbox 2151 4600 3879 4673">
     <span class='ocr_line' id='line_1_93' title="bbox 2151 4600 3879 4673; baseline 0.002 -18"><span class='ocrx_word' id='word_1_675' title='bbox 2151 4605 2255 4655; x_wconf 67' lang='lat' dir='ltr'><strong>ctaa</strong></span> <span class='ocrx_word' id='word_1_676' title='bbox 2278 4600 2411 4656; x_wconf 87' lang='lat' dir='ltr'><strong>ﬁdei</strong></span> <span class='ocrx_word' id='word_1_677' title='bbox 2435 4602 3212 4667; x_wconf 83' lang='lat' dir='ltr'><strong>fundamentum,custodem</strong></span> <span class='ocrx_word' id='word_1_678' title='bbox 3240 4601 3494 4671; x_wconf 88' lang='lat' dir='ltr'><strong>pietatis,</strong></span> <span class='ocrx_word' id='word_1_679' title='bbox 3528 4602 3795 4658; x_wconf 69' lang='lat' dir='ltr'><strong>Ecclesia:</strong></span> <span class='ocrx_word' id='word_1_680' title='bbox 3876 4670 3879 4673; x_wconf 19' lang='grc' dir='ltr'>ν</span> 
     </span>
    </p>
   </div>
   <div class='ocr_carea' id='block_1_94' title="bbox 394 4688 2039 4766">
    <p class='ocr_par' dir='ltr' id='par_1_94' title="bbox 394 4688 2039 4766">
     <span class='ocr_line' id='line_1_94' title="bbox 394 4688 2039 4766; baseline -0.004 -17"><span class='ocrx_word' id='word_1_681' title='bbox 394 4701 497 4762; x_wconf 74' lang='grc' dir='ltr'>τῆς</span> <span class='ocrx_word' id='word_1_682' title='bbox 553 4688 845 4754; x_wconf 74' lang='grc' dir='ltr'>εὐσεϐείας,</span> <span class='ocrx_word' id='word_1_683' title='bbox 908 4693 969 4746; x_wconf 88' lang='grc' dir='ltr'>τὸ</span> <span class='ocrx_word' id='word_1_684' title='bbox 1052 4694 1327 4766; x_wconf 69' lang='grc' dir='ltr'>στήριγμα</span> <span class='ocrx_word' id='word_1_685' title='bbox 1379 4695 1479 4757; x_wconf 77' lang='grc' dir='ltr'><strong>τῆς</strong></span> <span class='ocrx_word' id='word_1_686' title='bbox 1539 4690 1889 4762; x_wconf 74' lang='grc' dir='ltr'>Ἐκκλησίας,</span> <span class='ocrx_word' id='word_1_687' title='bbox 1946 4691 2039 4745; x_wconf 85' lang='grc' dir='ltr'>τὸν</span> 
     </span>
    </p>
   </div>
   <div class='ocr_carea' id='block_1_95' title="bbox 394 4777 2036 4860">
    <p class='ocr_par' dir='ltr' id='par_1_95' title="bbox 394 4777 2036 4860">
     <span class='ocr_line' id='line_1_95' title="bbox 394 4777 2036 4860; baseline -0.002 -23"><span class='ocrx_word' id='word_1_688' title='bbox 394 4783 692 4859; x_wconf 70' lang='grc' dir='ltr'>νικηφόρον</span> <span class='ocrx_word' id='word_1_689' title='bbox 769 4777 957 4855; x_wconf 77' lang='grc' dir='ltr'>ἄνδρα,</span> <span class='ocrx_word' id='word_1_690' title='bbox 1021 4782 1112 4835; x_wconf 82' lang='grc' dir='ltr'>τὸν</span> <span class='ocrx_word' id='word_1_691' title='bbox 1182 4782 1552 4860; x_wconf 73' lang='grc' dir='ltr'>Χριστοφόρον</span> <span class='ocrx_word' id='word_1_692' title='bbox 1609 4780 1886 4856; x_wconf 76' lang='grc' dir='ltr'>ἀρχιερέα,</span> <span class='ocrx_word' id='word_1_693' title='bbox 1947 4780 2036 4835; x_wconf 69' lang='grc' dir='ltr'>τὸν</span> 
     </span>
    </p>
   </div>
   <div class='ocr_carea' id='block_1_96' title="bbox 397 4869 2041 4946">
    <p class='ocr_par' dir='ltr' id='par_1_96' title="bbox 397 4869 2041 4946">
     <span class='ocr_line' id='line_1_96' title="bbox 397 4869 2041 4946; baseline -0.002 -19"><span class='ocrx_word' id='word_1_694' title='bbox 397 4871 703 4946; x_wconf 87' lang='grc' dir='ltr'>ὁμολογίας</span> <span class='ocrx_word' id='word_1_695' title='bbox 762 4874 895 4925; x_wconf 73' lang='grc' dir='ltr'>Θεοῦ</span> <span class='ocrx_word' id='word_1_696' title='bbox 948 4871 1213 4945; x_wconf 66' lang='grc' dir='ltr'>μάρτυρα.</span> <span class='ocrx_word' id='word_1_697' title='bbox 1280 4872 1370 4939; x_wconf 68' lang='lat' dir='ltr'><strong>Mi)</strong></span> <span class='ocrx_word' id='word_1_698' title='bbox 1434 4872 1537 4945; x_wconf 83' lang='grc' dir='ltr'><strong>γάρ</strong></span> <span class='ocrx_word' id='word_1_699' title='bbox 1606 4872 1667 4925; x_wconf 87' lang='grc' dir='ltr'><strong>οὐ</strong></span> <span class='ocrx_word' id='word_1_700' title='bbox 1746 4869 2041 4943; x_wconf 81' lang='grc' dir='ltr'>μαρτυρίου</span> 
     </span>
    </p>
   </div>
   <div class='ocr_carea' id='block_1_97' title="bbox 398 4957 2040 5037">
    <p class='ocr_par' dir='ltr' id='par_1_97' title="bbox 398 4957 2040 5037">
     <span class='ocr_line' id='line_1_97' title="bbox 398 4957 2040 5037; baseline -0.002 -21"><span class='ocrx_word' id='word_1_701' title='bbox 398 4960 654 5037; x_wconf 71' lang='grc' dir='ltr'>στέφανός</span> <span class='ocrx_word' id='word_1_702' title='bbox 703 4981 828 5029; x_wconf 75' lang='grc' dir='ltr'>σοις</span> <span class='ocrx_word' id='word_1_703' title='bbox 861 4958 946 5014; x_wconf 77' lang='grc' dir='ltr'><strong>ὅτι</strong></span> <span class='ocrx_word' id='word_1_704' title='bbox 1002 4957 1092 5014; x_wconf 82' lang='grc' dir='ltr'><strong>διά</strong></span> <span class='ocrx_word' id='word_1_705' title='bbox 1148 4961 1382 5031; x_wconf 84' lang='grc' dir='ltr'>Χριστὸν</span> <span class='ocrx_word' id='word_1_706' title='bbox 1435 4959 1730 5033; x_wconf 79' lang='grc' dir='ltr'>ἐξόριστος,</span> <span class='ocrx_word' id='word_1_707' title='bbox 1788 4957 2040 5028; x_wconf 74' lang='grc' dir='ltr'>ἄποικος,</span> 
     </span>
    </p>
   </div>
   <div class='ocr_carea' id='block_1_98' title="bbox 394 5047 2043 5121">
    <p class='ocr_par' dir='ltr' id='par_1_98' title="bbox 394 5047 2043 5121">
     <span class='ocr_line' id='line_1_98' title="bbox 394 5047 2043 5121; baseline -0.002 -14"><span class='ocrx_word' id='word_1_708' title='bbox 394 5049 677 5111; x_wconf 75' lang='grc' dir='ltr'>πολύτλας</span> <span class='ocrx_word' id='word_1_709' title='bbox 706 5071 718 5083; x_wconf 95' lang='grc'><strong>⁸</strong></span> <span class='ocrx_word' id='word_1_710' title='bbox 750 5048 841 5103; x_wconf 81' lang='grc' dir='ltr'><strong>καὶ</strong></span> <span class='ocrx_word' id='word_1_711' title='bbox 898 5053 1062 5105; x_wconf 74' lang='grc' dir='ltr'>ταῦτα</span> <span class='ocrx_word' id='word_1_712' title='bbox 1102 5049 1152 5104; x_wconf 84' lang='grc' dir='ltr'>ἐν</span> <span class='ocrx_word' id='word_1_713' title='bbox 1200 5048 1396 5121; x_wconf 81' lang='grc' dir='ltr'>ἀπαλῷ</span> <span class='ocrx_word' id='word_1_714' title='bbox 1443 5054 1521 5119; x_wconf 79' lang='grc' dir='ltr'>τῷ</span> <span class='ocrx_word' id='word_1_715' title='bbox 1562 5050 1773 5121; x_wconf 83' lang='grc' dir='ltr'>σώματι</span> <span class='ocrx_word' id='word_1_716' title='bbox 1828 5048 1950 5103; x_wconf 80' lang='grc' dir='ltr'>ὅσον</span> <span class='ocrx_word' id='word_1_717' title='bbox 1982 5047 2043 5103; x_wconf 80' lang='grc' dir='ltr'><strong>ἐκ</strong></span> 
     </span>
    </p>
   </div>
   <div class='ocr_carea' id='block_1_99' title="bbox 396 5135 2039 5218">
    <p class='ocr_par' dir='ltr' id='par_1_99' title="bbox 396 5135 2039 5218">
     <span class='ocr_line' id='line_1_99' title="bbox 396 5135 2039 5218; baseline -0.002 -23"><span class='ocrx_word' id='word_1_718' title='bbox 396 5141 646 5218; x_wconf 72' lang='grc' dir='ltr'>φύσεως·</span> <span class='ocrx_word' id='word_1_719' title='bbox 681 5138 1191 5215; x_wconf 79' lang='grc' dir='ltr'>προτετρυχωμὲνῳ</span> <span class='ocrx_word' id='word_1_720' title='bbox 1250 5135 1307 5191; x_wconf 76' lang='grc' dir='ltr'>δὲ</span> <span class='ocrx_word' id='word_1_721' title='bbox 1363 5138 1411 5207; x_wconf 78' lang='grc' dir='ltr'>ἐξ</span> <span class='ocrx_word' id='word_1_722' title='bbox 1472 5137 1771 5207; x_wconf 79' lang='grc' dir='ltr'>ἀσκητικῆς</span> <span class='ocrx_word' id='word_1_723' title='bbox 1819 5135 1923 5192; x_wconf 72' lang='grc' dir='ltr'>οἷδ’</span> <span class='ocrx_word' id='word_1_724' title='bbox 1955 5139 2039 5192; x_wconf 82' lang='grc' dir='ltr'><strong>ὅτι</strong></span> 
     </span>
    </p>
   </div>
   <div class='ocr_carea' id='block_1_100' title="bbox 395 5226 2038 5305">
    <p class='ocr_par' dir='ltr' id='par_1_100' title="bbox 395 5226 2038 5305">
     <span class='ocr_line' id='line_1_100' title="bbox 395 5226 2038 5305; baseline -0.003 -19"><span class='ocrx_word' id='word_1_725' title='bbox 395 5227 746 5303; x_wconf 86' lang='grc' dir='ltr'>θεοδρομίας.</span> <span class='ocrx_word' id='word_1_726' title='bbox 784 5226 951 5302; x_wconf 79' lang='grc' dir='ltr'>Αὐχεῖ</span> <span class='ocrx_word' id='word_1_727' title='bbox 981 5227 1031 5281; x_wconf 82' lang='grc' dir='ltr'>ἐν</span> <span class='ocrx_word' id='word_1_728' title='bbox 1065 5226 1148 5281; x_wconf 88' lang='grc' dir='ltr'><strong>σοὶ</strong></span> <span class='ocrx_word' id='word_1_729' title='bbox 1188 5230 1293 5280; x_wconf 86' lang='grc' dir='ltr'><strong>τῶν</strong></span> <span class='ocrx_word' id='word_1_730' title='bbox 1347 5227 1691 5304; x_wconf 63' lang='grc' dir='ltr'>όρθοιρρόνων</span> <span class='ocrx_word' id='word_1_731' title='bbox 1726 5227 1754 5282; x_wconf 82' lang='grc' dir='ltr'>ὁ</span> <span class='ocrx_word' id='word_1_732' title='bbox 1786 5229 1977 5305; x_wconf 82' lang='grc' dir='ltr'>χορὸς,</span> <span class='ocrx_word' id='word_1_733' title='bbox 2012 5227 2038 5281; x_wconf 87' lang='grc' dir='ltr'>ὁ</span> 
     </span>
    </p>
   </div>
   <div class='ocr_carea' id='block_1_101' title="bbox 391 5314 2041 5392">
    <p class='ocr_par' dir='ltr' id='par_1_101' title="bbox 391 5314 2041 5392">
     <span class='ocr_line' id='line_1_101' title="bbox 391 5314 2041 5392; baseline -0.002 -19"><span class='ocrx_word' id='word_1_734' title='bbox 391 5324 496 5385; x_wconf 80' lang='grc' dir='ltr'>τῆς</span> <span class='ocrx_word' id='word_1_735' title='bbox 546 5314 915 5390; x_wconf 83' lang='grc' dir='ltr'>Νικομηδείας</span> <span class='ocrx_word' id='word_1_736' title='bbox 959 5320 1145 5392; x_wconf 87' lang='grc' dir='ltr'>χῶρος</span> <span class='ocrx_word' id='word_1_737' title='bbox 1195 5315 1400 5390; x_wconf 83' lang='grc' dir='ltr'>χαίρει,</span> <span class='ocrx_word' id='word_1_738' title='bbox 1450 5317 1539 5370; x_wconf 84' lang='grc' dir='ltr'><strong>καὶ</strong></span> <span class='ocrx_word' id='word_1_739' title='bbox 1589 5314 1794 5388; x_wconf 78' lang='grc' dir='ltr'>εὐδοξεῖ</span> <span class='ocrx_word' id='word_1_740' title='bbox 1841 5322 2041 5389; x_wconf 83' lang='grc' dir='ltr'>προῖκα</span> 
     </span>
    </p>
   </div>
   <div class='ocr_carea' id='block_1_102' title="bbox 392 5394 2039 5483">
    <p class='ocr_par' dir='ltr' id='par_1_102' title="bbox 392 5394 2039 5483">
     <span class='ocr_line' id='line_1_102' title="bbox 392 5394 2039 5483; baseline -0.002 -20"><span class='ocrx_word' id='word_1_741' title='bbox 392 5403 850 5483; x_wconf 76' lang='grc' dir='ltr'>προϐαλλόμενός</span> <span class='ocrx_word' id='word_1_742' title='bbox 908 5426 964 5460; x_wconf 89' lang='grc' dir='ltr'><strong>σε</strong></span> <span class='ocrx_word' id='word_1_743' title='bbox 1014 5409 1081 5479; x_wconf 77' lang='grc' dir='ltr'>τῇ</span> <span class='ocrx_word' id='word_1_744' title='bbox 1141 5406 1228 5460; x_wconf 86' lang='grc' dir='ltr'>ὐπ’</span> <span class='ocrx_word' id='word_1_745' title='bbox 1281 5404 1502 5478; x_wconf 78' lang='grc' dir='ltr'>οὐρανόν</span> <span class='ocrx_word' id='word_1_746' title='bbox 1540 5424 1552 5436; x_wconf 95' lang='grc'><strong>⁸</strong></span> <span class='ocrx_word' id='word_1_747' title='bbox 1614 5394 2039 5479; x_wconf 65' lang='grc' dir='ltr'>ἀποσεισάμενος</span> 
     </span>
    </p>
   </div>
   <div class='ocr_carea' id='block_1_103' title="bbox 392 5490 2042 5568">
    <p class='ocr_par' dir='ltr' id='par_1_103' title="bbox 392 5490 2042 5568">
     <span class='ocr_line' id='line_1_103' title="bbox 392 5490 2042 5568; baseline -0.002 -16"><span class='ocrx_word' id='word_1_748' title='bbox 392 5496 463 5552; x_wconf 79' lang='grc' dir='ltr'><strong>τᾶ</strong></span> <span class='ocrx_word' id='word_1_749' title='bbox 489 5493 662 5550; x_wconf 77' lang='grc' dir='ltr'>πάλαι</span> <span class='ocrx_word' id='word_1_750' title='bbox 693 5492 1073 5567; x_wconf 82' lang='grc' dir='ltr'>θρυλλούμενα</span> <span class='ocrx_word' id='word_1_751' title='bbox 1101 5494 1161 5548; x_wconf 80' lang='grc' dir='ltr'><strong>ἐκ</strong></span> <span class='ocrx_word' id='word_1_752' title='bbox 1196 5497 1306 5548; x_wconf 89' lang='grc' dir='ltr'><strong>τῶν</strong></span> <span class='ocrx_word' id='word_1_753' title='bbox 1354 5490 1525 5549; x_wconf 82' lang='grc' dir='ltr'>ἐκεῖσε</span> <span class='ocrx_word' id='word_1_754' title='bbox 1568 5490 2042 5568; x_wconf 85' lang='grc' dir='ltr'>προεδρευσαντων</span> 
     </span>
    </p>
   </div>
   <div class='ocr_carea' id='block_1_104' title="bbox 468 5643 1561 5713">
    <p class='ocr_par' dir='ltr' id='par_1_104' title="bbox 468 5643 1561 5713">
     <span class='ocr_line' id='line_1_104' title="bbox 468 5643 1561 5713; baseline -0.005 -12"><span class='ocrx_word' id='word_1_755' title='bbox 468 5645 516 5682; x_wconf 79' lang='grc'><strong>⁹⁴</strong></span> <span class='ocrx_word' id='word_1_756' title='bbox 548 5648 595 5701; x_wconf 91' lang='grc' dir='ltr'>ΙΙ</span> <span class='ocrx_word' id='word_1_757' title='bbox 626 5646 753 5701; x_wconf 89' lang='lat' dir='ltr'><strong>Cor.</strong></span> <span class='ocrx_word' id='word_1_758' title='bbox 794 5661 869 5709; x_wconf 78' lang='lat' dir='ltr'><strong>v1,</strong></span> <span class='ocrx_word' id='word_1_759' title='bbox 920 5645 973 5699; x_wconf 90' lang='lat'><strong>3.</strong></span> <span class='ocrx_word' id='word_1_760' title='bbox 1051 5643 1097 5678; x_wconf 71' lang='lat'><strong>95</strong></span> <span class='ocrx_word' id='word_1_761' title='bbox 1145 5644 1352 5698; x_wconf 81' lang='lat' dir='ltr'><strong>Matth.</strong></span> <span class='ocrx_word' id='word_1_762' title='bbox 1385 5660 1440 5713; x_wconf 72' lang='grc' dir='ltr'><strong>κ,</strong></span> <span class='ocrx_word' id='word_1_763' title='bbox 1471 5643 1561 5697; x_wconf 80' lang='lat'><strong>32.</strong></span> 
     </span>
    </p>
   </div>
   <div class='ocr_carea' id='block_1_105' title="bbox 397 5716 1315 5790">
    <p class='ocr_par' dir='ltr' id='par_1_105' title="bbox 397 5716 1315 5790">
     <span class='ocr_line' id='line_1_105' title="bbox 397 5716 1315 5790; baseline -0.005 -15"><span class='ocrx_word' id='word_1_764' title='bbox 397 5720 570 5790; x_wconf 88' lang='lat' dir='ltr'><strong>isque</strong></span> <span class='ocrx_word' id='word_1_765' title='bbox 601 5716 862 5785; x_wconf 89' lang='lat' dir='ltr'><strong>mutilus,</strong></span> <span class='ocrx_word' id='word_1_766' title='bbox 893 5717 1050 5772; x_wconf 77' lang='lat' dir='ltr'><strong>extat</strong></span> <span class='ocrx_word' id='word_1_767' title='bbox 1079 5717 1136 5771; x_wconf 88' lang='lat' dir='ltr'><strong>in</strong></span> <span class='ocrx_word' id='word_1_768' title='bbox 1172 5731 1315 5771; x_wconf 87' lang='lat' dir='ltr'><strong>mss.</strong></span> 
     </span>
    </p>
   </div>
   <div class='ocr_carea' id='block_1_106' title="bbox 1640 5640 2141 5708">
    <p class='ocr_par' dir='ltr' id='par_1_106' title="bbox 1640 5640 2141 5708">
     <span class='ocr_line' id='line_1_106' title="bbox 1640 5640 2141 5708; baseline 0 -12"><span class='ocrx_word' id='word_1_769' title='bbox 1640 5640 1686 5676; x_wconf 69' lang='lat'><strong>9°</strong></span> <span class='ocrx_word' id='word_1_770' title='bbox 1715 5641 1884 5696; x_wconf 84' lang='lat' dir='ltr'><strong>Joan.</strong></span> <span class='ocrx_word' id='word_1_771' title='bbox 1937 5657 2012 5708; x_wconf 76' lang='lat' dir='ltr'><strong>v1,</strong></span> <span class='ocrx_word' id='word_1_772' title='bbox 2052 5641 2141 5696; x_wconf 88' lang='lat'><strong>37.</strong></span> 
     </span>
    </p>
   </div>
   <div class='ocr_carea' id='block_1_107' title="bbox 2152 4690 3795 4764">
    <p class='ocr_par' dir='ltr' id='par_1_107' title="bbox 2152 4690 3795 4764">
     <span class='ocr_line' id='line_1_107' title="bbox 2152 4690 3795 4764; baseline 0.002 -20"><span class='ocrx_word' id='word_1_773' title='bbox 2152 4691 2611 4752; x_wconf 85' lang='lat' dir='ltr'><strong>ﬁrmamentum,</strong></span> <span class='ocrx_word' id='word_1_774' title='bbox 2639 4690 2912 4746; x_wconf 86' lang='lat' dir='ltr'><strong>victorem</strong></span> <span class='ocrx_word' id='word_1_775' title='bbox 2935 4691 3148 4756; x_wconf 88' lang='lat' dir='ltr'><strong>virum,</strong></span> <span class='ocrx_word' id='word_1_776' title='bbox 3171 4690 3579 4746; x_wconf 78' lang='lat' dir='ltr'><strong>Christiferum</strong></span> <span class='ocrx_word' id='word_1_777' title='bbox 3605 4692 3795 4764; x_wconf 88' lang='lat' dir='ltr'><strong>ponti-</strong></span> 
     </span>
    </p>
   </div>
   <div class='ocr_carea' id='block_1_108' title="bbox 2152 4779 3794 4850">
    <p class='ocr_par' dir='ltr' id='par_1_108' title="bbox 2152 4779 3794 4850">
     <span class='ocr_line' id='line_1_108' title="bbox 2152 4779 3794 4850; baseline 0.003 -17"><span class='ocrx_word' id='word_1_778' title='bbox 2152 4780 2341 4849; x_wconf 84' lang='lat' dir='ltr'><strong>ﬁcem,</strong></span> <span class='ocrx_word' id='word_1_779' title='bbox 2381 4780 2763 4835; x_wconf 75' lang='lat' dir='ltr'><strong>confessionis</strong></span> <span class='ocrx_word' id='word_1_780' title='bbox 2817 4779 2918 4835; x_wconf 91' lang='lat' dir='ltr'><strong>Dei</strong></span> <span class='ocrx_word' id='word_1_781' title='bbox 2982 4785 3315 4850; x_wconf 84' lang='lat' dir='ltr'><strong>martyrem.</strong></span> <span class='ocrx_word' id='word_1_782' title='bbox 3370 4784 3578 4837; x_wconf 83' lang='lat' dir='ltr'><strong>Annon</strong></span> <span class='ocrx_word' id='word_1_783' title='bbox 3641 4782 3794 4838; x_wconf 90' lang='lat' dir='ltr'><strong>enim</strong></span> 
     </span>
    </p>
   </div>
   <div class='ocr_carea' id='block_1_109' title="bbox 2154 4868 3797 4944">
    <p class='ocr_par' dir='ltr' id='par_1_109' title="bbox 2154 4868 3797 4944">
     <span class='ocr_line' id='line_1_109' title="bbox 2154 4868 3797 4944; baseline 0.003 -21"><span class='ocrx_word' id='word_1_784' title='bbox 2154 4868 2410 4941; x_wconf 80' lang='lat' dir='ltr'><strong>martyrii</strong></span> <span class='ocrx_word' id='word_1_785' title='bbox 2460 4885 2671 4924; x_wconf 89' lang='lat' dir='ltr'><strong>corona</strong></span> <span class='ocrx_word' id='word_1_786' title='bbox 2741 4870 2839 4924; x_wconf 89' lang='lat' dir='ltr'><strong>tibi</strong></span> <span class='ocrx_word' id='word_1_787' title='bbox 2922 4875 3130 4941; x_wconf 69' lang='lat' dir='ltr'><strong>praesto</strong></span> <span class='ocrx_word' id='word_1_788' title='bbox 3195 4871 3327 4927; x_wconf 81' lang='lat' dir='ltr'><strong>est?</strong></span> <span class='ocrx_word' id='word_1_789' title='bbox 3399 4869 3497 4941; x_wconf 92' lang='lat' dir='ltr'><strong>qui</strong></span> <span class='ocrx_word' id='word_1_790' title='bbox 3567 4876 3797 4944; x_wconf 83' lang='lat' dir='ltr'><strong>propter</strong></span> 
     </span>
    </p>
   </div>
   <div class='ocr_carea' id='block_1_110' title="bbox 2150 4957 3797 5031">
    <p class='ocr_par' dir='ltr' id='par_1_110' title="bbox 2150 4957 3797 5031">
     <span class='ocr_line' id='line_1_110' title="bbox 2150 4957 3797 5031; baseline 0.001 -18"><span class='ocrx_word' id='word_1_791' title='bbox 2150 4957 2442 5013; x_wconf 86' lang='lat' dir='ltr'><strong>Christum</strong></span> <span class='ocrx_word' id='word_1_792' title='bbox 2478 4957 2639 5012; x_wconf 78' lang='lat' dir='ltr'><strong>exsul</strong></span> <span class='ocrx_word' id='word_1_793' title='bbox 2668 4962 2725 5013; x_wconf 87' lang='lat' dir='ltr'><strong>et</strong></span> <span class='ocrx_word' id='word_1_794' title='bbox 2753 4959 3088 5029; x_wconf 74' lang='lat' dir='ltr'><strong>peregrinus</strong></span> <span class='ocrx_word' id='word_1_795' title='bbox 3118 4975 3322 5031; x_wconf 87' lang='lat' dir='ltr'><strong>graves</strong></span> <span class='ocrx_word' id='word_1_796' title='bbox 3367 4976 3653 5015; x_wconf 50' lang='lat' dir='ltr'><strong>erumnas</strong></span> <span class='ocrx_word' id='word_1_797' title='bbox 3693 4978 3797 5016; x_wconf 86' lang='lat' dir='ltr'><strong>sv-</strong></span> 
     </span>
    </p>
   </div>
   <div class='ocr_carea' id='block_1_111' title="bbox 2150 5049 3796 5122">
    <p class='ocr_par' dir='ltr' id='par_1_111' title="bbox 2150 5049 3796 5122">
     <span class='ocr_line' id='line_1_111' title="bbox 2150 5049 3796 5122; baseline 0.003 -19"><span class='ocrx_word' id='word_1_798' title='bbox 2150 5050 2354 5115; x_wconf 87' lang='lat' dir='ltr'><strong>stines,</strong></span> <span class='ocrx_word' id='word_1_799' title='bbox 2382 5049 2632 5121; x_wconf 87' lang='lat' dir='ltr'><strong>idquein</strong></span> <span class='ocrx_word' id='word_1_800' title='bbox 2679 5066 2916 5122; x_wconf 85' lang='lat' dir='ltr'><strong>corpore</strong></span> <span class='ocrx_word' id='word_1_801' title='bbox 2947 5054 3072 5106; x_wconf 90' lang='lat' dir='ltr'><strong>tum</strong></span> <span class='ocrx_word' id='word_1_802' title='bbox 3106 5055 3312 5106; x_wconf 87' lang='lat' dir='ltr'><strong>natura</strong></span> <span class='ocrx_word' id='word_1_803' title='bbox 3342 5068 3448 5107; x_wconf 89' lang='lat' dir='ltr'><strong>sua</strong></span> <span class='ocrx_word' id='word_1_804' title='bbox 3477 5051 3796 5121; x_wconf 89' lang='lat' dir='ltr'><strong>imbecillo,</strong></span> 
     </span>
    </p>
   </div>
   <div class='ocr_carea' id='block_1_112' title="bbox 2151 5137 3797 5208">
    <p class='ocr_par' dir='ltr' id='par_1_112' title="bbox 2151 5137 3797 5208">
     <span class='ocr_line' id='line_1_112' title="bbox 2151 5137 3797 5208; baseline 0.002 -17"><span class='ocrx_word' id='word_1_805' title='bbox 2151 5143 2275 5192; x_wconf 88' lang='lat' dir='ltr'><strong>tum</strong></span> <span class='ocrx_word' id='word_1_806' title='bbox 2328 5137 2610 5208; x_wconf 89' lang='lat' dir='ltr'><strong>pristinis,</strong></span> <span class='ocrx_word' id='word_1_807' title='bbox 2660 5142 2752 5192; x_wconf 87' lang='lat' dir='ltr'><strong>sat</strong></span> <span class='ocrx_word' id='word_1_808' title='bbox 2798 5137 2939 5204; x_wconf 88' lang='lat' dir='ltr'><strong>scio,</strong></span> <span class='ocrx_word' id='word_1_809' title='bbox 3008 5138 3267 5192; x_wconf 77' lang='lat' dir='ltr'><strong>asceticze</strong></span> <span class='ocrx_word' id='word_1_810' title='bbox 3315 5138 3447 5192; x_wconf 73' lang='lat' dir='ltr'><strong>vita:</strong></span> <span class='ocrx_word' id='word_1_811' title='bbox 3502 5138 3797 5195; x_wconf 87' lang='lat' dir='ltr'><strong>laboribus</strong></span> 
     </span>
    </p>
   </div>
   <div class='ocr_carea' id='block_1_113' title="bbox 2151 5225 3798 5295">
    <p class='ocr_par' dir='ltr' id='par_1_113' title="bbox 2151 5225 3798 5295">
     <span class='ocr_line' id='line_1_113' title="bbox 2151 5225 3798 5295; baseline 0 -13"><span class='ocrx_word' id='word_1_812' title='bbox 2151 5228 2368 5282; x_wconf 87' lang='lat' dir='ltr'><strong>attrito.</strong></span> <span class='ocrx_word' id='word_1_813' title='bbox 2403 5226 2697 5283; x_wconf 87' lang='lat' dir='ltr'><strong>Gloriatur</strong></span> <span class='ocrx_word' id='word_1_814' title='bbox 2727 5228 2783 5282; x_wconf 91' lang='lat' dir='ltr'><strong>in</strong></span> <span class='ocrx_word' id='word_1_815' title='bbox 2815 5235 2865 5282; x_wconf 90' lang='lat' dir='ltr'><strong>te</strong></span> <span class='ocrx_word' id='word_1_816' title='bbox 2886 5225 3339 5282; x_wconf 78' lang='lat' dir='ltr'><strong>orthodoxorum</strong></span> <span class='ocrx_word' id='word_1_817' title='bbox 3371 5226 3602 5295; x_wconf 91' lang='lat' dir='ltr'><strong>chorus,</strong></span> <span class='ocrx_word' id='word_1_818' title='bbox 3638 5228 3798 5283; x_wconf 68' lang='lat' dir='ltr'><strong>laeta-</strong></span> 
     </span>
    </p>
   </div>
   <div class='ocr_carea' id='block_1_114' title="bbox 2147 5314 3795 5386">
    <p class='ocr_par' dir='ltr' id='par_1_114' title="bbox 2147 5314 3795 5386">
     <span class='ocr_line' id='line_1_114' title="bbox 2147 5314 3795 5386; baseline 0 -15"><span class='ocrx_word' id='word_1_819' title='bbox 2147 5320 2246 5371; x_wconf 87' lang='lat' dir='ltr'><strong>tur</strong></span> <span class='ocrx_word' id='word_1_820' title='bbox 2273 5315 2781 5371; x_wconf 82' lang='lat' dir='ltr'><strong>Nicomediensum</strong></span> <span class='ocrx_word' id='word_1_821' title='bbox 2805 5314 3026 5384; x_wconf 87' lang='lat' dir='ltr'><strong>civitas,</strong></span> <span class='ocrx_word' id='word_1_822' title='bbox 3050 5319 3108 5370; x_wconf 94' lang='lat' dir='ltr'><strong>et</strong></span> <span class='ocrx_word' id='word_1_823' title='bbox 3139 5315 3459 5386; x_wconf 90' lang='lat' dir='ltr'><strong>triumphat</strong></span> <span class='ocrx_word' id='word_1_824' title='bbox 3488 5315 3645 5371; x_wconf 90' lang='lat' dir='ltr'><strong>orbis</strong></span> <span class='ocrx_word' id='word_1_825' title='bbox 3685 5323 3795 5371; x_wconf 88' lang='lat' dir='ltr'><strong>ter-</strong></span> 
     </span>
    </p>
   </div>
   <div class='ocr_carea' id='block_1_115' title="bbox 2149 5404 3798 5472">
    <p class='ocr_par' dir='ltr' id='par_1_115' title="bbox 2149 5404 3798 5472">
     <span class='ocr_line' id='line_1_115' title="bbox 2149 5404 3798 5472; baseline -0.001 -11"><span class='ocrx_word' id='word_1_826' title='bbox 2149 5421 2345 5461; x_wconf 85' lang='lat' dir='ltr'><strong>rarum</strong></span> <span class='ocrx_word' id='word_1_827' title='bbox 2391 5411 2445 5460; x_wconf 87' lang='lat' dir='ltr'><strong>te</strong></span> <span class='ocrx_word' id='word_1_828' title='bbox 2522 5409 2858 5472; x_wconf 84' lang='lat' dir='ltr'><strong>ostentans;</strong></span> <span class='ocrx_word' id='word_1_829' title='bbox 2921 5412 2974 5459; x_wconf 91' lang='lat' dir='ltr'><strong>et</strong></span> <span class='ocrx_word' id='word_1_830' title='bbox 3028 5407 3222 5460; x_wconf 88' lang='lat' dir='ltr'><strong>vetera</strong></span> <span class='ocrx_word' id='word_1_831' title='bbox 3286 5405 3422 5459; x_wconf 91' lang='lat' dir='ltr'><strong>olim</strong></span> <span class='ocrx_word' id='word_1_832' title='bbox 3493 5404 3798 5461; x_wconf 84' lang='lat' dir='ltr'><strong>decantata</strong></span> 
     </span>
    </p>
   </div>
   <div class='ocr_carea' id='block_1_116' title="bbox 2151 5493 3798 5567">
    <p class='ocr_par' dir='ltr' id='par_1_116' title="bbox 2151 5493 3798 5567">
     <span class='ocr_line' id='line_1_116' title="bbox 2151 5493 3798 5567; baseline -0.001 -15"><span class='ocrx_word' id='word_1_833' title='bbox 2151 5495 2460 5566; x_wconf 69' lang='lat' dir='ltr'><strong>praesulam</strong></span> <span class='ocrx_word' id='word_1_834' title='bbox 2487 5511 2726 5550; x_wconf 91' lang='lat' dir='ltr'><strong>suorum</strong></span> <span class='ocrx_word' id='word_1_835' title='bbox 2761 5496 2974 5565; x_wconf 88' lang='lat' dir='ltr'><strong>probra</strong></span> <span class='ocrx_word' id='word_1_836' title='bbox 3013 5494 3333 5565; x_wconf 86' lang='lat' dir='ltr'><strong>depellens.</strong></span> <span class='ocrx_word' id='word_1_837' title='bbox 3365 5496 3443 5549; x_wconf 92' lang='lat' dir='ltr'><strong>Ac</strong></span> <span class='ocrx_word' id='word_1_838' title='bbox 3493 5493 3540 5549; x_wconf 84' lang='lat' dir='ltr'><strong>si</strong></span> <span class='ocrx_word' id='word_1_839' title='bbox 3572 5493 3798 5567; x_wconf 83' lang='lat' dir='ltr'><strong>prOprie</strong></span> 
     </span>
    </p>
   </div>
   <div class='ocr_carea' id='block_1_117' title="bbox 2218 5636 3796 5708">
    <p class='ocr_par' dir='ltr' id='par_1_117' title="bbox 2218 5636 3796 5708">
     <span class='ocr_line' id='line_1_117' title="bbox 2218 5636 3796 5708; baseline -0.004 -11"><span class='ocrx_word' id='word_1_840' title='bbox 2218 5641 2264 5675; x_wconf 77' lang='lat'><strong>97</strong></span> <span class='ocrx_word' id='word_1_841' title='bbox 2294 5641 2465 5697; x_wconf 85' lang='lat' dir='ltr'><strong>Hebr.</strong></span> <span class='ocrx_word' id='word_1_842' title='bbox 2506 5656 2566 5706; x_wconf 71' lang='grc' dir='ltr'><strong>κ,</strong></span> <span class='ocrx_word' id='word_1_843' title='bbox 2599 5639 2687 5694; x_wconf 90' lang='lat'><strong>38.</strong></span> <span class='ocrx_word' id='word_1_844' title='bbox 2765 5639 2808 5674; x_wconf 69' lang='lat'><strong>93</strong></span> <span class='ocrx_word' id='word_1_845' title='bbox 2841 5639 3092 5694; x_wconf 88' lang='lat' dir='ltr'><strong>Tantum</strong></span> <span class='ocrx_word' id='word_1_846' title='bbox 3125 5637 3301 5708; x_wconf 88' lang='lat' dir='ltr'><strong>hujus</strong></span> <span class='ocrx_word' id='word_1_847' title='bbox 3349 5636 3517 5708; x_wconf 86' lang='lat' dir='ltr'><strong>epist.</strong></span> <span class='ocrx_word' id='word_1_848' title='bbox 3567 5636 3796 5704; x_wconf 90' lang='lat' dir='ltr'><strong>titulus,</strong></span> 
     </span>
    </p>
   </div>
  </div>
