4084 6284
406 370 560 436 1123

1649 371 1712 433 S.
1757 371 2154 435 THEODORI
2197 368 2342 432 STU
2355 368 2556 433 DITIE

3621 377 3756 438 1124

407 506 591 580 magis
621 506 980 580 loquendum
1011 509 1114 575 est,
1137 505 1387 564 exsultat
1407 506 1599 564 animo
1621 512 1849 564 sanctus
1870 512 2043 565 Tara-

2161 501 2364 576 ὀνείδη.
2399 505 2460 562 Εἰ
2518 503 2576 562 δέ
2629 525 2681 561 τι
2741 504 3067 583 οἶκειότερον
3128 503 3211 562 δεῖ
3284 505 3486 585 φάναι·
3542 508 3760 585 θυμηδιᾷ

406 600 546 668 sius,
581 615 648 654 ex
677 596 846 654 caula
877 595 1169 668 manuque
1197 613 1304 651 sua
1352 597 1515 669 prius
1565 613 1749 666 ovem,
1782 602 1906 654 tum
1938 615 2041 670 pa-

404 693 617 744 storem
665 687 946 759 inelytum
994 686 1193 740 videns
1263 685 1695 758 depugnantem
1741 689 1930 756 modo,
1984 692 2042 744 et

406 777 720 834 discrimen
748 792 919 832 omne
942 779 1224 847 petentem
1249 791 1352 846 pro
1384 775 1497 830 ﬁde
1536 776 1854 832 orthodoxa
1888 794 1902 832 :
1939 777 2040 849 qui

404 869 552 939 quod
586 869 646 923 in
679 884 742 924 se
787 870 931 934 erat,
966 881 1066 938 per
1113 865 1402 936 synodum
1453 864 1554 920 Dei
1584 867 1767 936 gratia
1797 867 2044 924 contulit

403 957 764 1028 temporibus
789 957 1089 1027 Augustae,
1123 970 1248 1026 quae
1293 953 1449 1024 pacis
1492 970 1815 1026 cognomen
1861 958 2044 1028 gessit

404 1050 458 1101 et
489 1062 692 1118 pacem
742 1045 920 1113 dedit,
972 1044 1053 1099 ita
1102 1047 1165 1098 ut
1213 1059 1305 1099 res
1355 1044 1490 1114 ipsa!
1542 1044 1874 1101 nominibus
1909 1051 2040 1118 apte

403 1140 806 1206 congruerent.
842 1133 1056 1190 Verum
1085 1134 1184 1190 illa
1206 1135 1436 1201 quidem
1471 1133 1555 1188 sic
1589 1135 1854 1191 fuerunt:
1892 1154 2042 1208 pra:-

402 1224 586 1280 sentia
618 1240 747 1280 vero
779 1240 974 1280 amara
1003 1228 1068 1294 et
1115 1224 1400 1279 luctuosa.
1434 1223 1541 1287 Qui
1617 1225 1770 1279 enim
1830 1229 2042 1287 aliter?

405 1315 688 1371 altaribus
735 1315 1158 1384 exterminatis,
1209 1319 1422 1374 eversis
1473 1319 1755 1390 ecclesiis,
1809 1337 2039 1377 sursum

404 1405 674 1460 deorsum
709 1404 905 1460 omnia
929 1405 1208 1461 miscente
1239 1406 1466 1474 haeresi,
1499 1415 1554 1463 et
1584 1410 1876 1466 Christum
1908 1427 2040 1466 cum

403 1499 588 1549 matre
618 1498 674 1549 et
703 1495 879 1549 servis
929 1494 1052 1549 suis
1097 1505 1493 1567 persequente.
1533 1502 1614 1552 An
1674 1515 1806 1554 vero
1852 1514 2042 1570 perse-

403 1584 695 1638 cutionem
747 1582 897 1652 passi
965 1600 1080 1639 non
1147 1589 1301 1650 sunt,
1346 1586 1586 1655 dejectis
1635 1592 1690 1642 et
1737 1589 2042 1660 prostratis

404 1672 622 1727 sanctis
654 1672 913 1744 ipsorum
945 1672 1344 1746 imaginibus?
1374 1675 1523 1730 Num
1556 1692 1712 1747 ergo,
1747 1677 1795 1731 si
1830 1677 2041 1733 viviﬁci

406 1759 548 1832 ligni
579 1765 751 1832 typus
801 1760 1116 1831 aholeatur,
1163 1762 1449 1820 sublatam
1499 1781 1529 1818 e
1572 1767 1756 1820 medio
1813 1782 2038 1822 crucem

2148 595 2417 667 Ταράσιος
2448 596 2475 650 6
2507 595 2558 650 έν
2586 596 2785 672 ἁγίοις,
2819 595 2878 650 ἐκ
2905 602 3006 665 τῆς
3037 595 3202 650 αὐτοῦ
3251 594 3425 665 αὐλῆς
3471 598 3556 653 καὶ
3595 602 3760 674 χειρὸς

2148 680 2425 759 πρόϐατον
2483 685 2634 759 πρὶν,
2695 681 2880 739 ἔπειτα
2954 683 3191 757 ποιμένα
3247 681 3571 758 περιϐόητον
3621 688 3767 763 ὁρῶν,

2147 777 2306 828 τανῦν
2362 772 2758 848 ἀγωνιζόμενον
2819 773 2908 828 καὶ
2975 770 3458 848 προκινδυνεύοντα
3508 775 3631 849 ὑπὲρ
3685 779 3770 851 ὀρ-

2148 861 2431 934 θοδοξίας·
2551 866 2928 941 συνεισήνεγκε
2984 865 3050 919 τὰ
3098 865 3222 939 παρ’
3253 865 3444 920 ἑαυτοῦ
3498 863 3768 929 συνοδικῶς

2150 954 2336 1032 χάριτι
2378 958 2511 1008 Θεοῦ
2563 952 2614 1007 έν
2657 954 2893 1026 ἡμέραις
2944 952 3229 1016 Βασιλείας
3285 953 3646 1029 εἰρηνωνύμου
3687 958 3769 1010 καὶ

2149 1039 2548 1116 εἰρηνοδώρου·
2584 1042 2660 1102 ὡς
2688 1038 3008 1118 συνδραμεῖν
3041 1041 3377 1120 φερωνύμως
3411 1049 3522 1105 τοῖς
3560 1043 3772 1116 ὀνόμασι

2147 1131 2212 1186 τα
2267 1131 2580 1207 πράγματα.
2615 1129 2770 1186 Ἀλλ’
2811 1130 2987 1186 ἐκεῖνα
3033 1133 3128 1204 μὲν
3179 1136 3420 1187 τοιαῦτα.
3457 1134 3540 1190 Τὰ
3592 1131 3644 1188 δὲ
3689 1138 3770 1188 νῦν

2147 1223 2317 1295 πικρά
2368 1244 2426 1277 τε
2480 1222 2572 1276 καὶ
2629 1219 2896 1279 ἐπώδυνα.
2935 1227 3062 1286 Πῶς
3111 1223 3215 1300 γὰρ
3264 1221 3366 1292 cii;
3398 1224 3770 1300 θυσιαστηρίων

2149 1311 2575 1390 ἀφανιζομένων,
2629 1311 2937 1382 ἐκκλησιῶν
3039 1313 3452 1389 πορθουμένων,
3511 1311 3612 1369 ἄνω
3692 1315 3775 1370 καί

2147 1403 2295 1457 κάτω
2325 1405 2580 1472 κυκώσης
2626 1409 2726 1472 τῆς
2770 1401 3048 1476 αἱρέσεως,
3078 1404 3168 1458 καὶ
3209 1405 3437 1478 Χριστὸν
3487 1402 3775 1474 διωκούσης

2149 1491 2240 1547 σὺν
2281 1491 2449 1566 μητρὶ
2479 1493 2568 1547 καὶ
2619 1493 2964 1567 θεράπουσιν.
2997 1500 3064 1548 *Η
3094 1493 3196 1569 γὰρ
3257 1490 3364 1568 οὐχ
3412 1495 3560 1549 οὗτοι
3601 1491 3778 1549 δεδιω-

2150 1580 2371 1656 γμένοι,
2420 1585 2529 1635 τῶν
2587 1581 2753 1655 ἁγίων
2828 1580 3052 1636 εἰκόνων
3127 1581 3301 1636 αὐτῶν
3368 1581 3775 1656 πορθουμένων;

2153 1671 2214 1728 Ei
2250 1672 2323 1743 μὴ
2359 1669 2462 1744 ἄρα
2489 1670 2578 1725 καὶ
2632 1674 2728 1725 τοῦ
2771 1671 2944 1726 τύπου
2987 1676 3083 1726 τοῦ
3129 1675 3405 1741 ζωοποιοῦ
3449 1669 3608 1742 ξύλου
3652 1672 3780 1748 ἀφα-

2150 1758 2456 1831 νιζομένου,
2533 1758 2684 1834 λέγοι
2765 1780 2847 1820 τις
2927 1759 3018 1814 τὸν
3087 1759 3311 1832 σταυρὸν
3395 1761 3472 1832 μὴ
3553 1758 3776 1815 ἐκποδὼν

406 1851 540 1922 quis
571 1850 785 1922 neget?
814 1852 972 1917 Quod
1004 1852 1051 1907 si
1095 1853 1155 1907 in
1199 1858 1329 1924 typo
1361 1854 1472 1910 dici
1523 1854 1630 1910 hoc
1680 1854 1840 1910 nullo
1873 1857 2042 1912 modo

2153 1848 2437 1923 γενέσθαι;
2473 1847 2532 1902 Εἰ
2591 1844 2646 1901 δὲ
2691 1844 2778 1901 ἐπὶ
2835 1843 2994 1901 τοῦδε
3037 1845 3146 1922 οὐχ
3197 1846 3370 1908 οὕτως
3423 1842 3640 1901 δοτέονο
3670 1852 3777 1908 πῶς

405 1944 616 2011 potest,
646 1957 749 1995 cur
778 1958 892 1996 non
941 1941 1097 1998 idem
1129 1943 1304 1999 etiam
1341 1943 1401 1999 in
1442 1945 1691 2015 imagine
1741 1944 2037 2002 fatendum

405 2028 851 2100 sit?siquidem
902 2039 956 2087 et
1003 2041 1173 2105 typus
1220 2034 1354 2104 ipse.
1388 2033 1582 2106 imago
1631 2040 1739 2103 est,
1801 2051 1867 2090 ac
1923 2036 2043 2092 vice

403 2134 571 2174 versa
601 2119 850 2176 recurrit
887 2121 1093 2178 oratio.
1151 2125 1222 2178 At
1260 2124 1531 2192 quisnam
1567 2141 1671 2197 ego
1701 2142 1831 2181 sum
1867 2126 2045 2182 miser

407 2213 462 2265 et
509 2226 812 2265 sacrorum
861 2212 1191 2282 imperitus,
1248 2214 1348 2285 qui
1397 2213 1756 2286 haecﬁdivino
1807 2216 1958 2272 Patri
1988 2220 2045 2272 et

405 2298 684 2370 magistro
758 2301 1125 2357 edisseram?
1170 2303 1254 2357 Tu
1305 2303 1425 2372 ipse
1474 2320 1602 2370 nos,
1650 2305 2041 2372 sanctissime,

405 2388 741 2459 perfectiora
773 2389 935 2458 doce,
968 2395 1029 2446 ut
1059 2391 1271 2447 divinis
1302 2392 1599 2449 imbutus:
1656 2398 1718 2448 tu
1754 2395 1920 2450 factis
1952 2395 2044 2449 in-

403 2481 564 2532 strue
593 2479 664 2532 ad
698 2479 917 2534 fortiter
958 2481 1248 2537 ferendam
1285 2487 1626 2553 praesentem
1659 2500 1760 2539 seu
1789 2483 2042 2554 castiga-

404 2565 644 2633 tionem,
695 2584 794 2624 seu
840 2568 1233 2640 probationem
1272 2588 1285 2625 :
1318 2587 1567 2644 quorum
1599 2571 1741 2627 illud
1793 2574 1952 2645 prius
1981 2573 2041 2630 in

407 2673 514 2716 nos
545 2659 792 2729 quadrat
824 2665 1054 2731 propter
1101 2665 1372 2731 peccata:
1401 2662 1691 2732 posterius
1729 2661 1788 2717 in
1819 2668 1874 2718 te
1905 2680 2042 2734 pro-

404 2755 532 2823 pter
567 2751 824 2807 divinam
855 2750 1199 2806 charitatem
1256 2750 1466 2806 Christi
1505 2768 1518 2805 :
1552 2767 1726 2822 quem
1777 2755 1838 2807 tu
1881 2769 2044 2808 orare

406 2856 477 2895 ne
497 2855 689 2896 cesses
721 2847 783 2895 ut
816 2839 1130 2911 impietatis
1177 2839 1443 2895 umbram
1483 2840 1778 2907 discutiat,
1809 2846 1865 2897 et
1895 2857 2046 2898 sere-

401 2946 476 2984 no
515 2928 844 3000 tranquilla:
892 2928 1028 2984 ﬁdei
1070 2927 1330 2985 diluculo
1379 2928 1676 2985 celerrime
1735 2935 2040 3002 permutet.

889 3053 955 3108 V.
989 3084 1057 3094 --
1084 3053 1392 3109 Naucran’o
1417 3053 1553 3124 ﬁlio.

2153 1936 2281 2010 οὐχὶ
2334 1938 2424 1990 καὶ
2481 1935 2570 1991 ἐπὶ
2622 1943 2723 2005 τῆς
2763 1935 2968 1998 εἲκόνος
3001 1939 3459 2013 συγκαταθετέον;
3495 1939 3646 1993 εἰκὼν
3687 1937 3779 2014 γὰρ

2151 2028 2241 2082 καὶ
2299 2028 2327 2082 6
2384 2027 2588 2091 τύποςο
2650 2029 2724 2087 ὼς
2798 2025 3064 2082 ἀνάπαλιν
3141 2028 3481 2102 ἀντιστρέφει
3531 2030 3559 2083 6
3605 2027 3780 2104 λόγος.

2151 2114 2324 2171 Ἀλλά
2395 2115 2478 2178 τίς
2530 2114 2644 2188 εἶμι
2687 2116 2714 2170 6
2759 2114 2926 2177 τάλας
2976 2116 3068 2170 καὶ
3127 2116 3401 2189 ἀμύητος,
3461 2117 3587 2190 θείῳ
3627 2116 3781 2189 Πατρὶ

2149 2206 2241 2260 καὶ
2274 2201 2584 2277 διδασκάλῳ
2616 2203 2948 2281 αἰτιολογῶν
2980 2208 3145 2260 ταῦτα
3171 2225 3183 2274 ;
3213 2207 3286 2260 Σὺ
3319 2208 3467 2279 ἡμᾶς
3501 2203 3780 2273 διδάσκοις,

2153 2295 2196 2347 ὧ
2228 2294 2508 2368 ἱερώτατε,
2537 2293 2604 2348 τὰ
2655 2293 2956 2368 τελεώτερα
3004 2293 3080 2356 ὡς
3133 2295 3446 2367 θεομύητος
3472 2315 3484 2328 ·
3519 2296 3605 2349 καὶ
3651 2290 3784 2370 ἔργῳ

2151 2381 2428 2445 παιδεύοις
2487 2380 2667 2456 φέρειν
2722 2387 2999 2458 καρτερῶς
3053 2384 3152 2452 τήν
3209 2387 3300 2437 νῦν
3369 2383 3482 2439 εἴτε
3534 2381 3781 2445 παιδείαν,

2151 2471 2258 2528 εἴτε
2315 2469 2638 2544 δοκιμασίαν
2662 2490 2675 2504 ·
2707 2473 2769 2526 τὸ
2799 2477 3014 2545 πρῶτον
3046 2471 3124 2549 ἐφ’
3159 2475 3291 2545 ἡμῖν
3349 2470 3439 2527 διὰ
3500 2475 3593 2536 τὰς
3623 2474 3787 2548 ἁμαρ-

2150 2562 2306 2625 τίας·
2350 2562 2413 2618 τὸ
2471 2560 2716 2638 δεύτερον
2786 2559 2873 2616 ἐπὶ
2943 2561 3050 2632 σοί,
3084 2560 3172 2617 διὰ
3227 2565 3326 2632 τήν
3389 2563 3535 2618 θείαν
3588 2563 3785 2638 ἀγάπην

2149 2653 2380 2726 Χριστοῦ
2458 2652 2504 2724 ᾧ
2562 2648 2857 2706 λιτανεύειν
2921 2652 2997 2723 μή
3057 2649 3328 2714 έλλείτοις
3384 2649 3648 2726 ἐκπρέψαι
3699 2651 3787 2718 τήν

2147 2745 2247 2806 τῆς
2307 2735 2553 2804 ἀσεϐείας
2610 2739 2759 2795 σκιὰν
2819 2740 2895 2801 εἰς
2936 2740 3145 2814 πρωίαν
3178 2740 3460 2814 εἰρηνικῆς
3493 2737 3788 2816 όρθοδοξίας

2147 2833 2408 2911 τάχιστα.

2439 3055 2515 3109 Ε⁸.
2549 3085 2618 3095 --
2649 3051 3044 3128 Ναυκρατίῳ
3093 3054 3314 3127 τέκνῳ.
3349 3057 3524 3128 [ριε’.]

461 3187 711 3238 Τὴοάὰωί
740 3185 986 3237 monachi
1017 3187 1330 3236 martirium.
1369 3187 1439 3236 De
1469 3186 1786 3250 quibusdam
1819 3185 1986 3250 lapsis
2006 3187 2240 3251 querela.
2266 3185 2508 3236 Hortatio
2540 3186 2606 3236 ad
2637 3186 3009 3238 constantiam.
3034 3187 3248 3250 (Baron.
3278 3200 3364 3237 an.
3395 3187 3513 3248 814,
3537 3201 3590 3238 n.
3617 3188 3712 3250 55.)

473 3305 720 3361 Nuntius
753 3320 931 3376 supra
973 3303 1266 3370 nuntium,
1300 3307 1356 3359 et
1385 3320 1574 3360 sermo
1607 3319 1784 3374 supra
1813 3320 2041 3360 sermo-
2069 3307 2113 3374 α

402 3411 558 3451 nem.
604 3394 749 3458 Quid
797 3394 1008 3463 dicam,
1044 3403 1142 3448 aut
1188 3393 1330 3466 quid
1383 3392 1630 3464 loquar?
1677 3396 1859 3459 Quem
1904 3411 2038 3449 sen-

401 3501 534 3541 sum
582 3485 762 3539 miser
803 3483 1026 3555 capiam
1078 3483 1137 3538 in
1170 3483 1242 3537 iis
1294 3500 1422 3554 quae.
1469 3483 1850 3538 acciderunt?
1893 3485 2039 3540 Gau-

401 3575 559 3630 dium
593 3572 733 3629 mihi
757 3579 814 3628 et
844 3573 1031 3639 dolor,
1061 3573 1330 3644 jubilatio
1353 3581 1404 3628 et
1434 3572 1648 3628 luctus.
1683 3573 1743 3628 In
1767 3571 2038 3630 allectum

396 3665 645 3720 duorum
679 3663 864 3719 medio
897 3661 1118 3734 positus
1148 3679 1305 3730 sum,
1339 3677 1439 3717 nec
1467 3661 1735 3716 lstatuere
1776 3679 2038 3733 possum,

398 3753 471 3809 ad
509 3757 701 3807 utrum
737 3768 828 3806 me
873 3755 1229 3806 convertam.
1278 3749 1682 3806 Verumtamen
1727 3750 1906 3805 vincit
1937 3753 2040 3824 qui

401 3843 674 3898 Satanam
703 3841 838 3895 vicit
868 3845 924 3896 et
981 3839 1273 3911 principes
1311 3845 1369 3895 et
1415 3844 1661 3895 tortores
1714 3840 1886 3910 hujus
1938 3858 2041 3896 sae-

401 3930 541 3986 culi.
589 3929 759 3986 Morti
822 3946 922 4000 pro
963 3929 1194 3985 Christo
1243 3929 1414 3983 datus
1463 3933 1552 3983 est
1590 3929 1804 3984 Christi
1853 3946 2042 4000 agnus

398 4021 645 4094 ﬂagellis
669 4020 960 4084 concisus,
978 4019 1301 4075 Thaddarus
1319 4018 1367 4054 '9
1385 4034 1583 4075 ramus
1608 4036 1796 4089 meus,
1820 4019 2042 4077 viscera

400 4112 572 4183 meja,
607 4109 764 4166 {ilius
812 4108 1178 4176 obedientim,
1247 4107 1520 4163 surculus
1573 4107 1822 4177 pietatis,
1897 4117 2041 4182 Apo-

401 4199 534 4255 stoli
555 4198 942 4272 cognominis.
964 4197 1253 4255 Gaudium
1280 4197 1656 4264 immensum,
1680 4198 2040 4255 incredibilis

399 4289 617 4355 laetitia,
645 4305 760 4344 non
810 4288 954 4344 mihi
1003 4292 1235 4343 tantum
1283 4287 1516 4359 pusillo,
1575 4288 1675 4343 sed
1722 4293 1777 4343 et
1804 4290 2040 4362 Angelis

399 4380 615 4449 pariter
668 4383 725 4434 et
799 4377 1156 4432 hominibus.
1235 4379 1409 4446 Quam
1499 4377 1855 4447 magniﬁcam
1913 4385 2042 4436 sunt

401 4483 566 4540 opera
595 4477 715 4534 tua,
753 4467 983 4523 nomine
1010 4469 1023 4501 ¹
1055 4465 1067 4519 l
1121 4468 1272 4536 quod
1326 4483 1480 4521 nunc
1531 4469 1703 4522 etiam
1740 4468 1798 4522 in
1829 4468 2038 4523 humili

403 4559 768 4629 generatione
801 4558 912 4612 ista
950 4556 1348 4625 incorruptum
1392 4557 1650 4612 veritatis
1680 4562 1791 4612 tuae
1830 4562 2037 4614 testem

2223 3299 2483 3376 Ἀγγελία
2541 3300 2622 3356 ἐπ’
2671 3300 2930 3378 ἀγγελίᾳ·
2965 3299 3132 3379 λόγος
3184 3301 3272 3358 ἐπὶ
3331 3301 3505 3379 λόγῳ.
3539 3303 3598 3358 Τί
3647 3301 3791 3371 ε’ίπω,

2157 3390 2247 3445 καὶ
2277 3392 2329 3446 τί
2360 3390 2588 3454 λαλήσω
2617 3408 2630 3459 ;
2661 3395 2778 3452 πῶς
2829 3386 3060 3446 διατεθῶ
3107 3392 3134 3446 ὁ
3181 3390 3349 3454 τάλας
3381 3389 3472 3448 ἐπὶ
3506 3398 3626 3457 τοῖς
3651 3412 3793 3466 γεγε-

2156 3480 2460 3553 νημένοιςς
2493 3480 2643 3554 Χαρά
2693 3500 2787 3553 μοι
2839 3480 2931 3535 καὶ
2982 3479 3128 3550 λύπη
3156 3497 3169 3511 ·
3204 3480 3380 3542 ἄνεσις
3414 3481 3505 3536 καὶ
3543 3481 3795 3537 ἀπόκλαυ·

2155 3589 2256 3629 σις.
2295 3571 2378 3624 Ἐν
2416 3569 2737 3644 μεταιχμίῳ
2785 3566 2880 3624 δύο
2910 3571 3094 3624 παθῶν
3130 3569 3550 3643 ἀπειλημμένος
3581 3569 3789 3646 γέγονα·

2155 3660 2240 3714 καὶ
2277 3661 2378 3716 οὐκ
2426 3658 2542 3735 ἔχω
2589 3661 2818 3734 πότερον
2865 3660 3165 3734 αἱρήσομαι
3218 3660 3421 3735 λέγειν.
3456 3664 3645 3736 ’Ὁμως
3682 3665 3795 3731 νικᾷ

2155 3750 2183 3803 6
2241 3752 2466 3820 νικήσας
2524 3749 2618 3806 τὸν
2679 3755 2937 3812 Σατανᾶν.
2997 3747 3088 3805 καὶ
3161 3750 3289 3813 τοὺς
3369 3750 3643 3828 ἄρχοντας
3711 3750 3790 3806 καὶ

2153 3840 2424 3902 κολαστὰς
2481 3845 2578 3896 τοῦ
2637 3840 2835 3902 αἰῶνος
2889 3839 3068 3899 τοῦδε.
3102 3841 3452 3913 Ἐθανατώθη
3486 3844 3616 3917 ὑπὲρ
3671 3844 3790 3915 Χριο

2156 3935 2281 3985 στοῦ
2319 3931 2381 3985 τὸ
2423 3931 2603 4005 ἀρνίον
2630 3935 2732 3986 τοῦ
2771 3935 3006 4006 Χριστοῦ
3059 3931 3518 4006 μαστιγούμενον,
3541 3929 3791 3991 Θαδδαῖος

2154 4021 2182 4074 6
2214 4020 2344 4093 έμὸς
2401 4019 2601 4093 ὅρπηξ,
2631 4020 2694 4074 τὸ
2744 4019 2872 4092 ἐμὸν
2930 4020 3270 4095 σπλάγχνον,
3303 4021 3331 4075 6
3373 4022 3494 4083 υἱὸς
3544 4028 3642 4091 τῆς
3703 4021 3791 4075 ὑπ-

2152 4116 2342 4178 ακοῆς,
2375 4110 2436 4164 τὸ
2477 4109 2736 4184 στέλεχος
2783 4114 2882 4179 τῇς
2925 4105 3227 4179 εὐσεϐείας,
3259 4109 3286 4162 6
3335 4113 3433 4164 τοῦ
3467 4108 3789 4166 Ἀποστόλου

2153 4199 2464 4270 συνώνυμος
2539 4193 2902 4259 ’Δϐάστακτος
2982 4200 3009 4268 ἢ
3069 4201 3233 4274 χαρά,
3301 4195 3708 4274 ἀνυπέρϐλητος
3759 4198 3790 4265 ἡ

2150 4287 2476 4364 εὐφροσύνη,
2508 4287 2608 4342 οὐκ
2664 4285 2789 4360 ἒμοί
2847 4293 2926 4360 τῷ
2981 4293 3219 4360 ταπεινῷ
3282 4291 3475 4361 μόνον,
3533 4287 3678 4344 ἀλλά
3712 4287 3792 4340 καί

2152 4375 2401 4452 ἀγγέλοις
2433 4377 2521 4431 καὶ
2553 4378 2881 4451 ἀνθρώποις.
2914 4381 3020 4439 Ὠς
3061 4375 3486 4453 έμεγαλύνθη
3529 4376 3604 4433 τά
3649 4372 3795 4452 ἔργα

2152 4487 2285 4533 σου,
2320 4465 2553 4541 Κύριεῐ
2589 4465 2672 4521 ὅτι
2703 4465 2792 4520 καὶ
2831 4466 2923 4519 νῦν
2955 4464 3007 4520 ἐν
3038 4470 3106 4541 τῇ
3157 4471 3386 4540 ταπεινῇ
3436 4472 3594 4542 γενεᾷ
3635 4465 3791 4536 ταύτῃ

2155 4555 2397 4628 μάρτυρα
2427 4561 2527 4624 τῆς
2559 4552 2821 4625 ἀληθείας
2875 4575 2968 4610 σου
3029 4555 3448 4630 ἀπαράγραπτον
3498 4551 3788 4624 ἀνέδειξας¹

399 4647 765 4721 produxisti:
809 4653 866 4700 et
914 4646 1067 4700 hunc
1119 4661 1233 4701 non
1277 4663 1347 4701 ex
1391 4646 1772 4718 sapientibus,
1807 4654 1910 4703 aut
1936 4664 2036 4702 no-

2155 4645 2242 4699 καὶ
2285 4649 2475 4699 τοῦτον
2527 4643 2626 4698 οὐκ
2671 4641 2731 4697 ἐκ
2778 4647 2884 4698 τῶν
2932 4649 3112 4723 σοφῶν
3164 4645 3254 4699 καὶ
3287 4645 3518 4720 εὐγενῶν
3550 4648 3644 4699 τοῦ
3675 4639 3796 4716 τῇδε

401 4738 617 4796 bilibus
671 4737 850 4807 hujus
916 4733 1140 4802 mundi,
1204 4735 1304 4789 sed
1352 4752 1383 4790 e
1446 4735 1614 4806 plane
1663 4737 1902 4792 diversis
1937 4753 1950 4791 :
1985 4741 2050 4792 ut

395 4822 657 4896 Apostoli
708 4837 900 4878 sermo
941 4821 1333 4890 compleretur
1382 4837 1395 4875 :
1448 4821 1717 4891 Ignobitia
1765 4822 1957 4877 mundi
1997 4825 2046 4877 et

397 4911 838 4983 contemptibilia
867 4910 1028 4981 elegit
1061 4911 1218 4976 Deus,
1261 4918 1312 4965 et
1343 4928 1406 4965 ea
1430 4926 1549 4981 quae
1578 4927 1686 4966 non
1715 4916 1864 4978 sunt,
1895 4920 1955 4966 ut
1984 4927 2047 4966 ea

402 5018 526 5074 qua
553 5007 683 5058 sunt
714 5001 1012 5056 destrueret
1041 5000 1077 5052 ³.
1113 5001 1180 5054 Et
1202 5015 1456 5071 quonam
1479 4999 1617 5054 mihi
1641 4999 1856 5068 abiisti,
1880 5000 2046 5056 beate

403 5092 531 5147 ﬁli?
563 5091 659 5147 ubi
712 5096 832 5145 tam
880 5090 992 5145 cito
1031 5090 1318 5145 exaltatue
1368 5105 1429 5143 es
1481 5087 1542 5142 in
1593 5093 1917 5159 martyrum
1961 5088 2044 5143 al-

401 5183 541 5239 bum
574 5181 904 5253 ascriptus?
936 5181 978 5236 0
1027 5185 1240 5236 sortem
1302 5185 1464 5234 tuam
1491 5177 1505 5232 l
1538 5195 1569 5232 ο
1600 5179 2043 5249 generositatem

402 5279 559 5327 tuam
589 5271 601 5326 !
631 5290 664 5328 o
697 5271 947 5342 prudens
980 5270 1287 5328 consilium
1323 5267 1516 5324 tuum!
1547 5267 1670 5323 Uno
1701 5267 1794 5322 die
1823 5266 2046 5322 inﬁnita

403 5361 618 5420 saecula
678 5360 1052 5432 promeruisti
1102 5377 1115 5414 :
1169 5374 1269 5431 per
1306 5358 1691 5413 “cruciatuum
1757 5362 2047 5413 tormenta

397 5449 870 5521 inexplicabilem
917 5447 1176 5503 laetitiam
1250 5447 1496 5517 adeptus
1545 5461 1656 5501 es:
1697 5450 1931 5502 centum
1989 5452 2046 5502 et

400 5539 636 5608 triginta
667 5538 974 5594 verberum
1005 5536 1277 5607 suffragio
1300 5535 1532 5606 plenam
1575 5536 1792 5591 laboris
1825 5553 2042 5593 merce-

469 5720 516 5758 ⁸ο
550 5722 688 5779 Vide
717 5720 870 5777 infra
900 5718 1072 5791 epist.
1101 5717 1192 5772 21.
1272 5719 1289 5755 ¹
1325 5713 1540 5776 Psalm.
1571 5730 1687 5786 ιω,
1715 5719 1772 5776 6.

2154 4733 2386 4806 κόσμου,
2419 4731 2543 4787 ἀλλ’
2577 4731 2636 4787 ἔκ
2663 4737 2770 4786 τῶν
2803 4731 3056 4796 ἐναντίως
3086 4733 3327 4808 ἐχόντων
3346 4750 3362 4765 °
3391 4732 3486 4788 ’ίνα
3534 4731 3792 4804 πληρωθῇ

2156 4823 2184 4876 6
2233 4821 2393 4896 λόγος
2451 4824 2547 4876 τοῦ
2608 4820 2986 4878 Ἀποστόλου·
3021 4822 3126 4888 ὅτι,
3185 4823 3268 4878 Τά
3327 4824 3530 4898 ἀγενῆ
3583 4819 3794 4876 καὶτὰ

2155 4910 2647 4981 ἐξουθενημένα
2686 4909 3053 4981 ἐξελέξατο,
3083 4913 3192 4966 καὶ
3225 4912 3301 4966 τά
3343 4915 3427 4984 μή
3478 4908 3656 4966 ὄντα·
3697 4907 3794 4961 ἵνα

2153 5001 2230 5052 τά
2259 4998 2413 5052 ὄντα
2443 5001 2850 5074 καταργήσῃ.
2885 5003 2996 5054 Ποῦ
3031 5021 3126 5073 μοι
3167 4999 3424 5071 ἀπέστης,
3457 5001 3504 5054 ὦ
3539 4999 3791 5073 μακάριον

2154 5085 2379 5156 τέκνον;
2430 5092 2534 5142 ποῦ
2593 5089 2783 5142 θᾶττον
2844 5089 3205 5163 ὑπερυψώθης
3295 5091 3522 5162 μάρτυσι
3584 5086 3788 5160 συναρί-

2157 5178 2316 5247 θμιος
2348 5177 2620 5251 γεγονώς
2655 5178 2719 5230 Ὢ
2773 5183 2871 5246 τῆς
2927 5176 3210 5254 ἐπιτυχίας
3244 5179 3377 5233 sou!
3411 5175 3457 5231 ὣ
3502 5183 3602 5245 τῆς
3658 5172 3791 5248 εὐγε-

2156 5265 2300 5326 νείας
2368 5269 2500 5322 σουί
2553 5264 2598 5320 ὣ
2652 5273 2750 5337 τῆς
2827 5262 3112 5329 εὐϐουλίας
3169 5269 3300 5323 σουί
3334 5270 3418 5323 Ἐν
3465 5267 3648 5340 ἡμέρᾳ
3702 5265 3790 5337 μιᾷ

2158 5353 2450 5430 ἐκέρδησας
2493 5355 2749 5429 ἀπείρονς
2789 5357 2984 5419 αἰῶνας
3011 5379 3024 5391 ·
3059 5358 3112 5414 ἐν
3162 5357 3338 5419 ἀνίαις
3399 5357 3783 5432 βασανιστικαῖς

2156 5448 2368 5519 ἐκτήσω
2422 5450 2516 5510 τὰς
2575 5447 2982 5520 ἀνεκλαλήτους
3040 5449 3403 5528 εὐφροσύνας·
3447 5449 3502 5504 έν
3559 5446 3783 5521 πληγαῖς

2151 5538 2338 5592 ἑκατὸν
2411 5540 2544 5614 πρὸς
2617 5539 2910 5614 τριάκοντα
2979 5539 3213 5618 ε’ίληιρας
3283 5539 3374 5594 τὸν
3429 5537 3634 5594 τέλειον
3695 5539 3782 5601 τῆς

1849 5717 1870 5754 ²
1897 5719 1921 5776 l
1950 5718 2080 5793 Cor,
2112 5735 2156 5792 ι,
2185 5720 2278 5780 28.
