4084 6284
325 375 477 435 1125

1603 370 2158 437 EPISTOLARUM
2201 369 2350 432 LIB.
2393 369 2474 432 II.

3563 369 3718 432 1126

317 504 566 582 ἓργασίας
613 508 804 582 μισθὸν
847 505 939 562 σὺν
992 506 1219 582 μάρτυσι
1261 507 1408 581 παρὰ
1452 512 1553 576 τῆς
1599 505 1751 582 ἁγίας
1799 502 1967 579 Τριά-

2086 505 2212 561 dem
2245 521 2279 560 a
2308 508 2506 560 sancta
2535 503 2822 559 Trinitate
2849 518 2985 560 cum
3022 503 3378 576 martyribus
3425 503 3721 576 accepisti.

318 593 432 658 δος.
466 595 634 672 Εἴπερ
668 598 695 652 6
733 597 825 670 μὲν
875 605 974 666 τῆς
1003 596 1370 666 τελειότητος,
1403 595 1432 650 ὁ
1483 592 1540 649 δὲ
1581 602 1679 663 τῆς
1724 591 1953 669 Τριάδος

315 684 602 762 ἀναλογῶν
632 686 768 740 ἐστιν
804 683 1034 760 ἀριθμός
1059 705 1072 718 ·
1101 683 1194 740 ’ίνα
1224 685 1319 754 κάξ
1349 683 1514 739 αὐτοῦ
1545 688 1642 738 τοῦ
1670 681 1956 755 κολασμοῦ

315 797 412 831 σου
461 774 794 852 παραδείξειε
844 777 974 840 Θεὸς
1016 779 1080 832 τὸ
1137 774 1478 851 μεγαλοφυὲς
1529 796 1645 834 σου.
1695 777 1764 830 Τὸ
1822 773 1958 848 αἷμά

318 887 434 938 σου,
467 865 636 940 μύρον
675 886 689 900 ·
733 867 796 921 τὸ
838 865 1090 941 λείψανόν
1139 887 1256 937 σου,
1290 867 1555 942 ἁγιασμοῦ
1605 862 1956 938 μεταδοτικὸν

315 960 435 1019 τοῖς
463 956 718 1028 ψαύουσι.

391 1043 594 1116 Δέομαί
654 1065 769 1116 σου,
832 1039 947 1118 ἅγιε
1016 1049 1110 1099 τοῦ
1187 1047 1320 1100 Θεοῦ
1392 1040 1642 1112 Θαδδαῖε,
1700 1037 1960 1113 πρέσϐευε

322 1133 452 1206 ὑπὲρ
484 1132 620 1206 ἐμοῦ
651 1138 750 1187 τοῦ
781 1134 998 1203 ἀναξίου
1031 1131 1232 1189 δούλου
1264 1154 1360 1188 σου
1395 1151 1410 1166 ⁸
1456 1134 1520 1187 οὐ
1549 1134 1650 1208 γὰρ
1680 1129 1876 1204 τολμῶ
1904 1151 1960 1185 σε

317 1222 544 1279 καλέσαι
599 1225 803 1278 τεκνον.
861 1225 1071 1299 Ὁρᾶτε,
1130 1221 1358 1302 ἀδελφοί
1419 1244 1545 1295 μου,
1603 1221 1654 1276 τί
1729 1219 1958 1295 γέγονε·

319 1319 476 1369 ποῖον
503 1313 770 1388 θησαυρὸν
802 1312 892 1366 καὶ
945 1311 1110 1385 μέλος
1143 1309 1500 1384 ἒκεκτήμεθα.
1551 1312 1736 1384 Ἀρκεῖ
1778 1308 1857 1372 εἵς
1904 1329 1962 1363 τε

321 1407 456 1459 Θεοῦ
488 1400 640 1472 δόξαν
685 1402 774 1456 καὶ
822 1402 1093 1476 ἡμέτερον
1125 1401 1415 1475 καύχημα,
1449 1401 1589 1473 ὁμοῦ
1629 1420 1688 1454 τε
1726 1400 1812 1453 καὶ
1861 1405 1963 1463 τῆς

321 1489 459 1560 ὅλης
516 1487 843 1561 Ἐκκλησίας
914 1490 1290 1565 χαρμόσυνον,
1345 1489 1372 1543 ὁ
1451 1488 1654 1564 μάρτυς
1724 1490 1963 1559 Χριστοῦ

319 1577 604 1640 Θαδδαῖος.
639 1579 704 1636 Τί
729 1578 944 1647 τᾶλλα;
985 1581 1317 1647 Ἔσονται,
1373 1579 1560 1652 φησὶν,
1604 1577 1665 1631 οἱ
1705 1581 1961 1650 πρῶτοι

319 1665 617 1743 ἔσχατοι,
656 1666 766 1724 καὶ
808 1669 868 1722 οἱ
907 1665 1188 1742 ἔσχατοι
1228 1671 1510 1740 πρῶτοι.
1553 1669 1720 1720 Τοῦτο
1751 1663 1837 1719 ἐπὶ
1867 1667 1964 1718 τοῦ

318 1752 585 1816 Ἰακώϐου
617 1758 764 1832 φημὶ
809 1757 898 1811 καὶ
947 1761 1252 1811 Λουκιανοῦ
1286 1774 1298 1788 ⁸
1343 1759 1440 1810 τοῦ
1493 1755 1586 1827 μὲν
1637 1753 1964 1824 ἐναθλήσαν-

2063 594 2346 650 Nimirum
2406 593 2502 649 ille
2558 593 2952 665 perfectionis,
2986 593 3083 649 hic
3119 593 3423 650 Trinitatis
3471 594 3725 666 speciem

2064 700 2346 739 numerus
2378 687 2790 754 repraesentat;
2823 687 2887 738 ut
2916 682 3004 737 vel
3045 699 3112 738 ex
3148 682 3275 754 ipso
3306 684 3592 756 supplicio
3621 688 3722 740 tuo

2065 773 2246 828 animi
2291 771 2375 826 tui
2420 772 2892 842 magnitudinem
2936 771 3091 828 Deus
3150 773 3438 828 ostendat.
3471 773 3724 846 Sanguis

2064 865 2221 929 tuus,
2263 867 2672 932 unguentum:
2732 860 2989 933 reliquias
3046 865 3182 932 tuae,
3242 860 3722 920 sanctiﬁcationis

2065 951 2439 1022 tangentibus
2469 950 2784 1022 largitrice.

2139 1039 2250 1096 Oro
2323 1044 2398 1107 te,
2475 1047 2676 1095 sancte
2751 1039 2849 1095 Dei
2926 1040 3558 1109 Thaddee,intercede
3621 1057 3722 1115 pro

2069 1145 2163 1185 me
2228 1128 2470 1200 indigno
2519 1127 2735 1185 famulo
2774 1130 3152 1201 tuo?neque
3207 1131 3364 1186 enim
3423 1133 3610 1188 audeo
3667 1137 3724 1187 te

2071 1218 2257 1274 filium
2320 1218 2631 1289 appellare.
2688 1216 2936 1287 Videtis,
2987 1219 3212 1280 fratres.
3242 1219 3375 1291 quid
3424 1220 3722 1288 acciderit,

2071 1309 2303 1380 qualem
2359 1309 2722 1373 thesaurum,
2781 1311 2835 1364 et
2915 1307 3088 1380 quale
3146 1308 3478 1364 membrum
3539 1310 3722 1379 possi-

2073 1398 2336 1454 deamus.
2414 1397 2638 1452 Sufﬁcit
2706 1396 2777 1452 ad
2854 1397 2952 1452 Dei
3012 1395 3277 1468 gloriam,
3335 1399 3407 1452 ad
3475 1404 3725 1454 ostenta-

2073 1487 2292 1542 tionem
2355 1490 2634 1552 nostram,
2697 1486 2767 1540 ad
2835 1484 3092 1541 Ecclesiae
3149 1486 3325 1542 totius
3383 1487 3724 1542 exsultatio-

2074 1591 2207 1631 nem
2265 1574 2477 1630 Christi
2555 1579 2774 1646 martyr
2837 1576 3178 1630 Thaddaeus.
3238 1575 3384 1639 Quid
3471 1578 3723 1632 caetera?

2073 1666 2274 1731 Erunt,
2310 1665 2523 1734 inquit,
2555 1666 2724 1734 primi
2752 1664 3039 1720 novissimi
3064 1669 3116 1721 et
3153 1663 3440 1721 novissimi
3481 1669 3649 1737 primi
3677 1665 3722 1721 ³.

2077 1755 2191 1810 Ηοο
2220 1755 2290 1809 de
2319 1753 2534 1810 Jacobo
2568 1753 2812 1809 dixerim
2845 1761 2899 1808 et
2939 1754 3192 1810 Luciano
3225 1771 3240 1808 :
3273 1771 3522 1826 quorum
3584 1757 3728 1812 alter

316 1867 410 1908 τος
445 1866 458 1879 ⁸
494 1843 577 1915 εἱή
611 1845 699 1899 καὶ
739 1843 1138 1915 ἐναθλήσοντος
1173 1839 1339 1922 μέχρι
1370 1843 1562 1904 τέλους
1593 1862 1605 1875 ·
1647 1843 1739 1895 σὺν
1773 1850 1964 1913 Δωρο-

2086 1845 2308 1914 quidem
2341 1844 2678 1910 decertavit,
2710 1847 2766 1900 et
2812 1843 3034 1899 utinam
3080 1860 3268 1916 usque
3300 1846 3373 1900 ad
3421 1845 3594 1901 finem
3627 1846 3725 1901 de-

322 1938 428 2008 θὲῳ
481 1934 574 1990 καὶ
649 1933 952 2008 Βησαρίωνι
1011 1936 1174 2008 [Reg.
1235 1935 1364 1989 cod.
1440 1931 1788 2005 Βισαρίωνι]ί
1863 1934 1966 1983 Τοῦ

323 2023 382 2080 δὲ
430 2024 566 2079 κατὰ
620 2023 716 2084 τὰς
773 2023 1039 2096 ἁμαρτίας
1101 2043 1206 2095 μου
1261 2023 1661 2096 ναυαγήσαντος
1714 2020 1806 2074 σὺν
1849 2024 1967 2080 τοῖς

325 2114 683 2188 ὁμοτρόποις.
731 2119 791 2167 ’Θ
841 2117 959 2174 πῶς
1009 2105 1198 2166 ἔπεσον
1246 2108 1298 2164 ἒν
1361 2112 1510 2182 μὲσῳ
1557 2111 1863 2183 φωστήρων
1911 2107 1967 2161 οἱ

321 2203 590 2260 οἷ’κιστοιί
628 2201 986 2257 Ἐπελάθοντο
1034 2204 1130 2254 τοῦ
1179 2199 1462 2272 εἰρηκότος
1495 2200 1596 2273 ἄρα
1628 2218 1641 2230 ·
1701 2199 1801 2266 Μή
1858 2217 1970 2274 φο-

319 2289 578 2363 ϐηθῆτε
616 2292 739 2346 ἀπὸ
788 2294 912 2344 τῶν
965 2288 1466 2345 ἀποκτενόντων
1511 2290 1582 2342 τὸ
1629 2292 1833 2360 σῶμα.
1876 2289 1966 2354 Μή

322 2383 431 2459 γὰρ
483 2380 543 2436 οὐ
591 2379 960 2453 κατεμέτρησε
1005 2379 1068 2433 τὸ
1118 2376 1340 2432 δυνατὸν
1395 2379 1422 2432 6
1481 2377 1644 2449 μόνος
1703 2373 1967 2445 δυνάστης

322 2471 416 2527 καὶ
474 2467 719 2543 δυναμῶν
776 2469 902 2530 τοὺς
961 2467 1352 2537 ἀσθενοῦντας;
1416 2469 1515 2521 Καὶ
1586 2466 1641 2518 οἱ
1701 2464 1968 2538 μάρτυρες

324 2557 566 2632 ἐγγύθεν.
634 2559 722 2626 Μὴ
798 2557 898 2629 γὰρ
971 2556 1075 2610 οὐκ
1150 2554 1529 2628 ἐξαιρούμενος
1603 2552 1654 2623 ἐξ
1737 2551 1970 2627 ἀνάγκης

327 2648 457 2707 τοὺς
513 2644 588 2701 ἔτι
666 2648 742 2719 μὴ
823 2647 1112 2719 ἴσχύοντας
1187 2647 1258 2716 τῇ
1327 2642 1502 2721 φύσει,
1563 2641 1623 2696 οὐ
1701 2646 1768 2716 τῇ
1846 2660 1971 2715 προ-

329 2738 512 2804 θέσεις
555 2737 667 2791 Καὶ
719 2736 747 2790 ὁ
810 2735 1060 2808 μάρτυς
1120 2729 1383 2794 Θαδδαῖος
1444 2732 1505 2786 ἐν
1565 2730 1823 2805 οὐρανῷ
1877 2752 1972 2785 πι-

329 2826 498 2888 στός.

399 2915 488 2982 Μὴ
519 2911 585 2982 δή
618 2911 733 2981 οὖν,
767 2909 994 2988 ἀδελφοί
1030 2931 1156 2985 μου,
1178 2911 1533 2982 πτοηθῶμεν,
1560 2905 1699 2982 μηδὲ
1729 2903 1970 2988 ἔμφοϐοι

331 3004 616 3080 γενοίμεθα
663 3008 731 3077 τῇ
781 3006 889 3057 τῶν
935 3001 1258 3073 ἡττημένων
1305 3000 1553 3054 πτώσει·
1606 2999 1680 3060 ὼς
1742 2998 1824 3053 ὅτι
1883 2997 1972 3052 καὶ

326 3095 492 3164 ἡμεῖς
549 3093 658 3164 οὐχ
712 3090 1006 3162 ὑποίσομεν
1064 3089 1158 3148 τὰς
1223 3087 1467 3162 πληγάς.
1527 3085 1759 3160 Οῗσομεν
1838 3090 1972 3140 Θεοῦ

325 3179 577 3254 δυνάμει,
652 3181 741 3235 καὶ
820 3174 1215 3250 διαϐησόμεθα,
1269 3175 1364 3231 κᾶν
1445 3179 1575 3248 πῦρ,
1629 3172 1724 3230 κᾶν
1799 3174 1968 3254 ξίφος.

2077 1937 2377 2002 certasset,
2442 1949 2577 1988 cum
2649 1931 2939 1989 Dorotheo
2997 1936 3054 1988 et
3127 1934 3467 1990 Bessarione
3518 1933 3532 1990 ι
3582 1933 3726 1990 alter

2076 2025 2312 2092 propter
2369 2024 2606 2092 peccata
2653 2036 2784 2075 mea
2847 2020 3218 2092 naufragium
3267 2021 3403 2076 fecit
3451 2037 3588 2078 cum
3633 2021 3723 2077 sui

2077 2108 2769 2180 similibus.0quomodo
2800 2109 3134 2164 ceciderunt
3193 2111 3251 2165 in
3301 2111 3492 2167 medio
3551 2111 3725 2166 lumi-

2076 2214 2217 2253 num
2251 2195 2539 2253 tnfelicesl
2571 2196 2742 2253 Ubliti
2794 2196 2952 2253 illius
2983 2199 3084 2269 qui
3114 2197 3258 2253 dixit
3290 2197 3505 2255 :Nolitc
3535 2202 3724 2254 timere

2075 2303 2162 2343 eos
2191 2289 2285 2358 qui
2309 2286 2560 2342 occidunt
2584 2287 2826 2357 corpus‘.
2861 2289 3063 2341 Annon
3095 2287 3249 2342 enim
3281 2288 3428 2342 vires
3458 2296 3510 2344 et
3543 2287 3721 2344 facul-

2077 2381 2253 2432 tatem
2277 2377 2584 2431 dimensus
2607 2374 2828 2448 est,qui
2852 2375 3012 2432 solus
3041 2380 3362 2446 potensest,
3383 2381 3440 2431 et
3462 2376 3729 2432 inﬁrmos

2077 2464 2456 2523 confortans?
2487 2468 2557 2519 At
2614 2470 2788 2520 testes
2831 2465 3049 2520 adsunt
3103 2465 3174 2520 de
3230 2465 3575 2536 prepinquo.
3606 2467 3727 2521 An-

2079 2572 2192 2610 non
2237 2571 2335 2611 eos
2391 2555 2564 2625 eripit
2609 2555 2681 2609 de
2737 2553 3114 2609 tribulatione
3169 2554 3271 2624 qui
3296 2553 3444 2608 vires
3468 2555 3728 2610 nondum

2077 2645 2296 2700 habent
2354 2649 2557 2698 natura
2590 2660 2706 2698 non
2764 2643 3062 2698 voluntate
3084 2642 3112 2698 Ἰ
3141 2644 3379 2698 Attestis
3407 2644 3729 2700 Thaddaaus

2077 2736 2134 2788 in
2166 2733 2300 2791 caelo
2329 2731 2507 2804 ﬁdelis
2535 2732 2580 2786 ⁵.

2150 2916 2232 2972 Ne
2261 2915 2439 2988 igitur
2471 2919 2813 2984 terreamur,
2845 2915 3068 2982 fratres,
3100 2930 3287 2986 neque
3339 2915 3536 2971 animo
3593 2930 3731 2972 con-

2079 3009 2408 3060 sternemur
2437 3005 2509 3061 ob
2539 3006 2762 3060 cladem
2794 3020 2990 3060 eorum
3033 3005 3128 3076 qui
3173 3005 3322 3076 lapsi
3371 3009 3530 3072 sunt,
3563 3005 3732 3076 quasi

2081 3095 2283 3167 plagas
2306 3101 2362 3150 et
2392 3095 2500 3164 ipsi
2535 3094 2787 3164 perferre
2838 3112 2950 3150 non
2994 3093 3312 3166 possimus.
3365 3095 3730 3150 Perferemus

2081 3183 2181 3240 Dei
2217 3184 2445 3252 virtute,
2477 3191 2530 3239 et
2579 3183 2974 3239 transiliemus
3027 3183 3294 3254 quamvis
3351 3199 3450 3254 per
3508 3183 3730 3254 ignem,

326 3268 459 3329 Θεὸς
492 3269 519 3322 6
566 3265 982 3340 προηγούμενος
1034 3263 1123 3317 καὶ
1167 3260 1654 3337 προσκαλούμενος
1705 3259 1966 3316 εἷ’σελΟεῖν

2086 3271 2346 3343 quamvis
2379 3286 2479 3340 per
2508 3270 2788 3342 gladium.
2819 3269 2972 3325 Deus
3011 3275 3102 3326 est
3157 3271 3257 3341 qui
3305 3287 3412 3326 nos
3466 3270 3644 3339 ducit,
3675 3277 3732 3326 et

324 3360 475 3430 ἡμᾶς
509 3355 582 3417 εἰς
612 3355 710 3423 τήν
760 3349 1179 3429 ἐπηγγελμένην
1231 3353 1366 3424 ἡμῖν
1420 3349 1726 3424 βασιλείαν,
1758 3351 1832 3411 ὡς
1877 3349 1968 3403 τὸν

322 3443 557 3520 Ἰαραήλ
615 3442 694 3505 εἷς
739 3444 837 3512 τὴν
883 3449 983 3516 γῆν
1021 3448 1122 3510 τῆς
1180 3437 1527 3516 ἐπαγγελίας.
1583 3440 1696 3494 Οὐκ
1754 3437 1866 3493 ἴστε
1919 3437 1970 3492 τί

330 3533 662 3589 πεπόνθασιν
698 3533 750 3586 οἱ
779 3532 904 3586 τότε
933 3530 1351 3590 ἀναστατοῦντες
1381 3529 1470 3582 τὸν
1506 3527 1661 3596 λαὸν,
1696 3526 1971 3604 λέφοντες·

333 3623 413 3681 Οὐ
447 3619 790 3693 δυνησόμεθα
833 3615 1081 3688 διαϐῆναι
1117 3636 1131 3650 ⁶
1179 3617 1262 3672 ὅτι
1305 3616 1414 3672 ἐκεῖ
1459 3616 1648 3679 πόλεις
1692 3618 1976 3694 τειχήρεις

331 3708 437 3770 ἓως
483 3714 581 3764 τοῦ
626 3709 875 3782 οὐρανοῦ,
907 3709 994 3762 καὶ
1048 3706 1298 3780 γίγαντες
1342 3703 1394 3759 ἐν
1442 3708 1526 3768 οἷς
1583 3706 1611 3758 ὁ
1644 3706 1824 3761 Ἐνάκ.
1878 3705 1976 3758 Καὶ

334 3801 384 3856 τί
419 3802 480 3855 τὸ
509 3799 771 3876 γεγονόςς
805 3798 942 3871 οὐχὶ
974 3795 1062 3851 διὰ
1089 3799 1248 3851 τοῦτο
1279 3794 1434 3849 αὐτοὶ
1470 3797 1564 3868 μὲν
1597 3795 1974 3868 πυρίκαυστοι·

340 3893 368 3946 6
403 3888 459 3944 δε
489 3889 802 3966 γογγυστὴς
835 3885 965 3948 λαὸς
999 3887 1135 3946 ἅπας
1166 3884 1340 3940 ὤλετο
1367 3903 1378 3916 ·
1414 3885 1485 3938 ὧν
1517 3884 1582 3938 τὰ
1613 3882 1768 3938 κῶλα
1799 3882 1980 3938 ἔπεσεν

343 3979 394 4035 ἐν
429 3983 497 4053 τῇ
543 3978 773 4052 ἐρήμῳ;
825 3978 913 4046 Μή
945 3997 1027 4037 τις
1075 3978 1322 4035 τοιοῦτος
1367 3973 1666 4044 ἀναστάτης
1697 3993 1712 4006 ’
1770 3976 1844 4046 μή
1898 3993 1980 4034 τις

345 4068 641 4143 ὀλίγωρος·
681 4069 756 4140 μή
789 4085 870 4125 τις
905 4058 1578 4134 δύσελπις.Δια6ησόμεθα
1607 4061 1978 4139 οῦν,ἀδελφοὶ,

346 4154 722 4228 διαϐησόμεθα
751 4155 824 4216 ὡς
872 4151 1055 4210 Χαλὲὸ
1084 4150 1249 4226 λέγω,
1281 4152 1370 4206 καὶ
1415 4155 1625 4220 Ἰησοῦς
1661 4157 1757 4206 τοῦ
1807 4158 1980 4220 Ναυῆ,

345 4250 398 4303 οἱ
429 4254 528 4316 τῆς
574 4243 896 4320 ἐπαγγελίας
946 4242 1310 4315 κληρονόμοι.
1343 4239 1510 4316 Τείχη
1563 4244 1697 4315 ἡμῖν
1746 4262 1985 4296 κατασει-

345 4339 634 4406 σθήσονται
706 4334 895 4403 νοητὰ,
967 4333 1040 4391 ὡς
1116 4335 1414 4400 τηνικαῦτα
1485 4331 1552 4384 τα
1626 4330 1986 4405 Ἱεριχούντια

345 4423 610 4498 σάλπιγγι
662 4419 1030 4498 εὐχαριστίας,
1061 4421 1121 4489 ἣν
1151 4419 1278 4493 ᾖσεν
1327 4421 1354 4475 6
1395 4421 1659 4493 μακάριος
1701 4417 1986 4491 Θαδδαῖος,

345 4515 526 4590 ψάλας
559 4513 619 4567 ἐκ
652 4509 915 4587 βαλϐῖδος
947 4515 1053 4565 τῶν
1089 4511 1270 4565 πόνων
1306 4529 1316 4540 ·
1361 4508 1538 4580 Αὕτη
1581 4511 1615 4578 ἡ
1658 4508 1875 4583 ἡμέρα
1912 4511 1987 4578 ἢν

2073 3360 2282 3414 invitat
2315 3368 2373 3414 ut
2406 3361 2753 3430 promissum
2813 3359 2981 3414 nobis
3029 3375 3273 3430 regnum
3310 3359 3616 3428 intremus,
3649 3361 3732 3415 si-

2077 3453 2176 3503 cut
2205 3447 2378 3503 Isarel
2425 3451 2642 3503 terram
2703 3447 3125 3518 promissionis.
3159 3447 3408 3503 Nescitis
3466 3447 3601 3518 quid
3658 3448 3731 3504 iis

2077 3537 2409 3608 contigerit,
2443 3537 2542 3608 qui
2593 3535 2872 3608 populum
2939 3547 3074 3592 tunc
3149 3537 3580 3604 subvertebant,
3639 3536 3730 3590 di-

2080 3630 2273 3681 centes
2308 3643 2321 3680 :
2360 3625 2486 3681 Non
2547 3626 2866 3697 poterimus
2927 3631 3250 3697 penetrare,
3295 3625 3568 3697 quoniam
3608 3625 3729 3682 illic

2083 3715 2256 3770 urbes
2286 3731 2470 3786 usque
2501 3714 2560 3769 in
2590 3715 2803 3770 caelum
2837 3720 3096 3770 muratas
3126 3715 3404 3784 vidimus,
3437 3724 3489 3770 et
3517 3715 3725 3787 gigan-

2082 3809 2190 3870 tes,
2221 3803 2374 3859 inter
2405 3820 2552 3876 quos
2577 3805 2729 3860 Enac
2767 3804 2809 3859 δ.
2843 3805 2992 3870 Quid
3031 3805 3242 3861 deinde
3288 3810 3553 3861 secutum
3583 3808 3672 3859 est
3697 3805 3725 3859 ‘?

2084 3893 2288 3949 Nonne
2316 3894 2388 3949 ob
2429 3910 2553 3948 eam
2587 3910 2822 3948 causam
2854 3895 2988 3966 igne
3017 3894 3283 3950 succensi
3304 3899 3465 3958 sunt,
3488 3900 3546 3950 et
3576 3909 3724 3950 mur-

2085 3993 2346 4038 murator
2384 3982 2629 4053 pepulus
2669 3983 2974 4038 universus
3007 3983 3316 4051 interiit,et
3340 3983 3601 4038 membra
3629 3997 3726 4037 co-

2087 4090 2212 4128 rum
2243 4075 2578 4128 ceciderunt
2608 4072 2666 4127 in
2698 4071 3011 4127 solitudine
3038 4073 3066 4127 ?
3092 4073 3298 4128 Nullus
3330 4072 3407 4128 sit
3439 4073 3730 4141 bujusmo-

2087 4163 2144 4216 di
2198 4163 2586 4232 perturbator,
2621 4161 2818 4217 nullus
2863 4166 3246 4232 contemptor,
3282 4161 3478 4217 nullus
3527 4162 3735 4230 despe-

2088 4252 2412 4307 rabundus.
2437 4251 2961 4322 Transgrediemur
2979 4251 3240 4321 omnino,
3274 4253 3500 4318 fratres,
3531 4255 3735 4307 trans-

2089 4341 2437 4413 grediemur,
2489 4341 2642 4395 sicut
2711 4341 2904 4406 Caleb,
2964 4341 3221 4411 inquam,
3265 4347 3322 4396 et
3356 4343 3525 4396 Jesus
3582 4339 3738 4395 ﬁlius

2093 4429 2268 4497 Nave,
2327 4428 2730 4499 promissionis
2782 4429 3060 4487 baeredes.
3109 4430 3395 4486 Corruent
3437 4435 3570 4485 ante
3631 4445 3737 4484 nos

2093 4518 2427 4590 spirituales
2458 4518 2629 4586 muri,
2658 4518 2812 4575 sicut
2869 4523 2993 4574 tum
3041 4519 3435 4576 Jerichuntini
3487 4521 3555 4575 ad
3604 4535 3741 4591 gra-

345 4603 666 4673 ἐποίησεν
706 4602 733 4656 ὁ
775 4601 1035 4672 Κύριος.
1079 4599 1238 4656 Οὕτω
1269 4598 1594 4673 παρακαλῶ,
1623 4598 1796 4655 οὕτωε
1841 4599 1972 4653 ἀντι·

349 4691 380 4709 ο
420 4691 440 4709 ἱ
467 4696 491 4706 υ
593 4696 650 4709 ιιι
709 4691 723 4706 ι
819 4696 855 4709 ιγ
1078 4693 1099 4703 κ
1191 4688 1203 4702 ‘
1425 4688 1438 4705 ἱ
1680 4684 1710 4709 ρ
1775 4689 1786 4706 Ι

2095 4607 2308 4662 tiarum
2367 4605 2608 4662 actionis
2675 4607 2973 4663 buccinam
3003 4606 3046 4676 ⁷,
3079 4624 3196 4678 qua
3259 4609 3468 4663 cecinit
3533 4609 3740 4664 beatus

346 4691 504 4748 ϐολῶ
537 4711 548 4722 ·
593 4691 776 4764 Ὑπὲρ
819 4693 1107 4764 Χριστοῦ
1145 4688 1268 4764 γὰρ,
1308 4688 1464 4764 φησὶ,
1505 4684 1986 4763 πρεσϐεύομεν,

344 4784 434 4844 ὡς
490 4785 604 4836 τοῦ
662 4783 822 4835 Θεοῦ
870 4777 1424 4852 παρακολοῦντος
1481 4775 1557 4832 δι’
1597 4781 1808 4851 ἡμῶν.
1852 4777 1987 4832 Δεό-

347 4872 488 4945 μεθα
521 4871 596 4942 μή
648 4866 1035 4941 δειλανδρῆσαι
1078 4867 1214 4940 πρὸς
1242 4867 1333 4921 τὸν
1384 4866 1515 4940 ὑπὲρ
1561 4865 1724 4922 αὺτοῦ
1772 4866 1860 4921 καὶ
1893 4866 1984 4921 σὺν

343 4961 494 5034 αἱ)τῷ
527 4959 773 5032 θάνατον,
805 4957 891 5012 ἐὰν
928 4955 1038 5032 δὲῃ.
1075 4957 1215 5031 Πρὸς
1247 4956 1447 5019 πάντας
1478 4961 1512 5026 ἡ
1547 4955 1811 5027 ἐπιστολή
1849 4978 1860 4990 .
1893 4956 1987 5012 κᾶν

344 5051 424 5113 εἷς
482 5050 772 5126 πρόσωπόν
823 5069 942 5115 σου,
994 5048 1179 5101 τὲκνον
1230 5046 1448 5121 ἀγαθόν.
1491 5047 1583 5101 Διὸ
1640 5047 1729 5101 καὶ
1785 5049 1986 5108 πάντας

343 5141 680 5212 ἀσπάζομαι,
717 5137 805 5192 καὶ
835 5142 964 5192 πᾶσι
998 5135 1281 5211 συγχαίρω
1312 5135 1365 5190 ἐν
1396 5142 1510 5198 τοῖς
1543 5138 1683 5204 παθή
1698 5157 1847 5208 μασι.
1882 5138 1988 5192 Καὶ

343 5230 428 5292 τίς
480 5228 626 5298 ἄξιος
677 5225 1168 5301 άνταναπληρῶσαι
1215 5225 1281 5278 τὰ
1327 5226 1673 5299 ὑστερήματα
1718 5229 1824 5280 τῶν
1877 5225 1986 5280 θλί-

344 5326 490 5396 ψεων
523 5323 618 5373 τοῦ
663 5321 896 5391 Χριστοῦ
923 5318 978 5370 ’s‘v
1024 5321 1092 5389 τῇ
1135 5315 1290 5390 σαρκὶ
1343 5314 1549 5383 αὐτοῦ;
1601 5314 1700 5370 Καὶ
1745 5314 1864 5369 οὐαὶ
1911 5319 1990 5386 τῷ

345 5410 552 5485 ἐξάρνῳ
588 5405 680 5461 καὶ
727 5404 1088 5476 ἒκκεκλικότι,
1119 5404 1216 5458 κᾶν
1259 5401 1484 5464 θάνατος
1521 5422 1532 5434 ·
1568 5401 1651 5457 ὅτι
1702 5404 1729 5458 ὁ
1764 5403 1990 5466 αἰώνιος

343 5498 572 5560 θάνατος
616 5499 882 5568 ποιμανεῖ
931 5492 1111 5566 αὐτὸν,
1175 5491 1291 5547 Καὶ
1349 5491 1989 5566 κατακυριεύσουσιν

993 5642 1014 5674 ⁸
1035 5639 1240 5696 Matth.
1263 5655 1320 5706 ι,
1349 5639 1439 5694 28.

1073 5710 1117 5748 ⁸ο
1145 5709 1366 5767 Coloss.
1400 5725 1440 5777 ι,
1471 5709 1563 5764 24.

417 5647 438 5681 ³
468 5643 665 5700 Matth.
691 5658 803 5698 XXI.
829 5642 915 5696 16.

343 5717 438 5773 24.
529 5714 552 5748 ⁹
581 5714 630 5772 Il
659 5713 786 5771 Cor.
816 5729 873 5780 v,
902 5711 992 5767 20.

1516 5638 1538 5671 ⁸
1569 5637 1697 5695 Psal
1730 5656 1999 5709 Lxxxvm,
2022 5642 2110 5698 38.

2099 4694 2427 4750 Thaddzeus
2449 4710 2517 4750 ex
2546 4695 2674 4766 ipsa
2721 4695 2982 4750 laborum
3030 4701 3184 4752 meta
3225 4711 3542 4765 personans
3574 4715 3588 4753 :
3621 4699 3742 4756 Haec

2099 4785 2214 4842 dies
2243 4803 2408 4856 quam
2462 4787 2595 4854 fecit
2639 4789 2906 4842 Dominus
2933 4785 2976 4841 δ.
3010 4786 3104 4842 Sic
3147 4803 3270 4854 oro,
3301 4787 3386 4843 sic
3437 4789 3692 4844 obtestor
3722 4804 3737 4844 :

2095 4881 2204 4931 Pro
2237 4873 2451 4930 Christo
2481 4877 2659 4942 enim,
2691 4876 2790 4944 ait,
2835 4874 3102 4945 legatione
3137 4878 3447 4947 fungimur,
3480 4883 3744 4950 tanquam

2098 4965 2204 5020 Deo
2233 4963 2554 5019 exhortante
2590 4981 2688 5035 per
2714 4981 2812 5021 nos
2834 4966 2872 5020 θ.
2920 4964 3306 5021 Obsecremus
3355 4981 3426 5021 ne
3474 4967 3744 5022 reformi-

2097 5055 2244 5109 detis
2302 5060 2545 5109 mortem
2594 5054 2805 5124 ipsam,
2838 5054 2887 5110 si
2932 5071 3078 5126 opus
3136 5056 3232 5123 sit,
3274 5071 3378 5126 pro
3408 5054 3505 5111 illo
3526 5059 3583 5112 et
3610 5071 3743 5118 cum

2099 5142 2198 5198 illo
2241 5146 2546 5200 sustinere.
2590 5145 2674 5198 Ad
2743 5160 2945 5201 omnes
3005 5145 3124 5200 hinc
3200 5143 3466 5215 epistola,
3511 5147 3745 5202 tametsi

2098 5233 2170 5287 ad
2227 5237 2283 5287 te
2337 5232 2697 5302 inscribitur,
2750 5232 2832 5287 fili
2900 5234 3140 5303 optime.
3189 5233 3502 5304 Propterea
3542 5250 3744 5291 omnes

2098 5319 2284 5376 saluto
2335 5327 2390 5376 et
2428 5323 2702 5377 omnibus
2762 5323 3020 5393 gratulor
3075 5323 3133 5376 in
3187 5324 3482 5378 arumnis.
3512 5323 3580 5377 Et
3609 5324 3743 5393 quis

2100 5410 2312 5481 dignus
2342 5411 2453 5466 erit
2481 5411 2802 5481 adimplere
2832 5427 2901 5466 ea
2947 5427 3075 5481 qua
3131 5412 3346 5466 desunt
3402 5412 3744 5482 passionum

2097 5498 2379 5555 Christiin
2409 5516 2700 5556 carnesua
2721 5499 2800 5554 ‘0?
2833 5499 2900 5554 Et
2929 5515 3008 5553 we
3051 5499 3283 5567 neganti
3314 5508 3411 5554 aut
3459 5516 3735 5557 succum-

2185 5644 2206 5678 ⁶
2236 5643 2404 5700 Deut.
2456 5660 2532 5713 ix,
2569 5644 2651 5699 12.
2731 5644 2750 5679 ⁷
2798 5644 2999 5700 Josue.
3032 5660 3110 5714 v1,
3133 5643 3225 5701 20.
3301 5644 3322 5679 ⁸
3371 5643 3524 5701 Psal.
3569 5661 3746 5716 cxvu,
