4084 6284
384 348 540 410 1127

1633 345 1699 412 S.
1743 344 2142 408 THEODORI
2187 343 2547 409 STUDI'I‘IE

3621 350 3781 415 1128

380 481 566 549 benti,
620 479 756 537 licet
814 495 969 536 mors
1025 478 1408 551 impendeat:
1442 479 1576 552 quia
1609 495 1765 536 mors
1819 486 2031 536 aeterna

2151 476 2346 533 αὐτοῦ
2387 477 2446 533 οἱ
2504 478 2719 540 εὐθεῖς
2758 477 2829 533 τὸ
2886 477 3078 554 πρωΐ.
3121 479 3329 556 Εἰρήνη
3365 481 3489 556 ὑμῖν
3527 488 3785 559 Χριστοῦ,

383 572 651 643 depasCet
683 586 816 626 eum
853 585 866 623 :
899 572 948 625 et
978 568 1407 625 dominabuntur
1462 570 1579 641 ejus
1632 572 1767 625 recti
1803 571 1864 625 in
1914 586 2033 625 ma-

382 661 561 717 tutino
620 659 664 694 ¹¹
700 700 715 715 .
767 662 883 714 Pax
955 659 1119 714 vobis
1196 659 1432 727 Christi,
1496 659 1695 729 robur,
1745 659 2038 728 fortitudo,

386 748 702 807 consolatio
735 765 832 819 pro
866 749 1137 804 fratribus
1190 748 1491 817 universis,
1511 753 1569 804 et
1608 766 1708 819 pro
1743 765 1833 804 me
1865 766 2041 806 oran-

382 841 566 908 tibus,
606 845 672 893 ut
702 839 772 894 ad
820 854 949 909 quae
999 838 1221 905 hortor,
1252 837 1378 908 ipse
1435 836 1711 910 impleam
1771 838 1871 895 Dei
1928 838 2040 894 mi-

381 928 721 986 sericordia.
799 927 1068 984 Salutant
1149 943 1249 983 vos
1330 927 1537 984 fratres
1621 927 1722 1000 qui
1807 944 2033 984 mecum

387 1027 545 1075 sunt.

628 1107 722 1163 VI.
756 1135 824 1147 —
856 1107 1190 1178 Presbytero
1211 1109 1306 1177 qui
1333 1106 1747 1179 subscripserat.

2141 568 2362 639 κράτος,
2422 568 2601 642 ἰσχύς,
2668 566 3065 639 παράκλησις⁸
3141 571 3605 647 προσευχομένοις
3658 576 3783 648 περὶ

2148 658 2363 712 πάντων
2416 656 2685 732 ἀδελφῶν,
2743 659 2834 712 καὶ
2893 659 3026 732 ὑπὲρ
3082 657 3245 731 ἐμοῦ,
3303 659 3398 715 ’ίνα
3454 663 3786 734 πληρωτὴς,

2150 748 2222 801 ὢν
2267 748 2523 814 νουθετῶ,
2558 745 2696 803 ἐλέει
2745 752 2879 803 Θεοῦ
2926 749 3097 823 φανῶ.
3140 750 3207 806 Οἱ
3248 750 3339 804 σὺν
3392 751 3515 826 ἐμοὶ
3560 750 3789 831 ἀδελφοὶ

2148 835 2500 907 ἀσπάζονται.

2242 1106 2337 1180 ς.
2380 1137 2445 1148 -
2486 1100 2919 1179 Ηρεσϐυτέρῳ
2964 1105 3451 1182 ὑπογράψαντι.
3495 1106 3690 1184 [ρμὸ’.]

1760 1217 1833 1266 De
1864 1215 2062 1265 sanctis
2078 1214 2416 1278 imaginibus.

452 1305 595 1370 Quid
647 1321 819 1375 passa
849 1302 1174 1360 reverentia
1202 1307 1304 1359 tua
1360 1308 1446 1359 est
1498 1305 1557 1359 in
1616 1305 1724 1361 hoc
1781 1305 2032 1361 subscri-

382 1394 597 1470 ptionis
612 1394 912 1465 naufragio
931 1394 1028 1450 ‘let
1059 1398 1411 1466 quantopere
1442 1394 1671 1466 lapsum
1706 1393 2037 1450 deﬂevisti?

382 1484 606 1556 Lapsus
637 1485 793 1540 enim
844 1499 1040 1539 revera
1077 1487 1166 1538 est
1210 1488 1427 1539 sanctis
1485 1484 1698 1539 Christi
1761 1484 2039 1555 imaginis

380 1573 636 1643 violatio,
666 1572 749 1628 vel
786 1589 959 1628 manu
994 1577 1240 1628 tantum.
1268 1574 1347 1628 Ex
1388 1572 1581 1629 libello
1622 1580 1720 1629 tuo
1756 1574 2035 1656 intellexi,

382 1665 521 1721 ovir
560 1662 683 1731 Dei,
733 1667 789 1717 et
844 1662 1291 1718 commiseratus
1338 1667 1396 1717 et
1454 1666 1807 1735 conquestus
1875 1679 2032 1726 sum,

2214 1305 2343 1359 Οῖον
2375 1302 2636 1359 πέπονθεν
2681 1304 2716 1373 ἦ
2748 1304 3005 1376 τιμιότης
3055 1324 3150 1359 σου
3179 1304 3233 1359 ἐν
3284 1309 3363 1378 τῷ
3410 1305 3651 1381 ναυαγίῳ
3687 1314 3790 1379 τῆς

2143 1394 2504 1469 ὓπογραφῆς;
2564 1393 2655 1448 καὶ
2732 1392 2929 1448 ὁπόσον
3011 1392 3342 1450 ἀπεκλαύσω
3416 1396 3477 1451 τὸ
3547 1402 3789 1469 πτῶμας

2144 1489 2357 1557 Πτῶμα
2386 1492 2489 1559 γάρ
2521 1483 2663 1539 ἐστιν
2696 1484 2771 1544 ὡς
2820 1482 3042 1555 ἀληθῶς
3071 1488 3106 1555 ἡ
3155 1488 3295 1541 κατά
3321 1494 3423 1557 τῆς
3454 1487 3609 1561 ἁγίας
3640 1488 3790 1544 είκό-

2143 1595 2232 1637 νος
2287 1578 2385 1629 τοῦ
2446 1578 2686 1649 Χριστοῦ
2743 1570 2978 1637 ἕκτασις,
3038 1577 3127 1630 καὶ
3184 1575 3349 1648 μόνον
3405 1583 3505 1646 τῆς
3575 1579 3788 1651 χειρός.

2148 1666 2351 1738 ’Έγνων
2383 1661 2470 1718 διὰ
2514 1666 2610 1718 τοῦ
2638 1662 2925 1718 πιττακίου
2974 1684 3088 1734 σου,
3120 1665 3165 1718 ὦ
3212 1664 3457 1740 ἄνθρωπε
3502 1671 3599 1721 τοῦ
3631 1672 3790 1736 Θεοῦ,

381 1758 439 1810 et
467 1753 651 1808 vicem
709 1760 870 1807 tuam
921 1751 1099 1819 dolui,
1134 1750 1546 1807 miserabiliter
1602 1750 1854 1822 ejulans,
1888 1760 1941 1806 et
1984 1754 2039 1806 ut

2151 1752 2237 1807 καὶ
2283 1753 2661 1826 συμπεπονθα,
2710 1753 2800 1806 καὶ
2850 1754 3261 1824 συνεποτνίασα,
3312 1754 3401 1809 καὶ
3451 1754 3790 1829 συνήλγησα,

380 1843 677 1898 hominem
710 1843 874 1897 decet
934 1842 1180 1896 fraterne
1230 1846 1542 1895 aniantem.
1571 1841 1799 1896 Etenim
1859 1857 2042 1896 sumus

381 1934 612 1988 invicem
638 1932 884 1987 membra
910 1929 975 1985 ‘3.
998 1930 1062 1985 Et
1095 1947 1107 1984 :
1141 1930 1266 1985 Sive
1288 1933 1498 1991 nutitur
1512 1946 1688 1985 unum
1719 1931 2038 1994 membrum,

381 2019 622 2093 συνηραιί
658 2020 851 2076 debent
889 2019 1079 2076 omnia
1125 2020 1370 2074 membra
1399 2019 1530 2091 (vox
1588 2023 1677 2074 est
1732 2020 2037 2090 Apostoli),

380 2114 494 2168 sive
532 2112 812 2183 gloriatur
842 2127 1015 2165 unum
1046 2112 1382 2175 membrum,
1412 2109 1679 2178 gaudium
1727 2109 1797 2164 ad
1854 2108 2041 2165 omnia

376 2202 615 2274 pertinet
675 2201 741 2253 1‘.
790 2199 903 2255 Sed
951 2216 983 2254 ο
1041 2198 1472 2254 calamitatem!
1526 2197 1755 2266 spoliati
1812 2215 2040 2268 sumus,

381 2290 596 2355 territi,
664 2304 867 2360 pavore
919 2287 1196 2359 perculsi,
1231 2287 1329 2342 ubi
1391 2287 1550 2342 nulla
1610 2287 2041 2358 pavoris,nulla

389 2395 565 2434 causa
614 2377 851 2432 terroris
882 2377 989 2432 fuit
1022 2392 1036 2430 :
1071 2376 1362 2447 siquidem
1397 2375 1652 2448 legimus
1677 2393 1689 2429 ι
1714 2377 1791 2432 Ne
1829 2382 2044 2432 terrea-

384 2471 523 2523 mini
578 2467 646 2523 ab
694 2465 781 2521 his
830 2465 928 2538 qui
983 2465 1242 2521 occidunt
1289 2481 1506 2535 corpus,
1564 2468 1811 2521 animam
1855 2475 2034 2521 autem

388 2573 500 2613 non
527 2559 750 2628 possunt
784 2555 982 2611 imitere
1012 2556 1073 2608 ιδ.
1108 2557 1388 2621 Quorsum
1424 2571 1515 2611 me
1546 2555 1749 2626 igitur,
1781 2556 1879 2626 qui
1904 2571 2036 2610 sum

389 2646 461 2701 ad
495 2645 711 2701 nullam
737 2661 856 2700 rem
883 2644 1064 2710 utilis,
1097 2660 1360 2699 sermone
1393 2644 1730 2715 compellas,
1755 2661 1787 2700 ο
1806 2645 1989 2700 amice
2008 2644 2036 2698 εἶ

394 2739 527 2802 Ουεο
550 2736 690 2791 mibi
712 2736 980 2791 medendi
1002 2735 1088 2790 vis
1118 2739 1373 2802 est,cum
1404 2735 1516 2789 sim
1540 2752 1570 2788 a
1605 2735 1850 2806 peccatis
1867 2752 2034 2806 aeger,

393 2844 496 2883 nec
553 2844 622 2883 ex
668 2842 865 2883 eorum
921 2842 1160 2881 numero
1219 2825 1435 2897 quibus
1487 2825 1690 2880 talium
1727 2826 2035 2881 vulnerum

389 2916 714 2974 concredita
745 2915 969 2971 curatio
1000 2915 1119 2971 sit?
1150 2915 1274 2970 Non
1307 2915 1459 2970 enim
1490 2915 1645 2970 Deus
1676 2915 2037 2971 confusionis

385 3010 497 3063 est:
532 3022 658 3078 quae
682 3005 1040 3077 presbyteros
1067 3004 1442 3059 attinentsive
1465 3004 1814 3067 sacerdotes,
1837 3019 2037 3059 emen-

2149 1843 2386 1918 σχάτλια
2461 1840 2842 1919 φθεγξάμενος,
2896 1841 2987 1896 καὶ
3065 1845 3154 1897 οἷα
3213 1842 3353 1905 εἶ’κὸς
3430 1843 3655 1918 ἁρμόζει
3711 1850 3795 1917 τῷ

2149 1928 2500 2009 φιλαδέλφως
2532 1929 2738 2008 ἔχοντι.
2784 1931 2899 1985 Καὶ
2940 1932 3062 2007 γὰρ
3106 1930 3273 2005 μέλη
3325 1931 3650 2002 ἀλλήλων
3690 1933 3793 1989 ἐσ-

2153 2022 2285 2094 μὲν.
2327 2020 2424 2075 Καί
2457 2041 2470 2054 ⁸
2515 2019 2662 2076 Ε’ίτε
2700 2019 2944 2095 πάσχει
2981 2020 3046 2075 ’ἐν
3089 2020 3317 2091 μέλος,
3368 2022 3794 2097 συμπάσχειν

2150 2109 2411 2188 ὀφείλει
2468 2111 2674 2164 πάντα
2723 2109 2799 2164 τὰ
2858 2109 3025 2181 μέλη
3062 2129 3076 2142 ⁸
3133 2113 3305 2188 (φωνή
3359 2111 3500 2167 ἐστιν
3558 2112 3792 2168 ἀποστο-

2150 2200 2303 2271 λική)
2339 2220 2351 2233 ⁸
2396 2198 2548 2256 Ε’ίτε
2587 2197 2935 2269 δοξάζεται
2988 2198 3051 2253 ἓν
3097 2198 3320 2271 μέλος,
3362 2203 3396 2270 ἡ
3458 2201 3633 2279 χαρά
3686 2200 3793 2255 ἐπὶ

2148 2295 2364 2345 πᾶσιν.
2400 2286 2560 2344 Ἀλλ’
2590 2286 2635 2341 ὢ
2662 2294 2761 2355 τῆς
2796 2287 3090 2360 ἐπηρείαςί
3125 2287 3490 2359 ἐσυλήθημεν,
3523 2289 3795 2360 ἐπτοήθη-

2153 2399 2267 2452 μεν,
2289 2373 2661 2457 ἐφοϐήθημεν,
2686 2376 2739 2431 ἐν
2763 2378 2843 2439 οἷς
2868 2377 2930 2430 οὐ
2954 2371 3249 2453 φοϐητέον,
3274 2375 3388 2432 οὔδ’
3410 2377 3476 2432 αὖ
3496 2378 3787 2447 πτοητέον·

2150 2467 2299 2542 εἴπερ
2329 2467 2762 2541 ἀναγινώσκομεν
2794 2465 2880 2531 τὸ,
2921 2466 3019 2533 Μὴ
3080 2461 3425 2543 φοϐηθῆτε
3481 2469 3606 2522 ἂπὸ
3662 2474 3789 2523 τῶν

2147 2554 2651 2612 ἀποκτεινόντων
2691 2554 2764 2609 τὸ
2805 2558 3011 2626 σῶμα,
3041 2555 3157 2623 τήν
3198 2552 3263 2609 δὲ
3302 2556 3523 2629 ψυχήν
3566 2557 3653 2628 μὴ
3696 2554 3792 2611 δυ-

2144 2647 2448 2719 ναμένων
2489 2638 2809 2699 λυϐἐσθαι
2852 2645 2915 2716 [Γ.
2953 2638 3291 2717 βλαϐἐσθαι].
3325 2644 3384 2699 Τί
3416 2642 3507 2698 οὖν
3552 2646 3689 2719 πρός
3725 2668 3792 2720 με

2144 2737 2233 2792 τὸν
2268 2736 2518 2809 ἀρχεῖον,
2551 2734 2595 2787 ὧ
2645 2732 2795 2808 φίλε,
2842 2731 3134 2807 ἀνήνεγκας
3169 2733 3259 2788 τὸν
3307 2731 3469 2808 λόγον
3495 2760 3511 2801 ;
3541 2734 3636 2797 Τίς
3680 2734 3790 2809 ἐγὼ

2145 2825 2282 2899 πρὸς
2313 2824 2549 2898 ἰατρείαν
2578 2824 2605 2877 ὁ
2652 2825 2830 2875 νοσῶν
2863 2819 2914 2875 ἐν
2969 2820 3256 2896 ἁμαρτίαις
3292 2841 3305 2854 ⁸
3359 2822 3447 2876 καὶ
3482 2821 3543 2877 οὐ
3587 2827 3698 2877 τῶν
3727 2824 3794 2877 τά

2143 2917 2368 2969 τοιαῦτα
2399 2911 2842 2982 πεπιστευμένων
2876 2908 3053 2964 ἰᾶσθαι
3087 2909 3497 2984 συντρίμματα;
3529 2912 3678 2967 Ἐπεὶ
3715 2912 3788 2983 μή

2145 3002 2360 3076 ἀταξίας
2391 3002 2419 3056 ὁ
2452 3002 2580 3062 Θεός
2617 3020 2629 3032 ⁸
2685 3000 2751 3055 τά
2780 3004 2890 3055 τῶν
2940 2996 3338 3074 πρεσϐυτέρων,
3371 2998 3535 3073 ἤγουν
3583 3000 3786 3074 ἱερέων,

385 3096 675 3165 dandijus
698 3110 764 3150 ac
796 3094 1040 3149 sanandi
1074 3094 1358 3162 episcOpis
1384 3093 1673 3148 attribuit.
1705 3093 1901 3158 Quida
1945 3109 2034 3147 me

2151 3091 2462 3152 ἐπισκόποις
2523 3085 2802 3161 ἀπένειμεν
2860 3090 3191 3164 ἐπανορθοῦν
3247 3091 3337 3143 καὶ
3404 3088 3606 3146 ἰᾶσθαι.
3666 3095 3785 3150 Πῶς

384 3202 454 3241 ea
490 3184 685 3256 poscis
708 3184 917 3254 quibus
951 3199 1082 3238 sum
1114 3182 1347 3253 impar?
1376 3181 1501 3237 Non
1547 3181 1697 3237 licet.
1753 3185 1827 3236 At
1873 3181 2032 3237 istud

386 3273 622 3330 interim
658 3278 782 3327 tum
798 3271 969 3327 dandi
1002 3270 1226 3327 consilii
1257 3286 1443 3341 causa,
1460 3274 1584 3325 tum
1618 3270 2035 3327 benevolentiae

388 3363 809 3435 significandis,
839 3377 1084 3433 suggero
1115 3377 1181 3417 ac
1210 3361 1361 3429 dico,
1393 3377 1465 3416 ne
1495 3365 1551 3414 te
1582 3361 1872 3416 dimittam
1906 3378 2035 3416 om-

387 3453 529 3508 nino
551 3470 583 3507 a
607 3468 885 3520 responso
916 3465 1184 3505 vacuum.
1220 3450 1412 3505 Bonus
1466 3455 1555 3505 est
1584 3449 1738 3504 Deus
1771 3449 1870 3521 qui
1920 3466 2034 3505 non

388 3542 514 3597 vult
537 3545 778 3596 mortem
811 3540 1088 3607 hominis,
1123 3539 1222 3594 sed
1254 3544 1317 3593 ut
1347 3538 1534 3609 magis
1584 3543 1953 3594 convertatur
1982 3543 2037 3593 et

389 3630 541 3687 vivat
573 3630 637 3682 ³⁸.
672 3629 730 3685 Si
762 3628 1027 3701 igiturex
1058 3629 1253 3683 animo
1311 3627 1651 3698 poenitentia
1710 3633 1820 3695 est,
1855 3630 2038 3684 sacris

393 3734 625 3789 operam
657 3719 794 3773 dare
816 3717 1049 3772 omnino
1075 3716 1274 3772 desine
1312 3733 1326 3772 :
1360 3717 1470 3772 nisi
1520 3717 1666 3772 forte
1708 3719 2039 3772 necessaria

391 3824 568 3864 causa
596 3806 1042 3874 interveniente,
1067 3809 1270 3861 sancta
1317 3805 1617 3860 nonnullis
1668 3806 2036 3877 impertieris.

389 3897 481 3953 Fit
512 3896 667 3952 enim
699 3895 993 3951 interdum
1022 3912 1091 3950 ex
1122 3895 1467 3950 necessitate
1489 3911 1553 3949 ac
1585 3894 1944 3961 difﬁcultate,
1978 3900 2042 3951 ut

387 4003 420 4043 a
439 3987 630 4058 seipso
656 3985 788 4058 quis
811 3984 1058 4054 accipiat
1075 3990 1312 4055 propter
1326 3983 1592 4038 haeresim
1616 3984 2037 4040 declinandam.

392 4077 529 4142 Quae
557 4074 740 4146 igitur
770 4073 1110 4145 praestitisti,
1144 4073 1266 4128 sive
1298 4090 1330 4126 a
1357 4077 1412 4127 te
1433 4071 1577 4142 ipso,
1611 4071 1731 4127 sive
1763 4072 2038 4128 inductus

395 4165 466 4220 ab
499 4162 635 4225 alio,
668 4164 904 4235 egregia
933 4167 1072 4217 sunt
1100 4169 1155 4217 et
1185 4162 1358 4231 digna
1398 4161 1573 4217 laude
1601 4164 1666 4217 ad
1694 4161 2042 4219 ﬂectendum

394 4254 594 4309 Deum.
618 4256 691 4307 At
722 4251 882 4307 nulla
913 4269 1006 4307 res
1037 4251 1275 4307 omnino
1310 4256 1498 4320 potest
1528 4251 1751 4305 veniam
1792 4252 1929 4306 dare
1961 4253 2041 4305 rei

395 4358 573 4398 sacrae
633 4341 928 4410 faciendae,
977 4342 1062 4395 vel
1122 4341 1172 4395 si
1225 4356 1571 4411 quocunque
1615 4339 1871 4396 antistite
1910 4342 2044 4396 data

396 4432 696 4487 videatur:
731 4431 908 4501 idque
940 4432 1080 4486 dum
1107 4429 1363 4486 Ecclesia
1389 4428 1489 4485 Dei
1513 4446 1650 4500 pace
1682 4431 2039 4500 perfruatur:

395 4539 508 4592 quo
531 4526 788 4591 tempore
816 4520 1079 4593 synodali
1113 4520 1356 4591 judicio,
1392 4522 1456 4575 ut
1500 4537 1603 4590 par
1648 4526 1755 4587 est,
1787 4538 1913 4592 quas
1974 4522 2042 4576 ad

392 4612 609 4667 similia
650 4615 913 4680 spectant
969 4610 1223 4682 negotia,
1259 4626 1360 4680 per
1388 4625 1636 4665 canones
1686 4610 2045 4676 sancientur,

392 4700 587 4756 divino
615 4704 741 4755 tum
775 4698 999 4755 calculo
1030 4700 1382 4755 sententiam
1429 4700 1848 4755 corroborante.
1880 4699 2044 4763 Quod

394 4791 445 4846 si
477 4790 715 4859 dixeris,
750 4790 909 4844 Inter
939 4789 1429 4846 subscribendum
1454 4788 1768 4844 exclamavi
1806 4789 2048 4845 adorare

395 4896 490 4935 me
537 4883 768 4934 sanctas
812 4878 1136 4950 imagines;
1180 4879 1436 4947 ignosce,
1479 4880 1675 4945 frater,
1698 4883 1753 4933 et
1801 4878 2045 4948 Pilatus,

393 4969 536 5022 dum
566 4977 856 5037 expertem
882 4983 943 5022 se
966 4966 1179 5021 Christi
1202 4965 1376 5021 caedis
1423 4983 1520 5020 ore
1558 4966 1788 5027 faceret,
1820 4967 2046 5021 calamo

399 5070 601 5109 necem
642 5054 1024 5109 conﬁrmavit.
1061 5054 1192 5109 Haec
1240 5054 1346 5108 tibi
1388 5062 1586 5108 nostra
1615 5054 1880 5121 tenuitas,
1916 5059 2049 5108 tan-

397 5158 569 5215 quam
603 5147 901 5212 spectanle
938 5145 1067 5199 Deo.
1103 5149 1177 5197 At
1218 5157 1436 5213 preces,
1469 5156 1685 5211 quasso,
1717 5141 1893 5196 funde
1943 5159 2046 5213 pro

397 5248 528 5287 mea
557 5235 763 5299 salute,
789 5232 847 5287 in
879 5231 1217 5304 pcenitentia
1240 5247 1304 5284 ac
1335 5227 1531 5284 dolore
1552 5228 1733 5283 animi
1766 5231 1873 5284 tui.
1898 5230 2050 5286 Con-

401 5318 588 5374 solare
627 5336 743 5381 eos,
779 5336 929 5392 quos
958 5326 1065 5376 ate
1121 5317 1381 5389 conspici
1418 5316 1527 5380 ais,
1562 5321 1794 5373 sanctos
1852 5318 2051 5377 Patres

397 5424 556 5463 meos
574 5425 642 5463 ex
679 5409 987 5480 episcOpis,
1022 5414 1077 5465 et
1100 5408 1243 5477 jube
1291 5405 1507 5461 salvere
1551 5410 1831 5477 tanquam
1869 5425 1902 5463 a
1961 5426 2052 5466 me

399 5497 741 5555 miserabili.

471 5638 516 5673 ίί
548 5639 702 5697 Psal.
743 5656 939 5709 xnvm,
1002 5640 1088 5694 15.

397 5727 599 5781 xxxm,
632 5712 718 5767 11.

1168 5639 1215 5674 η
1246 5639 1608 5711 Dogmatica.

2075 4478 2128 4543 D

1688 5641 1733 5677 ¹⁸
1786 5642 1995 5715 Ephes.
2032 5662 2108 5712 1v,
2155 5647 2244 5701 25.

2144 3183 2270 3256 παρ’
2314 3180 2451 3252 ἐμοῦ
2508 3177 2824 3249 ἐπιζητοίης
2869 3179 2936 3232 τά
2993 3178 3124 3253 ὑπὲρ
3182 3176 3315 3250 ἐμέ;
3365 3178 3479 3235 Οὐκ
3525 3179 3789 3254 ἐγχωρεῖ.

2142 3275 2312 3327 Τοῦτο
2345 3268 2401 3324 δὲ
2448 3262 2928 3339 συμϐουλευτικῶς
2960 3269 3049 3322 καὶ
3100 3267 3455 3343 ἀγα-πτητικῶς
3485 3268 3787 3341 ὑποτίθημι

2145 3360 2232 3414 καὶ
2267 3358 2414 3432 λέγω
2449 3375 2462 3388 ⁸
2509 3355 2605 3410 ’ίνα
2652 3358 2728 3429 μή
2776 3377 2833 3410 σε
2879 3355 3242 3430 ἀναπόκριτον
3286 3355 3427 3411 ἐάσω
3477 3359 3672 3426 πάντη.
3727 3360 3789 3414 Ὁ

2146 3451 2273 3510 Θεὸς
2306 3448 2507 3522 ἀγαθός
2553 3445 2694 3499 ἐστιν
2724 3447 2787 3499 ού
2835 3443 3005 3499 θέλων
3041 3444 3132 3500 τόν
3182 3446 3405 3500 θάνατον
3453 3449 3548 3500 τοῦ
3577 3445 3790 3517 ἀνθρώ-

2145 3560 2274 3609 που,
2307 3540 2380 3600 ὠς
2412 3537 2473 3591 τὸ
2524 3535 2806 3611 ἐπιτρέψαι
2835 3534 2923 3589 καὶ
2972 3538 3066 3608 ζῇν
3100 3533 3279 3590 αὐτόν.
3318 3535 3377 3590 Εἰ
3428 3533 3519 3590 οῦν
3570 3535 3624 3589 ἐν
3653 3533 3791 3604 ἀλη-

2148 3628 2265 3700 θείᾳ
2293 3630 2327 3696 ἡ
2366 3628 2621 3699 μετάνοια
2653 3645 2666 3659 ⁸
2718 3626 2877 3695 στῆθι
2908 3631 3011 3686 τίς
3060 3624 3367 3701 ἱερουργίας
3399 3626 3737 3679 παντάπασιν
3772 3641 3787 3655 ⁸

2148 3718 2246 3772 οὐκ
2278 3715 2401 3771 οἶδα
2431 3716 2483 3771 εἷ’
2534 3718 2608 3788 μὴ
2651 3714 2787 3770 κατά
2831 3714 3069 3788 ἀνάγκην
3116 3715 3217 3783 τὴν
3267 3712 3561 3769 ἐνεστῶσαν
3619 3734 3790 3785 μετα-

2149 3805 2306 3876 δοίης
2356 3806 2465 3860 τισὶ
2507 3809 2614 3860 τῶν
2657 3806 3036 3879 ἀγιασμάτων.
3083 3806 3234 3861 Ἔστι
3282 3804 3387 3880 γὰρ
3436 3801 3489 3874 ἐξ
3548 3801 3793 3878 ἀνάγκης

2147 3897 2235 3951 καὶ
2269 3896 2523 3970 ἀπορίας,
2557 3895 2645 3949 καὶ
2676 3894 2765 3971 ἀφ’
2797 3894 2989 3948 ἐαυτοῦ
3040 3888 3363 3966 μεταλαϐεῖν
3393 3892 3485 3947 τὸν
3528 3891 3792 3966 τυχόντα,

2152 3983 2241 4040 διὰ
2294 3985 2356 4039 τὸ
2406 3984 2634 4061 φευκτὸν
2682 3989 2782 4052 τῆς
2833 3981 3110 4057 αἱρέσεως.
3160 3984 3302 4039 ’Όσα
3358 3981 3451 4036 οῦν
3514 3980 3795 4049 ἐποίησας,

2151 4073 2258 4128 site
2304 4074 2429 4146 παρ’
2482 4072 2694 4132 ἑαυτοῦ,
2744 4069 2855 4126 εἶτε
2910 4071 2998 4124 καὶ
3050 4071 3185 4144 πρὸς
3235 4068 3411 4125 ἄλλου
3456 4070 3796 4144 ἐπιτραπεὶς,

2151 4161 2292 4218 καλά
2339 4161 2435 4234 μὲν
2495 4161 2584 4215 καὶ
2645 4159 2895 4215 ἐπαινετά
2944 4160 3018 4222 είς
3077 4163 3214 4215 Θεοῦ
3267 4158 3584 4233 ἐπίκαμψιν.
3633 4158 3799 4213 Οὐδὲν

2153 4250 2210 4307 δὲ
2237 4251 2300 4307 τό
2333 4249 2570 4306 καθόλου
2621 4247 2916 4323 δυνάμενον
2949 4247 3109 4304 λῦσαι
3158 4255 3257 4318 τῆς
3295 4249 3601 4323 ἱερουργίας
3636 4270 3648 4280 ·
3699 4248 3796 4302 κᾶν

2155 4342 2205 4412 ἐξ
2235 4337 2635 4410 οίουδηποτοῦν
2682 4338 2981 4413 ἀρχιερέως
3015 4336 3211 4410 δόξειεν
3265 4338 3403 4393 εἶναι
3436 4356 3449 4370 ⁸
3502 4338 3591 4391 καὶ
3630 4342 3798 4391 τοῦτο

2158 4428 2261 4490 ἕως
2294 4429 2515 4503 εἰρήνης
2547 4434 2646 4496 τῆς
2677 4431 2774 4483 τοῦ
2804 4431 2937 4483 Θεοῦ
2967 4424 3327 4494 Ἐκκλησίας⁸
3360 4425 3411 4481 ἐν
3503 4431 3800 4496 τηνικαῦτα

2160 4519 2333 4593 κρίσει
2384 4514 2640 4590 συνοδικῇ
2690 4517 2765 4578 ὡς
2818 4512 2935 4570 δέον
2981 4521 3083 4570 πᾶν
3136 4515 3316 4569 ’ὁτιοῦν
3373 4520 3480 4570 τῶν
3530 4516 3796 4570 τοιούτων

2157 4607 2625 4675 κανονισθήσεται,
2657 4605 2747 4658 καὶ
2802 4604 2978 4677 κρίσιν
3006 4601 3110 4676 ἕξει
3161 4604 3455 4680 θεὸψηιρον.
3491 4603 3557 4659 Εἰ
3585 4601 3641 4658 δὲ
3674 4606 3797 4681 φὴς,

2157 4695 2243 4750 ὅτι
2302 4694 2630 4768 ὑπογράφων
2690 4689 2915 4769 ἔκραζον
2969 4698 3290 4767 προσκυνεῖν
3361 4713 3427 4765 με
3479 4694 3576 4753 τὰς
3648 4693 3794 4767 ἁγίας

2155 4785 2364 4847 εἰκόνας
2401 4803 2413 4817 ⁸
2451 4784 2741 4860 σύγγνωθι,
2774 4782 2991 4859 ἀδελφέ,
3024 4782 3112 4838 καὶ
3147 4781 3406 4851 Πιλάτος,
3437 4787 3516 4854 τῷ
3565 4782 3794 4857 στόματι

2155 4876 2347 4930 ἀθωῶν
2408 4874 2596 4928 ἐαυτὸν
2653 4881 2754 4942 τῆς
2813 4880 3026 4947 σφαγῆς
3091 4873 3349 4946 Χριστοῦ,
3407 4873 3487 4943 τῷ
3562 4871 3798 4943 καλάμῳ

2156 4962 2352 5038 ἐκύρου
2382 4964 2474 5017 τὸν
2507 4964 2755 5019 θάνατον.
2788 4963 2970 5017 Ταῦτά
3018 4983 3102 5016 σοι
3133 4963 3260 5036 παρ’
3298 4961 3432 5033 ἐμοῦ
3475 4965 3581 5016 τοῦ
3610 4982 3803 5015 ταπει-

2156 5057 2252 5107 νοῦ
2311 5052 2386 5113 ὼς
2436 5051 2666 5106 ἐνώπιον
2728 5055 2881 5108 Θεοῦ.
2925 5048 3101 5107 Ἀλλά
3157 5046 3349 5122 δέομαι
3401 5049 3584 5122 μνείαν
3638 5047 3801 5102 ποιοῦ

2159 5142 2292 5216 ὑπὲρ
2325 5141 2463 5213 ἐμῆς
2496 5144 2792 5216 σωτηρίας,
2826 5141 2876 5195 ἐν
2927 5144 2994 5213 τῇ
3030 5140 3285 5213 μετανοίᾳ
3314 5146 3418 5209 τῆς
3463 5138 3803 5212 συνθλίψεώς

2160 5252 2278 5287 σου.
2342 5231 2780 5305 Προσαγορεῦσαί
2822 5252 2879 5285 τε
2926 5229 3309 5306 παρακλήθητι
3357 5226 3447 5290 οὓς
3498 5227 3631 5307 ἔφης
3671 5230 3801 5303 ὁρᾷν

2161 5318 2353 5396 ἁγίους
2398 5321 2637 5395 Πατέρας
2683 5341 2789 5393 μου
2830 5319 2882 5374 ἐν
2934 5316 3271 5387 ἐπισκόποις,
3303 5319 3378 5381 ὡς
3422 5316 3473 5387 ἐξ
3521 5315 3659 5390 ἐμοῦ
3705 5320 3805 5373 τοῦ

2166 5408 2407 5483 οἰκτροῦ.

3521 5641 3567 5680 ιδ
3598 5641 3803 5700 Ezecb.

2327 5646 2372 5682 ¹⁴
2401 5645 2423 5702 Ι
2451 5646 2581 5702 Cor.
2614 5661 2715 5716 xu,
2757 5645 2845 5702 26.
2929 5645 2971 5683 ’⁵
3019 5642 3223 5702 Matth.
3257 5660 3313 5708 x,
3351 5642 3441 5698 28.
