  <div class='ocr_page' id='page_1' title='image "/cluster/home/n/w/nwhite01/storage/ocr_20150623/99/mdp.39015005675577/570.png"; bbox 0 0 4084 6284; ppageno 0'>
   <div class='ocr_carea' id='block_1_1' title="bbox 313 335 485 414">
    <p class='ocr_par' dir='ltr' id='par_1_1' title="bbox 313 335 485 414">
     <span class='ocr_line' id='line_1_1' title="bbox 313 335 485 414; baseline -0.012 0"><span class='ocrx_word' id='word_1_1' title='bbox 313 335 485 414; x_wconf 76' lang='lat'><strong>1129&#39;</strong></span> 
     </span>
    </p>
   </div>
   <div class='ocr_carea' id='block_1_2' title="bbox 651 471 1624 552">
    <p class='ocr_par' dir='ltr' id='par_1_2' title="bbox 651 471 1624 552">
     <span class='ocr_line' id='line_1_2' title="bbox 651 471 1624 552; baseline -0.01 -13"><span class='ocrx_word' id='word_1_2' title='bbox 651 483 720 540; x_wconf 86' lang='lat' dir='ltr'><strong>Z&#39;.</strong></span> <span class='ocrx_word' id='word_1_3' title='bbox 751 515 822 526; x_wconf 88' lang='lat'><strong>-—-</strong></span> <span class='ocrx_word' id='word_1_4' title='bbox 851 480 1118 552; x_wconf 81' lang='grc' dir='ltr'>Ἰωάννῃ</span> <span class='ocrx_word' id='word_1_5' title='bbox 1167 472 1390 546; x_wconf 79' lang='grc' dir='ltr'>τέκνῳ.</span> <span class='ocrx_word' id='word_1_6' title='bbox 1423 471 1624 546; x_wconf 85' lang='grc' dir='ltr'><strong>[ρμη’.]</strong></span> 
     </span>
    </p>
   </div>
   <div class='ocr_carea' id='block_1_3' title="bbox 1561 336 2432 403">
    <p class='ocr_par' dir='ltr' id='par_1_3' title="bbox 1561 336 2432 403">
     <span class='ocr_line' id='line_1_3' title="bbox 1561 336 2432 403; baseline 0.002 -3"><span class='ocrx_word' id='word_1_7' title='bbox 1561 336 2123 403; x_wconf 83' lang='lat' dir='ltr'><strong>EPISTOLARUM</strong></span> <span class='ocrx_word' id='word_1_8' title='bbox 2163 337 2312 401; x_wconf 87' lang='lat' dir='ltr'><strong>LIB.</strong></span> <span class='ocrx_word' id='word_1_9' title='bbox 2356 338 2432 403; x_wconf 88' lang='grc' dir='ltr'><strong>Π.</strong></span> 
     </span>
    </p>
   </div>
   <div class='ocr_carea' id='block_1_4' title="bbox 3551 349 3710 414">
    <p class='ocr_par' dir='ltr' id='par_1_4' title="bbox 3551 349 3710 414">
     <span class='ocr_line' id='line_1_4' title="bbox 3551 349 3710 414; baseline -0.019 0"><span class='ocrx_word' id='word_1_10' title='bbox 3551 349 3710 414; x_wconf 86' lang='grc'><strong>1130</strong></span> 
     </span>
    </p>
   </div>
   <div class='ocr_carea' id='block_1_5' title="bbox 2586 473 3200 550">
    <p class='ocr_par' dir='ltr' id='par_1_5' title="bbox 2586 473 3200 550">
     <span class='ocr_line' id='line_1_5' title="bbox 2586 473 3200 550; baseline 0.013 -22"><span class='ocrx_word' id='word_1_11' title='bbox 2586 473 2707 530; x_wconf 88' lang='lat' dir='ltr'><strong>VII.</strong></span> <span class='ocrx_word' id='word_1_12' title='bbox 2753 506 2816 515; x_wconf 98' lang='lat'><em>—</em></span> <span class='ocrx_word' id='word_1_13' title='bbox 2843 476 3042 533; x_wconf 82' lang='lat' dir='ltr'><strong>Joanni</strong></span> <span class='ocrx_word' id='word_1_14' title='bbox 3068 479 3200 550; x_wconf 80' lang='lat' dir='ltr'><strong>ﬁlio.</strong></span> 
     </span>
    </p>
   </div>
   <div class='ocr_carea' id='block_1_6' title="bbox 1673 571 2354 636">
    <p class='ocr_par' dir='ltr' id='par_1_6' title="bbox 1673 571 2354 636">
     <span class='ocr_line' id='line_1_6' title="bbox 1673 571 2354 636; baseline 0 -15"><span class='ocrx_word' id='word_1_15' title='bbox 1673 571 1980 634; x_wconf 74' lang='lat' dir='ltr'><strong>Respondet</strong></span> <span class='ocrx_word' id='word_1_16' title='bbox 2015 571 2082 620; x_wconf 81' lang='lat' dir='ltr'><strong>ad</strong></span> <span class='ocrx_word' id='word_1_17' title='bbox 2115 572 2354 636; x_wconf 77' lang='lat' dir='ltr'><strong>quaesita.</strong></span> 
     </span>
    </p>
   </div>
   <div class='ocr_carea' id='block_1_7' title="bbox 391 648 1988 734">
    <p class='ocr_par' dir='ltr' id='par_1_7' title="bbox 391 648 1962 734">
     <span class='ocr_line' id='line_1_7' title="bbox 391 648 1962 734; baseline -0.01 -17"><span class='ocrx_word' id='word_1_18' title='bbox 391 658 653 734; x_wconf 78' lang='grc' dir='ltr'>Ἥδομαι,</span> <span class='ocrx_word' id='word_1_19' title='bbox 697 658 887 714; x_wconf 75' lang='grc' dir='ltr'>τέκνον</span> <span class='ocrx_word' id='word_1_20' title='bbox 940 655 1030 712; x_wconf 85' lang='grc' dir='ltr'><strong>καὶ</strong></span> <span class='ocrx_word' id='word_1_21' title='bbox 1089 651 1308 732; x_wconf 71' lang='grc' dir='ltr'>ἀδελφῖε,</span> <span class='ocrx_word' id='word_1_22' title='bbox 1365 650 1416 706; x_wconf 76' lang='grc' dir='ltr'>ἐν</span> <span class='ocrx_word' id='word_1_23' title='bbox 1472 655 1590 713; x_wconf 85' lang='grc' dir='ltr'>ταῖς</span> <span class='ocrx_word' id='word_1_24' title='bbox 1645 648 1962 712; x_wconf 82' lang='grc' dir='ltr'><strong>ἐπιστολαῖς</strong></span> 
     </span>
    </p>
   </div>
   <div class='ocr_carea' id='block_1_8' title="bbox 2104 648 3718 734">
    <p class='ocr_par' dir='ltr' id='par_1_8' title="bbox 2147 653 3718 733">
     <span class='ocr_line' id='line_1_8' title="bbox 2147 653 3718 733; baseline 0.008 -24"><span class='ocrx_word' id='word_1_25' title='bbox 2147 653 2430 726; x_wconf 89' lang='lat' dir='ltr'><strong>Delector,</strong></span> <span class='ocrx_word' id='word_1_26' title='bbox 2464 656 2544 712; x_wconf 82' lang='lat' dir='ltr'><strong>ﬁli</strong></span> <span class='ocrx_word' id='word_1_27' title='bbox 2574 675 2638 713; x_wconf 91' lang='lat' dir='ltr'><strong>ac</strong></span> <span class='ocrx_word' id='word_1_28' title='bbox 2668 658 2857 727; x_wconf 82' lang='lat' dir='ltr'><strong>frater,</strong></span> <span class='ocrx_word' id='word_1_29' title='bbox 2890 658 3097 715; x_wconf 92' lang='lat' dir='ltr'><strong>litteris</strong></span> <span class='ocrx_word' id='word_1_30' title='bbox 3123 661 3279 716; x_wconf 87' lang='lat' dir='ltr'><strong>tuis:</strong></span> <span class='ocrx_word' id='word_1_31' title='bbox 3313 663 3463 733; x_wconf 91' lang='lat' dir='ltr'><strong>quod</strong></span> <span class='ocrx_word' id='word_1_32' title='bbox 3496 665 3553 720; x_wconf 86' lang='lat' dir='ltr'><strong>et</strong></span> <span class='ocrx_word' id='word_1_33' title='bbox 3591 679 3718 720; x_wconf 87' lang='lat' dir='ltr'><strong>con-</strong></span> 
     </span>
    </p>
   </div>
   <div class='ocr_carea' id='block_1_9' title="bbox 323 738 1966 821">
    <p class='ocr_par' dir='ltr' id='par_1_9' title="bbox 323 738 1966 821">
     <span class='ocr_line' id='line_1_9' title="bbox 323 738 1966 821; baseline -0.008 -16"><span class='ocrx_word' id='word_1_34' title='bbox 323 771 420 806; x_wconf 88' lang='grc' dir='ltr'><strong>σου</strong></span> <span class='ocrx_word' id='word_1_35' title='bbox 446 772 458 784; x_wconf 91' lang='grc'>·</span> <span class='ocrx_word' id='word_1_36' title='bbox 494 749 578 805; x_wconf 83' lang='grc' dir='ltr'>ὅτι</span> <span class='ocrx_word' id='word_1_37' title='bbox 629 751 746 804; x_wconf 86' lang='grc' dir='ltr'>καθ’</span> <span class='ocrx_word' id='word_1_38' title='bbox 780 749 970 821; x_wconf 75' lang='grc' dir='ltr'>εἱρμὸν</span> <span class='ocrx_word' id='word_1_39' title='bbox 1019 744 1262 820; x_wconf 82' lang='grc' dir='ltr'>ἔχονται,</span> <span class='ocrx_word' id='word_1_40' title='bbox 1292 741 1383 796; x_wconf 80' lang='grc' dir='ltr'><strong>καὶ</strong></span> <span class='ocrx_word' id='word_1_41' title='bbox 1439 741 1528 795; x_wconf 90' lang='grc' dir='ltr'>τὸν</span> <span class='ocrx_word' id='word_1_42' title='bbox 1579 746 1679 809; x_wconf 80' lang='grc' dir='ltr'>τῆς</span> <span class='ocrx_word' id='word_1_43' title='bbox 1723 738 1966 794; x_wconf 91' lang='grc' dir='ltr'>πολυλο-</span> 
     </span>
    </p>
   </div>
   <div class='ocr_carea' id='block_1_10' title="bbox 322 828 1971 915">
    <p class='ocr_par' dir='ltr' id='par_1_10' title="bbox 322 828 1971 915">
     <span class='ocr_line' id='line_1_10' title="bbox 322 828 1971 915; baseline -0.006 -21"><span class='ocrx_word' id='word_1_44' title='bbox 322 840 442 915; x_wconf 87' lang='grc' dir='ltr'>γίας</span> <span class='ocrx_word' id='word_1_45' title='bbox 495 838 827 912; x_wconf 82' lang='grc' dir='ltr'>ναυτιασμόν</span> <span class='ocrx_word' id='word_1_46' title='bbox 907 836 1303 891; x_wconf 84' lang='grc' dir='ltr'>ἀπαναίνονται.</span> <span class='ocrx_word' id='word_1_47' title='bbox 1360 830 1456 886; x_wconf 82' lang='grc' dir='ltr'><strong>Καὶ</strong></span> <span class='ocrx_word' id='word_1_48' title='bbox 1518 831 1617 906; x_wconf 78' lang='grc' dir='ltr'>γάρ</span> <span class='ocrx_word' id='word_1_49' title='bbox 1676 828 1971 898; x_wconf 80' lang='grc' dir='ltr'><strong>ἐπιστολῆς</strong></span> 
     </span>
    </p>
   </div>
   <div class='ocr_carea' id='block_1_11' title="bbox 324 918 1968 1004">
    <p class='ocr_par' dir='ltr' id='par_1_11' title="bbox 324 918 1968 1004">
     <span class='ocr_line' id='line_1_11' title="bbox 324 918 1968 1004; baseline -0.007 -20"><span class='ocrx_word' id='word_1_50' title='bbox 324 929 516 1004; x_wconf 75' lang='grc' dir='ltr'>ἀρετὴ,</span> <span class='ocrx_word' id='word_1_51' title='bbox 567 927 718 990; x_wconf 76' lang='grc' dir='ltr'>εὐθὺς</span> <span class='ocrx_word' id='word_1_52' title='bbox 767 933 866 994; x_wconf 79' lang='grc' dir='ltr'>τῆς</span> <span class='ocrx_word' id='word_1_53' title='bbox 910 922 1278 998; x_wconf 80' lang='grc' dir='ltr'><strong>προκειμένης</strong></span> <span class='ocrx_word' id='word_1_54' title='bbox 1333 918 1633 980; x_wconf 69' lang='grc' dir='ltr'>ὑποθέσεως</span> <span class='ocrx_word' id='word_1_55' title='bbox 1690 919 1968 987; x_wconf 80' lang='grc' dir='ltr'>ἅπτεσθαι,</span> 
     </span>
    </p>
   </div>
   <div class='ocr_carea' id='block_1_12' title="bbox 324 1006 1974 1090">
    <p class='ocr_par' dir='ltr' id='par_1_12' title="bbox 324 1006 1974 1090">
     <span class='ocr_line' id='line_1_12' title="bbox 324 1006 1974 1090; baseline -0.008 -16"><span class='ocrx_word' id='word_1_56' title='bbox 324 1019 416 1074; x_wconf 77' lang='grc' dir='ltr'><strong>καὶ</strong></span> <span class='ocrx_word' id='word_1_57' title='bbox 461 1021 696 1072; x_wconf 86' lang='grc' dir='ltr'>τοσαῦτα</span> <span class='ocrx_word' id='word_1_58' title='bbox 750 1015 922 1090; x_wconf 72' lang='grc' dir='ltr'>λέγειν</span> <span class='ocrx_word' id='word_1_59' title='bbox 977 1015 1107 1069; x_wconf 79' lang='grc' dir='ltr'>ἅττα</span> <span class='ocrx_word' id='word_1_60' title='bbox 1156 1010 1486 1084; x_wconf 80' lang='grc' dir='ltr'>ἐπάναγκες·</span> <span class='ocrx_word' id='word_1_61' title='bbox 1533 1006 1678 1063; x_wconf 82' lang='grc' dir='ltr'><strong>ἂλλά</strong></span> <span class='ocrx_word' id='word_1_62' title='bbox 1728 1010 1804 1081; x_wconf 85' lang='grc' dir='ltr'>μὴ</span> <span class='ocrx_word' id='word_1_63' title='bbox 1857 1007 1974 1062; x_wconf 81' lang='grc' dir='ltr'>ἐπι-</span> 
     </span>
    </p>
   </div>
   <div class='ocr_carea' id='block_1_13' title="bbox 326 1098 1972 1180">
    <p class='ocr_par' dir='ltr' id='par_1_13' title="bbox 326 1098 1972 1180">
     <span class='ocr_line' id='line_1_13' title="bbox 326 1098 1972 1180; baseline -0.007 -18"><span class='ocrx_word' id='word_1_64' title='bbox 326 1106 550 1162; x_wconf 83' lang='grc' dir='ltr'>κυκλεῖν</span> <span class='ocrx_word' id='word_1_65' title='bbox 596 1107 664 1161; x_wconf 75' lang='grc' dir='ltr'><strong>τά</strong></span> <span class='ocrx_word' id='word_1_66' title='bbox 713 1105 822 1180; x_wconf 83' lang='grc' dir='ltr'>οὐχ</span> <span class='ocrx_word' id='word_1_67' title='bbox 866 1102 1058 1165; x_wconf 78' lang='grc' dir='ltr'>οὕτως.</span> <span class='ocrx_word' id='word_1_68' title='bbox 1095 1102 1231 1158; x_wconf 78' lang='grc' dir='ltr'>Εἶεν.</span> <span class='ocrx_word' id='word_1_69' title='bbox 1267 1099 1398 1174; x_wconf 78' lang='grc' dir='ltr'>Περὶ</span> <span class='ocrx_word' id='word_1_70' title='bbox 1442 1098 1514 1152; x_wconf 85' lang='grc' dir='ltr'>ὧν</span> <span class='ocrx_word' id='word_1_71' title='bbox 1563 1098 1875 1171; x_wconf 79' lang='grc' dir='ltr'><strong>ἠρώτησας,</strong></span> <span class='ocrx_word' id='word_1_72' title='bbox 1908 1098 1972 1152; x_wconf 81' lang='grc' dir='ltr'>οὗ</span> 
     </span>
    </p>
   </div>
   <div class='ocr_carea' id='block_1_14' title="bbox 328 1184 1976 1268">
    <p class='ocr_par' dir='ltr' id='par_1_14' title="bbox 328 1184 1976 1268">
     <span class='ocr_line' id='line_1_14' title="bbox 328 1184 1976 1268; baseline -0.006 -17"><span class='ocrx_word' id='word_1_73' title='bbox 328 1200 425 1251; x_wconf 89' lang='grc' dir='ltr'><strong>τοῦ</strong></span> <span class='ocrx_word' id='word_1_74' title='bbox 479 1196 750 1268; x_wconf 80' lang='grc' dir='ltr'><strong>παρόντος</strong></span> <span class='ocrx_word' id='word_1_75' title='bbox 811 1195 1002 1265; x_wconf 88' lang='grc' dir='ltr'>καιροῦ</span> <span class='ocrx_word' id='word_1_76' title='bbox 1057 1192 1125 1246; x_wconf 85' lang='grc' dir='ltr'><strong>τά</strong></span> <span class='ocrx_word' id='word_1_77' title='bbox 1162 1186 1347 1245; x_wconf 78' lang='grc' dir='ltr'>τοιάδε</span> <span class='ocrx_word' id='word_1_78' title='bbox 1395 1187 1818 1263; x_wconf 74' lang='grc' dir='ltr'>φιλοπευστεῗνο</span> <span class='ocrx_word' id='word_1_79' title='bbox 1855 1184 1976 1241; x_wconf 69' lang='grc' dir='ltr'>οὔτε</span> 
     </span>
    </p>
   </div>
   <div class='ocr_carea' id='block_1_15' title="bbox 329 1274 1977 1358">
    <p class='ocr_par' dir='ltr' id='par_1_15' title="bbox 329 1274 1977 1358">
     <span class='ocr_line' id='line_1_15' title="bbox 329 1274 1977 1358; baseline -0.006 -18"><span class='ocrx_word' id='word_1_80' title='bbox 329 1286 468 1358; x_wconf 86' lang='grc' dir='ltr'>πρὸς</span> <span class='ocrx_word' id='word_1_81' title='bbox 525 1287 684 1356; x_wconf 82' lang='grc' dir='ltr'>ἡμῶν</span> <span class='ocrx_word' id='word_1_82' title='bbox 739 1281 986 1356; x_wconf 81' lang='grc' dir='ltr'>μυεῖσθαί</span> <span class='ocrx_word' id='word_1_83' title='bbox 1035 1302 1111 1350; x_wconf 87' lang='grc' dir='ltr'><strong>σε,</strong></span> <span class='ocrx_word' id='word_1_84' title='bbox 1163 1279 1206 1334; x_wconf 84' lang='grc' dir='ltr'>ὧ</span> <span class='ocrx_word' id='word_1_85' title='bbox 1249 1278 1385 1334; x_wconf 75' lang='grc' dir='ltr'>καλὲ</span> <span class='ocrx_word' id='word_1_86' title='bbox 1431 1282 1565 1332; x_wconf 79' lang='grc' dir='ltr'>παῖ·</span> <span class='ocrx_word' id='word_1_87' title='bbox 1601 1274 1786 1344; x_wconf 81' lang='grc' dir='ltr'>ἐπειδὴ</span> <span class='ocrx_word' id='word_1_88' title='bbox 1844 1277 1977 1349; x_wconf 82' lang='grc' dir='ltr'>μετᾶ</span> 
     </span>
    </p>
   </div>
   <div class='ocr_carea' id='block_1_16' title="bbox 329 1363 1979 1444">
    <p class='ocr_par' dir='ltr' id='par_1_16' title="bbox 329 1363 1979 1444">
     <span class='ocr_line' id='line_1_16' title="bbox 329 1363 1979 1444; baseline -0.006 -15"><span class='ocrx_word' id='word_1_89' title='bbox 329 1378 438 1429; x_wconf 77' lang='grc' dir='ltr'><strong>τῶν</strong></span> <span class='ocrx_word' id='word_1_90' title='bbox 485 1371 671 1428; x_wconf 76' lang='grc' dir='ltr'>ἄλλων</span> <span class='ocrx_word' id='word_1_91' title='bbox 732 1371 822 1426; x_wconf 79' lang='grc' dir='ltr'><strong>καὶ</strong></span> <span class='ocrx_word' id='word_1_92' title='bbox 879 1370 1126 1442; x_wconf 76' lang='grc' dir='ltr'><strong>ἀμύητος</strong></span> <span class='ocrx_word' id='word_1_93' title='bbox 1185 1367 1292 1444; x_wconf 80' lang='grc' dir='ltr'><strong>ἐγὼ</strong></span> <span class='ocrx_word' id='word_1_94' title='bbox 1339 1371 1444 1422; x_wconf 82' lang='grc' dir='ltr'><strong>τῶν</strong></span> <span class='ocrx_word' id='word_1_95' title='bbox 1499 1363 1850 1440; x_wconf 68' lang='grc' dir='ltr'>δυσεφίκτων.</span> <span class='ocrx_word' id='word_1_96' title='bbox 1891 1366 1979 1427; x_wconf 82' lang='grc' dir='ltr'>Ὧς</span> 
     </span>
    </p>
   </div>
   <div class='ocr_carea' id='block_1_17' title="bbox 335 1454 1978 1536">
    <p class='ocr_par' dir='ltr' id='par_1_17' title="bbox 335 1454 1978 1536">
     <span class='ocr_line' id='line_1_17' title="bbox 335 1454 1978 1536; baseline -0.006 -19"><span class='ocrx_word' id='word_1_97' title='bbox 335 1461 379 1517; x_wconf 80' lang='grc' dir='ltr'><strong>δ’</strong></span> <span class='ocrx_word' id='word_1_98' title='bbox 437 1460 496 1516; x_wconf 83' lang='grc' dir='ltr'>ἂν</span> <span class='ocrx_word' id='word_1_99' title='bbox 555 1463 630 1535; x_wconf 84' lang='grc' dir='ltr'><strong>μή</strong></span> <span class='ocrx_word' id='word_1_100' title='bbox 702 1459 1089 1533; x_wconf 83' lang='grc' dir='ltr'>παραλυπῆσαι</span> <span class='ocrx_word' id='word_1_101' title='bbox 1163 1461 1231 1531; x_wconf 80' lang='grc' dir='ltr'>τῇ</span> <span class='ocrx_word' id='word_1_102' title='bbox 1307 1455 1538 1536; x_wconf 74' lang='grc' dir='ltr'>ἀφασίᾳο</span> <span class='ocrx_word' id='word_1_103' title='bbox 1599 1455 1770 1509; x_wconf 80' lang='grc' dir='ltr'>ἐκεῖνο</span> <span class='ocrx_word' id='word_1_104' title='bbox 1831 1454 1978 1528; x_wconf 72' lang='grc' dir='ltr'>λέγω</span> 
     </span>
    </p>
   </div>
   <div class='ocr_carea' id='block_1_18' title="bbox 332 1542 1980 1627">
    <p class='ocr_par' dir='ltr' id='par_1_18' title="bbox 332 1542 1980 1627">
     <span class='ocr_line' id='line_1_18' title="bbox 332 1542 1980 1627; baseline -0.005 -20"><span class='ocrx_word' id='word_1_105' title='bbox 332 1553 455 1627; x_wconf 86' lang='grc' dir='ltr'>περὶ</span> <span class='ocrx_word' id='word_1_106' title='bbox 486 1555 582 1606; x_wconf 91' lang='grc' dir='ltr'><strong>τοῦ</strong></span> <span class='ocrx_word' id='word_1_107' title='bbox 616 1550 836 1624; x_wconf 85' lang='grc' dir='ltr'>πρώτου</span> <span class='ocrx_word' id='word_1_108' title='bbox 859 1567 873 1581; x_wconf 87' lang='grc'>⁶</span> <span class='ocrx_word' id='word_1_109' title='bbox 907 1549 991 1604; x_wconf 81' lang='grc' dir='ltr'><strong>ὅτι</strong></span> <span class='ocrx_word' id='word_1_110' title='bbox 1014 1546 1192 1611; x_wconf 78' lang='grc' dir='ltr'>οὐδείς</span> <span class='ocrx_word' id='word_1_111' title='bbox 1220 1569 1308 1601; x_wconf 86' lang='grc' dir='ltr'><strong>πω</strong></span> <span class='ocrx_word' id='word_1_112' title='bbox 1345 1551 1450 1600; x_wconf 80' lang='grc' dir='ltr'><strong>τῶν</strong></span> <span class='ocrx_word' id='word_1_113' title='bbox 1481 1542 1670 1600; x_wconf 80' lang='grc' dir='ltr'>ἄλλων</span> <span class='ocrx_word' id='word_1_114' title='bbox 1703 1543 1980 1621; x_wconf 75' lang='grc' dir='ltr'>θεοφόρων</span> 
     </span>
    </p>
   </div>
   <div class='ocr_carea' id='block_1_19' title="bbox 335 1634 1982 1716">
    <p class='ocr_par' dir='ltr' id='par_1_19' title="bbox 335 1634 1982 1716">
     <span class='ocr_line' id='line_1_19' title="bbox 335 1634 1982 1716; baseline -0.007 -18"><span class='ocrx_word' id='word_1_115' title='bbox 335 1645 591 1716; x_wconf 82' lang='grc' dir='ltr'>Πατέρων</span> <span class='ocrx_word' id='word_1_116' title='bbox 634 1641 886 1696; x_wconf 83' lang='grc' dir='ltr'>ἐλεύκανε</span> <span class='ocrx_word' id='word_1_117' title='bbox 932 1641 994 1694; x_wconf 86' lang='grc' dir='ltr'>τὸ</span> <span class='ocrx_word' id='word_1_118' title='bbox 1044 1634 1349 1713; x_wconf 77' lang='grc' dir='ltr'>πρόϐλημα</span> <span class='ocrx_word' id='word_1_119' title='bbox 1394 1636 1567 1700; x_wconf 79' lang='grc' dir='ltr'>οὕτως</span> <span class='ocrx_word' id='word_1_120' title='bbox 1623 1636 1698 1696; x_wconf 84' lang='grc' dir='ltr'>ὡς</span> <span class='ocrx_word' id='word_1_121' title='bbox 1749 1636 1776 1689; x_wconf 99' lang='lat'><strong>6</strong></span> <span class='ocrx_word' id='word_1_122' title='bbox 1834 1637 1982 1692; x_wconf 91' lang='grc' dir='ltr'>Νυσ-</span> 
     </span>
    </p>
   </div>
   <div class='ocr_carea' id='block_1_20' title="bbox 334 1724 1982 1805">
    <p class='ocr_par' dir='ltr' id='par_1_20' title="bbox 334 1724 1982 1805">
     <span class='ocr_line' id='line_1_20' title="bbox 334 1724 1982 1805; baseline -0.007 -18"><span class='ocrx_word' id='word_1_123' title='bbox 334 1731 456 1794; x_wconf 75' lang='grc' dir='ltr'>σεῦς</span> <span class='ocrx_word' id='word_1_124' title='bbox 514 1732 834 1805; x_wconf 86' lang='grc' dir='ltr'>Γρηγόριος.</span> <span class='ocrx_word' id='word_1_125' title='bbox 887 1730 1262 1804; x_wconf 81' lang='grc' dir='ltr'>Ἀρκεσθῶμεν</span> <span class='ocrx_word' id='word_1_126' title='bbox 1324 1725 1414 1781; x_wconf 83' lang='grc' dir='ltr'><strong>οῦν</strong></span> <span class='ocrx_word' id='word_1_127' title='bbox 1476 1729 1544 1798; x_wconf 82' lang='grc' dir='ltr'>τῇ</span> <span class='ocrx_word' id='word_1_128' title='bbox 1593 1729 1688 1778; x_wconf 89' lang='grc' dir='ltr'><strong>τοῦ</strong></span> <span class='ocrx_word' id='word_1_129' title='bbox 1735 1724 1982 1794; x_wconf 74' lang='grc' dir='ltr'>πνεύμα-</span> 
     </span>
    </p>
   </div>
   <div class='ocr_carea' id='block_1_21' title="bbox 333 1813 1981 1895">
    <p class='ocr_par' dir='ltr' id='par_1_21' title="bbox 333 1813 1981 1895">
     <span class='ocr_line' id='line_1_21' title="bbox 333 1813 1981 1895; baseline -0.006 -18"><span class='ocrx_word' id='word_1_130' title='bbox 333 1844 428 1884; x_wconf 88' lang='grc' dir='ltr'><strong>τος</strong></span> <span class='ocrx_word' id='word_1_131' title='bbox 483 1820 684 1893; x_wconf 77' lang='grc' dir='ltr'>θεωρίᾳ</span> <span class='ocrx_word' id='word_1_132' title='bbox 747 1818 798 1874; x_wconf 78' lang='grc' dir='ltr'>ἒν</span> <span class='ocrx_word' id='word_1_133' title='bbox 853 1820 1135 1895; x_wconf 78' lang='grc' dir='ltr'>ἀνηγμένῃ</span> <span class='ocrx_word' id='word_1_134' title='bbox 1184 1817 1384 1890; x_wconf 79' lang='grc' dir='ltr'>θεωρίᾳ</span> <span class='ocrx_word' id='word_1_135' title='bbox 1429 1815 1586 1891; x_wconf 79' lang='grc' dir='ltr'>ἄγαν.</span> <span class='ocrx_word' id='word_1_136' title='bbox 1620 1815 1698 1872; x_wconf 88' lang='grc' dir='ltr'><strong>Τὸ</strong></span> <span class='ocrx_word' id='word_1_137' title='bbox 1724 1815 1824 1890; x_wconf 78' lang='grc' dir='ltr'><strong>γὰρ</strong></span> <span class='ocrx_word' id='word_1_138' title='bbox 1885 1813 1981 1868; x_wconf 78' lang='grc' dir='ltr'>ἐπ-</span> 
     </span>
    </p>
   </div>
   <div class='ocr_carea' id='block_1_22' title="bbox 338 1900 1984 1982">
    <p class='ocr_par' dir='ltr' id='par_1_22' title="bbox 338 1900 1984 1982">
     <span class='ocr_line' id='line_1_22' title="bbox 338 1900 1984 1982; baseline -0.005 -16"><span class='ocrx_word' id='word_1_139' title='bbox 338 1911 514 1966; x_wconf 73' lang='grc' dir='ltr'>έκεινα</span> <span class='ocrx_word' id='word_1_140' title='bbox 567 1906 838 1982; x_wconf 72' lang='grc' dir='ltr'>Γαδείρων</span> <span class='ocrx_word' id='word_1_141' title='bbox 895 1907 956 1962; x_wconf 77' lang='grc' dir='ltr'><strong>οὐ</strong></span> <span class='ocrx_word' id='word_1_142' title='bbox 1014 1905 1280 1979; x_wconf 56' lang='grc' dir='ltr'>περατόν</span> <span class='ocrx_word' id='word_1_143' title='bbox 1315 1907 1389 1967; x_wconf 86' lang='grc' dir='ltr'>ὡς</span> <span class='ocrx_word' id='word_1_144' title='bbox 1447 1906 1475 1959; x_wconf 92' lang='lat'><strong>6</strong></span> <span class='ocrx_word' id='word_1_145' title='bbox 1535 1903 1723 1974; x_wconf 87' lang='grc' dir='ltr'>λόγος.</span> <span class='ocrx_word' id='word_1_146' title='bbox 1757 1904 1884 1978; x_wconf 83' lang='grc' dir='ltr'><strong>Περὶ</strong></span> <span class='ocrx_word' id='word_1_147' title='bbox 1927 1900 1984 1957; x_wconf 68' lang='grc' dir='ltr'><strong>δὲ</strong></span> 
     </span>
    </p>
   </div>
   <div class='ocr_carea' id='block_1_23' title="bbox 2077 741 3714 819">
    <p class='ocr_par' dir='ltr' id='par_1_23' title="bbox 2077 741 3714 819">
     <span class='ocr_line' id='line_1_23' title="bbox 2077 741 3714 819; baseline 0.005 -23"><span class='ocrx_word' id='word_1_148' title='bbox 2077 741 2253 797; x_wconf 68' lang='lat' dir='ltr'><strong>tinum</strong></span> <span class='ocrx_word' id='word_1_149' title='bbox 2287 744 2675 813; x_wconf 79' lang='lat' dir='ltr'><strong>perferuntur,</strong></span> <span class='ocrx_word' id='word_1_150' title='bbox 2708 751 2766 801; x_wconf 90' lang='lat' dir='ltr'><strong>et</strong></span> <span class='ocrx_word' id='word_1_151' title='bbox 2797 747 3154 819; x_wconf 88' lang='lat' dir='ltr'><strong>multiloquii</strong></span> <span class='ocrx_word' id='word_1_152' title='bbox 3184 748 3481 806; x_wconf 85' lang='lat' dir='ltr'><strong>fastidium</strong></span> <span class='ocrx_word' id='word_1_153' title='bbox 3509 751 3714 808; x_wconf 85' lang='lat' dir='ltr'><strong>vitant.</strong></span> 
     </span>
    </p>
   </div>
   <div class='ocr_carea' id='block_1_24' title="bbox 2081 830 3720 908">
    <p class='ocr_par' dir='ltr' id='par_1_24' title="bbox 2081 830 3720 908">
     <span class='ocr_line' id='line_1_24' title="bbox 2081 830 3720 908; baseline 0.007 -23"><span class='ocrx_word' id='word_1_154' title='bbox 2081 830 2210 887; x_wconf 72' lang='lat' dir='ltr'><strong>Haec</strong></span> <span class='ocrx_word' id='word_1_155' title='bbox 2258 833 2413 888; x_wconf 90' lang='lat' dir='ltr'><strong>enim</strong></span> <span class='ocrx_word' id='word_1_156' title='bbox 2464 835 2720 906; x_wconf 82' lang='lat' dir='ltr'><strong>epistolas</strong></span> <span class='ocrx_word' id='word_1_157' title='bbox 2759 835 2886 891; x_wconf 88' lang='lat' dir='ltr'><strong>laus</strong></span> <span class='ocrx_word' id='word_1_158' title='bbox 2931 839 3160 908; x_wconf 87' lang='lat' dir='ltr'><strong>propria</strong></span> <span class='ocrx_word' id='word_1_159' title='bbox 3209 842 3317 905; x_wconf 85' lang='lat' dir='ltr'><strong>est,</strong></span> <span class='ocrx_word' id='word_1_160' title='bbox 3351 843 3414 895; x_wconf 89' lang='lat' dir='ltr'><strong>ut</strong></span> <span class='ocrx_word' id='word_1_161' title='bbox 3451 840 3647 896; x_wconf 87' lang='lat' dir='ltr'><strong>statim</strong></span> <span class='ocrx_word' id='word_1_162' title='bbox 3686 858 3720 896; x_wconf 88' lang='lat' dir='ltr'><strong>a</strong></span> 
     </span>
    </p>
   </div>
   <div class='ocr_carea' id='block_1_25' title="bbox 2081 923 3721 1000">
    <p class='ocr_par' dir='ltr' id='par_1_25' title="bbox 2081 923 3721 1000">
     <span class='ocr_line' id='line_1_25' title="bbox 2081 923 3721 1000; baseline 0.007 -26"><span class='ocrx_word' id='word_1_163' title='bbox 2081 923 2374 992; x_wconf 89' lang='lat' dir='ltr'><strong>proposito</strong></span> <span class='ocrx_word' id='word_1_164' title='bbox 2406 929 2750 994; x_wconf 87' lang='lat' dir='ltr'><strong>argumento</strong></span> <span class='ocrx_word' id='word_1_165' title='bbox 2790 925 3015 981; x_wconf 88' lang='lat' dir='ltr'><strong>initium</strong></span> <span class='ocrx_word' id='word_1_166' title='bbox 3057 927 3286 982; x_wconf 88' lang='lat' dir='ltr'><strong>dicendi</strong></span> <span class='ocrx_word' id='word_1_167' title='bbox 3318 929 3508 997; x_wconf 87' lang='lat' dir='ltr'><strong>faciat,</strong></span> <span class='ocrx_word' id='word_1_168' title='bbox 3540 945 3721 1000; x_wconf 89' lang='lat' dir='ltr'><strong>eaque</strong></span> 
     </span>
    </p>
   </div>
   <div class='ocr_carea' id='block_1_26' title="bbox 2083 1010 3719 1090">
    <p class='ocr_par' dir='ltr' id='par_1_26' title="bbox 2083 1010 3719 1090">
     <span class='ocr_line' id='line_1_26' title="bbox 2083 1010 3719 1090; baseline 0.007 -26"><span class='ocrx_word' id='word_1_169' title='bbox 2083 1010 2234 1065; x_wconf 84' lang='lat' dir='ltr'><strong>dicat</strong></span> <span class='ocrx_word' id='word_1_170' title='bbox 2265 1028 2390 1082; x_wconf 67' lang='lat' dir='ltr'><strong>quae</strong></span> <span class='ocrx_word' id='word_1_171' title='bbox 2435 1029 2670 1070; x_wconf 88' lang='lat' dir='ltr'><strong>necesse</strong></span> <span class='ocrx_word' id='word_1_172' title='bbox 2714 1019 2822 1082; x_wconf 91' lang='lat' dir='ltr'><strong>est,</strong></span> <span class='ocrx_word' id='word_1_173' title='bbox 2873 1031 2978 1071; x_wconf 91' lang='lat' dir='ltr'><strong>nec</strong></span> <span class='ocrx_word' id='word_1_174' title='bbox 3025 1033 3090 1072; x_wconf 89' lang='lat' dir='ltr'><strong>ea</strong></span> <span class='ocrx_word' id='word_1_175' title='bbox 3136 1017 3387 1073; x_wconf 85' lang='lat' dir='ltr'><strong>revolvat</strong></span> <span class='ocrx_word' id='word_1_176' title='bbox 3425 1034 3552 1090; x_wconf 84' lang='lat' dir='ltr'><strong>quae</strong></span> <span class='ocrx_word' id='word_1_177' title='bbox 3601 1037 3719 1075; x_wconf 85' lang='lat' dir='ltr'><strong>non</strong></span> 
     </span>
    </p>
   </div>
   <div class='ocr_carea' id='block_1_27' title="bbox 2084 1101 3725 1179">
    <p class='ocr_par' dir='ltr' id='par_1_27' title="bbox 2084 1101 3725 1179">
     <span class='ocr_line' id='line_1_27' title="bbox 2084 1101 3725 1179; baseline 0.005 -25"><span class='ocrx_word' id='word_1_178' title='bbox 2084 1103 2221 1154; x_wconf 89' lang='lat' dir='ltr'><strong>sunt</strong></span> <span class='ocrx_word' id='word_1_179' title='bbox 2250 1101 2555 1170; x_wconf 79' lang='lat' dir='ltr'><strong>ejusmodi.</strong></span> <span class='ocrx_word' id='word_1_180' title='bbox 2607 1103 2690 1157; x_wconf 88' lang='lat' dir='ltr'><strong>Ad</strong></span> <span class='ocrx_word' id='word_1_181' title='bbox 2733 1103 2844 1159; x_wconf 89' lang='lat' dir='ltr'><strong>alia</strong></span> <span class='ocrx_word' id='word_1_182' title='bbox 2875 1121 3043 1175; x_wconf 91' lang='lat' dir='ltr'><strong>porro</strong></span> <span class='ocrx_word' id='word_1_183' title='bbox 3093 1123 3424 1178; x_wconf 83' lang='lat' dir='ltr'><strong>pergamus.</strong></span> <span class='ocrx_word' id='word_1_184' title='bbox 3467 1107 3548 1163; x_wconf 91' lang='lat' dir='ltr'><strong>De</strong></span> <span class='ocrx_word' id='word_1_185' title='bbox 3599 1109 3725 1179; x_wconf 91' lang='lat' dir='ltr'><strong>qui-</strong></span> 
     </span>
    </p>
   </div>
   <div class='ocr_carea' id='block_1_28' title="bbox 2086 1189 3724 1268">
    <p class='ocr_par' dir='ltr' id='par_1_28' title="bbox 2086 1189 3724 1268">
     <span class='ocr_line' id='line_1_28' title="bbox 2086 1189 3724 1268; baseline 0.006 -26"><span class='ocrx_word' id='word_1_186' title='bbox 2086 1189 2197 1243; x_wconf 90' lang='lat' dir='ltr'><strong>bus</strong></span> <span class='ocrx_word' id='word_1_187' title='bbox 2245 1189 2634 1263; x_wconf 81' lang='lat' dir='ltr'><strong>interrogasti,</strong></span> <span class='ocrx_word' id='word_1_188' title='bbox 2681 1209 2863 1262; x_wconf 88' lang='lat' dir='ltr'><strong>neque</strong></span> <span class='ocrx_word' id='word_1_189' title='bbox 2910 1198 3000 1250; x_wconf 88' lang='lat' dir='ltr'><strong>est</strong></span> <span class='ocrx_word' id='word_1_190' title='bbox 3044 1195 3226 1264; x_wconf 86' lang='lat' dir='ltr'><strong>hujus</strong></span> <span class='ocrx_word' id='word_1_191' title='bbox 3277 1197 3550 1268; x_wconf 88' lang='lat' dir='ltr'><strong>temporis</strong></span> <span class='ocrx_word' id='word_1_192' title='bbox 3581 1196 3724 1253; x_wconf 90' lang='lat' dir='ltr'><strong>talia</strong></span> 
     </span>
    </p>
   </div>
   <div class='ocr_carea' id='block_1_29' title="bbox 2088 1277 3725 1358">
    <p class='ocr_par' dir='ltr' id='par_1_29' title="bbox 2088 1277 3725 1358">
     <span class='ocr_line' id='line_1_29' title="bbox 2088 1277 3725 1358; baseline 0.005 -26"><span class='ocrx_word' id='word_1_193' title='bbox 2088 1277 2390 1347; x_wconf 90' lang='lat' dir='ltr'><strong>sciscitari,</strong></span> <span class='ocrx_word' id='word_1_194' title='bbox 2427 1297 2530 1335; x_wconf 91' lang='lat' dir='ltr'><strong>nec</strong></span> <span class='ocrx_word' id='word_1_195' title='bbox 2575 1286 2910 1338; x_wconf 88' lang='lat' dir='ltr'><strong>nostrarum</strong></span> <span class='ocrx_word' id='word_1_196' title='bbox 2951 1282 3160 1339; x_wconf 88' lang='lat' dir='ltr'><strong>virium</strong></span> <span class='ocrx_word' id='word_1_197' title='bbox 3191 1285 3429 1340; x_wconf 89' lang='lat' dir='ltr'><strong>edocere</strong></span> <span class='ocrx_word' id='word_1_198' title='bbox 3459 1289 3538 1354; x_wconf 90' lang='lat' dir='ltr'><strong>te,</strong></span> <span class='ocrx_word' id='word_1_199' title='bbox 3581 1302 3725 1358; x_wconf 83' lang='lat' dir='ltr'><strong>puer</strong></span> 
     </span>
    </p>
   </div>
   <div class='ocr_carea' id='block_1_30' title="bbox 2089 1367 3725 1444">
    <p class='ocr_par' dir='ltr' id='par_1_30' title="bbox 2089 1367 3725 1444">
     <span class='ocr_line' id='line_1_30' title="bbox 2089 1367 3725 1444; baseline 0.007 -25"><span class='ocrx_word' id='word_1_200' title='bbox 2089 1367 2344 1436; x_wconf 90' lang='lat' dir='ltr'><strong>optime:</strong></span> <span class='ocrx_word' id='word_1_201' title='bbox 2394 1371 2888 1441; x_wconf 85' lang='lat' dir='ltr'><strong>quandoquidem,</strong></span> <span class='ocrx_word' id='word_1_202' title='bbox 2950 1378 3157 1444; x_wconf 67' lang='lat' dir='ltr'><strong>praeter</strong></span> <span class='ocrx_word' id='word_1_203' title='bbox 3203 1375 3333 1442; x_wconf 86' lang='lat' dir='ltr'><strong>alia,</strong></span> <span class='ocrx_word' id='word_1_204' title='bbox 3387 1376 3547 1431; x_wconf 89' lang='lat' dir='ltr'><strong>rudis</strong></span> <span class='ocrx_word' id='word_1_205' title='bbox 3598 1391 3725 1430; x_wconf 90' lang='lat' dir='ltr'><strong>sum</strong></span> 
     </span>
    </p>
   </div>
   <div class='ocr_carea' id='block_1_31' title="bbox 2089 1457 3727 1534">
    <p class='ocr_par' dir='ltr' id='par_1_31' title="bbox 2089 1457 3727 1534">
     <span class='ocr_line' id='line_1_31' title="bbox 2089 1457 3727 1534; baseline 0.007 -25"><span class='ocrx_word' id='word_1_206' title='bbox 2089 1459 2145 1510; x_wconf 92' lang='lat' dir='ltr'><strong>et</strong></span> <span class='ocrx_word' id='word_1_207' title='bbox 2175 1457 2478 1528; x_wconf 88' lang='lat' dir='ltr'><strong>imperitus</strong></span> <span class='ocrx_word' id='word_1_208' title='bbox 2535 1459 2594 1514; x_wconf 90' lang='lat' dir='ltr'><strong>in</strong></span> <span class='ocrx_word' id='word_1_209' title='bbox 2635 1459 2706 1514; x_wconf 90' lang='lat' dir='ltr'><strong>iis</strong></span> <span class='ocrx_word' id='word_1_210' title='bbox 2753 1477 2880 1531; x_wconf 70' lang='lat' dir='ltr'><strong>quae</strong></span> <span class='ocrx_word' id='word_1_211' title='bbox 2925 1466 3066 1518; x_wconf 90' lang='lat' dir='ltr'><strong>sunt</strong></span> <span class='ocrx_word' id='word_1_212' title='bbox 3113 1468 3288 1534; x_wconf 90' lang='lat' dir='ltr'><strong>captu</strong></span> <span class='ocrx_word' id='word_1_213' title='bbox 3331 1464 3611 1519; x_wconf 83' lang='lat' dir='ltr'><strong>difﬁcilia.</strong></span> <span class='ocrx_word' id='word_1_214' title='bbox 3641 1466 3727 1520; x_wconf 89' lang='lat' dir='ltr'><strong>Ne</strong></span> 
     </span>
    </p>
   </div>
   <div class='ocr_carea' id='block_1_32' title="bbox 2089 1546 3728 1623">
    <p class='ocr_par' dir='ltr' id='par_1_32' title="bbox 2089 1546 3728 1623">
     <span class='ocr_line' id='line_1_32' title="bbox 2089 1546 3728 1623; baseline 0.007 -24"><span class='ocrx_word' id='word_1_215' title='bbox 2089 1561 2222 1600; x_wconf 91' lang='lat' dir='ltr'><strong>vero</strong></span> <span class='ocrx_word' id='word_1_216' title='bbox 2253 1546 2581 1602; x_wconf 87' lang='lat' dir='ltr'><strong>molestiam</strong></span> <span class='ocrx_word' id='word_1_217' title='bbox 2615 1552 2810 1604; x_wconf 87' lang='lat' dir='ltr'><strong>nostra</strong></span> <span class='ocrx_word' id='word_1_218' title='bbox 2848 1551 2953 1605; x_wconf 84' lang='lat' dir='ltr'><strong>tibi</strong></span> <span class='ocrx_word' id='word_1_219' title='bbox 2997 1553 3363 1607; x_wconf 78' lang='lat' dir='ltr'><strong>taciturnitas</strong></span> <span class='ocrx_word' id='word_1_220' title='bbox 3402 1554 3624 1623; x_wconf 75' lang='lat' dir='ltr'><strong>efferat,</strong></span> <span class='ocrx_word' id='word_1_221' title='bbox 3657 1555 3728 1610; x_wconf 88' lang='lat' dir='ltr'><strong>de</strong></span> 
     </span>
    </p>
   </div>
   <div class='ocr_carea' id='block_1_33' title="bbox 2092 1635 3728 1701">
    <p class='ocr_par' dir='ltr' id='par_1_33' title="bbox 2092 1635 3728 1701">
     <span class='ocr_line' id='line_1_33' title="bbox 2092 1635 3728 1701; baseline 0.006 -13"><span class='ocrx_word' id='word_1_222' title='bbox 2092 1635 2280 1701; x_wconf 85' lang='lat' dir='ltr'><strong>priore</strong></span> <span class='ocrx_word' id='word_1_223' title='bbox 2312 1636 2396 1691; x_wconf 90' lang='lat' dir='ltr'><strong>sic</strong></span> <span class='ocrx_word' id='word_1_224' title='bbox 2427 1641 2616 1692; x_wconf 89' lang='lat' dir='ltr'><strong>statuo</strong></span> <span class='ocrx_word' id='word_1_225' title='bbox 2646 1654 2659 1692; x_wconf 92' lang='lat'><strong>:</strong></span> <span class='ocrx_word' id='word_1_226' title='bbox 2697 1656 2729 1693; x_wconf 93' lang='lat' dir='ltr'><strong>a</strong></span> <span class='ocrx_word' id='word_1_227' title='bbox 2759 1640 2990 1694; x_wconf 84' lang='lat' dir='ltr'><strong>nomine</strong></span> <span class='ocrx_word' id='word_1_228' title='bbox 3022 1647 3364 1696; x_wconf 62' lang='lat' dir='ltr'><strong>ceterorum</strong></span> <span class='ocrx_word' id='word_1_229' title='bbox 3398 1643 3728 1698; x_wconf 89' lang='lat' dir='ltr'><strong>divinorum</strong></span> 
     </span>
    </p>
   </div>
   <div class='ocr_carea' id='block_1_34' title="bbox 2092 1725 3732 1803">
    <p class='ocr_par' dir='ltr' id='par_1_34' title="bbox 2092 1725 3732 1803">
     <span class='ocr_line' id='line_1_34' title="bbox 2092 1725 3732 1803; baseline 0.005 -24"><span class='ocrx_word' id='word_1_230' title='bbox 2092 1725 2323 1779; x_wconf 84' lang='lat' dir='ltr'><strong>Patrum</strong></span> <span class='ocrx_word' id='word_1_231' title='bbox 2354 1725 2702 1782; x_wconf 88' lang='lat' dir='ltr'><strong>illustratam</strong></span> <span class='ocrx_word' id='word_1_232' title='bbox 2736 1727 2886 1783; x_wconf 89' lang='lat' dir='ltr'><strong>banc</strong></span> <span class='ocrx_word' id='word_1_233' title='bbox 2921 1732 3296 1801; x_wconf 73' lang='lat' dir='ltr'><strong>quaestionem</strong></span> <span class='ocrx_word' id='word_1_234' title='bbox 3338 1748 3463 1787; x_wconf 88' lang='lat' dir='ltr'><strong>esse</strong></span> <span class='ocrx_word' id='word_1_235' title='bbox 3494 1731 3732 1803; x_wconf 84' lang='lat' dir='ltr'><strong>perinde</strong></span> 
     </span>
    </p>
   </div>
   <div class='ocr_carea' id='block_1_35' title="bbox 2092 1815 3732 1893">
    <p class='ocr_par' dir='ltr' id='par_1_35' title="bbox 2092 1815 3732 1893">
     <span class='ocr_line' id='line_1_35' title="bbox 2092 1815 3732 1893; baseline 0.005 -25"><span class='ocrx_word' id='word_1_236' title='bbox 2092 1818 2260 1882; x_wconf 74' lang='lat' dir='ltr'><strong>atque</strong></span> <span class='ocrx_word' id='word_1_237' title='bbox 2291 1833 2325 1870; x_wconf 86' lang='lat' dir='ltr'><strong>a</strong></span> <span class='ocrx_word' id='word_1_238' title='bbox 2353 1815 2627 1885; x_wconf 78' lang='lat' dir='ltr'><strong>Gregorio</strong></span> <span class='ocrx_word' id='word_1_239' title='bbox 2659 1817 2937 1886; x_wconf 78' lang='lat' dir='ltr'><strong>Nysseno.</strong></span> <span class='ocrx_word' id='word_1_240' title='bbox 2982 1820 3130 1875; x_wconf 84' lang='lat' dir='ltr'><strong>Satis</strong></span> <span class='ocrx_word' id='word_1_241' title='bbox 3162 1820 3338 1893; x_wconf 81' lang='lat' dir='ltr'><strong>igitur</strong></span> <span class='ocrx_word' id='word_1_242' title='bbox 3367 1821 3534 1876; x_wconf 88' lang='lat' dir='ltr'><strong>nobis</strong></span> <span class='ocrx_word' id='word_1_243' title='bbox 3564 1821 3637 1876; x_wconf 87' lang='lat' dir='ltr'><strong>sit</strong></span> <span class='ocrx_word' id='word_1_244' title='bbox 3667 1837 3732 1878; x_wconf 91' lang='lat' dir='ltr'><strong>ea</strong></span> 
     </span>
    </p>
   </div>
   <div class='ocr_carea' id='block_1_36' title="bbox 2093 1905 3733 1979">
    <p class='ocr_par' dir='ltr' id='par_1_36' title="bbox 2093 1905 3733 1979">
     <span class='ocr_line' id='line_1_36' title="bbox 2093 1905 3733 1979; baseline 0.005 -22"><span class='ocrx_word' id='word_1_245' title='bbox 2093 1905 2298 1973; x_wconf 86' lang='lat' dir='ltr'><strong>spiritu</strong></span> <span class='ocrx_word' id='word_1_246' title='bbox 2350 1907 2755 1975; x_wconf 86' lang='lat' dir='ltr'><strong>contemplari,</strong></span> <span class='ocrx_word' id='word_1_247' title='bbox 2809 1908 3086 1977; x_wconf 84' lang='lat' dir='ltr'><strong>patefacta</strong></span> <span class='ocrx_word' id='word_1_248' title='bbox 3115 1909 3326 1979; x_wconf 92' lang='lat' dir='ltr'><strong>oppido</strong></span> <span class='ocrx_word' id='word_1_249' title='bbox 3366 1911 3438 1966; x_wconf 89' lang='lat' dir='ltr'><strong>ad</strong></span> <span class='ocrx_word' id='word_1_250' title='bbox 3470 1915 3733 1966; x_wconf 87' lang='lat' dir='ltr'><strong>contem-</strong></span> 
     </span>
    </p>
   </div>
   <div class='ocr_carea' id='block_1_37' title="bbox 335 1993 1988 2093">
    <p class='ocr_par' dir='ltr' id='par_1_37' title="bbox 335 1993 1984 2071">
     <span class='ocr_line' id='line_1_37' title="bbox 335 1993 1984 2071; baseline -0.005 -17"><span class='ocrx_word' id='word_1_251' title='bbox 335 2003 433 2055; x_wconf 91' lang='grc' dir='ltr'><strong>τοῦ</strong></span> <span class='ocrx_word' id='word_1_252' title='bbox 466 1995 743 2071; x_wconf 77' lang='grc' dir='ltr'>δευτέρου·</span> <span class='ocrx_word' id='word_1_253' title='bbox 777 1999 842 2052; x_wconf 87' lang='grc' dir='ltr'>Ὃ</span> <span class='ocrx_word' id='word_1_254' title='bbox 874 1997 1113 2051; x_wconf 87' lang='grc' dir='ltr'>συνιὼν</span> <span class='ocrx_word' id='word_1_255' title='bbox 1145 1996 1202 2050; x_wconf 77' lang='grc' dir='ltr'>ἒν</span> <span class='ocrx_word' id='word_1_256' title='bbox 1236 1999 1324 2067; x_wconf 79' lang='grc' dir='ltr'>τῷ</span> <span class='ocrx_word' id='word_1_257' title='bbox 1345 1999 1554 2068; x_wconf 82' lang='grc' dir='ltr'>καιρῷ</span> <span class='ocrx_word' id='word_1_258' title='bbox 1585 1993 1814 2064; x_wconf 83' lang='grc' dir='ltr'>ἐκείνῳ</span> <span class='ocrx_word' id='word_1_259' title='bbox 1848 2013 1984 2046; x_wconf 85' lang='grc' dir='ltr'>σιω-</span> 
     </span>
    </p>
   </div>
   <div class='ocr_carea' id='block_1_38' title="bbox 2104 1993 3735 2093">
    <p class='ocr_par' dir='ltr' id='par_1_38' title="bbox 2104 1994 3735 2066">
     <span class='ocr_line' id='line_1_38' title="bbox 2104 1994 3735 2066; baseline 0.004 -19"><span class='ocrx_word' id='word_1_260' title='bbox 2104 1994 2375 2064; x_wconf 83' lang='lat' dir='ltr'><strong>piandum</strong></span> <span class='ocrx_word' id='word_1_261' title='bbox 2404 1996 2514 2048; x_wconf 85' lang='lat' dir='ltr'><strong>via.</strong></span> <span class='ocrx_word' id='word_1_262' title='bbox 2547 1995 2689 2050; x_wconf 87' lang='lat' dir='ltr'><strong>Nam</strong></span> <span class='ocrx_word' id='word_1_263' title='bbox 2722 2013 2848 2066; x_wconf 86' lang='lat' dir='ltr'><strong>quae</strong></span> <span class='ocrx_word' id='word_1_264' title='bbox 2881 1997 3033 2053; x_wconf 88' lang='lat' dir='ltr'><strong>ultra</strong></span> <span class='ocrx_word' id='word_1_265' title='bbox 3064 1999 3266 2062; x_wconf 87' lang='lat' dir='ltr'><strong>Gades,</strong></span> <span class='ocrx_word' id='word_1_266' title='bbox 3302 2000 3634 2056; x_wconf 88' lang='lat' dir='ltr'><strong>inaccessa:</strong></span> <span class='ocrx_word' id='word_1_267' title='bbox 3669 2003 3735 2055; x_wconf 93' lang='lat' dir='ltr'><strong>ut</strong></span> 
     </span>
    </p>
   </div>
   <div class='ocr_carea' id='block_1_39' title="bbox 338 2082 1986 2163">
    <p class='ocr_par' dir='ltr' id='par_1_39' title="bbox 338 2082 1986 2163">
     <span class='ocr_line' id='line_1_39' title="bbox 338 2082 1986 2163; baseline -0.005 -17"><span class='ocrx_word' id='word_1_268' title='bbox 338 2089 770 2162; x_wconf 64' lang='grc' dir='ltr'>πήσεταγὸτι</span> <span class='ocrx_word' id='word_1_269' title='bbox 801 2089 1031 2163; x_wconf 84' lang='grc' dir='ltr'>καιρὸς</span> <span class='ocrx_word' id='word_1_270' title='bbox 1061 2086 1352 2160; x_wconf 84' lang='grc' dir='ltr'>πονηρός</span> <span class='ocrx_word' id='word_1_271' title='bbox 1389 2083 1674 2140; x_wconf 79' lang='grc' dir='ltr'>ἐστιν·οὐ</span> <span class='ocrx_word' id='word_1_272' title='bbox 1707 2082 1857 2138; x_wconf 83' lang='grc' dir='ltr'>δοκεῖ</span> <span class='ocrx_word' id='word_1_273' title='bbox 1890 2103 1986 2156; x_wconf 90' lang='grc' dir='ltr'><strong>μοι</strong></span> 
     </span>
    </p>
   </div>
   <div class='ocr_carea' id='block_1_40' title="bbox 339 2171 1986 2253">
    <p class='ocr_par' dir='ltr' id='par_1_40' title="bbox 339 2171 1986 2253">
     <span class='ocr_line' id='line_1_40' title="bbox 339 2171 1986 2253; baseline -0.006 -17"><span class='ocrx_word' id='word_1_274' title='bbox 339 2178 631 2253; x_wconf 74' lang='grc' dir='ltr'>καμπύλον</span> <span class='ocrx_word' id='word_1_275' title='bbox 690 2177 780 2233; x_wconf 81' lang='grc' dir='ltr'><strong>καὶ</strong></span> <span class='ocrx_word' id='word_1_276' title='bbox 834 2174 1054 2232; x_wconf 83' lang='grc' dir='ltr'>σκολιὸν</span> <span class='ocrx_word' id='word_1_277' title='bbox 1113 2175 1268 2231; x_wconf 79' lang='grc' dir='ltr'>εἶναι.</span> <span class='ocrx_word' id='word_1_278' title='bbox 1303 2175 1502 2248; x_wconf 85' lang='grc' dir='ltr'>Καιρὸς</span> <span class='ocrx_word' id='word_1_279' title='bbox 1531 2175 1631 2248; x_wconf 80' lang='grc' dir='ltr'>γάρ</span> <span class='ocrx_word' id='word_1_280' title='bbox 1671 2178 1766 2227; x_wconf 91' lang='grc' dir='ltr'><strong>τοῦ</strong></span> <span class='ocrx_word' id='word_1_281' title='bbox 1801 2171 1986 2228; x_wconf 84' lang='grc' dir='ltr'>λαλεῖν</span> 
     </span>
    </p>
   </div>
   <div class='ocr_carea' id='block_1_41' title="bbox 340 2261 1987 2342">
    <p class='ocr_par' dir='ltr' id='par_1_41' title="bbox 340 2261 1987 2342">
     <span class='ocr_line' id='line_1_41' title="bbox 340 2261 1987 2342; baseline -0.005 -19"><span class='ocrx_word' id='word_1_282' title='bbox 340 2272 490 2342; x_wconf 79' lang='grc' dir='ltr'>ἡμᾶς</span> <span class='ocrx_word' id='word_1_283' title='bbox 551 2265 830 2339; x_wconf 81' lang='grc' dir='ltr'>διώρισται</span> <span class='ocrx_word' id='word_1_284' title='bbox 890 2267 992 2320; x_wconf 83' lang='grc' dir='ltr'><strong>ὑπὸ</strong></span> <span class='ocrx_word' id='word_1_285' title='bbox 1058 2271 1156 2334; x_wconf 83' lang='grc' dir='ltr'>τῆς</span> <span class='ocrx_word' id='word_1_286' title='bbox 1215 2262 1566 2318; x_wconf 73' lang='grc' dir='ltr'>θεοπνεύστου</span> <span class='ocrx_word' id='word_1_287' title='bbox 1626 2268 1866 2338; x_wconf 73' lang='grc' dir='ltr'>Γραφῆς,</span> <span class='ocrx_word' id='word_1_288' title='bbox 1897 2261 1987 2316; x_wconf 82' lang='grc' dir='ltr'><strong>καὶ</strong></span> 
     </span>
    </p>
   </div>
   <div class='ocr_carea' id='block_1_42' title="bbox 343 2347 1989 2433">
    <p class='ocr_par' dir='ltr' id='par_1_42' title="bbox 343 2347 1989 2433">
     <span class='ocr_line' id='line_1_42' title="bbox 343 2347 1989 2433; baseline -0.005 -20"><span class='ocrx_word' id='word_1_289' title='bbox 343 2358 531 2433; x_wconf 84' lang='grc' dir='ltr'>καιρὸς</span> <span class='ocrx_word' id='word_1_290' title='bbox 583 2363 814 2427; x_wconf 82' lang='grc' dir='ltr'>σιωπῆς,</span> <span class='ocrx_word' id='word_1_291' title='bbox 847 2355 982 2410; x_wconf 85' lang='grc' dir='ltr'><strong>κατά</strong></span> <span class='ocrx_word' id='word_1_292' title='bbox 1025 2357 1125 2424; x_wconf 76' lang='grc' dir='ltr'>τὴν</span> <span class='ocrx_word' id='word_1_293' title='bbox 1171 2347 1571 2408; x_wconf 75' lang='grc' dir='ltr'>ἐπιϐάλλουσαν</span> <span class='ocrx_word' id='word_1_294' title='bbox 1619 2351 1989 2427; x_wconf 83' lang='grc' dir='ltr'>χρείαν,σκο-</span> 
     </span>
    </p>
   </div>
   <div class='ocr_carea' id='block_1_43' title="bbox 343 2438 1992 2520">
    <p class='ocr_par' dir='ltr' id='par_1_43' title="bbox 343 2438 1992 2520">
     <span class='ocr_line' id='line_1_43' title="bbox 343 2438 1992 2520; baseline -0.005 -17"><span class='ocrx_word' id='word_1_295' title='bbox 343 2447 592 2504; x_wconf 73' lang='grc' dir='ltr'>ποόντων</span> <span class='ocrx_word' id='word_1_296' title='bbox 622 2451 782 2520; x_wconf 73' lang='grc' dir='ltr'>ἡμῶν</span> <span class='ocrx_word' id='word_1_297' title='bbox 814 2446 902 2501; x_wconf 78' lang='grc' dir='ltr'><strong>καὶ</strong></span> <span class='ocrx_word' id='word_1_298' title='bbox 935 2444 1368 2518; x_wconf 79' lang='grc' dir='ltr'>οἷκονομούντων</span> <span class='ocrx_word' id='word_1_299' title='bbox 1398 2444 1489 2498; x_wconf 85' lang='grc' dir='ltr'>τὸν</span> <span class='ocrx_word' id='word_1_300' title='bbox 1522 2438 1688 2516; x_wconf 89' lang='grc' dir='ltr'>λόγον</span> <span class='ocrx_word' id='word_1_301' title='bbox 1719 2445 1817 2509; x_wconf 70' lang='grc' dir='ltr'>τῆς</span> <span class='ocrx_word' id='word_1_302' title='bbox 1854 2439 1992 2510; x_wconf 80' lang='grc' dir='ltr'>ἀλη-</span> 
     </span>
    </p>
   </div>
   <div class='ocr_carea' id='block_1_44' title="bbox 347 2532 1988 2614">
    <p class='ocr_par' dir='ltr' id='par_1_44' title="bbox 347 2532 1988 2614">
     <span class='ocr_line' id='line_1_44' title="bbox 347 2532 1988 2614; baseline -0.006 -20"><span class='ocrx_word' id='word_1_303' title='bbox 347 2537 510 2600; x_wconf 85' lang='grc' dir='ltr'>θείας.</span> <span class='ocrx_word' id='word_1_304' title='bbox 542 2544 607 2594; x_wconf 79' lang='grc' dir='ltr'><strong>Ἠ</strong></span> <span class='ocrx_word' id='word_1_305' title='bbox 645 2538 748 2614; x_wconf 71' lang='grc' dir='ltr'><strong>γάρ</strong></span> <span class='ocrx_word' id='word_1_306' title='bbox 804 2536 933 2612; x_wconf 84' lang='grc' dir='ltr'>οὐχὶ</span> <span class='ocrx_word' id='word_1_307' title='bbox 996 2537 1073 2610; x_wconf 84' lang='grc' dir='ltr'>μὴ</span> <span class='ocrx_word' id='word_1_308' title='bbox 1140 2534 1361 2608; x_wconf 80' lang='grc' dir='ltr'>βάλλειν</span> <span class='ocrx_word' id='word_1_309' title='bbox 1394 2539 1510 2595; x_wconf 87' lang='grc' dir='ltr'>τοῖς</span> <span class='ocrx_word' id='word_1_310' title='bbox 1540 2532 1662 2586; x_wconf 80' lang='grc' dir='ltr'>κυσὶ</span> <span class='ocrx_word' id='word_1_311' title='bbox 1720 2533 1787 2603; x_wconf 74' lang='grc' dir='ltr'><strong>τᾲ</strong></span> <span class='ocrx_word' id='word_1_312' title='bbox 1843 2532 1988 2604; x_wconf 79' lang='grc' dir='ltr'>ἅγια,</span> 
     </span>
    </p>
   </div>
   <div class='ocr_carea' id='block_1_45' title="bbox 352 2619 1991 2701">
    <p class='ocr_par' dir='ltr' id='par_1_45' title="bbox 352 2619 1991 2701">
     <span class='ocr_line' id='line_1_45' title="bbox 352 2619 1991 2701; baseline -0.005 -19"><span class='ocrx_word' id='word_1_313' title='bbox 352 2630 494 2700; x_wconf 75' lang='grc' dir='ltr'>μήτε</span> <span class='ocrx_word' id='word_1_314' title='bbox 541 2627 743 2701; x_wconf 80' lang='grc' dir='ltr'>ῥίπτειν</span> <span class='ocrx_word' id='word_1_315' title='bbox 789 2625 918 2687; x_wconf 75' lang='grc' dir='ltr'>τοὺς</span> <span class='ocrx_word' id='word_1_316' title='bbox 971 2625 1311 2700; x_wconf 78' lang='grc' dir='ltr'>μαργαρίτας</span> <span class='ocrx_word' id='word_1_317' title='bbox 1356 2619 1659 2697; x_wconf 77' lang='grc' dir='ltr'>ἔμπροσθεν</span> <span class='ocrx_word' id='word_1_318' title='bbox 1702 2625 1810 2676; x_wconf 82' lang='grc' dir='ltr'><strong>τῶν</strong></span> <span class='ocrx_word' id='word_1_319' title='bbox 1861 2621 1991 2694; x_wconf 85' lang='grc' dir='ltr'>χοί-</span> 
     </span>
    </p>
   </div>
   <div class='ocr_carea' id='block_1_46' title="bbox 350 2710 1990 2792">
    <p class='ocr_par' dir='ltr' id='par_1_46' title="bbox 350 2710 1990 2792">
     <span class='ocr_line' id='line_1_46' title="bbox 350 2710 1990 2792; baseline -0.004 -21"><span class='ocrx_word' id='word_1_320' title='bbox 350 2737 458 2792; x_wconf 89' lang='grc' dir='ltr'><strong>ρων</strong></span> <span class='ocrx_word' id='word_1_321' title='bbox 516 2715 1008 2790; x_wconf 85' lang='grc' dir='ltr'>προστετάγμεθα;</span> <span class='ocrx_word' id='word_1_322' title='bbox 1065 2715 1252 2788; x_wconf 77' lang='grc' dir='ltr'>’Ἄθρει</span> <span class='ocrx_word' id='word_1_323' title='bbox 1313 2711 1440 2774; x_wconf 78' lang='grc' dir='ltr'>τοὺς</span> <span class='ocrx_word' id='word_1_324' title='bbox 1498 2710 1790 2788; x_wconf 73' lang='grc' dir='ltr'>θεοφόρους</span> <span class='ocrx_word' id='word_1_325' title='bbox 1829 2727 1842 2741; x_wconf 80' lang='grc'><strong><em>⁸</em></strong></span> <span class='ocrx_word' id='word_1_326' title='bbox 1901 2710 1990 2764; x_wconf 84' lang='grc' dir='ltr'><strong>καὶ</strong></span> 
     </span>
    </p>
   </div>
   <div class='ocr_carea' id='block_1_47' title="bbox 345 2798 1993 2879">
    <p class='ocr_par' dir='ltr' id='par_1_47' title="bbox 345 2798 1993 2879">
     <span class='ocr_line' id='line_1_47' title="bbox 345 2798 1993 2879; baseline -0.005 -19"><span class='ocrx_word' id='word_1_327' title='bbox 345 2807 474 2867; x_wconf 88' lang='grc' dir='ltr'>τοὺς</span> <span class='ocrx_word' id='word_1_328' title='bbox 505 2803 562 2859; x_wconf 76' lang='grc' dir='ltr'><strong>δὲ</strong></span> <span class='ocrx_word' id='word_1_329' title='bbox 592 2805 857 2879; x_wconf 78' lang='grc' dir='ltr'>εὑρήσεις,</span> <span class='ocrx_word' id='word_1_330' title='bbox 888 2808 965 2878; x_wconf 82' lang='grc' dir='ltr'>πῇ</span> <span class='ocrx_word' id='word_1_331' title='bbox 1001 2803 1092 2876; x_wconf 74' lang='grc' dir='ltr'>μὲν</span> <span class='ocrx_word' id='word_1_332' title='bbox 1129 2803 1232 2856; x_wconf 86' lang='grc' dir='ltr'><strong>ὑπὸ</strong></span> <span class='ocrx_word' id='word_1_333' title='bbox 1268 2803 1357 2856; x_wconf 88' lang='grc' dir='ltr'><strong>τὸν</strong></span> <span class='ocrx_word' id='word_1_334' title='bbox 1414 2798 1602 2873; x_wconf 81' lang='grc' dir='ltr'>μόδιον</span> <span class='ocrx_word' id='word_1_335' title='bbox 1649 2807 1748 2869; x_wconf 79' lang='grc' dir='ltr'>τῆς</span> <span class='ocrx_word' id='word_1_336' title='bbox 1779 2802 1993 2868; x_wconf 72' lang='grc' dir='ltr'>σιωπῆς</span> 
     </span>
    </p>
   </div>
   <div class='ocr_carea' id='block_1_48' title="bbox 345 2887 1991 2968">
    <p class='ocr_par' dir='ltr' id='par_1_48' title="bbox 345 2887 1991 2968">
     <span class='ocr_line' id='line_1_48' title="bbox 345 2887 1991 2968; baseline -0.005 -18"><span class='ocrx_word' id='word_1_337' title='bbox 345 2895 437 2950; x_wconf 86' lang='grc' dir='ltr'>τὸν</span> <span class='ocrx_word' id='word_1_338' title='bbox 499 2893 664 2968; x_wconf 88' lang='grc' dir='ltr'>λόγον</span> <span class='ocrx_word' id='word_1_339' title='bbox 731 2892 989 2958; x_wconf 70' lang='grc' dir='ltr'>τιθέντας,</span> <span class='ocrx_word' id='word_1_340' title='bbox 1051 2890 1250 2946; x_wconf 85' lang='grc' dir='ltr'>ὁπόταν</span> <span class='ocrx_word' id='word_1_341' title='bbox 1317 2889 1631 2952; x_wconf 77' lang='grc' dir='ltr'>ἀλυσιτελὲς</span> <span class='ocrx_word' id='word_1_342' title='bbox 1685 2889 1748 2943; x_wconf 88' lang='grc' dir='ltr'>τὸ</span> <span class='ocrx_word' id='word_1_343' title='bbox 1798 2887 1991 2964; x_wconf 74' lang='grc' dir='ltr'>λέγειν,</span> 
     </span>
    </p>
   </div>
   <div class='ocr_carea' id='block_1_49' title="bbox 350 2976 1994 3056">
    <p class='ocr_par' dir='ltr' id='par_1_49' title="bbox 350 2976 1994 3056">
     <span class='ocr_line' id='line_1_49' title="bbox 350 2976 1994 3056; baseline -0.004 -19"><span class='ocrx_word' id='word_1_344' title='bbox 350 2982 564 3056; x_wconf 81' lang='grc' dir='ltr'>μᾶλλον</span> <span class='ocrx_word' id='word_1_345' title='bbox 595 2980 651 3037; x_wconf 72' lang='grc' dir='ltr'>δὲ</span> <span class='ocrx_word' id='word_1_346' title='bbox 680 2983 767 3038; x_wconf 79' lang='grc' dir='ltr'><strong>καὶ</strong></span> <span class='ocrx_word' id='word_1_347' title='bbox 803 2978 1098 3054; x_wconf 80' lang='grc' dir='ltr'>ζημιῶδες.</span> <span class='ocrx_word' id='word_1_348' title='bbox 1132 2985 1215 3054; x_wconf 80' lang='grc' dir='ltr'>Πῇ</span> <span class='ocrx_word' id='word_1_349' title='bbox 1260 2977 1336 3047; x_wconf 75' lang='grc' dir='ltr'>δὲ,</span> <span class='ocrx_word' id='word_1_350' title='bbox 1367 2977 1451 3033; x_wconf 79' lang='grc' dir='ltr'>ἐπὶ</span> <span class='ocrx_word' id='word_1_351' title='bbox 1494 2985 1592 3047; x_wconf 83' lang='grc' dir='ltr'>τῆς</span> <span class='ocrx_word' id='word_1_352' title='bbox 1644 2978 1866 3052; x_wconf 75' lang='grc' dir='ltr'>λυχνίας</span> <span class='ocrx_word' id='word_1_353' title='bbox 1897 2976 1994 3031; x_wconf 80' lang='grc' dir='ltr'><strong>αὗ-</strong></span> 
     </span>
    </p>
   </div>
   <div class='ocr_carea' id='block_1_50' title="bbox 343 3063 1993 3146">
    <p class='ocr_par' dir='ltr' id='par_1_50' title="bbox 343 3063 1993 3146">
     <span class='ocr_line' id='line_1_50' title="bbox 343 3063 1993 3146; baseline -0.005 -18"><span class='ocrx_word' id='word_1_354' title='bbox 343 3073 438 3128; x_wconf 87' lang='grc' dir='ltr'>τὸν</span> <span class='ocrx_word' id='word_1_355' title='bbox 490 3071 730 3134; x_wconf 72' lang='grc' dir='ltr'>ἀνιέντας</span> <span class='ocrx_word' id='word_1_356' title='bbox 769 3072 924 3146; x_wconf 81' lang='lat' dir='ltr'><strong>[Reg.</strong></span> <span class='ocrx_word' id='word_1_357' title='bbox 958 3073 1082 3126; x_wconf 86' lang='lat' dir='ltr'><strong>cod.</strong></span> <span class='ocrx_word' id='word_1_358' title='bbox 1115 3070 1407 3141; x_wconf 73' lang='grc' dir='ltr'>ἀνιόντας],</span> <span class='ocrx_word' id='word_1_359' title='bbox 1440 3068 1676 3137; x_wconf 85' lang='grc' dir='ltr'>ὁπηνίκα</span> <span class='ocrx_word' id='word_1_360' title='bbox 1723 3063 1993 3140; x_wconf 77' lang='grc' dir='ltr'>εῦκαρπος</span> 
     </span>
    </p>
   </div>
   <div class='ocr_carea' id='block_1_51' title="bbox 343 3157 1995 3236">
    <p class='ocr_par' dir='ltr' id='par_1_51' title="bbox 343 3157 1995 3236">
     <span class='ocr_line' id='line_1_51' title="bbox 343 3157 1995 3236; baseline -0.004 -20"><span class='ocrx_word' id='word_1_361' title='bbox 343 3164 380 3231; x_wconf 80' lang='grc' dir='ltr'><strong>ἡ</strong></span> <span class='ocrx_word' id='word_1_362' title='bbox 437 3162 612 3236; x_wconf 81' lang='grc' dir='ltr'>σπορὰ</span> <span class='ocrx_word' id='word_1_363' title='bbox 659 3160 749 3215; x_wconf 80' lang='grc' dir='ltr'><strong>καὶ</strong></span> <span class='ocrx_word' id='word_1_364' title='bbox 801 3159 862 3214; x_wconf 84' lang='grc' dir='ltr'><strong>οὐ</strong></span> <span class='ocrx_word' id='word_1_365' title='bbox 919 3158 1226 3232; x_wconf 80' lang='grc' dir='ltr'>πετρώδης.</span> <span class='ocrx_word' id='word_1_366' title='bbox 1259 3158 1506 3216; x_wconf 84' lang='grc' dir='ltr'>Τοσαῦτά</span> <span class='ocrx_word' id='word_1_367' title='bbox 1542 3179 1635 3229; x_wconf 89' lang='grc' dir='ltr'><strong>μοι</strong></span> <span class='ocrx_word' id='word_1_368' title='bbox 1667 3157 1995 3230; x_wconf 85' lang='grc' dir='ltr'>συνεώραται</span> 
     </span>
    </p>
   </div>
   <div class='ocr_carea' id='block_1_52' title="bbox 348 3245 1996 3325">
    <p class='ocr_par' dir='ltr' id='par_1_52' title="bbox 348 3245 1996 3325">
     <span class='ocr_line' id='line_1_52' title="bbox 348 3245 1996 3325; baseline -0.004 -21"><span class='ocrx_word' id='word_1_369' title='bbox 348 3249 403 3304; x_wconf 77' lang='grc' dir='ltr'>ἒν</span> <span class='ocrx_word' id='word_1_370' title='bbox 457 3254 526 3324; x_wconf 77' lang='grc' dir='ltr'>τῇ</span> <span class='ocrx_word' id='word_1_371' title='bbox 577 3249 856 3325; x_wconf 74' lang='grc' dir='ltr'>προτάσει.</span> <span class='ocrx_word' id='word_1_372' title='bbox 910 3249 1262 3320; x_wconf 78' lang='grc' dir='ltr'>Ἐξευρίσκων</span> <span class='ocrx_word' id='word_1_373' title='bbox 1310 3245 1366 3302; x_wconf 78' lang='grc' dir='ltr'><strong>δὲ</strong></span> <span class='ocrx_word' id='word_1_374' title='bbox 1411 3249 1558 3321; x_wconf 81' lang='grc' dir='ltr'>παρά</span> <span class='ocrx_word' id='word_1_375' title='bbox 1589 3249 1810 3300; x_wconf 78' lang='grc' dir='ltr'>σεαυτοῦ</span> <span class='ocrx_word' id='word_1_376' title='bbox 1841 3247 1874 3316; x_wconf 70' lang='grc' dir='ltr'><strong>ἢ</strong></span> <span class='ocrx_word' id='word_1_377' title='bbox 1906 3245 1996 3299; x_wconf 83' lang='grc' dir='ltr'><strong>καὶ</strong></span> 
     </span>
    </p>
   </div>
   <div class='ocr_carea' id='block_1_53' title="bbox 351 3332 1994 3416">
    <p class='ocr_par' dir='ltr' id='par_1_53' title="bbox 351 3332 1994 3416">
     <span class='ocr_line' id='line_1_53' title="bbox 351 3332 1994 3416; baseline -0.005 -21"><span class='ocrx_word' id='word_1_378' title='bbox 351 3341 440 3416; x_wconf 69' lang='grc' dir='ltr'><strong>ὑφ’</strong></span> <span class='ocrx_word' id='word_1_379' title='bbox 472 3336 666 3411; x_wconf 74' lang='grc' dir='ltr'>ἐτέρων</span> <span class='ocrx_word' id='word_1_380' title='bbox 698 3338 765 3394; x_wconf 76' lang='grc' dir='ltr'>τὰ</span> <span class='ocrx_word' id='word_1_381' title='bbox 795 3335 1138 3411; x_wconf 82' lang='grc' dir='ltr'>δοκιμώτερα</span> <span class='ocrx_word' id='word_1_382' title='bbox 1159 3357 1171 3369; x_wconf 89' lang='grc'><strong>·</strong></span> <span class='ocrx_word' id='word_1_383' title='bbox 1211 3339 1287 3410; x_wconf 84' lang='grc' dir='ltr'>μή</span> <span class='ocrx_word' id='word_1_384' title='bbox 1322 3337 1641 3413; x_wconf 69' lang='grc' dir='ltr'>φθονήσειας</span> <span class='ocrx_word' id='word_1_385' title='bbox 1674 3332 1994 3407; x_wconf 83' lang='grc' dir='ltr'>μεταδοῦναι</span> 
     </span>
    </p>
   </div>
   <div class='ocr_carea' id='block_1_54' title="bbox 347 3422 1994 3502">
    <p class='ocr_par' dir='ltr' id='par_1_54' title="bbox 347 3422 1994 3502">
     <span class='ocr_line' id='line_1_54' title="bbox 347 3422 1994 3502; baseline -0.004 -20"><span class='ocrx_word' id='word_1_386' title='bbox 347 3427 473 3499; x_wconf 80' lang='grc' dir='ltr'>ἐμοὶ</span> <span class='ocrx_word' id='word_1_387' title='bbox 513 3432 592 3500; x_wconf 79' lang='grc' dir='ltr'>τῷ</span> <span class='ocrx_word' id='word_1_388' title='bbox 640 3431 720 3498; x_wconf 78' lang='grc' dir='ltr'>σῷ</span> <span class='ocrx_word' id='word_1_389' title='bbox 763 3427 925 3501; x_wconf 90' lang='grc' dir='ltr'>πατρί</span> <span class='ocrx_word' id='word_1_390' title='bbox 965 3425 1052 3480; x_wconf 81' lang='grc' dir='ltr'><strong>καὶ</strong></span> <span class='ocrx_word' id='word_1_391' title='bbox 1099 3423 1340 3502; x_wconf 74' lang='grc' dir='ltr'>ἀδελφῷ,</span> <span class='ocrx_word' id='word_1_392' title='bbox 1376 3422 1540 3480; x_wconf 76' lang='grc' dir='ltr'>ἐνδεεῖ</span> <span class='ocrx_word' id='word_1_393' title='bbox 1566 3428 1674 3478; x_wconf 80' lang='grc' dir='ltr'><strong>τῶν</strong></span> <span class='ocrx_word' id='word_1_394' title='bbox 1705 3425 1994 3496; x_wconf 81' lang='grc' dir='ltr'>νοημάτων</span> 
     </span>
    </p>
   </div>
   <div class='ocr_carea' id='block_1_55' title="bbox 349 3513 1859 3592">
    <p class='ocr_par' dir='ltr' id='par_1_55' title="bbox 349 3513 1859 3592">
     <span class='ocr_line' id='line_1_55' title="bbox 349 3513 1859 3592; baseline -0.001 -21"><span class='ocrx_word' id='word_1_395' title='bbox 349 3517 680 3592; x_wconf 81' lang='grc' dir='ltr'>ὑπάρχοντι.</span> <span class='ocrx_word' id='word_1_396' title='bbox 714 3514 987 3590; x_wconf 75' lang='grc' dir='ltr'>Ἐῤῥωσο,</span> <span class='ocrx_word' id='word_1_397' title='bbox 1009 3513 1238 3569; x_wconf 84' lang='grc' dir='ltr'>πλεῖστά</span> <span class='ocrx_word' id='word_1_398' title='bbox 1271 3535 1362 3587; x_wconf 88' lang='grc' dir='ltr'><strong>μοι</strong></span> <span class='ocrx_word' id='word_1_399' title='bbox 1395 3515 1859 3588; x_wconf 79' lang='grc' dir='ltr'>προσευχόμενος.</span> 
     </span>
    </p>
   </div>
   <div class='ocr_carea' id='block_1_56' title="bbox 350 3779 2048 3861">
    <p class='ocr_par' dir='ltr' id='par_1_56' title="bbox 350 3779 2048 3861">
     <span class='ocr_line' id='line_1_56' title="bbox 350 3779 2048 3861; baseline -0.005 -17"><span class='ocrx_word' id='word_1_400' title='bbox 350 3784 885 3859; x_wconf 83' lang='grc' dir='ltr'>Η¹.-Θεόδωρος</span> <span class='ocrx_word' id='word_1_401' title='bbox 916 3785 1158 3844; x_wconf 88' lang='grc' dir='ltr'>πάσαις</span> <span class='ocrx_word' id='word_1_402' title='bbox 1191 3787 1336 3844; x_wconf 88' lang='grc' dir='ltr'>ταῖς</span> <span class='ocrx_word' id='word_1_403' title='bbox 1366 3779 1814 3861; x_wconf 71' lang='grc' dir='ltr'>ἀδελφότησιν</span> <span class='ocrx_word' id='word_1_404' title='bbox 1847 3781 2048 3850; x_wconf 78' lang='grc' dir='ltr'>ἤτοι-</span> 
     </span>
    </p>
   </div>
   <div class='ocr_carea' id='block_1_57' title="bbox 420 3868 2000 3948">
    <p class='ocr_par' dir='ltr' id='par_1_57' title="bbox 420 3868 2000 3948">
     <span class='ocr_line' id='line_1_57' title="bbox 420 3868 2000 3948; baseline -0.004 -17"><span class='ocrx_word' id='word_1_405' title='bbox 420 3873 766 3936; x_wconf 81' lang='grc' dir='ltr'>συνοδίαις</span> <span class='ocrx_word' id='word_1_406' title='bbox 803 3878 952 3936; x_wconf 84' lang='grc' dir='ltr'>ταῖς</span> <span class='ocrx_word' id='word_1_407' title='bbox 993 3875 1333 3948; x_wconf 76' lang='grc' dir='ltr'>πανταχοῦ</span> <span class='ocrx_word' id='word_1_408' title='bbox 1383 3868 1488 3924; x_wconf 80' lang='grc' dir='ltr'>διά</span> <span class='ocrx_word' id='word_1_409' title='bbox 1536 3871 1812 3944; x_wconf 85' lang='grc' dir='ltr'>Χριστὸν</span> <span class='ocrx_word' id='word_1_410' title='bbox 1867 3869 2000 3925; x_wconf 86' lang='grc' dir='ltr'>διε-</span> 
     </span>
    </p>
   </div>
   <div class='ocr_carea' id='block_1_58' title="bbox 420 3956 2001 4038">
    <p class='ocr_par' dir='ltr' id='par_1_58' title="bbox 420 3956 2001 4038">
     <span class='ocr_line' id='line_1_58' title="bbox 420 3956 2001 4038; baseline -0.004 -18"><span class='ocrx_word' id='word_1_411' title='bbox 420 3963 862 4037; x_wconf 69' lang='grc' dir='ltr'>σπαρμέναις,</span> <span class='ocrx_word' id='word_1_412' title='bbox 896 3960 1009 4014; x_wconf 75' lang='grc' dir='ltr'><strong>σὺν</strong></span> <span class='ocrx_word' id='word_1_413' title='bbox 1039 3963 1181 4021; x_wconf 86' lang='grc' dir='ltr'>τοῖς</span> <span class='ocrx_word' id='word_1_414' title='bbox 1211 3958 1272 4013; x_wconf 80' lang='grc' dir='ltr'><strong>ἐν</strong></span> <span class='ocrx_word' id='word_1_415' title='bbox 1304 3956 1640 4038; x_wconf 77' lang='grc' dir='ltr'>φυλακαῖς</span> <span class='ocrx_word' id='word_1_416' title='bbox 1670 3980 1737 4013; x_wconf 88' lang='grc' dir='ltr'><strong>τε</strong></span> <span class='ocrx_word' id='word_1_417' title='bbox 1765 3959 1870 4015; x_wconf 81' lang='grc' dir='ltr'><strong>καὶ</strong></span> <span class='ocrx_word' id='word_1_418' title='bbox 1902 3957 2001 4028; x_wconf 82' lang='grc' dir='ltr'><strong>ἐξ-</strong></span> 
     </span>
    </p>
   </div>
   <div class='ocr_carea' id='block_1_59' title="bbox 421 4046 2002 4127">
    <p class='ocr_par' dir='ltr' id='par_1_59' title="bbox 421 4046 2002 4127">
     <span class='ocr_line' id='line_1_59' title="bbox 421 4046 2002 4127; baseline -0.001 -21"><span class='ocrx_word' id='word_1_419' title='bbox 421 4053 642 4127; x_wconf 89' lang='grc' dir='ltr'>ορίαις</span> <span class='ocrx_word' id='word_1_420' title='bbox 670 4049 1187 4125; x_wconf 72' lang='grc' dir='ltr'>κρατουμένοις,</span> <span class='ocrx_word' id='word_1_421' title='bbox 1212 4046 1271 4101; x_wconf 82' lang='grc' dir='ltr'><strong>ἔν</strong></span> <span class='ocrx_word' id='word_1_422' title='bbox 1309 4049 1526 4121; x_wconf 85' lang='grc' dir='ltr'>Κυρίῳ</span> <span class='ocrx_word' id='word_1_423' title='bbox 1557 4046 2002 4124; x_wconf 82' lang='grc' dir='ltr'>χαίρειν.[ρν’.]</span> 
     </span>
    </p>
   </div>
   <div class='ocr_carea' id='block_1_60' title="bbox 2094 2082 3734 2159">
    <p class='ocr_par' dir='ltr' id='par_1_60' title="bbox 2094 2082 3734 2159">
     <span class='ocr_line' id='line_1_60' title="bbox 2094 2082 3734 2159; baseline 0.005 -23"><span class='ocrx_word' id='word_1_424' title='bbox 2094 2087 2182 2136; x_wconf 90' lang='lat' dir='ltr'><strong>est</strong></span> <span class='ocrx_word' id='word_1_425' title='bbox 2212 2082 2270 2137; x_wconf 93' lang='lat' dir='ltr'><strong>in</strong></span> <span class='ocrx_word' id='word_1_426' title='bbox 2324 2084 2643 2154; x_wconf 89' lang='lat' dir='ltr'><strong>proverbio.</strong></span> <span class='ocrx_word' id='word_1_427' title='bbox 2699 2087 2772 2140; x_wconf 91' lang='lat' dir='ltr'><strong>De</strong></span> <span class='ocrx_word' id='word_1_428' title='bbox 2815 2085 2988 2142; x_wconf 89' lang='lat' dir='ltr'><strong>altero</strong></span> <span class='ocrx_word' id='word_1_429' title='bbox 3031 2103 3162 2142; x_wconf 90' lang='lat' dir='ltr'><strong>vero</strong></span> <span class='ocrx_word' id='word_1_430' title='bbox 3207 2088 3434 2159; x_wconf 87' lang='lat' dir='ltr'><strong>capite:</strong></span> <span class='ocrx_word' id='word_1_431' title='bbox 3484 2089 3734 2144; x_wconf 77' lang='lat' dir='ltr'><strong>Prudens</strong></span> 
     </span>
    </p>
   </div>
   <div class='ocr_carea' id='block_1_61' title="bbox 2093 2173 3732 2246">
    <p class='ocr_par' dir='ltr' id='par_1_61' title="bbox 2093 2173 3732 2246">
     <span class='ocr_line' id='line_1_61' title="bbox 2093 2173 3732 2246; baseline 0.004 -21"><span class='ocrx_word' id='word_1_432' title='bbox 2093 2174 2151 2225; x_wconf 84' lang='lat' dir='ltr'><strong>in</strong></span> <span class='ocrx_word' id='word_1_433' title='bbox 2182 2180 2418 2242; x_wconf 85' lang='lat' dir='ltr'><strong>tempore</strong></span> <span class='ocrx_word' id='word_1_434' title='bbox 2456 2173 2551 2227; x_wconf 79' lang='lat' dir='ltr'><strong>illo</strong></span> <span class='ocrx_word' id='word_1_435' title='bbox 2593 2175 2814 2240; x_wconf 74' lang='lat' dir='ltr'><strong>tacebit,</strong></span> <span class='ocrx_word' id='word_1_436' title='bbox 2863 2175 2996 2246; x_wconf 89' lang='lat' dir='ltr'><strong>quia</strong></span> <span class='ocrx_word' id='word_1_437' title='bbox 3045 2184 3252 2246; x_wconf 77' lang='lat' dir='ltr'><strong>tempus</strong></span> <span class='ocrx_word' id='word_1_438' title='bbox 3292 2177 3504 2232; x_wconf 87' lang='lat' dir='ltr'><strong>malum</strong></span> <span class='ocrx_word' id='word_1_439' title='bbox 3533 2184 3610 2233; x_wconf 84' lang='lat' dir='ltr'><strong>est</strong></span> <span class='ocrx_word' id='word_1_440' title='bbox 3645 2179 3686 2213; x_wconf 67' lang='grc' dir='ltr'>ιτ</span> <span class='ocrx_word' id='word_1_441' title='bbox 3717 2195 3732 2245; x_wconf 89' lang='lat'><strong>;</strong></span> 
     </span>
    </p>
   </div>
   <div class='ocr_carea' id='block_1_62' title="bbox 2096 2261 3733 2338">
    <p class='ocr_par' dir='ltr' id='par_1_62' title="bbox 2096 2261 3733 2338">
     <span class='ocr_line' id='line_1_62' title="bbox 2096 2261 3733 2338; baseline 0.004 -23"><span class='ocrx_word' id='word_1_442' title='bbox 2096 2277 2210 2315; x_wconf 90' lang='lat' dir='ltr'><strong>non</strong></span> <span class='ocrx_word' id='word_1_443' title='bbox 2235 2261 2379 2316; x_wconf 89' lang='lat' dir='ltr'><strong>mihi</strong></span> <span class='ocrx_word' id='word_1_444' title='bbox 2402 2263 2631 2317; x_wconf 87' lang='lat' dir='ltr'><strong>videtur</strong></span> <span class='ocrx_word' id='word_1_445' title='bbox 2647 2268 2748 2316; x_wconf 89' lang='lat' dir='ltr'><strong>aut</strong></span> <span class='ocrx_word' id='word_1_446' title='bbox 2769 2280 2942 2334; x_wconf 87' lang='lat' dir='ltr'><strong>prave</strong></span> <span class='ocrx_word' id='word_1_447' title='bbox 2965 2265 3207 2331; x_wconf 88' lang='lat' dir='ltr'><strong>dictum,</strong></span> <span class='ocrx_word' id='word_1_448' title='bbox 3224 2270 3324 2321; x_wconf 90' lang='lat' dir='ltr'><strong>aut</strong></span> <span class='ocrx_word' id='word_1_449' title='bbox 3369 2274 3733 2338; x_wconf 73' lang='lat' dir='ltr'><strong>praepostere.</strong></span> 
     </span>
    </p>
   </div>
   <div class='ocr_carea' id='block_1_63' title="bbox 2094 2350 3734 2427">
    <p class='ocr_par' dir='ltr' id='par_1_63' title="bbox 2094 2350 3734 2427">
     <span class='ocr_line' id='line_1_63' title="bbox 2094 2350 3734 2427; baseline 0.004 -23"><span class='ocrx_word' id='word_1_450' title='bbox 2094 2350 2348 2420; x_wconf 88' lang='lat' dir='ltr'><strong>Tempus</strong></span> <span class='ocrx_word' id='word_1_451' title='bbox 2377 2352 2535 2406; x_wconf 89' lang='lat' dir='ltr'><strong>enim</strong></span> <span class='ocrx_word' id='word_1_452' title='bbox 2567 2350 2841 2422; x_wconf 87' lang='lat' dir='ltr'><strong>loquendi</strong></span> <span class='ocrx_word' id='word_1_453' title='bbox 2871 2353 3037 2409; x_wconf 89' lang='lat' dir='ltr'><strong>nobis</strong></span> <span class='ocrx_word' id='word_1_454' title='bbox 3060 2372 3094 2409; x_wconf 92' lang='lat' dir='ltr'><strong>a</strong></span> <span class='ocrx_word' id='word_1_455' title='bbox 3121 2355 3416 2427; x_wconf 86' lang='lat' dir='ltr'><strong>Scriptura</strong></span> <span class='ocrx_word' id='word_1_456' title='bbox 3456 2356 3734 2410; x_wconf 88' lang='lat' dir='ltr'><strong>divinitus</strong></span> 
     </span>
    </p>
   </div>
   <div class='ocr_carea' id='block_1_64' title="bbox 2097 2444 3738 2519">
    <p class='ocr_par' dir='ltr' id='par_1_64' title="bbox 2097 2444 3738 2519">
     <span class='ocr_line' id='line_1_64' title="bbox 2097 2444 3738 2519; baseline 0.002 -19"><span class='ocrx_word' id='word_1_457' title='bbox 2097 2444 2380 2514; x_wconf 81' lang='lat' dir='ltr'><strong>inepirata</strong></span> <span class='ocrx_word' id='word_1_458' title='bbox 2427 2444 2734 2499; x_wconf 85' lang='lat' dir='ltr'><strong>deﬁnitum</strong></span> <span class='ocrx_word' id='word_1_459' title='bbox 2786 2455 2870 2502; x_wconf 87' lang='lat' dir='ltr'><strong>est</strong></span> <span class='ocrx_word' id='word_1_460' title='bbox 2901 2445 2966 2513; x_wconf 83' lang='grc'>¹⁸,</span> <span class='ocrx_word' id='word_1_461' title='bbox 3019 2453 3076 2501; x_wconf 91' lang='lat' dir='ltr'><strong>et</strong></span> <span class='ocrx_word' id='word_1_462' title='bbox 3118 2453 3348 2519; x_wconf 86' lang='lat' dir='ltr'><strong>tempus</strong></span> <span class='ocrx_word' id='word_1_463' title='bbox 3386 2449 3638 2512; x_wconf 88' lang='lat' dir='ltr'><strong>tacendi,</strong></span> <span class='ocrx_word' id='word_1_464' title='bbox 3673 2454 3738 2504; x_wconf 92' lang='lat' dir='ltr'><strong>ut</strong></span> 
     </span>
    </p>
   </div>
   <div class='ocr_carea' id='block_1_65' title="bbox 2098 2533 3738 2609">
    <p class='ocr_par' dir='ltr' id='par_1_65' title="bbox 2098 2533 3738 2609">
     <span class='ocr_line' id='line_1_65' title="bbox 2098 2533 3738 2609; baseline 0.004 -21"><span class='ocrx_word' id='word_1_465' title='bbox 2098 2534 2284 2604; x_wconf 89' lang='lat' dir='ltr'><strong>poscit</strong></span> <span class='ocrx_word' id='word_1_466' title='bbox 2310 2550 2474 2602; x_wconf 88' lang='lat' dir='ltr'><strong>usus,</strong></span> <span class='ocrx_word' id='word_1_467' title='bbox 2499 2533 2670 2589; x_wconf 79' lang='lat' dir='ltr'><strong>nobis</strong></span> <span class='ocrx_word' id='word_1_468' title='bbox 2691 2534 3151 2605; x_wconf 85' lang='lat' dir='ltr'><strong>explorantibus,</strong></span> <span class='ocrx_word' id='word_1_469' title='bbox 3175 2553 3240 2592; x_wconf 89' lang='lat' dir='ltr'><strong>ac</strong></span> <span class='ocrx_word' id='word_1_470' title='bbox 3263 2537 3738 2609; x_wconf 89' lang='lat' dir='ltr'><strong>dispensantibus</strong></span> 
     </span>
    </p>
   </div>
   <div class='ocr_carea' id='block_1_66' title="bbox 2098 2623 3738 2683">
    <p class='ocr_par' dir='ltr' id='par_1_66' title="bbox 2098 2623 3738 2683">
     <span class='ocr_line' id='line_1_66' title="bbox 2098 2623 3738 2683; baseline 0.003 -6"><span class='ocrx_word' id='word_1_471' title='bbox 2098 2623 2339 2678; x_wconf 88' lang='lat' dir='ltr'><strong>verbum</strong></span> <span class='ocrx_word' id='word_1_472' title='bbox 2369 2623 2644 2678; x_wconf 82' lang='lat' dir='ltr'><strong>veritatis.</strong></span> <span class='ocrx_word' id='word_1_473' title='bbox 2683 2624 2883 2680; x_wconf 84' lang='lat' dir='ltr'><strong>Annon</strong></span> <span class='ocrx_word' id='word_1_474' title='bbox 2915 2625 3068 2680; x_wconf 89' lang='lat' dir='ltr'><strong>enim</strong></span> <span class='ocrx_word' id='word_1_475' title='bbox 3095 2642 3202 2681; x_wconf 91' lang='lat' dir='ltr'><strong>nec</strong></span> <span class='ocrx_word' id='word_1_476' title='bbox 3233 2627 3367 2683; x_wconf 91' lang='lat' dir='ltr'><strong>dare</strong></span> <span class='ocrx_word' id='word_1_477' title='bbox 3407 2635 3608 2683; x_wconf 87' lang='lat' dir='ltr'><strong>sancta</strong></span> <span class='ocrx_word' id='word_1_478' title='bbox 3638 2644 3738 2682; x_wconf 89' lang='lat' dir='ltr'><strong>ca—</strong></span> 
     </span>
    </p>
   </div>
   <div class='ocr_carea' id='block_1_67' title="bbox 2102 2712 3740 2787">
    <p class='ocr_par' dir='ltr' id='par_1_67' title="bbox 2102 2712 3740 2787">
     <span class='ocr_line' id='line_1_67' title="bbox 2102 2712 3740 2787; baseline 0.002 -19"><span class='ocrx_word' id='word_1_479' title='bbox 2102 2713 2294 2780; x_wconf 89' lang='lat' dir='ltr'><strong>nibus,</strong></span> <span class='ocrx_word' id='word_1_480' title='bbox 2326 2727 2431 2767; x_wconf 88' lang='lat' dir='ltr'><strong>nec</strong></span> <span class='ocrx_word' id='word_1_481' title='bbox 2471 2712 2700 2768; x_wconf 89' lang='lat' dir='ltr'><strong>mittere</strong></span> <span class='ocrx_word' id='word_1_482' title='bbox 2748 2714 3091 2784; x_wconf 80' lang='lat' dir='ltr'><strong>margaritas</strong></span> <span class='ocrx_word' id='word_1_483' title='bbox 3142 2719 3275 2771; x_wconf 89' lang='lat' dir='ltr'><strong>ante</strong></span> <span class='ocrx_word' id='word_1_484' title='bbox 3323 2732 3526 2785; x_wconf 90' lang='lat' dir='ltr'><strong>procos</strong></span> <span class='ocrx_word' id='word_1_485' title='bbox 3569 2717 3740 2787; x_wconf 91' lang='lat' dir='ltr'><strong>jube-</strong></span> 
     </span>
    </p>
   </div>
   <div class='ocr_carea' id='block_1_68' title="bbox 2101 2801 3741 2874">
    <p class='ocr_par' dir='ltr' id='par_1_68' title="bbox 2101 2801 3741 2874">
     <span class='ocr_line' id='line_1_68' title="bbox 2101 2801 3741 2874; baseline 0.003 -18"><span class='ocrx_word' id='word_1_486' title='bbox 2101 2818 2234 2857; x_wconf 91' lang='lat' dir='ltr'><strong>mur</strong></span> <span class='ocrx_word' id='word_1_487' title='bbox 2265 2803 2308 2838; x_wconf 63' lang='lat'><strong>1’</strong></span> <span class='ocrx_word' id='word_1_488' title='bbox 2328 2801 2355 2856; x_wconf 84' lang='lat'><strong>?</strong></span> <span class='ocrx_word' id='word_1_489' title='bbox 2385 2802 2628 2858; x_wconf 89' lang='lat' dir='ltr'><strong>Sanctos</strong></span> <span class='ocrx_word' id='word_1_490' title='bbox 2658 2802 2809 2858; x_wconf 89' lang='lat' dir='ltr'><strong>viros</strong></span> <span class='ocrx_word' id='word_1_491' title='bbox 2848 2805 3108 2859; x_wconf 88' lang='lat' dir='ltr'><strong>intuere:</strong></span> <span class='ocrx_word' id='word_1_492' title='bbox 3147 2803 3253 2860; x_wconf 91' lang='lat' dir='ltr'><strong>hos</strong></span> <span class='ocrx_word' id='word_1_493' title='bbox 3286 2806 3534 2874; x_wconf 87' lang='lat' dir='ltr'><strong>profecto</strong></span> <span class='ocrx_word' id='word_1_494' title='bbox 3565 2805 3741 2862; x_wconf 89' lang='lat' dir='ltr'><strong>intel-</strong></span> 
     </span>
    </p>
   </div>
   <div class='ocr_carea' id='block_1_69' title="bbox 2102 2891 3739 2962">
    <p class='ocr_par' dir='ltr' id='par_1_69' title="bbox 2102 2891 3739 2962">
     <span class='ocr_line' id='line_1_69' title="bbox 2102 2891 3739 2962; baseline 0.003 -17"><span class='ocrx_word' id='word_1_495' title='bbox 2102 2891 2246 2962; x_wconf 89' lang='lat' dir='ltr'><strong>liges</strong></span> <span class='ocrx_word' id='word_1_496' title='bbox 2277 2907 2431 2946; x_wconf 91' lang='lat' dir='ltr'><strong>nunc</strong></span> <span class='ocrx_word' id='word_1_497' title='bbox 2479 2891 2712 2962; x_wconf 88' lang='lat' dir='ltr'><strong>quidem</strong></span> <span class='ocrx_word' id='word_1_498' title='bbox 2766 2891 2872 2947; x_wconf 91' lang='lat' dir='ltr'><strong>sub</strong></span> <span class='ocrx_word' id='word_1_499' title='bbox 2912 2892 3133 2948; x_wconf 87' lang='lat' dir='ltr'><strong>silentii</strong></span> <span class='ocrx_word' id='word_1_500' title='bbox 3184 2894 3379 2950; x_wconf 90' lang='lat' dir='ltr'><strong>modio</strong></span> <span class='ocrx_word' id='word_1_501' title='bbox 3409 2911 3739 2950; x_wconf 87' lang='lat' dir='ltr'><strong>sermonem</strong></span> 
     </span>
    </p>
   </div>
   <div class='ocr_carea' id='block_1_70' title="bbox 2102 2981 3741 3052">
    <p class='ocr_par' dir='ltr' id='par_1_70' title="bbox 2102 2981 3741 3052">
     <span class='ocr_line' id='line_1_70' title="bbox 2102 2981 3741 3052; baseline 0.002 -16"><span class='ocrx_word' id='word_1_502' title='bbox 2102 2997 2337 3052; x_wconf 89' lang='lat' dir='ltr'><strong>ponere,</strong></span> <span class='ocrx_word' id='word_1_503' title='bbox 2370 2997 2502 3036; x_wconf 90' lang='lat' dir='ltr'><strong>cum</strong></span> <span class='ocrx_word' id='word_1_504' title='bbox 2534 2981 2691 3052; x_wconf 88' lang='lat' dir='ltr'><strong>loqui</strong></span> <span class='ocrx_word' id='word_1_505' title='bbox 2739 2998 3163 3051; x_wconf 86' lang='lat' dir='ltr'><strong>supervacuum</strong></span> <span class='ocrx_word' id='word_1_506' title='bbox 3197 2987 3306 3050; x_wconf 85' lang='lat' dir='ltr'><strong>est,</strong></span> <span class='ocrx_word' id='word_1_507' title='bbox 3339 2984 3454 3039; x_wconf 90' lang='lat' dir='ltr'><strong>imo</strong></span> <span class='ocrx_word' id='word_1_508' title='bbox 3486 2988 3543 3039; x_wconf 90' lang='lat' dir='ltr'><strong>et</strong></span> <span class='ocrx_word' id='word_1_509' title='bbox 3572 2985 3741 3040; x_wconf 87' lang='lat' dir='ltr'><strong>dam-</strong></span> 
     </span>
    </p>
   </div>
   <div class='ocr_carea' id='block_1_71' title="bbox 2105 3071 3736 3140">
    <p class='ocr_par' dir='ltr' id='par_1_71' title="bbox 2105 3071 3736 3140">
     <span class='ocr_line' id='line_1_71' title="bbox 2105 3071 3736 3140; baseline 0.002 -17"><span class='ocrx_word' id='word_1_510' title='bbox 2105 3085 2311 3124; x_wconf 87' lang='lat' dir='ltr'><strong>nosum</strong></span> <span class='ocrx_word' id='word_1_511' title='bbox 2355 3085 2369 3124; x_wconf 86' lang='lat'><strong>:</strong></span> <span class='ocrx_word' id='word_1_512' title='bbox 2420 3086 2576 3124; x_wconf 89' lang='lat' dir='ltr'><strong>nunc</strong></span> <span class='ocrx_word' id='word_1_513' title='bbox 2624 3086 2755 3125; x_wconf 83' lang='lat' dir='ltr'><strong>vero</strong></span> <span class='ocrx_word' id='word_1_514' title='bbox 2787 3087 2962 3140; x_wconf 90' lang='lat' dir='ltr'><strong>super</strong></span> <span class='ocrx_word' id='word_1_515' title='bbox 3001 3071 3414 3127; x_wconf 86' lang='lat' dir='ltr'><strong>candelabrum</strong></span> <span class='ocrx_word' id='word_1_516' title='bbox 3447 3072 3736 3139; x_wconf 90' lang='lat' dir='ltr'><strong>attollere,</strong></span> 
     </span>
    </p>
   </div>
   <div class='ocr_carea' id='block_1_72' title="bbox 2105 3159 3744 3233">
    <p class='ocr_par' dir='ltr' id='par_1_72' title="bbox 2105 3159 3744 3233">
     <span class='ocr_line' id='line_1_72' title="bbox 2105 3159 3744 3233; baseline 0.003 -21"><span class='ocrx_word' id='word_1_517' title='bbox 2105 3174 2237 3212; x_wconf 89' lang='lat' dir='ltr'><strong>cum</strong></span> <span class='ocrx_word' id='word_1_518' title='bbox 2271 3174 2435 3228; x_wconf 90' lang='lat' dir='ltr'><strong>spem</strong></span> <span class='ocrx_word' id='word_1_519' title='bbox 2469 3164 2784 3228; x_wconf 85' lang='lat' dir='ltr'><strong>proventus</strong></span> <span class='ocrx_word' id='word_1_520' title='bbox 2806 3159 3087 3215; x_wconf 87' lang='lat' dir='ltr'><strong>sementis</strong></span> <span class='ocrx_word' id='word_1_521' title='bbox 3120 3159 3313 3227; x_wconf 86' lang='lat' dir='ltr'><strong>habet,</strong></span> <span class='ocrx_word' id='word_1_522' title='bbox 3344 3177 3448 3216; x_wconf 89' lang='lat' dir='ltr'><strong>nec</strong></span> <span class='ocrx_word' id='word_1_523' title='bbox 3479 3161 3744 3233; x_wconf 90' lang='lat' dir='ltr'><strong>lapidosa</strong></span> 
     </span>
    </p>
   </div>
   <div class='ocr_carea' id='block_1_73' title="bbox 2107 3248 3746 3321">
    <p class='ocr_par' dir='ltr' id='par_1_73' title="bbox 2107 3248 3746 3321">
     <span class='ocr_line' id='line_1_73' title="bbox 2107 3248 3746 3321; baseline 0.002 -18"><span class='ocrx_word' id='word_1_524' title='bbox 2107 3251 2212 3303; x_wconf 79' lang='lat' dir='ltr'><strong>est.</strong></span> <span class='ocrx_word' id='word_1_525' title='bbox 2256 3249 2386 3302; x_wconf 67' lang='lat' dir='ltr'><strong>Haec</strong></span> <span class='ocrx_word' id='word_1_526' title='bbox 2433 3253 2573 3302; x_wconf 89' lang='lat' dir='ltr'><strong>sunt</strong></span> <span class='ocrx_word' id='word_1_527' title='bbox 2604 3265 2728 3318; x_wconf 83' lang='lat' dir='ltr'><strong>quae</strong></span> <span class='ocrx_word' id='word_1_528' title='bbox 2759 3248 2817 3302; x_wconf 90' lang='lat' dir='ltr'><strong>in</strong></span> <span class='ocrx_word' id='word_1_529' title='bbox 2852 3250 3146 3321; x_wconf 87' lang='lat' dir='ltr'><strong>proposita</strong></span> <span class='ocrx_word' id='word_1_530' title='bbox 3177 3250 3492 3320; x_wconf 71' lang='lat' dir='ltr'><strong>quaestione</strong></span> <span class='ocrx_word' id='word_1_531' title='bbox 3512 3250 3746 3306; x_wconf 86' lang='lat' dir='ltr'><strong>animus</strong></span> 
     </span>
    </p>
   </div>
   <div class='ocr_carea' id='block_1_74' title="bbox 2109 3337 3746 3410">
    <p class='ocr_par' dir='ltr' id='par_1_74' title="bbox 2109 3337 3746 3410">
     <span class='ocr_line' id='line_1_74' title="bbox 2109 3337 3746 3410; baseline 0.003 -19"><span class='ocrx_word' id='word_1_532' title='bbox 2109 3338 2384 3393; x_wconf 88' lang='lat' dir='ltr'><strong>intuetur.</strong></span> <span class='ocrx_word' id='word_1_533' title='bbox 2429 3337 2489 3393; x_wconf 86' lang='lat' dir='ltr'><strong>Si</strong></span> <span class='ocrx_word' id='word_1_534' title='bbox 2525 3337 2611 3391; x_wconf 87' lang='lat' dir='ltr'><strong>vel</strong></span> <span class='ocrx_word' id='word_1_535' title='bbox 2644 3354 2744 3410; x_wconf 88' lang='lat' dir='ltr'><strong>per</strong></span> <span class='ocrx_word' id='word_1_536' title='bbox 2786 3343 2840 3393; x_wconf 88' lang='lat' dir='ltr'><strong>te</strong></span> <span class='ocrx_word' id='word_1_537' title='bbox 2872 3339 3013 3408; x_wconf 88' lang='lat' dir='ltr'><strong>ipse,</strong></span> <span class='ocrx_word' id='word_1_538' title='bbox 3049 3339 3135 3394; x_wconf 90' lang='lat' dir='ltr'><strong>vel</strong></span> <span class='ocrx_word' id='word_1_539' title='bbox 3168 3338 3415 3395; x_wconf 89' lang='lat' dir='ltr'><strong>aliorum</strong></span> <span class='ocrx_word' id='word_1_540' title='bbox 3448 3355 3554 3410; x_wconf 92' lang='lat' dir='ltr'><strong>ope</strong></span> <span class='ocrx_word' id='word_1_541' title='bbox 3585 3357 3746 3396; x_wconf 88' lang='lat' dir='ltr'><strong>com-</strong></span> 
     </span>
    </p>
   </div>
   <div class='ocr_carea' id='block_1_75' title="bbox 2109 3427 3746 3501">
    <p class='ocr_par' dir='ltr' id='par_1_75' title="bbox 2109 3427 3746 3501">
     <span class='ocr_line' id='line_1_75' title="bbox 2109 3427 3746 3501; baseline 0.002 -19"><span class='ocrx_word' id='word_1_542' title='bbox 2109 3427 2326 3498; x_wconf 88' lang='lat' dir='ltr'><strong>pereris</strong></span> <span class='ocrx_word' id='word_1_543' title='bbox 2357 3444 2483 3498; x_wconf 70' lang='lat' dir='ltr'><strong>quae</strong></span> <span class='ocrx_word' id='word_1_544' title='bbox 2516 3429 2703 3498; x_wconf 85' lang='lat' dir='ltr'><strong>magis</strong></span> <span class='ocrx_word' id='word_1_545' title='bbox 2737 3428 3070 3497; x_wconf 89' lang='lat' dir='ltr'><strong>probentur,</strong></span> <span class='ocrx_word' id='word_1_546' title='bbox 3095 3429 3186 3484; x_wconf 82' lang='lat' dir='ltr'><strong>fac</strong></span> <span class='ocrx_word' id='word_1_547' title='bbox 3210 3445 3298 3484; x_wconf 90' lang='lat' dir='ltr'><strong>me</strong></span> <span class='ocrx_word' id='word_1_548' title='bbox 3319 3429 3658 3501; x_wconf 88' lang='lat' dir='ltr'><strong>participem</strong></span> <span class='ocrx_word' id='word_1_549' title='bbox 3684 3430 3746 3485; x_wconf 88' lang='lat' dir='ltr'><strong>li-</strong></span> 
     </span>
    </p>
   </div>
   <div class='ocr_carea' id='block_1_76' title="bbox 2106 3517 3747 3591">
    <p class='ocr_par' dir='ltr' id='par_1_76' title="bbox 2106 3517 3747 3591">
     <span class='ocr_line' id='line_1_76' title="bbox 2106 3517 3747 3591; baseline 0.001 -19"><span class='ocrx_word' id='word_1_550' title='bbox 2106 3518 2269 3582; x_wconf 86' lang='lat' dir='ltr'><strong>hens,</strong></span> <span class='ocrx_word' id='word_1_551' title='bbox 2312 3521 2530 3588; x_wconf 89' lang='lat' dir='ltr'><strong>patrem</strong></span> <span class='ocrx_word' id='word_1_552' title='bbox 2572 3517 2855 3583; x_wconf 85' lang='lat' dir='ltr'><strong>videlicet,</strong></span> <span class='ocrx_word' id='word_1_553' title='bbox 2897 3519 3248 3591; x_wconf 85' lang='lat' dir='ltr'><strong>fratremque</strong></span> <span class='ocrx_word' id='word_1_554' title='bbox 3285 3523 3475 3587; x_wconf 89' lang='lat' dir='ltr'><strong>tuum,</strong></span> <span class='ocrx_word' id='word_1_555' title='bbox 3519 3519 3747 3576; x_wconf 88' lang='lat' dir='ltr'><strong>consilii</strong></span> 
     </span>
    </p>
   </div>
   <div class='ocr_carea' id='block_1_77' title="bbox 2105 3606 3748 3681">
    <p class='ocr_par' dir='ltr' id='par_1_77' title="bbox 2105 3606 3748 3681">
     <span class='ocr_line' id='line_1_77' title="bbox 2105 3606 3748 3681; baseline 0.001 -19"><span class='ocrx_word' id='word_1_556' title='bbox 2105 3607 2163 3662; x_wconf 90' lang='lat' dir='ltr'><strong>in</strong></span> <span class='ocrx_word' id='word_1_557' title='bbox 2225 3607 2428 3677; x_wconf 90' lang='lat' dir='ltr'><strong>primis</strong></span> <span class='ocrx_word' id='word_1_558' title='bbox 2481 3611 2766 3678; x_wconf 86' lang='lat' dir='ltr'><strong>egentem.</strong></span> <span class='ocrx_word' id='word_1_559' title='bbox 2818 3606 2974 3674; x_wconf 90' lang='lat' dir='ltr'><strong>Vale,</strong></span> <span class='ocrx_word' id='word_1_560' title='bbox 3027 3624 3092 3664; x_wconf 88' lang='lat' dir='ltr'><strong>ac</strong></span> <span class='ocrx_word' id='word_1_561' title='bbox 3141 3609 3462 3679; x_wconf 90' lang='lat' dir='ltr'><strong>plurimum</strong></span> <span class='ocrx_word' id='word_1_562' title='bbox 3511 3625 3615 3681; x_wconf 89' lang='lat' dir='ltr'><strong>pro</strong></span> <span class='ocrx_word' id='word_1_563' title='bbox 3657 3624 3748 3664; x_wconf 89' lang='lat' dir='ltr'><strong>me</strong></span> 
     </span>
    </p>
   </div>
   <div class='ocr_carea' id='block_1_78' title="bbox 2107 3712 2342 3768">
    <p class='ocr_par' dir='ltr' id='par_1_78' title="bbox 2107 3712 2342 3768">
     <span class='ocr_line' id='line_1_78' title="bbox 2107 3712 2342 3768; baseline 0 -16"><span class='ocrx_word' id='word_1_564' title='bbox 2107 3712 2342 3768; x_wconf 89' lang='lat' dir='ltr'><strong>precare</strong></span> 
     </span>
    </p>
   </div>
   <div class='ocr_carea' id='block_1_79' title="bbox 2106 3784 3747 3858">
    <p class='ocr_par' dir='ltr' id='par_1_79' title="bbox 2106 3784 3747 3858">
     <span class='ocr_line' id='line_1_79' title="bbox 2106 3784 3747 3858; baseline 0.002 -20"><span class='ocrx_word' id='word_1_565' title='bbox 2106 3784 2253 3840; x_wconf 82' lang='lat' dir='ltr'><strong>VIII.</strong></span> <span class='ocrx_word' id='word_1_566' title='bbox 2282 3816 2348 3826; x_wconf 92' lang='lat'>—</span> <span class='ocrx_word' id='word_1_567' title='bbox 2381 3784 2680 3840; x_wconf 85' lang='lat' dir='ltr'><strong>Theodorus</strong></span> <span class='ocrx_word' id='word_1_568' title='bbox 2709 3785 2961 3842; x_wconf 87' lang='lat' dir='ltr'><strong>omnibus</strong></span> <span class='ocrx_word' id='word_1_569' title='bbox 2990 3786 3192 3858; x_wconf 84' lang='lat' dir='ltr'><strong>ubique</strong></span> <span class='ocrx_word' id='word_1_570' title='bbox 3217 3791 3437 3857; x_wconf 84' lang='lat' dir='ltr'><strong>propter</strong></span> <span class='ocrx_word' id='word_1_571' title='bbox 3459 3786 3747 3842; x_wconf 82' lang='lat' dir='ltr'><strong>Christum</strong></span> 
     </span>
    </p>
   </div>
   <div class='ocr_carea' id='block_1_80' title="bbox 2180 3875 3747 3947">
    <p class='ocr_par' dir='ltr' id='par_1_80' title="bbox 2180 3875 3747 3947">
     <span class='ocr_line' id='line_1_80' title="bbox 2180 3875 3747 3947; baseline 0.003 -19"><span class='ocrx_word' id='word_1_572' title='bbox 2180 3875 2444 3942; x_wconf 81' lang='lat' dir='ltr'><strong>dispersis</strong></span> <span class='ocrx_word' id='word_1_573' title='bbox 2457 3875 2758 3943; x_wconf 77' lang='lat' dir='ltr'><strong>fratribus,</strong></span> <span class='ocrx_word' id='word_1_574' title='bbox 2780 3881 2835 3930; x_wconf 82' lang='lat' dir='ltr'><strong>et</strong></span> <span class='ocrx_word' id='word_1_575' title='bbox 2855 3879 2926 3930; x_wconf 82' lang='lat' dir='ltr'><strong>iis</strong></span> <span class='ocrx_word' id='word_1_576' title='bbox 2947 3877 3041 3947; x_wconf 84' lang='lat' dir='ltr'><strong>qui</strong></span> <span class='ocrx_word' id='word_1_577' title='bbox 3061 3878 3121 3931; x_wconf 86' lang='lat' dir='ltr'><strong>in</strong></span> <span class='ocrx_word' id='word_1_578' title='bbox 3141 3877 3449 3932; x_wconf 69' lang='lat' dir='ltr'><strong>carceribus</strong></span> <span class='ocrx_word' id='word_1_579' title='bbox 3467 3883 3520 3933; x_wconf 83' lang='lat' dir='ltr'><strong>et</strong></span> <span class='ocrx_word' id='word_1_580' title='bbox 3535 3877 3747 3932; x_wconf 75' lang='lat' dir='ltr'><strong>exsiliis</strong></span> 
     </span>
    </p>
   </div>
   <div class='ocr_carea' id='block_1_81' title="bbox 2181 3963 3231 4033">
    <p class='ocr_par' dir='ltr' id='par_1_81' title="bbox 2181 3963 3231 4033">
     <span class='ocr_line' id='line_1_81' title="bbox 2181 3963 3231 4033; baseline 0.001 -16"><span class='ocrx_word' id='word_1_581' title='bbox 2181 3963 2520 4033; x_wconf 81' lang='lat' dir='ltr'><strong>detinentur,</strong></span> <span class='ocrx_word' id='word_1_582' title='bbox 2553 3966 2615 4018; x_wconf 86' lang='lat' dir='ltr'><strong>in</strong></span> <span class='ocrx_word' id='word_1_583' title='bbox 2646 3965 2872 4020; x_wconf 86' lang='lat' dir='ltr'><strong>Domino</strong></span> <span class='ocrx_word' id='word_1_584' title='bbox 2903 3966 3137 4020; x_wconf 79' lang='lat' dir='ltr'><strong>salutem</strong></span> <span class='ocrx_word' id='word_1_585' title='bbox 3165 3964 3231 4018; x_wconf 64' lang='lat'><strong>9°.</strong></span> 
     </span>
    </p>
   </div>
   <div class='ocr_carea' id='block_1_82' title="bbox 1187 4143 2905 4213">
    <p class='ocr_par' dir='ltr' id='par_1_82' title="bbox 1187 4143 2905 4213">
     <span class='ocr_line' id='line_1_82' title="bbox 1187 4143 2905 4213; baseline 0.004 -22"><span class='ocrx_word' id='word_1_586' title='bbox 1187 4143 1500 4206; x_wconf 85' lang='lat' dir='ltr'><strong>Dogmatica</strong></span> <span class='ocrx_word' id='word_1_587' title='bbox 1529 4144 1594 4192; x_wconf 90' lang='lat' dir='ltr'><strong>de</strong></span> <span class='ocrx_word' id='word_1_588' title='bbox 1623 4145 1821 4194; x_wconf 86' lang='lat' dir='ltr'><strong>sanctis</strong></span> <span class='ocrx_word' id='word_1_589' title='bbox 1853 4146 2192 4208; x_wconf 80' lang='lat' dir='ltr'><strong>imaginibus.</strong></span> <span class='ocrx_word' id='word_1_590' title='bbox 2223 4149 2441 4211; x_wconf 89' lang='lat' dir='ltr'><strong>(Baron.</strong></span> <span class='ocrx_word' id='word_1_591' title='bbox 2474 4162 2541 4198; x_wconf 90' lang='lat' dir='ltr'><strong>an</strong></span> <span class='ocrx_word' id='word_1_592' title='bbox 2573 4149 2685 4202; x_wconf 78' lang='grc'>814,</span> <span class='ocrx_word' id='word_1_593' title='bbox 2719 4163 2772 4199; x_wconf 90' lang='lat' dir='ltr'><strong>n.</strong></span> <span class='ocrx_word' id='word_1_594' title='bbox 2804 4150 2905 4213; x_wconf 80' lang='grc'><strong>45.)</strong></span> 
     </span>
    </p>
   </div>
   <div class='ocr_carea' id='block_1_83' title="bbox 421 4223 1994 4302">
    <p class='ocr_par' dir='ltr' id='par_1_83' title="bbox 421 4223 1994 4302">
     <span class='ocr_line' id='line_1_83' title="bbox 421 4223 1994 4302; baseline -0.002 -21"><span class='ocrx_word' id='word_1_595' title='bbox 421 4228 586 4302; x_wconf 86' lang='grc' dir='ltr'>Χάρις</span> <span class='ocrx_word' id='word_1_596' title='bbox 645 4226 798 4297; x_wconf 85' lang='grc' dir='ltr'>ὑμῖν</span> <span class='ocrx_word' id='word_1_597' title='bbox 856 4223 963 4278; x_wconf 82' lang='grc' dir='ltr'><strong>καὶ</strong></span> <span class='ocrx_word' id='word_1_598' title='bbox 1051 4223 1312 4295; x_wconf 78' lang='grc' dir='ltr'>εἰρήνη,</span> <span class='ocrx_word' id='word_1_599' title='bbox 1370 4223 1750 4286; x_wconf 84' lang='grc' dir='ltr'>ἀποστολικῶς</span> <span class='ocrx_word' id='word_1_600' title='bbox 1807 4223 1994 4293; x_wconf 80' lang='grc' dir='ltr'>εἰπεῖν,</span> 
     </span>
    </p>
   </div>
   <div class='ocr_carea' id='block_1_84' title="bbox 346 4311 2002 4387">
    <p class='ocr_par' dir='ltr' id='par_1_84' title="bbox 346 4311 2002 4387">
     <span class='ocr_line' id='line_1_84' title="bbox 346 4311 2002 4387; baseline -0.003 -15"><span class='ocrx_word' id='word_1_601' title='bbox 346 4316 473 4372; x_wconf 84' lang='grc' dir='ltr'>ἀπὸ</span> <span class='ocrx_word' id='word_1_602' title='bbox 505 4311 664 4371; x_wconf 83' lang='grc' dir='ltr'>Θεοῦ</span> <span class='ocrx_word' id='word_1_603' title='bbox 689 4312 944 4386; x_wconf 88' lang='grc' dir='ltr'>Πατρὸς</span> <span class='ocrx_word' id='word_1_604' title='bbox 978 4314 1163 4383; x_wconf 77' lang='grc' dir='ltr'>ἡμῶν</span> <span class='ocrx_word' id='word_1_605' title='bbox 1192 4311 1300 4365; x_wconf 84' lang='grc' dir='ltr'><strong>καὶ</strong></span> <span class='ocrx_word' id='word_1_606' title='bbox 1328 4311 1571 4385; x_wconf 86' lang='grc' dir='ltr'>Κυρίου</span> <span class='ocrx_word' id='word_1_607' title='bbox 1605 4313 1818 4381; x_wconf 87' lang='grc' dir='ltr'><strong>Ἰησοῦ</strong></span> <span class='ocrx_word' id='word_1_608' title='bbox 1851 4319 2002 4387; x_wconf 83' lang='grc' dir='ltr'>Χρι-</span> 
     </span>
    </p>
   </div>
   <div class='ocr_carea' id='block_1_85' title="bbox 349 4397 1996 4474">
    <p class='ocr_par' dir='ltr' id='par_1_85' title="bbox 349 4397 1996 4474">
     <span class='ocr_line' id='line_1_85' title="bbox 349 4397 1996 4474; baseline -0.002 -14"><span class='ocrx_word' id='word_1_609' title='bbox 349 4409 528 4473; x_wconf 89' lang='grc' dir='ltr'>στοῦ,</span> <span class='ocrx_word' id='word_1_610' title='bbox 556 4407 656 4469; x_wconf 77' lang='grc' dir='ltr'>τῆς</span> <span class='ocrx_word' id='word_1_611' title='bbox 689 4400 913 4463; x_wconf 84' lang='grc' dir='ltr'>ἐλπίδος</span> <span class='ocrx_word' id='word_1_612' title='bbox 947 4403 1106 4472; x_wconf 80' lang='grc' dir='ltr'>ἡμῶν</span> <span class='ocrx_word' id='word_1_613' title='bbox 1133 4419 1145 4432; x_wconf 87' lang='grc'><strong>·</strong></span> <span class='ocrx_word' id='word_1_614' title='bbox 1183 4401 1315 4474; x_wconf 77' lang='grc' dir='ltr'>ὑπὲρ</span> <span class='ocrx_word' id='word_1_615' title='bbox 1355 4401 1414 4454; x_wconf 73' lang='grc' dir='ltr'>οὗ</span> <span class='ocrx_word' id='word_1_616' title='bbox 1443 4399 1536 4455; x_wconf 83' lang='grc' dir='ltr'><strong>καὶ</strong></span> <span class='ocrx_word' id='word_1_617' title='bbox 1583 4397 1652 4454; x_wconf 83' lang='grc' dir='ltr'><strong>δι’</strong></span> <span class='ocrx_word' id='word_1_618' title='bbox 1681 4402 1740 4455; x_wconf 83' lang='grc' dir='ltr'>ὃν</span> <span class='ocrx_word' id='word_1_619' title='bbox 1790 4402 1818 4455; x_wconf 93' lang='lat'><strong>6</strong></span> <span class='ocrx_word' id='word_1_620' title='bbox 1869 4400 1996 4456; x_wconf 84' lang='grc' dir='ltr'>διω-</span> 
     </span>
    </p>
   </div>
   <div class='ocr_carea' id='block_1_86' title="bbox 343 4488 1998 4570">
    <p class='ocr_par' dir='ltr' id='par_1_86' title="bbox 343 4488 1998 4570">
     <span class='ocr_line' id='line_1_86' title="bbox 343 4488 1998 4570; baseline -0.003 -21"><span class='ocrx_word' id='word_1_621' title='bbox 343 4494 509 4570; x_wconf 85' lang='grc' dir='ltr'>γμὸς,</span> <span class='ocrx_word' id='word_1_622' title='bbox 542 4495 576 4562; x_wconf 76' lang='grc' dir='ltr'><strong>ἡ</strong></span> <span class='ocrx_word' id='word_1_623' title='bbox 611 4491 793 4566; x_wconf 83' lang='grc' dir='ltr'>Θλίψις</span> <span class='ocrx_word' id='word_1_624' title='bbox 824 4491 913 4545; x_wconf 82' lang='grc' dir='ltr'><strong>καὶ</strong></span> <span class='ocrx_word' id='word_1_625' title='bbox 944 4493 979 4559; x_wconf 81' lang='grc' dir='ltr'>ἡ</span> <span class='ocrx_word' id='word_1_626' title='bbox 1012 4490 1367 4564; x_wconf 85' lang='grc' dir='ltr'>στενοχωρία,</span> <span class='ocrx_word' id='word_1_627' title='bbox 1395 4491 1429 4559; x_wconf 78' lang='grc' dir='ltr'>ἡ</span> <span class='ocrx_word' id='word_1_628' title='bbox 1480 4488 1682 4563; x_wconf 78' lang='grc' dir='ltr'>ἐρημία</span> <span class='ocrx_word' id='word_1_629' title='bbox 1737 4491 1827 4545; x_wconf 84' lang='grc' dir='ltr'><strong>καὶ</strong></span> <span class='ocrx_word' id='word_1_630' title='bbox 1872 4514 1998 4570; x_wconf 75' lang='grc' dir='ltr'>φυγ-</span> 
     </span>
    </p>
   </div>
   <div class='ocr_carea' id='block_1_87' title="bbox 345 4577 1990 4654">
    <p class='ocr_par' dir='ltr' id='par_1_87' title="bbox 345 4577 1990 4654">
     <span class='ocr_line' id='line_1_87' title="bbox 345 4577 1990 4654; baseline -0.002 -14"><span class='ocrx_word' id='word_1_631' title='bbox 345 4583 521 4654; x_wconf 82' lang='grc' dir='ltr'>αδεία,</span> <span class='ocrx_word' id='word_1_632' title='bbox 555 4582 608 4636; x_wconf 76' lang='grc' dir='ltr'>αἱ</span> <span class='ocrx_word' id='word_1_633' title='bbox 641 4580 843 4651; x_wconf 74' lang='grc' dir='ltr'>εἱρκταί</span> <span class='ocrx_word' id='word_1_634' title='bbox 874 4580 963 4634; x_wconf 84' lang='grc' dir='ltr'><strong>καὶ</strong></span> <span class='ocrx_word' id='word_1_635' title='bbox 994 4579 1176 4634; x_wconf 80' lang='grc' dir='ltr'>ποιναὶ</span> <span class='ocrx_word' id='word_1_636' title='bbox 1202 4579 1292 4633; x_wconf 82' lang='grc' dir='ltr'><strong>καὶ</strong></span> <span class='ocrx_word' id='word_1_637' title='bbox 1324 4580 1422 4633; x_wconf 78' lang='grc' dir='ltr'>ὅσα</span> <span class='ocrx_word' id='word_1_638' title='bbox 1466 4577 1611 4635; x_wconf 77' lang='grc' dir='ltr'>ἄλλα</span> <span class='ocrx_word' id='word_1_639' title='bbox 1658 4580 1990 4652; x_wconf 81' lang='grc' dir='ltr'>καθεκάστην</span> 
     </span>
    </p>
   </div>
   <div class='ocr_carea' id='block_1_88' title="bbox 345 4663 1992 4743">
    <p class='ocr_par' dir='ltr' id='par_1_88' title="bbox 345 4663 1992 4743">
     <span class='ocr_line' id='line_1_88' title="bbox 345 4663 1992 4743; baseline -0.003 -15"><span class='ocrx_word' id='word_1_640' title='bbox 345 4674 422 4735; x_wconf 81' lang='grc' dir='ltr'><strong>εἷς</strong></span> <span class='ocrx_word' id='word_1_641' title='bbox 458 4668 833 4743; x_wconf 87' lang='grc' dir='ltr'>ταλαιπωρίαν</span> <span class='ocrx_word' id='word_1_642' title='bbox 865 4668 1222 4738; x_wconf 81' lang='grc' dir='ltr'>ὑπαντήματα</span> <span class='ocrx_word' id='word_1_643' title='bbox 1267 4667 1356 4721; x_wconf 84' lang='grc' dir='ltr'><strong>καὶ</strong></span> <span class='ocrx_word' id='word_1_644' title='bbox 1406 4663 1754 4741; x_wconf 78' lang='grc' dir='ltr'>συμϐάματα.</span> <span class='ocrx_word' id='word_1_645' title='bbox 1787 4669 1992 4724; x_wconf 70' lang='grc' dir='ltr'>Τούτου</span> 
     </span>
    </p>
   </div>
   <div class='ocr_carea' id='block_1_89' title="bbox 345 4758 1993 4842">
    <p class='ocr_par' dir='ltr' id='par_1_89' title="bbox 345 4758 1993 4842">
     <span class='ocr_line' id='line_1_89' title="bbox 345 4758 1993 4842; baseline -0.002 -24"><span class='ocrx_word' id='word_1_646' title='bbox 345 4767 533 4842; x_wconf 83' lang='grc' dir='ltr'>χάριν,</span> <span class='ocrx_word' id='word_1_647' title='bbox 576 4759 800 4835; x_wconf 79' lang='grc' dir='ltr'>ἀδελφοί</span> <span class='ocrx_word' id='word_1_648' title='bbox 855 4781 957 4832; x_wconf 90' lang='grc' dir='ltr'><strong>μου</strong></span> <span class='ocrx_word' id='word_1_649' title='bbox 1003 4759 1299 4835; x_wconf 81' lang='grc' dir='ltr'>ἀγαπητοὶ,</span> <span class='ocrx_word' id='word_1_650' title='bbox 1345 4765 1444 4827; x_wconf 79' lang='grc' dir='ltr'>τῆς</span> <span class='ocrx_word' id='word_1_651' title='bbox 1495 4758 1838 4833; x_wconf 72' lang='grc' dir='ltr'>ἀπολείψεως</span> <span class='ocrx_word' id='word_1_652' title='bbox 1896 4766 1993 4815; x_wconf 87' lang='grc' dir='ltr'><strong>τοῦ</strong></span> 
     </span>
    </p>
   </div>
   <div class='ocr_carea' id='block_1_90' title="bbox 342 4848 1992 4924">
    <p class='ocr_par' dir='ltr' id='par_1_90' title="bbox 342 4848 1992 4924">
     <span class='ocr_line' id='line_1_90' title="bbox 342 4848 1992 4924; baseline -0.003 -15"><span class='ocrx_word' id='word_1_653' title='bbox 342 4858 600 4910; x_wconf 76' lang='grc' dir='ltr'>ταπεινοῦ</span> <span class='ocrx_word' id='word_1_654' title='bbox 666 4851 825 4924; x_wconf 74' lang='grc' dir='ltr'>ἡμῶν</span> <span class='ocrx_word' id='word_1_655' title='bbox 893 4849 1192 4923; x_wconf 84' lang='grc' dir='ltr'>προσώπου</span> <span class='ocrx_word' id='word_1_656' title='bbox 1271 4849 1610 4922; x_wconf 86' lang='grc' dir='ltr'>παραμυθίαν</span> <span class='ocrx_word' id='word_1_657' title='bbox 1686 4851 1802 4904; x_wconf 77' lang='grc' dir='ltr'>τινὰ</span> <span class='ocrx_word' id='word_1_658' title='bbox 1873 4848 1992 4904; x_wconf 85' lang='grc' dir='ltr'>ἐπι-</span> 
     </span>
    </p>
   </div>
   <div class='ocr_carea' id='block_1_91' title="bbox 345 4936 1990 5014">
    <p class='ocr_par' dir='ltr' id='par_1_91' title="bbox 345 4936 1990 5014">
     <span class='ocr_line' id='line_1_91' title="bbox 345 4936 1990 5014; baseline -0.004 -16"><span class='ocrx_word' id='word_1_659' title='bbox 345 4940 693 5014; x_wconf 79' lang='grc' dir='ltr'>νοησάμενοι,</span> <span class='ocrx_word' id='word_1_660' title='bbox 727 4936 1027 5011; x_wconf 85' lang='grc' dir='ltr'>στέλλομεν</span> <span class='ocrx_word' id='word_1_661' title='bbox 1090 4937 1216 5010; x_wconf 84' lang='grc' dir='ltr'>ὑμῖν</span> <span class='ocrx_word' id='word_1_662' title='bbox 1277 4938 1376 5006; x_wconf 78' lang='grc' dir='ltr'>τὴν</span> <span class='ocrx_word' id='word_1_663' title='bbox 1427 4936 1723 5008; x_wconf 75' lang='grc' dir='ltr'>ἐπιστολὴν</span> <span class='ocrx_word' id='word_1_664' title='bbox 1769 4937 1990 5010; x_wconf 78' lang='grc' dir='ltr'>ταύτην,</span> 
     </span>
    </p>
   </div>
   <div class='ocr_carea' id='block_1_92' title="bbox 345 5026 1990 5110">
    <p class='ocr_par' dir='ltr' id='par_1_92' title="bbox 345 5026 1990 5110">
     <span class='ocr_line' id='line_1_92' title="bbox 345 5026 1990 5110; baseline -0.002 -23"><span class='ocrx_word' id='word_1_665' title='bbox 345 5031 724 5110; x_wconf 83' lang='grc' dir='ltr'>γνωρίζοντες,</span> <span class='ocrx_word' id='word_1_666' title='bbox 787 5031 860 5091; x_wconf 85' lang='grc' dir='ltr'>ὡς</span> <span class='ocrx_word' id='word_1_667' title='bbox 924 5026 1291 5089; x_wconf 81' lang='grc' dir='ltr'>ἀδιαλείπτως</span> <span class='ocrx_word' id='word_1_668' title='bbox 1354 5027 1531 5099; x_wconf 88' lang='grc' dir='ltr'>μνείαν</span> <span class='ocrx_word' id='word_1_669' title='bbox 1580 5031 1739 5102; x_wconf 80' lang='grc' dir='ltr'>ἡμῶν</span> <span class='ocrx_word' id='word_1_670' title='bbox 1803 5029 1990 5085; x_wconf 75' lang='grc' dir='ltr'>ποιού-</span> 
     </span>
    </p>
   </div>
   <div class='ocr_carea' id='block_1_93' title="bbox 349 5115 1994 5198">
    <p class='ocr_par' dir='ltr' id='par_1_93' title="bbox 349 5115 1994 5198">
     <span class='ocr_line' id='line_1_93' title="bbox 349 5115 1994 5198; baseline -0.002 -21"><span class='ocrx_word' id='word_1_671' title='bbox 349 5124 487 5198; x_wconf 84' lang='grc' dir='ltr'>μεθα</span> <span class='ocrx_word' id='word_1_672' title='bbox 543 5119 593 5175; x_wconf 81' lang='grc' dir='ltr'>ἐν</span> <span class='ocrx_word' id='word_1_673' title='bbox 645 5125 764 5181; x_wconf 78' lang='grc' dir='ltr'>ταῖς</span> <span class='ocrx_word' id='word_1_674' title='bbox 823 5123 1096 5179; x_wconf 88' lang='grc' dir='ltr'>ταπειναῖς</span> <span class='ocrx_word' id='word_1_675' title='bbox 1146 5121 1304 5190; x_wconf 72' lang='grc' dir='ltr'>ἡμῶν</span> <span class='ocrx_word' id='word_1_676' title='bbox 1333 5123 1686 5192; x_wconf 85' lang='grc' dir='ltr'>προσευχαῖς,</span> <span class='ocrx_word' id='word_1_677' title='bbox 1724 5115 1816 5173; x_wconf 73' lang='grc' dir='ltr'><strong>ἕνα</strong></span> <span class='ocrx_word' id='word_1_678' title='bbox 1871 5117 1994 5174; x_wconf 67' lang='grc' dir='ltr'>ἕκα-</span> 
     </span>
    </p>
   </div>
   <div class='ocr_carea' id='block_1_94' title="bbox 344 5206 1993 5282">
    <p class='ocr_par' dir='ltr' id='par_1_94' title="bbox 344 5206 1993 5282">
     <span class='ocr_line' id='line_1_94' title="bbox 344 5206 1993 5282; baseline -0.003 -13"><span class='ocrx_word' id='word_1_679' title='bbox 344 5234 471 5269; x_wconf 87' lang='grc' dir='ltr'>στον</span> <span class='ocrx_word' id='word_1_680' title='bbox 563 5209 960 5270; x_wconf 78' lang='grc' dir='ltr'>ἀναπολοῦντες</span> <span class='ocrx_word' id='word_1_681' title='bbox 1048 5209 1135 5262; x_wconf 70' lang='grc' dir='ltr'><strong>καῖ</strong></span> <span class='ocrx_word' id='word_1_682' title='bbox 1223 5206 1702 5282; x_wconf 85' lang='grc' dir='ltr'>ἀναλογιζόμενοι,</span> <span class='ocrx_word' id='word_1_683' title='bbox 1772 5207 1993 5282; x_wconf 81' lang='grc' dir='ltr'>δάκρυσι</span> 
     </span>
    </p>
   </div>
   <div class='ocr_carea' id='block_1_95' title="bbox 344 5295 1997 5375">
    <p class='ocr_par' dir='ltr' id='par_1_95' title="bbox 344 5295 1997 5375">
     <span class='ocr_line' id='line_1_95' title="bbox 344 5295 1997 5375; baseline -0.003 -17"><span class='ocrx_word' id='word_1_684' title='bbox 344 5303 435 5358; x_wconf 84' lang='grc' dir='ltr'><strong>καὶ</strong></span> <span class='ocrx_word' id='word_1_685' title='bbox 481 5304 796 5374; x_wconf 84' lang='grc' dir='ltr'>στεναγμοῖς</span> <span class='ocrx_word' id='word_1_686' title='bbox 844 5295 1085 5372; x_wconf 70' lang='grc' dir='ltr'>α’ίροντες</span> <span class='ocrx_word' id='word_1_687' title='bbox 1136 5301 1327 5375; x_wconf 81' lang='grc' dir='ltr'>χεῖρας</span> <span class='ocrx_word' id='word_1_688' title='bbox 1377 5295 1453 5357; x_wconf 87' lang='grc' dir='ltr'>εἰς</span> <span class='ocrx_word' id='word_1_689' title='bbox 1502 5297 1630 5351; x_wconf 87' lang='grc' dir='ltr'>Θεόν</span> <span class='ocrx_word' id='word_1_690' title='bbox 1658 5316 1670 5328; x_wconf 75' lang='grc'><strong><em>⁸</em></strong></span> <span class='ocrx_word' id='word_1_691' title='bbox 1701 5295 1791 5352; x_wconf 72' lang='grc' dir='ltr'>’ἱνα</span> <span class='ocrx_word' id='word_1_692' title='bbox 1821 5300 1997 5362; x_wconf 85' lang='grc' dir='ltr'>καθὼς</span> 
     </span>
    </p>
   </div>
   <div class='ocr_carea' id='block_1_96' title="bbox 347 5384 1996 5463">
    <p class='ocr_par' dir='ltr' id='par_1_96' title="bbox 347 5384 1996 5463">
     <span class='ocr_line' id='line_1_96' title="bbox 347 5384 1996 5463; baseline -0.002 -16"><span class='ocrx_word' id='word_1_693' title='bbox 347 5388 728 5463; x_wconf 80' lang='grc' dir='ltr'>ὑπεδυσάμεθα</span> <span class='ocrx_word' id='word_1_694' title='bbox 779 5389 909 5450; x_wconf 81' lang='grc' dir='ltr'>τοὺς</span> <span class='ocrx_word' id='word_1_695' title='bbox 967 5387 1099 5462; x_wconf 75' lang='grc' dir='ltr'>ὑπὲρ</span> <span class='ocrx_word' id='word_1_696' title='bbox 1157 5384 1422 5458; x_wconf 80' lang='grc' dir='ltr'>ἀληθείας</span> <span class='ocrx_word' id='word_1_697' title='bbox 1481 5385 1715 5462; x_wconf 79' lang='grc' dir='ltr'>ἀγῶνας,</span> <span class='ocrx_word' id='word_1_698' title='bbox 1771 5389 1857 5443; x_wconf 78' lang='grc' dir='ltr'><strong>καὶ</strong></span> <span class='ocrx_word' id='word_1_699' title='bbox 1911 5389 1996 5459; x_wconf 78' lang='grc' dir='ltr'><strong>ἐξ·</strong></span> 
     </span>
    </p>
   </div>
   <div class='ocr_carea' id='block_1_97' title="bbox 421 5597 1503 5672">
    <p class='ocr_par' dir='ltr' id='par_1_97' title="bbox 421 5597 1503 5672">
     <span class='ocr_line' id='line_1_97' title="bbox 421 5597 1503 5672; baseline -0.012 -9"><span class='ocrx_word' id='word_1_700' title='bbox 421 5606 463 5641; x_wconf 67' lang='grc'><strong>1⁷</strong></span> <span class='ocrx_word' id='word_1_701' title='bbox 487 5606 663 5661; x_wconf 88' lang='lat' dir='ltr'><strong>Amos</strong></span> <span class='ocrx_word' id='word_1_702' title='bbox 693 5618 749 5672; x_wconf 87' lang='lat' dir='ltr'><strong>v,</strong></span> <span class='ocrx_word' id='word_1_703' title='bbox 808 5599 895 5656; x_wconf 85' lang='grc'><strong>13.</strong></span> <span class='ocrx_word' id='word_1_704' title='bbox 973 5598 1017 5633; x_wconf 80' lang='grc'><strong>¹³</strong></span> <span class='ocrx_word' id='word_1_705' title='bbox 1074 5597 1263 5655; x_wconf 89' lang='lat' dir='ltr'><strong>Eccle.</strong></span> <span class='ocrx_word' id='word_1_706' title='bbox 1314 5615 1400 5665; x_wconf 81' lang='grc' dir='ltr'>ιιι,</span> <span class='ocrx_word' id='word_1_707' title='bbox 1448 5597 1503 5651; x_wconf 92' lang='lat'><strong>7.</strong></span> 
     </span>
    </p>
   </div>
   <div class='ocr_carea' id='block_1_98' title="bbox 677 5766 1344 5835">
    <p class='ocr_par' dir='ltr' id='par_1_98' title="bbox 677 5766 1344 5835">
     <span class='ocr_line' id='line_1_98' title="bbox 677 5766 1344 5835; baseline -0.006 -1"><span class='ocrx_word' id='word_1_708' title='bbox 677 5771 934 5835; x_wconf 76' lang='grc' dir='ltr'>ΡΑτιιοι..</span> <span class='ocrx_word' id='word_1_709' title='bbox 978 5771 1094 5833; x_wconf 74' lang='lat' dir='ltr'><strong>Gn.</strong></span> <span class='ocrx_word' id='word_1_710' title='bbox 1139 5766 1344 5832; x_wconf 84' lang='lat' dir='ltr'><strong>XCIX.</strong></span> 
     </span>
    </p>
   </div>
   <div class='ocr_carea' id='block_1_99' title="bbox 1583 5595 2130 5662">
    <p class='ocr_par' dir='ltr' id='par_1_99' title="bbox 1583 5595 2130 5662">
     <span class='ocr_line' id='line_1_99' title="bbox 1583 5595 2130 5662; baseline -0.005 -10"><span class='ocrx_word' id='word_1_711' title='bbox 1583 5595 1628 5633; x_wconf 78' lang='grc'>¹⁹</span> <span class='ocrx_word' id='word_1_712' title='bbox 1677 5595 1880 5652; x_wconf 88' lang='lat' dir='ltr'><strong>Matth.</strong></span> <span class='ocrx_word' id='word_1_713' title='bbox 1929 5611 2027 5662; x_wconf 85' lang='lat' dir='ltr'><strong>vn,</strong></span> <span class='ocrx_word' id='word_1_714' title='bbox 2074 5595 2130 5650; x_wconf 92' lang='lat'>6.</span> 
     </span>
    </p>
   </div>
   <div class='ocr_carea' id='block_1_100' title="bbox 2179 4229 3749 4302">
    <p class='ocr_par' dir='ltr' id='par_1_100' title="bbox 2179 4229 3749 4302">
     <span class='ocr_line' id='line_1_100' title="bbox 2179 4229 3749 4302; baseline 0.002 -18"><span class='ocrx_word' id='word_1_715' title='bbox 2179 4230 2376 4284; x_wconf 87' lang='lat' dir='ltr'><strong>Gratia</strong></span> <span class='ocrx_word' id='word_1_716' title='bbox 2397 4230 2542 4285; x_wconf 84' lang='lat' dir='ltr'><strong>vobis</strong></span> <span class='ocrx_word' id='word_1_717' title='bbox 2563 4234 2612 4284; x_wconf 84' lang='lat' dir='ltr'><strong>et</strong></span> <span class='ocrx_word' id='word_1_718' title='bbox 2638 4247 2770 4300; x_wconf 75' lang='lat' dir='ltr'><strong>pax,</strong></span> <span class='ocrx_word' id='word_1_719' title='bbox 2803 4235 2868 4284; x_wconf 90' lang='lat' dir='ltr'><strong>ut</strong></span> <span class='ocrx_word' id='word_1_720' title='bbox 2890 4229 3144 4302; x_wconf 86' lang='lat' dir='ltr'><strong>Apostoli</strong></span> <span class='ocrx_word' id='word_1_721' title='bbox 3172 4230 3363 4286; x_wconf 89' lang='lat' dir='ltr'><strong>verbis</strong></span> <span class='ocrx_word' id='word_1_722' title='bbox 3395 4234 3548 4300; x_wconf 90' lang='lat' dir='ltr'><strong>utar,</strong></span> <span class='ocrx_word' id='word_1_723' title='bbox 3580 4248 3615 4287; x_wconf 90' lang='lat' dir='ltr'><strong>a</strong></span> <span class='ocrx_word' id='word_1_724' title='bbox 3643 4233 3749 4288; x_wconf 86' lang='lat' dir='ltr'><strong>Deo</strong></span> 
     </span>
    </p>
   </div>
   <div class='ocr_carea' id='block_1_101' title="bbox 2111 4319 3748 4390">
    <p class='ocr_par' dir='ltr' id='par_1_101' title="bbox 2111 4319 3748 4390">
     <span class='ocr_line' id='line_1_101' title="bbox 2111 4319 3748 4390; baseline 0.002 -18"><span class='ocrx_word' id='word_1_725' title='bbox 2111 4322 2280 4372; x_wconf 85' lang='lat' dir='ltr'><strong>Patre</strong></span> <span class='ocrx_word' id='word_1_726' title='bbox 2308 4326 2512 4383; x_wconf 80' lang='lat' dir='ltr'><strong>nostro,</strong></span> <span class='ocrx_word' id='word_1_727' title='bbox 2546 4326 2595 4373; x_wconf 84' lang='lat' dir='ltr'><strong>et</strong></span> <span class='ocrx_word' id='word_1_728' title='bbox 2628 4319 2850 4373; x_wconf 85' lang='lat' dir='ltr'><strong>Domino</strong></span> <span class='ocrx_word' id='word_1_729' title='bbox 2879 4320 3001 4374; x_wconf 75' lang='lat' dir='ltr'><strong>Iesu</strong></span> <span class='ocrx_word' id='word_1_730' title='bbox 3030 4320 3244 4373; x_wconf 80' lang='lat' dir='ltr'><strong>Christo</strong></span> <span class='ocrx_word' id='word_1_731' title='bbox 3276 4321 3344 4384; x_wconf 79' lang='grc' dir='ltr'><strong>²ί,</strong></span> <span class='ocrx_word' id='word_1_732' title='bbox 3377 4319 3476 4390; x_wconf 90' lang='lat' dir='ltr'><strong>qui</strong></span> <span class='ocrx_word' id='word_1_733' title='bbox 3508 4323 3594 4373; x_wconf 91' lang='lat' dir='ltr'><strong>est</strong></span> <span class='ocrx_word' id='word_1_734' title='bbox 3615 4336 3748 4389; x_wconf 89' lang='lat' dir='ltr'><strong>spes</strong></span> 
     </span>
    </p>
   </div>
   <div class='ocr_carea' id='block_1_102' title="bbox 2109 4408 3753 4479">
    <p class='ocr_par' dir='ltr' id='par_1_102' title="bbox 2109 4408 3753 4479">
     <span class='ocr_line' id='line_1_102' title="bbox 2109 4408 3753 4479; baseline 0 -17"><span class='ocrx_word' id='word_1_735' title='bbox 2109 4413 2326 4475; x_wconf 89' lang='lat' dir='ltr'><strong>nostra,</strong></span> <span class='ocrx_word' id='word_1_736' title='bbox 2361 4425 2461 4477; x_wconf 92' lang='lat' dir='ltr'><strong>pro</strong></span> <span class='ocrx_word' id='word_1_737' title='bbox 2496 4423 2608 4478; x_wconf 90' lang='lat' dir='ltr'><strong>quo</strong></span> <span class='ocrx_word' id='word_1_738' title='bbox 2638 4412 2696 4462; x_wconf 88' lang='lat' dir='ltr'><strong>et</strong></span> <span class='ocrx_word' id='word_1_739' title='bbox 2727 4414 2962 4478; x_wconf 88' lang='lat' dir='ltr'><strong>propter</strong></span> <span class='ocrx_word' id='word_1_740' title='bbox 2991 4425 3165 4479; x_wconf 90' lang='lat' dir='ltr'><strong>quem</strong></span> <span class='ocrx_word' id='word_1_741' title='bbox 3200 4409 3526 4478; x_wconf 85' lang='lat' dir='ltr'><strong>persecutio</strong></span> <span class='ocrx_word' id='word_1_742' title='bbox 3557 4408 3753 4463; x_wconf 91' lang='lat' dir='ltr'><strong>tribu-</strong></span> 
     </span>
    </p>
   </div>
   <div class='ocr_carea' id='block_1_103' title="bbox 2108 4495 3750 4568">
    <p class='ocr_par' dir='ltr' id='par_1_103' title="bbox 2108 4495 3750 4568">
     <span class='ocr_line' id='line_1_103' title="bbox 2108 4495 3750 4568; baseline 0 -17"><span class='ocrx_word' id='word_1_743' title='bbox 2108 4495 2265 4561; x_wconf 87' lang='lat' dir='ltr'><strong>latio,</strong></span> <span class='ocrx_word' id='word_1_744' title='bbox 2285 4497 2574 4568; x_wconf 81' lang='lat' dir='ltr'><strong>angustia,</strong></span> <span class='ocrx_word' id='word_1_745' title='bbox 2591 4497 2860 4564; x_wconf 88' lang='lat' dir='ltr'><strong>solitudo,</strong></span> <span class='ocrx_word' id='word_1_746' title='bbox 2886 4497 3179 4562; x_wconf 83' lang='lat' dir='ltr'><strong>exsilium,</strong></span> <span class='ocrx_word' id='word_1_747' title='bbox 3198 4513 3452 4553; x_wconf 87' lang='lat' dir='ltr'><strong>carceres</strong></span> <span class='ocrx_word' id='word_1_748' title='bbox 3473 4502 3529 4552; x_wconf 89' lang='lat' dir='ltr'><strong>et</strong></span> <span class='ocrx_word' id='word_1_749' title='bbox 3547 4514 3750 4568; x_wconf 66' lang='lat' dir='ltr'><strong>pinnas,</strong></span> 
     </span>
    </p>
   </div>
   <div class='ocr_carea' id='block_1_104' title="bbox 2107 4585 3755 4657">
    <p class='ocr_par' dir='ltr' id='par_1_104' title="bbox 2107 4585 3755 4657">
     <span class='ocr_line' id='line_1_104' title="bbox 2107 4585 3755 4657; baseline -0.001 -16"><span class='ocrx_word' id='word_1_750' title='bbox 2107 4595 2160 4641; x_wconf 86' lang='lat' dir='ltr'><strong>et</strong></span> <span class='ocrx_word' id='word_1_751' title='bbox 2184 4591 2469 4657; x_wconf 87' lang='lat' dir='ltr'><strong>quotquot</strong></span> <span class='ocrx_word' id='word_1_752' title='bbox 2496 4585 2609 4641; x_wconf 88' lang='lat' dir='ltr'><strong>alia</strong></span> <span class='ocrx_word' id='word_1_753' title='bbox 2639 4587 2694 4640; x_wconf 90' lang='lat' dir='ltr'><strong>in</strong></span> <span class='ocrx_word' id='word_1_754' title='bbox 2729 4587 2850 4641; x_wconf 88' lang='lat' dir='ltr'><strong>dies</strong></span> <span class='ocrx_word' id='word_1_755' title='bbox 2873 4587 2943 4640; x_wconf 90' lang='lat' dir='ltr'><strong>ad</strong></span> <span class='ocrx_word' id='word_1_756' title='bbox 2961 4587 3268 4642; x_wconf 87' lang='lat' dir='ltr'><strong>cumulum</strong></span> <span class='ocrx_word' id='word_1_757' title='bbox 3294 4585 3639 4640; x_wconf 89' lang='lat' dir='ltr'><strong>calamitatis</strong></span> <span class='ocrx_word' id='word_1_758' title='bbox 3663 4586 3755 4640; x_wconf 87' lang='lat' dir='ltr'><strong>iu-</strong></span> 
     </span>
    </p>
   </div>
   <div class='ocr_carea' id='block_1_105' title="bbox 2109 4674 3749 4747">
    <p class='ocr_par' dir='ltr' id='par_1_105' title="bbox 2109 4674 3749 4747">
     <span class='ocr_line' id='line_1_105' title="bbox 2109 4674 3749 4747; baseline -0.001 -18"><span class='ocrx_word' id='word_1_759' title='bbox 2109 4674 2312 4729; x_wconf 89' lang='lat' dir='ltr'><strong>cidunt</strong></span> <span class='ocrx_word' id='word_1_760' title='bbox 2340 4678 2396 4729; x_wconf 89' lang='lat' dir='ltr'><strong>et</strong></span> <span class='ocrx_word' id='word_1_761' title='bbox 2427 4679 2756 4729; x_wconf 89' lang='lat' dir='ltr'><strong>occurrunt.</strong></span> <span class='ocrx_word' id='word_1_762' title='bbox 2791 4674 2975 4745; x_wconf 90' lang='lat' dir='ltr'><strong>Hujus</strong></span> <span class='ocrx_word' id='word_1_763' title='bbox 3006 4675 3084 4731; x_wconf 92' lang='lat' dir='ltr'><strong>rei</strong></span> <span class='ocrx_word' id='word_1_764' title='bbox 3119 4675 3324 4747; x_wconf 86' lang='lat' dir='ltr'><strong>gratia,</strong></span> <span class='ocrx_word' id='word_1_765' title='bbox 3367 4675 3572 4730; x_wconf 84' lang='lat' dir='ltr'><strong>fratres</strong></span> <span class='ocrx_word' id='word_1_766' title='bbox 3602 4674 3749 4729; x_wconf 85' lang='lat' dir='ltr'><strong>cha-</strong></span> 
     </span>
    </p>
   </div>
   <div class='ocr_carea' id='block_1_106' title="bbox 2105 4761 3753 4826">
    <p class='ocr_par' dir='ltr' id='par_1_106' title="bbox 2105 4761 3753 4826">
     <span class='ocr_line' id='line_1_106' title="bbox 2105 4761 3753 4826; baseline 0 -10"><span class='ocrx_word' id='word_1_767' title='bbox 2105 4761 2341 4826; x_wconf 86' lang='lat' dir='ltr'><strong>rissimi,</strong></span> <span class='ocrx_word' id='word_1_768' title='bbox 2376 4761 2652 4817; x_wconf 65' lang='lat' dir='ltr'><strong>absentiae</strong></span> <span class='ocrx_word' id='word_1_769' title='bbox 2675 4761 2914 4816; x_wconf 88' lang='lat' dir='ltr'><strong>humilis</strong></span> <span class='ocrx_word' id='word_1_770' title='bbox 2939 4761 3105 4818; x_wconf 86' lang='lat' dir='ltr'><strong>faciei</strong></span> <span class='ocrx_word' id='word_1_771' title='bbox 3126 4766 3335 4816; x_wconf 83' lang='lat' dir='ltr'><strong>nostrae</strong></span> <span class='ocrx_word' id='word_1_772' title='bbox 3361 4761 3628 4817; x_wconf 87' lang='lat' dir='ltr'><strong>solatium</strong></span> <span class='ocrx_word' id='word_1_773' title='bbox 3651 4761 3753 4816; x_wconf 91' lang='lat' dir='ltr'><strong>ali-</strong></span> 
     </span>
    </p>
   </div>
   <div class='ocr_carea' id='block_1_107' title="bbox 2103 4849 3745 4922">
    <p class='ocr_par' dir='ltr' id='par_1_107' title="bbox 2103 4849 3745 4922">
     <span class='ocr_line' id='line_1_107' title="bbox 2103 4849 3745 4922; baseline -0.001 -17"><span class='ocrx_word' id='word_1_774' title='bbox 2103 4851 2256 4920; x_wconf 91' lang='lat' dir='ltr'><strong>quod</strong></span> <span class='ocrx_word' id='word_1_775' title='bbox 2283 4849 2692 4922; x_wconf 82' lang='lat' dir='ltr'><strong>excogitantes,</strong></span> <span class='ocrx_word' id='word_1_776' title='bbox 2717 4849 2866 4906; x_wconf 91' lang='lat' dir='ltr'><strong>hanc</strong></span> <span class='ocrx_word' id='word_1_777' title='bbox 2892 4851 2960 4905; x_wconf 91' lang='lat' dir='ltr'><strong>ad</strong></span> <span class='ocrx_word' id='word_1_778' title='bbox 2982 4866 3080 4905; x_wconf 88' lang='lat' dir='ltr'><strong>vos</strong></span> <span class='ocrx_word' id='word_1_779' title='bbox 3104 4849 3408 4921; x_wconf 89' lang='lat' dir='ltr'><strong>epistolam</strong></span> <span class='ocrx_word' id='word_1_780' title='bbox 3431 4850 3745 4917; x_wconf 89' lang='lat' dir='ltr'><strong>mittimus,</strong></span> 
     </span>
    </p>
   </div>
   <div class='ocr_carea' id='block_1_108' title="bbox 2104 4938 3753 5010">
    <p class='ocr_par' dir='ltr' id='par_1_108' title="bbox 2104 4938 3753 5010">
     <span class='ocr_line' id='line_1_108' title="bbox 2104 4938 3753 5010; baseline 0.001 -16"><span class='ocrx_word' id='word_1_781' title='bbox 2104 4943 2305 4995; x_wconf 86' lang='lat' dir='ltr'><strong>notum</strong></span> <span class='ocrx_word' id='word_1_782' title='bbox 2358 4940 2630 4994; x_wconf 83' lang='lat' dir='ltr'><strong>facientes</strong></span> <span class='ocrx_word' id='word_1_783' title='bbox 2669 4939 2826 5010; x_wconf 91' lang='lat' dir='ltr'><strong>quod</strong></span> <span class='ocrx_word' id='word_1_784' title='bbox 2868 4939 2996 4995; x_wconf 89' lang='lat' dir='ltr'><strong>sine</strong></span> <span class='ocrx_word' id='word_1_785' title='bbox 3043 4938 3476 4994; x_wconf 88' lang='lat' dir='ltr'><strong>intermissione</strong></span> <span class='ocrx_word' id='word_1_786' title='bbox 3524 4955 3753 4995; x_wconf 88' lang='lat' dir='ltr'><strong>memo-</strong></span> 
     </span>
    </p>
   </div>
   <div class='ocr_carea' id='block_1_109' title="bbox 2105 5027 3750 5085">
    <p class='ocr_par' dir='ltr' id='par_1_109' title="bbox 2105 5027 3750 5085">
     <span class='ocr_line' id='line_1_109' title="bbox 2105 5027 3750 5085; baseline -0.001 -1"><span class='ocrx_word' id='word_1_787' title='bbox 2105 5031 2248 5084; x_wconf 87' lang='lat' dir='ltr'><strong>riam</strong></span> <span class='ocrx_word' id='word_1_788' title='bbox 2279 5029 2455 5085; x_wconf 89' lang='lat' dir='ltr'><strong>vestri</strong></span> <span class='ocrx_word' id='word_1_789' title='bbox 2495 5029 2740 5084; x_wconf 82' lang='lat' dir='ltr'><strong>facimus</strong></span> <span class='ocrx_word' id='word_1_790' title='bbox 2783 5027 2842 5082; x_wconf 93' lang='lat' dir='ltr'><strong>in</strong></span> <span class='ocrx_word' id='word_1_791' title='bbox 2876 5027 3198 5083; x_wconf 86' lang='lat' dir='ltr'><strong>humilibus</strong></span> <span class='ocrx_word' id='word_1_792' title='bbox 3241 5027 3602 5083; x_wconf 88' lang='lat' dir='ltr'><strong>orationibus</strong></span> <span class='ocrx_word' id='word_1_793' title='bbox 3633 5044 3750 5082; x_wconf 92' lang='lat' dir='ltr'><strong>no-</strong></span> 
     </span>
    </p>
   </div>
   <div class='ocr_carea' id='block_1_110' title="bbox 2106 5117 3746 5188">
    <p class='ocr_par' dir='ltr' id='par_1_110' title="bbox 2106 5117 3746 5188">
     <span class='ocr_line' id='line_1_110' title="bbox 2106 5117 3746 5188; baseline -0.002 -14"><span class='ocrx_word' id='word_1_794' title='bbox 2106 5118 2240 5174; x_wconf 89' lang='lat' dir='ltr'><strong>stris</strong></span> <span class='ocrx_word' id='word_1_795' title='bbox 2269 5117 2338 5186; x_wconf 72' lang='lat'><strong>”,</strong></span> <span class='ocrx_word' id='word_1_796' title='bbox 2370 5133 2848 5188; x_wconf 88' lang='lat' dir='ltr'><strong>unumquemque</strong></span> <span class='ocrx_word' id='word_1_797' title='bbox 2881 5117 3072 5172; x_wconf 88' lang='lat' dir='ltr'><strong>animo</strong></span> <span class='ocrx_word' id='word_1_798' title='bbox 3121 5117 3440 5173; x_wconf 88' lang='lat' dir='ltr'><strong>recolentes</strong></span> <span class='ocrx_word' id='word_1_799' title='bbox 3481 5132 3547 5171; x_wconf 89' lang='lat' dir='ltr'><strong>ac</strong></span> <span class='ocrx_word' id='word_1_800' title='bbox 3577 5132 3746 5171; x_wconf 89' lang='lat' dir='ltr'><strong>com-</strong></span> 
     </span>
    </p>
   </div>
   <div class='ocr_carea' id='block_1_111' title="bbox 2105 5203 3742 5278">
    <p class='ocr_par' dir='ltr' id='par_1_111' title="bbox 2105 5203 3742 5278">
     <span class='ocr_line' id='line_1_111' title="bbox 2105 5203 3742 5278; baseline -0.002 -14"><span class='ocrx_word' id='word_1_801' title='bbox 2105 5213 2519 5273; x_wconf 88' lang='lat' dir='ltr'><strong>memorantes,</strong></span> <span class='ocrx_word' id='word_1_802' title='bbox 2555 5222 2682 5262; x_wconf 90' lang='lat' dir='ltr'><strong>cum</strong></span> <span class='ocrx_word' id='word_1_803' title='bbox 2726 5205 3003 5278; x_wconf 77' lang='lat' dir='ltr'><strong>lacrymis</strong></span> <span class='ocrx_word' id='word_1_804' title='bbox 3044 5221 3111 5261; x_wconf 87' lang='lat' dir='ltr'><strong>ac</strong></span> <span class='ocrx_word' id='word_1_805' title='bbox 3140 5205 3454 5277; x_wconf 83' lang='lat' dir='ltr'><strong>gemitibus</strong></span> <span class='ocrx_word' id='word_1_806' title='bbox 3483 5203 3742 5260; x_wconf 85' lang='lat' dir='ltr'><strong>levantes</strong></span> 
     </span>
    </p>
   </div>
   <div class='ocr_carea' id='block_1_112' title="bbox 2109 5294 3746 5365">
    <p class='ocr_par' dir='ltr' id='par_1_112' title="bbox 2109 5294 3746 5365">
     <span class='ocr_line' id='line_1_112' title="bbox 2109 5294 3746 5365; baseline -0.002 -14"><span class='ocrx_word' id='word_1_807' title='bbox 2109 5314 2316 5354; x_wconf 89' lang='lat' dir='ltr'><strong>manus</strong></span> <span class='ocrx_word' id='word_1_808' title='bbox 2349 5297 2419 5352; x_wconf 92' lang='lat' dir='ltr'><strong>ad</strong></span> <span class='ocrx_word' id='word_1_809' title='bbox 2474 5297 2692 5352; x_wconf 89' lang='lat' dir='ltr'><strong>Deum:</strong></span> <span class='ocrx_word' id='word_1_810' title='bbox 2726 5299 2792 5350; x_wconf 85' lang='lat' dir='ltr'><strong>ut</strong></span> <span class='ocrx_word' id='word_1_811' title='bbox 2830 5295 2982 5350; x_wconf 89' lang='lat' dir='ltr'><strong>sicut</strong></span> <span class='ocrx_word' id='word_1_812' title='bbox 3026 5299 3320 5351; x_wconf 87' lang='lat' dir='ltr'><strong>certamen</strong></span> <span class='ocrx_word' id='word_1_813' title='bbox 3375 5309 3477 5365; x_wconf 91' lang='lat' dir='ltr'><strong>pro</strong></span> <span class='ocrx_word' id='word_1_814' title='bbox 3509 5294 3746 5349; x_wconf 87' lang='lat' dir='ltr'><strong>veritate</strong></span> 
     </span>
    </p>
   </div>
   <div class='ocr_carea' id='block_1_113' title="bbox 2109 5381 3740 5460">
    <p class='ocr_par' dir='ltr' id='par_1_113' title="bbox 2109 5381 3740 5460">
     <span class='ocr_line' id='line_1_113' title="bbox 2109 5381 3740 5460; baseline -0.004 -16"><span class='ocrx_word' id='word_1_815' title='bbox 2109 5387 2499 5460; x_wconf 83' lang='lat' dir='ltr'><strong>suscepimus,</strong></span> <span class='ocrx_word' id='word_1_816' title='bbox 2539 5391 2594 5443; x_wconf 89' lang='lat' dir='ltr'><strong>et</strong></span> <span class='ocrx_word' id='word_1_817' title='bbox 2631 5384 2690 5440; x_wconf 89' lang='lat' dir='ltr'><strong>in</strong></span> <span class='ocrx_word' id='word_1_818' title='bbox 2731 5401 2847 5442; x_wconf 89' lang='lat' dir='ltr'><strong>uno</strong></span> <span class='ocrx_word' id='word_1_819' title='bbox 2889 5384 3099 5456; x_wconf 88' lang='lat' dir='ltr'><strong>spiritu</strong></span> <span class='ocrx_word' id='word_1_820' title='bbox 3133 5387 3190 5440; x_wconf 86' lang='lat' dir='ltr'><strong>et</strong></span> <span class='ocrx_word' id='word_1_821' title='bbox 3229 5381 3426 5439; x_wconf 88' lang='lat' dir='ltr'><strong>anima</strong></span> <span class='ocrx_word' id='word_1_822' title='bbox 3467 5399 3606 5450; x_wconf 89' lang='lat' dir='ltr'><strong>una,</strong></span> <span class='ocrx_word' id='word_1_823' title='bbox 3639 5388 3740 5438; x_wconf 87' lang='lat' dir='ltr'><strong>tan</strong></span> 
     </span>
    </p>
   </div>
   <div class='ocr_carea' id='block_1_114' title="bbox 2207 5582 3743 5656">
    <p class='ocr_par' dir='ltr' id='par_1_114' title="bbox 2207 5582 3743 5656">
     <span class='ocr_line' id='line_1_114' title="bbox 2207 5582 3743 5656; baseline -0.011 -3"><span class='ocrx_word' id='word_1_824' title='bbox 2207 5595 2253 5631; x_wconf 86' lang='grc'><strong>²⁰</strong></span> <span class='ocrx_word' id='word_1_825' title='bbox 2289 5592 2670 5652; x_wconf 87' lang='lat' dir='ltr'><strong>Catechetica.</strong></span> <span class='ocrx_word' id='word_1_826' title='bbox 2748 5590 2792 5625; x_wconf 71' lang='grc' dir='ltr'>’ί</span> <span class='ocrx_word' id='word_1_827' title='bbox 2841 5587 3031 5646; x_wconf 84' lang='lat' dir='ltr'><strong>Galat.</strong></span> <span class='ocrx_word' id='word_1_828' title='bbox 3085 5603 3124 5656; x_wconf 84' lang='grc' dir='ltr'><strong>ι,</strong></span> <span class='ocrx_word' id='word_1_829' title='bbox 3161 5587 3213 5641; x_wconf 89' lang='grc'><strong>3.</strong></span> <span class='ocrx_word' id='word_1_830' title='bbox 3293 5583 3343 5618; x_wconf 66' lang='grc'>³³</span> <span class='ocrx_word' id='word_1_831' title='bbox 3391 5583 3563 5642; x_wconf 82' lang='lat' dir='ltr'><strong>Rom.</strong></span> <span class='ocrx_word' id='word_1_832' title='bbox 3619 5600 3661 5650; x_wconf 83' lang='grc' dir='ltr'><strong>ι,</strong></span> <span class='ocrx_word' id='word_1_833' title='bbox 3709 5582 3743 5636; x_wconf 89' lang='grc'>9</span> 
     </span>
    </p>
   </div>
   <div class='ocr_carea' id='block_1_115' title="bbox 3354 5755 3434 5815">
    <p class='ocr_par' dir='ltr' id='par_1_115' title="bbox 3354 5755 3434 5815">
     <span class='ocr_line' id='line_1_115' title="bbox 3354 5755 3434 5815; baseline -0.013 0"><span class='ocrx_word' id='word_1_834' title='bbox 3354 5755 3434 5815; x_wconf 84' lang='grc'><strong>36</strong></span> 
     </span>
    </p>
   </div>
  </div>
