4084 6284
424 311 574 374 1131

1666 309 1738 403 s._
1774 307 2172 370 THEODORI
2218 309 2576 374 STUDIT/E

3642 329 3774 391 1132

417 463 594 521 quam
626 463 695 504 ex
725 447 860 503 nido
892 463 925 502 a
972 445 1153 502 sacris
1203 443 1420 502 nostris
1444 443 1740 500 asceteriis
1772 440 2023 513 processi

2136 439 2531 532 ,λεληλόθαμεν
2561 445 2611 500 ἐν
2648 445 2725 502 ἑνὶ
2755 447 3021 522 πνεύματι
3053 449 3141 505 καὶ
3170 456 3268 524 μιᾷ
3297 453 3474 532 ψυχῇ,
3503 453 3572 517 ὡς
3619 455 3672 514 ἐκ
3694 482 3778 517 κα-

415 555 584 606 mus;
620 538 701 594 ita
731 552 916 608 usque
947 536 1018 590 ad
1054 535 1246 602 tinem,
1280 533 1510 589 Domini
1540 533 1766 601 virtute,
1801 547 2056 602 perseve-

414 645 630 693 remus,
663 629 864 682 eadem
908 627 1102 691 ﬁdem,
1136 626 1381 679 eamdem
1414 623 1744 678 charitatem
1773 622 2052 686 habentes,

413 719 722 784 unanimes,
755 718 994 785 idipsum
1025 714 1319 770 sentientes
1351 713 1396 748 2³
1441 718 1499 767 et
1553 712 1811 767 veritatis
1843 711 2053 780 dogma

412 808 748 871 retinentes,
769 805 922 876 quod
944 807 1356 858 annuntiatum
1373 807 1481 869 est,
1500 806 1553 856 et
1569 801 1907 870 inscriptum
1925 815 2052 852 ocu-

408 895 481 951 lis
512 901 568 950 et
596 895 833 950 auribus
862 895 920 948 in
955 895 1111 947 omni
1142 898 1410 948 creatura
1439 907 1563 962 quae
1596 891 1706 944 sub
1740 889 1880 942 caelo
1912 893 2000 942 est
2034 903 2048 941 :

411 987 652 1041 adorare
676 986 910 1056 quidem
946 983 1172 1038 Patrem
1207 988 1264 1037 et
1292 981 1502 1036 Fllium
1536 986 1592 1035 et
1614 980 1895 1051 Spiritum
1921 995 2050 1032 san-

409 1078 590 1143 ctum,
618 1073 1008 1128 venerandam
1032 1079 1087 1127 et
1110 1073 1336 1126 beatam
1350 1070 1713 1138 Trinitatem,
1730 1067 2048 1124 sicuttheo-

408 1163 576 1236 logiae
597 1163 741 1218 ratio
766 1163 932 1217 docet
956 1179 968 1216 :
993 1161 1256 1218 conﬁteri
1280 1167 1470 1215 autem
1488 1175 1666 1215 unum
1692 1175 1721 1214 e
1742 1158 2044 1224 Trinitate,

408 1253 615 1307 Filium
639 1269 702 1306 ac
727 1251 973 1306 Verbum
997 1251 1120 1316 Dei,
1144 1249 1527 1305 etDominum
1555 1254 1819 1303 nostrum
1842 1247 2046 1302 Jesum

407 1343 729 1406 Christum,
760 1341 1019 1411 seipsum
1051 1340 1374 1395 exinanisse
1396 1338 1464 1406 Ἡ,
1499 1339 1762 1408 servique
1803 1339 2042 1392 formam

407 1432 722 1502 accepisse,
757 1438 809 1485 et
859 1432 916 1484 in
966 1429 1406 1485 similitudinem
1452 1427 1754 1482 hominum
1806 1427 2045 1491 factum,

403 1522 466 1577 in
481 1523 664 1576 forma
681 1526 880 1575 nostra
903 1520 1127 1590 efﬁngi,
1143 1518 1821 1588 eﬁ'ormariquecorporis
1838 1517 2045 1588 ﬁgura,

403 1617 695 1681 quatenus
742 1609 892 1664 idem
943 1610 1228 1679 perfectus
1259 1608 1410 1664 Deus
1460 1607 1755 1678 simulque
1785 1611 1841 1660 et
1874 1606 2046 1661 homo

400 1704 526 1756 est:
561 1701 644 1755 sic
692 1701 844 1755 inter
883 1696 1487 1768 circumscriptionem
1544 1695 1868 1752 secundum
1920 1711 2044 1760 nos,

399 1806 649 1861 quorum
675 1790 922 1845 formam
949 1788 1286 1859 assumpsit,
1310 1786 1658 1854 consistens,
1683 1785 2045 1856 quemadmo-

399 1881 534 1934 dum
567 1880 638 1933 ab
669 1895 737 1935 ea
767 1894 868 1950 per
898 1877 1102 1932 divina
1138 1881 1354 1931 natura:
1385 1873 2036 1946 incomprehensibilita-

394 1975 505 2024 tem
539 1976 800 2023 remotus
830 1972 937 2023 est.
968 1968 1085 2022 Non
1132 1965 1285 2020 enim
1333 1964 1537 2035 utique
1585 1969 1670 2020 est
1718 1964 2032 2034 Scriptura,

393 2060 609 2129 angelos
648 2057 1005 2128 apprehendit
1035 2056 1396 2128 (quanquam
1436 2061 1488 2109 et
1519 2053 1634 2108 illis
1666 2054 1862 2124 efﬁngi
1893 2070 2034 2108 con-

393 2149 570 2216 venit,
603 2155 666 2202 ut
695 2147 969 2201 viderunt
999 2145 1210 2217 quibus
1249 2145 1442 2199 videre
1486 2161 1519 2198 a
1548 2144 1766 2213 Spiritu
1799 2159 2034 2198 conces-

393 2256 520 2294 sum
555 2241 682 2305 est),
713 2239 811 2292 sed
855 2252 1039 2292 semen
1086 2235 1323 2290 Abrahae
1364 2233 1728 2304 apprehendit
1757 2233 1822 2289 ³⁵.
1871 2231 2033 2286 Unde

392 2328 646 2398 oportuit
675 2343 809 2382 eum
835 2343 934 2396 per
953 2325 1148 2380 omnia
1171 2323 1444 2380 fratribus
1466 2322 1796 2379 assimilari.
1826 2323 2033 2378 Dicant

389 2433 526 2487 ergo
557 2413 1002 2482 Christomaehi,
1029 2415 1318 2484 quomodo
1351 2416 1541 2483 potest
1566 2427 1764 2467 semen
1797 2412 2030 2466 Abrahae

392 2523 506 2561 non
540 2504 738 2575 efﬁngi
763 2503 789 2555 1’
820 2509 920 2557 aut
948 2519 1148 2558 rursus
1173 2504 1464 2573 quomodo
1489 2518 1586 2574 per
1607 2501 1800 2556 omnia
1822 2501 2029 2557 similis

388 2595 555 2650 nobis
586 2595 716 2661 erit,
751 2609 1002 2663 quorum
1053 2593 1229 2646 frater
1267 2595 1525 2654 vocatur,
1567 2591 1616 2645 si
1658 2590 2026 2644 circumscri-

386 2682 602 2755 ptionis
634 2682 1064 2753 proprietatem,
1107 2685 1276 2750 prout
1314 2679 1372 2734 in
1421 2680 1587 2733 nobis
1628 2684 1736 2746 est,
1770 2679 1868 2748 qui
1893 2680 2021 2747 ejus

386 2777 591 2828 fratres
625 2787 855 2838 sumus,
890 2787 1004 2824 non
1038 2769 1366 2840 sumpsisse
1396 2768 1873 2823 demonstretur?
1901 2767 2024 2823 Non

386 2862 567 2934 igitur
599 2862 796 2924 frater,
831 2876 936 2915 nec
968 2858 1180 2914 similis
1211 2858 1378 2913 nobis
1409 2863 1522 2923 est;
1557 2874 1623 2912 ac
1656 2858 1898 2928 proinde
1920 2874 2024 2912 nec

389 2951 582 3006 homo.
620 2950 706 3004 lta
737 2947 1106 3004 concluditur
1133 2964 1201 3002 ex
1229 2962 1294 3001 eo
1328 2946 1482 3017 quod
1501 2955 1708 3016 negant
1731 2945 2020 3000 Christum

384 3057 487 3112 per
515 3038 830 3110 imaginem
863 3037 1102 3108 exprimi
1138 3051 1295 3090 more
1337 3043 1555 3090 nostro.
1590 3034 1676 3089 Ita
1703 3034 1784 3088 illi
1817 3034 2022 3090 saluta-

382 3146 500 3186 rem
535 3128 918 3191 ceconomiam
952 3129 1297 3182 destruunt:
1333 3125 1571 3197 perinde
1601 3141 1666 3179 ac
1698 3124 2017 3192 Manichaei,

383 3217 802 3284 Valentiniani,
849 3226 904 3270 et
935 3216 1335 3271 Marcionistee.
1369 3215 1626 3278 Quorum
1658 3214 2017 3268 communio-

2136 3216 2230 3282 τὴν
2285 3219 2555 3288 σωτήριον
2614 3217 2926 3291 οἰκονομίαν
2963 3237 2976 3251 ·

384 3325 513 3364 nem
535 3308 851 3378 fugiamus,
879 3305 1103 3366 fratres,
1129 3312 1404 3375 tanquam
1427 3303 1712 3372 serpentis
1733 3319 2020 3358 venenum

385 3415 494 3452 non
529 3413 739 3466 corpus
771 3395 1087 3460 infuscans,
1123 3397 1188 3449 ut
1229 3393 1481 3465 quodam
1514 3392 1638 3448 loco
1667 3392 1746 3448 ait
1774 3392 2021 3448 Theolo-

383 3503 516 3558 gus,
558 3487 656 3540 sed
688 3483 893 3540 animae
922 3483 1150 3538 intima.

455 3670 571 3725 Nos
604 3667 929 3739 apostolica:
959 3669 1015 3721 et
1031 3665 1344 3721 universali
1367 3665 1635 3722 Ecclesiae
1659 3667 2016 3723 consentien-

385 3769 470 3815 tcs
511 3760 656 3830 (haec
705 3756 860 3813 enim
903 3755 1216 3828 Byzantina
1255 3763 1615 3827 segmentum
1665 3761 1750 3811 est
1797 3755 2018 3812 haereti-

381 3865 537 3915 cum,
561 3848 652 3902 cui
676 3846 936 3902 solemne
962 3850 1045 3900 est
1067 3850 1122 3900 et
1139 3845 1210 3899 ab
1232 3843 1359 3899 aliis
1378 3845 1702 3914 frequenter
1730 3845 2016 3916 abscindi)

379 3940 690 3995 Dominum
710 3935 1182 3990 uostrumJesum
1205 3935 1498 3990 Christum
1523 3934 1806 4003 corporali
1832 3934 2018 4005 ﬁgura

378 4027 776 4100 depingimus:
806 4030 952 4080 serie
983 4040 1214 4078 sursum
1248 4023 1318 4077 ab
1352 4023 1477 4093 ipso
1515 4025 1642 4091 ejus
1672 4024 1918 4079 adventu
1949 4041 2016 4080 ex

375 4117 688 4187 apostolico
715 4116 862 4170 facto
886 4115 1154 4178 deducta,
1177 4112 1490 4183 imaginem
1514 4113 2016 4183 eximaginederi-

373 4213 599 4271 vantes,
634 4204 1130 4275 quemadmodum
1158 4207 1214 4256 et
1247 4201 1486 4257 viviﬁca:
1517 4201 1742 4256 crucis:
1779 4219 1890 4257 non
1916 4218 2014 4256 au-

374 4301 488 4351 tem
531 4301 595 4349 ut
627 4296 776 4348 hanc
805 4293 1043 4363 quidem
1090 4292 1490 4362 exprimamus
1521 4307 1643 4359 quin
1674 4290 1888 4345 Christi
1921 4309 2013 4346 ar-

371 4391 603 4440 matura
634 4389 722 4438 est
761 4384 1037 4438 adversus
1077 4380 1396 4448 diabolum,
1439 4381 1634 4451 ipsum
1668 4387 1863 4435 autem
1896 4398 2011 4437 non

369 4475 766 4546 exprimamus
794 4473 890 4541 qui
923 4470 1173 4541 armiger
1194 4475 1282 4524 est
1312 4473 1367 4524 et
1399 4470 1730 4525 interfector
1759 4474 2008 4526 Satanae.

2166 529 2287 596 λιᾶς
2337 535 2445 590 ἀπὸ
2501 541 2608 591 τῶν
2660 540 2820 613 ἰερῶν
2878 541 3036 612 ἡμῶν
3095 541 3478 615 ἆσκητηρίων·
3510 544 3638 603 οὕτω
3676 547 3781 606 δια-

2169 623 2441 696 μείνωμεν
2495 627 2660 701 μέχρι
2718 626 2932 696 τέλους,
2967 627 3192 703 δυνάμει
3237 632 3462 707 Κυρίου,
3493 636 3582 704 τήν
3631 637 3776 708 αὐτὴν

2164 711 2343 766 πίστιν
2396 709 2640 790 ἔχοντες,
2674 717 2792 785 τὴν
2849 718 3054 788 αὐτὴν
3112 719 3396 795 ἀγάπην,
3446 722 3785 801 σῦμψυχοι,

2160 801 2222 855 τὸ
2279 801 2332 856 ἓν
2390 809 2730 882 φρονοῦντες,
2762 808 2851 860 καὶ
2903 813 3222 882 κρατοῦντες
3284 808 3461 885 δόγμα
3515 821 3608 883 τῆς
3660 816 3786 886 ἁλη-

2163 891 2329 961 θείας,
2361 894 2422 946 τὸ
2470 896 2762 969 κηρυχθὲν,
2795 897 2883 951 καὶ
2935 897 3196 974 ἐγγραφὲν
3238 901 3330 955 καὶ
3377 897 3497 975 ὄψει
3527 903 3609 958 καὶ
3637 906 3785 980 ἀκοῇ,

2163 977 2212 1033 ἐν
2248 980 2390 1055 πείσῃ
2423 985 2493 1054 τῇ
2541 983 2711 1038 κτίσει
2763 985 2865 1040 ὑπὸ
2909 988 3000 1041 τὸν
3058 985 3319 1062 οὐρανόν·
3351 998 3653 1064 προσκυνεῖν
3698 977 3783 1068 μεν

2162 1067 2252 1122 οὖν
2287 1066 2496 1144 Πατέρα
2527 1074 2613 1127 καὶ
2650 1075 2769 1128 Υἱὸν
2819 1077 2909 1130 καὶ
2969 1081 3186 1150 Πνεῦμα
3241 1079 3304 1133 τὸ
3363 1080 3538 1154 ἅγιον,
3566 1083 3656 1152 τὴν
3692 1066 3786 1140 πο-

2162 1155 2470 1231 λυῦμνητον
2524 1160 2614 1215 καὶ
2659 1163 2924 1235 μακαρίαν
2971 1164 3172 1238 Τριάὸα
3218 1168 3355 1223 κατᾶ
3403 1170 3492 1223 τὸν
3541 1178 3633 1240 τῆς
3680 1173 3787 1228 θεο-

2160 1245 2346 1322 λογίας
2408 1248 2608 1325 λόγον·
2673 1249 2963 1327 ὁμολογεῖν
3026 1251 3084 1308 δὲ
3137 1255 3228 1311 τὸν
3265 1253 3357 1312 ἕνα
3402 1265 3502 1327 τῆς
3555 1259 3787 1335 Τριάδος,

2157 1338 2247 1389 τὸν
2304 1338 2427 1393 Υίὸν
2479 1340 2569 1393 καὶ
2621 1341 2799 1417 Λόγον
2856 1347 2953 1396 τοῦ
3006 1348 3162 1416 Θεοῦ,
3195 1346 3391 1420 Κύριον
3427 1345 3484 1402 δὲ
3514 1350 3791 1422 ἡμῶνἿη-

2160 1430 2285 1479 σοῦν
2344 1430 2598 1502 Χριστὸν,
2634 1431 2821 1485 ἑαυτὸν
2879 1435 3256 1504 κεκενωκὲναι,
3298 1434 3499 1491 δούλου
3553 1459 3608 1494 τε
3666 1460 3788 1514 μορ-

2159 1516 2261 1591 φὴν
2324 1514 2685 1587 ἀναλαϐόντα,
2721 1519 2771 1573 ἐν
2833 1521 3150 1594 ὁμοιώματί
3207 1545 3265 1578 τε
3315 1526 3604 1600 ἀνθρώπων
3645 1549 3792 1604 γεγο-

2157 1605 2383 1671 νότα,ἐν
2442 1604 2572 1661 εἷ’δει
2637 1613 2717 1679 τῷ
2777 1611 2895 1663 καθ’
2935 1613 3082 1684 ἡμᾶς
3129 1612 3503 1684 εἶκονίζεσθαι,
3535 1636 3794 1692 χαρακτη-

2161 1693 2394 1766 ρίζεσθαι
2444 1701 2750 1772 χαρακτῆρι
2786 1700 3062 1772 σώματος,
3093 1703 3282 1757 καθότι
3335 1705 3362 1758 ὁ
3402 1704 3558 1769 αὐτὸς
3597 1704 3794 1772 τέλειος

2157 1785 2305 1854 Θεὸς,
2348 1786 2489 1858 ὁμοῦ
2541 1808 2600 1841 τε
2644 1787 2732 1841 καὶ
2783 1785 3066 1863 ἅνθρωπος
3125 1790 3499 1866 ἐχρημάτισε·
3546 1798 3788 1849 τοσοῦτον

2155 1880 2495 1949 περιγραφῆς
2546 1873 2674 1929 εἶ’σω
2720 1877 3009 1949 γενόμενος
3055 1880 3171 1932 καθ’
3215 1882 3386 1953 ἡμᾶς,
3435 1883 3509 1936 ὧν
3559 1882 3646 1937 καὶ
3691 1884 3786 1952 τὴν

2147 1962 2301 2039 φύσιν
2359 1962 2619 2041 εἷ’ληιρεν·
2687 1967 2809 2020 ὅσον
2871 1967 3076 2038 ταύτης
3135 1975 3213 2042 τῷ
3273 1970 3656 2046 ἀπεριγρᾶπτῳ
3699 1980 3792 2042 τῆς

2149 2053 2295 2116 θείας
2352 2054 2560 2132 φύσεως
2620 2057 2938 2128 ἀνῴκισται.
2999 2059 3082 2113 Οὐ
3142 2059 3502 2134 γάρ,ὂήπου
3542 2063 3671 2117 κατὰ
3723 2064 3788 2117 τὰ

2147 2138 2336 2217 λόγια,
2369 2142 2673 2216 ἀγγὲλων
2722 2141 3260 2218 ἐπιλαμϐάνεται
3287 2167 3300 2180 ·
3335 2147 3492 2224 ε’ίπερ
3541 2149 3792 2212 κάκείνοις

2141 2238 2202 2284 τὸ
2235 2231 2619 2300 εἷκονίζεσθαι·
2655 2235 2730 2293 ὡς
2781 2235 2956 2288 ὦπται
3005 2241 3122 2298 τοῖς
3177 2236 3474 2312 βλέπουσιν
3511 2240 3610 2295 ὑπὸ
3639 2241 3787 2298 Πνεύ.

2145 2339 2348 2390 ματος·
2385 2318 2557 2376 ἀλλὰ
2598 2321 2974 2398 σπέρματος
3006 2320 3301 2398 Ἀϐραὰμ
3346 2324 3790 2402 ἐπιλαμϐάνε-

2139 2429 2261 2462 ται.
2296 2411 2453 2464 ’Ὀθεν
2488 2405 2689 2487 ὤφειλε
2721 2412 2854 2465 κατὰ
2882 2412 3050 2466 πάντα
3078 2419 3193 2475 τοῖς
3221 2412 3486 2493 ἀδελφοῖς
3521 2417 3779 2489 ὁμοιωθῆ-

2141 2517 2248 2552 ναι.
2285 2497 2603 2553 Είπατωσαν
2653 2497 2741 2553 οὖν
2791 2500 2844 2554 οἱ
2891 2502 3296 2575 Χριστομαχοι,
3329 2508 3449 2566 πῶς
3483 2507 3601 2560 οἶόν
3633 2526 3690 2560 τε
3729 2505 3786 2559 τὸ

2138 2584 2495 2659 Ἀϐραμιαῖον
2546 2589 2760 2662 σπέρμα
2814 2591 2888 2661 μὴ
2941 2589 3330 2661 εἷκονίζεσθαις
3391 2597 3512 2656 πῶς
3556 2591 3602 2648 δ’
3649 2594 3787 2664 αὐτῷ

2137 2673 2239 2745 ἕξει
2271 2677 2332 2730 τὸ
2371 2677 2504 2731 κατᾶ
2543 2677 2713 2732 πάντα
2755 2677 2947 2752 ὅμοιον
2996 2682 3155 2754 ἡμῖν,
3186 2682 3259 2734 ὧν
3303 2680 3545 2760 ἁδελφὸς
3593 2682 3785 2754 κεκλη-

2134 2781 2258 2814 ται·
2295 2760 2441 2837 ε’ίπερ
2475 2761 2536 2817 οὔ
2585 2764 2648 2818 τὸ
2697 2773 3035 2842 περιγραφῆς
3067 2764 3271 2840 ἰδίωμα
3319 2769 3441 2822 καθ’
3479 2771 3624 2842 ἡμᾶς
3667 2769 3786 2830 τοὺς

2136 2848 2402 2929 ἀδελφοὺς
2452 2851 2616 2906 αὐτοῦ
2665 2851 2908 2930 εἰληφὼς
2957 2852 3260 2926 δείκνυται;
3303 2857 3512 2913 Οὐκοῦν
3561 2856 3785 2935 ἀδελφὸς

2136 2947 2248 3000 οὐδ’
2283 2947 2342 3001 οὐ
2380 2950 2486 3020 μὴν
2528 2949 2720 3019 ὅμοιος
2767 2951 2936 3021 ἡμῖν·
2973 2947 3061 3005 διὰ
3101 2956 3262 3006 τοῦτο
3313 2951 3443 3007 οὐδὲ
3484 2953 3784 3028 ἅνθρωπος.

2133 3035 2287 3090 Οὕτω
2348 3045 2604 3106 συνῆκται
2661 3037 2720 3092 ἐκ.
2791 3043 2888 3093 τοῦ
2950 3041 3026 3112 μὴ
3088 3038 3264 3118 λέγειν
3320 3042 3521 3104 αὐτοὺς
3565 3044 3783 3117 Χριστὸν

2133 3127 2251 3179 καθ’
2306 3129 2453 3200 ἡμᾶς
2510 3126 2898 3196 εἷ’κονίζεσθαι·
2952 3129 3040 3182 καὶ
3092 3129 3267 3192 οὕτως
3325 3131 3786 3201 ἁποσκευάζονται

3028 3218 3217 3290 ἐπίσης
3272 3225 3379 3275 τῶν
3446 3227 3564 3277 Μαν
3577 3221 3784 3296 ιχαίων,

2133 3303 2503 3361 Οὑαλεντίνων
2563 3329 2621 3362 τε
2675 3307 2764 3361 καὶ
2841 3313 3312 3383 Μαρκιωνιστῶν·
3378 3311 3458 3364 ὧν
3525 3310 3785 3389 φύγοιμεν

2129 3397 2226 3463 τὴν
2283 3395 2865 3477 κοινωνίαν,ἁδελφοὶ,
2918 3397 2991 3459 ὡς
3042 3399 3122 3453 ἱὸν
3171 3396 3366 3474 ὄφεως,
3427 3401 3782 3473 μελαίνουσαν

2131 3485 2192 3540 οὐ
2228 3490 2410 3559 σῶμα,
2441 3485 2515 3549 ὥς
2557 3488 2662 3543 ποῦ
2708 3509 2869 3565 φησιν
2925 3489 2952 3544 ὁ
3003 3487 3272 3565 Θεολόγος
3301 3507 3316 3522 ·
3352 3488 3506 3546 ἀλλὰ
3550 3491 3616 3544 τὰ
3648 3491 3780 3565 βάθη

2126 3581 2225 3644 τῆς
2260 3579 2466 3650 ψυχῆς.

2197 3667 2271 3735 Τῇ
2333 3663 2671 3740 ἀποστολικῇ
2731 3664 2787 3721 δὲ
2843 3666 2932 3721 καὶ
2992 3667 3080 3722 ὑπ’
3132 3664 3353 3742 οὒρανὸν
3409 3669 3678 3740 Ἐκκησίᾳ
3723 3669 3784 3722 τα

2123 3753 2220 3810 *ίσα
2269 3761 2623 3830 φρονοῦντες·
2674 3757 2807 3827 αὕτη
2858 3759 2961 3832 γὰρ
3012 3761 3046 3828 ἡ
3093 3758 3417 3827 Βυζαντιαία
3466 3768 3668 3832 τμῆμα
3696 3761 3775 3813 αἱ-

2127 3846 2359 3918 ρετικὸν,
2384 3846 2456 3908 ὡς
2489 3845 2714 3901 ε’ίθισται
2744 3846 2878 3921 αὐτῇ
2905 3846 3212 3926 πολλαχῶς
3253 3853 3358 3903 τῶν
3411 3847 3609 3905 ἄλλων
3659 3848 3784 3905 ἀπο-

2126 3936 2443 4009 σχίζεσθαι·
2496 3935 2827 4010 εἰκονίζομεν
2902 3938 2991 3992 τὸν
3074 3938 3269 4012 Κόριον
3341 3940 3509 4011 ἡμῶν
3571 3942 3776 4008 Ἰησοῦν

2124 4028 2350 4098 Χριστὸν
2412 4033 2709 4099 σωματικῷ
2777 4035 3109 4103 χαρακτῆρι,
3157 4029 3333 4103 εἱρμῷ
3393 4033 3479 4100 τῷ
3539 4028 3781 4084 ἀνέκαθεν

2121 4115 2214 4169 ἀπ’
2272 4116 2439 4185 αὐτῆς
2497 4119 2595 4181 τῆς
2668 4115 2978 4192 ἐπιφανείας
3062 4116 3228 4171 αὐτοῦ
3287 4115 3337 4187 ἐξ
3399 4118 3776 4184 ἀποστολικῆς

2119 4206 2363 4280 πράξεως
2431 4206 2786 4283 παρηγμένῳ,
2837 4207 2888 4278 ἐξ
2964 4207 3172 4269 εἰκόνος
3252 4207 3440 4263 εἷ’κόνα
3520 4207 3780 4284 μεταγρά-

2121 4316 2332 4371 φοντες,
2386 4295 2625 4368 καθάπερ
2685 4297 2775 4351 καὶ
2832 4301 2929 4351 τοῦ
3009 4300 3284 4366 ζωοποιοῦ
3353 4302 3643 4372 σταυροῦ·
3693 4296 3776 4351 καὶ

2122 4381 2198 4453 μὴ
2257 4383 2350 4437 τὸν
2413 4385 2510 4455 μὲν
2579 4386 2891 4452 τυποῦντες,
2951 4382 3010 4444 ὅς
3073 4383 3213 4438 ἐστιν
3289 4382 3468 4440 ὅπλον
3544 4385 3777 4460 Χριστοῦ

2118 4472 2253 4525 κατὰ
2301 4476 2397 4526 τοῦ
2445 4468 2708 4527 διαϐόλου
2732 4492 2744 4506 ·
2774 4473 2863 4526 τὸν
2895 4470 2952 4527 δὲ
3002 4471 3100 4527 οὐκ
3130 4472 3518 4544 εἷκονίζοντες,
3553 4474 3612 4538 ὅς
3642 4475 3774 4528 ἐστιν

367 4566 474 4631 Qui
511 4565 666 4620 enim
707 4562 938 4634 depingi
972 4568 1145 4632 queat
1177 4565 1474 4616 armatura
1518 4560 1724 4614 victrix
1754 4577 1820 4616 ac
1853 4578 2002 4624 vera,

2136 4559 2351 4630 ιπλίτης
2398 4560 2488 4615 καὶ
2545 4559 2867 4636 καθαιρέτης
2927 4566 3024 4616 τοῦ
3099 4568 3328 4619 Σατανᾶ.
3382 4568 3509 4620 ΙΙοὖ
3559 4565 3662 4638 γὰρ
3720 4561 3773 4615 ἂν

367 4672 492 4726 qua
524 4660 808 4707 armatum
843 4667 1073 4722 quoque
1103 4650 1293 4720 ipsum
1325 4648 1508 4704 oculis
1540 4665 1652 4704 non
1685 4650 2002 4719 subjiciat?

361 4744 686 4798 Adoramus
717 4741 923 4795 deinde
943 4745 1196 4794 sanctam
1215 4741 1343 4809 ejus
1365 4739 1698 4809 imaginem,
1723 4743 2000 4810 tanquam

361 4849 696 4904 expressum
743 4832 801 4886 in
845 4846 913 4886 ea
957 4830 1250 4885 Christum
1301 4832 1629 4886 adorantes.
1682 4831 1999 4899 Expressus

359 4924 512 4978 enim
549 4932 601 4976 et
626 4923 964 4976 eﬁ‘ormatus
992 4936 1060 4974 ex
1092 4925 1249 4974 utero
1283 4918 1769 4989 prodiitDeipara:
1796 4919 1999 4974 matris

358 5030 476 5068 sua;
511 5030 523 5066 :
560 5011 647 5065 sin
682 5012 892 5077 minus,
922 5010 1242 5065 abortivum
1277 5009 1554 5078 quiddam
1581 5014 1768 5062 etnon
1793 5008 1998 5064 forma-

355 5109 450 5158 tus
477 5101 646 5156 homo
681 5101 802 5167 fuit,
847 5117 879 5154 o
910 5098 1236 5153 theomachi
1266 5095 1278 5150 ῐ
1322 5097 1483 5162 Quod
1518 5095 1565 5150 si
1600 5098 1996 5152 conformatus

355 5194 550 5248 infans
582 5190 792 5262 prodit,
829 5194 888 5243 ut
917 5204 1113 5243 verum
1157 5196 1261 5252 est,
1282 5187 1350 5241 de
1379 5203 1490 5255 quo
1512 5185 1655 5240 dixit
1681 5187 1990 5257 propheta:

360 5285 522 5338 Omne
545 5282 902 5336 masculinum
921 5276 1241 5348 adaperiam
1270 5276 1488 5331 vulvam
1507 5283 1755 5330 sanctum
1780 5277 1881 5330 Deo
1901 5293 1991 5331 ινο-

352 5375 568 5429 cabitur
597 5373 641 5407 ²⁶
668 5390 682 5438 ;
717 5385 954 5425 necesse
1006 5383 1246 5438 prorsus
1281 5369 1369 5420 est
1399 5371 1462 5420 ut
1491 5366 1736 5436 eXprimi
1780 5372 1992 5422 natura

352 5481 456 5518 sua
489 5463 668 5532 possit
697 5464 754 5514 et
790 5458 1009 5528 efﬁngi.
1031 5455 1216 5521 Sardi,
1246 5454 1472 5518 audite;
1497 5455 1650 5517 caeci,
1675 5458 1898 5526 aspicite
1922 5455 1986 5509 ³⁷.

351 5553 474 5607 Una
505 5551 563 5606 in
595 5567 656 5606 re
685 5551 966 5604 duntaxat
995 5546 1308 5603 novitatem
1341 5545 1400 5600 in
1449 5545 1669 5602 Christo
1711 5547 1988 5618 agnosci-

422 5677 466 5715 23
497 5676 746 5748 Philipp,
782 5675 925 5742 11,2.
1005 5672 1050 5707 94
1083 5670 1294 5743 Philip.
1326 5672 1379 5727 7.
1459 5671 1506 5705 εδ
1537 5673 1704 5729 Hebr.
1738 5689 1798 5741 ιι,
1844 5673 1926 5728 16.

2006 5672 2051 5709 ³⁵
2083 5673 2255 5730 Exod.
2290 5690 2414 5743 xm,
2448 5675 2519 5743 2;
2557 5672 2692 5728 Luc.
2726 5689 2792 5744 ιι,
2826 5673 2912 5728 13.

2113 4648 2404 4727 ἐγγραφείη
2440 4649 2612 4706 ὅπλον
2639 4651 2914 4721 νικητικὸν
2962 4650 3050 4705 καὶ
3083 4650 3303 4722 ἀληθὲς,
3338 4654 3419 4724 μὴ
3481 4654 3578 4708 τὸν
3627 4649 3778 4706 ὁπλί-

2111 4761 2207 4809 την
2254 4739 2381 4816 ἔχον
2433 4741 2519 4794 ὑπ’
2581 4735 2702 4813 ὄψιν
2759 4737 3142 4813 δεικνύμενονς
3191 4741 3320 4796 Εἶτα
3383 4742 3481 4796 καὶ
3543 4761 3773 4816 προσκυν

2109 4835 2306 4902 νοῦμεν
2358 4829 2526 4884 αὐτοῦ
2580 4831 2678 4898 τὴν
2743 4829 2893 4904 ἁγίαν
2946 4830 3148 4898 εἰκόνα,
3196 4831 3271 4893 ὡς
3317 4827 3370 4884 ἓν
3422 4830 3568 4906 αὐτῇ
3616 4852 3776 4902 προσ-

2107 4923 2392 4979 κυνοῦντες
2439 4918 2528 4972 τὸν
2578 4917 3003 4992 ὲξεικονισμένον
3060 4920 3314 4994 Χριστόν,
3367 4917 3775 4991 Ἐξεικονισμέ-

2107 5030 2197 5069 νος
2227 5010 2329 5082 γὰρ
2362 5010 2635 5080 προῆλθεν
2670 5008 2730 5062 ἐκ
2760 5007 2976 5071 κοιλίας
3016 5009 3223 5082 μητρὸς
3272 5009 3445 5064 αὐτοῦ
3497 5018 3601 5080 τῆς
3646 5018 3774 5064 θεο-

2106 5097 2267 5152 τόκου
2292 5117 2305 5130 ·
2342 5097 2386 5151 εἰ
2419 5095 2474 5150 δὲ
2508 5099 2607 5170 μὴ,
2647 5092 3064 5172 ἀμϐλωθρίδιόν
3110 5120 3164 5153 τι
3214 5099 3304 5152 καὶ
3354 5099 3424 5154 οὐ
3464 5119 3773 5174 μεμορφω-

2109 5190 2266 5260 μένος
2310 5185 2606 5260 ἅνθρωπος,
2641 5189 2684 5241 ὠ
2748 5190 3058 5266 θεομαχοιὲ
3232 5186 3287 5242 δὲ
3335 5186 3768 5262 ἐξεικονισμὲνον

2101 5279 2162 5332 τὸ
2211 5276 2405 5354 βρέφος
2464 5278 2730 5349 πρόεισιν,
2768 5276 2949 5348 ὥσπερ
3001 5275 3243 5346 ἀληθὲς·
3303 5278 3433 5351 περὶ
3497 5279 3562 5332 οῦ
3607 5298 3768 5355 φησιν

2103 5367 2129 5420 ὁ
2161 5368 2450 5442 προφήτης
2475 5385 2487 5398 -
2525 5370 2651 5420 Πᾶν
2679 5363 2870 5440 ἄρσεν
2905 5362 3252 5440 διανοῖγον
3285 5367 3553 5440 μήτραν
3586 5367 3771 5434 ἅγιον

2097 5460 2186 5527 τῷ
2232 5460 2364 5521 Θεῷ
2410 5453 2870 5525 κληθήσεται·
2907 5459 3050 5509 πᾶσα
3099 5456 3304 5531 ἀνάγκη
3355 5456 3454 5509 καὶ
3516 5453 3766 5525 ἐξεικονί-

2097 5547 2276 5616 ζεσθαι
2310 5543 2563 5624 πέιρυκεν.
2599 5545 2675 5601 Οἱ
2731 5544 2968 5622 κωφοὶ,
3001 5543 3352 5613 ἀκούσατε,
3388 5545 3507 5600 καὶ
3563 5546 3625 5600 οἱ
3655 5564 3761 5599 τυ·-

2991 5671 3036 5706 ²⁷
3068 5673 3183 5729 Isa.
3220 5687 3355 5740 xm,
3393 5671 3484 5728 18.
