4084 6284
361 341 516 405 1133

1609 339 1983 403 EPISTOLA
1995 341 2169 405 RUM
2214 340 2363 403 LIB.
2409 341 2485 404 ΙΙ.

3607 344 3762 405 1134

359 476 538 553 φλοῖ,
583 467 961 549 ἐμϐλέψατε
994 489 1006 504 ·
1040 473 1091 529 ἐν
1124 470 1203 528 ἐνὶ
1238 470 1403 547 μόνον
1439 473 1612 541 ἡκαθ’
1642 475 1789 546 ἡμᾶς
1811 495 1988 531 καινο-

2118 493 2260 548 mus,
2293 478 2447 550 quod
2480 478 2605 535 sine
2636 477 2858 535 semine
2886 477 2944 534 in
2974 478 3230 551 Virginis
3252 482 3417 537 utero
3439 486 3759 554 conceptus

353 567 525 639 τομία
557 564 642 619 ἐπὶ
673 565 910 638 Χριστοῦ
939 582 953 596 ⁸
987 566 1069 619 ὅτι
1122 563 1244 620 ἄνευ
1294 570 1497 639 σπορᾶς
1546 564 1896 634 συνείληπται
1946 563 1995 618 ἐν

359 659 542 730 μήτρᾳ
590 655 877 730 Παρθένου,
913 656 1002 710 καὶ
1053 652 1185 729 δίχα
1236 656 1438 734 φθορᾶς
1491 655 1852 730 γεγέννηται·

356 747 470 802 θότι
508 744 658 801 οῦδὲ
689 747 1019 821 ἁμάρτίαν
1071 746 1350 815 ἐποίησε
1395 751 1737 822 γραφικῶς
1789 764 1803 779 ⁸
1851 744 2001 801 οὐδὲ

355 835 557 899 δόλος
590 835 830 909 εὑρέθη
862 833 915 890 ἐν
945 839 1035 907 τῷ
1057 835 1338 909 στόματι
1370 835 1609 891 αὐτοῦ.
1654 836 1728 889 Τὰ
1773 833 1819 889 δ’
1859 834 2002 891 ἄλλα

352 928 528 982 πάντα
574 928 689 980 καθ’
722 927 870 997 ἡμᾶς
911 943 923 955 ³
959 919 1149 1000 ἔφαγεν
1183 940 1196 955 ’
1249 918 1368 978 ἔπιε
1399 939 1412 954 ⁶
1471 920 1787 994 διεπνεόσθη
1836 940 1851 954 ⁸
1902 924 2000 993 ηὕ-

356 1020 516 1086 ζησεν
560 1033 575 1046 ·
608 1008 851 1068 ἐϐάδισεν
887 1031 901 1045 ⁸
929 1009 1159 1087 ’ίδρωσεν
1194 1031 1209 1044 ·
1257 1010 1540 1066 ἐκοπίασεν
1572 1052 1586 1066 .
1639 1008 1950 1086 ἐσταυρώθη
1985 1031 2001 1045 ·

359 1107 626 1163 ἀπέθανε·
681 1105 797 1173 κᾶν,
830 1105 904 1165 ὡς
963 1104 1115 1170 Θεὸς,
1164 1105 1460 1178 τριήμερος
1519 1100 1796 1177 ἐγήγεραι,
1855 1097 2001 1181 ἔχων

355 1198 446 1253 καὶ
483 1196 616 1270 μετᾶ
644 1197 741 1263 τήν
774 1194 1054 1249 ἀνάστασιν
1084 1195 1183 1263 τὴν
1218 1193 1650 1266 ἐξεικονισμένην
1686 1197 1844 1265 ἡμῶν
1879 1214 2005 1269 μορ-

1898 676 1999 709 κα-

356 1289 465 1364 φήν
497 1288 781 1341 θεωθεῖσαν
803 1285 893 1339 καὶ
933 1284 1373 1360 ἀφθαρτισθεῖσαν
1407 1283 1458 1339 ἐν
1482 1284 1627 1357 αὐτῷ
1652 1302 1662 1316 ·
1683 1285 1801 1339 καθ’
1822 1285 1888 1352 ἢν
1915 1283 2004 1339 καὶ

355 1375 545 1447 ἐθεάθη
577 1379 695 1437 τοῖς
728 1373 1081 1443 ἀποστόλοις,
1113 1375 1199 1428 καὶ
1228 1376 1488 1453 συνέφαγε
1517 1373 1606 1429 καὶ
1637 1374 1880 1428 συνέπιεν
1914 1373 2006 1448 ἐγ-

355 1464 683 1541 ηγερμένος,
709 1465 799 1519 καὶ
832 1462 1164 1539 ἐψηλαφήθη
1229 1464 1331 1518 ὑπὸ
1381 1469 1552 1537 Θωμᾶ
1597 1483 1612 1497 ⁸
1664 1462 1840 1538 λέγων
1887 1469 2003 1527 τοῖς

354 1561 516 1611 πᾶσιν
560 1556 964 1623 ὑποτοπήσασιν
1016 1553 1175 1608 αὐτὸν
1220 1557 1435 1626 πνεῦμα
1466 1554 1602 1608 εἶναι
1628 1572 1641 1586 ·
1685 1552 2005 1634 Ψηλαφή-

356 1644 509 1701 σατέ
544 1667 617 1718 με
645 1645 752 1698 καὶ
778 1641 981 1713 ἴδετε,
1015 1645 1116 1698 ὅτι
1148 1647 1409 1715 πνεῦμα
1441 1644 1646 1718 σάρκα
1674 1646 1776 1697 καὶ
1814 1643 2004 1699 ὀστέα

338 1736 475 1789 ,οὐκ
505 1728 667 1809 ἔχει,
700 1735 913 1795 καθὼς
944 1733 1058 1805 ἐμὲ
1089 1734 1402 1807 θεωρεῖτε
1431 1732 1688 1808 ἔχοντα.
1723 1730 1883 1791 Οὕτω
1913 1736 2003 1790 xui

353 1822 634 1900 ἀνελήςρθη
668 1823 720 1877 ἐν
776 1823 902 1894 ’ὀόξῃ
936 1843 948 1856 ·
1001 1822 1258 1884 ὡσαύτως
1308 1822 1397 1877 καὶ
1447 1821 1560 1892 ἥξει
1602 1822 1653 1877 ἐν
1695 1826 1879 1899 μορφῇ
1932 1829 2001 1899 τῇ
2032 1858 2079 1923 Β

356 1914 494 1986 αὐτῇ
525 1917 623 1967 τοῦ
652 1913 772 1967 καθ’
828 1914 975 1986 ἡμᾶς
1035 1908 1258 1973 εἷ’δους’
1320 1912 1376 1965 ὃν
1439 1910 1627 1985 ὄψεται
1686 1917 1827 1966 πᾶσα
1872 1913 2000 1985 σάρξ

353 2002 465 2057 ἀπ’
497 1999 781 2076 οῦριανοῦ
817 2002 957 2073 μετ’
988 1998 1288 2075 ἀγγέλων
1341 1998 1680 2073 δυνάμεως
1711 2003 1910 2057 αὐτοῦ
1942 2000 2003 2056 ἐν

355 2091 512 2164 πυρὶ
546 2092 817 2170 φλογὸς,
852 2088 1119 2145 διδόντα
1145 2087 1491 2161 ἐκδίκησιν
1514 2097 1654 2155 τοῖς
1680 2094 1763 2164 μὴ
1790 2089 2003 2147 εἰδόσι

356 2182 535 2251 Θεὸν,
567 2182 675 2237 καὶ
705 2186 847 2241 τοῖς
899 2182 983 2254 μὴ
1029 2178 1441 2235 ὑπακούσασι
1474 2185 1561 2253 τῷ
1608 2180 2003 2258 Εὐαγγελίῳ

356 2274 591 2340 αὐτοῦ,
647 2272 826 2331 καθὼς
872 2271 1164 2346 γέγραπται
1198 2288 1211 2303 ⁶
1240 2271 1373 2343 μεθ’
1435 2268 1507 2324 ὧν
1566 2272 1617 2325 οἱ
1666 2272 2005 2346 σταυρώσαν-

355 2384 444 2426 τες
493 2362 652 2418 αὐτὸν
704 2359 959 2418 Ἰουδαῖοι
1002 2361 1282 2435 κόψονται,
1312 2362 1403 2416 καὶ
1453 2363 1503 2415 οἳ
1558 2363 1633 2434 μὴ
1684 2362 2005 2438 ἀνεχόμενοι

358 2451 522 2507 αὐτὸν
591 2450 870 2521 εἰκονίζειν
936 2451 1329 2524 Εἶκονομάχοι.
1388 2451 1561 2505 Ταῦτά
1617 2450 1780 2521 ἐστιν,
1842 2451 2004 2507 ἀδελ-

362 2540 479 2617 φοὶ,
518 2542 584 2596 τα
630 2539 950 2615 εόαγγελικὰ
1001 2540 1329 2617 κηρύγματα
1372 2557 1387 2570 ⁵
1438 2545 1607 2596 ταῦτα
1652 2542 1714 2597 τὰ
1776 2542 2011 2599 ἄποστο.

361 2628 495 2683 λικὰ
571 2627 894 2704 διδάγμοτα.
956 2628 1017 2684 Oi
1093 2627 1150 2683 δὲ
1215 2628 1462 2683 τάναντία
1528 2636 1877 2706 φρονοῦντες,
1931 2633 2007 2693 εἷς

359 2718 540 2795 ἕτερον
595 2718 957 2794 Εὑαγγέλιον,
1020 2720 1049 2773 ὅ
1105 2719 1202 2773 οὐκ
1259 2713 1401 2775 ἔστιν
1473 2718 1636 2791 ἄλλο,
1714 2727 2012 2797 πειρῶνται

364 2810 725 2883 μεταστρέψαι
781 2809 872 2864 τὸν
931 2808 1062 2864 λαὸν
1121 2814 1218 2863 τοῦ
1277 2814 1411 2865 Θεοῦ
1467 2811 1822 2886 προσέροντες
1881 2814 2012 2871 νόθα

360 2900 796 2975 συγγράμματαο
852 2897 913 2953 ἐκ
963 2897 1180 2960 κοιλίας
1235 2905 1555 2975 φωνοῦντες,
1604 2904 1690 2956 καὶ
1751 2903 1848 2958 οὐκ
1906 2905 2011 2961 ἀπὸ

360 2992 637 3065 στόματος
668 2992 895 3065 Κυρίου.
930 2991 1107 3047 Εῖωθε
1137 2992 1241 3067 γὰρ
1275 2992 1355 3047 ἀεὶ
1387 2997 1467 3063 τῷ
1509 2992 1642 3066 σίτῳ
1689 2994 1757 3050 τὰ
1807 3000 2014 3067 ζιζάνια

358 3083 836 3155 παρασπείρεσθαι,
852 3081 942 3135 καὶ
964 3087 1029 3149 τῆ
1055 3079 1286 3151 ἀληθείᾳ
1306 3082 1367 3136 τὸ
1388 3079 1583 3155 ψεῦδος
1604 3086 2011 3158 παρατίθεσθαι.

358 3170 511 3227 Ἐπεὶ
541 3174 660 3230 πῶς
691 3170 779 3223 καὶ
810 3169 994 3245 φανείη
1030 3168 1258 3239 ἀλήθεια
1292 3171 1366 3242 μή
1419 3170 1732 3246 ἀντιλογίαν
1765 3168 2008 3252 ἔχουσας

356 3257 571 3315 Ἀλλὰ
601 3260 708 3313 καὶ
737 3258 840 3313 ἐὰν
877 3261 1109 3329 ἡμεῖς,
1143 3260 1304 3335 φησὶν
1336 3261 1363 3314 ὁ
1412 3260 1771 3333 Ἀπόστολος,
1803 3266 1837 3334 ἢ
1891 3263 2009 3339 ἄγ-

356 3349 557 3426 γελος
592 3347 650 3421 ἐξ
686 3348 977 3421 οὐρανοῦ
1009 3346 1532 3424 εὐαγγελίζηται
1585 3351 1734 3423 ὑμῖν
1782 3355 1937 3429 παρ’
1976 3356 2004 3407 ’ὀ

2110 566 2207 635 sit,
2239 572 2296 622 et
2317 569 2443 623 sine
2459 568 2825 639 corruptione
2846 578 3157 638 prognatus
3185 569 3430 640 :quippe
3455 572 3553 641 qui
3577 587 3757 641 pecca-

2112 662 2230 712 tum
2254 672 2362 712 non
2391 658 2536 727 lecit,
2564 673 2660 712 nec
2709 660 2960 713 inventus
2999 666 3077 712 est
3113 658 3267 714 dolus
3310 661 3369 713 in
3410 676 3503 715 ore
3546 663 3664 732 ejus
3686 660 3754 714 ³⁸.

2111 747 2323 803 Caetera
2354 753 2548 803 autem
2580 748 2775 802 omnia
2806 763 2963 803 more
2984 753 3205 815 nostro,
3230 748 3371 819 edit,
3394 750 3560 819 bibit,
3585 751 3754 823 spiri-

2112 843 2237 893 tum
2281 839 2463 904 duxit,
2514 838 2708 908 crevit,
2751 838 3081 907 ambulavit,
3129 841 3377 906 sudavit,
3442 842 3747 910 laboravit,

2113 927 2426 983 crucifixus
2458 936 2564 992 est,
2613 936 2873 983 mortuus
2917 935 3035 983 est:
3075 929 3207 997 etsi,
3251 934 3313 984 ut
3360 930 3535 997 Deus,
3579 933 3747 987 tertio

2114 1018 2205 1073 die
2237 1019 2567 1086 resurrexit,
2609 1017 2832 1073 habens
2872 1018 3050 1074 etiam
3094 1024 3221 1090 post
3263 1024 3746 1077 resurrectionem

2113 1124 2447 1179 expressam
2471 1108 2714 1162 formam
2738 1112 2995 1163 nostram
3019 1109 3146 1178 jam
3180 1109 3508 1165 deiﬁcalam
3540 1116 3597 1165 et
3634 1111 3752 1166 im-

2113 1196 2417 1253 mortalem
2448 1197 2506 1251 in
2538 1197 2659 1264 ipso
2679 1197 2889 1251 factam
2925 1214 2938 1253 :
2966 1197 3290 1253 secundum
3315 1215 3490 1269 quam
3512 1204 3569 1253 et
3588 1200 3751 1256 visus

2108 1291 2198 1341 est
2228 1286 2297 1342 ab
2321 1286 2620 1358 apostolis,
2653 1290 2711 1341 et
2748 1302 2879 1341 eum
2912 1285 3025 1342 illis
3057 1286 3196 1355 edit,
3232 1288 3395 1355 bibit,
3457 1289 3750 1346 redivivus

2114 1385 2203 1435 ela
2230 1378 2457 1433 Thoma
2477 1380 2864 1434 contrectatus
2886 1380 2975 1431 est
2998 1393 3011 1433 :
3040 1378 3315 1433 omnibus
3354 1378 3454 1450 qui
3474 1394 3607 1435 eum
3625 1398 3753 1438 esse

2114 1468 2385 1539 spiritum
2410 1466 2881 1536 suspicabantur,
2906 1466 3106 1521 dicens
3129 1467 3376 1538 :Palpate
3394 1484 3475 1523 me
3496 1470 3759 1541 etvidete,

2111 1562 2241 1631 quia
2251 1560 2483 1629 spiritus
2504 1574 2724 1613 carnem
2744 1564 2795 1613 et
2821 1573 2938 1612 ossa
2958 1573 3067 1613 non
3087 1559 3266 1625 habet,
3296 1560 3437 1615 sicut
3460 1560 3651 1616 videtis
3674 1579 3760 1618 me

2114 1651 2311 1706 habere
2341 1648 2407 1701 ’9.
2429 1648 2522 1703 Sic
2537 1656 2588 1703 et
2604 1652 2942 1717 assumptus
2960 1651 3046 1701 est
3066 1647 3123 1701 in
3145 1647 3351 1718 gloria;
3378 1649 3460 1703 sic
3483 1655 3538 1705 et
3567 1650 3759 1707 veniet

2112 1742 2170 1795 in
2202 1742 2389 1795 forma
2418 1736 2839 1806 eademspeciei
2865 1740 3101 1802 DOStI'EB;
3127 1754 3301 1808 quem
3335 1738 3757 1795 videbitomnis

2112 1846 2242 1886 caro
2271 1831 2338 1884 de
2367 1828 2411 1863 ³ο
2440 1828 2593 1896 calo,
2622 1843 2747 1881 cum
2775 1825 2991 1895 angelis
3022 1825 3244 1881 virtuti:
3285 1829 3402 1898 ejus
3431 1827 3492 1881 in
3534 1829 3760 1898 ﬂamma

2110 1920 2258 1988 ignis
2279 1917 2576 1973 vindictam
2606 1918 2827 1971 dantem
2872 1914 2943 1969 iis
2977 1917 3074 1985 qui
3114 1930 3223 1970 non
3260 1920 3528 1970 noverunt
3566 1917 3754 1978 Deum,

2111 2019 2159 2066 et
2177 2012 2271 2081 qui
2290 2007 2584 2078 Euangelio
2603 2008 2718 2077 ejus
2738 2021 2848 2060 non
2869 2004 3184 2060 obedierunt
3211 2006 3277 2072 ³ο,
3298 2007 3450 2060 sicut
3473 2006 3757 2078 scriptum

2112 2104 2237 2157 est:
2271 2114 2405 2154 cum
2438 2096 2653 2167 quibus
2684 2094 2956 2166 plangunt
2986 2101 3040 2149 et
3062 2096 3160 2165 qui
3183 2094 3600 2150 cruciﬁxerunt
3621 2112 3755 2151 eum

2112 2189 2317 2255 Judmi,
2348 2190 2403 2242 et
2433 2186 2531 2258 qui
2552 2186 2677 2256 ejus
2698 2182 2949 2255 efﬁgiem
2972 2183 3224 2238 ﬁerinon
3248 2184 3441 2239 ferunt
3473 2186 3762 2240 Iconoma—

2115 2280 2230 2337 chi.
2272 2279 2399 2335 Haec
2441 2281 2549 2345 est,
2598 2276 2828 2344 fratres,
2873 2273 3201 2345 evangelica
3238 2274 3604 2344 praedicatio:
3641 2275 3763 2330 haec

2116 2374 2254 2426 sunt
2271 2367 2587 2439 apostolica
2600 2367 2964 2421 documenta.
2988 2364 3095 2428 Qui
3112 2380 3247 2419 vero
3264 2367 3462 2419 contra
3480 2364 3760 2430 sentiunt,

2118 2461 2188 2515 ad
2222 2458 2375 2514 aliud
2396 2454 2774 2527 Evangelium
2796 2454 2866 2522 3‘,
2890 2455 3044 2525 quod
3065 2452 3301 2523 quidem
3326 2469 3441 2509 non
3461 2453 3618 2509 aliud
3652 2462 3760 2521 est,

2117 2549 2219 2605 Dei
2246 2546 2527 2619 populum
2548 2545 2849 2600 traducere
2871 2546 3178 2611 conantur,
3202 2541 3530 2597 adulterina
3551 2542 3764 2614 scripta

2120 2640 2493 2711 proferentes,
2526 2651 2593 2690 ex
2623 2638 2820 2688 ventre
2851 2632 3175 2704 loquentes,
3211 2636 3267 2687 et
3299 2648 3412 2686 non
3445 2648 3514 2687 ex
3536 2648 3632 2687 ore
3658 2632 3765 2688 Do-

2121 2729 2285 2785 mini.
2320 2724 2518 2782 Solent
2547 2738 2776 2792 semper
2805 2737 2935 2778 cum
2966 2720 3156 2776 tritico
3209 2720 3428 2776 zizania
3465 2721 3763 2791 seminari,

2122 2826 2175 2874 et
2207 2815 2430 2873 veritati
2461 2814 2829 2869 mendacium
2862 2810 3113 2882 aspergi.
3147 2810 3445 2873 Quomodo
3476 2810 3629 2866 enim
3664 2827 3762 2867 ue-

2123 2908 2264 2964 ritas
2293 2905 2602 2970 elucescat,
2639 2901 2686 2957 si
2719 2899 3235 2957 contradictionem
3260 2898 3480 2954 nullam
3517 2899 3771 2955 habeat?

2123 2997 2233 3053 Sed
2264 2996 2390 3050 licet
2419 3009 2533 3060 nos,
2567 2991 2758 3062 inquit
2778 2988 3108 3060 Apostolus,
3140 2993 3237 3044 aut
3271 2989 3499 3059 angelus
3544 2988 3607 3044 de
3636 2990 3767 3045 caelo

2122 3084 2451 3153 evangelizet
2499 3081 2668 3146 vobis,
2705 3086 2919 3152 praeter
2973 3095 3137 3148 quam
3166 3077 3306 3149 quod
3362 3078 3768 3149 euangelizavi-

2122 3192 2240 3229 mus
2271 3171 2755 3236 vobis,anathema
2783 3171 2884 3222 sit:
2932 3169 3077 3222 sicut
3116 3166 3492 3237 prmdiximus,
3532 3176 3583 3221 et
3624 3184 3774 3222 nunc

2120 3268 2320 3320 iterum
2350 3261 2501 3317 dico:
2543 3261 2604 3314 Si
2630 3260 2751 3330 quis
2780 3257 2930 3313 vobis
2960 3257 3295 3327 evangelitet
3322 3263 3526 3327 praeter
3548 3256 3603 3312 id
3633 3257 3774 3329 quod

2118 3352 2423 3423 accepistis,
2454 3349 2751 3403 anathema
2779 3349 2849 3401 sit
2879 3345 2950 3401 ³⁷⁸.

360 3436 958 3515 εὐηγγελισάμεθα
986 3439 1171 3510 ὑμῖν,
1204 3438 1496 3510 ἀνάθεμα
1525 3434 1687 3496 ἔστω
1712 3460 1723 3471 ⁸
1760 3443 1842 3504 ὡς
1884 3444 2404 3517 προειρήκαμεν,
2436 3438 2545 3492 καὶ
2578 3432 2727 3512 ἄρτι
2775 3433 2973 3491 πάλιν
3021 3433 3194 3509 λέγω
3227 3450 3242 3465 ⁸
3275 3431 3472 3497 Εῗτις
3506 3434 3775 3511 εὐαγγε-

362 3528 625 3597 λίζεται
658 3529 828 3599 ὐμᾶς
859 3529 1011 3601 παρ’
1074 3528 1102 3582 ’ὀ
1133 3549 1214 3583 πα
1234 3525 1573 3601 ρελάϐετε,
1608 3532 1896 3605 ἀνάθεμα
1927 3532 2115 3591 ἔστω.

437 3617 568 3690 Περὶ
623 3615 679 3670 δὲ
728 3622 829 3684 τῆς
878 3615 1166 3685 Θεοτόκου,
1207 3616 1242 3685 ἢ
1285 3616 1595 3674 οὖτινοσοῦν
1659 3625 1766 3675 τῶν
1816 3623 2005 3696 ἁγίων,

364 3705 448 3761 ὅτι
481 3704 858 3775 εἷκονίζονται,
898 3706 1149 3779 περισσόν
1186 3704 1280 3777 μοί
1320 3707 1430 3761 ἐστι
1461 3709 1524 3763 τὸ
1581 3711 1802 3787 γράφειν
1856 3712 2006 3785 ὑμῖν.

360 3794 741 3867 Ἠλίθιανγᾶρ
792 3796 1068 3849 ὁντιναοῦν
1130 3793 1414 3870 ἄνθρωπον
1474 3796 1637 3870 φαίην
1706 3802 1781 3873 μὴ
1835 3822 2007 3876 χαρα-

358 3888 729 3961 κτηρίζεσθαι.
783 3884 933 3940 Ἀλλ’
977 3886 1028 3939 οἱ
1086 3888 1320 3961 Χριστὸν
1380 3890 1803 3962 ἀπαναινόμενοι
1854 3915 2007 3967 περι-

358 3978 672 4055 γράφεσθαι,
706 3976 763 4035 ’ὸς
794 3973 935 4030 ἔστιν
960 3978 994 4044 ἡ
1026 3977 1234 4052 κεφαλή
1259 3982 1355 4031 τοῦ
1378 3980 1629 4051 σώματος
1650 3985 1752 4046 τῆς
1773 3981 2009 4054 Ἐκκλη-

360 4067 500 4133 σίας,
544 4065 925 4139 συμπεριελεῖν
977 4061 1159 4135 ἔδοξαν
1216 4065 1305 4120 καὶ
1356 4068 1423 4121 τὰ
1473 4067 1614 4139 μέλη
1660 4071 1894 4144 Χριστοῦ
1929 4074 2005 4145 μὴ

362 4156 720 4224 εἶκονίζεσθαι
747 4175 759 4189 ”
798 4152 982 4230 εἷ’περ
1016 4159 1199 4225 σῶμα
1224 4161 1506 4229 Χριστοῦ
1528 4160 1725 4231 ἡμεῖς
1749 4162 2008 4234 πάντες,

363 4247 470 4300 καὶ
506 4242 675 4317 μέλη
711 4242 779 4298 ἐκ
811 4242 1079 4317 μέρους.
1108 4244 1383 4323 Ἔλεγχος
1411 4247 1511 4321 γὰρ
1560 4247 1762 4319 αὐτοῖς,
1801 4250 2010 4324 μητέρα

371 4335 465 4408 μὲν
518 4338 652 4388 Θεοῦ
701 4333 1055 4402 εἰκονίςεσθαι
1097 4351 1111 4367 ο
1163 4333 1223 4388 οὐ
1280 4337 1387 4407 μὴν
1434 4337 1526 4391 τὸν
1576 4336 1626 4410 ἐξ
1670 4338 1837 4408 αὐτῆς
1875 4360 2006 4415 τεχ-

369 4424 544 4491 θέντα,
606 4425 691 4476 xui
753 4420 890 4496 αὐτῇ
951 4420 1250 4494 ὑπομάζιον
1313 4423 1557 4499 ὅφθέντα,
1616 4426 1704 4481 καὶ
1764 4426 1863 4482 ὅσα
1909 4436 2011 4498 τῆς

369 4518 688 4584 σωματικῆς
745 4510 907 4565 αὐτοῦ
974 4510 1269 4583 παρουσίας
1331 4512 1615 4569 ὑπείκοντα
1690 4534 1704 4548 ⁸
1756 4515 1792 4585 ἢ
1850 4517 2013 4574 πάλιν

364 4599 495 4663 τοὺς
546 4598 817 4663 αὐτόπτας
871 4599 960 4654 καὶ
1012 4600 1282 4673 ὑπηρέτας
1331 4601 1827 4681 στηλογραφεῖσθαι
1860 4625 1873 4638 ’
1924 4608 2017 4661 τὸν

370 4688 425 4745 δὲ
502 4688 911 4762 ὑπηρετηθέντα
984 4691 1073 4743 καὶ
1135 4693 1627 4768 συναναστραφέντα
1704 4697 1778 4767 μή
1840 4716 2017 4771 χαρα-

367 4779 740 4851 κτηρίζεσθαι.
802 4778 901 4831 Καὶ
959 4775 1236 4833 Ἰουδαίων
1285 4781 1508 4855 χείρους
1569 4781 1834 4839 δείκνυται
1871 4827 1883 4841 .
1933 4786 2015 4841 ὅτι

369 4864 500 4922 οὐδὲ
539 4866 799 4933 Μωσέως,
860 4864 977 4921 οὐδ’
1019 4867 1070 4921 εἷ’
1117 4890 1268 4930 τινος
1327 4869 1503 4926 ἄλλου
1560 4873 1669 4927 τῶν
1718 4881 2016 4953 προφητῶν

370 4955 555 5011 εἷ’κόνα
608 4953 970 5029 προσίενται·
1038 4960 1411 5031 προσιεμένων
1474 4960 1691 5015 ἐκείνων
1747 4968 1854 5017 τῶν
1908 4965 2014 5039 πρὸ

377 5051 480 5113 τῆς
521 5045 773 5118 χάριτος,
825 5045 897 5105 ὡς
944 5052 1189 5116 νομικῶν
1238 5049 1325 5102 καὶ
1378 5048 1439 5104 οὐ
1470 5056 1821 5122 Χριστιανῶν.
1866 5056 1928 5109 Oi
1961 5055 2015 5111 δὲ

369 5137 637 5187 τοσοῦτον
661 5132 1066 5203 ἆνοηταίνουσιν
1101 5136 1175 5197 ὡς
1205 5137 1293 5190 καὶ
1344 5138 1553 5201 ἑαυτοῖς
1590 5142 1677 5195 xui
1730 5141 2017 5209 Ἰουδαίοις

376 5224 646 5297 μάχεσθαι
680 5239 693 5251 ·
745 5223 833 5276 καὶ
892 5224 1031 5295 μήτε
1082 5223 1380 5288 Ἰουδαίους
1429 5228 1566 5282 εἶναι
1624 5231 2012 5307 νομοφύλακας

375 5313 516 5384 μήτε
556 5313 932 5383 Χριστιανοὺς,
974 5314 1077 5367 οὐκ
1124 5313 1569 5390 εἰδογρασοῦντας
1617 5323 1707 5374 τὸν
1758 5323 2011 5394 Χριστὸν,

371 5404 431 5459 ὃν
465 5403 805 5477 προσήκαντο
837 5401 1119 5478 ἄνθρωπον
1154 5403 1431 5483 γεγονότα.
1484 5411 1646 5480 Φωνὴ
1686 5413 1886 5487 Πέτρου
1916 5417 2012 5469 τοῦ

448 5606 471 5677 ἒ
525 5605 718 5662 IPelr.
753 5624 809 5677 ιι,
842 5609 931 5664 22.

372 5676 474 5729 272

1009 5608 1055 5644 ³9
1078 5609 1212 5671 Luc.
1244 5629 1397 5684 XXIV,
1429 5616 1518 5671 39.
1594 5615 1639 5652 ³ο
1669 5618 1872 5675 Thess.
1908 5635 1946 5681 ι,
1976 5620 2031 5675 7.

2187 3624 2266 3679 De
2288 3622 2529 3693 Deipara
2552 3622 2746 3675 autem
2770 3622 2826 3673 et
2850 3633 3204 3689 unoquoque
3241 3621 3596 3685 sanctorum,
3618 3619 3772 3691 quod

2117 3729 2313 3769 eorum
2354 3710 2643 3778 imagines
2689 3708 3087 3773 eii‘ormantur,
3131 3722 3621 3778 supervacaneum
3682 3712 3771 3764 est

2118 3804 2261 3859 mihi
2290 3801 2544 3857 scribere
2566 3798 3017 3855 vobis.Stultum
3048 3797 3264 3869 quippe
3282 3797 3545 3863 dixerim,
3571 3814 3772 3869 quem-

2117 3907 2347 3962 cunque
2406 3889 2679 3945 hominen
2730 3903 2844 3942 non
2895 3886 3151 3959 ﬁgurari.
3200 3888 3274 3941 At
3321 3885 3421 3958 qui
3469 3886 3765 3944 Christum

2116 3978 2514 4037 circumscribi
2548 3981 2779 4047 negant,
2814 3976 2913 4048 qui
2944 3980 3067 4031 esto
3100 3979 3242 4045 aput
3272 3977 3527 4045 corporis
3568 3977 3761 4032 Eccle-

2117 4069 2246 4138 sia;
2275 4069 2487 4123 inferre
2519 4082 2635 4120 una
2664 4065 2992 4130 voluerunt,
3034 4065 3298 4118 membra
3320 4064 3519 4119 itidem
3552 4063 3777 4120 Christi

2119 4177 2232 4217 non
2264 4158 2496 4229 efﬁngi:
2530 4155 2819 4226 siquidem
2849 4170 3044 4224 corpus
3074 4154 3276 4209 Christi
3305 4170 3401 4210 nos
3448 4171 3635 4210 sumus
3652 4171 3771 4210 om-

2116 4266 2229 4316 nes,
2262 4257 2311 4304 et
2338 4247 2585 4302 membra
2612 4260 2682 4300 ex
2708 4252 2860 4314 parte
2886 4244 2951 4300 ³³.
2983 4244 3248 4315 Ipsorum
3277 4248 3469 4300 autem
3502 4245 3769 4299 confuta-

2117 4340 2194 4395 tio
2222 4343 2330 4404 est,
2366 4339 2607 4391 matrem
2641 4334 2872 4406 quidem
2914 4332 3015 4388 Dei
3044 4333 3264 4404 efﬁngi,
3285 4350 3387 4389 nec
3403 4338 3599 4389 tamen
3632 4349 3765 4389 eum

2121 4428 2217 4499 qui
2256 4444 2325 4483 ex
2354 4442 2422 4482 ea
2452 4429 2627 4479 natus
2657 4426 2766 4491 est,
2799 4422 2893 4494 qui
2925 4423 3049 4491 ejus
3077 4423 3354 4478 uberibus
3408 4423 3674 4491 adhtesit,
3716 4429 3772 4478 et

2124 4531 2482 4589 quascunque
2511 4513 2625 4569 alia
2655 4512 2812 4569 illius
2840 4512 2899 4567 in
2932 4528 3170 4583 corpore
3210 4512 3526 4569 adventum
3569 4516 3771 4568 secuta

2125 4610 2301 4663 sunt:
2333 4612 2433 4661 aut
2476 4618 2706 4660 rursum
2741 4602 3002 4658 oculatos
3031 4607 3206 4658 testes
3251 4618 3316 4657 ac
3358 4602 3606 4657 famulos
3652 4605 3773 4655 sta-

2122 4697 2239 4754 tuis
2271 4694 2556 4766 exprimi;
2591 4695 2786 4766 ipsum
2816 4709 2946 4749 vero
2996 4691 3086 4747 cui
3138 4691 3486 4757 serviebant,
3517 4694 3574 4745 et
3620 4707 3769 4761 quo-

2124 4804 2256 4844 cum
2290 4788 2689 4853 versabantur,
2740 4802 2854 4840 non
2901 4782 3168 4853 exprimi.
3210 4781 3278 4836 Et
3324 4780 3543 4836 Judaais
3596 4780 3768 4850 plane

2122 4879 2437 4937 deteriores
2469 4894 2530 4933 se
2561 4876 2915 4932 ostendunt:
2950 4873 3049 4944 qui
3084 4888 3184 4926 nec
3215 4870 3444 4941 Moysis,
3492 4885 3597 4924 nec
3626 4869 3769 4924 aite-

2122 4971 2241 5026 rius
2267 4967 2593 5038 cujuspiam
2634 4980 2664 5019 e
2717 4962 3010 5035 prophetis
3070 4960 3378 5029 imaginem
3437 4957 3767 5028 recipiunt:

2120 5057 2520 5115 admittenbus
2559 5054 2677 5110 illis
2727 5070 2824 5110 eos
2871 5051 2973 5123 qui
3023 5054 3157 5104 ante
3214 5048 3463 5120 gratiam
3513 5048 3770 5115 fuerant,

2120 5165 2225 5207 ceu
2274 5147 2419 5219 legis
2468 5144 2741 5211 cultores,
2794 5146 2849 5198 et
2897 5157 3010 5197 non
3081 5136 3456 5194 Christianos.
3509 5136 3606 5191 Isti
3636 5152 3774 5191 vero

2121 5254 2187 5294 eo
2225 5237 2494 5294 vecordes
2542 5238 2701 5299 sunt,
2760 5238 2823 5289 ut
2881 5247 3078 5288 secum
3128 5228 3239 5301 ipsi
3287 5232 3515 5285 etcum
3556 5228 3777 5285 Judaeis

2119 5331 2414 5399 pugnent:
2441 5329 2505 5381 ut
2527 5340 2713 5396 neque
2732 5321 2916 5379 Judaei
2941 5321 3059 5377 sint
3077 5320 3219 5392 legis
3245 5319 3543 5386 custodes,
3581 5333 3773 5389 neque

2118 5416 2475 5473 Christiana:
2503 5414 2599 5488 qui
2621 5410 3095 5482 Christiefﬁgiem
3114 5406 3360 5480 exprimi
3375 5406 3580 5477 nolint,
3605 5421 3775 5479 quem

3329 5609 3374 5645 ³³
3422 5608 3445 5665 Ι
3494 5609 3622 5665 Cor.
3680 5622 3779 5674 χιι,

2108 5620 2152 5657 ⁸¹
2213 5619 2399 5677 Galat.
2450 5636 2491 5690 ι,
2541 5619 2598 5674 7.
2695 5616 2744 5653 ³³
2790 5613 2977 5673 Gaiat.
3030 5628 3156 5682 Vill,
3197 5612 3251 5668 9.
