4084 6284
453 342 607 407 1135

1697 341 1760 402 s.
1806 339 2200 402 THEODORI
2245 337 2606 438 s'rusi'rle

3665 367 3803 433 H36

451 481 747 538 hominem
777 479 989 536 factum
1022 480 1362 551 agnoscunt.
1399 475 1547 532 Petri
1574 474 1816 546 apostoli
1847 491 1955 530 vox
1983 477 2069 530 est

2209 474 2521 574 ἀποστόλου
2580 475 2833 574 ἐστὶν-ἐν
2894 480 3108 574 ἱστορίᾳ
3167 490 3463 562 μαρτυρίου
3529 499 3616 550 τοῦ
3666 500 3804 574 ἁγίου

454 575 514 629 in
546 572 789 627 historia
823 572 1079 644 martyrii
1109 569 1292 625 sancti
1330 568 1630 624 Pancrati:
1659 588 1682 617 ιι
1710 565 1807 620 Fili
1853 564 2093 636 Joseph,

451 664 589 720 aﬂ‘er
619 665 934 734 imaginem
981 660 1206 717 Domini
1241 659 1420 715 nostri
1459 659 1597 714 Jesu
1631 656 1861 724 Christi,
1897 669 1953 709 et
1981 655 2091 709 im-

447 754 636 824 prime
664 753 825 808 illam
848 753 908 807 in
949 752 1237 824 pyrgisco,
1273 758 1333 804 ut
1365 753 1604 804 cernant
1636 745 1828 818 populi
1859 743 2092 816 qualem

443 843 692 898 formam
719 843 1092 912 assumpserit
1111 842 1288 896 Filius
1310 840 1410 896 Dei
1434 857 1447 894 :
1473 844 1535 894 ut
1556 839 1818 894 videntes
1838 835 2092 907 amplius

442 935 698 995 credant,
733 935 925 988 formis
971 938 1173 1003 typum
1205 931 1495 985 intuentes
1542 933 1598 982 et
1646 927 2092 982 reminiscantur

440 1039 638 1079 eorum
673 1039 796 1094 qua
848 1039 946 1092 per
1000 1037 1104 1078 nos
1142 1019 1227 1075 eis
1275 1019 1621 1073 annuntiata
1652 1016 1874 1071 sunt“.
1906 1038 1934 1067 »
1978 1016 2093 1072 Vox

440 1113 605 1168 Pauli
654 1118 772 1168 est:
828 1112 866 1168 0
907 1112 1173 1165 insensati
1215 1107 1449 1164 Galatae!
1491 1108 1612 1178 quis
1663 1122 1749 1162 vos
1795 1107 2092 1176 fascinavit

437 1219 547 1257 non
581 1203 800 1259 obedire
830 1203 1092 1262 veritati;
1122 1202 1250 1254 ante
1278 1213 1510 1269 quorum
1536 1197 1714 1251 oculos
1743 1199 1893 1252 Jesus
1932 1196 2092 1250 Chri-

431 1295 552 1349 stus
578 1295 932 1365 praescriptus
962 1295 1040 1345 est
1064 1290 1121 1344 in
1155 1289 1296 1342 vobis
1314 1287 1612 1356 cruciﬁxus
1636 1285 1682 1318 ³⁵
1702 1286 1728 1340 ?
1747 1289 1861 1341 Vos
1892 1284 2088 1340 Basilii

431 1384 624 1458 magni
657 1387 782 1438 est:
817 1404 843 1432 ‹‹
879 1381 1247 1452 Exprimatur
1276 1377 1336 1430 in
1354 1375 1910 1430 tabula-certaminis
1943 1392 2089 1446 prae-

435 1490 526 1530 ses
585 1471 851 1528 Christus
902 1468 968 1525 ³⁸.
1005 1490 1035 1518 ››
1084 1469 1150 1523 Et
1204 1468 1457 1522 iterum:
1522 1485 1545 1516 ι(
1581 1464 1823 1534 Imagini
1860 1466 2091 1519 habitus

431 1563 617 1620 honor
649 1561 718 1616 ab
753 1557 1046 1628 exemplar
1074 1558 1285 1612 transit
1312 1556 1376 1609 ³⁷.
1404 1576 1432 1605 ››
1478 1555 1588 1610 Tot
1619 1555 1830 1625 palmis
1885 1555 2085 1624 inclyti

431 1651 861 1707 Athanasiivox
875 1657 958 1704 est
985 1664 1047 1701 :«
1063 1647 1198 1713 Nos,
1220 1645 1317 1717 qui
1336 1643 1532 1699 fideles
1557 1658 1782 1710 sumus,
1803 1642 2089 1715 imagines

429 1760 545 1798 non
572 1743 884 1797 adoramus
915 1744 1194 1808 tanquam
1225 1737 1382 1801 deos,
1417 1735 1572 1804 quod
1604 1733 1786 1788 Graeci
1821 1734 2042 1788 faciunt
2069 1751 2084 1788 :

2207 565 2570 641 Παγκρατίου.
2625 592 2654 621 ‹‹
2702 570 2894 625 Τέκνον
2941 573 3167 652 Ἰωσὴφ,
3219 575 3454 654 ἔξένεγκε
3498 586 3590 654 τήν
3649 565 3807 648 εἰκόνα

2203 659 2299 708 τοῦ
2332 657 2530 730 Κυρίου
2587 661 2748 732 ἡμῶν
2809 661 2991 732 Ἰησοῦ
3061 666 3294 739 Χριστοῦ
3327 687 3340 702 ⁸
3402 671 3489 725 καὶ
3540 673 3806 737 ἐντύπωσον

2201 743 2368 812 αὐτὴν
2401 744 2452 798 ἐν
2482 751 2559 818 τῷ
2600 748 2888 826 πυργίσκῳ
2914 770 2926 781 ’
2981 749 3071 806 ἵνα
3130 751 3342 810 εἴδωσιν
3404 761 3454 812 οἱ
3511 760 3626 818 λαοὶ
3667 769 3806 824 ποίαν

2205 835 2418 910 μορφὴν
2478 830 2667 890 ἔλαϐεν
2725 838 2752 892 ὁ
2804 839 2925 900 Γίὸς
2972 845 3068 895 τοῦ
3119 848 3252 897 Θεοῦ
3283 853 3299 876 ‘
3355 845 3446 902 'iva
3503 847 3686 914 ἰδόντες
3730 856 3807 913 ἐπὶ

2200 921 2365 976 πλέον
2397 925 2775 995 πιστεύσωσιν,
2818 929 3052 1002 ὁρῶντες
3094 932 3187 988 τὸν
3242 934 3411 991 τύπον
3461 946 3553 1008 τῆς
3593 953 3788 1017 μορφῆς

2188 1012 2288 1064 ’καὶ
2327 1013 2628 1085 ὑπόμνησιν
2677 1013 3002 1090 λαμϐάνωσι
3061 1026 3167 1076 τῶν
3195 1027 3322 1099 παρ’
3351 1028 3507 1099 ἡμῶν
3535 995 3604 1093 εἱς
3633 995 3807 1099 aliialii;

2200 1101 2605 1176 κηρυχθέντων.
2631 1129 2660 1156 ››
2685 1108 2850 1175 Φωνὴ
2889 1108 3108 1164 Παύλου
3131 1110 3290 1167 ἐστίν·
3311 1118 3382 1168 Ὠ
3422 1117 3679 1189 ἀνόητοι
3711 1128 3813 1177 Γα-

2201 1188 2537 1260 λάται,τίς
2563 1191 3162 1270 ὑμᾶςέϐἀσκηνετῇ
3186 1201 3467 1278 ἀληθείᾳ
3489 1188 3814 1279 μῆπείθεσ-

2202 1280 2440 1374 θαι,οῖς
2465 1283 2601 1374 καᾲτ²
2623 1283 3012 1374 ὁςρθαλμοὺς
3035 1289 3814 1374 ἸησοὺςΧριστὸςπροεγ·

2199 1371 2368 1447 ράφη
2415 1370 2474 1424 ἐν
2535 1372 2689 1444 ὑμῖν
2743 1373 3281 1450 ἐσταυρωμένος;
3344 1385 3503 1453 Φωνὴ
3554 1370 3814 1444 Βασιλείου

2197 1462 2294 1512 τοῦ
2331 1458 2573 1534 μεγάλου
2616 1462 2757 1517 ἐστίν
2793 1481 2808 1497 ⁶
2861 1489 2889 1516 ‹‹
2941 1466 3330 1543 Ἐγγραφέσθω
3384 1477 3463 1545 τῷ
3517 1474 3688 1530 πίνακι
3734 1479 3814 1533 καὶ

2199 1548 2226 1600 ὁ
2258 1552 2364 1602 τῶν
2405 1552 2799 1624 παλαισμάτων
2839 1553 3183 1629 ἀγωνοθέτης
3232 1561 3482 1634 Χριστός.
3519 1586 3548 1614 ››
3596 1566 3686 1620 Καὶ
3731 1568 3817 1621 αὗ-

2199 1640 2281 1728 θις
2316 1658 2329 1670 ·
2367 1664 2395 1692 ‹‹
2429 1647 2492 1697 Ἡ
2522 1651 2624 1712 τῆς
2653 1645 2860 1710 εἰκόνος
2893 1651 3027 1722 τιμή
3081 1650 3165 1705 ἐπὶ
3213 1653 3276 1707 τὸ
3323 1658 3665 1728 πρωτότυπον
3709 1657 3818 1715 δια-

2196 1723 2388 1785 ϐαίτει.
2443 1755 2471 1782 ››
2520 1736 2687 1802 Φωνή
2749 1737 3067 1794 Ἀθανασίου
3123 1746 3219 1796 τοῦ
3276 1743 3589 1801 πολυάθλου
3639 1749 3816 1804 ἕστίν⁶

427 1833 607 1888 absit:
625 1832 724 1886 sed
750 1831 1018 1884 affectum
1041 1824 1444 1881 tantummodo
1466 1828 1523 1878 et
1543 1822 1838 1878 charitalis
1879 1833 2069 1878 nostra

2198 1818 2358 1895 «Οὐχ
2408 1822 2482 1884 ὡς
2531 1824 2683 1885 θεοὺς
2739 1827 2834 1888 τὰς
2894 1828 3102 1892 εἰκόνας
3156 1839 3559 1908 προσκυνοῦμεν
3615 1840 3662 1892 o't
3731 1861 3817 1894 πι-

426 1925 688 1981 studium
724 1939 861 1993 erga
911 1921 1159 1992 ﬁguram
1197 1933 1456 1988 personae
1501 1933 1599 1987 per
1625 1917 1943 1989 imaginem
1984 1934 2082 1973 ex-

427 2031 643 2086 pressae
675 2011 1036 2068 declaramus
1065 2009 1167 2060 ³⁸.»
1191 2007 1309 2061 Vox
1340 2006 1733 2077 Chrysostomi
1766 2012 1887 2062 est:
1913 2031 1940 2058 ‹‹
1966 2008 2079 2080 Ego

422 2121 491 2159 ex
555 2119 684 2158 cera
735 2103 920 2156 fusam
989 2099 1176 2153 amavi
1258 2097 1565 2165 picturam,
1638 2096 1866 2167 pietatis
1942 2113 2078 2168 ergo

425 2193 636 2248 factam
683 2192 746 2245 ⁸⁸.
798 2188 929 2243 Vidi
980 2188 1134 2244 enim
1179 2184 1452 2256 angelum
1519 2184 1844 2256 inimagine
1883 2187 2078 2255 copias

421 2281 798 2335 barbarorum
822 2282 1146 2331 versantem
1170 2274 1227 2329 in
1250 2275 1470 2344 fugam,
1493 2274 1604 2328 vidi
1644 2274 1920 2344 protritas
1953 2275 2080 2329 bar-

424 2371 595 2425 baras
627 2376 845 2439 gentes,
877 2377 934 2421 et
964 2364 1238 2420 Davidem
1272 2380 1402 2417 vera
1447 2378 1586 2417 voce
1636 2363 2072 2418 concinentem:

416 2461 658 2525 Domine,
693 2459 753 2512 in
782 2458 1006 2511 civitate
1033 2460 1130 2508 tua
1175 2456 1475 2522 imaginem
1523 2455 1768 2523 ipsorum
1811 2453 1880 2507 ad
1921 2453 2074 2508 nihi-

411 2551 526 2603 lum
557 2549 762 2618 rediges
791 2546 855 2600 ‘0.
893 2567 918 2593 ››
951 2545 1112 2609 Quod
1142 2543 1200 2597 in
1235 2542 1529 2597 Christum
1555 2541 1662 2595 hoc
1713 2547 1992 2610 tempore,
2017 2547 2074 2597 et

408 2639 469 2692 in
505 2639 801 2706 Deiparam
835 2651 898 2688 ac
947 2640 1202 2694 sanctos,
1251 2631 1468 2685 faciunt
1517 2630 1961 2685 Icononomachi
1992 2649 2005 2686 :
2037 2648 2069 2686 ο

415 2745 538 2784 rem
571 2727 772 2782 auditu
806 2723 1154 2779 horrendam
1183 2722 1194 2774 ί
1231 2728 1458 2776 sanctas
1493 2720 1724 2775 illorum
1783 2721 2067 2791 imagines

416 2817 721 2873 abolendo.
772 2818 956 2885 Atque
1008 2816 1072 2867 ut
1119 2817 1352 2866 caeteras
1418 2810 1662 2864 aliorum
1699 2810 2067 2865 auctoritates

414 2906 882 2978 praetermittam;
939 2903 1128 2957 multae
1173 2901 1328 2954 enim
1379 2903 1736 2970 suppetunt;
1791 2899 1836 2953 si
1889 2916 2063 2954 unam

407 2998 691 3068 adjecero,
723 2995 792 3050 ad
822 2993 976 3049 aliud
1008 2990 1326 3048 orationem
1360 2997 1710 3044 convertam.

485 3176 606 3231 Vox
635 3179 724 3230 est
754 3173 1080 3229 divinorum
1112 3172 1344 3226 Patrum
1370 3169 1468 3240 qui
1494 3173 1666 3224 sextae
1691 3173 1904 3224 sanctis
1929 3186 2060 3240 syn—

2195 1911 2335 1978 στοί,
2372 1913 2446 1982 μὴ
2480 1912 2711 1986 γένοιτο,
2738 1916 2921 1992 ὥσπερ
2952 1919 3006 1972 οἱ
3038 1919 3326 1990 Ἕλληνες·
3363 1923 3535 1980 Ἀλλᾶ
3573 1929 3666 1997 τὴν
3698 1930 3816 2003 σχέ.

2191 2018 2270 2052 σιν
2308 2001 2496 2070 μόνον,
2527 2004 2617 2057 καὶ
2647 2005 2736 2058 τὸν
2769 2006 2934 2061 πόθον
2965 2015 3064 2078 τῆς
3113 2011 3272 2082 ἡμῶν
3313 2011 3532 2087 ἀγάπης
3560 2016 3688 2090 πρὸς
3728 2001 3813 2072 τὸν

2188 2098 2512 2166 χαρακτῆρα
2565 2097 2663 2148 τοῦ
2721 2097 3016 2168 προσώπου
3073 2105 3175 2168 τῆς
3233 2101 3440 2165 εἰκόνος
3508 2103 3819 2183 ἐμφανίζον-

2186 2199 2293 2239 τες.
2331 2203 2357 2230 »
2390 2183 2554 2250 Φωνή
2588 2187 2683 2236 τοῦ
2718 2188 3110 2260 Χρυσοστόμου
3142 2186 3284 2244 ἐστίν
3321 2209 3336 2223 ·
3365 2215 3394 2243 ‹‹
3431 2193 3571 2270 Ἐγώ
3613 2194 3697 2249 καὶ
3724 2197 3816 2265 τὴν

2185 2270 2496 2347 κηρόχυτον
2548 2273 2807 2346 ἠγάπησα
2861 2278 3091 2352 γραφὴν,
3161 2275 3434 2346 εὐσεϐείας
3503 2280 3670 2339 ἕνεκεν
3733 2307 3816 2341 πε-

2184 2358 2574 2430 πληρωμένην.
2611 2359 2768 2415 Εἶδον
2801 2364 2907 2437 γὰρ
2937 2363 3172 2440 ἄγγελον
3213 2367 3266 2422 ἐν
3319 2369 3492 2426 εἰκόνι
3541 2371 3818 2429 ἐλαύνοντα

2187 2444 2474 2538 βαρϐάρων
2506 2451 2669 2538 στίφη
2707 2469 2720 2482 ·
2757 2451 2899 2507 εἶδον
2949 2457 3258 2527 πατούμενα
3312 2456 3604 2536 βαρϐάρων
3661 2462 3815 2538 φῦλα,

2181 2536 2391 2590 καὶτὸν
2422 2536 2584 2593 Δαυίδ
2617 2539 2950 2610 ἁληθεόοντα
2984 2562 2997 2575 ³
3026 2545 3245 2618 Κύριε,
3271 2545 3332 2600 ἐν
3355 2554 3435 2622 τῇ
3482 2536 3682 2606 πόλει
3714 2573 3816 2607 σου

2178 2626 2292 2692 τήν
2329 2626 2556 2681 εἰκόνα
2586 2629 2798 2684 αὐτῶν
2850 2629 3337 2704 ἐξουδενώσεις.
3367 2662 3397 2689 ››
3447 2640 3616 2714 *Οπερ
3659 2641 3707 2694 οἳ
3746 2642 3813 2705 εἰς

2179 2717 2409 2787 Χριστὸν
2451 2721 2542 2770 τῦν
2578 2719 3087 2796 Εἰκονομαχοῦντες
3120 2723 3195 2786 εἰς
3223 2746 3282 2779 τε
3311 2727 3412 2795 τήν
3447 2731 3706 2784 Θεοτόκον
3733 2733 3814 2785 καὶ

2174 2805 2302 2865 τοὺς
2336 2803 2517 2880 άγίους
2548 2804 2876 2882 ἔργάξονται,
2911 2809 2956 2863 ὢ
2985 2817 3085 2866 τοῦ
3143 2809 3378 2891 φοϐεροῦ
3439 2816 3812 2890 ἀκούσματοςί

2171 2893 2267 2955 τὰς
2297 2893 2448 2968 ἁγίας
2479 2895 2653 2950 αὐτῶν
2686 2893 2892 2961 εἰκόνας
2953 2899 3401 2970 εἷξουδενοῦντες.
3453 2907 3556 2964 Καὶ
3599 2905 3692 2962 ’ἕνα
3727 2909 3813 2969 τὰς

2171 2986 2276 3036 τῶν
2348 2982 2534 3038 ἄλλων
2587 2986 2764 3062 φωνὰς
2812 2987 3156 3064 παραδράμω
3190 3011 3204 3024 ο
3264 2991 3483 3050 πολλαὶ
3539 2997 3640 3070 γάρ
3696 2997 3810 3055 εἰσι.

2170 3072 2309 3128 Μίαν
2338 3077 2611 3148 προσθεὶς,
2647 3077 2728 3133 ἐπ’
2759 3076 2899 3134 ἄλλο
2929 3083 3188 3155 τρέψοιμι
3218 3085 3307 3139 τὸν
3345 3082 3538 3160 λόγον.

2242 3165 2404 3231 Φωνὴ
2445 3168 2553 3218 τῶν
2580 3173 2680 3235 τῆς
2711 3164 2871 3237 ἕκτης
2904 3168 3055 3243 ἁγίας
3107 3170 3329 3227 συνόδου
3379 3177 3661 3252 θεοφόρων
3709 3182 3807 3231 Πα-

2167 3254 2336 3326 τέρων
2380 3252 2537 3309 ἐστίν·
2569 3280 2596 3307 κ
2656 3259 2752 3314 "Ev
2807 3279 2916 3312 τισι
2972 3264 3080 3313 τῶν
3142 3267 3350 3318 σεπτῶν
3414 3264 3642 3321 εἰκόνων
3685 3287 3810 3341 γρα-

2169 3348 2292 3414 φαῖς
2325 3343 2494 3414 ἀμνὸς
2527 3343 2776 3418 δακτύλῳ
2804 3352 2900 3402 τοῦ
2954 3347 3277 3424 Προδρόμου
3328 3351 3680 3428 δεικνύμενος
3726 3356 3806 3430 ἐγ-

2165 3432 2488 3520 χαράττεται
2525 3453 2536 3466 ·
2588 3435 2645 3496 ὃς
2690 3435 2765 3498 εἰς
2815 3439 2981 3492 τύπον
3032 3439 3356 3520 παρελήφθη
3410 3451 3515 3514 τῆς
3567 3446 3807 3520 χάριτος,

2161 3520 2250 3573 τὸν
2309 3519 2565 3590 ἀληθινὸν
2615 3527 2750 3596 ἡμῖν
2796 3523 2885 3580 διὰ
2935 3528 3108 3602 νόμου
3154 3519 3803 3612 προϋποφαίνωνίάμνὸν,

2159 3611 2397 3682 Χριστὸν
2429 3613 2519 3666 τὸν
2562 3614 2690 3668 Θεὸν
2741 3617 2922 3687 ἡμῶν.
2977 3618 3109 3680 Τοὺς
3163 3619 3254 3674 οὖν
3304 3611 3584 3686 παλαιοὺς
3613 3625 3804 3684 τύπους

2157 3698 2245 3751 καὶ
2275 3700 2370 3760 τὰς
2404 3702 2578 3770 σκιάς,
2613 3703 2686 3765 ὡς
2716 3711 2817 3773 τῆς
2867 3704 3125 3782 ἁληθείρς
3167 3706 3429 3782 σύμϐολᾶ
3465 3733 3525 3768 τε
3555 3714 3644 3768 καὶ
3674 3733 3801 3787 προ-

2154 3789 2483 3864 χαράγματα
2523 3795 2591 3866 τῇ
2644 3793 2941 3867 Ἐκκλησία
3002 3795 3478 3872 παραδεδομένους
3541 3823 3801 3858 κατασπα-

2155 3877 2394 3951 ζόμενοι,
2434 3882 2532 3949 τὴν
2583 3883 2744 3958 χάριν
2792 3891 3151 3958 προτιμῶμεν
3210 3890 3300 3943 καί
3368 3893 3474 3961 τήν
3527 3892 3795 3962 ἀλήθειαν,

2151 3967 2225 4029 ὡς
2258 3968 2540 4044 πλήρωμα
2570 3973 2743 4046 νόμου
2773 3973 2971 4044 ταύτην
3025 3973 3440 4050 ὑποδεξάμενοι.
3470 3985 3559 4044 Ὠς
3606 3981 3666 4036 ἂν
3711 3981 3796 4035 οὖν

2145 4057 2208 4110 τὸ
2237 4057 2448 4113 τέλειον
2481 4060 2576 4114 κάν
2615 4067 2733 4123 ταῖς
2790 4065 3261 4139 χραματουργίαις
3291 4067 3343 4121 ἐν
3394 4075 3519 4131 ταῖς
3552 4069 3795 4124 ἀπάντων

2146 4143 2328 4220 ὄψεσιν
2366 4149 2740 4226 ὑπογράφηται
2775 4170 2788 4184 ⁶
2821 4154 2911 4208 τὸν
2945 4159 3040 4208 τοῦ
3081 4152 3333 4229 αἴροντος
3385 4160 3490 4228 τήν
3535 4158 3792 4233 ἁμαρτίαν

2144 4242 2240 4292 τοῦ
2269 4238 2479 4312 κόσμου
2504 4241 2681 4314 ἀμνοῦ
2712 4246 2955 4317 Χριστοῦ
2985 4249 3082 4299 τοῦ
3105 4250 3238 4300 Θεοῦ
3280 4248 3474 4319 ἡμῶν,
3526 4251 3664 4305 κατᾶ
3708 4251 3790 4303 τὸν

2140 4328 2476 4402 ἀνθρώπινον
2510 4338 2831 4406 χαρακτῆρα
2866 4353 2880 4366 ·
2920 4334 3010 4387 καὶ
3052 4332 3103 4388 ἐν
3153 4341 3270 4390 ταῖς
3303 4337 3513 4392 εἰκόσιν
3555 4339 3660 4392 ἀπὸ
3701 4341 3790 4392 τοῦ

374 4427 725 4483 humilitatis
756 4425 859 4480 Dei
895 4424 1063 4478 Verbi
1097 4422 1660 4493 oomprehendentes
1712 4423 1929 4487 animo,
1955 4425 2022 4477 ad

2181 4421 2225 4470 ἓν
2278 4419 2395 4472 ἀντὶ
2451 4424 2546 4474 τοῦ
2587 4421 2824 4476 παλαιοῦ
2874 4421 3048 4495 ἀμνοῦ
3102 4423 3551 4496 ἀναστηλοῦσθαι
3617 4429 3789 4502 ὁρίζο-

369 4519 709 4573 memoriam
756 4514 1210 4570 conversationis
1269 4515 1444 4568 etiam
1483 4513 1541 4567 in
1590 4528 1763 4566 carne
1795 4518 1851 4567 et
1883 4529 2021 4566 cru-

2181 4528 2250 4561 εν.
2307 4509 2384 4563 Δι’
2432 4509 2595 4564 αὐτοῦ
2643 4511 2703 4565 τὸ
2752 4518 2852 4580 τῆς
2899 4515 3278 4576 ταπεινώσεως
3329 4516 3471 4590 ὕψος
3531 4522 3632 4572 τοῦ
3663 4519 3787 4572 Θεοῦ

365 4609 550 4664 ciatus
607 4607 815 4677 ipsius,
850 4621 914 4660 ac
965 4605 1277 4659 salutiferas
1326 4603 1552 4659 mortis.
1594 4605 1744 4658 unde
1804 4603 2069 4666 mundo]

2189 4598 2317 4672 όγου
2347 4604 2731 4662 κατανοοῦντες
2767 4619 2778 4632 '
2814 4600 2903 4655 καὶ
2934 4603 3070 4676 πρὸς
3116 4606 3344 4676 μνήμην
3386 4613 3492 4675 τῆς
3543 4605 3599 4661 ἐν
3641 4606 3788 4679 σαρκὶ

363 4700 513 4754 facta
545 4696 860 4766 redemptio
891 4698 1001 4758 est,
1032 4694 1388 4748 deducamur
1419 4692 1489 4748 ⁴¹.
1525 4714 1554 4741 ››
1585 4692 1682 4747 His
1735 4708 1870 4763 ergo
1923 4691 2014 4748 in-

2181 4686 2430 4757 ιλιτείάς,
2484 4693 2580 4743 τοῦ
2631 4710 2688 4743 τε
2740 4689 2940 4754 πάθους
2984 4691 3172 4763 αὐτοῦ,
3203 4693 3293 4747 καὶ
3351 4699 3455 4749 τοῦ
3517 4695 3785 4769 σωτηρίου

365 4787 575 4842 structi
608 4783 974 4849 testimoniis,
1009 4782 1358 4848 charissimi,
1391 4798 1524 4836 cum
1557 4781 1656 4836 illa
1707 4787 1925 4850 nostra,
1959 4787 2014 4836 et

2181 4775 2346 4831 ινάτου
2400 4778 2928 4852 χειραγωγούμενοι,
2980 4780 3068 4834 καὶ
3121 4787 3222 4848 τῆς
3269 4777 3518 4838 ἐντεῦθεν
3567 4784 3784 4857 γινομὲ·

362 4879 434 4934 ab
467 4877 624 4946 ispsa
653 4875 888 4928 veritate
937 4874 1176 4928 minime
1207 4873 1381 4927 dubia
1412 4871 1923 4938 demonstratione,
1951 4875 2014 4925 ut

2181 4886 2222 4933 ις
2251 4870 2329 4937 τῷ
2375 4867 2569 4939 κόσμῳ
2622 4867 3079 4943 ἀπολυτρώσεως.
3141 4870 3347 4933 Ταύτας
3393 4869 3492 4927 οὗν
3540 4871 3780 4951 ἔχοντες,

365 4983 542 5036 supra
575 4965 1039 5018 demonstratum
1072 4972 1178 5029 est,
1210 4961 1455 5031 Vigitate,
1499 4963 1759 5029 obsecro,
1796 4964 1934 5015 state
1952 4963 2011 5013 in.

2181 4956 2418 5023 ναπητοί,
2442 4957 2538 5016 τὰς
2573 4959 2896 5031 μαρτυρίας,
2924 4961 3056 5030 μετᾶ
3080 4957 3412 5028 τῆςοῗκοθεν
3439 4961 3533 5016 καὶ
3557 4963 3684 5034 παρ’
3704 4959 3782 5016 αὖ-

365 5057 468 5125 ﬁde
507 5073 526 5110 :
592 5054 832 5108 viriliter
887 5055 1051 5121 agite,
1109 5060 1161 5106 et
1207 5052 1595 5120 oon/ortamini
1651 5049 1730 5102 ⁸²ε
1767 5053 1824 5103 in
1859 5050 2008 5104 nullo

2181 5050 2216 5110 ἧς
2231 5051 2328 5112 τῆς
2352 5043 2608 5114 ἀληθείας
2631 5047 3033 5124 ἀναμφιλέκτου
3052 5047 3594 5119 ἀποδείξεως,καθὼς
3615 5072 3778 5126 προα-

362 5145 684 5201 terreamini
723 5141 790 5195 ab
815 5142 1154 5197 adversariis
1176 5139 1241 5208 ‘3,
1263 5155 1450 5210 neque
1471 5155 1503 5193 a
1531 5137 1690 5193 falsis
1727 5138 2008 5192 fratribus

2181 5129 2894 5212 ιδέδεικται,παρακαλῶ,Γρ
2915 5145 3191 5213 ηγορεῖτ
3213 5158 3261 5193 ε·
3286 5143 3578 5210 στήκετε
3610 5139 3672 5196 ἐν
3702 5143 3775 5212 τῇ

367 5234 461 5303 qui
499 5231 722 5287 seducti
772 5231 1026 5296 fuerunt,
1057 5234 1112 5284 et
1153 5229 1211 5282 in
1266 5228 1526 5281 fraudem
1570 5226 1810 5280 inducti:
1885 5243 2005 5296 quae

2181 5221 2346 5276 ἷστει
2381 5242 2394 5255 '
2428 5223 2586 5298 ἀνδρ
2611 5225 3431 5300 ίζεσθε,κραταιοῦσθε,μή
3455 5231 3778 5304 πτυρόμε-

364 5323 477 5378 illis
523 5327 602 5376 est
641 5336 807 5374 causa
849 5319 1201 5390 perditionis,
1246 5317 1400 5370 nobis
1441 5323 1624 5369 autem
1670 5315 1904 5369 salutis:
1949 5321 2004 5368 et

2181 5333 2214 5364 ιι
2248 5312 2307 5366 ἐν
2343 5312 2579 5384 μηδενὶ
2623 5316 2741 5370 ὑπὸ
2790 5322 2918 5370 τῶν
2962 5316 3491 5392 ἀντικειμένων,
3541 5318 3672 5393 μηδ’
3709 5315 3771 5372 αῦ

2089 3220 2130 3286 C

411 3267 521 3321 ode
567 3265 910 3320 affuerunt:
963 3285 992 3313 ‹‹
1061 3263 1123 3316 In
1182 3259 1534 3330 quibusdam
1601 3259 2056 3314 venerandarum

407 3355 730 3426 imaginum
761 3351 1019 3424 picturis,
1069 3366 1254 3422 agnus
1305 3350 1402 3420 qui
1447 3348 1828 3403 Prazcursoris
1877 3347 2056 3420 digito

408 3449 768 3501 monstratur
789 3442 1136 3513 exprimitur
1158 3482 1172 3507 ,
1192 3439 1290 3510 qui
1315 3439 1374 3494 in
1397 3439 1808 3511 gratiaetypum
1829 3455 2058 3493 assum-

399 3544 530 3605 ptus
558 3537 681 3589 est:
715 3534 944 3602 Agnum
1002 3545 1199 3584 verum
1232 3529 1402 3584 nobis
1455 3544 1554 3596 per
1597 3527 1781 3597 legem
1813 3527 2051 3582 demon-

398 3628 595 3677 strans
625 3622 918 3676 Christum
952 3626 1135 3674 Deum
1169 3623 1430 3673 nostrum
1461 3617 1577 3672 Nos
1616 3617 1790 3688 igitur
1830 3618 2049 3689 ﬁguras

396 3719 614 3768 veteres
646 3715 818 3780 atque
879 3709 1138 3771 umbras,
1172 3711 1451 3778 tanquam
1490 3707 1746 3761 veritatis
1790 3713 1957 3762 notas
1979 3723 2046 3762 ac

391 3801 561 3872 signa
605 3799 869 3855 Ecclesiae
915 3798 1126 3853 tradita
1173 3795 1642 3866 complectentes,
1696 3797 1942 3865 gratiam
1990 3800 2045 3850 et

393 3891 690 3945 veritatem
724 3887 1154 3959 anteponimus,
1177 3901 1347 3957 quam
1377 3888 1438 3938 ut
1457 3884 1600 3954 legis
1623 3883 2040 3952 plenitudinem

385 3981 738 4051 accepimus.
774 3979 972 4050 Itaque
1005 3983 1067 4032 ut
1097 3978 1152 4031 id
1186 3975 1343 4047 quod
1391 3975 1708 4045 perfectum
1757 3981 1864 4042 est,
1915 3993 2040 4032 om-

387 4072 551 4125 nium
585 4070 760 4123 etiam
821 4066 1005 4122 oculis
1030 4065 1456 4136 subjiciatnrin
1504 4064 1789 4134 picturis;
1823 4067 2037 4121 statui-

384 4178 515 4215 mus
548 4165 613 4214 ut
647 4160 884 4227 posthac
916 4157 1126 4211 veteris
1171 4155 1304 4226 agni
1355 4153 1500 4221 loco,
1552 4155 1751 4223 Agnus
1807 4153 1903 4209 ille
1931 4158 2028 4226 qui

380 4250 525 4305 tollit
573 4254 873 4319 peccatum
908 4247 1133 4313 mundi,
1181 4246 1440 4299 humana
1495 4243 1679 4298 forma
1761 4244 1938 4299 etiam
1971 4247 2028 4300 in

369 4339 726 4409 imaginibus
779 4339 1063 4406 erigatur;
1117 4343 1178 4388 ut
1230 4351 1327 4402 per
1359 4335 1571 4404 ipsum,
1623 4332 2024 4390 celsitudinem

427 5470 471 5508 ⁸⁸
502 5467 629 5522 Hinc
659 5467 785 5537 ipsa
815 5464 1148 5520 testimonia
1180 5459 1464 5537 retuli‘tin
1491 5460 1910 5537 Refu_t.quein.
1968 5460 2108 5537 (con.
2167 5475 2361 5537 supra,
2395 5462 2601 5537 p.154,
2638 5465 2715 5517 Ex
2764 5463 2878 5516 Vita
2923 5463 2978 5537 S.
3032 5465 3319 5537 Pancratii
3366 5465 3576 5537 Exstat
3616 5461 3766 5537 apud

360 5531 724 5597 Bollandurri.
801 5539 846 5573 ³⁵
875 5537 1061 5594 Galat.
1092 5552 1156 5590 ιιι
1191 5538 1239 5588 1.
1317 5531 1364 5565 ³⁸
1394 5532 1551 5587 hom.
1589 5535 1652 5586 18
1684 5536 1742 5587 in
1763 5532 1817 5587 S.
1853 5531 2131 5586 Bartaam.
2208 5531 2251 5566 δέ
2284 5532 2356 5587 De
2385 5532 2600 5602 Spiritu
2619 5540 2804 5588 sancto
2824 5551 2872 5590 c.
2909 5536 2995 5604 18,
3015 5552 3069 5604 p.
3097 5536 3216 5591 189.
3258 5534 3306 5570 ³⁸
3331 5537 3414 5591 Ex
3449 5531 3672 5604 Quaest:
3701 5535 3770 5588 ad

357 5612 702 5677 Antiochum,
736 5606 1286 5682 quiest.39._q3_’__Ex
1317 5619 1548 5682 δοντα-ι
1572 5605 1643 5660 De
1671 5605 1906 5660 diversis
1965 5606 2245 5674 utriusque
2283 5604 2508 5660 Testem.
2544 5606 2697 5668 locis,
2745 5606 2793 5640 ⁴⁶
2822 5607 2976 5663 Psal.
3010 5623 3181 5678 Lxxu,
3220 5610 3308 5664 20.
3388 5608 3433 5644 ιι
3501 5607 3645 5664 Can.
3677 5606 3767 5661 82.

359 5686 406 5720 ⁴²
438 5685 457 5740 Ι
489 5683 616 5742 Cor.
651 5676 768 5750 xvi;
803 5683 888 5738 13.
966 5680 1013 5715 ⁴³
1046 5677 1256 5748 Philip.
1291 5694 1332 5747 ι,
1361 5676 1452 5736 28,
1485 5677 1576 5732 30.
