4084 6284
341 393 493 455 113⁸1

1593 396 2147 462 EPISTOLARUM
2193 396 2341 459 LIB.
2385 396 2462 458 Il.
3586 384 3741 445 M38

339 528 444 581 ὑπὸ
473 528 580 580 τῶν
616 524 1111 581 ύποσκελισθέντων
1136 529 1220 582 καὶ
1254 530 1763 601 φρεναπατνςθέντιυν
1794 529 1968 603 ψευδπι

2100 533 2196 587 hoc
2216 550 2246 585 (ι
2282 532 2381 586 Deo
2412 548 2433 593 7:
2463 530 2614 584 sicut
2636 526 2918 596 scriptum
2941 527 3029 579 est
3062 538 3073 577 :
3110 519 3249 589 Quia
3288 518 3434 574 vobis
3462 517 3735 573 donatum

335 612 588 691 δέλφωνο
623 616 807 677 ’Ἡτις
852 614 1053 685 ἐστὶν,
1087 615 1318 678 αὐτοῖς
1357 618 1467 689 μὲν
1514 611 1795 688 ἔνδειξις
1829 620 1991 674 into.

334 701 550 773 λείας,
584 706 747 777 ἡμῖν
778 705 845 759 δὲ
877 707 1247 780 σωτηρίας’
1282 705 1619 761 καὶτοῦτο
1650 707 1776 762 ἀπὸ
1805 713 1987 780 Θεοῦ,

331 794 470 846 καθᾶ
507 796 839 868 γέγραπταιο
869 797 1005 849 Ὅτι
1049 795 1204 866 ὓμῖν
1256 798 1421 868 [Reg.
1468 800 1593 854 cod.
1642 799 1797 870 ἡμῖν]
1847 797 1988 871 ἐχα-

334 881 531 956 ρίσθη
564 882 691 938 ἀπὸ
721 889 883 939 Θεοῦ
914 885 985 939 τὸ
1022 884 1180 957 ὑπὲρ
1212 890 1325 939 τοῦ
1357 886 1749 960 Χριστοῦ,οὐ
1787 887 1983 958 μόνον

330 971 404 1025 τὸ
435 970 747 1033 εἶςαύτὸν
780 974 1329 1044 πιστεύειν,ἀλλδι
1358 976 1565 1029 καὶτὸ
1599 975 1751 1049 ὑπὲρ
1784 974 1984 1030 αὐτοῦ

332 1061 777 1135 πάσχειν·τὸν
812 1062 1006 1117 αὐτὸν
1040 1063 1265 1138 ἀγῶνα
1295 1059 1744 1139 ἕχοντες,οἶον
1770 1062 1986 1119 εἴδετε

334 1149 395 1203 ἐν
430 1147 579 1224 ἔμοὶ
608 1153 688 1222 τῷ
719 1151 1054 1227 ἁμαρτωλῷ,
1078 1154 1185 1207 καὶ
1216 1157 1321 1209 νῦν
1354 1154 1654 1212 ἀκούετε.
1688 1162 1985 1230 Συμφρο-

330 1245 624 1311 νοῦντες,
711 1245 1254 1317 συμψυχοῦντες,
1337 1218 1980 1317 συναθλοῦντεςιτῇ

332 1327 551 1385 πίστει
580 1334 693 1385 τοῦ
732 1331 1196 1408 Εὐαγγελίου·
1238 1334 1401 1405 μετά
1440 1328 1647 1410 φόϐου
1678 1335 1785 1388 καὶ
1828 1334 1980 1408 τρό-

336 1439 461 1488 μου
511 1421 626 1490 τήν
679 1420 926 1476 ἑαυτῶν
975 1422 1307 1496 σωτηρίαν
1365 1423 1976 1499 κατεργαζόμενοι·

328 1505 422 1561 ’ίνα
450 1508 662 1563 ἀκούων
691 1511 757 1564 τὰ
787 1512 911 1585 περὶ
935 1511 1085 1585 ὑμῶν
1110 1513 1293 1587 χαίρω
1316 1514 1343 1566 6
1374 1512 1722 1587 ἁμαρτωλός.
1741 1513 1980 1569 Βλέπετε

329 1598 426 1652 τὸν
460 1602 695 1652 Σατανᾶν
723 1620 736 1633 ·
774 1598 1000 1673 βλέπετε
1028 1602 1129 1669 τὴν
1180 1600 1484 1677 παρρησίαν
1507 1620 1520 1634 ’
1556 1604 1714 1677 ὁρᾶτε
1769 1604 1843 1675 μή
1895 1624 1976 1664 τις

330 1682 387 1739 ἕν
443 1707 552 1741 τινι
608 1689 1006 1764 παραπικράνοι
1059 1692 1150 1746 τὸν
1220 1690 1370 1746 Θεόν.
1411 1693 1467 1748 Ὁ
1520 1692 1619 1766 γὰρ
1678 1689 1887 1765 δράκων
1949 1692 1977 1746 6

334 1774 526 1849 μέγας,
564 1776 905 1853 πολύτεχνός
951 1778 1062 1834 ἐστι
1110 1781 1200 1835 καὶ
1247 1779 1602 1855 πολύπειρος.
1652 1782 1838 1837 Ἔνθεν
1889 1778 1975 1835 διὰ

327 1864 562 1927 πίστεως
630 1867 739 1942 οὐχ
812 1868 1046 1942 εὑρίσκει
1105 1867 1337 1924 ὀλέσαι·

326 1955 772 2027 παραπτώματος
802 1957 862 2011 τὸ
901 1956 1030 2012 αὐτὸ
1060 1959 1224 2013 κακὸν
1285 1958 1690 2033 ἀπεργάσασθαι
1736 1959 1786 2013 ἐν
1838 1961 1973 2032 ἡμῖν

327 2042 518 2105 αὐτοῖς
569 2040 659 2097 διὰ
693 2049 790 2099 τοῦ
840 2045 1385 2121 ἀντιστρατευομένου
1432 2047 1603 2120 νόμου
1650 2054 1748 2117 τῆς
1800 2049 1977 2121 ἁμαρ-

328 2132 448 2194 τίας
475 2133 551 2205 τῷ
572 2132 729 2207 νόμῳ
758 2138 854 2189 τοῦ
884 2136 1005 2198 νοὸς
1054 2139 1236 2209 ἡμῶν.
1270 2146 1565 2213 Βρυχᾶται,
1598 2139 1847 2215 ἐπιτηρεῖ
1901 2142 1974 2205 ὡς

329 2221 472 2278 λέων
523 2224 781 2298 ἁρπᾶσαι,
812 2227 1167 2302 γαργαλίζει·
1218 2234 1323 2305 πῦρ
1382 2231 1639 2287 ἀνάπτει·
1696 2231 1970 2308 ἐμπιπρᾷν

330 2313 573 2390 ὀρέγεται
602 2317 694 2371 τὸν
733 2316 882 2371 οἶκον
942 2325 1041 2387 τῆς
1072 2322 1279 2394 ψυχῆς.
1314 2322 1555 2396 Ἐχομεν
1614 2320 1673 2377 ἐκ
1728 2327 1860 2378 Θεοῦ
1908 2324 1974 2379 τὰ

322 2405 674 2477 καθαιρετικὰ
729 2406 892 2461 αὐτοῦ
947 2409 1296 2482 ἀμυντήρια·
1354 2408 1499 2484 ὕδωρ
1557 2412 1825 2488 κεφαλῆς,
1856 2434 1974 2483 πη-

326 2494 433 2567 γῆν
492 2490 768 2567 δακρύων·
835 2492 1088 2566 δεήσεις·
1141 2500 1471 2574 προσευχάς.
1535 2501 1655 2556 Ἐπὶ
1724 2506 1880 2557 πᾶσιν
1942 2505 1968 2556 ὁ

328 2583 476 2645 θεῖος
529 2582 694 2657 φόϐος
726 2582 968 2661 σιδηρῶν
1018 2589 1106 2643 καὶ
1156 2589 1413 2658 καθηλῶν
1448 2590 1543 2652 τὰς
1583 2592 1782 2665 σάρκας
1811 2595 1971 2665 ἡμῶν

327 2666 485 2726 ἔστω.
528 2671 800 2747 Μηδαμοῦ
832 2676 1028 2752 φθόνος
1070 2675 1370 2748 αὕλιζὲσθω
1396 2699 1408 2711 ’
1444 2677 1571 2752 μηδ’
1598 2678 1660 2734 αῦ
1706 2677 1850 2754 ἔριςο
1890 2683 1964 2754 μὴ

329 2760 436 2831 μὴν
467 2759 744 2833 κενοδοξία
765 2784 779 2796 ·
817 2766 955 2837 μήτε
1001 2788 1053 2820 τι
1101 2771 1209 2821 τῶν
1238 2766 1413 2842 ἔργων
1444 2773 1537 2823 τοῦ
1570 2769 1793 2831 σκότους
1818 2789 1830 2799 ·
1863 2768 1968 2832 ἓως

323 2846 414 2903 ὅτε
458 2846 752 2924 ἀκροϐολεῖ
796 2856 864 2907 τὰ
902 2856 1046 2925 πάθη
1100 2855 1470 2931 ἐκκρουέσθω’
1502 2856 1593 2912 ’ίνα
1638 2860 1712 2931 μὴ
1748 2858 1964 2913 εἶ’σοικι-

322 2937 513 2993 σθέντα
574 2939 666 2994 καὶ
725 2943 1076 3015 φαρμάξαντα
1132 2946 1230 3014 τὴν
1286 2946 1471 3019 ψυχὴν
1548 2944 1968 3002 δυσαπάλλακτα

316 3022 560 3098 γένηται.
594 3027 662 3082 “Ο
701 3028 1201 3103 ἀγωνιζόμενος
1233 3033 1440 3088 πάντα
1470 3034 1961 3109 ἐγκρατεύεται.

316 3114 541 3179 Οὕτως
599 3118 899 3193 τρέχετε,
954 3119 1068 3176 ’ίνα
1122 3119 1584 3194 καταλάϐητεο
1624 3124 1866 3180 ὑπείκετε
1916 3126 1966 3180 οἱ

2100 629 2178 677 est
2208 640 2238 676 a
2272 622 2376 676 Deo
2405 635 2506 691 pro
2530 618 2733 673 Clu-isto
2754 632 2863 671 non
2910 613 3085 669 solum
3124 619 3184 665 ut
3210 613 3271 663 in
3319 625 3442 663 eunt
3491 609 3737 662 credatis

2097 713 2195 766 sed
2218 720 2274 765 ut
2314 712 2483 765 etiam
2530 724 2625 780 pro
2684 707 2779 761 illo
2844 703 3139 777 patiamini
3186 717 3204 754 :
3262 698 3409 754 idem
3463 707 3737 753 certamen

2098 800 2378 868 habentes,
2411 798 2571 870 quale
2611 795 2823 851 vidistis
2872 794 2931 848 in
2973 807 3081 857 me,
3124 796 3442 860 peccatore,
3502 797 3554 842 et
3592 802 3740 841 nunc

2096 890 2308 946 auditis
2348 908 2366 944 :
2402 889 2549 943 idem
2615 884 2931 948 sentientes,
2977 882 3283 946 unanimes,
3343 877 3737 933 collaborantes

2091 981 2220 1050 ﬁdei
2250 979 2539 1050 Evangelii
2567 995 2585 1031 :
2617 992 2741 1031 cum
2796 982 2948 1028 metu
2981 975 3030 1027 et
3089 979 3331 1025 tremore
3377 968 3608 1023 salutem
3642 981 3739 1020 ve-

2093 1075 2266 1125 stram
2286 1068 2660 1141 operantes“:
2701 1070 2767 1120 ut
2797 1080 2902 1135 ego
2952 1063 3219 1133 peccator
3265 1059 3572 1129 gaudeam,
3605 1071 3738 1110 cum

2094 1159 2267 1216 audio
2298 1161 2368 1215 de
2397 1157 2577 1213 vobis.
2601 1155 2808 1210 Videre
2836 1154 3110 1208 Satanam
3136 1165 3149 1203 :
3174 1146 3361 1202 videte
3392 1144 3695 1201 audaciam
3719 1159 3733 1198 :

2092 1251 2281 1306 videte
2319 1246 2539 1318 nequis
2571 1246 2630 1299 in
2671 1243 2788 1299 ullo
2842 1244 3020 1297 Deum
3074 1239 3277 1292 irritet.
3341 1237 3519 1291 Draco
3575 1234 3732 1289 enim

2093 1356 2361 1412 magnus,
2386 1337 2542 1394 vafer
2563 1340 2618 1389 et
2649 1332 2893 1388 callidus
2922 1333 2979 1385 in
3011 1329 3195 1383 varias
3218 1330 3410 1397 partes
3433 1340 3495 1380 se
3517 1328 3728 1379 versat.

2091 1430 2197 1485 Ubi
2234 1446 2332 1500 per
2351 1428 2517 1481 ﬁdem
2546 1424 2829 1497 perimere
2852 1437 2965 1475 non
2986 1422 3193 1490 potest,
3225 1414 3345 1470 illic
3377 1430 3476 1485 per
3499 1413 3731 1485 lapsum

2089 1522 2354 1575 eamdem
2390 1517 2699 1589 perniciem
2749 1511 2913 1567 nobis
2960 1509 3103 1581 ipsis
3159 1506 3361 1562 afferre
3391 1504 3587 1559 studet
3633 1519 3736 1574 per

2088 1609 2270 1681 legem
2316 1606 2530 1678 peccati
2590 1604 3007 1674 repugnantem
3065 1597 3176 1667 legi
3236 1593 3451 1650 mentis
3492 1595 3725 1647 nostris.

2089 1700 2285 1770 Rugii,
2318 1697 2523 1768 quaerit
2552 1695 2702 1750 sicut
2730 1692 2817 1747 leo
2850 1705 3023 1760 quem
3055 1684 3261 1756 rapiat,
3289 1681 3499 1747 titillat,
3532 1682 3726 1752 ignem

2087 1788 2359 1854 accendit,
2394 1786 2759 1841 inﬂammare
2788 1781 2944 1851 cupit
2973 1777 3181 1833 animos
3239 1775 3503 1829 domum.
3538 1771 3731 1825 Habe—

1401 1869 1598 1925 ἐκεῖθεν
1656 1869 1841 1945 τρέχει
1887 1868 1968 1924 διὰ

2084 1896 2216 1934 mus
2238 1896 2271 1933 a
2302 1878 2417 1932 Deo
2450 1876 2604 1931 unde
2628 1872 2792 1927 illum
2813 1869 3234 1932 disturbemus,
3261 1879 3471 1934 aquam
3496 1859 3726 1932 capitis,

2084 1968 2471 2038 lacrymarum
2508 1964 2745 2027 fontem,
2780 1956 3256 2030 supplicationes,
3278 1951 3605 2015 ;orationes.
3640 1949 3728 2003 Sit

2080 2057 2139 2112 in
2169 2057 2436 2113 omnibus
2469 2054 2645 2110 timor
2668 2050 2790 2116 Dei,
2821 2049 2920 2120 qui
2964 2061 3192 2101 carnem
3248 2049 3503 2097 nostram
3554 2038 3725 2094 robo-

2081 2152 2167 2203 ret
2197 2157 2250 2202 et
2280 2146 2550 2217 conligat.
2583 2148 2883 2212 Nusquam
2916 2135 3136 2191 invidia
3167 2131 3412 2195 habitet,
3446 2145 3549 2184 nec
3581 2144 3719 2183 con-

2075 2238 2281 2298 tentio.
2301 2252 2407 2292 nec
2431 2233 2619 2290 inanis
2641 2229 2846 2303 gloria,
2879 2243 2982 2282 nec
3000 2225 3320 2296 quidquam
3353 2221 3422 2274 de
3445 2219 3717 2290 operibus

2078 2326 2498 2381 tenebrarum:
2533 2322 2671 2376 dum
2732 2317 2925 2373 adhuc
2972 2316 3281 2383 emergunt
3339 2314 3395 2364 et
3450 2309 3718 2362 oriuntur

2080 2415 2564 2489 perturbationes,
2599 2413 2943 2467 arceantur:
2993 2420 3065 2459 ne
3108 2406 3412 2473 postquam
3447 2400 3712 2489 admissae

2080 2477 2314 2572 iuerint,
2349 2477 2723 2572 animamque
2755 2496 3083 2562 iniecerint,
3116 2491 3414 2547 difﬁcilius
3432 2477 3719 2560 eipellan-

2075 2601 2189 2652 tur.
2227 2596 2328 2665 Qui
2359 2595 2420 2649 in
2449 2607 2619 2664 agone
2638 2587 2941 2653 contendit,
2964 2586 3030 2640 ab
3060 2582 3311 2639 omnibus
3331 2596 3387 2635 se
3416 2579 3717 2635 abstinet“.

2076 2687 2166 2741 Sic
2194 2686 2421 2751 currite,
2446 2690 2508 2737 ut
2547 2674 3069 2748 comprehendatis“
3100 2689 3114 2727 :
3176 2672 3357 2727 cedite
3413 2667 3719 2724 novissimi

2074 2775 2303 2846 primis.
2336 2775 2451 2829 Non
2481 2773 2629 2828 enim
2660 2778 2736 2824 est
2759 2765 3109 2822 dissensionis
3145 2766 3315 2827 Deus,
3344 2759 3434 2814 sed
3461 2758 3611 2829 pacis
3650 2758 3717 2810 ⁸⁷.

2073 2864 2326 2935 Diligite,
2350 2863 2503 2918 sicut
2534 2862 2707 2925 Deus,
2734 2854 3022 2929 praepositi
3046 2852 3310 2908 subditos
3340 2849 3368 2903 Ῥ
3406 2852 3461 2903 et
3500 2864 3613 2903 non
3645 2863 3712 2901 ex

2074 2954 2437 3019 auctoritate,
2471 2950 2569 3005 sed
2602 2965 2669 3003 ex
2686 2946 2892 3000 virtute
2925 2947 2980 2998 et
3004 2941 3260 2996 bonitate
3290 2937 3711 3007 subjectionem

2073 3042 2312 3113 exigatis
2333 3047 2387 3097 et
2416 3036 2826 3096 obedientiam.
2858 3032 2939 3088 Ne
2965 3028 3317 3102 separamini
3350 3027 3420 3081 ab
3438 3024 3710 3087 invicem,

2071 3134 2196 3188 loca
2264 3130 2446 3186 multa
2505 3133 2817 3193 mutantes,
2865 3127 2922 3178 et
2980 3134 3265 3190 nusquam
3325 3114 3711 3185 proﬁcientes.

318 3202 345 3222 ν
642 3213 663 3222 υ

318 3204 547 3299 ξ’σχατοι
575 3213 691 3271 τοῖς
720 3209 1080 3282 πρώτοις.ού
1113 3213 1233 3288 γάρ
1266 3213 1440 3266 ἐστιν
1474 3214 1965 3275 ἀκαταστασίας

2079 3224 2335 3279 Marcum
2369 3218 2786 3291 evangelistam
2803 3228 2999 3269 secum
3018 3223 3316 3265 assumere
3349 3204 3533 3260 noluit
3565 3205 3715 3258 Pau-

317 3294 347 3347 6
379 3296 551 3363 Θεὸς,
585 3295 731 3351 ἀλλ’
762 3298 1053 3373 εἰρήνης.
1082 3302 1349 3376 Ἀγαπᾶτε
1379 3305 1571 3368 θεϊκῶς
1603 3306 1652 3359 οἱ
1683 3308 1962 3379 προηγού-

320 3404 475 3456 μενοι
506 3384 630 3447 τοὺς
675 3385 971 3460 ἑπομένους
994 3410 1005 3421 ·
1039 3390 1128 3444 καὶ
1182 3392 1255 3463 μή
1310 3392 1359 3462 ἐξ
1399 3393 1721 3462 αύθεντείας,
1754 3394 1879 3450 ἀλλ’
1910 3395 1961 3465 ἐξ

313 3471 511 3545 ἀρετῆς
569 3476 656 3530 καὶ
715 3475 1050 3551 ἆγαθότητος
1110 3479 1432 3551 ἀπαιτοίητε
1488 3482 1550 3537 τὸ
1582 3484 1958 3556 ὑποτακτικὸν,

310 3564 401 3617 καὶ
438 3564 699 3634 ὑπήκοον.
735 3568 823 3634 Μὴ
858 3567 1159 3645 χωρίζεσθε
1205 3570 1297 3625 ἀπ’
1329 3570 1617 3642 ἀλλήλων,
1644 3568 1959 3646 ἀμείϐοντες

310 3651 559 3715 πολλοὺς
614 3655 865 3729 πρώτους
928 3660 991 3729 [ξ.
1032 3660 1280 3733 τόπους],
1313 3660 1401 3715 καὶ
1461 3660 1706 3735 οὐδαμοῦ
1759 3684 1961 3739 χρησι-

316 3741 587 3817 μεύοντες.
632 3745 852 3819 Μάρκον
891 3748 983 3801 τὸν
1015 3748 1401 3823 εύαγγελιστὴν
1451 3751 1557 3827 οὐχ
1600 3751 1778 3808 εἷ’λετο
1830 3776 1962 3826 συμ-

312 3829 651 3908 παραλαϐεῖν
681 3834 913 3903 Παῦλος,
947 3837 1020 3897 ὡς
1052 3836 1372 3913 γέγραπται,
1405 3837 1492 3895 διὰ
1537 3843 1598 3895 τὸ
1650 3845 1727 3914 μὴ
1779 3842 1963 3898 συνελ-

318 3926 448 3996 θεῖν,
482 3922 607 3981 ἆλλ⁹
640 3923 786 3981 ο⁹ίκοι
826 3928 1149 4003 ἀναστρέψαι
1195 3931 1258 3985 τὸ
1305 3932 1586 4007 πρότερον.
1620 3935 1779 4008 Πόσῳ
1826 3935 1964 4009 μᾶλ-

316 4011 417 4069 λον
447 4016 613 4086 ἡμεῖς
645 4014 919 4093 ὀφειλέται
949 4016 1109 4091 ἐσμὲν
1141 4019 1375 4094 στέρυειν
1404 4044 1417 4092 ;
1451 4024 1773 4085 ’Ἕκαστος
1815 4024 1875 4080 ἒν
1916 4028 1961 4099 ᾤ

313 4101 590 4174 ἔκλήθη,
623 4101 920 4182 ἀδελφοὶ,
955 4107 1015 4161 ἐν
1048 4108 1261 4182 τούτῳ
1293 4112 1562 4183 μενέτω.
1597 4115 1964 4187 Καθαρίζω-

314 4213 432 4266 μεν
461 4193 755 4266 ἑαυτοὺς,
786 4195 1147 4273 ἀγαπητοὶ,
1170 4198 1265 4254 ἀεὶ
1303 4201 1425 4255 ἀπὸ
1456 4204 1697 4266 παντὸς
1723 4205 1964 4278 μολυσ-

316 4285 443 4371 μοῦ
474 4283 713 4352 σαρκὸς
742 4284 848 4339 καὶ
880 4285 1281 4359 πνεύματος’
1316 4288 1784 4355 ἐπιτελοῦντες
1816 4296 1963 4371 ἁγι-

310 4369 573 4442 ωσύνην
620 4372 679 4427 ἐν
728 4368 909 4450 φόϐῳ
957 4380 1135 4438 Θεοῦ,
1189 4378 1309 4439 Τὰς
1362 4378 1763 4455 παραδόσεις
1812 4368 1959 4459 κρα-

307 4464 507 4529 τεῖτε,
539 4461 610 4524 ’ὰς
642 4460 1079 4547 έδιδαχθητε·
1109 4474 1407 4543 κατηχεῖτε
1436 4468 1752 4541 ἀλλήλους·
1780 4473 1961 4547 ὑπόμ-

306 4570 467 4619 νησιν
503 4546 806 4623 λαμϐάνετε
835 4554 916 4607 ἀεὶ
946 4558 1044 4609 τοῦ
1074 4555 1573 4633 θανάτου.Εὕχεσθε
1594 4546 1959 4637 οὗν,παρακα-

307 4637 421 4709 λῶ,
457 4639 585 4713 ὑπὲρ
657 4642 891 4700 πάντων.
938 4643 1304 4721 Εύλογεῖτε
1377 4646 1534 4712 τοὺς
1594 4646 1962 4713 διώκοντας

312 4728 512 4800 ὑμᾶς·
538 4727 903 4804 εὐλογεῖτε,
927 4733 1154 4807 καὶμὴ
1186 4739 1583 4812 καταρᾶσθεο
1609 4742 1966 4815 περιερχόμε.

306 4836 395 4872 νοι
425 4816 486 4872 ἐκ
509 4818 680 4874 τόπου
711 4819 788 4882 εἷς
835 4820 1019 4890 τόπον,
1056 4823 1456 4899 ὑστερούμενοι,
1492 4823 1836 4902 θλιϐόμενοι,
1868 4852 1966 4885 κα-

307 4908 680 4981 κουχούμενοι
700 4928 711 4939 ⁸
730 4912 785 4964 ἒν
812 4909 1067 4985 ἐρημίαις
1089 4915 1179 4969 καὶ
1201 4910 1348 4989 ὄρεσι
1370 4915 1718 4991 πλανώμενοι
1734 4938 1747 4951 ’
1765 4919 1799 4988 ἢ
1820 4920 1965 4996 τάχα

306 4996 403 5051 καὶ
420 4996 471 5051 ἐν
492 4996 650 5061 ὀπαῖς
670 5007 770 5068 τῆς
786 5004 887 5077 γῆς
904 5001 1226 5068 εἷσδύοντες.
1243 5006 1481 5082 Δύχεῖτε
1503 5008 1584 5063 ὅτι
1607 5007 1695 5064 διὰ
1710 5012 1959 5085 Χριστὸν,

310 5085 398 5140 ὅτι
434 5086 587 5158 ὑμῶν
621 5088 719 5143 οὐκ
748 5087 892 5160 ἄξιος
939 5092 967 5145 6
1006 5092 1232 5166 κόσμος.
1267 5096 1568 5171 Ἐνέγκατε,
1599 5101 1783 5153 τεκνία
1834 5121 1959 5172 μου,

306 5176 515 5246 τεκνία,
572 5177 816 5252 ἐνέγκατε
895 5182 1110 5255 μικρὸν,
1169 5185 1260 5239 καὶ
1332 5184 1604 5241 ἐλεύσεται
1682 5189 1877 5261 Κύριος
1933 5191 1960 5245 6

309 5264 729 5339 στεφανοδότης,
788 5270 815 5323 6
877 5271 1284 5343 μισθαποδότης
1319 5293 1332 5306 ⁸
1395 5276 1456 5328 οῦ
1515 5276 1959 5352 συγκληρονὸμοι

305 5357 626 5441 γεγενῆσθαι
697 5356 1128 5435 ἐπηγγέλμεθαο
1184 5361 1383 5437 Ε⁹ίπερ
1448 5367 1956 5441 συμπάσχομεν,

301 5440 415 5498 ’ίνα
444 5444 551 5499 καὶ
594 5443 1137 5522 συνδοξασθῶμεν
1164 5471 1177 5484 ·
1212 5449 1300 5505 ἔπὶ
1342 5458 1469 5508 πᾶσι
1522 5440 1955 5532 προσευχόμενοι

380 5569 433 5646 ff
460 5572 670 5646 Philip,
704 5577 879 5646 11,12.
957 5579 1002 5615 ⁴⁸
1033 5579 1203 5637 ICor.
1237 5598 1311 5637 xx.
1344 5583 1433 5638 25.
1512 5584 1556 5617 “
1596 5584 1738 5639 ibid.
1769 5586 1858 5642 24.

306 5644 587 5774 aliger.
616 5644 720 5718 κω,
754 5644 805 5704 1.
882 5648 925 5686 ⁶¹
957 5651 1158 5708 Thess.
1191 5669 1254 5721 Il,
1291 5654 1378 5709 14.
1456 5653 1502 5688 ⁸³
1529 5655 1695 5711 Rom.
1727 5674 1828 5726 xu,
1882 5658 1965 5714 14.

1936 5584 2035 5642 ⁴⁷Ι
2090 5589 2213 5644 Cor.
2265 5606 2376 5657 xw,
2410 5589 2499 5644 33.

2042 5658 2092 5694 ⁵³
2142 5661 2312 5716 Hebr.
2370 5677 2450 5728 xi,
2503 5660 2593 5715 37.

2078 3314 2189 3379 lus,
2223 3312 2372 3366 sicut
2400 3309 2682 3379 scriptum
2715 3310 2803 3360 est
2834 3303 2901 3370 ‘3,
2941 3316 3007 3355 eo
3038 3299 3193 3371 quod
3228 3313 3342 3351 non
3391 3294 3531 3349 isset
3578 3310 3713 3347 cum

2073 3403 2167 3469 iis,
2199 3403 2300 3458 sed
2333 3401 2488 3456 domi
2514 3399 2671 3467 prius
2703 3391 3100 3450 remansisset.
3135 3390 3359 3453 Quanto
3391 3384 3573 3452 magis
3605 3401 3712 3440 nos

2073 3493 2435 3564 acquiescere
2475 3490 2751 3544 debemus
2779 3486 2806 3540 ?
2849 3486 3215 3553 Unusquisque
3244 3483 3307 3538 in
3364 3496 3464 3552 quo
3495 3486 3714 3534 vocatus

2071 3587 2173 3649 est,-
2194 3586 2418 3651 fratres,
2460 3581 2516 3634 in
2578 3577 2674 3632 hoc
2726 3577 3049 3646 permaneat
3100 3573 3163 3629 δ’.
3223 3571 3536 3626 Mundemus
3592 3583 3709 3634 nos,

2068 3671 2254 3728 dilecti
2282 3684 2491 3738 semper
2520 3669 2587 3722 ab
2616 3667 2768 3721 omni
2816 3663 3232 3735 inquinamento
3262 3661 3442 3715 carnis
3501 3662 3552 3712 et
3595 3657 3712 3724 spi-

2072 3764 2211 3817 ritus
2240 3760 2593 3833 per/icienles
2621 3754 3111 3825 sanctiﬁcationem
3168 3754 3227 3806 in
3275 3751 3471 3804 timore
3520 3747 3615 3802 Dei
3642 3744 3710 3797 ⁸ο.

2072 3853 2261 3907 Tenete
2291 3850 2608 3905 traditiones
2637 3862 2770 3918 quas
2826 3841 3110 3899 didicistis
3140 3839 3183 3874 ⁵ί
3218 3857 3231 3894 :
3259 3838 3531 3893 instruite
3569 3836 3712 3891 invi-

2074 3958 2216 4007 cem,
2281 3944 2523 3994 mortem
2583 3951 2811 4005 semper
2878 3930 3203 4002 recogitate.
3260 3928 3428 3984 Orate
3480 3926 3711 3994 itaque-

2072 4032 2333 4095 obsecro,
2390 4044 2493 4098 pro
2547 4025 2839 4081 omnibus.
2886 4019 3198 4076 Benedicite
3261 4017 3712 4089 persequentibus

2069 4135 2160 4175 vos
2192 4138 2209 4172 :
2239 4116 2557 4176 benedicite,
2590 4123 2641 4169 et
2697 4110 2875 4167 nolite
2920 4108 3248 4165 maledicere
3296 4105 3344 4141 ⁵³
3385 4122 3398 4161 :
3458 4106 3707 4160 circum-

2072 4212 2276 4264 euntes
2299 4208 2368 4262 de
2401 4206 2524 4262 loco
2563 4204 2622 4259 in
2677 4203 2892 4268 locum,
2942 4203 3197 4270 egentes,
3256 4193 3572 4268 angustiati
3616 4193 3705 4248 af-

2071 4298 2211 4354 ﬂicti
2241 4298 2304 4354 ⁸³.
2341 4297 2397 4352 in
2430 4294 2672 4351 desertis
2702 4296 2759 4348 et
2792 4291 3086 4345 montibus
3116 4292 3394 4348 errantes,
3428 4285 3624 4340 forsan
3652 4288 3710 4339 et

2071 4405 2347 4445 cavernas
2369 4385 2857 4442 terraeiutrantes.
2892 4379 3253 4449 ;Gloriamini
3296 4377 3431 4447 quia
3480 4380 3714 4446 propter

2070 4479 2363 4535 Christum
2415 4493 2428 4531 :
2486 4476 2617 4544 quia
2669 4474 2835 4528 vobis
2885 4472 3096 4541 dignus
3149 4484 3263 4523 non
3319 4472 3403 4521 est
3434 4466 3709 4520 mundus.

2070 4569 2382 4633 Sustinete,
2418 4565 2602 4632 filioli,
2634 4563 2742 4619 mei
2774 4578 2787 4615 :
2823 4560 3006 4625 filioli,
3044 4559 3326 4615 sustinete
3374 4556 3658 4611 modicum
3697 4570 3709 4608 :

2073 4662 2127 4713 et
2154 4657 2343 4712 veniet
2374 4653 2654 4710 Dominus
2683 4667 2904 4706 coronae
2955 4648 3141 4716 dator,
3191 4651 3248 4702 et
3288 4644 3568 4701 mercedis
3629 4660 3715 4699 re-

2078 4747 2319 4803 tributor
2353 4761 2367 4799 :
2400 4744 2570 4813 cujus
2602 4757 2707 4797 nos
2736 4739 3062 4797 coheredes
3095 4738 3213 4793 fore
3252 4735 3421 4791 nobis
3463 4732 3709 4803 promis-

2075 4852 2205 4892 sum
2236 4838 2324 4891 est
2355 4850 2369 4889 :
2402 4835 2461 4890 Si
2501 4840 2683 4887 tamen
2724 4831 3108 4900 compatimur,
3167 4829 3225 4881 ut
3254 4834 3306 4882 et
3343 4822 3710 4895 conglori/ice-

2072 4925 2267 4986 mur“,
2300 4926 2360 4979 in
2390 4922 2657 4980 omnibus
2689 4910 2945 4988 orantes,
2976 4935 3078 4989 pro
3136 4932 3227 4972 me
3258 4915 3433 4971 etiam
3476 4913 3708 4981 misero,

2074 5019 2138 5071 ut
2166 5015 2542 5071 conﬁrmetur
2570 5027 2666 5067 cor
2715 5027 2908 5066 meum
2938 5009 3007 5063 ad
3059 5005 3401 5079 perferenda
3433 5019 3613 5073 usque
3642 5007 3711 5057 ad

2073 5108 2318 5160 mortem
2348 5118 2417 5158 ea
2438 5119 2564 5173 qua;
2586 5100 2755 5156 nobis
2787 5098 3136 5169 inﬂiguntur
3168 5112 3181 5150 :
3217 5099 3282 5150 ut
3321 5110 3435 5149 non
3468 5091 3711 5163 repellat

2073 5210 2162 5250 me
2193 5192 2456 5248 Christus
2480 5196 2714 5263 propter
2743 5189 3154 5259 indignitatem
3182 5201 3367 5240 meam
3391 5182 3712 5237 :utliberer

2070 5300 2103 5338 a
2135 5282 2288 5337 malo
2319 5298 2419 5353 per
2447 5281 2640 5336 omnia
2672 5292 3109 5349 usquequaque.
3166 5274 3335 5330 Nunc
3391 5274 3539 5339 vivo,
3570 5270 3708 5325 dile-

2069 5372 2337 5439 ctissimi,
2371 5373 2510 5426 dum
2544 5369 2782 5425 statisin
2816 5367 3317 5435 Domino.Qu:eest
3346 5362 3495 5417 enim
3514 5363 3704 5415 nostra

2066 5477 2202 5533 spes,
2234 5473 2329 5516 aut
2358 5462 2639 5530 gaudium.
2673 5467 2767 5514 aut
2824 5474 3022 5514 corona
3050 5455 3241 5525 gloriae
3279 5452 3322 5487 ⁵⁵
3347 5456 3371 5505 .9
3400 5452 3586 5506 Nonne
3614 5465 3704 5505 vos

2576 5586 2623 5620 4⁸
2642 5588 2766 5642 Act.
2824 5601 2917 5640 xv.
2968 5584 3055 5639 38.
3133 5581 3233 5637 ⁴⁹Ι
3281 5582 3408 5638 Cor.
3479 5595 3580 5642 vn,
3610 5577 3701 5631 34.

2668 5658 2716 5692 ⁵⁸
2776 5657 2935 5713 Rom.
2996 5671 3117 5723 νιιι,
3179 5655 3263 5708 17.
3341 5651 3385 5686 ⁸⁵
3444 5651 3701 5706 IThess.
