4084 6284
352 386 510 448 1139

1602 394 1666 451 S.
1712 390 2112 453 THEODORI
2157 389 2520 453 STUDIT/E

3597 389 3756 449 1140

348 523 476 580 estis
506 532 630 580 tum
661 524 718 579 in
751 524 879 592 hoc,
912 527 1032 580 tum
1056 524 1115 580 in
1145 525 1353 586 .futuro
1393 525 1601 581 saeculo
1622 526 1650 581 ?
1689 527 1803 583 Vos
1833 527 1989 582 enim
2021 586 2023 592 τ

2132 525 2190 579 ,αὶ
2229 525 2361 597 ὑπὲρ
2391 522 2527 597 ἐμοῦ
2555 524 2652 576 τοῦ
2679 519 2870 575 ἀθλίου
2890 537 2902 550 ·
2931 519 3025 575 ’ἱνα
3061 540 3167 592 μου
3215 520 3484 593 στερεωθῇ
3535 522 3568 590 ἡ
3619 540 3754 594 καρ-

363 617 421 669 et
437 612 704 670 solatium
735 613 1050 681 charitatis,
1081 619 1138 670 et
1167 614 1482 671 consolatio
1516 632 1639 671 mea
1686 616 1845 672 estis.
1879 619 1998 688 Ips-

353 708 534 759 autem
567 705 706 760 Deus
733 703 885 776 pacis
914 704 1217 776 sanctiﬁcet
1255 721 1345 762 vos
1373 721 1470 777 per
1496 708 1680 762 omnia
1711 723 1729 760 :
1759 716 1818 762 ut
1847 709 1999 762 inte-

355 807 454 860 ger
473 794 702 862 spiritus
729 801 927 861 vester,
960 799 1012 848 et
1063 795 1274 860 anima,
1303 803 1352 850 et
1403 810 1592 866 corpus
1621 796 1738 850 sine
1779 795 1998 866 querela

358 891 600 937 servetur
627 881 692 937 ‘6.
720 878 931 938 Fidelis
961 883 1114 938 Deus
1173 888 1388 951 noster,
1422 885 1650 950 fratres,
1700 885 1797 955 qui
1830 889 1886 939 et
1916 885 2000 938 fa-

360 970 494 1025 ciet.
518 971 764 1026 Salutate
793 973 1030 1027 invicem
1056 973 1115 1026 in
1146 972 1333 1028 osculo
1379 982 1561 1028 sancto
1590 972 1658 1028 ⁵⁷.
1721 972 2003 1028 Salutatio

363 1074 513 1126 mea,
547 1059 786 1114 humilis
808 1060 1096 1115 Theodori
1129 1062 1197 1115 ad
1221 1060 1416 1116 omnia
1473 1062 1735 1116 membra
1767 1077 1895 1116 mea
1937 1076 2005 1116 ex

361 1147 538 1204 labiis
568 1150 759 1204 cordis
792 1151 927 1205 mei.
971 1149 1244 1205 Salutant
1294 1167 1395 1206 vos
1453 1152 1550 1222 qui
1611 1167 1836 1207 mecum
1867 1155 2005 1206 sunt

362 1237 590 1293 fratres.
615 1238 809 1293 Gratia
829 1254 962 1294 cum
993 1239 1202 1311 spiritu
1224 1249 1432 1296 vestro.
1467 1241 1672 1296 Amen.

2109 611 2196 667 δία
2227 613 2458 687 ἐνεγκεῖν
2495 606 2659 685 μέχρι
2712 610 2938 665 θανάτου
2985 610 3052 664 τὰ
3101 608 3410 684 ἐπαγόμενα
3459 611 3594 681 ἡμῖν
3620 628 3633 641 ο
3660 608 3756 662 θίνα

2113 704 2187 775 μή
2227 723 2291 774 με
2347 703 2633 770 ἀπώσηται
2675 700 2911 771 Χριστὸς
2962 697 3049 754 διὰ
3097 699 3195 767 τήν
3246 697 3572 770 ἀναξιότητσὶ
3614 717 3754 771 μου·

2107 790 2203 846 ’ίνα
2234 792 2410 865 ῥυσθῶ
2441 790 2546 845 ἀπὸ
2573 793 2668 844 τοῦ
2699 792 2939 863 πονηροῦ
2979 785 3068 842 διὰ
3099 788 3294 851 παντὸς
3334 787 3387 842 ἐν
3435 788 3595 842 παντῖ
3633 789 3760 860 τρό-

2112 903 2218 954 πῳ.
2252 885 2363 936 Νῦν
2408 885 2507 950 ζῶ,
2536 879 2834 956 ἀγαπητοὶ,
2865 878 2952 933 ἐὰν
3005 880 3161 952 ὑμεῖς
3212 879 3438 947 στήκετε
3465 876 3518 932 ἐν
3552 875 3758 952 Κυρίῳ.

2110 967 2220 1030 Τίς
2249 969 2372 1044 γὰρ
2421 969 2608 1039 ἡμῶν
2641 965 2856 1033 ἐλπὶς,
2889 965 2922 1034 ἢ
2956 965 3147 1040 χαρὰ,
3181 963 3216 1033 ἢ
3264 964 3581 1042 στέφανος
3610 983 3766 1017 καυ-

2114 1058 2417 1130 χήσεως;
2449 1055 2602 1110 ἀλλ’
2636 1055 2793 1132 οὐχὶ
2826 1055 3014 1127 ὑμεῖς
3043 1052 3316 1126 καὶέντῷ
3347 1057 3438 1107 νῦν
3467 1053 3644 1123 αἰῶνι,
3670 1051 3764 1106 καὶ

2115 1145 2168 1201 ἐν
2207 1151 2287 1217 τῷ
2321 1142 2729 1218 μέλλοντιςναὶ,
2746 1144 2899 1216 ὑμεῖς
2924 1144 3026 1217 γὰρ
3049 1143 3138 1198 καὶ
3160 1141 3502 1216 παραμύθιον
3525 1143 3766 1219 ἀγάπης,

2112 1236 2205 1291 καὶ
2234 1233 2576 1310 παράκλησίς
2616 1233 2970 1306 μου.Αὐτὸς
3001 1230 3066 1287 δὲ
3094 1235 3122 1288 6
3152 1233 3309 1295 Θεὸς
3337 1238 3455 1301 τῆς
3488 1231 3768 1306 εἰρήνης

363 1323 629 1399 ἁγιάσαι
661 1327 826 1400 ὑμᾶς
857 1325 1358 1398 ὁλοτελεῖς,καὶ
1391 1327 1772 1403 ὁλόκληρον
1810 1329 1989 1400 ὑμῶν
2021 1327 2092 1381 τὸ
2124 1331 2400 1399 πνεῦμα,
2431 1323 2541 1380 καὶ
2589 1326 2623 1393 ἡ
2675 1324 2881 1398 ψυχὴ,
2912 1323 3020 1378 καὶ
3052 1323 3123 1378 τὸ
3169 1327 3357 1395 σῶμα
3403 1321 3770 1395 ἀμεμπτως

363 1435 438 1485 τη
459 1417 717 1491 ρηθείη.
754 1419 998 1482 Πιστὸςὸ
1033 1419 1162 1482 Θεὸς
1190 1420 1350 1491 ἡμῶν
1375 1438 1388 1449 ·
1420 1419 1479 1480 ὃς
1507 1419 1595 1472 καὶ
1627 1421 1868 1489 ποιήσει,
1902 1415 2145 1495 αδελςςοί.
2179 1415 2590 1472 Ἀσπάσασθε
2617 1412 2960 1484 ἀλλήλους
3010 1411 3072 1468 ἐν
3126 1413 3286 1486 φιλή
3312 1433 3464 1484 ματι
3495 1412 3679 1488 ἁγίῳ.
3713 1412 3772 1460 Ὁ

364 1503 648 1578 ἀσπασμός
707 1528 810 1579 μου
859 1511 956 1562 τοῦ
1005 1513 1263 1562 ταπεινοῦ
1319 1505 1601 1582 Θεοδώρου
1650 1509 1784 1583 πρὸς
1834 1509 2004 1562 πάντα
2042 1508 2108 1561 τὰ
2150 1506 2289 1580 μὲλη
2338 1527 2446 1579 μου
2495 1505 2597 1559 ἀπὸ
2667 1502 2899 1579 χειλέων
2955 1524 3058 1578 μου
3107 1501 3352 1575 καρδίας.
3389 1503 3769 1571 ’Δσπάζονται,

372 1595 512 1668 ὑμᾶς
551 1596 602 1650 οἱ
638 1598 753 1668 μετ’
784 1596 920 1670 ἐμοῦ
953 1595 1202 1676 ἀδελφοί.
1234 1600 1299 1654 Ἥ
1333 1598 1496 1676 χάρις
1533 1598 1665 1671 μετᾶ
1693 1603 1788 1652 τοῦ
1818 1598 2122 1672 πνεύματος
2155 1596 2324 1668 ὑμῶν.
2361 1597 2562 1668 Ἀμήν.

598 1723 692 1780 IX.
724 1756 794 1766 -—
822 1726 1045 1798 Josepho
1073 1729 1243 1797 fratri
1270 1731 1323 1783 et
1343 1728 1759 1798 archiepiscopo.

2121 1730 2272 1780 Θ’.-
2307 1724 2550 1800 Ἰωσὴφ
2583 1719 2849 1797 ἀδελφῷ
2888 1720 2995 1776 καὶ
3034 1718 3773 1797 ἀρχιεπισκὸπῳ.[ρνα,.]

1155 1865 1524 1923 Quorumdam
1554 1864 2051 1928 praevaricationem
2085 1863 2264 1912 deﬂet.
2301 1862 2516 1923 (Baron.
2550 1876 2636 1912 an.
2666 1861 2778 1918 815,
2809 1875 2858 1910 n.
2901 1860 2955 1911 11
2986 1863 3003 1922 )

443 1964 679 2036 Semper
702 1965 845 2021 mihi
875 1965 1124 2037 optabile
1154 1967 1406 2022 scribere
1438 1967 1732 2022 sanctitati
1762 1971 1892 2032 tute,
1926 1983 2010 2022 ac.
2048 1968 2098 2033 B

374 2059 533 2109 tanto
565 2056 772 2127 magis,
809 2061 1026 2126 quanto
1093 2057 1283 2112 exsilii
1333 2058 1515 2112 nostri
1577 2055 1829 2129 longiora
1880 2061 2022 2112 sunt

374 2142 714 2200 intervalla:
750 2141 888 2200 facit
918 2148 1072 2201 enim
1099 2151 1163 2201 ut
1185 2146 1424 2218 prapius
1455 2145 1884 2218 quodammodo
1929 2160 2021 2201 ve-

373 2232 531 2288 niam
563 2234 622 2288 in
655 2234 1042 2290 venerabilem
1098 2241 1475 2306 conspectum
1524 2240 1715 2297 tuum,
1762 2243 1815 2291 et
1862 2236 2024 2290 leva-

373 2336 503 2377 men
537 2323 701 2378 aﬁ‘ert
731 2323 858 2394 ipsa
889 2322 972 2378 tui
1005 2322 1390 2380 allocutione:
1417 2325 1569 2395 quod
1598 2329 1655 2379 et
1687 2340 1839 2380 nunc
1871 2340 2021 2396 quo-

372 2426 484 2482 que
507 2411 710 2466 accidit
730 2413 981 2480 graviter
1002 2413 1263 2468 mmrenti
1295 2413 1366 2468 ob
1400 2413 1684 2485 proditam
1708 2430 1739 2467 a
1778 2414 2022 2484 quibus-

375 2501 507 2554 dam
550 2501 878 2571 praapositis
909 2502 1232 2558 veritatem.
1265 2501 1341 2557 Ut
1369 2502 1662 2572 enimjam
1693 2502 1852 2557 novit
1884 2519 2020 2558 san-

376 2589 540 2644 ctitas
574 2599 688 2659 tua,
723 2596 890 2646 vetus
921 2590 1022 2646 illa
1087 2593 1376 2659 custodia,
1410 2592 1717 2662 Iosephus,
1752 2591 2016 2663 inquam,

376 2675 625 2732 adulteri
660 2680 984 2749 copulator,
1021 2679 1437 2749 Photinodites,
1484 2679 1871 2750 Heracleotes,
1903 2681 2020 2735 Me-

378 2765 645 2832 diciotes,
680 2768 1839 2841 Mylianus,_Hypolichniotes,Gulaealcs,
1879 2775 1954 2838 et,
1988 2787 2019 2826 ο

379 2860 680 2926 peccatum
698 2873 892 2912 meum
921 2857 934 2911 l
961 2859 1132 2914 etiam
1147 2858 1569 2927 Phlubutenus,
1586 2859 1769 2914 stulta
1789 2859 2017 2931 simpli-

380 2943 552 2999 citate
583 2951 814 3017 captus,
838 2949 1097 3002 unanimi
1149 2964 1491 3014 consensu,.
1523 2949 2018 3019 dispensationem

380 3033 604 3088 scilicet
651 3041 1108 3107 propugnantes,
1154 3039 1378 3108 abrepti
1413 3039 1483 3093 ab
1523 3055 1588 3093 eo
1619 3040 1712 3108 qui
1746 3038 1882 3094 talia
1914 3055 2020 3109 pa-

377 3126 528 3178 trare
559 3122 698 3179 solet
728 3126 998 3198 Josepho,
1039 3130 1170 3198 post
1199 3127 1471 3183 Satanam
1509 3129 1795 3189 abierunt,
1839 3127 2020 3183 semel

381 3217 554 3282 atque
599 3213 810 3268 iterum
843 3231 975 3270 cum
1017 3215 1210 3285 impiis
1253 3218 1769 3273 communicantes.
1800 3217 1921 3282 Qua
1951 3217 2021 3271 de

381 3317 557 3356 causa
586 3302 860 3358 benevole
884 3305 1132 3374 dimissi,
1166 3305 1224 3360 in
1247 3322 1498 3362 errorem
1522 3324 1694 3361 suum
1719 3307 2021 3363 instabiles

381 3389 713 3461 impellunt.
738 3392 1090 3459 Quinetiam,
1116 3399 1180 3448 ut
1214 3400 1467 3466 apparet,
1500 3396 1764 3450 Nicaanus
1796 3414 2024 3468 quoque

389 3481 448 3535 in
481 3481 709 3535 ruinam
741 3482 963 3552 positus
993 3488 1083 3538 est
1113 3485 1542 3556 episcoporum.
1565 3486 1847 3542 Revocant
1869 3488 2025 3542 enim

387 3572 459 3624 ab
492 3569 730 3638 exsiliis,
769 3577 834 3625 ut
864 3571 1000 3626 talia
1067 3572 1299 3628 faciant.
1348 3574 1411 3629 Et
1472 3575 1586 3630 nisi
1633 3592 1737 3630 nos
1781 3575 2024 3631 fulciens

385 3662 695 3730 praeveniat
727 3676 938 3715 manus
968 3661 1090 3728 Dei,
1125 3665 1383 3733 perimus
1414 3669 1468 3718 et
1537 3682 1640 3719 nos
1682 3665 1779 3736 qui
1811 3667 2026 3722 residui

387 3764 614 3803 sumus.
650 3749 798 3814 Quid
829 3765 963 3821 ergo
986 3756 1075 3806 est
1097 3753 1250 3821 quod
1281 3752 1561 3807 etiterum
1583 3753 1640 3808 in
1657 3755 2025 3809 noshumiles

387 3853 517 3892 cum
543 3839 742 3908 paucis
765 3838 896 3894 aliis
923 3839 1256 3896 incumbere
1275 3841 1470 3897 fabula
1486 3843 1708 3898 videtur
1727 3845 1755 3896 ?
1775 3845 2027 3915 Exsurge

386 3927 598 3999 itaque,
624 3929 708 3982 vir
729 3927 848 3994 Dei,
882 3934 1158 4000 tanquam
1195 3932 1449 4000 pontifex
1481 3931 1692 3988 Christi
1721 3935 1836 3988 veri
1869 3936 2028 4004 prin-

388 4017 532 4088 cipis
563 4024 884 4088 pastorum,
909 4019 1544 4090 tantoqueimpensius,
1570 4029 1783 4093 quanto
1805 4024 2026 4078 ceteris

389 4107 664 4162 omnibus
721 4108 1127 4179 superemines
1205 4109 1460 4166 culmine
1519 4113 1842 4180 sacerdotii,
1913 4129 2028 4168 uno

388 4198 644 4268 dempto,
668 4197 769 4268 qui
809 4200 866 4252 in
899 4197 1096 4252 abdito
1127 4199 1414 4256 detinetur
1445 4217 1458 4255 :
1492 4202 1755 4271 Gtoriﬁca
1784 4202 1949 4257 Deum
1969 4206 2028 4257 in

387 4302 606 4357 corpore
637 4295 725 4342 tuo
755 4293 806 4342 et
837 4289 898 4342 in
922 4287 1130 4359 spiritu
1175 4293 1267 4346 tuo
1288 4291 1352 4346 ⁵⁸.
1381 4291 1504 4347 Non
1560 4294 1793 4364 penitus
1823 4293 1882 4348 in
1932 4295 2032 4349 in-

389 4375 512 4430 sula
543 4376 886 4448 relinqueris
920 4393 933 4431 :
967 4381 1219 4434 exerceri
1266 4381 1504 4436 forsitan
1565 4386 1621 4436 et
1687 4381 1916 4454 probari
1953 4391 2027 4450 te,

389 4465 543 4521 sicut
573 4473 1005 4539 antea,0portet
1036 4477 1096 4524 ut
1135 4486 1406 4526 coronam
1467 4472 1601 4526 inde
1659 4472 2032 4528 reierasillu-

392 4555 687 4611 striorem.
708 4555 828 4611 Heu
849 4557 860 4611 ί
879 4558 986 4612 heu
1010 4557 1021 4612 !
1042 4560 1236 4628 frater,
1261 4562 1316 4616 in
1337 4579 1460 4632 quae
1476 4566 1736 4632 tempora
1758 4562 2030 4617 reservati

391 4645 646 4699 sumus?
667 4645 774 4701 Sed
805 4647 990 4716 gratia
1013 4652 1205 4704 tamen
1237 4651 1286 4704 ei
1321 4651 1417 4720 qui
1449 4650 1798 4705 reservavit:
1833 4651 1900 4706 Et
1931 4651 2028 4707 hoc

389 4751 423 4788 a
455 4735 579 4802 Deo,
611 4735 688 4790 ait
719 4736 1048 4807 Apostolus,
1099 4742 1192 4808 qui
1225 4756 1260 4794 a
1314 4743 1469 4796 nobis
1527 4741 1785 4796 donatum
1823 4749 1901 4796 est
1924 4758 2026 4812 pro

392 4824 622 4891 Christo,
653 4841 763 4880 non
792 4828 967 4882 solum
1015 4835 1077 4882 ut
1109 4832 1166 4882 in
1197 4845 1321 4884 eum
1375 4831 1681 4900 credamus,
1712 4834 1801 4887 sed
1855 4835 2024 4887 etiam

388 4919 449 4969 ut
476 4930 572 4984 pro
593 4916 692 4968 illo
719 4917 1003 4986 patiamur
1033 4917 1098 4974 ⁵9.
1125 4919 1247 4973 Non
1283 4921 1541 4991 despexit
1591 4923 1864 4977 Dominus
1912 4923 2027 4977 hu-

392 5005 695 5059 militatem
743 5011 999 5062 nostram
1035 5007 1094 5062 in
1142 5009 1214 5064 iis
1248 5027 1373 5080 quia
1407 5016 1847 5066 antecesserunt
1881 5028 1894 5064 :
1929 5013 2028 5066 sed

391 5109 578 5164 neque
594 5111 763 5161 nunc,
791 5112 975 5166 spero,
1010 5097 1288 5166 despiciet
1320 5101 1692 5153 reverentiam
1712 5105 1898 5154 tuam:
1928 5099 2028 5154 sed

393 5185 543 5239 sicut
566 5189 725 5244 tunc.
760 5186 839 5239 ita
869 5190 924 5239 et
954 5203 1111 5241 nunc
1161 5188 1632 5257 magnilicabitur
1673 5188 1937 5243 Christus
1970 5190 2028 5244 in

395 5290 634 5345 corpore
664 5280 786 5336 tuo,
822 5276 1035 5331 faciens
1068 5293 1240 5345 supra
1292 5278 1526 5331 modum
1567 5277 2027 5333 misericordiam

395 5379 561 5418 suam
589 5366 658 5420 ad
690 5365 1082 5421 ostensionem
1141 5365 1375 5421 virtutis
1407 5370 1539 5421 tuae.
1574 5366 1896 5438 Propterea,
1947 5368 2034 5422 vir

395 5459 616 5515 sancto,
651 5459 704 5509 et
728 5455 868 5509 mihi
895 5472 1126 5527 quoque
1155 5455 1378 5528 porrige
1401 5472 1639 5512 manum
1672 5457 2034 5513 intercessio-

395 5541 508 5612 nis,
543 5549 606 5600 ut
663 5544 973 5601 conﬁrmor
1031 5549 1088 5601 et
1143 5562 1315 5602 eruar
1360 5547 1431 5602 ab
1481 5546 1787 5618 ingruente
1844 5547 2034 5603 hieme

460 5722 507 5760 ⁸⁸
537 5724 558 5782 Ι
591 5724 800 5783 Thess.
832 5741 884 5797 ν,
917 5727 1009 5783 23.
1085 5725 1133 5762 ⁵⁷
1173 5728 1221 5785 II
1252 5728 1377 5786 Cor.
1411 5735 1534 5797 xm,
1573 5729 1661 5786 12.

1736 5726 1784 5764 ⁵⁸
1815 5727 1986 5787 lCor.
2007 5743 2082 5799 vr,
2112 5727 2202 5786 20.

2200 1963 2358 2036 Ἐμοὶ
2415 1962 2476 2016 τὸ
2538 1959 2876 2016 ἐπιστέλλειν
2929 1966 2998 2036 τῇ
3055 1961 3328 2038 ἁγιωσύνῃ
3394 1981 3487 2015 σου
3544 1959 3776 2014 πάντοτε

2128 2053 2370 2123 ποθητόν
2397 2071 2410 2083 ⁸
2442 2051 2533 2107 καὶ
2581 2056 2836 2108 τοσοῦτον
2889 2052 3014 2107 ὅσον
3063 2052 3150 2107 καὶ
3197 2052 3261 2108 τὸ
3291 2058 3388 2122 τῆς
3421 2049 3778 2126 περιορίσεως

2130 2139 2407 2215 διάστημα
2459 2143 2830 2217 μακρότερον·
2875 2142 3030 2217 ἐγγὺς
3080 2143 3182 2219 γάρ
3237 2162 3303 2214 με
3351 2145 3500 2195 ποιεῖ
3545 2144 3641 2194 τοῦ
3693 2159 3779 2193 τι-

2133 2231 2260 2306 μίου
2298 2233 2594 2307 προσώπου
2627 2252 2720 2286 σου
2747 2249 2762 2263 '
2806 2231 2894 2286 καὶ
2948 2231 3225 2306 ῥᾳστώνην
3272 2229 3494 2302 ἐμποιεῖ
3537 2226 3623 2282 διὰ
3676 2233 3778 2296 τῆς

2127 2323 2606 2400 προσφωνήσεωςο
2641 2321 2728 2376 οἵα
2758 2319 2847 2374 καὶ
2899 2319 2989 2374 νῦν
3034 2320 3299 2392 λυπηρῶς
3343 2315 3671 2390 διακειμένῳ
3724 2317 3776 2370 ἐν

2126 2415 2194 2475 τῇ
2253 2413 2358 2463 τῶν
2398 2429 2558 2464 τινων
2616 2408 2937 2483 ἡγουμένων
2997 2406 3264 2483 προδοσίᾳ
3332 2414 3432 2477 τῆς
3491 2405 3777 2476 ἀληθείας.

2127 2501 2240 2554 Ἵνα
2268 2500 2370 2574 γὰρ
2406 2499 2518 2554 οἶδὲ
2549 2521 2645 2554 σου
2686 2502 2721 2569 ἡ
2756 2499 2994 2570 ὁσιότης,
3026 2499 3108 2554 ὅτι
3141 2502 3175 2566 ἡ
3216 2496 3386 2552 πάλαι
3432 2493 3737 2551 κουστωδία
3763 2515 3777 2528 '

2129 2587 2276 2662 λέγω
2309 2585 2374 2658 δὴ
2408 2589 2612 2663 Ἰωσὴφ
2647 2591 2672 2644 6
2724 2589 3146 2664 μοιχοζεὺκτης,
3180 2589 3206 2641 ὁ
3257 2585 3716 2653 Φωτεινουδίτης,
3751 2585 3777 2638 6

2129 2679 2560 2753 Ἡρακλειώτης,
2593 2680 2621 2732 ὁ
2674 2677 3058 2748 Μηδικιώτης,
3092 2680 3119 2731 ὁ
3170 2676 3468 2746 Μυλιανὸς,
3502 2679 3528 2732 6
3559 2674 3780 2730 Ὑπολι-

2129 2769 2402 2841 χνιώτης,
2431 2770 2457 2822 6
2489 2767 2854 2837 Γουλαιᾶτης,
2887 2766 3031 2822 ἀλλὰ
3063 2771 3159 2844 φεῦ
3186 2773 3286 2836 τῆς
3335 2765 3600 2840 ἁμαρτίας
3637 2772 3777 2838 μουῑ

2129 2856 2213 2911 ὅτι
2270 2859 2357 2912 καὶ
2409 2859 2436 2912 6
2487 2852 2908 2928 Φλουϐουτηνὸς
2959 2859 3114 2930 [893.
3158 2858 3284 2913 cod.
3323 2850 3779 2927 Φλουϐουτινὸς]ν

2130 2947 2462 3024 συλληφθεὶς
2496 2946 2549 3016 ἐξ
2602 2945 2828 3024 ἄφρονος
2886 2945 3229 3015 ἁπλότητος’
3285 2942 3654 3017 ὁμοθυμαδὸν,
3690 2966 3784 3017 μι-

2128 3037 2256 3110 κρὸν
2339 3036 2618 3098 ἐνστάντες
2706 3034 2863 3104 δῆθεν
2949 3035 3285 3108 οἰκονομίας,

2129 3126 2273 3201 παρὰ
2324 3129 2420 3179 τοῦ
2474 3125 2728 3186 εἰωθότος
2785 3124 3200 3198 κατεργάζεσθαι
3259 3122 3327 3177 τὰ
3382 3126 3608 3177 τοιαῦτα
3667 3124 3786 3176 Ἰω-

2132 3218 2261 3291 σήφ,
2294 3215 2654 3289 ἐξετράπησαν
2701 3214 2878 3269 ὀπίσω
2927 3218 3024 3268 τοῦ
3075 3218 3302 3281 Σατανᾶ,
3351 3213 3784 3280 κοινωνήσαντες

2135 3303 2268 3372 ἅπαξ
2301 3304 2390 3356 καὶ
2425 3300 2504 3364 δὶς
2536 3309 2650 3364 τοῖς
2695 3297 2958 3358 ἀσεϐέσιν.
2991 3303 3085 3356 Ἔν
3123 3301 3167 3372 ᾦ
3219 3300 3306 3354 καὶ
3353 3299 3592 3372 εὐμενῶς
3641 3299 3784 3352 ἀπο-

3379 3034 3780 3111 ὑφορμηθὲντες

2137 3391 2403 3462 λυθέντες,
2462 3391 2774 3447 ἁλίσκουσιν
2835 3391 2886 3447 ἐν
2945 3395 3024 3463 τῷ
3081 3389 3266 3463 οἰκείῳ
3342 3391 3597 3461 πτώματι
3656 3386 3786 3449 τοὺς

2134 3483 2519 3558 ἀστηρίκτους.
2551 3480 2709 3538 Ἀλλ’
2747 3482 2822 3544 ὡς
2871 3477 3034 3552 ἔοικε,
3077 3482 3164 3536 καὶ
3213 3485 3239 3536 ὁ
3287 3486 3386 3548 τῆς
3428 3477 3656 3539 Νικαίας
3706 3477 3786 3536 εἷς

2133 3577 2336 3646 πτῶμα
2390 3577 2563 3626 κεῖται
2618 3577 2727 3626 τῶν
2798 3570 3128 3627 ἐπισκόπων,
3192 3569 3617 3625 Ἂνακαλοῦνται
3677 3566 3783 3642 γὰρ

2132 3661 2258 3724 τοὺς
2295 3661 2346 3715 ἐν
2389 3660 2616 3737 ἐξορίαις
2656 3661 2790 3735 πρὸς
2833 3661 2894 3714 τὸ
2923 3662 2989 3714 τὰ
3019 3659 3184 3732 ὅμοια
3215 3661 3431 3733 πρᾶξαι.
3469 3655 3565 3711 Καὶ
3606 3654 3652 3710 εἰ
3705 3655 3782 3727 μή

2135 3751 2432 3828 προφθασει
2470 3753 2496 3820 ἡ
2531 3753 2655 3825 χεὶρ
2690 3753 2785 3805 τοῦ
2816 3753 2949 3805 Θεοῦ
2983 3745 3353 3823 ὑπερείδουσα,
3383 3744 3665 3818 ὀλλύμεθο.
3694 3745 3788 3798 καὶ

2137 3844 2188 3897 οἱ
2222 3840 2652 3918 ὑπολειφθέντες.
2683 3838 2750 3898 Τί
2782 3838 2872 3895 οῦν
2907 3839 3048 3896 ἐστιν
3083 3839 3164 3894 ὅτι
3196 3839 3285 3893 καὶ
3329 3835 3518 3906 πάλιν,
3553 3837 3626 3896 ὡς
3660 3834 3789 3912 φαί-

2136 3953 2301 4000 νεται,
2335 3930 2409 3992 εἷς
2440 3933 2586 4003 ἡμᾶς
2617 3930 2743 3991 τοὺς
2792 3929 3073 3991 ταπεινοὺς
3122 3927 3462 4003 περιίσταται
3501 3927 3563 3980 τὸ
3606 3923 3789 3996 δρᾶμα

2138 4025 2227 4077 σὺν
2279 4021 2528 4095 ὀλίγοις;
2561 4021 2787 4078 Ἀνάστα
2831 4019 2948 4087 οῦν,
2981 4020 3026 4072 ὦ
3073 4017 3336 4092 ἄνθρωπε,
3367 4021 3462 4072 τοῦ
3503 4019 3639 4072 Θεοῦ
3665 4034 3676 4045 ·
3715 4014 3792 4074 ὡς

2138 4111 2422 4187 ἀρχιερεὺς
2478 4115 2574 4165 τοῦ
2629 4112 2864 4184 Χριστοῦ
2920 4113 3017 4164 τοῦ
3051 4109 3314 4178 ἄληθινοῦ
3345 4104 3787 4182 ἀρχιποιμὲνος·

2136 4204 2223 4258 καὶ
2267 4205 2521 4256 τοσοῦτον
2573 4199 2696 4254 ὅσον
2746 4204 2853 4254 τῶν
2903 4199 3150 4254 ἁπάντων
3180 4198 3230 4252 εἶ
3260 4196 3542 4271 ὑπερέχων
3586 4199 3654 4268 τῇ
3704 4214 3791 4248 κε-

2138 4289 2328 4368 φαλίδι
2359 4297 2460 4360 τῆς
2489 4289 2812 4366 ἱερωσύνης,
2845 4287 2993 4357 πλὴν
3041 4289 3136 4343 τοῦ
3185 4287 3302 4347 ἐνὸς
3361 4285 3413 4340 ἐν
3458 4279 3790 4357 παραϐύστῳ

2137 4384 2406 4454 κειμένου.
2443 4381 2716 4449 Δὸξασιν
2774 4376 2848 4447 δή
2907 4379 3021 4434 τὸν
3081 4378 3236 4433 Θεὸν
3293 4374 3355 4430 ἓν
3396 4379 3481 4446 τῷ
3527 4371 3786 4445 σώματί

2139 4492 2253 4525 σου
2296 4470 2401 4525 καὶ
2450 4469 2509 4523 ἐν
2547 4472 2635 4539 τῷ
2665 4467 2994 4539 πνεύματί
3027 4485 3166 4521 σου·
3205 4465 3264 4520 οὗ
3298 4464 3513 4524 πάντως
3542 4462 3788 4536 ἀφεθήσῃ

2139 4558 2192 4614 ἐν
2211 4563 2279 4632 τῇ
2308 4561 2456 4630 νήσῳ
2483 4578 2496 4591 ο
2527 4556 3077 4632 τυχὸνσπειρασθῆναί
3110 4575 3165 4609 σε
3197 4551 3277 4608 δεῖ
3315 4552 3450 4607 uti
3478 4554 3544 4606 τὰ
3574 4551 3748 4605 πάλαι
3771 4566 3788 4582 ⁸

2137 4647 2226 4703 ’ἱνα
2275 4649 2365 4703 καὶ
2413 4647 2731 4723 στεφανίτης
2767 4645 3036 4700 κᾶνταῦθα
3094 4642 3475 4718 λαμπρότερος
3509 4639 3786 4718 χρηματί-

2060 4718 2104 4782 D
2137 4761 2271 4801 σοις.
2306 4736 2392 4807 Α’ἰ,
2433 4737 2512 4805 αἳ,
2561 4733 2780 4814 ἀδελφε,
2841 4735 2915 4797 εἷς
2975 4733 3128 4795 ο⁹ίους
3185 4731 3405 4808 καιροὺς
3463 4728 3785 4802 ἒταμιεὺθη-

2138 4849 2276 4901 μεν;
2324 4826 2501 4884 Ἀλλᾶ
2575 4827 2738 4899 χάρις
2818 4823 2971 4896 ὅμως
3029 4829 3108 4896 τῷ
3184 4819 3634 4894 ταμιευσαμένῳ·
3697 4816 3783 4872 καὶ

2132 4921 2327 4972 τοῦτο
2367 4917 2490 4972 ἀπὸ
2522 4911 3422 4991 Θεοῦ,ιρησὶνὸἈπὸστολος,ὅτι
3452 4913 3615 4982 ἡμῖν
3649 4911 3793 4985 ἔχει’

2139 5007 2326 5081 ρίσθη
2365 5007 2524 5075 ὑπὲρ
2548 5008 2862 5078 Χριστοῦ,
2896 5002 2964 5058 οὐ
3001 5003 3198 5076 μόνον
3221 5003 3292 5056 τὸ
3321 5001 3414 5062 εἰς
3454 5000 3649 5056 αὑτὸν
3679 5013 3787 5055 πε-

2141 5097 2412 5167 στεὺειν,
2447 5095 2617 5151 ἀλλά
2663 5096 2770 5150 καὶ
2819 5096 2889 5149 τὸ
2944 5093 3100 5166 ὑπὲρ
3141 5092 3340 5147 αὑτοῦ
3379 5092 3685 5165 πάσχειν.
3715 5089 3785 5144 Οὑ

2138 5184 2358 5262 παρεῖδε
2392 5185 2587 5258 ’Κύριος
2620 5185 2717 5252 τὴν
2749 5182 3068 5238 ταπείνωσιν
3104 5183 3263 5254 ἡμῶν
3307 5180 3359 5234 ἐν
3397 5185 3513 5241 τοῖς
3563 5181 3784 5252 προλα-

2141 5271 2324 5330 ϐοῦσιν
2353 5295 2365 5307 ·
2400 5273 2525 5330 ἀλλ’
2557 5272 2683 5329 οὐδὲ
2728 5277 2844 5340 νῦν,
2877 5272 3129 5340 πέποιθα,
3166 5270 3491 5343 ὑπερόψεται
3548 5276 3647 5338 τῆς
3701 5289 3782 5323 τι-

2146 5363 2406 5437 μιὸτητὸς
2461 5381 2589 5418 σου’
2643 5361 2874 5424 ἀλλ’ὡς
2932 5365 3222 5432 τηνικαῦτα
3276 5359 3446 5420 οὕτως
3505 5359 3596 5411 καὶ
3663 5356 3782 5427 ἄρτι

2147 5453 2606 5530 μεγαλυνθήσεται
2645 5453 2883 5528 Χριστὸς
2929 5450 2982 5506 ἐν
3030 5473 3108 5523 τῳ
3159 5448 3366 5522 σώματί
3429 5468 3526 5502 σου
3554 5469 3566 5480 ·
3609 5451 3783 5501 ποιῶν

2143 5545 2598 5622 ὑπερεκπερισσοῦ
2653 5544 2715 5599 τὸ
2767 5539 2919 5606 ἕλεος
2979 5540 3141 5597 αὐτοῦ
3185 5539 3260 5603 εἷς
3293 5535 3510 5612 ἔνδειξιν
3541 5543 3638 5608 τῆς
3666 5537 3787 5612 ἀρε-

2279 5727 2323 5763 ιο
2348 5725 2598 5801 Philipp.
2632 5738 2672 5796 ι,
2703 5727 2791 5783 28.
