4084 6284
1092 329 1130 374 /

369 414 517 473 1141

1609 404 2169 467 EPISTOLARUM
2213 403 2358 465 LIB.
2405 403 2482 462 II.

3605 389 3762 452 1142

363 545 465 608 τῆς
498 563 614 602 σου.
648 542 740 597 Διὸ
771 541 984 616 ὀρέγοις
1015 538 1187 611 κάμοὶ
1221 541 1382 612 χεῖρα
1423 531 1835 607 πρεσϐευτικὴν,
1868 536 2002 605 δσιε,

2141 552 2338 591 imara.
2374 536 2491 598 Sta,
2541 537 2596 588 et
2645 532 2963 605 propitium
2997 531 3102 596 fac,
3134 537 3195 584 ut
3243 526 3494 598 procella
3542 525 3598 580 in
3653 541 3755 579 au-

366 632 736 706 στηριχθῆναι
765 630 856 684 καὶ
889 628 1125 694 σωθῆναι
1165 627 1270 681 ἀπὸ
1315 629 1412 680 τοῦ
1460 624 1748 686 ἐνεστῶτος
1798 629 2009 700 χειμῶ-

363 736 455 783 νος
486 726 696 796 τικροῦ.
751 721 919 790 Στῆοι
967 720 1054 773 καὶ
1116 715 1362 786 ίλέωσαι,
1418 721 1852 793 μεταστραφῆναι
1908 714 2007 781 τὴν

364 807 656 884 καταιγίδα
685 809 759 871 εἷς
791 805 958 882 αὔραν
998 810 1092 862 τοῦ
1137 806 1295 881 ἁγίου
1341 809 1654 877 Πνεύματος
1691 825 1701 836 ·
1754 804 1963 879 γένοιτο
2000 804 2010 857 ί

367 899 502 960 Τοὺς
535 896 803 972 ἀδελφοὺς
833 897 1208 968 ἀσπαζόμενος
1248 893 1479 950 πλεῖστα
1509 911 1524 925 ’
1576 894 1665 948 καὶ
1713 891 2016 965 παρακαλῶ

371 987 762 1064 ὑπερεύχεσοαί
798 1007 903 1059 μου
932 993 1032 1055 τῆς
1073 984 1471 1046 ταπεινώσεως.
1504 985 1566 1039 Οἱ
1617 981 1705 1038 σὺν
1749 982 1874 1056 ἐμοὶ
1903 987 2018 1046 τοῖς

369 1077 501 1133 ποσί
534 1097 628 1132 σου
659 1075 1112 1152 προσπίπτουσιν.

666 1247 726 1302 I'.
759 1277 829 1288 —-
858 1242 1254 1319 Ναυκρατίῳ
1282 1243 1522 1315 τέκνῳ.
1555 1241 1735 1316 [ρνβ’.]

2119 641 2243 679 ram
2277 624 2526 692 Spiritus
2559 622 2744 678 sancti
2802 624 3169 677 convertatur
3202 636 3215 674 :
3249 617 3473 673 utinam
3501 615 3512 669 !
3540 614 3757 669 Fratri-

2120 715 2230 769 bus
2254 713 2500 768 salutem
2526 711 2834 783 plurimam
2858 709 3006 774 dico,
3031 724 3128 763 eos
3151 707 3484 772 obsecrans,
3509 708 3573 759 nt
3597 706 3768 758 orent

2124 821 2224 876 pro
2255 801 2581 857 humilitate
2612 817 2758 856 mea.
2793 799 2898 863 Qui
2934 813 3157 854 mecum
3188 800 3340 863 sunt,
3372 795 3618 862 pedibus
3644 793 3764 848 tuis

2125 892 2524 949 advolvuntur.

2595 1243 2670 1297 Χ.
2703 1271 2765 1282 -
2801 1241 3094 1297 Ναασναιίο
3131 1239 3264 1311 ﬁlio.

374 1401 684 1466 Dogmatica
704 1399 768 1450 de
804 1399 1001 1450 sanctis
1022 1398 1362 1462 imaginibus.
1386 1399 1458 1448 Ne
1481 1395 1834 1520 quorumzigm
1859 1395 2010 1459 lapsu

1772 1473 1942 1513 ιιι-ου..
1979 1473 2029 1508 at

2141 1394 2502 1520 tgbzntiiarflii
2527 1409 2538 1444 :
2562 1396 2737 1460 potius
2763 1410 2824 1446 eo
2865 1397 2980 1460 ipso
2997 1394 3292 1445 excitentur
3313 1391 3379 1442 ad
3401 1392 3750 1443 constantiam
3765 1427 3777 1442 .

1772 1473 1942 1513 aron..
1979 1473 2066 1510 an.
2097 1473 2208 1516 διο,
2231 1473 2283 1509 n.
2318 1473 2390 1508 15.

445 1605 668 1680 Πονηρὲ
695 1607 731 1674 ἡ
771 1603 1003 1682 ἀγγελία
1033 1607 1139 1658 τῶν
1189 1604 1528 1679 γραμμάτων
1575 1624 1694 1672 σου,
1725 1600 1768 1656 ὦ
1797 1602 1978 1658 τέκνον
2004 1622 2017 1637 ’

373 1695 502 1764 ἥτις
537 1695 893 1768 καθαψαμένη
932 1714 1036 1766 μου
1077 1699 1178 1762 τῆς
1226 1695 1482 1760 ταπεινῆς
1541 1694 1726 1767 ψυχῆς
1783 1697 1861 1765 τῷ
1910 1687 2020 1746 ὅντι

375 1781 650 1854 ώδύνησε,
681 1784 771 1837 καὶ
803 1780 1032 1857 δάκρυον
1081 1781 1512 1856 προσεκαλέσατο
1553 1779 1841 1855 καρδιακον
1875 1800 1888 1814 ’
1944 1803 2024 1854 μι-

371 1877 509 1947 κροῦ
568 1871 701 1942 δεῖν,
751 1871 945 1928 ἄϋπνόν
994 1893 1086 1946 μοι
1138 1872 1236 1940 τήν
1282 1871 1444 1926 νύκτα
1491 1871 1606 1925 καθ’
1652 1871 1718 1940 ἢν
1761 1869 2025 1943 ἐδεξάμην

374 1960 465 2015 ἐπὶ
521 1968 713 2037 χεῖρσς
767 1959 870 2031 τήδ
927 1959 1221 2027 ἕπιστολῆν
1281 1960 1644 2033 ἐμποιήσασα.
1687 1962 1862 2016 Τοῦτο
1925 1960 2018 2034 μὲν
2060 1931 2100 1994 Β

373 2049 464 2104 ἐπὶ
495 2052 708 2106 πάντων
755 2056 863 2105 τῶν
914 2053 1394 2124 συμπεπτωκότων
1428 2069 1442 2083 ’
1493 2049 1775 2125 ἐξαιρέτως
1833 2047 1889 2103 δὲ
1947 2049 2021 2112 εἷς

373 2140 468 2194 τὸν
500 2147 600 2209 τῆς
649 2136 1030 2209 Φλουϐουτῆς.
1073 2143 1194 2197 ’Ότι
1243 2141 1295 2194 οἱ
1349 2140 1443 2214 μὲν
1489 2145 1605 2200 τοῖς
1652 2136 2023 2214 προλαϐοῦσιν

376 2229 549 2301 ὅμοια
578 2229 669 2284 καὶ
699 2234 858 2284 τανῦν
893 2226 1142 2303 ἔπραξαν
1175 2231 1202 2284 6
1253 2227 1311 2284 δὲ
1357 2234 1464 2284 τῶν
1517 2227 1820 2285 δοκούντων
1872 2228 2022 2284 ἐστά-

375 2340 466 2374 ναι
501 2319 759 2399 ἀσφαλῶς
791 2319 1134 2396 έγνωρίζετο.
1187 2323 1522 2395 Ἐθαύμαζον
1573 2321 1688 2394 οὖν,
1739 2320 1816 2376 ἔτι
1865 2322 2024 2392 έστη-

376 2410 554 2464 κότων
601 2409 796 2480 αὐτῶν,
848 2412 930 2466 ὅτι
996 2413 1070 2484 μή
1126 2411 1570 2486 ὁμολογήσαντες
1610 2414 1709 2479 τήν
1756 2413 2019 2486 προτέραν

379 2497 469 2554 ἐπὶ
535 2500 759 2578 μοιχείᾳ
804 2499 894 2554 καὶ
947 2503 1301 2575 μοιχοζευξίᾳ
1374 2504 1541 2570 ἧτταν
1616 2502 1812 2570 αὐτῶν,
1899 2501 2023 2555 ἀντ-

383 2592 666 2643 εποιοῦντο
698 2589 782 2643 ἐπὶ
815 2593 884 2662 τῇ
922 2590 1255 2664 προκειμένῃ
1302 2592 1547 2646 ὑποθέσει
1582 2610 1594 2622 ·
1628 2592 1715 2644 καὶ
1746 2591 1889 2665 τάχα
1921 2591 2024 2644 ὑπ-

385 2678 570 2732 ενόουν
602 2676 712 2750 ἰδίᾳ
748 2679 839 2733 καὶ
883 2681 1003 2734 καθ’
1051 2679 1270 2742 ἐκυτοὺς
1315 2682 1414 2749 τὴν
1465 2681 1820 2752 μεταμέλειαν
1851 2679 2024 2758 ἐσχη-

381 2766 528 2821 κέναι
572 2785 585 2800 ο
631 2769 722 2822 καὶ
768 2765 989 2843 ἔχαιρον
1041 2769 1068 2823 ὁ
1108 2769 1356 2832 ταπεινὸς
1404 2768 1490 2824 ἒπὶ
1539 2773 1606 2843 τῇ
1659 2767 2026 2844 ὀρθοποδὴσει

381 2857 584 2912 αὑτῶν.
609 2855 765 2912 Ἀλλ’
797 2859 870 2919 ὡς
898 2853 1091 2928 ἔοικεν,
1123 2857 1174 2912 ἐν
1207 2859 1423 2933 σαθροῖς
1470 2860 1569 2928 τὴν
1621 2861 1795 2914 οἰκίαν
1845 2859 2023 2914 αὐτῶν

381 2943 866 3020 οἰκοδομήσαντες,
903 2953 981 3020 τῷ
1019 2947 1246 3003 λαίλαπι
1294 2956 1395 3018 τῆς
1438 2950 1848 3023 προσπεσούσης
1878 2951 2024 3024 αἰρέ-

384 3056 543 3105 σεως,
587 3039 904 3092 πεπτώκασι
951 3041 1154 3092 πτῶσιν
1209 3039 1308 3105 τήν
1362 3039 1761 3113 χαλεπωτάτην
1794 3059 1808 3074 ο
1860 3040 2024 3095 πάλιν

383 3125 701 3200 οἰκονομίαν
748 3125 996 3200 λέγοντες
1045 3129 1147 3196 την
1201 3128 1448 3197 ἀθέτησιν
1498 3135 1598 3195 τῆς
1647 3128 1928 3199 ἀληθείας.
1960 3131 2027 3186 Οἱ

382 3215 537 3270 αὐτοὶ
576 3215 661 3269 καὶ
716 3215 976 3289 πρότερον
1030 3213 1331 3271 σκάνδαλον
1379 3217 1628 3294 γεγόνασι
1679 3221 1749 3291 τῇ
1791 3218 2028 3290 Ἐκκλη-

2209 1605 2503 1661 Pessimus
2533 1604 2774 1660 nuntius
2797 1603 3127 1660 litterarum
3157 1606 3415 1673 tuarum,
3448 1617 3480 1658 ο
3512 1599 3592 1657 fili
3626 1618 3639 1655 :
3675 1600 3779 1673 qui

2135 1695 2308 1750 simul
2331 1695 2608 1750 humilem
2641 1694 2898 1749 animam
2941 1710 3129 1748 meam
3163 1693 3378 1764 attigit,
3413 1708 3610 1747 revera
3639 1706 3776 1746 con-

2133 1782 2404 1850 tristavit,
2437 1788 2493 1839 et
2538 1783 2731 1838 cordis
2783 1781 3070 1854 lacrymas
3117 1781 3334 1846 elicuit,
3379 1785 3608 1835 tantum
3659 1795 3774 1834 non

2135 1875 2462 1930 insomnem
2494 1873 2636 1928 mihi
2668 1872 2914 1928 reddens
2948 1877 3178 1927 noctem
3208 1871 3371 1927 illam
3406 1887 3520 1942 qua
3551 1870 3776 1925 litteras

2133 1966 2346 2035 accepi.
2408 1969 2596 2035 Atque
2644 1964 2751 2018 hoc
2802 1963 3033 2034 quidem
3107 1961 3370 2018 omnium
3438 1977 3612 2016 causa
3660 1976 3779 2015 una

2135 2056 2278 2127 lapsi
2312 2064 2468 2124 sunt,
2505 2054 2755 2109 maxime
2786 2059 2979 2110 autem
3020 2055 3091 2110 ob
3147 2053 3452 2108 Phlubutce
3505 2050 3776 2122 praeposi-

2132 2151 2276 2201 tum.
2311 2145 2455 2200 Nam
2489 2146 2642 2216 quod
2675 2145 2745 2199 ad
2780 2144 2925 2199 alios
2957 2144 3182 2209 attinet,
3217 2145 3607 2197 consentanea
3639 2157 3776 2209 prae-

2132 2236 2317 2290 teritis
2349 2241 2638 2306 egerunt:
2701 2234 2794 2288 hic
2841 2249 2975 2288 vero
3026 2233 3194 2287 exiis
3243 2236 3386 2296 erat,
3422 2231 3521 2300 qui
3573 2244 3774 2284 secure

2131 2331 2282 2380 stare
2309 2325 2675 2381 videbantur.
2714 2323 2966 2378 Mirabar
3012 2322 3228 2394 itaque,
3251 2323 3591 2392 priusquam
3643 2335 3774 2375 rne-

2133 2420 2259 2471 rent
2289 2413 2396 2483 illi,
2428 2415 2580 2486 quod
2611 2415 2918 2485 pristinam
2955 2429 3120 2467 suam
3156 2412 3307 2466 circa
3333 2410 3683 2464 adulterium
3718 2411 3777 2462 et

2134 2501 2378 2560 adulteri
2414 2503 2648 2576 nuptias
2679 2502 2968 2570 ignaviam
3013 2500 3254 2556 minime
3283 2501 3681 2570 agnoscentes,
3715 2496 3771 2550 in

2134 2611 2195 2649 re
2226 2594 2492 2663 praesenti
2529 2591 2750 2664 aliquid
2801 2592 3079 2646 auderent
3111 2606 3124 2644 :
3159 2588 3596 2659 cogitabamque
3644 2585 3778 2640 illos

2133 2683 2402 2755 privatim
2419 2681 2656 2736 forsitan
2671 2685 2728 2735 et
2748 2680 2898 2752 apud
2916 2697 2976 2735 se
2999 2677 3336 2752 pmnitentia
3357 2681 3542 2733 tactos
3557 2675 3736 2730 fuisse
3761 2691 3774 2728 :

2134 2773 2262 2827 ideo
2280 2772 2604 2842 gaudebam
2640 2771 2831 2838 miser,
2866 2771 3035 2840 quasi
3067 2774 3220 2825 recte
3251 2766 3636 2823 ambularent.
3663 2765 3775 2820 Sed

2135 2861 2195 2917 in
2227 2861 2522 2933 marcidis,
2546 2869 2607 2917 ut
2637 2864 2891 2932 apparet,
2912 2861 3150 2915 domum
3183 2874 3349 2914 suam
3383 2855 3774 2920 aedificantes;

2133 2952 2472 3024 ingruentes
2523 2953 2800 3007 haereseos
2847 2950 3100 3018 turbine,
3132 2950 3304 3004 ruina
3351 2947 3606 3016 pessima
3653 2960 3784 2999 cor~

2137 3045 2414 3097 ruerunt:
2438 3041 2928 3112 dispensationem
2951 3039 3162 3094 iterum
3187 3035 3570 3109 appellantes,
3595 3035 3777 3104 ipsam

2135 3132 2396 3188 veritatis
2417 3129 2982 3186 condemnationem.
3005 3128 3090 3183 llli
3124 3127 3235 3198 ipsi
3260 3126 3360 3197 qui
3389 3123 3653 3179 Ecclesiae
3675 3121 3778 3177 Dei

2139 3220 2411 3278 seandalo
2442 3226 2610 3275 antea
2641 3220 2891 3287 fuerant,
2915 3219 3116 3273 eodem
3141 3232 3296 3271 nunc
3329 3214 3687 3279 relabuntur,
3721 3215 3779 3266 et

387 3305 592 3376 σίᾳτοῦ
622 3307 754 3360 Θεοῦ
788 3322 802 3337 ⁶
834 3306 921 3358 καὶ
953 3308 1044 3359 νῦν
1090 3306 1152 3359 τὸ
1197 3305 1327 3361 αὐτὸ
1375 3305 1444 3361 δι’
1490 3309 1561 3362 ὢν
1610 3305 1842 3381 ἔπρακαν
1891 3307 2027 3363 πάν-

2141 3311 2272 3367 facti
2303 3310 2395 3366 sui
2425 3309 2685 3379 exemplo
2707 3310 2776 3363 ad
2800 3309 3100 3362 interitum
3126 3307 3436 3378 provocant
3457 3301 3782 3358 universos.

385 3414 482 3454 τας
533 3393 1010 3468 προσκαλούμενοι
1059 3395 1135 3459 εἷς
1184 3394 1480 3454 ἀπώλειαν.
1523 3397 1688 3472 Καίγε
1735 3394 1949 3471 ἕτοιμοι
1984 3401 2035 3453 οἱ

388 3483 640 3539 πλεῖστοι
693 3485 828 3558 πρὸς
878 3485 976 3551 τὴν
1035 3488 1131 3538 τοῦ
1187 3490 1357 3540 κακοῦ
1424 3487 1707 3560 μετουσίαν
1783 3485 1835 3542 ἐν
1915 3494 2034 3551 ταῖς

389 3569 649 3647 ἀνάγκαις
696 3576 985 3644 ζητοῦντες
1033 3572 1260 3648 ἐξευρεῖν
1320 3596 1441 3630 τινα
1498 3577 1765 3656 πρόφασιν
1801 3598 1814 3612 ο
1861 3575 1928 3631 δι’
1969 3580 2033 3646 ἧς

393 3661 655 3724 ἅθλιπτος
691 3662 782 3716 καὶ
841 3661 1226 3737 ἀταλαίπωρος
1269 3666 1456 3725 αὐτοῖς
1497 3667 1524 3720 6
1576 3667 1706 3741 ὑπὲρ
1767 3662 2034 3729 εὐσεϐείας

390 3751 533 3826 ἀγὼν
577 3751 850 3830 ὑπαχθείη
885 3770 900 3785 ”
961 3749 1318 3824 ἐκοινώνησαν
1379 3754 1465 3808 ἐπὶ
1523 3760 1590 3830 τῇ
1641 3757 1860 3830 ἀρνήσει
1909 3763 2038 3832 Χρι-

389 3844 538 3908 στοῦ,
587 3843 684 3909 τῆς
737 3842 1024 3912 Θεοτόκου,
1074 3847 1180 3897 τῶν
1227 3844 1442 3899 πάντων
1492 3847 1682 3921 ἁγίων.
1730 3852 1897 3901 Τοῦτο
1929 3848 2032 3924 γάρ

385 3932 421 4000 ἡ
453 3936 552 3998 τῆς
594 3927 803 3994 εἰκόνος
855 3931 1160 3986 οὗτινοσοῦν
1215 3931 1459 4004 ἄρνησις.
1506 3939 1614 3988 Φεῦ
1660 3941 1758 4004 τῆς
1824 3957 2033 4010 συμφο-

389 4019 523 4092 ρᾶςῙ
579 4022 676 4094 φεῦ
720 4026 820 4088 τῆς
870 4017 1078 4090 ἀπάτης
1109 4022 1120 4076 !
1174 4020 1362 4095 ο’ίμοιι
1417 4027 1532 4084 πῶς
1559 4000 1919 4097 ξέναρξάμενοιι
1944 4000 2036 4081 κα-

391 4105 528 4178 λῶς,
559 4106 900 4185 ἐστράφησαν
935 4109 1012 4174 εἷς
1039 4109 1105 4165 τά
1139 4109 1354 4176 ὀπίσωτ⁵
1406 4112 1558 4185 οἷ’μοι
1586 4115 1598 4169 !
1647 4113 1838 4175 πόσοις
1883 4110 2030 4170 ἔσον-

388 4217 475 4251 ται
508 4199 855 4273 καταστροφή
890 4215 904 4229 ’
940 4199 1242 4275 ὁμοταγάσι
1271 4199 1361 4255 καὶ
1396 4201 1722 4276 ὑπερέχουσι
1755 4223 1768 4236 ·
1820 4202 2033 4267 λαῖκοῖς

387 4308 447 4342 τε
482 4288 572 4343 καὶ
630 4285 920 4360 κληρικοῖς
976 4289 1066 4343 καὶ
1129 4295 1465 4363 μονασταῖς;
1522 4291 1683 4347 Ἀλλ’
1737 4295 1772 4362 ἡ
1831 4295 2035 4368 ἂρχαία

387 4375 605 4449 πληγὴ,
635 4377 697 4431 τὸ
747 4376 1044 4451 ὲγκόλπιον
1089 4380 1270 4438 κακόν.
1302 4382 1506 4456 Ἰωσὴφ
1547 4383 1574 4436 6
1606 4381 1775 4438 πάλαι
1808 4383 2032 4445 εἰκότως

387 4463 613 4536 κληθεὶς
644 4467 1076 4542 Μοιχοζεύκτης,
1107 4467 1223 4522 νυνὶ
1277 4466 1334 4525 δὲ
1379 4469 1855 4545 Χριστεμπαίκτης
1887 4489 1902 4504 °
1936 4473 2032 4527 αύ-

389 4556 482 4618 τὸς
538 4553 737 4633 ὁδηγὸς
793 4562 910 4620 τοῖς
941 4564 1058 4626 ιτῆς
1105 4559 1335 4634 ἂρχαίας
1380 4560 1740 4625 κουστωδίας.
1785 4564 1854 4620 Τί
1895 4565 2031 4639 πρὸς

2145 3402 2212 3456 Et
2244 3402 2473 3471 quidem
2510 3399 2726 3470 paratis
2759 3398 2985 3470 plurimi
3019 3397 3088 3450 ad
3130 3394 3394 3450 criminis
3425 3391 3782 3454 societatem,

2146 3496 2481 3562 praetextum
2507 3489 2834 3560 quempiam
2859 3488 2915 3541 in
2952 3484 3392 3541 necessitatibus
3413 3480 3663 3551 reperire
3685 3495 3788 3549 ge-

2145 3580 2409 3646 stientes,
2444 3596 2555 3646 quo
2605 3592 2996 3632 aerumnarum
3029 3585 3082 3630 et
3134 3573 3532 3628 calamitatum
3585 3584 3785 3635 expers

2144 3673 2288 3745 ipsis
2323 3673 2548 3743 pietatis
2572 3674 2857 3726 certamen
2883 3667 3195 3721 reddatur:
3221 3665 3277 3718 in
3302 3662 3607 3732 negatione
3629 3658 3784 3713 Chri-

2145 3762 2240 3832 sti,
2278 3762 2550 3832 Deiparaa,
2602 3763 2932 3814 sanctorum
2981 3755 3266 3819 omnium,
3320 3749 3784 3805 communionem

2145 3853 2418 3908 inierunt.
2446 3850 2562 3905 Hoc
2593 3847 2878 3918 siquidem
2909 3853 2993 3900 est
3024 3842 3344 3913 cujuslibet
3371 3836 3650 3909 imaginis
3684 3852 3787 3890 ne-

2145 3941 2320 4012 gatio.
2353 3939 2396 3995 Ο
2430 3935 2782 4011 perniciem!
2817 3951 2849 3990 o
2899 3931 3225 3988 fallaciaml
3264 3930 3353 3985 bei
3407 3926 3590 3983 mihi!
3642 3941 3786 3996 quo-

2146 4031 2339 4097 modo,
2374 4046 2502 4085 cum
2555 4033 2708 4083 recte
2747 4025 3076 4096 coepissent,
3109 4029 3261 4077 retro
3311 4016 3571 4074 conversi
3603 4013 3786 4071 sunt?

2144 4121 2238 4177 hei
2271 4119 2412 4174 mihi
2440 4119 2453 4173 !
2488 4134 2660 4189 quam
2685 4116 2884 4170 multis
2917 4111 3107 4168 fraudi
3129 4117 3294 4166 erunt
3317 4118 3368 4164 et
3399 4103 3783 4168 subversioni,

2144 4209 2550 4282 eequalibus,et
2573 4198 3344 4275 majoribus,laicis,clericis
3366 4201 3421 4253 et
3448 4193 3786 4250 monachis?

2142 4299 2366 4356 Etenim
2400 4296 2703 4366 antiquum
2734 4293 2969 4360 vulnus,
2991 4289 3336 4346 intestinum
3369 4283 3786 4352 malum,Jose-

2143 4389 2295 4460 phus
2327 4386 2465 4442 olim
2501 4383 2953 4439 Mmchozeuctes
2987 4379 3190 4435 merito
3214 4379 3426 4445 dictus,
3450 4390 3604 4430 nunc
3627 4371 3784 4428 Chri-

2143 4480 2526 4548 stcmpzectes,
2559 4474 2683 4544 ipse
2712 4472 2829 4526 dux
2869 4469 2979 4525 fuit
3009 4469 3216 4524 veteris
3260 4466 3531 4522 custodiae
3566 4478 3783 4534 praepo-

2143 4567 2310 4624 situs.
2329 4565 2476 4631 Quid
2499 4564 2569 4619 ad
2592 4564 2711 4617 haec
2730 4561 2758 4615 ?
2788 4559 3256 4632 languidioresne
3275 4556 3497 4612 erimus
3515 4553 3542 4608 ?
3562 4555 3785 4622 frange-

391 4647 557 4700 ταῦτα
596 4666 611 4716 ;
662 4644 1114 4720 ἐκλυθησόμεθα;
1169 4652 1665 4724 καταπεσούμεθα;
1713 4654 2029 4727 ἂποκαμού-

2145 4673 2277 4713 mur
2297 4657 2324 4711 ?
2348 4655 2720 4711 concidamus
2747 4651 2962 4706 animis
3001 4650 3071 4704 ad
3107 4647 3550 4712 confessionem,
3583 4645 3787 4700 defen-

399 4735 532 4808 μεθα
587 4735 722 4808 πρὸς
776 4737 875 4806 τήν
936 4736 1175 4810 Χριστυῦ
1233 4737 1532 4816 ὁμολογίαν
1566 4741 1706 4813 ὁμοῦ
1737 4743 1826 4796 καὶ
1857 4737 2036 4798 ἔνστα-

397 4841 479 4875 σιν
515 4837 529 4890 ;
557 4819 846 4895 μηδαμῶς,
880 4820 924 4876 ὦ
955 4821 1205 4901 ἀδελφοὶ,
1252 4824 1542 4899 μηδαμῶς.
1577 4828 1644 4885 Εἴ
1676 4832 1800 4906 γάρ,
1832 4827 2037 4887 ἀσεϐῶν

395 4912 864 4979 καταπιπτόντων,
898 4912 948 4966 οἱ
980 4910 1179 4969 δίκαιοι
1211 4911 1446 4993 ἔμφοϐοι
1483 4915 1692 4974 ἓσονται
1726 4939 1741 4953 ·
1789 4919 1916 4976 ἀλλ’
1946 4921 2037 4978 οὖν

394 5003 477 5070 τῷ
513 5003 610 5054 τοῦ
653 5000 820 5063 πέλας
871 5001 1126 5076 πτώματι
1173 5003 1436 5083 ἀσφάλεια
1473 5013 1551 5079 τῷ
1605 5008 1851 5080 ἑστηκότι
1884 5012 2038 5086 μεγί-

400 5107 522 5158 στη.
581 5092 805 5162 Στῶμεν
863 5088 955 5146 οὖν
1025 5091 1074 5147 έν
1142 5093 1329 5167 Κυρίῳ
1399 5091 1762 5173 βεϐαιότερον,
1827 5098 2039 5172 μᾶλλον

397 5175 698 5252 παρακαλῶ
732 5197 746 5211 ’
785 5181 860 5252 μή
901 5182 1230 5254 πτυρόμενόι
1264 5182 1314 5238 έν
1348 5185 1540 5256 μηδενὶ
1593 5188 1694 5243 ὑπὸ
1743 5194 1851 5244 τῶν
1898 5189 2042 5245 ἀντι-

397 5268 681 5340 κειμένων.
742 5270 832 5337 Μή
895 5271 993 5345 γάρ
1050 5266 1224 5327 ἕνεκεν
1279 5277 1386 5327 τῶν
1451 5274 1946 5334 ὑποσκελισθέντων
2005 5282 2040 5348 ἡ

401 5357 672 5429 ὁμολογία
701 5360 912 5431 ἡμῶν;
961 5358 994 5428 ἢ
1043 5365 1111 5435 τῇ
1155 5365 1366 5418 τούτων
1413 5366 1591 5420 στάσει
1642 5366 2043 5442 ἐπερειδόμενοι

402 5447 930 5522 ἐστερεούμεθα,“ίνα
1005 5454 1094 5506 καὶ
1152 5453 1221 5527 τῇ
1277 5454 1510 5511 σκελίσει
1563 5457 1735 5512 αὐτῶν
1796 5481 2045 5515 κατασει-

402 5539 614 5601 σθῶμεν
653 5556 667 5606 ;
695 5539 769 5608 μή
801 5536 1011 5610 γένοιτο
1046 5540 1058 5595 !
1093 5536 1214 5595 οὔτε
1243 5543 1474 5612 τούτων,
1500 5542 1620 5599 οὔτε
1652 5545 1835 5602 ἄλλων
1872 5568 1886 5582 ο
1920 5550 2046 5622 Χρι-

405 5625 532 5716 στος
563 5627 725 5716 ἡμῶν
757 5626 784 5680 6
812 5625 1088 5716 Θεμέλιος,
1122 5627 1174 5684 ἐν
1207 5629 1252 5702 ᾦ
1293 5635 1564 5708 στήκομεν
1596 5653 1611 5670 ο
1645 5633 1696 5690 ἐν
1738 5637 1783 5708 ᾧ
1822 5640 2046 5716 καυχώ-

411 5715 577 5796 μεθαο
604 5715 697 5772 σὺν
726 5719 805 5788 τῷ
835 5714 1036 5792 Παύλῳ
1067 5699 1316 5796 λέγον-τες
1341 5741 1354 5757 °
1379 5699 1504 5786 ⁷Τίς
1544 5726 1578 5796 ἡ
1597 5729 1718 5800 μᾶς
1755 5699 2044 5806 ’χωρίσει

2145 4748 2487 4818 sionemque
2517 4742 2780 4799 Christi?
2830 4740 3069 4797 Minime
3117 4737 3394 4808 gentium,
3429 4736 3648 4803 fratres,
3683 4733 3788 4788 mi-

2147 4838 2323 4892 nime.
2357 4835 2584 4890 Etenim
2635 4833 2707 4900 si,
2740 4831 3144 4887 corruentibus
3189 4827 3409 4898 impiis,
3437 4825 3582 4895 justi
3628 4829 3785 4878 metu

2149 4925 2580 4999 percelluntur;
2615 4927 2673 4978 at
2703 4921 2877 4976 vicini
2915 4920 3116 4991 lapsus
3168 4917 3416 4971 maxima
3445 4920 3530 4970 est
3579 4911 3787 4972 stantis

2151 5015 2450 5072 securitas.
2490 5016 2718 5065 Stemus
2752 5009 2932 5080 igitur
2969 5007 3027 5061 in
3063 5006 3304 5060 Domino
3347 5004 3787 5067 constantiores,

2150 5103 2402 5175 amplius
2432 5101 2704 5166 obtestor,
2740 5115 2843 5152 nec
2883 5097 2941 5151 in
2975 5096 3091 5150 ullo
3132 5093 3424 5148 conterriti
3468 5093 3540 5146 ab
3589 5090 3790 5144 adver-

2151 5192 2338 5250 sariis.
2369 5189 2643 5262 Nunquid
2676 5188 2830 5243 enim
2863 5191 3096 5257 propter
3129 5200 3224 5239 eos
3249 5183 3346 5254 qui
3373 5180 3632 5236 subversi
3658 5185 3793 5233 sunt

2153 5283 2442 5339 confessio
2475 5284 2670 5335 nostra
2692 5278 2719 5332 ?
2753 5281 2853 5331 aut
2885 5275 3116 5329 illorum
3150 5273 3464 5328 stabilitate
3513 5269 3632 5324 nixi
3663 5285 3795 5323 con-

2153 5374 2527 5440 sistebamus,
2561 5373 2622 5424 ut
2651 5383 2847 5422 eorum
2884 5381 3109 5435 quoque
3148 5364 3312 5432 lapsu
3346 5360 3745 5416 concutiamur
3769 5357 3795 5410 τ

2152 5461 2353 5518 Absit!
2393 5476 2578 5532 neque
2627 5459 2856 5524 borum,
2890 5471 3078 5526 neque
3125 5453 3391 5508 aliorum.
3433 5450 3797 5504 Fundamen-

2153 5557 2279 5607 tum
2312 5555 2577 5606 nostrum
2609 5547 2875 5603 Christus
2906 5549 3014 5611 est,
3048 5544 3105 5597 in
3137 5559 3252 5613 quo
3296 5549 3541 5606 stamus,
3574 5541 3632 5592 in
3681 5553 3794 5606 quo

2153 5639 2488 5714 gloriamur,
2522 5653 2652 5693 cum
2681 5634 2857 5692 Paulo
2889 5634 3146 5688 dicentes
3175 5647 3188 5684 :
3224 5629 3355 5698 Quis
3383 5644 3478 5684 nos
3524 5615 3796 5700 separabit

2153 5747 2190 5788 α
2234 5730 2496 5788 charitate
2546 5728 2680 5782 Dei?
2725 5723 3071 5780 Tribulatio?
3115 5737 3195 5778 an
3237 5720 3530 5788 angustia?
3583 5733 3653 5772 an
3700 5716 3796 5787 fa-
