4084 6284
397 352 550 414 1143

1630 356 1696 416 8.
1741 352 2136 415 THEODORI
2179 353 2573 416 STUDITIE‘

3632 366 3795 426 1144

396 491 558 544 mes?
599 505 674 544 an
714 490 1065 560 persecutio?
1106 505 1181 544 an
1230 487 1501 545 auditas?
1564 505 1639 544 an
1687 489 2036 561 periculum?

2155 486 2280 542 ἀπὸ
2307 493 2426 557 τῆς
2457 485 2723 565 ἀγάπης
2749 492 2865 544 τοῦ
2896 494 3060 546 Θεοῦ
3092 509 3108 560 ;
3140 491 3395 568 θλίψις,
3426 494 3462 566 ἢ
3505 517 3798 579 στενοχ-

396 593 469 633 an
515 576 781 649 gladius?
814 576 920 633 Sed
971 578 1120 632 enim
1158 579 1217 631 in
1282 578 1366 631 his
1419 579 1671 634 omnibus
1716 593 2044 649 superamus

390 673 618 738 prapter
635 682 758 721 eum
778 667 875 738 qui
894 665 1092 721 dilexit
1114 681 1213 722 nos
1234 663 1379 721 ⁶⁰.⁶¹.
1403 666 1603 738 Itaque
1626 668 1726 738 qui
1748 667 2043 724 accinctus

395 770 502 826 pro
530 755 763 812 Christo
804 772 919 812 non
966 755 1287 826 certaverit,
1323 755 1704 825 Christianus
1750 772 1878 812 esse
1926 772 2042 811 non

396 847 606 915 potest.

465 1028 551 1082 An
582 1042 716 1083 vero
744 1027 1040 1084 incassum
1066 1031 1386 1100 martyrum
1433 1043 1671 1100 agones,
1700 1026 2041 1097 certamina,

395 1118 690 1171 tormenta
710 1116 738 1170 ?
771 1133 845 1173 an
867 1118 1133 1173 eamdem
1168 1118 1473 1173 nobiscum
1504 1133 1738 1173 carnem
1774 1133 1888 1172 non
1919 1132 2045 1187 ges-

396 1203 646 1260 serunt?
677 1207 764 1260 An
795 1206 973 1261 tantis
1005 1207 1310 1278 suppliciis
1340 1205 1586 1276 subjecti
1618 1205 1873 1261 laborem
1905 1204 2046 1260 nul-

396 1292 519 1349 lum
564 1294 921 1351 senserunt?
951 1297 1159 1351 Annon
1195 1312 1293 1352 eos
1323 1297 1512 1351 vivere
1558 1294 1827 1362 taedebat,
1861 1299 1925 1350 ut
1967 1295 2047 1350 ait

395 1383 708 1455 Apostolus
745 1383 839 1438 “‘1
894 1386 994 1440 sed
1044 1384 1341 1455 perenium
1395 1399 1686 1455 pinnarum
1732 1388 1910 1450 metu,
1941 1399 2045 1438 cae-

398 1472 751 1546 lestiumque
798 1474 1159 1546 praemiorum
1213 1475 1517 1542 desiderio,
1542 1475 1735 1529 carnis
1777 1483 2043 1539 mortem,

400 1567 488 1628 ut}
512 1566 836 1634 prudentes,
889 1579 1066 1635 quam
1115 1568 1386 1619 aeternam
1446 1563 1641 1618 subire
1690 1562 2041 1619 maluerunt.

399 1651 553 1707 Nihil
583 1656 1053 1724 expavescebant,
1089 1653 1331 1708 minime
1360 1653 1554 1708 animo
1585 1653 2044 1708 consternaban-

398 1746 518 1812 tur,
548 1745 606 1797 et
645 1742 835 1797 futura
864 1746 1142 1813 tanquam
1193 1742 1501 1812 praesentia
1548 1741 1893 1802 mediantes.
1928 1740 2042 1795 laeti

399 1836 457 1886 et
501 1830 722 1887 alacres
767 1832 838 1886 ad
886 1835 1175 1886 tormenta
1223 1831 1560 1902 pergebant,
1611 1831 1869 1885 muneris
1917 1831 2040 1886 loco
2075 1852 2119 1918 Β

397 1920 691 1976 habebant
744 1920 997 1992 plurima
1050 1920 1212 1976 rati:
1264 1920 1428 1975 Nobis
1476 1920 1623 1975 enim
1681 1937 1781 1993 pro
1830 1921 2042 1976 Christo

398 2010 666 2066 donatum
695 2017 777 2066 est
806 2026 918 2066 non
958 2009 1137 2065 solum
1165 2017 1230 2064 ut
1260 2011 1321 2064 in
1350 2025 1474 2065 eum
1524 2009 1827 2078 credamus,
1855 2011 1948 2066 sed
1990 2013 2052 2064 ut

397 2101 566 2156 etiam
619 2114 718 2172 pro
748 2099 847 2155 illo
899 2101 1186 2171 patiamur
1239 2100 1304 2154 ⁸³.
1338 2099 1410 2154 Ει
1473 2100 1612 2157 alibi
1652 2114 1930 2156 rursum:
1982 2100 2051 2153 In

402 2190 572 2245 multo
633 2191 782 2246 enim
833 2188 1203 2260 experimento
1259 2188 1642 2245 tribulationis
1706 2189 2051 2245 abundantia

398 2278 594 2350 gaudii
615 2277 865 2350 ipsorum
884 2276 1072 2348 fuit“.
1093 2278 1176 2334 Ita
1209 2278 1564 2350 gaudebant,
1581 2278 1658 2334 ita
1680 2277 2045 2345 laetabantur,

401 2386 535 2425 cum
584 2385 688 2441 pro
734 2368 964 2424 Christo
1013 2373 1351 2439 paterentur
1396 2367 1578 2423 sancti
1627 2383 1851 2423 omnes.
1893 2366 2046 2422 Deli-

403 2457 607 2513 bemus
635 2459 694 2512 et
738 2471 864 2525 nos,
896 2454 1285 2523 dilectissimi,
1317 2453 1657 2510 charitatem
1691 2454 1923 2520 Christi,
1954 2453 2047 2507 in-

404 2548 678 2602 cedamus
734 2561 834 2614 per
875 2549 1210 2600 sanctorum
1269 2542 1561 2615 vestigia:
1622 2543 1813 2599 saeculi
1869 2542 2046 2612 hujus

404 2637 641 2692 affectus
680 2651 882 2691 omnes
929 2634 1276 2705 abjiciamus
1308 2651 1321 2688 :
1354 2634 1473 2689 Non
1522 2634 1778 2690 habemus
1808 2635 1897 2689 hie
1924 2649 2043 2688 ma-

403 2735 623 2780 nentem
667 2723 943 2779 civitatem
981 2721 1047 2775 ⁸⁵.
1084 2723 1348 2792 Superna
1392 2723 1716 2779 Jerusalem
1762 2723 1945 2794 patria
1989 2727 2045 2778 et

403 2813 601 2870 civitas
631 2818 827 2869 nostra
854 2816 963 2879 est,
994 2828 1028 2867 ο
1057 2813 1161 2867 viri
1202 2818 1464 2884 potentes
1495 2812 1553 2867 in
1598 2813 1832 2883 Spiritu,
1873 2829 1905 2868 ο
1937 2812 2042 2867 ﬁlii

404 2902 527 2966 Dei,
565 2919 680 2959 non
710 2902 864 2958 enim
900 2904 1011 2957 mei
1043 2902 1139 2972 qui
1174 2906 1439 2973 peccator
1467 2901 1631 2956 sum!
1667 2902 1745 2956 Ne
1777 2918 2040 2973 procum-

401 2994 630 3061 bamus,
659 2992 923 3064 quamvis
965 3006 1169 3047 omnes
1217 2991 1646 3061 subvertantur,
1680 2993 1834 3063 quod
1866 2992 2036 3047 absit.

402 3081 523 3153 Ipsi
554 3092 769 3150 autem,
803 3086 867 3136 ut
923 3081 1078 3150 olim,
1108 3099 1140 3135 a
1196 3080 1311 3136 Deo
1340 3080 1692 3136 corroborati
1725 3097 1739 3135 :
1785 3080 1872 3136 vel
1931 3080 2041 3138 soli

398 3170 719 3227 etiamnum
755 3171 1174 3242 depugnemus.
1207 3170 1329 3224 Stat
1359 3189 1391 3225 ιι
1422 3171 1590 3225 nobis
1620 3170 1793 3234 Deus,
1818 3171 2035 3226 sancti-

400 3276 512 3332 que
543 3276 747 3316 omnes
777 3259 878 3331 qui
910 3276 1159 3331 unquam
1189 3259 1443 3314 fuerunt.
1467 3259 1776 3315 Nobiscum
1809 3260 2036 3325 Oriens,

397 3351 703 3407 nobiscum
734 3349 1057 3405 Occidens:
1090 3349 1298 3422 exigua
1341 3366 1473 3419 pars
1523 3355 1612 3405 est
1660 3366 1786 3421 quas
1826 3351 1898 3405 ab
1938 3350 2038 3405 Ec-

397 3438 574 3496 clesia
630 3438 905 3494 universa
958 3455 1085 3494 sese
1133 3439 1388 3508 abrupit.
1423 3443 1479 3493 et
1535 3439 1805 3510 sejunxit,
1865 3440 2037 3511 idque

396 3535 576 3593 metu,
610 3533 666 3583 et
697 3533 927 3600 propter
954 3527 1074 3582 haec
1106 3527 1467 3598 temporalia,
1501 3537 1730 3600 propter
1758 3545 2030 3585 carnem:

395 3634 570 3690 quam
606 3616 1130 3688 postmodum,nisi
1162 3616 1459 3672 veritatem
1483 3618 1874 3682 defendimus,
1890 3635 2036 3674 sem-

393 3707 638 3779 piternis
676 3707 909 3778 ignibus
942 3723 1057 3761 una
1098 3722 1232 3761 cum
1288 3706 1485 3761 anima
1537 3706 1664 3778 ipsa
1712 3708 2030 3763 trademus.

393 3797 793 3863 Exerceamur,
826 3801 968 3861 esto,
999 3804 1053 3850 et
1100 3795 1473 3867 ﬂagellemur,
1505 3812 1691 3867 neque
1722 3797 1778 3851 id
1829 3796 2030 3868 semel,

393 3891 493 3945 sed
527 3887 737 3959 saepius
774 3904 787 3941 :
834 3886 1085 3958 denique
1134 3886 1466 3943 moriamur.
1500 3885 1701 3942 Nonne
1747 3894 1881 3958 post
1914 3888 2034 3944 haec

390 3980 667 4051 gaudium
699 3979 809 4034 erit
838 3977 1153 4046 inetl‘abile,
1179 3994 1284 4032 nos
1322 3976 1597 4033 caelorum
1624 3994 1863 4049 regnum
1901 3995 2035 4035 con-

390 4070 575 4139 sequi,
607 4074 662 4124 et
718 4067 965 4140 gloriam
1018 4066 1153 4122 inde
1201 4067 1413 4121 referre
1464 4067 1870 4134 immortalem,
1914 4085 2031 4123 non

389 4164 584 4215 contra
613 4156 685 4212 iis
717 4174 841 4228 qua:
885 4156 1004 4212 dixi
1034 4155 1247 4223 vitatis,
1290 4160 1591 4227 propterea
1648 4156 1870 4212 irrideri
1905 4174 2031 4228 per-

390 4247 1056 4319 petuo,etignominiam
1089 4245 1519 4301 interminatam
1551 4246 1878 4301 sustinere?
1908 4246 2029 4302 Uti-

388 4353 502 4409 que
534 4354 634 4391 vos
692 4353 810 4403 oro,
846 4336 1009 4391 ﬁlioli
1062 4336 1199 4401 mei,
1232 4350 1379 4407 quos
1428 4335 1602 4407 genui
1653 4336 1711 4390 in
1762 4336 2027 4404 Domino,

386 4427 601 4497 quibus
630 4425 1060 4481 incrementum
1095 4425 1255 4479 dedit
1282 4424 1583 4480 Christus:
1610 4441 1711 4496 per
1739 4442 2031 4482 aerumnas

384 4524 441 4571 et
467 4515 690 4571 labores
722 4532 833 4569 non
867 4513 1055 4569 solum
1091 4514 1393 4582 ssceticos,
1416 4531 1611 4570 verum
1640 4514 1812 4570 etiam
1844 4515 2025 4571 athle-

384 4607 552 4661 ticos.
596 4605 821 4676 Impleie
890 4604 1159 4674 gaudium
1204 4620 1408 4671 meum,
1467 4608 1529 4658 ut
1575 4606 1724 4660 idem
1772 4606 2022 4675 sapiatis,

382 4694 628 4749 eamdem
674 4695 1010 4750 charitatem
1074 4694 1350 4763 habentes,
1410 4696 1719 4763 unanimes,
1787 4695 2023 4767 iriipsum

382 4786 679 4840 sentientes
707 4800 727 4837 :
756 4782 901 4837 nihil
918 4798 1016 4852 per
1043 4786 1462 4847 contentionem,
1487 4799 1661 4855 neque
1682 4800 1780 4855 per
1799 4784 2024 4840 inanem

379 4874 635 4945 gloriam,
666 4872 757 4929 sed
788 4872 1121 4942 humilitate,
1150 4874 1457 4943 superiores
1499 4874 1608 4929 sibi
1655 4873 1890 4929 invicem
1927 4889 2024 4928 ar—

383 4965 648 5019 bitrantes
678 4963 742 5017 ⁸⁸.
777 4962 1101 5032 Apostolica
1134 4961 1254 5017 haec
1287 4963 1543 5017 monita:
1568 4962 1704 5018 licet
1732 4981 1764 5018 a
1797 4979 1885 5018 me
1919 4963 2024 5019 mi-

380 5070 508 5108 scro
540 5053 598 5106 in
648 5055 987 5108 memoriam
1037 5052 1406 5107 reducantur.
1440 5052 1606 5106 Orate
1655 5056 1711 5107 et
1760 5069 1861 5122 pro
1912 5068 2022 5119 me,

379 5143 639 5209 obsecro,
672 5148 735 5197 ut
765 5142 935 5196 detur
965 5141 1109 5196 mihi
1142 5142 1441 5208 fortitudo,
1476 5142 1672 5207 robur,
1703 5158 1891 5196 sermo
1924 5157 2026 5211 per

376 5248 499 5298 vos,
531 5232 801 5302 quamvis
832 5231 1023 5287 divina
1054 5231 1242 5300 gratia
1270 5229 1549 5300 indignus
1581 5232 1688 5286 sim
1724 5246 1738 5284 :
1787 5235 1846 5286 ut
1878 5246 2025 5284 una-

378 5321 611 5375 nimiter
642 5321 697 5375 in
732 5336 844 5375 uno
876 5321 1081 5392 spiritu
1112 5318 1465 5391 gloriﬁcelur
1493 5324 1646 5375 Deus
1691 5319 1749 5373 in
1792 5334 2027 5390 corpore

376 5418 429 5466 et
460 5410 668 5482 spiritu
695 5416 912 5466 nostro.
933 5410 1092 5466 Mitte
1112 5410 1181 5464 ad
1203 5407 1703 5479 archiepiscopum
1727 5410 2024 5480 egregium

376 5498 741 5570 Dionysium.
775 5498 977 5555 Saluta
1005 5499 1242 5555 Petrum
1275 5496 1563 5566 abbatem,
1598 5498 1887 5569 Ignatium
1922 5498 2025 5554 ab-

2154 574 2398 650 ωρία,ἢ
2424 574 3050 654 λιμὸς,διωγμὸς,ἢ
3090 583 3408 657 γυνότης,
3440 574 3802 654 ἢκίνὸυνος

2153 666 2187 734 ἢ
2224 664 2845 740 μάχαιραςΚαὶγὰρ
2876 667 2936 722 ἐν
2965 668 3241 734 τούτοις
3284 677 3479 729 πᾶσιν
3520 672 3796 751 ὕπερνι-

2150 759 2371 826 κῶμεν
2404 753 2510 809 διὰ
2538 759 2653 810 τοῦ
2694 755 3170 831 ἀγαπήσαντος
3205 760 3394 834 ὑμᾶς.
3427 762 3616 827 Οὕτως
3647 766 3676 820 ὀ
3711 766 3794 838 μή

2149 843 2620 919 παρατεταγμένος
2661 844 2762 902 οὐκ
2817 845 3125 922 ἀγωνιεῖται
3186 849 3317 928 ὑπὲρ
3367 854 3630 929 Χριγτοῦ;
3662 853 3797 911 οὐδὲ

2154 929 2372 989 δύναται
2403 937 2723 1009 Χριστιανὸς
2757 937 2913 995 εἶναι.

2225 1022 2335 1079 Οὔκ
2380 1023 2497 1094 εἰκῆ
2536 1026 2588 1081 οἱ
2636 1026 2843 1101 ἀγῶνες
2880 1032 2986 1084 τῶν
3041 1031 3352 1106 μαρτύρων,
3397 1033 3465 1089 τὰ
3525 1034 3685 1105 ἆθλα,
3734 1037 3794 1090 αἱ

2159 1112 2383 1188 βάσανοι
2416 1133 2429 1184 ;
2467 1118 2543 1189 μή
2575 1116 2677 1191 γὰρ
2710 1115 2818 1189 οὐχ
2850 1117 3152 1193 ὁμόσαρκοι
3182 1123 3342 1194 ἡμῶν
3372 1141 3386 1193 ;
3424 1125 3500 1197 μὴ
3534 1124 3631 1180 οὐκ
3660 1125 3796 1181 ἐπό-

2154 1223 2277 1258 νουν
2322 1205 2609 1267 τοσαύταις
2675 1207 2970 1282 τιμωρίαις
3018 1205 3514 1285 ὐποϐαλλόμενοι;
3563 1217 3638 1288 μὴ
3691 1217 3797 1271 οὐκ

2154 1290 2515 1367 ἐξηποροῦντο
2570 1294 2661 1349 καὶ
2718 1300 2815 1350 τοῦ
2867 1297 2985 1371 ξῇν,
3016 1296 3092 1362 ὥς
3129 1320 3297 1376 φησιν
3335 1302 3363 1356 ὁ
3404 1302 3741 1366 Ἀπόστολος
3775 1324 3792 1377 ;

2151 1380 2297 1437 ἀλλά
2323 1387 2403 1455 τῷ
2461 1378 2618 1460 φόϐῳ
2654 1388 2745 1467 τιῖἱιΔ
2780 1385 3013 1441 αἰῶνίων
3063 1387 3364 1460 κολάσεων,
3395 1391 3486 1446 καὶ
3531 1397 3610 1464 τῷ
3638 1394 3795 1467 πόθῳ

2150 1471 2256 1521 τῶν
2286 1467 2549 1543 οὐρανίων
2580 1464 2847 1542 ἀμοιϐὦν,
2881 1469 3091 1527 εἵλοντο
3126 1474 3363 1547 μᾶλλον,
3398 1476 3472 1539 ὡς
3503 1464 3794 1555 ἔμφρονες,

2150 1555 2241 1610 τὸν
2272 1562 2372 1625 τῆς
2405 1557 2602 1631 σαρκὸς
2644 1558 2886 1627 θάνατον,
2933 1560 3065 1635 ὑπὲρ
3113 1564 3205 1618 τὸν
3257 1564 3479 1621 αῗώνιον
3536 1567 3793 1643 ἤνεγκαν.

2151 1643 2265 1702 Οὐκ
2287 1644 2628 1717 ἐπτοήθησαν
2664 1666 2679 1679 ο
2722 1648 2784 1702 οὐ
2823 1647 3257 1724 κατεπλάγησαν.
3291 1655 3391 1709 Καὶ
3431 1654 3508 1718 ὡς
3550 1658 3798 1732 παρόντα

2150 1733 2217 1789 τά
2266 1734 2538 1801 μέλλοντα
2586 1739 2998 1814 φανταζόμενοι,
3034 1745 3178 1816 χαρᾷ
3217 1740 3467 1817 ἐχώρουν
3516 1747 3655 1820 πρὸς
3696 1747 3800 1808 τὰς

2154 1825 2418 1899 βασάνους
2452 1846 2466 1859 ⁸
2500 1823 2706 1904 δωρεὰς
2738 1830 2976 1904 ἡγοῦντο
3023 1832 3118 1893 τὰς
3146 1829 3539 1896 πολυπαθείας.
3590 1837 3797 1910 Ἠμῖν

2157 1913 2276 1989 γάρ
2304 1914 2630 1989 ἐχαρίσθη
2657 1916 2816 1990 ὑπὲρ
2838 1922 3130 1992 Χριστοῦ
3160 1919 3233 1974 οὗ
3259 1921 3459 1994 μόνον
3479 1924 3548 1979 τὸ
3569 1923 3662 1986 είς
3688 1924 3802 1979 αὗ-

2157 2004 2269 2058 τὸν
2301 2003 3057 2074 πιστεύειν,ἀλλάκαὶτὸ
3080 2008 3239 2083 ὓπερ
3262 2010 3798 2092 αὐτοῦπάσχειν.

2161 2092 2260 2147 Καὶ
2306 2092 2455 2157 αὖθις
2494 2094 2716 2168 ἑτέρωθι
2751 2116 2767 2130 ο
2800 2096 2907 2154 Ἐν
2938 2097 3063 2172 γὰρ
3110 2097 3335 2173 πολλῇ
3368 2096 3619 2175 δοκιμῇ
3658 2104 3797 2159 θλίο

2157 2185 2329 2252 ψεως
2351 2184 2893 2259 ἠπερισσείατῆς
2922 2191 3133 2264 χαρᾶς
3164 2189 3413 2246 αὐτῶν.
3448 2191 3631 2256 Οὕτως
3651 2189 3798 2268 ἔχαι.

2158 2292 2274 2348 ρον,
2343 2272 2514 2336 οὕτως
2576 2271 2896 2348 ἥγάλλοντο
2964 2275 3096 2352 ὑπὲρ
3173 2277 3412 2349 Χριστοῦ
3496 2280 3801 2356 πάσχοντες

2155 2360 2346 2423 πάντες
2378 2362 2429 2415 οἱ
2487 2362 2651 2438 ἅγιοι.
2709 2362 3030 2437 Γευσώμεθα
3084 2364 3174 2419 καὶ
3240 2368 3427 2439 ἡμεῖς,
3497 2367 3794 2444 ἀγαπητοὶ,

2153 2456 2253 2519 τῆς
2311 2450 2522 2526 ἀγάπης
2571 2452 2805 2526 Χρισνοῦ
2847 2471 2861 2486 ⁸
2920 2456 3379 2529 περιπατήσωμεν
3453 2457 3506 2513 ἐν
3587 2457 3793 2535 ἴχνεσιν

2154 2539 2322 2611 ἁγίων
2363 2559 2377 2573 ·
2430 2540 2678 2615 ῥήξωμεν
2706 2542 2800 2604 τὰς
2859 2543 3226 2617 προσπαθείας
3274 2549 3371 2601 τοῦ
3427 2546 3627 2610 αἰῶνος
3673 2547 3799 2603 τοῦ-

2152 2639 2269 2686 του.
2303 2628 2431 2684 Οὐκ
2459 2624 2706 2709 ἔχομεν
2757 2629 2881 2687 ὧδε
2914 2632 3248 2705 μένουσαν
3276 2632 3522 2690 πόλιν·
3579 2640 3614 2706 ἢ
3683 2639 3796 2694 ἅνω

2152 2718 2518 2794 Ἰερουσαλὴμ
2556 2721 2747 2794 πατρὶς
2804 2719 2895 2775 καὶ
2943 2718 3107 2784 πόλις
3138 2725 3301 2795 ἡμῶν
3333 2743 3352 2762 ο
3393 2723 3439 2778 ὦ
3477 2722 3666 2801 ἄνδρες
3698 2724 3794 2782 δυ-

2150 2809 2300 2864 νατοὶ
2348 2808 2400 2864 ἐν
2452 2809 2747 2881 Πνεύματι,
2778 2808 2824 2864 ὦ
2875 2811 3037 2867 τέκνα
3080 2813 3213 2867 Θεοῦ
3245 2831 3260 2845 ο
3295 2813 3358 2868 οὐ
3398 2815 3498 2890 γὰρ
3531 2812 3664 2888 ἐμοῦ
3693 2814 3793 2872 τοῦ

2148 2898 2485 2973 ἁμαρτωλοῦ
2519 2900 2532 2954 l
2565 2900 2656 2968 Μὴ
2717 2897 3060 2973 ὀκλάσωμεν,
3110 2900 3211 2956 κᾶν
3248 2902 3442 2964 πάντες
3481 2910 3737 2978 τραποῖεν
3774 2926 3791 2941 °

2150 2989 2282 3063 ὅπερ
2334 2990 2409 3062 μὴ
2470 2989 2704 3064 γένοιτο.
2746 2988 2901 3044 Ἀλλ’
2942 2992 3105 3063 ἡμεῖς
3151 2990 3227 3054 ὡς
3280 2989 3453 3047 πάλαι
3503 2993 3604 3049 ὑπὸ
3653 2999 3790 3050 Θεοῦ

2150 3074 2575 3152 δυναμωθὲντες,
2624 3080 2715 3134 καὶ
2772 3078 2839 3133 τὰ
2910 3083 3000 3133 νῦν
3078 3083 3582 3155 μονομαχήσωμεν.
3658 3086 3792 3139 Μεθ’

2148 3170 2308 3241 ἡμῶν
2361 3168 2388 3222 ὁ
2446 3171 2575 3230 Θεός
2628 3187 2642 3201 ·
2702 3167 2890 3230 πάντες
2947 3169 3004 3223 οἱ
3055 3170 3146 3224 ἀπ’
3189 3169 3386 3233 αἰῶνος
3426 3170 3573 3246 ἅγιοι
3608 3191 3622 3205 ’
3670 3174 3791 3246 μεθ’

2070 3227 2112 3295 C
2149 3227 2309 3330 ημῶν
2345 3227 2615 3328 Ἀνατολὴ
2649 3257 2738 3312 καὶ
2772 3227 2939 3328 Λύσις
2970 3276 2983 3291 ·
3021 3260 3188 3334 μικρᾶ
3242 3227 3395 3334 μερῖε
3446 3227 3485 3330 ’ἓί
3537 3227 3790 3337 ἀποξέρἤσ

2143 3346 2275 3417 ξασα
2330 3348 2524 3416 ὲαυτήν
2565 3348 2671 3403 ἀπὸ
2718 3353 2818 3416 τῆς
2864 3347 2953 3402 ὑπ’
3001 3346 3224 3422 οὐρανὸν
3274 3348 3601 3418 Ἐκκλησίας
3634 3369 3648 3384 ’
3695 3353 3787 3406 καὶ

2139 3439 2300 3491 τοῦτο
2334 3432 2421 3490 διὰ
2460 3432 2625 3514 φόϐον
2662 3456 2674 3469 ·
2711 3433 2800 3491 διὰ
2827 3437 2893 3489 τὰ
2925 3437 3228 3512 πρόσκαιρα
3260 3456 3273 3469 ⁸
3310 3435 3399 3492 διά
3427 3439 3526 3507 τήν
3565 3440 3737 3515 σάρκα
3769 3459 3783 3473 ·

2139 3525 2206 3595 ἤν
2265 3524 2459 3599 μικρὸν
2515 3525 2736 3598 ὕστερον
2800 3523 3197 3599 παραδώσομεν
3256 3529 3334 3598 τῷ
3394 3526 3601 3601 αἰωνίῳ
3650 3530 3786 3604 πυρί

2140 3613 2232 3669 σὺν
2262 3618 2329 3689 τῇ
2374 3616 2552 3689 ψυχῇ,
2613 3613 2658 3668 εἰ
2721 3614 2797 3687 μὴ
2852 3615 3240 3689 ἀντισχώμεθα
3304 3622 3405 3685 τῆς
3464 3613 3730 3686 ἀληθείας
3765 3637 3780 3653 ·

2138 3705 2338 3772 Ἔστω,
2396 3703 2487 3758 καὶ
2548 3704 2969 3778 πειρασθῶμεν⁸
3029 3706 3121 3758 καὶ
3181 3705 3571 3779 μαστιχθῶμεν
3614 3724 3629 3738 ”
3689 3706 3785 3761 καὶ

2135 3796 2298 3848 τοῦτο
2341 3790 2613 3854 πολλάκις
2650 3810 2664 3824 ⁶
2711 3791 2896 3864 τέλος,
2943 3792 3033 3847 καὶ
3084 3793 3462 3866 ἀποθάνωμεν,
3511 3795 3649 3850 Εἶτα
3680 3795 3787 3853 οὐκ

2136 3880 2248 3938 ἔστι
2298 3882 2446 3961 χαρά
2501 3881 2869 3954 ἀνεκλάλητος
2932 3882 3210 3957 ἐπιτυχεῖν
3286 3885 3433 3956 ἡμᾶς
3504 3884 3788 3959 βασιλείας

2138 3971 2379 4047 οὐρανῶν
2422 3989 2434 4004 ·
2494 3973 2774 4027 κάντεῦθεν
2833 3970 3221 4045 ἀπενέγκασθαι
3276 3970 3437 4034 κλὲός
3482 3972 3781 4029 ἀθάνατον*

2137 4061 2172 4132 ἢ
2213 4062 2532 4116 κούναντίον
2594 4059 2864 4138 φυλὸντας
2911 4060 2978 4116 τά
3034 4060 3427 4136 πρσειρημένα,
3494 4063 3781 4118 κάντεῦθεν

2135 4148 2543 4225 κωμῳδηθῆναι
2578 4151 2743 4227 μέχρι
2803 4149 2995 4211 τέλους
3034 4167 3049 4183 ⁸
3106 4151 3197 4205 καὶ
3245 4150 3509 4226 αἰσχύνην
3558 4151 3782 4206 ὑποῖσαι

2136 4238 2493 4313 ἀτελεύτητον
2529 4261 2543 4311 ;
2572 4242 2702 4309 Ναὶ,
2736 4238 2952 4312 δέομαι,
2983 4238 3167 4294 τεκνία
3221 4261 3346 4313 μου,
3382 4240 3475 4302 οὕς
3527 4239 3783 4313 ἐγέννησα

2137 4331 2191 4386 ἐν
2223 4330 2409 4406 Κυρίῳ
2446 4352 2457 4364 ·
2492 4328 2585 4393 οὕς
2612 4326 2816 4401 πῦξησε
2844 4329 3077 4403 Χριστὸς
3108 4326 3161 4383 ἐν
3204 4328 3393 4390 πόνοις
3439 4329 3529 4384 καὶ
3586 4331 3783 4392 κόποις

2138 4421 2199 4476 οὐ
2265 4422 2424 4494 μόνον
2482 4419 2825 4488 ἀπητικοῖς,
2882 4416 3030 4473 ἀλλά
3094 4419 3200 4493 γὰρ
3275 4417 3368 4473 καὶ
3429 4416 3777 4485 ἀθλητικοῖς.

2138 4506 2546 4583 Πληρώσατέ
2579 4527 2699 4580 μου
2728 4508 2846 4576 τὴν
2879 4506 3097 4581 χαράν
3133 4549 3146 4562 .
3190 4504 3303 4560 ’ίνα
3332 4507 3401 4562 τὸ
3427 4506 3594 4561 αὐτὸ
3624 4527 3782 4581 φρο-

2134 4605 2311 4669 νῆτε·
2344 4597 2682 4668 τήναῦτήν
2711 4595 2969 4670 ἀγάπην
2995 4589 3289 4670 ἔχοντες·
3313 4593 3664 4669 σύμψυχοι
3688 4597 3779 4650 ’τὸ

2133 4686 2195 4743 ἕν
2226 4689 2633 4766 φρονοῦντες
2665 4705 2678 4720 ·
2715 4682 2923 4760 μηδὲν
2954 4687 3086 4740 κατ’
3120 4685 3413 4758 ἐρίθειαν
3444 4686 3479 4755 ἢ
3512 4682 3781 4739 κενοδο-

2135 4777 2277 4848 ξίαν
2313 4799 2327 4812 ·
2382 4775 2556 4833 ἀλλά
2609 4779 2686 4850 τῇ
2735 4774 3364 4852 ταπεινοφροσύνῃ·
3426 4770 3780 4844 ἀλλήλους

2134 4866 2497 4943 ἡγούμενοι
2532 4866 2987 4940 ὑπερέχοντας
3025 4865 3288 4920 ἑαυτῶν.
3314 4860 3684 4920 Ἀποστολικά
3711 4862 3783 4917 τά

2134 4954 2561 5032 παραγγέλματα
2595 4974 2608 4988 ·
2642 4955 2739 5010 κᾶν
2769 4961 2893 5029 παρ’
2931 4954 3068 5027 ἐμοῦ
3095 4957 3191 5008 τοῦ
3237 4950 3593 5026 ταλαιπώρου
3646 4952 3777 5005 ὑπο-

2139 5046 2575 5119 μιμνησκόμενα.
2641 5043 3018 5119 Προσεύχεσθε
3081 5043 3171 5097 καὶ
3228 5040 3352 5117 περὶ
3402 5041 3557 5112 ἐμοῦ,
3605 5061 3777 5116 παρα-

2135 5133 2291 5192 καλῶ
2315 5154 2327 5167 ’
2352 5134 2441 5190 ’ίνα
2467 5156 2565 5210 μοι
2584 5132 2719 5210 δοθῇ
2744 5133 2927 5209 ἰσχὺς,
2948 5132 3171 5209 κράτος,
3205 5129 3373 5208 λόγος
3404 5128 3474 5185 δι’
3502 5131 3660 5204 ὑμᾶς·
3685 5133 3779 5185 κᾶν

2137 5223 2247 5300 ἐγὼ
2276 5224 2489 5296 ἀνάξιος
2519 5224 2661 5290 θείας
2693 5225 2924 5303 χάριτος
2958 5243 2970 5255 ·
2998 5224 3147 5284 ὅπως
3197 5216 3552 5295 ὁμοθυμαδὸν
3600 5218 3653 5273 ἐν
3699 5218 3776 5272 ἐνὶ

2134 5313 2402 5387 πνεύματι
2456 5312 2688 5387 δοξασθῇ
2738 5314 2766 5368 ὁ
2811 5313 2941 5377 Θεὸς
2983 5312 3035 5367 ἐν
3062 5315 3143 5383 τῷ
3205 5311 3416 5382 σώματι
3467 5306 3557 5362 καὶ
3607 5305 3659 5361 ἓν
3708 5311 3775 5381 τῇ

2134 5403 2404 5477 πνεύματι
2434 5405 2616 5477 ἡμῶν.
2651 5399 2877 5457 Στεῖλον
2933 5400 3009 5463 εἷς
3056 5401 3147 5455 τὸν
3205 5398 3640 5475 ἀρχιεπίσκοπον
3688 5396 3777 5450 τὸν

2135 5493 2301 5551 καλὸν
2333 5494 2631 5550 Διονύσιον.
2668 5491 3111 5571 Προσαγόρευσον
3151 5490 3241 5545 τὸν
3301 5482 3470 5543 ἀόὃᾶν
3523 5486 3725 5563 Πέτρον
3763 5526 3777 5541 .

448 5644 565 5701 ⁶⁰.⁶¹
598 5644 764 5704 Rom.
797 5660 919 5714 vm,
956 5643 1140 5713 33,36.
1218 5643 1266 5681 ⁶²
1295 5646 1345 5701 ΙΙ
1377 5646 1500 5703 Cor.
1526 5661 1566 5716 ι,
1588 5646 1641 5701 8.
1699 5645 1746 5682 ⁸³
1778 5643 2036 5718 Philip.i

2146 5648 2179 5701 ι.
2256 5644 2302 5681 ⁵⁸
2334 5644 2383 5702 ΙΙ
2414 5643 2542 5702 Cor.
2574 5658 2699 5711 vm,
2726 5642 2785 5715 2.
2858 5640 2905 5679 ⁸⁵
2934 5640 3105 5699 Hebr.
3130 5654 3254 5708 xm,
3276 5639 3359 5695 14.
3438 5634 3485 5672 ⁸⁸
3513 5631 3778 5711 Philipp,

377 5739 441 5794 ιι,
470 5721 526 5790 2,
557 5720 610 5776 3.
