4084 6284
323 372 477 434 1145

1567 376 1948 440 EPISTOLA
1959 379 2120 443 BUM
2166 383 2312 444 LIB.
2361 381 2433 445 Π.

3559 378 3717 441 1146

315 505 410 559 τὸν
467 500 635 560 ἀὸϐἆν
689 505 985 584 Ἱγνάτιον·
1045 509 1134 564 καὶ
1190 510 1281 564 τὸν
1337 504 1506 564 ἀϐϐἆν
1566 511 1806 583 Τίθόην·
1869 535 1937 568 κα

2070 520 2282 588 batem,
2314 525 2370 574 et
2409 519 2652 576 Tithoen
2693 520 2986 584 abbatem,
3019 522 3074 574 et
3103 517 3344 573 ostende
3390 515 3506 571 illis
3561 515 3711 570 hanc

323 593 602 666 ὑπόδειξον
681 597 867 659 αὐτοῖς
920 599 982 652 τὸ
1040 601 1288 674 γράμμα.
1337 603 1454 656 Ἔτι
1529 600 1797 675 ἓτομόἱζου
1872 603 1962 657 σὺν

316 689 435 744 τοῖς
494 683 738 755 λοιποῖς,
773 688 860 742 καὶ
926 687 1162 759 μάλιστα
1228 695 1346 751 τοῖς
1410 691 1957 767 προγεγραμμένοις⁶

319 775 402 827 ὅτι
459 778 565 830 τῶν
638 775 854 852 ἐγγύθεν
923 781 1082 850 ἡμῶν
1154 777 1587 850 ὀλισθησάντων,
1638 783 1740 838 οὐκ
1821 781 1961 838 ἔστιν

317 864 467 936 ἡμᾶς
507 866 664 938 [Reg
700 869 827 924 cod.
863 867 1026 941 ὑμᾶς]
1075 867 1296 938 έαθῆναι
1359 871 1448 924 ὑπ’
1506 871 1682 926 αὐτῶν
1743 871 1960 926 ἐκείνων

317 949 871 1022 ἐνδιαϐαλλομένους.
921 959 1054 1027 Δοίη
1116 955 1172 1013 δὲ
1230 959 1424 1034 Κύριος
1484 959 1691 1029 σθένος,
1741 961 1958 1034 κράτος,

226 1083 228 1085 .
313 1045 464 1110 νοῦν,
523 1041 830 1121 ὀφθαλμὸν,
909 1045 1134 1116 σύνεσιν,
1209 1052 1311 1101 πᾶν
1385 1050 1565 1103 ὁτιοῦν
1635 1047 1692 1104 εὖ
1766 1049 1960 1120 πρᾶξαι

316 1129 461 1201 ὑμᾶς
510 1130 584 1192 εἰς
637 1127 852 1188 ἔπαινον
908 1135 998 1189 καὶ
1043 1135 1196 1208 δόξαν
1247 1142 1520 1210 Χριστοῦο
1572 1137 1648 1201 εἷς
1695 1139 1962 1212 καύχημα

312 1217 486 1291 ἐμόν’
521 1221 595 1282 εἰς
640 1219 802 1285 κλέος
851 1224 1000 1296 ὑμῶν
1057 1225 1295 1283 αἰώνιον.
1349 1227 1848 1302 Προσαγορεύουσιν
1909 1228 1960 1281 οἱ

315 1309 558 1372 συνόντες
619 1333 713 1384 μοι
779 1314 1140 1390 ἀμφοτέρους.
1192 1317 1248 1370 Ὀ
1306 1319 1537 1390 Χριστὸς
1607 1319 1722 1391 μεθ’
1783 1318 1956 1390 ὑμῶν.

311 1399 514 1472 Ἀμήν.

743 1584 847 1640 ῙΑ’.
898 1615 967 1626 -—
1013 1588 1099 1656 Τῷ
1147 1584 1314 1656 αὐτῷ.
1366 1582 1548 1659 [ρνδ’.]

2071 610 2402 681 epistolam.
2445 611 2616 665 Porro
2668 609 2990 680 accingere,
3023 612 3080 663 et
3127 612 3363 678 paratus
3405 611 3526 661 esto
3577 621 3710 660 cum

2072 699 2312 759 cateris,
2348 702 2554 754 etcum
2590 699 2661 753 iis
2693 703 2942 753 maxime
2974 713 3120 768 quos
3153 696 3357 766 scripsi
3385 711 3400 750 :
3433 695 3712 766 quoniam

2071 803 2208 842 cum
2242 786 2388 858 lapsi
2423 788 2537 842 sint
2569 788 2661 856 qui
2718 788 2886 842 nobis
2919 787 3090 841 vicini
3132 790 3322 852 erant,
3356 785 3479 840 ﬁeri
3512 784 3716 855 nequit

2073 881 2139 931 ut
2170 877 2568 947 relinquemur
2589 877 2658 932 ab
2692 877 2809 931 illis
2835 875 2976 946 ipsis
3008 875 3205 930 delati.
3243 875 3353 929 Det
3384 879 3574 929 autem
3607 873 3714 929 Do-

2073 967 2270 1022 minus
2294 967 2456 1022 vobis
2480 968 2650 1031 vires,
2676 966 2871 1026 robur,
2898 965 3554 1031 intellectum,oculum,
3580 979 3716 1034 pru-

2072 1057 2356 1122 dentiam,
2379 1056 2576 1112 omnia
2605 1061 2760 1112 recte
2790 1072 2958 1128 agere
2988 1056 3048 1110 in
3083 1055 3358 1109 honorem
3389 1059 3446 1108 et
3466 1053 3709 1123 gloriam

2069 1147 2306 1213 Christi,
2340 1147 2410 1202 ad
2441 1145 2673 1200 laudem
2724 1161 2914 1201 meam
2945 1148 3003 1199 et
3031 1143 3432 1216 gloriationem
3465 1146 3712 1197 vestram

2071 1236 2512 1307 sempiternam.
2547 1236 2816 1290 Salutant
2847 1236 2945 1305 qui
2975 1250 3204 1290 mecum
3239 1238 3380 1288 sunt
3410 1236 3710 1303 utrosque.

2069 1325 2334 1381 Christus
2364 1326 2684 1382 vobiscum.
2717 1326 2921 1381 Amen.

2671 1582 2771 1638 XI.
2796 1613 2863 1622 —
2885 1583 3104 1638 Eidem.

1008 1685 1078 1733 De
1114 1683 1448 1747 quibusdam,
1481 1687 1575 1749 qui
1613 1685 1748 1748 lapsi
1789 1689 1958 1742 erant,
1991 1683 2326 1748 recipiendis.
2351 1683 2563 1741 (Baron.
2595 1695 2680 1730 an.
2712 1680 2822 1742 816,
2843 1694 2894 1730 n.
2927 1679 3029 1740 16.)

385 1762 537 1833 Ιῐαρά
584 1760 914 1835 προσδοκίαν
963 1761 1107 1818 εἶδον
1153 1765 1218 1818 τὰ
1265 1765 1566 1840 γράμματά
1615 1786 1730 1836 σου,
1773 1764 1940 1820 τέκνοε

2139 1767 2354 1820 Ρνεθιοι·
2383 1763 2898 1835 exspectationem,
2930 1762 3139 1816 dilecte
3174 1759 3277 1830 ﬁli,
3309 1760 3530 1816 litteras
3571 1764 3704 1816 tuas

309 1850 689 1924 ἠγαπημένον,
722 1853 810 1906 καὶ
868 1851 994 1907 τοὺς
1055 1849 1365 1932 ἀδελφούς·
1412 1854 1474 1909 οὐ
1533 1856 1656 1930 γὰρ,
1690 1855 1766 1916 ὡς
1821 1876 1956 1928 προ-

309 1935 538 2014 έγραψα,
593 1938 819 2016 ἐπέσχες
890 1943 1058 2020 μέχρι
1133 1939 1534 2018 Σεπτεμϐρίου.
1597 1942 1751 1999 Ἀλλ’
1804 1946 1958 2018 ὅμως

302 2025 648 2102 ἀπεδεξάμην
695 2051 789 2084 σου
846 2033 909 2086 τὸ
965 2033 1274 2106 πρόθυμυν,
1322 2033 1385 2087 τὸ
1440 2032 1538 2087 οὐκ
1591 2033 1806 2088 ἀνεκτὸν
1855 2037 1955 2098 τῆς

303 2117 546 2191 ἀγάπης,
602 2119 664 2173 τὸ
721 2117 981 2195 διάπυρον
1047 2125 1144 2176 τοῦ
1217 2122 1410 2189 πόθου,
1463 2122 1526 2176 τὸ
1597 2123 1720 2194 περὶ
1787 2123 1955 2178 πάντα

301 2204 556 2282 φιλόθεον
586 2227 596 2240 ·
630 2209 892 2278 προσθείη
946 2206 992 2263 δ’
1037 2208 1096 2263 ἂν
1146 2209 1234 2264 καὶ
1281 2208 1666 2287 φιλοπάτριον.
1712 2212 1786 2265 Σύ
1849 2233 1952 2285 μου

300 2298 453 2370 χαρά
509 2297 599 2350 καὶ
638 2297 1018 2372 παραμύθιον
1073 2299 1137 2352 σῦ
1205 2320 1308 2372 μου
1368 2299 1421 2354 έν
1485 2301 1663 2373 Κυρίῳ
1715 2300 1769 2355 ἐν
1824 2308 1954 2356 πᾶσι

296 2389 414 2447 τοῖς
472 2383 746 2448 κινδύνοις
803 2387 893 2442 καὶ
952 2387 1202 2461 θλίψεσιν
1249 2386 1512 2463 ἓδρασμα,
1546 2391 1636 2444 καὶ
1695 2391 1953 2468 στέφανος

300 2477 650 2549 καυχήσεως,
698 2479 832 2550 μετά
895 2480 1106 2534 πάντων
1165 2485 1272 2534 τῶν
1335 2479 1612 2535 συνάθλων
1670 2500 1806 2535 σου⁶
1859 2483 1949 2536 καὶ

303 2564 414 2637 πρὸ
472 2565 682 2620 πάντων
743 2564 992 2643 ἀδελφῶν
1043 2570 1203 2641 ἡμῶν
1259 2567 1310 2622 έν
1359 2572 1579 2644 Χριστῷ
1623 2571 1826 2640 Ἰησοῦ,
1859 2573 1948 2625 καὶ

305 2653 524 2708 τέκνων.
561 2655 650 2710 Διὸ
706 2657 796 2710 καὶ
858 2657 1059 2731 χαίρω,
1100 2656 1338 2732 εῦλογῶν
1385 2660 1476 2714 τὸν
1536 2661 1664 2714 Θεὸν
1703 2664 1800 2714 τοῦ
1835 2667 1950 2714 [Ια-

305 2743 432 2817 τρός
468 2764 603 2816 μου·
647 2744 731 2800 ὅτι
763 2745 961 2822 ὑγιάζῃ
993 2751 1148 2826 ψυχῇ
1197 2749 1286 2803 καὶ
1346 2749 1597 2822 σώματι·
1632 2749 1802 2812 οὕτως
1845 2751 1947 2805 ὑπὸ

307 2837 440 2886 Θεοῦ
470 2833 922 2907 οἰκονομηθέντος
953 2836 1088 2891 εἶναί
1118 2857 1176 2892 σε
1223 2837 1417 2903 ἄφετον
1466 2837 1526 2894 ἐκ
1578 2837 1822 2912 δεσμῶν⁹
1855 2837 1947 2895 ’ίνα

301 2923 428 2984 τοὺς
486 2921 538 2976 ἐν
605 2921 826 2997 δεσμοῖς
886 2924 1130 3004 ἀλείφῃς.
1163 2926 1296 2991 τοὺς
1361 2929 1655 3005 ἀφεμένους
1714 2927 1945 2984 συνδέων

299 3013 696 3086 ἓπιστηρίζοις.
727 3015 790 3067 Ὃ
846 3016 936 3069 καὶ
993 3022 1173 3078 ποιεῖς
1233 3019 1420 3092 χάριτι
1465 3020 1720 3093 Χριστοῦ,
1765 3040 1942 3092 παρα·

295 3101 504 3172 καλῶν,
537 3105 822 3173 νουθετῶν,
871 3106 1359 3180 παραμυθούμενος
1411 3104 1504 3162 ἕνα
1557 3104 1800 3164 ἕκαστον.
1853 3111 1938 3172 Ὠς

294 3188 517 3261 ἀληθῶς
549 3196 684 3246 Θεοῦ
735 3193 1044 3266 οἰκονόμος.
1079 3195 1280 3268 Δέομαι
1329 3193 1419 3250 οὖν
1468 3197 1602 3251 αὐτὸ
1645 3202 1806 3252 τοῦτο
1857 3201 1933 3270 μή

291 3280 535 3336 ἐκκακεῖν
619 3281 933 3358 ἐργάζεσθαί
1006 3306 1064 3340 σε
1138 3285 1214 3350 εἰς
1298 3284 1450 3356 δόξαν
1537 3291 1792 3362 Χριστοῦ,
1861 3289 1936 3350 εἰς

288 3370 641 3446 περιποίησιν
695 3375 968 3447 σωτηρίας
1024 3396 1140 3443 σου,
1201 3376 1276 3438 εἰς
1330 3375 1598 3454 καύχημα
1679 3375 1805 3449 ἐμοὶ
1857 3383 1936 3450 τῷ

288 3461 632 3534 ἡπορημένῳ
684 3461 735 3516 έν
793 3467 1050 3517 παντιοῦν
1111 3463 1315 3540 ἀγαθῷ.
1353 3463 1530 3536 Πλὴν,
1570 3463 1790 3539 ἀδελοὲ,
1851 3469 1934 3521 ὅτι

289 3550 390 3604 οῦκ
440 3550 515 3611 εἰς
565 3551 718 3605 κενὸν
763 3549 1068 3626 έδροὶμομεν
1117 3553 1204 3607 καὶ
1234 3556 1501 3630 τρέχομεν
1534 3554 1701 3610 πάλαι
1735 3576 1793 3610 τε
1844 3556 1933 3610 καὶ

288 3643 422 3692 νῦν
477 3638 593 3693 οὐδ’
653 3641 726 3702 εἰς
770 3642 921 3696 κενὸν
973 3646 1293 3715 κοπιῶμενο
1352 3643 1482 3716 ὑπὲρ
1545 3647 1779 3718 Χριστοῦ
1830 3645 1932 3722 γαρ

289 3728 380 3782 καὶ
441 3729 530 3782 δια
587 3730 816 3803 Χριστὸν
872 3731 1002 3804 ὑπὲρ
1045 3731 1106 3784 οὗ
1151 3732 1212 3786 τὸ
1261 3733 1511 3810 πάσχειν,
1543 3735 1726 3808 πάσχα
1755 3754 1767 3766 ·
1804 3736 1933 3808 ὑπὲρ

291 3817 353 3870 οὗ
383 3817 446 3872 τὸ
473 3815 777 3874 λυπεῖσθαι.
795 3825 962 3897 χαρά.
979 3818 1182 3894 Εἴπερ
1223 3843 1291 3875 συ
1310 3823 1575 3898 μπάσχο
1594 3844 1728 3896 μεν,
1747 3825 1930 3897 φησὶν,

289 3905 399 3960 ’ἱνα
456 3907 560 3960 καὶ
619 3905 1187 3982 συνδοξασθωμεν.
1234 3910 1607 3986 Λογίζομαι
1664 3913 1781 3988 γὰρ
1832 3912 1931 3968 ὅτι

289 3995 408 4051 οὐκ
475 3995 621 4066 ἄξια
668 3999 743 4052 τὰ
789 4000 1147 4070 παθήματα
1194 4005 1306 4054 τοῦ
1344 4005 1452 4055 νῦν
1494 4006 1729 4075 καιροῦ
1769 4004 1931 4075 πρὸς

285 4087 405 4154 τήν
478 4083 858 4157 μέλλουσαν
942 4085 1131 4158 δόξαν
1212 4089 1764 4170 ἀποκαλυφθῆναι
1837 4092 1933 4155 εἷς

286 4177 322 4244 ἡ
343 4178 425 4247 μᾶ
441 4195 484 4235 ς.
503 4175 599 4229 Καὶ
633 4174 959 4238 εἰκότως.“Η
980 4179 1081 4253 γάρ
1113 4178 1330 4233 ἐνταῦθα
1352 4179 1656 4255 σόνθλιψις,
1671 4183 1930 4236 ὁποιαοῦν

283 4257 526 4331 σκιώδης
557 4262 646 4316 καὶ
679 4261 971 4338 όνειρώδης
999 4282 1014 4297 ⁶
1045 4267 1079 4333 ἡ
1115 4263 1171 4320 δὲ
1220 4267 1391 4321 ἐκεῖσε
1438 4268 1778 4344 ἀνταμειψις,
1817 4272 1926 4339 ζωή

283 4349 583 4423 ἀπέραντος
644 4355 777 4424 μετά
837 4351 999 4424 δόξης
1061 4354 1304 4415 αἰωνίου.
1339 4358 1428 4425 Μὴ
1489 4357 1579 4412 οῦν
1631 4357 1927 4438 ἐπαισχυν-

284 4441 484 4511 θῶμεν,
527 4442 570 4494 ὧ
627 4441 831 4511 τέκνον,
863 4443 926 4497 τὸ
975 4444 1147 4519 παρὸν
1195 4445 1529 4521 μαρτύριον·
1579 4451 1680 4501 τοῦ
1729 4450 1929 4525 Κυρίου

1971 3152 2021 3216 C

2065 1862 2121 1911 et
2152 1857 2358 1910 fratres
2380 1854 2516 1912 vidi.
2550 1851 2670 1908 Non
2705 1854 2882 1918 enim,
2912 1856 2976 1906 ut
3011 1855 3180 1906 antea
3202 1851 3571 1920 scripseram.
3600 1865 3706 1904 us-

2063 1960 2176 2016 que
2208 1944 2281 2000 ad
2309 1945 2704 2014 Septembrem
2753 1940 3054 1997 distulisti.
3093 1940 3370 1995 Caeterum
3405 1938 3706 2010 amplexus

2061 2049 2192 2089 sum
2224 2033 2584 2088 alacritatem
2620 2037 2804 2099 tuam,
2845 2029 3188 2086 charitatem
3223 2044 3336 2083 non
3371 2028 3700 2095 remissam,

2061 2124 2274 2179 ardens
2339 2121 2711 2186 desiderium,
2759 2119 2817 2174 in
2873 2119 3148 2175 omnibus
3211 2120 3486 2190 pietatem
3564 2131 3702 2187 erga

2059 2211 2261 2278 Deum,
2295 2210 2618 2266 addiderim
2647 2211 2820 2264 etiam
2858 2224 2994 2279 erga
3025 2215 3268 2278 patrem.
3302 2207 3386 2262 Tu
3423 2207 3615 2261 laetitia
3643 2209 3702 2260 et

2059 2300 2380 2356 consolatio
2415 2315 2576 2354 mea:
2609 2305 2669 2352 tu
2705 2313 2902 2353 meum
2934 2297 2994 2351 in
3027 2297 3302 2352 omnibus
3340 2294 3612 2367 periculis
3643 2298 3699 2349 et

2056 2389 2530 2444 tribulationibus
2564 2389 2977 2442 ﬁrmamentum
3010 2386 3070 2440 in
3092 2385 3336 2440 Domino
3367 2388 3424 2439 et
3453 2383 3703 2440 exsulta-

2057 2478 2234 2534 tionis
2265 2495 2500 2546 corona,
2534 2493 2668 2534 cum
2699 2477 3082 2532 certaminum
3116 2479 3345 2530 tuorum
3366 2474 3539 2528 sociis
3571 2473 3696 2528 uni-

2053 2567 2258 2634 versis,
2294 2584 2408 2638 prie
2440 2568 2714 2622 omnibus
2748 2565 2959 2620 nostris
2983 2565 3039 2618 in
3073 2563 3303 2618 Christo
3337 2562 3476 2617 Jesu
3508 2561 3700 2617 fratri-

2056 2658 2164 2712 bus
2195 2663 2250 2712 et
2294 2657 2450 2712 ﬁliis.
2498 2656 2773 2719 Quocirca
2811 2661 2868 2710 et
2916 2653 3076 2708 laetor
3123 2652 3467 2724 plurimum,
3515 2653 3692 2706 Deum

2054 2747 2239 2802 Patris
2271 2748 2383 2802 mei
2415 2745 2684 2811 laudans,
2719 2746 2873 2816 quod
2905 2745 3101 2800 animo
3152 2747 3209 2797 et
3259 2757 3494 2812 corpore
3543 2744 3694 2797 recte

2051 2835 2246 2891 vales:
2319 2837 2430 2890 Deo
2490 2835 2573 2890 sic
2638 2835 2836 2890 omnia
2910 2834 3278 2905 disponente,
3332 2836 3395 2886 ut
3449 2834 3510 2884 tu
3573 2830 3697 2884 vin-

2049 2924 2199 2982 culis
2230 2925 2458 2980 solutus
2483 2923 2685 2993 fueris,
2717 2940 2832 2994 quo
2867 2922 2996 2978 illos
3026 2922 3126 2993 qui
3157 2921 3216 2976 in
3257 2919 3504 2976 vinculis
3554 2924 3696 2975 sunt

2048 3014 2336 3081 subleves,
2396 3031 2495 3070 eos
2552 3019 2746 3069 autem
2807 3013 2905 3084 qui
2979 3011 3156 3068 soluti
3231 3016 3372 3067 sunt
3435 3012 3684 3080 conjun-

2051 3105 2239 3176 gendo
2283 3105 2616 3160 conlirmes.
2669 3104 2827 3167 Quod
2875 3102 3110 3173 quidem
3163 3101 3304 3156 facis
3338 3117 3439 3172 per
3467 3099 3684 3154 Christi

2048 3194 2315 3264 gratiam,
2337 3207 2806 3264 unumquemque
2832 3193 3163 3260 adhortans,
3189 3192 3528 3254 admonens,
3553 3205 3688 3244 con-

2048 3283 2268 3349 solans,
2318 3289 2600 3355 tanquam
2660 3298 2830 3338 verus
2891 3282 2988 3336 Dei
3036 3282 3419 3351 dispensator.
3482 3279 3688 3334 Precor

2049 3373 2226 3444 igitur
2265 3390 2336 3429 ne
2389 3373 2586 3428 animo
2637 3372 2868 3427 deﬁcias
2899 3370 3042 3425 illud
3093 3371 3287 3442 ipsum
3345 3371 3565 3441 agendo
3617 3368 3687 3423 ad

2047 3461 2259 3516 Christi
2313 3463 2574 3532 gloriam,
2635 3463 2704 3516 ad
2746 3459 2953 3516 salutis
3003 3465 3114 3515 tuae
3147 3460 3554 3522 assertionem,
3613 3458 3687 3519 ad

2050 3566 2259 3617 meam,
2293 3554 2390 3621 qui
2416 3553 2816 3622 cujuscunque
2841 3551 2974 3606 boni
3007 3565 3139 3604 sum
3173 3547 3684 3620 inops,igloriatio-

2049 3655 2201 3695 nem.
2236 3640 2712 3708 ’l‘ametsi,frater,
2748 3657 2861 3696 non
2902 3641 2962 3694 in
2987 3655 3230 3696 vacuum
3265 3638 3402 3692 olim
3434 3654 3685 3692 concur-

2047 3730 2254 3797 rimus,
2287 3747 2475 3802 neque
2507 3730 2563 3786 in
2597 3746 2842 3786 vacuum
2867 3729 3240 3795 laboramus;
3273 3726 3559 3799 siquidem
3585 3742 3683 3796 pro

2047 3819 2273 3875 Christo
2321 3826 2376 3876 et
2422 3836 2522 3891 per
2577 3820 2893 3884 Christum,
2955 3835 3061 3890 pro
3109 3833 3224 3890 quo
3272 3816 3495 3887 aliquid
3543 3816 3682 3886 pati,

2048 3908 2258 3979 pascha
2284 3918 2364 3964 est
2391 3927 2404 3964 :
2441 3925 2540 3979 pro
2571 3927 2686 3980 quo
2709 3909 2946 3977 tristari,
2973 3907 3192 3962 Iustitia.
3243 3906 3301 3960 Si
3345 3905 3492 3960 modo
3538 3921 3686 3960 com-

2041 3999 2315 4069 patimur,
2372 4000 2583 4070 inquit,
2641 4006 2702 4054 ut
2757 4003 2808 4054 et
2854 3997 3339 4069 congloriﬁcemur.
3402 3996 3681 4049 Existimo

2045 4090 2187 4143 enim
2213 4090 2492 4160 quodnon
2534 4101 2662 4146 sunt
2696 4089 2984 4158 condignae
3021 4086 3298 4158 passiones
3336 4086 3500 4156 hujus
3543 4088 3681 4139 tem-

2043 4177 2190 4248 poris
2214 4179 2283 4233 ad
2296 4181 2546 4248 futuram
2570 4180 2813 4247 gloriam
2829 4193 2955 4250 quae
2979 4177 3317 4232 revelabitur
3339 4176 3396 4230 in
3425 4175 3584 4231 nobis
3606 4171 3676 4230 ⁸⁷.

2047 4267 2113 4321 Et
2143 4268 2362 4324 merito.
2388 4269 2524 4324 Istic
2546 4268 2701 4323 enim
2726 4267 2962 4324 afﬂictio
2993 4267 3436 4338 qualiscunque,
3459 4263 3677 4319 umbras

2044 4361 2101 4412 et
2130 4358 2356 4414 somnio
2387 4358 2634 4413 similis:
2670 4358 2786 4414 illic
2817 4361 3007 4414 autem
3048 4358 3463 4428 compensatio,
3495 4355 3681 4409 inter-

2045 4447 2266 4503 minata
2296 4448 2411 4503 vita
2441 4463 2570 4503 cum
2602 4448 2787 4520 gloria
2818 4447 3190 4518 sempiterna.
3226 4447 3348 4501 Non
3371 4446 3675 4500 erubesca-

279 4532 385 4607 γάρ
443 4529 574 4588 ἐστι.
634 4531 846 4588 Πολλοὶ
920 4533 1259 4607 ἐπεθύμησαν
1318 4536 1369 4607 ἐξ
1426 4536 1635 4611 ἀγάπης
1691 4523 1928 4612 Χριστοῦ

2052 4533 3678 4608 :nusergo,ﬁli,przesenstestimonium:Dominienimest-

281 4624 445 4674 τοῦτο
495 4617 625 4674 ἰδεῖν
651 4641 665 4654 ο
699 4621 826 4676 ἀλλ’
858 4622 956 4677 οὐκ
998 4622 1260 4699 ἐπέτυχον
1285 4643 1297 4656 ·
1342 4628 1504 4698 ἡμεῖς
1553 4625 1609 4682 δὲ
1657 4631 1924 4700 κατηξιώο

287 4709 444 4780 μεθα.
495 4708 557 4763 Τί
613 4713 803 4764 τοῦτοί
867 4711 997 4783 ὑπὲρ
1056 4711 1221 4767 αὐτοῦ
1273 4714 1538 4788 πάσχεινο
1596 4713 1920 4771 διώκεσθαι·

281 4796 791 4870 αἰχμαλωτίζεσθαι
815 4818 827 4830 ·
862 4798 1247 4876 φυλακίζεσθαι
1269 4821 1281 4833 ⁸
1315 4803 1374 4858 ἐκ
1408 4807 1580 4860 τόπου
1630 4806 1705 4868 εἷς
1754 4806 1922 4862 τόπον

281 4885 720 4958 περιορίζεσθαι’
754 4889 789 4958 ἢ
847 4888 990 4962 τάχα
1037 4890 1126 4944 καὶ
1182 4890 1508 4948 τύπτεσθαιο
1569 4893 1790 4970 θέατρον
1837 4894 1924 4972 γί-

281 4977 467 5030 νεσθαι
495 4979 585 5030 καὶ
615 4975 872 5054 ἀγγέλοις
905 4977 996 5032 καὶ
1027 4979 1352 5054 ἀνθρώποις.

355 5066 420 5122 Εἰ
479 5063 535 5121 δὲ
581 5065 664 5122 ὅτι
710 5069 800 5124 καὶ
836 5069 898 5124 τὸ
949 5065 1122 5144 ὄνομα
1168 5073 1328 5146 ἡμῶν
1369 5075 1444 5136 ὡς
1473 5077 1713 5150 πονηρὸν
1744 5071 1924 5147 ἐξέϐα·

281 5155 402 5225 λον,
437 5156 906 5230 ἀναθεματίζοντες
939 5159 1048 5232 ἰδίᾳ
1075 5182 1132 5216 τε
1160 5163 1249 5216 καὶ
1281 5160 1520 5236 δημοσίᾳ
1564 5165 1655 5219 σὺν
1708 5166 1884 5242 ἁγίοις
1910 5190 1922 5201 ο

277 5247 377 5302 οὐκ
437 5245 513 5301 ἔνι
573 5249 752 5323 lapsi;
795 5249 892 5304 οὐκ
948 5246 1025 5304 ἔνι
1085 5256 1344 5325 σκιρτᾷν;
1395 5250 1548 5323 Οἶδα,
1597 5255 1802 5322 τέκνον,
1830 5257 1922 5313 τὸν

279 5338 624 5410 μακαρισμὸν
701 5338 922 5413 Κυρίου.
981 5341 1208 5402 Τούτοις
1292 5343 1380 5396 καὶ
1466 5342 1622 5406 αὐτὸς
1706 5348 1921 5422 γήθου·

270 5427 476 5500 τέρπου
508 5427 597 5480 σὺν
632 5427 782 5490 ὅλοις
811 5426 1040 5492 τέκνοις.
1075 5433 1289 5502 Ὑμεῖς
1348 5431 1464 5506 γάρ
1539 5431 1681 5488 ἐστε
1739 5439 1924 5508 σῶμα

275 5519 584 5590 Χριστοῦ,
618 5518 726 5572 καὶ
762 5515 930 5591 μέλη
965 5517 1032 5574 ἐκ
1064 5517 1328 5594 μέρους.
1365 5521 1486 5577 Καὶ
1518 5519 1651 5578 ε⁸ίτε
1677 5525 1923 5602 πάσχει

350 5695 398 5737 ⁸⁷
434 5699 594 5756 Rom.
624 5717 749 5769 vm,
782 5701 870 5762 -17,
906 5701 991 5758 18.
1067 5702 1110 5738 ⁸⁸
1144 5703 1280 5763 Luc.
1313 5721 1390 5776 νῐ,
1421 5708 1508 5761 22.

2035 4627 2203 4682 Multi
2227 4643 2341 4698 prce
2363 4627 2576 4683 Christi
2599 4643 2794 4682 amore
2815 4626 2957 4682 illud
2979 4626 3170 4681 videre
3192 4627 3558 4696 optaverunt,
3574 4622 3675 4676 sed

2035 4717 2187 4773 nacti
2205 4735 2316 4774 non
2340 4723 2508 4774 sunt:
2534 4734 2640 4774 nos
2663 4724 2856 4774 autem
2881 4718 3040 4788 digni
3059 4716 3240 4771 habiti
3264 4731 3487 4771 sumus.
3504 4711 3672 4779 Quid-

2037 4824 2173 4863 nam
2188 4807 2465 4878 illud?pro
2480 4809 2604 4878 ipso
2619 4808 2731 4878 pati
2742 4806 3360 4877 ,vexari,captivitatem
3371 4823 3436 4860 ac
3451 4801 3679 4860 vincula

2038 4896 2424 4962 sustinere,de
2437 4896 2560 4952 loco
2577 4897 2634 4952 in
2652 4898 2774 4953 locu
2787 4896 3101 4968 mpelli,aut
3116 4894 3374 4951 fortassis
3387 4894 3680 4950 etiamver-

2037 4985 2249 5054 berari,
2273 4986 2671 5059 spectaculum
2704 4987 2826 5043 ﬁeri
2849 4992 2906 5042 et
2924 4986 3144 5056 angelis
3163 4990 3219 5040 et
3242 4983 3578 5040 hominibus
3607 4980 3675 5041 ⁸⁸.

2109 5077 2270 5140 Quod
2290 5077 2338 5132 si
2362 5081 2416 5132 et
2439 5082 2934 5144 nomenfnostrum
2955 5077 3248 5146 eiecerunt
3266 5080 3360 5130 tan
3371 5089 3541 5144 quam
3559 5089 3680 5128 ma-

2035 5165 2182 5232 lum,
2216 5166 2775 5223 anathematizautes
2833 5165 3100 5237 privatim
3149 5169 3206 5220 et
3255 5163 3484 5235 publice
3539 5178 3674 5216 cum

2037 5257 2289 5325 sanctis;
2323 5273 2517 5312 nonne
2541 5258 2820 5328 gaudium
2839 5255 2966 5312 est?
2989 5272 3178 5312 nonne
3200 5255 3334 5310 licet
3351 5252 3678 5310 exsultare?

2037 5347 2177 5403 Novi
2209 5364 2332 5419 ego,
2365 5348 2467 5416 ﬁli,
2490 5348 2911 5404 beatitudinem
2943 5365 2976 5403 a
3006 5347 3250 5404 Domino
3284 5347 3674 5418 praedicatam.

2037 5437 2122 5493 Tu
2156 5455 2388 5510 quoque
2417 5439 2488 5494 ob
2523 5439 2640 5494 haec
2689 5440 2917 5493 laetare:
2972 5439 3158 5507 gaude
3203 5453 3338 5492 cum
3388 5437 3676 5492 universis

2040 5526 2210 5584 ﬁliis:
2252 5530 2344 5586 Vos
2383 5530 2530 5585 enim
2581 5529 2706 5586 estis
2743 5544 2934 5600 corpus
2965 5527 3172 5584 Christi
3225 5530 3275 5582 et
3313 5527 3557 5586 membra
3603 5542 3674 5583 ex
