4084 6284
313 389 466 451 1149

305 521 355 575 ἐν
386 518 778 595 Μεσοποταμίᾳ
826 521 874 590 ἐξ
913 520 1198 595 Αἰγύπτου
1248 521 1713 595 περιωρισμένους
1747 541 1760 557 '

303 614 618 686 απτόμενος
652 613 826 668 αὐτῶν
859 613 910 667 ἐν
941 617 1017 684 τῷ
1048 612 1374 690 ἀφυλάκτως
1408 615 1802 684 προσήκασθαι.

379 794 447 847 Ἢ
481 792 722 868 ἀγνοεῖτε
753 795 782 848 ὅ
831 814 997 869 φησιν
1031 796 1058 849 ὁ
1104 794 1264 856 αὐτὸς
1302 793 1486 866 Πατὴρ
1530 792 1582 847 ἐν
1632 794 1786 868 ἑτέρᾳ
1833 792 1950 849 ἐπι-

307 881 521 954 aeoli];
560 906 588 934 «
622 883 733 939 Οὐκ
764 881 886 937 οἶδα
938 882 1260 949 ἐπίσκοπον,
1298 881 1439 957 μηδὲ
1488 883 1856 958 ἀριθμήσαιμι
1898 883 1950 936 ἐν

307 969 630 1032 ἐπισκόποις
685 973 776 1026 τὸν
839 972 927 1026 ἐπὶ
993 977 1339 1049 καταστροφῇ
1397 978 1496 1041 τῆς
1554 971 1787 1032 πίστεως
1850 970 1952 1026 ὑπὸ

307 1063 419 1113 τῶν
455 1055 714 1133 βεϐήλων
763 1064 962 1136 χειρῶν
1009 1060 1350 1136 προαχθέντα
1399 1061 1474 1122 εἰς
1521 1058 1836 1134 προεδρείαν
1873 1077 1886 1089 ·
1924 1081 1950 1113 ι)

314 1149 422 1205 οἶοί
457 1149 560 1204 εἰσι
589 1155 772 1219 τανῦν,
806 1151 870 1206 οὐ
921 1149 991 1206 δι’
1026 1152 1266 1226 ἄγνοιαν,
1299 1151 1444 1206 αλλᾶ
1492 1149 1580 1205 διὰ
1628 1148 1951 1229 φιλαρχίαν,

314 1237 690 1309 ἐπιπηδῶντες
741 1245 859 1301 τοῖς
906 1239 1114 1312 θρόνοις
1147 1258 1162 1274 ⁶
1222 1240 1514 1314 προέμενοι
1573 1239 1838 1302 ἀκουσίως
1888 1241 1952 1312 [Γ.

313 1326 598 1400 ἑκουσίως]
643 1328 742 1396 τὴν
798 1325 1054 1398 ἀλήθειαν
1091 1347 1105 1360 ·
1167 1328 1256 1384 καὶ
1314 1324 1802 1400 ἀντιλαμϐάνοντες
1853 1329 1952 1395 τὴν

313 1422 416 1485 τῆς
446 1411 690 1478 ἀσεϐείας
722 1414 1060 1491 προεδρείαν.
1103 1417 1171 1472 Εἰ
1212 1419 1375 1473 κατὰ
1424 1417 1765 1490 ἄνθρωπον
1809 1417 1956 1486 ἐθη-

316 1509 734 1583 ριομάχησα,
775 1509 938 1587 φησὶν
971 1511 998 1564 ὁ
1049 1509 1408 1577 Ἀπόστολος,
1449 1510 1509 1564 έν
1565 1511 1831 1585 Ἐφέσῳ,
1891 1507 1955 1562 τί

317 1618 434 1669 μοι
490 1598 561 1651 τὸ
615 1595 892 1677 ὄφελος
952 1599 1108 1674 Λέγω
1137 1599 1288 1672 κάγώ
1323 1619 1336 1632 ⁸
1389 1601 1451 1654 Ei
1481 1600 1598 1653 καθ’
1650 1600 1786 1673 ὑμᾶς
1823 1599 1958 1670 μετὰ

315 1687 419 1754 τήν
445 1684 670 1762 ἄρνησιν
700 1684 827 1756 ἤτοι
874 1687 1158 1742 κοινωνίαν
1186 1695 1294 1743 τῶν
1343 1688 1752 1763 Χριστομάχων
1797 1687 1954 1750 εὐθὺς

317 1772 528 1830 δεκτέοι
557 1776 646 1830 καὶ
678 1775 1060 1850 ἂνεπιτίμητοι
1094 1779 1145 1832 οἱ
1192 1783 1435 1833 τοιοῦτοι
1469 1795 1482 1809 ·
1526 1778 1578 1832 τί
1631 1780 1806 1850 μάτην
1839 1797 1956 1831 κιν-

319 1863 554 1920 δυνεύων
586 1866 706 1920 καθ’
735 1866 964 1937 ἑκάστην
1003 1867 1211 1942 ἡμέραν
1249 1886 1262 1898 ·
1304 1867 1394 1922 καὶ
1447 1869 1522 1940 μή
1568 1864 1957 1940 αὐτομολήσας
1991 1901 2034 1964 Β

315 1955 456 2030 πρὸς
512 1955 641 2016 τοὺς
701 1955 1067 2028 ὑπεναντίους,
1127 1955 1274 2018 αὖθις
1332 1954 1421 2010 διὰ
1498 1960 1780 2030 μετανοίας
1837 1961 1956 2017 τοῖς

319 2041 640 2119 ὀρθοδόξοις
674 2043 1079 2118 ἄνεπιτιμήτως
1128 2045 1523 2121 συνταχθείην;
1574 2047 1674 2114 Μὴ
1715 2043 1958 2100 πλανᾶ-

319 2135 449 2195 σθε.
492 2134 880 2210 φθείρουσιν
930 2133 1055 2206 ἤθη
1107 2137 1370 2210 χρηστά
1418 2134 1685 2208 ὁμιλίαι
1737 2136 1954 2191 κακαί.

323 2224 626 2296 Ἐκνήψατε
656 2222 706 2277 ἐν
741 2224 948 2300 Κυρίῳ.
989 2224 1102 2286 Τίς
1143 2225 1200 2279 δὲ
1238 2224 1552 2280 κοινωνία
1591 2224 1756 2304 φωτὶ
1795 2225 1960 2301 πρὸς

319 2313 556 2374 σκότος
593 2332 605 2346 ·
655 2311 748 2367 ’ίνα
779 2313 839 2368 ἐκ
885 2313 1252 2389 παραλλήλου
1299 2320 1406 2370 τῶν
1451 2314 1857 2392 Χριστομάχων
1893 2315 1961 2368 τὰ

320 2399 564 2474 ἡμέτερα
591 2409 826 2475 τηρῆται
854 2423 869 2471 ;
903 2404 976 2465 ὡς
1001 2402 1107 2472 ὅτι,
1140 2403 1326 2482 φησὶν,
1358 2401 1512 2458 αὒτοὶ
1550 2403 1678 2464 τοῦς
1706 2405 1758 2473 ἒξ
1810 2403 1964 2478 ὀρθο-

322 2487 504 2558 δοξίας
553 2491 686 2564 πρὸς
736 2491 936 2553 αὐτοὺς
983 2497 1304 2568 χωροῦντας
1362 2498 1509 2568 χαρᾷ
1556 2492 1964 2564 ἀνεπιτιμήτως

323 2579 657 2651 προσίενται.
693 2578 804 2636 0ῦά
835 2599 847 2612 °
896 2579 1016 2636 δέον
1047 2580 1136 2636 οὖν
1188 2583 1277 2636 καὶ
1311 2586 1595 2657 στεφανοῦν
1647 2583 1793 2654 ἡμᾶς
1835 2582 1964 2643 τοῦς

324 2666 563 2741 ἀρνητας
594 2672 690 2723 τοῦ
726 2674 984 2744 Χριστοῦ,
1011 2671 1102 2724 καὶ
1134 2669 1510 2745 σολυμ-λιάζειν
1546 2672 1618 2732 ὡς
1650 2670 1852 2725 ἐκεῖνοί
1880 2692 1965 2725 τι-

323 2777 422 2818 νας
452 2753 1042 2836 ἐκείνων.Ἀδελφοὶ,
1086 2757 1319 2832 δέομαι
1365 2762 1562 2833 ὑμῶν,
1607 2761 1690 2832 μή
1733 2757 1965 2814 παιδία

321 2844 589 2921 γίνεσθε
644 2852 790 2909 ταῖς
851 2850 1079 2924 φρεσίν
1114 2867 1128 2880 ·
1188 2847 1337 2904 ἀλλά
1381 2848 1688 2905 τελειοῦσθε
1735 2848 1824 2905 διὰ
1868 2856 1966 2918 τῆς

323 2934 568 3004 ἀληθοῦς
598 2935 964 3011 ἐπιγνώσεως.
997 2940 1125 3014 Περὶ
1175 2943 1284 2994 τῶν
1314 2933 1415 3008 ἔξω
1444 2947 1542 3008 τῆς
1591 2937 1965 3018 ἀδελφότητος

321 3027 505 3096 ἡμῶν,
527 3024 612 3086 τίς
641 3025 756 3098 εἶμι
794 3024 973 3082 δοῦναι
1007 3025 1213 3105 λόγον;
1250 3028 1310 3083 Εἰ
1343 3026 1400 3082 δὲ
1429 3030 1519 3083 καὶ
1551 3028 1965 3104 ἀναγκάζοιτίς·

325 3108 516 3179 ἐπειδὴ
558 3115 591 3180 ἡ
635 3110 857 3188 ἀγάπη
899 3113 1235 3189 πλήρωμα
1275 3114 1433 3170 οὖσα
1471 3116 1679 3189 νόμου
1721 3113 1967 3194 ἔχεικαὶ

324 3202 427 3269 τήν
461 3201 633 3255 πειθώ
669 3223 681 3234 ·
740 3203 901 3258 τοῦτό
933 3225 1076 3281 φημι
1131 3205 1158 3258 ’ὀ
1189 3206 1280 3258 καὶ
1322 3203 1409 3259 ἐπὶ
1467 3209 1577 3260 τῶν
1636 3205 1916 3278 ἡμετέρων
1954 3225 1967 3239 '

1559 389 2103 453 EPISTOLARUM
2154 389 2296 452 LIB.
2346 389 2419 451 Il.

3558 397 3712 458 1150

1812 525 1943 578 καθ·
1976 531 2026 596 Α
2060 541 2234 580 sensu
2269 541 2283 579 :
2318 528 2382 580 ut
2412 523 2641 579 divinus
2674 522 2924 579 Basilius
2956 525 3207 594 docet",
3235 525 3302 581 ad
3327 542 3426 584 eos
3448 530 3711 587 scribens

2061 613 2159 685 qui
2193 614 2249 669 in
2280 614 2754 683 Mesopotamiam
2788 613 3019 669 fuerant
3051 614 3290 687 relegati
3323 633 3392 672 ex
3424 618 3663 692 [Egypto
3693 635 3710 678 :

2061 703 2452 774 perstringens
2489 702 2620 758 illos
2652 704 2804 774 quod
2847 707 3062 758 temere
3097 705 3496 763 admitterent.

2131 801 2218 847 An
2243 793 2480 848 nescitis
2504 793 2640 862 quid
2659 793 2809 848 idem
2834 794 3002 849 Pater
3024 793 3178 848 dicat
3195 796 3250 849 in
3274 795 3385 852 alia
3403 798 3653 869 epistola
3678 801 3706 854 ?

2061 904 2088 928 ιι
2143 880 2268 936 Non
2319 897 2570 953 agnosco
2619 881 2980 952 episcopum,
3041 899 3146 937 nec
3201 883 3355 940 inter
3411 887 3710 959 episcopos

2061 968 2225 1023 illum
2277 969 2734 1038 adnumerarim,
2779 970 2880 1040 qui
2932 987 2965 1024 a
3021 972 3278 1042 profanis
3329 975 3598 1030 manibus
3638 977 3707 1030 ad

2063 1057 2193 1115 ﬁdei
2228 1059 2680 1114 destructionem
2725 1059 2935 1130 presul
2976 1060 3194 1116 electus
3225 1066 3313 1116 est
3345 1062 3409 1118 ⁷⁵.
3448 1084 3474 1112 »ι
3505 1063 3712 1128 Quales

2064 1163 2220 1202 nunc
2239 1154 2378 1203 sunt
2399 1147 2521 1218 qui,
2541 1163 2652 1203 non
2681 1163 2779 1219 per
2800 1149 3216 1218 ignorantiam,
3244 1152 3343 1207 sed
3372 1152 3714 1209 dominandi

2065 1236 2281 1304 studio,
2335 1238 2396 1292 in
2445 1238 2612 1292 sedes
2659 1237 2950 1305 insiliunt,
3013 1238 3308 1295 veritatem
3357 1246 3563 1313 sponte
3605 1259 3715 1299 sua

2066 1326 2397 1398 prodentes,
2427 1331 2484 1382 et
2528 1326 2751 1397 praemii
2797 1327 2919 1382 loco
2968 1327 3292 1398 impietatis
3323 1332 3712 1402 principatum

2063 1416 2427 1485 accipientes.
2454 1415 2511 1471 Si
2539 1417 2833 1472 secundum
2855 1416 3148 1484 hominem,
3171 1417 3359 1490 inquit
3378 1421 3709 1492 Apostolus,

2064 1505 2134 1559 ad
2183 1506 2382 1560 bestias
2430 1507 2675 1576 pugnavi
2715 1506 2940 1576 Ephesi,
2988 1508 3129 1576 quid
3174 1509 3318 1562 mihi
3361 1509 3578 1578 prodest
3619 1509 3715 1564 7'?

2066 1595 2170 1650 Aio
2201 1601 2257 1650 et
2285 1613 2388 1667 ego
2419 1608 2434 1648 :
2464 1597 2521 1652 Si
2557 1601 2681 1666 post
2728 1598 3088 1667 negalionem
3119 1597 3203 1652 vel
3235 1599 3707 1656 communionem

2066 1701 2193 1740 cum
2225 1685 2700 1754 Chrislomachis,
2742 1687 2886 1741 tales
2915 1687 3140 1750 statim,
3184 1688 3472 1744 sententia
3501 1700 3713 1760 vestra,

2066 1776 2191 1830 sine
2223 1791 2389 1845 pmna
2416 1775 2731 1846 recipiendi
2762 1780 2936 1831 sunt:
2971 1793 3074 1831 cur
3097 1777 3395 1833 incassum
3419 1779 3714 1849 periclitor

2065 1865 2124 1919 in
2155 1863 2300 1932 dies,
2335 1880 2400 1918 ac
2434 1879 2542 1918 non
2575 1864 2768 1934 potius
2816 1865 2886 1919 ad
2919 1865 3282 1921 adversarios
3318 1865 3468 1922 ultro
3506 1883 3715 1924 occur-

2066 1972 2219 2019 rens,
2255 1955 2587 2011 orthodoxis
2619 1955 2852 2023 iterum,
2907 1972 3039 2011 mox
3089 1961 3152 2011 ut
3191 1957 3320 2012 lacti
3353 1959 3714 2028 paenituerit,

2067 2045 2192 2100 sine
2223 2061 2392 2115 poena
2422 2045 2538 2100 ulla
2572 2061 2662 2100 me
2692 2061 2939 2117 aggrego
2960 2045 2988 2100 ?
3020 2045 3192 2101 Nolite
3221 2046 3439 2103 seduci:
3469 2063 3713 2103 corrum-

2065 2140 2204 2206 punt
2238 2134 2398 2190 bonos
2428 2149 2606 2189 mores
2633 2134 2903 2206 colloquia
2928 2151 3099 2205 prava
3129 2133 3196 2194 ⁷⁷.
3233 2135 3507 2207 Evigilate
3533 2139 3589 2192 in
3615 2136 3714 2193 Do-

2070 2223 2249 2278 mino.
2289 2224 2416 2291 Qua
2463 2232 2654 2279 autem
2699 2223 2918 2278 societas
2965 2223 3078 2278 luci
3124 2223 3194 2278 ad
3239 2225 3488 2281 tenebras
3517 2223 3605 2281 τες
3648 2229 3714 2280 ut

2071 2312 2642 2368 Christomachorum
2676 2312 2860 2368 instar
2890 2328 2982 2367 res
3040 2318 3250 2368 nostra
3317 2313 3646 2386 dirigantur
3684 2314 3712 2369 ?

2071 2401 2356 2465 Quoniam
2389 2401 2522 2472 ipsi,
2546 2400 2837 2472 inquiunt.
2872 2417 2971 2457 eos
3002 2401 3101 2472 qui
3125 2403 3197 2456 ab
3219 2402 3536 2459 orthodoxa
3558 2407 3717 2475 parte

2073 2492 2142 2545 ad
2164 2489 2295 2545 illos
2317 2495 2645 2558 transeunt,
2664 2507 2794 2546 cum
2813 2491 3046 2559 gaudio,
3066 2493 3227 2547 nulla
3249 2509 3419 2563 poena
3439 2493 3714 2564 irrogata,

2073 2580 2418 2649 suscipiunt.
2453 2579 2586 2633 Vae:
2620 2595 2755 2651 ergo
2787 2584 2844 2634 et
2875 2583 3187 2636 coronandi
3237 2587 3376 2637 sunt
3415 2583 3584 2638 nobis
3610 2599 3716 2637 ne-

2075 2674 2301 2739 gatores
2341 2668 2574 2736 Christi,
2606 2673 2662 2723 et
2691 2669 2940 2723 solemni
2972 2669 3191 2724 honore
3213 2670 3525 2739 efﬁciendi,
3561 2677 3620 2726 ut
3642 2671 3714 2726 ab

2076 2756 2194 2811 illis
2249 2758 2484 2827 quidam
2535 2774 2736 2812 eorum
2785 2757 2970 2813 atl'ecti
3004 2764 3158 2813 sunt.
3211 2761 3578 2827 Fralres,oro
3606 2775 3713 2825 vos,

2074 2845 2247 2900 nolite
2273 2843 2438 2915 pueri
2467 2845 2616 2915 efﬁci
2661 2845 2911 2900 sensibus
2940 2844 3006 2914 7°,
3041 2847 3140 2901 sed
3175 2863 3273 2916 per
3303 2863 3497 2902 veram
3531 2848 3724 2903 scien-

2076 2934 2218 2988 tiam
2253 2934 2619 3004 perﬁcimini.
2653 2933 2733 2989 De
2767 2937 2854 2988 his
2887 2941 3078 2990 autem
3122 2935 3222 3007 qui
3255 2941 3414 2991 extra
3447 2935 3724 2991 fraterni-

2080 3027 2255 3078 tatem
2284 3027 2546 3078 nostram
2571 3028 2728 3090 sunt,
2763 3024 2896 3094 quis
2917 3040 3024 3095 ego
3045 3042 3171 3080 sum
3197 3035 3257 3080 ut
3278 3026 3447 3080 verba
3471 3025 3674 3080 faciam
3697 3026 3724 3080 ?

2078 3112 2134 3165 Si
2167 3121 2327 3183 cogat
2353 3116 2548 3167 tamen
2577 3113 2868 3184 quispiam
2895 3129 2910 3167 :
2957 3114 3234 3185 quoniam
3287 3130 3409 3185 quae
3439 3113 3719 3183 plenitudo

2082 3201 2224 3272 legis
2249 3204 2327 3255 est
2355 3201 2568 3255 dilectio
2598 3200 2666 3267 8°,
2711 3217 2877 3256 suam
2927 3218 3156 3273 quoque
3186 3202 3481 3258 suadelam
3513 3202 3723 3261 habet:

328 3289 607 3362 ἡμεδαποὶ
662 3292 765 3367 γὰρ
822 3293 1081 3351 κάκεῖνοι.
1146 3289 1515 3368 Πρεσϐύτερος
1571 3291 1678 3349 ε’ίτε
1735 3295 1963 3371 ὑπογρά-

2085 3292 2192 3346 hoc
2223 3292 2414 3360 ipsum
2451 3291 2599 3356 dico,
2644 3292 2799 3361 quod
2849 3292 2920 3346 de
2963 3291 3209 3348 nostris:
3249 3309 3379 3347 nam
3432 3297 3490 3349 et
3537 3291 3725 3348 nostri

329 3379 458 3449 ψας,
493 3376 598 3432 εἷ’τε
645 3381 979 3450 κοινωνήσας
1030 3375 1184 3458 φόϐῳ
1217 3383 1293 3454 μή
1340 3379 1513 3457 φέρων
1563 3383 1662 3450 τήν
1709 3383 1966 3450 κάκωσιν,

335 3465 596 3540 εἰργέσθω
643 3473 744 3536 τῆς
799 3469 1104 3531 κοινωνίας.
1139 3471 1284 3524 Κατὰ
1335 3474 1567 3543 Χριστοῦ
1615 3471 1714 3545 γὰρ
1772 3491 1970 3525 κοινω-

333 3557 528 3628 νήσας,
559 3560 677 3620 πῶς
725 3555 923 3613 δύναιτ’
969 3558 1028 3614 ἂν
1076 3565 1296 3633 Χριστῷ
1343 3566 1663 3630 κοινωνε’ίν;
1713 3567 1821 3630 Τῆς
1865 3560 1972 3635 γὰρ

333 3642 713 3718 ἐγκρατήσεως
766 3651 864 3714 τῆς
925 3646 1228 3720 ἱερουργίας
1287 3647 1431 3720 παρᾶ
1488 3644 1773 3716 συνοδικῆς
1851 3647 1972 3702 ἐπι-

334 3732 574 3806 σκέψεως
606 3735 640 3802 ἡ
695 3731 873 3796 λύσις.
905 3738 964 3791 Ὀ
1014 3733 1171 3806 δόξας
1223 3738 1356 3809 μετὰ
1402 3738 1502 3806 τὴν
1551 3739 1720 3806 ἧτταν
1771 3737 1970 3790 ἀναπα-

333 3821 519 3876 λαῖσαι
555 3840 568 3853 ⁸
601 3823 970 3898 ἀποχωρείτω
999 3829 1094 3880 τοῦ
1127 3824 1178 3879 ἐν
1285 3824 1561 3895 ἐκαθέζετο
1594 3826 1719 3901 πρὶν
1750 3827 1922 3882 τόπου
1955 3843 1968 3858 ⁸

329 3910 448 3966 ἐπεὶ
508 3917 627 3976 πῶς
677 3916 1042 3988 γνωσθήσεται
1101 3914 1250 3987 αὐτῷ
1302 3936 1360 3972 τε
1418 3914 1601 3989 ἐκείνῳ
1657 3918 1693 3985 ἡ
1752 3914 1975 3993 ἄρνησις

333 4003 396 4070 ἣν
435 4001 660 4073 ὑπέστη,
691 4004 778 4058 καὶ
814 4001 1047 4076 ἄλλοις;

406 4179 483 4239 0'5
566 4186 737 4257 χωρῶ
812 4181 1140 4258 ἐπιτρέψαι·
1221 4183 1304 4240 ἐπ’
1374 4184 1432 4240 ἂν
1511 4186 1546 4256 ἡ
1611 4183 1972 4250 ἀναπάλαισις

334 4271 498 4326 αὐτοῦ
532 4272 768 4344 μάλιστα
800 4274 902 4328 οὐκ
947 4273 1153 4349 ἐγένετο
1184 4275 1235 4328 ἐν
1287 4271 1546 4349 ἐπισήμῳ
1586 4277 1689 4331 τινὶ
1739 4275 1974 4349 δράματι

333 4362 448 4414 οἷον
500 4360 586 4415 ἐπὶ
629 4367 726 4418 τοῦ
777 4361 1118 4425 Λαοδικείας.
1170 4361 1310 4420 Οὕδὲ
1352 4365 1455 4440 γὰρ
1501 4363 1685 4439 ἐκείνῳ
1729 4361 1973 4440 συμϐου-

334 4447 591 4524 λεύσαιμι
651 4450 710 4506 ἂν
771 4448 939 4529 ἔγωγε
991 4454 1317 4529 ἱερυυργεῖν,
1375 4454 1409 4523 ἤ
1474 4453 1642 4527 μόνον
1691 4461 1970 4510 κοινωνεῖν

330 4538 421 4594 διὰ
457 4541 520 4594 τὸ
570 4539 855 4613 ἐπίσημον.
893 4541 1074 4604 Οὕτως
1116 4542 1203 4598 ἐπὶ
1250 4547 1347 4598 τοῦ
1392 4544 1659 4618 τυχόντος
1713 4547 1974 4618 μονάζον-

327 4649 422 4690 τος
458 4646 470 4659 ’
507 4629 678 4692 οὕτως
730 4631 817 4687 ἐπὶ
849 4630 1044 4687 λαῖκοῦ
1078 4650 1092 4663 ·

325 4722 434 4772 τῶν
488 4717 672 4776 ἄλλων
731 4720 893 4791 ἀξίων
953 4727 1172 4796 καρπῶν
1221 4726 1319 4792 τῆς
1381 4724 1665 4798 μετανοίας
1703 4743 1714 4756 ·
1767 4727 1971 4800 ἀναμέ-

325 4828 434 4862 νειν
463 4828 520 4862 τε
559 4809 650 4863 τὸν
698 4811 886 4882 καιρὸν
916 4818 1015 4880 τῆς
1065 4811 1397 4885 ὀρθοθοξίας.
1446 4813 1600 4884 Πλὴν
1649 4811 1838 4885 ἐπειδή
1891 4815 1970 4871 ἐν·

329 4893 570 4972 δέχεται,
626 4899 714 4952 καὶ
767 4899 950 4979 ὕφεσιν
1008 4901 1098 4956 καὶ
1173 4903 1460 4977 πρόσθεσιν
1517 4903 1754 4977 γίνεσθαι
1826 4905 1971 4979 παρὰ

323 4990 425 5040 τοῦ
459 4985 819 5061 ἐπιτιμῶντος
853 5007 867 5020 '
920 4988 1008 5045 ἐπὶ
1039 4997 1138 5060 τῆς
1175 4993 1457 5055 κοινωνίας
1493 4992 1633 5066 λέγω
1667 5012 1682 5026 ο
1733 4991 1966 5048 ἔκτεινο-

330 5073 508 5148 μένων
539 5082 646 5131 τῶν
695 5079 909 5153 χρόνων
954 5087 1054 5150 τῆς
1105 5082 1358 5156 αἱρέσεως
1401 5084 1536 5138 κατά
1579 5084 1646 5138 τὰ
1685 5081 1972 5158 ἀθεώρητα

325 5164 568 5236 κρίματα
599 5173 698 5234 τῆς
749 5165 956 5230 δικαίας
989 5168 1156 5243 ὀργῆς
1204 5175 1300 5224 τοῦ
1334 5174 1466 5225 Θεοῦ
1500 5191 1513 5205 ο
1563 5169 1674 5226 ἔστι
1725 5172 1815 5226 καὶ
1864 5172 1970 5246 πρὸ

328 5250 556 5307 συνόδου
618 5255 777 5310 λῦσαι
835 5255 887 5312 ἐν
949 5258 1132 5334 Κυρίῳ
1169 5277 1181 5290 ·
1246 5260 1426 5321 καθὼς
1479 5260 1836 5316 ὑποπέπτωκε
1907 5262 1969 5316 τὸ

327 5341 620 5416 πρόσωπον
687 5346 981 5424 βαρύτερον
1027 5348 1062 5418 ἢ
1122 5348 1487 5427 ἐλαφρότερον
1519 5366 1532 5381 °
1591 5351 1681 5405 καὶ
1737 5352 1856 5406 καθ’
1907 5353 1968 5421 ἣν

325 5430 494 5488 πάλιν
547 5433 894 5492 ὑποδείκνυσι
957 5437 1242 5511 μετάνοιαν
1278 5457 1292 5472 ·
1351 5438 1427 5501 εἴς
1483 5459 1541 5495 τε
1595 5440 1722 5503 τοὺς
1768 5440 1968 5514 ἡμετέ-

329 5542 455 5597 ρους
485 5524 731 5588 καὶτοὺς
775 5521 899 5599 ἔξω,
930 5530 1293 5584 συνεστιᾶσθαι
1343 5529 1538 5593 αὐτοὺς
1585 5531 1648 5585 οὐ
1698 5528 1971 5586 κωλυτέον

2080 3380 2408 3435 suntetiam
2426 3380 2528 3435 illi.
2554 3381 2854 3452 Presbyter
2867 3397 2966 3436 seu
2991 3382 3422 3453 subscripserit,
3445 3398 3546 3438 seu
3567 3385 3723 3437 metu

2081 3470 2526 3525 communicarit
2557 3470 2929 3525 afﬂictionem
2975 3487 3089 3526 non
3141 3472 3365 3539 ferens;
3400 3488 3433 3527 a
3461 3487 3727 3526 commu-

2081 3559 2252 3614 nione
2285 3563 2567 3613 arceatur.
2602 3560 2710 3624 Qui
2740 3560 2892 3615 enim
2927 3561 3209 3617 adversus
3238 3562 3536 3617 Christum
3567 3577 3727 3617 com-

2087 3649 2420 3703 munionem
2457 3649 2607 3716 iniit,
2643 3650 2742 3720 qui
2776 3658 2957 3720 potest
2997 3666 3132 3706 cum
3184 3650 3414 3706 Christo
3463 3667 3729 3707 commu-

2083 3739 2277 3795 nicare
2298 3739 2324 3793 ‘I
2356 3740 2703 3796 Privationis
2751 3743 2906 3796 enim
2948 3741 3218 3797 sacriﬁcii
3248 3741 3524 3798 relaxatio
3554 3759 3727 3814 syno-

2084 3829 2223 3884 dicae
2237 3829 2798 3886 estconsultationis.
2822 3831 2926 3896 Qui
2951 3836 3082 3902 post
3097 3832 3323 3902 lapsum
3342 3832 3412 3886 ad
3431 3835 3724 3887 certamen

2083 3920 2294 3975 iterum
2328 3919 2654 3986 revertitur,
2685 3920 2980 3976 abstineat
3008 3921 3078 3975 ab
3102 3936 3168 3975 eo
3199 3919 3326 3977 loco
3355 3936 3526 3989 quem
3567 3920 3728 3990 prius

2083 4008 2338 4064 obtinuit
2363 4026 2376 4064 :
2413 4008 2631 4080 alioqui
2661 4010 2950 4079 quomodo
2978 4009 3301 4064 innotescat
3330 4013 3455 4064 tum
3486 4007 3728 4080 ipsimet

2084 4097 2311 4168 negatio
2343 4113 2520 4169 quam
2554 4114 2763 4170 passus
2793 4103 2902 4164 est,
2937 4102 3062 4154 tum
3095 4097 3227 4153 aliis
3247 4097 3274 4152 Τ

2153 4189 2278 4244 Νοιι
2311 4205 2548 4258 possum
2583 4188 2956 4258 permittere:
2999 4189 3317 4260 praesrtim
3361 4188 3591 4260 quando
3621 4188 3726 4244 ite-

2085 4283 2212 4334 rata
2240 4277 2424 4347 ipsius
2459 4294 2658 4349 pugna
2703 4278 2922 4349 insigni
2952 4279 3224 4349 qu0piam
3257 4295 3428 4349 opere
3460 4294 3577 4334 non
3608 4294 3728 4333 cer-

2084 4368 2240 4424 nitur
2264 4384 2277 4422 :
2303 4366 2800 4439 quemadmodum
2818 4367 2878 4422 in
2901 4369 3172 4439 episcOpo
3197 4368 3507 4423 Laodiceae.
3532 4367 3728 4438 Neque

2085 4459 2241 4513 enim
2280 4456 2366 4512 illi
2397 4473 2502 4528 ego
2559 4460 2760 4513 auctor
2791 4457 3000 4512 fuerim
3035 4457 3424 4518 sacriﬁcandi.
3449 4460 3548 4512 sed
3571 4473 3726 4513 com-

2085 4547 2423 4602 municandi
2447 4550 2674 4602 tantum
2702 4551 2933 4618 propter
2954 4545 3364 4602 celebritatem.
3396 4547 3489 4601 Sic
3509 4547 3569 4601 in
3600 4562 3730 4603 mo-

1143 4633 1304 4706 εἷρξις
1353 4640 1451 4704 τῆς
1496 4633 1801 4705 κοινωνίας,
1838 4636 1963 4708 μετᾶ

2084 4639 2269 4693 nacho
2323 4652 2695 4709 unoquoque,
2741 4637 2825 4691 sic
2875 4636 2935 4690 in
2985 4635 3178 4691 laico:
3231 4636 3516 4692 arcendus
3556 4639 3646 4691 est
3693 4654 3728 4691 a

2082 4726 2516 4794 communione,
2534 4743 2668 4782 cum
2690 4727 2819 4783 aliis
2831 4725 3320 4799 dignisfructibus
3339 4725 3722 4798 ptenitentiae;

2079 4818 2649 4888 exspectantiumque
2671 4825 2902 4888 tempus
2917 4817 3411 4872 fideiorthodoxe.
3427 4819 3723 4881 Ceterum,

2081 4907 2350 4978 quoniam
2383 4911 2442 4963 et
2470 4906 2687 4962 remitti
2718 4914 2772 4962 et
2799 4906 3022 4962 intendi
3053 4922 3283 4978 pinnam
3317 4905 3389 4961 ab
3420 4919 3488 4961 eo
3521 4905 3608 4961 fas
3637 4908 3727 4960 est

2080 4994 2182 5065 qui
2211 4995 2500 5066 imponit;
2535 4996 2606 5051 de
2653 4996 3065 5052 communione
3113 4995 3357 5065 loquor;
3399 4994 3450 5050 si
3480 4992 3725 5050 occultis

2071 5084 2246 5155 justte
2287 5084 2386 5140 Dei
2419 5084 2516 5140 ira
2538 5084 2780 5155 judiciis
2811 5084 3094 5140 haereseos
3125 5088 3388 5155 tempora
3420 5098 3727 5154 prorogen-

2081 5184 2190 5242 tur,
2223 5173 2420 5229 licebit
2447 5175 2622 5230 etiam
2638 5178 2772 5229 ante
2790 5174 3080 5245 synodum
3107 5174 3166 5228 in
3190 5172 3432 5228 Domino
3447 5172 3722 5239 relaxare,

2082 5271 2252 5336 prout
2282 5282 2530 5338 persona
2561 5266 2792 5336 gravius
2826 5265 3079 5320 leviusve
3111 5265 3276 5337 lapsa
3303 5269 3408 5331 est,
3441 5269 3496 5320 et
3526 5281 3628 5334 pro
3659 5279 3726 5319 ea

2079 5371 2310 5410 rursum
2358 5355 2707 5425 paenitentia,
2761 5370 2936 5426 quam
2971 5371 3081 5425 prae
3113 5371 3174 5409 se
3221 5355 3372 5408 fert:
3419 5357 3542 5408 tum
3585 5369 3724 5424 erga

2080 5450 2335 5511 nostros,
2366 5448 2494 5500 tum
2517 5459 2652 5516 erga
2681 5450 2985 5499 extraneos
3010 5442 3435 5511 prohibendum
3468 5459 3580 5498 non
3601 5447 3720 5510 est;

2080 5534 2220 5605 quin
2254 5550 2371 5590 una
2399 5534 2725 5606 epulantur,
2759 5549 2876 5590 non
2907 5539 3099 5589 tamen
3141 5536 3203 5588 ut
3231 5531 3724 5588 benedicantante

400 5669 823 5750 ῖιιερῑεε.2ιεἶ
892 5674 1724 5750 "gnpist.1192,9Nicopolit.
1788 5677 1963 5749 presb;

2114 5677 2159 5714 ⁷⁸
2192 5678 2215 5735 1
2267 5679 2396 5736 Cor.
2456 5693 2549 5748 xv,
2608 5679 2696 5735 32.
2773 5675 2818 5715 ’³⁷
2849 5676 2994 5734 Ibid.
3037 5677 3125 5732 33.
3203 5674 3250 5712 ⁷⁸
3281 5674 3327 5732 ΙΙ
3360 5679 3487 5733 Cor.
3519 5691 3597 5746 vr,
3633 5675 3714 5732 14.

326 5741 376 5778 ’⁷⁵
405 5742 427 5800 1
459 5741 586 5803 Cor.
626 5762 740 5816 xw,
764 5747 853 5801 20.
930 5744 977 5781 ⁸ο
1009 5741 1172 5804 Rom.
1204 5741 1346 5819 xm,
1368 5749 1456 5809 10.
