4084 6284
381 355 528 418 1151

1617 353 1677 412 S.
1723 349 2125 413 THEODORI
2172 347 2534 410 STUDITJE

3620 340 3782 400 H52

382 489 817 545 relaxationem.
850 496 984 546 Haec
1014 491 1153 544 sunt
1175 504 1300 556 quae
1322 488 1392 543 de
1424 487 1518 542 his
1535 487 1717 542 habeo
1738 487 1796 542 in
1818 485 2026 541 timore

2162 478 2358 555 »ὄχ’ίνα
2406 480 2704 555 εὐλογῶσιν
2758 475 2863 540 ἕως
2897 475 3125 536 λύσεως.
3159 474 3401 529 Τοσαῦτα
3453 494 3547 546 μοι
3599 474 3776 528 ὦπται

387 579 485 634 Dei
517 585 574 634 et
611 579 870 634 veritate.
903 579 959 632 Si
991 579 1131 648 quid
1167 578 1294 633 novi
1327 575 1414 631 vel
1449 593 1481 630 a
1509 576 1675 632 vobis
1703 577 1788 630 vel
1813 575 1884 630 ab
1906 574 2035 628 aliis

386 669 740 738 proferatur,
765 668 1009 723 discam.
1047 667 1248 722 Fateor
1278 666 1430 721 enim
1466 683 1558 720 me
1588 665 1645 719 in
1672 664 1868 719 multis
1902 681 2032 735 pec-

385 772 554 812 care:
589 767 641 811 et
676 759 860 812 multa
913 755 1133 811 nescire
1191 773 1302 810 non
1353 756 1566 811 abnuo.
1601 755 1799 810 Saluta
1833 756 2033 808 fratres

383 850 516 901 tuos
544 849 603 900 et
643 847 793 902 filios
826 863 1004 912 meos,
1037 848 1272 900 Petrum
1303 845 1596 910 abbatem,
1631 849 1689 899 et
1723 845 2034 914 lgnatium,

381 939 438 989 et
455 935 725 1004 Titboen,
757 935 1115 990 desideratos
1139 935 1280 988 mihi
1305 933 1361 988 in
1389 934 1634 989 Domino
1659 937 1715 988 et
1733 934 2035 1003 adjutores

385 1039 568 1079 meos.
603 1025 802 1079 Saluta
831 1041 929 1079 eos
953 1025 1054 1095 qui
1078 1024 1218 1078 mihi
1242 1024 1404 1078 chari
1427 1027 1566 1078 sunt
1586 1039 1655 1078 ex
1676 1028 1877 1078 sancta
1900 1039 2033 1078 con-

387 1116 741 1188 gregatione.
775 1115 976 1171 Saluta
1033 1115 1443 1186 mysteriorum
1487 1115 1778 1179 custodes,
1813 1115 2035 1168 viscera

383 1221 516 1260 mea
563 1204 933 1260 charissima.
985 1204 1187 1260 Saluta
1241 1221 1367 1259 eam
1419 1205 1588 1274 cujus
1640 1220 1886 1273 magnus
1945 1212 2030 1257 est

383 1292 548 1350 labor
567 1295 625 1349 in
648 1294 894 1350 Domino
920 1311 932 1349 :
961 1295 1030 1349 de
1052 1311 1165 1365 qua
1190 1293 1404 1364 recipio
1423 1297 1479 1347 et
1504 1293 1736 1348 abundo
1757 1293 1812 1347 in
1839 1293 2028 1347 bonis.

386 1383 584 1440 Saluta
634 1401 836 1440 omnes
885 1384 942 1438 in
976 1384 1204 1439 Christo
1247 1385 1475 1446 fratres,
1543 1383 1717 1438 etiam
1752 1383 1848 1454 qui
1884 1388 2023 1438 sunt

381 1475 540 1540 laici,
591 1493 658 1532 ex
709 1477 923 1547 quibus
973 1482 1062 1532 est
1099 1475 1335 1546 Sergius
1379 1475 1509 1547 pius
1535 1480 1592 1529 et
1641 1475 1877 1548 Engius.
1925 1473 2032 1541 Qui

387 1581 610 1622 mecum
643 1571 780 1621 sunt
809 1565 1012 1620 fratres
1041 1581 1270 1637 semper
1310 1565 1504 1620 dilecti
1539 1572 1590 1619 te
1621 1569 1676 1619 et
1707 1565 1848 1619 alios
1879 1564 2031 1619 salu-

385 1661 534 1713 tant.
593 1658 878 1713 Memento
929 1662 984 1712 te
1015 1655 1318 1712 tenuitatis
1351 1672 1510 1712 meae.
1540 1655 1815 1710 Dominus
1837 1659 2034 1711 noster

385 1746 560 1802 Jesus
589 1748 856 1804 Christus
886 1748 1181 1804 vobiscum
1216 1746 1440 1803 fratres.

744 2054 872 2110 XII.
906 2086 975 2096 -
1006 2055 1268 2110 Paschali
1293 2068 1455 2126 papae
1487 2054 1681 2110 Rome.

2144 573 2267 644 περὶ
2295 570 2505 624 τούτων
2536 568 2586 622 ἐν
2639 563 2793 639 φόϐῳ
2839 570 2971 622 Θεοῦ
3003 565 3090 618 καὶ
3134 562 3382 634 ἀληθείᾳ.
3416 563 3480 617 Εἴ
3524 559 3580 615 δὲ
3624 584 3675 616 τι
3727 562 3780 631 ἐξ

2149 663 2302 733 ὑμῶν
2334 665 2369 729 ἢ
2415 659 2506 713 ἀπ’
2553 657 2740 713 ἄλλων
2782 656 3114 729 καινότερον,
3163 651 3433 726 διδαχθῶ.
3491 649 3785 725 Ὁμολογῶ

2145 750 2247 826 γὰρ
2281 751 2354 811 ὡς
2385 746 2571 803 πολλὰ
2619 745 2960 819 ἁμαρτάνων,
2990 745 3077 799 καὶ
3128 742 3314 799 πολλᾶ
3361 741 3570 815 ἀγνοεῖν
3613 737 3784 817 δεχο-

2149 861 2266 913 μαι.
2299 841 2572 894 Ἀσπασαι
2623 837 2750 899 τοὺς
2783 832 3049 910 ἀδελφούς
3098 854 3192 887 σου
3222 831 3314 886 καὶ
3363 832 3431 886 τα
3470 829 3624 884 τὲκνα
3673 849 3783 900 μου

2143 930 2236 984 τὸν
2286 923 2455 982 ἁϐϐἆν
2508 926 2726 1000 Πὲτρον,
2782 924 2871 980 καὶ
2921 925 3198 998 Ἰγνάτιον,
3249 920 3340 976 καὶ
3387 919 3583 989 Τιθόην
3629 921 3783 990 [cod.

2146 1020 2285 1092 Reg.
2335 1015 2594 1089 Τιδόϊον],
2627 1016 2753 1077 τοὺς
2790 1013 2840 1068 ἐν
2889 1015 3071 1087 Κυρίῳ
3121 1010 3488 1080 ἐπιποθήτους
3543 1028 3646 1080 μου
3689 1003 3784 1060 καὶ

2144 1107 2452 1183 συνεργούς.
2484 1110 2749 1164 Ἄσπασαι
2798 1105 2924 1166 τοὺς
2955 1101 3015 1157 ἒκ
3056 1109 3157 1170 τῆς
3204 1099 3358 1174 ἁγίας
3404 1095 3650 1158 συνοδίας
3698 1117 3784 1172 qv.-

2146 1200 2352 1270 λητούς
2415 1221 2537 1272 μου.
2597 1200 2864 1253 Ἄσπασαι
2918 1195 3044 1255 τοὺς
3124 1189 3661 1269 μυστηριοφύλακας,
3715 1187 3788 1241 τὰ

2145 1291 2252 1366 ἐμὰ
2297 1289 2626 1368 ἠγαπημὲνα
2674 1287 2983 1364 σπλάγχνα.
3037 1286 3306 1342 Ἄσπασαι
3355 1283 3455 1350 τὴν
3503 1284 3782 1334 κοπιῶσαν

2143 1382 2195 1436 ἐν
2249 1380 2428 1455 Κυρίῳ
2463 1400 2475 1412 ·
2533 1381 2602 1447 ῆς
2657 1377 2853 1454 ἀπέχω
2909 1373 2998 1429 καὶ
3055 1371 3355 1446 περισσεόω
3412 1369 3463 1425 ἐν
3523 1370 3785 1445 ἀγαθοῖς’

2143 1473 2377 1526 ἄσπασαι
2407 1471 2610 1530 πάντας
2655 1469 2783 1530 τοὺς
2813 1465 2866 1520 ἐν
2924 1466 3142 1537 Χριστῷ
3191 1459 3480 1538 ἀδελφοὺς,
3533 1458 3629 1512 κᾶν
3672 1455 3790 1511 λαῖ-

2140 1561 2252 1630 xoi,
2284 1558 2336 1628 ἐξ
2385 1559 2458 1612 ὧν
2491 1557 2719 1632 Σέργιος
2751 1555 2778 1608 ὁ
2828 1548 3051 1620 εὐσεϐὴς
3096 1552 3186 1605 καὶ
3231 1546 3412 1626 ἔγγιος
3459 1549 3522 1620 [ε.
3574 1547 3787 1620 civici].

2143 1649 2501 1716 Ἀσπάζονται
2533 1647 2590 1700 σε
2621 1645 2711 1700 καὶ
2759 1644 2887 1704 τοὺς
2918 1639 3124 1704 ἄλλους
3171 1639 3222 1694 οἱ
3256 1640 3346 1692 σὺν
3391 1636 3518 1709 ἐμοὶ
3555 1633 3790 1710 ἀδελφοὶ

2145 1740 2486 1809 ἆειπόθητοι.
2538 1731 2922 1807 Μνημονεύετὲ
2981 1751 3087 1804 μου
3143 1735 3244 1798 τῆς
3289 1727 3684 1789 ταπεινώσεως.
3729 1729 3792 1777 Ὁ

2077 1819 2352 1902 ΒΚύριος
2408 1828 2570 1896 ἡμῶν
2629 1824 2840 1893 Ἰησοῦς
2915 1818 3145 1894 Χριστὸς
3207 1817 3323 1890 μεθ’
3400 1815 3572 1888 ὑμῶν,
3627 1810 3796 1868 ἀδελ-

2147 1917 2260 1991 φοί.

2389 2043 2486 2097 ΙΒ’.
2529 2073 2593 2082 -
2637 2035 3001 2113 Πασχαλίῳ
3039 2035 3221 2105 πάπᾳ
3258 2031 3536 2106 Ῥώμης.

887 2190 1110 2239 Romani
1142 2188 1404 2252 pontiﬁcis
1435 2201 1588 2250 opem
1623 2186 1878 2236 adversus
1906 2180 2288 2232 Iconomacbos
2319 2179 2572 2242 exposcit.
2600 2176 2816 2237 (Baron.
2848 2187 2936 2224 an.
2965 2171 3076 2229 817,
3110 2186 3162 2222 n.
3191 2170 3298 2232 2i.)

402 2286 642 2343 Prorsus
669 2289 1010 2344 sanctissimo
1058 2289 1336 2343 lumz'nari
1362 2303 1580 2357 magno,
1613 2287 1917 2340 antistitum
1946 2299 2043 2338 su-

467 2393 677 2447 premo,
721 2376 937 2432 domino
993 2381 1198 2443 nostro,
1236 2376 1456 2431 domino
1511 2375 1800 2445 apostolico
1857 2387 2041 2443 papae,

473 2470 735 2529 Joannes,
788 2465 1130 2533 Theodosius,
1183 2465 1538 2531 Athanasius,
1580 2465 1832 2529 Joannes,
1874 2462 2045 2515 Theo-

472 2555 662 2622 dorus,
716 2557 936 2610 minimi
962 2556 1271 2627 presbyteri
1317 2558 1369 2610 et
1403 2552 1686 2625 praepositi
1730 2568 1918 2607 eorum
1950 2553 2049 2622 qui

472 2644 624 2714 apud
682 2645 950 2710 Cathara,
1011 2645 1341 2715 Picridium,
1391 2644 1820 2715 Paulopetrium,
1871 2642 2043 2696 Euoc-

471 2733 635 2802 riam,
666 2735 718 2786 et
749 2731 1018 2788 Studium.

472 2917 684 2972 Audita
719 2917 837 2987 jam
901 2923 1037 2972 sunt
1083 2916 1238 2972 haud
1292 2917 1469 2972 dubie
1518 2932 1800 2988 supremas
1847 2919 2047 2971 vestrae

405 3003 747 3060 beatitudini
778 3022 842 3060 ea
889 3021 1018 3075 quae
1048 3010 1282 3076 propter
1314 3010 1547 3076 peccata
1589 3011 1786 3060 nostra
1833 3004 1893 3058 in
1944 3020 2046 3059 no-

399 3099 580 3149 stram
613 3095 932 3149 Ecclesiam
981 3096 1264 3150 invasere.
1308 3095 1533 3150 Etenim
1567 3095 1703 3150 facti
1751 3110 1957 3150 sumus
1989 3095 2046 3148 in

402 3185 735 3256 parabolam
769 3190 826 3241 et
874 3186 1244 3256 proverbium
1297 3186 1572 3242 omnibus
1617 3186 1911 3258 gentibus,
1982 3188 2047 3238 ut

401 3275 724 3329 secundum
760 3274 1115 3344 Scripturam
1149 3275 1355 3344 loquar
1399 3276 1438 3309 ⁸¹
1476 3291 1488 3328 :
1537 3276 1791 3330 nondum
1850 3279 2044 3329 tamen

402 3363 643 3418 fortasse
663 3379 730 3417 ea
756 3365 1002 3434 perfecte
1017 3371 1071 3418 et
1105 3364 1489 3434 perepistolas
1510 3364 1842 3419 renuntiata
1866 3364 2042 3417 fuere.

405 3453 592 3517 Quare
625 3469 730 3506 nos
770 3452 1020 3517 minimi,
1054 3453 1164 3508 etsi
1196 3454 1516 3508 membrum
1552 3453 1809 3525 corporis
1832 3450 2046 3506 Christi

405 3540 677 3594 ultimum
702 3557 948 3596 sumus:
975 3549 1189 3610 tamen,
1223 3558 1356 3597 cum
1388 3541 1436 3596 is
1459 3543 1558 3613 qui
1590 3547 1763 3612 caput
1785 3545 2045 3596 nostrum

404 3635 507 3698 est,
532 3631 798 3700 captivus
829 3631 924 3695 sit,
950 3639 1124 3701 atque
1149 3633 1189 3686 ii
1223 3631 1318 3701 qui
1353 3631 1506 3687 inter
1531 3631 1732 3689 fratres
1766 3630 2044 3700 eminent,

406 3719 521 3776 huc
552 3726 723 3790 atque
753 3719 896 3775 illuc
926 3719 1228 3789 dissipati:
1264 3721 1453 3792 aliquo
1502 3720 1673 3776 modo
1723 3719 2044 3787 potuimus,

407 3823 557 3864 exeo
589 3809 744 3880 quod
769 3825 944 3880 prope
966 3826 1198 3876 sumus,
1217 3818 1268 3865 et
1290 3826 1358 3865 ex
1383 3815 1578 3865 mutua
1602 3808 2044 3880 signiﬁcatione,

406 3901 687 3970 tanquam
707 3915 818 3954 uno
841 3899 1045 3970 spiritu
1066 3904 1120 3955 et
1136 3900 1546 3955 communibus
1567 3899 1758 3954 verbis
1781 3898 2047 3970 quamvis

408 3990 785 4045 temerarium
838 3990 932 4056 sit,
967 3990 1074 4044 ista
1126 3991 1393 4045 scribere.
1448 3989 1619 4057 Audi,
1666 3988 2047 4059 apostolicum

411 4083 605 4149 caput,
640 4095 673 4133 a
715 4080 825 4134 Deo
857 4080 1158 4150 praeposite
1189 4084 1388 4152 pastor
1417 4079 1612 4134 ovium
1644 4077 2049 4147 Christi,jani-

408 4171 502 4223 tor
532 4169 686 4237 regni
715 4169 1012 4238 caelorum,
1039 4173 1200 4239 petra
1221 4170 1353 4225 fidei
1376 4185 1551 4239 super
1571 4185 1749 4240 quam
1772 4167 2050 4224 aedificata

409 4263 496 4314 est
526 4258 805 4314 catholica
835 4259 1108 4314 Ecclesia.
1144 4258 1346 4314 Petrus
1375 4259 1531 4314 enim
1562 4263 1644 4324 tu,
1679 4257 1826 4313 Petri
1854 4260 2050 4314 sedem

408 4363 689 4403 exornans
715 4357 768 4403 et
797 4348 1149 4419 gubernans.
1202 4348 1346 4420 Lupi
1395 4364 1596 4420 graves
1627 4348 1960 4417 irruperunt
1990 4349 2048 4402 in

408 4438 634 4494 caulam
667 4437 938 4493 Domini:
973 4441 1149 4509 portae
1197 4437 1386 4505 inferi,
1419 4442 1482 4492 ut
1505 4437 1668 4506 olim,
1701 4442 1884 4507 ruptae
1915 4444 2050 4492 sunt

403 4527 470 4583 in
492 4527 694 4599 ipsam.
721 4527 868 4593 Quid
893 4527 1037 4582 hoc?
1059 4527 1522 4584 Persecutionem
1546 4529 1767 4600 patitur
1787 4526 2051 4584 Christus

413 4633 544 4673 cum
576 4625 757 4673 matre
797 4620 855 4672 et
908 4616 1232 4674 ministris:
1265 4620 1548 4689 siquidem
1591 4623 1789 4674 contra
1841 4617 2051 4688 imagi-

410 4723 545 4764 nem
578 4706 874 4774 incursus,
925 4707 1217 4778 prototypi
1267 4712 1354 4763 est
1403 4707 1748 4780 persecutio.
1783 4707 1927 4762 Hinc
1957 4708 2055 4762 de-

411 4797 591 4852 tentio
624 4794 1028 4867 patriarcbalis
1069 4795 1316 4867 capitis:
1349 4797 1553 4852 exsilia
1584 4801 1641 4852 et
1666 4795 2050 4866 relegationes

409 4886 977 4958 archiepiscoporum
1009 4891 1062 4940 et
1111 4886 1503 4955 sacerdotum,
1543 4890 1599 4942 et
1630 4885 2051 4941 monachorum

410 4977 944 5046 monacharumque
994 4977 1302 5048 compedes
1349 4980 1404 5032 et
1444 4975 1674 5031 vincula
1704 4976 1907 5039 ferrea,
1940 4979 2055 5029 tor-

411 5073 723 5136 mentaque
753 5072 808 5122 et
839 5068 911 5122 ad
943 5073 1262 5123 extremum
1297 5083 1472 5122 mors.
1516 5065 1560 5120 O
1589 5064 1927 5120 horribilem
1962 5079 2054 5118 au-

413 5156 692 5212 ditionem
720 5155 732 5209 ι
766 5157 1110 5212 Veneranda
1140 5157 1333 5226 imago
1386 5154 1684 5209 salvatoris
1714 5153 1813 5208 Dei
1848 5150 2051 5219 nostri,

416 5265 592 5320 quam
623 5248 799 5304 etiam
842 5249 1130 5304 daemones
1179 5245 1648 5318 perhorrescunt,
1681 5243 2052 5299 contumeliis

418 5339 623 5394 affecta
655 5343 710 5392 et
742 5337 994 5392 ludibrio
1045 5335 1245 5391 habita
1283 5339 1394 5400 est,
1437 5349 1551 5390 non
1584 5333 1774 5389 solum
1807 5332 1862 5385 in
1895 5331 2054 5403 regia

417 5428 580 5497 urbe,
602 5444 801 5484 verum
823 5427 999 5482 etiam
1023 5426 1082 5480 in
1104 5423 1264 5481 omni
1287 5423 1519 5495 regione
1539 5428 1596 5478 et
1616 5422 1810 5493 opido.
1833 5421 2054 5477 Altaria

413 5517 602 5574 deleta
630 5525 781 5579 sunt,
805 5515 1022 5587 templa
1051 5513 1364 5580 destructa,
1383 5528 1548 5569 sacra
1569 5511 1887 5583 profanata,
1917 5509 2054 5565 effu-

412 5625 518 5668 sus
545 5612 634 5665 est
663 5607 906 5680 sanguis
936 5609 993 5663 et
1037 5605 1356 5663 eﬁ‘unditur
1401 5620 1602 5662 eorum
1652 5601 1752 5675 qui
1800 5601 2053 5660 retinent

483 5735 531 5776 ει
564 5735 716 5794 Psal.
748 5750 944 5798 vam,
976 5733 1064 5791 12.

2150 2283 2246 2350 Τῷ
2283 2277 2487 2332 πάντα
2517 2271 3006 2349 παναγεστάτῳ,
3039 2275 3337 2346 φωστῆρι
3375 2263 3662 2340 μεγάλῳ,
3693 2262 3795 2334 ἀρ·

2226 2370 2445 2442 χιερεῖ
2509 2363 2879 2440 πρωτίστῳ,
2944 2360 3156 2433 κυρίῳ
3221 2359 3432 2429 ἡμῶν,
3501 2351 3791 2442 δεσπότῃ

2224 2440 2654 2525 ἇ-ποστολικῷ
2719 2452 2916 2521 πάπᾳ,
2997 2447 3328 2516 Ἰωάννης,
3407 2440 3795 2506 Θεοδόσίος,

2226 2547 2633 2614 Ἀθανάσιος,
2682 2541 3008 2611 Ἰωάννης,
3046 2533 3411 2609 Θεόδωρος,
3442 2531 3796 2606 ἐλάχιστοι

2224 2630 2666 2712 πρεσϐύτεροι
2723 2631 2828 2687 καὶ
2888 2627 3266 2702 ἡγούμενοι
3324 2626 3448 2677 τῶν
3511 2621 3795 2691 Καθαρα,

2224 2730 2348 2780 τῶν
2417 2719 2797 2797 Πικριδίου,
2881 2721 2994 2772 τοῦ
3076 2713 3610 2784 Παυλοπετρίου,
3676 2715 3797 2777 τῆς

2227 2814 2569 2889 Εὐκερίας,
2606 2815 2730 2866 τῶν
2775 2804 3127 2864 Στουδίου.

2227 2904 2368 2976 ’Ἤδη
2429 2925 2534 2960 που
2589 2901 2800 2963 πάντως
2855 2897 3118 2968 ἤκουσται
3186 2898 3256 2968 τῇ
3313 2889 3584 2972 κορυφαῖα
3638 2889 3795 2962 ὑμῶν

2161 2996 2524 3071 μακαριότητι
2568 2991 2633 3047 τὰ
2688 2989 2825 3045 κατὰ
2867 2989 2962 3050 τὰς
3011 2984 3279 3061 ἁμαρτίας
3337 2985 3497 3056 ἡμῶν
3550 2980 3798 3071 τῆκαθ⁹

2155 3069 2321 3160 ἧμας.
2360 3079 2661 3153 Ἐκκλησία
2723 3075 3039 3134 ἐπελθόντα.
3099 3073 3203 3131 Καὶ
3277 3072 3382 3146 γὰρ
3457 3069 3798 3160 γεγενήμεθα

2163 3137 2301 3160 ἠ’-*⁷*
2382 3137 2417 3139 κ
2553 3137 2651 3153 ι.
3291 3137 3364 3146 ..
3471 3137 3644 3146 ..γ

2079 3137 2121 3204 C
2155 3175 2230 3239 εἷς
2291 3167 2615 3250 παραϐολὴν
2665 3169 2754 3224 καὶ
2814 3165 3062 3239 διήγημα
3118 3163 3170 3218 ἐν
3229 3165 3359 3216 πᾶσι
3411 3165 3527 3250 τοῖς
3563 3156 3796 3250 -ἕθνεσι,

2155 3246 2439 3341 Γραοικῶς
2467 3262 2632 3316 εἰπεῖν
2666 3302 2679 3315 .
2732 3257 2794 3312 οὐ
2829 3257 2937 3330 μὴν
2969 3254 3097 3314 ἴσως
3138 3255 3173 3322 ἡ
3225 3248 3527 3324 ἀπαγγελία
3558 3246 3795 3308 ἐντελῶς

2152 3333 2212 3412 τέ
2257 3333 2346 3410 καὶ
2393 3352 2780 3410 ἐπιστολικῶς.
2833 3349 3030 3420 Διόπερ
3075 3346 3240 3415 ἡμεῖς
3284 3341 3334 3396 oi
3385 3341 3694 3414 ἐλάχιστοι,
3751 3337 3799 3391 εἰ

2154 3447 2244 3501 καὶ
2297 3443 2464 3517 μέλος
2509 3463 2613 3497 που
2660 3444 2757 3494 τοῦ
2801 3437 3054 3509 σώματος
3101 3428 3332 3506 Χριστοῦ
3391 3428 3620 3507 ἔσχατον
3670 3448 3802 3503 τυγ-

2158 3536 2416 3596 Κάνοντες
2449 3550 2463 3564 ⁸
2499 3531 2650 3604 ὅμως
2680 3533 2779 3598 τῆς
2830 3523 3072 3602 κεφαλῆς
3105 3525 3264 3594 ἡμῶν
3307 3518 3654 3595 εἷργομένης,
3685 3521 3796 3604 τῶν

2155 3647 2213 3682 τε
2269 3623 2321 3678 ἐν
2379 3602 2710 3698 ἀδελφότητι
2768 3614 3116 3690 προεχόντων
3173 3608 3281 3665 ὦδέ
3335 3630 3394 3665 τε
3448 3609 3664 3662 κάκεῖσε
3714 3602 3799 3660 δι-

2158 3711 2504 3788 εσπαρμένων
2541 3730 2552 3742 ·
2605 3708 2957 3779 ἠδυνήθημεν
3006 3724 3127 3764 πως
3175 3699 3235 3756 ἐκ
3281 3703 3379 3754 τοῦ
3426 3700 3681 3772 σύνεγγυς
3731 3696 3801 3751 εἶ-

2157 3784 2362 3862 ναι
2413 3799 2500 3855 διὰ
2541 3806 2642 3869 τῆς
2685 3797 2760 3853 εἷς
2814 3793 3100 3864 ἀλλήλους
3150 3789 3575 3862 καταμηνύσεως
3622 3785 3696 3848 εἷς
3745 3784 3803 3838 ’ὲν

2156 3893 2398 3971 γενέσθαι
2451 3889 2541 3946 καὶ
2595 3892 2804 3959 πνεῦμα
2851 3884 2941 3940 καὶ
3003 3883 3197 3960 ῥῆμα*
3254 3878 3554 3956 γράφοντες
3614 3876 3661 3930 εἰ
3707 3875 3800 3929 καὶ

2155 3963 2455 4056 τολμηρῶς
2504 3977 2650 4034 τάδε.
2702 3979 2921 4044 Ἀκουε,
2972 3968 3312 4056 ἀποστολική
3371 3969 3529 4056 κέρα,
3580 3963 3800 4039 θεοπρὸο

2158 4053 2330 4143 ὅλη-τε
2352 4053 2567 4142 ποιμὴν
2599 4071 2706 4121 τῶν
2736 4065 2975 4136 Χριστοῦ
3008 4053 3298 4134 προϐάτων
3331 4075 3344 4086 ·
3377 4053 3669 4129 κλειδοῦχε
3696 4059 3798 4121 τῆς

2161 4165 2404 4239 οὐρανῶν
2465 4155 2793 4234 βασιλείας·
2875 4153 3044 4226 πὲτρα
3098 4150 3198 4217 τῆς
3275 4145 3525 4210 πίστεως,
3602 4141 3685 4220 ἐφ’

2159 4232 2514 4326 ᾠκοδόμηται
2547 4249 2581 4316 ἡ
2628 4244 2895 4312 καθολικὴ
2948 4237 3262 4310 Ἐκκλησία.
3314 4235 3515 4311 Πέτρος
3563 4232 3666 4306 γὰρ
3712 4232 3796 4296 σὺ,

2157 4321 2249 4399 τὸν
2298 4321 2502 4414 Πέτρου
2552 4337 2737 4406 θρόνον
2796 4335 3018 4405 κοσμῶν
3066 4328 3156 4383 καὶ
3203 4325 3424 4381 διέπων.
3476 4322 3644 4378 Λύκοι
3707 4321 3798 4393 βα-

2163 4437 2270 4508 ρεῖς
2301 4405 2686 4509 εἷσειρθαρησαν
2735 4423 2786 4479 ἐν
2838 4426 2906 4493 τῇ
2939 4419 3096 4509 αὐλῇ-
3134 4415 3330 4509 Κυρίου
3363 4433 3377 4447 ⁸
3423 4411 3592 4509 πόλαι
3642 4405 3798 4509 ᾇμδου,

2084 4500 2130 4565 D
2163 4497 2239 4585 ii);
2297 4497 2493 4587 παλαι,
2547 4511 2990 4589 προσερῥάγησαν
3047 4506 3208 4579 αὒτῇ.
3264 4505 3324 4560 Τί
3387 4505 3587 4571 τοῦτο;
3663 4497 3801 4555 διώ-

2161 4633 2310 4668 κεται
2357 4607 2590 4683 Χριστὸς
2626 4605 2718 4659 σὺν
2781 4601 2950 4677 μητρῖ
2983 4599 3072 4654 καὶ
3129 4596 3448 4672 θεράπουσιν
3484 4611 3498 4625 ’
3555 4590 3708 4667 εἴπερ
3761 4594 3796 4660 ἡ

2158 4709 2258 4772 τῆς
2309 4700 2513 4761 εἰκόνος
2567 4692 2910 4769 καταδρομὴ,
2961 4693 3058 4745 τοῦ
3109 4684 3470 4761 πρωτοτύπου
3529 4679 3796 4758 διωγμός.

2158 4769 2433 4848 Ἐντεῦθεν
2517 4787 2780 4855 κατένεξις
2861 4784 3268 4855 πατριαρχικῆς
3347 4773 3593 4849 κεφαλῆς
3626 4790 3642 4804 ⁸
3724 4769 3799 4845 ἐξ·

2162 4882 2306 4959 ορίαι
2337 4902 2396 4937 τε
2450 4879 2541 4934 καὶ
2589 4873 2944 4950 περιορισμοὶ
3004 4867 3303 4945 ἀρχιερέων
3343 4886 3400 4920 τε
3457 4863 3547 4918 καὶ
3586 4861 3795 4936 ἱερέων,

2165 4953 2445 5048 μοναστῶν
2492 4991 2551 5024 τε
2607 4967 2698 5022 καὶ
2759 4964 3106 5039 μοναζουσῶν
3137 4977 3150 4991 ·
3215 4954 3418 5031 εὶρκταί
3471 4974 3529 5009 τε
3576 4953 3665 5006 καὶ
3717 4972 3793 5005 σιο

2161 5043 2429 5135 δηρώσεις
2464 5079 2479 5093 ·
2542 5054 2767 5134 βάσανοί
2820 5074 2878 5109 τε
2938 5051 3028 5107 καὶ
3083 5047 3245 5109 τέλος
3299 5045 3540 5100 θάνατοι.
3581 5049 3646 5096 Ὢ
3700 5043 3793 5096 τοῦ

2161 5133 2396 5226 φοϐεροῦ
2447 5133 2825 5218 ἀκούσματοςί
2857 5143 2892 5209 ἡ
2952 5137 3118 5205 σεπτὴ
3169 5135 3326 5190 εἰκὼν
3382 5136 3480 5186 τοῦ
3540 5133 3793 5202 Σωτῆρος

2159 5215 2322 5312 ῆμῶν
2377 5237 2532 5305 Θεοῦ,
2702 5231 2790 5287 καὶ
2859 5227 3114 5300 δαίμονες
3175 5224 3484 5312 φρίττουσιν
3516 5238 3532 5252 ⁸
3564 5215 3792 5312 Δἐνύϐρι-

2161 5307 2279 5382 σται
2313 5343 2327 5357 ·
2390 5322 2739 5397 ἐξουδὲνωται
2773 5340 2784 5353 ·
2842 5319 2902 5374 οὖ
2965 5319 3126 5392 μόνον
3187 5313 3240 5367 ἐν
3306 5313 3376 5383 τῇ
3437 5307 3790 5383 βασιλευούσῃ

2160 5413 2321 5473 πόλει
2354 5433 2369 5447 ⁸
2421 5411 2570 5468 ἀλλᾶ
2614 5413 2716 5488 γὰρ
2774 5409 2864 5464 καὶ
2914 5407 3050 5462 κατὰ
3093 5409 3266 5458 πᾶσαν
3323 5400 3511 5476 χώραν
3557 5398 3647 5452 καὶ
3698 5415 3792 5450 πο-

2161 5506 2384 5582 λίχνην.
2419 5487 2782 5575 Θυσιαστήρια
2811 5496 3080 5578 ἠφανίσθη
3115 5513 3131 5528 ε
3182 5491 3299 5549 ναοὶ
3330 5487 3748 5582 ,ἠμαυρωθησαν
3777 5501 3792 5517 ⁸

2161 5575 2282 5674 tege
2321 5575 2618 5664 isxowu’aO-rh
2667 5589 2832 5665 ἐχέθη
2866 5575 3094 5662 ἀἵματα
3139 5583 3229 5638 καὶ
3278 5581 3463 5656 χέεται
3513 5581 3618 5634 τῶν
3667 5575 3794 5631 ἀντ-
