  <div class='ocr_page' id='page_1' title='image "/cluster/home/n/w/nwhite01/storage/ocr_20150623/99/mdp.39015005675577/582.png"; bbox 0 0 4084 6284; ppageno 0'>
   <div class='ocr_carea' id='block_1_1' title="bbox 290 356 443 418">
    <p class='ocr_par' dir='ltr' id='par_1_1' title="bbox 290 356 443 418">
     <span class='ocr_line' id='line_1_1' title="bbox 290 356 443 418; baseline 0.007 -1"><span class='ocrx_word' id='word_1_1' title='bbox 290 356 443 418; x_wconf 75' lang='grc'><strong>1153</strong></span> 
     </span>
    </p>
   </div>
   <div class='ocr_carea' id='block_1_2' title="bbox 1534 352 2405 417">
    <p class='ocr_par' dir='ltr' id='par_1_2' title="bbox 1534 352 2405 417">
     <span class='ocr_line' id='line_1_2' title="bbox 1534 352 2405 417; baseline 0.002 -3"><span class='ocrx_word' id='word_1_2' title='bbox 1534 352 2083 417; x_wconf 81' lang='lat' dir='ltr'>EPISTOLARUM</span> <span class='ocrx_word' id='word_1_3' title='bbox 2131 353 2277 415; x_wconf 91' lang='lat' dir='ltr'>LIB.</span> <span class='ocrx_word' id='word_1_4' title='bbox 2325 354 2405 416; x_wconf 95' lang='lat' dir='ltr'>II.</span> 
     </span>
    </p>
   </div>
   <div class='ocr_carea' id='block_1_3' title="bbox 3529 364 3688 427">
    <p class='ocr_par' dir='ltr' id='par_1_3' title="bbox 3529 364 3688 427">
     <span class='ocr_line' id='line_1_3' title="bbox 3529 364 3688 427; baseline 0.019 -3"><span class='ocrx_word' id='word_1_5' title='bbox 3529 364 3688 427; x_wconf 76' lang='grc'>1154</span> 
     </span>
    </p>
   </div>
   <div class='ocr_carea' id='block_1_4' title="bbox 283 487 1954 571">
    <p class='ocr_par' dir='ltr' id='par_1_4' title="bbox 283 487 1928 569">
     <span class='ocr_line' id='line_1_4' title="bbox 283 487 1928 569; baseline -0.002 -21"><span class='ocrx_word' id='word_1_6' title='bbox 283 490 569 566; x_wconf 81' lang='grc' dir='ltr'>εχομὲνων</span> <span class='ocrx_word' id='word_1_7' title='bbox 627 495 724 547; x_wconf 79' lang='grc' dir='ltr'>τοῦ</span> <span class='ocrx_word' id='word_1_8' title='bbox 772 489 1129 569; x_wconf 67' lang='grc' dir='ltr'>ΕύαγγεΜου.</span> <span class='ocrx_word' id='word_1_9' title='bbox 1182 490 1429 566; x_wconf 82' lang='grc' dir='ltr'>Διωγμοὶ</span> <span class='ocrx_word' id='word_1_10' title='bbox 1496 492 1585 546; x_wconf 80' lang='grc' dir='ltr'>καὶ</span> <span class='ocrx_word' id='word_1_11' title='bbox 1647 487 1928 568; x_wconf 75' lang='grc' dir='ltr'>φυγαδεῖαι</span> 
     </span>
    </p>
   </div>
   <div class='ocr_carea' id='block_1_5' title="bbox 2043 487 3688 571">
    <p class='ocr_par' dir='ltr' id='par_1_5' title="bbox 2043 490 3688 571">
     <span class='ocr_line' id='line_1_5' title="bbox 2043 490 3688 571; baseline 0.007 -27"><span class='ocrx_word' id='word_1_12' title='bbox 2043 490 2436 559; x_wconf 82' lang='lat' dir='ltr'>Evangelium,</span> <span class='ocrx_word' id='word_1_13' title='bbox 2484 491 2915 563; x_wconf 84' lang='lat' dir='ltr'>persecutiones</span> <span class='ocrx_word' id='word_1_14' title='bbox 2962 494 3019 548; x_wconf 89' lang='lat' dir='ltr'>et</span> <span class='ocrx_word' id='word_1_15' title='bbox 3073 492 3277 549; x_wconf 85' lang='lat' dir='ltr'>exsilia</span> <span class='ocrx_word' id='word_1_16' title='bbox 3326 510 3527 553; x_wconf 89' lang='lat' dir='ltr'>eorum</span> <span class='ocrx_word' id='word_1_17' title='bbox 3585 500 3688 571; x_wconf 87' lang='lat' dir='ltr'>qui</span> 
     </span>
    </p>
   </div>
   <div class='ocr_carea' id='block_1_6' title="bbox 286 576 1937 656">
    <p class='ocr_par' dir='ltr' id='par_1_6' title="bbox 286 576 1937 656">
     <span class='ocr_line' id='line_1_6' title="bbox 286 576 1937 656; baseline -0.002 -19"><span class='ocrx_word' id='word_1_18' title='bbox 286 586 396 637; x_wconf 83' lang='grc' dir='ltr'>τῶν</span> <span class='ocrx_word' id='word_1_19' title='bbox 458 578 535 637; x_wconf 74' lang='grc' dir='ltr'>ἔτι</span> <span class='ocrx_word' id='word_1_20' title='bbox 613 581 1118 655; x_wconf 70' lang='grc' dir='ltr'>ὑπολελειμμένων.</span> <span class='ocrx_word' id='word_1_21' title='bbox 1179 582 1431 656; x_wconf 73' lang='grc' dir='ltr'>Ἐσίγησε</span> <span class='ocrx_word' id='word_1_22' title='bbox 1512 584 1615 634; x_wconf 80' lang='grc' dir='ltr'>πᾶν</span> <span class='ocrx_word' id='word_1_23' title='bbox 1685 576 1937 635; x_wconf 77' lang='grc' dir='ltr'>εύσεϐοὖν</span> 
     </span>
    </p>
   </div>
   <div class='ocr_carea' id='block_1_7' title="bbox 291 669 1935 743">
    <p class='ocr_par' dir='ltr' id='par_1_7' title="bbox 291 669 1935 743">
     <span class='ocr_line' id='line_1_7' title="bbox 291 669 1935 743; baseline -0.001 -19"><span class='ocrx_word' id='word_1_24' title='bbox 291 672 468 743; x_wconf 82' lang='grc' dir='ltr'>στόμα</span> <span class='ocrx_word' id='word_1_25' title='bbox 528 669 632 726; x_wconf 81' lang='grc' dir='ltr'>δέει</span> <span class='ocrx_word' id='word_1_26' title='bbox 707 672 982 725; x_wconf 82' lang='grc' dir='ltr'>Θανάτου·</span> <span class='ocrx_word' id='word_1_27' title='bbox 1062 670 1327 743; x_wconf 71' lang='grc' dir='ltr'>ἀνέῳκται</span> <span class='ocrx_word' id='word_1_28' title='bbox 1387 673 1420 739; x_wconf 84' lang='grc' dir='ltr'>ἡ</span> <span class='ocrx_word' id='word_1_29' title='bbox 1499 671 1775 731; x_wconf 84' lang='grc' dir='ltr'>ἀντίθετος</span> <span class='ocrx_word' id='word_1_30' title='bbox 1847 670 1935 723; x_wconf 82' lang='grc' dir='ltr'>καὶ</span> 
     </span>
    </p>
   </div>
   <div class='ocr_carea' id='block_1_8' title="bbox 296 758 1939 836">
    <p class='ocr_par' dir='ltr' id='par_1_8' title="bbox 296 758 1939 836">
     <span class='ocr_line' id='line_1_8' title="bbox 296 758 1939 836; baseline -0.001 -21"><span class='ocrx_word' id='word_1_31' title='bbox 296 760 627 835; x_wconf 71' lang='grc' dir='ltr'>βλάσφημος</span> <span class='ocrx_word' id='word_1_32' title='bbox 659 759 884 834; x_wconf 74' lang='grc' dir='ltr'>γλῶσσα</span> <span class='ocrx_word' id='word_1_33' title='bbox 916 779 929 793; x_wconf 83' lang='grc'>⁶</span> <span class='ocrx_word' id='word_1_34' title='bbox 964 758 1280 815; x_wconf 75' lang='grc' dir='ltr'>σεσάλευται</span> <span class='ocrx_word' id='word_1_35' title='bbox 1313 764 1454 814; x_wconf 81' lang='grc' dir='ltr'>πᾶσα</span> <span class='ocrx_word' id='word_1_36' title='bbox 1487 760 1613 834; x_wconf 77' lang='grc' dir='ltr'>σὰρξ</span> <span class='ocrx_word' id='word_1_37' title='bbox 1647 759 1939 836; x_wconf 72' lang='grc' dir='ltr'>ἆμφοτερί-</span> 
     </span>
    </p>
   </div>
   <div class='ocr_carea' id='block_1_9' title="bbox 294 848 1936 927">
    <p class='ocr_par' dir='ltr' id='par_1_9' title="bbox 294 848 1936 927">
     <span class='ocr_line' id='line_1_9' title="bbox 294 848 1936 927; baseline 0 -23"><span class='ocrx_word' id='word_1_38' title='bbox 294 855 481 919; x_wconf 86' lang='grc' dir='ltr'>ζουσα.</span> <span class='ocrx_word' id='word_1_39' title='bbox 524 849 744 923; x_wconf 72' lang='grc' dir='ltr'>Οῗμοι,</span> <span class='ocrx_word' id='word_1_40' title='bbox 797 850 981 927; x_wconf 74' lang='grc' dir='ltr'>φησὶν,</span> <span class='ocrx_word' id='word_1_41' title='bbox 1017 850 1117 905; x_wconf 82' lang='grc' dir='ltr'>ὅτι</span> <span class='ocrx_word' id='word_1_42' title='bbox 1164 848 1584 926; x_wconf 70' lang='grc' dir='ltr'>ἐγενήθημεν</span> <span class='ocrx_word' id='word_1_43' title='bbox 1626 850 1708 911; x_wconf 84' lang='grc' dir='ltr'>ὡς</span> <span class='ocrx_word' id='word_1_44' title='bbox 1751 852 1936 904; x_wconf 83' lang='grc' dir='ltr'>συνά-</span> 
     </span>
    </p>
   </div>
   <div class='ocr_carea' id='block_1_10' title="bbox 293 937 1939 1017">
    <p class='ocr_par' dir='ltr' id='par_1_10' title="bbox 293 937 1939 1017">
     <span class='ocr_line' id='line_1_10' title="bbox 293 937 1939 1017; baseline 0.001 -24"><span class='ocrx_word' id='word_1_45' title='bbox 293 960 423 1014; x_wconf 86' lang='grc' dir='ltr'>γων</span> <span class='ocrx_word' id='word_1_46' title='bbox 460 938 773 1012; x_wconf 76' lang='grc' dir='ltr'>καλάμην</span> <span class='ocrx_word' id='word_1_47' title='bbox 813 938 873 993; x_wconf 84' lang='grc' dir='ltr'>ἐν</span> <span class='ocrx_word' id='word_1_48' title='bbox 916 938 1170 1011; x_wconf 78' lang='grc' dir='ltr'>ἀμητῷ,</span> <span class='ocrx_word' id='word_1_49' title='bbox 1212 940 1316 993; x_wconf 79' lang='grc' dir='ltr'>καὶ</span> <span class='ocrx_word' id='word_1_50' title='bbox 1380 939 1466 1000; x_wconf 85' lang='grc' dir='ltr'>ὡς</span> <span class='ocrx_word' id='word_1_51' title='bbox 1523 937 1939 1017; x_wconf 66' lang='grc' dir='ltr'>ἔπιφυλλίδα</span> 
     </span>
    </p>
   </div>
   <div class='ocr_carea' id='block_1_11' title="bbox 293 1028 1741 1103">
    <p class='ocr_par' dir='ltr' id='par_1_11' title="bbox 293 1028 1741 1103">
     <span class='ocr_line' id='line_1_11' title="bbox 293 1028 1741 1103; baseline 0.001 -21"><span class='ocrx_word' id='word_1_52' title='bbox 293 1028 353 1083; x_wconf 83' lang='grc' dir='ltr'>ἐν</span> <span class='ocrx_word' id='word_1_53' title='bbox 394 1034 705 1101; x_wconf 77' lang='grc' dir='ltr'>τρυγητῷ</span> <span class='ocrx_word' id='word_1_54' title='bbox 738 1049 750 1060; x_wconf 80' lang='grc'><strong><em>“</em></strong></span> <span class='ocrx_word' id='word_1_55' title='bbox 800 1030 927 1103; x_wconf 84' lang='grc' dir='ltr'>οὐχ</span> <span class='ocrx_word' id='word_1_56' title='bbox 967 1029 1392 1103; x_wconf 76' lang='grc' dir='ltr'>ὑπάρχοντος</span> <span class='ocrx_word' id='word_1_57' title='bbox 1436 1030 1741 1103; x_wconf 81' lang='grc' dir='ltr'>βότρυος.</span> 
     </span>
    </p>
   </div>
   <div class='ocr_carea' id='block_1_12' title="bbox 369 1114 1937 1194">
    <p class='ocr_par' dir='ltr' id='par_1_12' title="bbox 369 1114 1937 1194">
     <span class='ocr_line' id='line_1_12' title="bbox 369 1114 1937 1194; baseline 0.003 -23"><span class='ocrx_word' id='word_1_58' title='bbox 369 1118 484 1194; x_wconf 76' lang='grc' dir='ltr'>Ἐφ’</span> <span class='ocrx_word' id='word_1_59' title='bbox 535 1120 702 1190; x_wconf 76' lang='grc' dir='ltr'>ἡμᾶς,</span> <span class='ocrx_word' id='word_1_60' title='bbox 757 1117 801 1171; x_wconf 84' lang='grc' dir='ltr'><strong>ὦ</strong></span> <span class='ocrx_word' id='word_1_61' title='bbox 864 1118 1062 1192; x_wconf 77' lang='grc' dir='ltr'>μάκαρ,</span> <span class='ocrx_word' id='word_1_62' title='bbox 1117 1114 1323 1193; x_wconf 82' lang='grc' dir='ltr'>ἐγένετο</span> <span class='ocrx_word' id='word_1_63' title='bbox 1388 1122 1556 1173; x_wconf 79' lang='grc' dir='ltr'>ταῦτα</span> <span class='ocrx_word' id='word_1_64' title='bbox 1615 1118 1805 1173; x_wconf 81' lang='grc' dir='ltr'>πάντα.</span> <span class='ocrx_word' id='word_1_65' title='bbox 1866 1121 1937 1176; x_wconf 73' lang='grc' dir='ltr'><em>’Ἄ</em></span> 
     </span>
    </p>
   </div>
   <div class='ocr_carea' id='block_1_13' title="bbox 290 1206 1937 1282">
    <p class='ocr_par' dir='ltr' id='par_1_13' title="bbox 290 1206 1937 1282">
     <span class='ocr_line' id='line_1_13' title="bbox 290 1206 1937 1282; baseline 0.001 -20"><span class='ocrx_word' id='word_1_66' title='bbox 290 1207 373 1269; x_wconf 89' lang='grc' dir='ltr'>τίς</span> <span class='ocrx_word' id='word_1_67' title='bbox 409 1208 504 1280; x_wconf 75' lang='grc' dir='ltr'>μὲν</span> <span class='ocrx_word' id='word_1_68' title='bbox 537 1207 637 1261; x_wconf 81' lang='grc' dir='ltr'>οὐκ</span> <span class='ocrx_word' id='word_1_69' title='bbox 667 1206 1090 1282; x_wconf 82' lang='grc' dir='ltr'>ἐαιστυγνάσειεν</span> <span class='ocrx_word' id='word_1_70' title='bbox 1125 1206 1198 1268; x_wconf 83' lang='grc' dir='ltr'>εἰς</span> <span class='ocrx_word' id='word_1_71' title='bbox 1250 1208 1437 1262; x_wconf 76' lang='grc' dir='ltr'>ἑαυτὸν</span> <span class='ocrx_word' id='word_1_72' title='bbox 1463 1209 1529 1261; x_wconf 77' lang='grc' dir='ltr'>τὰ</span> <span class='ocrx_word' id='word_1_73' title='bbox 1556 1213 1653 1263; x_wconf 73' lang='grc' dir='ltr'>τοῦ</span> <span class='ocrx_word' id='word_1_74' title='bbox 1702 1208 1937 1279; x_wconf 76' lang='grc' dir='ltr'>πλησίον</span> 
     </span>
    </p>
   </div>
   <div class='ocr_carea' id='block_1_14' title="bbox 295 1295 1938 1373">
    <p class='ocr_par' dir='ltr' id='par_1_14' title="bbox 295 1295 1938 1373">
     <span class='ocr_line' id='line_1_14' title="bbox 295 1295 1938 1373; baseline 0.001 -21"><span class='ocrx_word' id='word_1_75' title='bbox 295 1299 617 1371; x_wconf 76' lang='grc' dir='ltr'>ἀναθεωρῶν</span> <span class='ocrx_word' id='word_1_76' title='bbox 667 1300 852 1366; x_wconf 71' lang='grc' dir='ltr'>πάθης</span> <span class='ocrx_word' id='word_1_77' title='bbox 908 1297 995 1359; x_wconf 85' lang='grc' dir='ltr'>Τίς</span> <span class='ocrx_word' id='word_1_78' title='bbox 1056 1295 1111 1351; x_wconf 73' lang='grc' dir='ltr'>δὲ</span> <span class='ocrx_word' id='word_1_79' title='bbox 1169 1297 1230 1351; x_wconf 81' lang='grc' dir='ltr'>ού</span> <span class='ocrx_word' id='word_1_80' title='bbox 1280 1298 1563 1371; x_wconf 83' lang='grc' dir='ltr'>λογίσοιτο</span> <span class='ocrx_word' id='word_1_81' title='bbox 1619 1298 1938 1373; x_wconf 84' lang='grc' dir='ltr'>προεισόδια</span> 
     </span>
    </p>
   </div>
   <div class='ocr_carea' id='block_1_15' title="bbox 295 1386 1934 1462">
    <p class='ocr_par' dir='ltr' id='par_1_15' title="bbox 295 1386 1934 1462">
     <span class='ocr_line' id='line_1_15' title="bbox 295 1386 1934 1462; baseline 0.001 -21"><span class='ocrx_word' id='word_1_82' title='bbox 295 1388 431 1441; x_wconf 69' lang='grc' dir='ltr'>εἶναι</span> <span class='ocrx_word' id='word_1_83' title='bbox 486 1393 585 1455; x_wconf 82' lang='grc' dir='ltr'>τῆς</span> <span class='ocrx_word' id='word_1_84' title='bbox 648 1390 745 1440; x_wconf 77' lang='grc' dir='ltr'>τοῦ</span> <span class='ocrx_word' id='word_1_85' title='bbox 816 1386 1190 1461; x_wconf 75' lang='grc' dir='ltr'>Ἀντιχρίστου</span> <span class='ocrx_word' id='word_1_86' title='bbox 1264 1386 1608 1462; x_wconf 84' lang='grc' dir='ltr'>παρουσίας’</span> <span class='ocrx_word' id='word_1_87' title='bbox 1678 1393 1934 1443; x_wconf 76' lang='grc' dir='ltr'>τοσοῦτον</span> 
     </span>
    </p>
   </div>
   <div class='ocr_carea' id='block_1_16' title="bbox 296 1474 1936 1554">
    <p class='ocr_par' dir='ltr' id='par_1_16' title="bbox 296 1474 1936 1554">
     <span class='ocr_line' id='line_1_16' title="bbox 296 1474 1936 1554; baseline 0.001 -24"><span class='ocrx_word' id='word_1_88' title='bbox 296 1474 617 1554; x_wconf 73' lang='grc' dir='ltr'>διαφέροντα</span> <span class='ocrx_word' id='word_1_89' title='bbox 649 1474 771 1530; x_wconf 85' lang='grc' dir='ltr'>ὅσον</span> <span class='ocrx_word' id='word_1_90' title='bbox 823 1476 981 1530; x_wconf 81' lang='grc' dir='ltr'>εἰκὼν</span> <span class='ocrx_word' id='word_1_91' title='bbox 1034 1476 1367 1554; x_wconf 75' lang='grc' dir='ltr'>ἆρχετύπου,</span> <span class='ocrx_word' id='word_1_92' title='bbox 1398 1475 1479 1550; x_wconf 73' lang='grc' dir='ltr'>ἐφ’</span> <span class='ocrx_word' id='word_1_93' title='bbox 1612 1476 1701 1531; x_wconf 73' lang='grc' dir='ltr'>καὶ</span> <span class='ocrx_word' id='word_1_94' title='bbox 1755 1479 1936 1550; x_wconf 84' lang='grc' dir='ltr'>μαίνε-</span> 
     </span>
    </p>
   </div>
   <div class='ocr_carea' id='block_1_17' title="bbox 292 1562 1935 1639">
    <p class='ocr_par' dir='ltr' id='par_1_17' title="bbox 292 1562 1935 1639">
     <span class='ocr_line' id='line_1_17' title="bbox 292 1562 1935 1639; baseline 0.002 -20"><span class='ocrx_word' id='word_1_95' title='bbox 292 1585 421 1635; x_wconf 89' lang='grc' dir='ltr'>ται;</span> <span class='ocrx_word' id='word_1_96' title='bbox 474 1569 637 1639; x_wconf 79' lang='grc' dir='ltr'>Δεῦρο</span> <span class='ocrx_word' id='word_1_97' title='bbox 694 1562 759 1634; x_wconf 82' lang='grc' dir='ltr'>δὴ</span> <span class='ocrx_word' id='word_1_98' title='bbox 813 1563 902 1619; x_wconf 75' lang='grc' dir='ltr'>οὖν</span> <span class='ocrx_word' id='word_1_99' title='bbox 949 1565 1054 1621; x_wconf 84' lang='grc' dir='ltr'>ἀπὸ</span> <span class='ocrx_word' id='word_1_100' title='bbox 1100 1571 1328 1638; x_wconf 81' lang='grc' dir='ltr'>Δυσμῶν</span> <span class='ocrx_word' id='word_1_101' title='bbox 1384 1567 1411 1619; x_wconf 90' lang='lat'>6</span> <span class='ocrx_word' id='word_1_102' title='bbox 1461 1565 1935 1639; x_wconf 81' lang='grc' dir='ltr'>Χριστομίμητος,</span> 
     </span>
    </p>
   </div>
   <div class='ocr_carea' id='block_1_18' title="bbox 295 1654 1938 1729">
    <p class='ocr_par' dir='ltr' id='par_1_18' title="bbox 295 1654 1938 1729">
     <span class='ocr_line' id='line_1_18' title="bbox 295 1654 1938 1729; baseline -0.001 -18"><span class='ocrx_word' id='word_1_103' title='bbox 295 1655 669 1724; x_wconf 81' lang='grc' dir='ltr'>Ἀνάστητι,</span> <span class='ocrx_word' id='word_1_104' title='bbox 726 1655 835 1708; x_wconf 83' lang='grc' dir='ltr'>καὶ</span> <span class='ocrx_word' id='word_1_105' title='bbox 896 1657 981 1726; x_wconf 84' lang='grc' dir='ltr'>μὴ</span> <span class='ocrx_word' id='word_1_106' title='bbox 1039 1654 1267 1728; x_wconf 82' lang='grc' dir='ltr'>ἀπώσῃ</span> <span class='ocrx_word' id='word_1_107' title='bbox 1326 1655 1415 1716; x_wconf 83' lang='grc' dir='ltr'>εἰς</span> <span class='ocrx_word' id='word_1_108' title='bbox 1454 1654 1667 1717; x_wconf 84' lang='grc' dir='ltr'>τέλος.</span> <span class='ocrx_word' id='word_1_109' title='bbox 1705 1656 1847 1729; x_wconf 88' lang='grc' dir='ltr'>Πρὸς</span> <span class='ocrx_word' id='word_1_110' title='bbox 1880 1657 1938 1710; x_wconf 75' lang='grc' dir='ltr'>σὲ</span> 
     </span>
    </p>
   </div>
   <div class='ocr_carea' id='block_1_19' title="bbox 294 1743 1934 1817">
    <p class='ocr_par' dir='ltr' id='par_1_19' title="bbox 294 1743 1934 1817">
     <span class='ocr_line' id='line_1_19' title="bbox 294 1743 1934 1817; baseline 0.001 -20"><span class='ocrx_word' id='word_1_111' title='bbox 294 1743 480 1816; x_wconf 79' lang='grc' dir='ltr'>εἰρηκε</span> <span class='ocrx_word' id='word_1_112' title='bbox 508 1743 741 1817; x_wconf 86' lang='grc' dir='ltr'>Χριστὸς</span> <span class='ocrx_word' id='word_1_113' title='bbox 771 1743 799 1796; x_wconf 92' lang='lat'>6</span> <span class='ocrx_word' id='word_1_114' title='bbox 831 1744 959 1805; x_wconf 84' lang='grc' dir='ltr'>Θεὸς</span> <span class='ocrx_word' id='word_1_115' title='bbox 1009 1745 1171 1816; x_wconf 77' lang='grc' dir='ltr'>ἡμῶν</span> <span class='ocrx_word' id='word_1_116' title='bbox 1199 1762 1212 1775; x_wconf 82' lang='lat'><strong><em>°</em></strong></span> <span class='ocrx_word' id='word_1_117' title='bbox 1258 1745 1371 1798; x_wconf 76' lang='grc' dir='ltr'>Καὶ</span> <span class='ocrx_word' id='word_1_118' title='bbox 1431 1746 1500 1798; x_wconf 82' lang='grc' dir='ltr'>σὺ</span> <span class='ocrx_word' id='word_1_119' title='bbox 1540 1746 1698 1799; x_wconf 79' lang='grc' dir='ltr'>ποτὲ</span> <span class='ocrx_word' id='word_1_120' title='bbox 1756 1745 1934 1799; x_wconf 81' lang='grc' dir='ltr'>ἐπισ-</span> 
     </span>
    </p>
   </div>
   <div class='ocr_carea' id='block_1_20' title="bbox 2047 581 3683 657">
    <p class='ocr_par' dir='ltr' id='par_1_20' title="bbox 2047 581 3683 657">
     <span class='ocr_line' id='line_1_20' title="bbox 2047 581 3683 657; baseline 0.006 -20"><span class='ocrx_word' id='word_1_121' title='bbox 2047 582 2236 637; x_wconf 88' lang='lat' dir='ltr'>adhuc</span> <span class='ocrx_word' id='word_1_122' title='bbox 2261 581 2443 637; x_wconf 82' lang='lat' dir='ltr'>relicti</span> <span class='ocrx_word' id='word_1_123' title='bbox 2475 587 2631 637; x_wconf 92' lang='lat' dir='ltr'>sunt.</span> <span class='ocrx_word' id='word_1_124' title='bbox 2666 583 2956 637; x_wconf 84' lang='lat' dir='ltr'>Conticuit</span> <span class='ocrx_word' id='word_1_125' title='bbox 2986 599 3157 638; x_wconf 88' lang='lat' dir='ltr'>omne</span> <span class='ocrx_word' id='word_1_126' title='bbox 3188 601 3252 639; x_wconf 90' lang='lat' dir='ltr'>os</span> <span class='ocrx_word' id='word_1_127' title='bbox 3284 586 3442 657; x_wconf 89' lang='lat' dir='ltr'>pium</span> <span class='ocrx_word' id='word_1_128' title='bbox 3476 592 3683 647; x_wconf 89' lang='lat' dir='ltr'>mortis</span> 
     </span>
    </p>
   </div>
   <div class='ocr_carea' id='block_1_21' title="bbox 2047 670 3681 749">
    <p class='ocr_par' dir='ltr' id='par_1_21' title="bbox 2047 670 3681 749">
     <span class='ocr_line' id='line_1_21' title="bbox 2047 670 3681 749; baseline 0.006 -24"><span class='ocrx_word' id='word_1_129' title='bbox 2047 676 2199 726; x_wconf 89' lang='lat' dir='ltr'>metu</span> <span class='ocrx_word' id='word_1_130' title='bbox 2230 687 2243 726; x_wconf 86' lang='lat'>:</span> <span class='ocrx_word' id='word_1_131' title='bbox 2278 678 2476 743; x_wconf 88' lang='lat' dir='ltr'>aperta</span> <span class='ocrx_word' id='word_1_132' title='bbox 2506 675 2596 726; x_wconf 90' lang='lat' dir='ltr'>est</span> <span class='ocrx_word' id='word_1_133' title='bbox 2626 670 2953 727; x_wconf 86' lang='lat' dir='ltr'>adversaria</span> <span class='ocrx_word' id='word_1_134' title='bbox 2984 676 3041 727; x_wconf 92' lang='lat' dir='ltr'>et</span> <span class='ocrx_word' id='word_1_135' title='bbox 3071 672 3407 744; x_wconf 84' lang='lat' dir='ltr'>blasphema</span> <span class='ocrx_word' id='word_1_136' title='bbox 3448 676 3681 749; x_wconf 85' lang='lat' dir='ltr'>lingua:</span> 
     </span>
    </p>
   </div>
   <div class='ocr_carea' id='block_1_22' title="bbox 2048 760 3680 832">
    <p class='ocr_par' dir='ltr' id='par_1_22' title="bbox 2048 760 3680 832">
     <span class='ocr_line' id='line_1_22' title="bbox 2048 760 3680 832; baseline 0.004 -17"><span class='ocrx_word' id='word_1_137' title='bbox 2048 766 2336 815; x_wconf 88' lang='lat' dir='ltr'>commota</span> <span class='ocrx_word' id='word_1_138' title='bbox 2365 766 2454 815; x_wconf 91' lang='lat' dir='ltr'>est</span> <span class='ocrx_word' id='word_1_139' title='bbox 2493 761 2682 814; x_wconf 90' lang='lat' dir='ltr'>omnis</span> <span class='ocrx_word' id='word_1_140' title='bbox 2732 777 2861 815; x_wconf 87' lang='lat' dir='ltr'>caro</span> <span class='ocrx_word' id='word_1_141' title='bbox 2905 760 2965 815; x_wconf 91' lang='lat' dir='ltr'>in</span> <span class='ocrx_word' id='word_1_142' title='bbox 3007 761 3385 832; x_wconf 84' lang='lat' dir='ltr'>ambiguitate</span> <span class='ocrx_word' id='word_1_143' title='bbox 3424 781 3680 822; x_wconf 87' lang='lat' dir='ltr'>versans.</span> 
     </span>
    </p>
   </div>
   <div class='ocr_carea' id='block_1_23' title="bbox 2048 850 3687 928">
    <p class='ocr_par' dir='ltr' id='par_1_23' title="bbox 2048 850 3687 928">
     <span class='ocr_line' id='line_1_23' title="bbox 2048 850 3687 928; baseline 0.005 -24"><span class='ocrx_word' id='word_1_144' title='bbox 2048 850 2146 904; x_wconf 83' lang='lat' dir='ltr'>Hei</span> <span class='ocrx_word' id='word_1_145' title='bbox 2200 850 2379 906; x_wconf 82' lang='lat' dir='ltr'>mihi!</span> <span class='ocrx_word' id='word_1_146' title='bbox 2412 851 2624 920; x_wconf 87' lang='lat' dir='ltr'>inquit,</span> <span class='ocrx_word' id='word_1_147' title='bbox 2656 851 2785 919; x_wconf 83' lang='lat' dir='ltr'>quia</span> <span class='ocrx_word' id='word_1_148' title='bbox 2814 852 2952 919; x_wconf 79' lang='lat' dir='ltr'>facti</span> <span class='ocrx_word' id='word_1_149' title='bbox 2996 867 3187 906; x_wconf 82' lang='lat' dir='ltr'>sumus</span> <span class='ocrx_word' id='word_1_150' title='bbox 3235 857 3296 907; x_wconf 80' lang='lat' dir='ltr'>ut</span> <span class='ocrx_word' id='word_1_151' title='bbox 3341 856 3435 923; x_wconf 87' lang='lat' dir='ltr'>qui</span> <span class='ocrx_word' id='word_1_152' title='bbox 3475 856 3687 928; x_wconf 76' lang='lat' dir='ltr'>colligit</span> 
     </span>
    </p>
   </div>
   <div class='ocr_carea' id='block_1_24' title="bbox 2048 938 3688 1015">
    <p class='ocr_par' dir='ltr' id='par_1_24' title="bbox 2048 938 3688 1015">
     <span class='ocr_line' id='line_1_24' title="bbox 2048 938 3688 1015; baseline 0.005 -23"><span class='ocrx_word' id='word_1_153' title='bbox 2048 939 2327 993; x_wconf 81' lang='lat' dir='ltr'>calamum</span> <span class='ocrx_word' id='word_1_154' title='bbox 2372 938 2434 993; x_wconf 85' lang='lat' dir='ltr'>in</span> <span class='ocrx_word' id='word_1_155' title='bbox 2478 954 2666 1006; x_wconf 84' lang='lat' dir='ltr'>messe,</span> <span class='ocrx_word' id='word_1_156' title='bbox 2707 943 2757 994; x_wconf 84' lang='lat' dir='ltr'>el</span> <span class='ocrx_word' id='word_1_157' title='bbox 2788 954 3059 995; x_wconf 84' lang='lat' dir='ltr'>racemum</span> <span class='ocrx_word' id='word_1_158' title='bbox 3113 939 3175 994; x_wconf 82' lang='lat' dir='ltr'>in</span> <span class='ocrx_word' id='word_1_159' title='bbox 3222 942 3516 1015; x_wconf 82' lang='lat' dir='ltr'>vindemia,</span> <span class='ocrx_word' id='word_1_160' title='bbox 3564 962 3688 1001; x_wconf 86' lang='lat' dir='ltr'>cum</span> 
     </span>
    </p>
   </div>
   <div class='ocr_carea' id='block_1_25' title="bbox 2047 1025 2565 1085">
    <p class='ocr_par' dir='ltr' id='par_1_25' title="bbox 2047 1025 2565 1085">
     <span class='ocr_line' id='line_1_25' title="bbox 2047 1025 2565 1085; baseline -0.002 -1"><span class='ocrx_word' id='word_1_161' title='bbox 2047 1044 2158 1085; x_wconf 85' lang='lat' dir='ltr'>non</span> <span class='ocrx_word' id='word_1_162' title='bbox 2184 1030 2259 1084; x_wconf 76' lang='lat' dir='ltr'>sit</span> <span class='ocrx_word' id='word_1_163' title='bbox 2291 1028 2474 1085; x_wconf 82' lang='lat' dir='ltr'>botrus</span> <span class='ocrx_word' id='word_1_164' title='bbox 2494 1025 2565 1083; x_wconf 75' lang='grc' dir='ltr'>δ’.</span> 
     </span>
    </p>
   </div>
   <div class='ocr_carea' id='block_1_26' title="bbox 2118 1117 3682 1187">
    <p class='ocr_par' dir='ltr' id='par_1_26' title="bbox 2118 1117 3682 1187">
     <span class='ocr_line' id='line_1_26' title="bbox 2118 1117 3682 1187; baseline 0.004 -14"><span class='ocrx_word' id='word_1_165' title='bbox 2118 1120 2181 1174; x_wconf 93' lang='lat' dir='ltr'>In</span> <span class='ocrx_word' id='word_1_166' title='bbox 2224 1135 2354 1185; x_wconf 89' lang='lat' dir='ltr'>nos,</span> <span class='ocrx_word' id='word_1_167' title='bbox 2402 1136 2434 1173; x_wconf 88' lang='lat' dir='ltr'>a</span> <span class='ocrx_word' id='word_1_168' title='bbox 2484 1120 2668 1185; x_wconf 90' lang='lat' dir='ltr'>beate,</span> <span class='ocrx_word' id='word_1_169' title='bbox 2721 1117 2842 1172; x_wconf 79' lang='lat' dir='ltr'>haec</span> <span class='ocrx_word' id='word_1_170' title='bbox 2891 1118 3080 1174; x_wconf 83' lang='lat' dir='ltr'>omnia</span> <span class='ocrx_word' id='word_1_171' title='bbox 3132 1119 3280 1175; x_wconf 85' lang='lat' dir='ltr'>facta</span> <span class='ocrx_word' id='word_1_172' title='bbox 3329 1129 3487 1177; x_wconf 89' lang='lat' dir='ltr'>sunt.</span> <span class='ocrx_word' id='word_1_173' title='bbox 3547 1124 3682 1187; x_wconf 69' lang='lat' dir='ltr'>Quae</span> 
     </span>
    </p>
   </div>
   <div class='ocr_carea' id='block_1_27' title="bbox 2047 1208 3687 1281">
    <p class='ocr_par' dir='ltr' id='par_1_27' title="bbox 2047 1208 3687 1281">
     <span class='ocr_line' id='line_1_27' title="bbox 2047 1208 3687 1281; baseline 0.004 -17"><span class='ocrx_word' id='word_1_174' title='bbox 2047 1210 2181 1281; x_wconf 84' lang='lat' dir='ltr'>quis</span> <span class='ocrx_word' id='word_1_175' title='bbox 2212 1225 2325 1264; x_wconf 93' lang='lat' dir='ltr'>non</span> <span class='ocrx_word' id='word_1_176' title='bbox 2376 1225 2524 1279; x_wconf 63' lang='lat' dir='ltr'>aegre</span> <span class='ocrx_word' id='word_1_177' title='bbox 2573 1208 2790 1277; x_wconf 80' lang='lat' dir='ltr'>tulerit,</span> <span class='ocrx_word' id='word_1_178' title='bbox 2846 1209 2905 1261; x_wconf 92' lang='lat' dir='ltr'>in</span> <span class='ocrx_word' id='word_1_179' title='bbox 2951 1209 3142 1279; x_wconf 89' lang='lat' dir='ltr'>seipso</span> <span class='ocrx_word' id='word_1_180' title='bbox 3193 1211 3441 1280; x_wconf 84' lang='lat' dir='ltr'>proximi</span> <span class='ocrx_word' id='word_1_181' title='bbox 3472 1213 3687 1271; x_wconf 88' lang='lat' dir='ltr'>damna</span> 
     </span>
    </p>
   </div>
   <div class='ocr_carea' id='block_1_28' title="bbox 2046 1297 3684 1372">
    <p class='ocr_par' dir='ltr' id='par_1_28' title="bbox 2046 1297 3684 1372">
     <span class='ocr_line' id='line_1_28' title="bbox 2046 1297 3684 1372; baseline 0.002 -17"><span class='ocrx_word' id='word_1_182' title='bbox 2046 1297 2468 1355; x_wconf 82' lang='lat' dir='ltr'>considerans?</span> <span class='ocrx_word' id='word_1_183' title='bbox 2516 1298 2653 1363; x_wconf 88' lang='lat' dir='ltr'>Quis</span> <span class='ocrx_word' id='word_1_184' title='bbox 2700 1301 2895 1352; x_wconf 87' lang='lat' dir='ltr'>autem</span> <span class='ocrx_word' id='word_1_185' title='bbox 2930 1298 3310 1354; x_wconf 87' lang='lat' dir='ltr'>ratiocinatus</span> <span class='ocrx_word' id='word_1_186' title='bbox 3343 1318 3455 1356; x_wconf 91' lang='lat' dir='ltr'>non</span> <span class='ocrx_word' id='word_1_187' title='bbox 3490 1303 3684 1372; x_wconf 86' lang='lat' dir='ltr'>fuerit,</span> 
     </span>
    </p>
   </div>
   <div class='ocr_carea' id='block_1_29' title="bbox 2046 1386 3686 1456">
    <p class='ocr_par' dir='ltr' id='par_1_29' title="bbox 2046 1386 3686 1456">
     <span class='ocr_line' id='line_1_29' title="bbox 2046 1386 3686 1456; baseline 0.001 -13"><span class='ocrx_word' id='word_1_188' title='bbox 2046 1405 2172 1444; x_wconf 90' lang='lat' dir='ltr'>esse</span> <span class='ocrx_word' id='word_1_189' title='bbox 2202 1389 2486 1443; x_wconf 79' lang='lat' dir='ltr'>adventus</span> <span class='ocrx_word' id='word_1_190' title='bbox 2532 1386 2871 1442; x_wconf 84' lang='lat' dir='ltr'>Antichristi</span> <span class='ocrx_word' id='word_1_191' title='bbox 2925 1387 3203 1456; x_wconf 68' lang='lat' dir='ltr'>praeludis</span> <span class='ocrx_word' id='word_1_192' title='bbox 3250 1392 3480 1445; x_wconf 89' lang='lat' dir='ltr'>tantum</span> <span class='ocrx_word' id='word_1_193' title='bbox 3512 1392 3686 1449; x_wconf 66' lang='lat' dir='ltr'>diffe-</span> 
     </span>
    </p>
   </div>
   <div class='ocr_carea' id='block_1_30' title="bbox 2048 1475 3690 1554">
    <p class='ocr_par' dir='ltr' id='par_1_30' title="bbox 2048 1475 3690 1554">
     <span class='ocr_line' id='line_1_30' title="bbox 2048 1475 3690 1554; baseline 0.003 -22"><span class='ocrx_word' id='word_1_194' title='bbox 2048 1477 2232 1533; x_wconf 88' lang='lat' dir='ltr'>rentia</span> <span class='ocrx_word' id='word_1_195' title='bbox 2280 1482 2562 1548; x_wconf 86' lang='lat' dir='ltr'>quantum</span> <span class='ocrx_word' id='word_1_196' title='bbox 2623 1477 2695 1531; x_wconf 88' lang='lat' dir='ltr'>ab</span> <span class='ocrx_word' id='word_1_197' title='bbox 2753 1475 3068 1546; x_wconf 82' lang='lat' dir='ltr'>exemplari</span> <span class='ocrx_word' id='word_1_198' title='bbox 3124 1478 3339 1549; x_wconf 85' lang='lat' dir='ltr'>imago,</span> <span class='ocrx_word' id='word_1_199' title='bbox 3389 1479 3448 1535; x_wconf 92' lang='lat' dir='ltr'>in</span> <span class='ocrx_word' id='word_1_200' title='bbox 3515 1499 3690 1554; x_wconf 89' lang='lat' dir='ltr'>quam</span> 
     </span>
    </p>
   </div>
   <div class='ocr_carea' id='block_1_31' title="bbox 2047 1566 3684 1637">
    <p class='ocr_par' dir='ltr' id='par_1_31' title="bbox 2047 1566 3684 1637">
     <span class='ocr_line' id='line_1_31' title="bbox 2047 1566 3684 1637; baseline 0.004 -15"><span class='ocrx_word' id='word_1_201' title='bbox 2047 1570 2216 1623; x_wconf 81' lang='lat' dir='ltr'>etiam</span> <span class='ocrx_word' id='word_1_202' title='bbox 2250 1566 2580 1622; x_wconf 86' lang='lat' dir='ltr'>insanitur?</span> <span class='ocrx_word' id='word_1_203' title='bbox 2612 1567 2731 1621; x_wconf 90' lang='lat' dir='ltr'>Huc</span> <span class='ocrx_word' id='word_1_204' title='bbox 2763 1568 2942 1637; x_wconf 84' lang='lat' dir='ltr'>igitur</span> <span class='ocrx_word' id='word_1_205' title='bbox 2973 1568 3043 1621; x_wconf 89' lang='lat' dir='ltr'>ab</span> <span class='ocrx_word' id='word_1_206' title='bbox 3075 1566 3399 1637; x_wconf 86' lang='lat' dir='ltr'>Occidente,</span> <span class='ocrx_word' id='word_1_207' title='bbox 3425 1574 3684 1629; x_wconf 88' lang='lat' dir='ltr'>oChristi</span> 
     </span>
    </p>
   </div>
   <div class='ocr_carea' id='block_1_32' title="bbox 2047 1656 3683 1727">
    <p class='ocr_par' dir='ltr' id='par_1_32' title="bbox 2047 1656 3683 1727">
     <span class='ocr_line' id='line_1_32' title="bbox 2047 1656 3683 1727; baseline 0.004 -17"><span class='ocrx_word' id='word_1_208' title='bbox 2047 1656 2331 1711; x_wconf 86' lang='lat' dir='ltr'>imitator:</span> <span class='ocrx_word' id='word_1_209' title='bbox 2395 1658 2643 1725; x_wconf 75' lang='lat' dir='ltr'>Exsurge</span> <span class='ocrx_word' id='word_1_210' title='bbox 2688 1666 2739 1710; x_wconf 75' lang='lat' dir='ltr'>et</span> <span class='ocrx_word' id='word_1_211' title='bbox 2766 1671 2834 1709; x_wconf 84' lang='lat' dir='ltr'>ne</span> <span class='ocrx_word' id='word_1_212' title='bbox 2880 1657 3108 1727; x_wconf 76' lang='lat' dir='ltr'>repellas</span> <span class='ocrx_word' id='word_1_213' title='bbox 3148 1658 3205 1711; x_wconf 85' lang='lat' dir='ltr'>in</span> <span class='ocrx_word' id='word_1_214' title='bbox 3237 1658 3406 1724; x_wconf 79' lang='lat' dir='ltr'>ﬁnem</span> <span class='ocrx_word' id='word_1_215' title='bbox 3453 1660 3516 1715; x_wconf 82' lang='grc'>⁸³.</span> <span class='ocrx_word' id='word_1_216' title='bbox 3553 1663 3683 1717; x_wconf 87' lang='lat' dir='ltr'>Tibi</span> 
     </span>
    </p>
   </div>
   <div class='ocr_carea' id='block_1_33' title="bbox 2045 1745 3682 1817">
    <p class='ocr_par' dir='ltr' id='par_1_33' title="bbox 2045 1745 3682 1817">
     <span class='ocr_line' id='line_1_33' title="bbox 2045 1745 3682 1817; baseline 0.004 -17"><span class='ocrx_word' id='word_1_217' title='bbox 2045 1747 2191 1800; x_wconf 85' lang='lat' dir='ltr'>dixit</span> <span class='ocrx_word' id='word_1_218' title='bbox 2221 1745 2482 1800; x_wconf 78' lang='lat' dir='ltr'>Christus</span> <span class='ocrx_word' id='word_1_219' title='bbox 2514 1750 2660 1800; x_wconf 89' lang='lat' dir='ltr'>Deus</span> <span class='ocrx_word' id='word_1_220' title='bbox 2689 1749 2925 1800; x_wconf 84' lang='lat' dir='ltr'>noster:</span> <span class='ocrx_word' id='word_1_221' title='bbox 2980 1746 3042 1799; x_wconf 82' lang='lat' dir='ltr'>Et</span> <span class='ocrx_word' id='word_1_222' title='bbox 3094 1750 3154 1799; x_wconf 86' lang='lat' dir='ltr'>lu</span> <span class='ocrx_word' id='word_1_223' title='bbox 3198 1747 3497 1817; x_wconf 78' lang='lat' dir='ltr'>aliquando</span> <span class='ocrx_word' id='word_1_224' title='bbox 3547 1766 3682 1806; x_wconf 88' lang='lat' dir='ltr'>con-</span> 
     </span>
    </p>
   </div>
   <div class='ocr_carea' id='block_1_34' title="bbox 292 1830 1954 1938">
    <p class='ocr_par' dir='ltr' id='par_1_34' title="bbox 292 1830 1933 1911">
     <span class='ocr_line' id='line_1_34' title="bbox 292 1830 1933 1911; baseline 0.001 -24"><span class='ocrx_word' id='word_1_225' title='bbox 292 1832 540 1907; x_wconf 82' lang='grc' dir='ltr'>τρέψας</span> <span class='ocrx_word' id='word_1_226' title='bbox 594 1831 933 1905; x_wconf 76' lang='grc' dir='ltr'>στηρίξεις</span> <span class='ocrx_word' id='word_1_227' title='bbox 989 1833 1141 1895; x_wconf 82' lang='grc' dir='ltr'>τοὺς</span> <span class='ocrx_word' id='word_1_228' title='bbox 1195 1830 1523 1911; x_wconf 75' lang='grc' dir='ltr'>ἀδελφούς</span> <span class='ocrx_word' id='word_1_229' title='bbox 1584 1832 1857 1891; x_wconf 77' lang='grc' dir='ltr'>σου.⁷Ιδε</span> <span class='ocrx_word' id='word_1_230' title='bbox 1905 1837 1933 1888; x_wconf 87' lang='lat'>6</span> 
     </span>
    </p>
   </div>
   <div class='ocr_carea' id='block_1_35' title="bbox 2043 1830 3684 1938">
    <p class='ocr_par' dir='ltr' id='par_1_35' title="bbox 2043 1834 3684 1911">
     <span class='ocr_line' id='line_1_35' title="bbox 2043 1834 3684 1911; baseline 0.003 -21"><span class='ocrx_word' id='word_1_231' title='bbox 2043 1852 2223 1890; x_wconf 85' lang='lat' dir='ltr'>versus</span> <span class='ocrx_word' id='word_1_232' title='bbox 2277 1834 2626 1903; x_wconf 83' lang='lat' dir='ltr'>conﬁrmabis</span> <span class='ocrx_word' id='word_1_233' title='bbox 2675 1837 2878 1904; x_wconf 80' lang='lat' dir='ltr'>fratres</span> <span class='ocrx_word' id='word_1_234' title='bbox 2937 1840 3058 1889; x_wconf 86' lang='lat' dir='ltr'>tuos</span> <span class='ocrx_word' id='word_1_235' title='bbox 3106 1834 3170 1888; x_wconf 81' lang='grc'>⁸⁴.</span> <span class='ocrx_word' id='word_1_236' title='bbox 3229 1836 3371 1891; x_wconf 90' lang='lat' dir='ltr'>Ecce</span> <span class='ocrx_word' id='word_1_237' title='bbox 3432 1846 3684 1911; x_wconf 89' lang='lat' dir='ltr'>tempus,</span> 
     </span>
    </p>
   </div>
   <div class='ocr_carea' id='block_1_36' title="bbox 293 1922 1935 1997">
    <p class='ocr_par' dir='ltr' id='par_1_36' title="bbox 293 1922 1935 1997">
     <span class='ocr_line' id='line_1_36' title="bbox 293 1922 1935 1997; baseline 0.001 -22"><span class='ocrx_word' id='word_1_238' title='bbox 293 1923 499 1996; x_wconf 79' lang='grc' dir='ltr'>χρόνος</span> <span class='ocrx_word' id='word_1_239' title='bbox 527 1922 615 1977; x_wconf 83' lang='grc' dir='ltr'>καὶ</span> <span class='ocrx_word' id='word_1_240' title='bbox 650 1923 675 1976; x_wconf 98' lang='lat'>6</span> <span class='ocrx_word' id='word_1_241' title='bbox 708 1924 873 1984; x_wconf 83' lang='grc' dir='ltr'>τόπος</span> <span class='ocrx_word' id='word_1_242' title='bbox 909 1942 920 1953; x_wconf 77' lang='grc'><strong><em>⁸</em></strong></span> <span class='ocrx_word' id='word_1_243' title='bbox 977 1924 1253 1997; x_wconf 73' lang='grc' dir='ltr'>βοήθησον</span> <span class='ocrx_word' id='word_1_244' title='bbox 1286 1926 1419 1995; x_wconf 82' lang='grc' dir='ltr'>ἡμῖν</span> <span class='ocrx_word' id='word_1_245' title='bbox 1451 1925 1479 1977; x_wconf 89' lang='lat'>6</span> <span class='ocrx_word' id='word_1_246' title='bbox 1532 1924 1632 1977; x_wconf 77' lang='grc' dir='ltr'>ὑπὸ</span> <span class='ocrx_word' id='word_1_247' title='bbox 1663 1927 1756 1978; x_wconf 73' lang='grc' dir='ltr'>τοῦ</span> <span class='ocrx_word' id='word_1_248' title='bbox 1800 1929 1935 1978; x_wconf 81' lang='grc' dir='ltr'>Θεοῦ</span> 
     </span>
    </p>
   </div>
   <div class='ocr_carea' id='block_1_37' title="bbox 290 2009 1935 2087">
    <p class='ocr_par' dir='ltr' id='par_1_37' title="bbox 290 2009 1935 2087">
     <span class='ocr_line' id='line_1_37' title="bbox 290 2009 1935 2087; baseline 0 -22"><span class='ocrx_word' id='word_1_249' title='bbox 290 2011 624 2086; x_wconf 75' lang='grc' dir='ltr'>τεταγμένος</span> <span class='ocrx_word' id='word_1_250' title='bbox 657 2011 732 2073; x_wconf 78' lang='grc' dir='ltr'>εἷς</span> <span class='ocrx_word' id='word_1_251' title='bbox 757 2016 917 2066; x_wconf 82' lang='grc' dir='ltr'>τοῦτο</span> <span class='ocrx_word' id='word_1_252' title='bbox 953 2032 963 2045; x_wconf 92' lang='grc'><strong>·</strong></span> <span class='ocrx_word' id='word_1_253' title='bbox 997 2009 1178 2087; x_wconf 77' lang='grc' dir='ltr'>ὄρεξον</span> <span class='ocrx_word' id='word_1_254' title='bbox 1212 2019 1373 2086; x_wconf 84' lang='grc' dir='ltr'>χεῖρα</span> <span class='ocrx_word' id='word_1_255' title='bbox 1418 2014 1536 2067; x_wconf 81' lang='grc' dir='ltr'>καθ’</span> <span class='ocrx_word' id='word_1_256' title='bbox 1570 2014 1696 2067; x_wconf 83' lang='grc' dir='ltr'>ὅσον</span> <span class='ocrx_word' id='word_1_257' title='bbox 1730 2011 1846 2066; x_wconf 78' lang='grc' dir='ltr'>οἷόν</span> <span class='ocrx_word' id='word_1_258' title='bbox 1878 2010 1935 2067; x_wconf 79' lang='grc' dir='ltr'>τὲ.</span> 
     </span>
    </p>
   </div>
   <div class='ocr_carea' id='block_1_38' title="bbox 294 2099 1934 2179">
    <p class='ocr_par' dir='ltr' id='par_1_38' title="bbox 294 2099 1934 2179">
     <span class='ocr_line' id='line_1_38' title="bbox 294 2099 1934 2179; baseline 0.002 -25"><span class='ocrx_word' id='word_1_259' title='bbox 294 2099 433 2155; x_wconf 84' lang='grc' dir='ltr'>ἐστιν</span> <span class='ocrx_word' id='word_1_260' title='bbox 472 2118 487 2133; x_wconf 74' lang='grc'><strong><em>⁸</em></strong></span> <span class='ocrx_word' id='word_1_261' title='bbox 536 2099 687 2179; x_wconf 79' lang='grc' dir='ltr'>ἔχεις</span> <span class='ocrx_word' id='word_1_262' title='bbox 729 2103 791 2156; x_wconf 88' lang='grc' dir='ltr'>τὸ</span> <span class='ocrx_word' id='word_1_263' title='bbox 851 2101 1061 2176; x_wconf 73' lang='grc' dir='ltr'>ἰσχύειν</span> <span class='ocrx_word' id='word_1_264' title='bbox 1112 2102 1258 2176; x_wconf 64' lang='grc' dir='ltr'>παρὰ</span> <span class='ocrx_word' id='word_1_265' title='bbox 1306 2106 1422 2174; x_wconf 83' lang='grc' dir='ltr'>Θεῷ</span> <span class='ocrx_word' id='word_1_266' title='bbox 1477 2100 1537 2156; x_wconf 78' lang='grc' dir='ltr'>ἔκ</span> <span class='ocrx_word' id='word_1_267' title='bbox 1581 2107 1678 2157; x_wconf 76' lang='grc' dir='ltr'>τοῦ</span> <span class='ocrx_word' id='word_1_268' title='bbox 1722 2123 1934 2157; x_wconf 88' lang='grc' dir='ltr'>παντων</span> 
     </span>
    </p>
   </div>
   <div class='ocr_carea' id='block_1_39' title="bbox 291 2190 1935 2266">
    <p class='ocr_par' dir='ltr' id='par_1_39' title="bbox 291 2190 1935 2266">
     <span class='ocr_line' id='line_1_39' title="bbox 291 2190 1935 2266; baseline 0.001 -21"><span class='ocrx_word' id='word_1_269' title='bbox 291 2191 588 2266; x_wconf 75' lang='grc' dir='ltr'>πρωτεύειν</span> <span class='ocrx_word' id='word_1_270' title='bbox 621 2211 633 2224; x_wconf 71' lang='grc' dir='ltr'>ο</span> <span class='ocrx_word' id='word_1_271' title='bbox 668 2190 719 2245; x_wconf 81' lang='grc' dir='ltr'>ἐν</span> <span class='ocrx_word' id='word_1_272' title='bbox 753 2190 798 2264; x_wconf 86' lang='grc' dir='ltr'>ᾧ</span> <span class='ocrx_word' id='word_1_273' title='bbox 829 2193 917 2247; x_wconf 76' lang='grc' dir='ltr'>καὶ</span> <span class='ocrx_word' id='word_1_274' title='bbox 950 2191 1155 2262; x_wconf 80' lang='grc' dir='ltr'>ἐτὲθης.</span> <span class='ocrx_word' id='word_1_275' title='bbox 1209 2193 1479 2263; x_wconf 89' lang='grc' dir='ltr'>Πτόησον,</span> <span class='ocrx_word' id='word_1_276' title='bbox 1509 2190 1760 2266; x_wconf 76' lang='grc' dir='ltr'>δεόμεθα,</span> <span class='ocrx_word' id='word_1_277' title='bbox 1805 2194 1935 2255; x_wconf 79' lang='grc' dir='ltr'>τοὺς</span> 
     </span>
    </p>
   </div>
   <div class='ocr_carea' id='block_1_40' title="bbox 291 2279 1934 2359">
    <p class='ocr_par' dir='ltr' id='par_1_40' title="bbox 291 2279 1934 2359">
     <span class='ocr_line' id='line_1_40' title="bbox 291 2279 1934 2359; baseline 0.001 -25"><span class='ocrx_word' id='word_1_278' title='bbox 291 2279 597 2355; x_wconf 76' lang='grc' dir='ltr'>αἱρετικοὺς</span> <span class='ocrx_word' id='word_1_279' title='bbox 648 2283 816 2355; x_wconf 81' lang='grc' dir='ltr'>θῆρας</span> <span class='ocrx_word' id='word_1_280' title='bbox 873 2282 1082 2357; x_wconf 82' lang='grc' dir='ltr'>σύριγγι</span> <span class='ocrx_word' id='word_1_281' title='bbox 1138 2286 1234 2336; x_wconf 73' lang='grc' dir='ltr'>τοῦ</span> <span class='ocrx_word' id='word_1_282' title='bbox 1286 2282 1432 2335; x_wconf 85' lang='grc' dir='ltr'>θείου</span> <span class='ocrx_word' id='word_1_283' title='bbox 1492 2280 1665 2359; x_wconf 88' lang='grc' dir='ltr'>λόγου</span> <span class='ocrx_word' id='word_1_284' title='bbox 1715 2303 1831 2337; x_wconf 84' lang='grc' dir='ltr'>σου.</span> <span class='ocrx_word' id='word_1_285' title='bbox 1877 2288 1934 2335; x_wconf 71' lang='grc' dir='ltr'><strong>Ὀ</strong></span> 
     </span>
    </p>
   </div>
   <div class='ocr_carea' id='block_1_41' title="bbox 292 2367 1931 2445">
    <p class='ocr_par' dir='ltr' id='par_1_41' title="bbox 292 2367 1931 2445">
     <span class='ocr_line' id='line_1_41' title="bbox 292 2367 1931 2445; baseline 0.001 -23"><span class='ocrx_word' id='word_1_286' title='bbox 292 2372 503 2441; x_wconf 75' lang='grc' dir='ltr'>ποιμὴν</span> <span class='ocrx_word' id='word_1_287' title='bbox 537 2371 564 2424; x_wconf 90' lang='grc' dir='ltr'>ὁ</span> <span class='ocrx_word' id='word_1_288' title='bbox 594 2369 784 2437; x_wconf 81' lang='grc' dir='ltr'>καλὸς,</span> <span class='ocrx_word' id='word_1_289' title='bbox 812 2371 897 2432; x_wconf 72' lang='grc' dir='ltr'>θὲς</span> <span class='ocrx_word' id='word_1_290' title='bbox 928 2372 1027 2440; x_wconf 82' lang='grc' dir='ltr'>τήν</span> <span class='ocrx_word' id='word_1_291' title='bbox 1057 2372 1238 2445; x_wconf 74' lang='grc' dir='ltr'>ψυχὴν</span> <span class='ocrx_word' id='word_1_292' title='bbox 1273 2371 1404 2444; x_wconf 72' lang='grc' dir='ltr'>ὑπὲρ</span> <span class='ocrx_word' id='word_1_293' title='bbox 1444 2376 1548 2425; x_wconf 73' lang='grc' dir='ltr'>τῶν</span> <span class='ocrx_word' id='word_1_294' title='bbox 1592 2367 1880 2444; x_wconf 71' lang='grc' dir='ltr'>προϐάτων</span> <span class='ocrx_word' id='word_1_295' title='bbox 1915 2389 1931 2406; x_wconf 76' lang='grc' dir='ltr'><strong><em>ο</em></strong></span> 
     </span>
    </p>
   </div>
   <div class='ocr_carea' id='block_1_42' title="bbox 293 2458 1932 2537">
    <p class='ocr_par' dir='ltr' id='par_1_42' title="bbox 293 2458 1932 2537">
     <span class='ocr_line' id='line_1_42' title="bbox 293 2458 1932 2537; baseline 0.002 -26"><span class='ocrx_word' id='word_1_296' title='bbox 293 2458 626 2530; x_wconf 77' lang='grc' dir='ltr'>ἱκετεύομεν.</span> <span class='ocrx_word' id='word_1_297' title='bbox 707 2460 1018 2515; x_wconf 77' lang='grc' dir='ltr'>Ἀκουσάτω</span> <span class='ocrx_word' id='word_1_298' title='bbox 1094 2462 1128 2528; x_wconf 81' lang='grc' dir='ltr'>ἡ</span> <span class='ocrx_word' id='word_1_299' title='bbox 1206 2460 1291 2514; x_wconf 79' lang='grc' dir='ltr'>ὑπ’</span> <span class='ocrx_word' id='word_1_300' title='bbox 1365 2461 1615 2535; x_wconf 83' lang='grc' dir='ltr'>οὐρανὸν,</span> <span class='ocrx_word' id='word_1_301' title='bbox 1696 2462 1776 2514; x_wconf 81' lang='grc' dir='ltr'>ὅτι</span> <span class='ocrx_word' id='word_1_302' title='bbox 1848 2461 1932 2537; x_wconf 72' lang='grc' dir='ltr'>ὑφ’</span> 
     </span>
    </p>
   </div>
   <div class='ocr_carea' id='block_1_43' title="bbox 297 2546 1935 2621">
    <p class='ocr_par' dir='ltr' id='par_1_43' title="bbox 297 2546 1935 2621">
     <span class='ocr_line' id='line_1_43' title="bbox 297 2546 1935 2621; baseline 0.003 -22"><span class='ocrx_word' id='word_1_303' title='bbox 297 2546 451 2618; x_wconf 80' lang='grc' dir='ltr'>ὑμῶν</span> <span class='ocrx_word' id='word_1_304' title='bbox 512 2548 983 2621; x_wconf 79' lang='grc' dir='ltr'>ἀναθεματίζονται</span> <span class='ocrx_word' id='word_1_305' title='bbox 1044 2547 1341 2611; x_wconf 82' lang='grc' dir='ltr'>συνοδικῶς</span> <span class='ocrx_word' id='word_1_306' title='bbox 1400 2552 1452 2604; x_wconf 78' lang='grc' dir='ltr'>οἱ</span> <span class='ocrx_word' id='word_1_307' title='bbox 1516 2554 1682 2604; x_wconf 73' lang='grc' dir='ltr'>ταῦτα</span> <span class='ocrx_word' id='word_1_308' title='bbox 1737 2550 1935 2605; x_wconf 84' lang='grc' dir='ltr'>τετολ-</span> 
     </span>
    </p>
   </div>
   <div class='ocr_carea' id='block_1_44' title="bbox 301 2634 1932 2713">
    <p class='ocr_par' dir='ltr' id='par_1_44' title="bbox 301 2634 1932 2713">
     <span class='ocr_line' id='line_1_44' title="bbox 301 2634 1932 2713; baseline 0.002 -24"><span class='ocrx_word' id='word_1_309' title='bbox 301 2634 557 2707; x_wconf 80' lang='grc' dir='ltr'>μηκότες,</span> <span class='ocrx_word' id='word_1_310' title='bbox 605 2638 693 2692; x_wconf 84' lang='grc' dir='ltr'>καί</span> <span class='ocrx_word' id='word_1_311' title='bbox 748 2659 811 2711; x_wconf 83' lang='grc' dir='ltr'>γε</span> <span class='ocrx_word' id='word_1_312' title='bbox 861 2638 1339 2711; x_wconf 80' lang='grc' dir='ltr'>ἁναθεματίζοντες</span> <span class='ocrx_word' id='word_1_313' title='bbox 1401 2640 1527 2700; x_wconf 82' lang='grc' dir='ltr'>τοὺς</span> <span class='ocrx_word' id='word_1_314' title='bbox 1576 2638 1759 2713; x_wconf 80' lang='grc' dir='ltr'>ἁγίους</span> <span class='ocrx_word' id='word_1_315' title='bbox 1822 2645 1932 2693; x_wconf 87' lang='grc' dir='ltr'>Πα-</span> 
     </span>
    </p>
   </div>
   <div class='ocr_carea' id='block_1_45' title="bbox 295 2724 1930 2802">
    <p class='ocr_par' dir='ltr' id='par_1_45' title="bbox 295 2724 1930 2802">
     <span class='ocr_line' id='line_1_45' title="bbox 295 2724 1930 2802; baseline 0.002 -25"><span class='ocrx_word' id='word_1_316' title='bbox 295 2724 452 2795; x_wconf 77' lang='grc' dir='ltr'>τέρας</span> <span class='ocrx_word' id='word_1_317' title='bbox 501 2727 681 2793; x_wconf 77' lang='grc' dir='ltr'>ἡμῶν.</span> <span class='ocrx_word' id='word_1_318' title='bbox 730 2728 896 2781; x_wconf 75' lang='grc' dir='ltr'>Τούτο</span> <span class='ocrx_word' id='word_1_319' title='bbox 946 2725 1028 2796; x_wconf 85' lang='grc' dir='ltr'>ε’ίη</span> <span class='ocrx_word' id='word_1_320' title='bbox 1094 2732 1210 2799; x_wconf 86' lang='grc' dir='ltr'>Θεῴ</span> <span class='ocrx_word' id='word_1_321' title='bbox 1258 2728 1574 2801; x_wconf 76' lang='grc' dir='ltr'>εὐπρόσιτον</span> <span class='ocrx_word' id='word_1_322' title='bbox 1608 2748 1621 2761; x_wconf 74' lang='grc' dir='ltr'><strong>ο</strong></span> <span class='ocrx_word' id='word_1_323' title='bbox 1672 2727 1930 2802; x_wconf 51' lang='lat' dir='ltr'>cini-210:;</span> 
     </span>
    </p>
   </div>
   <div class='ocr_carea' id='block_1_46' title="bbox 297 2814 1076 2893">
    <p class='ocr_par' dir='ltr' id='par_1_46' title="bbox 297 2814 1076 2893">
     <span class='ocr_line' id='line_1_46' title="bbox 297 2814 1076 2893; baseline 0.003 -28"><span class='ocrx_word' id='word_1_324' title='bbox 297 2814 385 2866; x_wconf 81' lang='grc' dir='ltr'>καὶ</span> <span class='ocrx_word' id='word_1_325' title='bbox 442 2814 623 2888; x_wconf 84' lang='grc' dir='ltr'>ἁγίοις</span> <span class='ocrx_word' id='word_1_326' title='bbox 679 2817 1025 2893; x_wconf 85' lang='grc' dir='ltr'>χαρμόσυνον</span> <span class='ocrx_word' id='word_1_327' title='bbox 1063 2835 1076 2848; x_wconf 92' lang='grc'><strong>·</strong></span> 
     </span>
    </p>
   </div>
   <div class='ocr_carea' id='block_1_47' title="bbox 294 2899 699 2977">
    <p class='ocr_par' dir='ltr' id='par_1_47' title="bbox 294 2899 699 2977">
     <span class='ocr_line' id='line_1_47' title="bbox 294 2899 699 2977; baseline 0.005 -22"><span class='ocrx_word' id='word_1_328' title='bbox 294 2899 699 2977; x_wconf 75' lang='grc' dir='ltr'>ἑδραιουμὲνοις</span> 
     </span>
    </p>
   </div>
   <div class='ocr_carea' id='block_1_48' title="bbox 1140 2816 1931 2891">
    <p class='ocr_par' dir='ltr' id='par_1_48' title="bbox 1140 2816 1931 2891">
     <span class='ocr_line' id='line_1_48' title="bbox 1140 2816 1931 2891; baseline 0 -21"><span class='ocrx_word' id='word_1_329' title='bbox 1140 2816 1525 2890; x_wconf 75' lang='grc' dir='ltr'>σαλευομένοις</span> <span class='ocrx_word' id='word_1_330' title='bbox 1605 2819 1884 2891; x_wconf 74' lang='grc' dir='ltr'>στήριγμα</span> <span class='ocrx_word' id='word_1_331' title='bbox 1913 2834 1931 2850; x_wconf 74' lang='grc'><strong><em>⁸</em></strong></span> 
     </span>
    </p>
   </div>
   <div class='ocr_carea' id='block_1_49' title="bbox 809 2904 1320 2981">
    <p class='ocr_par' dir='ltr' id='par_1_49' title="bbox 809 2904 1320 2981">
     <span class='ocr_line' id='line_1_49' title="bbox 809 2904 1320 2981; baseline 0.004 -23"><span class='ocrx_word' id='word_1_332' title='bbox 809 2904 1220 2981; x_wconf 73' lang='grc' dir='ltr'>ἐπισφράγισμα</span> <span class='ocrx_word' id='word_1_333' title='bbox 1305 2923 1320 2936; x_wconf 88' lang='grc'>⁶</span> 
     </span>
    </p>
   </div>
   <div class='ocr_carea' id='block_1_50' title="bbox 291 2993 1931 3072">
    <p class='ocr_par' dir='ltr' id='par_1_50' title="bbox 291 2993 1931 3072">
     <span class='ocr_line' id='line_1_50' title="bbox 291 2993 1931 3072; baseline 0.002 -25"><span class='ocrx_word' id='word_1_334' title='bbox 291 2993 577 3066; x_wconf 68' lang='grc' dir='ltr'>ἀνάστημα</span> <span class='ocrx_word' id='word_1_335' title='bbox 609 3014 620 3025; x_wconf 94' lang='grc'><strong>·</strong></span> <span class='ocrx_word' id='word_1_336' title='bbox 663 2995 807 3068; x_wconf 76' lang='grc' dir='ltr'>πάσῃ</span> <span class='ocrx_word' id='word_1_337' title='bbox 860 2994 1158 3067; x_wconf 73' lang='grc' dir='ltr'>Ἐκκλησία</span> <span class='ocrx_word' id='word_1_338' title='bbox 1206 2994 1506 3072; x_wconf 80' lang='grc' dir='ltr'>ὀρθοδόξων</span> <span class='ocrx_word' id='word_1_339' title='bbox 1560 2996 1883 3071; x_wconf 76' lang='grc' dir='ltr'>ἂγαλλίαμα</span> <span class='ocrx_word' id='word_1_340' title='bbox 1916 3017 1931 3032; x_wconf 89' lang='grc'><strong>·</strong></span> 
     </span>
    </p>
   </div>
   <div class='ocr_carea' id='block_1_51' title="bbox 288 3082 1930 3162">
    <p class='ocr_par' dir='ltr' id='par_1_51' title="bbox 288 3082 1930 3162">
     <span class='ocr_line' id='line_1_51' title="bbox 288 3082 1930 3162; baseline 0.004 -26"><span class='ocrx_word' id='word_1_341' title='bbox 288 3082 377 3136; x_wconf 85' lang='grc' dir='ltr'>καί</span> <span class='ocrx_word' id='word_1_342' title='bbox 428 3104 489 3156; x_wconf 85' lang='grc' dir='ltr'>γε</span> <span class='ocrx_word' id='word_1_343' title='bbox 536 3088 604 3157; x_wconf 77' lang='grc' dir='ltr'>τῇ</span> <span class='ocrx_word' id='word_1_344' title='bbox 654 3088 721 3157; x_wconf 78' lang='grc' dir='ltr'>σῇ</span> <span class='ocrx_word' id='word_1_345' title='bbox 771 3087 1161 3162; x_wconf 75' lang='grc' dir='ltr'>κορυφαιότητι</span> <span class='ocrx_word' id='word_1_346' title='bbox 1211 3087 1346 3141; x_wconf 76' lang='grc' dir='ltr'>κατὰ</span> <span class='ocrx_word' id='word_1_347' title='bbox 1388 3088 1516 3149; x_wconf 75' lang='grc' dir='ltr'>τοὺς</span> <span class='ocrx_word' id='word_1_348' title='bbox 1573 3086 1741 3141; x_wconf 78' lang='grc' dir='ltr'>πάλαι</span> <span class='ocrx_word' id='word_1_349' title='bbox 1796 3108 1930 3160; x_wconf 89' lang='grc' dir='ltr'>προ-</span> 
     </span>
    </p>
   </div>
   <div class='ocr_carea' id='block_1_52' title="bbox 288 3174 1932 3250">
    <p class='ocr_par' dir='ltr' id='par_1_52' title="bbox 288 3174 1932 3250">
     <span class='ocr_line' id='line_1_52' title="bbox 288 3174 1932 3250; baseline 0.004 -26"><span class='ocrx_word' id='word_1_350' title='bbox 288 3174 670 3245; x_wconf 81' lang='grc' dir='ltr'>ηγησαμένους</span> <span class='ocrx_word' id='word_1_351' title='bbox 719 3174 1062 3245; x_wconf 87' lang='grc' dir='ltr'>μνημόσυνον</span> <span class='ocrx_word' id='word_1_352' title='bbox 1092 3175 1331 3232; x_wconf 81' lang='grc' dir='ltr'>αἰώνιον.</span> <span class='ocrx_word' id='word_1_353' title='bbox 1366 3176 1434 3233; x_wconf 80' lang='grc' dir='ltr'>Οἳ</span> <span class='ocrx_word' id='word_1_354' title='bbox 1472 3176 1525 3230; x_wconf 81' lang='grc' dir='ltr'>ἔν</span> <span class='ocrx_word' id='word_1_355' title='bbox 1571 3182 1685 3238; x_wconf 83' lang='grc' dir='ltr'>τοῖς</span> <span class='ocrx_word' id='word_1_356' title='bbox 1719 3177 1932 3250; x_wconf 80' lang='grc' dir='ltr'>ὁμοίοις</span> 
     </span>
    </p>
   </div>
   <div class='ocr_carea' id='block_1_53' title="bbox 1451 2905 1931 2961">
    <p class='ocr_par' dir='ltr' id='par_1_53' title="bbox 1451 2905 1931 2961">
     <span class='ocr_line' id='line_1_53' title="bbox 1451 2905 1931 2961; baseline -0.002 -1"><span class='ocrx_word' id='word_1_357' title='bbox 1451 2905 1931 2961; x_wconf 73' lang='grc' dir='ltr'>καταπεπτωκόσιν</span> 
     </span>
    </p>
   </div>
   <div class='ocr_carea' id='block_1_54' title="bbox 2043 1925 3684 1995">
    <p class='ocr_par' dir='ltr' id='par_1_54' title="bbox 2043 1925 3684 1995">
     <span class='ocr_line' id='line_1_54' title="bbox 2043 1925 3684 1995; baseline 0.003 -14"><span class='ocrx_word' id='word_1_358' title='bbox 2043 1943 2172 1981; x_wconf 89' lang='lat' dir='ltr'>ecce</span> <span class='ocrx_word' id='word_1_359' title='bbox 2212 1926 2373 1981; x_wconf 90' lang='lat' dir='ltr'>locus</span> <span class='ocrx_word' id='word_1_360' title='bbox 2402 1943 2414 1991; x_wconf 91' lang='lat'>;</span> <span class='ocrx_word' id='word_1_361' title='bbox 2476 1925 2755 1995; x_wconf 87' lang='lat' dir='ltr'>opitulare</span> <span class='ocrx_word' id='word_1_362' title='bbox 2805 1925 2997 1990; x_wconf 90' lang='lat' dir='ltr'>nobis,</span> <span class='ocrx_word' id='word_1_363' title='bbox 3047 1928 3145 1995; x_wconf 88' lang='lat' dir='ltr'>qui</span> <span class='ocrx_word' id='word_1_364' title='bbox 3177 1931 3230 1982; x_wconf 92' lang='lat' dir='ltr'>et</span> <span class='ocrx_word' id='word_1_365' title='bbox 3260 1944 3293 1981; x_wconf 87' lang='lat' dir='ltr'>a</span> <span class='ocrx_word' id='word_1_366' title='bbox 3323 1928 3439 1982; x_wconf 91' lang='lat' dir='ltr'>Deo</span> <span class='ocrx_word' id='word_1_367' title='bbox 3471 1931 3539 1983; x_wconf 86' lang='lat' dir='ltr'>ad</span> <span class='ocrx_word' id='word_1_368' title='bbox 3573 1930 3684 1986; x_wconf 91' lang='lat' dir='ltr'>hoc</span> 
     </span>
    </p>
   </div>
   <div class='ocr_carea' id='block_1_55' title="bbox 2042 2016 3680 2089">
    <p class='ocr_par' dir='ltr' id='par_1_55' title="bbox 2042 2016 3680 2089">
     <span class='ocr_line' id='line_1_55' title="bbox 2042 2016 3680 2089; baseline 0.002 -18"><span class='ocrx_word' id='word_1_369' title='bbox 2042 2017 2383 2071; x_wconf 86' lang='lat' dir='ltr'>ordinatus:</span> <span class='ocrx_word' id='word_1_370' title='bbox 2420 2016 2644 2086; x_wconf 87' lang='lat' dir='ltr'>porrige</span> <span class='ocrx_word' id='word_1_371' title='bbox 2684 2031 2921 2070; x_wconf 87' lang='lat' dir='ltr'>manum</span> <span class='ocrx_word' id='word_1_372' title='bbox 2968 2021 3253 2085; x_wconf 88' lang='lat' dir='ltr'>quantum</span> <span class='ocrx_word' id='word_1_373' title='bbox 3289 2016 3411 2072; x_wconf 83' lang='lat' dir='ltr'>fieri</span> <span class='ocrx_word' id='word_1_374' title='bbox 3445 2023 3633 2089; x_wconf 85' lang='lat' dir='ltr'>potest</span> <span class='ocrx_word' id='word_1_375' title='bbox 3665 2037 3680 2076; x_wconf 89' lang='lat'><strong>:</strong></span> 
     </span>
    </p>
   </div>
   <div class='ocr_carea' id='block_1_56' title="bbox 2042 2104 3680 2180">
    <p class='ocr_par' dir='ltr' id='par_1_56' title="bbox 2042 2104 3680 2180">
     <span class='ocr_line' id='line_1_56' title="bbox 2042 2104 3680 2180; baseline 0.002 -19"><span class='ocrx_word' id='word_1_376' title='bbox 2042 2106 2220 2161; x_wconf 87' lang='lat' dir='ltr'>habes</span> <span class='ocrx_word' id='word_1_377' title='bbox 2249 2111 2588 2177; x_wconf 83' lang='lat' dir='ltr'>potestatem</span> <span class='ocrx_word' id='word_1_378' title='bbox 2621 2122 2655 2159; x_wconf 85' lang='lat' dir='ltr'>a</span> <span class='ocrx_word' id='word_1_379' title='bbox 2686 2104 2820 2170; x_wconf 90' lang='lat' dir='ltr'>Deo,</span> <span class='ocrx_word' id='word_1_380' title='bbox 2854 2120 2920 2159; x_wconf 90' lang='lat' dir='ltr'>eo</span> <span class='ocrx_word' id='word_1_381' title='bbox 2939 2106 3087 2173; x_wconf 88' lang='lat' dir='ltr'>quod</span> <span class='ocrx_word' id='word_1_382' title='bbox 3121 2106 3385 2161; x_wconf 89' lang='lat' dir='ltr'>omnium</span> <span class='ocrx_word' id='word_1_383' title='bbox 3410 2108 3680 2180; x_wconf 85' lang='lat' dir='ltr'>princeps</span> 
     </span>
    </p>
   </div>
   <div class='ocr_carea' id='block_1_57' title="bbox 2041 2193 3678 2267">
    <p class='ocr_par' dir='ltr' id='par_1_57' title="bbox 2041 2193 3678 2267">
     <span class='ocr_line' id='line_1_57' title="bbox 2041 2193 3678 2267; baseline 0.002 -17"><span class='ocrx_word' id='word_1_384' title='bbox 2041 2212 2137 2251; x_wconf 86' lang='lat' dir='ltr'>es:</span> <span class='ocrx_word' id='word_1_385' title='bbox 2186 2196 2244 2250; x_wconf 91' lang='lat' dir='ltr'>in</span> <span class='ocrx_word' id='word_1_386' title='bbox 2295 2213 2407 2266; x_wconf 90' lang='lat' dir='ltr'>quo</span> <span class='ocrx_word' id='word_1_387' title='bbox 2453 2197 2509 2249; x_wconf 89' lang='lat' dir='ltr'>et</span> <span class='ocrx_word' id='word_1_388' title='bbox 2558 2193 2784 2264; x_wconf 90' lang='lat' dir='ltr'>positus</span> <span class='ocrx_word' id='word_1_389' title='bbox 2828 2210 2910 2250; x_wconf 91' lang='lat' dir='ltr'>es.</span> <span class='ocrx_word' id='word_1_390' title='bbox 2955 2194 3211 2259; x_wconf 86' lang='lat' dir='ltr'>Terreto,</span> <span class='ocrx_word' id='word_1_391' title='bbox 3258 2197 3678 2267; x_wconf 88' lang='lat' dir='ltr'>supplicamus,</span> 
     </span>
    </p>
   </div>
   <div class='ocr_carea' id='block_1_58' title="bbox 2043 2283 3681 2342">
    <p class='ocr_par' dir='ltr' id='par_1_58' title="bbox 2043 2283 3681 2342">
     <span class='ocr_line' id='line_1_58' title="bbox 2043 2283 3681 2342; baseline 0.002 -2"><span class='ocrx_word' id='word_1_392' title='bbox 2043 2285 2337 2340; x_wconf 73' lang='lat' dir='ltr'>haereticus</span> <span class='ocrx_word' id='word_1_393' title='bbox 2398 2285 2545 2339; x_wconf 75' lang='lat' dir='ltr'>feras</span> <span class='ocrx_word' id='word_1_394' title='bbox 2603 2283 2825 2338; x_wconf 84' lang='lat' dir='ltr'>calamo</span> <span class='ocrx_word' id='word_1_395' title='bbox 2872 2284 3052 2337; x_wconf 86' lang='lat' dir='ltr'>divini</span> <span class='ocrx_word' id='word_1_396' title='bbox 3111 2285 3268 2339; x_wconf 89' lang='lat' dir='ltr'>verbi</span> <span class='ocrx_word' id='word_1_397' title='bbox 3317 2286 3422 2340; x_wconf 91' lang='lat' dir='ltr'>lui.</span> <span class='ocrx_word' id='word_1_398' title='bbox 3479 2286 3681 2342; x_wconf 86' lang='lat' dir='ltr'>Pastor</span> 
     </span>
    </p>
   </div>
   <div class='ocr_carea' id='block_1_59' title="bbox 2040 2371 3682 2443">
    <p class='ocr_par' dir='ltr' id='par_1_59' title="bbox 2040 2371 3682 2443">
     <span class='ocr_line' id='line_1_59' title="bbox 2040 2371 3682 2443; baseline 0.004 -17"><span class='ocrx_word' id='word_1_399' title='bbox 2040 2372 2207 2439; x_wconf 89' lang='lat' dir='ltr'>bone,</span> <span class='ocrx_word' id='word_1_400' title='bbox 2244 2389 2391 2442; x_wconf 89' lang='lat' dir='ltr'>pone</span> <span class='ocrx_word' id='word_1_401' title='bbox 2422 2372 2677 2427; x_wconf 88' lang='lat' dir='ltr'>animam</span> <span class='ocrx_word' id='word_1_402' title='bbox 2714 2388 2814 2441; x_wconf 92' lang='lat' dir='ltr'>pro</span> <span class='ocrx_word' id='word_1_403' title='bbox 2846 2371 3075 2440; x_wconf 89' lang='lat' dir='ltr'>ovibus,</span> <span class='ocrx_word' id='word_1_404' title='bbox 3108 2372 3533 2443; x_wconf 88' lang='lat' dir='ltr'>supplicamus.</span> <span class='ocrx_word' id='word_1_405' title='bbox 3571 2381 3682 2431; x_wconf 79' lang='lat' dir='ltr'>Au-</span> 
     </span>
    </p>
   </div>
   <div class='ocr_carea' id='block_1_60' title="bbox 2040 2460 3686 2532">
    <p class='ocr_par' dir='ltr' id='par_1_60' title="bbox 2040 2460 3686 2532">
     <span class='ocr_line' id='line_1_60' title="bbox 2040 2460 3686 2532; baseline 0.002 -14"><span class='ocrx_word' id='word_1_406' title='bbox 2040 2463 2161 2518; x_wconf 86' lang='lat' dir='ltr'>diat</span> <span class='ocrx_word' id='word_1_407' title='bbox 2183 2462 2441 2518; x_wconf 81' lang='lat' dir='ltr'>Ecclesia</span> <span class='ocrx_word' id='word_1_408' title='bbox 2481 2478 2602 2532; x_wconf 67' lang='lat' dir='ltr'>quae</span> <span class='ocrx_word' id='word_1_409' title='bbox 2635 2462 2743 2516; x_wconf 93' lang='lat' dir='ltr'>sub</span> <span class='ocrx_word' id='word_1_410' title='bbox 2775 2460 2918 2516; x_wconf 74' lang='lat' dir='ltr'>coelo</span> <span class='ocrx_word' id='word_1_411' title='bbox 2948 2471 3054 2531; x_wconf 87' lang='lat' dir='ltr'>est,</span> <span class='ocrx_word' id='word_1_412' title='bbox 3096 2462 3249 2532; x_wconf 91' lang='lat' dir='ltr'>quod</span> <span class='ocrx_word' id='word_1_413' title='bbox 3283 2480 3315 2516; x_wconf 86' lang='lat' dir='ltr'>a</span> <span class='ocrx_word' id='word_1_414' title='bbox 3345 2464 3508 2519; x_wconf 89' lang='lat' dir='ltr'>vobis</span> <span class='ocrx_word' id='word_1_415' title='bbox 3540 2482 3686 2521; x_wconf 86' lang='lat' dir='ltr'>ana-</span> 
     </span>
    </p>
   </div>
   <div class='ocr_carea' id='block_1_61' title="bbox 2040 2552 3678 2624">
    <p class='ocr_par' dir='ltr' id='par_1_61' title="bbox 2040 2552 3678 2624">
     <span class='ocr_line' id='line_1_61' title="bbox 2040 2552 3678 2624; baseline 0.002 -16"><span class='ocrx_word' id='word_1_416' title='bbox 2040 2553 2490 2608; x_wconf 87' lang='lat' dir='ltr'>thematizantur</span> <span class='ocrx_word' id='word_1_417' title='bbox 2539 2568 2637 2621; x_wconf 90' lang='lat' dir='ltr'>per</span> <span class='ocrx_word' id='word_1_418' title='bbox 2682 2553 2965 2622; x_wconf 85' lang='lat' dir='ltr'>synodum</span> <span class='ocrx_word' id='word_1_419' title='bbox 3016 2552 3112 2620; x_wconf 91' lang='lat' dir='ltr'>qui</span> <span class='ocrx_word' id='word_1_420' title='bbox 3154 2552 3271 2607; x_wconf 73' lang='lat' dir='ltr'>haec</span> <span class='ocrx_word' id='word_1_421' title='bbox 3303 2554 3447 2612; x_wconf 88' lang='lat' dir='ltr'>ausi,</span> <span class='ocrx_word' id='word_1_422' title='bbox 3475 2559 3532 2608; x_wconf 90' lang='lat' dir='ltr'>et</span> <span class='ocrx_word' id='word_1_423' title='bbox 3553 2556 3678 2624; x_wconf 89' lang='lat' dir='ltr'>jam</span> 
     </span>
    </p>
   </div>
   <div class='ocr_carea' id='block_1_62' title="bbox 2042 2640 3680 2698">
    <p class='ocr_par' dir='ltr' id='par_1_62' title="bbox 2042 2640 3680 2698">
     <span class='ocr_line' id='line_1_62' title="bbox 2042 2640 3680 2698; baseline 0.001 -1"><span class='ocrx_word' id='word_1_424' title='bbox 2042 2646 2275 2697; x_wconf 89' lang='lat' dir='ltr'>sanctos</span> <span class='ocrx_word' id='word_1_425' title='bbox 2308 2641 2504 2695; x_wconf 88' lang='lat' dir='ltr'>Patres</span> <span class='ocrx_word' id='word_1_426' title='bbox 2534 2644 2764 2694; x_wconf 88' lang='lat' dir='ltr'>nostros</span> <span class='ocrx_word' id='word_1_427' title='bbox 2804 2640 3311 2695; x_wconf 86' lang='lat' dir='ltr'>anathematizant.</span> <span class='ocrx_word' id='word_1_428' title='bbox 3361 2642 3480 2697; x_wconf 91' lang='lat' dir='ltr'>Hoc</span> <span class='ocrx_word' id='word_1_429' title='bbox 3511 2644 3680 2698; x_wconf 81' lang='lat' dir='ltr'>fuerit</span> 
     </span>
    </p>
   </div>
   <div class='ocr_carea' id='block_1_63' title="bbox 2041 2728 3679 2800">
    <p class='ocr_par' dir='ltr' id='par_1_63' title="bbox 2041 2728 3679 2800">
     <span class='ocr_line' id='line_1_63' title="bbox 2041 2728 3679 2800; baseline 0.001 -14"><span class='ocrx_word' id='word_1_430' title='bbox 2041 2732 2156 2786; x_wconf 89' lang='lat' dir='ltr'>Deo</span> <span class='ocrx_word' id='word_1_431' title='bbox 2189 2735 2512 2800; x_wconf 87' lang='lat' dir='ltr'>acceptum,</span> <span class='ocrx_word' id='word_1_432' title='bbox 2545 2728 2767 2799; x_wconf 87' lang='lat' dir='ltr'>angelis</span> <span class='ocrx_word' id='word_1_433' title='bbox 2788 2735 2843 2783; x_wconf 90' lang='lat' dir='ltr'>et</span> <span class='ocrx_word' id='word_1_434' title='bbox 2866 2730 3082 2784; x_wconf 83' lang='lat' dir='ltr'>sanctis</span> <span class='ocrx_word' id='word_1_435' title='bbox 3102 2730 3407 2800; x_wconf 88' lang='lat' dir='ltr'>gaudium,</span> <span class='ocrx_word' id='word_1_436' title='bbox 3435 2748 3679 2788; x_wconf 87' lang='lat' dir='ltr'>concus—</span> 
     </span>
    </p>
   </div>
   <div class='ocr_carea' id='block_1_64' title="bbox 2040 2818 3678 2891">
    <p class='ocr_par' dir='ltr' id='par_1_64' title="bbox 2040 2818 3678 2891">
     <span class='ocr_line' id='line_1_64' title="bbox 2040 2818 3678 2891; baseline 0 -14"><span class='ocrx_word' id='word_1_437' title='bbox 2040 2823 2121 2877; x_wconf 89' lang='lat' dir='ltr'>sis</span> <span class='ocrx_word' id='word_1_438' title='bbox 2146 2821 2600 2884; x_wconf 84' lang='lat' dir='ltr'>ﬁrmamentum,</span> <span class='ocrx_word' id='word_1_439' title='bbox 2628 2818 2885 2872; x_wconf 80' lang='lat' dir='ltr'>fundatis</span> <span class='ocrx_word' id='word_1_440' title='bbox 2908 2818 3265 2884; x_wconf 87' lang='lat' dir='ltr'>stabilimen,</span> <span class='ocrx_word' id='word_1_441' title='bbox 3290 2820 3472 2891; x_wconf 89' lang='lat' dir='ltr'>lapsis</span> <span class='ocrx_word' id='word_1_442' title='bbox 3487 2838 3678 2877; x_wconf 89' lang='lat' dir='ltr'>resur—</span> 
     </span>
    </p>
   </div>
   <div class='ocr_carea' id='block_1_65' title="bbox 2041 2904 3682 2977">
    <p class='ocr_par' dir='ltr' id='par_1_65' title="bbox 2041 2904 3682 2977">
     <span class='ocr_line' id='line_1_65' title="bbox 2041 2904 3682 2977; baseline 0.001 -16"><span class='ocrx_word' id='word_1_443' title='bbox 2041 2907 2237 2973; x_wconf 88' lang='lat' dir='ltr'>rectio,</span> <span class='ocrx_word' id='word_1_444' title='bbox 2271 2904 2431 2961; x_wconf 88' lang='lat' dir='ltr'>omni</span> <span class='ocrx_word' id='word_1_445' title='bbox 2463 2905 2911 2959; x_wconf 82' lang='lat' dir='ltr'>orthodoxorum</span> <span class='ocrx_word' id='word_1_446' title='bbox 2953 2905 3224 2961; x_wconf 63' lang='lat' dir='ltr'>Ecclesiae</span> <span class='ocrx_word' id='word_1_447' title='bbox 3265 2905 3593 2977; x_wconf 85' lang='lat' dir='ltr'>exsultatio,</span> <span class='ocrx_word' id='word_1_448' title='bbox 3624 2912 3682 2963; x_wconf 89' lang='lat' dir='ltr'>et</span> 
     </span>
    </p>
   </div>
   <div class='ocr_carea' id='block_1_66' title="bbox 2041 2993 3680 3067">
    <p class='ocr_par' dir='ltr' id='par_1_66' title="bbox 2041 2993 3680 3067">
     <span class='ocr_line' id='line_1_66' title="bbox 2041 2993 3680 3067; baseline 0.001 -17"><span class='ocrx_word' id='word_1_449' title='bbox 2041 3004 2149 3051; x_wconf 69' lang='lat' dir='ltr'>tum</span> <span class='ocrx_word' id='word_1_450' title='bbox 2182 3000 2334 3050; x_wconf 84' lang='lat' dir='ltr'>certe</span> <span class='ocrx_word' id='word_1_451' title='bbox 2361 2993 2716 3059; x_wconf 89' lang='lat' dir='ltr'>celsitudini,</span> <span class='ocrx_word' id='word_1_452' title='bbox 2749 2993 3071 3048; x_wconf 89' lang='lat' dir='ltr'>secundum</span> <span class='ocrx_word' id='word_1_453' title='bbox 3105 3008 3204 3049; x_wconf 90' lang='lat' dir='ltr'>eos</span> <span class='ocrx_word' id='word_1_454' title='bbox 3232 2996 3330 3065; x_wconf 88' lang='lat' dir='ltr'>qui</span> <span class='ocrx_word' id='word_1_455' title='bbox 3352 2996 3680 3067; x_wconf 87' lang='lat' dir='ltr'>antiquitus</span> 
     </span>
    </p>
   </div>
   <div class='ocr_carea' id='block_1_67' title="bbox 2042 3083 3681 3156">
    <p class='ocr_par' dir='ltr' id='par_1_67' title="bbox 2042 3083 3681 3156">
     <span class='ocr_line' id='line_1_67' title="bbox 2042 3083 3681 3156; baseline 0.001 -16"><span class='ocrx_word' id='word_1_456' title='bbox 2042 3087 2459 3156; x_wconf 76' lang='lat' dir='ltr'>praecesserunt</span> <span class='ocrx_word' id='word_1_457' title='bbox 2482 3088 2763 3136; x_wconf 68' lang='lat' dir='ltr'>aeternum</span> <span class='ocrx_word' id='word_1_458' title='bbox 2790 3083 3236 3137; x_wconf 87' lang='lat' dir='ltr'>monimentum.</span> <span class='ocrx_word' id='word_1_459' title='bbox 3268 3085 3372 3148; x_wconf 87' lang='lat' dir='ltr'>Qui</span> <span class='ocrx_word' id='word_1_460' title='bbox 3392 3085 3681 3141; x_wconf 89' lang='lat' dir='ltr'>similibus</span> 
     </span>
    </p>
   </div>
   <div class='ocr_carea' id='block_1_68' title="bbox 2040 3173 3683 3246">
    <p class='ocr_par' dir='ltr' id='par_1_68' title="bbox 2040 3173 3683 3246">
     <span class='ocr_line' id='line_1_68' title="bbox 2040 3173 3683 3246; baseline -0.001 -15"><span class='ocrx_word' id='word_1_461' title='bbox 2040 3176 2395 3246; x_wconf 87' lang='lat' dir='ltr'>temporibus</span> <span class='ocrx_word' id='word_1_462' title='bbox 2427 3189 2559 3227; x_wconf 89' lang='lat' dir='ltr'>cum</span> <span class='ocrx_word' id='word_1_463' title='bbox 2603 3173 2847 3227; x_wconf 85' lang='lat' dir='ltr'>fecerint</span> <span class='ocrx_word' id='word_1_464' title='bbox 2889 3188 2955 3226; x_wconf 89' lang='lat' dir='ltr'>ea</span> <span class='ocrx_word' id='word_1_465' title='bbox 2995 3190 3121 3243; x_wconf 65' lang='lat' dir='ltr'>qua</span> <span class='ocrx_word' id='word_1_466' title='bbox 3156 3190 3188 3227; x_wconf 89' lang='lat' dir='ltr'>a</span> <span class='ocrx_word' id='word_1_467' title='bbox 3221 3174 3389 3228; x_wconf 86' lang='lat' dir='ltr'>nobis</span> <span class='ocrx_word' id='word_1_468' title='bbox 3421 3180 3683 3246; x_wconf 85' lang='lat' dir='ltr'>peccato-</span> 
     </span>
    </p>
   </div>
   <div class='ocr_carea' id='block_1_69' title="bbox 285 3261 1954 3341">
    <p class='ocr_par' dir='ltr' id='par_1_69' title="bbox 285 3262 1926 3341">
     <span class='ocr_line' id='line_1_69' title="bbox 285 3262 1926 3341; baseline 0.004 -28"><span class='ocrx_word' id='word_1_469' title='bbox 285 3266 498 3333; x_wconf 82' lang='grc' dir='ltr'>καιροῖς</span> <span class='ocrx_word' id='word_1_470' title='bbox 538 3262 605 3315; x_wconf 79' lang='grc' dir='ltr'>τὰ</span> <span class='ocrx_word' id='word_1_471' title='bbox 654 3266 779 3336; x_wconf 81' lang='grc' dir='ltr'>παρ’</span> <span class='ocrx_word' id='word_1_472' title='bbox 829 3265 989 3336; x_wconf 80' lang='grc' dir='ltr'>ἡμῶν</span> <span class='ocrx_word' id='word_1_473' title='bbox 1046 3270 1153 3318; x_wconf 79' lang='grc' dir='ltr'>τῶν</span> <span class='ocrx_word' id='word_1_474' title='bbox 1208 3264 1549 3341; x_wconf 82' lang='grc' dir='ltr'>ἁμαρτωλῶν</span> <span class='ocrx_word' id='word_1_475' title='bbox 1603 3269 1691 3319; x_wconf 77' lang='grc' dir='ltr'>νῦν</span> <span class='ocrx_word' id='word_1_476' title='bbox 1744 3266 1926 3320; x_wconf 77' lang='grc' dir='ltr'>αἰτού-</span> 
     </span>
    </p>
   </div>
   <div class='ocr_carea' id='block_1_70' title="bbox 2043 3261 3682 3341">
    <p class='ocr_par' dir='ltr' id='par_1_70' title="bbox 2043 3261 3682 3333">
     <span class='ocr_line' id='line_1_70' title="bbox 2043 3261 3682 3333; baseline 0 -13"><span class='ocrx_word' id='word_1_477' title='bbox 2043 3265 2203 3320; x_wconf 90' lang='lat' dir='ltr'>ribus</span> <span class='ocrx_word' id='word_1_478' title='bbox 2232 3280 2388 3318; x_wconf 89' lang='lat' dir='ltr'>nunc</span> <span class='ocrx_word' id='word_1_479' title='bbox 2418 3267 2717 3333; x_wconf 91' lang='lat' dir='ltr'>petuntur,</span> <span class='ocrx_word' id='word_1_480' title='bbox 2751 3261 2971 3332; x_wconf 88' lang='lat' dir='ltr'>Spiritu</span> <span class='ocrx_word' id='word_1_481' title='bbox 2996 3266 3195 3317; x_wconf 86' lang='lat' dir='ltr'>sancto</span> <span class='ocrx_word' id='word_1_482' title='bbox 3217 3262 3425 3330; x_wconf 78' lang='lat' dir='ltr'>afﬂati;</span> <span class='ocrx_word' id='word_1_483' title='bbox 3452 3270 3509 3319; x_wconf 90' lang='lat' dir='ltr'>et</span> <span class='ocrx_word' id='word_1_484' title='bbox 3529 3281 3682 3319; x_wconf 87' lang='lat' dir='ltr'>com-</span> 
     </span>
    </p>
   </div>
   <div class='ocr_carea' id='block_1_71' title="bbox 291 3346 1924 3427">
    <p class='ocr_par' dir='ltr' id='par_1_71' title="bbox 291 3346 1924 3427">
     <span class='ocr_line' id='line_1_71' title="bbox 291 3346 1924 3427; baseline 0.004 -24"><span class='ocrx_word' id='word_1_485' title='bbox 291 3369 422 3419; x_wconf 86' lang='grc' dir='ltr'>μενα</span> <span class='ocrx_word' id='word_1_486' title='bbox 454 3346 767 3425; x_wconf 84' lang='grc' dir='ltr'>δεδρακόνες</span> <span class='ocrx_word' id='word_1_487' title='bbox 817 3357 1333 3425; x_wconf 72' lang='grc' dir='ltr'>πνευματοκινήτως</span> <span class='ocrx_word' id='word_1_488' title='bbox 1367 3373 1381 3386; x_wconf 91' lang='grc'><strong>·</strong></span> <span class='ocrx_word' id='word_1_489' title='bbox 1427 3355 1516 3409; x_wconf 74' lang='grc' dir='ltr'>καὶ</span> <span class='ocrx_word' id='word_1_490' title='bbox 1553 3356 1924 3427; x_wconf 85' lang='grc' dir='ltr'>μνημονεύον-</span> 
     </span>
    </p>
   </div>
   <div class='ocr_carea' id='block_1_72' title="bbox 286 3438 1929 3517">
    <p class='ocr_par' dir='ltr' id='par_1_72' title="bbox 286 3438 1929 3517">
     <span class='ocr_line' id='line_1_72' title="bbox 286 3438 1929 3517; baseline 0.004 -26"><span class='ocrx_word' id='word_1_491' title='bbox 286 3458 398 3505; x_wconf 85' lang='grc' dir='ltr'>ται,</span> <span class='ocrx_word' id='word_1_492' title='bbox 456 3438 543 3493; x_wconf 76' lang='grc' dir='ltr'>καὶ</span> <span class='ocrx_word' id='word_1_493' title='bbox 603 3440 1016 3514; x_wconf 77' lang='grc' dir='ltr'>μεμακάρινται.</span> <span class='ocrx_word' id='word_1_494' title='bbox 1084 3444 1303 3505; x_wconf 74' lang='grc' dir='ltr'>Πάντως</span> <span class='ocrx_word' id='word_1_495' title='bbox 1364 3442 1420 3498; x_wconf 76' lang='grc' dir='ltr'>δὲ</span> <span class='ocrx_word' id='word_1_496' title='bbox 1477 3443 1801 3517; x_wconf 69' lang='grc' dir='ltr'>πιστεύομεν</span> <span class='ocrx_word' id='word_1_497' title='bbox 1856 3445 1929 3506; x_wconf 87' lang='grc' dir='ltr'>ὡς</span> 
     </span>
    </p>
   </div>
   <div class='ocr_carea' id='block_1_73' title="bbox 286 3526 1926 3607">
    <p class='ocr_par' dir='ltr' id='par_1_73' title="bbox 286 3526 1926 3607">
     <span class='ocr_line' id='line_1_73' title="bbox 286 3526 1926 3607; baseline 0.004 -26"><span class='ocrx_word' id='word_1_498' title='bbox 286 3526 429 3599; x_wconf 76' lang='grc' dir='ltr'>ἐλέῳ</span> <span class='ocrx_word' id='word_1_499' title='bbox 461 3528 762 3602; x_wconf 79' lang='grc' dir='ltr'>οἰκτιρμῶν</span> <span class='ocrx_word' id='word_1_500' title='bbox 812 3531 1194 3604; x_wconf 84' lang='grc' dir='ltr'>καμπτόμενος</span> <span class='ocrx_word' id='word_1_501' title='bbox 1228 3532 1349 3607; x_wconf 80' lang='grc' dir='ltr'>δέξῃ</span> <span class='ocrx_word' id='word_1_502' title='bbox 1397 3536 1554 3606; x_wconf 77' lang='grc' dir='ltr'>ἡμῶν</span> <span class='ocrx_word' id='word_1_503' title='bbox 1610 3535 1670 3589; x_wconf 93' lang='grc' dir='ltr'>τὸ</span> <span class='ocrx_word' id='word_1_504' title='bbox 1711 3532 1926 3597; x_wconf 73' lang='grc' dir='ltr'>εὐτελὲς</span> 
     </span>
    </p>
   </div>
   <div class='ocr_carea' id='block_1_74' title="bbox 285 3617 1928 3693">
    <p class='ocr_par' dir='ltr' id='par_1_74' title="bbox 285 3617 1928 3693">
     <span class='ocr_line' id='line_1_74' title="bbox 285 3617 1928 3693; baseline 0.005 -23"><span class='ocrx_word' id='word_1_505' title='bbox 285 3617 558 3691; x_wconf 81' lang='grc' dir='ltr'>γράμμα·</span> <span class='ocrx_word' id='word_1_506' title='bbox 617 3619 843 3693; x_wconf 82' lang='grc' dir='ltr'>Χριστὸν</span> <span class='ocrx_word' id='word_1_507' title='bbox 907 3619 1242 3692; x_wconf 87' lang='grc' dir='ltr'>μιμούμενος</span> <span class='ocrx_word' id='word_1_508' title='bbox 1276 3642 1290 3657; x_wconf 73' lang='grc'><strong><em>⁸</em></strong></span> <span class='ocrx_word' id='word_1_509' title='bbox 1369 3624 1429 3687; x_wconf 79' lang='grc' dir='ltr'>ὃς</span> <span class='ocrx_word' id='word_1_510' title='bbox 1484 3624 1612 3686; x_wconf 89' lang='grc' dir='ltr'>Θεὸς</span> <span class='ocrx_word' id='word_1_511' title='bbox 1670 3622 1745 3677; x_wconf 80' lang='grc' dir='ltr'>ὢν</span> <span class='ocrx_word' id='word_1_512' title='bbox 1821 3629 1928 3678; x_wconf 81' lang='grc' dir='ltr'>τῶν</span> 
     </span>
    </p>
   </div>
   <div class='ocr_carea' id='block_1_75' title="bbox 288 3705 1926 3787">
    <p class='ocr_par' dir='ltr' id='par_1_75' title="bbox 288 3705 1926 3787">
     <span class='ocr_line' id='line_1_75' title="bbox 288 3705 1926 3787; baseline 0.004 -27"><span class='ocrx_word' id='word_1_513' title='bbox 288 3705 559 3776; x_wconf 80' lang='grc' dir='ltr'>ἁπάντων,</span> <span class='ocrx_word' id='word_1_514' title='bbox 605 3706 704 3761; x_wconf 80' lang='grc' dir='ltr'>οὐκ</span> <span class='ocrx_word' id='word_1_515' title='bbox 746 3707 1021 3777; x_wconf 77' lang='grc' dir='ltr'>ἀπηξίωσε</span> <span class='ocrx_word' id='word_1_516' title='bbox 1066 3711 1165 3779; x_wconf 77' lang='grc' dir='ltr'>τήν</span> <span class='ocrx_word' id='word_1_517' title='bbox 1215 3712 1363 3787; x_wconf 75' lang='grc' dir='ltr'>παρὰ</span> <span class='ocrx_word' id='word_1_518' title='bbox 1412 3712 1663 3786; x_wconf 82' lang='grc' dir='ltr'>Αὐγάρου</span> <span class='ocrx_word' id='word_1_519' title='bbox 1706 3712 1926 3767; x_wconf 81' lang='grc' dir='ltr'>ἐπιστο-</span> 
     </span>
    </p>
   </div>
   <div class='ocr_carea' id='block_1_76' title="bbox 286 3795 1675 3879">
    <p class='ocr_par' dir='ltr' id='par_1_76' title="bbox 286 3795 1675 3879">
     <span class='ocr_line' id='line_1_76' title="bbox 286 3795 1675 3879; baseline 0.017 -27"><span class='ocrx_word' id='word_1_520' title='bbox 286 3795 392 3864; x_wconf 75' lang='grc' dir='ltr'>λήν</span> <span class='ocrx_word' id='word_1_521' title='bbox 420 3798 508 3852; x_wconf 80' lang='grc' dir='ltr'>καὶ</span> <span class='ocrx_word' id='word_1_522' title='bbox 544 3796 808 3869; x_wconf 77' lang='grc' dir='ltr'>δέξασθαι,</span> <span class='ocrx_word' id='word_1_523' title='bbox 840 3799 928 3853; x_wconf 76' lang='grc' dir='ltr'>καὶ</span> <span class='ocrx_word' id='word_1_524' title='bbox 961 3800 1096 3873; x_wconf 82' lang='grc' dir='ltr'>πρὸς</span> <span class='ocrx_word' id='word_1_525' title='bbox 1129 3802 1294 3872; x_wconf 69' lang='grc' dir='ltr'>αὐτὴν</span> <span class='ocrx_word' id='word_1_526' title='bbox 1328 3804 1675 3879; x_wconf 66' lang='grc' dir='ltr'>ἀντιγράψαι-</span> 
     </span>
    </p>
   </div>
   <div class='ocr_carea' id='block_1_77' title="bbox 737 3890 1473 3965">
    <p class='ocr_par' dir='ltr' id='par_1_77' title="bbox 737 3890 1473 3965">
     <span class='ocr_line' id='line_1_77' title="bbox 737 3890 1473 3965; baseline 0.005 -24"><span class='ocrx_word' id='word_1_527' title='bbox 737 3893 832 3946; x_wconf 85' lang='lat' dir='ltr'>II&quot;.</span> <span class='ocrx_word' id='word_1_528' title='bbox 874 3920 942 3931; x_wconf 89' lang='lat'>—-</span> <span class='ocrx_word' id='word_1_529' title='bbox 979 3890 1073 3961; x_wconf 82' lang='grc' dir='ltr'>Τῷ</span> <span class='ocrx_word' id='word_1_530' title='bbox 1113 3890 1306 3957; x_wconf 86' lang='grc' dir='ltr'>αὐτῷ.</span> <span class='ocrx_word' id='word_1_531' title='bbox 1352 3894 1473 3965; x_wconf 69' lang='grc' dir='ltr'>[σοι’]</span> 
     </span>
    </p>
   </div>
   <div class='ocr_carea' id='block_1_78' title="bbox 2037 3352 3679 3420">
    <p class='ocr_par' dir='ltr' id='par_1_78' title="bbox 2037 3352 3679 3420">
     <span class='ocr_line' id='line_1_78' title="bbox 2037 3352 3679 3420; baseline 0 -11"><span class='ocrx_word' id='word_1_532' title='bbox 2037 3362 2452 3420; x_wconf 86' lang='lat' dir='ltr'>memorantur,</span> <span class='ocrx_word' id='word_1_533' title='bbox 2488 3357 2545 3406; x_wconf 87' lang='lat' dir='ltr'>et</span> <span class='ocrx_word' id='word_1_534' title='bbox 2576 3352 2726 3406; x_wconf 87' lang='lat' dir='ltr'>beati</span> <span class='ocrx_word' id='word_1_535' title='bbox 2768 3352 2953 3405; x_wconf 86' lang='lat' dir='ltr'>habiti</span> <span class='ocrx_word' id='word_1_536' title='bbox 2985 3356 3141 3407; x_wconf 86' lang='lat' dir='ltr'>sunt.</span> <span class='ocrx_word' id='word_1_537' title='bbox 3193 3356 3437 3407; x_wconf 87' lang='lat' dir='ltr'>Prorsus</span> <span class='ocrx_word' id='word_1_538' title='bbox 3484 3359 3679 3410; x_wconf 87' lang='lat' dir='ltr'>autem</span> 
     </span>
    </p>
   </div>
   <div class='ocr_carea' id='block_1_79' title="bbox 2037 3441 3679 3511">
    <p class='ocr_par' dir='ltr' id='par_1_79' title="bbox 2037 3441 3679 3511">
     <span class='ocr_line' id='line_1_79' title="bbox 2037 3441 3679 3511; baseline 0 -11"><span class='ocrx_word' id='word_1_539' title='bbox 2037 3445 2331 3501; x_wconf 89' lang='lat' dir='ltr'>credimus</span> <span class='ocrx_word' id='word_1_540' title='bbox 2363 3451 2414 3497; x_wconf 90' lang='lat' dir='ltr'>et</span> <span class='ocrx_word' id='word_1_541' title='bbox 2434 3442 2806 3505; x_wconf 86' lang='lat' dir='ltr'>conﬁdimus,</span> <span class='ocrx_word' id='word_1_542' title='bbox 2832 3442 2985 3511; x_wconf 89' lang='lat' dir='ltr'>quod</span> <span class='ocrx_word' id='word_1_543' title='bbox 3017 3441 3413 3497; x_wconf 87' lang='lat' dir='ltr'>misericordia</span> <span class='ocrx_word' id='word_1_544' title='bbox 3438 3444 3679 3500; x_wconf 86' lang='lat' dir='ltr'>misera-</span> 
     </span>
    </p>
   </div>
   <div class='ocr_carea' id='block_1_80' title="bbox 2038 3530 3681 3603">
    <p class='ocr_par' dir='ltr' id='par_1_80' title="bbox 2038 3530 3681 3603">
     <span class='ocr_line' id='line_1_80' title="bbox 2038 3530 3681 3603; baseline 0.002 -14"><span class='ocrx_word' id='word_1_545' title='bbox 2038 3534 2252 3589; x_wconf 89' lang='lat' dir='ltr'>tionum</span> <span class='ocrx_word' id='word_1_546' title='bbox 2285 3533 2466 3587; x_wconf 86' lang='lat' dir='ltr'>ﬂexus</span> <span class='ocrx_word' id='word_1_547' title='bbox 2491 3539 2747 3587; x_wconf 89' lang='lat' dir='ltr'>nostram</span> <span class='ocrx_word' id='word_1_548' title='bbox 2784 3538 3013 3586; x_wconf 88' lang='lat' dir='ltr'>tenuem</span> <span class='ocrx_word' id='word_1_549' title='bbox 3060 3530 3362 3601; x_wconf 86' lang='lat' dir='ltr'>epistolam</span> <span class='ocrx_word' id='word_1_550' title='bbox 3410 3534 3681 3603; x_wconf 86' lang='lat' dir='ltr'>accipies.</span> 
     </span>
    </p>
   </div>
   <div class='ocr_carea' id='block_1_81' title="bbox 2037 3621 3682 3694">
    <p class='ocr_par' dir='ltr' id='par_1_81' title="bbox 2037 3621 3682 3694">
     <span class='ocr_line' id='line_1_81' title="bbox 2037 3621 3682 3694; baseline -0.001 -14"><span class='ocrx_word' id='word_1_551' title='bbox 2037 3625 2330 3680; x_wconf 79' lang='lat' dir='ltr'>Christum</span> <span class='ocrx_word' id='word_1_552' title='bbox 2366 3623 2645 3690; x_wconf 83' lang='lat' dir='ltr'>imitatus,</span> <span class='ocrx_word' id='word_1_553' title='bbox 2679 3623 2801 3694; x_wconf 90' lang='lat' dir='ltr'>qui,</span> <span class='ocrx_word' id='word_1_554' title='bbox 2844 3621 2994 3676; x_wconf 88' lang='lat' dir='ltr'>Deus</span> <span class='ocrx_word' id='word_1_555' title='bbox 3036 3637 3169 3677; x_wconf 90' lang='lat' dir='ltr'>cum</span> <span class='ocrx_word' id='word_1_556' title='bbox 3200 3626 3352 3677; x_wconf 84' lang='lat' dir='ltr'>esset</span> <span class='ocrx_word' id='word_1_557' title='bbox 3392 3623 3682 3691; x_wconf 86' lang='lat' dir='ltr'>omnium,</span> 
     </span>
    </p>
   </div>
   <div class='ocr_carea' id='block_1_82' title="bbox 2037 3712 3686 3786">
    <p class='ocr_par' dir='ltr' id='par_1_82' title="bbox 2037 3712 3686 3786">
     <span class='ocr_line' id='line_1_82' title="bbox 2037 3712 3686 3786; baseline -0.001 -15"><span class='ocrx_word' id='word_1_558' title='bbox 2037 3732 2148 3771; x_wconf 91' lang='lat' dir='ltr'>non</span> <span class='ocrx_word' id='word_1_559' title='bbox 2202 3714 2490 3770; x_wconf 88' lang='lat' dir='ltr'>recusavit</span> <span class='ocrx_word' id='word_1_560' title='bbox 2534 3714 2604 3768; x_wconf 90' lang='lat' dir='ltr'>ab</span> <span class='ocrx_word' id='word_1_561' title='bbox 2656 3713 2877 3782; x_wconf 86' lang='lat' dir='ltr'>Abgaro</span> <span class='ocrx_word' id='word_1_562' title='bbox 2929 3712 3234 3782; x_wconf 87' lang='lat' dir='ltr'>epistolam</span> <span class='ocrx_word' id='word_1_563' title='bbox 3291 3714 3573 3786; x_wconf 83' lang='lat' dir='ltr'>accipere.</span> <span class='ocrx_word' id='word_1_564' title='bbox 3628 3721 3686 3770; x_wconf 89' lang='lat' dir='ltr'>et</span> 
     </span>
    </p>
   </div>
   <div class='ocr_carea' id='block_1_83' title="bbox 2038 3802 2653 3876">
    <p class='ocr_par' dir='ltr' id='par_1_83' title="bbox 2038 3802 2653 3876">
     <span class='ocr_line' id='line_1_83' title="bbox 2038 3802 2653 3876; baseline -0.005 -17"><span class='ocrx_word' id='word_1_565' title='bbox 2038 3809 2282 3876; x_wconf 72' lang='lat' dir='ltr'>acceptae</span> <span class='ocrx_word' id='word_1_566' title='bbox 2315 3802 2653 3859; x_wconf 86' lang='lat' dir='ltr'>rescribere.</span> 
     </span>
    </p>
   </div>
   <div class='ocr_carea' id='block_1_84' title="bbox 2613 3890 3104 3947">
    <p class='ocr_par' dir='ltr' id='par_1_84' title="bbox 2613 3890 3104 3947">
     <span class='ocr_line' id='line_1_84' title="bbox 2613 3890 3104 3947; baseline -0.002 -1"><span class='ocrx_word' id='word_1_567' title='bbox 2613 3891 2764 3947; x_wconf 86' lang='lat' dir='ltr'>XIII.</span> <span class='ocrx_word' id='word_1_568' title='bbox 2799 3921 2866 3931; x_wconf 91' lang='lat'><strong><em>—</em></strong></span> <span class='ocrx_word' id='word_1_569' title='bbox 2899 3890 3104 3947; x_wconf 81' lang='lat' dir='ltr'>Eidem.</span> 
     </span>
    </p>
   </div>
   <div class='ocr_carea' id='block_1_85' title="bbox 1142 3988 2834 4057">
    <p class='ocr_par' dir='ltr' id='par_1_85' title="bbox 1142 3988 2834 4057">
     <span class='ocr_line' id='line_1_85' title="bbox 1142 3988 2834 4057; baseline 0 -18"><span class='ocrx_word' id='word_1_570' title='bbox 1142 3991 1396 4053; x_wconf 87' lang='lat' dir='ltr'>Ejusdem</span> <span class='ocrx_word' id='word_1_571' title='bbox 1428 4006 1488 4040; x_wconf 84' lang='lat' dir='ltr'>ac</span> <span class='ocrx_word' id='word_1_572' title='bbox 1523 3992 1771 4055; x_wconf 84' lang='lat' dir='ltr'>superior</span> <span class='ocrx_word' id='word_1_573' title='bbox 1800 3993 2120 4057; x_wconf 84' lang='lat' dir='ltr'>argumenti.</span> <span class='ocrx_word' id='word_1_574' title='bbox 2156 3992 2372 4052; x_wconf 88' lang='lat' dir='ltr'>(Baron.</span> <span class='ocrx_word' id='word_1_575' title='bbox 2407 4004 2492 4039; x_wconf 89' lang='lat' dir='ltr'>an.</span> <span class='ocrx_word' id='word_1_576' title='bbox 2527 3988 2640 4047; x_wconf 87' lang='grc'>818,</span> <span class='ocrx_word' id='word_1_577' title='bbox 2679 4003 2733 4038; x_wconf 90' lang='lat' dir='ltr'>n.</span> <span class='ocrx_word' id='word_1_578' title='bbox 2764 3989 2834 4051; x_wconf 83' lang='lat'>2.)</span> 
     </span>
    </p>
   </div>
   <div class='ocr_carea' id='block_1_86' title="bbox 282 4069 1924 4149">
    <p class='ocr_par' dir='ltr' id='par_1_86' title="bbox 282 4069 1924 4149">
     <span class='ocr_line' id='line_1_86' title="bbox 282 4069 1924 4149; baseline 0.004 -26"><span class='ocrx_word' id='word_1_579' title='bbox 282 4070 383 4141; x_wconf 79' lang='grc' dir='ltr'>Τῷ</span> <span class='ocrx_word' id='word_1_580' title='bbox 422 4071 496 4124; x_wconf 73' lang='grc' dir='ltr'>τὰ</span> <span class='ocrx_word' id='word_1_581' title='bbox 535 4069 743 4125; x_wconf 73' lang='grc' dir='ltr'>πάντα</span> <span class='ocrx_word' id='word_1_582' title='bbox 790 4073 1264 4145; x_wconf 79' lang='grc' dir='ltr'>παναγεστὰτῳ</span> <span class='ocrx_word' id='word_1_583' title='bbox 1317 4074 1543 4146; x_wconf 78' lang='grc' dir='ltr'>Πατρῖ,</span> <span class='ocrx_word' id='word_1_584' title='bbox 1583 4075 1924 4149; x_wconf 72' lang='grc' dir='ltr'>κορυφαίῳ</span> 
     </span>
    </p>
   </div>
   <div class='ocr_carea' id='block_1_87' title="bbox 354 4161 1915 4237">
    <p class='ocr_par' dir='ltr' id='par_1_87' title="bbox 354 4161 1915 4237">
     <span class='ocr_line' id='line_1_87' title="bbox 354 4161 1915 4237; baseline 0.004 -24"><span class='ocrx_word' id='word_1_585' title='bbox 354 4168 652 4236; x_wconf 75' lang='grc' dir='ltr'>φωστῆρι</span> <span class='ocrx_word' id='word_1_586' title='bbox 695 4161 1400 4237; x_wconf 77' lang='grc' dir='ltr'>οἶκουμενικῷ,κυρίῳ</span> <span class='ocrx_word' id='word_1_587' title='bbox 1440 4166 1650 4237; x_wconf 81' lang='grc' dir='ltr'>ἡμῶν,</span> <span class='ocrx_word' id='word_1_588' title='bbox 1686 4162 1915 4220; x_wconf 84' lang='grc' dir='ltr'>δεσπό-</span> 
     </span>
    </p>
   </div>
   <div class='ocr_carea' id='block_1_88' title="bbox 350 4250 1918 4324">
    <p class='ocr_par' dir='ltr' id='par_1_88' title="bbox 350 4250 1918 4324">
     <span class='ocr_line' id='line_1_88' title="bbox 350 4250 1918 4324; baseline 0.004 -21"><span class='ocrx_word' id='word_1_589' title='bbox 350 4271 425 4323; x_wconf 81' lang='grc' dir='ltr'>τῃ</span> <span class='ocrx_word' id='word_1_590' title='bbox 464 4250 897 4323; x_wconf 77' lang='grc' dir='ltr'>ἀποστολικῷ</span> <span class='ocrx_word' id='word_1_591' title='bbox 936 4253 1135 4324; x_wconf 79' lang='grc' dir='ltr'>πάπᾳ,</span> <span class='ocrx_word' id='word_1_592' title='bbox 1180 4254 1504 4323; x_wconf 77' lang='grc' dir='ltr'>Ἰωάννης,</span> <span class='ocrx_word' id='word_1_593' title='bbox 1544 4252 1918 4324; x_wconf 80' lang='grc' dir='ltr'>Θεοδόσιος,</span> 
     </span>
    </p>
   </div>
   <div class='ocr_carea' id='block_1_89' title="bbox 352 4340 1921 4419">
    <p class='ocr_par' dir='ltr' id='par_1_89' title="bbox 352 4340 1921 4419">
     <span class='ocr_line' id='line_1_89' title="bbox 352 4340 1921 4419; baseline 0.001 -23"><span class='ocrx_word' id='word_1_594' title='bbox 352 4340 761 4409; x_wconf 74' lang='grc' dir='ltr'>Ἀθανοὶσιος,</span> <span class='ocrx_word' id='word_1_595' title='bbox 812 4340 1175 4417; x_wconf 86' lang='grc' dir='ltr'>Θεόδωρος,</span> <span class='ocrx_word' id='word_1_596' title='bbox 1227 4342 1578 4419; x_wconf 72' lang='grc' dir='ltr'>ἐλάχιστοι</span> <span class='ocrx_word' id='word_1_597' title='bbox 1634 4340 1921 4415; x_wconf 69' lang='grc' dir='ltr'>πρεσϐύ-</span> 
     </span>
    </p>
   </div>
   <div class='ocr_carea' id='block_1_90' title="bbox 348 4433 1917 4506">
    <p class='ocr_par' dir='ltr' id='par_1_90' title="bbox 348 4433 1917 4506">
     <span class='ocr_line' id='line_1_90' title="bbox 348 4433 1917 4506; baseline 0.003 -21"><span class='ocrx_word' id='word_1_598' title='bbox 348 4452 529 4504; x_wconf 90' lang='grc' dir='ltr'>τεροι</span> <span class='ocrx_word' id='word_1_599' title='bbox 570 4433 675 4486; x_wconf 81' lang='grc' dir='ltr'>καὶ</span> <span class='ocrx_word' id='word_1_600' title='bbox 715 4435 1088 4506; x_wconf 81' lang='grc' dir='ltr'>ἡγούμενοι</span> <span class='ocrx_word' id='word_1_601' title='bbox 1145 4438 1269 4489; x_wconf 78' lang='grc' dir='ltr'>τῶν</span> <span class='ocrx_word' id='word_1_602' title='bbox 1317 4435 1602 4504; x_wconf 75' lang='grc' dir='ltr'>Καθαρα,</span> <span class='ocrx_word' id='word_1_603' title='bbox 1641 4438 1766 4488; x_wconf 78' lang='grc' dir='ltr'>τῶν</span> <span class='ocrx_word' id='word_1_604' title='bbox 1806 4443 1917 4490; x_wconf 81' lang='grc' dir='ltr'>Πι-</span> 
     </span>
    </p>
   </div>
   <div class='ocr_carea' id='block_1_91' title="bbox 347 4519 1913 4597">
    <p class='ocr_par' dir='ltr' id='par_1_91' title="bbox 347 4519 1913 4597">
     <span class='ocr_line' id='line_1_91' title="bbox 347 4519 1913 4597; baseline 0.004 -23"><span class='ocrx_word' id='word_1_605' title='bbox 347 4519 635 4595; x_wconf 84' lang='grc' dir='ltr'>κριδίου,</span> <span class='ocrx_word' id='word_1_606' title='bbox 677 4527 793 4579; x_wconf 75' lang='grc' dir='ltr'>τοῦ</span> <span class='ocrx_word' id='word_1_607' title='bbox 834 4522 1359 4597; x_wconf 86' lang='grc' dir='ltr'>Παυλοπετρίου,</span> <span class='ocrx_word' id='word_1_608' title='bbox 1397 4528 1522 4578; x_wconf 78' lang='grc' dir='ltr'>τῶν</span> <span class='ocrx_word' id='word_1_609' title='bbox 1565 4522 1913 4581; x_wconf 83' lang='grc' dir='ltr'>Στουδίου.</span> 
     </span>
    </p>
   </div>
   <div class='ocr_carea' id='block_1_92' title="bbox 346 4610 1911 4687">
    <p class='ocr_par' dir='ltr' id='par_1_92' title="bbox 346 4610 1911 4687">
     <span class='ocr_line' id='line_1_92' title="bbox 346 4610 1911 4687; baseline 0.003 -23"><span class='ocrx_word' id='word_1_610' title='bbox 346 4611 789 4686; x_wconf 72' lang='grc' dir='ltr'>Ἐπεσκέψατο</span> <span class='ocrx_word' id='word_1_611' title='bbox 833 4612 1001 4684; x_wconf 81' lang='grc' dir='ltr'>ὑμᾶς</span> <span class='ocrx_word' id='word_1_612' title='bbox 1043 4612 1360 4681; x_wconf 86' lang='grc' dir='ltr'>Ἀνατολὴ</span> <span class='ocrx_word' id='word_1_613' title='bbox 1412 4610 1472 4683; x_wconf 76' lang='grc' dir='ltr'>ἐξ</span> <span class='ocrx_word' id='word_1_614' title='bbox 1515 4613 1736 4686; x_wconf 77' lang='grc' dir='ltr'>ὕψους.</span> <span class='ocrx_word' id='word_1_615' title='bbox 1780 4621 1911 4687; x_wconf 81' lang='grc' dir='ltr'>Χρι-</span> 
     </span>
    </p>
   </div>
   <div class='ocr_carea' id='block_1_93' title="bbox 273 4699 896 4773">
    <p class='ocr_par' dir='ltr' id='par_1_93' title="bbox 273 4699 896 4773">
     <span class='ocr_line' id='line_1_93' title="bbox 273 4699 896 4773; baseline 0 -20"><span class='ocrx_word' id='word_1_616' title='bbox 273 4699 399 4759; x_wconf 82' lang='grc' dir='ltr'>στὸς</span> <span class='ocrx_word' id='word_1_617' title='bbox 439 4700 465 4753; x_wconf 89' lang='lat'>6</span> <span class='ocrx_word' id='word_1_618' title='bbox 511 4700 639 4762; x_wconf 85' lang='grc' dir='ltr'>Θεὸς</span> <span class='ocrx_word' id='word_1_619' title='bbox 686 4703 846 4773; x_wconf 79' lang='grc' dir='ltr'>ἡμῶν</span> <span class='ocrx_word' id='word_1_620' title='bbox 885 4722 896 4733; x_wconf 89' lang='grc'>·</span> 
     </span>
    </p>
   </div>
   <div class='ocr_carea' id='block_1_94' title="bbox 270 4788 1905 4867">
    <p class='ocr_par' dir='ltr' id='par_1_94' title="bbox 270 4788 1905 4867">
     <span class='ocr_line' id='line_1_94' title="bbox 270 4788 1905 4867; baseline 0.003 -26"><span class='ocrx_word' id='word_1_621' title='bbox 270 4807 434 4859; x_wconf 85' lang='grc' dir='ltr'>τητα,</span> <span class='ocrx_word' id='word_1_622' title='bbox 483 4788 661 4863; x_wconf 83' lang='grc' dir='ltr'>ὥσπερ</span> <span class='ocrx_word' id='word_1_623' title='bbox 706 4792 827 4845; x_wconf 74' lang='grc' dir='ltr'>τινα</span> <span class='ocrx_word' id='word_1_624' title='bbox 876 4789 1104 4865; x_wconf 84' lang='grc' dir='ltr'>λυχνίαν</span> <span class='ocrx_word' id='word_1_625' title='bbox 1155 4794 1377 4867; x_wconf 82' lang='grc' dir='ltr'>θεαυγῆ,</span> <span class='ocrx_word' id='word_1_626' title='bbox 1438 4791 1513 4853; x_wconf 81' lang='grc' dir='ltr'>εἷς</span> <span class='ocrx_word' id='word_1_627' title='bbox 1569 4792 1905 4865; x_wconf 73' lang='grc' dir='ltr'>περίλαμψιν</span> 
     </span>
    </p>
   </div>
   <div class='ocr_carea' id='block_1_95' title="bbox 945 4700 1912 4775">
    <p class='ocr_par' dir='ltr' id='par_1_95' title="bbox 945 4700 1912 4775">
     <span class='ocr_line' id='line_1_95' title="bbox 945 4700 1912 4775; baseline 0.001 -20"><span class='ocrx_word' id='word_1_628' title='bbox 945 4702 1045 4770; x_wconf 78' lang='grc' dir='ltr'>τήν</span> <span class='ocrx_word' id='word_1_629' title='bbox 1093 4702 1191 4768; x_wconf 74' lang='grc' dir='ltr'>σὴν</span> <span class='ocrx_word' id='word_1_630' title='bbox 1238 4700 1289 4755; x_wconf 83' lang='grc' dir='ltr'>ἐν</span> <span class='ocrx_word' id='word_1_631' title='bbox 1338 4706 1407 4775; x_wconf 77' lang='grc' dir='ltr'>τῇ</span> <span class='ocrx_word' id='word_1_632' title='bbox 1441 4701 1594 4756; x_wconf 84' lang='grc' dir='ltr'>Δύσει</span> <span class='ocrx_word' id='word_1_633' title='bbox 1649 4702 1912 4773; x_wconf 83' lang='grc' dir='ltr'>μακαριό-</span> 
     </span>
    </p>
   </div>
   <div class='ocr_carea' id='block_1_96' title="bbox 268 4879 1909 4953">
    <p class='ocr_par' dir='ltr' id='par_1_96' title="bbox 268 4879 1909 4953">
     <span class='ocr_line' id='line_1_96' title="bbox 268 4879 1909 4953; baseline 0.002 -20"><span class='ocrx_word' id='word_1_634' title='bbox 268 4882 371 4942; x_wconf 84' lang='grc' dir='ltr'>τῆς</span> <span class='ocrx_word' id='word_1_635' title='bbox 426 4879 514 4933; x_wconf 84' lang='grc' dir='ltr'>ὑπ’</span> <span class='ocrx_word' id='word_1_636' title='bbox 563 4880 787 4953; x_wconf 76' lang='grc' dir='ltr'>οὐρανὸν</span> <span class='ocrx_word' id='word_1_637' title='bbox 850 4879 1197 4951; x_wconf 83' lang='grc' dir='ltr'>Ἐκκλησίας,</span> <span class='ocrx_word' id='word_1_638' title='bbox 1248 4881 1336 4935; x_wconf 75' lang='grc' dir='ltr'>ἐπὶ</span> <span class='ocrx_word' id='word_1_639' title='bbox 1395 4883 1484 4936; x_wconf 87' lang='grc' dir='ltr'>τὸν</span> <span class='ocrx_word' id='word_1_640' title='bbox 1546 4880 1909 4938; x_wconf 82' lang='grc' dir='ltr'>ἀποστολικὸν</span> 
     </span>
    </p>
   </div>
   <div class='ocr_carea' id='block_1_97' title="bbox 268 4967 1908 5044">
    <p class='ocr_par' dir='ltr' id='par_1_97' title="bbox 268 4967 1908 5044">
     <span class='ocr_line' id='line_1_97' title="bbox 268 4967 1908 5044; baseline 0.004 -24"><span class='ocrx_word' id='word_1_641' title='bbox 268 4967 572 5038; x_wconf 79' lang='grc' dir='ltr'>πρώτιστον</span> <span class='ocrx_word' id='word_1_642' title='bbox 622 4969 810 5041; x_wconf 87' lang='grc' dir='ltr'>θρόνον</span> <span class='ocrx_word' id='word_1_643' title='bbox 863 4968 1103 5041; x_wconf 70' lang='grc' dir='ltr'>θέμενος.</span> <span class='ocrx_word' id='word_1_644' title='bbox 1140 4968 1236 5023; x_wconf 80' lang='grc' dir='ltr'>Καὶ</span> <span class='ocrx_word' id='word_1_645' title='bbox 1286 4970 1385 5044; x_wconf 76' lang='grc' dir='ltr'>γὰρ</span> <span class='ocrx_word' id='word_1_646' title='bbox 1433 4967 1680 5044; x_wconf 77' lang='grc' dir='ltr'>ᾔσθημεν</span> <span class='ocrx_word' id='word_1_647' title='bbox 1729 4974 1908 5044; x_wconf 80' lang='grc' dir='ltr'>φωτὸς</span> 
     </span>
    </p>
   </div>
   <div class='ocr_carea' id='block_1_98' title="bbox 265 5052 1908 5133">
    <p class='ocr_par' dir='ltr' id='par_1_98' title="bbox 265 5052 1908 5133">
     <span class='ocr_line' id='line_1_98' title="bbox 265 5052 1908 5133; baseline 0.003 -24"><span class='ocrx_word' id='word_1_648' title='bbox 265 5052 460 5127; x_wconf 80' lang='grc' dir='ltr'>νοεροῦ</span> <span class='ocrx_word' id='word_1_649' title='bbox 492 5056 541 5108; x_wconf 72' lang='grc' dir='ltr'>οἱ</span> <span class='ocrx_word' id='word_1_650' title='bbox 600 5054 653 5109; x_wconf 82' lang='grc' dir='ltr'>ἐν</span> <span class='ocrx_word' id='word_1_651' title='bbox 712 5057 887 5111; x_wconf 85' lang='grc' dir='ltr'>σκότει</span> <span class='ocrx_word' id='word_1_652' title='bbox 945 5059 1032 5111; x_wconf 80' lang='grc' dir='ltr'>καὶ</span> <span class='ocrx_word' id='word_1_653' title='bbox 1094 5062 1215 5126; x_wconf 79' lang='grc' dir='ltr'>σκιᾷ</span> <span class='ocrx_word' id='word_1_654' title='bbox 1271 5059 1499 5112; x_wconf 70' lang='grc' dir='ltr'>θανάτου</span> <span class='ocrx_word' id='word_1_655' title='bbox 1558 5059 1908 5133; x_wconf 74' lang='grc' dir='ltr'>ἐνισχημένοὶ</span> 
     </span>
    </p>
   </div>
   <div class='ocr_carea' id='block_1_99' title="bbox 262 5145 1907 5224">
    <p class='ocr_par' dir='ltr' id='par_1_99' title="bbox 262 5145 1907 5224">
     <span class='ocr_line' id='line_1_99' title="bbox 262 5145 1907 5224; baseline 0.002 -26"><span class='ocrx_word' id='word_1_656' title='bbox 262 5151 367 5214; x_wconf 83' lang='grc' dir='ltr'>τῆς</span> <span class='ocrx_word' id='word_1_657' title='bbox 423 5149 667 5218; x_wconf 80' lang='grc' dir='ltr'>πονηρᾶς</span> <span class='ocrx_word' id='word_1_658' title='bbox 696 5145 951 5220; x_wconf 69' lang='grc' dir='ltr'>αἱρέσεως</span> <span class='ocrx_word' id='word_1_659' title='bbox 988 5168 998 5178; x_wconf 94' lang='grc'><strong>·</strong></span> <span class='ocrx_word' id='word_1_660' title='bbox 1051 5147 1139 5200; x_wconf 84' lang='grc' dir='ltr'>καὶ</span> <span class='ocrx_word' id='word_1_661' title='bbox 1196 5146 1258 5199; x_wconf 87' lang='grc' dir='ltr'>τὸ</span> <span class='ocrx_word' id='word_1_662' title='bbox 1310 5147 1464 5224; x_wconf 73' lang='grc' dir='ltr'>νὲιρος</span> <span class='ocrx_word' id='word_1_663' title='bbox 1522 5155 1619 5217; x_wconf 80' lang='grc' dir='ltr'>τῆς</span> <span class='ocrx_word' id='word_1_664' title='bbox 1671 5149 1907 5221; x_wconf 80' lang='grc' dir='ltr'>ἀθυμίας</span> 
     </span>
    </p>
   </div>
   <div class='ocr_carea' id='block_1_100' title="bbox 264 5234 1900 5310">
    <p class='ocr_par' dir='ltr' id='par_1_100' title="bbox 264 5234 1900 5310">
     <span class='ocr_line' id='line_1_100' title="bbox 264 5234 1900 5310; baseline 0.002 -21"><span class='ocrx_word' id='word_1_665' title='bbox 264 5235 567 5305; x_wconf 70' lang='grc' dir='ltr'>ἀπεθέμεθα</span> <span class='ocrx_word' id='word_1_666' title='bbox 602 5255 613 5267; x_wconf 93' lang='grc'>·</span> <span class='ocrx_word' id='word_1_667' title='bbox 668 5234 756 5288; x_wconf 80' lang='grc' dir='ltr'>καὶ</span> <span class='ocrx_word' id='word_1_668' title='bbox 788 5237 922 5310; x_wconf 86' lang='grc' dir='ltr'>πρὸς</span> <span class='ocrx_word' id='word_1_669' title='bbox 975 5235 1217 5310; x_wconf 79' lang='grc' dir='ltr'>χρηστὰς</span> <span class='ocrx_word' id='word_1_670' title='bbox 1270 5234 1494 5299; x_wconf 80' lang='grc' dir='ltr'>ἐλπίδας</span> <span class='ocrx_word' id='word_1_671' title='bbox 1555 5238 1900 5310; x_wconf 82' lang='grc' dir='ltr'>ἁνενεύσαμεν</span> 
     </span>
    </p>
   </div>
   <div class='ocr_carea' id='block_1_101' title="bbox 263 5322 1898 5401">
    <p class='ocr_par' dir='ltr' id='par_1_101' title="bbox 263 5322 1898 5401">
     <span class='ocr_line' id='line_1_101' title="bbox 263 5322 1898 5401; baseline 0.002 -24"><span class='ocrx_word' id='word_1_672' title='bbox 263 5323 646 5397; x_wconf 79' lang='grc' dir='ltr'>μεμαθηκότες</span> <span class='ocrx_word' id='word_1_673' title='bbox 705 5322 774 5378; x_wconf 86' lang='grc' dir='ltr'>δι’</span> <span class='ocrx_word' id='word_1_674' title='bbox 830 5326 902 5378; x_wconf 83' lang='grc' dir='ltr'>ὧν</span> <span class='ocrx_word' id='word_1_675' title='bbox 965 5323 1355 5398; x_wconf 84' lang='grc' dir='ltr'>ἀπεστείλαμεν</span> <span class='ocrx_word' id='word_1_676' title='bbox 1416 5323 1664 5401; x_wconf 73' lang='grc' dir='ltr'>ἀδελφῶν</span> <span class='ocrx_word' id='word_1_677' title='bbox 1740 5331 1898 5399; x_wconf 74' lang='grc' dir='ltr'>ἡμῶν</span> 
     </span>
    </p>
   </div>
   <div class='ocr_carea' id='block_1_102' title="bbox 258 5411 1901 5491">
    <p class='ocr_par' dir='ltr' id='par_1_102' title="bbox 258 5411 1901 5491">
     <span class='ocr_line' id='line_1_102' title="bbox 258 5411 1901 5491; baseline 0.002 -22"><span class='ocrx_word' id='word_1_678' title='bbox 258 5414 349 5469; x_wconf 75' lang='grc' dir='ltr'>καὶ</span> <span class='ocrx_word' id='word_1_679' title='bbox 384 5411 725 5481; x_wconf 81' lang='grc' dir='ltr'>συνδούλων,</span> <span class='ocrx_word' id='word_1_680' title='bbox 759 5415 852 5468; x_wconf 82' lang='grc' dir='ltr'>οἱα</span> <span class='ocrx_word' id='word_1_681' title='bbox 897 5412 987 5468; x_wconf 80' lang='grc' dir='ltr'>καὶ</span> <span class='ocrx_word' id='word_1_682' title='bbox 1019 5413 1188 5483; x_wconf 82' lang='grc' dir='ltr'>ἡλίκα</span> <span class='ocrx_word' id='word_1_683' title='bbox 1231 5415 1481 5491; x_wconf 78' lang='grc' dir='ltr'>πέπραχὲ</span> <span class='ocrx_word' id='word_1_684' title='bbox 1521 5437 1580 5471; x_wconf 88' lang='grc' dir='ltr'>τε</span> <span class='ocrx_word' id='word_1_685' title='bbox 1608 5416 1696 5472; x_wconf 79' lang='grc' dir='ltr'>καὶ</span> <span class='ocrx_word' id='word_1_686' title='bbox 1750 5415 1901 5472; x_wconf 81' lang='grc' dir='ltr'>λέλε-</span> 
     </span>
    </p>
   </div>
   <div class='ocr_carea' id='block_1_103' title="bbox 256 5502 1897 5581">
    <p class='ocr_par' dir='ltr' id='par_1_103' title="bbox 256 5502 1897 5581">
     <span class='ocr_line' id='line_1_103' title="bbox 256 5502 1897 5581; baseline 0.002 -25"><span class='ocrx_word' id='word_1_687' title='bbox 256 5523 355 5577; x_wconf 75' lang='grc' dir='ltr'>’χεν</span> <span class='ocrx_word' id='word_1_688' title='bbox 386 5505 419 5571; x_wconf 81' lang='grc' dir='ltr'>ἡ</span> <span class='ocrx_word' id='word_1_689' title='bbox 453 5502 581 5578; x_wconf 83' lang='grc' dir='ltr'>ἁγία</span> <span class='ocrx_word' id='word_1_690' title='bbox 629 5504 781 5576; x_wconf 79' lang='grc' dir='ltr'>ὑμῶν</span> <span class='ocrx_word' id='word_1_691' title='bbox 814 5504 1180 5581; x_wconf 80' lang='grc' dir='ltr'>κορυφαιότης</span> <span class='ocrx_word' id='word_1_692' title='bbox 1214 5525 1227 5537; x_wconf 78' lang='grc' dir='ltr'><strong><em>ο</em></strong></span> <span class='ocrx_word' id='word_1_693' title='bbox 1276 5505 1401 5567; x_wconf 87' lang='grc' dir='ltr'>τοὺς</span> <span class='ocrx_word' id='word_1_694' title='bbox 1456 5507 1549 5577; x_wconf 73' lang='grc' dir='ltr'>μὲν</span> <span class='ocrx_word' id='word_1_695' title='bbox 1591 5507 1897 5579; x_wconf 73' lang='grc' dir='ltr'>αἱρετικοὺς</span> 
     </span>
    </p>
   </div>
   <div class='ocr_carea' id='block_1_104' title="bbox 329 5684 794 5753">
    <p class='ocr_par' dir='ltr' id='par_1_104' title="bbox 329 5684 794 5753">
     <span class='ocr_line' id='line_1_104' title="bbox 329 5684 794 5753; baseline 0 -10"><span class='ocrx_word' id='word_1_696' title='bbox 329 5684 376 5721; x_wconf 77' lang='grc'>⁸⁸</span> <span class='ocrx_word' id='word_1_697' title='bbox 417 5686 591 5747; x_wconf 87' lang='lat' dir='ltr'>Mioh.</span> <span class='ocrx_word' id='word_1_698' title='bbox 619 5704 717 5753; x_wconf 81' lang='lat' dir='ltr'>v11,</span> <span class='ocrx_word' id='word_1_699' title='bbox 743 5688 794 5743; x_wconf 83' lang='lat'>1.</span> 
     </span>
    </p>
   </div>
   <div class='ocr_carea' id='block_1_105' title="bbox 2033 4072 3677 4143">
    <p class='ocr_par' dir='ltr' id='par_1_105' title="bbox 2033 4072 3677 4143">
     <span class='ocr_line' id='line_1_105' title="bbox 2033 4072 3677 4143; baseline -0.001 -14"><span class='ocrx_word' id='word_1_700' title='bbox 2033 4077 2140 4129; x_wconf 82' lang='lat' dir='ltr'>Per</span> <span class='ocrx_word' id='word_1_701' title='bbox 2178 4077 2361 4129; x_wconf 84' lang='lat' dir='ltr'>omnia</span> <span class='ocrx_word' id='word_1_702' title='bbox 2403 4072 2813 4141; x_wconf 82' lang='lat' dir='ltr'>religiosissima</span> <span class='ocrx_word' id='word_1_703' title='bbox 2858 4073 3044 4139; x_wconf 87' lang='lat' dir='ltr'>Patri,</span> <span class='ocrx_word' id='word_1_704' title='bbox 3094 4087 3347 4143; x_wconf 83' lang='lat' dir='ltr'>supremo</span> <span class='ocrx_word' id='word_1_705' title='bbox 3406 4072 3677 4127; x_wconf 86' lang='lat' dir='ltr'>luminari</span> 
     </span>
    </p>
   </div>
   <div class='ocr_carea' id='block_1_106' title="bbox 2104 4160 3677 4231">
    <p class='ocr_par' dir='ltr' id='par_1_106' title="bbox 2104 4160 3677 4231">
     <span class='ocr_line' id='line_1_106' title="bbox 2104 4160 3677 4231; baseline 0.001 -15"><span class='ocrx_word' id='word_1_706' title='bbox 2104 4160 2434 4229; x_wconf 74' lang='lat' dir='ltr'>universali,</span> <span class='ocrx_word' id='word_1_707' title='bbox 2466 4160 2682 4215; x_wconf 82' lang='lat' dir='ltr'>domino</span> <span class='ocrx_word' id='word_1_708' title='bbox 2705 4165 2908 4224; x_wconf 81' lang='lat' dir='ltr'>nostro,</span> <span class='ocrx_word' id='word_1_709' title='bbox 2933 4160 3151 4216; x_wconf 81' lang='lat' dir='ltr'>domino</span> <span class='ocrx_word' id='word_1_710' title='bbox 3178 4161 3475 4229; x_wconf 83' lang='lat' dir='ltr'>apostolico</span> <span class='ocrx_word' id='word_1_711' title='bbox 3490 4176 3677 4231; x_wconf 72' lang='lat' dir='ltr'>papae,</span> 
     </span>
    </p>
   </div>
   <div class='ocr_carea' id='block_1_107' title="bbox 2100 4249 3670 4319">
    <p class='ocr_par' dir='ltr' id='par_1_107' title="bbox 2100 4249 3670 4319">
     <span class='ocr_line' id='line_1_107' title="bbox 2100 4249 3670 4319; baseline -0.003 -10"><span class='ocrx_word' id='word_1_712' title='bbox 2100 4254 2356 4319; x_wconf 81' lang='lat' dir='ltr'>Joannes,</span> <span class='ocrx_word' id='word_1_713' title='bbox 2402 4252 2742 4319; x_wconf 77' lang='lat' dir='ltr'>Theodosius,</span> <span class='ocrx_word' id='word_1_714' title='bbox 2786 4250 3141 4316; x_wconf 81' lang='lat' dir='ltr'>Athanasius,</span> <span class='ocrx_word' id='word_1_715' title='bbox 3189 4249 3511 4316; x_wconf 78' lang='lat' dir='ltr'>Theodorus,</span> <span class='ocrx_word' id='word_1_716' title='bbox 3561 4252 3670 4305; x_wconf 85' lang='lat' dir='ltr'>mi-</span> 
     </span>
    </p>
   </div>
   <div class='ocr_carea' id='block_1_108' title="bbox 2098 4338 3665 4411">
    <p class='ocr_par' dir='ltr' id='par_1_108' title="bbox 2098 4338 3665 4411">
     <span class='ocr_line' id='line_1_108' title="bbox 2098 4338 3665 4411; baseline -0.001 -15"><span class='ocrx_word' id='word_1_717' title='bbox 2098 4344 2242 4396; x_wconf 82' lang='lat' dir='ltr'>nimi</span> <span class='ocrx_word' id='word_1_718' title='bbox 2268 4341 2574 4411; x_wconf 79' lang='lat' dir='ltr'>presbyteri</span> <span class='ocrx_word' id='word_1_719' title='bbox 2589 4344 2637 4394; x_wconf 83' lang='lat' dir='ltr'>et</span> <span class='ocrx_word' id='word_1_720' title='bbox 2659 4338 2952 4410; x_wconf 64' lang='lat' dir='ltr'>Prmposili</span> <span class='ocrx_word' id='word_1_721' title='bbox 2979 4340 3363 4408; x_wconf 72' lang='lat' dir='ltr'>Catharorum,</span> <span class='ocrx_word' id='word_1_722' title='bbox 3401 4340 3665 4409; x_wconf 80' lang='lat' dir='ltr'>Picrz&#39;dz&#39;z&#39;,</span> 
     </span>
    </p>
   </div>
   <div class='ocr_carea' id='block_1_109' title="bbox 2099 4428 2773 4501">
    <p class='ocr_par' dir='ltr' id='par_1_109' title="bbox 2099 4428 2773 4501">
     <span class='ocr_line' id='line_1_109' title="bbox 2099 4428 2773 4501; baseline -0.007 -15"><span class='ocrx_word' id='word_1_723' title='bbox 2099 4430 2459 4501; x_wconf 80' lang='lat' dir='ltr'>Paulopetrii,</span> <span class='ocrx_word' id='word_1_724' title='bbox 2490 4434 2540 4485; x_wconf 78' lang='lat' dir='ltr'>et</span> <span class='ocrx_word' id='word_1_725' title='bbox 2569 4428 2773 4483; x_wconf 81' lang='lat' dir='ltr'>Sludii.</span> 
     </span>
    </p>
   </div>
   <div class='ocr_carea' id='block_1_110' title="bbox 2096 4609 3668 4684">
    <p class='ocr_par' dir='ltr' id='par_1_110' title="bbox 2096 4609 3668 4684">
     <span class='ocr_line' id='line_1_110' title="bbox 2096 4609 3668 4684; baseline -0.004 -15"><span class='ocrx_word' id='word_1_726' title='bbox 2096 4614 2454 4684; x_wconf 73' lang='lat' dir='ltr'>Respexilnos</span> <span class='ocrx_word' id='word_1_727' title='bbox 2469 4615 2650 4667; x_wconf 82' lang='lat' dir='ltr'>oriens</span> <span class='ocrx_word' id='word_1_728' title='bbox 2670 4627 2739 4668; x_wconf 73' lang='lat' dir='ltr'>ex</span> <span class='ocrx_word' id='word_1_729' title='bbox 2758 4612 2866 4667; x_wconf 84' lang='lat' dir='ltr'>allo</span> <span class='ocrx_word' id='word_1_730' title='bbox 2893 4611 2958 4678; x_wconf 78' lang='grc'>³⁵,</span> <span class='ocrx_word' id='word_1_731' title='bbox 2981 4609 3249 4666; x_wconf 86' lang='lat' dir='ltr'>Christus</span> <span class='ocrx_word' id='word_1_732' title='bbox 3268 4609 3422 4664; x_wconf 91' lang='lat' dir='ltr'>Deus</span> <span class='ocrx_word' id='word_1_733' title='bbox 3448 4612 3668 4677; x_wconf 84' lang='lat' dir='ltr'>noster,</span> 
     </span>
    </p>
   </div>
   <div class='ocr_carea' id='block_1_111' title="bbox 2022 4697 3666 4767">
    <p class='ocr_par' dir='ltr' id='par_1_111' title="bbox 2022 4697 3666 4767">
     <span class='ocr_line' id='line_1_111' title="bbox 2022 4697 3666 4767; baseline -0.004 -11"><span class='ocrx_word' id='word_1_734' title='bbox 2022 4706 2179 4756; x_wconf 80' lang='lat' dir='ltr'>tuam</span> <span class='ocrx_word' id='word_1_735' title='bbox 2209 4702 2265 4755; x_wconf 89' lang='lat' dir='ltr'>in</span> <span class='ocrx_word' id='word_1_736' title='bbox 2299 4702 2606 4756; x_wconf 88' lang='lat' dir='ltr'>Occidente</span> <span class='ocrx_word' id='word_1_737' title='bbox 2656 4699 3098 4765; x_wconf 86' lang='lat' dir='ltr'>beatitudinem,</span> <span class='ocrx_word' id='word_1_738' title='bbox 3157 4702 3435 4767; x_wconf 82' lang='lat' dir='ltr'>tanquam</span> <span class='ocrx_word' id='word_1_739' title='bbox 3485 4697 3666 4751; x_wconf 80' lang='lat' dir='ltr'>facem</span> 
     </span>
    </p>
   </div>
   <div class='ocr_carea' id='block_1_112' title="bbox 2022 4785 3663 4862">
    <p class='ocr_par' dir='ltr' id='par_1_112' title="bbox 2022 4785 3663 4862">
     <span class='ocr_line' id='line_1_112' title="bbox 2022 4785 3663 4862; baseline -0.002 -17"><span class='ocrx_word' id='word_1_740' title='bbox 2022 4792 2333 4862; x_wconf 86' lang='lat' dir='ltr'>quamdam</span> <span class='ocrx_word' id='word_1_741' title='bbox 2362 4790 2640 4845; x_wconf 88' lang='lat' dir='ltr'>divinitus</span> <span class='ocrx_word' id='word_1_742' title='bbox 2670 4788 2984 4854; x_wconf 87' lang='lat' dir='ltr'>lucentem,</span> <span class='ocrx_word' id='word_1_743' title='bbox 3019 4788 3089 4841; x_wconf 86' lang='lat' dir='ltr'>ad</span> <span class='ocrx_word' id='word_1_744' title='bbox 3122 4785 3392 4842; x_wconf 71' lang='lat' dir='ltr'>Ecclesia:</span> <span class='ocrx_word' id='word_1_745' title='bbox 3412 4801 3534 4856; x_wconf 73' lang='lat' dir='ltr'>quae</span> <span class='ocrx_word' id='word_1_746' title='bbox 3556 4786 3663 4841; x_wconf 90' lang='lat' dir='ltr'>sub</span> 
     </span>
    </p>
   </div>
   <div class='ocr_carea' id='block_1_113' title="bbox 2020 4875 3665 4949">
    <p class='ocr_par' dir='ltr' id='par_1_113' title="bbox 2020 4875 3665 4949">
     <span class='ocr_line' id='line_1_113' title="bbox 2020 4875 3665 4949; baseline -0.004 -12"><span class='ocrx_word' id='word_1_747' title='bbox 2020 4882 2162 4937; x_wconf 78' lang='lat' dir='ltr'>cmlo</span> <span class='ocrx_word' id='word_1_748' title='bbox 2195 4884 2284 4935; x_wconf 89' lang='lat' dir='ltr'>est</span> <span class='ocrx_word' id='word_1_749' title='bbox 2321 4880 2834 4945; x_wconf 89' lang='lat' dir='ltr'>illuminationem,</span> <span class='ocrx_word' id='word_1_750' title='bbox 2867 4879 2926 4935; x_wconf 91' lang='lat' dir='ltr'>in</span> <span class='ocrx_word' id='word_1_751' title='bbox 2961 4876 3279 4949; x_wconf 88' lang='lat' dir='ltr'>apostolica</span> <span class='ocrx_word' id='word_1_752' title='bbox 3310 4878 3501 4946; x_wconf 87' lang='lat' dir='ltr'>prima</span> <span class='ocrx_word' id='word_1_753' title='bbox 3532 4875 3665 4930; x_wconf 88' lang='lat' dir='ltr'>sede</span> 
     </span>
    </p>
   </div>
   <div class='ocr_carea' id='block_1_114' title="bbox 2019 4965 3663 5039">
    <p class='ocr_par' dir='ltr' id='par_1_114' title="bbox 2019 4965 3663 5039">
     <span class='ocr_line' id='line_1_114' title="bbox 2019 4965 3663 5039; baseline -0.001 -14"><span class='ocrx_word' id='word_1_754' title='bbox 2019 4970 2398 5026; x_wconf 87' lang='lat' dir='ltr'>constituens.</span> <span class='ocrx_word' id='word_1_755' title='bbox 2442 4968 2664 5024; x_wconf 84' lang='lat' dir='ltr'>Etenim</span> <span class='ocrx_word' id='word_1_756' title='bbox 2699 4967 3001 5039; x_wconf 89' lang='lat' dir='ltr'>spirituale</span> <span class='ocrx_word' id='word_1_757' title='bbox 3030 4967 3228 5022; x_wconf 88' lang='lat' dir='ltr'>lumen</span> <span class='ocrx_word' id='word_1_758' title='bbox 3272 4965 3663 5038; x_wconf 84' lang='lat' dir='ltr'>percepimus,</span> 
     </span>
    </p>
   </div>
   <div class='ocr_carea' id='block_1_115' title="bbox 2018 5056 3663 5130">
    <p class='ocr_par' dir='ltr' id='par_1_115' title="bbox 2018 5056 3663 5130">
     <span class='ocr_line' id='line_1_115' title="bbox 2018 5056 3663 5130; baseline -0.001 -17"><span class='ocrx_word' id='word_1_759' title='bbox 2018 5061 2115 5130; x_wconf 90' lang='lat' dir='ltr'>qui</span> <span class='ocrx_word' id='word_1_760' title='bbox 2150 5060 2208 5114; x_wconf 91' lang='lat' dir='ltr'>in</span> <span class='ocrx_word' id='word_1_761' title='bbox 2241 5059 2494 5115; x_wconf 89' lang='lat' dir='ltr'>tenebris</span> <span class='ocrx_word' id='word_1_762' title='bbox 2526 5063 2581 5114; x_wconf 92' lang='lat' dir='ltr'>et</span> <span class='ocrx_word' id='word_1_763' title='bbox 2612 5059 2668 5113; x_wconf 92' lang='lat' dir='ltr'>in</span> <span class='ocrx_word' id='word_1_764' title='bbox 2696 5062 2903 5113; x_wconf 89' lang='lat' dir='ltr'>umbra</span> <span class='ocrx_word' id='word_1_765' title='bbox 2936 5057 3140 5111; x_wconf 88' lang='lat' dir='ltr'>mortis</span> <span class='ocrx_word' id='word_1_766' title='bbox 3172 5056 3450 5126; x_wconf 73' lang='lat' dir='ltr'>improbae</span> <span class='ocrx_word' id='word_1_767' title='bbox 3482 5056 3663 5113; x_wconf 70' lang='lat' dir='ltr'>haere-</span> 
     </span>
    </p>
   </div>
   <div class='ocr_carea' id='block_1_116' title="bbox 2016 5145 3655 5216">
    <p class='ocr_par' dir='ltr' id='par_1_116' title="bbox 2016 5145 3655 5216">
     <span class='ocr_line' id='line_1_116' title="bbox 2016 5145 3655 5216; baseline -0.002 -12"><span class='ocrx_word' id='word_1_768' title='bbox 2016 5166 2142 5206; x_wconf 87' lang='lat' dir='ltr'>seos</span> <span class='ocrx_word' id='word_1_769' title='bbox 2174 5150 2549 5205; x_wconf 87' lang='lat' dir='ltr'>tenebamur:</span> <span class='ocrx_word' id='word_1_770' title='bbox 2584 5153 2639 5203; x_wconf 91' lang='lat' dir='ltr'>et</span> <span class='ocrx_word' id='word_1_771' title='bbox 2678 5146 2919 5202; x_wconf 67' lang='lat' dir='ltr'>tristitia:</span> <span class='ocrx_word' id='word_1_772' title='bbox 2952 5145 3221 5201; x_wconf 88' lang='lat' dir='ltr'>nebulam</span> <span class='ocrx_word' id='word_1_773' title='bbox 3258 5146 3655 5216; x_wconf 89' lang='lat' dir='ltr'>deposuimus,</span> 
     </span>
    </p>
   </div>
   <div class='ocr_carea' id='block_1_117' title="bbox 2014 5234 3659 5310">
    <p class='ocr_par' dir='ltr' id='par_1_117' title="bbox 2014 5234 3659 5310">
     <span class='ocr_line' id='line_1_117' title="bbox 2014 5234 3659 5310; baseline -0.004 -14"><span class='ocrx_word' id='word_1_774' title='bbox 2014 5244 2183 5310; x_wconf 86' lang='lat' dir='ltr'>atque</span> <span class='ocrx_word' id='word_1_775' title='bbox 2215 5238 2275 5293; x_wconf 90' lang='lat' dir='ltr'>in</span> <span class='ocrx_word' id='word_1_776' title='bbox 2318 5256 2481 5310; x_wconf 87' lang='lat' dir='ltr'>spem</span> <span class='ocrx_word' id='word_1_777' title='bbox 2513 5238 2792 5309; x_wconf 84' lang='lat' dir='ltr'>Optimam</span> <span class='ocrx_word' id='word_1_778' title='bbox 2830 5236 3199 5300; x_wconf 88' lang='lat' dir='ltr'>emersimus,</span> <span class='ocrx_word' id='word_1_779' title='bbox 3240 5250 3375 5289; x_wconf 88' lang='lat' dir='ltr'>cum</span> <span class='ocrx_word' id='word_1_780' title='bbox 3420 5234 3659 5290; x_wconf 87' lang='lat' dir='ltr'>didicis-</span> 
     </span>
    </p>
   </div>
   <div class='ocr_carea' id='block_1_118' title="bbox 2012 5323 3665 5396">
    <p class='ocr_par' dir='ltr' id='par_1_118' title="bbox 2012 5323 3665 5396">
     <span class='ocr_line' id='line_1_118' title="bbox 2012 5323 3665 5396; baseline -0.004 -12"><span class='ocrx_word' id='word_1_781' title='bbox 2012 5345 2211 5385; x_wconf 88' lang='lat' dir='ltr'>semus</span> <span class='ocrx_word' id='word_1_782' title='bbox 2243 5345 2308 5384; x_wconf 85' lang='lat' dir='ltr'>ex</span> <span class='ocrx_word' id='word_1_783' title='bbox 2344 5328 2618 5383; x_wconf 84' lang='lat' dir='ltr'>fratribus</span> <span class='ocrx_word' id='word_1_784' title='bbox 2654 5324 2957 5396; x_wconf 61' lang='lat' dir='ltr'>nostrisIet</span> <span class='ocrx_word' id='word_1_785' title='bbox 2996 5323 3287 5380; x_wconf 84' lang='lat' dir='ltr'>conservis</span> <span class='ocrx_word' id='word_1_786' title='bbox 3320 5339 3468 5393; x_wconf 88' lang='lat' dir='ltr'>quos</span> <span class='ocrx_word' id='word_1_787' title='bbox 3500 5324 3665 5379; x_wconf 89' lang='lat' dir='ltr'>misi-</span> 
     </span>
    </p>
   </div>
   <div class='ocr_carea' id='block_1_119' title="bbox 2011 5411 3655 5490">
    <p class='ocr_par' dir='ltr' id='par_1_119' title="bbox 2011 5411 3655 5490">
     <span class='ocr_line' id='line_1_119' title="bbox 2011 5411 3655 5490; baseline -0.005 -16"><span class='ocrx_word' id='word_1_788' title='bbox 2011 5434 2163 5483; x_wconf 89' lang='lat' dir='ltr'>mus,</span> <span class='ocrx_word' id='word_1_789' title='bbox 2199 5418 2389 5490; x_wconf 87' lang='lat' dir='ltr'>qualia</span> <span class='ocrx_word' id='word_1_790' title='bbox 2427 5422 2484 5473; x_wconf 90' lang='lat' dir='ltr'>et</span> <span class='ocrx_word' id='word_1_791' title='bbox 2523 5421 2743 5488; x_wconf 88' lang='lat' dir='ltr'>quanta</span> <span class='ocrx_word' id='word_1_792' title='bbox 2774 5415 3041 5487; x_wconf 48' lang='lat' dir='ltr'>egeritfet</span> <span class='ocrx_word' id='word_1_793' title='bbox 3072 5412 3280 5468; x_wconf 86' lang='lat' dir='ltr'>dixerit</span> <span class='ocrx_word' id='word_1_794' title='bbox 3310 5416 3504 5466; x_wconf 84' lang='lat' dir='ltr'>sancta</span> <span class='ocrx_word' id='word_1_795' title='bbox 3538 5411 3655 5466; x_wconf 90' lang='lat' dir='ltr'>cel-</span> 
     </span>
    </p>
   </div>
   <div class='ocr_carea' id='block_1_120' title="bbox 2008 5500 3657 5575">
    <p class='ocr_par' dir='ltr' id='par_1_120' title="bbox 2008 5500 3657 5575">
     <span class='ocr_line' id='line_1_120' title="bbox 2008 5500 3657 5575; baseline -0.006 -11"><span class='ocrx_word' id='word_1_796' title='bbox 2008 5508 2199 5564; x_wconf 90' lang='lat' dir='ltr'>situdo</span> <span class='ocrx_word' id='word_1_797' title='bbox 2222 5513 2434 5564; x_wconf 88' lang='lat' dir='ltr'>vestra:</span> <span class='ocrx_word' id='word_1_798' title='bbox 2471 5507 2705 5575; x_wconf 89' lang='lat' dir='ltr'>quando</span> <span class='ocrx_word' id='word_1_799' title='bbox 2730 5504 3027 5562; x_wconf 76' lang='lat' dir='ltr'>haereticos</span> <span class='ocrx_word' id='word_1_800' title='bbox 3051 5503 3307 5572; x_wconf 88' lang='lat' dir='ltr'>quidem.</span> <span class='ocrx_word' id='word_1_801' title='bbox 3333 5500 3657 5571; x_wconf 85' lang='lat' dir='ltr'>Apocrisia-</span> 
     </span>
    </p>
   </div>
   <div class='ocr_carea' id='block_1_121' title="bbox 869 5687 2474 5762">
    <p class='ocr_par' dir='ltr' id='par_1_121' title="bbox 869 5687 2474 5762">
     <span class='ocr_line' id='line_1_121' title="bbox 869 5687 2474 5762; baseline 0.003 -18"><span class='ocrx_word' id='word_1_802' title='bbox 869 5687 916 5724; x_wconf 78' lang='grc'>⁸³</span> <span class='ocrx_word' id='word_1_803' title='bbox 946 5688 1097 5752; x_wconf 77' lang='lat' dir='ltr'>Psal.</span> <span class='ocrx_word' id='word_1_804' title='bbox 1131 5705 1291 5762; x_wconf 81' lang='lat' dir='ltr'>mu,</span> <span class='ocrx_word' id='word_1_805' title='bbox 1309 5692 1401 5749; x_wconf 89' lang='lat'>23.</span> <span class='ocrx_word' id='word_1_806' title='bbox 1476 5688 1525 5724; x_wconf 83' lang='grc'>⁸⁴</span> <span class='ocrx_word' id='word_1_807' title='bbox 1555 5690 1694 5748; x_wconf 90' lang='lat' dir='ltr'>Luc.</span> <span class='ocrx_word' id='word_1_808' title='bbox 1735 5706 1875 5761; x_wconf 85' lang='lat' dir='ltr'>xxu,</span> <span class='ocrx_word' id='word_1_809' title='bbox 1906 5690 1997 5747; x_wconf 90' lang='lat'>32.</span> <span class='ocrx_word' id='word_1_810' title='bbox 2074 5688 2123 5725; x_wconf 76' lang='grc'>8⁵</span> <span class='ocrx_word' id='word_1_811' title='bbox 2150 5692 2289 5749; x_wconf 91' lang='lat' dir='ltr'>Luc.</span> <span class='ocrx_word' id='word_1_812' title='bbox 2313 5709 2356 5760; x_wconf 78' lang='grc' dir='ltr'>ι,</span> <span class='ocrx_word' id='word_1_813' title='bbox 2381 5696 2474 5750; x_wconf 89' lang='grc'>78.</span> 
     </span>
    </p>
   </div>
  </div>
