4062 6280
422 334 578 396 1155

1665 325 1727 386 S.
1771 323 2171 386 THEODORI
2212 324 2574 386 STUDITAE

3665 332 3824 394 1156

421 470 557 536 rios,
587 468 742 524 velut
772 467 952 534 fures,
985 481 1056 522 ne
1085 465 1144 521 in
1167 477 1399 521 sacrum
1422 459 1657 533 quidem
1682 461 2059 531 conspectum

2184 455 2614 531 ἰποκρισιαρίους
2648 458 2722 521 ὡς
2771 456 3112 528 λωποδύτας,
3149 459 3290 535 μηδέ
3329 460 3406 527 εἰς
3448 463 3599 540 ἱερὰν
3648 464 3820 536 αὐτῆς

423 557 680 625 admisit,
714 557 810 612 sed
835 571 969 611 cum
1001 552 1198 625 procul
1233 553 1422 608 adhuc
1449 554 1663 617 essent,
1689 549 1893 604 merito
1924 549 2064 619 reje-

423 649 532 704 cit:
575 647 790 703 nostris
822 661 951 700 vero
981 641 1408 699 calamitatibus
1438 657 1504 695 ex
1537 640 1861 695 litterarum
1891 638 2067 694 audi-

421 738 579 794 tione
619 742 675 791 et
714 738 1027 791 missorum
1071 732 1352 788 relatione
1391 731 1774 802 compatiens,
1821 728 2066 783 indoluit

421 833 598 899 atque
613 825 918 896 ingemuit,
933 825 1034 880 Dei
1048 840 1206 880 exem
1219 824 1331 894 plo,
1349 827 1529 893 tanqu
1540 838 1632 877 am
1649 822 1895 893 propriis
1911 836 2064 875 mem

424 918 565 973 bris.
599 918 677 970 Ac
710 915 902 985 reipsa
933 930 1040 968 nos
1090 913 1342 968 humiles
1384 911 1776 984 cognovimus,
1821 910 2063 965 manife-

423 1011 577 1062 stum
609 1005 1018 1076 Apostolorum
1053 1002 1335 1075 principis
1365 1017 1759 1057 successorem
1796 1003 2066 1055 Romanae

425 1094 695 1150 Ecclesia
737 1093 1066 1165 praesidere,
1111 1097 1383 1161 certoque
1427 1090 1595 1145 nobis
1647 1090 2063 1160 persuasimus,

425 1184 739 1240 Dominum
771 1181 1094 1238 Ecclesium
1150 1189 1407 1236 nostram
1442 1180 1680 1236 minime
1712 1179 2065 1248 deseruisse,

425 1273 520 1328 cui
569 1288 751 1327 unum
801 1271 1111 1342 solumque
1161 1287 1194 1324 a
1230 1270 1391 1325 vobis
1429 1268 1710 1324 auxilium
1761 1269 2065 1337 hactenus,

425 1370 595 1432 atque
634 1361 706 1415 ad
741 1362 863 1432 ipso
894 1360 1150 1428 exordio,
1183 1359 1242 1415 in
1274 1359 1712 1416 occurrentibus
1759 1358 2062 1426 molestiis,

422 1450 521 1506 Dei
553 1450 918 1521 providentia
948 1466 1288 1506 concessum
1329 1455 1437 1505 est.
1485 1453 1600 1505 Vos
1646 1449 1822 1520 igitur
1863 1449 2063 1504 illimis

425 1555 626 1595 revera
675 1555 740 1594 ac
785 1539 1044 1594 sincerus
1094 1540 1163 1594 ab
1199 1539 1361 1594 initio
1404 1541 1531 1594 fons
1564 1539 1891 1595 orthodoxae
1924 1539 2064 1594 veri-

424 1629 601 1684 tatis:
634 1643 736 1682 vos
781 1629 1058 1684 adversus
1103 1646 1336 1684 omnem
1380 1628 1710 1684 haereticam
1753 1629 2064 1698 procellam

426 1716 782 1788 tranquillus
834 1718 1127 1788 sepositus
1165 1719 1431 1774 Ecclesia;
1482 1719 1760 1773 universas
1815 1722 2061 1788 portus:

427 1825 528 1864 vos
545 1824 578 1863 a
601 1807 716 1863 Deo
746 1807 926 1862 electa
944 1807 1148 1863 civitas
1179 1809 1383 1880 retugii
1404 1808 1634 1864 salutis.
1655 1809 1762 1863 Sed
1787 1810 2063 1880 quoniam

427 1896 806 1953 temerarium
833 1903 922 1952 est
943 1915 976 1952 a
998 1899 1166 1953 nobis
1194 1899 1420 1955 miseris
1437 1917 1500 1955 ac
1526 1899 1785 1972 indignis
1807 1901 2070 1956 encomia

430 1985 666 2057 congeri
698 1985 892 2040 divino
941 1989 1164 2043 nomini
1213 1993 1424 2056 vestro,
1474 1990 1628 2061 quod
1671 1990 1878 2045 divine
1928 1990 2065 2045 olim

426 2074 640 2146 lingua
682 2074 916 2130 beatum
943 2076 1366 2146 praedicarunt:
1401 2083 1636 2151 prastat
1665 2083 1730 2136 ut
1764 2080 1838 2136 ad
1870 2095 2069 2135 terum-

421 2178 534 2219 nas
565 2166 794 2220 nostras
827 2163 1151 2224 veniamus.

501 2359 667 2432 lmpii
696 2375 832 2432 ergo
863 2359 1144 2414 consueta
1174 2354 1286 2410 sibi
1318 2353 1476 2410 omni
1511 2356 1720 2408 conatu
1747 2369 1813 2408 ac
1833 2352 2068 2408 vesania

431 2452 616 2506 tacere
643 2466 755 2505 non
791 2449 1056 2504 cessant:
1091 2460 1314 2511 omnes,
1355 2444 1455 2515 qui
1489 2444 1692 2497 mortis
1723 2446 1880 2496 metu
1915 2442 2067 2496 fran-

429 2547 665 2612 guntur,
682 2539 739 2594 in
761 2539 998 2594 haeresis
1021 2534 1357 2590 barathrum
1380 2531 1691 2596 trahentes,
1710 2536 1765 2585 et
1783 2529 2069 2600 abripien-

428 2635 514 2685 tes
547 2644 560 2682 :
592 2628 881 2698 siquidem
916 2626 1156 2682 omnino
1198 2638 1428 2679 necesse
1457 2629 1546 2677 est
1574 2637 1703 2676 eum
1735 2621 1838 2691 qui
1868 2620 2069 2674 cedere

431 2717 595 2782 nolit,
626 2719 931 2773 verberum
981 2715 1348 2785 aliorumque
1400 2710 1822 2783 suppliciorum
1881 2709 2066 2779 poenis

431 2807 682 2877 subjici:
733 2808 816 2863 ita
861 2811 925 2860 ut
974 2804 1245 2858 dittluant
1285 2801 1504 2858 sensim
1547 2799 1748 2870 aliqui,
1797 2797 1952 2869 quod
1983 2803 2071 2853 est

430 2897 844 2962 miserrimum,
885 2893 1062 2950 etiam
1095 2908 1162 2947 ex
1193 2891 1264 2946 iis
1297 2889 1396 2962 qui
1426 2893 1716 2946 certamen
1748 2893 1919 2944 antea
1940 2904 2069 2943 sus-

430 2985 744 3038 tinuerant.
776 2983 889 3038 Nos
911 2999 1044 3037 vero
1074 2981 1302 3046 iterum,
1333 2978 1582 3034 humiles
1601 2980 1672 3032 'et
1704 2979 1760 3032 in
1792 2978 2070 3032 membris

430 3071 727 3144 postremi,
761 3076 874 3126 tam
910 3088 1012 3142 pro
1053 3085 1220 3124 sacro
1253 3068 1484 3140 proprio
1514 3066 1725 3139 capite,
1758 3083 1933 3138 quam
1969 3083 2068 3136 pro

434 3161 676 3232 reliquis
707 3159 1136 3216 decertantibus
1168 3158 1431 3229 patribus
1463 3161 1518 3212 et
1547 3157 1825 3210 fratribus
1857 3156 2073 3210 auden-

2175 549 2296 603 θέαν
2356 553 2774 623 προσηκαμένη,
2823 552 3013 629 πόρῥω
3072 551 3129 608 δὲ
3187 554 3344 618 ὄντας
3396 554 3622 620 ἐνδίκως
3677 559 3819 614 ἀπο-

2172 641 2504 713 πεμψαμένη
2541 660 2553 672 ·
2586 646 2702 704 τοῖς
2751 639 2809 697 δὲ
2855 645 3145 717 ἡμετέροις
3193 645 3676 721 ταλαιπωρήμασι,
3725 645 3820 704 διὰ

2174 734 2273 797 τῆς
2333 728 2708 803 ἐπακροάσεως
2763 736 2870 785 τῶν
2931 733 3290 808 γραμμάτων,
3350 736 3439 791 καὶ
3499 735 3814 812 διηγήσεως

2171 838 2280 872 των
2354 817 2794 888 ἀποσταλέντων,
2869 819 3300 896 ἐπιστυγνάσασά
3382 846 3438 880 τε
3525 826 3613 880 καὶ
3699 827 3822 880 ἐπι-

2175 910 2464 982 στενάξασα
2513 908 2890 984 θεομίμήτως,
2925 911 2999 972 ὡς
3049 913 3273 976 οἰκείοις
3325 913 3534 988 μέλεσι.
3579 916 3676 972 Καὶ
3727 915 3820 970 ὅν-

2174 1020 2282 1060 τως
2327 995 2563 1073 ἔγνωμεν
2618 1000 2669 1053 οῖ
2715 1002 2982 1072 ταπεινοὶ,
3017 1002 3092 1063 ὡς
3142 1001 3368 1080 ἐναργὴς
3415 1001 3675 1080 διάδοχος
3722 1011 3821 1060 τοῦ

2175 1094 2281 1144 τῶν
2329 1087 2648 1144 ἀποστόλων
2699 1090 2996 1167 κορυφαίου
3053 1091 3290 1166 προέστη
3350 1101 3449 1166 τῆς
3506 1099 3824 1168 Ῥωμαῖκῆς

2179 1178 2502 1250 Ἐκκλησίας
2536 1197 2550 1213 ⁸
2613 1178 2834 1250 ἀληθῶς
2893 1182 3251 1254 πεπείσμεθα,
3309 1181 3393 1238 ὅτι
3470 1185 3569 1240 οὐκ
3628 1183 3822 1261 ἐγκατ-

2179 1269 2333 1324 έλιπε
2384 1270 2583 1345 Κύριος
2631 1270 2731 1338 τὴν
2762 1271 2884 1324 καθ’
2931 1271 3077 1344 ἡμᾶς
3129 1271 3453 1342 Ἐκκλησίαν
3489 1293 3502 1307 ·
3556 1281 3683 1348 μιᾶς
3729 1276 3822 1330 καὶ

2181 1361 2354 1433 μόνης
2384 1368 2484 1430 τῆς
2533 1363 2659 1437 παρ’
2694 1364 2848 1434 ὑμῶν
2899 1363 3212 1439 ἐπικουρίας
3257 1363 3456 1420 ἄνωθέν
3511 1387 3571 1422 τε
3624 1369 3715 1422 καὶ
3771 1368 3821 1441 ἐξ

2178 1450 2359 1528 ἀρχῆς
2416 1450 2467 1506 ἐν
2523 1456 2642 1513 ταῖς
2701 1447 3134 1524 συμϐαινούσαις
3194 1456 3565 1526 περιστάσεσιν
3646 1458 3820 1532 ὓπαρ-

2182 1542 2390 1615 χούσης
2438 1543 2575 1614 αὐτῇ
2627 1546 2760 1596 Θεοῦ
2808 1543 3140 1616 προμηθείᾳ.
3191 1549 3370 1617 Ὑμεῖς
3422 1545 3512 1600 οὖν
3564 1548 3637 1610 ὡς
3669 1547 3819 1618 ἀλη-

2181 1632 2289 1694 θῶς
2426 1629 2702 1694 ἀθόλωτος
2747 1631 2836 1685 καὶ
2891 1632 3272 1703 ἀκαπήλευτος
3315 1638 3471 1711 πηγή
3530 1635 3579 1706 ἐξ
3634 1638 3818 1715 ἀρχῆς

2178 1727 2276 1789 τῆς
2333 1717 2693 1793 ὀρθοδοξίας·
2757 1723 2912 1794 ὑμεῖς
2972 1723 3000 1776 ὁ
3056 1722 3236 1792 πάσης
3292 1726 3570 1798 αἰρετικῆς
3647 1725 3820 1796 ζάλης

2098 1847 2144 1912 Β
2178 1811 2545 1884 ἀνῳκισμένος
2577 1807 2753 1873 εὔδιος
2788 1809 2960 1883 λιμήν
2991 1819 3090 1880 τῆς
3121 1812 3258 1883 ὅλης
3283 1814 3629 1883 Ἐκκλησίας’
3660 1817 3817 1889 ὑμεῖς

2176 1903 2210 1968 ἡ
2247 1899 2532 1962 θεὸλεκτος
2563 1899 2726 1961 πόλις
2775 1905 2874 1956 τοῦ
2901 1900 3333 1978 φυγαδευτηρίου
3373 1912 3475 1973 τῆς
3522 1907 3818 1982 σωτηρίας.

2172 1988 2332 2046 Ἀλλ’
2390 1988 2475 2043 ὅτι
2529 1987 2814 2064 τολμηρὸν
2873 1994 3001 2064 παρ’
3057 1994 3218 2065 ἡμῶν
3271 1994 3380 2047 τῶν
3443 1994 3673 2066 οἰκτρῶν
3728 1996 3821 2049 καὶ

2173 2077 2400 2147 ἀναξίων
2448 2076 2696 2152 ἐγκώμια
2748 2078 3015 2154 συναίρειν
3062 2084 3130 2153 τῇ
3182 2081 3285 2136 ὑπὸ
3347 2081 3503 2137 θείων
3556 2082 3820 2158 γλωσσῶν

2174 2166 2343 2223 πάλαι
2407 2167 2852 2242 μεμακαρισμὲνῃ
2925 2168 3076 2241 ὑμῶν
3153 2171 3474 2245 θεωνυμίςι⁸
3535 2171 3657 2228 ὃέον
3733 2173 3818 2230 ἐπὶ

2172 2258 2234 2312 τὸ
2264 2262 2447 2312 πονεῖν
2475 2255 2670 2311 ἐλθεῖν.

2245 2347 2310 2404 Οἱ
2342 2357 2435 2420 μὲν
2465 2343 2559 2400 οὖν
2608 2342 2923 2409 ἀσεϐοῦντες
2952 2347 3016 2402 τά
3047 2352 3249 2420 συνήθη
3299 2352 3391 2406 σὺν
3429 2352 3573 2426 πάσῃ
3609 2351 3819 2426 σπουδῇ

2174 2436 2263 2492 καὶ
2300 2436 2463 2509 μανίᾳ
2513 2441 2691 2490 ποιεῖν
2735 2435 2834 2493 οὒκ
2877 2434 3147 2494 ἐνδιδὸασι
3181 2459 3193 2473 ⁸
3245 2442 3444 2503 πάντας
3499 2441 3822 2519 ὑφέλκοντες

2173 2525 2263 2579 καὶ
2295 2532 2673 2590 κατασπῶντες
2723 2528 2797 2589 εἰς
2845 2529 2905 2582 τὸ
2951 2532 3051 2593 τῆς
3102 2529 3357 2604 αἱρέσεως
3409 2531 3680 2605 βάραθρον
3731 2529 3827 2586 δε-

2175 2612 2525 2687 διττομένους
2555 2617 2647 2671 τὸν
2697 2617 2943 2676 θάνατον,
2980 2618 3216 2694 Ἀνάγκη
3267 2619 3367 2692 γὰρ
3413 2625 3577 2686 πᾶσα,
3608 2621 3699 2674 τὸν
3743 2623 3820 2690 μή

2176 2703 2390 2759 εἷ’κοντα
2416 2711 2485 2779 τῇ
2534 2711 2749 2780 πονηρᾶ
2780 2705 2947 2782 φλογί
2995 2712 3102 2761 τῶν
3151 2707 3432 2784 μαστίγων
3489 2704 3826 2779 ὑποϐληθῆ-

2173 2815 2259 2847 ναι
2305 2793 2395 2848 συν
2447 2799 2564 2855 τοῖς
2616 2793 2964 2863 ἀκολούθοις,
3017 2797 3155 2851 ὥστε
3205 2799 3340 2851 κατά
3396 2798 3585 2871 μικρὸν
3649 2797 3823 2872 ὑπορ-

2177 2881 2337 2958 ῥέειν,
2367 2883 2429 2938 τὸ
2479 2882 2902 2958 σχετλιώτατον,
2954 2883 3043 2938 καὶ
3095 2884 3146 2955 ἐξ
3194 2885 3369 2940 αὐτῶν
3419 2891 3529 2941 τῶν
3577 2885 3826 2958 ἠθληκό-

2175 2994 2300 3030 των.
2336 2974 2524 3045 Ἡμεῖς
2574 2970 2630 3028 δὲ
2659 2974 2746 3028 καὶ
2799 2972 2950 3034 αὖθις
2982 2975 3037 3027 οἱ
3085 2976 3447 3030 ταπεινοὶκαί
3495 2973 3721 3055 ἔσχατοι
3767 2975 3822 3031 ἐν

2175 3069 2292 3127 τοῖς
2343 3063 2582 3136 μέλεσιν,
2637 3064 2768 3138 ὓπέρ
2828 3085 2887 3120 τε
2941 3071 3042 3134 τῆς
3099 3064 3300 3127 οἰκείας
3345 3067 3494 3140 ἱερᾶς
3551 3067 3824 3141 κεφαλῆς,

2175 3153 2265 3206 καὶ
2323 3159 2421 3221 τῆς
2481 3153 2828 3225 ἐνισταμένης
2904 3154 3280 3229 ὑπερεχούσης
3356 3155 3698 3229 πατρότητὸς
3761 3178 3824 3212 τε

429 3254 516 3306 tes
548 3250 840 3321 legatione
869 3249 1190 3320 fungimur,
1223 3255 1276 3302 et
1306 3247 1680 3301 obsecramus
1706 3252 1770 3300 ut
1799 3244 2062 3301 console-

2184 3240 2266 3296 καί
2326 3240 2712 3322 ἂδελφὸτητος,
2773 3242 3084 3315 τολμῶντες
3162 3239 3529 3318 πρεσϐεύομέν
3607 3267 3665 3301 τε
3732 3248 3824 3301 καὶ

433 3346 529 3396 tur
558 3359 662 3396 nos
710 3345 908 3396 saneta
957 3344 1013 3394 et
1062 3338 1383 3410 apostolica
1434 3339 1626 3393 anima
1657 3342 1778 3392 tua.
1807 3337 2064 3392 Primum

429 3430 689 3500 quidem,
723 3429 877 3499 quod
911 3431 967 3483 et
999 3427 1180 3482 facere
1202 3426 1364 3480 illam
1384 3427 1692 3492 credimus,
1718 3442 1788 3481 ne
1811 3443 1943 3481 suas
1963 3443 2065 3498 pro

429 3516 745 3572 stabilitate
777 3523 836 3571 et
867 3516 1052 3572 salute
1082 3515 1345 3570 omnium
1379 3516 1559 3569 Deum
1607 3515 1901 3570 ﬂectentes
1943 3532 2071 3583 pre-

430 3623 522 3662 ces
547 3606 904 3660 intermittat.
937 3606 1015 3659 Ita
1044 3605 1405 3660 obtestamur
1425 3603 1809 3659 sacratissima
1828 3604 2066 3659 viscera.

429 3694 646 3750 Deinde
678 3698 742 3750 ut
774 3711 901 3764 quae
930 3693 1180 3764 Spiritus
1221 3693 1401 3747 sancti
1433 3692 1716 3747 instinctu
1749 3709 1849 3762 pro
1880 3692 2072 3747 humi-

431 3783 610 3840 litatis
633 3789 843 3839 nostrte
866 3782 1106 3838 utilitate
1130 3799 1196 3837 ac
1220 3786 1496 3852 perpetua
1517 3781 1747 3836 virtutis
1768 3797 1883 3835 sua:
1903 3780 2070 3837 laude

414 3863 771 3930 deliberavit
803 3879 860 3931 et
913 3874 1148 3942 statuit,
1183 3873 1253 3927 ad
1302 3872 1539 3939 exitum,
1589 3872 1704 3928 Deo
1735 3873 2066 3943 adjuvante,

432 3966 735 4036 perducat.

823 4106 967 4163 XIV.
999 4140 1069 4149 --
1097 4109 1266 4179 Papae
1309 4106 1675 4163 Alexandria.

2175 3330 2601 3406 ἐκλιπαροῦμεν,
2660 3333 3078 3408 παρακληθῆναί
3155 3355 3250 3389 σου
3321 3335 3420 3403 τήν
3499 3335 3648 3404 ἁγίαν
3732 3337 3825 3389 καί

2177 3421 2546 3491 ἀποστολικήν
2581 3422 2782 3496 ψυχήν.
2819 3427 3040 3495 Πρῶτον
3096 3424 3213 3496 μὲν,
3249 3427 3382 3498 ὅπερ
3431 3425 3519 3478 καὶ
3575 3425 3828 3480 πιστεύο-

2185 3531 2277 3583 μεν
2320 3516 2514 3578 ποιεῖν,
2570 3513 2644 3582 μή
2696 3510 2996 3582 καταλῆξαι
3037 3519 3137 3580 τῆς
3189 3513 3320 3586 ὑπὲρ
3373 3519 3680 3588 στηριγμοῦ
3733 3515 3829 3569 καὶ

2180 3597 2488 3661 διασώσεως
2563 3601 2816 3656 ἁπάντων
2895 3600 3207 3664 θεοκλινοῦς
3284 3609 3618 3677 προσευχῆς.
3696 3603 3826 3672 Nai,

2180 3685 2410 3760 δεόμεθα
2437 3689 2505 3743 τά
2552 3689 2820 3762 ἱερώτατα
2868 3689 3182 3769 σπλάγχνα.
3229 3697 3456 3747 Ἔπειτα
3502 3693 3535 3746 ’ἀ
3579 3713 3827 3763 πνευμα-

2176 3779 2479 3846 τοκινήτως
2533 3778 2666 3852 αὐτῇ
2711 3777 3066 3853 βεϐούλευται
3116 3779 3206 3834 moi
3263 3778 3491 3853 ὥρισται
3550 3779 3632 3835 ἐπ’
3681 3781 3831 3859 ὠφε-

2179 3865 2300 3937 λείᾳ
2336 3869 2428 3939 μὲν
2461 3870 2621 3941 ἡμῶν
2666 3872 2774 3923 τῶν
2819 3872 3111 3938 ταπεινῶν,
3144 3869 3350 3940 αἰωνίῳ
3383 3866 3439 3924 δὲ
3490 3875 3825 3944 μακαρισμῷ

2179 3963 2278 4025 τῆς
2311 3956 2509 4020 οἰκείας
2539 3958 2760 4034 ἀρετῆς,
2794 3958 2869 4022 εἰς
2899 3958 3061 4033 πέρας
3093 3959 3183 4012 σὺν
3219 3959 3334 4030 Θεῴ
3368 3958 3611 4032 ἀγαγεῖν.

2401 4111 2502 4166 ΙΔ’.
2547 4144 2612 4154 -
2655 4113 2838 4185 Πάπᾳ
2877 4111 3408 4189 Ἀλεξανδρείας.
3453 4112 3604 4188 [σδ’.]

1189 4260 1440 4325 Ejusdem
1471 4275 1532 4310 ac
1561 4262 1679 4312 duae
1712 4263 2014 4326 superiores
2049 4267 2362 4330 argumenti.
2397 4266 2610 4331 (Baron.
2644 4281 2731 4318 an.
2761 4267 2874 4330 817,
2907 4281 2959 4318 n.
2995 4269 3096 4326 26.)

431 4416 496 4470 In
549 4415 800 4470 omnibus
867 4415 1209 4471 sanctissime
1264 4416 1422 4471 Patri
1490 4421 1742 4484 Patrum,
1804 4417 2074 4475 luminari

503 4504 889 4571 luminarium,
916 4507 1144 4561 Domi-no
1165 4521 1302 4572 meo,
1331 4507 1557 4563 Domino
1590 4507 1899 4564 beatissimo
1918 4525 2071 4580 papa:

503 4594 876 4662 Alexandriae,
911 4595 1212 4652 Theodorus
1244 4598 1508 4653 minimus
1532 4597 1818 4670 presbyter
1848 4602 1900 4654 et
1928 4615 2071 4670 pra-

499 4685 704 4754 positu:
735 4683 938 4740 Studii.

505 4869 818 4925 Maximum
850 4869 1163 4925 humilitati
1195 4885 1335 4925 meae
1367 4886 1605 4937 munus,
1637 4873 1694 4924 et
1724 4870 1939 4925 summi
1961 4869 2076 4925 voti
2108 4856 2154 4921 Ι)

437 4977 586 5031 opus
625 4963 766 5022 erat,
801 4962 863 5013 ut
894 4958 1106 5028 dignus
1150 4960 1344 5014 ﬁerem
1385 4959 1482 5031 qui
1515 4975 1614 5028 per
1644 4960 1863 5015 litteras
1894 4960 2078 5015 collo-

437 5065 639 5121 querer
667 5064 796 5103 cum
829 5047 1146 5118 apostolico
1194 5049 1401 5104 vertice
1448 5053 1569 5117 tuo,
1622 5065 1737 5104 non
1779 5047 1971 5104 solum
2005 5048 2075 5104 ob

437 5140 785 5194 tenuitatem
819 5137 1119 5206 parvitatis
1173 5154 1330 5204 mem,
1382 5155 1510 5207 quae
1560 5139 1750 5206 impar
1794 5143 1878 5192 est
1911 5141 1975 5192 ut
2005 5138 2077 5194 ad

439 5225 692 5296 aequales
714 5224 948 5289 scribat,
971 5225 1187 5280 nedum
1207 5225 1275 5278 ad
1298 5229 1415 5279 tam
1436 5240 1712 5296 magnum
1735 5230 1792 5279 et
1813 5225 2076 5279 divinum

440 5319 641 5387 caput;
673 5329 875 5370 verum
907 5315 1080 5369 etiam
1106 5315 1177 5369 ob
1201 5313 1499 5369 difficilem
1525 5315 1582 5368 in
1603 5320 1760 5370 tanto
1784 5313 2078 5369 intervallo

442 5421 768 5471 accessum,
801 5420 972 5477 quem
999 5404 1231 5461 ethnica
1263 5405 1546 5476 praecipue
1578 5405 1806 5460 inhibet
1843 5405 2078 5460 obstru-

441 5495 574 5551 ctio.
607 5497 873 5549 Attamen
902 5493 1002 5549 Dei
1050 5493 1253 5564 optimi
1285 5493 1540 5551 bonitate
1583 5495 1726 5550 mihi
1763 5495 1991 5568 obtigit,
2025 5498 2081 5550 et

443 5599 598 5642 nunc
632 5582 819 5639 scribo
851 5583 1077 5638 duabus
1107 5583 1177 5638 de
1207 5583 1400 5640 causis
1425 5600 1440 5641 :
1474 5583 1676 5655 altera,
1709 5588 1773 5641 ut
1795 5601 1910 5656 quo
1934 5587 2082 5656 jam-

441 5673 730 5732 dumdum
777 5674 981 5728 teneor
1021 5671 1337 5741 desiderio,
1382 5673 1440 5731 id
1473 5678 1736 5748 peccator
1775 5673 2077 5747 explicem,

2179 4422 2274 4493 Τῴ
2315 4419 2390 4474 τά
2423 4421 2630 4475 πάντα
2668 4422 3017 4497 ἁγιωτάτῳ
3061 4423 3264 4496 Πατρὶ
3297 4422 3623 4496 Πατὲρων,
3659 4445 3831 4500 (pws-

2251 4515 2406 4581 τῆρι
2440 4511 2828 4584 φωστήρων,
2858 4509 3067 4582 κυρίῳ
3110 4531 3256 4582 μου,
3289 4507 3579 4585 δεσπότῃ
3627 4533 3832 4583 μακα-

2255 4598 2556 4672 ριωτάτῳ
2633 4599 2813 4670 πάπᾳ
2879 4597 3416 4669 Ἀλεξανδρείας.
3483 4598 3833 4675 Θεόδωρος

2254 4687 2616 4763 ἐλάχιστος
2651 4682 3100 4763 πρεσϐύτερος
3131 4688 3238 4744 καὶ
3286 4688 3665 4763 ἡγούμενος
3705 4694 3830 4744 τῶν

2256 4777 2604 4834 Στουδίου.

2257 4872 2346 4929 Ὠς
2427 4869 2675 4942 μέγιστον
2750 4869 2818 4938 τῇ
2891 4866 2997 4940 ἐμῆ

2186 4958 2356 5037 εὐχῆς
2404 4967 2503 5027 τῆς
2553 4959 2811 5012 ἀνωτάτω
2860 4952 3042 5032 ἔργον,
3094 4955 3182 5013 διὰ
3227 4957 3554 5035 γράμματος
3602 4961 3831 5032 ἀξιωθῆ-

2184 5069 2268 5101 ναι
2303 5047 2378 5110 εἰς
2407 5047 2629 5120 ὁμιλίαν
2659 5045 2834 5106 ἐλθεῖν
2862 5055 2962 5116 τῆς
3010 5045 3382 5116 ἀποστολικῆς
3416 5068 3511 5102 σου
3559 5055 3824 5124 κορυφῆς,

2189 5135 2248 5191 οὒ
2312 5135 2475 5208 μόνον
2538 5135 2625 5191 8ιά
2676 5138 2738 5192 τὸ
2799 5133 3008 5198 εὐτελὲς
3066 5145 3165 5206 τῆς
3241 5137 3610 5211 σμικρότητός
3675 5157 3826 5209 μου·

3078 4868 3397 4921 ταπεινώσει
3472 4864 3668 4942 δῶρον,
3739 4868 3830 4922 καὶ

2185 5229 2249 5294 ἧς
2298 5225 2388 5280 καί
2444 5228 2504 5281 τὸ
2562 5229 2698 5301 πρὸς
2759 5225 2909 5288 ἴσους
2965 5225 3186 5302 γράφειν
3244 5223 3439 5297 ἐνδεὲς,
3494 5228 3570 5298 μὴ
3637 5228 3719 5282 ὅτι
3766 5248 3829 5300 γε

2187 5313 2321 5388 πρὸς
2369 5312 2509 5368 οὕτω
2563 5313 2807 5390 μεγάλην
2857 5313 2946 5368 καὶ
2996 5313 3140 5368 θείαν
3184 5311 3428 5392 κεφαλήν
3463 5332 3476 5346 ο
3525 5312 3672 5369 ἀλλά
3727 5315 3826 5388 γὰρ

2186 5402 2276 5456 καὶ
2335 5400 2423 5456 διὰ
2477 5404 2575 5472 τήν
2649 5402 2701 5457 ἐν
2755 5402 3000 5475 τοσούτῳ
3081 5403 3386 5477 μακρυσμῴ
3441 5401 3696 5476 πάροδον,
3754 5407 3824 5477 τῇ

2188 5491 2369 5564 ἐθνικῇ
2429 5491 2512 5546 ὅτι
2574 5491 2806 5564 μάλιστα
2864 5491 3187 5567 εἰργομένην
3239 5488 3580 5566 διατειχίσει.
3632 5495 3821 5564 ’Όμως

2189 5581 2404 5653 εὐδοκία
2449 5586 2545 5637 τοῦ
2597 5583 2934 5658 ὑπεραγάθου
2983 5586 3115 5636 Θεοῦ
3163 5579 3432 5657 ἐξεγένετό
3478 5601 3621 5653 μοι·

2187 5671 2407 5729 ε’ἰνεκα·
2464 5673 2583 5736 ἐνὸς
2630 5672 2747 5748 μὶν,
2796 5673 2871 5737 ὡς
2915 5671 2975 5728 ἂν
3025 5673 3086 5745 ἣν
3131 5671 3303 5728 πάλαι
3350 5673 3500 5749 εἶχον
3533 5672 3819 5750 ἐπιθυμίαν

3674 5579 3820 5636 δυοῖν
