4062 6280
279 335 429 397 115³1

1521 320 2082 385 EPISTOLARUM
2123 320 2270 382 LIB.
2319 319 2398 382 II.

3525 326 3681 390 1158

277 470 307 527 6
338 464 666 542 ἁμαρτωλὸς
715 460 1129 540 ἆποπληρώσω,
1163 458 1252 517 διὰ
1296 464 1485 535 νοερᾶς
1530 457 1917 535 προσψαύσεως

2047 458 2409 517 Lntellectuali
2472 461 2740 516 contactu
2808 478 3105 521 sacrorum
3138 466 3351 537 pedum
3419 471 3679 542 tuorum,

276 562 386 614 τῶν
435 559 594 631 ἱερῶν
645 575 740 619 σου
791 555 956 632 ἰχνῶν
993 571 1006 586 ⁸
1059 549 1187 608 οὐδὲ
1233 551 1336 625 γὰρ
1384 547 1570 612 ἄλλως
1602 548 1668 617 ἧν
1705 546 1927 603 δυνατὸν

277 651 340 706 τὸ
379 647 714 717 καθαθῦμιον
748 645 1146 718 πληρωθῆναι·
1184 641 1368 714 ἑτερου
1411 636 1487 707 δὲ,
1520 639 1548 693 ’ὁ
1590 639 1678 692 καὶ
1716 636 1926 710 μᾶλλον

277 743 627 812 κατεπεῖγον,
678 737 815 810 πρὸς
871 735 933 789 τὸ
999 730 1392 807 γνωριμώτερα
1466 734 1810 803 παραστῆσαι
1863 724 1930 780 τὰ

282 831 578 887 ἐπελθόντα
637 826 784 882 δεινᾶ
841 825 1092 891 ἐνταῦθα,
1120 826 1188 892 τῇ
1239 818 1487 894 θειοτᾶίτῃ
1549 841 1643 874 σου
1691 819 1930 892 κορυφῇ,

281 921 356 982 ὡς
406 922 811 992 συμπασχοῦσῃ
860 915 976 975 τοῖς
1026 916 1121 967 τοῦ
1171 909 1305 967 ὅλου
1357 912 1612 983 σώματος
1661 911 1760 973 τῆς
1801 909 1932 964 Ἐκ-

279 1009 515 1080 κλησίας
564 1005 804 1082 μὲλεσιν.
850 1011 916 1059 Ἃ
972 1003 1308 1075 ἐξήκουσται,
1359 1000 1432 1061 ὡς
1491 1000 1670 1070 οἶμαι,
1721 997 1810 1052 καὶ
1853 998 1929 1060 εἰς

280 1101 348 1157 τα
408 1097 614 1172 ἔσχατα
666 1103 764 1166 τῆς
831 1091 1183 1167 οἰκουμένης,
1216 1087 1305 1145 διὰ
1355 1090 1416 1145 τὸ
1467 1091 1563 1154 τῆς
1610 1087 1800 1150 κακίας
1834 1108 1930 1142 πε-

282 1185 568 1265 ριϐόητον.

356 1276 611 1351 Διωγμὸς
667 1272 990 1349 κατείληφεν
1043 1273 1214 1344 ἡμᾶς,
1275 1269 1318 1323 ὧ
1377 1268 1773 1342 μακαριώτατε,
1841 1265 1926 1321 καὶ

282 1363 545 1441 διωγμῶν
579 1365 606 1418 6
643 1363 960 1438 βαρύτατος.
997 1359 1172 1414 Πάλαι
1223 1359 1314 1431 μὲν
1366 1356 1456 1412 οῦν
1493 1351 1704 1436 ’Λχαὰϐ
1756 1360 1930 1426 ζητῶν

285 1455 477 1512 Ἠλίαν
525 1455 614 1508 τὸν
666 1453 978 1530 προφήτην,
1014 1450 1187 1504 πάντα
1226 1449 1392 1503 τόπον
1443 1445 1715 1520 ἐμπρῆσαι
1769 1445 1934 1520 λέγε-

280 1565 408 1599 ται·
439 1547 536 1598 τοῦ
571 1537 900 1614 ἐμπρησμοῦ
929 1538 1019 1593 τὸν
1073 1537 1241 1611 θυμὸν
1282 1541 1379 1591 τοῦ
1423 1531 1647 1597 ἀσεϐοῦς
1694 1535 1931 1609 ὑποφαί-

279 1631 651 1695 νοντος.Νυνί
692 1628 748 1684 δε
797 1630 823 1683 6
858 1622 1194 1702 Ἀχααὸίτης
1223 1627 1312 1680 καὶ
1348 1627 1448 1694 τήν
1500 1623 1644 1694 ἀξίαν
1692 1623 1782 1678 καὶ
1830 1625 1929 1690 τήν

279 1719 532 1798 γαρδίαν,
583 1719 642 1774 οὐ
699 1719 792 1773 τὸν
829 1716 1020 1773 Ἠλιοῦ
1064 1716 1221 1788 μόνον
1273 1714 1710 1789 ἐγγεγραμμένον
1738 1731 1752 1746 ο
1787 1711 1931 1766 ἀλλᾶ

279 1813 374 1868 καὶ
405 1812 498 1866 τὸν
528 1809 722 1864 τούτου
753 1808 1026 1876 Δεσπότην
1053 1807 1262 1876 Ἰησοῦν
1309 1804 1560 1878 Χριστὸν,
1592 1803 1684 1856 τὸν
1734 1803 1926 1876 Κύριον

279 1904 372 1960 καὶ
406 1904 534 1960 Θεὸν
569 1904 728 1974 ἡμῶν
756 1921 769 1933 ·
803 1902 902 1970 τὴν
937 1898 1195 1956 Θεοτὸκον
1229 1897 1316 1951 καὶ
1347 1896 1518 1951 πάντα
1557 1897 1704 1969 ἅγιον
1754 1898 1928 1964 ζητῶν

283 1996 525 2065 ἐκζητεῖ,
555 1993 646 2047 καὶ
686 1991 857 2064 εὑρὼν
907 1989 1204 2068 ἐξαφανίζει
1237 1990 1394 2060 θυμῷ
1448 1985 1666 2062 μεγάλῳ
1715 1984 1776 2070 ἐκ
1824 1983 1929 2038 πά-

283 2104 385 2154 σης
414 2081 634 2143 πόλεως
665 2081 752 2135 καὶ
787 2079 976 2154 χώρας
1007 2084 1105 2147 τῆς
1155 2078 1254 2131 ὑπο
1306 2080 1487 2150 χεῖρα.
1521 2075 1791 2130 Ἐντεῦθεν
1841 2074 1931 2126 θυ-

283 2174 575 2244 σιαστήρια
621 2167 1067 2241 κατεσκαμμὲνα·
1110 2167 1225 2220 ναοὶ
1282 2165 1484 2237 Κυρίου
1535 2161 1928 2238 ἠχρειωμὲνοι,

281 2264 375 2317 καὶ
431 2263 548 2316 κατ’
583 2258 767 2321 οἴκους
825 2258 916 2312 καὶ
972 2256 1277 2316 καθολικῶς
1323 2252 1414 2308 καὶ
1465 2251 1514 2308 ἐν
1552 2251 1808 2326 ἀνδρῶσι,
1841 2251 1932 2306 καὶ

285 2349 337 2406 ἐν
400 2349 756 2424 παρθενῶσιν,
808 2347 860 2400 οὶ
908 2344 1105 2415 πάλαι,
1166 2345 1217 2398 οἱ
1284 2343 1475 2398 νεωστί
1552 2340 1931 2416 ἐγηγερμένοι.

285 2437 556 2495 Ἐλεεινὸν
603 2438 777 2510 θέαμα
829 2437 1008 2511 ὥσπερ
1057 2434 1429 2509 ἐξοψισθέντας
1480 2431 1796 2506 ἀνθρώπους
1848 2427 1934 2484 τέ-

291 2528 427 2601 ρατοὶ
473 2547 624 2582 τινα*
661 2526 834 2586 οὕτως
885 2527 981 2587 τὰς
1034 2528 1129 2578 τοῦ
1187 2527 1319 2579 Θεοῦ
1352 2519 1678 2589 Ἐκκλησίας
1714 2518 1932 2595 βλέπειν

292 2615 645 2693 ἀφῃρημένας
703 2617 795 2670 τὸν
847 2615 1048 2670 οἰκεῖον
1136 2612 1366 2685 κόσμον,
1423 2612 1510 2665 καὶ
1571 2609 1934 2686 ἁμορφώτους

289 2707 649 2768 καθεστώσας.
681 2705 770 2768 Τίς
813 2704 1018 2773 ἤκουσε
1064 2706 1310 2756 τοιοῦτον
1443 2700 1675 2773 ἑώρακεν
1718 2697 1770 2752 ἐν
1820 2704 1934 2759 τοῖς

287 2795 458 2850 πάλαι
506 2790 852 2867 ἁσεῧήμασι;
903 2793 1056 2867 Τάχα
1103 2793 1131 2844 ὁ
1182 2789 1520 2863 ἐπικείμενος
1581 2789 1712 2860 ,ὑμῖν
1759 2789 1936 2862 ’Δραψ

287 2883 435 2940 αἰδοῖ
481 2887 765 2960 χρώμενος
813 2882 1299 2962 φιλοχριστὸτερον
1347 2877 1586 2950 διέξεισιν
1641 2879 1692 2933 ἐν
1739 2877 1934 2950 τούτῳ.

285 2972 447 3029 Ἀλλ’
481 2973 588 3051 οὐχ
619 2974 646 3027 6
673 2973 942 3046 ἡμέτερος
972 2965 1188 3040 Ταϐεῆλ
1213 2989 1225 3001 ·
1261 2973 1529 3037 Φεῖσαι,
1563 2967 1936 3051 Κύριε,καί

287 3063 374 3130 μή
410 3048 805 3131 δῷς-τέλεον
837 3059 951 3126 τήν
985 3055 1453 3128 κληρονομίαξν
1488 3076 1601 3109 σου
1643 3053 1738 3115 εἷς
1783 3048 1934 3115 ὅνει⁴

283 3147 414 3211 δος.
454 3151 547 3203 Καὶ
583 3148 628 3204 εἷ
658 3147 783 3208 τοὺς
815 3147 865 3202 ἐν
894 3146 1068 3216 πίναξι
1101 3151 1476 3220 χαρακτῆρας,
1509 3143 1637 3205 τοὺς
1680 3141 1729 3196 ἐν
1763 3143 1931 3217 ἱεροῖς

2042 551 2514 622 quandoquidem
2547 547 2714 605 aliter
2761 561 2955 608 votum
2986 558 3211 626 explere
3243 573 3355 613 non
3399 559 3570 616 licet:
3598 560 3682 615 al-

2038 646 2180 706 tera,
2215 657 2337 710 quis
2368 640 2551 712 magis
2585 645 2773 711 urget,
2807 647 2868 697 ut
2890 645 3112 700 notiora
3137 647 3278 701 {iant
3316 648 3682 706 divinissimo

2039 731 2235 786 vertici
2266 734 2389 795 tuo,
2419 746 2544 799 quas
2576 728 2668 784 hic
2713 732 2840 786 dira
2862 734 3236 791 acciderunt:
3279 743 3343 792 ut
3374 739 3473 809 qui
3508 740 3684 795 totius

2041 820 2296 890 corporis
2329 819 2594 876 Ecclesiae
2631 823 2908 878 membris
2939 825 3260 882 condoleat.
3285 829 3416 892 Quae
3449 829 3682 899 quidem

2040 908 2125 964 vel
2158 909 2216 964 in
2249 911 2472 968 ultimis
2501 917 2663 968 terras
2693 913 3016 970 ﬁnibusob
3059 917 3376 972 extremam
3428 916 3685 990 impieta-

2042 1004 2156 1055 tem
2188 1000 2382 1057 audita
2415 1001 2714 1060 existimo.

2115 1269 2334 1326 Invasit
2374 1287 2478 1326 nos
2530 1271 2874 1342 persecutio,
2907 1271 3262 1346 beatissime,
3311 1280 3368 1332 et
3418 1293 3690 1347 persecu-

2041 1357 2266 1414 tionum
2314 1361 2676 1430 gravissima.
2725 1362 2878 1417 Olim
2932 1365 3168 1434 quidem
3235 1366 3433 1421 Achab
3501 1367 3685 1424 Eliam

2041 1464 2303 1518 querens
2343 1451 2705 1522 prophetam,
2747 1451 2872 1508 loca
2918 1454 3116 1510 omnia
3175 1455 3501 1512 incendisse
3548 1458 3688 1512 dici-

2041 1541 2155 1604 tur,
2204 1537 2470 1594 incendio
2521 1539 2620 1595 illo
2667 1541 2830 1612 impii
2879 1542 3026 1596 iram
3062 1548 3120 1598 et
3151 1545 3399 1600 furorem
3445 1546 3688 1603 demon-

2042 1631 2258 1683 strante
2288 1626 2352 1684 ⁸⁸.
2386 1629 2551 1685 Νιιιιο
2611 1647 2743 1686 vero
2795 1636 2851 1686 et
2889 1632 3172 1703 dignitate
3211 1639 3269 1689 et
3310 1635 3480 1691 corde
3509 1637 3685 1692 Acha-

2042 1716 2211 1785 bites,
2242 1734 2355 1773 non
2387 1717 2566 1774 Eliam
2607 1720 2802 1775 solum
2846 1721 3164 1793 depictum,
3197 1723 3295 1778 sed
3333 1725 3504 1796 hujus
3537 1743 3689 1796 quo—

2041 1822 2148 1877 que
2163 1808 2479 1864 Dominum
2496 1809 2696 1865 Jesum
2719 1810 3042 1877 Christum,
3068 1812 3379 1869 Dominum
3413 1819 3472 1870 et
3503 1817 3684 1872 Deum

2043 1903 2328 1964 nostrum,
2397 1899 2707 1970 Deiparam
2765 1905 2821 1956 et
2877 1907 3144 1958 sanctum
3204 1919 3686 1978 unumquemque

2042 2003 2308 2057 quaarens
2341 1989 2564 2058 quaerit,
2616 1989 3036 2062 inventumque
3070 2007 3284 2065 magna
3326 1994 3414 2048 ira
3443 1995 3594 2050 delet
3621 1995 3685 2052 in

2042 2077 2202 2131 omni
2235 2077 2465 2133 civitate
2497 2083 2552 2133 et
2582 2081 2817 2150 regione
2857 2081 3098 2138 ditionis
3143 2099 3283 2139 suae.
3315 2083 3461 2140 Hine
3489 2101 3688 2142 eversa

2042 2165 2270 2233 altaria,
2302 2167 2520 2238 templa
2572 2169 2797 2224 Domini
2841 2173 3084 2239 vastata,
3132 2177 3188 2228 et
3243 2172 3468 2244 privata
3497 2179 3553 2228 et
3582 2192 3687 2246 pu-

2043 2255 2214 2321 blica,
2244 2273 2369 2328 qua:
2393 2257 2451 2312 in
2472 2258 2731 2312 vivorum
2759 2263 2816 2314 et
2850 2258 3143 2331 virginum
3178 2261 3542 2330 habitaculis,
3565 2267 3686 2320 tam

2041 2352 2232 2402 vetera
2261 2364 2425 2419 quam
2465 2364 2663 2404 recens
2716 2355 3026 2407 exstructa.
3079 2352 3406 2409 Miserabile
3467 2361 3689 2426 specta-

2042 2435 2238 2491 culum
2263 2437 2276 2491 l
2303 2443 2580 2508 tanquam
2602 2439 2744 2494 facie
2757 2440 3112 2496 deformatos
3134 2441 3402 2498 homines
3424 2448 3685 2500 etosten-

2043 2529 2103 2580 ta
2133 2526 2414 2596 quadam,
2443 2528 2527 2582 sic
2559 2527 2656 2583 Dei
2690 2528 2972 2584 Ecclesias
3001 2536 3206 2586 ornatu
3238 2548 3344 2587 suo
3375 2532 3686 2589 destitutas

2044 2619 2099 2669 et
2126 2615 2403 2670 informes
2433 2617 2661 2671 relictas
2703 2617 3104 2688 contemplari.
3137 2619 3276 2688 Quis
3305 2621 3442 2676 talia
3470 2623 3688 2676 audivit

2046 2709 2146 2758 aut
2176 2705 2315 2759 vidit
2347 2720 2598 2777 unquam
2622 2706 2681 2760 in
2706 2704 2908 2775 priscae
2941 2707 3328 2779 improbitatis
3358 2711 3638 2781 exemplis
3659 2710 3687 2766 ‘3

2047 2790 2149 2846 Ille
2195 2791 2320 2862 ipse
2364 2796 2466 2863 qui
2515 2795 2838 2852 cervicibus
2889 2797 3095 2851 vestris
3147 2796 3436 2852 incumbit
3479 2798 3686 2860 Arabs,

2047 2879 2246 2936 mitius
2280 2881 2517 2937 forsitan
2559 2883 2664 2938 hac
2697 2885 2755 2940 in
2787 2890 2949 2956 parte
2993 2901 3128 2956 erga
3176 2885 3464 2941 Christum
3502 2902 3566 2942 se
3595 2903 3686 2959 ge-

2048 2970 2138 3026 rit.
2172 2972 2243 3025 At
2272 2987 2384 3025 non
2427 2971 2510 3027 sic
2559 2973 2769 3028 Taheel
2821 2979 3054 3030 noster:
3089 2977 3288 3044 Parce,
3338 2977 3588 3044 Domine,
3620 2992 3689 3032 ne

2047 3058 2137 3114 des
2174 3060 2324 3114 ultra
2371 3060 2749 3117 hrzcreditatem
2784 3071 2938 3118 tuam
2971 3066 3029 3118 in
3077 3065 3506 3136 opprobrium".
3539 3068 3685 3122 Cum

2051 3164 2186 3218 ergo
2241 3151 2425 3220 pictas
2474 3151 2531 3205 in
2576 3152 2794 3208 tabulis
2841 3153 3152 3223 imagines
3201 3154 3378 3209 sacris
3427 3155 3685 3210 donariis

282 3238 622 3311 ἀναθήμασι,
656 3234 882 3298 δέλτους
923 3235 1016 3296 τὰς
1067 3232 1615 3307 ὑπομνηματιζοῦσας
1653 3235 1783 3306 ,περὶ
1833 3233 1928 3286 αὖ·

2047 3237 2320 3304 sublatas,
2353 3244 2408 3294 et
2438 3239 2614 3295 libros
2645 3241 2741 3310 qui
2763 3242 3114 3298 mentionem
3137 3259 3336 3298 earum
3359 3243 3688 3313 continent,

282 3334 421 3395 τῶν,
455 3329 716 3396 σκώπτει,
771 3323 1055 3398 κωμῳδεῖ,
1115 3321 1355 3396 διασύρει
1412 3323 1486 3383 ὡς
1548 3319 1930 3396 βδελύγματα·

283 3419 360 3481 ὡς
410 3419 671 3492 θεοστυγῆ
694 3435 708 3448 ⁸
737 3417 806 3470 τὰ
853 3414 1107 3488 θεοφιλῆ,
1139 3413 1228 3468 καὶ
1278 3411 1487 3484 κόσμου
1545 3413 1818 3485 σωτήρια·
1854 3409 1932 3467 till

279 3509 367 3572 τίς
407 3509 508 3564 οὐκ
553 3507 850 3581 ἐπιστάξειε
894 3504 1165 3580 δακρυον;
1216 3503 1296 3566 τίς
1359 3503 1457 3558 οὐκ
1506 3502 1701 3576 ἀφήσει
1749 3524 1936 3558 στενα-

283 3599 429 3673 γμὸν
463 3597 522 3652 ἐκ
553 3598 750 3672 βάθους
782 3593 1008 3671 καρδίας
1040 3594 1523 3666 ἀναπεμπόμενονς
1555 3589 1731 3647 Ὀδοῖ
1764 3592 1933 3646 Σιὼν

283 3690 608 3743 πενθοῦσι
664 3689 835 3760 παρά
898 3685 968 3740 τὸ
1029 3685 1112 3756 μή
1175 3682 1343 3737 εἶναι
1401 3683 1526 3742 τοὺς
1575 3677 1807 3744 εὐσεϐῶς
1857 3679 1937 3734 δι-

286 3775 591 3839 οδεύοντας.
617 3776 796 3849 Καίγε
827 3776 1070 3835 Πάντες
1105 3771 1468 3843 ἐξέκλιναν,
1503 3773 1631 3844 ἅμα
1655 3772 1937 3846 ἠχρειώ-

287 3869 514 3937 θησαν.
565 3870 860 3939 Ἱεραρχεῖν
933 3862 1216 3922 δοκοῦντες
1289 3860 1377 3914 καὶ
1441 3861 1625 3932 ἱερεῖς,
1679 3860 1937 3932 μονασταὶ

289 3956 378 4009 καὶ
443 3953 688 4030 μιγάδες,
731 3960 832 4008 πᾶν
875 3952 1051 4029 γένος,
1101 3953 1186 4006 καὶ
1249 3955 1390 4005 πᾶσα
1447 3950 1676 4020 ἡλικία·
1729 3951 1785 4004 οἱ
1847 3951 1939 4022 μὲν

283 4046 471 4100 τέλεον
528 4047 920 4120 ναυαγήσαντες
976 4043 1099 4116 περὶ
1155 4043 1254 4108 τὴν
1311 4041 1512 4111 πίστιν,
1548 4041 1598 4094 o't
1639 4038 1696 4094 δὲ
1748 4039 1793 4093 εἰ
1848 4041 1941 4094 καὶ

285 4137 413 4198 τοὺς
469 4132 769 4210 λογισμοὺς
819 4133 880 4188 οὐ
925 4130 1452 4196 καταποντισθὲντες,
1481 4134 1550 4201 τῇ
1604 4127 1661 4184 δὲ
1693 4128 1940 4203 αἶ’ρετικῇ

287 4223 551 4296 κοινωνίᾳ
605 4224 656 4294 ἐξ
695 4223 949 4296 ἡμισείας
998 4219 1104 4276 δὲει
1158 4224 1475 4292 σωματικοῦ
1529 4220 1760 4277 θανάτου
1813 4240 1940 4293 συγ-

286 4311 714 4375 κινδυνεύοντος.
749 4311 900 4380 Πλὴν
942 4311 1026 4366 ὅτι
1072 4311 1204 4365 εἰσὶν
1255 4307 1750 4382 ὓπολελειμμένοι,
1783 4307 1943 4362 οἷ’τι-

286 4425 392 4465 νες
453 4403 568 4458 οὐκ
623 4397 922 4476 ἔκαμψαν
977 4400 1138 4474 γόνυ
1195 4403 1273 4472 τῇ
1321 4397 1515 4455 Βάαλ.
1553 4398 1656 4454 Καῖ
1686 4402 1943 4452 τοσοῦτοι

291 4494 490 4548 ὁπόσοι
520 4494 606 4546 καὶ
640 4495 974 4566 ἠρίθμηνται
1010 4489 1210 4564 Κυρίῳ.
1251 4490 1360 4561 Πρὸ
1397 4490 1612 4543 πάντων
1663 4489 1690 4542 6
1736 4487 1942 4558 πρώτι-

2046 3328 2388 3396 proscindit,
2422 3329 2642 3396 irridet,
2675 3331 3000 3386 subsannat
3030 3337 3310 3403 tanquam
3337 3333 3686 3389 abominan-

2047 3417 2121 3470 da
2159 3420 2215 3470 et
2243 3416 2432 3473 invisa
2462 3417 2577 3475 Deo
2618 3420 2866 3489 piacula,
2900 3438 3023 3490 quas
3050 3421 3164 3478 Deo
3197 3428 3431 3493 accepta
3461 3428 3600 3478 sunt
3630 3427 3686 3479 et

2047 3505 2264 3561 mundo
2295 3507 2602 3564 salutaria:
2638 3509 2798 3564 Heu!
2833 3510 2963 3580 quis
2984 3510 3269 3582 lacrymas
3289 3517 3475 3568 teneat
3495 3513 3523 3568 ?
3552 3513 3686 3584 quis

2045 3595 2299 3664 gemitus
2321 3595 2509 3651 eximo
2543 3603 2772 3668 pectore
2802 3615 2916 3654 non
2942 3599 3106 3654 edeat
3126 3599 3153 3653 ‘I
3194 3600 3308 3656 Viae
3327 3602 3457 3655 Sion
3478 3602 3682 3682 lugent,

2046 3701 2106 3740 eo
2125 3684 2263 3756 quod
2293 3703 2401 3740 non
2431 3689 2542 3741 sint
2569 3689 2661 3759 qui
2686 3687 2777 3758 pie
2807 3687 3107 3743 ambulent
3137 3688 3196 3744 in
3247 3689 3330 3745 eis
3362 3688 3427 3744 ⁸⁸.
3459 3691 3525 3745 Et
3555 3708 3684 3748 vero

2045 3775 2244 3830 Omnes
2291 3775 2727 3845 declinaverunt,
2779 3778 2942 3832 simul
2987 3779 3212 3833 inutiles
3242 3779 3378 3849 facti
3431 3790 3562 3834 sunt
3619 3782 3683 3837 3°.

2049 3865 2156 3929 Qui
2186 3864 2442 3936 episcopi
2484 3866 2825 3921 videbantur
2855 3874 2912 3921 et
2943 3869 3290 3935 sacerdotes,
3325 3870 3594 3924 monachi
3630 3875 3689 3926 et

2049 3953 2371 4018 saeculares,
2405 3955 2597 4008 omnis
2628 3970 2800 4010 sexus
2821 3962 2873 4010 et
2903 3955 3094 4010 omnis
3126 3961 3289 4021 aetas,
3325 3956 3423 4012 alii
3448 3959 3684 4028 quidem

2050 4039 2200 4094 circa
2231 4039 2404 4094 ﬁdem
2455 4039 2726 4096 ultimum
2776 4042 3146 4114 naufragium
3180 4044 3334 4112 passi
3367 4049 3525 4112 sunt,
3559 4045 3684 4111 alii,

2052 4129 2102 4183 si
2135 4129 2332 4183 minus
2376 4134 2570 4185 mente
2602 4133 2659 4184 et
2704 4130 3046 4200 cogitatione
3095 4131 3368 4193 demersi,
3422 4135 3689 4190 heretica

2052 4218 2260 4273 saltem
2286 4220 2698 4275 communione
2720 4222 2923 4275 mortis
2960 4229 3116 4276 metu
3147 4226 3460 4291 contracta,
3484 4223 3688 4280 eodem

2051 4326 2117 4364 ex
2152 4315 2313 4380 parte
2359 4309 2615 4380 periculo
2666 4309 2934 4365 involuti.
2978 4310 3178 4366 Relicti
3227 4315 3421 4367 tamen
3453 4313 3690 4384 quidam

2054 4403 2192 4454 sunt
2234 4401 2327 4469 qui
2373 4416 2485 4455 non
2532 4405 2899 4454 curvaverant
2944 4416 3124 4468 genua
3168 4410 3295 4456 ante
3342 4401 3483 4456 Βααι
3510 4401 3694 4458 9°:si-

2054 4489 2286 4561 quidem
2316 4494 2400 4545 tot
2431 4505 2690 4556 numero,
2739 4497 2874 4559 quot
2919 4494 2977 4544 et
3016 4490 3304 4546 numerati
3335 4497 3472 4547 sunt
3513 4510 3546 4548 a
3576 4492 3694 4548 Do—

296 4607 420 4648 στος
480 4587 662 4657 ἡμῶν,
694 4585 728 4653 ἡ
785 4583 904 4656 ἱερὰ
956 4583 1117 4653 ἡμῶν
1168 4580 1402 4658 κεφαλὴ,
1434 4579 1522 4634 καὶ
1556 4580 1839 4652 ὁμοταγὴς
1871 4582 1934 4652 τῇ

2049 4579 2228 4634 mino.
2263 4581 2403 4634 Ante
2435 4594 2660 4645 omnes,
2704 4579 2800 4649 qui
2845 4579 3064 4650 primus
3108 4584 3196 4634 est
3244 4579 3392 4635 inter
3441 4597 3568 4650 nos,
3603 4599 3697 4637 sa-

285 4673 594 4742 τελειὸτητί
653 4689 787 4727 σοῦ’
821 4671 1074 4745 ῖεροὶρχαι
1126 4671 1218 4724 καὶ
1271 4670 1432 4742 ἱερεῖς
1490 4667 1688 4743 Κυρίου
1723 4687 1734 4701 ·
1774 4688 1940 4741 μονα-

290 4764 408 4819 σταὶ
441 4763 529 4818 καὶ
565 4764 926 4836 μονάζουσαι·
959 4761 1170 4814 τούτων
1215 4759 1268 4813 οἱ
1321 4759 1414 4830 μὲν
1466 4758 1796 4832 ἐμπαιγμῶν
1854 4758 1944 4811 καὶ

291 4853 574 4928 μαστίγων
604 4856 792 4925 πεῖραν
823 4844 1019 4904 ἔλαϐον
1050 4867 1063 4880 ⁶
1095 4849 1146 4903 οἱ
1177 4845 1234 4902 δέ
1267 4845 1479 4920 δεσμῶν
1511 4847 1601 4901 καὶ
1652 4847 1899 4922 φυλακῆς
1927 4864 1940 4878 ·
1980 4843 1992 4854 ’

286 4943 438 5017 ἄρτῳ
490 4941 696 5015 μετρίῳ
746 4939 836 4994 καὶ
886 4936 1041 4992 ὕδατι
1071 4937 1420 5014 τρεφόμενοι.
1455 4935 1657 4993 Ἀλλοι
1715 4934 1945 5010 ἐξορίαις

286 5033 763 5108 περιορισθέντες·
821 5027 997 5103 ἕτεροι
1055 5027 1106 5082 ἐν
1171 5025 1425 5102 ἐρημίαις
1496 5026 1585 5080 καὶ
1658 5019 1805 5099 ὄρεσι
1854 5027 1943 5078 καὶ

289 5119 587 5192 σπηλαίοις
636 5120 725 5172 καὶ
771 5124 886 5178 ταῖς
938 5118 1098 5180 ὀπαῖς
1159 5122 1258 5185 τῆς
1324 5118 1424 5188 γῆς
1491 5112 1941 5187 ἐνδιαιτώμενοι·

286 5210 425 5268 ἔνιοι
486 5208 542 5264 δὲ
597 5211 688 5264 καὶ
766 5209 1014 5274 παραυτὰ
1090 5206 1537 5280 μαστιγωθέντες,
1596 5209 1942 5280 μαρτυρικῶς

287 5301 426 5376 πρὸς
473 5297 667 5370 Κύριον
706 5294 1062 5368 ἐξεδήμησαν.
1100 5293 1220 5351 Εἶ¹σὶ
1270 5291 1327 5347 δὲ
1385 5291 1438 5346 οἳ
1484 5296 1574 5346 καὶ
1625 5293 1941 5346 σακκισθέν-

287 5412 375 5453 τες
407 5388 873 5455 ἐθαλασσεύθησαν
903 5385 1098 5460 ἁωρίᾳ,
1132 5385 1206 5449 ὡς
1246 5383 1407 5460 σαφὲς
1455 5382 1669 5458 γέγονεν
1721 5381 1779 5436 ἐκ
1834 5385 1942 5435 τῶν

289 5479 522 5542 τούτους
554 5477 915 5552 θεασαμένων.

363 5628 411 5663 ⁸⁵
460 5626 535 5683 III
602 5626 742 5696 Reg.
785 5639 945 5691 xvm,
1015 5624 1039 5678 1
1102 5638 1260 5693 seqq.
1340 5619 1386 5654 37
1434 5618 1558 5676 Joel
1610 5638 1669 5688 ιι,
1739 5621 1825 5675 17.

293 5700 462 5759 Rom.
496 5714 572 5760 xi,
605 5698 658 5754 4.

1905 5619 1949 5655 ⁸³
1999 5619 2212 5676 Thren.
2261 5635 2300 5686 ι,
2353 5619 2404 5675 4.

2057 4684 2221 4723 crum
2253 4671 2428 4738 caput
2451 4672 2738 4734 nostrum,
2763 4670 2818 4720 et
2838 4669 3103 4737 ejusdem
3135 4673 3329 4723 tecum
3359 4668 3692 4740 dignitatis;

2055 4757 2310 4830 episcopi
2342 4764 2399 4812 et
2429 4757 2756 4812 sacerdotes
2807 4757 3066 4818 Domini;
3101 4758 3372 4814 monachi
3403 4763 3458 4814 et
3490 4775 3692 4816 mona-

2054 4853 2174 4905 chte
2220 4865 2234 4902 :
2287 4863 2537 4918 quorum
2586 4846 2646 4900 hi
2688 4846 2956 4901 ludibriis
2995 4852 3051 4902 et
3090 4847 3425 4903 verberibus
3483 4850 3696 4904 tentati

2054 4939 2321 5006 fuerunt;
2361 4935 2446 4991 illi
2489 4935 2738 4992 vinculis
2787 4941 2844 4992 et
2891 4936 3247 5002 carceribus,
3278 4953 3425 5008 pane
3457 4939 3687 4994 modico

2053 5031 2108 5082 et
2138 5042 2292 5097 aqua
2321 5025 2498 5080 vitam
2529 5025 2863 5092 trahentes;
2897 5024 2992 5079 alii
3038 5024 3251 5080 exsiliis
3299 5025 3568 5097 relegati;
3595 5027 3696 5083 alii

2053 5115 2112 5171 in
2143 5115 2387 5171 desertis
2417 5123 2470 5170 et
2510 5115 2830 5180 montibus,
2884 5114 2942 5168 in
2987 5114 3282 5186 speluncis
3329 5122 3383 5170 et
3431 5117 3692 5172 cavernis

2052 5209 2220 5261 terrae
2266 5209 2603 5263 versantes:
2670 5203 2906 5274 quidam
2955 5204 3192 5274 insuper
3258 5203 3501 5275 ﬂagellis
3560 5206 3695 5260 caesi

2053 5300 2332 5366 martyres
2358 5295 2428 5349 ad
2455 5295 2764 5350 Dominum
2796 5293 3173 5365 emigrarunt.
3223 5295 3370 5348 Sunt
3400 5293 3495 5364 qui
3529 5311 3695 5352 sacco

2049 5384 2258 5440 inclusi
2297 5384 2355 5438 in
2406 5399 2562 5439 mare
2594 5382 2843 5439 demersi
2893 5386 3064 5438 noctu
3115 5384 3369 5451 fuerunt,
3403 5387 3467 5438 ut
3523 5385 3696 5440 abiis

2051 5473 2457 5545 quividerant,
2493 5472 2734 5528 relatum
2773 5478 2880 5528 est.

2482 5618 2527 5654 ⁸⁸
2573 5615 2728 5675 Psal.
2785 5633 2881 5685 LII,
2937 5616 2988 5672 4.
3064 5615 3112 5650 9°
3157 5617 3229 5672 III
3279 5619 3417 5690 Reg.
3463 5638 3524 5687 x,
3594 5620 3690 5689 18;
