4062 6280
500 326 656 392 1159

1741 331 1805 392 S.
1855 331 2252 396 THEODORI
2294 334 2654 400 STUDITJE

3730 341 3868 403 1160

571 468 720 535 Quid
753 473 950 525 caetera
968 466 998 522 Ἰ
1016 466 1399 523 Anathemate
1419 466 1708 522 feriuntur
1728 468 1913 524 sancti
1944 470 2110 524 Patre

2224 532 2225 535 η
2323 466 2384 525 Τί
2430 465 2645 539 τᾶλλα;
2691 468 3197 544 Ἀναθεματίζονται
3236 470 3288 525 οἱ
3328 470 3470 545 όίγιοι
3518 471 3674 546 ἡμῶν
3704 470 3867 529 Πατέ-

503 560 728 617 nostri:
774 558 1163 631 praedicantur
1220 557 1320 628 qui
1380 556 1541 628 impii
1591 557 1848 626 fuerunt,
1888 557 2145 615 infantes

500 648 816 722 impietatis
835 649 1127 720 dogmata,
1150 647 1365 702 tradito
1398 645 1695 723 magistris
1718 650 1897 716 toruo,
1931 647 2143 703 docen-

502 749 633 797 tur:
667 756 781 796 non
805 745 891 796 est
919 755 1169 810 usquam
1194 736 1402 792 salutis
1434 738 1762 809 perfugium
1802 737 1954 793 inter
1986 754 2145 794 mor-

498 830 686 887 tales:
721 830 881 902 pium
914 828 1151 885 verbum
1204 826 1447 899 proferri
1499 844 1613 882 non
1646 826 1803 893 licet,
1842 843 2021 900 prope
2048 828 2139 883 in-

499 925 652 977 stant
680 919 929 983 insidie,
960 920 1037 973 ita
1066 921 1132 972 ut
1162 917 1246 973 vir
1275 934 1309 971 ιι
1356 917 1604 988 conjuge
1640 932 1748 972 sua
1777 921 2012 972 caveat:
2046 917 2137 973 in-

498 1012 654 1067 dices
683 1014 741 1064 et
779 1007 1150 1080 pittaciorum
1202 1006 1491 1062 oblatores
1541 1006 1611 1061 ad
1662 1005 1769 1060 hoc
1818 1005 2010 1076 ipsum
2066 1008 2138 1063 ab

499 1102 844 1173 imperatore
876 1098 1196 1154 mercedem
1239 1096 1497 1168 capiunt.
1556 1100 1622 1151 ut
1664 1096 1986 1163 observent,
2039 1098 2136 1153 ubi

496 1191 629 1264 quis
659 1189 799 1261 quid
831 1188 1045 1243 dicata
1074 1188 1296 1243 Cassare
1328 1186 1685 1256 discrepans,
1721 1190 1819 1241 aut
1846 1185 2136 1257 impietati

495 1296 611 1337 non
643 1278 1053 1345 communicet,
1076 1280 1179 1332 aut
1208 1274 1424 1330 librum
1449 1274 1655 1330 habeat
1681 1276 1750 1330 de
1780 1275 2135 1346 imaginibus

493 1374 838 1425 tractantem
863 1385 876 1423 :
901 1366 987 1422 vel
1021 1365 1335 1438 imaginem
1369 1364 1586 1435 ipsam,
1616 1369 1719 1420 aut
1758 1365 2018 1420 exsulem
2050 1383 2135 1422 re-

495 1460 690 1533 cipiat,
721 1462 823 1514 aut
852 1456 1093 1528 captivis
1125 1471 1226 1527 pro
1273 1453 1519 1510 Domino
1569 1455 1880 1510 ministret.
1931 1455 2037 1519 Qui
2085 1456 2132 1511 si

493 1550 978 1622 deprehendatur,
1013 1546 1163 1603 illico
1205 1545 1446 1615 rapitur,
1495 1546 1755 1611 creditur,
1806 1544 2130 1617 relegatur:

488 1642 644 1697 unde
674 1644 731 1694 et
760 1639 1027 1693 dominos
1057 1636 1253 1691 videas
1284 1635 1465 1691 servis
1492 1634 1903 1705 supplicantes
1934 1635 2132 1691 indicii

490 1736 671 1784 metu.
705 1725 882 1781 Nobis
908 1724 1048 1779 illud
1082 1724 1274 1779 dicere
1307 1724 1392 1777 fas
1423 1727 1511 1777 est
1545 1738 1558 1776 :
1594 1727 1714 1780 Non
1756 1726 1833 1778 est
1876 1726 1935 1777 in
1986 1732 2129 1779 tem-

2248 576 2371 632 ρες·
2431 559 2890 634 ἀνακηρύττονται
2949 561 3003 615 οἰ
3059 554 3430 630 ἠσεϐηκότες·
3491 561 3558 616 τά
3610 563 3767 632 νήπια
3815 563 3864 619 ἐν

2245 652 2367 709 τοῖς
2392 650 2491 711 τῆς
2522 644 2766 709 ἀσεϐείας
2806 646 3071 725 δόγμασιν
3122 646 3529 726 ἄνατρὲφονται,
3559 654 3636 722 τῷ
3679 648 3859 709 δοθέντι

2243 737 2402 810 τόμῳ
2430 744 2549 800 τοῖς
2582 735 2932 801 διδασκάλοις
2956 756 2969 769 ’
3005 738 3104 795 οὐκ
3132 733 3246 794 ἔστι
3295 760 3400 795 που
3430 744 3862 819 καταφευκτήριον

2247 827 2499 900 σώματος
2540 826 2592 883 ἰν
2639 827 2980 902 οἷκουμένοις
3006 849 3018 862 ·
3053 826 3151 882 οὐκ
3199 827 3310 883 ἔστι
3368 829 3627 903 προέσθαι
3671 826 3860 894 εὐσεϐές

2241 938 2294 973 τι
2336 918 2524 994 ῥῆμαο
2556 918 2649 974 καί
2695 922 2730 990 ἡ
2780 921 2920 994 θήρα
2963 918 3216 995 ἐγγύθεν·
3268 919 3343 981 ὡς
3391 918 3741 997 φυλάττεσθαι
3786 920 3862 978 ἅν-

2243 1008 2462 1081 θρωπον
2493 1009 2582 1062 καὶ
2626 1008 2733 1063 ἀπὸ
2775 1015 2875 1078 τῆς
2926 1008 3248 1086 συγκοίτοιν
3287 1008 3517 1082 μηνυταὶ
3555 1010 3641 1064 καὶ
3688 1031 3861 1066 πιττα-

2239 1094 2463 1153 κοδόται
2504 1096 2580 1160 εἰς
2626 1096 2757 1153 αὐτὸ
2805 1098 2968 1154 τοῦτο
3009 1097 3156 1175 παρά
3197 1101 3299 1154 τοῦ
3344 1102 3666 1173 κρατοῦντος
3713 1120 3859 1172 μεμι.

2243 1186 2539 1259 σθωμένοι,
2571 1192 2676 1242 ποῦ
2705 1187 2785 1251 τίς
2819 1209 2870 1242 σι
2902 1185 3051 1263 λέγει
3100 1188 3400 1262 ἀπαρέσκον
3439 1192 3520 1260 τῷ
3564 1191 3798 1263 Καίσαρι,
3825 1190 3855 1260 ἢ

2246 1277 2321 1349 μή
2353 1281 2630 1333 κοινωνῶν
2680 1282 2748 1353 τῇ
2801 1273 3040 1349 ἀσεϐείᾳ,
3066 1277 3103 1347 ἢ
3139 1273 3333 1352 βίϐλον
3374 1275 3517 1354 ἔχων
3564 1279 3681 1353 περὶ
3728 1278 3857 1334 εἲκό-

2238 1387 2342 1421 νων
2377 1364 2609 1442 ἔχουσάν
2632 1388 2685 1421 τι
2710 1366 3023 1440 λεγόμενον,
3055 1364 3221 1442 ἤγουν
3264 1365 3430 1434 αὖτήν
3477 1367 3652 1422 εἰκόνα
3674 1386 3686 1399 ·
3718 1364 3772 1421 ἄν
3809 1388 3859 1423 τε

2241 1454 2674 1533 φυγαδευόμενον
2752 1453 3151 1531 εἰσδεχόμενος,
3201 1455 3237 1525 ἢ
3312 1461 3428 1519 τοῖς
3512 1454 3602 1512 διὰ
3682 1458 3856 1532 Κύριον

2239 1545 2667 1622 φρουρουμένοις
2717 1543 2999 1618 διακονῷν.
3035 1544 3140 1601 Κᾶν
3199 1547 3512 1623 φωραθείτγ
3575 1545 3723 1611 εὐθὺς
3773 1549 3861 1602 ἀν-

2238 1637 2532 1709 άρπαστος,
2565 1632 2890 1708 δαρήσιμος,
2923 1632 3192 1709 ἐξόριστος
3218 1655 3229 1666 ⁸
3260 1633 3313 1704 ἐξ
3345 1635 3406 1688 οὗ
3455 1634 3543 1689 καὶ
3592 1640 3704 1696 τοῖς
3748 1632 3861 1690 δού-

2237 1725 2359 1786 λοις
2393 1725 2444 1779 οἱ
2476 1722 2726 1779 δεσπόται
2778 1723 3175 1786 ὑποπίπτοντες
3225 1721 3334 1778 δέει
3383 1723 3682 1796 μηνύσεως.
3714 1725 3861 1795 Ἡμῖν

490 1834 619 1889 pore
643 1817 741 1873 hoc
763 1819 1031 1888 princeps,
1072 1819 1123 1870 et
1170 1813 1455 1884 propheta,
1485 1816 1536 1868 et
1588 1812 1721 1879 dux,
1766 1829 1938 1885 neque
1987 1816 2111 1870 locu.

2237 1813 2430 1887 πρέπει
2472 1811 2665 1888 λέγειν,
2697 1813 2780 1867 ὅτι
2810 1811 2938 1867 Οὐκ
2966 1810 3142 1867 ἔστιν
3185 1809 3245 1866 ἐν
3285 1815 3375 1883 τῷ
3412 1816 3623 1886 καιρῷ
3659 1811 3859 1884 τούτῳ

488 1909 867 1981 primitiarum
903 1920 1087 1960 coram
1154 1906 1399 1969 Domino,
1466 1911 1528 1957 ut
1574 1904 1838 1973 possimus
1879 1904 2131 1960 invenire

488 1994 930 2054 misericordiam
948 1994 1015 2048 9‘.
1052 1994 1353 2064 Propterea
1384 1994 1502 2048 haec
1530 1993 1679 2062 apud
1704 1997 1968 2048 sanctam
1999 1994 2130 2048 ani-

489 2102 644 2141 mam
684 2090 843 2140 tuam
894 2083 1115 2155 indigni
1150 2082 1559 2149 lamentamur,
1607 2085 1890 2152 tauquam
1934 2098 2002 2137 ex
2032 2098 2130 2139 ore

489 2174 750 2230 omnium
781 2171 880 2243 qui
903 2174 1198 2227 veritatem
1218 2170 1560 2237 defendunt,
1588 2171 1716 2240 ejus
1740 2170 2127 2241 patrocinium

483 2268 539 2319 et
569 2261 1000 2318 miserationem
1032 2260 1437 2331 implorantes.
1473 2260 1708 2315 Scimus
1752 2260 1926 2326 enim,
1962 2260 2126 2330 siju-

481 2368 617 2410 vare
672 2350 840 2407 aliter
884 2367 997 2405 non
1050 2350 1257 2422 possit,
1309 2365 1547 2421 precum
1607 2348 1810 2404 saltem
1864 2350 2125 2406 subsidio

484 2457 760 2514 magnum
784 2439 950 2495 nobis
973 2439 1032 2494 in
1047 2438 1298 2494 summis
1318 2438 1628 2511 angustiis,
1651 2454 1779 2493 cum
1804 2439 2123 2510 propitium

481 2531 659 2586 Deum
681 2529 913 2594 habeat,
935 2528 1395 2585 emolumentum
1420 2527 1749 2584 allaturum.
1776 2527 1897 2591 Quo
1929 2536 2122 2584 autem

478 2637 545 2676 ex
576 2623 734 2692 parte
765 2623 1098 2690 cognoscat,
1143 2616 1342 2688 qualia
1380 2616 1496 2671 sint
1543 2617 1761 2672 nefaria
1807 2616 2119 2687 impiorum

484 2710 773 2780 dogmata,
805 2708 898 2762 his
929 2723 996 2762 ea
1018 2705 1222 2761 litteris
1245 2704 1483 2774 adjunxi
1509 2705 1569 2760 in
1593 2704 2077 2775 quateruionibus
2103 2722 2116 2761 :

480 2814 607 2868 quae
633 2798 858 2869 piorum
910 2802 1110 2867 rogatu
1170 2794 1477 2849 relutanda
1522 2793 1833 2865 imperitus
1864 2794 2115 2864 suscepi.

479 2888 590 2944 Oro
627 2892 822 2941 autem
872 2884 1125 2940 divinam
1176 2883 1519 2954 sapientiam
1572 2892 1750 2949 tuam,
1811 2889 1872 2938 ut
1919 2884 2119 2939 omnia

477 2978 768 3050 inspiciat.
799 2980 856 3032 et
875 2974 1214 3046 imperfecta
1237 2973 1504 3044 corrigat,
1529 2973 1876 3044 veniamque
1898 2973 2119 3029 tribuat

478 3069 621 3123 mihi
655 3074 1000 3133 erratorum,
1029 3064 1256 3135 meique
1276 3063 1503 3118 inutilis
1527 3063 1626 3118 ﬁlii
1650 3064 1709 3119 in
1733 3063 1855 3120 suis
1886 3064 2116 3121 ﬂecten-

477 3157 633 3213 tibus
666 3158 847 3212 Deum
880 3154 1148 3229 precibus
1181 3154 1534 3209 recordetur.

461 3445 586 3501 Haec
642 3446 825 3499 autem
903 3442 1124 3510 epistola
1192 3439 1361 3513 missa
1418 3447 1509 3513 est
1557 3440 1720 3494 etiam
1750 3439 1819 3494 ad
1875 3441 2111 3512 patriar-

1026 3514 1181 3569 cham
1210 3511 1540 3568 Antiochiae.

2239 1901 2486 1977 ἄρχων,
2530 1900 2680 1956 οὔτε
2726 1903 3100 1979 προφήτης,
3150 1897 3300 1955 οὔτε
3344 1901 3748 1976 ἡγούμενος·
3796 1902 3859 1957 οὐ

2235 1991 2440 2052 τόπος
2477 1996 2590 2047 τοῦ
2630 1996 2974 2066 καρπῶσαι
3014 1989 3297 2046 ἐνώπιον
3332 1991 3612 2066 Κυρίου,
3641 1991 3742 2047 καὶ
3782 1993 3864 2047 εὑ-

2236 2086 2372 2155 ρεῖν
2414 2076 2622 2142 ἕλεος.
2650 2082 2747 2135 Διά
2775 2085 2935 2136 τοῦτο
2957 2085 3125 2136 ταῦτα
3155 2075 3570 2154 ἐπεόοησάμεθα
3600 2082 3650 2136 οἱ
3673 2081 3862 2150 ἀνάξιοι

2231 2173 2300 2243 τῇ
2334 2169 2461 2247 ἁγίᾳ
2490 2192 2586 2225 σου
2617 2174 2795 2249 ψυχῇ,
2829 2171 2902 2231 ὼς
2938 2170 3039 2224 ἀπὸ
3071 2170 3340 2243 στόματος
3371 2168 3585 2225 πάντων
3615 2175 3719 2225 τῶν
3749 2170 3860 2225 ἀντ-

2234 2258 2515 2333 εχομένων
2567 2267 2667 2328 τῆς
2717 2258 2997 2328 ἀληθείας,
3049 2258 3125 2320 είς
3171 2257 3457 2333 ἀντίληψιν
3527 2261 3618 2314 καὶ
3670 2258 3862 2331 συμπά-

2230 2351 2372 2403 θειαν
2418 2351 2580 2423 ἡμῶν
2631 2347 3022 2422 ἐκκαλούμενοι
3070 2348 3261 2418 αὐτήν.
3319 2345 3558 2420 Οἴδαμεν
3611 2348 3734 2423 γὰρ,
3785 2348 3859 2402 ὅτι

2229 2437 2325 2493 κᾶν
2359 2439 2435 2511 μή
2469 2438 2587 2493 οἶόν
2624 2458 2681 2494 τε
2710 2437 3013 2512 ἐπικουρεῖν
3046 2435 3256 2508 ἄλλως,
3286 2434 3433 2492 ἀλλά
3459 2458 3523 2512 γε
3551 2442 3621 2512 τῇ
3648 2443 3752 2493 τῶν
3783 2436 3857 2491 εὖ·

2228 2533 2348 2604 χῶν
2393 2528 2622 2604 βοηθείᾳ
2653 2527 2792 2605 μέγα
2822 2528 3033 2602 παρέξει
3079 2530 3217 2597 ἡμῖν
3268 2525 3322 2581 ἐν
3365 2532 3483 2588 τοῖς
3524 2527 3857 2602 ἀναγκαιοτά-

2226 2639 2343 2682 τοις
2390 2620 2452 2673 τὸ
2510 2616 2735 2697 ὄφελος,
2794 2616 2992 2691 εὔμενῆ
3047 2618 3139 2673 τὸν
3198 2624 3325 2673 Θεον
3384 2615 3611 2695 ἔχουσα.
3648 2619 3756 2675 Ἵνα
3806 2613 3857 2672 δέ

2227 2707 2385 2784 γνοίη
2420 2706 2478 2763 ἐκ
2509 2708 2726 2781 μέρους,
2760 2709 2853 2762 οἷα
2900 2709 2967 2763 τὰ
3017 2702 3182 2776 ἀσεϐῆ
3230 2703 3476 2782 δόγματα
3524 2708 3632 2762 τῶν
3683 2706 3854 2776 ἀθέων,

2228 2795 2618 2852 συναπέστειλα
2683 2802 2799 2860 τοῖς
2863 2797 3148 2872 γράμμασι
3200 2796 3290 2850 καὶ
3345 2800 3516 2850 ταῦτα
3573 2797 3627 2851 ἒν
3680 2815 3854 2870 τετρα-

2227 2885 2481 2950 δίοις.⁶Α
2537 2886 2626 2942 καὶ
2684 2881 2840 2956 ἔδοξα
2887 2887 2914 2941 ὁ
2964 2887 3178 2960 ἀμαθὴς
3235 2885 3572 2961 ἀνατρέπειν,
3631 2904 3855 2961 προτρα-

2224 2997 2343 3039 πεις
2376 2977 2520 3052 παρά
2552 2973 2807 3032 εὐσεϐῶν.
2840 2976 2990 3034 Αἶτῶ
3021 2973 3077 3032 δὲ
3108 2976 3210 3030 ὑπὸ
3240 2982 3341 3045 τῆς
3372 2974 3520 3039 θείας
3554 2997 3649 3031 σου
3698 2994 3857 3050 μεγα-

2225 3066 2445 3128 λονοίας
2498 3066 2883 3142 ἐπισκεφθῆναι
2942 3067 3032 3119 καὶ
3073 3065 3136 3119 τὸ
3197 3062 3422 3129 ἐλλιπὲς
3467 3064 3855 3141 ἀνορθωθῆναι,

2223 3156 2313 3211 καὶ
2353 3154 2678 3230 συγγνώμην
2710 3159 2816 3211 τῶν
2850 3155 3265 3229 ἐπωφλημένων
3312 3151 3564 3224 δέξασθαί
3605 3175 3690 3226 με,
3720 3150 3851 3225 λαμο

2223 3239 2476 3301 ϐάνεσθαί
2535 3266 2594 3300 τε
2650 3244 2726 3307 εἷς
2782 3247 3002 3318 μνήμην
3061 3243 3115 3299 ἐν
3171 3248 3289 3305 ταῖς
3339 3241 3672 3299 θεοκλινέσιν
3699 3241 3852 3311 αὐτῆς

2221 3339 2576 3412 προσευχαῖς,
2600 3335 2675 3398 ὡς
2700 3332 2920 3408 ἀχρείον
2951 3335 3160 3391 τέκνον.

2313 3424 2384 3478 Ἠ
2428 3422 2590 3492 αὓτή
2645 3420 2711 3477 δὲ
2754 3420 3076 3492 ἐπιστολὴ
3122 3422 3225 3476 καὶ
3277 3422 3438 3496 πρὸς
3490 3420 3603 3476 τὸν
3653 3426 3764 3489 τῆς

2397 3513 2812 3587 Ἀντιοχείας
2845 3512 3266 3586 πατριάρχην
3317 3508 3687 3580 ἀπεστάλη.

1042 3631 1309 3681 Adversus
1342 3628 1815 3680 lconomachorum
1836 3630 2080 3681 haeresim
2111 3635 2164 3682 et
2184 3632 2583 3683 immanitatem.
2617 3632 2822 3697 (Baron.
2856 3644 2942 3681 au.
2972 3629 3083 3691 817,
3114 3643 3167 3680 n.
3198 3628 3298 3692 30.)

449 3731 565 3790 XV.
596 3762 665 3773 —
694 3732 759 3786 In
790 3729 1039 3787 omnibus
1061 3732 1399 3786 sanctissimo
1419 3730 1579 3784 Patri
1603 3733 1859 3797 Patrum,
1891 3730 2100 3787 lumini

522 3822 816 3891 luminum,
856 3819 1121 3891 magistro
1159 3834 1297 3885 meo,
1338 3818 1556 3875 domino
1600 3818 1933 3888 patriarchae
1974 3821 2097 3876 Hie-

525 3913 942 3984 rosolymorum,
991 3909 1295 3966 Theodorus
1359 3909 1642 3978 minimus,
1687 3908 1985 3981 presbyter,
2041 3917 2097 3968 et

519 4003 851 4076 praepositus
880 4001 1252 4058 Studitarum.

521 4190 660 4255 Qui:
705 4185 1072 4243 annuntiabit
1120 4185 1416 4253 Abraham,
1468 4183 1607 4257 quod
1652 4187 1805 4240 aetat
1859 4200 2092 4253 puerum

445 4278 583 4334 Sara
614 4278 660 4315 ⁰²
685 4276 713 4333 ?
741 4277 820 4332 ait
843 4277 1071 4347 uspiam
1102 4290 1287 4330 sermo
1310 4274 1563 4329 divinus.
1591 4274 1659 4329 Et
1689 4274 1819 4344 quis
1849 4274 2088 4346 indigno

440 4366 586 4423 mihi
618 4367 850 4422 nuntiet
891 4363 1173 4420 humilem
1224 4363 1535 4435 epistolam
1569 4379 1758 4419 meam
1792 4363 1863 4418 ad
1897 4380 2090 4419 sacras

442 4454 751 4527 apostolici
783 4454 957 4510 vestri
990 4452 1311 4509 beatissimi
1345 4451 1622 4507 culminis
1655 4468 1864 4507 manus
1896 4468 2089 4523 perve-

444 4544 657 4601 nisse?
700 4546 969 4599 Altamen
1030 4541 1341 4614 perveniet,
1395 4549 1453 4596 ut
1506 4557 1717 4613 spero:
1769 4556 1887 4596 non
1926 4542 2082 4597 enim

435 4650 649 4691 vesana
680 4632 1017 4703 cupiditate,
1060 4631 1159 4688 sed
1177 4630 1537 4695 .necessaria
1574 4646 1752 4686 causa
1795 4628 2085 4700 impulsus

436 4725 707 4797 peccator
733 4726 792 4778 et
820 4720 1126 4793 epistolam
1178 4719 1409 4775 mittere
1460 4734 1639 4775 ausus
1663 4735 1819 4785 sum,
1849 4722 1906 4775 et
1934 4718 2081 4775 lato-

435 4831 556 4872 rem
577 4831 693 4870 uua
707 4814 942 4868 fratrem
958 4809 1371 4867 charissimum
1396 4809 1741 4882 Dionysium
1765 4809 2083 4876 destinare,

436 4902 663 4960 tidelem
710 4917 973 4974 prorsus,
1027 4904 1084 4955 et
1149 4899 1247 4969 qui
1314 4898 1587 4970 supplere
1644 4915 1744 4968 per
1781 4914 1843 4954 se
1885 4899 2083 4954 omnia

434 4997 606 5064 queat
645 5007 774 5064 qua
834 4989 1092 5061 epistolae
1149 4989 1382 5044 desunt.
1431 4988 1628 5057 Itaque
1667 4987 1825 5042 velut
1868 4988 2082 5044 absens

435 5097 689 5152 corpore,
740 5095 990 5151 praesens
1027 5082 1223 5134 autem
1268 5076 1499 5148 spiritu,
1542 5076 1792 5147 primum
1841 5074 2079 5147 quidem

432 5171 560 5241 ejus
592 5168 765 5241 pedes
811 5168 1135 5223 secundum
1192 5171 1372 5222 Deum
1419 5164 1786 5220 ambulantes
1837 5163 2078 5219 humilis

435 5257 753 5328 amplector
784 5274 797 5311 :
831 5256 968 5313 hinc
1008 5256 1165 5312 enim
1195 5254 1339 5309 mihi
1384 5252 1708 5309 benedictio
1740 5261 1794 5307 et
1824 5252 2080 5307 sanctiﬁ-

430 5345 604 5401 catio.
636 5344 857 5401 Deinde
888 5349 1169 5415 tanquam
1202 5342 1274 5398 ab
1298 5342 1589 5413 eajussus
1613 5340 1681 5395 ad
1718 5346 1920 5396 sancta
1948 5339 2076 5396 loca

427 5435 780 5507 proficiscor,
812 5435 1129 5491 adveneror
1160 5447 1393 5487 sacrum
1446 5428 1646 5498 solum,
1696 5431 1845 5501 quod
1880 5429 2074 5487 divina

421 5525 662 5595 vestigia
689 5525 1004 5593 calcarunt,
1036 5521 1328 5579 viviﬂcum
1355 5523 1832 5588 monumentum,
1867 5520 1921 5576 in
1956 5536 2072 5593 quo

496 5671 542 5710 9‘
572 5671 719 5731 Dan.
752 5689 841 5743 ιιι,
871 5672 964 5730 38.
1040 5668 1090 5705 9’
1116 5669 1258 5729 Gen.
1283 5685 1404 5737 xxx,
1428 5668 1485 5724 7.

2205 3731 2305 3788 ΙΕ’.
2339 3763 2404 3772 —-
2434 3735 2534 3804 Τῷ
2565 3732 2640 3787 τὰ
2669 3730 2875 3786 πάντα
2905 3727 3250 3804 ἁγιωτάτῳ
3282 3727 3492 3803 Πατρὶ
3526 3726 3842 3801 Πατέρων,

2274 3826 2574 3899 φωστῆρι
2653 3821 3046 3898 φωστήρων,
3098 3816 3308 3893 κυρίῳ
3382 3838 3534 3890 μου,
3575 3814 3843 3887 δεσπότῃ

2273 3910 2658 3985 πατριάρχῃ
2724 3908 3237 3984 Ἱεροσολύμων,
3277 3904 3623 3982 Θεόδωρος
3702 3903 3840 3961 ἐλά·

2274 4018 2532 4074 χιστος,
2588 3994 3042 4075 πρεσϐύτερος
3108 3995 3215 4052 καὶ
3282 3995 3665 4071 ἡγούμενος
3724 3998 3837 4049 τῶν

2273 4087 2617 4146 Στουδίου.
2696 4090 2842 4162 [σε’.]

2268 4181 2380 4244 Τίς
2415 4176 2774 4256 ἀναγγελεῖ
2802 4172 3095 4250 Ἀϐραὰμ
3133 4174 3233 4231 ὅτι
3266 4175 3487 4253 Σάῥρα
3526 4174 3834 4246 θηλάζεις

2199 4268 2332 4344 φησί
2361 4291 2466 4326 που
2497 4270 2525 4324 ὁ
2554 4269 2699 4341 ἱερὸς
2732 4267 2925 4345 λόγος.
2951 4265 3051 4323 Καὶ
3081 4264 3165 4330 τίς
3195 4265 3319 4339 ἐμοὶ
3351 4269 3430 4338 τῷ
3463 4266 3667 4337 evasti,»
3698 4262 3837 4335 εὐαγ-

2193 4359 2493 4437 γελίσοιτο,
2526 4357 2609 4414 ὅτι
2644 4378 2747 4430 μου
2777 4358 2840 4411 τὸ
2869 4356 3120 4411 ταπεινὸν
3151 4355 3384 4430 γράμμα
3414 4355 3492 4416 εἷς
3532 4354 3678 4428 ἱερὰς
3724 4355 3833 4427 χεῖ-

2197 4471 2291 4526 ρας
2350 4450 2568 4527 φθάσειε
2614 4454 2714 4518 τῆς
2773 4443 3146 4515 ἂποστολικῆς
3206 4445 3359 4518 ὑμῶν
3414 4442 3829 4519 μακαριωτάτης

2192 4545 2480 4618 κορυφῆςς
2529 4539 2717 4610 Ὅμως
2781 4533 3041 4600 πιστεύω,
3095 4532 3178 4589 ὅτι
3235 4535 3564 4609 γενήσεταιο
3614 4530 3673 4586 οὐ
3738 4531 3828 4606 γὰρ

2198 4628 2388 4704 ἀλόγῳ
2428 4625 2704 4699 ἐπιθυμίᾳ,
2739 4623 2882 4681 ἀλλά
2920 4624 3184 4700 ἀναγκαίᾳ
3236 4622 3486 4679 ὑποθέσει
3539 4617 3827 4691 κινηθεὶςὸ

2193 4718 2521 4794 ἁμαρτωλὸς
2605 4715 2887 4788 ἐτόλμησα
2943 4714 3033 4770 καὶ
3088 4715 3152 4770 τὸ
3209 4714 3441 4791 γράμμα
3499 4710 3824 4778 ἀποστεῖλαι,

2191 4809 2281 4864 καὶ
2338 4809 2432 4863 τὸν
2489 4805 2927 4883 ἐπιστοληφόρον
2985 4803 3265 4860 Διονύσιον
3320 4803 3410 4858 τὸν
3458 4801 3825 4857 ποθεινότατον

2191 4896 2425 4975 ἀδελφὸν
2486 4897 2979 4971 συνεκπέμψασθαι,
3010 4896 3198 4950 πιστὸν
3260 4889 3412 4963 ὄντα,
3470 4892 3563 4946 καὶ
3621 4888 3825 4944 δυνατὸν

2189 4987 2289 5042 ὅσα
2343 4986 2587 5042 ἐλλείπει
2641 4991 2710 5061 τῇ
2769 4982 3036 5057 ἐπιστολῇ
3094 4984 3186 5060 ἀφ’
3233 4981 3426 5037 ἑαυτοῦ
3485 4980 3821 5055 ἐξηγορῆσαι.

2188 5080 2484 5151 Τοιγαροῦν
2535 5075 2610 5140 ὡς
2656 5075 2807 5130 ἀπὼν
2856 5078 2936 5146 τῷ
2986 5074 3222 5147 σώματι,
3253 5069 3441 5145 παρὼν
3473 5067 3532 5124 δὲ
3559 5074 3638 5140 τῷ
3667 5066 3819 5123 πνεύ-

2191 5186 2339 5234 ματι,
2368 5170 2585 5240 πρῶτον
2636 5165 2731 5238 μὲν
2781 5165 2808 5219 ὁ
2863 5160 3114 5223 ταπεινὰς
3161 5161 3576 5230 κατασπάζομαι
3629 5158 3693 5212 τά
3712 5156 3820 5209 θεον

2186 5249 2328 5322 6ηδῆ
2390 5254 2553 5321 αὐτῆς
2615 5251 2983 5329 ἴχνη-τοῦτο
3037 5252 3138 5327 γάρ
3198 5249 3322 5323 ἐμοὶ
3377 5245 3606 5321 εὐλογία
3654 5264 3710 5298 τε
3737 5240 3815 5295 καὶ

2185 5341 2467 5417 ἀγιασμός.
2508 5344 2737 5399 Ἔπειτα
2767 5342 2843 5404 ὡς
2891 5341 3026 5417 πρὸς
3076 5339 3244 5408 αὐτῆς
3292 5335 3606 5410 ἐπιτραπεὶς
3635 5332 3814 5402 ἄπειμι

2181 5427 2233 5484 ἒν
2289 5435 2404 5492 τοῖς
2450 5426 2732 5493 σεϐαστοῖς
2779 5429 3009 5492 τόποις·
3062 5427 3514 5502 προσπτύσσομαι
3572 5422 3635 5477 τὸ
3682 5423 3812 5475 θεῖον

2179 5516 2395 5600 ἔδαφος,
2427 5520 2495 5575 οὗ
2522 5520 2590 5576 τὰ
2620 5522 2737 5576 θεῖα
2768 5516 2898 5595 ἴχνη
2935 5513 3137 5593 βέϐηκε
3161 5538 3172 5550 ·
3204 5517 3267 5571 τὸ
3307 5514 3577 5586 ζωοποιὸν
3612 5514 3810 5585 μνῆμα,
