4062 6280
263 355 413 416 1161

1537 340 2100 405 EPISTOLARUM
2147 341 2294 401 LIB.
2344 342 2422 402 II.

3518 346 3671 406 1162

261 487 344 566 ἐφ’
374 490 419 559 ᾧ
449 486 511 542 τὸ
543 484 797 561 πανάγιον
827 487 986 557 σῶμα
1013 483 1110 538 τοῦ
1138 485 1271 539 Θεοῦ
1300 482 1388 537 καὶ
1434 486 1692 553 Σωτῆρος
1742 481 1902 550 ἡμῶν

2050 477 2451 533 anctissimum
2477 477 2578 534 Dei
2610 482 2666 535 et
2695 478 3009 536 Salvatoris
3053 481 3236 536 nostri
3266 483 3407 537 Jesu
3453 481 3669 537 Christi

262 582 445 648 Ἰησοῦ
477 580 719 651 Χριστοῦ
749 573 1003 643 κατετέθη
1038 592 1050 604 ·
1084 574 1175 627 τὸν
1208 575 1393 650 χῶρον
1427 574 1523 625 τοῦ
1558 568 1715 646 ἁγίου
1759 570 1899 641 Κρα-

260 670 401 735 νίου,
436 666 484 720 έν
524 668 567 737 ᾧ
600 664 932 740 ἐσταύρωται
963 664 990 716 6
1044 660 1239 736 Κύριος
1287 667 1386 729 τῆς
1439 657 1618 729 δόξης.
1673 660 1902 729 Μετειμι

261 755 553 830 ἀλλαχοῦ·
613 755 723 825 ὁρῶ
779 754 878 820 τήν
934 750 1087 825 ἁγίαν
1145 748 1396 821 Βηθλεὲμ
1449 748 1522 810 ὡς
1564 743 1856 817 τηνἙδέμ
1888 764 1901 779 ο

262 849 551 923 προσκυνῶ
580 844 679 912 τήν
725 842 868 896 Θείαν
917 841 1116 917 φάτνην
1166 840 1296 912 ὑπὲρ
1347 839 1446 907 τὴν
1504 838 1741 910 στάμνον
1801 836 1900 903 τήν

265 937 503 1010 χρυσῆν,
536 932 588 986 ἐν
619 933 655 1003 ᾗ
685 930 746 985 ού
782 932 976 1002 μάννα,
1027 926 1151 983 ἀλλ’
1201 930 1229 981 6
1277 931 1376 991 τῆς
1420 932 1564 995 ζωῆς
1612 924 1772 999 ἄρτος
1820 923 1909 978 τέ-

268 1028 460 1080 θειται.
494 1022 595 1079 Καὶ
626 1023 731 1093 μὴν
769 1019 956 1095 βλέπω
984 1020 1045 1074 τὸ
1090 1016 1239 1094 ἆίγιον
1282 1018 1433 1091 ὃρος,
1465 1014 1527 1070 οὗ
1579 1019 1613 1085 ἡ
1657 1014 1907 1083 θειοτάτη

274 1113 701 1188 μεταμορφωσις
735 1129 748 1142 ’
785 1110 847 1164 τὸ
885 1112 991 1163 τῶν
1043 1106 1241 1162 ἐλαιῶν
1274 1105 1422 1181 ὅρος,
1454 1105 1545 1179 ἀφ’
1595 1102 1656 1158 οὗ
1710 1104 1907 1172 ἀνέπτη

268 1204 409 1279 πρὸς
465 1202 724 1276 οὐρανοὺς
781 1201 809 1253 6
866 1203 973 1253 τῶν
1030 1196 1177 1252 ὅλων
1235 1195 1433 1270 Κύριος

276 1296 629 1364 Γεθσημανῆ,
663 1290 743 1367 ἐφ’
850 1289 876 1341 ὁ
926 1289 1093 1363 τάφος
1131 1290 1230 1351 τῆς
1281 1283 1651 1340 πανσεϐάστοῦ
1697 1280 1915 1337 δεσποί-

271 1404 372 1453 νης
396 1382 557 1453 ἡμῶν
584 1379 849 1435 Θεοτόκου
883 1397 895 1409 ·
928 1381 1088 1432 τοῦτο
1121 1375 1339 1431 κάκεῖνα
1375 1396 1386 1407 ·
1439 1372 1532 1428 ⁹ίνα
1585 1375 1659 1447 μὴ
1716 1374 1918 1447 μακρὸν

274 1473 624 1543 ἁποτείνοιμι
660 1468 845 1543 λόγον.
878 1470 946 1521 ’Ὠ
977 1471 1091 1527 πῶς
1120 1466 1208 1520 καὶ
1242 1466 1333 1519 ἀπ’
1363 1464 1529 1532 αὐτῆς
1575 1465 1748 1536 μόνης
1800 1460 1917 1516 ἐπι-

278 1563 529 1636 μνήσεως
582 1561 852 1632 ἁγιασμοῦ
900 1556 1010 1611 ἐστι
1066 1554 1411 1629 μετάληψιςί
1449 1555 1514 1607 Ὠ
1553 1551 1803 1622 πηλίκων
1831 1551 1922 1605 καὶ

277 1654 495 1727 φρκτῶν
548 1644 900 1720 σεϐασμάτων
959 1648 994 1715 ἡ
1044 1652 1143 1714 τῆς
1195 1650 1293 1714 σῆς
1365 1642 1767 1718 μακαριότητος
1824 1641 1923 1695 ὑπ-

277 1742 439 1816 άρχει
470 1741 679 1815 κορυφή
710 1741 723 1794 l
759 1738 833 1791 Σὺ
888 1740 1103 1809 πρῶτος
1153 1739 1530 1809 πατριαρχῶν,
1582 1733 1677 1787 κᾶν
1727 1727 1924 1786 πεντά-

282 1837 397 1900 ζοις
451 1834 530 1901 τῷ
586 1828 823 1900 ἀριθμῷ.
865 1827 942 1883 Οῦ
998 1826 1100 1899 γὰρ
1157 1830 1184 1879 ὁ
1234 1824 1525 1884 ἐπίσκοπος
1564 1827 1671 1878 τῶν
1706 1826 1923 1897 ψυχῶν,

278 1923 373 1977 καὶ
422 1925 531 1974 τῶν
582 1918 726 1973 ὅλων
777 1916 1062 1991 ἀρχιερεὺς
1111 1915 1200 1970 καὶ
1245 1914 1526 1989 ἐγεννήθη,
1593 1913 1679 1966 καὶ
1737 1909 1927 1986 ἓδρασε

286 2014 354 2067 τὰ
386 2008 620 2085 θεουργα
666 2007 860 2073 πάντα,
906 2005 992 2059 καὶ
1051 2001 1231 2071 ἔπαθε,
1263 2005 1351 2057 καὶ
1395 2005 1672 2071 τέθαπται,
1705 2003 1793 2055 καὶ
1834 2000 1926 2054 ἀν-

286 2103 439 2169 έστη,
499 2098 587 2152 καὶ
646 2091 823 2165 ἔζησε,
884 2094 973 2149 καὶ
1030 2091 1309 2169 ἀνελήφθη
1346 2114 1359 2126 ·
1418 2091 1525 2146 ἐκεί
1580 2087 1835 2162 δηλονότι
1865 2092 1927 2145 τὸ

288 2190 580 2263 ὑπεραῖρον
623 2184 866 2239 ἁπάντων
920 2182 1153 2256 ἀξίωμα.
1188 2180 1362 2238 Ἀλλὰ
1436 2180 1557 2251 περῖ
1634 2181 1728 2253 μὲν
1800 2180 1929 2234 τού-

292 2301 400 2334 των
461 2279 695 2331 τοσαῦτα
751 2272 905 2345 πόθῳ
962 2272 1051 2325 καὶ
1133 2271 1327 2346 τρύμῳ
1407 2268 1748 2343 τετόλμηταί
1836 2289 1928 2341 μοι

288 2370 529 2439 λαλῆσαι
564 2387 578 2400 ⁶
614 2367 701 2422 ἐπὶ
736 2363 794 2421 δέ
822 2367 884 2421 τὸ
912 2363 1093 2439 ἕτερον
1122 2360 1391 2439 τρέψομαι
1433 2361 1785 2440 ἀπάγγελμα.

362 2459 615 2535 Διωγμὸς
680 2458 826 2528 ἡμᾶς
880 2453 1227 2533 κατείληφεν,
1278 2453 1323 2506 ὦ
1385 2454 1782 2525 μακαριώτατε,
1840 2452 1929 2506 καὶ

293 2547 551 2621 διωγμῶν
582 2553 609 2601 ὸ
639 2542 1204 2615 Ἐλληνοειδέστατος.
1238 2543 1385 2597 Ἐπεὶ
1416 2544 1518 2617 γὰρ
1540 2538 1735 2616 ᾔσθετο
1765 2542 1792 2595 ὁ
1829 2548 1929 2595 Σα-

292 2641 452 2698 τανᾶς
520 2635 568 2688 ἐν
624 2633 918 2708 προθύροις
971 2633 1102 2686 εἶναι
1151 2632 1250 2698 τήν
1305 2634 1571 2704 μακαρίαν
1618 2628 1812 2685 ἐλπίδα
1842 2630 1930 2684 καὶ

294 2724 601 2802 ἐπιφάνειαν
630 2730 731 2791 τῆς
772 2718 931 2791 δόξης
964 2725 1058 2775 τοῦ
1092 2720 1333 2794 μεγάλου
1371 2724 1503 2775 Θεοῦ
1534 2720 1621 2773 καὶ
1672 2726 1932 2793 Σωτῆρος

295 2818 451 2887 ἡμῶν
512 2815 694 2882 Ἰησοῦ
761 2815 1013 2885 Χριστοῦ.
1084 2808 1316 2878 Μείζους
1374 2813 1479 2862 τῶν
1537 2808 1789 2883 αἱρέσεων
1840 2809 1934 2862 ἀν-

294 2905 446 2958 άπτει
490 2903 587 2963 τὰς
631 2900 864 2977 φλόγας,
912 2896 1229 2972 προεισόδια
1275 2901 1373 2961 τῆς
1412 2902 1509 2952 τοῦ
1558 2897 1934 2971 Ἀντιχρίστου

290 2990 609 3065 παρουσίας.
661 2990 720 3042 Τί
772 2992 983 3056 τοῦτο;
1032 2988 1133 3055 τήν
1192 2985 1363 3040 παλαι
1421 2985 1506 3039 ἐπὶ
1575 2987 1805 3046 Λέοντος
1845 2985 1935 3039 καὶ

291 3078 696 3137 Κωνσταντίνου
756 3075 1119 3152 διεγερθεῖσαν
1190 3070 1458 3144 ἀσέϐειαν,
1514 3076 1603 3129 καὶ
1685 3078 1936 3147 μανείσαν

291 3170 383 3226 ἐπὶ
416 3167 580 3238 πολὺ,
614 3168 704 3220 καὶ
736 3167 989 3240 ῥαγεῖσαν
1034 3163 1150 3234 θείᾳ
1207 3163 1548 3235 ἀπιτιμήσει,
1606 3161 1756 3223 αὖθις
1812 3163 1935 3235 ἄρτι

1502 1215 1516 1226 ·
1572 1195 1670 1261 τήν
1759 1193 1911 1267 ἁγίαν

2015 584 2227 638 corpus
2278 568 2604 637 depositum
2685 569 2808 637 fuit,
2843 586 3077 625 sacrum
3138 570 3409 625 Calvariaa
3456 571 3669 636 locum,

2013 657 2108 711 ubi
2167 658 2446 711 Dominus
2481 656 2671 726 glorias
2721 660 3050 714 cruciﬁxus.
3103 660 3228 715 Alio
3289 676 3500 731 pergo:
3543 680 3676 716 san-

2013 744 2166 793 ctam
2220 737 2515 792 Bethleem
2566 739 2733 810 quasi
2779 740 2957 795 Edem
3011 742 3352 812 conspicio:
3404 742 3667 799 divinum

2017 828 2194 883 adoro
2230 843 2485 898 praesepe
2525 844 2703 899 supra
2761 846 2967 885 urnam
3027 831 3366 897 auream,in
3394 848 3507 903 quo
3558 849 3672 889 non

2018 933 2251 983 manna,
2285 916 2386 971 sed
2412 917 2580 988 panis
2628 918 2754 972 vitae
2795 919 3063 975 conditus
3113 924 3221 977 est.
3274 921 3452 977 Video
3498 922 3674 978 etiam

2018 1011 2255 1062 sanctus
2278 1015 2552 1073 montem,
2586 1008 2644 1062 in
2677 1024 2792 1077 quo
2835 1009 3223 1065 divinissima.
3267 1010 3676 1083 Transﬁgura-

2021 1097 2143 1152 tio:
2178 1096 2469 1152 Olivarum
2520 1102 2797 1168 montem,
2845 1100 3000 1155 unde
3050 1102 3121 1155 ad
3172 1100 3349 1158 caelos
3388 1103 3675 1160 Dominus

2023 1185 2286 1241 omnium
2321 1184 2563 1241 evolavit
2598 1204 2610 1241 :
2647 1192 2906 1243 sanctam
2967 1188 3419 1261 Gethsemanen,
3451 1192 3551 1247 ubi
3582 1209 3675 1249 se-

2024 1275 2290 1346 pulcrum
2321 1277 2466 1331 omni
2507 1276 2725 1333 honore
2749 1278 2999 1334 colendae
3031 1280 3291 1336 Dominae
3325 1290 3531 1338 nostra:
3554 1283 3681 1338 Dei-

2025 1363 2329 1433 parae.Hoc
2362 1369 2535 1435 atque
2562 1364 2728 1436 illud,
2762 1382 2833 1422 ne
2862 1366 3093 1438 longam
3126 1373 3318 1424 texam
3342 1371 3674 1427 orationem.

2026 1454 2069 1508 Ο
2103 1462 2316 1524 quanta
2339 1456 2421 1509 vel
2446 1471 2514 1509 ex
2543 1454 2672 1526 ipsa
2704 1458 3253 1515 commemoratione
3299 1464 3499 1516 manat
3539 1478 3679 1517 san-

2027 1542 2336 1597 ctificatio!
2371 1559 2403 1597 ο
2425 1547 2567 1613 quot
2596 1548 2652 1599 et
2682 1547 2914 1614 quantis
2959 1547 3201 1603 culturis
3251 1554 3461 1620 praeest
3497 1550 3679 1606 beati-

2027 1631 2248 1686 tudinis
2304 1635 2413 1686 tuae
2468 1633 2704 1688 vertex!
2758 1636 2844 1690 Tu
2904 1636 3127 1705 primus
3177 1638 3669 1708 patriarcharum,

2032 1722 2164 1776 licet
2198 1722 2434 1792 quintus
2460 1726 2805 1779 numereris.
2840 1725 2948 1781 Ubi
2997 1725 3153 1782 enim
3204 1727 3511 1800 episcopus
3553 1730 3679 1785 ani-

2036 1828 2261 1867 marum
2297 1828 2363 1869 ac
2394 1813 2649 1883 pontifex
2705 1816 2968 1872 omnium
3019 1824 3191 1874 natus
3249 1824 3356 1887 est,
3387 1825 3441 1875 et
3486 1819 3685 1877 divina

2034 1903 2232 1977 omnia
2262 1908 2558 1973 operatus,
2591 1908 2650 1959 et
2679 1921 2911 1975 passus,
2934 1909 2991 1962 et
3022 1907 3309 1978 sepultus,
3342 1908 3441 1964 ubi
3491 1926 3683 1966 resur-

2037 1991 2202 2058 rexit,
2228 1994 2284 2045 et
2311 1991 2449 2046 vixit
2479 1996 2537 2046 et
2574 2003 2908 2063 assumptus
2925 1998 3041 2064 est;
3067 1995 3187 2051 illic
3236 2014 3510 2067 suprema
3559 2015 3687 2054 om-

2036 2089 2199 2145 nium
2230 2090 2429 2160 procul
2461 2090 2637 2146 dubio
2682 2091 2956 2163 dignitas.
2986 2095 3095 2149 Sed
3118 2096 3189 2151 de
3235 2095 3328 2151 his
3376 2096 3681 2166 hactenus,

2039 2179 2323 2236 desiderio
2380 2196 2446 2237 ac
2514 2180 2830 2237 reverentia
2913 2182 3197 2255 impulsus
3273 2184 3426 2257 loqui
3506 2203 3687 2244 ausus

2039 2286 2192 2326 sum.
2237 2270 2402 2325 Nunc
2478 2271 2548 2326 ad
2623 2270 2865 2328 alteram
2941 2274 3330 2332 narrationem
3388 2292 3482 2332 me
3558 2294 3692 2335 con-

2040 2365 2218 2414 verto.

2114 2449 2328 2504 Invasit
2385 2466 2487 2505 nos
2544 2452 2889 2523 persecutio,
2939 2453 3296 2522 beatissime,
3317 2463 3371 2511 et
3419 2472 3693 2526 persecu-

2043 2538 2262 2593 tionum
2286 2540 2551 2593 omnium
2580 2540 2821 2596 ethnicas
2844 2540 3159 2599 simillima.
3193 2542 3505 2616 Postquam
3535 2546 3691 2601 enim

2044 2627 2227 2682 sensit
2254 2627 2499 2683 Satanas
2539 2628 2596 2683 in
2621 2629 2822 2699 januis
2854 2646 2978 2687 esse
3010 2630 3235 2688 beatam
3267 2649 3455 2705 spem,
3487 2639 3542 2690 et
3589 2636 3693 2691 ad-

2042 2722 2275 2773 ventum
2300 2717 2492 2789 gloriae
2526 2720 2721 2791 magni
2747 2720 2846 2775 Dei
2891 2728 2944 2777 et
2971 2721 3290 2779 Salvatoris
3339 2725 3524 2781 nostri
3553 2726 3694 2782 Jesu

2044 2807 2276 2875 Christi,
2312 2809 2557 2878 majores
2588 2808 2869 2865 haeresum
2904 2811 3056 2867 faces
3096 2814 3382 2882 accendit,
3416 2813 3697 2886 praeludis

2042 2897 2325 2951 adventus
2358 2896 2726 2953 Antichristi.
2758 2898 2903 2964 Quid
2950 2900 3059 2955 hoc
3117 2901 3199 2956 rei
3248 2902 3383 2957 est?
3430 2904 3698 2960 Exortam

2045 2986 2182 3041 olim
2216 2985 2325 3040 sub
2357 2986 2543 3041 Leone
2572 2990 2628 3042 et
2648 2987 3029 3045 Constantino
3064 2989 3448 3062 impietatem,
3480 2993 3698 3065 diuque

2046 3073 2480 3143 debacchatam,
2532 3078 2630 3131 sed
2692 3077 2883 3133 divina
2947 3079 3205 3135 vindicta
3279 3098 3694 3154 compressam,

2047 3180 2211 3218 nunc
2242 3164 2450 3219 iterum
2484 3166 2851 3236 cognominis
2872 3174 2926 3223 et
2948 3184 3111 3240 asque
3142 3170 3361 3241 impius
3382 3171 3698 3243 imperator

292 3262 321 3314 6
356 3258 654 3332 ὁμώνυμος
696 3256 784 3310 καὶ
834 3256 1147 3326 συνώνυμος
1197 3256 1265 3325 τῇ
1316 3247 1527 3322 ἀσεϐείᾳ
1575 3256 1786 3324 κρατῶν
1841 3253 1935 3306 ἀν-

2049 3254 2361 3321 renovavit,
2388 3254 2563 3325 idque
2602 3259 2762 3311 tanto
2812 3262 3042 3325 conatu,
3079 3262 3142 3313 ut
3189 3258 3422 3314 illorum
3472 3262 3694 3318 rabiem

290 3349 579 3404 ενεώσατο.
630 3345 728 3400 Καὶ
768 3347 1048 3404 τοσοῦτον,
1092 3342 1165 3404 ὡς
1216 3343 1523 3415 ἀποκρύψαι
1574 3342 1671 3408 τὴν
1723 3341 1940 3395 ἐκείνων

291 3438 514 3494 λύτταν.
546 3434 739 3489 Διώκει
781 3434 871 3486 τὸν
918 3432 1144 3504 Χριστὸν
1205 3428 1641 3506 ἐγγεγραμμένον
1688 3428 1779 3484 σὺν
1822 3437 1946 3500 Μη-

289 3526 383 3601 τρὶ
415 3526 505 3579 καὶ
564 3524 902 3596 θεράπουσι·
946 3520 1037 3574 καὶ
1094 3522 1156 3574 οὗ
1186 3518 1245 3573 ἂν
1304 3520 1472 3593 εὖροι,
1521 3518 1788 3594 καθαίρει,
1822 3519 1945 3595 φλέ-

293 3637 404 3692 γει.
466 3613 742 3670 Ἐντεῦθεν
817 3612 1170 3681 θυσιαστήρια
1245 3610 1659 3681 κατεσκσμμένα
1716 3628 1731 3641 ·
1806 3608 1945 3683 ἱεροὶ

293 3704 420 3760 ναοὶ
471 3705 862 3776 ἡμαυρωμένοι
897 3720 910 3732 ·
959 3699 1119 3768 σκεύη
1172 3700 1293 3773 ἱερά
1338 3697 1761 3774 ἐμπεπρησμένα
1794 3720 1806 3733 ·
1851 3698 1949 3753 οὐκ

294 3790 441 3849 ἔστιν
474 3790 557 3846 ὅτι
585 3792 659 3862 μὴ
688 3788 1035 3845 ἐλλέλειπται
1072 3788 1238 3859 μέρος
1286 3794 1386 3855 τῆς
1436 3788 1524 3841 ὑπ’
1576 3789 1736 3842 αὐτὸν
1801 3789 1950 3863 βασι-

299 3882 455 3945 λείας
493 3881 642 3936 ἐαθέν
688 3877 1053 3953 ἂκαθαίρετον.
1108 3875 1263 3932 Ἀλλ’
1325 3876 1375 3930 εἷ’
1425 3897 1543 3937 πως
1597 3876 1835 3948 εὑρεθείη
1868 3898 1951 3937 τις

303 3971 658 4049 ἒγκεκρυφὼς
694 3970 890 4036 σεπτήν
920 3968 1121 4035 εἰκόνα,
1223 3963 1409 4020 δέλτον
1457 3967 1579 4037 περὶ
1635 3965 1802 4035 αὐτῆς
1856 3965 1951 4019 λε-

306 4063 437 4120 κτόν
467 4084 521 4117 τι
570 4056 800 4135 ἕγουσαν
838 4078 850 4091 ·
915 4060 1252 4132 ἁνάρπαστος
1296 4056 1474 4125 εὐθὺς,
1528 4056 1740 4131 μάςτιξι
1794 4079 1951 4113 κατα-

306 4153 645 4225 ξαινόμενος,
690 4151 777 4205 καὶ
827 4154 929 4203 πᾶν
981 4148 1125 4203 ἄλλο
1183 4145 1353 4201 δεινὸν
1405 4148 1781 4226 ὑφιστάμενος.
1833 4149 1953 4204 Ἐν-

306 4244 489 4297 τεῦθεν
551 4238 796 4313 δείματα,
855 4237 945 4293 καὶ
1014 4236 1240 4309 τρόμοι,
1308 4237 1395 4290 καὶ
1480 4234 1751 4298 ἐκστάσεις
1828 4238 1951 4313 περὶ

307 4330 482 4386 πᾶντα
540 4331 820 4402 ἄνθρωπον
881 4345 893 4358 ’
959 4327 1033 4386 ὡς
1082 4326 1167 4379 καὶ
1230 4326 1443 4399 χαίρειν
1503 4323 1676 4399 λέγειν
1731 4323 1953 4402 ἀδελφῷ

309 4416 564 4496 ἀδελφὸν,
614 4418 701 4472 καὶ
751 4414 899 4495 φίλῳ
948 4413 1127 4494 φίλον,
1179 4413 1545 4488 ἐκτρέπεσθαι.
1590 4412 1825 4477 Σύνοδος
1864 4436 1951 4469 κυ-

313 4512 477 4583 ροῦσα
506 4509 603 4575 τήν
636 4506 808 4561 πάλαι
846 4502 1221 4573 ἀσεϐεστάτην,
1256 4505 1342 4558 καὶ
1393 4504 1952 4575 καταναθεματίζουσα

2052 3344 2338 3398 obscuret.
2382 3344 2732 3413 Expressum
2763 3345 3006 3417 picturis
3045 3346 3333 3404 Christum
3383 3350 3701 3409 insectatur

2053 3449 2186 3490 cum
2221 3432 2400 3487 Matre
2438 3437 2494 3488 et
2525 3434 2847 3505 ministris;
2871 3436 3205 3510 ubicunque
3237 3447 3437 3496 nactus
3473 3458 3569 3498 eas
3591 3448 3700 3512 est,

2053 3522 2223 3589 delet,
2248 3522 2453 3576 exurit.
2488 3522 2632 3578 Hinc
2681 3540 2880 3581 eversa
2913 3525 3140 3595 altaria,
3172 3529 3325 3585 aedes
3378 3547 3555 3586 sacra:
3610 3532 3708 3589 de-

2054 3612 2331 3682 formata,
2366 3630 2530 3669 sacra
2560 3631 2698 3670 vasa
2746 3622 3135 3683 concremata,
3171 3635 3276 3675 nec
3324 3619 3445 3675 ulla
3478 3638 3609 3692 pars
3642 3623 3703 3679 in

2055 3702 2182 3771 ejus
2214 3717 2390 3773 regno
2421 3708 2507 3758 est
2537 3703 2606 3758 ab
2656 3704 2754 3759 illa
2796 3707 3153 3776 grassatione
3202 3708 3502 3767 immunis.
3556 3712 3703 3778 Quin

2056 3791 2105 3846 si
2134 3802 2394 3862 repertus
2426 3794 2713 3865 quispiam
2747 3795 2919 3850 fuerit
2960 3798 3339 3854 venerandam
3388 3799 3705 3873 imaginem

2059 3879 2399 3946 occultasse,
2431 3887 2529 3936 aut
2559 3881 2773 3938 librum
2814 3885 2915 3955 qui
2945 3886 3014 3939 de
3046 3901 3114 3941 ea
3167 3892 3460 3957 retractet,
3492 3889 3716 3960 rapitur

2059 3985 2089 4025 e
2118 3971 2379 4043 vestigio,
2416 3974 2766 4041 verberatur,
2798 3978 2856 4029 et
2885 3975 3009 4029 dira
3058 3976 3173 4031 alia
3216 3980 3411 4034 omnia
3454 3980 3712 4052 perpeti—

2058 4063 2170 4114 tur.
2209 4060 2353 4115 Hinc
2411 4068 2653 4117 terrores
2702 4079 2767 4118 ac
2832 4064 3268 4134 trepidationes,
3330 4072 3715 4140 stuporesque

2060 4148 2323 4203 omnium
2358 4150 2665 4205 hominum
2692 4167 2706 4207 :
2738 4152 2881 4207 adeo
2916 4156 2978 4208 ut
3008 4155 3183 4209 frater
3217 4156 3376 4211 fratri
3407 4156 3711 4228 valedicat,

2061 4246 2114 4293 et
2162 4239 2386 4293 amicus
2445 4240 2699 4295 amicum
2757 4246 3067 4298 aversetur.
3102 4244 3367 4316 Synodus
3407 4247 3557 4302 facta
3600 4253 3710 4317 est,

2061 4330 2311 4381 veterem
2344 4327 2501 4383 illam
2530 4329 2771 4399 impiam
2822 4332 3196 4403 conﬁrmans,
3227 4340 3285 4389 et
3329 4335 3710 4395 orthodoxam

2063 4416 2429 4472 anathemate
2459 4420 2874 4475 condemnans.
2894 4421 3234 4479 Sacerdotes
3267 4440 3382 4480 non
3402 4424 3716 4483 intellexe-

2070 4508 2544 4575 runt,Dominum
2580 4527 2694 4565 non
2730 4512 3119 4583 requisierunt
3153 4532 3167 4570 ι
3199 4517 3297 4571 sed
3335 4518 3486 4587 quod
3517 4518 3714 4575 Achab

307 4600 410 4667 τὴν
449 4595 756 4671 ὁρθὸὃοξον,
791 4598 973 4667 Ἰερεῖς
1023 4594 1451 4669 ἠφρονεύσαντο,
1492 4592 1580 4647 καὶ
1628 4595 1719 4648 τὸν
1768 4595 1936 4669 Κύριοη

2072 4599 2307 4668 placuit,
2340 4601 2796 4670 comprobarunt
2836 4618 2850 4656 :
2904 4606 3103 4659 Omnes
3162 4604 3593 4675 declinaverunt,
3643 4609 3715 4663 .ςί-

312 4688 411 4743 ούκ
440 4687 759 4757 ἐξεζήτησαν
793 4705 805 4715 ⁸
844 4681 989 4738 ἀλλὰ
1017 4683 1079 4736 τὸ
1110 4687 1187 4753 τῷ
1237 4680 1449 4756 ’Δχαάϐ
1503 4680 1655 4755 δόξαν
1704 4686 1962 4757 συνεκρό-

310 4797 502 4845 τησαν.
556 4776 798 4835 Πάντες
845 4770 1208 4842 ἐξέκλιναν,
1261 4774 1389 4843 ὅμα
1436 4772 1957 4846 ἠχρειώθησαν·

313 4866 461 4933 πλὴν
499 4863 699 4939 ὀλίγων
730 4859 958 4936 κομιδῇ.
993 4860 1160 4917 Τίνων
1209 4861 1419 4915 τούτων
1461 4880 1474 4929 ;
1541 4859 1849 4915 ἐπισκόπων
1906 4883 1964 4918 τε

315 4954 405 5011 καὶ
438 4954 754 5027 ἡγουμένων
802 4971 813 4983 ·
853 4950 1198 5023 μοναζὸντων
1227 4971 1284 5004 τε
1314 4950 1401 5005 καὶ
1444 4955 1791 5022 μοναζουσῶν
1826 4972 1838 4983 ο
1867 4951 1962 5006 αύ-

313 5049 412 5099 τοῦ
440 5065 519 5113 τε,
569 5044 753 5117 χάριτι
804 5045 960 5110 Θεοῦ,
1010 5044 1105 5094 τοῦ
1154 5043 1587 5115 κορυφαιοτάτου
1631 5042 1791 5112 ἡμῶν
1821 5043 1962 5116 ἆρχ-

321 5133 505 5206 ιερέως
539 5151 552 5164 ·
583 5133 654 5185 ὧν
682 5130 735 5186 οἷ
770 5132 866 5203 μὲν
897 5130 1307 5207 έμαστίχθησαν
1340 5144 1355 5159 ⁸
1392 5127 1557 5183 ἄλλοι
1596 5131 1967 5205 ὑπερωρίσθη-

317 5221 659 5296 σαν”έτεροι
712 5220 1163 5291 ἐσυλακίσθησαν.
1226 5222 1398 5276 Ἔνιοι
1452 5217 1509 5274 δὲ
1573 5219 1664 5274 καὶ
1718 5221 1966 5296 παραυτά

317 5321 426 5369 τῶν
455 5316 655 5367 ποινῶν
689 5312 827 5385 πρὸς
868 5311 1062 5385 Κύριον
1108 5307 1467 5382 ἐξεδήμησαν,
1516 5309 1810 5379 ἀθλητικὸν
1848 5312 1966 5365 στέ-

317 5423 482 5476 φανον
508 5400 790 5473 ἀράμενοι.

386 5490 445 5545 Τί
465 5490 655 5563 τὰάτῆς
712 5488 1114 5566 βλασφημίας;
1169 5484 1531 5561 Κωμῳδεῖται
1585 5490 1619 5556 ἡ
1675 5489 1843 5557 σεπτή
1874 5489 1967 5543 καὶ

403 5673 449 5707 9³
479 5672 626 5728 Psal.
653 5689 752 5739 ιιι,
790 5671 836 5725 4.

642 5772 901 5832 ΡΑτιιοι.
946 5771 1057 5834 Gn.
1101 5769 1305 5836 XCIX.

2068 4688 2185 4741 mul
2215 4690 2440 4742 inutiles
2459 4690 2735 4757 [anisum
2756 4689 2820 4759 9³,
2846 4694 3049 4762 paucis
3094 4695 3406 4750 admodum
3441 4699 3716 4768 exceptis.

2072 4776 2433 4839 Quibusnam
2462 4776 2615 4832 illis?
2638 4779 2935 4850 Episcopis
2956 4786 3010 4835 et
3042 4783 3389 4853 praepositis,
3415 4786 3718 4842 monachis

2072 4870 2128 4919 et
2168 4866 2536 4933 monialibus,
2571 4877 2623 4922 et
2654 4868 2802 4939 ipso,
2844 4868 2945 4924 Dei
2985 4870 3191 4942 gratia,
3224 4889 3495 4943 supremo
3536 4875 3723 4930 archi-

2072 4955 2343 5026 episcopo
2376 4961 2594 5011 nostro.
2631 4958 2889 5024 Quorum
2924 4960 3160 5030 quidem
3191 4960 3287 5014 alii
3311 4962 3557 5033 ﬂagellis
3587 4964 3723 5020 cesi

2074 5050 2235 5111 sunt,
2269 5045 2368 5100 alii
2397 5045 2657 5118 relegati,
2680 5046 2778 5101 alii
2809 5048 2869 5102 in
2902 5065 3185 5105 carcerem
3216 5051 3461 5113 detrusi.
3496 5052 3591 5108 alii
3624 5069 3726 5123 per

2076 5134 2247 5189 hasce
2280 5151 2478 5205 pcenas
2534 5137 2605 5190 ad
2658 5136 2966 5193 Dominum
3001 5138 3340 5211 migrarunt,
3382 5140 3719 5198 athleticam

2074 5239 2346 5279 coronam
2389 5229 2767 5296 reportantes.

2149 5492 2295 5557 Quid
2332 5494 2400 5550 de
2432 5494 2799 5567 blasphemia
2824 5496 3068 5569 loquar?
3096 5498 3375 5556 Irridetur
3404 5502 3732 5559 veneranda

3321 5780 3401 5843 37
