  <div class='ocr_page' id='page_1' title='image "/cluster/home/n/w/nwhite01/storage/ocr_20150623/99/mdp.39015005675577/587.png"; bbox 0 0 4062 6280; ppageno 0'>
   <div class='ocr_carea' id='block_1_1' title="bbox 445 317 2064 388">
    <p class='ocr_par' dir='ltr' id='par_1_1' title="bbox 445 321 2064 388">
     <span class='ocr_line' id='line_1_1' title="bbox 445 321 2064 388; baseline -0.004 0"><span class='ocrx_word' id='word_1_1' title='bbox 445 327 598 388; x_wconf 78' lang='grc'>1163</span> <span class='ocrx_word' id='word_1_2' title='bbox 1684 322 1747 383; x_wconf 92' lang='lat' dir='ltr'><strong>S.</strong></span> <span class='ocrx_word' id='word_1_3' title='bbox 1795 321 2064 382; x_wconf 53' lang='lat' dir='ltr'><strong>THEOD‘</strong></span> 
     </span>
    </p>
   </div>
   <div class='ocr_carea' id='block_1_2' title="bbox 2183 317 3814 388">
    <p class='ocr_par' dir='ltr' id='par_1_2' title="bbox 2183 317 3814 381">
     <span class='ocr_line' id='line_1_2' title="bbox 2183 317 3814 381; baseline 0 -1"><span class='ocrx_word' id='word_1_4' title='bbox 2183 321 2198 381; x_wconf 96' lang='grc'>[</span> <span class='ocrx_word' id='word_1_5' title='bbox 2240 318 2601 381; x_wconf 75' lang='lat' dir='ltr'><strong>STUDIT/E</strong></span> <span class='ocrx_word' id='word_1_6' title='bbox 3673 317 3814 380; x_wconf 75' lang='grc' dir='ltr'>ιιθι</span> 
     </span>
    </p>
   </div>
   <div class='ocr_carea' id='block_1_3' title="bbox 443 453 2064 534">
    <p class='ocr_par' dir='ltr' id='par_1_3' title="bbox 443 455 2064 529">
     <span class='ocr_line' id='line_1_3' title="bbox 443 455 2064 529; baseline -0.004 -13"><span class='ocrx_word' id='word_1_7' title='bbox 443 470 496 516; x_wconf 90' lang='lat' dir='ltr'><strong>et</strong></span> <span class='ocrx_word' id='word_1_8' title='bbox 526 459 829 516; x_wconf 84' lang='lat' dir='ltr'><strong>tremenda</strong></span> <span class='ocrx_word' id='word_1_9' title='bbox 884 459 1077 529; x_wconf 86' lang='lat' dir='ltr'><strong>imago</strong></span> <span class='ocrx_word' id='word_1_10' title='bbox 1124 457 1355 525; x_wconf 83' lang='lat' dir='ltr'><strong>Christi,</strong></span> <span class='ocrx_word' id='word_1_11' title='bbox 1388 461 1668 528; x_wconf 89' lang='lat' dir='ltr'><strong>tanquam</strong></span> <span class='ocrx_word' id='word_1_12' title='bbox 1726 455 2064 513; x_wconf 68' lang='lat' dir='ltr'><strong>abominati:</strong></span> 
     </span>
    </p>
   </div>
   <div class='ocr_carea' id='block_1_4' title="bbox 2183 453 3815 534">
    <p class='ocr_par' dir='ltr' id='par_1_4' title="bbox 2197 453 3815 534">
     <span class='ocr_line' id='line_1_4' title="bbox 2197 453 3815 534; baseline 0.006 -27"><span class='ocrx_word' id='word_1_13' title='bbox 2197 455 2393 530; x_wconf 82' lang='grc' dir='ltr'>φρικτή</span> <span class='ocrx_word' id='word_1_14' title='bbox 2427 453 2585 509; x_wconf 80' lang='grc' dir='ltr'>εἰκὼν</span> <span class='ocrx_word' id='word_1_15' title='bbox 2617 456 2873 529; x_wconf 81' lang='grc' dir='ltr'>Χριστοῦ,</span> <span class='ocrx_word' id='word_1_16' title='bbox 2905 458 2979 520; x_wconf 81' lang='grc' dir='ltr'>ὡς</span> <span class='ocrx_word' id='word_1_17' title='bbox 3033 455 3318 533; x_wconf 72' lang='grc' dir='ltr'>βδέλυγμα</span> <span class='ocrx_word' id='word_1_18' title='bbox 3366 458 3710 534; x_wconf 74' lang='grc' dir='ltr'>ἐρημώσεως,</span> <span class='ocrx_word' id='word_1_19' title='bbox 3747 463 3815 524; x_wconf 84' lang='grc' dir='ltr'><strong>ὡς</strong></span> 
     </span>
    </p>
   </div>
   <div class='ocr_carea' id='block_1_5' title="bbox 443 539 2064 626">
    <p class='ocr_par' dir='ltr' id='par_1_5' title="bbox 443 547 2064 620">
     <span class='ocr_line' id='line_1_5' title="bbox 443 547 2064 620; baseline -0.004 -13"><span class='ocrx_word' id='word_1_20' title='bbox 443 550 837 616; x_wconf 84' lang='lat' dir='ltr'><strong>desolationis,</strong></span> <span class='ocrx_word' id='word_1_21' title='bbox 868 553 1146 620; x_wconf 86' lang='lat' dir='ltr'><strong>tanquam</strong></span> <span class='ocrx_word' id='word_1_22' title='bbox 1175 547 1397 603; x_wconf 90' lang='lat' dir='ltr'><strong>idolum</strong></span> <span class='ocrx_word' id='word_1_23' title='bbox 1430 548 1642 602; x_wconf 89' lang='lat' dir='ltr'><strong>erroris</strong></span> <span class='ocrx_word' id='word_1_24' title='bbox 1675 564 1688 602; x_wconf 91' lang='lat'><strong>:</strong></span> <span class='ocrx_word' id='word_1_25' title='bbox 1722 547 1924 602; x_wconf 90' lang='lat' dir='ltr'><strong>eodem</strong></span> <span class='ocrx_word' id='word_1_26' title='bbox 1957 561 2064 600; x_wconf 92' lang='lat' dir='ltr'><strong>mo-</strong></span> 
     </span>
    </p>
   </div>
   <div class='ocr_carea' id='block_1_6' title="bbox 2183 539 3818 626">
    <p class='ocr_par' dir='ltr' id='par_1_6' title="bbox 2197 539 3818 626">
     <span class='ocr_line' id='line_1_6' title="bbox 2197 539 3818 626; baseline 0.005 -30"><span class='ocrx_word' id='word_1_27' title='bbox 2197 539 2427 598; x_wconf 76' lang='grc' dir='ltr'>εἷ¹δωλον</span> <span class='ocrx_word' id='word_1_28' title='bbox 2459 543 2673 614; x_wconf 81' lang='grc' dir='ltr'><strong>πλάνης</strong></span> <span class='ocrx_word' id='word_1_29' title='bbox 2709 563 2721 576; x_wconf 95' lang='grc'><strong>⁸</strong></span> <span class='ocrx_word' id='word_1_30' title='bbox 2757 545 2929 606; x_wconf 77' lang='grc' dir='ltr'>οὕτως</span> <span class='ocrx_word' id='word_1_31' title='bbox 2967 550 3110 601; x_wconf 82' lang='grc' dir='ltr'>πᾶσα</span> <span class='ocrx_word' id='word_1_32' title='bbox 3138 545 3285 618; x_wconf 76' lang='grc' dir='ltr'>ἄλλη</span> <span class='ocrx_word' id='word_1_33' title='bbox 3311 544 3641 618; x_wconf 81' lang='grc' dir='ltr'>δεσποινική,</span> <span class='ocrx_word' id='word_1_34' title='bbox 3672 551 3818 626; x_wconf 81' lang='grc' dir='ltr'>ἁγιω-</span> 
     </span>
    </p>
   </div>
   <div class='ocr_carea' id='block_1_7' title="bbox 443 633 2064 711">
    <p class='ocr_par' dir='ltr' id='par_1_7' title="bbox 443 637 2060 711">
     <span class='ocr_line' id='line_1_7' title="bbox 443 637 2060 711; baseline -0.004 -15"><span class='ocrx_word' id='word_1_35' title='bbox 443 641 518 696; x_wconf 91' lang='lat' dir='ltr'><strong>do</strong></span> <span class='ocrx_word' id='word_1_36' title='bbox 574 639 846 711; x_wconf 69' lang='lat' dir='ltr'><strong>quaslibet</strong></span> <span class='ocrx_word' id='word_1_37' title='bbox 891 638 1006 693; x_wconf 88' lang='lat' dir='ltr'><strong>alia</strong></span> <span class='ocrx_word' id='word_1_38' title='bbox 1053 637 1309 692; x_wconf 68' lang='lat' dir='ltr'><strong>Dominae</strong></span> <span class='ocrx_word' id='word_1_39' title='bbox 1361 645 1533 692; x_wconf 80' lang='lat' dir='ltr'><strong>costae</strong></span> <span class='ocrx_word' id='word_1_40' title='bbox 1602 641 1658 692; x_wconf 88' lang='lat' dir='ltr'><strong>et</strong></span> <span class='ocrx_word' id='word_1_41' title='bbox 1725 641 2060 693; x_wconf 89' lang='lat' dir='ltr'><strong>sanctorum</strong></span> 
     </span>
    </p>
   </div>
   <div class='ocr_carea' id='block_1_8' title="bbox 2183 633 3817 711">
    <p class='ocr_par' dir='ltr' id='par_1_8' title="bbox 2196 633 3817 710">
     <span class='ocr_line' id='line_1_8' title="bbox 2196 633 3817 710; baseline 0.004 -24"><span class='ocrx_word' id='word_1_42' title='bbox 2196 633 2344 703; x_wconf 86' lang='grc' dir='ltr'>τική.</span> <span class='ocrx_word' id='word_1_43' title='bbox 2405 637 2584 706; x_wconf 75' lang='grc' dir='ltr'>Ἄρτι,</span> <span class='ocrx_word' id='word_1_44' title='bbox 2643 635 2797 710; x_wconf 76' lang='grc' dir='ltr'>φησί,</span> <span class='ocrx_word' id='word_1_45' title='bbox 2847 636 3057 710; x_wconf 85' lang='grc' dir='ltr'>καθαρά</span> <span class='ocrx_word' id='word_1_46' title='bbox 3111 637 3201 690; x_wconf 83' lang='lat' dir='ltr'><strong>xui</strong></span> <span class='ocrx_word' id='word_1_47' title='bbox 3242 636 3548 709; x_wconf 82' lang='grc' dir='ltr'><strong>ἀμώμητος</strong></span> <span class='ocrx_word' id='word_1_48' title='bbox 3602 637 3770 701; x_wconf 88' lang='grc' dir='ltr'>πίστις</span> <span class='ocrx_word' id='word_1_49' title='bbox 3801 657 3817 673; x_wconf 86' lang='grc'><strong>⁸</strong></span> 
     </span>
    </p>
   </div>
   <div class='ocr_carea' id='block_1_9' title="bbox 440 719 2064 800">
    <p class='ocr_par' dir='ltr' id='par_1_9' title="bbox 440 726 2064 800">
     <span class='ocr_line' id='line_1_9' title="bbox 440 726 2064 800; baseline -0.003 -15"><span class='ocrx_word' id='word_1_50' title='bbox 440 729 627 798; x_wconf 87' lang='lat' dir='ltr'><strong>Nunc,</strong></span> <span class='ocrx_word' id='word_1_51' title='bbox 670 729 880 800; x_wconf 89' lang='lat' dir='ltr'><strong>inquit,</strong></span> <span class='ocrx_word' id='word_1_52' title='bbox 922 728 1150 783; x_wconf 86' lang='lat' dir='ltr'><strong>sincera</strong></span> <span class='ocrx_word' id='word_1_53' title='bbox 1206 733 1263 782; x_wconf 90' lang='lat' dir='ltr'><strong>et</strong></span> <span class='ocrx_word' id='word_1_54' title='bbox 1309 726 1608 797; x_wconf 84' lang='lat' dir='ltr'><strong>inculpata</strong></span> <span class='ocrx_word' id='word_1_55' title='bbox 1664 727 1806 782; x_wconf 84' lang='lat' dir='ltr'><strong>fides</strong></span> <span class='ocrx_word' id='word_1_56' title='bbox 1858 743 1871 780; x_wconf 90' lang='lat'><strong>:</strong></span> <span class='ocrx_word' id='word_1_57' title='bbox 1935 742 2064 781; x_wconf 45' lang='lat' dir='ltr'><strong>nunt</strong></span> 
     </span>
    </p>
   </div>
   <div class='ocr_carea' id='block_1_10' title="bbox 2183 719 3820 800">
    <p class='ocr_par' dir='ltr' id='par_1_10' title="bbox 2197 719 3820 798">
     <span class='ocr_line' id='line_1_10' title="bbox 2197 719 3820 798; baseline 0.004 -22"><span class='ocrx_word' id='word_1_58' title='bbox 2197 719 2341 794; x_wconf 77' lang='grc' dir='ltr'>ἄρτι,</span> <span class='ocrx_word' id='word_1_59' title='bbox 2369 722 2523 798; x_wconf 81' lang='grc' dir='ltr'>φησὶ,</span> <span class='ocrx_word' id='word_1_60' title='bbox 2560 721 2760 798; x_wconf 79' lang='grc' dir='ltr'>Κύριος</span> <span class='ocrx_word' id='word_1_61' title='bbox 2792 721 3056 794; x_wconf 78' lang='grc' dir='ltr'>ἐλάλησεν</span> <span class='ocrx_word' id='word_1_62' title='bbox 3089 726 3362 798; x_wconf 81' lang='grc' dir='ltr'><strong>εἰρήνην</strong></span> <span class='ocrx_word' id='word_1_63' title='bbox 3406 726 3508 780; x_wconf 82' lang='grc' dir='ltr'>ἐπὶ</span> <span class='ocrx_word' id='word_1_64' title='bbox 3541 727 3646 783; x_wconf 86' lang='grc' dir='ltr'><strong>τὸν</strong></span> <span class='ocrx_word' id='word_1_65' title='bbox 3676 727 3820 783; x_wconf 88' lang='grc' dir='ltr'>λαὸν</span> 
     </span>
    </p>
   </div>
   <div class='ocr_carea' id='block_1_11' title="bbox 443 811 2064 887">
    <p class='ocr_par' dir='ltr' id='par_1_11' title="bbox 443 816 2064 887">
     <span class='ocr_line' id='line_1_11' title="bbox 443 816 2064 887; baseline -0.004 -9"><span class='ocrx_word' id='word_1_66' title='bbox 443 822 720 878; x_wconf 87' lang='lat' dir='ltr'><strong>Dominus</strong></span> <span class='ocrx_word' id='word_1_67' title='bbox 763 819 992 874; x_wconf 90' lang='lat' dir='ltr'><strong>locutus</strong></span> <span class='ocrx_word' id='word_1_68' title='bbox 1057 821 1144 872; x_wconf 83' lang='lat' dir='ltr'><strong>est</strong></span> <span class='ocrx_word' id='word_1_69' title='bbox 1185 833 1373 886; x_wconf 80' lang='lat' dir='ltr'><strong>pacem</strong></span> <span class='ocrx_word' id='word_1_70' title='bbox 1415 816 1612 887; x_wconf 79' lang='lat' dir='ltr'><strong>papula</strong></span> <span class='ocrx_word' id='word_1_71' title='bbox 1643 824 1838 881; x_wconf 81' lang='lat' dir='ltr'><strong>suo,et</strong></span> <span class='ocrx_word' id='word_1_72' title='bbox 1881 819 2064 872; x_wconf 80' lang='lat' dir='ltr'><strong>sancti</strong></span> 
     </span>
    </p>
   </div>
   <div class='ocr_carea' id='block_1_12' title="bbox 2183 811 3820 887">
    <p class='ocr_par' dir='ltr' id='par_1_12' title="bbox 2197 811 3820 884">
     <span class='ocr_line' id='line_1_12' title="bbox 2197 811 3820 884; baseline 0.004 -19"><span class='ocrx_word' id='word_1_73' title='bbox 2197 811 2418 879; x_wconf 80' lang='grc' dir='ltr'>αὐτοῦ,</span> <span class='ocrx_word' id='word_1_74' title='bbox 2451 812 2559 866; x_wconf 85' lang='grc' dir='ltr'>καὶ</span> <span class='ocrx_word' id='word_1_75' title='bbox 2589 812 2695 867; x_wconf 82' lang='grc' dir='ltr'><strong>ἐπὶ</strong></span> <span class='ocrx_word' id='word_1_76' title='bbox 2724 814 2878 876; x_wconf 83' lang='grc' dir='ltr'>τοὺς</span> <span class='ocrx_word' id='word_1_77' title='bbox 2910 814 3136 877; x_wconf 83' lang='grc' dir='ltr'><strong>ὁσίους</strong></span> <span class='ocrx_word' id='word_1_78' title='bbox 3162 815 3381 884; x_wconf 80' lang='grc' dir='ltr'>αὐτοῦ,</span> <span class='ocrx_word' id='word_1_79' title='bbox 3413 817 3519 872; x_wconf 85' lang='grc' dir='ltr'><strong>καὶ</strong></span> <span class='ocrx_word' id='word_1_80' title='bbox 3548 815 3646 872; x_wconf 83' lang='grc' dir='ltr'><strong>ἐπὶ</strong></span> <span class='ocrx_word' id='word_1_81' title='bbox 3675 818 3820 880; x_wconf 75' lang='grc' dir='ltr'>τοὺς</span> 
     </span>
    </p>
   </div>
   <div class='ocr_carea' id='block_1_13' title="bbox 439 899 2064 980">
    <p class='ocr_par' dir='ltr' id='par_1_13' title="bbox 439 904 2064 980">
     <span class='ocr_line' id='line_1_13' title="bbox 439 904 2064 980; baseline -0.004 -13"><span class='ocrx_word' id='word_1_82' title='bbox 439 914 579 980; x_wconf 77' lang='lat' dir='ltr'><strong>eius,</strong></span> <span class='ocrx_word' id='word_1_83' title='bbox 609 911 757 966; x_wconf 81' lang='lat' dir='ltr'><strong>etiis</strong></span> <span class='ocrx_word' id='word_1_84' title='bbox 805 910 899 979; x_wconf 85' lang='lat' dir='ltr'><strong>qui</strong></span> <span class='ocrx_word' id='word_1_85' title='bbox 954 906 1024 960; x_wconf 84' lang='lat' dir='ltr'><strong>ad</strong></span> <span class='ocrx_word' id='word_1_86' title='bbox 1079 907 1239 961; x_wconf 81' lang='lat' dir='ltr'><strong>illum</strong></span> <span class='ocrx_word' id='word_1_87' title='bbox 1286 922 1378 962; x_wconf 86' lang='lat' dir='ltr'><strong>cor</strong></span> <span class='ocrx_word' id='word_1_88' title='bbox 1433 909 1755 962; x_wconf 78' lang='lat' dir='ltr'><strong>convertunt</strong></span> <span class='ocrx_word' id='word_1_89' title='bbox 1809 904 1878 960; x_wconf 79' lang='lat'><strong>&quot;.</strong></span> <span class='ocrx_word' id='word_1_90' title='bbox 1912 905 2064 969; x_wconf 88' lang='lat' dir='ltr'><strong>Quas</strong></span> 
     </span>
    </p>
   </div>
   <div class='ocr_carea' id='block_1_14' title="bbox 2183 899 3819 980">
    <p class='ocr_par' dir='ltr' id='par_1_14' title="bbox 2193 899 3819 980">
     <span class='ocr_line' id='line_1_14' title="bbox 2193 899 3819 980; baseline 0.005 -26"><span class='ocrx_word' id='word_1_91' title='bbox 2193 899 2724 980; x_wconf 70' lang='grc' dir='ltr'><strong>ἐπιστρέφοντας</strong></span> <span class='ocrx_word' id='word_1_92' title='bbox 2757 901 3031 976; x_wconf 81' lang='grc' dir='ltr'>καρδίαν</span> <span class='ocrx_word' id='word_1_93' title='bbox 3061 903 3162 959; x_wconf 83' lang='grc' dir='ltr'><strong>ἐπ’</strong></span> <span class='ocrx_word' id='word_1_94' title='bbox 3184 904 3400 960; x_wconf 80' lang='grc' dir='ltr'>αὐτόν.</span> <span class='ocrx_word' id='word_1_95' title='bbox 3426 903 3638 976; x_wconf 73' lang='grc' dir='ltr'>Ὠςῆδη</span> <span class='ocrx_word' id='word_1_96' title='bbox 3660 905 3819 980; x_wconf 67' lang='grc' dir='ltr'>ἀρθείς</span> 
     </span>
    </p>
   </div>
   <div class='ocr_carea' id='block_1_15' title="bbox 440 988 2064 1075">
    <p class='ocr_par' dir='ltr' id='par_1_15' title="bbox 440 993 2064 1069">
     <span class='ocr_line' id='line_1_15' title="bbox 440 993 2064 1069; baseline -0.005 -13"><span class='ocrx_word' id='word_1_97' title='bbox 440 1001 672 1057; x_wconf 87' lang='lat' dir='ltr'><strong>sublata</strong></span> <span class='ocrx_word' id='word_1_98' title='bbox 704 1015 811 1069; x_wconf 85' lang='lat' dir='ltr'><strong>pax</strong></span> <span class='ocrx_word' id='word_1_99' title='bbox 865 1004 1034 1064; x_wconf 88' lang='lat' dir='ltr'><strong>esset,</strong></span> <span class='ocrx_word' id='word_1_100' title='bbox 1077 1011 1144 1050; x_wconf 84' lang='lat' dir='ltr'><strong>ex</strong></span> <span class='ocrx_word' id='word_1_101' title='bbox 1189 1011 1305 1066; x_wconf 92' lang='lat' dir='ltr'><strong>quo</strong></span> <span class='ocrx_word' id='word_1_102' title='bbox 1354 995 1618 1050; x_wconf 87' lang='lat' dir='ltr'><strong>Christus</strong></span> <span class='ocrx_word' id='word_1_103' title='bbox 1670 993 1862 1048; x_wconf 84' lang='lat' dir='ltr'><strong>dixit:</strong></span> <span class='ocrx_word' id='word_1_104' title='bbox 1896 995 2064 1050; x_wconf 78' lang='lat' dir='ltr'><strong>Pacen</strong></span> 
     </span>
    </p>
   </div>
   <div class='ocr_carea' id='block_1_16' title="bbox 2183 988 3824 1075">
    <p class='ocr_par' dir='ltr' id='par_1_16' title="bbox 2198 988 3824 1075">
     <span class='ocr_line' id='line_1_16' title="bbox 2198 988 3824 1075; baseline 0.004 -31"><span class='ocrx_word' id='word_1_105' title='bbox 2198 1012 2298 1060; x_wconf 86' lang='grc' dir='ltr'><strong>σης</strong></span> <span class='ocrx_word' id='word_1_106' title='bbox 2330 997 2430 1058; x_wconf 81' lang='grc' dir='ltr'><strong>τῆς</strong></span> <span class='ocrx_word' id='word_1_107' title='bbox 2462 990 2708 1064; x_wconf 71' lang='grc' dir='ltr'>εἰρήνης,</span> <span class='ocrx_word' id='word_1_108' title='bbox 2741 993 2828 1068; x_wconf 79' lang='grc' dir='ltr'>ἀφ’</span> <span class='ocrx_word' id='word_1_109' title='bbox 2859 990 2922 1046; x_wconf 81' lang='grc' dir='ltr'><strong>οὗ</strong></span> <span class='ocrx_word' id='word_1_110' title='bbox 2953 995 3192 1068; x_wconf 87' lang='grc' dir='ltr'>Χριστὸς</span> <span class='ocrx_word' id='word_1_111' title='bbox 3223 988 3346 1073; x_wconf 74' lang='grc' dir='ltr'>ἔφη’</span> <span class='ocrx_word' id='word_1_112' title='bbox 3399 993 3683 1069; x_wconf 78' lang='grc' dir='ltr'>Εἰρήνην</span> <span class='ocrx_word' id='word_1_113' title='bbox 3722 996 3824 1075; x_wconf 70' lang='grc' dir='ltr'>ἀφ-</span> 
     </span>
    </p>
   </div>
   <div class='ocr_carea' id='block_1_17' title="bbox 439 1078 2064 1160">
    <p class='ocr_par' dir='ltr' id='par_1_17' title="bbox 439 1081 2064 1160">
     <span class='ocr_line' id='line_1_17' title="bbox 439 1081 2064 1160; baseline -0.008 -15"><span class='ocrx_word' id='word_1_114' title='bbox 439 1089 693 1160; x_wconf 80' lang='lat' dir='ltr'><strong>relinquo</strong></span> <span class='ocrx_word' id='word_1_115' title='bbox 760 1087 924 1152; x_wconf 86' lang='lat' dir='ltr'><strong>vobis,</strong></span> <span class='ocrx_word' id='word_1_116' title='bbox 993 1099 1183 1156; x_wconf 80' lang='lat' dir='ltr'><strong>pacem</strong></span> <span class='ocrx_word' id='word_1_117' title='bbox 1237 1099 1416 1138; x_wconf 86' lang='lat' dir='ltr'><strong>meam</strong></span> <span class='ocrx_word' id='word_1_118' title='bbox 1463 1083 1527 1138; x_wconf 87' lang='lat' dir='ltr'><strong>do</strong></span> <span class='ocrx_word' id='word_1_119' title='bbox 1567 1083 1722 1138; x_wconf 83' lang='lat' dir='ltr'><strong>vobis</strong></span> <span class='ocrx_word' id='word_1_120' title='bbox 1763 1082 1830 1151; x_wconf 71' lang='grc'><strong>’⁵,</strong></span> <span class='ocrx_word' id='word_1_121' title='bbox 1877 1081 1950 1138; x_wconf 91' lang='lat' dir='ltr'><strong>ad</strong></span> <span class='ocrx_word' id='word_1_122' title='bbox 1981 1083 2064 1138; x_wconf 84' lang='lat' dir='ltr'><strong>hOI</strong></span> 
     </span>
    </p>
   </div>
   <div class='ocr_carea' id='block_1_18' title="bbox 2183 1078 3823 1160">
    <p class='ocr_par' dir='ltr' id='par_1_18' title="bbox 2202 1078 3823 1157">
     <span class='ocr_line' id='line_1_18' title="bbox 2202 1078 3823 1157; baseline 0.005 -25"><span class='ocrx_word' id='word_1_123' title='bbox 2202 1078 2356 1152; x_wconf 90' lang='grc' dir='ltr'>ίημι</span> <span class='ocrx_word' id='word_1_124' title='bbox 2392 1080 2547 1152; x_wconf 84' lang='grc' dir='ltr'>ὑμῖν</span> <span class='ocrx_word' id='word_1_125' title='bbox 2581 1099 2593 1112; x_wconf 86' lang='grc'><strong>⁸</strong></span> <span class='ocrx_word' id='word_1_126' title='bbox 2625 1079 2900 1156; x_wconf 74' lang='grc' dir='ltr'>εἰρήνην</span> <span class='ocrx_word' id='word_1_127' title='bbox 2931 1083 3048 1152; x_wconf 86' lang='grc' dir='ltr'><strong>τήν</strong></span> <span class='ocrx_word' id='word_1_128' title='bbox 3079 1082 3246 1155; x_wconf 78' lang='grc' dir='ltr'>ἐμὴν</span> <span class='ocrx_word' id='word_1_129' title='bbox 3277 1081 3522 1156; x_wconf 87' lang='grc' dir='ltr'>δίδωμι</span> <span class='ocrx_word' id='word_1_130' title='bbox 3549 1084 3823 1157; x_wconf 77' lang='grc' dir='ltr'>ὑμῖν·μὲ-</span> 
     </span>
    </p>
   </div>
   <div class='ocr_carea' id='block_1_19' title="bbox 438 1165 2064 1249">
    <p class='ocr_par' dir='ltr' id='par_1_19' title="bbox 438 1172 2064 1249">
     <span class='ocr_line' id='line_1_19' title="bbox 438 1172 2064 1249; baseline -0.004 -14"><span class='ocrx_word' id='word_1_131' title='bbox 438 1195 627 1249; x_wconf 88' lang='lat' dir='ltr'><strong>usque</strong></span> <span class='ocrx_word' id='word_1_132' title='bbox 684 1182 914 1246; x_wconf 79' lang='lat' dir='ltr'><strong>tempus</strong></span> <span class='ocrx_word' id='word_1_133' title='bbox 972 1189 986 1228; x_wconf 89' lang='lat'><strong>:</strong></span> <span class='ocrx_word' id='word_1_134' title='bbox 1040 1178 1096 1229; x_wconf 89' lang='lat' dir='ltr'><strong>et</strong></span> <span class='ocrx_word' id='word_1_135' title='bbox 1149 1173 1275 1243; x_wconf 87' lang='lat' dir='ltr'><strong>ejus</strong></span> <span class='ocrx_word' id='word_1_136' title='bbox 1341 1172 1592 1228; x_wconf 82' lang='lat' dir='ltr'><strong>Ecclesia</strong></span> <span class='ocrx_word' id='word_1_137' title='bbox 1665 1172 2064 1230; x_wconf 86' lang='lat' dir='ltr'><strong>contaminata</strong></span> 
     </span>
    </p>
   </div>
   <div class='ocr_carea' id='block_1_20' title="bbox 2183 1165 3825 1249">
    <p class='ocr_par' dir='ltr' id='par_1_20' title="bbox 2195 1165 3825 1245">
     <span class='ocr_line' id='line_1_20' title="bbox 2195 1165 3825 1245; baseline 0.005 -25"><span class='ocrx_word' id='word_1_138' title='bbox 2195 1185 2294 1242; x_wconf 89' lang='grc' dir='ltr'><strong>χρι</strong></span> <span class='ocrx_word' id='word_1_139' title='bbox 2312 1172 2408 1222; x_wconf 91' lang='grc' dir='ltr'><strong>τοῦ</strong></span> <span class='ocrx_word' id='word_1_140' title='bbox 2441 1165 2598 1242; x_wconf 87' lang='grc' dir='ltr'>δεῦρο</span> <span class='ocrx_word' id='word_1_141' title='bbox 2633 1187 2647 1200; x_wconf 85' lang='grc'><strong>⁸</strong></span> <span class='ocrx_word' id='word_1_142' title='bbox 2670 1169 2759 1225; x_wconf 83' lang='grc' dir='ltr'>καὶ</span> <span class='ocrx_word' id='word_1_143' title='bbox 2782 1167 3172 1245; x_wconf 73' lang='grc' dir='ltr'>ὲρῥυπωμένης</span> <span class='ocrx_word' id='word_1_144' title='bbox 3204 1169 3369 1242; x_wconf 76' lang='grc' dir='ltr'>οὔσης</span> <span class='ocrx_word' id='word_1_145' title='bbox 3390 1179 3490 1241; x_wconf 83' lang='grc' dir='ltr'><strong>τῆς</strong></span> <span class='ocrx_word' id='word_1_146' title='bbox 3511 1173 3825 1244; x_wconf 80' lang='grc' dir='ltr'>Ἐκκλησίας</span> 
     </span>
    </p>
   </div>
   <div class='ocr_carea' id='block_1_21' title="bbox 437 1257 2064 1340">
    <p class='ocr_par' dir='ltr' id='par_1_21' title="bbox 437 1259 2062 1340">
     <span class='ocr_line' id='line_1_21' title="bbox 437 1259 2062 1340; baseline -0.005 -16"><span class='ocrx_word' id='word_1_147' title='bbox 437 1285 612 1340; x_wconf 88' lang='lat' dir='ltr'><strong>quam</strong></span> <span class='ocrx_word' id='word_1_148' title='bbox 646 1272 883 1322; x_wconf 86' lang='lat' dir='ltr'><strong>sanctus</strong></span> <span class='ocrx_word' id='word_1_149' title='bbox 915 1262 1128 1318; x_wconf 83' lang='lat' dir='ltr'><strong>Paulus</strong></span> <span class='ocrx_word' id='word_1_150' title='bbox 1167 1279 1282 1316; x_wconf 84' lang='lat' dir='ltr'><strong>non</strong></span> <span class='ocrx_word' id='word_1_151' title='bbox 1319 1262 1608 1316; x_wconf 75' lang='lat' dir='ltr'><strong>habentem</strong></span> <span class='ocrx_word' id='word_1_152' title='bbox 1637 1259 1918 1316; x_wconf 83' lang='lat' dir='ltr'><strong>maculam</strong></span> <span class='ocrx_word' id='word_1_153' title='bbox 1951 1279 2062 1333; x_wconf 70' lang='lat' dir='ltr'><strong>praa</strong></span> 
     </span>
    </p>
   </div>
   <div class='ocr_carea' id='block_1_22' title="bbox 2183 1257 3821 1340">
    <p class='ocr_par' dir='ltr' id='par_1_22' title="bbox 2197 1257 3821 1337">
     <span class='ocr_line' id='line_1_22' title="bbox 2197 1257 3821 1337; baseline 0.005 -27"><span class='ocrx_word' id='word_1_154' title='bbox 2197 1257 2364 1312; x_wconf 81' lang='grc' dir='ltr'>αὐτοῦ</span> <span class='ocrx_word' id='word_1_155' title='bbox 2397 1276 2410 1290; x_wconf 87' lang='grc'><strong>⁸</strong></span> <span class='ocrx_word' id='word_1_156' title='bbox 2444 1257 2512 1326; x_wconf 74' lang='grc' dir='ltr'>ἢν</span> <span class='ocrx_word' id='word_1_157' title='bbox 2545 1259 2572 1312; x_wconf 99' lang='lat'><strong>6</strong></span> <span class='ocrx_word' id='word_1_158' title='bbox 2603 1259 2746 1333; x_wconf 82' lang='grc' dir='ltr'>ἱερὸς</span> <span class='ocrx_word' id='word_1_159' title='bbox 2781 1259 2998 1322; x_wconf 80' lang='grc' dir='ltr'>Παῦλος</span> <span class='ocrx_word' id='word_1_160' title='bbox 3023 1262 3127 1334; x_wconf 84' lang='grc' dir='ltr'>βοᾷ</span> <span class='ocrx_word' id='word_1_161' title='bbox 3167 1263 3252 1333; x_wconf 80' lang='grc' dir='ltr'>μή</span> <span class='ocrx_word' id='word_1_162' title='bbox 3288 1259 3470 1335; x_wconf 86' lang='grc' dir='ltr'>ἔχειν</span> <span class='ocrx_word' id='word_1_163' title='bbox 3505 1260 3821 1337; x_wconf 68' lang='grc' dir='ltr'>σπῖλον,ᾒ</span> 
     </span>
    </p>
   </div>
   <div class='ocr_carea' id='block_1_23' title="bbox 436 1343 2064 1425">
    <p class='ocr_par' dir='ltr' id='par_1_23' title="bbox 436 1350 2061 1425">
     <span class='ocr_line' id='line_1_23' title="bbox 436 1350 2061 1425; baseline -0.004 -11"><span class='ocrx_word' id='word_1_164' title='bbox 436 1358 608 1425; x_wconf 86' lang='lat' dir='ltr'><strong>dicat,</strong></span> <span class='ocrx_word' id='word_1_165' title='bbox 667 1362 763 1411; x_wconf 89' lang='lat' dir='ltr'><strong>aut</strong></span> <span class='ocrx_word' id='word_1_166' title='bbox 794 1369 1007 1425; x_wconf 83' lang='lat' dir='ltr'><strong>rugam,</strong></span> <span class='ocrx_word' id='word_1_167' title='bbox 1037 1359 1136 1406; x_wconf 88' lang='lat' dir='ltr'><strong>aut</strong></span> <span class='ocrx_word' id='word_1_168' title='bbox 1182 1352 1399 1423; x_wconf 84' lang='lat' dir='ltr'><strong>aliquid</strong></span> <span class='ocrx_word' id='word_1_169' title='bbox 1458 1350 1913 1420; x_wconf 82' lang='lat' dir='ltr'><strong>hujusmodi,scd</strong></span> <span class='ocrx_word' id='word_1_170' title='bbox 1962 1368 2061 1407; x_wconf 85' lang='lat' dir='ltr'><strong>san</strong></span> 
     </span>
    </p>
   </div>
   <div class='ocr_carea' id='block_1_24' title="bbox 2183 1343 3820 1425">
    <p class='ocr_par' dir='ltr' id='par_1_24' title="bbox 2198 1343 3820 1425">
     <span class='ocr_line' id='line_1_24' title="bbox 2198 1343 3820 1425; baseline 0.004 -27"><span class='ocrx_word' id='word_1_171' title='bbox 2198 1343 2453 1420; x_wconf 82' lang='grc' dir='ltr'>ῥυτίδα,</span> <span class='ocrx_word' id='word_1_172' title='bbox 2494 1345 2530 1414; x_wconf 75' lang='grc' dir='ltr'><strong>ἢ</strong></span> <span class='ocrx_word' id='word_1_173' title='bbox 2578 1367 2641 1401; x_wconf 86' lang='grc' dir='ltr'><strong>τι</strong></span> <span class='ocrx_word' id='word_1_174' title='bbox 2688 1352 2813 1402; x_wconf 82' lang='grc' dir='ltr'>τῶν</span> <span class='ocrx_word' id='word_1_175' title='bbox 2848 1347 3174 1404; x_wconf 82' lang='grc' dir='ltr'>τοιούτων</span> <span class='ocrx_word' id='word_1_176' title='bbox 3213 1369 3223 1380; x_wconf 91' lang='grc'><strong>⁸</strong></span> <span class='ocrx_word' id='word_1_177' title='bbox 3269 1347 3424 1404; x_wconf 84' lang='grc' dir='ltr'>ἀλλ’</span> <span class='ocrx_word' id='word_1_178' title='bbox 3453 1349 3621 1405; x_wconf 77' lang='grc' dir='ltr'>εἶναι</span> <span class='ocrx_word' id='word_1_179' title='bbox 3651 1350 3820 1425; x_wconf 81' lang='grc' dir='ltr'>ἁγίαν</span> 
     </span>
    </p>
   </div>
   <div class='ocr_carea' id='block_1_25' title="bbox 435 1434 2064 1515">
    <p class='ocr_par' dir='ltr' id='par_1_25' title="bbox 435 1439 2064 1511">
     <span class='ocr_line' id='line_1_25' title="bbox 435 1439 2064 1511; baseline -0.004 -8"><span class='ocrx_word' id='word_1_180' title='bbox 435 1453 575 1503; x_wconf 84' lang='lat' dir='ltr'><strong>ctam</strong></span> <span class='ocrx_word' id='word_1_181' title='bbox 627 1455 678 1501; x_wconf 76' lang='lat' dir='ltr'><strong>et</strong></span> <span class='ocrx_word' id='word_1_182' title='bbox 715 1443 1131 1499; x_wconf 86' lang='lat' dir='ltr'><strong>immaculatam</strong></span> <span class='ocrx_word' id='word_1_183' title='bbox 1184 1441 1248 1495; x_wconf 76' lang='grc'><strong>⁸⁵.</strong></span> <span class='ocrx_word' id='word_1_184' title='bbox 1282 1445 1349 1494; x_wconf 69' lang='lat' dir='ltr'><strong>Et</strong></span> <span class='ocrx_word' id='word_1_185' title='bbox 1397 1439 1494 1495; x_wconf 85' lang='lat' dir='ltr'><strong>alii</strong></span> <span class='ocrx_word' id='word_1_186' title='bbox 1525 1441 1759 1511; x_wconf 91' lang='lat' dir='ltr'><strong>quidem</strong></span> <span class='ocrx_word' id='word_1_187' title='bbox 1811 1440 2064 1496; x_wconf 87' lang='lat' dir='ltr'><strong>ultimun</strong></span> 
     </span>
    </p>
   </div>
   <div class='ocr_carea' id='block_1_26' title="bbox 2183 1434 3821 1515">
    <p class='ocr_par' dir='ltr' id='par_1_26' title="bbox 2197 1434 3821 1515">
     <span class='ocr_line' id='line_1_26' title="bbox 2197 1434 3821 1515; baseline 0.006 -28"><span class='ocrx_word' id='word_1_188' title='bbox 2197 1434 2303 1488; x_wconf 85' lang='lat' dir='ltr'><strong>xui</strong></span> <span class='ocrx_word' id='word_1_189' title='bbox 2337 1434 2638 1507; x_wconf 83' lang='grc' dir='ltr'>ἄμωμον.</span> <span class='ocrx_word' id='word_1_190' title='bbox 2677 1437 2739 1491; x_wconf 80' lang='lat' dir='ltr'><strong>Oi</strong></span> <span class='ocrx_word' id='word_1_191' title='bbox 2773 1439 2866 1510; x_wconf 76' lang='grc' dir='ltr'>μὶν</span> <span class='ocrx_word' id='word_1_192' title='bbox 2894 1436 3080 1493; x_wconf 82' lang='grc' dir='ltr'>τέλεον</span> <span class='ocrx_word' id='word_1_193' title='bbox 3121 1439 3245 1514; x_wconf 84' lang='grc' dir='ltr'>περὶ</span> <span class='ocrx_word' id='word_1_194' title='bbox 3273 1440 3371 1507; x_wconf 83' lang='grc' dir='ltr'><strong>τήν</strong></span> <span class='ocrx_word' id='word_1_195' title='bbox 3403 1439 3583 1495; x_wconf 87' lang='grc' dir='ltr'>πίστιν</span> <span class='ocrx_word' id='word_1_196' title='bbox 3611 1438 3821 1515; x_wconf 79' lang='grc' dir='ltr'>ἐναυάγ-</span> 
     </span>
    </p>
   </div>
   <div class='ocr_carea' id='block_1_27' title="bbox 435 1524 2064 1603">
    <p class='ocr_par' dir='ltr' id='par_1_27' title="bbox 435 1529 2055 1603">
     <span class='ocr_line' id='line_1_27' title="bbox 435 1529 2055 1603; baseline -0.005 -11"><span class='ocrx_word' id='word_1_197' title='bbox 435 1537 590 1593; x_wconf 89' lang='lat' dir='ltr'><strong>circa</strong></span> <span class='ocrx_word' id='word_1_198' title='bbox 621 1535 792 1589; x_wconf 81' lang='lat' dir='ltr'><strong>ﬁdem</strong></span> <span class='ocrx_word' id='word_1_199' title='bbox 823 1531 1194 1603; x_wconf 81' lang='lat' dir='ltr'><strong>naufragium</strong></span> <span class='ocrx_word' id='word_1_200' title='bbox 1251 1531 1514 1586; x_wconf 82' lang='lat' dir='ltr'><strong>fecerunt</strong></span> <span class='ocrx_word' id='word_1_201' title='bbox 1542 1545 1556 1596; x_wconf 92' lang='lat'><strong>;</strong></span> <span class='ocrx_word' id='word_1_202' title='bbox 1591 1529 1686 1584; x_wconf 90' lang='lat' dir='ltr'><strong>alii</strong></span> <span class='ocrx_word' id='word_1_203' title='bbox 1721 1545 1851 1584; x_wconf 88' lang='lat' dir='ltr'><strong>vero</strong></span> <span class='ocrx_word' id='word_1_204' title='bbox 1883 1545 2055 1600; x_wconf 87' lang='lat' dir='ltr'><strong>quam</strong></span> 
     </span>
    </p>
   </div>
   <div class='ocr_carea' id='block_1_28' title="bbox 2183 1524 3824 1603">
    <p class='ocr_par' dir='ltr' id='par_1_28' title="bbox 2197 1524 3824 1601">
     <span class='ocr_line' id='line_1_28' title="bbox 2197 1524 3824 1601; baseline 0.004 -24"><span class='ocrx_word' id='word_1_205' title='bbox 2197 1544 2330 1594; x_wconf 90' lang='grc' dir='ltr'>ησαν</span> <span class='ocrx_word' id='word_1_206' title='bbox 2367 1540 2382 1555; x_wconf 91' lang='grc'><strong>⁸</strong></span> <span class='ocrx_word' id='word_1_207' title='bbox 2413 1526 2465 1579; x_wconf 79' lang='grc' dir='ltr'>οἱ</span> <span class='ocrx_word' id='word_1_208' title='bbox 2497 1524 2575 1594; x_wconf 73' lang='grc' dir='ltr'>δὲ,</span> <span class='ocrx_word' id='word_1_209' title='bbox 2607 1525 2696 1580; x_wconf 84' lang='grc' dir='ltr'><strong>καὶ</strong></span> <span class='ocrx_word' id='word_1_210' title='bbox 2725 1531 2840 1589; x_wconf 87' lang='grc' dir='ltr'>τοῖς</span> <span class='ocrx_word' id='word_1_211' title='bbox 2876 1525 3169 1601; x_wconf 79' lang='grc' dir='ltr'>λογισμοῖς</span> <span class='ocrx_word' id='word_1_212' title='bbox 3216 1528 3278 1583; x_wconf 79' lang='grc' dir='ltr'>οὐ</span> <span class='ocrx_word' id='word_1_213' title='bbox 3326 1529 3824 1599; x_wconf 84' lang='grc' dir='ltr'>κατεποντίσθησαν,</span> 
     </span>
    </p>
   </div>
   <div class='ocr_carea' id='block_1_29' title="bbox 433 1612 2064 1690">
    <p class='ocr_par' dir='ltr' id='par_1_29' title="bbox 433 1617 2064 1690">
     <span class='ocr_line' id='line_1_29' title="bbox 433 1617 2064 1690; baseline -0.005 -9"><span class='ocrx_word' id='word_1_214' title='bbox 433 1627 520 1681; x_wconf 90' lang='lat' dir='ltr'><strong>vis</strong></span> <span class='ocrx_word' id='word_1_215' title='bbox 546 1628 735 1679; x_wconf 89' lang='lat' dir='ltr'><strong>mente</strong></span> <span class='ocrx_word' id='word_1_216' title='bbox 764 1627 821 1677; x_wconf 90' lang='lat' dir='ltr'><strong>et</strong></span> <span class='ocrx_word' id='word_1_217' title='bbox 869 1620 1218 1690; x_wconf 76' lang='lat' dir='ltr'><strong>cogitatione</strong></span> <span class='ocrx_word' id='word_1_218' title='bbox 1249 1618 1541 1673; x_wconf 87' lang='lat' dir='ltr'><strong>submersi</strong></span> <span class='ocrx_word' id='word_1_219' title='bbox 1600 1634 1716 1673; x_wconf 90' lang='lat' dir='ltr'><strong>non</strong></span> <span class='ocrx_word' id='word_1_220' title='bbox 1766 1617 1907 1683; x_wconf 89' lang='lat' dir='ltr'><strong>sint,</strong></span> <span class='ocrx_word' id='word_1_221' title='bbox 1937 1618 2064 1689; x_wconf 87' lang='lat' dir='ltr'><strong>ipsa</strong></span> 
     </span>
    </p>
   </div>
   <div class='ocr_carea' id='block_1_30' title="bbox 2183 1612 3826 1690">
    <p class='ocr_par' dir='ltr' id='par_1_30' title="bbox 2196 1612 3826 1689">
     <span class='ocr_line' id='line_1_30' title="bbox 2196 1612 3826 1689; baseline 0.003 -23"><span class='ocrx_word' id='word_1_222' title='bbox 2196 1612 2347 1686; x_wconf 78' lang='grc' dir='ltr'>ὅμως</span> <span class='ocrx_word' id='word_1_223' title='bbox 2399 1617 2469 1687; x_wconf 78' lang='grc' dir='ltr'><strong>τῇ</strong></span> <span class='ocrx_word' id='word_1_224' title='bbox 2506 1613 2762 1686; x_wconf 79' lang='grc' dir='ltr'>κοινωνίᾳ</span> <span class='ocrx_word' id='word_1_225' title='bbox 2805 1622 2906 1684; x_wconf 81' lang='grc' dir='ltr'><strong>τῆς</strong></span> <span class='ocrx_word' id='word_1_226' title='bbox 2946 1615 3201 1689; x_wconf 66' lang='grc' dir='ltr'>αἱρέσεως</span> <span class='ocrx_word' id='word_1_227' title='bbox 3243 1615 3621 1674; x_wconf 87' lang='grc' dir='ltr'>συνόλλυνται.</span> <span class='ocrx_word' id='word_1_228' title='bbox 3661 1617 3826 1674; x_wconf 86' lang='grc' dir='ltr'>Ἀλλά</span> 
     </span>
    </p>
   </div>
   <div class='ocr_carea' id='block_1_31' title="bbox 432 1702 2064 1780">
    <p class='ocr_par' dir='ltr' id='par_1_31' title="bbox 432 1707 2064 1778">
     <span class='ocr_line' id='line_1_31' title="bbox 432 1707 2064 1778; baseline -0.005 -8"><span class='ocrx_word' id='word_1_229' title='bbox 432 1719 630 1770; x_wconf 84' lang='lat' dir='ltr'><strong>tamen</strong></span> <span class='ocrx_word' id='word_1_230' title='bbox 662 1711 904 1766; x_wconf 65' lang='lat' dir='ltr'><strong>haeresis</strong></span> <span class='ocrx_word' id='word_1_231' title='bbox 934 1707 1373 1776; x_wconf 85' lang='lat' dir='ltr'><strong>communione,</strong></span> <span class='ocrx_word' id='word_1_232' title='bbox 1400 1724 1516 1762; x_wconf 90' lang='lat' dir='ltr'><strong>una</strong></span> <span class='ocrx_word' id='word_1_233' title='bbox 1551 1708 1860 1778; x_wconf 88' lang='lat' dir='ltr'><strong>perierunt.</strong></span> <span class='ocrx_word' id='word_1_234' title='bbox 1882 1707 2064 1762; x_wconf 88' lang='lat' dir='ltr'><strong>Enim-</strong></span> 
     </span>
    </p>
   </div>
   <div class='ocr_carea' id='block_1_32' title="bbox 2183 1702 3822 1780">
    <p class='ocr_par' dir='ltr' id='par_1_32' title="bbox 2193 1702 3822 1780">
     <span class='ocr_line' id='line_1_32' title="bbox 2193 1702 3822 1780; baseline 0.002 -24"><span class='ocrx_word' id='word_1_235' title='bbox 2193 1703 2293 1779; x_wconf 71' lang='grc' dir='ltr'><strong>γὰρ</strong></span> <span class='ocrx_word' id='word_1_236' title='bbox 2325 1704 2410 1757; x_wconf 80' lang='grc' dir='ltr'><strong>καὶ</strong></span> <span class='ocrx_word' id='word_1_237' title='bbox 2460 1704 2616 1758; x_wconf 78' lang='grc' dir='ltr'>αὐτοὶ</span> <span class='ocrx_word' id='word_1_238' title='bbox 2665 1706 2718 1759; x_wconf 75' lang='grc' dir='ltr'>οἱ</span> <span class='ocrx_word' id='word_1_239' title='bbox 2765 1705 2902 1760; x_wconf 85' lang='grc' dir='ltr'><strong>κατά</strong></span> <span class='ocrx_word' id='word_1_240' title='bbox 2948 1709 3073 1759; x_wconf 83' lang='grc' dir='ltr'>νοῦν</span> <span class='ocrx_word' id='word_1_241' title='bbox 3125 1702 3562 1780; x_wconf 79' lang='grc' dir='ltr'>ὀρθοδοξοῦντες,</span> <span class='ocrx_word' id='word_1_242' title='bbox 3593 1711 3670 1778; x_wconf 78' lang='grc' dir='ltr'>τῷ</span> <span class='ocrx_word' id='word_1_243' title='bbox 3714 1705 3822 1762; x_wconf 79' lang='grc' dir='ltr'>ἐπι-</span> 
     </span>
    </p>
   </div>
   <div class='ocr_carea' id='block_1_33' title="bbox 431 1789 2064 1894">
    <p class='ocr_par' dir='ltr' id='par_1_33' title="bbox 431 1797 2064 1870">
     <span class='ocr_line' id='line_1_33' title="bbox 431 1797 2064 1870; baseline -0.005 -11"><span class='ocrx_word' id='word_1_244' title='bbox 431 1819 565 1859; x_wconf 88' lang='lat' dir='ltr'><strong>vero</strong></span> <span class='ocrx_word' id='word_1_245' title='bbox 620 1801 795 1856; x_wconf 88' lang='lat' dir='ltr'><strong>etiam</strong></span> <span class='ocrx_word' id='word_1_246' title='bbox 855 1800 893 1854; x_wconf 89' lang='lat' dir='ltr'><strong>ii</strong></span> <span class='ocrx_word' id='word_1_247' title='bbox 948 1799 1049 1870; x_wconf 89' lang='lat' dir='ltr'><strong>qui</strong></span> <span class='ocrx_word' id='word_1_248' title='bbox 1117 1802 1268 1854; x_wconf 90' lang='lat' dir='ltr'><strong>recte</strong></span> <span class='ocrx_word' id='word_1_249' title='bbox 1327 1798 1608 1863; x_wconf 88' lang='lat' dir='ltr'><strong>sentiunt,</strong></span> <span class='ocrx_word' id='word_1_250' title='bbox 1659 1797 2064 1868; x_wconf 64' lang='lat' dir='ltr'><strong>persecutionis</strong></span> 
     </span>
    </p>
   </div>
   <div class='ocr_carea' id='block_1_34' title="bbox 2183 1789 3826 1894">
    <p class='ocr_par' dir='ltr' id='par_1_34' title="bbox 2199 1789 3826 1870">
     <span class='ocr_line' id='line_1_34' title="bbox 2199 1789 3826 1870; baseline 0.001 -23"><span class='ocrx_word' id='word_1_251' title='bbox 2199 1796 2336 1866; x_wconf 80' lang='grc' dir='ltr'>μονῇ</span> <span class='ocrx_word' id='word_1_252' title='bbox 2365 1796 2462 1847; x_wconf 90' lang='grc' dir='ltr'><strong>τοῦ</strong></span> <span class='ocrx_word' id='word_1_253' title='bbox 2493 1789 2744 1868; x_wconf 87' lang='grc' dir='ltr'>διωγμοῦ</span> <span class='ocrx_word' id='word_1_254' title='bbox 2775 1791 3055 1870; x_wconf 83' lang='grc' dir='ltr'>ἰλιγγιῶσι</span> <span class='ocrx_word' id='word_1_255' title='bbox 3085 1795 3208 1867; x_wconf 87' lang='grc' dir='ltr'>περὶ</span> <span class='ocrx_word' id='word_1_256' title='bbox 3237 1796 3339 1863; x_wconf 78' lang='grc' dir='ltr'><strong>τήν</strong></span> <span class='ocrx_word' id='word_1_257' title='bbox 3370 1793 3630 1866; x_wconf 78' lang='grc' dir='ltr'>ἀλήθειαν</span> <span class='ocrx_word' id='word_1_258' title='bbox 3661 1813 3674 1827; x_wconf 94' lang='grc'><strong>⁸</strong></span> <span class='ocrx_word' id='word_1_259' title='bbox 3723 1795 3826 1850; x_wconf 86' lang='grc' dir='ltr'><strong>ὥσ-</strong></span> 
     </span>
    </p>
   </div>
   <div class='ocr_carea' id='block_1_35' title="bbox 433 1882 2064 1959">
    <p class='ocr_par' dir='ltr' id='par_1_35' title="bbox 433 1887 2064 1957">
     <span class='ocr_line' id='line_1_35' title="bbox 433 1887 2064 1957; baseline -0.004 -9"><span class='ocrx_word' id='word_1_260' title='bbox 433 1891 814 1949; x_wconf 86' lang='lat' dir='ltr'><strong>diuturnitate</strong></span> <span class='ocrx_word' id='word_1_261' title='bbox 852 1888 1106 1945; x_wconf 86' lang='lat' dir='ltr'><strong>titubant</strong></span> <span class='ocrx_word' id='word_1_262' title='bbox 1123 1889 1274 1943; x_wconf 90' lang='lat' dir='ltr'><strong>circa</strong></span> <span class='ocrx_word' id='word_1_263' title='bbox 1321 1887 1621 1942; x_wconf 87' lang='lat' dir='ltr'><strong>veritatem</strong></span> <span class='ocrx_word' id='word_1_264' title='bbox 1655 1887 2064 1957; x_wconf 88' lang='lat' dir='ltr'><strong>:quemadmo-</strong></span> 
     </span>
    </p>
   </div>
   <div class='ocr_carea' id='block_1_36' title="bbox 2183 1882 3825 1959">
    <p class='ocr_par' dir='ltr' id='par_1_36' title="bbox 2197 1882 3825 1959">
     <span class='ocr_line' id='line_1_36' title="bbox 2197 1882 3825 1959; baseline 0.002 -24"><span class='ocrx_word' id='word_1_265' title='bbox 2197 1901 2296 1956; x_wconf 80' lang='grc' dir='ltr'><strong>περ</strong></span> <span class='ocrx_word' id='word_1_266' title='bbox 2329 1883 2382 1936; x_wconf 83' lang='lat' dir='ltr'><strong>o&#39;t</strong></span> <span class='ocrx_word' id='word_1_267' title='bbox 2435 1882 2538 1936; x_wconf 86' lang='grc' dir='ltr'>ὑπὸ</span> <span class='ocrx_word' id='word_1_268' title='bbox 2593 1887 2892 1957; x_wconf 82' lang='grc' dir='ltr'>τρικυμιῶν</span> <span class='ocrx_word' id='word_1_269' title='bbox 2949 1882 3224 1953; x_wconf 76' lang='grc' dir='ltr'>θαλάσσης</span> <span class='ocrx_word' id='word_1_270' title='bbox 3282 1885 3504 1959; x_wconf 81' lang='grc' dir='ltr'>ἃπειρίᾳ</span> <span class='ocrx_word' id='word_1_271' title='bbox 3557 1882 3825 1946; x_wconf 83' lang='grc' dir='ltr'>πλεύσεως</span> 
     </span>
    </p>
   </div>
   <div class='ocr_carea' id='block_1_37' title="bbox 433 1971 2064 2048">
    <p class='ocr_par' dir='ltr' id='par_1_37' title="bbox 433 1975 2064 2048">
     <span class='ocr_line' id='line_1_37' title="bbox 433 1975 2064 2048; baseline -0.003 -13"><span class='ocrx_word' id='word_1_272' title='bbox 433 1982 570 2037; x_wconf 88' lang='lat' dir='ltr'><strong>dum</strong></span> <span class='ocrx_word' id='word_1_273' title='bbox 595 1981 669 2036; x_wconf 90' lang='lat' dir='ltr'><strong>iis</strong></span> <span class='ocrx_word' id='word_1_274' title='bbox 698 1979 979 2046; x_wconf 83' lang='lat' dir='ltr'><strong>contingit</strong></span> <span class='ocrx_word' id='word_1_275' title='bbox 1009 1977 1110 2048; x_wconf 88' lang='lat' dir='ltr'><strong>qui</strong></span> <span class='ocrx_word' id='word_1_276' title='bbox 1151 1977 1221 2032; x_wconf 91' lang='lat' dir='ltr'><strong>ad</strong></span> <span class='ocrx_word' id='word_1_277' title='bbox 1255 1975 1610 2032; x_wconf 88' lang='lat' dir='ltr'><strong>decumanos</strong></span> <span class='ocrx_word' id='word_1_278' title='bbox 1641 1975 1821 2031; x_wconf 89' lang='lat' dir='ltr'><strong>maris</strong></span> <span class='ocrx_word' id='word_1_279' title='bbox 1869 1976 2064 2031; x_wconf 77' lang='lat' dir='ltr'><strong>ﬂuctu:</strong></span> 
     </span>
    </p>
   </div>
   <div class='ocr_carea' id='block_1_38' title="bbox 2183 1971 3822 2048">
    <p class='ocr_par' dir='ltr' id='par_1_38' title="bbox 2197 1971 3822 2048">
     <span class='ocr_line' id='line_1_38' title="bbox 2197 1971 3822 2048; baseline 0.002 -22"><span class='ocrx_word' id='word_1_280' title='bbox 2197 1971 2575 2044; x_wconf 84' lang='grc' dir='ltr'>σκοτοόμενοι.</span> <span class='ocrx_word' id='word_1_281' title='bbox 2602 1971 2843 2027; x_wconf 88' lang='grc' dir='ltr'>Ἐλεεινά</span> <span class='ocrx_word' id='word_1_282' title='bbox 2869 1973 2937 2028; x_wconf 83' lang='grc' dir='ltr'>τὰ</span> <span class='ocrx_word' id='word_1_283' title='bbox 2957 1972 3126 2028; x_wconf 79' lang='grc' dir='ltr'>πάντα</span> <span class='ocrx_word' id='word_1_284' title='bbox 3150 1974 3273 2044; x_wconf 81' lang='grc' dir='ltr'>ὑμῖν</span> <span class='ocrx_word' id='word_1_285' title='bbox 3297 1973 3386 2028; x_wconf 84' lang='grc' dir='ltr'><strong>καὶ</strong></span> <span class='ocrx_word' id='word_1_286' title='bbox 3407 1971 3666 2048; x_wconf 83' lang='grc' dir='ltr'>ἀδυρμῶν</span> <span class='ocrx_word' id='word_1_287' title='bbox 3691 1971 3822 2046; x_wconf 77' lang='grc' dir='ltr'>ἄξια.</span> 
     </span>
    </p>
   </div>
   <div class='ocr_carea' id='block_1_39' title="bbox 431 2058 2064 2140">
    <p class='ocr_par' dir='ltr' id='par_1_39' title="bbox 431 2064 2064 2140">
     <span class='ocr_line' id='line_1_39' title="bbox 431 2064 2064 2140; baseline -0.004 -15"><span class='ocrx_word' id='word_1_288' title='bbox 431 2068 826 2140; x_wconf 84' lang='lat' dir='ltr'><strong>navigationis</strong></span> <span class='ocrx_word' id='word_1_289' title='bbox 908 2066 1085 2122; x_wconf 88' lang='lat' dir='ltr'><strong>rudes</strong></span> <span class='ocrx_word' id='word_1_290' title='bbox 1155 2065 1430 2136; x_wconf 82' lang='lat' dir='ltr'><strong>caligant.</strong></span> <span class='ocrx_word' id='word_1_291' title='bbox 1503 2065 1832 2119; x_wconf 86' lang='lat' dir='ltr'><strong>Miseranda</strong></span> <span class='ocrx_word' id='word_1_292' title='bbox 1916 2064 2064 2119; x_wconf 73' lang='lat' dir='ltr'><strong>nobi:</strong></span> 
     </span>
    </p>
   </div>
   <div class='ocr_carea' id='block_1_40' title="bbox 2183 2058 3825 2140">
    <p class='ocr_par' dir='ltr' id='par_1_40' title="bbox 2199 2058 3825 2137">
     <span class='ocr_line' id='line_1_40' title="bbox 2199 2058 3825 2137; baseline 0.002 -23"><span class='ocrx_word' id='word_1_293' title='bbox 2199 2060 2674 2135; x_wconf 83' lang='grc' dir='ltr'>Παραστέλλονται</span> <span class='ocrx_word' id='word_1_294' title='bbox 2727 2058 3050 2135; x_wconf 79' lang='grc' dir='ltr'>ψαλμῳδίαι</span> <span class='ocrx_word' id='word_1_295' title='bbox 3100 2061 3626 2137; x_wconf 83' lang='grc' dir='ltr'>ἆρχαιοπαράδοτοι,</span> <span class='ocrx_word' id='word_1_296' title='bbox 3665 2060 3715 2117; x_wconf 76' lang='grc' dir='ltr'>ἐν</span> <span class='ocrx_word' id='word_1_297' title='bbox 3745 2065 3825 2125; x_wconf 82' lang='grc' dir='ltr'>αἶς</span> 
     </span>
    </p>
   </div>
   <div class='ocr_carea' id='block_1_41' title="bbox 431 2149 2064 2226">
    <p class='ocr_par' dir='ltr' id='par_1_41' title="bbox 431 2151 2064 2226">
     <span class='ocr_line' id='line_1_41' title="bbox 431 2151 2064 2226; baseline -0.004 -13"><span class='ocrx_word' id='word_1_298' title='bbox 431 2156 631 2213; x_wconf 90' lang='lat' dir='ltr'><strong>omnia</strong></span> <span class='ocrx_word' id='word_1_299' title='bbox 685 2155 966 2226; x_wconf 90' lang='lat' dir='ltr'><strong>luctuque</strong></span> <span class='ocrx_word' id='word_1_300' title='bbox 1031 2154 1232 2224; x_wconf 86' lang='lat' dir='ltr'><strong>digna.</strong></span> <span class='ocrx_word' id='word_1_301' title='bbox 1264 2153 1702 2208; x_wconf 80' lang='lat' dir='ltr'><strong>Subtrahuntur</strong></span> <span class='ocrx_word' id='word_1_302' title='bbox 1751 2152 1978 2208; x_wconf 90' lang='lat' dir='ltr'><strong>cantica</strong></span> <span class='ocrx_word' id='word_1_303' title='bbox 2015 2151 2064 2208; x_wconf 88' lang='lat' dir='ltr'><strong>al</strong></span> 
     </span>
    </p>
   </div>
   <div class='ocr_carea' id='block_1_42' title="bbox 2183 2149 3823 2226">
    <p class='ocr_par' dir='ltr' id='par_1_42' title="bbox 2194 2149 3823 2226">
     <span class='ocr_line' id='line_1_42' title="bbox 2194 2149 3823 2226; baseline 0.001 -20"><span class='ocrx_word' id='word_1_304' title='bbox 2194 2150 2318 2226; x_wconf 86' lang='grc' dir='ltr'>περὶ</span> <span class='ocrx_word' id='word_1_305' title='bbox 2349 2150 2571 2206; x_wconf 80' lang='grc' dir='ltr'>εἰκόνων</span> <span class='ocrx_word' id='word_1_306' title='bbox 2601 2149 2784 2222; x_wconf 80' lang='grc' dir='ltr'>ᾅδεταί</span> <span class='ocrx_word' id='word_1_307' title='bbox 2813 2174 2866 2207; x_wconf 92' lang='grc' dir='ltr'><strong>τι</strong></span> <span class='ocrx_word' id='word_1_308' title='bbox 2901 2171 2915 2184; x_wconf 91' lang='grc'><strong>·</strong></span> <span class='ocrx_word' id='word_1_309' title='bbox 2974 2149 3251 2223; x_wconf 84' lang='grc' dir='ltr'>ἀντᾴδεται</span> <span class='ocrx_word' id='word_1_310' title='bbox 3309 2151 3376 2207; x_wconf 80' lang='grc' dir='ltr'><strong>νά</strong></span> <span class='ocrx_word' id='word_1_311' title='bbox 3411 2149 3581 2221; x_wconf 76' lang='grc' dir='ltr'>ἀσεϐῆ</span> <span class='ocrx_word' id='word_1_312' title='bbox 3621 2151 3712 2207; x_wconf 85' lang='grc' dir='ltr'>νέα</span> <span class='ocrx_word' id='word_1_313' title='bbox 3738 2151 3823 2208; x_wconf 77' lang='grc' dir='ltr'>δόο</span> 
     </span>
    </p>
   </div>
   <div class='ocr_carea' id='block_1_43' title="bbox 431 2241 2064 2319">
    <p class='ocr_par' dir='ltr' id='par_1_43' title="bbox 431 2242 2036 2315">
     <span class='ocr_line' id='line_1_43' title="bbox 431 2242 2036 2315; baseline -0.002 -14"><span class='ocrx_word' id='word_1_314' title='bbox 431 2245 688 2315; x_wconf 86' lang='lat' dir='ltr'><strong>antiquis</strong></span> <span class='ocrx_word' id='word_1_315' title='bbox 719 2249 972 2313; x_wconf 88' lang='lat' dir='ltr'><strong>accepta,</strong></span> <span class='ocrx_word' id='word_1_316' title='bbox 1005 2243 1064 2297; x_wconf 94' lang='lat' dir='ltr'><strong>in</strong></span> <span class='ocrx_word' id='word_1_317' title='bbox 1096 2242 1312 2313; x_wconf 91' lang='lat' dir='ltr'><strong>quibus</strong></span> <span class='ocrx_word' id='word_1_318' title='bbox 1344 2242 1668 2313; x_wconf 87' lang='lat' dir='ltr'><strong>imaginum</strong></span> <span class='ocrx_word' id='word_1_319' title='bbox 1703 2242 1770 2297; x_wconf 80' lang='lat' dir='ltr'><strong>tit</strong></span> <span class='ocrx_word' id='word_1_320' title='bbox 1815 2243 2036 2298; x_wconf 90' lang='lat' dir='ltr'><strong>mentio</strong></span> 
     </span>
    </p>
   </div>
   <div class='ocr_carea' id='block_1_44' title="bbox 2183 2241 3823 2319">
    <p class='ocr_par' dir='ltr' id='par_1_44' title="bbox 2193 2241 3823 2319">
     <span class='ocr_line' id='line_1_44' title="bbox 2193 2241 3823 2319; baseline 0.002 -23"><span class='ocrx_word' id='word_1_321' title='bbox 2193 2263 2379 2317; x_wconf 92' lang='grc' dir='ltr'>γματα</span> <span class='ocrx_word' id='word_1_322' title='bbox 2410 2241 2485 2304; x_wconf 81' lang='grc' dir='ltr'><strong>εἷς</strong></span> <span class='ocrx_word' id='word_1_323' title='bbox 2534 2241 2810 2316; x_wconf 86' lang='grc' dir='ltr'>προῦπτον</span> <span class='ocrx_word' id='word_1_324' title='bbox 2857 2244 3077 2313; x_wconf 85' lang='grc' dir='ltr'>κείμενα</span> <span class='ocrx_word' id='word_1_325' title='bbox 3112 2262 3126 2277; x_wconf 90' lang='grc'><strong>⁸</strong></span> <span class='ocrx_word' id='word_1_326' title='bbox 3173 2241 3319 2298; x_wconf 81' lang='grc' dir='ltr'>ἄλλα</span> <span class='ocrx_word' id='word_1_327' title='bbox 3363 2247 3483 2305; x_wconf 88' lang='grc' dir='ltr'>τοῖς</span> <span class='ocrx_word' id='word_1_328' title='bbox 3515 2243 3667 2298; x_wconf 80' lang='grc' dir='ltr'>παισὶ</span> <span class='ocrx_word' id='word_1_329' title='bbox 3695 2245 3823 2319; x_wconf 89' lang='grc' dir='ltr'>πρὸς</span> 
     </span>
    </p>
   </div>
   <div class='ocr_carea' id='block_1_45' title="bbox 433 2330 2064 2410">
    <p class='ocr_par' dir='ltr' id='par_1_45' title="bbox 433 2331 2060 2403">
     <span class='ocr_line' id='line_1_45' title="bbox 433 2331 2060 2403; baseline -0.002 -13"><span class='ocrx_word' id='word_1_330' title='bbox 433 2338 726 2390; x_wconf 90' lang='lat' dir='ltr'><strong>canuntur</strong></span> <span class='ocrx_word' id='word_1_331' title='bbox 755 2349 858 2403; x_wconf 82' lang='lat' dir='ltr'><strong>pro</strong></span> <span class='ocrx_word' id='word_1_332' title='bbox 886 2333 970 2388; x_wconf 91' lang='lat' dir='ltr'><strong>eis</strong></span> <span class='ocrx_word' id='word_1_333' title='bbox 997 2348 1142 2387; x_wconf 90' lang='lat' dir='ltr'><strong>nova</strong></span> <span class='ocrx_word' id='word_1_334' title='bbox 1166 2331 1349 2402; x_wconf 90' lang='lat' dir='ltr'><strong>impia</strong></span> <span class='ocrx_word' id='word_1_335' title='bbox 1377 2332 1650 2402; x_wconf 86' lang='lat' dir='ltr'><strong>dogmata</strong></span> <span class='ocrx_word' id='word_1_336' title='bbox 1681 2332 1873 2402; x_wconf 87' lang='lat' dir='ltr'><strong>palam</strong></span> <span class='ocrx_word' id='word_1_337' title='bbox 1916 2348 2060 2403; x_wconf 84' lang='lat' dir='ltr'><strong>expo</strong></span> 
     </span>
    </p>
   </div>
   <div class='ocr_carea' id='block_1_46' title="bbox 2183 2330 3823 2410">
    <p class='ocr_par' dir='ltr' id='par_1_46' title="bbox 2192 2330 3823 2410">
     <span class='ocr_line' id='line_1_46' title="bbox 2192 2330 3823 2410; baseline 0.002 -25"><span class='ocrx_word' id='word_1_338' title='bbox 2192 2336 2300 2386; x_wconf 84' lang='grc' dir='ltr'><strong>τῶν</strong></span> <span class='ocrx_word' id='word_1_339' title='bbox 2341 2330 2680 2388; x_wconf 78' lang='grc' dir='ltr'>διδασκάλων</span> <span class='ocrx_word' id='word_1_340' title='bbox 2715 2331 3144 2407; x_wconf 84' lang='grc' dir='ltr'>παραδιδόμενα.</span> <span class='ocrx_word' id='word_1_341' title='bbox 3195 2332 3299 2389; x_wconf 82' lang='grc' dir='ltr'>Καὶ</span> <span class='ocrx_word' id='word_1_342' title='bbox 3348 2336 3823 2410; x_wconf 85' lang='grc' dir='ltr'>μεταστοιχείωσις</span> 
     </span>
    </p>
   </div>
   <div class='ocr_carea' id='block_1_47' title="bbox 431 2420 2064 2495">
    <p class='ocr_par' dir='ltr' id='par_1_47' title="bbox 431 2420 2060 2494">
     <span class='ocr_line' id='line_1_47' title="bbox 431 2420 2060 2494; baseline -0.001 -16"><span class='ocrx_word' id='word_1_343' title='bbox 431 2426 564 2491; x_wconf 89' lang='lat' dir='ltr'><strong>sita,</strong></span> <span class='ocrx_word' id='word_1_344' title='bbox 590 2437 717 2494; x_wconf 67' lang='lat' dir='ltr'><strong>quae</strong></span> <span class='ocrx_word' id='word_1_345' title='bbox 758 2430 812 2476; x_wconf 92' lang='lat' dir='ltr'><strong>et</strong></span> <span class='ocrx_word' id='word_1_346' title='bbox 869 2422 1065 2492; x_wconf 91' lang='lat' dir='ltr'><strong>pueris</strong></span> <span class='ocrx_word' id='word_1_347' title='bbox 1111 2420 1258 2492; x_wconf 88' lang='lat' dir='ltr'><strong>ipsis</strong></span> <span class='ocrx_word' id='word_1_348' title='bbox 1311 2421 1627 2475; x_wconf 84' lang='lat' dir='ltr'><strong>traduntur</strong></span> <span class='ocrx_word' id='word_1_349' title='bbox 1675 2437 1709 2476; x_wconf 89' lang='lat' dir='ltr'><strong>a</strong></span> <span class='ocrx_word' id='word_1_350' title='bbox 1765 2421 2060 2490; x_wconf 84' lang='lat' dir='ltr'><strong>magistris</strong></span> 
     </span>
    </p>
   </div>
   <div class='ocr_carea' id='block_1_48' title="bbox 2183 2420 3822 2495">
    <p class='ocr_par' dir='ltr' id='par_1_48' title="bbox 2193 2421 3822 2495">
     <span class='ocr_line' id='line_1_48' title="bbox 2193 2421 3822 2495; baseline 0.001 -21"><span class='ocrx_word' id='word_1_351' title='bbox 2193 2424 2297 2474; x_wconf 82' lang='grc' dir='ltr'><strong>τῶν</strong></span> <span class='ocrx_word' id='word_1_352' title='bbox 2344 2421 2590 2475; x_wconf 75' lang='grc' dir='ltr'>ἁπάντων</span> <span class='ocrx_word' id='word_1_353' title='bbox 2644 2422 2944 2491; x_wconf 76' lang='grc' dir='ltr'>ἃθεωτάτη.</span> <span class='ocrx_word' id='word_1_354' title='bbox 2990 2422 3340 2495; x_wconf 87' lang='grc' dir='ltr'>Ἐγενόμεθα,</span> <span class='ocrx_word' id='word_1_355' title='bbox 3388 2421 3595 2495; x_wconf 81' lang='grc' dir='ltr'>κυρίως</span> <span class='ocrx_word' id='word_1_356' title='bbox 3644 2421 3822 2488; x_wconf 73' lang='grc' dir='ltr'>εἷπεῖν,</span> 
     </span>
    </p>
   </div>
   <div class='ocr_carea' id='block_1_49' title="bbox 431 2507 2064 2583">
    <p class='ocr_par' dir='ltr' id='par_1_49' title="bbox 431 2511 2055 2582">
     <span class='ocr_line' id='line_1_49' title="bbox 431 2511 2055 2582; baseline -0.002 -12"><span class='ocrx_word' id='word_1_357' title='bbox 431 2513 706 2570; x_wconf 89' lang='lat' dir='ltr'><strong>Omnium</strong></span> <span class='ocrx_word' id='word_1_358' title='bbox 752 2528 944 2568; x_wconf 89' lang='lat' dir='ltr'><strong>rerum</strong></span> <span class='ocrx_word' id='word_1_359' title='bbox 979 2511 1162 2582; x_wconf 90' lang='lat' dir='ltr'><strong>impia</strong></span> <span class='ocrx_word' id='word_1_360' title='bbox 1182 2517 1272 2566; x_wconf 85' lang='lat' dir='ltr'><strong>est</strong></span> <span class='ocrx_word' id='word_1_361' title='bbox 1301 2513 1623 2566; x_wconf 86' lang='lat' dir='ltr'><strong>conversio.</strong></span> <span class='ocrx_word' id='word_1_362' title='bbox 1659 2511 1815 2567; x_wconf 86' lang='lat' dir='ltr'><strong>Facti</strong></span> <span class='ocrx_word' id='word_1_363' title='bbox 1847 2528 2055 2567; x_wconf 87' lang='lat' dir='ltr'><strong>sumus</strong></span> 
     </span>
    </p>
   </div>
   <div class='ocr_carea' id='block_1_50' title="bbox 2183 2507 3822 2583">
    <p class='ocr_par' dir='ltr' id='par_1_50' title="bbox 2193 2507 3822 2583">
     <span class='ocr_line' id='line_1_50' title="bbox 2193 2507 3822 2583; baseline 0.001 -21"><span class='ocrx_word' id='word_1_364' title='bbox 2193 2509 2268 2569; x_wconf 85' lang='grc' dir='ltr'>ὡς</span> <span class='ocrx_word' id='word_1_365' title='bbox 2303 2507 2526 2581; x_wconf 84' lang='grc' dir='ltr'>Σόδομα</span> <span class='ocrx_word' id='word_1_366' title='bbox 2553 2509 2641 2563; x_wconf 84' lang='grc' dir='ltr'><strong>καὶ</strong></span> <span class='ocrx_word' id='word_1_367' title='bbox 2684 2507 2935 2583; x_wconf 78' lang='grc' dir='ltr'>Γόμορῥα</span> <span class='ocrx_word' id='word_1_368' title='bbox 2964 2510 3099 2563; x_wconf 87' lang='grc' dir='ltr'><strong>κατά</strong></span> <span class='ocrx_word' id='word_1_369' title='bbox 3143 2509 3236 2570; x_wconf 81' lang='grc' dir='ltr'><strong>τὰς</strong></span> <span class='ocrx_word' id='word_1_370' title='bbox 3289 2509 3558 2583; x_wconf 85' lang='grc' dir='ltr'>ἁμαρτίας</span> <span class='ocrx_word' id='word_1_371' title='bbox 3624 2513 3776 2583; x_wconf 78' lang='grc' dir='ltr'>ἡμῶν</span> <span class='ocrx_word' id='word_1_372' title='bbox 3807 2526 3822 2543; x_wconf 92' lang='grc'><strong>⁸</strong></span> 
     </span>
    </p>
   </div>
   <div class='ocr_carea' id='block_1_51' title="bbox 428 2598 2064 2678">
    <p class='ocr_par' dir='ltr' id='par_1_51' title="bbox 428 2600 2064 2673">
     <span class='ocr_line' id='line_1_51' title="bbox 428 2600 2064 2673; baseline 0 -15"><span class='ocrx_word' id='word_1_373' title='bbox 428 2611 490 2658; x_wconf 91' lang='lat' dir='ltr'><strong>ut</strong></span> <span class='ocrx_word' id='word_1_374' title='bbox 566 2602 793 2673; x_wconf 88' lang='lat' dir='ltr'><strong>proprie</strong></span> <span class='ocrx_word' id='word_1_375' title='bbox 857 2600 1086 2673; x_wconf 89' lang='lat' dir='ltr'><strong>loquar,</strong></span> <span class='ocrx_word' id='word_1_376' title='bbox 1125 2601 1277 2656; x_wconf 90' lang='lat' dir='ltr'><strong>sicut</strong></span> <span class='ocrx_word' id='word_1_377' title='bbox 1335 2602 1584 2656; x_wconf 85' lang='lat' dir='ltr'><strong>Sodoma</strong></span> <span class='ocrx_word' id='word_1_378' title='bbox 1632 2606 1688 2655; x_wconf 90' lang='lat' dir='ltr'><strong>et</strong></span> <span class='ocrx_word' id='word_1_379' title='bbox 1752 2601 2064 2658; x_wconf 71' lang='lat' dir='ltr'><strong>Gomorrht</strong></span> 
     </span>
    </p>
   </div>
   <div class='ocr_carea' id='block_1_52' title="bbox 2183 2598 3824 2678">
    <p class='ocr_par' dir='ltr' id='par_1_52' title="bbox 2190 2598 3824 2678">
     <span class='ocr_line' id='line_1_52' title="bbox 2190 2598 3824 2678; baseline 0 -26"><span class='ocrx_word' id='word_1_380' title='bbox 2190 2599 2281 2652; x_wconf 86' lang='lat' dir='ltr'><strong>xui</strong></span> <span class='ocrx_word' id='word_1_381' title='bbox 2312 2600 2346 2667; x_wconf 80' lang='grc' dir='ltr'><strong>ἡ</strong></span> <span class='ocrx_word' id='word_1_382' title='bbox 2379 2599 2647 2672; x_wconf 80' lang='grc' dir='ltr'>καιταιγὶς</span> <span class='ocrx_word' id='word_1_383' title='bbox 2693 2606 2792 2667; x_wconf 77' lang='grc' dir='ltr'>τῆς</span> <span class='ocrx_word' id='word_1_384' title='bbox 2830 2598 3087 2669; x_wconf 76' lang='grc' dir='ltr'>αἱρέσεως</span> <span class='ocrx_word' id='word_1_385' title='bbox 3131 2598 3510 2675; x_wconf 71' lang='grc' dir='ltr'>κορυφουμένη</span> <span class='ocrx_word' id='word_1_386' title='bbox 3561 2603 3824 2678; x_wconf 72' lang='grc' dir='ltr'>κορυφοῦ-</span> 
     </span>
    </p>
   </div>
   <div class='ocr_carea' id='block_1_53' title="bbox 428 2685 2064 2764">
    <p class='ocr_par' dir='ltr' id='par_1_53' title="bbox 428 2690 2064 2764">
     <span class='ocr_line' id='line_1_53' title="bbox 428 2690 2064 2764; baseline -0.001 -16"><span class='ocrx_word' id='word_1_387' title='bbox 428 2697 662 2764; x_wconf 91' lang='lat' dir='ltr'><strong>propter</strong></span> <span class='ocrx_word' id='word_1_388' title='bbox 691 2697 928 2763; x_wconf 91' lang='lat' dir='ltr'><strong>peccata</strong></span> <span class='ocrx_word' id='word_1_389' title='bbox 957 2695 1160 2746; x_wconf 88' lang='lat' dir='ltr'><strong>nostra</strong></span> <span class='ocrx_word' id='word_1_390' title='bbox 1179 2690 1223 2726; x_wconf 72' lang='lat'><strong>9&quot;</strong></span> <span class='ocrx_word' id='word_1_391' title='bbox 1258 2706 1271 2744; x_wconf 89' lang='lat'><strong>:</strong></span> <span class='ocrx_word' id='word_1_392' title='bbox 1305 2701 1358 2745; x_wconf 88' lang='lat' dir='ltr'><strong>et</strong></span> <span class='ocrx_word' id='word_1_393' title='bbox 1379 2691 1631 2759; x_wconf 84' lang='lat' dir='ltr'><strong>procella</strong></span> <span class='ocrx_word' id='word_1_394' title='bbox 1655 2690 1890 2746; x_wconf 66' lang='lat' dir='ltr'><strong>haeresis</strong></span> <span class='ocrx_word' id='word_1_395' title='bbox 1911 2691 2064 2748; x_wconf 72' lang='lat' dir='ltr'><strong>altius</strong></span> 
     </span>
    </p>
   </div>
   <div class='ocr_carea' id='block_1_54' title="bbox 2183 2685 3821 2764">
    <p class='ocr_par' dir='ltr' id='par_1_54' title="bbox 2190 2685 3821 2762">
     <span class='ocr_line' id='line_1_54' title="bbox 2190 2685 3821 2762; baseline 0.001 -22"><span class='ocrx_word' id='word_1_396' title='bbox 2190 2705 2277 2741; x_wconf 87' lang='grc' dir='ltr'><strong>ται</strong></span> <span class='ocrx_word' id='word_1_397' title='bbox 2310 2687 2578 2761; x_wconf 74' lang='grc' dir='ltr'>ὁσημέραι</span> <span class='ocrx_word' id='word_1_398' title='bbox 2603 2705 2616 2718; x_wconf 89' lang='grc'><strong>⁸</strong></span> <span class='ocrx_word' id='word_1_399' title='bbox 2658 2687 2746 2742; x_wconf 87' lang='grc' dir='ltr'><strong>καὶ</strong></span> <span class='ocrx_word' id='word_1_400' title='bbox 2791 2688 2819 2743; x_wconf 94' lang='lat'><strong>6</strong></span> <span class='ocrx_word' id='word_1_401' title='bbox 2861 2685 3230 2757; x_wconf 83' lang='grc' dir='ltr'>διαναστήσων</span> <span class='ocrx_word' id='word_1_402' title='bbox 3281 2689 3516 2762; x_wconf 85' lang='grc' dir='ltr'>Χριστὸν</span> <span class='ocrx_word' id='word_1_403' title='bbox 3567 2690 3660 2745; x_wconf 88' lang='grc' dir='ltr'>τὸν</span> <span class='ocrx_word' id='word_1_404' title='bbox 3702 2690 3821 2745; x_wconf 86' lang='grc' dir='ltr'>Θεὸν</span> 
     </span>
    </p>
   </div>
   <div class='ocr_carea' id='block_1_55' title="bbox 428 2776 2064 2854">
    <p class='ocr_par' dir='ltr' id='par_1_55' title="bbox 428 2779 2058 2852">
     <span class='ocr_line' id='line_1_55' title="bbox 428 2779 2058 2852; baseline -0.002 -14"><span class='ocrx_word' id='word_1_405' title='bbox 428 2784 554 2838; x_wconf 88' lang='lat' dir='ltr'><strong>dies</strong></span> <span class='ocrx_word' id='word_1_406' title='bbox 594 2797 906 2852; x_wconf 87' lang='lat' dir='ltr'><strong>assurgens</strong></span> <span class='ocrx_word' id='word_1_407' title='bbox 946 2796 1053 2835; x_wconf 88' lang='lat' dir='ltr'><strong>nos</strong></span> <span class='ocrx_word' id='word_1_408' title='bbox 1097 2779 1328 2850; x_wconf 89' lang='lat' dir='ltr'><strong>operit:</strong></span> <span class='ocrx_word' id='word_1_409' title='bbox 1365 2795 1466 2834; x_wconf 89' lang='lat' dir='ltr'><strong>nec</strong></span> <span class='ocrx_word' id='word_1_410' title='bbox 1516 2781 1780 2836; x_wconf 85' lang='lat' dir='ltr'><strong>inventus</strong></span> <span class='ocrx_word' id='word_1_411' title='bbox 1836 2785 1926 2836; x_wconf 84' lang='lat' dir='ltr'><strong>est</strong></span> <span class='ocrx_word' id='word_1_412' title='bbox 1981 2797 2058 2851; x_wconf 94' lang='lat' dir='ltr'><strong>qu</strong></span> 
     </span>
    </p>
   </div>
   <div class='ocr_carea' id='block_1_56' title="bbox 2183 2776 3820 2854">
    <p class='ocr_par' dir='ltr' id='par_1_56' title="bbox 2190 2776 3820 2854">
     <span class='ocr_line' id='line_1_56' title="bbox 2190 2776 3820 2854; baseline 0.001 -22"><span class='ocrx_word' id='word_1_413' title='bbox 2190 2779 2350 2848; x_wconf 76' lang='grc' dir='ltr'>ἡμῶν</span> <span class='ocrx_word' id='word_1_414' title='bbox 2385 2777 2705 2851; x_wconf 82' lang='grc' dir='ltr'>ἐπιτιμῆσαι</span> <span class='ocrx_word' id='word_1_415' title='bbox 2735 2781 2804 2852; x_wconf 81' lang='grc' dir='ltr'><strong>τῇ</strong></span> <span class='ocrx_word' id='word_1_416' title='bbox 2834 2783 3053 2853; x_wconf 84' lang='grc' dir='ltr'>πονηρᾷ</span> <span class='ocrx_word' id='word_1_417' title='bbox 3081 2779 3250 2852; x_wconf 81' lang='grc' dir='ltr'>ταύτῃ</span> <span class='ocrx_word' id='word_1_418' title='bbox 3295 2776 3542 2854; x_wconf 76' lang='grc' dir='ltr'>θαλάσσῃ</span> <span class='ocrx_word' id='word_1_419' title='bbox 3591 2781 3701 2854; x_wconf 84' lang='grc' dir='ltr'><strong>οὐχ</strong></span> <span class='ocrx_word' id='word_1_420' title='bbox 3737 2776 3820 2834; x_wconf 81' lang='grc' dir='ltr'>εῦ-</span> 
     </span>
    </p>
   </div>
   <div class='ocr_carea' id='block_1_57' title="bbox 427 2869 2374 2942">
    <p class='ocr_par' dir='ltr' id='par_1_57' title="bbox 427 2869 2374 2942">
     <span class='ocr_line' id='line_1_57' title="bbox 427 2869 2374 2942; baseline -0.003 -15"><span class='ocrx_word' id='word_1_421' title='bbox 427 2871 719 2927; x_wconf 87' lang='lat' dir='ltr'><strong>Cbristum</strong></span> <span class='ocrx_word' id='word_1_422' title='bbox 751 2871 936 2926; x_wconf 90' lang='lat' dir='ltr'><strong>Deum</strong></span> <span class='ocrx_word' id='word_1_423' title='bbox 969 2873 1236 2925; x_wconf 88' lang='lat' dir='ltr'><strong>nostrum</strong></span> <span class='ocrx_word' id='word_1_424' title='bbox 1267 2869 1713 2940; x_wconf 84' lang='lat' dir='ltr'><strong>expergefaciat,</strong></span> <span class='ocrx_word' id='word_1_425' title='bbox 1739 2874 1801 2924; x_wconf 91' lang='lat' dir='ltr'><strong>ut</strong></span> <span class='ocrx_word' id='word_1_426' title='bbox 1823 2869 2083 2942; x_wconf 91' lang='lat' dir='ltr'><strong>increpet</strong></span> <span class='ocrx_word' id='word_1_427' title='bbox 2192 2887 2374 2938; x_wconf 90' lang='grc' dir='ltr'>ρηται.</span> 
     </span>
    </p>
   </div>
   <div class='ocr_carea' id='block_1_58' title="bbox 426 2959 1182 3016">
    <p class='ocr_par' dir='ltr' id='par_1_58' title="bbox 426 2959 1182 3016">
     <span class='ocr_line' id='line_1_58' title="bbox 426 2959 1182 3016; baseline -0.001 -1"><span class='ocrx_word' id='word_1_428' title='bbox 426 2959 828 3016; x_wconf 90' lang='lat' dir='ltr'><strong>turbulentum</strong></span> <span class='ocrx_word' id='word_1_429' title='bbox 862 2959 971 3014; x_wconf 90' lang='lat' dir='ltr'><strong>hoc</strong></span> <span class='ocrx_word' id='word_1_430' title='bbox 1001 2975 1182 3015; x_wconf 90' lang='lat' dir='ltr'><strong>mare.</strong></span> 
     </span>
    </p>
   </div>
   <div class='ocr_carea' id='block_1_59' title="bbox 491 3047 2083 3117">
    <p class='ocr_par' dir='ltr' id='par_1_59' title="bbox 491 3047 2083 3117">
     <span class='ocr_line' id='line_1_59' title="bbox 491 3047 2083 3117; baseline 0 -13"><span class='ocrx_word' id='word_1_431' title='bbox 491 3051 562 3104; x_wconf 86' lang='lat' dir='ltr'><strong>At</strong></span> <span class='ocrx_word' id='word_1_432' title='bbox 592 3055 650 3102; x_wconf 91' lang='lat' dir='ltr'><strong>tu</strong></span> <span class='ocrx_word' id='word_1_433' title='bbox 688 3055 813 3104; x_wconf 87' lang='lat' dir='ltr'><strong>esto</strong></span> <span class='ocrx_word' id='word_1_434' title='bbox 845 3048 1014 3103; x_wconf 92' lang='lat' dir='ltr'><strong>nobis</strong></span> <span class='ocrx_word' id='word_1_435' title='bbox 1049 3063 1194 3102; x_wconf 85' lang='lat' dir='ltr'><strong>unus</strong></span> <span class='ocrx_word' id='word_1_436' title='bbox 1223 3063 1256 3102; x_wconf 82' lang='grc' dir='ltr'><strong>θ</strong></span> <span class='ocrx_word' id='word_1_437' title='bbox 1285 3047 1586 3102; x_wconf 87' lang='lat' dir='ltr'><strong>duodecim</strong></span> <span class='ocrx_word' id='word_1_438' title='bbox 1615 3048 1914 3117; x_wconf 87' lang='lat' dir='ltr'><strong>apostolis,</strong></span> <span class='ocrx_word' id='word_1_439' title='bbox 1948 3050 2083 3104; x_wconf 85' lang='lat' dir='ltr'><strong>bea-</strong></span> 
     </span>
    </p>
   </div>
   <div class='ocr_carea' id='block_1_60' title="bbox 420 3137 2064 3210">
    <p class='ocr_par' dir='ltr' id='par_1_60' title="bbox 420 3137 2064 3209">
     <span class='ocr_line' id='line_1_60' title="bbox 420 3137 2064 3209; baseline 0.002 -18"><span class='ocrx_word' id='word_1_440' title='bbox 420 3137 646 3209; x_wconf 59' lang='lat' dir='ltr'><strong>tissime</strong></span> <span class='ocrx_word' id='word_1_441' title='bbox 679 3155 692 3193; x_wconf 90' lang='lat'>:</span> <span class='ocrx_word' id='word_1_442' title='bbox 728 3139 907 3194; x_wconf 87' lang='lat' dir='ltr'><strong>excita</strong></span> <span class='ocrx_word' id='word_1_443' title='bbox 938 3153 969 3192; x_wconf 81' lang='grc' dir='ltr'><strong>ο</strong></span> <span class='ocrx_word' id='word_1_444' title='bbox 1000 3153 1207 3192; x_wconf 89' lang='lat' dir='ltr'><strong>somno</strong></span> <span class='ocrx_word' id='word_1_445' title='bbox 1238 3137 1566 3193; x_wconf 86' lang='lat' dir='ltr'><strong>insomnem</strong></span> <span class='ocrx_word' id='word_1_446' title='bbox 1589 3138 1824 3194; x_wconf 91' lang='lat' dir='ltr'><strong>oculum</strong></span> <span class='ocrx_word' id='word_1_447' title='bbox 1854 3138 2064 3208; x_wconf 85' lang='lat' dir='ltr'><strong>dispen-</strong></span> 
     </span>
    </p>
   </div>
   <div class='ocr_carea' id='block_1_61' title="bbox 2183 3137 2576 3210">
    <p class='ocr_par' dir='ltr' id='par_1_61' title="bbox 2193 3137 2576 3210">
     <span class='ocr_line' id='line_1_61' title="bbox 2193 3137 2576 3210; baseline 0.005 -20"><span class='ocrx_word' id='word_1_448' title='bbox 2193 3156 2371 3210; x_wconf 80' lang='grc' dir='ltr'>μακαρ</span> <span class='ocrx_word' id='word_1_449' title='bbox 2382 3137 2576 3192; x_wconf 81' lang='grc' dir='ltr'>ιώτατε</span> 
     </span>
    </p>
   </div>
   <div class='ocr_carea' id='block_1_62' title="bbox 420 3201 2064 3300">
    <p class='ocr_par' dir='ltr' id='par_1_62' title="bbox 420 3227 2064 3300">
     <span class='ocr_line' id='line_1_62' title="bbox 420 3227 2064 3300; baseline 0 -17"><span class='ocrx_word' id='word_1_450' title='bbox 420 3227 631 3283; x_wconf 87' lang='lat' dir='ltr'><strong>satorie</strong></span> <span class='ocrx_word' id='word_1_451' title='bbox 696 3229 1131 3296; x_wconf 88' lang='lat' dir='ltr'><strong>dormitantem,</strong></span> <span class='ocrx_word' id='word_1_452' title='bbox 1191 3229 1331 3300; x_wconf 89' lang='lat' dir='ltr'><strong>quia</strong></span> <span class='ocrx_word' id='word_1_453' title='bbox 1397 3229 1657 3300; x_wconf 91' lang='lat' dir='ltr'><strong>perimus</strong></span> <span class='ocrx_word' id='word_1_454' title='bbox 1710 3231 1968 3286; x_wconf 90' lang='lat' dir='ltr'><strong>omnino.</strong></span> <span class='ocrx_word' id='word_1_455' title='bbox 2019 3230 2064 3284; x_wconf 79' lang='lat' dir='ltr'><strong>Si</strong></span> 
     </span>
    </p>
   </div>
   <div class='ocr_carea' id='block_1_63' title="bbox 2183 3201 3820 3300">
    <p class='ocr_par' dir='ltr' id='par_1_63' title="bbox 2192 3223 3820 3300">
     <span class='ocr_line' id='line_1_63' title="bbox 2192 3223 3820 3300; baseline 0.001 -20"><span class='ocrx_word' id='word_1_456' title='bbox 2192 3226 2561 3300; x_wconf 70' lang='grc' dir='ltr'>οἷκονομικῶς</span> <span class='ocrx_word' id='word_1_457' title='bbox 2588 3223 2918 3282; x_wconf 81' lang='grc' dir='ltr'>καθεύδοντα</span> <span class='ocrx_word' id='word_1_458' title='bbox 2949 3243 2962 3258; x_wconf 93' lang='grc'><strong>⁸</strong></span> <span class='ocrx_word' id='word_1_459' title='bbox 2997 3224 3078 3280; x_wconf 80' lang='grc' dir='ltr'><strong>ὅτι</strong></span> <span class='ocrx_word' id='word_1_460' title='bbox 3119 3225 3482 3298; x_wconf 77' lang='grc' dir='ltr'>ἀπολλύμεθα</span> <span class='ocrx_word' id='word_1_461' title='bbox 3527 3226 3733 3284; x_wconf 79' lang='grc' dir='ltr'>τέλεον.</span> <span class='ocrx_word' id='word_1_462' title='bbox 3766 3226 3820 3283; x_wconf 84' lang='grc' dir='ltr'>Εἰ</span> 
     </span>
    </p>
   </div>
   <div class='ocr_carea' id='block_1_64' title="bbox 2260 3042 3822 3123">
    <p class='ocr_par' dir='ltr' id='par_1_64' title="bbox 2260 3042 3822 3123">
     <span class='ocr_line' id='line_1_64' title="bbox 2260 3042 3822 3123; baseline -0.001 -22"><span class='ocrx_word' id='word_1_463' title='bbox 2260 3043 2432 3102; x_wconf 79' lang='grc' dir='ltr'>Ἀλλὸ</span> <span class='ocrx_word' id='word_1_464' title='bbox 2463 3049 2619 3123; x_wconf 81' lang='grc' dir='ltr'>γενοῦ</span> <span class='ocrx_word' id='word_1_465' title='bbox 2648 3047 2784 3119; x_wconf 79' lang='grc' dir='ltr'>ἡμῖν</span> <span class='ocrx_word' id='word_1_466' title='bbox 2837 3046 2916 3107; x_wconf 80' lang='grc' dir='ltr'>εἷς</span> <span class='ocrx_word' id='word_1_467' title='bbox 2973 3049 3080 3100; x_wconf 82' lang='grc' dir='ltr'><strong>τῶν</strong></span> <span class='ocrx_word' id='word_1_468' title='bbox 3133 3043 3344 3101; x_wconf 81' lang='grc' dir='ltr'>δώδεκα</span> <span class='ocrx_word' id='word_1_469' title='bbox 3397 3045 3750 3114; x_wconf 87' lang='grc' dir='ltr'>αποστόλων,</span> <span class='ocrx_word' id='word_1_470' title='bbox 3781 3042 3822 3100; x_wconf 86' lang='grc' dir='ltr'><strong>ὦ</strong></span> 
     </span>
    </p>
   </div>
   <div class='ocr_carea' id='block_1_65' title="bbox 2631 3133 3822 3214">
    <p class='ocr_par' dir='ltr' id='par_1_65' title="bbox 2631 3133 3822 3214">
     <span class='ocr_line' id='line_1_65' title="bbox 2631 3133 3822 3214; baseline 0.001 -24"><span class='ocrx_word' id='word_1_471' title='bbox 2631 3153 2648 3169; x_wconf 92' lang='grc'><strong>⁸</strong></span> <span class='ocrx_word' id='word_1_472' title='bbox 2709 3134 2986 3192; x_wconf 81' lang='grc' dir='ltr'>διόπνισον</span> <span class='ocrx_word' id='word_1_473' title='bbox 3042 3135 3134 3190; x_wconf 82' lang='grc' dir='ltr'><strong>τὸν</strong></span> <span class='ocrx_word' id='word_1_474' title='bbox 3191 3133 3498 3208; x_wconf 76' lang='grc' dir='ltr'>ἀκοίμητον</span> <span class='ocrx_word' id='word_1_475' title='bbox 3547 3135 3822 3214; x_wconf 80' lang='grc' dir='ltr'>ὀφθαλμὸν</span> 
     </span>
    </p>
   </div>
   <div class='ocr_carea' id='block_1_66' title="bbox 421 3317 2076 3390">
    <p class='ocr_par' dir='ltr' id='par_1_66' title="bbox 421 3317 2076 3390">
     <span class='ocr_line' id='line_1_66' title="bbox 421 3317 2076 3390; baseline 0.001 -17"><span class='ocrx_word' id='word_1_476' title='bbox 421 3318 576 3387; x_wconf 90' lang='lat' dir='ltr'><strong>quod</strong></span> <span class='ocrx_word' id='word_1_477' title='bbox 605 3324 694 3374; x_wconf 90' lang='lat' dir='ltr'><strong>est</strong></span> <span class='ocrx_word' id='word_1_478' title='bbox 734 3324 789 3373; x_wconf 88' lang='lat' dir='ltr'><strong>et</strong></span> <span class='ocrx_word' id='word_1_479' title='bbox 841 3318 997 3373; x_wconf 88' lang='lat' dir='ltr'><strong>aliud</strong></span> <span class='ocrx_word' id='word_1_480' title='bbox 1029 3317 1228 3373; x_wconf 87' lang='lat' dir='ltr'><strong>auxilii</strong></span> <span class='ocrx_word' id='word_1_481' title='bbox 1259 3318 1639 3390; x_wconf 89' lang='lat' dir='ltr'><strong>pharmacum</strong></span> <span class='ocrx_word' id='word_1_482' title='bbox 1680 3321 1750 3375; x_wconf 88' lang='lat' dir='ltr'><strong>ad</strong></span> <span class='ocrx_word' id='word_1_483' title='bbox 1783 3321 2076 3376; x_wconf 86' lang='lat' dir='ltr'><strong>sanandos</strong></span> 
     </span>
    </p>
   </div>
   <div class='ocr_carea' id='block_1_67' title="bbox 420 3408 2075 3479">
    <p class='ocr_par' dir='ltr' id='par_1_67' title="bbox 420 3408 2075 3479">
     <span class='ocr_line' id='line_1_67' title="bbox 420 3408 2075 3479; baseline 0.001 -17"><span class='ocrx_word' id='word_1_484' title='bbox 420 3408 808 3475; x_wconf 82' lang='lat' dir='ltr'><strong>infirmos;ut</strong></span> <span class='ocrx_word' id='word_1_485' title='bbox 853 3408 1071 3476; x_wconf 89' lang='lat' dir='ltr'><strong>peritus</strong></span> <span class='ocrx_word' id='word_1_486' title='bbox 1125 3408 1360 3463; x_wconf 89' lang='lat' dir='ltr'><strong>adhibe.</strong></span> <span class='ocrx_word' id='word_1_487' title='bbox 1391 3409 1798 3479; x_wconf 85' lang='lat' dir='ltr'><strong>Deprecamur,</strong></span> <span class='ocrx_word' id='word_1_488' title='bbox 1855 3409 2075 3464; x_wconf 89' lang='lat' dir='ltr'><strong>sancti-</strong></span> 
     </span>
    </p>
   </div>
   <div class='ocr_carea' id='block_1_68' title="bbox 419 3496 2068 3562">
    <p class='ocr_par' dir='ltr' id='par_1_68' title="bbox 419 3496 2068 3562">
     <span class='ocr_line' id='line_1_68' title="bbox 419 3496 2068 3562; baseline 0.002 -11"><span class='ocrx_word' id='word_1_489' title='bbox 419 3497 587 3558; x_wconf 87' lang='lat' dir='ltr'><strong>sime.</strong></span> <span class='ocrx_word' id='word_1_490' title='bbox 620 3497 998 3562; x_wconf 83' lang='lat' dir='ltr'><strong>obtestamur,</strong></span> <span class='ocrx_word' id='word_1_491' title='bbox 1032 3496 1355 3553; x_wconf 89' lang='lat' dir='ltr'><strong>hortamur.</strong></span> <span class='ocrx_word' id='word_1_492' title='bbox 1390 3497 1649 3552; x_wconf 85' lang='lat' dir='ltr'><strong>Membra</strong></span> <span class='ocrx_word' id='word_1_493' title='bbox 1678 3502 1776 3553; x_wconf 88' lang='lat' dir='ltr'><strong>tua</strong></span> <span class='ocrx_word' id='word_1_494' title='bbox 1816 3515 2021 3554; x_wconf 89' lang='lat' dir='ltr'><strong>sumus</strong></span> <span class='ocrx_word' id='word_1_495' title='bbox 2054 3515 2068 3556; x_wconf 91' lang='lat'><strong>:</strong></span> 
     </span>
    </p>
   </div>
   <div class='ocr_carea' id='block_1_69' title="bbox 418 3583 2074 3654">
    <p class='ocr_par' dir='ltr' id='par_1_69' title="bbox 418 3583 2074 3654">
     <span class='ocr_line' id='line_1_69' title="bbox 418 3583 2074 3654; baseline 0.004 -18"><span class='ocrx_word' id='word_1_496' title='bbox 418 3584 893 3654; x_wconf 90' lang='lat' dir='ltr'><strong>quandoquidem</strong></span> <span class='ocrx_word' id='word_1_497' title='bbox 926 3583 1123 3638; x_wconf 81' lang='lat' dir='ltr'><strong>fideles</strong></span> <span class='ocrx_word' id='word_1_498' title='bbox 1160 3599 1360 3639; x_wconf 89' lang='lat' dir='ltr'><strong>omnes</strong></span> <span class='ocrx_word' id='word_1_499' title='bbox 1387 3600 1580 3654; x_wconf 88' lang='lat' dir='ltr'><strong>corpus</strong></span> <span class='ocrx_word' id='word_1_500' title='bbox 1607 3590 1735 3640; x_wconf 85' lang='lat' dir='ltr'><strong>sunt</strong></span> <span class='ocrx_word' id='word_1_501' title='bbox 1764 3585 1987 3652; x_wconf 77' lang='lat' dir='ltr'><strong>Christi,</strong></span> <span class='ocrx_word' id='word_1_502' title='bbox 2019 3594 2074 3642; x_wconf 82' lang='lat' dir='ltr'><strong>ct</strong></span> 
     </span>
    </p>
   </div>
   <div class='ocr_carea' id='block_1_70' title="bbox 417 3674 2073 3746">
    <p class='ocr_par' dir='ltr' id='par_1_70' title="bbox 417 3674 2073 3746">
     <span class='ocr_line' id='line_1_70' title="bbox 417 3674 2073 3746; baseline 0.001 -16"><span class='ocrx_word' id='word_1_503' title='bbox 417 3677 663 3732; x_wconf 78' lang='lat' dir='ltr'><strong>membra</strong></span> <span class='ocrx_word' id='word_1_504' title='bbox 692 3691 764 3730; x_wconf 69' lang='lat' dir='ltr'><strong>ea:</strong></span> <span class='ocrx_word' id='word_1_505' title='bbox 792 3679 956 3746; x_wconf 84' lang='lat' dir='ltr'><strong>parte</strong></span> <span class='ocrx_word' id='word_1_506' title='bbox 987 3674 1052 3729; x_wconf 81' lang='grc'><strong>⁸⁸.</strong></span> <span class='ocrx_word' id='word_1_507' title='bbox 1081 3675 1332 3746; x_wconf 75' lang='lat' dir='ltr'><strong>Prsecipe</strong></span> <span class='ocrx_word' id='word_1_508' title='bbox 1360 3684 1414 3732; x_wconf 88' lang='lat' dir='ltr'><strong>et</strong></span> <span class='ocrx_word' id='word_1_509' title='bbox 1461 3677 1591 3731; x_wconf 88' lang='lat' dir='ltr'><strong>aliis</strong></span> <span class='ocrx_word' id='word_1_510' title='bbox 1631 3678 1846 3732; x_wconf 86' lang='lat' dir='ltr'><strong>sanctis</strong></span> <span class='ocrx_word' id='word_1_511' title='bbox 1886 3677 2073 3733; x_wconf 89' lang='lat' dir='ltr'><strong>Patri-</strong></span> 
     </span>
    </p>
   </div>
   <div class='ocr_carea' id='block_1_71' title="bbox 417 3765 2074 3836">
    <p class='ocr_par' dir='ltr' id='par_1_71' title="bbox 417 3765 2074 3836">
     <span class='ocr_line' id='line_1_71' title="bbox 417 3765 2074 3836; baseline 0.001 -16"><span class='ocrx_word' id='word_1_512' title='bbox 417 3765 526 3820; x_wconf 87' lang='lat' dir='ltr'><strong>bus</strong></span> <span class='ocrx_word' id='word_1_513' title='bbox 584 3765 822 3832; x_wconf 87' lang='lat' dir='ltr'><strong>nostris,</strong></span> <span class='ocrx_word' id='word_1_514' title='bbox 862 3765 1327 3820; x_wconf 87' lang='lat' dir='ltr'><strong>intercessoriam</strong></span> <span class='ocrx_word' id='word_1_515' title='bbox 1371 3782 1609 3820; x_wconf 88' lang='lat' dir='ltr'><strong>manum</strong></span> <span class='ocrx_word' id='word_1_516' title='bbox 1661 3765 1975 3836; x_wconf 88' lang='lat' dir='ltr'><strong>porrigant,</strong></span> <span class='ocrx_word' id='word_1_517' title='bbox 2008 3779 2074 3831; x_wconf 76' lang='lat' dir='ltr'><strong>ut</strong></span> 
     </span>
    </p>
   </div>
   <div class='ocr_carea' id='block_1_72' title="bbox 417 3854 2066 3925">
    <p class='ocr_par' dir='ltr' id='par_1_72' title="bbox 417 3854 2066 3925">
     <span class='ocr_line' id='line_1_72' title="bbox 417 3854 2066 3925; baseline 0.002 -16"><span class='ocrx_word' id='word_1_518' title='bbox 417 3854 738 3910; x_wconf 89' lang='lat' dir='ltr'><strong>multorum</strong></span> <span class='ocrx_word' id='word_1_519' title='bbox 770 3855 1138 3925; x_wconf 84' lang='lat' dir='ltr'><strong>interpositu,</strong></span> <span class='ocrx_word' id='word_1_520' title='bbox 1161 3871 1324 3910; x_wconf 84' lang='lat' dir='ltr'><strong>suam</strong></span> <span class='ocrx_word' id='word_1_521' title='bbox 1363 3855 1508 3910; x_wconf 89' lang='lat' dir='ltr'><strong>Deus</strong></span> <span class='ocrx_word' id='word_1_522' title='bbox 1541 3855 1708 3910; x_wconf 90' lang='lat' dir='ltr'><strong>nobis</strong></span> <span class='ocrx_word' id='word_1_523' title='bbox 1739 3855 2066 3912; x_wconf 90' lang='lat' dir='ltr'><strong>misericor-</strong></span> 
     </span>
    </p>
   </div>
   <div class='ocr_carea' id='block_1_73' title="bbox 417 3944 2072 4016">
    <p class='ocr_par' dir='ltr' id='par_1_73' title="bbox 417 3944 2072 4016">
     <span class='ocr_line' id='line_1_73' title="bbox 417 3944 2072 4016; baseline 0.001 -18"><span class='ocrx_word' id='word_1_524' title='bbox 417 3944 575 4000; x_wconf 89' lang='lat' dir='ltr'><strong>diam</strong></span> <span class='ocrx_word' id='word_1_525' title='bbox 600 3944 919 4016; x_wconf 89' lang='lat' dir='ltr'><strong>impertiat.</strong></span> <span class='ocrx_word' id='word_1_526' title='bbox 957 3949 1120 3998; x_wconf 89' lang='lat' dir='ltr'><strong>Hunc</strong></span> <span class='ocrx_word' id='word_1_527' title='bbox 1178 3944 1236 3998; x_wconf 93' lang='lat' dir='ltr'><strong>in</strong></span> <span class='ocrx_word' id='word_1_528' title='bbox 1276 3944 1452 3999; x_wconf 82' lang='lat' dir='ltr'><strong>ﬁnem</strong></span> <span class='ocrx_word' id='word_1_529' title='bbox 1483 3945 1746 4015; x_wconf 89' lang='lat' dir='ltr'><strong>epistola,</strong></span> <span class='ocrx_word' id='word_1_530' title='bbox 1779 3953 1832 4000; x_wconf 93' lang='lat' dir='ltr'><strong>et</strong></span> <span class='ocrx_word' id='word_1_531' title='bbox 1878 3947 2072 4002; x_wconf 89' lang='lat' dir='ltr'><strong>tabel—</strong></span> 
     </span>
    </p>
   </div>
   <div class='ocr_carea' id='block_1_74' title="bbox 418 4033 2068 4098">
    <p class='ocr_par' dir='ltr' id='par_1_74' title="bbox 418 4033 2068 4098">
     <span class='ocr_line' id='line_1_74' title="bbox 418 4033 2068 4098; baseline 0.001 -9"><span class='ocrx_word' id='word_1_532' title='bbox 418 4033 598 4090; x_wconf 87' lang='lat' dir='ltr'><strong>larius</strong></span> <span class='ocrx_word' id='word_1_533' title='bbox 628 4033 699 4088; x_wconf 89' lang='lat' dir='ltr'><strong>ab</strong></span> <span class='ocrx_word' id='word_1_534' title='bbox 740 4034 1016 4089; x_wconf 90' lang='lat' dir='ltr'><strong>omnibus</strong></span> <span class='ocrx_word' id='word_1_535' title='bbox 1049 4033 1245 4090; x_wconf 89' lang='lat' dir='ltr'><strong>animo</strong></span> <span class='ocrx_word' id='word_1_536' title='bbox 1276 4034 1628 4098; x_wconf 87' lang='lat' dir='ltr'><strong>destinatus,</strong></span> <span class='ocrx_word' id='word_1_537' title='bbox 1660 4035 1766 4090; x_wconf 90' lang='lat' dir='ltr'><strong>etsi</strong></span> <span class='ocrx_word' id='word_1_538' title='bbox 1818 4052 1852 4091; x_wconf 91' lang='lat' dir='ltr'><strong>a</strong></span> <span class='ocrx_word' id='word_1_539' title='bbox 1899 4036 2068 4092; x_wconf 89' lang='lat' dir='ltr'><strong>nobis</strong></span> 
     </span>
    </p>
   </div>
   <div class='ocr_carea' id='block_1_75' title="bbox 419 4121 2058 4196">
    <p class='ocr_par' dir='ltr' id='par_1_75' title="bbox 419 4121 2058 4196">
     <span class='ocr_line' id='line_1_75' title="bbox 419 4121 2058 4196; baseline 0.002 -18"><span class='ocrx_word' id='word_1_540' title='bbox 419 4121 562 4178; x_wconf 87' lang='lat' dir='ltr'><strong>solis</strong></span> <span class='ocrx_word' id='word_1_541' title='bbox 595 4122 862 4178; x_wconf 89' lang='lat' dir='ltr'><strong>omnium</strong></span> <span class='ocrx_word' id='word_1_542' title='bbox 909 4123 1176 4178; x_wconf 89' lang='lat' dir='ltr'><strong>minimis</strong></span> <span class='ocrx_word' id='word_1_543' title='bbox 1233 4121 1467 4178; x_wconf 91' lang='lat' dir='ltr'><strong>illorum</strong></span> <span class='ocrx_word' id='word_1_544' title='bbox 1519 4123 1701 4179; x_wconf 90' lang='lat' dir='ltr'><strong>vicem</strong></span> <span class='ocrx_word' id='word_1_545' title='bbox 1749 4125 2058 4196; x_wconf 84' lang='lat' dir='ltr'><strong>agentibus</strong></span> 
     </span>
    </p>
   </div>
   <div class='ocr_carea' id='block_1_76' title="bbox 421 4209 2061 4282">
    <p class='ocr_par' dir='ltr' id='par_1_76' title="bbox 421 4209 2061 4282">
     <span class='ocr_line' id='line_1_76' title="bbox 421 4209 2061 4282; baseline 0.001 -16"><span class='ocrx_word' id='word_1_546' title='bbox 421 4211 658 4266; x_wconf 87' lang='lat' dir='ltr'><strong>missus.</strong></span> <span class='ocrx_word' id='word_1_547' title='bbox 694 4209 765 4266; x_wconf 88' lang='lat' dir='ltr'><strong>Ut</strong></span> <span class='ocrx_word' id='word_1_548' title='bbox 788 4219 977 4266; x_wconf 85' lang='lat' dir='ltr'><strong>autem</strong></span> <span class='ocrx_word' id='word_1_549' title='bbox 1009 4227 1080 4266; x_wconf 87' lang='lat' dir='ltr'><strong>ex</strong></span> <span class='ocrx_word' id='word_1_550' title='bbox 1106 4216 1268 4280; x_wconf 90' lang='lat' dir='ltr'><strong>parte</strong></span> <span class='ocrx_word' id='word_1_551' title='bbox 1298 4216 1611 4282; x_wconf 89' lang='lat' dir='ltr'><strong>cognoscat</strong></span> <span class='ocrx_word' id='word_1_552' title='bbox 1657 4213 1940 4268; x_wconf 90' lang='lat' dir='ltr'><strong>celsitudo</strong></span> <span class='ocrx_word' id='word_1_553' title='bbox 1965 4230 2061 4268; x_wconf 91' lang='lat' dir='ltr'><strong>ve-</strong></span> 
     </span>
    </p>
   </div>
   <div class='ocr_carea' id='block_1_77' title="bbox 423 4299 2062 4373">
    <p class='ocr_par' dir='ltr' id='par_1_77' title="bbox 423 4299 2062 4373">
     <span class='ocr_line' id='line_1_77' title="bbox 423 4299 2062 4373; baseline 0.001 -19"><span class='ocrx_word' id='word_1_554' title='bbox 423 4307 566 4367; x_wconf 86' lang='lat' dir='ltr'><strong>stra,</strong></span> <span class='ocrx_word' id='word_1_555' title='bbox 601 4300 934 4369; x_wconf 87' lang='lat' dir='ltr'><strong>cujusmodi</strong></span> <span class='ocrx_word' id='word_1_556' title='bbox 995 4301 1114 4354; x_wconf 90' lang='lat' dir='ltr'><strong>sint</strong></span> <span class='ocrx_word' id='word_1_557' title='bbox 1163 4299 1436 4370; x_wconf 89' lang='lat' dir='ltr'><strong>dogmata</strong></span> <span class='ocrx_word' id='word_1_558' title='bbox 1491 4301 1805 4373; x_wconf 89' lang='lat' dir='ltr'><strong>impiorum</strong></span> <span class='ocrx_word' id='word_1_559' title='bbox 1839 4319 1853 4358; x_wconf 91' lang='lat'><strong>:</strong></span> <span class='ocrx_word' id='word_1_560' title='bbox 1887 4319 1955 4358; x_wconf 90' lang='lat' dir='ltr'><strong>ea</strong></span> <span class='ocrx_word' id='word_1_561' title='bbox 2004 4303 2062 4357; x_wconf 90' lang='lat' dir='ltr'><strong>in</strong></span> 
     </span>
    </p>
   </div>
   <div class='ocr_carea' id='block_1_78' title="bbox 421 4388 2063 4463">
    <p class='ocr_par' dir='ltr' id='par_1_78' title="bbox 421 4388 2063 4463">
     <span class='ocr_line' id='line_1_78' title="bbox 421 4388 2063 4463; baseline 0.002 -21"><span class='ocrx_word' id='word_1_562' title='bbox 421 4388 899 4459; x_wconf 88' lang='lat' dir='ltr'><strong>quaternionibus</strong></span> <span class='ocrx_word' id='word_1_563' title='bbox 945 4389 1236 4459; x_wconf 87' lang='lat' dir='ltr'><strong>descripta</strong></span> <span class='ocrx_word' id='word_1_564' title='bbox 1287 4389 1546 4460; x_wconf 81' lang='lat' dir='ltr'><strong>epistolas</strong></span> <span class='ocrx_word' id='word_1_565' title='bbox 1586 4391 1769 4461; x_wconf 90' lang='lat' dir='ltr'><strong>adjeci</strong></span> <span class='ocrx_word' id='word_1_566' title='bbox 1802 4408 1816 4446; x_wconf 73' lang='grc' dir='ltr'>ε</span> <span class='ocrx_word' id='word_1_567' title='bbox 1850 4408 1974 4463; x_wconf 67' lang='lat' dir='ltr'><strong>quae</strong></span> <span class='ocrx_word' id='word_1_568' title='bbox 2006 4396 2063 4446; x_wconf 90' lang='lat' dir='ltr'><strong>et</strong></span> 
     </span>
    </p>
   </div>
   <div class='ocr_carea' id='block_1_79' title="bbox 413 4478 2061 4552">
    <p class='ocr_par' dir='ltr' id='par_1_79' title="bbox 413 4478 2061 4552">
     <span class='ocr_line' id='line_1_79' title="bbox 413 4478 2061 4552; baseline 0.002 -20"><span class='ocrx_word' id='word_1_569' title='bbox 413 4480 660 4534; x_wconf 87' lang='lat' dir='ltr'><strong>aliorum</strong></span> <span class='ocrx_word' id='word_1_570' title='bbox 695 4483 896 4548; x_wconf 88' lang='lat' dir='ltr'><strong>rogatu</strong></span> <span class='ocrx_word' id='word_1_571' title='bbox 961 4478 1266 4534; x_wconf 78' lang='lat' dir='ltr'><strong>refutanda</strong></span> <span class='ocrx_word' id='word_1_572' title='bbox 1307 4479 1616 4550; x_wconf 88' lang='lat' dir='ltr'><strong>imperitus</strong></span> <span class='ocrx_word' id='word_1_573' title='bbox 1654 4484 1912 4552; x_wconf 88' lang='lat' dir='ltr'><strong>suscepi.</strong></span> <span class='ocrx_word' id='word_1_574' title='bbox 1947 4483 2061 4536; x_wconf 90' lang='lat' dir='ltr'><strong>Ora</strong></span> 
     </span>
    </p>
   </div>
   <div class='ocr_carea' id='block_1_80' title="bbox 2181 3314 3821 3393">
    <p class='ocr_par' dir='ltr' id='par_1_80' title="bbox 2181 3314 3821 3393">
     <span class='ocr_line' id='line_1_80' title="bbox 2181 3314 3821 3393; baseline 0 -23"><span class='ocrx_word' id='word_1_575' title='bbox 2181 3336 2299 3379; x_wconf 90' lang='grc' dir='ltr'><strong>πως</strong></span> <span class='ocrx_word' id='word_1_576' title='bbox 2332 3317 2423 3370; x_wconf 86' lang='grc' dir='ltr'><strong>καὶ</strong></span> <span class='ocrx_word' id='word_1_577' title='bbox 2455 3314 2642 3377; x_wconf 80' lang='grc' dir='ltr'>ἄλλως</span> <span class='ocrx_word' id='word_1_578' title='bbox 2676 3314 2788 3370; x_wconf 79' lang='grc' dir='ltr'>ἐστί</span> <span class='ocrx_word' id='word_1_579' title='bbox 2841 3335 2895 3370; x_wconf 91' lang='grc' dir='ltr'><strong>τι</strong></span> <span class='ocrx_word' id='word_1_580' title='bbox 2944 3315 3228 3393; x_wconf 61' lang='grc' dir='ltr'>ῳάρμακον</span> <span class='ocrx_word' id='word_1_581' title='bbox 3283 3316 3566 3390; x_wconf 86' lang='grc' dir='ltr'>βοηθείας,</span> <span class='ocrx_word' id='word_1_582' title='bbox 3627 3317 3821 3391; x_wconf 75' lang='grc' dir='ltr'>ἰατρεῦ-</span> 
     </span>
    </p>
   </div>
   <div class='ocr_carea' id='block_1_81' title="bbox 2183 3403 3816 3481">
    <p class='ocr_par' dir='ltr' id='par_1_81' title="bbox 2183 3403 3816 3481">
     <span class='ocr_line' id='line_1_81' title="bbox 2183 3403 3816 3481; baseline 0.002 -23"><span class='ocrx_word' id='word_1_583' title='bbox 2183 3425 2268 3459; x_wconf 87' lang='grc' dir='ltr'><strong>σαι</strong></span> <span class='ocrx_word' id='word_1_584' title='bbox 2325 3403 2452 3466; x_wconf 79' lang='grc' dir='ltr'>τοῦς</span> <span class='ocrx_word' id='word_1_585' title='bbox 2518 3406 2884 3474; x_wconf 82' lang='grc' dir='ltr'>ἡσθενηκοτας</span> <span class='ocrx_word' id='word_1_586' title='bbox 2925 3421 2939 3436; x_wconf 84' lang='grc'><strong>⁸</strong></span> <span class='ocrx_word' id='word_1_587' title='bbox 3002 3404 3076 3465; x_wconf 87' lang='grc' dir='ltr'>ὡς</span> <span class='ocrx_word' id='word_1_588' title='bbox 3135 3403 3453 3476; x_wconf 81' lang='grc' dir='ltr'>ἐπιστήμων</span> <span class='ocrx_word' id='word_1_589' title='bbox 3515 3405 3816 3481; x_wconf 84' lang='grc' dir='ltr'>ἐπείχθητι.</span> 
     </span>
    </p>
   </div>
   <div class='ocr_carea' id='block_1_82' title="bbox 2180 3489 3814 3570">
    <p class='ocr_par' dir='ltr' id='par_1_82' title="bbox 2180 3489 3814 3570">
     <span class='ocr_line' id='line_1_82' title="bbox 2180 3489 3814 3570; baseline 0 -20"><span class='ocrx_word' id='word_1_590' title='bbox 2180 3496 2307 3563; x_wconf 87' lang='grc' dir='ltr'>Ναὶ,</span> <span class='ocrx_word' id='word_1_591' title='bbox 2345 3493 2595 3567; x_wconf 87' lang='grc' dir='ltr'>δεόμεθα,</span> <span class='ocrx_word' id='word_1_592' title='bbox 2628 3494 2896 3568; x_wconf 84' lang='grc' dir='ltr'>ἀγιώτατε</span> <span class='ocrx_word' id='word_1_593' title='bbox 2927 3510 2941 3525; x_wconf 87' lang='grc'><strong>⁸</strong></span> <span class='ocrx_word' id='word_1_594' title='bbox 2977 3489 3377 3566; x_wconf 76' lang='grc' dir='ltr'>ἀντιϐολοῦμεν</span> <span class='ocrx_word' id='word_1_595' title='bbox 3409 3513 3424 3528; x_wconf 84' lang='grc'><strong>⁸</strong></span> <span class='ocrx_word' id='word_1_596' title='bbox 3473 3495 3814 3570; x_wconf 84' lang='grc' dir='ltr'>παρακαλοῦ-</span> 
     </span>
    </p>
   </div>
   <div class='ocr_carea' id='block_1_83' title="bbox 2184 3582 3816 3657">
    <p class='ocr_par' dir='ltr' id='par_1_83' title="bbox 2184 3582 3816 3657">
     <span class='ocr_line' id='line_1_83' title="bbox 2184 3582 3816 3657; baseline 0 -19"><span class='ocrx_word' id='word_1_597' title='bbox 2184 3605 2303 3656; x_wconf 85' lang='grc' dir='ltr'>μεν.</span> <span class='ocrx_word' id='word_1_598' title='bbox 2350 3587 2456 3638; x_wconf 89' lang='grc' dir='ltr'><strong>Σοῦ</strong></span> <span class='ocrx_word' id='word_1_599' title='bbox 2504 3583 2662 3654; x_wconf 82' lang='grc' dir='ltr'>ἐσμεν</span> <span class='ocrx_word' id='word_1_600' title='bbox 2717 3582 2856 3654; x_wconf 84' lang='grc' dir='ltr'>μέλη</span> <span class='ocrx_word' id='word_1_601' title='bbox 2893 3603 2906 3618; x_wconf 92' lang='grc'><strong>⁸</strong></span> <span class='ocrx_word' id='word_1_602' title='bbox 2944 3583 3058 3638; x_wconf 81' lang='grc' dir='ltr'>ἐπεὶ</span> <span class='ocrx_word' id='word_1_603' title='bbox 3091 3585 3144 3638; x_wconf 76' lang='grc' dir='ltr'>οἱ</span> <span class='ocrx_word' id='word_1_604' title='bbox 3174 3584 3366 3647; x_wconf 79' lang='grc' dir='ltr'>πάντες</span> <span class='ocrx_word' id='word_1_605' title='bbox 3405 3585 3596 3640; x_wconf 83' lang='grc' dir='ltr'>πιστοὶ</span> <span class='ocrx_word' id='word_1_606' title='bbox 3641 3589 3816 3657; x_wconf 82' lang='grc' dir='ltr'>σῶμα</span> 
     </span>
    </p>
   </div>
   <div class='ocr_carea' id='block_1_84' title="bbox 2179 3671 3814 3748">
    <p class='ocr_par' dir='ltr' id='par_1_84' title="bbox 2179 3671 3814 3748">
     <span class='ocr_line' id='line_1_84' title="bbox 2179 3671 3814 3748; baseline -0.002 -18"><span class='ocrx_word' id='word_1_607' title='bbox 2179 3675 2465 3747; x_wconf 89' lang='grc' dir='ltr'>Χριστοῦ</span> <span class='ocrx_word' id='word_1_608' title='bbox 2490 3674 2597 3727; x_wconf 82' lang='grc' dir='ltr'><strong>καὶ</strong></span> <span class='ocrx_word' id='word_1_609' title='bbox 2633 3671 2801 3746; x_wconf 79' lang='grc' dir='ltr'>μέλη</span> <span class='ocrx_word' id='word_1_610' title='bbox 2831 3673 2900 3728; x_wconf 79' lang='grc' dir='ltr'>ἐκ</span> <span class='ocrx_word' id='word_1_611' title='bbox 2931 3673 3190 3748; x_wconf 84' lang='grc' dir='ltr'>μὲρους.</span> <span class='ocrx_word' id='word_1_612' title='bbox 3238 3673 3560 3748; x_wconf 79' lang='grc' dir='ltr'>Ἐπίτρεψον</span> <span class='ocrx_word' id='word_1_613' title='bbox 3589 3674 3678 3729; x_wconf 88' lang='grc' dir='ltr'><strong>καὶ</strong></span> <span class='ocrx_word' id='word_1_614' title='bbox 3705 3679 3814 3737; x_wconf 81' lang='grc' dir='ltr'>τοῖς</span> 
     </span>
    </p>
   </div>
   <div class='ocr_carea' id='block_1_85' title="bbox 2179 3759 3811 3839">
    <p class='ocr_par' dir='ltr' id='par_1_85' title="bbox 2179 3759 3811 3839">
     <span class='ocr_line' id='line_1_85' title="bbox 2179 3759 3811 3839; baseline -0.002 -21"><span class='ocrx_word' id='word_1_615' title='bbox 2179 3761 2374 3825; x_wconf 83' lang='grc' dir='ltr'>ἄλλοις</span> <span class='ocrx_word' id='word_1_616' title='bbox 2429 3763 2610 3839; x_wconf 81' lang='grc' dir='ltr'>ἁγίοις</span> <span class='ocrx_word' id='word_1_617' title='bbox 2659 3763 2923 3837; x_wconf 77' lang='grc' dir='ltr'>Πατράσιν</span> <span class='ocrx_word' id='word_1_618' title='bbox 2973 3767 3137 3836; x_wconf 77' lang='grc' dir='ltr'>ἡμῶν</span> <span class='ocrx_word' id='word_1_619' title='bbox 3187 3762 3346 3837; x_wconf 87' lang='grc' dir='ltr'>χεὶρα</span> <span class='ocrx_word' id='word_1_620' title='bbox 3428 3759 3811 3838; x_wconf 74' lang='grc' dir='ltr'>πρεσϐευτικήν</span> 
     </span>
    </p>
   </div>
   <div class='ocr_carea' id='block_1_86' title="bbox 2177 3849 3811 3926">
    <p class='ocr_par' dir='ltr' id='par_1_86' title="bbox 2177 3849 3811 3926">
     <span class='ocr_line' id='line_1_86' title="bbox 2177 3849 3811 3926; baseline 0.001 -20"><span class='ocrx_word' id='word_1_621' title='bbox 2177 3851 2354 3926; x_wconf 77' lang='grc' dir='ltr'>ὅρὲξαι</span> <span class='ocrx_word' id='word_1_622' title='bbox 2384 3870 2398 3884; x_wconf 96' lang='grc'><strong>⁸</strong></span> <span class='ocrx_word' id='word_1_623' title='bbox 2429 3850 2526 3906; x_wconf 72' lang='grc' dir='ltr'>’ἱνα</span> <span class='ocrx_word' id='word_1_624' title='bbox 2555 3852 2614 3906; x_wconf 81' lang='grc' dir='ltr'>ἐκ</span> <span class='ocrx_word' id='word_1_625' title='bbox 2642 3849 2867 3907; x_wconf 78' lang='grc' dir='ltr'>πολλῶν</span> <span class='ocrx_word' id='word_1_626' title='bbox 2899 3852 3207 3926; x_wconf 82' lang='grc' dir='ltr'>προσώπων</span> <span class='ocrx_word' id='word_1_627' title='bbox 3241 3853 3302 3906; x_wconf 85' lang='grc' dir='ltr'>τὸ</span> <span class='ocrx_word' id='word_1_628' title='bbox 3342 3851 3418 3912; x_wconf 77' lang='grc' dir='ltr'>εἷς</span> <span class='ocrx_word' id='word_1_629' title='bbox 3473 3855 3622 3924; x_wconf 75' lang='grc' dir='ltr'>ἡμᾶς</span> <span class='ocrx_word' id='word_1_630' title='bbox 3669 3849 3811 3915; x_wconf 83' lang='grc' dir='ltr'>ἔλεος</span> 
     </span>
    </p>
   </div>
   <div class='ocr_carea' id='block_1_87' title="bbox 2177 3937 3808 4017">
    <p class='ocr_par' dir='ltr' id='par_1_87' title="bbox 2177 3937 3808 4017">
     <span class='ocr_line' id='line_1_87' title="bbox 2177 3937 3808 4017; baseline -0.001 -21"><span class='ocrx_word' id='word_1_631' title='bbox 2177 3941 2262 4011; x_wconf 74' lang='grc' dir='ltr'><strong>εἷή</strong></span> <span class='ocrx_word' id='word_1_632' title='bbox 2296 3941 2440 4015; x_wconf 86' lang='grc' dir='ltr'><strong>παρά</strong></span> <span class='ocrx_word' id='word_1_633' title='bbox 2495 3945 2653 3999; x_wconf 87' lang='grc' dir='ltr'>Θεοῦ.</span> <span class='ocrx_word' id='word_1_634' title='bbox 2714 3941 2918 3996; x_wconf 73' lang='grc' dir='ltr'>Τούτου</span> <span class='ocrx_word' id='word_1_635' title='bbox 2976 3937 3042 4008; x_wconf 80' lang='grc' dir='ltr'>δὴ</span> <span class='ocrx_word' id='word_1_636' title='bbox 3095 3941 3258 4014; x_wconf 75' lang='grc' dir='ltr'>χάριν</span> <span class='ocrx_word' id='word_1_637' title='bbox 3288 3941 3350 3996; x_wconf 87' lang='grc' dir='ltr'>τὸ</span> <span class='ocrx_word' id='word_1_638' title='bbox 3381 3946 3638 4017; x_wconf 83' lang='grc' dir='ltr'>γράμμα,</span> <span class='ocrx_word' id='word_1_639' title='bbox 3670 3944 3753 3996; x_wconf 86' lang='grc' dir='ltr'>καὶ</span> <span class='ocrx_word' id='word_1_640' title='bbox 3781 3941 3808 3994; x_wconf 89' lang='lat'><strong>6</strong></span> 
     </span>
    </p>
   </div>
   <div class='ocr_carea' id='block_1_88' title="bbox 2174 4029 3810 4107">
    <p class='ocr_par' dir='ltr' id='par_1_88' title="bbox 2174 4029 3810 4107">
     <span class='ocr_line' id='line_1_88' title="bbox 2174 4029 3810 4107; baseline 0.001 -23"><span class='ocrx_word' id='word_1_641' title='bbox 2174 4031 2644 4107; x_wconf 77' lang='grc' dir='ltr'>γραμματηφόρος</span> <span class='ocrx_word' id='word_1_642' title='bbox 2687 4031 2823 4104; x_wconf 88' lang='grc' dir='ltr'>πρὸς</span> <span class='ocrx_word' id='word_1_643' title='bbox 2861 4029 3076 4085; x_wconf 82' lang='grc' dir='ltr'>πάντων</span> <span class='ocrx_word' id='word_1_644' title='bbox 3125 4033 3194 4102; x_wconf 79' lang='grc' dir='ltr'><strong>τῇ</strong></span> <span class='ocrx_word' id='word_1_645' title='bbox 3241 4029 3498 4104; x_wconf 74' lang='grc' dir='ltr'>προθέσει</span> <span class='ocrx_word' id='word_1_646' title='bbox 3549 4031 3810 4086; x_wconf 83' lang='grc' dir='ltr'>ἀπεσταλ-</span> 
     </span>
    </p>
   </div>
   <div class='ocr_carea' id='block_1_89' title="bbox 2179 4117 3810 4194">
    <p class='ocr_par' dir='ltr' id='par_1_89' title="bbox 2179 4117 3810 4194">
     <span class='ocr_line' id='line_1_89' title="bbox 2179 4117 3810 4194; baseline -0.001 -20"><span class='ocrx_word' id='word_1_647' title='bbox 2179 4121 2336 4192; x_wconf 79' lang='grc' dir='ltr'>μὲνος</span> <span class='ocrx_word' id='word_1_648' title='bbox 2368 4139 2381 4152; x_wconf 87' lang='grc'><strong>⁸</strong></span> <span class='ocrx_word' id='word_1_649' title='bbox 2415 4119 2464 4174; x_wconf 76' lang='grc' dir='ltr'><strong>εἷ’</strong></span> <span class='ocrx_word' id='word_1_650' title='bbox 2492 4119 2582 4173; x_wconf 85' lang='grc' dir='ltr'><strong>καὶ</strong></span> <span class='ocrx_word' id='word_1_651' title='bbox 2611 4119 2738 4194; x_wconf 72' lang='grc' dir='ltr'>παρ’</span> <span class='ocrx_word' id='word_1_652' title='bbox 2767 4121 2928 4191; x_wconf 81' lang='grc' dir='ltr'>ἡμῶν</span> <span class='ocrx_word' id='word_1_653' title='bbox 2974 4120 3153 4192; x_wconf 90' lang='grc' dir='ltr'>μόνων</span> <span class='ocrx_word' id='word_1_654' title='bbox 3194 4123 3304 4174; x_wconf 83' lang='grc' dir='ltr'><strong>τῶν</strong></span> <span class='ocrx_word' id='word_1_655' title='bbox 3357 4117 3671 4193; x_wconf 83' lang='grc' dir='ltr'>ἐλαχίστων</span> <span class='ocrx_word' id='word_1_656' title='bbox 3703 4119 3810 4174; x_wconf 80' lang='grc' dir='ltr'>ἀναο</span> 
     </span>
    </p>
   </div>
   <div class='ocr_carea' id='block_1_90' title="bbox 2175 4206 3809 4286">
    <p class='ocr_par' dir='ltr' id='par_1_90' title="bbox 2175 4206 3809 4286">
     <span class='ocr_line' id='line_1_90' title="bbox 2175 4206 3809 4286; baseline -0.001 -23"><span class='ocrx_word' id='word_1_657' title='bbox 2175 4208 2538 4282; x_wconf 77' lang='grc' dir='ltr'>πληρούντων</span> <span class='ocrx_word' id='word_1_658' title='bbox 2587 4228 2649 4262; x_wconf 89' lang='grc' dir='ltr'><strong>το</strong></span> <span class='ocrx_word' id='word_1_659' title='bbox 2699 4207 2909 4262; x_wconf 81' lang='grc' dir='ltr'>ἐκείνων</span> <span class='ocrx_word' id='word_1_660' title='bbox 2959 4209 3276 4281; x_wconf 89' lang='grc' dir='ltr'>πρόσωπον.</span> <span class='ocrx_word' id='word_1_661' title='bbox 3307 4210 3428 4263; x_wconf 83' lang='grc' dir='ltr'>Ἵνα</span> <span class='ocrx_word' id='word_1_662' title='bbox 3480 4206 3538 4263; x_wconf 70' lang='grc' dir='ltr'>δὲ</span> <span class='ocrx_word' id='word_1_663' title='bbox 3569 4207 3724 4286; x_wconf 85' lang='grc' dir='ltr'>γνοίη</span> <span class='ocrx_word' id='word_1_664' title='bbox 3756 4208 3809 4262; x_wconf 85' lang='grc' dir='ltr'>ἐκ</span> 
     </span>
    </p>
   </div>
   <div class='ocr_carea' id='block_1_91' title="bbox 2178 4296 3810 4375">
    <p class='ocr_par' dir='ltr' id='par_1_91' title="bbox 2178 4296 3810 4375">
     <span class='ocr_line' id='line_1_91' title="bbox 2178 4296 3810 4375; baseline -0.001 -22"><span class='ocrx_word' id='word_1_665' title='bbox 2178 4298 2374 4372; x_wconf 77' lang='grc' dir='ltr'>μέρους</span> <span class='ocrx_word' id='word_1_666' title='bbox 2405 4300 2439 4366; x_wconf 72' lang='grc' dir='ltr'>ἡ</span> <span class='ocrx_word' id='word_1_667' title='bbox 2471 4299 2841 4375; x_wconf 72' lang='grc' dir='ltr'>κορυφαιότης</span> <span class='ocrx_word' id='word_1_668' title='bbox 2875 4318 2993 4368; x_wconf 91' lang='grc' dir='ltr'>σου,</span> <span class='ocrx_word' id='word_1_669' title='bbox 3023 4299 3111 4352; x_wconf 85' lang='grc' dir='ltr'>οἷα</span> <span class='ocrx_word' id='word_1_670' title='bbox 3137 4298 3203 4352; x_wconf 82' lang='grc' dir='ltr'><strong>τὰ</strong></span> <span class='ocrx_word' id='word_1_671' title='bbox 3235 4301 3342 4352; x_wconf 79' lang='grc' dir='ltr'><strong>τῶν</strong></span> <span class='ocrx_word' id='word_1_672' title='bbox 3382 4297 3560 4354; x_wconf 74' lang='grc' dir='ltr'>ἀθέων</span> <span class='ocrx_word' id='word_1_673' title='bbox 3611 4296 3810 4374; x_wconf 86' lang='grc' dir='ltr'>δόγμα-</span> 
     </span>
    </p>
   </div>
   <div class='ocr_carea' id='block_1_92' title="bbox 2170 4385 3808 4463">
    <p class='ocr_par' dir='ltr' id='par_1_92' title="bbox 2170 4385 3808 4463">
     <span class='ocr_line' id='line_1_92' title="bbox 2170 4385 3808 4463; baseline -0.001 -21"><span class='ocrx_word' id='word_1_674' title='bbox 2170 4409 2236 4442; x_wconf 89' lang='grc' dir='ltr'><strong>τα</strong></span> <span class='ocrx_word' id='word_1_675' title='bbox 2268 4407 2280 4418; x_wconf 90' lang='grc'><strong>·</strong></span> <span class='ocrx_word' id='word_1_676' title='bbox 2340 4385 2732 4442; x_wconf 78' lang='grc' dir='ltr'>συναπέστείλα</span> <span class='ocrx_word' id='word_1_677' title='bbox 2785 4392 2901 4449; x_wconf 90' lang='grc' dir='ltr'>τοῖς</span> <span class='ocrx_word' id='word_1_678' title='bbox 2967 4389 3254 4463; x_wconf 79' lang='grc' dir='ltr'>γράμμασι</span> <span class='ocrx_word' id='word_1_679' title='bbox 3301 4390 3475 4442; x_wconf 87' lang='grc' dir='ltr'>ταῦτα</span> <span class='ocrx_word' id='word_1_680' title='bbox 3533 4386 3585 4442; x_wconf 76' lang='grc' dir='ltr'>ἐν</span> <span class='ocrx_word' id='word_1_681' title='bbox 3630 4407 3808 4462; x_wconf 86' lang='grc' dir='ltr'>τετρα-</span> 
     </span>
    </p>
   </div>
   <div class='ocr_carea' id='block_1_93' title="bbox 2175 4475 3808 4553">
    <p class='ocr_par' dir='ltr' id='par_1_93' title="bbox 2175 4475 3808 4553">
     <span class='ocr_line' id='line_1_93' title="bbox 2175 4475 3808 4553; baseline -0.001 -20"><span class='ocrx_word' id='word_1_682' title='bbox 2175 4476 2313 4540; x_wconf 87' lang='grc' dir='ltr'>δίοις</span> <span class='ocrx_word' id='word_1_683' title='bbox 2339 4498 2352 4510; x_wconf 81' lang='grc'><strong>⁸</strong></span> <span class='ocrx_word' id='word_1_684' title='bbox 2387 4479 2420 4532; x_wconf 74' lang='grc' dir='ltr'>’ἀ</span> <span class='ocrx_word' id='word_1_685' title='bbox 2458 4478 2549 4533; x_wconf 82' lang='grc' dir='ltr'><strong>καὶ</strong></span> <span class='ocrx_word' id='word_1_686' title='bbox 2580 4475 2735 4548; x_wconf 81' lang='grc' dir='ltr'>ἔδοξα</span> <span class='ocrx_word' id='word_1_687' title='bbox 2767 4479 2794 4532; x_wconf 89' lang='lat'><strong>6</strong></span> <span class='ocrx_word' id='word_1_688' title='bbox 2840 4475 3054 4550; x_wconf 76' lang='grc' dir='ltr'>ἀμαθὴς</span> <span class='ocrx_word' id='word_1_689' title='bbox 3105 4476 3446 4552; x_wconf 79' lang='grc' dir='ltr'>ἀνατρέπειν,</span> <span class='ocrx_word' id='word_1_690' title='bbox 3487 4475 3808 4553; x_wconf 76' lang='grc' dir='ltr'>προτραπεῖς</span> 
     </span>
    </p>
   </div>
   <div class='ocr_carea' id='block_1_94' title="bbox 414 4565 2064 4645">
    <p class='ocr_par' dir='ltr' id='par_1_94' title="bbox 414 4567 2052 4639">
     <span class='ocr_line' id='line_1_94' title="bbox 414 4567 2052 4639; baseline 0.001 -17"><span class='ocrx_word' id='word_1_691' title='bbox 414 4574 605 4623; x_wconf 89' lang='lat' dir='ltr'><strong>autem</strong></span> <span class='ocrx_word' id='word_1_692' title='bbox 641 4574 701 4621; x_wconf 90' lang='lat' dir='ltr'><strong>ut</strong></span> <span class='ocrx_word' id='word_1_693' title='bbox 727 4583 797 4622; x_wconf 90' lang='lat' dir='ltr'><strong>ea</strong></span> <span class='ocrx_word' id='word_1_694' title='bbox 827 4567 1315 4638; x_wconf 89' lang='lat' dir='ltr'><strong>inspiciatdivina</strong></span> <span class='ocrx_word' id='word_1_695' title='bbox 1343 4575 1444 4623; x_wconf 90' lang='lat' dir='ltr'><strong>tua</strong></span> <span class='ocrx_word' id='word_1_696' title='bbox 1473 4569 1782 4638; x_wconf 85' lang='lat' dir='ltr'><strong>sapientia,</strong></span> <span class='ocrx_word' id='word_1_697' title='bbox 1817 4576 1874 4625; x_wconf 84' lang='lat' dir='ltr'><strong>et</strong></span> <span class='ocrx_word' id='word_1_698' title='bbox 1903 4573 2052 4639; x_wconf 91' lang='lat' dir='ltr'><strong>quod</strong></span> 
     </span>
    </p>
   </div>
   <div class='ocr_carea' id='block_1_95' title="bbox 2183 4565 3803 4645">
    <p class='ocr_par' dir='ltr' id='par_1_95' title="bbox 2183 4565 3803 4645">
     <span class='ocr_line' id='line_1_95' title="bbox 2183 4565 3803 4645; baseline -0.001 -22"><span class='ocrx_word' id='word_1_699' title='bbox 2183 4568 2256 4642; x_wconf 67' lang='grc' dir='ltr'><strong>5φ⁹</strong></span> <span class='ocrx_word' id='word_1_700' title='bbox 2301 4569 2519 4640; x_wconf 77' lang='grc' dir='ltr'>ὲτὲρων.</span> <span class='ocrx_word' id='word_1_701' title='bbox 2566 4567 2712 4622; x_wconf 81' lang='grc' dir='ltr'><strong>Αἰτῶ</strong></span> <span class='ocrx_word' id='word_1_702' title='bbox 2763 4565 2820 4620; x_wconf 73' lang='grc' dir='ltr'>δὲ</span> <span class='ocrx_word' id='word_1_703' title='bbox 2865 4567 3011 4640; x_wconf 83' lang='grc' dir='ltr'>παρᾶ</span> <span class='ocrx_word' id='word_1_704' title='bbox 3056 4573 3155 4635; x_wconf 85' lang='grc' dir='ltr'>τῆς</span> <span class='ocrx_word' id='word_1_705' title='bbox 3213 4569 3310 4634; x_wconf 77' lang='grc' dir='ltr'><strong>σῆς</strong></span> <span class='ocrx_word' id='word_1_706' title='bbox 3357 4567 3647 4645; x_wconf 73' lang='grc' dir='ltr'>θιοσοφίας</span> <span class='ocrx_word' id='word_1_707' title='bbox 3696 4565 3803 4622; x_wconf 64' lang='lat' dir='ltr'><strong>Em-</strong></span> 
     </span>
    </p>
   </div>
   <div class='ocr_carea' id='block_1_96' title="bbox 411 4657 2052 4730">
    <p class='ocr_par' dir='ltr' id='par_1_96' title="bbox 411 4657 2052 4730">
     <span class='ocr_line' id='line_1_96' title="bbox 411 4657 2052 4730; baseline 0.001 -16"><span class='ocrx_word' id='word_1_708' title='bbox 411 4660 572 4714; x_wconf 88' lang='lat' dir='ltr'><strong>deest</strong></span> <span class='ocrx_word' id='word_1_709' title='bbox 601 4659 892 4729; x_wconf 90' lang='lat' dir='ltr'><strong>suppleat,</strong></span> <span class='ocrx_word' id='word_1_710' title='bbox 925 4657 1268 4730; x_wconf 83' lang='lat' dir='ltr'><strong>veniamque</strong></span> <span class='ocrx_word' id='word_1_711' title='bbox 1291 4659 1431 4714; x_wconf 88' lang='lat' dir='ltr'><strong>mihi</strong></span> <span class='ocrx_word' id='word_1_712' title='bbox 1455 4659 1671 4714; x_wconf 90' lang='lat' dir='ltr'><strong>tribuat</strong></span> <span class='ocrx_word' id='word_1_713' title='bbox 1697 4665 2052 4716; x_wconf 88' lang='lat' dir='ltr'><strong>erratorum:</strong></span> 
     </span>
    </p>
   </div>
   <div class='ocr_carea' id='block_1_97' title="bbox 411 4747 2056 4821">
    <p class='ocr_par' dir='ltr' id='par_1_97' title="bbox 411 4747 2056 4821">
     <span class='ocr_line' id='line_1_97' title="bbox 411 4747 2056 4821; baseline 0.001 -17"><span class='ocrx_word' id='word_1_714' title='bbox 411 4754 586 4821; x_wconf 86' lang='lat' dir='ltr'><strong>atque</strong></span> <span class='ocrx_word' id='word_1_715' title='bbox 645 4752 784 4803; x_wconf 88' lang='lat' dir='ltr'><strong>adeo</strong></span> <span class='ocrx_word' id='word_1_716' title='bbox 844 4763 1188 4802; x_wconf 85' lang='lat' dir='ltr'><strong>conservum</strong></span> <span class='ocrx_word' id='word_1_717' title='bbox 1234 4747 1471 4803; x_wconf 84' lang='lat' dir='ltr'><strong>fratrem</strong></span> <span class='ocrx_word' id='word_1_718' title='bbox 1523 4753 1785 4805; x_wconf 89' lang='lat' dir='ltr'><strong>nostrum</strong></span> <span class='ocrx_word' id='word_1_719' title='bbox 1834 4750 2056 4806; x_wconf 90' lang='lat' dir='ltr'><strong>litteras</strong></span> 
     </span>
    </p>
   </div>
   <div class='ocr_carea' id='block_1_98' title="bbox 412 4836 2052 4910">
    <p class='ocr_par' dir='ltr' id='par_1_98' title="bbox 412 4836 2052 4910">
     <span class='ocr_line' id='line_1_98' title="bbox 412 4836 2052 4910; baseline 0.001 -16"><span class='ocrx_word' id='word_1_720' title='bbox 412 4855 562 4909; x_wconf 87' lang='lat' dir='ltr'><strong>quas</strong></span> <span class='ocrx_word' id='word_1_721' title='bbox 591 4837 814 4908; x_wconf 89' lang='lat' dir='ltr'><strong>accepit</strong></span> <span class='ocrx_word' id='word_1_722' title='bbox 842 4837 1061 4893; x_wconf 88' lang='lat' dir='ltr'><strong>sanctis</strong></span> <span class='ocrx_word' id='word_1_723' title='bbox 1107 4836 1236 4903; x_wconf 88' lang='lat' dir='ltr'><strong>aliis</strong></span> <span class='ocrx_word' id='word_1_724' title='bbox 1293 4837 1552 4906; x_wconf 89' lang='lat' dir='ltr'><strong>reddere,</strong></span> <span class='ocrx_word' id='word_1_725' title='bbox 1576 4844 1635 4894; x_wconf 88' lang='lat' dir='ltr'><strong>et</strong></span> <span class='ocrx_word' id='word_1_726' title='bbox 1665 4838 1780 4894; x_wconf 89' lang='lat' dir='ltr'><strong>huc</strong></span> <span class='ocrx_word' id='word_1_727' title='bbox 1829 4845 2052 4910; x_wconf 88' lang='lat' dir='ltr'><strong>postea,</strong></span> 
     </span>
    </p>
   </div>
   <div class='ocr_carea' id='block_1_99' title="bbox 415 4925 1379 4996">
    <p class='ocr_par' dir='ltr' id='par_1_99' title="bbox 415 4925 1379 4996">
     <span class='ocr_line' id='line_1_99' title="bbox 415 4925 1379 4996; baseline -0.002 -14"><span class='ocrx_word' id='word_1_728' title='bbox 415 4928 528 4982; x_wconf 90' lang='lat' dir='ltr'><strong>Deo</strong></span> <span class='ocrx_word' id='word_1_729' title='bbox 561 4925 804 4993; x_wconf 85' lang='lat' dir='ltr'><strong>volente,</strong></span> <span class='ocrx_word' id='word_1_730' title='bbox 836 4927 1025 4981; x_wconf 89' lang='lat' dir='ltr'><strong>redire</strong></span> <span class='ocrx_word' id='word_1_731' title='bbox 1063 4925 1379 4996; x_wconf 88' lang='lat' dir='ltr'><strong>permittat.</strong></span> 
     </span>
    </p>
   </div>
   <div class='ocr_carea' id='block_1_100' title="bbox 413 5011 1509 5088">
    <p class='ocr_par' dir='ltr' id='par_1_100' title="bbox 413 5011 1509 5088">
     <span class='ocr_line' id='line_1_100' title="bbox 413 5011 1509 5088; baseline -0.002 -21"><span class='ocrx_word' id='word_1_732' title='bbox 413 5033 520 5086; x_wconf 90' lang='grc' dir='ltr'><strong>ρων</strong></span> <span class='ocrx_word' id='word_1_733' title='bbox 573 5013 743 5088; x_wconf 81' lang='grc' dir='ltr'>ἁγίων</span> <span class='ocrx_word' id='word_1_734' title='bbox 788 5015 1097 5088; x_wconf 87' lang='grc' dir='ltr'>προσώπων</span> <span class='ocrx_word' id='word_1_735' title='bbox 1144 5011 1447 5068; x_wconf 75' lang='grc' dir='ltr'>ἐπιστολῶν</span> <span class='ocrx_word' id='word_1_736' title='bbox 1495 5033 1509 5046; x_wconf 90' lang='grc'><strong>·</strong></span> 
     </span>
    </p>
   </div>
   <div class='ocr_carea' id='block_1_101' title="bbox 410 5104 600 5159">
    <p class='ocr_par' dir='ltr' id='par_1_101' title="bbox 410 5104 600 5159">
     <span class='ocr_line' id='line_1_101' title="bbox 410 5104 600 5159; baseline 0.005 -1"><span class='ocrx_word' id='word_1_737' title='bbox 410 5104 600 5159; x_wconf 86' lang='grc' dir='ltr'>ταῦθα.</span> 
     </span>
    </p>
   </div>
   <div class='ocr_carea' id='block_1_102' title="bbox 696 5192 1757 5249">
    <p class='ocr_par' dir='ltr' id='par_1_102' title="bbox 696 5192 1757 5249">
     <span class='ocr_line' id='line_1_102' title="bbox 696 5192 1757 5249; baseline -0.002 -1"><span class='ocrx_word' id='word_1_738' title='bbox 696 5192 846 5248; x_wconf 83' lang='lat' dir='ltr'><strong>XVI.</strong></span> <span class='ocrx_word' id='word_1_739' title='bbox 895 5223 955 5234; x_wconf 93' lang='lat'><strong>—</strong></span> <span class='ocrx_word' id='word_1_740' title='bbox 987 5193 1064 5248; x_wconf 85' lang='lat' dir='ltr'><strong>Ad</strong></span> <span class='ocrx_word' id='word_1_741' title='bbox 1095 5195 1332 5248; x_wconf 89' lang='lat' dir='ltr'><strong>Lauram</strong></span> <span class='ocrx_word' id='word_1_742' title='bbox 1363 5196 1540 5249; x_wconf 85' lang='lat' dir='ltr'><strong>sancti</strong></span> <span class='ocrx_word' id='word_1_743' title='bbox 1577 5192 1757 5249; x_wconf 72' lang='lat' dir='ltr'><strong>Sabae.</strong></span> 
     </span>
    </p>
   </div>
   <div class='ocr_carea' id='block_1_103' title="bbox 410 5279 2052 5348">
    <p class='ocr_par' dir='ltr' id='par_1_103' title="bbox 410 5279 2052 5348">
     <span class='ocr_line' id='line_1_103' title="bbox 410 5279 2052 5348; baseline -0.002 -12"><span class='ocrx_word' id='word_1_744' title='bbox 410 5282 450 5336; x_wconf 87' lang='grc' dir='ltr'><em>Α</em></span> <span class='ocrx_word' id='word_1_745' title='bbox 493 5281 598 5336; x_wconf 85' lang='lat' dir='ltr'><strong>Deo</strong></span> <span class='ocrx_word' id='word_1_746' title='bbox 640 5279 1146 5344; x_wconf 77' lang='lat' dir='ltr'><strong>lionorato,ditecto</strong></span> <span class='ocrx_word' id='word_1_747' title='bbox 1174 5289 1225 5334; x_wconf 85' lang='lat' dir='ltr'><strong>et</strong></span> <span class='ocrx_word' id='word_1_748' title='bbox 1243 5281 1528 5348; x_wconf 84' lang='lat' dir='ltr'><strong>spirituali</strong></span> <span class='ocrx_word' id='word_1_749' title='bbox 1575 5281 1734 5334; x_wconf 88' lang='lat' dir='ltr'><strong>Patri</strong></span> <span class='ocrx_word' id='word_1_750' title='bbox 1787 5294 1926 5345; x_wconf 80' lang='lat' dir='ltr'><strong>meo,</strong></span> <span class='ocrx_word' id='word_1_751' title='bbox 1955 5279 2052 5333; x_wconf 85' lang='lat' dir='ltr'><strong>do-</strong></span> 
     </span>
    </p>
   </div>
   <div class='ocr_carea' id='block_1_104' title="bbox 477 5368 2053 5439">
    <p class='ocr_par' dir='ltr' id='par_1_104' title="bbox 477 5368 2053 5439">
     <span class='ocr_line' id='line_1_104' title="bbox 477 5368 2053 5439; baseline 0.001 -16"><span class='ocrx_word' id='word_1_752' title='bbox 477 5372 627 5424; x_wconf 87' lang='lat' dir='ltr'><strong>mino</strong></span> <span class='ocrx_word' id='word_1_753' title='bbox 657 5371 943 5439; x_wconf 70' lang='lat' dir='ltr'><strong>praeposito</strong></span> <span class='ocrx_word' id='word_1_754' title='bbox 968 5368 1290 5436; x_wconf 80' lang='lat' dir='ltr'><strong>percelebris</strong></span> <span class='ocrx_word' id='word_1_755' title='bbox 1332 5370 1514 5424; x_wconf 73' lang='lat' dir='ltr'><strong>taurae</strong></span> <span class='ocrx_word' id='word_1_756' title='bbox 1540 5370 1842 5423; x_wconf 73' lang='lat' dir='ltr'><strong>beatissimi</strong></span> <span class='ocrx_word' id='word_1_757' title='bbox 1877 5370 2053 5424; x_wconf 85' lang='lat' dir='ltr'><strong>sancti</strong></span> 
     </span>
    </p>
   </div>
   <div class='ocr_carea' id='block_1_105' title="bbox 482 5457 2052 5528">
    <p class='ocr_par' dir='ltr' id='par_1_105' title="bbox 482 5457 2052 5528">
     <span class='ocr_line' id='line_1_105' title="bbox 482 5457 2052 5528; baseline -0.001 -13"><span class='ocrx_word' id='word_1_758' title='bbox 482 5460 667 5516; x_wconf 79' lang='lat' dir='ltr'><strong>Patris</strong></span> <span class='ocrx_word' id='word_1_759' title='bbox 686 5460 866 5513; x_wconf 82' lang='lat' dir='ltr'><strong>nostri</strong></span> <span class='ocrx_word' id='word_1_760' title='bbox 895 5457 1072 5525; x_wconf 68' lang='lat' dir='ltr'><strong>Sabae,</strong></span> <span class='ocrx_word' id='word_1_761' title='bbox 1110 5459 1257 5512; x_wconf 81' lang='lat' dir='ltr'><strong>etiis</strong></span> <span class='ocrx_word' id='word_1_762' title='bbox 1286 5459 1383 5528; x_wconf 82' lang='lat' dir='ltr'><strong>qui</strong></span> <span class='ocrx_word' id='word_1_763' title='bbox 1418 5458 1516 5512; x_wconf 86' lang='lat' dir='ltr'><strong>sub</strong></span> <span class='ocrx_word' id='word_1_764' title='bbox 1553 5473 1618 5513; x_wconf 83' lang='lat' dir='ltr'><strong>ea</strong></span> <span class='ocrx_word' id='word_1_765' title='bbox 1674 5467 1801 5514; x_wconf 85' lang='lat' dir='ltr'><strong>sunt</strong></span> <span class='ocrx_word' id='word_1_766' title='bbox 1847 5460 2052 5514; x_wconf 84' lang='lat' dir='ltr'><strong>sanctis</strong></span> 
     </span>
    </p>
   </div>
   <div class='ocr_carea' id='block_1_106' title="bbox 2168 4653 3803 4737">
    <p class='ocr_par' dir='ltr' id='par_1_106' title="bbox 2168 4653 3803 4737">
     <span class='ocr_line' id='line_1_106' title="bbox 2168 4653 3803 4737; baseline -0.003 -25"><span class='ocrx_word' id='word_1_767' title='bbox 2168 4659 2462 4737; x_wconf 70' lang='grc' dir='ltr'>σκεφθῆναι</span> <span class='ocrx_word' id='word_1_768' title='bbox 2496 4676 2512 4690; x_wconf 87' lang='grc'><strong>⁸</strong></span> <span class='ocrx_word' id='word_1_769' title='bbox 2552 4655 2640 4710; x_wconf 84' lang='grc' dir='ltr'>καὶ</span> <span class='ocrx_word' id='word_1_770' title='bbox 2669 4655 2733 4710; x_wconf 87' lang='grc' dir='ltr'>τὸ</span> <span class='ocrx_word' id='word_1_771' title='bbox 2763 4653 2987 4716; x_wconf 72' lang='grc' dir='ltr'>ἐλλιπὲς</span> <span class='ocrx_word' id='word_1_772' title='bbox 3016 4656 3386 4729; x_wconf 72' lang='grc' dir='ltr'>ἀνορθωθῆναι</span> <span class='ocrx_word' id='word_1_773' title='bbox 3421 4675 3437 4689; x_wconf 82' lang='grc'><strong>⁸</strong></span> <span class='ocrx_word' id='word_1_774' title='bbox 3482 4657 3803 4732; x_wconf 84' lang='grc' dir='ltr'>συγγνώμην</span> 
     </span>
    </p>
   </div>
   <div class='ocr_carea' id='block_1_107' title="bbox 2166 4741 3805 4822">
    <p class='ocr_par' dir='ltr' id='par_1_107' title="bbox 2166 4741 3805 4822">
     <span class='ocr_line' id='line_1_107' title="bbox 2166 4741 3805 4822; baseline -0.002 -21"><span class='ocrx_word' id='word_1_775' title='bbox 2166 4768 2224 4801; x_wconf 87' lang='grc' dir='ltr'><strong>τε</strong></span> <span class='ocrx_word' id='word_1_776' title='bbox 2252 4751 2360 4800; x_wconf 84' lang='grc' dir='ltr'>τῶν</span> <span class='ocrx_word' id='word_1_777' title='bbox 2417 4744 2830 4822; x_wconf 73' lang='grc' dir='ltr'>ἐπωφλημένων</span> <span class='ocrx_word' id='word_1_778' title='bbox 2891 4741 3139 4814; x_wconf 71' lang='grc' dir='ltr'>δέξασθαί</span> <span class='ocrx_word' id='word_1_779' title='bbox 3199 4763 3312 4816; x_wconf 83' lang='grc' dir='ltr'>με’</span> <span class='ocrx_word' id='word_1_780' title='bbox 3373 4744 3436 4800; x_wconf 81' lang='grc' dir='ltr'><strong>οῦ</strong></span> <span class='ocrx_word' id='word_1_781' title='bbox 3501 4747 3608 4818; x_wconf 84' lang='grc' dir='ltr'><strong>μήν</strong></span> <span class='ocrx_word' id='word_1_782' title='bbox 3670 4743 3805 4799; x_wconf 84' lang='grc' dir='ltr'><strong>ἀλλά</strong></span> 
     </span>
    </p>
   </div>
   <div class='ocr_carea' id='block_1_108' title="bbox 2163 4832 3798 4910">
    <p class='ocr_par' dir='ltr' id='par_1_108' title="bbox 2163 4832 3798 4910">
     <span class='ocr_line' id='line_1_108' title="bbox 2163 4832 3798 4910; baseline -0.002 -20"><span class='ocrx_word' id='word_1_783' title='bbox 2163 4835 2253 4890; x_wconf 78' lang='grc' dir='ltr'><strong>καὶ</strong></span> <span class='ocrx_word' id='word_1_784' title='bbox 2309 4836 2401 4890; x_wconf 85' lang='grc' dir='ltr'>τὸν</span> <span class='ocrx_word' id='word_1_785' title='bbox 2460 4832 2756 4889; x_wconf 77' lang='grc' dir='ltr'>σόνδουλον</span> <span class='ocrx_word' id='word_1_786' title='bbox 2804 4835 2964 4904; x_wconf 76' lang='grc' dir='ltr'>ἡμῶν</span> <span class='ocrx_word' id='word_1_787' title='bbox 3035 4832 3265 4910; x_wconf 76' lang='grc' dir='ltr'>ἀδελφὸν</span> <span class='ocrx_word' id='word_1_788' title='bbox 3321 4837 3798 4909; x_wconf 85' lang='grc' dir='ltr'>συγκροτηθῆναι·</span> 
     </span>
    </p>
   </div>
   <div class='ocr_carea' id='block_1_109' title="bbox 2161 4921 3804 4999">
    <p class='ocr_par' dir='ltr' id='par_1_109' title="bbox 2161 4921 3804 4999">
     <span class='ocr_line' id='line_1_109' title="bbox 2161 4921 3804 4999; baseline -0.002 -19"><span class='ocrx_word' id='word_1_789' title='bbox 2161 4922 2298 4999; x_wconf 82' lang='grc' dir='ltr'>πρός</span> <span class='ocrx_word' id='word_1_790' title='bbox 2356 4946 2413 4980; x_wconf 88' lang='grc' dir='ltr'><strong>τε</strong></span> <span class='ocrx_word' id='word_1_791' title='bbox 2472 4921 2715 4978; x_wconf 80' lang='grc' dir='ltr'>διάδοσιν</span> <span class='ocrx_word' id='word_1_792' title='bbox 2773 4927 2881 4977; x_wconf 80' lang='grc' dir='ltr'>τῶν</span> <span class='ocrx_word' id='word_1_793' title='bbox 2943 4921 2995 4976; x_wconf 78' lang='grc' dir='ltr'>ἐν</span> <span class='ocrx_word' id='word_1_794' title='bbox 3065 4926 3148 4984; x_wconf 80' lang='grc' dir='ltr'>οἷς</span> <span class='ocrx_word' id='word_1_795' title='bbox 3220 4922 3610 4998; x_wconf 78' lang='grc' dir='ltr'>ἐπεστείλαμεν</span> <span class='ocrx_word' id='word_1_796' title='bbox 3691 4923 3804 4979; x_wconf 62' lang='lat' dir='ltr'><strong>iri-</strong></span> 
     </span>
    </p>
   </div>
   <div class='ocr_carea' id='block_1_110' title="bbox 1582 5010 3799 5089">
    <p class='ocr_par' dir='ltr' id='par_1_110' title="bbox 1582 5010 3799 5089">
     <span class='ocr_line' id='line_1_110' title="bbox 1582 5010 3799 5089; baseline -0.001 -21"><span class='ocrx_word' id='word_1_797' title='bbox 1582 5015 1672 5068; x_wconf 83' lang='lat' dir='ltr'><strong>xui</strong></span> <span class='ocrx_word' id='word_1_798' title='bbox 1749 5012 1840 5086; x_wconf 80' lang='grc' dir='ltr'>δὴ,</span> <span class='ocrx_word' id='word_1_799' title='bbox 1898 5019 2031 5070; x_wconf 73' lang='grc' dir='ltr'>Θεοῦ</span> <span class='ocrx_word' id='word_1_800' title='bbox 2085 5012 2363 5082; x_wconf 84' lang='grc' dir='ltr'>θέλοντος,</span> <span class='ocrx_word' id='word_1_801' title='bbox 2417 5013 2492 5074; x_wconf 81' lang='grc' dir='ltr'>εἷς</span> <span class='ocrx_word' id='word_1_802' title='bbox 2551 5012 2883 5089; x_wconf 69' lang='grc' dir='ltr'>ἐπιστροφὴν</span> <span class='ocrx_word' id='word_1_803' title='bbox 2952 5010 3274 5076; x_wconf 82' lang='grc' dir='ltr'>παλινοδίας</span> <span class='ocrx_word' id='word_1_804' title='bbox 3332 5013 3503 5069; x_wconf 82' lang='grc' dir='ltr'>αὐτοῦ</span> <span class='ocrx_word' id='word_1_805' title='bbox 3559 5019 3666 5068; x_wconf 80' lang='grc' dir='ltr'><strong>τῶν</strong></span> <span class='ocrx_word' id='word_1_806' title='bbox 3714 5011 3799 5068; x_wconf 74' lang='grc' dir='ltr'><strong>ἐν·</strong></span> 
     </span>
    </p>
   </div>
   <div class='ocr_carea' id='block_1_111' title="bbox 2269 5186 3697 5268">
    <p class='ocr_par' dir='ltr' id='par_1_111' title="bbox 2269 5186 3697 5268">
     <span class='ocr_line' id='line_1_111' title="bbox 2269 5186 3697 5268; baseline -0.003 -19"><span class='ocrx_word' id='word_1_807' title='bbox 2269 5193 2391 5266; x_wconf 76' lang='grc' dir='ltr'>ις’.</span> <span class='ocrx_word' id='word_1_808' title='bbox 2425 5225 2492 5234; x_wconf 92' lang='grc'><strong><em>-</em></strong></span> <span class='ocrx_word' id='word_1_809' title='bbox 2518 5193 2625 5255; x_wconf 79' lang='grc' dir='ltr'>Εἰς</span> <span class='ocrx_word' id='word_1_810' title='bbox 2657 5196 2778 5263; x_wconf 85' lang='grc' dir='ltr'><strong>τήν</strong></span> <span class='ocrx_word' id='word_1_811' title='bbox 2810 5191 3069 5268; x_wconf 80' lang='grc' dir='ltr'>Λαόραν</span> <span class='ocrx_word' id='word_1_812' title='bbox 3104 5195 3219 5247; x_wconf 90' lang='grc' dir='ltr'><strong>τοῦ</strong></span> <span class='ocrx_word' id='word_1_813' title='bbox 3257 5190 3448 5267; x_wconf 80' lang='grc' dir='ltr'>ἁγίου</span> <span class='ocrx_word' id='word_1_814' title='bbox 3480 5186 3697 5260; x_wconf 77' lang='grc' dir='ltr'>Σάϐα.</span> 
     </span>
    </p>
   </div>
   <div class='ocr_carea' id='block_1_112' title="bbox 2161 5281 3801 5358">
    <p class='ocr_par' dir='ltr' id='par_1_112' title="bbox 2161 5281 3801 5358">
     <span class='ocr_line' id='line_1_112' title="bbox 2161 5281 3801 5358; baseline -0.002 -23"><span class='ocrx_word' id='word_1_815' title='bbox 2161 5285 2254 5350; x_wconf 84' lang='grc' dir='ltr'><strong>Τῷ</strong></span> <span class='ocrx_word' id='word_1_816' title='bbox 2299 5283 2706 5356; x_wconf 86' lang='grc' dir='ltr'>θεοτιμήτῳ,</span> <span class='ocrx_word' id='word_1_817' title='bbox 2757 5281 3170 5358; x_wconf 73' lang='grc' dir='ltr'>ἠγαπημένῳ</span> <span class='ocrx_word' id='word_1_818' title='bbox 3226 5281 3332 5336; x_wconf 86' lang='grc' dir='ltr'><strong>καὶ</strong></span> <span class='ocrx_word' id='word_1_819' title='bbox 3380 5281 3801 5353; x_wconf 86' lang='grc' dir='ltr'>πνευματικῷ</span> 
     </span>
    </p>
   </div>
   <div class='ocr_carea' id='block_1_113' title="bbox 2235 5363 3800 5448">
    <p class='ocr_par' dir='ltr' id='par_1_113' title="bbox 2235 5363 3800 5448">
     <span class='ocr_line' id='line_1_113' title="bbox 2235 5363 3800 5448; baseline -0.003 -22"><span class='ocrx_word' id='word_1_820' title='bbox 2235 5391 2356 5442; x_wconf 84' lang='grc' dir='ltr'><strong>μου</strong></span> <span class='ocrx_word' id='word_1_821' title='bbox 2391 5374 2623 5446; x_wconf 87' lang='grc' dir='ltr'>Πατρὶ,</span> <span class='ocrx_word' id='word_1_822' title='bbox 2654 5373 2863 5448; x_wconf 85' lang='grc' dir='ltr'>κυρίῳ</span> <span class='ocrx_word' id='word_1_823' title='bbox 2893 5374 3306 5446; x_wconf 86' lang='grc' dir='ltr'>καθηγεμόνι</span> <span class='ocrx_word' id='word_1_824' title='bbox 3347 5378 3466 5440; x_wconf 86' lang='grc' dir='ltr'><strong>τῆς</strong></span> <span class='ocrx_word' id='word_1_825' title='bbox 3496 5363 3800 5445; x_wconf 78' lang='grc' dir='ltr'>περιϐοή-</span> 
     </span>
    </p>
   </div>
   <div class='ocr_carea' id='block_1_114' title="bbox 2232 5457 3795 5537">
    <p class='ocr_par' dir='ltr' id='par_1_114' title="bbox 2232 5457 3795 5537">
     <span class='ocr_line' id='line_1_114' title="bbox 2232 5457 3795 5537; baseline 0.001 -23"><span class='ocrx_word' id='word_1_826' title='bbox 2232 5481 2337 5514; x_wconf 88' lang='grc' dir='ltr'><strong>του</strong></span> <span class='ocrx_word' id='word_1_827' title='bbox 2379 5460 2628 5536; x_wconf 82' lang='grc' dir='ltr'>λαόρας</span> <span class='ocrx_word' id='word_1_828' title='bbox 2669 5465 2784 5517; x_wconf 85' lang='grc' dir='ltr'><strong>τοῦ</strong></span> <span class='ocrx_word' id='word_1_829' title='bbox 2825 5461 3280 5537; x_wconf 83' lang='grc' dir='ltr'>παμμάκαρος</span> <span class='ocrx_word' id='word_1_830' title='bbox 3323 5459 3511 5536; x_wconf 80' lang='grc' dir='ltr'>ἁγίου</span> <span class='ocrx_word' id='word_1_831' title='bbox 3547 5457 3795 5532; x_wconf 81' lang='grc' dir='ltr'>Πατρὸς</span> 
     </span>
    </p>
   </div>
   <div class='ocr_carea' id='block_1_115' title="bbox 473 5635 3223 5716">
    <p class='ocr_par' dir='ltr' id='par_1_115' title="bbox 473 5635 3223 5716">
     <span class='ocr_line' id='line_1_115' title="bbox 473 5635 3223 5716; baseline 0.002 -22"><span class='ocrx_word' id='word_1_832' title='bbox 473 5640 521 5674; x_wconf 75' lang='grc'>⁹⁴</span> <span class='ocrx_word' id='word_1_833' title='bbox 552 5637 697 5694; x_wconf 88' lang='lat' dir='ltr'><strong>Psal.</strong></span> <span class='ocrx_word' id='word_1_834' title='bbox 741 5637 1040 5703; x_wconf 76' lang='lat' dir='ltr'><strong>Lxxxiv,9.</strong></span> <span class='ocrx_word' id='word_1_835' title='bbox 1117 5635 1162 5672; x_wconf 74' lang='lat'><strong>’5</strong></span> <span class='ocrx_word' id='word_1_836' title='bbox 1198 5636 1366 5693; x_wconf 91' lang='lat' dir='ltr'><strong>Joan.</strong></span> <span class='ocrx_word' id='word_1_837' title='bbox 1407 5652 1522 5704; x_wconf 69' lang='lat' dir='ltr'><strong>xxv,</strong></span> <span class='ocrx_word' id='word_1_838' title='bbox 1555 5635 1642 5692; x_wconf 87' lang='lat'><strong>27.</strong></span> <span class='ocrx_word' id='word_1_839' title='bbox 1719 5635 1767 5671; x_wconf 70' lang='grc'><strong><em>9⁸</em></strong></span> <span class='ocrx_word' id='word_1_840' title='bbox 1793 5637 2001 5709; x_wconf 89' lang='lat' dir='ltr'><strong>Ephes.</strong></span> <span class='ocrx_word' id='word_1_841' title='bbox 2034 5655 2093 5712; x_wconf 81' lang='grc' dir='ltr'><strong>ν,</strong></span> <span class='ocrx_word' id='word_1_842' title='bbox 2120 5641 2208 5698; x_wconf 86' lang='lat'><strong>27.</strong></span> <span class='ocrx_word' id='word_1_843' title='bbox 2286 5642 2329 5677; x_wconf 70' lang='grc'><strong>³⁷</strong></span> <span class='ocrx_word' id='word_1_844' title='bbox 2351 5642 2458 5700; x_wconf 83' lang='lat' dir='ltr'><strong>Isa.</strong></span> <span class='ocrx_word' id='word_1_845' title='bbox 2492 5659 2536 5716; x_wconf 85' lang='lat'><strong>1,</strong></span> <span class='ocrx_word' id='word_1_846' title='bbox 2565 5643 2622 5699; x_wconf 87' lang='grc'><strong>9.</strong></span> <span class='ocrx_word' id='word_1_847' title='bbox 2697 5640 2743 5678; x_wconf 68' lang='grc'><strong><em>³⁸</em></strong></span> <span class='ocrx_word' id='word_1_848' title='bbox 2775 5640 2823 5700; x_wconf 86' lang='lat' dir='ltr'>II</span> <span class='ocrx_word' id='word_1_849' title='bbox 2855 5641 2984 5700; x_wconf 84' lang='lat' dir='ltr'><strong>Cor.</strong></span> <span class='ocrx_word' id='word_1_850' title='bbox 3009 5657 3111 5715; x_wconf 82' lang='lat' dir='ltr'><strong>xu,</strong></span> <span class='ocrx_word' id='word_1_851' title='bbox 3132 5641 3223 5700; x_wconf 88' lang='lat'><strong>27.</strong></span> 
     </span>
    </p>
   </div>
  </div>
