4062 6280
291 380 443 441 1165

1537 372 2093 436 EPISTOLARUM
2138 372 2283 431 LIB.
2332 371 2408 431 II.

3537 360 3690 422 “66

354 515 544 587 ἡμῶν
595 506 792 581 Σάϐα,
836 511 942 566 καί
990 513 1133 569 τοῖς
1179 507 1279 563 ὕπ’
1321 509 1486 581 αὐτῇ
1535 507 1749 569 ὁσίοις
1810 526 1931 579 μου

2112 505 2368 562 Patrtbus
2409 504 2562 572 mets,
2620 500 2920 557 Theodorus
2972 497 3256 564 minimus,
3315 493 3604 568 presbyter
3632 496 3685 549 et

359 602 671 678 Πατρὰσι,
732 599 1074 675 Θεόδωρος
1146 598 1537 678 ἐλάχιστος,
1567 593 1927 670 πρεσϐύτε-

362 712 469 766 ρος
497 692 603 748 καὶ
643 692 1019 768 ἡγούμενον
1057 694 1186 744 τῶν
1228 687 1578 744 Στουδίου.
1746 688 1893 760 [σς’.]

360 781 511 855 Χαρά
544 802 637 853 μοι
671 778 883 855 μεγὰλη
934 780 1021 834 καὶ
1056 776 1218 849 δόξης
1251 772 1520 853 περιϐολή
1572 780 1652 849 τῷ
1683 775 1882 848 ἁταξίῳ
1911 793 1927 809 ⁸

289 870 480 945 ὅτιπερ
507 869 751 945 ἠξίωμαι
782 869 997 930 εὐτελὲς
1047 889 1152 941 μου
1182 870 1560 943 γραμματεῖον
1614 863 1932 921 ἀποστεῖλαι

290 958 343 1015 ἐν
373 958 528 1032 τόπῳ
575 959 742 1036 ἁγίῳ,
774 957 826 1012 ἐν
878 961 1101 1028 σκηναῖς
1137 956 1299 1011 ὁσίων
1346 962 1445 1025 τῆς
1492 955 1750 1029 ὑμετέρας
1782 974 1936 1028 περι-

288 1051 536 1119 ποθήτου
586 1047 950 1122 πατρότητος.
1001 1043 1220 1115 Ἐπειδή
1270 1045 1371 1120 γὰρ
1418 1048 1487 1119 τῇ
1530 1048 1628 1099 τοῦ
1682 1045 1937 1118 σώματος

290 1138 567 1214 παρουσίᾳ
608 1138 715 1214 οὐχ
765 1137 881 1192 οἷόν
925 1158 982 1192 τε
1031 1138 1095 1206 ἦν
1144 1134 1532 1210 παραγενέσθαι
1585 1156 1651 1210 με
1694 1135 1830 1209 πρὸς
1873 1133 1941 1189 τά

288 1228 431 1305 ’ίχνη
485 1230 661 1303 ὑμῶν,
710 1230 800 1282 καὶ
853 1224 985 1281 ἰδεῖν
1030 1227 1091 1281 τὸ
1141 1227 1291 1302 ἅγιον
1340 1228 1591 1299 τέμενος,
1633 1226 1732 1294 τὴν
1791 1224 1939 1296 ἱερὰν

292 1318 563 1393 περιοχὴν
600 1319 775 1389 ὑμῶν,
807 1318 874 1386 ἣν
907 1316 1015 1390 ἐγὼ
1046 1317 1074 1370 6
1102 1315 1373 1381 ταπεινὸς,
1406 1316 1482 1378 ὥς
1511 1312 1676 1370 πόλιν
1706 1318 1839 1371 Θεοῦ
1872 1312 1942 1369 δι’

293 1406 481 1470 αἰδοῦς
512 1402 656 1483 ἔχων
690 1406 805 1479 εἰμί
835 1428 846 1439 ·
900 1403 1189 1477 εὐδόκησεν
1222 1406 1250 1460 ὁ
1294 1404 1494 1479 ἀγαθὸς
1546 1406 1674 1467 Θεὸς
1725 1402 1814 1460 διὰ
1840 1410 1940 1474 τῆς

291 1502 393 1554 τοῦ
423 1499 752 1573 γράμματος
798 1496 1098 1566 ἐπισκοπῆς
1138 1497 1200 1551 τὸ
1248 1494 1583 1569 καταθύμιόν
1639 1517 1743 1568 μου
1790 1492 1941 1565 πλη-

296 1592 469 1662 ρῶσαι
521 1590 618 1641 τοῦ
662 1583 1018 1660 ἁμαρτωλοῦ.
1055 1587 1152 1642 Καὶ
1203 1583 1269 1655 δὴ
1316 1585 1392 1647 ὡς
1443 1586 1630 1659 παρὼν
1680 1586 1786 1657 πρὸ
1832 1589 1940 1639 τῶν

296 1673 485 1732 ποδῶν
518 1676 696 1748 ὑμῶν,
729 1675 816 1729 καὶ
868 1674 1303 1750 περιπτύσσομαι
1351 1674 1493 1746 ὑμᾶς
1521 1680 1600 1747 τῷ
1649 1674 1792 1748 ἁγίῳ
1838 1671 1944 1727 πό-

297 1770 379 1837 θῳ
414 1785 428 1798 ⁸
476 1765 566 1820 καὶ
614 1768 902 1838 προσκυνῶ
930 1765 992 1818 τὸ
1045 1766 1187 1819 θεῖον
1239 1757 1457 1841 ἔδαφος,
1490 1762 1542 1818 ἐν
1594 1764 1640 1835 ᾦ
1686 1763 1749 1818 τὸ
1791 1760 1947 1818 ἐκλε-

2104 596 2427 668 praepositus
2457 593 2827 649 Studitarum.

2110 777 2316 847 Magna
2357 774 2499 831 mihi
2550 772 2769 841 laetitia,
2793 771 3113 843 ingensque
3154 766 3358 839 gloria,
3411 765 3693 836 indignus

2042 867 2155 923 sim
2202 866 2335 922 licet
2386 864 2535 936 quod
2585 867 2821 918 tenuem
2876 857 3183 931 epistolam
3218 856 3450 911 mittere
3478 854 3537 911 in
3569 855 3697 913 loca

2043 973 2210 1013 sacra
2240 952 2566 1025 contigerit,
2598 952 2659 1007 in
2686 947 3062 1005 tabernacula
3091 950 3450 1013 sanctorum,
3489 949 3695 1001 vestrm

2046 1045 2269 1102 scilicet
2311 1042 2630 1114 plurimum
2682 1038 3028 1095 desideratas
3070 1035 3460 1107 paternitatis.
3492 1036 3694 1099 Quan-

2046 1136 2352 1207 doquidem
2384 1133 2541 1189 enim
2572 1131 2779 1188 adesse
2811 1144 3002 1186 coram
3034 1143 3149 1183 non
3180 1126 3334 1194 licet,
3357 1141 3423 1182 ac
3438 1125 3700 1198 vestigiis

2047 1225 2249 1284 vestris
2293 1222 2539 1290 advolvi,
2563 1230 2615 1278 et
2647 1224 2913 1277 sanctam
2954 1219 3135 1275 aedem
3177 1219 3432 1273 vestram
3463 1214 3701 1286 intueri,

2049 1330 2398 1387 sacrumque
2435 1317 2691 1386 septum,
2734 1311 2886 1383 quod
2945 1325 3051 1381 ego
3114 1307 3377 1374 humilis,
3422 1311 3705 1378 tanquam

2050 1408 2151 1465 Dei
2196 1406 2512 1471 civitatem,
2545 1401 2815 1475 religiose
2860 1414 3129 1464 veneror,
3153 1396 3368 1468 placuit
3405 1395 3520 1453 Deo
3552 1396 3704 1469 opti-

2051 1513 2147 1553 mo
2186 1513 2288 1568 per
2334 1494 2576 1561 litteras,
2607 1490 2786 1547 veluti
2819 1505 2923 1561 per
2973 1486 3297 1560 speculam,
3354 1486 3506 1543 votis
3536 1486 3704 1553 meis,

2051 1588 2209 1656 licet,
2235 1586 2487 1659 peccatis
2529 1586 2640 1641 sim
2696 1581 3002 1648 obnoxius,
3033 1579 3447 1637 obsecundare.
3503 1578 3707 1651 Itaque

2053 1686 2333 1750 tanquam
2358 1674 2567 1732 vestris
2589 1672 2837 1746 pedibus
2868 1668 3203 1733 advolutus,
3238 1671 3468 1725 sanctos
3491 1683 3591 1723 vos
3614 1668 3705 1725 de-

2054 1766 2266 1823 siderio
2324 1763 2695 1836 complector,
2764 1764 2822 1815 et
2861 1759 3125 1814 divinum
3170 1757 3367 1813 animo
3412 1756 3710 1814 exosculor

299 1854 427 1909 κτὸν
461 1851 651 1915 σκεῦος
695 1857 793 1907 τοῦ
823 1856 959 1909 Θεοῦ
997 1851 1342 1924 τεταμίευται
1375 1869 1389 1883 ⁸
1431 1852 1494 1907 τὸ
1542 1856 1655 1931 φῶς
1702 1856 1808 1907 τῶν
1849 1872 1948 1923 μο-

372 1944 430 1960 ul
670 1943 683 1960 Ω
724 1941 744 1960 \
927 1944 939 1960 \
1054 1949 1081 1959 .-
1179 1940 1199 1960 ,ν
1360 1941 1371 1958 0
1564 1944 1577 1960 ε
1683 1946 1706 1956 ν
1915 1946 1942 1956 ~

2065 1856 2268 1923 solum,
2300 1855 2356 1909 in
2392 1870 2506 1925 quo
2536 1868 2636 1908 vas
2650 1850 2751 1907 Dei
2777 1848 3026 1904 electum
3057 1850 3343 1914 servatur,
3380 1845 3479 1903 lux
3505 1863 3711 1903 mona-

2099 1944 2111 1960 ι
2264 1959 2294 1960 η
2467 1942 2549 1960 ιε-
2604 1944 2879 1960 ι-....-..--...
2943 1937 3176 1960 ι..--....-
3251 1935 3344 1960 -..ε
3389 1934 3706 1960 --ε-ιι-ι-..

301 1944 577 2014 ναζὸντων
613 1961 627 1975 ⁸
664 1943 691 1997 ὁ
724 1941 985 2016 λαμπτὴρ
1015 1949 1113 2011 τῆς
1144 1940 1474 2011 οἰκουμένης
1509 1961 1522 1974 ⁸
1558 1944 1585 1996 6
1614 1946 1710 1996 τοῦ
1740 1946 1946 2011 νοητοῦ

302 2033 509 2109 Φαραὼ
564 2034 994 2101 καταποντιστής
1026 2050 1040 2063 ·
1093 2031 1183 2085 καὶ
1239 2035 1336 2085 τοῦ
1387 2030 1540 2106 ἁγίου
1590 2028 1772 2093 ἔθνους
1820 2033 1953 2085 καθ-

303 2123 544 2199 ηγητὴς,
587 2123 616 2176 6
665 2124 763 2190 τῆς
815 2120 967 2196 ἁγίας
1015 2128 1115 2195 γῆς
1160 2119 1455 2198 ἐγκρατὴς,
1502 2121 1591 2175 καὶ
1639 2126 1747 2177 τῶν
1792 2122 1952 2176 θείων

308 2216 489 2284 μονῶν
551 2208 919 2285 κληροδότης.
971 2211 1394 2283 Συνασπὰζομαι
1452 2210 1540 2265 καὶ
1597 2211 1691 2272 τὰς
1752 2208 1948 2274 λοιπὰς

308 2298 602 2375 σεϐασμίας
679 2303 873 2371 θήκας,
932 2299 1012 2376 ἐφ’
1082 2302 1167 2363 αἷς
1222 2302 1289 2357 τὰ
1363 2302 1480 2375 ἰερὰ
1558 2302 1784 2373 σώματα
1838 2306 1949 2357 τῶν

309 2391 471 2447 ὁσίων
502 2411 517 2425 ⁸
552 2394 637 2453 οἷς
669 2392 697 2446 6
727 2389 966 2453 πλοῦτος
1010 2396 1117 2446 τῶν
1152 2393 1378 2466 ἀρετῶν,
1412 2392 1463 2447 ἐν
1513 2393 1666 2448 νυκτὶ
1695 2395 1791 2447 τοῦ
1820 2390 1954 2466 τῇδε

315 2481 440 2555 βίου
496 2480 713 2554 ἄστροις
770 2478 974 2535 ἐοικόσι
1032 2481 1335 2560 θεοφαέσιν.
1396 2482 1536 2556 Ὀρῶ
1590 2483 1681 2537 τὸν
1750 2486 1955 2557 χῶρον,

313 2568 396 2647 ἐφ’
441 2570 487 2640 ᾧ
537 2570 564 2624 6
612 2567 810 2631 στύλος
857 2573 955 2624 τοῦ
998 2569 1168 2644 πυρὸς
1221 2575 1300 2641 τῷ
1348 2568 1533 2643 στύλῳ
1584 2576 1693 2625 τῶν
1749 2570 1953 2645 ἀρετῶν

313 2658 491 2712 ὦπται
525 2675 539 2691 ⁸
566 2660 601 2727 ἡ
634 2659 770 2733 πρὸς
801 2659 928 2720 τοὺς
953 2658 1219 2731 ἀοράτους
1248 2658 1479 2734 ἐχθροὺς
1519 2660 1817 2739 νικηφόρος
1849 2660 1957 2715 11i-

313 2744 387 2814 λη
422 2764 438 2778 ⁸
493 2747 557 2800 τὸ
586 2752 686 2814 τῆς
746 2745 1181 2822 θαυματουργίας
1242 2746 1467 2819 δρᾶμα⁸
1525 2752 1686 2802 τοῦτο
1738 2746 1953 2802 κάκεῖνο

311 2834 737 2907 ποικιλλόμενον
768 2841 886 2897 ταῖς
934 2836 1073 2891 κατὰ
1102 2836 1289 2909 καιρὸν
1338 2835 1623 2912 ἐνεργείαις
1650 2840 1748 2891 τοῦ
1798 2836 1953 2892 Πνεύ-

313 2944 503 2995 ματος.
531 2931 594 2979 Ὢ
643 2923 787 2979 πόσα
821 2945 914 2997 μοι
946 2925 975 2977 ὁ
1021 2924 1187 2985 πόθος
1234 2922 1520 2981 ἐπιϐάλλει
1551 2924 1727 2999 λέγειν
1754 2928 1766 2984 l
1800 2926 1891 2980 καὶ
1924 2927 1953 2980 6

305 3012 507 3087 τρόπος
540 3011 706 3088 ε’ίργει
752 3017 849 3067 τοῦ
883 3014 959 3085 μή
1005 3012 1080 3075 εἷς
1135 3011 1369 3087 ἄμετρον
1416 3012 1658 3069 ἐκπεσεῖν
1706 3016 1806 3085 τὴν
1834 3012 1953 3069 ἐπι-

308 3100 533 3172 στολήν.
568 3107 634 3156 Ὠ
664 3100 845 3156 πόσων
879 3102 1090 3177 ἀγαθῶν
1122 3100 1363 3175 πράξεων
1398 3097 1655 3176 σύμϐολα
1682 3102 1772 3157 καὶ
1827 3104 1954 3158 ὁπο-

309 3192 571 3263 μνήματα
603 3190 654 3245 ἐν
688 3190 852 3262 ὑμῖνί
892 3191 1195 3269 μονονουχὶ
1227 3192 1315 3246 καὶ
1353 3192 1457 3246 ὑπὸ
1488 3192 1611 3253 θέας
1642 3194 1812 3262 αὐτῆς
1862 3189 1953 3246 δο-

2065 1944 2328 2012 cborum,
2396 1942 2551 1998 orbis
2602 1944 2885 1996 terrarum
2943 1937 3201 2003 lucerna,
3247 1935 3347 2006 qui
3388 1934 3711 2007 spiritalem

2065 2035 2421 2091 Pharaonem
2454 2028 2749 2095 demersit,
2783 2027 2934 2099 genti
2969 2030 3186 2083 sanctis
3222 2025 3553 2081 moderator
3580 2026 3711 2095 viae,

2067 2129 2233 2182 terra:
2266 2126 2475 2178 sanctas
2523 2134 2780 2191 compos,
2838 2116 3289 2186 divinarumque
3338 2114 3711 2171 mansionum

2065 2212 2426 2269 distributor.
2471 2209 2673 2266 Saluto
2706 2223 2817 2263 una
2855 2210 2912 2261 et
2942 2205 3197 2277 reliquos
3237 2204 3600 2261 venerandos
3623 2205 3711 2262 lo-

2067 2302 2249 2371 culos,
2282 2302 2340 2357 in
2373 2300 2585 2372 quibus
2615 2314 2781 2353 sacra
2811 2299 3146 2352 sanctorum
3178 2293 3412 2351 condita
3440 2309 3706 2366 corpora,

2066 2392 2127 2447 in
2176 2392 2390 2463 quibus
2419 2388 2701 2445 virtutum
2735 2400 2875 2457 Opes
2926 2386 3213 2457 repositas,
3249 2383 3464 2455 quippe
3492 2399 3619 2455 qua
3652 2383 3713 2439 in

2069 2491 2233 2537 nocte
2251 2480 2492 2551 hujusce
2517 2477 2648 2531 vita:
2683 2474 3009 2530 divinorum
3035 2472 3292 2529 siderum
3325 2472 3514 2528 instar
3537 2473 3713 2529 eli'ul-

2067 2578 2222 2645 gent.
2274 2569 2487 2624 Locum
2532 2566 2674 2621 mihi
2723 2565 2920 2621 videre
2950 2563 3167 2629 videor,
3204 2562 3261 2616 in
3302 2577 3413 2633 quo
3440 2561 3715 2633 columna

2065 2660 2221 2731 ignis
2269 2675 2371 2730 per
2398 2657 2685 2712 virtutum
2718 2654 3050 2710 columnam
3084 2657 3566 2725 repraesentatur:
3608 2652 3710 2709 ubi

2066 2752 2222 2808 lucla
2268 2749 2546 2804 adversus
2593 2746 2791 2802 hostes
2819 2741 3147 2801 invisibiles
3209 2758 3343 2799 cum
3402 2743 3712 2815 adeptione

2063 2839 2335 2904 victoriae,
2395 2836 2494 2893 ubi
2535 2851 2709 2893 scena
2756 2834 2965 2890 referta
2995 2832 3315 2898 miraculis,
3368 2832 3466 2888 ubi
3505 2832 3613 2888 hoc
3652 2836 3711 2889 et

2064 2930 2205 2986 illud
2254 2932 2580 2999 opportune
2616 2924 2879 2980 illustrat
2906 2921 3209 2994 multiplex
3254 2921 3497 2993 spiritus
3534 2921 3622 2978 vis
3652 2927 3712 2979 et

2062 3019 2341 3077 efﬁcacia.
2392 3018 2436 3074 Ο
2468 3019 2684 3089 quanta
2739 3014 2930 3069 dicere
2966 3011 3227 3085 suggerit
3281 3012 3550 3068 animus!
3607 3012 3711 3069 sed

2066 3111 2275 3165 modus
2322 3106 2611 3163 tenendus
2655 3110 2760 3171 est,
2811 3117 2884 3159 ne
2928 3101 2989 3158 in
3045 3101 3401 3158 immensum
3451 3104 3715 3158 excurrat

2064 3197 2329 3269 epistola.
2363 3196 2406 3252 Ο
2465 3194 2621 3267 quod
2652 3207 2849 3249 rerum
2898 3190 3169 3262 praeclare
3205 3194 3501 3262 gestarum
3533 3206 3710 3263 argu-

304 3281 511 3352 νὰμενα
540 3279 875 3353 παρακαλεῖν
920 3280 1105 3354 ψυχήν
1140 3280 1215 3342 εἷς
1266 3277 1508 3335 ἐπίδοσιν
1549 3282 1765 3355 ἀρετῆς.
1801 3279 1949 3337 Ἀλλ1

2070 3291 2263 3343 menta
2302 3286 2456 3357 apud
2515 3300 2616 3339 vos
2656 3298 2722 3338 ac
2765 3284 3149 3337 monumenta
3176 3284 3425 3347 exstant,
3458 3296 3587 3352 qua
3628 3280 3715 3336 vel

306 3370 334 3423 6
371 3370 469 3441 μὲν
498 3372 716 3440 πρῶτος
747 3369 914 3443 λόγος
947 3367 1123 3443 ἐχέτω
1151 3373 1319 3424 ταῦτα
1352 3389 1364 3401 ⁸
1400 3370 1451 3425 εἴ
1479 3370 1567 3425 καὶ
1613 3369 1950 3445 ἐνδεέστερον

305 3465 405 3526 τῆς
444 3457 757 3529 ἐπιθυμίας.
802 3457 917 3535 Ἐφ’
964 3455 1147 3531 ἕτερον
1196 3455 1253 3513 δὲ
1300 3458 1694 3534 μετελεύσομαι
1745 3458 1956 3533 ὀδυρτι-

306 3550 420 3619 κὸν,
454 3549 523 3603 οὐ
554 3554 829 3621 περιχαρῆ
861 3564 874 3577 ⁶
928 3545 997 3601 δι’
1028 3548 1085 3602 ’ὀν
1118 3548 1209 3602 καὶ
1259 3548 1287 3601 6
1328 3550 1588 3623 πρότερος
1639 3549 1950 3625 ὁφωρμήθη

308 3658 402 3709 μοι
437 3638 689 3709 ὓπὰρξαι.
728 3638 897 3711 Ὀργὴ
952 3634 1086 3691 Θεοῦ
1134 3639 1283 3709 ἡμᾶς
1340 3635 1653 3709 κατέλαϐεν,
1700 3638 1743 3692 ὦ
1796 3639 1953 3694 [Ιατὲ-

306 3746 395 3800 ρες
452 3724 768 3800 ἁγιώτατοι,
804 3724 891 3780 διὰ
920 3725 983 3780 τὸ
1030 3724 1407 3796 πληθυνθῆναι
1438 3728 1536 3795 τήν
1570 3726 1819 3799 ἀνομίαν,
1851 3730 1952 3801 ψυ-

302 3813 493 3890 γείσης
550 3820 651 3882 τῆς
710 3813 950 3888 ἀγάπης,
984 3813 1059 3875 ὡς
1118 3814 1145 3868 ὁ
1209 3814 1404 3887 Κύριος
1461 3814 1664 3889 ε’ίρηκι.
1700 3816 1950 3891 Διωγμὸς

303 3902 719 3974 Ἑλληνοειδής,
756 3902 1152 3978 χαλεπώτατος
1202 3903 1347 3962 λίαν.
1382 3905 1672 3976 Ἀπηλὰθη
1721 3912 1820 3975 τῆς
1870 3905 1955 3961 αύ-

306 3991 413 4061 λῆς
446 3994 473 4047 ὁ
524 3991 873 4069 ἁρχιποιμὴν
922 3995 1081 4065 ἡμῶν
1117 4010 1131 4024 ⁸
1186 3991 1573 4070 διεσκορπίσθη
1607 3996 1672 4049 τὰ
1719 3997 1954 4069 Χριστοῦ

304 4075 604 4155 πρόϐατα·
670 4080 828 4136 λύκοι
891 4082 1075 4157 βαρεῖς
1138 4082 1528 4158 εἰσεφθάρησαν
1589 4087 1653 4157 μ’.
1716 4083 1957 4162 εἰσὲφθα-

307 4173 428 4244 σαν]
463 4169 514 4224 ἐν
545 4174 614 4239 τῇ
646 4170 874 4244 ποίμνῃ,
919 4170 1105 4245 καίγε
1150 4173 1383 4244 μονιὸς
1431 4170 1661 4246 ἄγριος
1708 4194 1953 4228 κατενε-

312 4262 567 4332 μήσατο
618 4257 846 4330 αῦτήν,
878 4260 941 4315 Τί
986 4265 1185 4329 τοῦτο;
1221 4261 1393 4316 Πάλιν
1427 4260 1651 4316 ἐνταῦτα
1677 4264 1954 4337 ἠτιμάσθη

305 4351 342 4417 ἡ
375 4350 544 4417 σεπτή
604 4349 765 4404 εἰκὼν
795 4353 892 4405 τοῦ
952 4354 1084 4405 Θεοῦ
1114 4351 1201 4405 καὶ
1265 4357 1527 4425 Σωτῆρος
1559 4354 1719 4424 ἡμῶν
1778 4355 1958 4423 Ἰησοῦ

306 4438 567 4510 Χριστοῦ,
622 4444 723 4507 τῆς
782 4438 1069 4507 Θεοτόκου,
1124 4439 1318 4499 παντὸς
1390 4441 1697 4495 οὑτινοσοῦν
1780 4442 1957 4516 ἁγίου.

309 4528 408 4582 Διά
438 4530 600 4583 τοῦτο
648 4526 965 4600 ποίμένες
1015 4527 1545 4605 ἧφρονεύσαντο,
1594 4531 1682 4585 καὶ
1728 4530 1834 4607 οὐχ
1877 4530 1959 4587 ὅτι

2061 3378 2189 3449 ipso
2221 3378 2532 3446 conspectu
2566 3371 2867 3442 impellere
2898 3370 3160 3426 animum
3185 3370 3414 3442 possint
3444 3371 3515 3426 ad
3537 3370 3714 3427 virtu-

2062 3466 2139 3521 tis
2199 3462 2558 3536 profectuml
2612 3461 2724 3517 Sed
2769 3460 2845 3515 sit
2878 3460 2995 3515 haec
3029 3460 3186 3532 prior
3240 3476 3368 3530 pars
3411 3460 3715 3528 orationis,

2064 3570 2402 3627 quanquam
2434 3553 2705 3623 pauciora
2750 3549 2869 3605 dixi
2925 3565 3101 3620 quam
3134 3548 3333 3605 velim.
3368 3549 3451 3601 Ad
3478 3548 3718 3605 alteram

2065 3643 2420 3717 progrediar,
2458 3657 2563 3697 nec
2610 3640 2771 3696 illam
2823 3639 3059 3711 quidem
3109 3638 3305 3709 gaudii
3342 3636 3573 3709 plenam
3615 3639 3718 3695 sed

2066 3733 2367 3790 mceroris:
2400 3732 2472 3788 ob
2498 3746 2673 3804 quam
2706 3735 2762 3785 et
2802 3729 2959 3802 prior
2995 3727 3095 3783 illa
3124 3733 3213 3783 est
3242 3744 3275 3783 a
3307 3742 3398 3782 me
3430 3726 3582 3784 ultro
3616 3728 3715 3783 in-

2066 3827 2293 3881 stituta.
2316 3821 2712 3895 Apprehendit
2732 3836 2835 3875 nos
2858 3820 2944 3875 ira
2965 3819 3088 3884 Dei,
3109 3820 3311 3874 Patres
3334 3818 3713 3886 sanctissimi,

2067 3915 2343 3986 quoniam
2375 3910 2691 3967 abundavit
2722 3909 3030 3981 iniquitas,
3080 3909 3491 3979 refrigescente
3520 3908 3719 3964 chari-

2066 4010 2209 4069 tate,
2276 4003 2428 4058 sicut
2480 4000 2763 4056 Dominus
2824 3998 3224 4071 pronuntiavit
3270 3996 3337 4051 99.
3388 3999 3721 4053 Persecutio

2067 4093 2314 4151 ethnicus
2339 4091 2568 4159 similis,
2604 4093 2850 4161 przepter
2879 4088 3117 4143 modum
3163 4104 3329 4144 saeva.
3362 4088 3618 4143 Abactus
3649 4088 3722 4144 ab

2068 4182 2203 4239 ovili
2263 4196 2529 4236 summus
2577 4183 2775 4250 pastor
2832 4180 3047 4237 noster,
3109 4177 3384 4247 dispersae
3414 4182 3557 4232 sunt
3589 4192 3724 4234 oves

2067 4270 2303 4340 Christi,
2334 4269 2456 4341 lupi
2505 4283 2743 4339 rapaces
2775 4266 3120 4321 invaserunt
3160 4281 3417 4337 gregem,
3452 4274 3505 4320 et
3522 4266 3723 4339 singu-

2071 4362 2209 4416 tari:
2256 4364 2407 4430 ferus
2454 4357 2709 4429 depastus
2753 4360 2834 4411 est
2863 4356 3050 4411 eum‘.
3078 4355 3232 4420 Quid
3283 4356 3438 4410 istud
3480 4355 3560 4411 rei
3590 4357 3726 4412 est?

2069 4452 2287 4508 lterum
2323 4449 2413 4503 hic
2432 4447 2627 4504 eﬂ'scta
2654 4445 2878 4518 probris
2910 4452 2997 4501 est
3021 4445 3351 4501 veneranda
3387 4444 3582 4517 imago
3612 4444 3720 4501 Dei

2070 4543 2127 4595 et
2146 4535 2457 4596 Servatoris
2486 4535 2669 4591 nostri
2695 4535 2832 4589 Jesu
2866 4532 3110 4599 Christi,
3144 4532 3426 4604 Deiparse,
3458 4540 3512 4588 et
3543 4534 3727 4589 sancti

307 4617 420 4671 16v
454 4618 729 4689 Κύριον,
761 4622 1117 4694 προφητικῶς
1152 4618 1345 4683 εἰπεῖν,
1378 4618 1496 4674 οὐκ
1533 4618 1949 4690 ἐξεζήτησαν

2072 4627 2401 4699 cujuslibet.
2436 4626 2655 4681 Idcirco
2684 4623 2849 4679 stulte
2885 4632 3115 4692 egerunt
3134 4632 3395 4694 pastores,
3429 4638 3544 4678 non
3569 4622 3725 4695 quod

311 4706 475 4773 ἧττον
504 4706 604 4779 γὰρ
639 4704 700 4760 ἂν
732 4707 799 4775 ἦν
829 4709 891 4761 τὸ
925 4702 1177 4778 ἀσέϐημα
1208 4724 1222 4737 ⁸
1258 4706 1385 4763 ἀλλ’
1413 4708 1494 4762 ὅτι
1528 4711 1958 4785 συνήχθησαν

313 4792 629 4857 Ἰουδαϊκῶς
686 4797 857 4850 κατὰ
921 4800 1037 4851 τοῦ
1112 4796 1379 4870 Κυρίου,
1436 4798 1546 4852 καὶ
1620 4798 1782 4854 κατὰ
1852 4802 1965 4856 τοῦ

314 4888 603 4960 Χριστοῦ
653 4884 854 4940 αὐτοῦ
888 4902 901 4918 ⁸
945 4884 1447 4958 ἀποδοκιμάσαντες
1478 4888 1643 4943 αὐτοῦ
1671 4891 1770 4959 τήν
1804 4890 1962 4963 ἁγίαν

316 4973 520 5039 εἰκόνα,
592 4980 690 5043 τῆς
767 4993 825 5029 τε
899 4974 1064 5030 αὐτοῦ
1150 4976 1395 5050 Μητρὸς,
1463 4978 1553 5031 καὶ
1624 4982 1731 5032 τῶν
1814 4981 1966 5054 θερα-

315 5061 528 5117 πόντων
538 5104 552 5119 .

391 5154 487 5207 Διὰ
531 5158 693 5208 τοῦτο
744 5155 1099 5227 θυσιαστήρια
1145 5155 1273 5230 ἅγια
1316 5155 1585 5228 ἠφανίσθη
1620 5176 1633 5188 ⁸
1696 5157 1784 5213 καὶ
1842 5160 1962 5213 ναοὶ

316 5242 524 5315 Κυρίου
574 5243 1006 5317 ἠμαυρώθησαν,
1040 5242 1094 5298 ἐν
1144 5244 1287 5317 πάσῃ
1322 5240 1485 5299 πόλει
1533 5245 1624 5300 καὶ
1659 5247 1819 5322 χώρᾳ
1863 5255 1962 5318 τῆς

316 5330 449 5406 τῇδε
498 5331 760 5400 ἐξουσίας,
807 5331 883 5392 εἷς
938 5334 1132 5393 πένθος
1190 5333 1540 5406 προκείμένοι
1592 5341 1711 5399 τοῖς
1767 5338 1958 5410 ὁρῶσι,

314 5421 407 5475 τὸν
437 5420 636 5475 οἰκεῖον
668 5421 873 5494 κόσμον
915 5429 1014 5492 τῆς
1065 5422 1210 5484 θείας
1242 5423 1543 5500 εὐμορφίας
1591 5426 1958 5501 ἀφῃρημένοι,

319 5511 417 5565 Διά
470 5514 631 5565 τοῦτο
688 5510 806 5584 ἱερὰ
863 5510 1026 5583 σκεύη
1086 5512 1573 5589 ἀναχωνευόμενα,
1632 5515 1721 5569 καὶ
1797 5514 1955 5586 ἐσθὴς

2076 4716 2393 4784 Dominum,
2448 4722 2505 4771 ut
2561 4730 2698 4770 cum
2732 4711 3012 4785 propheta
3054 4711 3279 4784 loquar,
3329 4728 3441 4767 non
3494 4711 3725 4784 quaesie-

2077 4807 2260 4873 runt’,
2282 4806 2463 4861 levius
2478 4804 2634 4860 enim
2658 4802 2950 4874 piaculum
2970 4803 3145 4870 foret;
3183 4803 3283 4857 sed
3317 4802 3468 4873 quod
3488 4801 3724 4858 Judaao-

2074 4912 2203 4952 rum
2236 4911 2397 4950 more
2425 4896 2799 4950 convenerunt
2825 4894 2885 4946 in
2916 4908 3091 4947 unum
3118 4890 3376 4947 adversus
3405 4891 3722 4957 Dominum,

2071 4992 2115 5041 et
2143 4984 2403 5040 adversus
2461 4983 2739 5038 Christum
2793 4981 2910 5053 ejus
2939 4981 2998 5035 ἐ
3046 4986 3307 5037 sanctam
3348 4982 3475 5053 ejus
3520 4980 3725 5053 imagi-

2073 5089 2209 5131 nem
2233 5074 2628 5146 reprobantes,
2659 5071 2858 5127 Matris
2892 5070 3030 5126 item
3065 5087 3132 5126 ac
3163 5069 3538 5126 famulorum.

2144 5164 2284 5219 Eam
2312 5163 2384 5218 ob
2423 5179 2545 5219 rem
2592 5170 2793 5218 sancta
2820 5160 3021 5216 altaria
3050 5161 3261 5227 diruta,
3282 5166 3334 5215 et
3365 5159 3578 5231 templa
3614 5162 3719 5217 Do-

2073 5253 2217 5307 mini
2259 5252 2621 5319 labefactata,
2654 5251 2711 5306 in
2744 5249 2903 5307 omni
2936 5249 3164 5305 civitate
3207 5265 3273 5305 ac
3304 5249 3559 5322 regione,
3594 5266 3718 5321 quas

2071 5341 2206 5397 buio
2248 5341 2493 5413 imperio
2545 5345 2725 5413 paret,
2768 5340 2973 5411 ingens
3002 5338 3370 5395 intuentibus
3406 5338 3603 5395 luctus
3625 5355 3719 5395 ar-

2070 5438 2436 5502 gumentum,
2487 5446 2624 5485 cum
2675 5429 2788 5484 sint
2846 5428 2947 5484 illa
2978 5428 3209 5500 proprio
3266 5426 3449 5483 divini
3481 5428 3713 5485 decoris

2070 5524 2275 5577 ornatu
2304 5520 2537 5576 nudata.
2571 5519 2793 5575 Idcirco
2824 5533 2961 5573 vasa
2986 5532 3151 5574 sacra
3175 5516 3403 5587 liquata,
3435 5520 3491 5573 et
3520 5515 3717 5571 divina

392 5689 439 5726 ⁹⁹
468 5690 635 5747 Matt.
656 5706 812 5759 ων,
834 5692 921 5748 12.
1001 5693 1014 5727 ¹
1050 5692 1193 5750 Psal.
1224 5711 1374 5767 uix,
1404 5696 1494 5752 14.
1572 5695 1594 5731 ³
1623 5696 1834 5755 Jersm.
1858 5702 1949 5769 x,:

2106 5698 2129 5734 ³
2157 5700 2311 5759 Paal.
2336 5717 2398 5768 ιι,
2419 5704 2474 5757 2.
