4062 6280
413 376 571 436 1167

1651 369 1714 431 S.
1758 371 1861 429 ΤΗ
1874 366 2160 430 EODORI
2210 364 2574 428 STUDITxE

3649 367 3796 425 1168

407 508 586 564 vestis
617 506 732 578 igni
765 505 998 571 tradita,
1030 520 1162 560 cum
1187 501 1432 574 depictis
1462 501 1518 556 in
1543 501 1757 557 tabella
1787 500 2049 574 imagini-
2081 561 2083 566 η

2183 495 2279 550 ιεία
2318 496 2446 570 πυρὶ
2507 491 2939 569 παραδιδομένη,
2973 492 3066 547 σὺν
3123 499 3238 556 τοῖς
3281 493 3332 548 ἐν
3391 496 3564 564 πίναξι
3623 515 3794 570 χαραο

407 599 536 664 bus,
564 602 619 652 et
663 596 826 650 libris
880 596 939 649 in
990 593 1201 664 quibus
1252 593 1446 663 aliqua
1478 591 1692 647 mentio
1731 591 2058 662 imaginum

408 697 582 743 esset.
641 686 778 740 Eam
839 685 910 739 ob
977 699 1214 738 causam
1275 697 1553 754 magnum
1619 680 2063 735 incarnationis-

408 776 751 848 mysterium
778 774 1097 838 deridetur,
1118 777 1173 825 et
1188 771 1576 826 abominanda
1600 785 1689 824 res
1713 769 2057 840 appellatur,

407 867 559 935 quod
591 870 648 918 et
709 864 981 918 horresco
1033 862 1307 926 referens,
1362 877 1486 930 quas.
1517 859 1760 914 salutari
1819 859 1942 913 orbi
1975 865 2062 913 est

405 971 677 1026 expressa
727 952 936 1008 Christi
997 952 1205 1022 ﬁgura,
1254 949 1340 1005 vel
1382 950 1646 1004 Christus
1699 949 1823 1017 ipse
1867 947 2059 1017 potius

407 1059 542 1098 cum
594 1042 774 1096 Matre
822 1049 875 1095 et
907 1039 1146 1094 famulis
1175 1055 1189 1092 :
1253 1037 1726 1108 quandoquidem
1760 1037 1977 1092 honore
2007 1044 2060 1090 et

409 1129 792 1202 appellatione
834 1129 990 1183 idem
1023 1129 1191 1182 ambo
1225 1131 1383 1187 sunt.
1428 1127 1621 1197 imago
1658 1131 1714 1181 et
1743 1125 2056 1196 exemplar.

408 1222 626 1277 Idcirco
675 1221 1029 1290 quaestiones
1079 1223 1137 1273 et
1190 1217 1598 1288 inquisitiones
1658 1234 1760 1288 per
1799 1217 2058 1287 singulos

408 1326 672 1382 quosque
724 1311 874 1364 viros
915 1326 980 1364 ac
1037 1309 1264 1376 domos,
1299 1312 1548 1362 terrores
1604 1323 1669 1360 ac
1720 1307 1910 1374 minae,
1943 1323 2058 1361 non

410 1401 584 1456 modo
616 1416 686 1454 ne
743 1398 954 1465 omnis,
1004 1398 1100 1452 sed
1161 1413 1232 1450 ne
1262 1395 1486 1467 aliqua;
1521 1395 1803 1451 htereticis
1840 1397 2062 1450 intacta

407 1491 602 1560 imago
625 1487 1026 1554 subtrahatur,
1054 1485 1269 1541 Idcirco
1289 1485 1833 1554 sacerdotesinique
1860 1489 2056 1554 agunt,

411 1587 464 1635 et
496 1576 786 1643 monachi,
815 1581 986 1631 exuto
1036 1574 1404 1635 monachatu.
1440 1575 1671 1628 irruunt
1702 1573 1761 1628 in
1795 1573 2058 1642 ejusdem

410 1666 663 1722 instituti
704 1666 871 1732 viros,
906 1664 1127 1719 alumni
1162 1665 1466 1718 adversum
1509 1663 1866 1734 pra-positos,
1899 1664 2059 1718 defe-

413 1756 622 1811 ctionis
673 1754 976 1824 praemium
1031 1753 1430 1822 praefecturam
1489 1751 1817 1822 accipiunt;
1862 1756 1918 1806 et
1960 1759 2059 1822 qui

2171 592 2368 660 κτῆρσι
2397 584 2488 639 καὶ
2519 580 2735 658 βίϐλοις
2767 582 2818 637 ἐν
2847 586 2935 646 αἷς
2959 605 3010 637 τι
3043 582 3234 638 λεκτὸν
3267 585 3389 659 περὶ
3435 585 3674 643 εἰκόνων.
3707 587 3800 640 Διά

2169 679 2331 730 τόὗτο
2359 673 2579 748 γελᾶται
2627 675 2689 728 τὸ
2742 674 2881 750 μέγα
2927 681 3026 743 τῆς
3087 673 3401 747 οῗκονομίας
3460 678 3750 750 μυστήριον
3783 697 3796 710 ·

2169 765 2259 818 καὶ
2296 761 2574 838 βδέλυγμα
2617 762 2901 832 κέκληται,
2935 764 2964 817 ὃ
2994 763 3083 817 καὶ
3134 761 3342 838 φρίττω
3377 764 3576 838 λέγων,
3604 765 3665 819 τὸ
3694 787 3802 819 σω-

2170 857 2359 928 τήριον
2392 851 2587 924 κόσμῳ
2616 853 2880 925 ὁμοίωμα
2911 857 3154 926 Χριστοῦ
3189 871 3202 884 ⁸
3240 852 3458 925 μᾶλλον
3492 851 3548 909 δὲ
3587 856 3804 924 Χριστὸς

2171 944 2262 998 σὺν
2299 943 2479 1016 Μητρὶ
2515 943 2602 997 καὶ
2645 943 2966 1016 θεράπουσιν
2999 959 3013 974 ·
3063 940 3210 1013 ε’ίπερ
3238 944 3314 1002 ὡς
3342 947 3410 1016 τῇ
3440 947 3576 1016 τιμῆ
3624 945 3712 998 καὶ
3739 947 3804 1016 τῇ

2171 1035 2366 1104 κλήσει
2422 1032 2617 1087 ταυτὸν
2695 1032 3001 1108 ἀμφότερα,
3059 1030 3219 1085 εἰκὼν
3288 1032 3378 1085 καὶ
3436 1029 3803 1107 πρωτότυπον.

2172 1123 2270 1178 Διά
2295 1127 2456 1178 τοῦτο
2502 1121 2864 1194 ἐξερευνήσεις
2910 1121 2999 1176 καὶ
3051 1120 3392 1190 ἐκζητήσεις,
3425 1122 3514 1177 καὶ
3559 1122 3674 1177 κατ’
3723 1123 3806 1176 ἄν-

2173 1210 2272 1287 δρα
2302 1211 2392 1266 καὶ
2423 1214 2539 1265 κατ’
2571 1212 2716 1264 οἶκον
2748 1229 2762 1242 ·
2807 1211 2895 1264 καὶ
2931 1205 3091 1286 φόϐοι
3122 1211 3214 1264 καὶ
3263 1209 3504 1280 ἀπειλαὶ,
3540 1212 3616 1283 μή
3673 1213 3804 1266 ὑπο-

2172 1303 2455 1380 λείφθῆναι
2513 1301 2794 1356 ἀνάλωτον
2823 1303 2892 1374 τῇ
2949 1301 3147 1374 αἱρέσει
3200 1302 3321 1355 τινὰ
3357 1298 3485 1372 μηδ’
3543 1301 3610 1355 αὖ
3641 1307 3804 1356 πᾶσαν

2171 1393 2372 1450 εἰκόνα,
2425 1391 2530 1456 Διά
2585 1395 2746 1446 τοῦτο
2806 1391 2968 1464 ἱερεῖς
3025 1390 3378 1462 ἀνομοῦντες,
3432 1389 3519 1444 καὶ
3582 1392 3806 1465 μοναχοὶ

2173 1481 2453 1558 ἀμόναχοι
2483 1481 2618 1534 κατά
2644 1484 2752 1534 τῶν
2785 1480 3133 1553 ὁμοσχήμων
3167 1480 3454 1551 φερόμενοι
3489 1498 3502 1511 ·
3557 1481 3802 1556 φοιτηταί

2173 1572 2310 1625 κατά
2362 1574 2470 1624 τῶν
2531 1569 2883 1643 ἡγουμένων,
2943 1567 3111 1623 ἆθλον
3171 1575 3272 1638 τῆς
3329 1568 3658 1630 ἀποστασίας
3713 1571 3806 1638 τήν

2171 1656 2460 1734 προεδρίαν
2492 1658 2886 1731 κομιζόμενοι·
2922 1658 3012 1711 καὶ
3045 1659 3072 1712 ὁ
3103 1659 3170 1713 τά
3204 1657 3435 1712 πλεῖστα
3472 1659 3658 1732 μανεὶς
3687 1659 3815 1712 κατά

2169 1751 2433 1821 Χριστοῦ,
2468 1744 2736 1801 πλειόνων
2783 1745 2870 1800 καὶ
2915 1751 3091 1817 τιμῶν
3147 1747 3473 1818 ἠξιωμένος.
3509 1749 3605 1802 Διά
3653 1751 3809 1801 τοῦτο

411 1843 815 1898 vehementius
862 1841 922 1895 in
950 1841 1246 1894 Christum
1291 1839 1526 1907 insanit,
1561 1838 1829 1905 pluribus
1868 1839 1918 1894 is
1951 1839 2061 1894 ho-

2183 1837 2453 1910 μάστιγες,
2519 1833 2731 1908 δεσμοὶ,
2793 1832 3056 1914 φυλακαὶ,
3105 1835 3545 1908 λιμοκτονήσεις,
3598 1834 3812 1909 ἐξορίαι,

414 1933 654 1988 noribus
706 1930 1062 1986 cumulatur.
1098 1931 1316 1984 Idcirco
1351 1929 1604 1995 verbera,
1639 1929 1892 1995 vincula;
1936 1946 2062 1984 car-

416 2040 599 2087 ceres,
632 2021 857 2089 inedize,
891 2020 1116 2084 exsilia,
1149 2036 1317 2075 neces
1357 2021 1413 2074 in
1437 2036 1536 2075 eos
1567 2020 1666 2090 qui
1699 2020 2064 2074 obnituntur.

490 2113 615 2168 Non
642 2118 730 2167 est
761 2111 955 2181 impiis
989 2109 1297 2166 socerdotii
1321 2110 1726 2170 reverentiam.
1761 2126 1876 2164 non
1910 2110 2070 2163 cani-

420 2204 520 2259 tiei
580 2201 1032 2268 commiseratio,
1076 2216 1192 2254 non
1252 2199 1443 2254 cultus
1476 2199 1727 2271 pietatis,
1778 2207 1877 2254 aut
1909 2198 2067 2254 aliud

425 2289 729 2361 quidpiam
752 2304 949 2342 eorum
967 2305 1092 2358 quas
1110 2289 1334 2344 veniam
1359 2292 1804 2343 commerentur.
1833 2288 1938 2341 Lex
1955 2303 2073 2341 una

423 2377 518 2433 his
553 2377 830 2448 principis
861 2377 1163 2431 arbitrium
1196 2382 1321 2432 est:
1355 2392 1492 2430 cura
1514 2376 1652 2432 item
1699 2391 1836 2444 una,
1867 2392 2073 2431 omnes

425 2473 487 2522 ut
520 2467 626 2521 hoc
661 2465 868 2536 laqueo
901 2464 1363 2534 intercipiantur.
1392 2464 1552 2518 Nunc
1581 2480 1676 2519 eos
1702 2465 1801 2533 qui
1833 2480 1896 2518 se
1927 2464 2072 2534 fugae

425 2557 730 2622 dederunt,
782 2553 1128 2609 solitudines
1161 2553 1409 2608 habent:
1455 2570 1626 2624 rupes
1683 2570 1748 2608 ac
1783 2552 2074 2621 speluncae

427 2661 548 2712 eos,
596 2643 688 2713 qui
745 2641 1164 2698 consuluerunt
1190 2642 1359 2696 saluti
1395 2659 1535 2697 suae.
1587 2641 1655 2697 Ut
1687 2641 1908 2697 similes
1938 2642 2074 2696 facti

431 2749 642 2789 sumus
701 2731 962 2802 pelicano
995 2731 1328 2786 solitudinis
1367 2731 1426 2784 ‘1
1481 2740 1542 2786 ut
1597 2732 1717 2787 dati
1766 2747 1970 2786 sumus
2013 2730 2075 2785 in

433 2823 758 2891 captionem
793 2821 1066 2875 dentibus
1096 2821 1411 2892 impiorum
1444 2821 1499 2874 ‘l
1534 2826 1590 2876 et
1630 2821 1794 2890 plura
1837 2825 2073 2889 praeter-

435 2912 624 2969 mitto,
659 2926 787 2982 quae
823 2910 1118 2965 fastidium
1169 2911 1456 2965 aﬂerrent.
1498 2913 1571 2964 At
1605 2911 1784 2964 vicem
1818 2916 2077 2964 nostram

433 3015 533 3054 vos
612 3001 829 3071 lugete,
898 3000 1111 3071 quibus
1163 3007 1250 3055 est
1315 3000 1371 3053 in
1431 2999 1636 3053 alienis
1702 3000 1870 3054 malis
1919 3007 2075 3053 tene-

432 3107 561 3145 rum
624 3095 823 3159 pectus
885 3099 1155 3160 tanquam
1221 3090 1483 3160 ejusdem
1545 3089 1846 3159 corporis:
1893 3089 2076 3158 preci-

430 3179 539 3234 bus
600 3180 768 3246 fusis,
821 3179 1094 3249 porrigite
1152 3195 1389 3233 manum
1449 3183 1725 3247 tanquam
1777 3177 2073 3233 fratribus.

427 3272 738 3324 Acerbiora
767 3275 1050 3340 suntquae
1083 3269 1176 3324 hic
1198 3270 1470 3339 patimur,
1496 3284 1669 3338 quam
1694 3283 1818 3338 quae
1841 3268 2072 3338 uspiam

431 3376 463 3414 a
489 3360 745 3414 barbaris
777 3364 940 3429 gesta
969 3363 1127 3412 sunt.
1161 3359 1284 3411 Jam
1335 3356 1481 3411 sient
1515 3356 1765 3412 Sodoma
1813 3357 1944 3411 facti
1976 3374 2071 3411 su-

431 3466 585 3515 mus,
635 3455 691 3502 et
734 3448 884 3502 sicut
934 3447 1254 3502 Gomorrha
1311 3445 1532 3500 similes
1583 3463 1788 3500 sumus
1835 3446 1877 3502 ⁶.
1913 3447 2070 3500 Hanc

427 3536 610 3608 igitur
655 3537 727 3590 ob
759 3551 995 3590 causam
1036 3534 1363 3589 sanctitatis
1420 3541 1614 3589 vestras
1655 3533 1931 3588 auxilium
1967 3535 2073 3586 hu-

431 3625 599 3681 miles
623 3624 986 3692 imploravim
1001 3641 1090 3691 us,
1115 3622 1271 3678 velut
1288 3640 1402 3678 uno
1416 3639 1512 3678 ore
1535 3623 1795 3677 omnium
1822 3624 2068 3677 fratrum

427 3717 522 3785 qui
546 3718 757 3788 pariter
777 3721 1077 3771 vexantur.
1104 3715 1379 3770 Novimus
1399 3716 1554 3769 enim
1577 3719 1863 3784 quantum
1886 3715 2072 3769 valeat

417 3808 584 3874 justa
612 3813 798 3860 vestra
827 3805 1148 3874 deprecatio
1177 3804 1410 3859 assidua
1431 3805 1473 3868 ⁷,
1507 3808 1589 3869 ut,
1650 3811 1880 3856 exorato
1930 3802 2065 3869 Deo,

425 3893 676 3948 haaretici
715 3893 894 3965 gladii
917 3894 1070 3948 acies
1089 3894 1494 3962 conquiescat:
1529 3892 1600 3945 ad
1637 3900 1844 3946 rectam
1896 3891 2068 3946 ﬁdem

425 4000 556 4038 cum
591 4000 730 4055 pace
767 3983 1146 4051 conjunctam
1179 3986 1478 4035 revocante
1537 3981 1778 4035 Domino
1807 3985 2068 4036 nostram

424 4090 655 4146 quoque
677 4073 1015 4128 Ecclesiam.
1060 4073 1130 4128 Ut
1164 4079 1355 4127 autem
1389 4077 1445 4126 et
1486 4088 1584 4126 vos
1616 4071 1868 4125 vicissim
1897 4071 2068 4126 intel-

424 4165 638 4235 ligatis,
698 4165 804 4216 viri
837 4163 1217 4229 venerabiles,
1269 4161 1462 4232 qualia
1493 4159 1612 4214 sint
1653 4160 2064 4231 Sacrilegorum

422 4256 601 4325 impia
659 4255 968 4325 dogmata:
1015 4252 1192 4306 simul
1247 4252 1366 4306 haec
1416 4267 1547 4306 cum
1599 4251 1809 4306 litteris
1841 4253 1970 4306 misi
2006 4253 2064 4306 in

422 4343 922 4412 quaternionibus,
969 4359 1094 4412 quae
1152 4341 1417 4395 indoctus
1459 4340 1591 4394 licet
1635 4341 1936 4395 confutare
1966 4357 2062 4407 ag-

421 4446 654 4499 gressus
669 4447 826 4494 sum,
847 4430 1158 4499 proborum
1182 4431 1434 4481 virorum
1461 4427 1712 4482 hortatu.
1737 4428 1845 4482 Oro
1869 4432 2062 4481 autem

422 4530 482 4573 ut
514 4536 580 4573 ea
605 4536 702 4588 pro
739 4520 934 4572 divina
961 4526 1147 4572 vestra
1177 4517 1487 4586 sagacitate
1516 4515 1875 4586 expendatis,
1909 4515 2061 4585 quod

2180 1927 2422 1995 θάνατοι,
2456 1923 2543 1979 ἐπὶ
2574 1925 2700 1984 τοὺς
2731 1923 3133 1997 ἒνισταμένους.

2251 2103 2365 2160 Οὐκ
2395 2103 2774 2177 ἀρχιερωσύνη
2806 2108 2922 2164 τοῖς
2952 2097 3194 2157 ἀσεϐέσιν
3223 2100 3505 2176 αἰδέσιμος
3540 2122 3552 2134 ·
3607 2103 3667 2157 οὗ
3717 2124 3818 2158 πο-

2182 2189 2275 2246 λιά
2305 2189 2716 2264 οῗκτειρήσιμος
2751 2206 2764 2220 ⁸
2799 2189 2898 2244 οὐκ
2928 2189 3155 2260 ἄσκησις
3204 2186 3448 2252 εὐσεϐίας
3485 2209 3500 2222 ·
3535 2191 3642 2245 οὐκ
3682 2187 3814 2244 ἄλλο

2179 2301 2231 2336 τι
2281 2285 2388 2334 τῶν
2439 2275 2654 2354 φειδοῦς
2703 2279 2885 2350 ἀξίων.
2942 2280 3038 2341 Εἷς
3086 2279 3253 2351 νόμος
3299 2283 3359 2334 τὸ
3408 2285 3507 2336 τοῦ
3560 2279 3814 2352 Καίσαρος

2183 2367 2400 2440 θέλημα
2434 2387 2444 2398 ·
2479 2367 2565 2421 καὶ
2621 2366 2716 2438 μία
2747 2364 2957 2435 σπουδή
3012 2368 3248 2430 ἅπαντας
3281 2368 3332 2422 ἐν
3378 2369 3562 2442 τούτῳ
3594 2371 3812 2426 ἁλῶναι.

2182 2461 2249 2515 Αἱ
2289 2458 2515 2534 ἐρημίαι
2557 2458 2682 2519 τοὺς
2734 2455 3156 2531 διαπεφευγότας
3206 2455 3424 2534 ἔχουσιν
3459 2480 3473 2492 ο
3531 2461 3588 2514 αἱ
3635 2460 3815 2534 πέτραι

2182 2550 2272 2605 καὶ
2302 2550 2368 2604 τά
2398 2548 2640 2619 σπήλαια
2669 2549 2795 2608 τοὺς
2827 2547 3308 2622 διασεσωσμένους.
3342 2559 3403 2605 Ὠ
3433 2556 3554 2612 πῶς
3603 2552 3816 2623 ὡμοιὼο

2185 2643 2354 2713 θημεν
2414 2639 2665 2693 πελεκᾶνι
2721 2639 3008 2713 ἐρημικῷἓ
3059 2639 3104 2692 ὢ
3155 2645 3271 2702 πῶς
3320 2638 3698 2715 παρεδόθημεν
3748 2641 3815 2703 εἰς

2185 2735 2373 2803 χεῖρας
2403 2734 2520 2788 τοῖς
2556 2725 2745 2781 ὀδοῦσι
2775 2733 2880 2782 τῶν
2912 2725 3119 2783 ἀσεϐῶν
3148 2731 3159 2784 !
3194 2730 3282 2782 καὶ
3304 2729 3370 2783 τὰ
3399 2729 3578 2784 πλείω
3609 2737 3817 2803 παρῆκα

2185 2818 2273 2874 διὰ
2321 2822 2383 2874 τὸ
2442 2820 2762 2892 προσκορές.
2824 2817 2998 2874 Ἀλλά
3058 2820 3335 2889 στενάξατε
3391 2819 3472 2896 ἐφ’
3553 2823 3719 2894 ἡμᾶς,
3776 2818 3815 2872 ὦ

2183 2912 2638 2984 συμπατέστατοι,
2695 2910 2769 2973 ὡς
2818 2911 3101 2982 σύσσωμοι
3138 2930 3151 2944 ’
3215 2910 3428 2984 όρέξατε
3490 2917 3650 2984 χεῖρα
3698 2932 3814 2985 πρε·

2186 2998 2472 3068 σϐευτικὴν
2519 3001 2594 3061 ὡς
2653 2997 3005 3076 φιλάδελφοι.
3059 3002 3180 3056 Τῶν
3237 2999 3422 3055 αὐτόθι
3483 3000 3705 3076 χείρονα
3757 3002 3817 3055 τά

2184 3089 2423 3161 ἡμέτερα
2479 3085 2878 3164 βαρϐαρίζεται.
2931 3093 3018 3152 Ὡς
3071 3087 3292 3162 Σόδομα
3337 3087 3446 3159 ἤδη
3512 3091 3814 3166 γεγόναμεν,

2185 3178 2276 3232 καὶ
2309 3180 2382 3241 ὡς
2413 3178 2666 3254 Γόμοῤῥα
2713 3177 2822 3249 ἤδη
2874 3180 3266 3252 ὡμοιώθημεν.
3301 3182 3396 3235 Διὰ
3439 3187 3608 3237 τοῦτο
3640 3201 3816 3255 τοιγα-

2107 3242 2147 3308 C
2187 3272 2311 3343 ροῦν
2341 3268 2430 3322 καὶ
2464 3264 2877 3342 ἐπεϐοησάμεθα
2900 3272 2967 3342 τῇ
3018 3271 3294 3344 ἁγιωσύνῃ
3327 3272 3491 3343 ήμῶν
3544 3275 3597 3326 οἱ
3644 3293 3814 3327 ταπει-

2178 3359 2282 3426 νοὶ,
2323 3358 2397 3419 ὡς
2453 3358 2504 3412 ἐν
2563 3358 2639 3412 ένὶ
2700 3357 2929 3430 στόματι
2987 3363 3095 3412 τῶν
3153 3362 3367 3414 πάντων
3425 3358 3681 3438 ἀδελφῶν
3734 3361 3813 3414 καὶ

2181 3444 2638 3522 συμπασχόντων.
2672 3454 2856 3520 ’Ίσμεν
2887 3447 2986 3523 γάρ
3019 3449 3105 3502 ὅτι
3149 3448 3328 3523 ίσχὺει
3359 3451 3394 3519 ἣ
3430 3448 3617 3505 δικαία
3661 3452 3811 3524 ἡμῶν

2181 3533 2362 3606 δέησις
2412 3537 2771 3609 ἐνεργουμένη
2808 3555 2820 3567 ·
2879 3537 2953 3598 ὡς
2986 3536 3045 3591 ἃν
3076 3541 3154 3607 τῷ
3204 3536 3488 3612 ἐξιλασμῷ
3519 3540 3686 3608 αὐτῆς
3731 3560 3813 3593 κο-

2179 3626 2324 3698 πάσῃ
2357 3628 2390 3694 ἡ
2423 3625 2643 3699 θράῦσις
2677 3632 2771 3692 τῆς
2802 3627 3078 3699 αἱρετικῆς
3125 3628 3396 3704 ῥομφαίας
3431 3647 3444 3659 ·

2181 3715 2256 3775 εἰς
2311 3713 2590 3788 εἰρηνικὴν
2642 3712 2958 3788 ὀρθοδοξίαν
3008 3714 3368 3792 ἐπανάγοντος
3416 3719 3510 3772 καὶ
3562 3720 3660 3787 τὴν
3708 3718 3811 3772 καθ’

2179 3807 2324 3876 ἡμᾶς
2359 3801 2700 3872 Ἐκκλησίαν.
2735 3805 2846 3860 Ἵνα
2896 3800 2952 3858 δὲ
2984 3803 3162 3872 εἰδῆτε
3210 3807 3298 3858 καὶ
3343 3806 3526 3878 ὑμεῖς,
3569 3806 3614 3861 ὦ
3663 3801 3812 3862 σεϐά-

2177 3913 2353 3964 σμιοι,
2386 3891 2443 3946 ἐκ
2477 3891 2693 3966 μέρους,
2728 3895 2815 3946 οἷα
2847 3893 2912 3946 τά
2940 3889 3106 3962 ἀσεϐῆ
3143 3892 3393 3970 δόγματα
3441 3901 3553 3950 τῶν
3604 3896 3763 3951 ἀθέων
3794 3911 3806 3927 ⁶

2178 3979 2568 4035 συναπέστειλα
2623 3987 2740 4042 τοῖς
2787 3981 3072 4056 γράμμασι
3130 3987 3295 4037 ταῦτα
3353 3984 3404 4038 ἐν
3469 3983 3807 4059 τετραδίοιςο

3498 3634 3597 3683 τοῦ
3629 3628 3811 3701 Κυρίου

2177 4068 2324 4123 ἆκαὶ
2377 4067 2529 4138 ἔδοξα
2579 4071 2605 4123 ὁ
2659 4070 2876 4141 ἀμαθής
2926 4071 3260 4147 ἀνατρέπειν,
3314 4077 3650 4149 προτραπεὲς
3682 4075 3809 4147 παρὰ

2176 4153 2428 4214 εὐσεϐῶν.
2475 4158 2618 4211 Δὶτῶ
2677 4156 2733 4213 δέ
2792 4160 2894 4214 ὑπὸ
2951 4167 3053 4228 τῆς
3112 4161 3256 4223 θείας
3319 4163 3474 4234 ὑμῶν
3538 4162 3808 4242 ἀγχινοίας

2175 4243 2559 4322 έπισκεφθῆναι
2593 4267 2607 4280 ·
2664 4248 2754 4301 καὶ
2812 4253 2874 4302 τὸ
2948 4248 3171 4313 ἐλλιπές
3228 4252 3654 4322 ἀνορθωθῆναι·
3728 4251 3808 4306 καὶ

2174 4337 2501 4410 συγγνώμην
2560 4341 2666 4391 τῶν
2728 4337 3140 4416 ἐπωφλημένων
3197 4338 3446 4411 δέξασθαί
3510 4363 3574 4413 με
3608 4361 3620 4376 ⁸
3682 4343 3807 4414 λαμ-

2175 4420 2433 4479 ϐάννεθαί
2501 4446 2560 4480 τε
2611 4425 2686 4488 εἰς
2743 4429 2963 4499 μνήμην
3017 4427 3068 4482 ἐν
3122 4434 3240 4491 ταῖς
3295 4428 3630 4486 θεοκλινέσιν
3671 4432 3806 4503 ὑμῶν

2173 4518 2503 4587 προσευχαῖς
2539 4534 2552 4547 ο
2604 4515 2689 4568 καὶ
2747 4517 2853 4588 μὴν
2905 4517 2996 4570 καὶ
3046 4519 3423 4573 συντάττεσθαι
3473 4521 3547 4582 ὡς
3592 4514 3805 4594 ἔσχατον

419 4611 696 4664 vitiosum
721 4617 806 4664 est
837 4607 1176 4674 emendatis,
1220 4611 1660 4675 erratorumque
1691 4606 1918 4660 veniam
1953 4605 2058 4658 tri-

2183 4603 2381 4656 τάντων
2444 4601 2608 4675 μέλος
2663 4601 2715 4657 ἐν
2771 4611 2850 4676 τῷ
2891 4603 3229 4681 πληρώματι
3289 4615 3388 4678 τῆς
3445 4609 3601 4683 ἁγίας
3661 4610 3802 4681 ὑμῶν

420 4699 637 4763 buatis,
671 4704 727 4752 et
758 4697 943 4751 utmei
976 4695 1434 4751 memineritisin
1457 4695 1666 4750 vestris
1693 4694 2060 4749 ﬂectentibus

2174 4690 2377 4761 Ἐκκλη
2388 4692 2527 4753 σίας.

422 4788 602 4842 Deum
654 4787 921 4858 precibus
957 4785 1245 4856 :denique
1275 4790 1337 4840 ut
1387 4790 1663 4855 tanquam
1724 4788 2084 4853 postremum
2137 4785 2404 4838 omnium
2465 4785 2790 4840 membrum
2851 4802 3088 4841 censear
3117 4789 3174 4842 in
3205 4789 3572 4860 plenitudine
3601 4793 3799 4845 sanctis

419 4889 620 4934 vestra:
655 4878 935 4933 Ecclesiae.

493 4969 619 5024 Haec
657 4968 842 5022 eadem
876 4967 1102 5038 epistola
1134 4969 1303 5022 missa
1359 4969 1434 5021 est
1493 4963 1658 5020 etiam
1697 4962 1767 5018 ad
1797 4967 2070 5019 monaste-

420 5055 574 5111 rium
603 5059 780 5112 sancti
803 5056 1100 5112 Theodosii.

2249 4964 2314 5014 Ἠ
2358 4961 2520 5028 αὐτή
2573 4961 2898 5034 ἐπιστολή
2949 4965 3288 5038 ἀπεστάλη
3339 4970 3447 5023 καὶ
3500 4970 3658 5044 πρὸς
3696 4966 3802 5032 τήν

2183 5051 2392 5120 μονὴν
2429 5056 2544 5105 τοῦ
2584 5053 2778 5127 ἁγίου
2819 5052 3202 5114 Θεοδοσίου.

1285 5198 1554 5246 Adversus
1578 5198 1796 5247 eosdem
1830 5195 2240 5246 Iconomachos.
2275 5196 2484 5257 (Baron.
2521 5212 2606 5248 an.
2637 5199 2748 5258 817,
2782 5215 2834 5250 n.
2865 5201 2944 5253 34.

417 5328 588 5383 XVII.
622 5359 688 5368 —
717 5329 755 5383 A
819 5329 917 5383 Deo
941 5331 1226 5395 honorato,
1274 5324 1468 5379 dilecto
1514 5329 1565 5378 et
1595 5321 1840 5392 spiritali
1897 5322 2057 5376 Patri

489 5435 628 5484 meo,
679 5420 898 5473 domino
930 5416 1262 5471 moderatori
1318 5416 1580 5469 maxima?
1611 5413 1781 5466 laurz
1814 5410 2062 5466 beatissi-

493 5512 571 5564 mi
599 5511 778 5565 sancti
827 5511 1014 5564 Patri:
1062 5507 1236 5562 nostri
1286 5505 1618 5573 Charitonis,
1655 5513 1708 5558 et
1739 5501 1810 5557 iis
1851 5505 1946 5574 qui
1967 5504 2063 5555 sub

488 5686 509 5720 ⁴
540 5685 690 5742 Psal.
717 5701 790 5752 cr,
821 5685 876 5740 7.
954 5685 974 5718 "
1003 5682 1150 5740 Psal.
1184 5684 1450 5752 cxxm,6.
1525 5683 1545 5716 ⁸
1577 5684 1752 5750 Isa.1,
1785 5681 1840 5736 9.

2176 5323 2277 5376 lZ'.
2302 5327 2480 5390 -Τῶ
2511 5324 2917 5399 θεοτιμήτῳ,
2951 5327 3362 5403 ἠγαπημένῳ
3393 5329 3498 5383 καὶ
3530 5345 3795 5398 πνευμα-

2242 5415 2408 5482 τικῷ
2442 5432 2563 5484 μου
2607 5417 2834 5488 Πατρὶ,
2875 5416 3079 5488 κυρίῳ
3117 5416 3532 5492 καθηγεμόνι
3564 5423 3677 5484 τῆς
3709 5433 3796 5484 με·

2243 5500 2476 5574 γίστης
2520 5499 2768 5576 λαύρας
2807 5509 2920 5559 τοῦ
2962 5508 3423 5582 παμμάκαρος,
3455 5507 3647 5582 ἁγίου
3688 5510 3796 5559 Πα-

1917 5682 1935 5715 τ
1962 5682 2087 5737 Jac.
2122 5696 2177 5746 ν,
2216 5677 2301 5734 16.
