4062 6280
323 346 477 406 1169

1577 343 2125 408 EPISTOLARUM
2172 343 2319 404 LIB.
2365 341 2443 402 II.

3565 335 3720 396 1170

388 478 544 551 τρὸς
584 477 772 550 ἡμῶν
822 476 1228 551 Χαρίτωνος,
1278 475 1382 530 καὶ
1438 480 1581 538 τοῖς
1642 477 1748 532 ὑπ’
1795 477 1939 548 αὐτῆ

2072 476 2174 531 illa
2199 479 2329 530 sunt
2373 475 2571 530 sanctis
2624 470 2878 528 Patr-ibus
2922 470 3082 536 meis,
3116 469 3412 526 Theodorus
3450 468 3720 524 minimus

391 565 604 626 ὁσίοις
642 587 762 638 μου
804 566 1155 638 Πατράσιν,
1190 563 1529 638 Θεόδωρος
1572 564 1958 640 ἐλάχιστος,

389 649 833 729 πρεσϐύτερος
873 657 977 710 καὶ
1022 654 1406 730 ἡγούμενος
1446 658 1571 709 τῶν
1613 652 1958 710 Στουδίου.

577 821 582 828 .
1823 744 1962 817 [σζ’-]

388 834 400 854 θ
546 831 600 852 αἱ
773 835 783 853 ν
817 831 830 851 ἳ
931 831 975 853 IN
1151 833 1166 852 τ
1503 834 1530 846 υ
1809 834 1818 848 1

407 839 608 901 Επειοη
658 855 766 907 παρ
816 832 1013 888 ελπιοα
1062 836 1096 902 ἠ
1148 832 1412 905 επίτευξις
1457 855 1564 888 των
1595 853 1960 908 γραμμάτων,

312 921 696 993 θαυμαστικῶς
728 922 1004 996 βοήσομαι
1030 943 1041 954 ·
1080 924 1246 977 Πόθεν
1283 945 1375 994 μοι
1406 926 1591 993 τοῦτο,
1621 920 1715 976 ’ίνα
1747 922 1959 990 ἀξιωθῶ

312 1007 340 1062 ὀ
372 1009 597 1078 εὐτελὴς
629 1009 931 1065 ἒπιστειλαι
964 1013 1092 1084 ὑμῖν
1122 1017 1238 1074 τοῖς
1273 1011 1445 1087 ἁγίοίς
1492 1033 1596 1085 μου
1647 1016 1914 1084 Πατράσιν
1943 1036 1958 1080 ;

311 1095 454 1156 Ἰδοὺ
508 1098 609 1173 γὰρ
667 1101 741 1164 ὡς
815 1100 1137 1181 κατείληφεν
1197 1103 1346 1174 ἡμᾶς
1406 1098 1494 1155 διὰ
1547 1101 1644 1162 τὰς
1691 1099 1959 1174 ἁμαρτίας

309 1191 470 1260 ἡμῶν
528 1189 556 1244 6
608 1186 1000 1264 χαλεπώτατος
1053 1189 1296 1266 διωγμὸς
1353 1191 1548 1252 οὗτοςο
1612 1190 1672 1244 οὗ
1733 1191 1767 1258 ἡ
1817 1188 1954 1258 ἀκοή

308 1278 520 1339 πάντως
579 1279 746 1357 μέχρι
811 1279 901 1334 καὶ
978 1280 1132 1353 ὑμῶν
1213 1275 1457 1357 ἔφθασεν.
1520 1280 1815 1336 Ἐσκόπουν
1865 1280 1954 1333 καὶ

307 1367 618 1440 ἀνηρεύνων
652 1368 680 1422 ὁ
710 1369 978 1434 ταπεινὸς,
1013 1373 1128 1432 πῶς
1170 1370 1259 1424 καὶ
1302 1367 1372 1424 δι’
1402 1367 1614 1432 οὗτινος
1660 1369 1953 1442 προσώπου

309 1452 596 1526 δυνηθείην
646 1455 1040 1531 ἀποδύρασθαι,
1080 1460 1165 1514 καὶ
1217 1460 1352 1533 πρὸς
1404 1459 1542 1532 ὑμᾶς
1585 1457 1712 1519 τοὺς
1766 1456 1954 1532 ἁγίους

302 1543 373 1598 τά
413 1539 691 1617 συμϐάντα
736 1547 871 1617 ἡμῖν
921 1545 1088 1617 δεινὰ,
1122 1548 1220 1602 ούκ
1267 1546 1442 1602 ἄλλου
1488 1547 1632 1610 τινὸς
1685 1545 1880 1613 ἕνεκεν,
1914 1545 1950 1614 ἢ

303 1636 401 1687 τοῦ
458 1632 533 1695 εἷς
586 1635 917 1708 συμπάθειαν
978 1634 1362 1691 ἐκκαλέσασθαι
1407 1636 1556 1709 ὑμῶν
1625 1635 1721 1697 τὰς
1793 1636 1949 1711 ἁγίας

303 1721 508 1797 ψυχὰς,
568 1719 947 1779 ἀντιλαϐέσθαι
1023 1727 1183 1796 ἡμῶν
1262 1723 1351 1780 διὰ
1421 1731 1527 1780 τῶν
1599 1731 1948 1800 προσευχῶν,

303 1813 646 1886 συμπάσχειν
681 1811 943 1883 δηλονότι
991 1812 1213 1869 εἰδότων
1269 1813 1404 1869 κατὰ
1442 1817 1540 1884 τὴν
1576 1813 1947 1882 ἀποστολικήν

302 1897 666 1958 διδασκαλίαν.
704 1901 874 1979 Είπερ
904 1902 1096 1976 ἐσμὲν
1143 1905 1204 1958 οἱ
1251 1904 1487 1966 πάντες
1527 1908 1711 1976 σῶμα
1751 1905 1942 1978 Χρισ-

298 1993 413 2044 τοῦ
460 1991 568 2045 καὶ
609 1992 778 2065 μέλη
828 1991 896 2048 ἐκ
948 1993 1209 2068 μέρους.
1247 1993 1342 2047 Καὶ
1386 1993 1461 2055 ὡς
1491 1990 1599 2064 ἤδη
1631 1998 1800 2048 ταῦτα
1829 1993 1946 2048 ἐνε-

298 2078 494 2134 νόουν·
530 2079 722 2153 ἐπέστη
755 2082 966 2155 ἀθρόως
1008 2081 1098 2138 καὶ
1149 2085 1176 2137 6
1225 2083 1689 2162 γραμματοφόρος
1737 2082 1796 2137 ἐκ
1835 2087 1940 2137 τῶν

298 2167 489 2224 αὐτόθι
538 2171 728 2239 ἥκων⁸
759 2171 850 2226 γαί
899 2171 1057 2233 οὗτος
1107 2173 1222 2234 υἱὸς
1268 2172 1398 2246 ἐμὸς
1448 2173 1500 2226 ἐν
1541 2172 1829 2245 πνεύματι,
1852 2171 1942 2226 καὶ

296 2256 422 2312 λίαν
455 2259 801 2322 πιστότατος.
835 2266 959 2322 Πῶς
1004 2259 1094 2316 οὖν
1144 2261 1244 2315 οὐκ
1274 2259 1508 2334 ἔμελλον
1543 2263 1570 2316 6
1615 2262 1944 2337 ἁμαρτωλὸς

298 2343 638 2421 ἐκπλαγῆναι
671 2349 758 2403 ἐπὶ
789 2352 868 2420 τῷ
897 2349 1135 2426 ὲρμαίῳ;
1171 2354 1293 2412 Πῶς
1327 2349 1383 2404 δὲ
1422 2350 1519 2405 οὐκ
1567 2349 1944 2424 ἂνθομολογή-

296 2437 486 2491 σασθαι
531 2437 720 2512 Κυρίῳ
765 2442 846 2511 τῷ
890 2437 1005 2512 Θεῷ
1057 2462 1157 2512 μου
1206 2440 1272 2495 τὰ
1322 2440 1543 2508 εἰκότα;
1590 2439 1766 2496 Ἀλλὰ
1815 2444 1938 2510 πρὶν

297 2523 522 2595 ἐξειπεῖν
573 2526 640 2582 τὰ
697 2525 956 2602 ὀδυνηρά,
1012 2530 1105 2583 τὸν
1183 2530 1316 2604 πρὸς
1388 2530 1526 2602 ὑμᾶς
1607 2549 1708 2600 μου
1768 2528 1940 2583 πόθον

297 2613 674 2689 ἀφοσιώσομαι
731 2618 758 2671 6
814 2617 1086 2680 ταπεινός.
1143 2618 1389 2692 Χαίρετε,
1431 2619 1474 2672 ὦ
1537 2619 1939 2692 μακαριώτατοι

299 2705 560 2778 Πατέρες·
611 2706 664 2759 οἱ
703 2713 802 2776 τῆς
855 2706 1012 2783 ἁγίας
1061 2714 1165 2783 γῆς
1222 2707 1540 2782 οἷκήτορες’
1585 2707 1646 2763 to‘
1701 2713 1936 2785 χρυσοῦν

293 2791 490 2868 γένος’
530 2795 580 2850 οἱ
635 2796 735 2865 τὴν
783 2797 961 2850 πίστιν
1019 2793 1408 2868 δοκιμώτατοι,
1470 2797 1556 2851 καὶ
1604 2801 1709 2852 τῶν
1758 2800 1940 2853 παθῶν

297 2877 597 2956 δαμάτορες
622 2900 636 2913 ·
671 2882 909 2958 χαίρετε,
938 2886 973 2953 ἡ
1006 2879 1336 2958 περιϐόητος
1357 2886 1624 2959 ὁμήγυρις
1658 2889 1900 2960 Χριστοῦ
1922 2905 1935 2918 ·

296 2971 348 3026 οἱ
398 2967 618 3046 ἐργάται
673 2975 779 3026 τῶν
826 2971 1060 3028 ἐντολῶν
1115 2973 1348 3048 Κυρίου’
1383 2974 1472 3029 καὶ
1519 2983 1616 3043 τῆς
1665 2975 1718 3028 ὲν
1760 2995 1937 3049 παρα-

295 3057 460 3131 δείσῳ
492 3057 705 3130 διαίτης
737 3062 834 3128 τήν
869 3060 1076 3132 θεοειδῆ
1117 3065 1259 3132 ζωὴν
1298 3064 1663 3136 μιμούμενον
1694 3063 1935 3142 χαίρετε.

291 3150 329 3217 ἡ
381 3149 481 3202 τοῦ
520 3152 653 3202 Θεοῦ
700 3147 863 3208 πόλις
914 3149 1137 3220 ἐκλεκτή
1174 3169 1186 3182 ·
1241 3149 1389 3224 ε’ίπερ
1451 3150 1501 3204 ἐν
1569 3151 1714 3223 μένῳ
1783 3151 1934 3224 ὑμῶν

292 3237 513 3312 Κύριος,
566 3235 654 3293 διὰ
699 3246 797 3307 τῆς
845 3243 952 3294 τῶν
1000 3240 1208 3316 ἀγαθῶν
1260 3236 1427 3314 ἔργων
1478 3218 1938 3314 ἀναλήῴεωςθε-
1968 3218 2011 3284 C

294 3329 687 3403 ραπευόμενος.
720 3323 1069 3402 Ἐϐουλόμην
1119 3326 1240 3405 ὄψει
1294 3328 1590 3386 ὑπολαϐεῖν
1644 3333 1742 3400 τὴν
1795 3331 1936 3385 θείαν

296 3418 452 3490 ὑμῶν
511 3419 807 3493 περιοχὴν,
836 3417 926 3473 καὶ
983 3421 1359 3494 προσάψασθαι
1416 3425 1522 3475 τῶν
1573 3422 1733 3494 ἱερῶν
1780 3423 1933 3492 ὑμῶν

292 3507 466 3581 ἰχνῶν
493 3526 505 3538 ·
546 3505 675 3562 ἰδεῖν
708 3509 770 3563 τὸ
801 3503 952 3584 ἅγιον
979 3509 1204 3582 τέμενος
1231 3530 1242 3542 ·
1279 3519 1649 3584 προσκυνῆσαι
1677 3512 1739 3566 τὸ
1791 3514 1933 3565 θεῖον

290 3594 488 3674 ἔδαφος
521 3615 533 3629 ·
561 3594 758 3652 ἕκαστα
787 3599 1218 3668 κατασκοπῆνάι,
1251 3604 1358 3655 ποῦ
1408 3602 1436 3655 6
1465 3602 1618 3676 ἅγιος
1649 3604 1745 3656 τοῦ
1803 3605 1934 3655 Θεοῦ

291 3687 319 3740 ὁ
406 3686 741 3762 φερωνύμως
827 3695 1074 3760 Χαριτων
1148 3687 1582 3763 πεπληρωμένος
1665 3689 1934 3760 ἐνήθλησε

292 3781 639 3852 μαρτυρικῶς
668 3798 725 3832 τε
776 3778 916 3851 ὁμοῦ
962 3779 1051 3833 καὶ
1099 3778 1408 3849 ἀσκητικῶς
1435 3799 1446 3811 ·
1482 3787 1556 3848 πῆ
1609 3777 1663 3834 δὲ
1701 3781 1763 3834 τὸ
1793 3781 1935 3853 ἱερὸν

290 3866 458 3922 αὐτοῦ
513 3871 672 3940 σῶμα
727 3868 1108 3939 τεταμίευται·
1170 3869 1197 3922 6
1256 3864 1424 3930 ὅντως
1483 3869 1750 3941 θησαυρὸς
1825 3873 1932 3923 τῶν

290 3957 496 4029 ἀρετῶν
522 3975 534 3988 ·
574 3957 600 4011 6
649 3963 748 4024 τῆς
799 3955 1009 4031 ἐρήμου
1056 3955 1316 4028 πολίτης,
1342 3959 1426 4012 καὶ
1472 3963 1573 4026 τῆς
1605 3956 1932 4030 οἷ’κουμὲνης

291 4042 593 4119 λαμπτήρ·
628 4045 690 4099 οὗ
747 4045 810 4100 τὰ
867 4044 1085 4121 ἔντιμον
1145 4046 1358 4120 σπέρμα
1426 4047 1526 4100 οὐκ
1593 4045 1931 4116 ἐκλέλοιπεν,

291 4129 419 4187 οὐδὲ
449 4131 746 4208 ἐκλείψειεν
773 4132 875 4197 ἓως
903 4138 1000 4204 τῆς
1048 4136 1355 4195 συντελείας
1401 4138 1497 4189 τοῦ
1553 4134 1768 4196 αῗῶνος.
1802 4133 1933 4192 Ε’ίθε

291 4218 433 4276 εἶδον
467 4227 652 4293 ταῦτα,
683 4224 772 4278 καὶ
823 4223 1262 4299 περιεπτυξάμην
1300 4225 1389 4278 τὸν
1448 4227 1582 4298 χοῦν
1632 4225 1705 4285 ὡς
1755 4221 1931 4298 ἔμψυ-

290 4314 432 4390 χονί
469 4307 683 4389 ὤφελον
740 4313 828 4368 καὶ
889 4316 1146 4390 ἀπήχθην
1200 4315 1250 4369 ἐν
1306 4321 1423 4369 ταῖς
1485 4314 1705 4376 λοιπαῖς
1743 4315 1934 4383 θήκαις

286 4405 397 4455 τῶν
460 4402 646 4472 ὁσίων,
696 4403 786 4456 ἀπ’
844 4404 1014 4473 αὐτῆς
1073 4404 1243 4476 μόνης
1304 4402 1480 4477 ὅψεως
1540 4402 1930 4478 ἁγιαζόμενοςί

288 4490 446 4546 Ἀλλ’
487 4490 603 4545 ἐπεὶ
660 4496 826 4546 ταῦτα
874 4492 923 4562 ἐξ
975 4491 1172 4568 ὀλίγου
1219 4513 1312 4564 μοι
1367 4493 1625 4565 ὕμνηται,
1676 4491 1801 4568 φέρε
1859 4490 1934 4546 δι-

2074 565 2355 637 presbyter
2383 567 2431 618 et
2461 564 2789 635 praepositus
2819 561 3167 616 Studitarum

2143 841 2623 912 Quandoquidem
2657 848 2860 911 praeter
2890 854 3056 909 spem
3102 838 3326 894 occasio
3371 852 3433 893 se
3482 837 3580 891 dat
3620 835 3716 891 lit-

2069 936 2348 996 terarum,
2390 937 2632 1001 stupens
2672 929 3007 984 exclamabo
3042 944 3054 981 :
3090 928 3246 984 Unde
3296 927 3402 982 hoc
3436 925 3600 994 mihi,
3652 929 3715 980 ut

2068 1037 2202 1076 cum
2237 1020 2456 1076 nullius
2488 1019 2601 1074 sim
2651 1018 2840 1090 pretii,
2873 1018 2944 1073 ad
2977 1034 3101 1085 vos,
3133 1017 3329 1072 Patres
3365 1017 3474 1071 mei
3499 1013 3711 1071 sancti.

2066 1108 2290 1164 litteras
2322 1108 2688 1164 conscribam
2712 1105 2739 1160 ‘i
2769 1109 2912 1161 Ecce
2943 1107 3099 1161 enim
3137 1105 3232 1160 ubi
3275 1121 3379 1160 nos
3422 1104 3714 1174 oppressit

2067 1199 2138 1254 ob
2170 1196 2389 1253 scelera
2419 1202 2617 1252 nostra
2650 1199 2856 1250 acerba
2887 1195 3008 1249 haec
3038 1194 3098 1250 in
3132 1193 3336 1264 primis
3364 1192 3710 1264 persecutio,

2067 1288 2231 1357 cujus
2263 1288 2413 1342 fama
2442 1287 2680 1342 omnino
2721 1288 2790 1340 ad
2822 1302 2922 1340 vos
2955 1300 3133 1354 usque
3173 1284 3454 1355 pervenit.
3489 1280 3712 1352 Explo—

2065 1379 2182 1431 ravi
2205 1393 2310 1449 ego
2331 1377 2611 1444 misellus,
2637 1380 2694 1430 et
2715 1377 2910 1430 animo
2933 1371 3708 1444 volutavi,quemadmodum

2063 1472 2120 1521 et
2152 1482 2252 1537 per
2269 1483 2442 1538 quem
2468 1465 2610 1520 mihi
2635 1466 2719 1520 fas
2750 1470 2904 1520 esset
2923 1479 2986 1517 ea
3011 1463 3388 1534 lugereetiam
3403 1462 3551 1530 apud
3588 1476 3708 1527 vos,

2061 1556 2168 1609 viri
2202 1557 2412 1624 sancti,
2444 1573 2570 1627 quze
2603 1555 2769 1610 nobis
2801 1552 3093 1624 contigere
3126 1551 3467 1616 infortunia,
3528 1564 3708 1618 neque

2062 1642 2237 1700 aliam
2269 1644 2340 1699 ob
2370 1661 2630 1711 causam,
2651 1659 2825 1714 quam
2851 1647 2912 1696 ut
2935 1645 3194 1695 sanctum
3217 1645 3420 1710 pectus
3443 1646 3704 1694 vestrum

2059 1733 2127 1786 ad
2148 1734 2714 1788 commiserationem
2740 1745 3203 1800 provocaremus,
3231 1735 3290 1782 ut
3313 1744 3414 1781 nos
3439 1726 3704 1796 precibus

1977 1855 2024 1920 B
2059 1821 2459 1888 sublevaretis,
2494 1821 2593 1891 qui
2626 1819 2877 1888 compati
2907 1818 3174 1873 videlicet
3195 1817 3455 1888 apprime
3496 1814 3702 1882 nostis,

2049 1913 2218 1980 juxta
2230 1911 2488 1982 Apostoli
2503 1909 2988 1964 adhortationem.
3006 1908 3307 1978 Siquidem
3332 1921 3532 1960 omnes
3551 1904 3702 1958 Chri-

2049 2003 2120 2056 sti
2149 2017 2340 2070 corpus
2368 2017 2574 2067 sumus,
2601 2005 2650 2054 et
2680 1999 2929 2054 membra
2959 2014 3030 2052 ea:
3053 1995 3264 2066 partes.
3319 1999 3386 2048 Et
3412 2011 3543 2050 cum
3576 1995 3699 2049 haec

2046 2091 2165 2159 jam
2184 2089 2306 2160 ipse
2323 2107 2544 2144 mecum
2561 2095 2908 2160 reputarem,
2921 2087 3104 2142 astitit
3118 2092 3348 2157 repente
3362 2083 3698 2139 tabellarius

2051 2196 2118 2235 ex
2150 2180 2267 2235 illis
2299 2180 2633 2249 regionibus
2667 2195 2957 2244 reversus;
2990 2181 3048 2231 et
3086 2177 3182 2231 ille
3230 2175 3466 2246 quidem
3540 2173 3698 2228 ﬁlius

2053 2287 2218 2324 meus
2241 2269 2298 2325 in
2329 2269 2559 2340 spiritu,
2594 2269 2865 2338 idemque
2892 2267 3261 2337 integerrima
3293 2265 3424 2318 ﬁde.
3449 2264 3696 2328 Quomo-

2053 2359 2126 2413 do
2149 2359 2325 2428 igitur
2348 2376 2461 2412 non
2497 2374 2588 2412 me
2634 2362 2993 2428 peccatorem
3044 2354 3298 2424 oportuit
3343 2361 3458 2407 tam
3505 2354 3696 2422 inspe-

2052 2454 2176 2503 rato
2207 2447 2368 2503 lucro
2408 2449 2814 2518 obstupescere
2835 2445 2862 2500 ?
2895 2445 3194 2509 Quomodo
3226 2459 3341 2498 non
3374 2442 3567 2496 decuit
3600 2443 3695 2510 ju-

2051 2536 2344 2591 stissimas
2401 2553 2568 2609 agere
2616 2535 2832 2608 gratias
2887 2533 3131 2589 Domino
3191 2547 3318 2586 meo
3371 2530 3530 2585 Deo?
3585 2529 3693 2583 Sed

2051 2627 2387 2698 priusquam
2422 2643 2486 2681 ea
2517 2643 2646 2697 quae
2682 2630 2819 2680 sunt
2843 2625 3018 2696 digna
3045 2623 3200 2677 luctu
3234 2620 3493 2691 eloquar,
3513 2619 3693 2674 obiter

2047 2732 2240 2771 meum
2303 2733 2440 2787 erga
2487 2731 2586 2771 vos
2647 2715 3004 2770 desiderium
3053 2712 3332 2782 indignus
3387 2723 3689 2778 exponam.

2048 2806 2324 2867 Gaudete,
2359 2808 2557 2860 Patres
2618 2803 2957 2870 felicissimi,
3011 2806 3172 2856 terrae
3209 2808 3422 2856 sanctas
3471 2796 3690 2864 incolas,

2047 2911 2229 2967 genus
2260 2911 2525 2962 aureum,
2551 2893 2661 2949 ﬁde
2693 2910 2871 2963 supra
2891 2896 3128 2946 caeteros
3151 2889 3394 2961 probati,
3418 2887 3691 2942 vitiorum

2047 2984 2364 3040 domitores
2411 3001 2424 3038 :
2483 2983 2748 3054 gaudete,
2807 2979 3154 3050 percelebris
3210 2977 3424 3032 Christi
3483 2982 3691 3043 cretus,

2048 3073 2345 3130 eil'ectores
2377 3073 2783 3128 mandatorum
2815 3072 2937 3138 Dei,
2972 3085 3037 3125 ac
3061 3069 3256 3122 divina
3294 3067 3522 3120 vivendi
3557 3082 3694 3120 nor-

2049 3164 2485 3218 maimitatores
2517 3163 2642 3232 ejus
2682 3162 2807 3215 vitae
2836 3176 2962 3230 qua:
2996 3160 3052 3213 in
3101 3155 3367 3227 paradiso
3410 3155 3643 3225 degitur
3676 3170 3689 3207 :

2048 3253 2314 3324 gaudete,
2347 3250 2530 3306 electa
2563 3250 2664 3305 Dei
2695 3250 2920 3316 civitas,
2951 3246 3242 3318 siquidem
3273 3249 3362 3299 est
3392 3243 3451 3298 in
3476 3241 3691 3297 medito

2047 3347 2197 3397 cmtu
2241 3345 2429 3396 vestro
2488 3339 2794 3405 Dominus,
2864 3353 3035 3408 quem
3110 3335 3393 3390 bonorum
3452 3347 3692 3401 Operum

2043 3431 2447 3486 exercitatione
2476 3429 2680 3484 colitis.
2716 3427 2937 3483 Vellem
2987 3427 3192 3497 utique
3232 3424 3495 3478 divinum
3545 3421 3690 3477 illud

2042 3526 2298 3578 vestrum
2331 3529 2558 3590 septum
2585 3518 2768 3574 oculis
2798 3533 3098 3588 usurpare,
3133 3531 3293 3571 sacra
3323 3518 3514 3568 vestra
3553 3528 3691 3566 con-

2044 3611 2265 3680 tingere
2305 3607 2564 3679 vestigia,
2603 3614 2866 3663 sanctam
2915 3604 3128 3661 intueri
3169 3604 3375 3665 aedem,
3427 3601 3689 3656 divinum
3749 3609 3752 3612 ’

2046 3700 2234 3754 solum
2267 3696 2540 3764 osculari,
2571 3695 2806 3767 singula
2839 3695 3084 3749 lustrare
3116 3693 3413 3754 attentius,
3447 3691 3542 3744 ubi
3577 3690 3687 3745 Deo

2045 3788 2275 3859 plenus,
2310 3803 2376 3842 ac
2407 3803 2513 3841 suo
2545 3786 2901 3856 respondens
2925 3783 3400 3838 nominisanctus
3429 3781 3526 3834 Dei
3547 3778 3687 3833 Cha-

2044 3877 2174 3946 rito,
2208 3881 2333 3931 tum
2382 3875 2637 3947 martyrii
2686 3879 2811 3928 tum
2859 3873 2984 3928 vitae
3036 3873 3371 3926 monasticae
3433 3868 3690 3940 palmam

2043 3964 2178 4020 tulit
2211 3981 2223 4018 :
2267 3964 2365 4020 ubi
2405 3980 2629 4020 sacrum
2663 3963 2819 4018 illius
2859 3978 3070 4033 corpus
3121 3959 3480 4015 reconditum
3515 3976 3528 4012 :
3562 3973 3692 4012 vere

2043 4053 2356 4109 thesaurus
2413 4054 2713 4121 virtutum,
2772 4050 2950 4108 eremi
3001 4050 3162 4116 civis,
3215 4048 3370 4104 orbis
3402 4053 3689 4102 terrarum

2042 4142 2284 4198 lucerna
2316 4159 2329 4197 :
2363 4143 2531 4212 cujus
2563 4141 2881 4212 pretiosum
2912 4155 3107 4195 semen
3149 4153 3262 4193 non
3294 4135 3525 4203 deiecit,
3587 4152 3691 4191 nec

2039 4248 2177 4287 vero
2226 4232 2453 4286 deﬁciet
2503 4246 2687 4300 usque
2737 4229 2796 4283 in
2844 4227 3409 4283 consummationem
3466 4224 3687 4280 saeculi.

2043 4321 2274 4376 Utinam
2306 4320 2424 4374 hzec
2459 4319 2642 4374 oculis
2692 4333 3008 4383 cernerem,
3071 4314 3485 4386 pulveremque
3530 4331 3690 4370 com-

2043 4410 2322 4482 plecterer
2368 4405 2914 4477 velutispirantem!
2951 4405 3179 4460 Utinam
3227 4408 3285 4459 et
3315 4405 3692 4476 progrederer

2044 4501 2114 4554 ad
2176 4497 2432 4568 reliquos
2484 4503 2819 4552 sanctorum
2880 4495 3118 4562 loculos,
3175 4494 3264 4548 vel
3314 4492 3436 4548 solo
3472 4492 3690 4547 intuitu

288 4582 592 4658 ηγήσωμαι
635 4581 726 4636 καὶ
766 4582 834 4636 τὰ
881 4579 1078 4651 ὀδύνης
1123 4575 1363 4654 ἔμπλεα·
1420 4581 1680 4651 Ἀνέστη
1754 4582 1933 4656 βασι-

2052 4589 2305 4660 expiatus
2327 4588 2339 4642 ι
2365 4590 2438 4641 At
2458 4592 2772 4658 postquam
2795 4586 2916 4640 haec
2940 4584 3187 4640 strictim
3211 4583 3686 4646 commemoravi,

286 4669 443 4731 λεὺς
491 4666 740 4746 ἕτερος,
783 4672 915 4750 φησί
962 4692 1067 4726 που
1111 4672 1173 4726 τὸ
1220 4673 1356 4746 ⁸ιιρὸν
1414 4672 1668 4747 Γράμμα,
1700 4672 1770 4735 ’ὸς
1817 4671 1933 4726 οὐκ

285 4756 435 4835 ᾔδει
480 4763 589 4816 τὸν
641 4763 910 4839 Ἰωσήφ.

360 4941 612 5003 Τοιοῦτος
646 4939 712 5010 δὴ
765 4939 857 4996 οὖν
895 4942 924 4995 6
963 4941 1228 5016 ἡμέτερος
1260 4942 1482 5017 Φαραὼ,
1515 4943 1560 4996 ὦ
1600 4942 1931 5016 ἁγιώτατοι·

287 5030 352 5086 οὐ
401 5031 491 5085 τὸν
525 5031 728 5105 Ἰωσὴφ
769 5028 997 5106 ἀγνοῶν,
1049 5028 1193 5084 ἀλλά
1240 5031 1330 5084 τὸν
1387 5030 1718 5106 ἀγοράσαντα
1773 5031 1932 5084 αὐτὸν

288 5121 566 5193 Δεσπόδην
598 5121 944 5198 ἀρνούμενος.
979 5121 1155 5188 Δῆλον
1183 5123 1282 5196 γὰρ
1329 5123 1406 5183 ὡς
1455 5123 1482 5175 6
1527 5123 1729 5176 ἀθετῶν
1767 5123 1932 5177 αὐτοῦ

285 5216 389 5284 τὴν
448 5212 649 5282 εἰκόνα,
681 5213 840 5267 αὐτὸν
902 5213 1095 5269 ἀθετεῖ.
1131 5209 1288 5270 Οὕτω
1345 5210 1433 5264 καὶ
1491 5212 1590 5279 τὴν
1647 5210 1931 5281 Θεοτόκον,

282 5304 375 5360 καὶ
421 5303 588 5358 πάντα
650 5305 800 5380 ἅγιον
843 5303 1129 5374 ἡθέτησεν.
1170 5302 1240 5357 Οὐ
1289 5302 1392 5377 γὰρ
1440 5295 1593 5377 ἔφερε
1647 5302 1804 5376 φύσις
1855 5299 1928 5355 ὢν

282 5395 574 5470 ἀρνητική,
612 5396 686 5466 μὴ
749 5392 874 5468 οὐχὶ
933 5398 1001 5467 τῇ
1058 5391 1268 5468 κεφαλῇ
1301 5389 1682 5465 συμπεριελεῖν
1732 5391 1823 5445 καὶ
1865 5392 1932 5446 τά

291 5483 432 5556 μέλη
467 5480 794 5538 πάνταοῖνα
852 5483 988 5555 μόνη
1038 5484 1073 5551 ἡ
1124 5481 1280 5536 εἶ’κὼν
1332 5480 1496 5535 αὐτοῦ
1544 5478 1928 5554 ἐμφανίζηται,

285 5565 886 5646 Ναϐουχοδονοσορικῷ
975 5568 1225 5644 δόγματι.
1297 5570 1572 5624 Ἐντεῦθεν
1647 5567 1927 5643 ἐρήμωσις

287 5665 476 5718 πασῶν
552 5664 656 5716 τῶν
715 5657 1053 5730 Έκκλησιῶν
1133 5663 1231 5715 τοῦ
1305 5663 1461 5729 Θεοῦ,
1518 5657 1925 5736 ἀφανιζομένης

361 5812 388 5846 ⁸
417 5814 443 5868 1
475 5813 604 5872 Cor.
629 5827 732 5884 xu,
761 5815 816 5870 2.
893 5808 917 5844 9
947 5808 1126 5866 Exod.
1160 5810 1202 5875 Ι,
1223 5808 1280 5863 8.

2042 4678 2233 4733 dicam
2264 4694 2434 4749 porro
2474 4681 2687 4748 etquae
2743 4679 2885 4731 sunt
2933 4673 3104 4746 plena
3151 4674 3388 4728 luctus:
3435 4671 3692 4727 Surrexit

2045 4785 2145 4824 rex
2174 4784 2364 4834 novus,
2399 4765 2613 4822 alicubi
2645 4765 2907 4821 referunt
2936 4780 3112 4820 sacrae
3145 4762 3387 4835 paginae,
3410 4760 3507 4832 qui
3534 4761 3687 4832 igno-

2042 4859 2207 4914 rabat
2232 4857 2473 4929 Joseph'.

2113 4947 2264 5004 Talis
2304 4948 2556 5017 profecto
2607 4945 2830 5002 Pharao
2884 4946 3080 4999 noster
3129 4945 3236 5010 est,
3286 4940 3389 4996 viri
3441 4941 3684 4996 sanctis-

2041 5037 2201 5106 simi,
2233 5053 2347 5093 non
2381 5038 2479 5108 qui
2507 5035 2725 5106 Joseph
2754 5034 2998 5101 nesciat,
3047 5033 3142 5089 sed
3177 5030 3273 5104 qui
3314 5046 3469 5097 eum,
3513 5047 3546 5084 a
3576 5046 3689 5101 quo

2042 5127 2376 5196 redemptus
2425 5130 2534 5194 est,
2576 5125 2893 5180 Dominum
2956 5122 3150 5194 ipsum
3226 5124 3417 5192 neget.
3467 5119 3689 5190 Quippe

2041 5216 2419 5270 manifestum
2452 5219 2561 5280 est,
2585 5214 2681 5283 qui
2728 5212 2912 5284 ipsius
2962 5211 3273 5280 imaginem
3319 5212 3685 5280 aspernatur,

2039 5305 2236 5374 ipsum
2268 5304 2591 5374 aspernari.
2637 5302 2728 5357 Sic
2779 5301 2876 5355 ille
2923 5304 2979 5355 et
3031 5301 3090 5355 in
3147 5297 3454 5368 Deiparam
3515 5301 3571 5352 et
3626 5295 3686 5350 in

2039 5397 2306 5448 sanctum
2395 5390 2713 5463 quemlibet
2764 5388 3015 5460 injurius
3089 5387 3214 5442 fuit.
3267 5387 3464 5456 Neque
3528 5385 3685 5440 enim

2032 5482 2181 5537 ferre
2213 5483 2400 5554 potuit
2433 5487 2637 5537 natura
2669 5482 2738 5536 ad
2767 5480 3098 5546 negandum
3126 5477 3417 5548 proclivis,
3446 5475 3686 5546 quomi-

2039 5587 2150 5626 nus
2184 5586 2298 5626 una
2329 5586 2460 5626 cum
2492 5569 2679 5640 capite
2711 5569 2978 5624 universa
3023 5581 3252 5640 quoque
3299 5566 3562 5620 membra
3583 5581 3681 5618 au-

2037 5659 2245 5720 ferret:
2273 5663 2336 5716 ut
2359 5659 2480 5718 sola
2510 5660 2588 5717 sit
2641 5659 2825 5730 ipsius
2864 5657 3058 5729 imago
3106 5653 3446 5726 conspicua,
3488 5654 3681 5709 Nabu-
