4062 6280
440 351 593 416 1171

1685 354 1750 415 S.
1796 350 2191 415 THEODOBI
2236 350 2601 414 STUDITJE

3681 346 3709 404 1
3724 349 3843 409 1⁸12

436 486 890 545 chodonosorico
919 488 1130 545 edicto.
1159 487 1306 548 Hinc
1345 487 1608 545 omnium
1655 488 1754 544 Dei
1794 487 2075 545 Ecclesia-

2204 488 2470 560 πανταχοῦ
2520 481 2698 554 πάσης
2756 488 2958 553 σεπτῆς
3016 481 3220 545 εἰκόνος
3250 482 3517 537 Ἐντεῦθεν
3565 478 3852 556 ἕμπρησις

440 592 571 632 rum
649 577 951 644 desolatio,
1012 568 1228 650 ubique
1297 576 1529 634 sublata
1583 593 1614 633 e
1671 578 1864 634 medio
1922 579 2082 634 omni

438 665 764 722 veneranda
809 667 1081 740 imagine.
1141 667 1283 722 Hinc
1349 683 1646 723 sacrorum
1712 667 2081 724 denariorum

443 753 691 820 exustio,
721 752 782 810 in
805 753 1020 826 quibus
1050 754 1276 828 imago;
1304 772 1367 812 ac
1407 755 1793 824 voluminum,
1843 754 1904 810 in
1953 755 2085 826 qui-

445 841 555 898 bus
586 841 781 914 aliqua
806 843 1078 916 imaginis
1108 845 1346 902 mentio.
1379 845 1524 901 Hinc
1557 844 1738 917 plenae
1768 846 2085 917 impietatis

445 932 902 1002 subscriptiones
933 933 1244 1005 exiguntur
1276 951 1290 989 :
1318 940 1374 992 et
1396 937 1688 1011 sacrilegae
1726 942 2086 998 communio-

444 1023 536 1078 nis
565 1021 932 1094 participatio
961 1024 1110 1079 facta
1129 1024 1396 1097 diligenti
1427 1044 1493 1083 ac
1539 1028 1784 1086 sollicita
1834 1031 2083 1104 inquisi—

443 1111 623 1177 tione,
657 1127 728 1166 ne
757 1112 889 1184 quis
948 1113 1279 1170 mortalium
1334 1132 1448 1171 non
1487 1117 1744 1176 devictus
1793 1137 1855 1177 se
1901 1124 2082 1178 ruina

442 1201 762 1258 subtrahat.
793 1202 833 1257 E
865 1203 1092 1260 duobus
1121 1204 1273 1261 enim
1303 1205 1644 1265 alterutrum
1686 1213 2082 1269 necessarium

443 1295 572 1347 est:
605 1292 969 1350 autcolenda
999 1294 1188 1368 imago
1233 1311 1430 1367 aurea,
1476 1304 1577 1354 aut
1615 1302 1817 1357 acerba
1862 1302 2086 1358 crucia-

440 1381 608 1434 tuum
640 1377 882 1436 ﬂamma
925 1383 1284 1453 perferenda.
1333 1387 1412 1441 Ac
1454 1384 1836 1444 nihilominus
1885 1407 2087 1448 nume-

444 1483 571 1523 rare
607 1469 667 1524 in
715 1475 991 1542 promptu
1041 1476 1130 1527 est
1175 1487 1272 1528 eos
1330 1474 1431 1544 qui
1487 1478 1789 1547 perstitere
1837 1479 2084 1536 immoti.

444 1556 690 1621 Quinam
713 1557 796 1614 illi
827 1575 993 1630 porro
1014 1559 1042 1614 ?
1070 1560 1244 1617 Sacer
1272 1562 1473 1636 utique
1512 1565 1839 1636 patriarcha
1870 1573 2086 1638 noster,

445 1645 701 1718 episcOpi
732 1653 790 1702 et
821 1649 1167 1719 sacerdotes,
1203 1653 1468 1708 monachi
1503 1658 1560 1710 et
1592 1656 1914 1712 monachae.
1981 1659 2088 1716 Ne-

447 1752 560 1809 que
580 1737 734 1794 enim
760 1741 1127 1799 meretricius
1156 1745 1360 1801 oculus
1390 1747 1608 1803 veritus
1634 1753 1723 1804 est
1751 1749 1836 1806 vel
1868 1750 1926 1806 in
1977 1752 2086 1810 hos

2193 573 2354 649 lapth
2386 573 2769 646 ἀναθημάτων,
2803 573 2855 627 ἐν
2907 573 2994 633 οἷς
3028 571 3185 625 εἰκών
3207 590 3222 605 ο
3255 571 3344 625 καὶ
3401 565 3627 644 βίϐλων,
3662 570 3715 623 ἐν
3747 571 3843 630 αἷς

2191 663 2315 738 περί
2372 663 2538 733 αὐτῆς
2596 685 2648 718 τι
2707 660 2917 716 λεκτόν.
2974 663 3244 716 Ἐντεῦθεν
3305 661 3370 716 τὰ
3428 662 3526 729 τῆς
3587 654 3842 720 ἀσεϐείας

2190 753 2534 830 χειρόγραφα
2591 751 3000 824 ἀπαιτούμενα’
3037 751 3127 804 καὶ
3279 751 3488 823 μέθεξις
3527 756 3628 818 τῆς
3675 745 3841 803 ἀθέου

2191 843 2476 906 κοινωνίας
2517 840 2606 898 διὰ
2655 840 2878 912 πολλῆς
2933 843 3276 912 ἒκζητήσεως
3328 839 3416 895 καὶ
3465 839 3724 914 ἐρεύνης⁶
3760 839 3842 900 ὡς

2197 937 2273 1010 μή
2326 932 2719 1010 ὕπολειφθῆναι
2779 931 3060 988 ἀνάλωτον
3113 932 3289 986 πάντα
3335 929 3638 1003 ἄνθρωπον.
3673 933 3839 982 Δυοῖν

2193 1027 2298 1102 γὰρ
2349 1025 2571 1099 θάτερον
2621 1021 2818 1099 ἀνάγκη
2851 1041 2862 1055 ·
2914 1023 2949 1092 ἢ
3001 1028 3369 1095 προσκυνῆσαι
3427 1024 3496 1093 τῇ
3543 1018 3711 1074 εἰκόνι
3765 1021 3841 1091 τῇ

2195 1120 2400 1192 χρυσῇ,
2435 1115 2468 1184 ἢ
2499 1117 2567 1187 τῇ
2601 1117 2815 1186 πονηρᾷ
2845 1111 3007 1190 φλογὶ
3048 1116 3156 1168 τῶν
3208 1113 3452 1187 βασάνων
3507 1104 3840 1178 ὑποϐληθῆ·

2193 1227 2304 1265 ναι,
2364 1203 2464 1260 Καὶ
2540 1202 2693 1276 ὅμως
2773 1201 3130 1277 εὐαρίθμητοι
3209 1203 3260 1256 οἱ
3334 1200 3622 1272 ἀκαμπεῖς,
3684 1200 3840 1260 Τίνες

2197 1295 2390 1364 οὗτοις
2423 1294 2484 1350 Ὁ
2534 1293 2680 1367 ἱερὸς
2731 1291 2884 1365 ὑμῶν
2933 1292 3304 1366 πατριάρχης,
3331 1290 3587 1364 ἱεράρχαι
3643 1309 3702 1343 τε
3745 1289 3840 1343 καὶ

2194 1385 2383 1459 ἱερεῖς,
2419 1381 2676 1456 μονασταὶ
2719 1381 2807 1438 καὶ
2861 1383 3217 1456 μονάζουσαι.
3251 1377 3390 1434 Οὐδὲ
3436 1379 3536 1454 γὰρ
3587 1380 3619 1448 ἡ
3661 1379 3841 1452 πόρνη

2195 1476 2260 1548 [Γ.
2291 1473 2518 1547 πόρνης]
2552 1470 2695 1545 ὄψις,
2735 1469 2936 1546 ᾐδέσθη
2987 1471 3077 1526 καὶ
3129 1467 3292 1545 μέχρι
3343 1468 3549 1524 τούτων
3590 1470 3684 1530 τὰς
3729 1468 3844 1539 μά-

2197 1584 2382 1638 στιγας
2444 1560 2741 1638 ἐπαφεῖναι.
2796 1563 2920 1622 Πῶς
2994 1561 3098 1635 γὰρ
3160 1557 3220 1613 ἂν
3263 1559 3502 1633 ἐναργῶς
3549 1558 3842 1633 παραστή-

2198 1675 2352 1727 σαιμι
2408 1653 2502 1714 τὰς
2560 1649 2798 1726 θλίψεις,
2828 1651 2922 1712 τὰς
2983 1650 3249 1729 φυλακὰς,
3280 1651 3408 1711 τοὺς
3457 1646 3709 1723 δεσμοὺς,
3742 1647 3846 1708 τάξ

2196 1740 2640 1817 λιμοκτονήσεις,
2710 1741 2807 1804 τὰς
2881 1739 3112 1814 ἐξορίας,
3167 1739 3262 1802 τάς
3336 1737 3652 1815 ἀπαγωγὰς,
3709 1737 3846 1800 τοὺς

448 1842 632 1900 usque
655 1828 882 1901 ﬂagella
912 1829 1244 1890 immittere.
1301 1835 1425 1899 Quo
1474 1837 1629 1892 enim
1679 1844 1844 1909 pacto
1894 1841 2086 1912 palam

2204 1835 2492 1904 θανάτους;
2543 1830 2693 1889 Ἐπεὲ
2746 1831 2835 1887 καὶ
2897 1830 3064 1907 μέχρι
3115 1827 3273 1885 τοῦδε
3329 1831 3365 1899 ἡ
3407 1834 3587 1903 πεῖρα,
3631 1829 3726 1890 τὶς
3788 1827 3845 1882 ἐν

447 1933 732 1989 exponam
789 1919 1140 1992 vexationes,
1191 1940 1473 1995 carceres,
1519 1928 1767 1999 vincula,
1816 1930 2092 2004 inediam,

443 2005 670 2076 exsilia,
700 2007 912 2064 damna
943 2009 1122 2080 illata,
1156 2014 1368 2070 neces?
1397 2015 1463 2070 Et
1488 2016 1607 2072 haec
1638 2018 1836 2074 omnia
1883 2037 2092 2078 sumus

443 2095 662 2167 experti
697 2111 711 2150 :
742 2095 803 2154 in
834 2100 1130 2156 montibus
1163 2102 1351 2175 fugas,
1407 2105 1816 2163 occultationes
1867 2108 1924 2164 in
1965 2127 2092 2181 spe-

439 2182 631 2241 luncis
687 2189 744 2242 et
801 2189 1067 2246 cavernis
1115 2195 1296 2248 terrae.
1344 2193 1558 2250 Abdias
1609 2197 1912 2268 propheta,
1956 2216 2091 2256 cum

441 2283 593 2332 esset
619 2277 812 2334 adhuc
843 2279 1149 2338 educibus
1191 2282 1411 2355 Achab,
1452 2301 1585 2340 cum
1631 2286 1861 2343 Jezabel
1909 2291 2093 2346 caedes

443 2371 716 2438 patraret,
765 2367 980 2424 dicitur
1008 2369 1160 2427 ﬁlios
1196 2373 1610 2444 prophetarum
1653 2377 2093 2451 quinquagenos

448 2454 506 2509 in
533 2456 762 2512 duabus
791 2456 1086 2528 speluncis
1117 2461 1456 2530 occultasse,
1488 2480 1632 2534 quos
1663 2470 1719 2521 et
1748 2468 1905 2537 pavit
1944 2467 2011 2523 ‘0.

515 2544 618 2600 Hic
649 2561 781 2602 vero
813 2545 859 2601 si
891 2546 1019 2617 quis
1051 2549 1516 2619 deprehendatur
1553 2553 1639 2610 vel
1690 2572 1872 2611 unum
1926 2559 2093 2615 modo

445 2633 791 2701 occuluisse,
813 2635 870 2690 in
899 2652 1180 2710 magnum
1221 2639 1316 2695 ille
1356 2641 1671 2698 discrimen
1719 2645 1922 2701 venit:
1974 2648 2092 2703 imo

448 2722 496 2777 si
526 2722 616 2778 vel
641 2722 788 2778 clam
839 2724 1078 2796 impiam
1122 2729 1592 2786 communionem
1645 2733 1947 2805 refugisse,
1991 2740 2094 2792 aut

448 2827 627 2882 penes
644 2829 703 2869 se
725 2829 991 2870 servasse
1020 2815 1360 2888 imaginem,
1402 2824 1504 2874 aut
1540 2819 1817 2878 volumen
1855 2823 2090 2896 aliquod

448 2901 506 2956 in
537 2918 651 2974 quo
673 2903 814 2974 quid
864 2903 1083 2961 inesset
1121 2907 1249 2975 ejus
1317 2910 1661 2979 argumenti.
1714 2913 1892 2968 Sileni
1933 2915 2091 2970 domi

448 3005 550 3046 ora
580 2991 838 3062 piorum;
872 2992 1092 3049 nefaria
1137 2992 1340 3067 lingua
1387 2997 1648 3069 solvitur,
1698 3017 1954 3072 magnun
2001 3004 2090 3058 in-

447 3081 806 3138 carnationis
821 3083 1164 3154 mysterium
1194 3084 1252 3140 in
1275 3089 1668 3160 contemptum
1690 3091 1867 3146 venit.
1901 3095 2091 3160 Nunc,

448 3171 638 3242 inquit
669 3188 683 3226 :
718 3170 979 3228 Dominus
1029 3171 1240 3229 locutus
1268 3185 1346 3230 est
1371 3192 1559 3246 pacem
1589 3178 1654 3234 in
1679 3179 1888 3250 plebem
1907 3197 2086 3237 suam.

2201 1921 2351 2000 ὄρεσι
2381 1919 2696 1998 φυγαδείας,
2725 1921 2819 1982 τάς
2864 1917 2916 1976 ἒν
2969 1918 3261 1990 σπηλαίοις
3292 1917 3381 1974 καὶ
3413 1917 3571 1978 ὀπαῖς
3596 1923 3700 1987 τῆς
3731 1922 3842 1990 γῆς

2198 2013 2582 2087 κατακρύψεις.
2614 2006 2840 2068 Ἀὅδιοὺ
2872 2010 2900 2065 6
2951 2011 3263 2086 προφήτης,
3294 2003 3373 2062 ἔτι
3422 2004 3496 2060 ὢν
3543 2007 3844 2082 τριστάτης

2199 2098 2437 2178 Ἀχαάὖ,
2465 2107 2566 2171 τῆς
2597 2094 2831 2170 Ἰεζάϐελ
2881 2100 3169 2176 φονώσης’
3229 2096 3439 2173 λέγεται
3499 2093 3844 2168 κατακρύψαι

2199 2191 2350 2252 υἱοὺς
2379 2195 2487 2246 τῶν
2519 2193 2813 2269 προφητῶν
2846 2188 2946 2244 ἀνά
2975 2189 3313 2260 πεντήκοντα
3342 2185 3420 2250 είς
3445 2184 3542 2241 δύο
3570 2184 3844 2256 σπήλαια,

2202 2278 2294 2343 οὓς
2322 2280 2410 2336 καὶ
2445 2277 2736 2358 διέτρεφεν.

2268 2549 2530 2604 Ἐνταῦθα
2580 2545 2637 2602 δὲ
2672 2545 2715 2602 εἰ
2749 2544 3023 2622 φωραθείη
3057 2566 3139 2608 τις
3169 2545 3260 2600 καὶ
3303 2544 3468 2619 μόνον
3509 2539 3606 2599 ’ἕνα
3643 2564 3841 2618 κεκρυ-

2201 2638 2334 2717 φὼς,
2370 2636 2422 2692 ἐν
2471 2633 2698 2709 κινδύνῳ
2759 2633 3016 2709 μεγάλῳ’
3053 2633 3198 2689 ἀλλά
3252 2633 3354 2710 γὰρ
3416 2631 3511 2688 κᾶν
3572 2628 3838 2707 κρύϐδην,

2199 2728 2407 2807 φεύγων
2464 2729 2561 2798 τήν
2608 2721 2773 2797 ἀσεϐῆ
2825 2723 3198 2796 κοινωνίαν,ἢ
3258 2723 3438 2779 εἰκόνα
3497 2728 3765 2803 φρουρῶν,
3801 2727 3839 2796 ἢ

2202 2813 2395 2892 βίϐλον
2454 2813 2810 2891 περιέχουσαν
2866 2816 2934 2871 τὰ
2987 2815 3104 2870 κατ’
3160 2814 3353 2884 αὐτήν.
3404 2818 3542 2889 Σιγᾷ
3603 2813 3671 2869 τὰ
3725 2818 3840 2869 τῶν

2199 2901 2556 2962 εὐσεϐούντων
2632 2901 2782 2960 ἔνδον
2869 2905 3112 2978 στόματα
3143 2923 3156 2936 ·
3217 2903 3415 2958 ἀνεῖναι
3506 2900 3844 2982 βλάσφημος

2196 2993 2459 3072 γλῶσσα·
2492 2992 2843 3070 κωμῳδεῖται
2898 2995 2962 3049 τὸ
3015 2993 3154 3069 μέγα
3209 2999 3309 3062 τῆς
3363 2992 3684 3066 οἰκονομίας
3735 3014 3840 3066 μυ-

2199 3086 2440 3158 στήριον.
2474 3087 2654 3160 Ἄρτι,
2687 3084 2840 3159 φησὶ,
2882 3082 3138 3156 Κύριος
3183 3079 3510 3152 ἐλάλησεν
3559 3081 3838 3157 εἰρήνην

2197 3175 2302 3230 ἐπὶ
2331 3176 2438 3230 τὸν
2473 3175 2628 3232 λαὸν
2663 3173 3008 3245 αὐτοῦ,καὶ
3040 3172 3144 3228 ἐπὶ
3175 3171 3327 3234 τοὺς
3359 3173 3586 3235 ὁσίους
3617 3173 3840 3240 αὐτοῦ,

529 3227 550 3242 ,
1094 3227 1097 3228 ,
1679 3227 2086 3250 ,----..--__..-.

448 3265 501 3316 et
531 3276 693 3332 super
711 3267 929 3319 sanctos
957 3278 1103 3330 suos,
1135 3267 1187 3318 et
1214 3265 1273 3318 in
1303 3280 1390 3320 eos
1420 3266 1518 3336 qui
1544 3274 1862 3324 convertunt
1891 3285 1982 3326 cor
2018 3269 2089 3325 ad

2204 3265 2307 3320 καὶ
2339 3264 2625 3326 ἐπὶτοὺς
2658 3263 3178 3341 ἐπιστρέφοντας
3205 3259 3836 3338 καρδίανέπάύτόν·

450 3349 634 3422 ipsum
665 3352 707 3386 “
743 3367 757 3406 :
791 3351 887 3422 qui
919 3351 1087 3408 initio
1117 3353 1367 3424 propriis
1397 3354 1701 3427 discipulis
1733 3357 1877 3413 dixit
1909 3376 1923 3414 :
1981 3359 2094 3414 Pa-

453 3456 566 3497 cem
596 3442 850 3514 relinquo
877 3442 1049 3512 vobis,
1078 3459 1268 3516 pacem
1308 3460 1483 3501 meam
1525 3445 1595 3501 do
1613 3449 1762 3503 vobis
1793 3447 1860 3502 ¹².
1906 3449 2094 3518 Nunc,

455 3530 755 3603 inquiunt,
786 3531 1021 3588 sublata
1051 3549 1082 3588 e
1112 3532 1302 3589 medio
1333 3533 1488 3590 idola
1529 3536 1770 3592 ethnicae
1820 3537 2097 3610 supersti—

453 3619 655 3691 tionis,
711 3636 836 3692 quas
885 3626 1134 3678 Deorum
1184 3622 1617 3681 multitudinem
1670 3627 1877 3682 astruit
1927 3629 2095 3683 :cIa-

459 3714 658 3764 mante
707 3709 830 3781 jam
886 3709 1027 3766 olim
1081 3711 1390 3783 Apostolo;
1447 3713 1605 3770 Nihil
1655 3719 1732 3769 est
1788 3713 1996 3770 idolum
2037 3717 2098 3769 in

447 3798 653 3856 mundo
668 3797 736 3856 ‘3.
769 3800 958 3867 Nunc,
989 3801 1168 3870 aiunt,
1200 3803 1482 3858 mundata
1510 3803 1767 3859 Ecclesia
1796 3808 1903 3873 est,
1927 3821 2098 3875 quam

448 3888 588 3946 olim
620 3888 774 3944 idem
820 3889 1132 3960 Apostolus
1188 3889 1586 3962 pronuntiavit
1608 3892 1653 3926 ¹⁴
1719 3909 1835 3947 non
1882 3892 2098 3948 habere

449 3978 767 4034 masculum
791 3993 979 4050 neque
1013 3994 1246 4050 rugam,
1278 3987 1376 4034 aut
1409 3979 1624 4051 aliquid
1652 3981 1962 4052 ejusmodi,
1995 3983 2096 4038 sed

449 4085 580 4126 esse
630 4071 888 4124 sanctam
937 4073 994 4124 et
1044 4069 1507 4124 immaculatum.
1560 4075 1744 4136 Nunc,
1800 4071 2097 4142 inquiunt,

446 4158 548 4214 lux
576 4157 922 4213 Christianis
953 4157 1170 4213 affulsit
1218 4157 1562 4230 ignorantiae
1611 4160 1853 4230 caligine
1899 4159 2098 4231 impli-

450 4249 645 4303 catis:
704 4248 917 4318 quibus
978 4249 1335 4319 jampridem
1392 4265 1424 4302 a
1476 4250 1761 4321 principio
1836 4248 2099 4305 Christus

450 4336 596 4391 dixit
649 4354 662 4392 :
712 4338 820 4407 Ego
873 4337 974 4392 luo:
1013 4339 1072 4391 in
1116 4337 1389 4392 mundum
1436 4339 1610 4393 veni:
1658 4347 1718 4392 ut
1765 4340 1940 4394 omnis
2010 4340 2104 4410 qui

451 4424 622 4481 credit
644 4427 704 4480 in
733 4442 838 4493 me,
871 4428 930 4480 in
961 4426 1194 4482 tenebris
1226 4443 1336 4483 non
1368 4427 1672 4483 maneat“.
1705 4428 1944 4494 Videtis,
1980 4428 2103 4483 fra-

454 4523 570 4571 tres
600 4517 810 4584 sancti,
851 4517 1283 4584 discessionem,
1339 4534 1514 4588 quam
1564 4523 1830 4590 opportet
1869 4519 2100 4590 primun

453 4606 672 4678 venire,
702 4605 1170 4678 quemadmodum
1202 4606 1505 4677 Apostolus
1552 4605 1894 4679 loquitur”.
1938 4606 2104 4663 Nunc

456 4695 642 4752 oculis
671 4696 785 4769 ipsi
816 4696 1109 4752 cerminus
1135 4695 1478 4750 Antichristi
1509 4697 1849 4767 primordia.
1890 4697 2106 4752 Defeci-

459 4803 614 4853 mus,
665 4786 997 4856 consumpti
1056 4801 1297 4841 sumus:
1361 4785 1568 4854 Defecit
1609 4787 1988 4856 sufﬂatorium
2019 4783 2105 4855 ‘7;

460 4875 674 4931 occidit
705 4891 843 4945 spes
872 4875 1085 4942 omnis,
1120 4873 1170 4930 si
1203 4873 1446 4930 facultas
1491 4874 1750 4930 humana
1798 4880 2106 4945 spectatur.

461 4968 530 5020 At
559 4966 742 5020 vicem
767 4968 1026 5021 nostram
1060 4980 1160 5020 vos
1202 4964 1416 5034 lugete,
1449 4963 1664 5034 quibus
1694 4969 1784 5020 est
1813 4965 1872 5020 in
1904 4964 2109 5020 alienis

463 5053 633 5109 malis
665 5061 929 5110 tenerum
961 5060 1184 5125 pectus,
1210 5057 1491 5124 tanquam
1523 5052 1782 5122 ejusdem
1829 5053 2106 5124 corporis.

463 5142 641 5214 Opem
717 5143 883 5199 nobis
939 5159 1041 5214 per
1085 5147 1302 5198 Vestras
1349 5158 1547 5214 preces
1607 5142 1767 5208 ferte,
1827 5147 2109 5213 tanquam

465 5233 676 5288 iratum
705 5241 989 5288 amantes.
1022 5232 1330 5289 Acerbiora
1361 5237 1501 5287 sunt
1530 5248 1657 5304 quas
1690 5232 1783 5288 hic
1831 5232 2110 5304 patimur,

465 5340 638 5394 quam
672 5340 800 5396 quae
833 5323 1061 5395 uspiam
1094 5342 1123 5378 a
1155 5323 1428 5379 Barbarie
1457 5331 1759 5395 geruntur.
1808 5323 1938 5379 Jam
1965 5322 2114 5378 sicut

467 5412 719 5468 Sodoma
764 5415 894 5468 facti
945 5429 1174 5480 sumus,
1225 5419 1282 5469 et
1323 5416 1472 5469 sicut
1510 5412 1834 5470 Gomorrha
1891 5412 2113 5467 similes

470 5521 676 5559 sumus
706 5503 768 5556 ‘3.
805 5503 961 5560 Hanc
1005 5504 1180 5576 igitur
1235 5505 1309 5560 ob
1363 5520 1598 5559 causam
1649 5503 1972 5559 sanctitatis
2018 5518 2111 5557 ve-

544 5650 588 5685 ¹⁰
621 5652 697 5706 Ill
728 5651 865 5722 Reg.
900 5667 1060 5718 xviii,
1085 5653 1137 5706 4.

471 5739 573 5796 xu,
597 5724 683 5780 46.
765 5721 888 5779 “ll
911 5723 1116 5779 Thess.
1141 5739 1203 5791 ιι,
1227 5726 1280 5779 3.
1361 5724 1403 5759 ίτ
1441 5721 1649 5779 Jerem.
1673 5738 1749 5792 vr,
1777 5721 1866 5778 29.

1219 5651 1261 5688 ιι
1289 5651 1438 5708 Psal.
1475 5667 1698 5719 Lxxxw,
1725 5652 1779 5707 9.
1858 5650 1902 5685 ¹²
1923 5650 2092 5706 Joan.
2124 5663 2238 5716 xiv,
2269 5646 2360 5719 27.

1946 5721 1990 5759 ¹⁸
2028 5721 2136 5778 Isa.
2170 5719 2221 5792 1,
2265 5718 2325 5776 9.

2200 3355 2228 3409 6
2264 3355 2315 3410 ἐν
2352 3356 2499 3430 ἀρχῇ
2543 3357 2714 3434 φήσας
2759 3357 2874 3417 τοῖς
2923 3352 3145 3414 οἰκείοις
3197 3352 3505 3425 μαθηταῖς·
3547 3351 3834 3426 Εἰρήνην

2199 3443 2444 3522 ἀφίημι
2488 3444 2665 3518 ὑμῖν,
2707 3443 2982 3517 εἰρήνην
3012 3443 3126 3511 τήν
3170 3441 3335 3515 ἐμὴν
3374 3438 3622 3514 δίδωμι
3657 3441 3832 3513 ὑμῖν.

2200 3535 2378 3610 Ἄρτι,
2410 3535 2591 3609 φασὶν,
2626 3531 2771 3608 ἤρθη
2819 3532 2878 3586 ἐκ
2939 3533 3102 3606 μέσου
3165 3528 3518 3606 βδελύγματα
3575 3528 3832 3600 Ἑλλινῆς

2201 3621 2522 3686 πολυθεΐας·
2555 3627 2650 3678 τοῦ
2681 3622 3017 3679 Ἀποστόλου
3048 3621 3288 3697 ἀρχῆθεν
3327 3621 3596 3694 βοῶντος·
3629 3617 3835 3695 Οὐδέςν

2203 3712 2486 3770 εἴδωλον
2545 3713 2604 3768 ἐν
2660 3714 2911 3786 κόσμῳ.
2954 3713 3133 3786 Ἀρτι,
3203 3711 3352 3788 φασὶ,
3422 3712 3744 3784 κεκάθαρται
3801 3713 3836 3781 ἡ

2203 3799 2525 3873 Ἐκκλησία,
2557 3803 2616 3872 ἣν
2675 3800 2846 3857 πάλαι
2905 3800 3171 3878 ἂπέφηνεν
3227 3801 3256 3854 ὁ
3297 3800 3456 3861 αὐτὸς
3507 3798 3838 3864 Ἀπόστολος

2207 3893 2284 3966 μή
2316 3887 2461 3970 ἔχειν
2496 3891 2714 3964 σπῖλον,
2742 3892 2777 3962 ἢ
2821 3888 3030 3966 ῥυτίδα,
3060 3887 3097 3960 ἤ
3143 3911 3196 3945 τι
3233 3893 3340 3944 τῶν
3371 3888 3639 3944 τοιούτων
3663 3904 3678 3920 ⁸
3712 3888 3835 3944 ἀλλ’

2205 3983 2338 4037 εἶναι
2370 3982 2526 4060 ἁγίαν
2574 3982 2665 4036 καὶ
2714 3979 2972 4056 ἄμωμον,
3004 3982 3185 4055 "Apri,
3215 3979 3361 4056 φασὶ,
3383 3978 3446 4034 τὸ
3498 3982 3613 4057 φῶς
3641 3975 3841 4052 ηὕγασε

2203 4077 2322 4134 τοῖς
2379 4076 2724 4146 Χριστιανοῖς
2783 4068 3160 4144 ἐνισχημένοις
3234 4068 3384 4142 ζόφῳ
3438 4065 3662 4142 ἀγνοίας
3693 4087 3706 4099 ·
3758 4069 3840 4130 οἷς

2205 4160 2404 4216 ἄνωθεν
2461 4161 2551 4216 καὶ
2608 4160 2700 4215 ἀπ’
2728 4160 2908 4235 ἀρχῆς
2967 4157 3194 4233 Χριστὸς
3242 4153 3434 4232 ἔφησεν
3461 4175 3476 4190 ⁸
3503 4157 3668 4232 Ἐγὼ
3711 4160 3844 4234 φῶς

2207 4249 2300 4314 εἰς
2337 4251 2444 4305 τὸν
2483 4250 2731 4323 κόσμον
2774 4247 3103 4319 ἐλήλυθα·
3135 4244 3247 4301 ’ίνα
3283 4252 3407 4308 πᾶς
3447 4246 3475 4299 6
3517 4245 3841 4319 πιστεύωξν

2207 4337 2300 4403 εἰς
2338 4337 2475 4412 ἐμὲ,
2509 4337 2571 4393 ἓν
2607 4342 2683 4412 τῇ
2726 4337 2957 4407 σκοτίᾳ
3011 4338 3093 4410 μὴ
3141 4334 3346 4410 μείνῃ.
3379 4337 3585 4410 Ὁρᾶτε,
3619 4331 3840 4408 ἀδελφοὶ

2209 4429 2376 4505 ἅγιοι,
2407 4431 2506 4498 τήν
2566 4426 2895 4483 ἀποστασίαν
2952 4427 3013 4495 ἢν
3063 4423 3146 4480 δεῖ
3199 4430 3418 4500 πρῶτον
3487 4422 3678 4492 ἒλθεῖν,
3707 4422 3842 4476 καθά

2210 4539 2370 4596 φησιν
2401 4519 2428 4572 6
2459 4515 2820 4578 Ἀπόστολος.
2851 4512 2993 4586 Ἤδη
3054 4513 3108 4570 ἐν
3155 4513 3461 4591 ὀφθαλμοῖς
3507 4515 3666 4585 ἡμῶν
3704 4513 3842 4587 ὁρῶο

2217 4628 2310 4680 μεν
2370 4609 2437 4662 τὰ
2493 4604 2700 4661 εἰσόδια
2754 4609 2850 4659 τοῦ
2907 4604 3306 4679 Ἀντιχρίστου.
3369 4599 3840 4672 Ἐκλελοίπαμεν·

2215 4695 2697 4774 παρανηλώμεθα’
2753 4695 3054 4768 Ἐξέλιπε
3108 4695 3408 4772 φυσητήρ
3442 4714 3457 4729 ο
3507 4691 3846 4763 ἀπελήλαται

2215 4791 2359 4842 πᾶσα
2416 4785 2572 4848 ἐλπὶς
2632 4785 2755 4841 ὅσον
2810 4785 2946 4840 κατὰ
3003 4783 3324 4859 ἄνθρωπον.
3355 4781 3536 4840 Ἀλλὰ
3574 4782 3847 4853 στενάξατε

2216 4877 2296 4954 ἐφ’
2326 4877 2498 4950 ἡμᾶς,
2547 4876 2592 4928 ὦ
2641 4873 3098 4948 συμπαθέστατοι,
3147 4874 3222 4936 ὡς
3280 4871 3580 4946 σύσσωμοι.
3615 4873 3848 4947 Ὀρέξατε

2217 4967 2380 5039 χεῖρα
2449 4955 2868 5036 πρεσϐευτικὴν,
2927 4962 3001 5023 ὡς
3069 4957 3420 5037 φιλάδελφοι.
3481 4964 3604 5017 Τῶν
3671 4959 3846 5015 αὐτόθι

2220 5052 2442 5131 χείρονα
2488 5051 2556 5108 τά
2601 5048 2840 5126 ἡμέτερα
2888 5045 3289 5126 βαρϐαρίζεται.
3324 5053 3411 5112 Ὡς
3465 5046 3690 5123 Σόδομα
3745 5047 3848 5118 ἤδη

2217 5141 2532 5218 γεγόναμεν,
2559 5139 2649 5195 καὶ
2708 5140 2784 5202 ὡς
2840 5136 3095 5214 Γόμορῥα
3159 5136 3269 5208 ἤδη
3329 5136 3717 5211 ὡμοιώθημεν.
3760 5137 3852 5190 Διά

2218 5235 2379 5286 τοῦτο
2453 5227 2741 5306 τοιγαροῦν
2817 5227 2906 5284 καὶ
2963 5223 3376 5301 ἐπεϐοησάμεθα
3444 5230 3513 5301 τῇ
3585 5225 3850 5300 ἁγιωσύνῃ

2224 5320 2376 5392 ὑμῶν
2438 5320 2489 5374 o't
2545 5316 2812 5389 ταπεινοὶ,
2860 5316 2936 5382 ὠς
2991 5314 3045 5373 ἐν
3101 5316 3177 5372 ἑνὶ
3229 5317 3440 5390 σώματι
3489 5319 3594 5370 τῶν
3641 5315 3847 5368 πάντων

2221 5407 2470 5486 ἀδελφῶν
2517 5409 2604 5463 καὶ
2665 5407 3120 5486 συμπασχόντων.
3157 5408 3338 5480 Ἰσμεν
3396 5407 3499 5482 γὰρ
3549 5403 3630 5458 ὅτι
3677 5403 3849 5477 ἰσχύει

2223 5501 2257 5568 ἡ
2292 5494 2477 5553 δικαία
2530 5498 2681 5571 ὑμῶν
2735 5495 2915 5568 δέησις
2970 5495 3350 5572 ἐνεργουμένη,
3384 5495 3456 5554 ὡς
3489 5490 3548 5547 ἂν
3574 5496 3652 5565 τῷ
3681 5491 3853 5562 ἐξιλα·

2443 5646 2487 5686 ί³
2523 5647 2706 5705 ICor.
2730 5664 2850 5720 vui,
2916 5647 2972 5704 4.
3047 5646 3093 5682 ¹⁴
3121 5645 3334 5719 Ephes.
3373 5659 3429 5716 v,
3449 5643 3542 5702 27.
3618 5641 3662 5678 ¹⁵
3691 5642 3854 5703 Joan.
