4062 6280
251 336 403 395 1173

1524 335 2066 405 EPISTOLARUM
2114 336 2263 399 LIB.
2310 337 2386 397 II.

3487 327 3643 388 1174

250 466 372 541 σμῷ
420 468 587 538 αὐτῆς
634 470 848 543 κοπάσῃ
903 471 937 539 ἠ
990 470 1209 542 θραῦσις
1254 474 1356 537 τῆς
1412 469 1688 543 αῖρετικῆς
1745 470 1884 546 ῥομ-

2006 474 2139 527 strae
2177 471 2460 527 auxilium
2520 485 2623 525 nos
2673 467 2927 524 humiles
2985 464 3449 537 imploravimus,
3509 480 3642 519 cum

251 557 405 629 φαίας
438 575 452 590 ⁸
497 562 595 612 τοῦ
643 560 841 633 Κυρίου
891 558 966 619 εἰς
1011 556 1290 633 εἰρηνικὴν
1351 556 1661 630 ὀρθοδοξίαν
1722 558 1880 614 ἐπαν-

250 647 469 721 άγοντος
498 647 588 701 καὶ
618 650 718 717 τὴν
748 649 868 702 καθ’
898 650 1046 719 ἡμᾶς
1075 645 1424 715 Ἐκκλησίαν.
1458 649 1572 701 Ἵνα
1605 646 1661 701 δὲ
1703 647 1884 713 εἰδῆτε

250 737 337 789 καὶ
391 736 569 808 ὑμεῖς,
620 735 666 789 ὦ
722 732 1033 810 σεϐάσμιοι,
1078 735 1139 790 ἐκ
1191 737 1409 809 μέρους,
1462 738 1555 789 οἷα
1601 737 1667 791 τά
1716 734 1881 806 ἀσεϐῆ

250 820 496 898 δόγματα
548 829 655 879 τῶν
715 825 889 879 ἀθέων
924 842 939 856 ·
999 822 1387 879 συναπέστειλα
1442 829 1555 886 τοῖς
1599 827 1885 900 γράμμασι

245 916 410 968 ταῦτα
444 911 498 968 ἒν
551 911 850 987 τετραδίοις
886 932 900 945 ·
952 913 984 968 ἃ
1012 914 1102 968 καὶ
1151 908 1306 985 ἔδοξα
1336 913 1363 967 ὁ
1410 912 1628 986 ἀμαθὴς
1671 914 1889 987 ἀνατρέ-

245 1021 387 1069 πειν,
428 1002 763 1077 προτραπεὶς
817 1003 961 1079 παρὰ
1015 997 1273 1060 εὐσεϐῶν.
1307 1002 1453 1057 Αἷτῶ
1508 1001 1566 1057 δὲ
1628 1004 1731 1058 ὑπὸ
1787 1010 1889 1072 τῆς

247 1090 390 1153 θείας
424 1091 719 1167 ἀγχινοίας
774 1092 929 1164 ὑμῶν
979 1092 1384 1166 έπισκεφθῆναι,
1416 1091 1507 1146 καὶ
1554 1094 1618 1147 τὸ
1666 1091 1888 1155 ἐλλιπὲς

243 1178 620 1254 ἀνοθρωθῆναι
658 1198 674 1214 ⁶
750 1182 841 1236 καὶ
900 1182 1229 1256 συγγνώμην
1282 1185 1390 1236 τῶν
1464 1179 1877 1257 έπωφλημένων

243 1266 489 1342 δέξασθαί
550 1292 615 1344 με
647 1287 663 1303 ⁶
714 1266 1084 1345 λαμϐάνεσθαί
1127 1292 1186 1327 τε
1244 1270 1317 1334 εἷς
1372 1274 1598 1346 μνήμην
1655 1272 1707 1327 έν
1763 1280 1883 1336 ταῖς

242 1358 573 1414 θεοκλινέσιν
609 1360 761 1434 ὑμῶν
810 1365 1143 1435 προσευχαῖς
1180 1380 1193 1394 ο
1233 1360 1323 1416 καὶ
1371 1361 1476 1434 μήν
1526 1364 1617 1416 καὶ
1665 1362 1884 1419 συντάτ-

237 1449 423 1502 τεσθαι
453 1448 527 1510 ὡς
573 1442 807 1528 ἔσχατον
852 1452 1071 1505 πάντων
1106 1448 1277 1523 μέλος
1324 1448 1375 1505 ἐν
1414 1448 1495 1523 τῷ
1540 1449 1880 1526 πληρώματι

236 1537 339 1605 τῆς
369 1537 522 1613 ἁγίας
553 1542 706 1611 ὑμῶν
735 1537 1078 1609 Ἐκκλησίας.

1992 562 2068 616 sit
2114 578 2298 616 unum
2351 576 2562 631 corpus
2621 560 2883 614 omnium
2949 556 3191 609 fratrum
3270 554 3367 624 qui
3429 554 3644 622 pariter

1992 654 2293 705 vexantur.
2322 650 2597 705 Novimus
2628 647 2782 703 enim
2817 651 3102 717 quantum
3135 645 3315 697 valeat
3341 644 3503 712 justa
3541 658 3641 697 vc-

1992 745 2114 794 stra
2153 741 2481 809 deprecatio
2511 738 2747 793 assidua
2778 736 2844 802 ‘9,
2905 740 2988 801 ut,
3022 737 3251 787 exorato
3283 732 3421 798 Den,
3457 732 3638 786 haere-

1991 829 2087 884 tlci
2120 828 2293 900 gladii
2326 828 2447 883 acie
2475 827 2850 897 conquiescat
2882 840 2896 879 :
2932 824 3007 878 ad
3039 833 3249 878 rectam
3286 822 3458 877 fidem
3502 837 3637 877 cum

1990 934 2130 989 pace
2161 919 2533 986 conjunctam
2568 919 2867 970 revocante
2898 912 3145 968 Domino
3197 916 3453 965 nostram
3495 926 3639 980 quo-

1992 1024 2106 1079 que
2136 1008 2462 1063 Ecclesiam.
2508 1004 2580 1060 Ut
2599 1010 2817 1072 autem,
2851 1011 2905 1058 et
2938 1019 3058 1070 vos,
3092 1001 3198 1056 viri
3251 999 3638 1067 venerabiles,

1993 1113 2062 1153 ex
2093 1096 2609 1169 parteintelligatis
2640 1096 2831 1166 qualia
2861 1094 2981 1150 sint
3020 1091 3432 1163 sacrilegorum
3457 1089 3640 1160 impia

1993 1187 2272 1257 dogmata
2304 1204 2317 1242 :
2344 1184 2521 1241 simul
2553 1184 2675 1239 haec
2711 1184 2844 1239 misi
2877 1199 3006 1238 cum
3040 1180 3250 1236 litteris
3279 1182 3337 1235 in
3406 1188 3638 1251 quater-

1992 1275 2265 1332 nionibus
2294 1292 2308 1330 :
2340 1290 2465 1344 quae
2524 1276 2823 1328 confutare
2868 1285 3178 1343 aggressus
3236 1285 3397 1336 sum,
3442 1285 3640 1339 quan-

1992 1382 2167 1437 quam
2198 1365 2491 1431 indoctus,
2529 1363 2843 1435 proborum
2901 1362 3152 1415 virorum
3213 1358 3463 1414 hortatu.
3525 1358 3636 1413 Oro

1990 1459 2189 1511 autem
2222 1463 2281 1509 ut
2313 1470 2380 1509 ea
2410 1470 2512 1525 pro
2557 1453 2753 1508 divina
2781 1454 2970 1506 vestra
3000 1448 3317 1520 sagacitate
3356 1447 3637 1518 expenda-

1990 1544 2067 1600 tis
2100 1544 2294 1614 :quod
2322 1544 2595 1598 vitiosum
2646 1544 2735 1596 est
2765 1538 3083 1595 emendetis
3121 1554 3136 1592 :
3190 1540 3637 1607 erratorumque

234 1628 463 1684 veniam
494 1628 766 1685 tribuatis
798 1645 811 1683 :
845 1637 899 1684 et
930 1635 995 1686 ut
1026 1630 1134 1686 mei
1172 1629 1552 1687 memineritis
1584 1632 1642 1687 in
1673 1633 1886 1688 vestris
1936 1634 2092 1705 apud
2142 1632 2323 1688 Deum
2354 1631 2621 1704 precibus
2655 1647 2667 1684 :
2701 1629 2951 1699 denique
3000 1633 3063 1683 ut
3098 1635 3372 1698 tanquam
3414 1630 3637 1697 postre-

237 1732 403 1773 mum
434 1718 695 1774 omnium
727 1720 1056 1775 membrum
1084 1735 1323 1777 censear
1346 1720 1405 1776 in
1437 1722 1795 1794 plenitudine
1817 1728 2029 1778 sanctae
2059 1730 2260 1778 vestrae
2290 1722 2582 1778 Ecclesiae.

307 1803 371 1859 Ἦ
415 1803 577 1874 αὖτή
631 1804 962 1875 ἒπιστολή
1008 1805 1349 1878 ἀπεστάλη
1399 1808 1507 1863 καὶ
1552 1809 1715 1883 πρὸς
1763 1811 1879 1878 τὴν

2062 1810 2263 1867 Eadem
2290 1810 2516 1882 epistola
2553 1809 2723 1864 missa
2778 1816 2857 1863 est
2903 1805 3069 1862 etiam
3124 1804 3192 1860 ad
3238 1804 3637 1859 monasterium

241 1894 442 1965 μονὴν
479 1897 595 1948 τοῦ
634 1895 835 1972 ἁγίου
877 1894 1238 1969 Εὐθυμίου.

237 1983 467 2039 1Η’.-Ν
488 1984 793 2061 ικηφόρῳ
820 1988 908 2056 τῷ
939 1986 1297 2062 ἁγιωτάτῳ
1325 1988 1882 2063 πατριάρχῃ.[σιε’]

1989 1902 2169 1956 sancti
2190 1899 2499 1970 Euthymii.
2768 1960 2781 1979 I

2116 1989 2326 2045 XVIII.
2360 2019 2428 2029 —-
2456 1989 2750 2059 Nicephoro
2772 1988 3113 2043 sanctissimo
3140 1984 3498 2057 patriarchae.

1366 2087 1582 2137 Solatur
1610 2088 1862 2137 exsulem.
1898 2088 2111 2153 (Baron.
2145 2101 2233 2137 an.
2262 2088 2371 2145 814,
2405 2086 2576 2147 ο.29.)

306 2162 589 2229 Πολλάκις
632 2165 967 2239 προθέμενος
1021 2165 1324 2222 ἐπιστεῖλαι
1374 2172 1443 2241 τῇ
1502 2168 1622 2243 ἱερᾷ
1667 2172 1878 2245 κορυφῇ

232 2259 333 2322 τῆς
369 2254 774 2328 μακαριότητός
808 2275 907 2310 σου
944 2272 957 2288 ⁸
994 2254 1280 2327 ένεκόπην,
1313 2263 1388 2325 πῆ
1427 2258 1521 2331 μὶν
1550 2259 1648 2325 τήν
1691 2259 1882 2313 ἑαυτοῦ

232 2342 561 2414 ἀναξιότητα
620 2342 978 2419 λογιζόμενος
1038 2347 1199 2418 [Reg.
1258 2350 1387 2403 cod.
1448 2344 1883 2420 ἐπαισθόμενος],

233 2438 309 2501 πῆ
344 2430 403 2487 δὲ
436 2430 677 2501 ὑποδεής
709 2431 784 2486 ὢν
814 2435 942 2496 τοὺς
972 2435 1331 2509 πειρασμούς.
1368 2437 1496 2491 Νυνὶ
1529 2434 1585 2491 δέ
1622 2457 1884 2511 περιφρο-

229 2524 396 2592 νήσας
439 2522 790 2600 ἀμφοτέρων,
822 2524 912 2577 καὶ
960 2527 1029 2596 τῇ
1074 2522 1262 2598 Τριάδι
1293 2525 1321 2578 6
1367 2524 1538 2588 τάλας
1587 2524 1881 2601 θαρρήσας,

229 2610 402 2688 λέγων
443 2612 565 2685 εΐμὶ
591 2610 720 2667 τάδε
754 2632 766 2645 ⁶
801 2618 987 2688 Χαῖρε,
1016 2611 1242 2683 ἀληθῶς
1268 2617 1585 2690 νικητήριον
1616 2610 1880 2687 ἀσεϐείας,

233 2702 262 2756 6
319 2701 373 2756 ἐν
432 2700 721 2775 τεθρίππῳ
777 2702 984 2773 ἀρετῶν
1054 2699 1280 2757 διανύων
1335 2703 1425 2757 τὸν
1499 2706 1594 2770 τῆς
1652 2703 1887 2767 πίστεως

236 2790 444 2868 δρόμον
471 2812 484 2825 ·
516 2798 699 2867 χαῖρε,
726 2793 753 2847 6
788 2792 951 2866 μέγας
980 2792 1143 2862 ἥλιος
1171 2800 1271 2863 τῆς
1303 2791 1636 2869 ὀρθοδοξίας,
1672 2796 1734 2850 οὗ
1765 2801 1886 2856 ταῖς

237 2881 677 2959 ὁμολογητικαῖς
732 2881 911 2936 ἀκτῖσι
969 2877 1367 2959 φωτοϐολεῖται
1428 2885 1463 2952 ἡ
1536 2883 1831 2958 οἰκουμένη
1867 2902 1882 2917 ·

238 2977 423 3049 χαῖρε,
474 2972 761 3046 ὑπέρμαχε
814 2974 913 3036 τῆς
963 2969 1225 3040 ἀληθείας
1280 2972 1417 3026 κατὰ
1472 2971 1598 3034 τοὺς
1654 2968 1886 3030 ἔκπαλαι

236 3061 538 3139 θεοφόρους
590 3057 901 3135 διαπρέπων
947 3064 1028 3131 τῷ
1084 3067 1187 3130 τῆς
1232 3062 1429 3136 ἀρετῆς
1477 3060 1695 3122 κάλλει,
1747 3065 1885 3120 Ἀπ-

237 3147 425 3211 έλιπες
454 3149 552 3204 τὸν
602 3146 815 3222 ὑψηλὸν
864 3150 1055 3223 θρόνον
1088 3147 1175 3203 διὰ
1221 3152 1329 3204 τὸν
1378 3151 1609 3205 ἑαυτὸν
1660 3173 1887 3208 ταπει-

2060 2169 2201 2224 Cum
2234 2185 2634 2239 saepenumero
2695 2169 2765 2224 ad
2827 2183 3058 2223 sacrum
3105 2164 3480 2221 beatitudinis
3520 2168 3630 2218 tuae

1988 2264 2261 2314 verticem
2294 2259 2547 2313 scribere
2571 2258 3050 2323 institutuissem,
3074 2252 3263 2309 destiti
3280 2253 3633 2322 abincmpto,

1994 2349 2213 2420 partim
2264 2348 2632 2419 indignitatis
2681 2362 2823 2401 meae
2876 2343 3360 2409 consideratione,
3420 2341 3631 2414 partim

1992 2438 2169 2494 etiam
2222 2438 2561 2492 infirmitate
2608 2453 2678 2492 ex
2710 2435 2989 2491 aarumuis
3063 2438 3200 2488 nata
3259 2432 3631 2503 praepeditus.

1992 2527 2159 2583 Nunc
2188 2542 2319 2583 vero
2376 2534 2687 2598 utrumque
2737 2524 3181 2597 parvipendens,
3239 2528 3297 2579 et
3351 2520 3636 2577 Trinitatc

1994 2617 2199 2685 fretus,
2232 2618 2412 2672 miser
2442 2616 2563 2672 haec
2586 2616 2736 2671 dico.
2789 2615 3006 2681 Gaude,
3035 2629 3167 2668 vere
3206 2612 3384 2666 victor
3430 2611 3639 2681 impie-

1993 2707 2152 2774 tatis,
2186 2708 2285 2779 qui
2316 2707 2595 2762 virtutum
2629 2704 2928 2777 quadrigis
2959 2703 3090 2759 fidei
3112 2719 3349 2758 cursum
3374 2714 3645 2756 consum-

1996 2813 2160 2851 mas:
2194 2796 2373 2865 salve,
2407 2810 2618 2867 magne
2649 2794 2733 2850 sol
2765 2794 3039 2849 doctrina:
3082 2791 3433 2857 orthodoxae,
3467 2789 3643 2859 cuius

1995 2885 2378 2942 confessionis
2394 2884 2573 2940 radiis
2587 2883 2890 2938 universus
2917 2882 3076 2937 orbis
3097 2880 3457 2935 illustratur:
3484 2877 3643 2933 salve

1995 2979 2395 3047 propugnator
2407 2974 2681 3038 veritatis,
2700 2977 2957 3028 veterum
2975 2978 3307 3026 sanclorum
3325 2968 3511 3023 instar
3527 2967 3643 3021 vir-

1996 3066 2141 3119 tutis
2173 3065 2611 3135 pulchritudine
2639 3062 2953 3119 collucens.
3005 3059 3309 3131 Reliquisti
3342 3056 3636 3114 excelsum

1999 3153 2271 3208 thronum
2295 3155 2423 3222 eius
2454 3170 2653 3223 causa,
2694 3155 2789 3223 qui
2824 3152 3173 3221 semetipsum
3202 3149 3515 3203 humiliavit
3542 3163 3637 3201 us-

233 3240 543 3293 νώσαντα
579 3240 781 3313 μέχρι
814 3239 1118 3301 θανάτου,
1154 3239 1438 3294 θανάτου
1471 3237 1537 3295 δὲ
1563 3247 1847 3314 σταυροῦ
1873 3261 1884 3275 ·

1996 3257 2101 3313 que
2136 3242 2207 3296 ad
2237 3250 2487 3307 mortem,
2535 3247 2766 3298 mortem
2794 3248 2981 3295 autem
3011 3241 3187 3294 crucis
3214 3238 3315 3305 ‘9';
3350 3234 3636 3307 reliquisti

237 3327 509 3389 ἀπελιπες
566 3326 953 3403 ἀρχιερατικάς
1012 3327 1309 3401 ὑπηρεσίας
1368 3330 1459 3384 καὶ
1518 3330 1839 3391 ἀναπαύσεις
1874 3349 1888 3363 ·

240 3414 462 3489 μᾶλλον
506 3414 773 3487 ἑλόμενος
824 3420 1311 3493 συγκακουχεῖσθαι
1356 3423 1437 3489 τῷ
1488 3419 1891 3493 ὁμολογητικῷ

234 3506 453 3579 τρόπῳ,
516 3506 552 3573 ἢ
610 3505 939 3578 πρόσκαιρον
1013 3505 1159 3581 ἔχειν
1239 3507 1503 3584 ἁμαρτίας
1569 3509 1889 3566 ἀπόλαυσιν.

239 3594 438 3665 ⁶Ὀμως
472 3592 560 3646 ὅτι
591 3590 718 3646 οὐδὲ
764 3593 883 3647 κατ’
913 3594 1104 3663 αὐτὰς,
1136 3594 1233 3648 κᾶν
1276 3593 1328 3649 έν
1370 3595 1579 3666 αὐταῖς,
1614 3600 1720 3665 ζῶν
1770 3598 1838 3665 ἧς
1871 3612 1888 3629 ⁸

238 3686 452 3752 νεκρῶν
494 3681 562 3735 τὰ
596 3679 738 3752 μέλη
786 3686 855 3755 τῇ
897 3680 948 3736 έν
996 3682 1181 3756 Κυρίῳ
1226 3687 1341 3757 ζωῇ
1376 3702 1389 3716 ·
1446 3682 1679 3759 ἤνεγκας
1729 3685 1888 3760 ἁγίας

241 3770 477 3846 Μητρὸς
537 3769 832 3844 στέρησινο
894 3767 1143 3845 ἀδελφῶν
1200 3773 1425 3845 τιμίων,
1472 3776 1687 3829 πάντων
1747 3776 1888 3847 ὁμοῦ

241 3861 296 3917 έν
345 3863 546 3917 ἅπασιν
591 3860 917 3937 ἀφαιρεθείς.
958 3862 1060 3917 Καὶ
1108 3862 1259 3917 οὔπω
1304 3862 1451 3938 λέγω
1499 3865 1625 3927 τοὺς
1673 3873 1890 3940 Χριστο-

242 3949 409 4033 ειδεῖς
464 3971 562 4006 σου
636 3949 1004 4022 ὀνειδισμοὺς,
1059 3952 1154 4013 τὰς
1230 3950 1289 4007 ἐκ
1361 3958 1469 4009 τῶν
1544 3955 1885 4030 κρατούντων

238 4036 583 4114 προσϐολὰς,
616 4039 951 4115 έρεσχελίας,
996 4043 1384 4119 στενοχωρίας,
1415 4044 1505 4099 καὶ
1555 4046 1725 4101 οἱονεὶ
1756 4046 1889 4102 ἀπο-

238 4129 467 4201 πνίξεις.
522 4130 879 4208 Κατηνέχθης
930 4128 1023 4184 σὺν
1072 4136 1290 4206 Χριστῷ
1337 4131 1389 4187 έν
1443 4134 1592 4189 νυκτί
1624 4152 1638 4167 ⁸
1698 4132 1883 4205 ἐπειδὴ

237 4217 328 4272 καὶ
415 4217 582 4281 αὐτὸς
667 4215 1094 4293 προδιδόμενος,
1172 4221 1570 4296 περιωρίσθης,
1660 4226 1890 4299 μεθωρί-

239 4308 375 4376 σθης
422 4308 476 4363 έν
531 4306 803 4386 γεωλόφῳ
851 4328 956 4364 που
1012 4311 1371 4383 καθεζόμενος
1421 4312 1448 4366 6
1512 4333 1715 4388 μαρτυς
1769 4315 1885 4388 Χρι-

238 4416 390 4456 στου.

312 4486 471 4544 ’Δλλ’
499 4486 644 4565 εὖγε,
677 4491 761 4545 δτι
806 4490 978 4547 πάντα
1006 4491 1083 4555 εἷς
1131 4490 1298 4548 καλόν
1350 4513 1455 4550 σοι.
1490 4494 1658 4569 Ἀρον
1696 4494 1885 4567 κύκλῳ

237 4575 370 4639 τοὺς
422 4577 742 4656 ὀφθαλμοὺς
774 4600 868 4635 σου
916 4580 1023 4635 ἀπὸ
1053 4588 1154 4652 τῆς
1201 4585 1297 4638 τοῦ
1326 4586 1418 4637 νοῦ
1469 4586 1693 4647 σκοπιὰς
1726 4604 1739 4618 ο
1789 4585 1883 4640 καὶ
1917 4614 1964 4679 D

239 4664 325 4720 ἴδε
357 4686 455 4721 σου
480 4669 547 4721 τά
593 4668 769 4738 τέκνα,
801 4667 900 4725 εἴτ’
947 4669 1040 4725 οὖν
1088 4667 1355 4746 πρόϐατα,
1388 4674 1416 4728 6
1465 4675 1675 4748 ποιμὴν
1728 4676 1756 4729 6
1785 4696 1883 4729 κα-

243 4753 366 4823 λὸς,
417 4755 470 4810 εἷ’
514 4757 601 4811 καὶ
651 4755 1108 4833 διεσκορπισμένα
1163 4762 1399 4835 σώματι,
1450 4762 1577 4819 ἀλλ’
1631 4764 1883 4836 ἡνωμένα

241 4843 537 4917 πνεύματι,
570 4843 892 4925 διειληφότα
934 4847 1127 4926 σχεδὸν
1176 4850 1318 4906 ἄλλο
1360 4853 1476 4905 κατ’
1525 4849 1665 4907 ἄλλο
1720 4855 1883 4929 μέρος

240 4933 343 5001 τήν
397 4933 719 5002 Ἐκκλησίαν
775 4957 871 4993 σου
926 4944 1098 4993 πᾶσαν
1134 4958 1147 4971 °
1208 4942 1296 4994 καὶ
1355 4947 1474 5003 ταῖς
1528 4943 1724 5016 αὐγαῖς
1782 4945 1882 5011 τῆς

240 5022 551 5098 ὁμολογίας
614 5021 767 5096 δίκην
843 5027 1079 5102 ἀστέρων
1157 5036 1576 5107 φρυκτωροῦντα
1643 5037 1760 5093 τοῖς
1830 5030 1883 5087 ἐν

234 5112 585 5186 νυκτομαχίᾳ
628 5122 731 5184 τῆς
779 5116 1055 5190 αἱρέσεως,
1093 5118 1155 5174 τὸ
1204 5124 1319 5195 φῶς
1367 5127 1467 5189 τῆς
1517 5119 1831 5193 ὀρθοδοξίας
1864 5141 1879 5157 ο

235 5202 305 5257 τά
336 5204 432 5271 μέν
486 5203 712 5260 τυθέντα
742 5210 859 5277 Θεῷ
906 5203 976 5261 δι’
1025 5206 1330 5278 ἀθλητικῆς
1380 5208 1714 5273 τελειώσεως
1749 5231 1763 5245 '
1815 5214 1881 5267 τά

239 5287 299 5345 δὶ
354 5291 645 5364 ἀθλοῦντα,
698 5292 865 5369 μηδὲν
923 5297 1340 5367 ὑποπτήσσοντα
1378 5303 1497 5359 τῶν
1551 5302 1830 5374 παρόντων
1863 5318 1880 5338 ·

236 5379 386 5437 ἀλλά
439 5380 746 5457 ῥωννύμενα
802 5390 922 5448 ταῖς
997 5385 1292 5441 θεοκλινέσι
1353 5408 1447 5443 σου
1522 5396 1877 5469 προσευχαῖς.

235 5469 388 5541 Αὕτη
440 5472 477 5541 ἡ
540 5468 667 5545 δόξα
723 5495 819 5530 σου
864 5481 964 5546 τῆς
1016 5475 1343 5548 Ἐκκλησίας
1377 5496 1391 5509 ο
1442 5479 1605 5534 τοῦτό
1666 5468 1763 5535 σου
1817 5482 1879 5536 τὸ

310 5650 357 5688 ¹⁹
383 5653 507 5709 Jac.
541 5667 597 5722 v,
626 5656 711 5711 16.
793 5656 860 5694 η’
880 5656 1092 5731 Philip.
1126 5675 1189 5731 ιι,
1218 5659 1272 5715 8.
1350 5658 1400 5697 ιο
1427 5658 1599 5719 Hebr.
1622 5675 1701 5731 χι,
1725 5658 1818 5720 25.

2004 3330 2229 3385 turbam
2265 3329 2610 3385 famulorum
2642 3338 2696 3385 et
2725 3328 3143 3384 oblectamenta
3172 3325 3637 3395 archiepiscopa-

2000 3417 2079 3474 lia
2124 3433 2139 3474 :
2198 3425 2256 3475 et
2313 3419 2484 3475 variis
2540 3418 2943 3486 incommodis,
3002 3417 3399 3473 confessorum
3458 3430 3636 3481 more,

2000 3508 2251 3563 exerceri
2309 3508 2593 3579 maluisti,
2625 3523 2802 3579 quam
2843 3505 3212 3577 temporariis
3252 3505 3364 3559 frui
3417 3502 3640 3558 deliciis

1999 3601 2219 3671 peccati
2250 3600 2315 3656 ³⁸.
2348 3602 2422 3656 Ac
2451 3606 2623 3668 certe,
2685 3598 2961 3671 quoniam
3018 3614 3133 3653 non
3172 3614 3240 3653 ex
3268 3595 3409 3666 illis,
3441 3594 3545 3650 etsi
3579 3594 3639 3649 in

1996 3686 2138 3758 illis,
2169 3688 2420 3756 vivebas,
2452 3689 2715 3745 membra
2746 3704 2846 3760 per
2874 3687 3050 3742 vitam
3092 3686 3151 3741 in
3183 3684 3425 3741 Domino
3446 3689 3637 3740 actam

1998 3779 2380 3845 mortiﬁcans,
2412 3784 2626 3835 sancta:
2655 3777 2857 3833 matris
2890 3774 3270 3848 privationem
3301 3770 3585 3845 pertulisti
3621 3789 3634 3828 :

1996 3867 2192 3923 charis
2251 3868 2550 3934 fratribus,
2605 3868 2881 3923 omnibus
2912 3864 3085 3921 simul
3132 3866 3388 3933 omnino,
3431 3864 3641 3935 spolia-

1994 3960 2109 4012 tus.
2141 3956 2399 4014 Necdum
2442 3957 2751 4029 opprobria
2780 3961 2879 4010 tua
2939 3952 3155 4011 Christi
3210 3952 3537 4024 opprobriis
3566 3952 3640 4007 si-

1997 4045 2161 4101 milia
2218 4062 2631 4114 commemoro,
2691 4045 2988 4099 immissas
3062 4042 3132 4097 ab
3186 4042 3636 4111 imperatoribus

1996 4137 2482 4206 oppugnationes,
2515 4134 2963 4201 ludiﬁcationes,
2988 4131 3286 4202 angustias
3319 4147 3333 4186 :
3368 4147 3435 4185 ac
3456 4130 3633 4185 veluti

1997 4226 2431 4282 sulfocationes.
2498 4225 2678 4284 Noctu
2738 4241 2870 4280 cum
2919 4222 3149 4278 Christo
3207 4223 3495 4276 abductus
3526 4236 3633 4276 es:

1994 4316 2207 4371 etenim
2242 4315 2507 4386 proditus
2534 4315 2711 4370 etiam
2758 4312 2882 4384 ipse
2920 4313 3210 4382 relegatus
3257 4327 3338 4375 es,
3372 4311 3430 4365 in
3473 4308 3637 4365 collis

1994 4404 2314 4462 confinium
2345 4407 2614 4461 redactus
2644 4421 2728 4471 es,
2762 4409 2985 4475 martyr
3013 4401 3251 4457 Christi.

2065 4494 2174 4551 Sed
2206 4509 2371 4566 euge,
2406 4496 2682 4566 quoniam
2705 4495 2767 4549 in
2798 4494 3013 4550 bonum
3041 4491 3149 4547 tibi
3178 4489 3393 4547 omnia.
3425 4489 3637 4545 Attolle

1995 4585 2054 4641 in
2085 4585 2283 4641 orbem
2323 4585 2517 4641 oculos
2546 4601 2613 4641 ex
2642 4584 2879 4657 specula
2909 4584 3142 4649 mentis,
3182 4586 3239 4637 et
3263 4581 3452 4651 aspice
3482 4580 3633 4635 filios

1993 4679 2147 4742 tuos,
2178 4691 2278 4731 seu
2323 4675 2502 4731 mavis
2548 4690 2703 4744 oves,
2745 4682 2939 4746 pastor
2994 4673 3157 4741 bone,
3191 4670 3456 4743 quamvis
3511 4687 3635 4725 cor-

1995 4780 2132 4836 pore
2152 4765 2460 4835 dispersas,
2504 4764 2698 4819 animo
2745 4768 2937 4818 tamen
2996 4762 3357 4831 conjunctas,
3416 4758 3474 4813 in
3514 4761 3631 4813 tota

1994 4869 2139 4926 pene
2171 4853 2425 4910 Ecclesia
2451 4859 2554 4910 tua
2580 4854 2756 4909 variis
2786 4852 2929 4908 locis
2957 4851 3200 4921 positas,
3232 4854 3290 4904 et
3320 4848 3631 4904 confessio-

1993 4943 2085 4998 nis
2141 4959 2258 4999 sum
2301 4942 2544 5014 fulgore,
2578 4941 2875 4998 stellarum
2929 4940 3135 5009 instar,
3167 4940 3239 4995 iis
3279 4937 3473 5009 quiin
3516 4953 3629 4992 no-

1993 5033 2215 5088 cturnis
2253 5031 2535 5089 haereseos
2599 5031 2857 5087 tenebris
2921 5032 3247 5096 versantur,
3295 5026 3627 5083 orthodoxa;

1991 5125 2125 5181 ﬁdei
2158 5125 2352 5181 lumen
2382 5125 2796 5181 ostendentes:
2831 5122 2973 5178 alias
3005 5123 3240 5193 quidem
3275 5121 3386 5176 Deo
3418 5120 3630 5175 immo-

1990 5214 2141 5270 latas
2164 5230 2262 5286 per
2283 5214 2616 5271 athleticam
2649 5212 3231 5280 consummationem,
3256 5209 3397 5265 alias
3426 5210 3628 5264 decer-

1990 5309 2182 5360 tantes
2238 5304 2364 5360 sine
2417 5306 2534 5360 ullo
2588 5302 2961 5375 praesentium
3021 5317 3209 5357 rerum
3270 5305 3426 5355 metu
3473 5300 3625 5355 :sed

1991 5394 2172 5453 Deum
2205 5396 2564 5453 ﬂectentibus
2593 5395 2863 5466 precibus
2894 5393 3009 5448 tuis
3044 5391 3464 5448 corroboratus.
3500 5390 3631 5446 Haec

1989 5492 2071 5542 est
2096 5484 2282 5558 gloria
2309 5484 2575 5541 Ecclesiae
2605 5487 2721 5540 tua:
2753 5499 2767 5539 :
2802 5483 2909 5539 hoc
2938 5481 3168 5553 insigne
3197 5497 3263 5538 ac
3300 5481 3629 5554 symbolum
