4062 6280
429 315 585 376 1175

424 541 504 604 te,
535 538 622 594 uti
654 554 828 608 nunc,
888 535 1257 609 gloriﬁcabit.
1299 533 1479 590 Multa
1527 534 1633 590 tibi
1695 551 1795 605 pro
1849 534 2078 591 Christo

426 626 682 700 imagine
714 627 1000 700 pugnanti
1039 625 1305 682 eﬁcomia
1352 623 1654 680 debentur.
1702 625 1807 679 Sed
1842 624 2078 696 ignosce

429 715 591 783 mihi,
629 716 726 772 Dei
771 716 1048 785 imitator,
1083 714 1185 787 qui
1235 715 1353 769 haec
1375 729 1442 768 ex
1464 729 1658 768 amore
1708 729 1888 768 ausus
1919 730 2076 780 sum,

428 820 558 875 quas
580 805 697 860 dixi
730 825 745 874 ;
780 821 975 861 sacras
1024 820 1222 876 preces
1253 809 1385 858 tuas
1412 801 1771 872 impertiens,
1807 806 1869 856 ut
1898 802 2075 858 mini-

428 910 560 950 mus
583 893 736 950 filius
764 899 903 951 tuus
950 910 1079 950 esse
1139 909 1252 950 non
1307 891 1594 947 desinam.
1654 892 1751 963 qui
1811 892 2073 947 omnium

429 983 680 1041 maxime
709 984 937 1041 inutilis
967 999 1095 1040 sum
1129 987 1365 1055 propter
1393 985 1651 1054 peccata.

936 1204 1092 1262 XIX.
1122 1236 1191 1246 —
1220 1203 1566 1262 Martialibus.

1668 311 1728 370 S.
1776 310 2174 374 THEODORI
2221 313 2581 376 STUDITIE

427 448 686 520 martyrii
723 466 736 506 :
778 448 932 522 quod
964 462 1214 519 sequens
1257 447 1397 501 tetas
1445 442 1759 514 excipiens,
1791 443 1975 501 Deum
2007 446 2069 502 in

2191 446 2460 518 σύσσημον
2507 453 2609 516 τῆς
2668 445 2968 522 μαρτυρίας
3002 468 3015 480 ο

3679 323 3832 382 H76

3076 449 3207 522 ὅπερ
3259 450 3288 504 6
3355 450 3574 524 μέλλων
3637 452 3834 526 χρόνος

2192 533 2600 608 ὑποδεξάμενος,
2649 534 2886 606 δοξάσειε
2935 537 3024 592 τὸν
3071 538 3199 592 Θεὸν
3246 539 3296 593 ἐν
3349 562 3456 611 σοι,
3508 541 3582 603 ὡς
3631 545 3722 597 καὶ
3770 544 3838 598 τά.

2185 631 2296 682 νῦν.
2328 625 2521 682 Πολλά
2573 630 2753 682 σοιτά
2803 627 3049 702 ἐγκώμια
3101 629 3374 704 ὀφείλεται
3422 638 3499 705 τῷ
3545 634 3681 708 ὑπὲρ
3731 641 3832 702 τῆς

2187 714 2394 776 εἰκόνος
2430 719 2665 790 Χριστοῦ
2711 715 3043 774 ἐναθλοῦντι.
3079 717 3252 774 Ἀλλά
3304 742 3399 793 μοι
3448 721 3738 795 σύγγνωθι,
3787 721 3830 776 ὦ

2186 804 2513 877 θεομίμητε,
2544 803 2887 877 τολμήσαντι
2921 805 2978 861 ἐκ
3018 808 3190 862 πόθου
3221 808 3273 862 ἐν
3319 811 3406 873 οἷς
3434 809 3777 887 ἐφθεγξάμην
3814 831 3827 844 ο

2187 895 2551 968 χαριζόμενος
2607 897 2706 964 τήν
2762 895 2908 968 ἱεράν
2964 917 3058 950 σου
3117 899 3454 974 προσευχὴν,
3484 901 3558 962 ὡς
3622 899 3685 954 ἂν
3750 903 3824 974 μή

2185 985 2516 1058 ἀποπέσοιμι
2566 991 2663 1041 τοῦ
2709 986 2839 1041 εἶναί
2891 1007 2984 1042 σου
3033 986 3326 1062 ἐλάχιστον
3383 992 3588 1059 τεκνον,
3643 993 3672 1045 6
3719 997 3828 1046 τῶν

2185 1075 2432 1129 ἁπάντων
2461 1075 2813 1151 ἀχρειότερος
2845 1073 2933 1130 διὰ
2961 1078 3055 1139 τὰς
3088 1078 3378 1153 ἁμαρτίας.

2521 1205 2626 1259 ΙΘ’.
2670 1236 2733 1246 —-
2776 1205 3262 1274 Μοναζούσαις.
3305 1208 3486 1281 [σκα’.]

1521 1339 1603 1388 Ad
1640 1338 1907 1402 religiosae
1943 1338 2066 1386 vitae
2093 1337 2479 1401 perfectionem
2508 1341 2718 1390 excitat.

499 1435 732 1508 Optima
754 1435 829 1492 ad
864 1452 956 1493 me
988 1437 1143 1493 fama
1174 1438 1394 1509 perlata
1423 1437 1495 1493 de
1525 1437 1842 1493 reverentia
1860 1441 2073 1500 vestra,

423 1539 530 1597 ego
559 1525 800 1580 humilis
819 1526 982 1582 laetor
1009 1543 1022 1580 :
1057 1527 1352 1599 imprimis
1375 1527 1528 1598 quod
1555 1527 1795 1599 sanguis
1818 1531 1875 1582 et
1907 1525 2077 1597 spiri-

424 1620 524 1668 tus
552 1614 694 1669 estis
717 1614 972 1670 hominis
1004 1616 1125 1676 Dei,
1157 1621 1214 1670 et
1242 1615 1572 1672 communis
1596 1616 1873 1684 parentis.
1897 1615 2078 1669 Vehe-

2258 1435 2488 1509 Ἀγαθήν
2537 1439 2705 1505 ἂκοὴν
2756 1438 3125 1515 ἐνηχούμενος
3176 1442 3299 1515 περὶ
3354 1449 3456 1511 τῆς
3505 1443 3833 1515 τιμιότητος

2187 1526 2336 1598 ὑμῶν
2369 1527 2552 1600 χαίρω
2584 1528 2611 1581 6
2643 1530 2913 1590 ταπεινός’
2950 1529 3186 1602 μάλιστα
3217 1532 3299 1586 ὅτι
3330 1535 3466 1605 αἷμα
3495 1533 3586 1587 καὶ
3622 1535 3832 1604 πνεῦμά

2185 1612 2302 1670 ἐστε
2353 1620 2451 1670 τοῦ
2509 1617 2796 1692 ἀνθρώπου
2852 1623 2948 1674 τοῦ
3008 1624 3142 1674 Θεοῦ
3194 1621 3284 1676 καὶ
3351 1625 3538 1676 κοινοῦ
3603 1621 3830 1694 Πατρός.

427 1704 682 1760 mentius
731 1709 920 1761 autem
975 1707 1199 1777 gaudeo
1256 1711 1312 1762 et
1367 1707 1628 1778 gloriﬂoo
1678 1707 1884 1774 Deum,
1944 1724 2078 1764 cum

2191 1704 2308 1760 Ἐτι
2350 1702 2406 1758 δὲ
2452 1705 2850 1779 περισσοτέρως
2894 1707 3102 1781 ἥδομαι
3149 1711 3240 1765 καὶ
3285 1707 3494 1784 δοξάζω
3540 1712 3634 1766 τὸν
3681 1712 3829 1781 Θεὸν,

428 1793 602 1849 audio
628 1794 955 1865 perstitisse
987 1812 1085 1851 vos
1120 1795 1406 1851 hactenus
1457 1796 1618 1852 nulla
1647 1798 2080 1853 communionis

429 1881 709 1938 haereticis
742 1883 870 1940 labe
902 1901 1194 1956 aspersas.
1215 1887 1282 1941 Et
1319 1903 1416 1942 eos
1441 1887 1641 1958 utique
1697 1892 1945 1958 oportet,
1979 1887 2080 1957 qui

430 1975 570 2028 sunt
619 1988 856 2045 corpore
903 1972 1134 2044 illibati,
1189 1975 1323 2031 fidei
1411 1992 1642 2048 quoque
1691 1977 2077 2047 integritatem

432 2061 745 2118 custodire.
781 2063 1201 2120 Fornicationis
1223 2065 1377 2120 enim
1409 2081 1596 2138 genus
1624 2071 1735 2135 est,
1765 2083 1796 2122 ο
1820 2067 2078 2138 pruden-

432 2149 701 2218 tissimas,
757 2151 845 2206 vel
900 2155 1310 2211 communione
1367 2155 1628 2228 copulari
1679 2174 1696 2212 :
1753 2173 1786 2211 a
1824 2173 1940 2228 qua
1977 2173 2080 2212 vos

434 2239 720 2296 Dominus
751 2257 938 2313 usque
967 2241 1028 2298 in
1062 2244 1238 2299 ﬁnem
1306 2250 1496 2300 servet
1526 2247 1794 2314 intactas,
1826 2247 1928 2317 qui
1977 2263 2079 2302 vos

432 2326 560 2401 ipse
609 2329 718 2384 sibi
770 2347 870 2402 per
916 2331 1261 2401 virginitatis
1317 2339 1517 2390 votum
1564 2335 1887 2406 despondit.
1950 2337 2079 2392 Hac

432 2417 592 2489 prior
623 2435 756 2489 pars
813 2421 1092 2476 orationis
1131 2438 1293 2478 meae.
1347 2423 1779 2479 Institutionem
1811 2434 2000 2480 autem
2043 2442 2077 2481 a

433 2523 527 2562 me
550 2513 850 2577 peccatore
903 2524 1008 2564 cur
1064 2510 1362 2580 ﬂagitatis,
1430 2528 1564 2567 cum
1624 2512 1753 2567 sitis
1811 2513 1945 2584 ipsa:
1979 2531 2080 2584 per

432 2594 640 2650 Christi
673 2598 920 2668 gratiam
953 2615 985 2652 a
1001 2602 1112 2654 Deo
1129 2599 1342 2656 edoctae
1363 2601 1390 2655 τ
1414 2601 1558 2657 Nam
1580 2609 1634 2657 et
1668 2619 1735 2657 ex
1753 2603 1865 2674 piis
1895 2604 2076 2660 ambae

433 2704 570 2750 ortze
592 2697 950 2765 parentibus,
983 2705 1036 2753 et
1077 2699 1330 2754 scientia:
1388 2701 1632 2768 eximiae,
1664 2706 1718 2756 et
1775 2701 1898 2772 ipso
1949 2703 2075 2757 vitae

433 2799 643 2856 genere
699 2785 1024 2842 doctrinam
1102 2789 1507 2844 mandatorum
1568 2792 1958 2862 praeferentes.
2018 2793 2078 2847 Si

432 2872 572 2944 quid
607 2879 802 2929 autem
834 2880 950 2930 eta
1008 2876 1174 2932 nobis
1231 2878 1516 2948 imperitis
1582 2880 1840 2950 poscitis,
1901 2883 2080 2938 timor

431 2960 531 3018 Dei
563 2963 999 3035 conquirendos
1030 2966 1339 3038 imprimis.
1373 2967 1511 3026 Nam
1574 2969 1622 3024 is
1660 2971 1760 3025 ubi
1810 2971 2075 3027 animum

2192 1794 2472 1864 μανθάνων
2521 1793 2606 1849 ὅτι
2656 1794 2920 1869 ἅχραντοι
2970 1796 3404 1871 διαμεμενήκατε
3445 1797 3550 1861 ἕως
3594 1805 3694 1855 τοῦ
3743 1805 3830 1854 νῦν

2185 1890 2284 1952 τῆς
2338 1889 2444 1938 τῶν
2505 1885 2789 1957 αἱρετικῶν
2842 1888 3146 1952 κοινωνίας.
3207 1888 3365 1965 Καίγε
3422 1887 3507 1944 δεῖ
3579 1889 3710 1952 τοὺς
3764 1889 3829 1944 τά

2187 1976 2415 2046 σώματα
2491 1971 2728 2048 ἀνέπαφα
2805 1973 3052 2050 ἔχοντας,
3112 1980 3200 2032 καὶ
3275 1980 3411 2034 κατὰ
3479 1981 3582 2048 τήν
3652 1979 3826 2034 πίστιν

2186 2061 2547 2136 παρθενεύειν.
2596 2063 2835 2138 Μοιχεία
2883 2065 2987 2139 γάρ
3029 2064 3194 2136 ἐστιν,
3244 2066 3288 2121 ὦ
3345 2069 3692 2141 πανσύνετοι,
3739 2070 3828 2123 καί

2183 2151 2248 2205 τὸ
2277 2158 2377 2221 τῆς
2425 2151 2708 2217 κοινωνίας
2761 2155 3005 2230 μετέχειν
3041 2175 3054 2189 ·
3103 2160 3169 2225 ἧς
3221 2157 3360 2230 ὑμᾶς
3406 2162 3612 2235 Κύριος
3666 2159 3826 2233 μέχρι

2184 2238 2378 2304 τέλους
2420 2239 2795 2317 διατηρήσειεν
2853 2243 3215 2318 ἐναψαύστους
3248 2266 3263 2282 ο
3313 2247 3341 2301 ὁ
3387 2249 3829 2324 νυμφευσάμενος

2187 2330 2362 2402 ἑαυτῷ
2408 2328 2495 2385 διὰ
2543 2336 2638 2387 τοῦ
2690 2333 2827 2388 κατὰ
2882 2335 2981 2404 τὴν
3038 2336 3324 2412 παρθενίαν
3379 2336 3823 2414 ἓπαγγέλματος.

2187 2420 2356 2481 Οὗτος
2414 2421 2442 2474 6
2500 2422 2715 2494 πρῶτός
2774 2443 2868 2495 μοι
2929 2422 3118 2498 λόγος.
3178 2422 3538 2480 Διδασκαλίαν
3599 2423 3658 2480 δὲ
3711 2424 3828 2498 παρ’

2188 2509 2324 2582 ἐμοῦ
2368 2515 2466 2564 τοῦ
2516 2511 2853 2583 ἁμαρτωλοῦ
2898 2511 2991 2568 ’ίνα
3039 2513 3092 2569 τί
3137 2513 3408 2584 αἰτεῖσθες
3460 2515 3622 2589 ὑμεῖς
3669 2512 3831 2569 θεοδί-

2188 2597 2372 2654 δακτοί
2403 2597 2518 2654 ἕστε
2567 2605 2773 2674 χάριτι.
2807 2603 3068 2673 Χριστοῦ.
3107 2603 3204 2658 Καὶ
3251 2603 3350 2678 γὰρ
3381 2606 3470 2659 καὶ
3524 2605 3585 2660 ἐκ
3633 2605 3824 2678 γονέων

2188 2683 2423 2743 εὐσεϐῶν
2481 2689 2809 2764 ἀμφότεραι,
2863 2693 2953 2746 καί
3005 2694 3195 2768 γνώσει
3257 2691 3612 2774 διαφέρουσαι
3649 2715 3662 2729 ο
3739 2695 3825 2749 καὶ

2186 2781 2264 2848 τῷ
2300 2777 2404 2851 βίῳ
2433 2778 2495 2832 τὸ
2545 2776 2894 2835 διδασκάλων
2922 2785 3027 2834 τῶν
3073 2781 3311 2838 ἐντολῶν
3351 2779 3822 2856 προϐαλλόμεναι.

2187 2865 2252 2921 Εἰ
2285 2863 2340 2921 δέ
2369 2887 2420 2920 τι
2450 2867 2539 2921 καὶ
2572 2869 2697 2940 παρ’
2726 2872 2886 2940 ἡμῶν
2921 2867 3124 2924 δέοισθε
3151 2876 3257 2925 τῶν
3289 2871 3516 2944 ἀμαθῶν
3553 2890 3567 2903 ⁶
3602 2874 3630 2927 6
3661 2867 3824 2951 φόϐος

2186 2959 2280 3009 τοῦ
2331 2959 2464 3010 Θεοῦ
2511 2955 2572 3010 τὸ
2624 2958 2974 3029 ζητούμενον.
3025 2959 3193 3022 Οὗτος
3238 2961 3339 3033 γὰρ
3389 2958 3439 3015 ἒν
3489 2959 3688 3033 καρδίᾳ
3742 2958 3821 3015 δε·

432 3051 633 3119 subiit,
698 3051 796 3108 lux
843 3053 1080 3123 aﬂ‘ulsit,
1127 3055 1359 3113 vitiosos
1409 3060 1755 3130 temperavit
1813 3061 2074 3117 etI'ectus.

2294 3045 2308 3065 κ
2445 3050 2509 3080 -ρ
2561 3040 2584 3064 ν
2864 3048 2876 3064 ι
2994 3049 3003 3064 ι
3135 3049 3149 3066 ν
3444 3051 3455 3073 ν
3604 3051 3630 3070 τ-
3785 3052 3794 3066 ι

2191 3048 2363 3121 χθεις,
2396 3068 2507 3122 φω..
2559 3045 2792 3120 ελαμψε,
2823 3067 2888 3101 τα
2935 3050 3077 3119 παθη
3131 3049 3409 3122 εμείωσεν.
3465 3052 3528 3120 EE
3564 3072 3630 3104 ου
3671 3072 3822 3106 κατα-

432 3139 572 3196 Inde
602 3143 997 3214 compunctio,
1055 3144 1345 3216 lacrymae,
1397 3148 1604 3202 mundi
1662 3149 1884 3217 odium,
1945 3149 2073 3204 cceli

431 3228 780 3286 desiderium
805 3248 819 3300 ;
853 3237 910 3288 et
940 3233 1078 3304 quid
1110 3251 1223 3290 non
1246 3235 1381 3291 inde
1411 3241 1631 3294 rectum
1665 3238 1926 3293 oriatur?
1946 3239 2076 3295 Haec

431 3317 534 3375 Dei
578 3318 846 3377 videlicet
893 3322 1239 3380 inhabitatio
1287 3330 1418 3382 est:
1454 3326 1554 3381 ubi
1614 3343 1748 3383 vero
1790 3329 1960 3395 Deus,
1994 3328 2075 3383 ibi

431 3407 565 3465 fons
595 3409 906 3479 honorum,
941 3427 1072 3482 pax,
1103 3414 1406 3484 gaudium,
1435 3415 1708 3472 charitas.
1744 3417 1950 3473 Hortor
1978 3435 2078 3474 vos

428 3496 622 3568 itaque
661 3513 768 3570 ego
827 3499 1084 3568 humilis,
1145 3519 1260 3558 non
1299 3505 1369 3559 ad
1405 3520 1472 3560 ea
1515 3522 1642 3576 qua:
1693 3507 2077 3563 circumstant

429 3585 694 3658 exempla
728 3585 965 3655 intueri,
1007 3591 1254 3647 maxime
1284 3608 1418 3648 vero
1450 3610 1565 3650 non
1613 3595 1684 3650 ad
1717 3595 2075 3665 simulatam,

429 3690 603 3746 quam
637 3675 927 3747 pleraeque
985 3679 1268 3736 moniales
1301 3683 1636 3754 praeierunt,
1687 3687 2076 3741 conversatio-

431 3778 566 3818 nem
600 3764 874 3836 tepidam,
907 3769 974 3822 ut
1001 3767 1083 3822 ita
1119 3767 1345 3840 loquar,
1395 3776 1452 3826 et
1482 3771 1788 3828 remissam
1825 3790 1838 3827 :
1870 3775 1967 3830 sed
2003 3776 2074 3830 ad

433 3854 664 3925 egregia
693 3855 1068 3927 exemplaria,
1103 3875 1355 3929 quorum
1388 3861 1530 3916 vitas
1553 3861 1775 3918 habetis
1808 3879 1921 3934 prae
1953 3880 2079 3919 ma-

437 3944 615 4001 nibus
645 3947 840 4003 divino
871 3951 1094 4020 passim
1127 3968 1325 4008 amore
1369 3957 1743 4012 coruscantes
1778 3957 2082 4027 :quando-

436 4035 672 4106 quidem
707 4053 810 4093 nec
854 4039 1038 4110 pictor
1068 4057 1136 4095 ex
1186 4042 1566 4112 deformibus,
1601 4046 1700 4099 sed
1759 4062 1823 4101 ex
1855 4046 2080 4102 decoris

429 4123 790 4197 imaginibus
820 4144 885 4183 ac
913 4134 1197 4186 vetustate
1254 4132 1583 4204 conspicuis
1616 4134 1928 4207 imaginem
1978 4153 2080 4192 ex-

432 4215 734 4286 presserit.

503 4302 649 4366 Quid
683 4305 742 4359 in
777 4305 1076 4364 illisvobis
1130 4310 1491 4380 exploratum
1551 4313 1672 4368 sit?
1727 4313 1952 4370 Solutio
2009 4314 2080 4369 ab

2185 3137 2327 3204 νυξις
2361 3152 2374 3165 ⁸
2410 3133 2638 3210 δάκρυον
2673 3154 2685 3167 ·
2724 3142 2880 3208 μῖσος
2909 3139 3120 3210 κόσμου
3154 3159 3166 3170 ·
3212 3137 3477 3211 ἐπιθυμία
3525 3141 3768 3216 οὐρανῶν
3803 3157 3816 3171 ·

2184 3224 2274 3280 καὶ
2321 3226 2376 3280 τί
2424 3225 2528 3300 γὰρ
2577 3226 2640 3279 οὐ
2689 3226 2856 3281 καλὸν
2897 3225 3134 3282 ἐντεῦθεν
3192 3227 3594 3304 προσγίνοιτο;
3655 3232 3817 3286 Τοῦτο

2187 3316 2279 3371 οὖν
2312 3317 2451 3371 ἐστιν
2502 3316 2772 3386 ἐνοίκησις
2804 3322 2936 3372 Θεοῦ
2969 3337 2983 3350 ·
3030 3318 3091 3372 οὗ
3123 3315 3179 3373 δὲ
3218 3319 3368 3388 Θεὸς,
3403 3319 3515 3374 ἐκεῖ
3561 3324 3668 3375 τῶν
3700 3319 3822 3396 ἀγα-

2187 3409 2294 3461 θῶν
2327 3409 2361 3476 ἡ
2411 3409 2583 3481 πηγὴ,
2635 3408 2846 3481 εἰρήνη,
2896 3410 3063 3483 χαρὰ,
3113 3409 3314 3485 ἀγάπη.
3369 3411 3679 3484 Παρακαλῶ
3733 3408 3817 3464 οὗν

2189 3497 2328 3572 ὑμᾶς
2361 3498 2387 3552 6
2425 3499 2700 3562 ταπεινὸς,
2754 3500 2829 3570 μή
2881 3500 3018 3572 πρὸς
3047 3498 3113 3553 τά
3155 3503 3262 3553 τῶν
3290 3501 3534 3570 πλησίον
3586 3495 3818 3556 ἀποϐλέ-

2187 3608 2304 3641 πειν
2338 3585 2748 3660 παραδείγματα
2780 3606 2793 3619 ⁸
2848 3589 2939 3642 καὶ
2974 3587 3211 3660 μάλιστα
3240 3596 3340 3658 τῆς
3387 3589 3739 3650 ἐπιπλάστως
3770 3589 3818 3643 ἐν

2186 3682 2305 3739 ταῖς
2335 3676 2618 3739 πλείσταις
2645 3681 2749 3732 τῶν
2786 3683 3136 3752 μοναζουσῶν
3167 3677 3622 3757 ἐπιδεδειγμένης
3666 3677 3818 3735 πολι⁹

2187 3773 2331 3829 τείας
2382 3765 2642 3841 χλιαρᾶς,
2677 3765 2752 3820 ’ἶν’
2805 3766 2978 3830 οὕτως
3023 3767 3182 3838 εἷ’πω,
3232 3771 3322 3823 καὶ
3372 3769 3816 3845 συγκεχυμένης’

2189 3855 2335 3911 ἀλλά
2363 3856 2496 3930 πρὸς
2541 3856 2607 3910 τὰ
2638 3856 2921 3934 ἀρχέτυπα
2965 3856 3171 3928 κάλλη,
3205 3858 3278 3912 ὧν
3311 3858 3363 3913 οἱ
3411 3858 3520 3933 βίοι
3555 3858 3606 3914 ἐν
3638 3857 3814 3934 χερσὶν

2189 3946 2364 4020 ὓμῶν,
2449 3945 2993 4023 ἀστραπηφοροῦντες
3093 3945 3219 4009 τοὺς
3306 3947 3482 4010 θείους
3577 3947 3815 4023 ἔρωτας·

2188 4032 2304 4090 ἐπεὶ
2347 4033 2437 4089 καὶ
2487 4035 2767 4112 ζωγράφος
2817 4032 2913 4090 οὐκ
2959 4033 3019 4090 ἐκ
3066 4034 3311 4110 φαύλων,
3363 4035 3489 4091 ἀλλ’
3548 4035 3598 4106 ἐξ
3657 4036 3814 4109 ὡραϊ-

2192 4124 2400 4198 σμὲνων
2440 4123 2530 4179 καὶ
2579 4124 2909 4199 ἀρχαιότητι
2969 4121 3332 4204 διαφερόντων
3390 4124 3614 4181 εἰκόνων
3667 4142 3816 4198 μετα·

2189 4215 2444 4292 γράφοιεν
2475 4214 2676 4272 εἰκόνα.

2263 4305 2330 4362 Τί
2359 4305 2424 4373 ἧν
2475 4303 2526 4358 ἐν
2579 4303 2807 4367 ἐκείναις
2856 4305 3091 4378 γνωστὸν
3144 4305 3312 4377 ὑμῖν;
3369 4305 3537 4368 Λύσις
3590 4311 3692 4362 τῶν
3749 4300 3815 4355 δε·

431 4393 744 4449 aﬂ’ectuum
805 4397 1070 4459 vinculis,
1137 4400 1320 4456 virilis
1361 4407 1632 4472 aspectus
1687 4405 1842 4474 fuga,
1889 4405 2078 4475 quoad

2193 4399 2342 4467 σμῶν
2371 4402 2468 4463 τῆς
2522 4394 2886 4467 προσπαθείας
2917 4417 2930 4429 ο
2983 4396 3128 4471 φυγή
3162 4393 3448 4470 ἀρῥενικής
3497 4391 3670 4468 ὅψεως
3701 4391 3814 4446 ὅσον

2194 4483 2208 4498 ﬁ
2251 4483 2295 4498 κο
2687 4479 2715 4498 Ω
2752 4479 2806 4498 οη
2917 4485 2927 4498 l
3148 4484 3160 4498 1
3405 4483 3418 4498 Ι
3512 4488 3538 4498 α
3651 4482 3663 4498 0
3705 4481 3758 4498 Δὶ

431 4484 560 4553 ejus
591 4484 714 4538 ﬁeri
743 4490 950 4555 potest,
1012 4489 1298 4546 demissus
1359 4491 1540 4546 animi
1609 4510 1841 4559 sensus,
1902 4497 2080 4550 vestis

432 4573 689 4640 sordida,
723 4575 980 4644 deiectus
1010 4577 1069 4632 in
1103 4592 1308 4636 terram
1341 4581 1567 4650 oculus,
1601 4583 1837 4640 inutiles
1878 4601 2081 4640 narra-

426 4663 722 4718 tiunculas
746 4666 906 4721 auris
937 4667 1182 4730 evitans.
1216 4687 1281 4726 os
1334 4672 1528 4726 divina
1559 4673 1825 4746 loquens,
1856 4675 2079 4730 vexatio

435 4753 716 4821 corporis.
784 4755 929 4810 Nam
979 4758 1063 4812 sic
1131 4759 1369 4816 affectus
1439 4763 1630 4817 carnis
1689 4769 2078 4834 superarunt;

437 4844 905 4914 quandoquidem
937 4863 1064 4902 caro
1109 4851 1433 4922 concupiscit
1489 4852 1750 4908 adversus
1803 4854 2080 4925 spiritum,

440 4936 501 4986 ut
533 4932 818 5004 scriptum
869 4941 978 5003 est,
1036 4939 1265 5007 spiritus
1323 4945 1502 4996 autem
1534 4941 1790 4997 adversus
1820 4959 2039 4999 carnem
2063 4961 2081 4998 :

441 5021 558 5078 haec
585 5026 732 5079 enim
761 5025 868 5080 sibi
896 5028 1126 5082 invicem
1163 5029 1525 5085 adversantur
1554 5030 1620 5097 εί,
1662 5037 1718 5086 et
1748 5037 1833 5086 est
1864 5033 2082 5088 bellum

437 5109 828 5182 implacabile.
864 5115 1048 5178 Quare
1105 5121 1263 5172 omni
1310 5120 1402 5174 die
1461 5137 1690 5175 necesse
1739 5126 1846 5189 est,
1908 5139 2085 5191 prope

436 5200 678 5256 dixerim
704 5204 857 5258 omni
894 5204 1056 5270 hora,
1081 5208 1360 5262 adversus
1399 5208 1541 5263 vitia
1591 5218 1822 5264 strenue
1873 5227 1976 5264 nos
1999 5210 2084 5264 di-

439 5290 674 5360 micare,
703 5291 810 5348 Deo
855 5300 1154 5361 Spectante
1184 5312 1248 5350 ac
1281 5297 1542 5365 juvante,
1583 5303 1711 5368 post
1744 5298 2083 5355 diuturnum

438 5384 727 5436 certamen
760 5382 985 5437 hostem
1041 5383 1356 5452 vincentes,
1391 5387 1489 5456 qui
1546 5393 1809 5442 nostrum
1857 5405 2089 5460 semper

438 5471 676 5524 exitium
724 5471 844 5525 sitit
880 5489 890 5524 ε
930 5473 1097 5542 cujus
1143 5474 1337 5544 jacula
1379 5475 1598 5532 nullius
1655 5479 1890 5535 demum
1951 5483 2090 5534 sunt

507 5656 547 5691 ¹¹
583 5655 767 5711 Galat.
803 5673 854 5724 ν,
883 5658 969 5714 17.

2190 4483 2463 4562 ἐνδέχεται
2499 4503 2510 4516 ’
2544 4479 3026 4557 καταϐεϐλημὲνον
3060 4484 3318 4560 φρόνημα
3342 4501 3355 4514 °
3393 4483 3619 4559 ῥυπῶσα
3647 4481 3812 4548 ἐσθής,

2194 4571 2350 4648 ὄμμα
2405 4576 2551 4628 κάτω
2607 4575 2871 4636 νενευκός.
2931 4572 3036 4634 Οὖς
3091 4578 3286 4652 φεῦγον
3347 4570 3600 4650 ἀνωφελῆ
3670 4568 3814 4625 ἀκού·

2193 4685 2369 4738 σματα
2402 4682 2413 4695 ⁸
2467 4665 2640 4736 στόμα
2671 4661 2872 4718 λαλοῦν
2925 4661 3095 4727 ἔνθεα,
3147 4663 3505 4736 ὑπωπιασμὸς
3553 4662 3810 4733 σώματος.

2193 4754 2346 4809 Οὕτω
2375 4755 2474 4828 γάρ
2523 4753 2894 4827 περιεγένοντο
2925 4757 3022 4807 τοῦ
3068 4758 3168 4821 τῆς
3200 4753 3396 4827 σαρκὸς
3442 4754 3779 4826 φρονήματος
3799 4765 3810 4777 ⁸

2195 4844 2411 4917 ἐπείπερ
2444 4846 2478 4912 ἠ
2514 4843 2665 4918 σὰρξ
2708 4843 3024 4915 ἐπιθυμεῖ
3060 4842 3224 4897 κατά
3270 4847 3385 4896 τοῦ
3426 4841 3810 4912 πνεύματος,

2195 4935 2269 4996 ὡς
2301 4933 2645 5009 γέγραπται·
2677 4933 2748 4986 τὸ
2792 4929 2857 4986 δὲ
2895 4936 3149 5004 πνεῦμ’α
3186 4932 3348 4986 κατὰ
3386 4938 3506 4999 τῆς
3543 4926 3767 5003 σαρκός
3795 4942 3807 4957 0

2194 5027 2397 5078 ταῦτα
2442 5021 2507 5078 δὲ
2553 5023 2928 5076 ἀντίκειται
2979 5019 3316 5092 ἀλλήλοις
3353 5041 3365 5053 ·
3407 5021 3496 5075 καὶ
3528 5021 3808 5092 ἀκήρυκτος

2195 5113 2461 5184 πόλεμος.
2522 5114 2622 5168 Καὶ
2681 5111 2762 5166 δεῖ
2815 5114 2962 5183 ἡμᾶς
3021 5117 3192 5165 πᾶσαν
3263 5113 3493 5185 ἡμέραν,
3551 5107 3679 5163 εἴπω
3730 5101 3810 5157 καὶ

2197 5207 2363 5278 ὥραν,
2415 5202 2741 5259 ὁπλίσασθαι
2791 5204 2928 5258 κατά
2979 5206 3083 5257 τῶν
3145 5204 3330 5257 παθῶν
3383 5199 3644 5272 ἀνδρικῶς
3694 5192 3813 5268 μετά

2197 5297 2336 5348 Θεοῦ
2379 5293 2467 5347 καὶ
2523 5293 2614 5348 σὺν
2669 5298 2808 5364 Θεῷ,
2857 5291 2909 5347 ἐν
2956 5291 3157 5364 πολλῷ
3213 5291 3382 5368 ἀγῶνι
3436 5295 3683 5347 νικῶντας
3735 5281 3813 5335 τὸν

2198 5382 2417 5460 ἐχθρὸν,
2461 5384 2552 5438 τὸν
2595 5384 2676 5438 ἀεὶ
2736 5381 2980 5457 διψῶντα
3025 5383 3124 5450 τήν
3180 5380 3454 5436 ἀπώλειαν
3509 5377 3659 5452 ἡμῶν
3691 5393 3702 5407 ο
3755 5368 3809 5424 οὗ

3080 5471 3240 5528 laxe-2
3301 5477 3413 5533 τοῖς
3473 5466 3808 5544 προσέχουσιν

2198 5474 2251 5528 αἱ
2323 5475 2584 5556 ῥομραῖαι
2640 5476 2714 5538 εἰς
2772 5474 2928 5537 τέλος
2996 5473 3240 5545 ἐξέλιπον
3301 5477 3413 5533 τοῖς
