4062 6280
322 358 475 418 1177

1595 362 2151 425 EPISTOLABUM
2196 364 2346 424 LIB.
2394 363 2473 424 ll.

3567 354 3723 415 11Ἲὸ

316 495 598 574 ἀσφαλῶς.
648 495 763 552 Οὐκ
810 489 919 549 ἔστι
981 494 1037 550 δὲ
1084 498 1158 567 μή
1233 498 1493 565 ἡττᾶσθαι
1562 500 1798 568 πάντως,
1873 500 1958 554 καὶ

2081 500 2305 556 roboris
2354 499 2413 555 in
2463 514 2560 554 eos
2592 497 2693 568 qui
2742 496 2852 553 sibi
2909 494 3113 551 sedulo
3162 491 3546 564 prospiciunt.
3596 491 3724 546 Non

316 584 678 656 πλήττεσθαι,
713 587 803 641 τὸν
856 582 1275 659 ἀγωνιζόμενον,
1323 585 1374 639 ἐν
1428 586 1580 661 λόγῳ
1628 588 1712 641 καὶ
1764 587 1958 661 ἐννοίᾳ,

320 674 409 727 καὶ
442 676 492 728 εν
522 680 635 736 τοῖς
667 675 881 748 ὁμοίοις
913 680 1027 736 τοῖς
1066 676 1141 747 μή
1193 676 1327 749 πρὸς
1377 676 1597 731 θάνατον
1646 679 1912 751 ἁμαρτιας
1943 698 1954 711 ·

322 761 469 817 ἀλλά
496 764 558 818 τὸ
589 766 779 819 θᾶττον
828 763 1175 819 ἀναπαλαίειν
1211 766 1344 839 χρὴ,
1368 765 1456 819 καὶ
1481 765 1567 820 ἐπὶ
1596 772 1692 834 τῆς
1734 764 1959 835 δεούσης

317 848 568 906 ’ίστασθαι
600 854 996 915 καταστάσεως.
1017 860 1150 925 Παρ
1170 855 1536 927 απτώμᾱτα
1564 855 1682 929 γὰρ
1704 854 1804 915 τίς
1827 876 1959 908 συν-

322 942 505 1010 ήσει;
542 943 639 995 Κοὶ
686 943 767 1004 τίς
799 945 1134 1017 καυχήσεται
1175 944 1271 1011 τήν
1306 945 1489 1018 ψυχὴν
1549 945 1718 1019 ἁγνήν
1764 942 1909 1018 ἔχειν
1945 964 1958 1014 ;

324 1030 424 1085 Καὶ
453 1031 504 1085 ἐν
535 1030 717 1104 θλίψει
751 1033 843 1105 μὲν
898 1034 924 1086 ὁ
970 1032 1020 1085 ἐν
1077 1032 1262 1107 Κυρίῳ
1314 1038 1418 1101 ζῶν
1461 1051 1474 1064 ·
1520 1030 1707 1102 ἐπειδῆ
1764 1035 1961 1102 στενὴ

320 1120 431 1173 καὶ
460 1119 883 1193 τεθλιμμένη
917 1124 951 1190 ἡ
986 1119 1137 1183 ὁδὸς
1170 1122 1509 1196 ἀπάγουσα
1544 1122 1638 1183 εἰς
1678 1123 1793 1191 τὴν
1836 1126 1959 1192 ζῶ-

322 1211 397 1277 ήν
419 1228 431 1239 ·
459 1206 637 1282 ὥσπερ
671 1211 704 1278 ἡ
740 1207 950 1264 ἒναντία
980 1215 1095 1271 τοῖς
1126 1208 1410 1272 ἐναντίοις.
1444 1212 1573 1268 Ὅτε
1605 1209 1661 1265 δὲ
1709 1207 1860 1265 ἔλθοι
1898 1212 1959 1266 τὸ

323 1297 487 1371 πέρας
517 1302 623 1351 τῶν
653 1299 899 1374 ἀγώνων,
932 1298 1055 1354 τότε
1085 1298 1304 1369 εἷ’σεσθε,
1350 1300 1394 1353 ὦ
1443 1301 1648 1374 νύμφαι
1700 1302 1958 1375 Χριστοῦ.

318 1386 372 1441 τί
402 1386 756 1461 προεξένησεν
789 1388 915 1461 ὑμῖν
950 1391 983 1457 ἡ
1043 1389 1295 1444 πολιτεία
1327 1410 1339 1422 ·
1400 1388 1695 1464 ἂρθήσεσθε
1752 1391 1854 1465 γὰρ
1905 1389 1958 1445 ἒν

322 1481 468 1550 χαρᾷ
496 1476 854 1551 ἀνεκλαλήτῳ
889 1478 990 1532 ὑπὸ
1021 1478 1238 1553 ἀγαθῶν
1270 1479 1517 1556 ἀγφέλων
1548 1499 1562 1513 ’
1595 1481 1684 1535 καὶ
1725 1479 1960 1534 εἰσελεύ-

322 1567 471 1619 σεσθε
540 1566 615 1629 εἷς
698 1569 796 1621 τ’ἔν
883 1570 913 1622 ἂ
1062 1570 1073 1585 ’
1211 1591 1239 1604 τ
1550 1568 1593 1585 ”“
1740 1569 1788 1602 ’⁸
1907 1570 1921 1587 “

450 1608 472 1619 ..
757 1608 766 1635 ,
918 1588 1302 1646 χειροτευκιον
1387 1587 1651 1638 πασταοα,
1714 1591 1786 1631 ει,
1868 1590 1959 1625 τον

321 1655 571 1729 οὐράνιον
629 1661 913 1731 νυμφῶνα,
972 1658 1202 1712 πάντοτε
1264 1657 1352 1711 σὺν
1419 1658 1599 1732 Κυρίῳ
1649 1658 1724 1720 εἷς
1793 1658 1962 1713 αἰῶνα

318 1743 596 1817 έσόμεναι.
646 1747 746 1801 Ἦν
799 1747 892 1819 μὲν
939 1746 1029 1800 καὶ
1077 1746 1242 1801 πλέον
1276 1769 1327 1801 τι
1359 1746 1535 1823 λέγειν
1572 1766 1584 1778 ·
1619 1746 1747 1802 ἀλλ’
1772 1745 1960 1817 ἐπειδὴ

319 1836 661 1908 στοχάζομαι
751 1830 1178 1910 ὑπερϐεϐηκέναι
1262 1838 1323 1891 τὸ

315 1923 543 1993 στολῆς,
619 1924 843 1979 ἐνταῦθα
922 1924 1326 1998 καταπαύσοιμι
1382 1925 1471 1980 τὸν
1533 1923 1693 2000 λόγον
1756 1946 1767 1958 ·
1828 1928 1959 2002 ὑπὲρ

317 2011 380 2067 οὗ
438 2012 737 2091 χαρίσασθέ
797 2036 890 2087 μοι
938 2019 1017 2087 τῷ
1072 2013 1388 2091 ἁμαρτωλῷ
1447 2016 1539 2078 τὰς
1600 2017 1752 2090 ἀγίας
1811 2017 1961 2090 ὑμῶν

316 2103 510 2178 εὐχάς,

529 2371 607 2427 Κ’.
654 2404 718 2415 -
765 2374 1086 2447 Μακαρίῳ
1132 2374 1516 2449 ἡγουμένῳ.
1561 2378 1748 2452 [σκγ’.]

2077 590 2359 659 contingit
2390 591 2581 643 autem
2620 603 2734 641 non
2763 584 2918 641 vinci
2949 584 3209 651 omnino,
3242 598 3307 636 ac
3340 580 3563 635 nullum
3600 578 3724 634 vul-

2075 698 2185 736 nus
2218 679 2394 750 recipi
2426 680 2574 732 inter
2606 677 3010 748 praeliandum,
3034 674 3208 729 verbo
3231 672 3317 727 vel
3350 670 3714 741 cogitatione,

2074 770 2316 839 aliisque
2337 767 2650 834 similibus,
2682 782 2807 837 quae
2842 769 3086 820 mortem
3141 762 3357 832 peccati
3407 778 3520 815 non
3570 760 3717 815 infe-

2075 864 2255 914 runt:
2300 858 2397 913 sed
2450 873 2644 927 pugna
2693 855 2997 910 confestim
3052 851 3520 920 redintegranda,
3553 858 3607 904 et
3659 849 3720 903 in

2071 947 2303 1018 propria
2332 946 2579 1001 statione
2628 945 3087 1001 consistendum.
3136 940 3348 997 Delicta
3395 942 3546 995 enim
3601 936 3722 1011 quis

2072 1036 2338 1106 intelliget
2369 1034 2416 1069 ²²
2434 1035 2461 1089 ?
2482 1035 2551 1090 Et
2581 1035 2711 1106 quis
2736 1033 3080 1105 gloriabitur
3103 1032 3368 1087 animum
3397 1046 3459 1085 se
3490 1032 3720 1083 castum

2071 1125 2314 1198 gerere?
2361 1127 2425 1181 In
2475 1124 2845 1180 tribulatione
2898 1124 3095 1194 utique
3156 1126 3265 1188 est,
3317 1121 3418 1192 qui
3475 1118 3614 1174 vivit
3662 1120 3721 1173 in

2074 1217 2366 1271 Domino:
2421 1214 2892 1287 quandoquidem
2940 1219 3094 1267 arcta
3138 1217 3190 1266 et
3226 1216 3464 1280 angusta
3510 1210 3602 1263 via
3649 1218 3727 1264 est

2068 1321 2193 1377 quae
2220 1305 2373 1361 ducit
2404 1307 2482 1361 ad
2512 1307 2688 1361 vitam
2719 1306 2764 1339 ’3
2798 1321 2810 1357 :
2847 1301 3348 1375 quemadmodum
3374 1300 3465 1354 via
3496 1302 3730 1355 contra-

2073 1397 2159 1451 ria
2197 1412 2227 1451 e
2256 1396 2564 1451 contrario.
2598 1398 2669 1451 At
2699 1411 2832 1450 cum
2875 1394 3260 1449 certaminum
3310 1390 3443 1444 ﬁnis
3477 1389 3724 1442 advene-

2076 1485 2169 1553 rit,
2197 1490 2336 1540 tunc
2368 1484 2729 1556 intelligetis,
2763 1500 2793 1538 ο
2827 1499 3051 1554 sponsze
3093 1480 3331 1548 Christi,
3363 1478 3501 1550 quid
3556 1475 3723 1531 vobis

2075 1580 2343 1646 suscepta
2372 1574 2606 1628 vivendi
2656 1572 2801 1628 ratio
2842 1570 3199 1628 contulerit:
3251 1569 3517 1624 auferent
3565 1565 3719 1621 enim

2073 1682 2173 1719 vos
2249 1664 2531 1720 sublimes
2608 1680 2739 1717 cum
2818 1660 3187 1717 inenarrabili
3266 1658 3466 1712 latitia
3530 1653 3722 1725 angeli

2074 1753 2302 1826 optimi,
2356 1758 2413 1808 et
2470 1753 2526 1807 in
2579 1754 2904 1807 thalamum
2960 1746 3370 1820 ingrediemini
3420 1760 3536 1801 non
3594 1759 3719 1797 ma-

1414 1837 1604 1912 μέτρον
1688 1841 1787 1902 τῆς
1845 1836 1958 1892 ἐπι-

2074 1845 2398 1914 nufactum,
2432 1844 2490 1898 in
2541 1843 2831 1899 caelestem
2872 1845 3087 1903 torum,
3132 1852 3363 1909 semper
3409 1850 3544 1891 cum
3603 1835 3723 1888 Do-

2074 1935 2232 1990 mino
2281 1934 2339 1988 in
2383 1950 2554 1988 omne
2603 1949 2787 1987 aevum
2840 1932 3066 1986 futuras.
3100 1929 3400 1983 Habebam
3450 1924 3723 1996 equidem

2073 2026 2240 2096 plura
2269 2023 2455 2079 dicere
2488 2039 2501 2077 :
2535 2025 2630 2077 sed
2663 2022 2937 2093 quoniam
2973 2019 3158 2074 sentio
3201 2033 3294 2072 me
3334 2016 3565 2070 modum
3598 2013 3720 2084 epi-

2071 2114 2227 2170 stolae
2250 2128 2719 2184 supergressum,
2739 2112 2914 2166 tinem
2939 2110 3232 2180 imponam
3257 2105 3393 2161 huic
3417 2104 3673 2160 sermoni
3702 2118 3717 2159 :

2073 2222 2175 2276 pro
2207 2219 2322 2275 quo
2355 2201 2497 2257 mihi
2530 2202 2817 2274 peccatori
2847 2204 3082 2256 sanctas
3111 2203 3333 2253 vestras
3374 2210 3571 2267 preces
3602 2193 3719 2247 im-

2073 2294 2300 2365 pertite.

2494 2382 2619 2435 XX.
2652 2412 2720 2420 —
2750 2379 2983 2434 Macario
3014 2378 3320 2448 praeposito.

1423 2477 1494 2525 De
1526 2476 1761 2540 quodam
1792 2480 2099 2542 praeposito.
2132 2480 2357 2543 aliisque
2388 2479 2571 2542 lapsis.

391 2547 451 2602 Τί
507 2554 699 2617 ποιεῖς,
758 2550 803 2604 ὧ
861 2554 970 2605 θεῖε
1036 2551 1232 2626 Πάτερ,
1288 2554 1473 2609 ἑαυτὸν
1545 2562 1812 2611 ταπεινῶν
1870 2560 1961 2612 τὸν

322 2636 537 2711 ὑψηλὸν
574 2642 642 2712 τῇ
674 2640 840 2713 ἀρετῇ
875 2659 887 2670 ·
923 2641 1062 2712 κάμὲ
1093 2643 1239 2716 ὑψῶν
1274 2642 1323 2698 ἐν
1352 2649 1469 2706 τοῖς
1516 2645 1722 2719 τιμίοις
1772 2646 1962 2720 λόγοις

322 2748 443 2795 σου,
471 2727 561 2781 τὸν
597 2728 885 2803 χθαμαλὸν
918 2734 985 2803 τῇ
1017 2732 1195 2803 κακίᾳ,
1231 2734 1307 2797 ὡς
1340 2734 1555 2807 μυρίοις
1614 2738 1803 2790 πάθεσι
1861 2758 1964 2790 πο-

322 2816 717 2891 λιορκούμενον
775 2821 1151 2891 καθ;κάστην;
1203 2825 1340 2897 Ἐγὼ
1388 2825 1567 2879 τοίνυν
1620 2823 1816 2888 δοῦλός
1868 2848 1962 2881 σου

318 2909 407 2961 καὶ
438 2913 587 2975 παῖς,
623 2911 885 2981 μαθητιᾷν
924 2911 1135 2984 μᾶλλον
1167 2912 1468 2989 ἐφιέμενος,
1501 2917 1537 2985 ἢ
1572 2914 1837 2972 διδάσκειν
1871 2916 1964 2972 δυ-

316 2998 564 3069 νάμενος.
593 2999 784 3072 ⁴Ομως
816 3001 843 3054 ὁ
875 3001 1118 3076 ἀγαθὸς
1157 3001 1498 3078 ἅνθρωπος
1540 3006 1606 3060 ἐκ
1650 3012 1763 3062 τοῦ
1816 3008 1962 3084 ἀγα-

2142 2562 2285 2625 Quid
2337 2561 2478 2632 agis,
2511 2577 2544 2616 ο
2587 2559 2783 2615 divine
2827 2563 3011 2629 pater,
3043 2574 3178 2615 cum
3227 2554 3479 2627 teipsum
3529 2550 3723 2622 depri-

2072 2652 2206 2711 mis,
2256 2652 2357 2721 qui
2408 2649 2681 2705 sublimis
2724 2666 2783 2705 es
2831 2650 3088 2704 virtute:
3148 2663 3213 2701 ac
3259 2661 3352 2700 me
3402 2641 3720 2699 honoriﬁca

2067 2740 2324 2796 oratione
2372 2743 2472 2795 tua
2518 2739 2763 2807 extollis,
2797 2738 2897 2811 qui
2946 2753 3075 2793 sum
3120 2733 3497 2806 improbitate
3558 2731 3717 2800 abie-

2069 2838 2214 2896 ctus,
2259 2830 2473 2901 quippe
2498 2830 2818 2884 innumeris
2852 2827 3108 2899 quotidie
3133 2824 3292 2880 vitiis
3335 2817 3718 2895 proﬂigatus?

2071 2920 2186 2991 Ego
2228 2919 2409 2991 igitur
2439 2935 2639 2974 servus
2677 2923 2834 2985 tuus,
2863 2934 2930 2973 ac
2981 2933 3126 2988 pene
3175 2930 3341 2986 puer,
3374 2912 3469 2967 cui
3527 2910 3717 2978 major

2069 3010 2331 3064 discendi
2388 3010 2698 3081 cupiditas,
2751 3025 2921 3080 quam
3003 3004 3248 3061 facultas
3323 2999 3581 3058 docendi.
3644 2998 3715 3052 At

317 3088 437 3140 θοῦ
470 3088 806 3164 θησαυροῦ
836 3090 1251 3168 τῆςκαρδίας
1282 3090 1600 3149 ἐκϐάλλει
1631 3097 1706 3151 τά
1734 3083 1958 3173 ἀγαθά·

2076 3100 2244 3155 bonus
2296 3100 2450 3155 homo
2476 3098 2533 3154 de
2590 3101 2724 3154 bono
2781 3098 3031 3153 thesauro
3105 3096 3285 3150 cordis
3351 3094 3440 3147 sui
3506 3092 3718 3162 profert

316 3181 569 3239 τοιοῦτος
630 3177 692 3232 σὺ
758 3180 848 3233 καὶ
928 3181 1201 3256 ὁρώμενκ
1271 3186 1359 3238 καὶ
1439 3186 1961 3263 ἀναγινωσκόμενος.

320 3266 448 3339 Περῖ
478 3266 572 3339 μὲν
603 3265 693 3322 οὖν
726 3272 823 3323 τοῦ
848 3276 947 3339 τῆς
979 3270 1385 3345 Δημητριάδος,
1418 3276 1506 3329 καὶ
1537 3281 1643 3331 τῶν
1679 3279 1961 3349 μαθητῶν,

319 3353 403 3408 ὅτι
434 3352 652 3430 ᾤχοντο
687 3374 699 3387 ·
729 3355 817 3412 ’ίνα
844 3360 1033 3432 γνοίης
1074 3359 1134 3415 ἐκ
1162 3367 1267 3416 τῶν
1312 3368 1530 3438 καρπῶν
1580 3366 1642 3420 τὸ
1692 3362 1909 3439 δένδρον
1945 3387 1957 3399 ·

316 3443 409 3497 καὶ
440 3444 562 3518 εὑξῃ
592 3444 818 3509 ἐκείνοις
853 3450 947 3520 μὲν
998 3452 1299 3523 μετάνοιαν,
1358 3452 1479 3526 ἐμοὶ
1538 3451 1595 3508 δὲ
1650 3460 1729 3527 τῷ
1786 3453 1961 3528 ἀθλίῳ

319 3534 624 3608 στηριγμὸν
679 3537 815 3612 πρός
873 3560 932 3593 τε
979 3539 1103 3602 τοὺς
1161 3541 1544 3617 πολεμοῦντας
1601 3545 1846 3620 ἀοράτως
1903 3568 1960 3601 τε

318 3621 409 3676 καὶ
442 3625 735 3697 ὁρωμένως
770 3646 781 3660 ·
817 3628 891 3689 ὡς
925 3627 981 3684 ἂν
1017 3630 1245 3685 κατόπιν
1292 3632 1577 3705 ἀξιωθείην
1624 3634 1799 3690 ἐλθεῖν
1849 3641 1957 3691 τῶν

316 3712 435 3767 νυνὶ
467 3714 680 3769 πάντων
711 3716 1075 3793 ὁμολογητῶν
1114 3720 1347 3793 Χριστοῦ
1383 3743 1393 3754 ·
1450 3722 1810 3801 ὀμολογητῆς
1856 3726 1957 3801 γὰρ

317 3802 483 3864 πάςό
535 3801 895 3879 ἐνιστάμενος.
940 3809 1071 3883 Περὶ
1128 3806 1186 3863 δὲ
1239 3815 1342 3866 τῶν
1396 3810 1491 3867 δύο
1545 3812 1730 3869 ἄλλων
1788 3835 1957 3893 κεφα-

320 3889 516 3963 λαίων,
554 3898 801 3949 τοιοῦτον
850 3897 912 3950 τὸ
968 3900 1363 3974 παριστάμενόν
1427 3923 1559 3976 μοι’
1619 3889 1958 3980 Ὑπογράψας

318 3977 684 4058 πρεσϐυτερος
739 3989 810 4060 τῇ
878 3982 1113 4061 ἀσεϐείᾳ,
1194 3997 1470 4064 μετανοεῖν
1553 3977 1797 4071 ὀφείλει,
1870 3977 1957 4050 καὶ

321 4071 673 4145 προσκλαίειν
720 4077 933 4150 θερμῶς
986 4098 998 4111 ·
1056 4083 1483 4156 συγχωρηθῆναι
1532 4083 1679 4156 αὐτῷ
1721 4086 1781 4139 τὸ
1834 4084 1959 4140 ἀσέ-

320 4156 516 4247 ξημα·
565 4163 894 4241 λειτουργεῖν
946 4164 1025 4237 δὲ,
1072 4169 1167 4224 κᾶν
1212 4170 1272 4225 οὐ
1325 4173 1645 4247 μνημονεύῃ
1695 4178 1790 4228 τοῦ
1836 4175 1959 4229 ἀσε-

319 4245 431 4313 ϐῶς
460 4254 524 4325 [Γ.
554 4250 824 4329 ἀσεϐοῦς]·
846 4253 1126 4328 οὐδαμῶς,
1149 4258 1276 4313 ἀλλ’
1308 4259 1576 4335 εἴργεσθαι
1609 4245 1711 4330 τῆς
1742 4262 1960 4337 ἱερουρ-

318 4339 440 4414 γίας
475 4359 489 4372 °
520 4338 622 4405 ἓως
656 4340 715 4397 ἂν
740 4342 922 4398 ἐπίδοι
955 4344 1167 4417 Κύριος,
1182 4346 1272 4402 καὶ
1301 4345 1421 4418 δοίη
1445 4350 1629 4424 καιρὸν
1666 4349 1958 4423 όρθοδόξου

320 4428 581 4534 συνόδους
626 4432 695 4534 ,ἐν
836 4433 1067 4507 λήψεται
1117 4438 1272 4510 [Reg
1325 4440 1450 4495 cod.
1481 4437 1701 4512 ἕκαστα]
1730 4437 1956 4504 ἕκαστος
1991 4470 2035 4534 D

315 4518 383 4573 τὰ
410 4523 524 4574 κατ’
553 4521 699 4591 ἀξίαν
729 4524 1041 4598 θεοκρίτως.
1082 4527 1222 4601 Ἐγὼ
1254 4524 1311 4580 δὲ
1359 4524 1740 4601 συμϐουλέυω,
1774 4530 1818 4585 εἰ
1860 4553 1955 4604 με-

315 4608 479 4683 τέσχε
520 4617 617 4679 τῆς
652 4608 876 4675 ἀσεϐοῦς
908 4614 1214 4685 κοινωνίας,
1248 4614 1298 4671 ἐν
1356 4617 1656 4693 μεταλήψει
1712 4621 1802 4674 καὶ
1850 4625 1957 4675 τῶν

316 4696 668 4774 ἀγιασμάτων
696 4698 986 4776 ἀπέχεσθαι
1016 4704 1210 4779 μέχρις
1233 4703 1346 4768 ἐνὸς
1367 4707 1400 4775 ἢ
1427 4704 1575 4762 δυοῖν
1602 4707 1845 4783 χρόνοιν.
1872 4709 1955 4764 Γέ-

314 4806 547 4862 γραπται
577 4789 677 4863 γάρ
712 4808 725 4821 ·
770 4790 850 4845 Οὐ
902 4788 1178 4848 δύνασθε
1218 4797 1542 4870 ποτήριον
1578 4799 1822 4873 Κυρίου
1852 4799 1956 4853 πί-

317 4896 471 4947 νειν,
496 4878 607 4931 καὶ
638 4882 962 4954 ποτήριον
994 4880 1363 4958 δαιμονίων
1392 4908 1403 4919 ·
1435 4886 1504 4941 οὐ
1530 4885 1956 4963 δύνασθετρα-

316 4964 521 5036 πέζης
566 4969 808 5043 Κυρίου
849 4973 1181 5047 μετέχειν,
1214 4975 1323 5030 καὶ
1366 4978 1700 5052 τραπέζης
1733 4977 1955 5051 δαιμο-

314 5077 340 5110 ν
362 5054 494 5112 ίων.
527 5057 595 5111 Τὸ
629 5055 675 5111 δ’
695 5057 822 5114 αὐνὸ
846 5063 933 5115 καὶ
956 5060 1041 5116 ἐπὶ
1063 5065 1552 5135 τῶνἚκκλησιῶν.
1584 5067 1691 5129 Τίς
1723 5088 1955 5143 συγκα-

314 5146 581 5207 τάθεσις
611 5153 736 5219 ναῷ
766 5155 927 5205 Θεοῦ
954 5154 1115 5224 μετά
1145 5152 1486 5225 εἶδώλωνς
1521 5155 1597 5213 Οὐ
1629 5154 1710 5211 δεῖ
1740 5157 1833 5211 οὖν
1869 5157 1952 5211 εἰ-

316 5232 486 5290 σιέναι
519 5237 596 5299 εἰς
626 5239 691 5292 τὰ
726 5239 994 5316 μαρτύρια
1034 5246 1141 5297 τῶν
1179 5243 1465 5316 αἰρετικῶν
1498 5288 1512 5301 .
1563 5249 1952 5321 προστέτακται

313 5328 473 5398 ἡμῶν
538 5327 638 5383 ὑπὸ
691 5336 789 5398 τῆς
839 5330 992 5405 ἀγίας
1043 5329 1266 5387 συνόδου
1297 5355 1307 5366 ·
1344 5332 1441 5389 οὐκ
1491 5332 1612 5389 οἶδα
1661 5336 1703 5391 εἰ
1762 5339 1837 5410 μὴ
1872 5338 1957 5392 ἐπ’

313 5415 553 5488 ἐξουσίαν
584 5416 785 5482 τελέως
818 5421 1026 5495 γίνοιτο
1059 5422 1086 5477 ὁ
1116 5424 1236 5485 ναὸς
1268 5422 1560 5497 ὀρθοδόξου
1609 5431 1705 5481 τοῦ
1757 5426 1952 5501 μηκέτι

314 5504 748 5583 λειτουργεῖσθαι
790 5510 877 5589 ὑφ’
907 5513 1177 5587 αἱρετικοῦ
1209 5531 1224 5546 ⁸
1271 5512 1396 5569 τότε
1446 5513 1545 5591 γὰρ
1592 5517 1681 5569 καὶ
1732 5516 1953 5573 εἰσιτέον

2075 3191 2214 3246 bona
2244 3189 2291 3223 ²⁴
2321 3206 2335 3244 :
2369 3189 2697 3260 cujusmodi
2729 3194 2790 3243 tu
2824 3188 3051 3258 quidem
3084 3189 3139 3241 et
3182 3183 3391 3238 videris
3438 3184 3494 3235 et
3542 3195 3722 3250 agno-

2072 3281 2270 3336 sceris.
2305 3279 2383 3335 De
2417 3279 2723 3351 praeposito
2756 3282 2952 3333 autem
3003 3273 3385 3331 Demetriadis
3426 3286 3492 3326 ac
3540 3268 3715 3324 disci-

2071 3369 2227 3441 pulis
2251 3371 2376 3439 ejus
2408 3370 2563 3441 quod
2611 3368 2844 3440 quaeris,
2878 3367 3117 3439 periisse
3165 3365 3334 3431 scito,
3367 3364 3428 3417 ut
3474 3376 3544 3414 ex
3592 3359 3717 3412 fru-

2070 3460 2258 3515 ctibus
2298 3459 2564 3514 arborem
2624 3473 2954 3528 agnoscas:
3017 3473 3081 3511 ac
3139 3471 3241 3525 pro
3300 3451 3416 3507 illis
3473 3448 3713 3522 quidem

2070 3549 2525 3619 resipiscentiam
2560 3547 2886 3619 depreceris
2930 3565 2942 3602 :
2976 3562 3078 3617 pro
3112 3560 3200 3600 me
3249 3545 3443 3598 autem
3487 3537 3715 3594 infelice

2068 3640 2244 3695 robur
2292 3640 2573 3694 adversus
2617 3637 2814 3693 hostes
2868 3643 2991 3692 tum
3042 3632 3363 3690 invisibiles
3413 3635 3538 3684 tum
3582 3626 3691 3682 visi

2067 3729 2215 3784 biles
2258 3745 2271 3783 :
2307 3732 2371 3784 ut
2420 3728 2679 3800 vestigiis
2730 3727 2993 3782 insistere
3032 3739 3255 3779 merear
3298 3720 3560 3776 omnium
3606 3716 3715 3772 hoc

2069 3836 2187 3873 aevo
2243 3818 2457 3875 Christi
2517 3817 2967 3874 confessorum:
3028 3813 3334 3869 confessor
3410 3807 3568 3864 enim
3627 3808 3717 3861 est

2069 3909 2342 3981 quisquis
2382 3924 2440 3965 se
2465 3916 2700 3963 strenue
2730 3907 2897 3978 gerit.
2931 3906 3010 3960 De
3048 3903 3278 3959 duobus
3327 3899 3455 3955 aliis
3503 3895 3710 3968 capiti-

2069 3997 2200 4064 bus,
2242 4012 2396 4052 nunc
2453 3995 2597 4051 illud
2656 3994 2910 4052 occurrit
2940 3993 3149 4049 animo.
3203 3991 3309 4056 Qui
3363 3987 3715 4058 subscripsit

2068 4086 2354 4158 impietati
2387 4086 2703 4158 presbyter,
2738 4086 2906 4139 debet
2934 4083 2986 4138 is
3015 4082 3205 4137 scelus
3236 4079 3465 4150 expiare
3506 4076 3711 4148 poenis,

2068 4180 2126 4233 et
2156 4191 2427 4247 magnam
2458 4176 2574 4230 vim
2608 4175 2955 4245 profundere
2988 4172 3375 4243 lacrymarum
3400 4184 3413 4235 ;
3443 4173 3506 4223 ut
3547 4166 3716 4221 venia

2068 4266 2275 4322 deinde
2307 4264 2513 4336 ﬂagitii
2562 4264 2905 4320 tribuatur:
2956 4266 3019 4317 ut
3069 4265 3262 4317 autem
3313 4273 3437 4314 rem
3486 4270 3713 4312 sacram

2070 4356 2279 4424 faciat;
2329 4355 2561 4410 etiamsi
2610 4354 2910 4409 hominem
2978 4352 3224 4423 impium
3288 4367 3404 4406 non
3454 4363 3710 4405 comme-

2069 4451 2282 4514 moret;
2317 4445 2557 4501 minime
2586 4460 2747 4513 sane,
2771 4443 2874 4498 sed
2923 4461 2955 4498 a
3002 4458 3166 4498 sacro
3225 4455 3465 4496 munere
3523 4438 3713 4510 prohi-

2069 4535 2295 4592 bendus
2325 4540 2433 4607 est,
2467 4537 2649 4592 donec
2696 4533 3013 4605 respexerit
3042 4532 3339 4599 Dominus,
3374 4530 3710 4599 dederitque

2069 4627 2303 4694 tempus
2333 4624 2553 4695 synodo
2576 4621 3003 4689 orthodoxaa,in
3028 4639 3144 4693 qua
3169 4622 3513 4677 admittetur
3534 4635 3711 4674 unus-

2066 4714 2313 4785 quisque
2336 4730 2439 4785 pro
2476 4715 2986 4785 merito,tanquam
3014 4730 3083 4770 ex
3114 4713 3213 4768 Dei
3245 4710 3714 4783 judicio.Auctor

2067 4819 2196 4859 vero
2212 4804 2970 4873 sum,ut,si|communionis
2992 4804 3178 4876 impias
3202 4802 3492 4873 particeps
3516 4798 3708 4861 fuit,in

2066 4894 2434 4965 perceptione
2452 4895 2535 4949 rei
2550 4910 2728 4949 sacras
2742 4895 3121 4950 sanctificatis
3136 4894 3300 4949 donis
3314 4890 3598 4947 abstineat
3612 4906 3711 4945 an-

2065 5000 2139 5039 no
2172 4999 2283 5038 uno
2316 4990 2411 5038 aut
2450 4984 2645 5041 altero.
2680 4984 2970 5056 Scriptum
3002 4988 3090 5040 est
3118 4984 3295 5040 enim.
3328 4984 3442 5038 Non
3487 4981 3710 5053 potestis

2063 5073 2290 5127 calicem
2320 5075 2541 5129 Domini
2572 5075 2773 5144 bibere,
2797 5077 2846 5129 et
2876 5076 3101 5130 calicem
3131 5073 3522 5130 dzmoniorum
3549 5090 3567 5126 :
3597 5087 3713 5125 non

2063 5162 2286 5234 potestis
2305 5178 2510 5221 mensa
2532 5165 2753 5219 Domini
2767 5164 3058 5235 participes
3079 5181 3211 5236 esse,
3222 5169 3274 5220 et
3293 5178 3497 5219 mensae
3518 5162 3715 5217 daemo-

2064 5254 2285 5308 niorum
2306 5252 2372 5307 ‘5.
2389 5253 2546 5308 Idem
2569 5261 2626 5309 et
2647 5254 2718 5310 de
2741 5254 3008 5310 Ecclesiis
3030 5255 3420 5310 statuendum.
3440 5254 3567 5321 Quis
3587 5268 3713 5307 con-

2063 5358 2252 5398 sensus
2300 5344 2500 5415 templo
2547 5344 2647 5398 Dei
2688 5361 2811 5400 cum
2860 5343 3025 5400 idolis
3057 5344 3151 5398 '5?
3209 5344 3381 5399 Nefas
3426 5342 3603 5414 igitur
3652 5341 3715 5396 in

2066 5432 2463 5489 haereticorum
2496 5434 2772 5506 martyris.
2820 5435 3021 5505 pedem
3067 5434 3327 5490 inferre:
3373 5434 3457 5489 sic
3508 5436 3711 5487 sancta

2066 5522 2235 5578 nobis
2260 5524 2517 5595 synodus
2564 5523 2874 5596 praecepit:
2908 5524 3017 5580 nisi
3067 5525 3211 5580 forte
3259 5523 3705 5581 orthodoxorum

394 5689 442 5727 ²²
474 5694 622 5754 Psal.
658 5711 816 5764 xvm,
837 5697 937 5770 ⁵13.
982 5770 983 5773 η
1016 5696 1062 5733 ³³
1092 5696 1294 5756 Matth.
1325 5712 1424 5766 vn,
1458 5697 1544 5754 14.
1622 5698 1672 5734 ²⁴
1702 5700 1839 5759 Luc.
1880 5718 1957 5774 vr,

2071 5745 2076 5758 .
2154 5704 2200 5741 ³⁵
2227 5705 2252 5760 Ι
2281 5705 2409 5762 Cor.
2438 5722 2493 5776 x,
2526 5707 2615 5761 20.
2692 5707 2737 5743 ²⁶
2765 5708 2787 5763 Ι
2822 5708 2949 5765 Cor.
2978 5724 3054 5776 vx,
3090 5708 3176 5762 16.
