4062 6280
388 373 543 433 1179

1638 376 1700 435 S.
1748 372 2147 435 THEODORI
2192 374 2552 435 STUDlT/E

3631 359 3788 423 1180

388 505 539 561 ades
571 521 685 562 non
716 505 954 561 omnino
984 506 1044 562 in
1092 506 1339 562 alienam
1390 508 1737 577 potestatem
1784 505 2026 574 venerit,

2140 502 2228 559 καὶ
2264 499 2676 577 λειτουργητέον
2708 502 2800 555 τὸν
2849 496 3158 575 ὀρθόδοξον.
3194 496 3302 552 Θῦκ
3357 491 3512 556 ὄντος
3558 490 3786 568 προκρί-

387 609 492 648 nec
523 594 817 665 liturgiam
857 594 1164 651 haereticus
1198 595 1275 649 ibi
1329 595 1633 666 peregerit.
1664 595 1826 650 Tunc
1873 595 2026 651 enim

2146 613 2313 667 ματος
2342 593 2409 647 τὰ
2456 585 2829 665 προλαϐόντα.
2881 586 3039 644 Οὕτω
3087 589 3293 664 φρονῶ,
3337 585 3513 657 Πάτερ
3566 603 3689 654 μου,
3750 582 3779 635 6

386 686 443 739 et
491 684 713 754 ingredi
762 684 1075 741 orthodoxe
1124 685 1232 752 fas,
1284 688 1342 739 et
1391 700 1512 739 rem
1565 701 1787 739 sacram
1846 684 2028 740 obire.

385 772 519 837 Quae
551 774 785 843 quidem
818 775 943 828 sine
977 774 1311 844 praejudicio
1359 773 1515 829 dicta.
1565 774 1683 828 sint
1733 774 2027 829 hactenus.

382 860 476 916 Sic
507 878 612 935 ego
645 864 905 930 humilis,
938 868 1107 919 Pater
1133 863 1234 929 mi,
1268 862 1454 919 sentio
1503 879 1518 917 :
1551 864 1879 919 divinorum
1920 863 2030 918 Pa-

384 953 540 1006 trum
572 951 832 1023 exempla
862 968 1300 1024 recognoscens.
1335 953 1474 1007 Tuae
1519 968 1648 1007 vero
1688 952 2029 1023 praestantia

383 1038 580 1107 fuerit,
641 1040 885 1097 meliora
942 1040 1348 1112 contemplari,
1409 1058 1475 1097 ac
1552 1043 1689 1096 meis
1762 1041 2030 1105 exhibere

383 1129 587 1184 oculis.
628 1129 972 1186 Valetudine
1028 1131 1257 1201 integra
1296 1148 1399 1201 pro
1447 1132 1561 1186 Deo
1622 1131 1906 1186 dimicans
1965 1138 2026 1186 tu

379 1217 524 1272 mihi
553 1226 676 1274 eslo
709 1218 1038 1286 incolumis,
1057 1235 1090 1275 ο
1122 1219 1275 1275 inter
1301 1220 1501 1274 Patres
1524 1219 1976 1275 celebratissime
2010 1235 2025 1275 :

381 1305 558 1361 simul
590 1316 643 1362 et
669 1323 771 1378 pro
804 1323 894 1363 me
924 1307 1163 1378 indigno
1194 1324 1365 1362 orans
1389 1308 1599 1379 partim
1628 1323 1699 1363 ex
1727 1307 2023 1371 charitate,

377 1396 593 1467 partim
626 1414 759 1453 vero
793 1402 858 1453 ut
892 1397 1004 1469 legi
1038 1397 1120 1453 ita
1153 1396 1512 1469 pracipienti
1541 1399 1926 1470 obtemperes.

379 1483 530 1540 XXI.
561 1516 631 1526 -
670 1485 988 1544 Theodorus
1018 1486 1090 1541 iis
1122 1488 1220 1557 qui
1239 1493 1469 1559 prapter
1516 1488 1807 1543 Dominum
1848 1490 1907 1542 in
1935 1487 2029 1544 di-

450 1577 620 1630 versis
646 1574 963 1632 carceribus
1009 1576 1332 1631 detinentur
1380 1576 1654 1646 fratribus
1699 1576 1907 1633 dilectis
1936 1593 2024 1633 sa-

454 1665 622 1722 lutem
656 1664 744 1738 (θ).

2141 682 2393 743 ταπεινός
2428 700 2442 713 ·
2504 676 2821 755 ἀναθεωρῶν
2873 679 2942 733 τά
3003 677 3107 732 ὑπὸ
3157 681 3262 731 τῶν
3323 674 3482 729 θείων
3538 672 3784 744 Πατέρων

2138 768 2574 846 παραδείγματα.
2635 775 2747 839 Τῆς
2799 775 2900 838 σῆς
2962 765 3010 821 δ’
3064 765 3123 821 ἃν
3190 763 3274 835 εἴη
3328 761 3686 846 τελειότητος
3718 760 3783 813 τὰ

2137 860 2416 935 κρείττονα
2445 860 2536 914 καὶ
2584 860 2883 932 θεωρῆσαι,
2927 857 3017 911 καὶ
3069 854 3225 929 ἐμοῖς
3273 847 3513 924 ὄμμασιν
3566 844 3786 903 ὑποδεῖ-

2137 951 2243 1019 ξαι.
2303 947 2650 1025 Ἐῥρωμὲνος
2705 948 2795 1002 καὶ
2846 944 3084 1001 ἐναθλῶν
3148 944 3280 1016 ὑπὲρ
3326 945 3461 997 Θεοῦ
3509 936 3781 1016 διαφυλα-

2137 1040 2324 1113 χθείης
2360 1060 2457 1112 μοι
2487 1033 2565 1092 ἔτι
2602 1054 2617 1068 ⁸
2651 1037 2679 1092 6
2711 1035 3030 1106 ἐξάκουστος
3078 1034 3130 1088 ἐν
3167 1033 3438 1106 Πατράσιν
3472 1050 3488 1066 ο
3537 1030 3680 1102 ὁμοῦ
3727 1046 3786 1080 τε

2136 1127 2227 1183 καὶ
2260 1126 2698 1204 ὑπερευχόμενός
2751 1148 2854 1199 μου
2905 1131 3006 1195 τῆς
3056 1118 3434 1193 ἅναξιότητος,
3482 1120 3544 1174 τὸ
3598 1118 3691 1192 μὶν
3732 1115 3783 1189 ἔξ

2138 1222 2371 1295 ἀγάπης,
2404 1222 2465 1276 τὸ
2499 1217 2555 1275 δὲ
2583 1219 2671 1274 καὶ
2712 1215 2803 1273 διὰ
2827 1218 2925 1287 τήν
2964 1214 3293 1273 κελεύουσαν
3323 1210 3573 1282 ἐντολήν.

2134 1490 2258 1545 KA'.
2294 1484 2731 1559 -Θεόδωρος
2781 1487 2927 1545 τοῖς
2985 1478 3093 1536 διὰ
3148 1479 3394 1553 Κύριον
3425 1474 3485 1531 ἒν
3554 1472 3784 1552 διαφό-

2207 1598 2351 1652 ροις
2382 1576 2720 1656 φυλακαῖς
2761 1571 3218 1647 τηρουμένοις
3266 1563 3591 1641 ἀδελφοῖς
3642 1563 3785 1636 ἀγα-

2204 1671 2449 1737 πητοῖς
2483 1664 2777 1739 χαίρειν.
2811 1659 2969 1736 [σλ’.]

1442 1765 1518 1814 De
1548 1768 1745 1816 sanctis
1774 1768 2114 1831 imaginibus.
2148 1768 2358 1830 (Baron.
2385 1779 2471 1815 an.
2501 1765 2614 1826 816,
2645 1777 2701 1813 n.
2730 1762 2834 1824 27.)

452 1848 740 1913 Quidnam
773 1847 893 1903 haec
932 1850 1011 1904 rei
1045 1854 1203 1915 sunt,
1238 1865 1363 1921 quae
1394 1848 1703 1905 videmus?
1746 1851 2022 1921 gaudium

2207 1846 2360 1902 Τίτά
2389 1845 2626 1921 παρόντα
2669 1864 2682 1913 ;
2714 1842 2864 1922 χαρὰ
2890 1841 2980 1897 καὶ
3025 1835 3347 1915 ἀγαλλιασις
3379 1852 3392 1867 ·
3437 1854 3516 1889 οτι
3560 1832 3614 1888 ἐν
3668 1835 3787 1890 τοῖς

381 1945 435 1995 et
463 1937 772 1994 exsultatio
798 1954 811 2005 ;
844 1939 1120 2009 quoniam
1144 1939 1424 2009 martyria
1465 1955 1563 2007 pro
1585 1938 1809 1995 Christo
1832 1939 2028 1995 subire

380 2026 604 2100 dignati
636 2027 893 2096 fuimus;
927 2028 1064 2099 quia
1089 2028 1412 2084 carceribus
1440 2036 1493 2083 et
1547 2029 1853 2083 tormentis
1901 2034 2029 2085 tra-

382 2116 490 2172 diti
520 2132 726 2172 sumus
759 2121 990 2189 prepter
1016 2117 1115 2173 Dei
1137 2118 1379 2173 verbum
1407 2133 1420 2173 :
1455 2118 1729 2187 quoniam
1764 2118 1950 2192 plagis
1971 2124 2029 2175 et

380 2207 745 2263 contumeliis
780 2218 1014 2279 propter
1060 2208 1354 2264 Christum
1403 2208 1504 2279 qui
1555 2225 1657 2280 pro
1710 2210 1878 2266 nobis
1908 2227 2031 2266 ver-

379 2296 541 2364 bera,
619 2296 948 2366 opprobria,
1014 2313 1244 2352 crucem
1319 2298 1573 2368 denique
1649 2315 1859 2370 passus
1915 2305 2026 2369 est,

382 2386 601 2442 subditi
672 2401 895 2441 sumus.
968 2387 1107 2452 Quis
1175 2403 1289 2441 non
1352 2386 1625 2442 laudet?
1690 2388 1829 2452 Quis
1912 2407 2025 2445 non

383 2474 579 2547 gloriae
628 2474 849 2530 ducat?
902 2473 1107 2531 Oriens
1164 2474 1412 2539 laetatur,
1454 2476 1666 2547 gaudet
1721 2477 2025 2547 Occidens,

382 2564 669 2619 universae
726 2580 828 2636 per
885 2568 1092 2633 quator
1147 2564 1355 2619 mundi
1412 2565 1679 2621 cardines
1736 2566 2030 2623 exsultant

381 2651 670 2708 Ecclesia.
702 2652 772 2707 Et
801 2651 945 2723 quid
970 2657 1273 2707 turrenum
1299 2652 1492 2708 orbem
1529 2652 1781 2726 loquor?
1805 2654 2026 2711 Caelum

380 2742 573 2813 ipsum
603 2741 814 2812 gaudio
847 2740 1132 2812 repletum
1162 2745 1286 2797 est:
1329 2743 1481 2812 quod
1533 2759 1647 2797 non
1698 2742 1885 2800 solum
1934 2761 2029 2800 su-

383 2844 617 2901 premus
666 2830 997 2885 antistitum
1041 2835 1393 2897 nostrorum,
1445 2831 1701 2904 episcopi
1749 2850 1815 2889 ac
1846 2850 2029 2890 sacer-

377 2918 566 2985 dotes,
598 2918 874 2989 praasides
896 2917 1289 2973 coenobiorum
1310 2924 1367 2974 et
1388 2919 1683 2992 discipuli,
1709 2921 1808 2977 sed
1831 2925 1887 2977 et
1908 2938 2030 2978 mo-

375 3005 579 3061 nachae
613 3022 743 3062 cum
779 3006 1264 3063 moderatricibus
1315 3008 1434 3063 suis
1484 3010 1745 3081 martyrii
1776 3011 2027 3067 stadium

376 3094 652 3165 ingressis
685 3100 843 3151 sunt.
896 3096 1061 3151 Mitto
1089 3095 1216 3151 illos
1248 3097 1438 3153 dicere
1469 3098 1569 3168 qui
1612 3100 1671 3154 in
1701 3100 1949 3155 desertis
1976 3104 2031 3156 et

377 3185 699 3252 montibus,
730 3184 790 3239 in
822 3184 1117 3257 speluncis
1140 3190 1197 3239 et
1227 3185 1286 3240 in
1313 3188 1573 3242 cavernis
1595 3193 1779 3255 terrae,
1800 3188 2029 3244 exsules

379 3272 739 3344 afﬂiguntur,
773 3274 1032 3345 inopiam
1065 3273 1365 3344 patiuntur
1395 3281 1451 3331 et
1472 3278 1617 3333 dura
1653 3294 1751 3346 pro
1797 3277 2027 3333 Christo

379 3363 775 3433 persecutione
817 3369 1114 3423 vexantur.
1164 3365 1360 3423 Merito
1409 3366 1627 3437 itaque,
1677 3371 1877 3438 fratres
1922 3367 2032 3423 mei

378 3451 567 3507 dilecti
592 3460 643 3507 ct
672 3452 1150 3528 desideratissimi,
1197 3459 1458 3531 gaudium
1502 3466 1556 3513 et
1586 3473 1787 3514 corona
1816 3474 1937 3514 mea
1962 3458 2028 3527 ’7,

382 3542 609 3612 gaudeo
641 3546 700 3598 et
729 3547 1101 3616 congratulor
1130 3550 1315 3605 vobis.
1349 3548 1603 3618 Idipsum
1627 3551 1819 3603 autem
1844 3551 1900 3603 et
1927 3564 2029 3603 vos

380 3631 625 3701 gaudete
681 3636 738 3687 et
794 3638 1280 3707 congratulamini
1339 3637 1504 3693 mihi.
1574 3637 1734 3691 Beati
1794 3636 2027 3706 quidem

380 3719 539 3776 Pauli
570 3728 710 3778 sunt
740 3723 861 3780 hinc
893 3729 1083 3795 verba,
1115 3729 1215 3784 sed
1247 3728 1382 3783 huic
1426 3727 1674 3798 tempori
1706 3743 2031 3800 congruen-

382 3808 502 3865 tia:
538 3809 731 3868 Omnia
774 3814 1065 3886 siquidem
1097 3816 1165 3873 ab
1206 3824 1453 3873 nostram
1497 3815 1805 3873 doctrinam
1831 3818 2031 3887 scripta

381 3905 514 3953 sunt
543 3897 611 3964 ³⁸,
645 3906 702 3957 et
732 3901 1058 3961 imitatores
1089 3907 1179 3962 sui
1217 3923 1324 3962 nos
1376 3922 1496 3961 esse
1527 3906 1870 3961 obtestatur.
1906 3904 2030 3959 Pri-

382 4004 545 4044 mum
577 4006 713 4063 ergo
742 3991 882 4048 illud
914 4011 1044 4052 vere
1065 3996 1328 4065 dixerim,
1356 4011 1470 4051 non
1511 3999 1797 4065 quantum
1828 3994 2032 4050 volunt

383 4079 740 4152 cupiuntque
786 4081 827 4136 ii
876 4083 975 4154 qui
1022 4102 1129 4141 nos
1170 4089 1398 4151 vexant,
1449 4084 1727 4139 aerumnis
1774 4088 1829 4140 et
1877 4083 2029 4139 afﬂi-

382 4168 675 4226 ctionibus
708 4188 813 4227 nos
860 4174 1068 4245 premi.
1101 4174 1196 4231 Sic
1244 4174 1399 4231 enim
1452 4172 1841 4230 intolerabilis
1885 4175 2032 4231 foret

381 4258 629 4314 tentatio
661 4276 675 4315 :
708 4261 896 4331 qualis
943 4280 1067 4335 quin
1112 4281 1146 4318 a
1192 4264 1546 4321 daemonibus
1595 4263 1819 4320 occulte
1861 4264 2031 4320 nobis

382 4345 633 4403 infertur
664 4365 678 4403 :
712 4352 811 4405 sed
841 4356 1123 4423 quantum
1149 4353 1437 4424 permittit
1458 4352 1795 4409 certaminis
1818 4369 2031 4425 praeses

382 4438 440 4490 et
468 4436 754 4510 particeps
786 4440 1089 4498 nobiseum
1137 4442 1423 4511 Christus,
1455 4444 1551 4514 qui
1600 4460 1703 4514 pro
1751 4443 2033 4513 cuiusque

382 4525 596 4582 virium
627 4527 852 4586 modulo
899 4546 964 4586 ac
1014 4533 1500 4603 mensura,justo
1543 4533 1769 4603 judicio
1818 4548 2031 4603 agones

382 4614 667 4688 immittit,
715 4618 804 4674 vel
849 4619 922 4676 ad
972 4621 1319 4679 delictorum
1380 4622 1723 4692 vindictam,
1764 4624 1811 4677 si
1861 4624 2031 4678 modo
2066 4608 2111 4673 Β

384 4711 589 4776 sponte
621 4709 691 4763 ad
725 4710 1067 4782 patiendum
1108 4711 1458 4781 accedimus,
1491 4711 1577 4768 vel
1605 4715 1676 4769 ad
1709 4712 2033 4768 victricium

384 4809 727 4853 coronarum
759 4799 1225 4869 retributionem,
1260 4818 1289 4857 e
1321 4800 1507 4873 gloria
1537 4803 1595 4858 in
1629 4801 1868 4874 gloriam
1904 4818 2033 4874 pro-

384 4886 802 4955 gredientibus.
837 4887 962 4945 Non
997 4890 1155 4946 enim
1187 4892 1246 4945 in
1278 4891 1484 4947 iisdem
1513 4909 1640 4963 nos,
1673 4892 1889 4963 quibus
1920 4892 2030 4947 Pe,

386 4983 508 5032 trus
536 4985 589 5033 et
639 4977 846 5035 Paulus
907 4997 1040 5036 cum
1098 4982 1441 5053 aequalibus,
1472 4989 1574 5039 aut
1638 4983 1919 5055 Georgius
1974 4986 2032 5037 et

382 5066 718 5123 Theodorus
757 5085 888 5125 cum
919 5071 1184 5140 ejusdem
1215 5071 1412 5141 gloria
1443 5072 1636 5139 sociis,
1680 5080 1779 5126 aut
1815 5070 2031 5125 Thecla

385 5160 441 5211 et
471 5155 751 5214 Febronia
772 5174 903 5213 cum
932 5161 1220 5231 patribus,
1244 5161 1429 5215 affecti
1454 5160 1759 5215 tormentis
1784 5159 2025 5227 fuimus,

384 5246 443 5300 in
493 5246 728 5317 quibus,
776 5264 910 5303 cum
962 5248 1214 5303 multum
1276 5249 1608 5319 diligerent,
1658 5248 2029 5319 proportione

385 5333 752 5391 abundarent
781 5341 837 5392 et
865 5337 1075 5391 Christi
1107 5352 1397 5391 concessa
1438 5337 1758 5406 passiones.
1798 5343 1869 5392 At
1898 5336 2029 5407 qui-

382 5422 492 5479 bus
524 5424 722 5493 exigua
752 5431 841 5482 est
867 5425 1146 5494 charitas,
1181 5425 1252 5481 iis
1284 5425 1508 5483 minora
1537 5427 1713 5483 etiam
1744 5425 1861 5498 pati
1897 5442 2026 5483 con-

453 5560 501 5597 ²⁷
530 5560 745 5632 Philip.
782 5578 857 5630 ιν,
892 5562 945 5617 1.
1021 5561 1258 5619 "Rom.
1289 5579 1388 5632 xu,
1424 5564 1476 5618 4.

456 5683 528 5766 (¹)
558 5683 921 5757 Dogmatica.

2134 1936 2264 2011 ὑπὲρ
2318 1939 2556 2010 Χριστοῦ
2622 1921 2943 2008 μαρτυρίοις
3010 1926 3254 1984 ἐναθλεῐν
3314 1923 3643 1997 ἡξιώμεθα·
3693 1921 3780 1975 ὅτι

2135 2029 2404 2105 φυλακαῖς
2435 2050 2493 2084 τε
2521 2028 2611 2082 καὶ
2645 2024 2867 2100 θλίψεσι
2900 2020 2988 2078 διὰ
3016 2024 3109 2077 τὸν
3146 2018 3309 2105 λόγον
3339 2020 3437 2105 τοῦ
3475 2018 3612 2105 Θεοῦ
3639 2032 3785 2105 παρ-

2135 2103 2402 2191 εδόθημεν
2434 2136 2447 2150 ·
2484 2115 2569 2171 ὅτι
2611 2114 2854 2191 πληγαῖς
2909 2133 2967 2166 τε
3017 2110 3106 2165 καὶ
3168 2104 3354 2182 ὕϐρεσι
3414 2103 3505 2160 διὰ
3555 2103 3784 2191 Χριστὸν

2132 2208 2226 2262 τὸν
2261 2189 2392 2282 ὑπὲρ
2424 2208 2586 2278 ἡμῶν
2623 2189 2986 2277 μαστιχθιωτα
3014 2198 3106 2254 καὶ
3149 2192 3512 2251 ὀνειδισθέντα
3540 2210 3556 2226 ⁸
3603 2189 3789 2246 ἔπειτα

2135 2299 2225 2353 καὶ
2294 2280 2670 2370 σταυρωθέντα
2732 2285 3149 2361 ὑπεϐλήθημεν.
3208 2283 3305 2348 Τίς
3360 2282 3460 2338 οὐκ
3513 2280 3785 2348 αἰνέσειε;

2135 2391 2218 2447 τίς
2252 2384 2313 2438 οὗ
2346 2367 2664 2456 Scias-sisit;
2712 2374 2979 2445 ’Δνατολή
3030 2370 3243 2444 ἥδεται,
3295 2369 3455 2431 Λύσις
3504 2367 3792 2445 εὐφραίνε-

2134 2491 2272 2530 ται·
2338 2476 2480 2528 πᾶσα
2538 2467 2838 2540 Ἐκκλησία
2902 2472 3003 2535 τῆς
3080 2460 3476 2533 τετραπεράτου
3556 2457 3787 2516 κτίσεως

2138 2561 2462 2640 ἀγάλλεται.
2515 2561 2615 2616 Καὶ
2664 2560 2717 2613 τί
2768 2555 2919 2633 λέγω
2966 2555 3057 2608 τὸν
3107 2552 3384 2627 περίγειον
3428 2548 3687 2640 κόσμονξ
3728 2549 3787 2599 ‘0

2140 2635 2366 2729 οῦρανὸς
2401 2650 2556 2715 ςύτὸς
2597 2646 2866 2723 θυμηδίας
2916 2643 3279 2716 πεπλήρωται
3312 2658 3326 2672 ·
3373 2640 3456 2729 ὅτι
3506 2637 3568 2729 οῦ
3620 2635 3785 2710 μόνον

2137 2744 2164 2798 ὁ
2209 2727 2522 2818 κορυφαῖος
2582 2744 2689 2794 τῶν
2741 2736 2859 2791 καθ’
2916 2737 3066 2808 ἡμᾶς
3115 2733 3408 2806 ἱεραρχῶν,
3437 2727 3694 2818 laede-xu:
3732 2743 3793 2818 τε

2136 2829 2230 2887 καὶ
2288 2810 2475 2905 ἱερεῖς,
2531 2826 2905 2904 καθηγεμόνες
2953 2842 3012 2876 τε
3059 2824 3147 2875 καί
3198 2814 3477 2897 φοιτηταὶ,
3511 2812 3657 2869 ἀλλὰ
3695 2810 3789 2867 καὶ

2141 2922 2473 2995 μονάζουσαι
2532 2916 2625 2972 σὺν
2683 2913 3079 2989 προεστώσαις,
3139 2905 3353 2964 ε’ίλοντο
3383 2906 3449 2960 τὰ
3501 2906 3599 2973 τῆς
3647 2923 3793 2976 μαρ-

2138 2994 2324 3085 τυρίας
2383 3010 2699 3083 σκάμματα.
2762 3006 2867 3060 Ἐὦ
2924 3001 3105 3077 λέγειν
3144 2998 3269 3059 τοὺς
3316 2997 3371 3053 ἐν
3415 2994 3671 3069 ἐρημίαις
3696 2994 3788 3085 καὶ

2138 3080 2310 3176 ὄρεσι,
2360 3099 2446 3154 καί
2492 3080 2823 3167 σπηλαίοις,
2881 3093 2973 3147 καὶ
3020 3095 3140 3152 ταῖς
3197 3088 3358 3148 ὀπαῖς
3410 3091 3511 3153 τῆς
3554 3090 3684 3158 γῆς,
3731 3080 3794 3176 εκ

2143 3170 2432 3270 φυγαδείας
2490 3182 2873 3259 θλιϐομένους,
2916 3178 3363 3270 ὑστερουμένους,
3400 3170 3793 3270 κακουχουμέ-

2140 3258 2267 3340 vce:
2316 3276 2405 3334 διὰ
2448 3279 2540 3334 τὸν
2593 3258 2726 3350 ὑπερ
2774 3276 3019 3347 Χριστοῦ
3068 3267 3332 3343 διωγμόν.
3385 3263 3627 3323 Βῖκότως
3670 3258 3789 3329 οὖν,

2139 3368 2421 3447 ἀδελφοί
2455 3389 2577 3441 μου
2606 3364 3040 3440 ἠγαπημένοι
3072 3359 3183 3414 καὶ
3214 3352 3642 3447 ἐπιπόθητοι,
3667 3370 3793 3447 Xa:-

2140 3479 2169 3531 ρ
2188 3460 2218 3514 ἆ
2237 3437 2347 3515 καΙὶ
2372 3437 2689 3532 στέφανός
2724 3473 2867 3526 μου,
2895 3450 3076 3529 χαίρω
3097 3447 3188 3502 καὶ
3210 3444 3497 3521 συγχαίρω
3530 3441 3704 3532 ὑμῖνᾼς
3724 3437 3790 3492 τὸ

2141 3526 2187 3603 δ’
2216 3548 2347 3603 αὐτὸ
2376 3547 2465 3602 καὶ
2495 3526 2651 3618 όμεῖς
2683 3526 2904 3619 χαίρετε
2923 3526 3024 3594 ⁷κοιὶ
3057 3531 3379 3612 συγχαίρετέ
3412 3550 3527 3603 μοι.
3564 3526 3786 3584 Παύλου

2145 3640 2239 3713 μὲν
2270 3642 2368 3693 τοῦ
2396 3635 2663 3711 μακαρίου
2695 3633 2750 3688 αἱ
2777 3630 2948 3709 φωναί
2982 3648 2995 3661 ·
3030 3631 3111 3699 τῷ
3141 3627 3317 3698 καιρῷ
3349 3619 3406 3713 8‘s
3435 3619 3733 3713 πρέπουσαι
3769 3633 3787 3649 ·

2140 3707 2418 3795 ίΕπειδη
2450 3707 2906 3797 εἰς-ἡμετέραν
2935 3715 3285 3773 νουθεσίαν
3319 3710 3529 3766 πάντα
3559 3707 3790 3784 γέγρα-

2138 3837 2296 3873 πται
2329 3834 2342 3847 ·
2376 3814 2467 3869 καὶ
2498 3810 2742 3886 μιμητὰς
2776 3808 2943 3864 αὐτοῦ
2995 3804 3281 3877 ἐκλιπαρεῖ
3322 3800 3564 3875 γίνεσθαι
3611 3797 3783 3886 ἡμᾶς.

2144 3909 2369 3981 Πρῶτον
2432 3882 2528 3976 μὶν
2571 3882 2751 3956 Ἵέκεῖνο
2810 3896 3009 3967 ἀληθὲς
3067 3892 3235 3948 εἰπεῖν
3291 3907 3309 3924 θ
3368 3886 3451 3942 ὅτι
3478 3886 3603 3981 οὐχ
3659 3882 3783 3981 ὅσον

2139 3978 2528 4070 προαιροῦνται
2560 3991 2650 4047 καὶ
2709 3986 3007 4063 βούλονται
3059 3984 3110 4039 οἱ
3143 3985 3436 4041 κακοῦντες
3465 3978 3635 4049 ἡμᾶς,
3666 3978 3786 4035 ταῖς

2142 4064 2361 4159 θλίψεσι
2423 4082 2513 4138 καὶ
2576 4080 2917 4154 περιστάσεσι
2969 4068 3409 4159 παραδιδόμεθαι
3471 4064 3630 4159 Οὕτω
3678 4064 3783 4159 γάρ

2142 4173 2202 4229 ’ἀν
2239 4153 2564 4232 ἀνόποιστος
2729 4171 2765 4238 ἡ
2810 4171 2970 4242 πεῖρα
3012 4183 3027 4196 ⁸
3071 4160 3208 4217 καθᾶ
3249 4158 3340 4214 καὶ
3389 4158 3425 4226 ἡ
3472 4153 3619 4242 παρά
3676 4155 3782 4242 τῷν

2142 4258 2413 4334 δαιμόνων
2474 4257 2720 4334 ἀοράτως
2765 4240 2913 4325 ἡμῖν.
2951 4243 3377 4324 προσϐάλλουσα
3408 4262 3423 4278 ⁸
3473 4240 3621 4334 ἀλλά
3658 4241 3792 4334 ἑκαθ-

2141 4330 2265 4405 όσον
2320 4330 2646 4425 παραχωρεῖ
2701 4345 2729 4399 6
2780 4339 3131 4417 ἀγωνοθετῶν
3173 4335 3265 4391 καὶ
3292 4424 3295 4425 ν
3321 4330 3609 4425 συναθλῶν.
3646 4330 3783 4401 ἡμῖν

2140 4417 2408 4514 Χριστὸςξ
2439 4417 2619 4510 μέτρῳ
2658 4433 2747 4489 καὶ
2789 4432 3013 4504 σταθμῷ
3063 4433 3161 4496 τῆς
3209 4417 3783 4514 ὲκάστουῌδυνάμζεως,

2140 4505 2397 4604 ἐν’κρίσει
2440 4505 2626 4595 δικαία
2681 4523 2810 4583 τοὺς
2869 4520 3081 4594 ἀγῶνας
3130 4512 3377 4604 ἐπαφεὶς,
3438 4510 3476 4585 ᾖ
3516 4508 3594 4570 εἷς
3641 4505 3786 4604 tum:

2142 4641 2225 4676 σιν
2263 4598 2560 4692 ’ἁμαρτιῶν
2595 4634 2610 4648 ο
2671 4614 2716 4670 εἰ
2772 4613 2864 4669 καὶ
2920 4608 3250 4683 αὐθαιρέτως
3308 4602 3515 4676 ἥκομεν
3558 4600 3692 4692 ¹πρὸς
3722 4598 3785 4692 τὸ

2142 4686 2415 4785 πάσχεινλ
2471 4709 2505 4777 ἢ
2556 4703 2643 4760 ἐπὶ
2693 4703 2964 4779 στεφάνων
3006 4695 3387 4770 ἀθλοφορικῶν
3437 4686 3678 4785 ἀμοιϐην
3728 4687 3787 4742 ἐκ

2143 4781 2305 4875 δόξης
2356 4802 2432 4865 εἷς
2493 4798 2648 4869 δόξαν
2692 4795 3142 4873 προερχομένοις.
3195 4789 3285 4857 Μή
3318 4785 3423 4864 γὰρ
3465 4785 3541 4846 ὡς
3580 4781 3782 4875 ῌέτρος

2140 4892 2177 4963 ἢ
2210 4868 2425 4953 ίῖαῦλος
2466 4868 2705 4950 σὺνῗτοῖς
2738 4868 3110 4959 -ὁμοταγὲσιν,
3139 4878 3176 4948 ἤ
3224 4877 3496 4951 Γεώργιος
3544 4870 3632 4963 καὶ
3664 4868 3785 4963 θεό-

2142 4956 2317 5056 δωρος
2368 4980 2459 5035 σὺν
2509 4983 2627 5039 τοῖς
2674 4956 3019 5051 ὁμοκλεὲσιν,
3050 4970 3087 5039 ἢ
3135 4965 3311 5024 Θὲκλα
3357 4956 3783 5056 καὶ-φεβρωνία

2140 5049 2234 5125 σὺν
2264 5075 2381 5131 ταῖς
2411 5049 2725 5141 ὁμοδόξοιςᾲ
2760 5058 3195 5139 βεϐασανίσμεθα
3219 5076 3231 5087 ⁸
3268 5055 3355 5115 οἷς
3394 5049 3543 5141 «alii
3572 5049 3784 5141 ἀγαπηο

2141 5180 2288 5214 σασιν
2332 5153 2617 5233 ἀναλόγως
2670 5151 3009 5229 περιέσσευσε
3054 5147 3144 5203 καὶ
3198 5145 3265 5201 τά
3310 5137 3546 5217 Χριστοῦ
3575 5138 3785 5233 -.παθη-

2143 5269 2284 5323 ματα
2316 5225 2688 5322 δεδωρημένα.
2719 5225 2820 5305 Οἷς
2851 5239 2907 5296 δὲ
2936 5240 2999 5295 τὸ
3046 5243 3147 5306 τῆς
3186 5225 3779 5323 ἀγαπήσεωςίόλίγονε

2138 5315 2469 5411 ἓνδεὲστερον
2514 5315 2605 5391 καὶ
2657 5335 2718 5389 τὸ
2774 5331 3004 5405 πάσχειν
3049 5346 3065 5362 ·
3124 5322 3262 5379 ὥστε
3328 5319 3612 5411 λυπεῖσθαι
3688 5315 3782 5411 καὶ

2138 5403 2450 5506 δυσφορεῖν,
2482 5425 2565 5480 ὅτι
2602 5423 2679 5499 μὴ
2718 5403 3272 5489 πολλάνπανθάνομεν
3306 5429 3320 5443 ⁸
3356 5407 3457 5464 οὐκ
3512 5403 3781 5461 ἀλλοιοῦ-
