4062 6280
306 383 454 444 1181

1586 388 2133 451 EPISTOLARUM
2180 388 2327 449 LIB.
2375 387 2454 447 II.

3550 384 3707 447 1182

304 516 425 569 σθαι
459 513 567 570 δεῖν
617 514 706 571 καὶ
755 515 1087 591 ἀποκάμνειν
1138 516 1189 573 ἐν
1242 520 1327 580 οἷς
1380 519 1613 594 μετρίως
1659 520 1818 594 ἐσμὲν
1862 541 1945 574 τι-

2069 521 2326 590 eeditur;
2359 523 2424 575 ut
2453 519 2647 576 dolere
2676 521 2853 589 atque
2901 531 3052 589 aegre
3102 516 3248 573 ferre
3307 516 3467 588 quod
3516 516 3702 574 multa

309 606 682 681 μωρούμενοι.

382 784 447 839 E3!
495 783 552 839 δὲ
610 786 927 861 ἐκπέσοιμεν
964 808 978 823 ·
1038 790 1171 864 ὅπερ
1217 790 1377 860 ἀπείη
1439 793 1527 846 καὶ
1586 790 1780 846 ἐννοεῖν
1815 810 1828 824 °
1886 791 1947 845 οὗ

307 870 456 944 παρᾶ
491 874 591 940 τήν
634 874 909 950 θεόκριτον
961 874 1167 956 ἐπαφήν
1200 895 1213 910 ο
1264 878 1410 953 παρὰ
1458 876 1515 933 δὲ
1560 880 1658 948 τήν
1704 882 1799 932 τοῦ
1847 898 1947 931 κα-

304 961 805 1033 ταμαλακισθέντος
853 963 1095 1037 ἀτονίαν,
1135 967 1226 1021 καὶ
1276 965 1557 1042 ἀκαρδίαν,
1604 969 1692 1022 καὶ
1742 964 1944 1022 ἀθεΐαν.

306 1056 367 1107 Ὀ
403 1052 496 1123 μὲν
528 1053 633 1126 γὰρ
661 1050 861 1109 δέδωκε
888 1057 949 1109 τὸ
983 1054 1189 1134 ἷσχύειν
1223 1057 1358 1112 κατά
1386 1061 1483 1113 τοῦ
1516 1060 1761 1131 πονηροῦ
1811 1056 1949 1127 κρά-

307 1164 435 1205 τους
467 1160 481 1175 ⁸
512 1143 811 1223 νικηφόρον
846 1144 1180 1220 βουλόμενος
1212 1149 1304 1203 τὸν
1336 1148 1640 1223 ἀγωνιστὴν
1689 1147 1897 1203 ἔσεσθαι
1932 1166 1946 1180 ο

309 1232 338 1285 6
371 1229 427 1286 δὲ
476 1230 744 1307 ὀλιγωρίᾳ
774 1236 936 1308 ῥίψας
979 1237 1045 1291 τὰ
1082 1244 1182 1306 τῆς
1232 1238 1513 1311 ὑπομονῆς
1561 1237 1706 1293 ὅπλα
1749 1234 1946 1292 ὤλετο.

309 1320 527 1396 Μάρτυς
557 1326 654 1376 τοῦ
694 1320 867 1400 λόγου
910 1324 939 1379 6
985 1324 1196 1398 κράζων
1230 1346 1244 1360 ’
1294 1328 1534 1388 Πιστὸς
1580 1328 1608 1381 6
1662 1326 1840 1395 Θεὸς,
1883 1325 1952 1389 ’ὀς

311 1407 429 1463 οὐκ
458 1407 637 1464 ἐάσει
683 1411 852 1484 ὑμᾶς
892 1417 1339 1486 πειρασθῆναι
1382 1414 1539 1489 ὑπὲρ
1580 1414 1609 1469 ’ὁ
1641 1412 1947 1469 δύνασθε*

308 1495 484 1552 ἀλλὰ
522 1501 795 1570 ποιήσει
828 1500 939 1556 σὺν
978 1506 1068 1574 τῷ
1097 1509 1444 1578 πειρασμῷ
1472 1503 1580 1559 καὶ
1609 1505 1726 1573 τὴν
1760 1498 1948 1560 ἔκϐα-

312 1608 410 1642 σιν
441 1593 557 1645 τοῦ
597 1586 916 1645 δύνασθαι
962 1592 1129 1664 ὑμᾶς
1164 1592 1562 1667 ὑπενεγκεῖν.
1595 1590 1723 1649 Ὧδε
1752 1595 1787 1663 ἡ
1824 1594 1951 1649 ὑπο-

315 1679 480 1751 μονὴ,
512 1676 740 1758 ἀδελφοί
760 1699 773 1712 ·
807 1677 913 1734 ὧδε
943 1681 993 1734 οἱ
1026 1678 1328 1737 θεόπλοκοι
1357 1680 1605 1759 στέφανοι
1635 1689 1734 1752 τῆς
1768 1683 1953 1737 εὐπισο

309 1765 555 1838 τίας.Μή
590 1766 685 1822 οῦν
714 1768 1164 1843 ἐπαισχυνθῶμεν
1196 1771 1257 1825 τὸ
1292 1773 1585 1845 μαρτύριον
1618 1775 1716 1826 τοῦ
1749 1770 1948 1844 Κυρίου

309 1858 474 1929 ἡμῶν
508 1874 522 1888 ⁶
560 1854 701 1930 μηδέ
744 1858 1163 1935 ἀπολειφθῶμεν
1214 1857 1478 1915 Θαδδαίου
1522 1864 1619 1914 τοῦ
1658 1858 1946 1915 νεολέκτω

314 1945 614 2020 μάρτυρος,
653 1947 747 2002 καὶ
782 1953 889 2002 τῶν
940 1948 1522 2025 συνομολογησάντων,
1553 1970 1644 2005 και
1693 1946 1949 2018 συνεκδη-

314 2037 608 2108 μησάντων
662 2036 836 2093 ὀπίσω
886 2038 1053 2093 αὐτοῦ
1088 2058 1101 2071 ·
1153 2039 1226 2092 ὦν
1273 2038 1384 2094 ἴστε
1441 2037 1508 2107 δὴ
1565 2039 1631 2095 τά
1689 2039 1947 2112 ὀνόματα.

308 2122 377 2180 Δῖ
721 2126 737 2147 ’
829 2149 840 2164 ι
918 2128 931 2145 ’
985 2126 1008 2145 ’⁸
1054 2128 1066 2146 ’
1248 2128 1261 2146 ‘
1339 2133 1366 2143 ”’
1512 2130 1524 2151 ’
1574 2150 1619 2160 ··
1762 2128 1774 2147 ’
1921 2132 1947 2142 ’³

383 2146 515 2198 ματι
566 2146 854 2201 μαρτυρωθ
904 2129 1141 2202 ηροευθη
1173 2148 1264 2183 και
1311 2151 1398 2183 νυν
1430 2131 1464 2199 ἡ
1529 2129 1811 2199 Εοιιιλησια
1853 2150 1951 2183 του

309 2218 446 2269 Θεοῦ
478 2234 493 2248 ο
527 2214 642 2270 ἐπεὶ
672 2217 762 2271 καί
813 2214 1095 2291 ἀρδεύεται
1126 2214 1216 2271 διὰ
1257 2222 1363 2272 τῶν
1395 2214 1473 2273 ἔτι
1521 2217 1831 2273 ἀθλούντων
1860 2218 1950 2272 καὶ

308 2301 679 2379 πολυτρόπως
729 2303 1130 2377 ἐκπιεζομὲνων
1175 2310 1295 2367 ταῖς
1346 2306 1617 2380 θλίψεσιν.
1664 2307 1817 2380 Αἷμα
1860 2326 1951 2361 κε-

306 2394 453 2447 νοῖὸ
501 2394 906 2469 καθειργμένος,
958 2395 988 2449 6
1040 2394 1450 2469 μεμονωμένος,
1501 2397 1530 2451 6
1574 2395 1951 2471 στενοχωρού-

316 2502 498 2554 μενος,
528 2483 556 2537 6
587 2483 1004 2563 ἀφηρπασμένος
1038 2483 1097 2539 ἐκ
1124 2486 1324 2548 παντὸς
1371 2485 1691 2559 προσώπου,
1722 2487 1750 2541 ὁ
1801 2485 1951 2539 ὑστεσ

319 2573 581 2645 ρούμενος
610 2578 718 2627 τῶν
765 2574 901 2629 κατὰ
932 2575 1146 2649 χρείαν,
1180 2575 1207 2630 6
1248 2580 1471 2641 πεινῶν,
1503 2575 1532 2629 6
1581 2571 1775 2648 διψῶν,
1805 2575 1833 2629 6
1874 2575 1949 2647 μή

314 2661 420 2729 τήν
467 2666 563 2716 τοῦ
610 2660 777 2732 ἡλίου
828 2663 1016 2718 ἀκτῖνα
1066 2661 1385 2740 δεχόμενος,
1436 2662 1746 2738 καθημὲραν
1806 2663 1952 2718 ἀπο-

318 2750 587 2822 θνήσκων,
620 2752 695 2816 ὼς
727 2753 833 2823 βοᾷ
862 2750 1106 2823 Παῦλος,
1135 2754 1225 2808 καὶ
1258 2754 1396 2824 ὅλην
1425 2755 1525 2823 τὴν
1557 2753 1765 2827 ἡμέραν
1797 2754 1954 2807 θανα-

315 2840 601 2912 τούμενος,
648 2841 722 2904 ὡς
771 2839 886 2912 ᾅδει
936 2837 1125 2900 Δαϐίδ.
1170 2840 1328 2898 Ἀλλ’
1375 2842 1429 2897 εἶ
1496 2842 1950 2916 ἀποθάνωμεν,

312 2931 421 2984 καὶ
453 2932 827 3005 συζήσομεν
864 2936 1125 3007 Χριστῷ
1158 2950 1171 2963 ⁸
1218 2932 1271 2987 εἰ
1313 2931 1806 3006 ὑπομείνωμεν,
1844 2934 1952 2987 καὶ

314 3012 944 3094 συμϐασιλὲυσομεν
1007 3020 1200 3092 αὐτῷ.
1250 3021 1337 3077 Ἐν
1392 3024 1508 3081 τοῖς
1564 3018 1676 3074 ἄνω
1732 3021 1953 3096 χρόνοις

310 3104 587 3178 ἐξελέξατο
618 3110 654 3177 ἡ
690 3108 851 3184 χάρις
875 3111 967 3171 οὖς
1015 3109 1287 3179 ἐξελέξατο
1321 3108 1395 3172 εἷς
1433 3110 1495 3164 τὸ
1524 3111 1760 3183 Χριστοῦ
1808 3130 1951 3184 μαρ-

309 3198 520 3271 τύριον.
556 3200 700 3253 Κατὰ
748 3200 929 3275 γενεὰν
961 3201 1050 3254 καὶ
1096 3200 1278 3276 γενεᾶν
1329 3200 1610 3274 ἀνίσχουσι
1664 3200 1949 3274 μάρτυρες.

1982 1907 2029 1972 Β

2057 627 2171 666 non
2206 610 2477 682 patimur,
2502 626 2615 664 non
2648 607 2871 662 turbari
2902 623 3007 662 nos
3037 607 3258 673 deceat,
3292 622 3482 678 neque
3508 606 3698 679 frangi

2057 701 2130 755 ob
2162 700 2471 755 mediocria
2511 699 2631 753 haec
2663 696 2949 769 supplicia
2978 712 3105 767 quae
3137 697 3520 752 sustinemus.

2130 790 2290 854 Quod
2324 790 2373 844 si
2422 787 2820 854 ceciderimus,
2857 786 3012 857 quod
3064 786 3217 841 absit
3264 786 3354 840 vel
3403 785 3693 858 cogitare!

2058 897 2171 936 non
2203 881 2272 934 ad
2311 878 2573 933 divinum
2608 876 2952 948 impulsum,
2987 877 3087 931 sed
3120 876 3190 931 ad
3223 876 3352 947 ejus
3380 876 3478 949 qui
3514 877 3701 932 factus

2058 977 2145 1025 est
2176 967 2607 1033 remissionem,
2630 972 2684 1021 et
2730 966 3044 1038 ignaviam,
3080 965 3564 1036 impietatemque
3614 980 3704 1020 re-

2060 1059 2388 1113 ferendum.
2425 1058 2578 1111 Deus
2601 1055 2753 1111 enim
2776 1055 2926 1110 vires
2949 1055 3107 1110 dedit
3125 1054 3403 1110 adversus
3423 1054 3700 1109 daemonis

2062 1148 2399 1221 potentiam,
2452 1147 2727 1203 victorem
2798 1145 2995 1202 volens
3051 1145 3332 1201 athletam
3384 1144 3544 1200 fieri:
3606 1143 3702 1199 hic

2060 1254 2191 1294 vero
2248 1237 2603 1309 negligentia
2658 1252 2788 1301 sua,
2843 1235 3135 1306 patientiae
3185 1251 3348 1290 arma
3391 1234 3701 1305 projiciens

2062 1329 2249 1401 periit.
2281 1327 2469 1383 Testis
2499 1327 2709 1382 horum
2740 1326 2840 1397 qui
2890 1325 3132 1382 clamat:
3164 1325 3369 1381 Fidelis
3419 1326 3577 1393 Deus,
3604 1325 3701 1395 qui

2059 1436 2169 1475 non
2197 1420 2440 1490 patietur
2467 1434 2557 1474 vos
2586 1420 2792 1473 tentari
2820 1433 2991 1488 supra
3028 1415 3087 1471 id
3136 1415 3275 1488 quod
3322 1417 3578 1487 potestis;
3608 1414 3702 1470 sed

2059 1511 2225 1580 faciet
2254 1524 2378 1563 cum
2428 1507 2726 1564 tentatione
2771 1516 3113 1578 proventum,
3164 1510 3224 1560 ut
3269 1505 3490 1577 possitis
3543 1506 3704 1560 susti-

2058 1614 2188 1653 nere
2218 1597 2285 1652 ²⁹.
2318 1597 2440 1663 Hic,
2474 1596 2700 1663 fratres,
2734 1596 3053 1668 patientia;
3096 1595 3190 1651 hic
3220 1611 3345 1666 quas
3376 1611 3410 1650 a
3454 1594 3568 1649 Deo
3601 1608 3702 1649 ne-

2059 1692 2299 1743 ctuntur
2328 1686 2460 1741 ﬁdei
2494 1702 2736 1742 coronas.
2770 1685 2850 1740 Ne
2880 1686 3057 1756 igitur
3086 1687 3499 1741 erubescamus
3526 1682 3698 1737 testi-

2062 1777 2324 1832 monium
2369 1775 2597 1831 Domini
2630 1775 2830 1843 nostri,
2870 1790 2977 1830 nec
3023 1772 3173 1829 vinci
3206 1789 3313 1829 nos
3344 1771 3637 1843 patiamur
3667 1787 3703 1826 a

2060 1864 2349 1920 Thaddaso
2392 1864 2609 1921 recenti
2649 1868 2922 1936 martyre,
2954 1863 3140 1934 iisque
3170 1861 3268 1932 qui
3301 1877 3417 1916 una
3447 1859 3700 1915 confessi

2060 1963 2187 2026 post
2216 1970 2349 2009 eum
2380 1954 2681 2009 abierunt:
2715 1967 2965 2025 quorum
3016 1950 3128 2022 ipsi
3181 1950 3418 2006 nomina
3465 1947 3694 2003 tenetis.

2060 2042 2379 2114 Martyrum
2402 2040 3278 2113 sanguineirrigataetiamnum
3309 2043 3396 2094 est
3440 2036 3696 2093 Ecclesia

2060 2131 2195 2188 Dei:
2224 2136 2400 2203 atque
2431 2133 2574 2187 adeo
2604 2131 2880 2202 irrigatur
2909 2147 3012 2202 per
3036 2146 3136 2185 eos
3162 2129 3259 2201 qui
3291 2127 3481 2184 adhuc
3502 2128 3699 2182 decor-

2061 2225 2206 2291 tant,
2256 2229 2311 2276 et
2362 2220 2535 2276 variis
2582 2220 2858 2277 aerumnis
2919 2219 3292 2275 afﬂictautur.
3343 2217 3699 2290 Sanguinem

2059 2310 2257 2367 fundit
2286 2310 2388 2381 qui
2420 2309 2683 2366 inclusus
2712 2314 2965 2377 tenetur,
3000 2309 3101 2380 qui
3133 2309 3203 2364 ab
3244 2307 3372 2364 aliis
3403 2308 3704 2376 sejunctas

2062 2406 2171 2470 est,
2204 2402 2303 2472 qui
2334 2401 2392 2455 in
2415 2401 2698 2471 angustiis
2718 2401 2966 2473 positus,
2998 2399 3099 2471 qui
3116 2401 3186 2454 ab
3206 2398 3367 2454 omni
3385 2399 3702 2468 conspectu

2062 2494 2347 2558 remotus,
2407 2490 2507 2561 qui
2558 2490 2734 2545 rebus
2799 2488 3141 2545 necessariis
3209 2488 3544 2556 destitutus,
3604 2484 3702 2555 qui

2062 2582 2264 2649 esurit,
2295 2580 2395 2651 qui
2429 2579 2572 2650 sitit,
2606 2579 2705 2652 qui
2750 2578 2891 2633 solis
2923 2577 3149 2633 radium
3192 2593 3308 2633 non
3335 2576 3517 2643 videt,
3551 2590 3705 2645 quo-

2064 2670 2202 2724 tidie
2252 2668 2526 2737 moriens,
2572 2674 2637 2723 ut
2692 2667 2951 2739 loquitur
3003 2666 3217 2722 Paulus
3254 2664 3325 2735 ³ο,
3375 2671 3429 2721 et
3459 2668 3581 2720 tota
3611 2662 3704 2718 die

2064 2758 2467 2825 mortiﬁcatus,
2500 2761 2564 2812 ut
2610 2758 2767 2812 canit
2813 2756 2990 2811 David
3023 2756 3090 2810 ³⁸.
3145 2755 3253 2811 Sed
3287 2757 3333 2809 si
3376 2750 3705 2810 commortui

2062 2851 2289 2915 erimus,
2348 2855 2400 2902 et
2449 2845 2793 2902 convivemus
2853 2845 3110 2911 Christo;
3161 2846 3209 2900 si
3262 2844 3703 2909 sustinuerimus,

2062 2943 2118 2994 et
2154 2937 2613 3009 conregnabimus
2669 2936 2738 2990 3'.
2788 2936 3203 3007 Superioribus
3253 2933 3483 2990 saeculis
3533 2931 3707 3003 elegit

2063 3028 2251 3099 gratia
2308 3043 2455 3099 quos
2521 3025 2695 3099 elegit
2756 3024 2831 3081 ad
2873 3025 3086 3080 Christi
3128 3022 3546 3080 testimonium.
3600 3019 3704 3075 Per

2061 3121 2257 3173 aetates
2297 3116 2558 3188 singulas
2588 3115 2928 3172 exoriuntur
2960 3117 3263 3185 martyres.
3311 3112 3529 3167 Necesse
3555 3109 3704 3165 enim

2062 3210 2143 3263 est
2173 3215 2233 3261 ut
2252 3205 2482 3261 veniant
2508 3205 2794 3271 scandala,
2836 3204 2983 3258 dixit
3024 3201 3286 3257 Christus
3316 3199 3364 3234 ⁸³
3397 3216 3412 3255 :
3472 3204 3536 3255 ut
3566 3196 3704 3253 solis

310 3286 594 3364 Ἀνάγκη
628 3290 750 3364 γὰρ
788 3286 1004 3343 ἐλθεῖν
1035 3290 1110 3344 τὰ
1150 3285 1481 3344 σκάνδαλα
1515 3309 1526 3322 ·
1562 3290 1795 3363 Χριστὸς
1822 3287 1954 3366 ἔφη·

2069 3297 2179 3351 ritu
2213 3296 2557 3366 splendeant
2584 3294 2772 3359 electi,
2803 3297 2860 3349 et
2888 3292 3109 3348 zizania
3149 3295 3435 3347 nocturna
3464 3305 3572 3345 sua
3602 3288 3703 3343 ob-

313 3397 400 3431 σεν
432 3393 447 3407 ·
483 3375 573 3431 ’ίνα
622 3379 674 3432 οἱ
720 3376 966 3433 ἐκλεκτοὶ
1016 3378 1305 3454 λάμψωσιν
1354 3375 1655 3448 ἡλιοειδῶς
1685 3398 1698 3411 ·
1749 3379 1838 3434 καὶ
1887 3379 1955 3433 τὰ

315 3466 526 3537 ζιζάνια
555 3467 753 3545 φανερά
781 3468 997 3544 γένηται
1027 3471 1371 3535 νυκτοειδῶς.

390 3557 702 3629 Γενοίμεθα,
742 3557 787 3611 ὦ
826 3556 1075 3638 ἀδελφοὶ,
1108 3560 1159 3615 ἐν
1208 3566 1275 3635 τῇ
1308 3568 1462 3641 γενεᾷ
1508 3564 1675 3640 ταύτῃ
1708 3567 1776 3638 τῇ
1823 3583 1956 3617 σκο-

317 3647 415 3719 λιᾷ
461 3648 549 3703 καὶ
595 3646 1021 3725 διεστραμμένη,
1073 3654 1147 3714 ὡς
1197 3663 1478 3733 φωστῆρες
1526 3657 1847 3730 αὐγάζοντες
1902 3654 1955 3708 ἐν

318 3740 636 3812 σκοτομήνῃ
713 3745 812 3809 τῆς
885 3740 1141 3814 αἱρέσεως
1176 3761 1189 3773 ·
1269 3746 1405 3799 κατά
1472 3748 1620 3819 ἡμᾶς
1685 3743 1956 3815 ἐξελέξατο

320 3828 559 3902 Χριστὸς
610 3827 686 3890 εἷς
734 3828 1001 3903 καύχημα
1052 3830 1216 3886 αὐτοῦ
1267 3832 1341 3894 είς
1390 3834 1551 3895 κλέος
1615 3832 1954 3909 ὀρθοδοξίας.

313 3917 405 3979 Ὦς
453 3918 589 3989 ἡμῖν
638 3918 689 3971 οἱ
738 3915 1008 3990 ἀνέκαθεν,
1055 3918 1227 3983 οὕτως
1278 3924 1443 3995 ἡμεῖς
1498 3928 1615 3985 τοῖς
1674 3922 1959 3996 μετέπειτα

317 4006 626 4081 στηριγμὸς
656 4005 747 4060 καὶ
795 4006 1159 4082 ὑπογραμμὸς
1209 4007 1664 4086 ὑποδειχθείημεν
1700 4033 1712 4045 ·
1758 4012 1849 4067 καὶ
1882 4012 1959 4074 εἰς

315 4088 526 4162 ἡμέραν
581 4096 816 4166 Χριστοῦ
885 4094 1234 4169 εὑρεθείημεν
1310 4096 1649 4170 χορεύοντες.
1710 4099 1964 4171 Καίτοιγε

314 4184 421 4233 τῶν
452 4186 742 4257 προσεχῶν
774 4184 938 4255 ἡμεῖς
992 4183 1203 4257 μᾶλλον
1244 4186 1611 4263 φανερώτερον
1660 4189 1723 4243 τὸ
1756 4188 1961 4263 μαρτύ-

319 4288 435 4342 ριον
463 4266 690 4345 ἔχομεν.
724 4270 864 4328 Οὐδὲ
903 4272 1002 4348 γὰρ
1050 4271 1173 4347 περὶ
1222 4278 1330 4329 τῶν
1374 4273 1429 4330 ἐν
1477 4279 1703 4351 Χριστῷ
1752 4277 1960 4355 φύσεων

317 4359 353 4428 ἢ
385 4357 731 4433 θελημάτων,
766 4381 853 4436 καλ
881 4362 977 4417 ὅσα
1008 4363 1145 4439 πρὸς
1174 4363 1391 4428 τούτοις
1424 4361 1914 4445 ἀμφισϐητούμενα
1947 4387 1960 4401 ⁶

318 4448 393 4503 ὧν
453 4451 488 4517 ἡ
552 4446 911 4526 διαμάρτησις
968 4453 1104 4508 κατά
1168 4454 1235 4509 τὰ
1290 4456 1537 4528 νοήματα
1606 4454 1758 4530 οὖσα,
1808 4454 1961 4512 οὐδὲν

320 4536 594 4608 αἲσθητῶς
647 4544 879 4615 παρεῖχε
929 4544 1027 4609 τὴν
1077 4541 1348 4613 ἀπόδειξιν
1384 4564 1397 4577 ·
1448 4549 1538 4600 νῦν
1587 4544 1645 4601 δὲ
1704 4548 1796 4602 σὺν
1844 4552 1961 4610 τοῖς

2063 3384 2338 3441 scuritate
2369 3384 2677 3441 manifesta
2709 3384 2873 3439 ﬁant.

2135 3565 2349 3633 Simus,
2385 3565 2613 3635 fratres,
2646 3564 2704 3619 in
2739 3563 2972 3619 natione
2993 3561 3103 3618 hac
3124 3576 3296 3631 prava
3324 3564 3381 3616 et
3410 3573 3698 3631 perversa,

2065 3659 2345 3725 tanquam
2379 3653 2556 3709 stellae
2585 3653 2848 3708 lucentes
2870 3651 2927 3706 in
2945 3649 3202 3706 tenebris
3226 3648 3702 3715 haereseos,sicut

2067 3744 2242 3815 elegit
2288 3761 2395 3800 nos
2434 3744 2692 3799 Christus
2722 3741 2783 3797 in
2833 3741 3078 3811 gloriam
3110 3755 3298 3809 suam,
3328 3739 3400 3795 ad
3468 3738 3700 3793 laudem

2068 3834 2203 3890 ﬁdei
2233 3832 2586 3889 orthodoxae.
2616 3831 3122 3896 Quemadmodum
3153 3829 3320 3884 nobis
3350 3828 3388 3882 ii
3412 3827 3513 3897 qui
3560 3826 3701 3881 olim

2071 3925 2330 3989 fuerunt,
2402 3922 2481 3978 ita
2558 3938 2663 3976 nos
2736 3919 2981 3993 posteris
3055 3918 3476 3977 stabilimento,
3537 3920 3709 3987 atque

2070 4010 2336 4083 exemplo
2366 4010 2577 4066 simus:
2612 4014 2676 4065 ut
2722 4009 2781 4064 in
2808 4009 2900 4064 die
2946 4007 3162 4064 Christi
3227 4004 3587 4062 exsultantes
3618 4019 3712 4060 re-

2077 4101 2395 4174 periemur.
2428 4100 2497 4155 Et
2527 4116 2658 4155 vero
2681 4098 2897 4154 clarius
2916 4100 3089 4166 atque
3113 4094 3501 4163 manifestius,
3532 4109 3709 4166 quam

2074 4191 2326 4262 majores
2357 4188 2567 4256 nostri,
2616 4186 3013 4243 testimonium
3045 4184 3351 4240 habemus.
3391 4183 3519 4239 Non
3554 4182 3711 4238 enim

2074 4283 2145 4338 de
2202 4279 2417 4337 Christi
2467 4277 2714 4345 naturis,
2761 4281 2860 4332 aut
2908 4274 3331 4342 voluntatibus,
3381 4277 3440 4329 et
3486 4271 3710 4328 caeteris

2075 4389 2201 4446 quae
2254 4372 2314 4428 in
2372 4370 2753 4443 quastionem
2797 4372 3000 4424 vocata
3050 4366 3324 4434 fuerunt;
3379 4364 3441 4421 in
3494 4363 3711 4435 quibus

2074 4461 2475 4527 hallucinatio,
2528 4461 2805 4530 quoniam
2851 4456 2913 4513 in
2953 4456 3289 4513 notionibus
3334 4452 3480 4526 ipsis
3526 4453 3713 4525 posita

2073 4557 2216 4617 erat,
2248 4550 2470 4607 nullam
2515 4549 2625 4606 sub
2665 4563 2872 4605 sensus
2901 4543 3465 4603 demonstrationem
3504 4543 3712 4598 dabat:

318 4629 559 4701 νοήμασι
615 4631 704 4683 καὶ
762 4634 879 4685 κατ’
937 4631 1254 4708 ὀρθαλμοὺς
1313 4635 1374 4688 τὸ
1421 4631 1955 4714 ἀμφισϐητούμενον,

2074 4642 2173 4698 sed
2235 4657 2388 4696 nunc
2447 4640 2518 4696 de
2590 4638 2664 4693 iis
2713 4654 2837 4708 quae
2880 4634 3257 4709 cogitationes
3309 4632 3483 4689 simul
3539 4636 3715 4702 atque

318 4718 447 4786 ἤτοι
477 4713 859 4793 ἀσεϐούμενον.
894 4722 997 4779 Τὸν
1042 4723 1145 4798 γὰρ
1192 4724 1422 4798 Χριστὸν
1475 4713 1527 4780 οἳ
1576 4725 1961 4798 ἀντικείμενοι,

321 4807 385 4862 οὐ
420 4809 585 4882 μόνον
616 4807 715 4864 οὒκ
762 4809 1110 4881 εἷκονίζεσθαι
1145 4811 1367 4888 λὲγουσί
1418 4837 1477 4871 τε
1508 4816 1595 4871 καὶ
1648 4816 1965 4889 λοξονοοῦσι

322 4899 418 4952 σὺν
446 4901 515 4972 τῇ
549 4898 795 4973 Θεοτόκῳ
823 4900 913 4955 καὶ
944 4904 1256 4959 οὑτινοσοῦν
1294 4910 1403 4960 τῶν
1434 4907 1598 4983 ἁγίων
1634 4924 1646 4937 ·
1700 4905 1844 4961 ἀλλὰ
1876 4909 1965 4961 καὶ

322 4985 791 5063 ἐγγεγραμμένους
841 4988 1215 5071 ἐξαφανίζουσι
1247 5012 1260 5027 ⁶
1321 4993 1534 5067 πλάνην
1589 4996 1679 5051 καὶ
1738 4994 1967 5074 ὄλεθρον

326 5081 518 5152 ψυχῶν
577 5078 704 5141 τοὺς
764 5079 937 5143 θείους
997 5086 1346 5158 χαρακτῆρας
1405 5082 1845 5161 δογματίζοντες.
1902 5092 1967 5141 Ὢ

324 5174 427 5234 τῆς
472 5164 774 5238 Ἰουδαϊκῆς
821 5170 909 5224 καὶ
962 5170 1297 5242 Ἑλληνικῆς
1346 5174 1795 5241 ἀντιπεπονθότος
1840 5179 1971 5232 ἀσε-

328 5251 516 5317 Gaius!
562 5252 725 5311 Οὒδὲν
756 5255 848 5312 οῦν
887 5258 991 5333 ἄρα
1038 5261 1101 5315 τὸ
1148 5261 1384 5318 καθόλου
1418 5279 1432 5293 ⁶
1484 5263 1519 5333 ἢ
1569 5266 1714 5337 παρὰ
1756 5267 1818 5320 τὸ
1866 5273 1967 5336 τῆς

329 5345 518 5407 οὐσίας
567 5343 846 5424 διάφορον,
896 5350 931 5418 ἡ
983 5347 1254 5425 ἐξαλλαγὴ
1304 5348 1355 5405 ἒν
1406 5352 1452 5425 ᾦ
1500 5354 1528 5407 6
1581 5354 1769 5428 λόγος.
1818 5356 1905 5423 Φή
1941 5357 1969 5411 6

326 5433 593 5498 Ἰουδαῖος
624 5434 749 5505 ἤτοι
780 5437 810 5492 6
840 5436 1052 5509 Ἕλλην
1084 5444 1162 5513 τῷ
1192 5444 1508 5515 Χριστιανῷ
1536 5461 1550 5477 ο
1582 5445 1848 5519 νΔρνησαι
1876 5446 1967 5501 τὸν

327 5524 587 5601 Χριστὸν,
617 5525 716 5595 τήν
762 5526 996 5604 Μαρίαν.
1037 5532 1205 5584 Τοῦτο
1253 5529 1343 5586 καὶ
1387 5531 1415 5586 6
1464 5530 1871 5609 Εἷκονομάχος.
1903 5535 1971 5591 Ἦ

2077 4730 2277 4787 oculos
2333 4728 2564 4797 feriunt,
2614 4725 2898 4783 dubitatio
2957 4730 3067 4795 est,
3118 4741 3221 4781 seu
3286 4722 3479 4795 potius
3535 4720 3715 4791 impia

2077 4819 2340 4892 negatio:
2377 4818 2672 4875 Christum
2704 4815 2995 4888 siquidem
3026 4813 3340 4871 adversarii
3372 4828 3489 4867 non
3523 4810 3713 4865 solum

2077 4910 2276 4983 efﬁngi
2308 4924 2476 4980 posse
2518 4910 2734 4979 negant
2774 4922 2840 4962 ac
2871 4921 3037 4977 prave
3068 4903 3368 4969 sentiunt;
3402 4900 3717 4970 eodemque

2078 5000 2251 5055 modo
2287 4998 2617 5070 Deiparam,
2675 5000 2848 5066 atque
2879 5002 3111 5050 sanctos
3152 4991 3483 5065 quoslibet;
3516 5004 3717 5045 verum

2078 5104 2383 5160 expressos
2441 5087 2615 5143 etiam
2666 5085 2924 5145 abolent.
2971 5098 3224 5139 errorem
3274 5096 3341 5137 ac
3398 5077 3715 5152 perniciem

2079 5177 2410 5233 animarum
2468 5191 2662 5231 sacras
2716 5173 3003 5245 imagines
3058 5187 3188 5228 esse
3245 5170 3623 5227 affirmantes.
3673 5167 3716 5221 Ο

2077 5266 2378 5323 Judaicam
2428 5264 2643 5336 pariter
2673 5266 2730 5319 et
2758 5262 3051 5318 ethnicam
3110 5259 3467 5332 impietatem
3496 5256 3509 5311 Ι
3544 5255 3717 5312 Nulla

2080 5355 2259 5427 igitur
2289 5354 2575 5419 universe,
2599 5357 2699 5407 aut
2720 5352 2912 5424 quoad
2936 5348 3277 5406 substantia
3309 5347 3714 5413 differentiam,

2079 5444 2328 5500 varietas
2357 5442 2421 5498 in
2450 5459 2517 5498 eo
2549 5442 2620 5497 de
2650 5458 2765 5513 quo
2813 5457 3004 5496 sermo
3052 5447 3157 5495 est.
3206 5439 3301 5493 Ait
3340 5438 3575 5493 Judmus
3617 5438 3720 5492 aut

2079 5535 2353 5593 ethnicus
2381 5533 2734 5603 Christiano;
2760 5532 2916 5605 Nega
2935 5531 3416 5602 Christum,nega
3442 5528 3713 5586 Mariam:

400 5706 450 5745 ²⁹
480 5708 527 5767 Il
556 5708 683 5769 Cor.
714 5726 772 5781 ι,
798 5712 883 5768 18.
959 5710 1007 5749 ⁸ο
1035 5711 1057 5769 Ῑ
1083 5713 1212 5770 Cor.
1243 5729 1339 5784 xv,
1369 5714 1459 5775 31.
1533 5714 1579 5755 ³ι
1613 5714 1765 5773 Psal.
1796 5732 1955 5789 xmn,

2069 5760 2072 5772 .
2148 5716 2197 5752 ³³
2229 5716 2278 5772 lI
2307 5716 2459 5773 Tim.
2494 5730 2558 5783 II,
2591 5714 2682 5772 12.
2764 5711 2812 5749 ³³
2845 5711 3050 5770 Matth.
3077 5725 3241 5783 xvm,
3270 5712 3328 5767 7.
