  <div class='ocr_page' id='page_1' title='image "/cluster/home/n/w/nwhite01/storage/ocr_20150623/99/mdp.39015005675577/597.png"; bbox 0 0 4062 6280; ppageno 0'>
   <div class='ocr_carea' id='block_1_1' title="bbox 432 331 589 394">
    <p class='ocr_par' dir='ltr' id='par_1_1' title="bbox 432 331 589 394">
     <span class='ocr_line' id='line_1_1' title="bbox 432 331 589 394; baseline 0.006 -2"><span class='ocrx_word' id='word_1_1' title='bbox 432 331 589 394; x_wconf 78' lang='grc'>1183</span> 
     </span>
    </p>
   </div>
   <div class='ocr_carea' id='block_1_2' title="bbox 1668 333 2589 396">
    <p class='ocr_par' dir='ltr' id='par_1_2' title="bbox 1668 333 2589 396">
     <span class='ocr_line' id='line_1_2' title="bbox 1668 333 2589 396; baseline -0.002 0"><span class='ocrx_word' id='word_1_2' title='bbox 1668 338 1730 396; x_wconf 94' lang='lat' dir='ltr'>S.</span> <span class='ocrx_word' id='word_1_3' title='bbox 1778 333 2175 395; x_wconf 80' lang='lat' dir='ltr'>THEODORI</span> <span class='ocrx_word' id='word_1_4' title='bbox 2224 334 2589 396; x_wconf 58' lang='lat' dir='ltr'>STUDITIE</span> 
     </span>
    </p>
   </div>
   <div class='ocr_carea' id='block_1_3' title="bbox 3664 336 3802 398">
    <p class='ocr_par' dir='ltr' id='par_1_3' title="bbox 3664 336 3802 398">
     <span class='ocr_line' id='line_1_3' title="bbox 3664 336 3802 398; baseline 0.014 -2"><span class='ocrx_word' id='word_1_5' title='bbox 3664 336 3802 398; x_wconf 72' lang='grc'>1184</span> 
     </span>
    </p>
   </div>
   <div class='ocr_carea' id='block_1_4' title="bbox 422 464 2054 541">
    <p class='ocr_par' dir='ltr' id='par_1_4' title="bbox 422 467 2054 541">
     <span class='ocr_line' id='line_1_4' title="bbox 422 467 2054 541; baseline 0 -19"><span class='ocrx_word' id='word_1_6' title='bbox 422 467 535 524; x_wconf 91' lang='lat' dir='ltr'>hoc</span> <span class='ocrx_word' id='word_1_7' title='bbox 565 468 759 539; x_wconf 91' lang='lat' dir='ltr'>ipsum</span> <span class='ocrx_word' id='word_1_8' title='bbox 793 468 871 523; x_wconf 88' lang='lat' dir='ltr'>ait</span> <span class='ocrx_word' id='word_1_9' title='bbox 897 471 955 524; x_wconf 90' lang='lat' dir='ltr'>et</span> <span class='ocrx_word' id='word_1_10' title='bbox 986 468 1401 525; x_wconf 88' lang='lat' dir='ltr'>Iconomachus</span> <span class='ocrx_word' id='word_1_11' title='bbox 1436 471 1632 541; x_wconf 83' lang='lat' dir='ltr'>Imago</span> <span class='ocrx_word' id='word_1_12' title='bbox 1654 470 1811 526; x_wconf 90' lang='lat' dir='ltr'>enim</span> <span class='ocrx_word' id='word_1_13' title='bbox 1847 468 2054 525; x_wconf 82' lang='lat' dir='ltr'>Christi</span> 
     </span>
    </p>
   </div>
   <div class='ocr_carea' id='block_1_5' title="bbox 2167 464 3802 541">
    <p class='ocr_par' dir='ltr' id='par_1_5' title="bbox 2173 464 3802 541">
     <span class='ocr_line' id='line_1_5' title="bbox 2173 464 3802 541; baseline 0.002 -22"><span class='ocrx_word' id='word_1_14' title='bbox 2173 467 2276 541; x_wconf 74' lang='grc' dir='ltr'>γὰρ</span> <span class='ocrx_word' id='word_1_15' title='bbox 2319 466 2476 522; x_wconf 82' lang='grc' dir='ltr'>εἷ’κὼν</span> <span class='ocrx_word' id='word_1_16' title='bbox 2524 468 2780 541; x_wconf 79' lang='grc' dir='ltr'>Χριστοῦ,</span> <span class='ocrx_word' id='word_1_17' title='bbox 2814 464 2997 540; x_wconf 82' lang='grc' dir='ltr'>ὥσπερ</span> <span class='ocrx_word' id='word_1_18' title='bbox 3045 466 3134 520; x_wconf 86' lang='grc' dir='ltr'>καὶ</span> <span class='ocrx_word' id='word_1_19' title='bbox 3179 471 3279 534; x_wconf 81' lang='grc' dir='ltr'>τῆς</span> <span class='ocrx_word' id='word_1_20' title='bbox 3331 465 3615 535; x_wconf 81' lang='grc' dir='ltr'>Θεοτὸκου,</span> <span class='ocrx_word' id='word_1_21' title='bbox 3661 471 3802 541; x_wconf 84' lang='grc' dir='ltr'>ὀμω-</span> 
     </span>
    </p>
   </div>
   <div class='ocr_carea' id='block_1_6' title="bbox 422 557 2068 630">
    <p class='ocr_par' dir='ltr' id='par_1_6' title="bbox 422 557 2068 630">
     <span class='ocr_line' id='line_1_6' title="bbox 422 557 2068 630; baseline 0.002 -19"><span class='ocrx_word' id='word_1_22' title='bbox 422 561 476 613; x_wconf 77' lang='lat' dir='ltr'>et</span> <span class='ocrx_word' id='word_1_23' title='bbox 526 558 805 628; x_wconf 86' lang='lat' dir='ltr'>Deiparae,</span> <span class='ocrx_word' id='word_1_24' title='bbox 845 558 1067 625; x_wconf 90' lang='lat' dir='ltr'>eodem,</span> <span class='ocrx_word' id='word_1_25' title='bbox 1120 558 1356 612; x_wconf 87' lang='lat' dir='ltr'>nomine</span> <span class='ocrx_word' id='word_1_26' title='bbox 1404 557 1671 615; x_wconf 89' lang='lat' dir='ltr'>Christus</span> <span class='ocrx_word' id='word_1_27' title='bbox 1721 564 1776 615; x_wconf 91' lang='lat' dir='ltr'>et</span> <span class='ocrx_word' id='word_1_28' title='bbox 1829 560 2068 630; x_wconf 89' lang='lat' dir='ltr'>Deipara</span> 
     </span>
    </p>
   </div>
   <div class='ocr_carea' id='block_1_7' title="bbox 426 647 2064 720">
    <p class='ocr_par' dir='ltr' id='par_1_7' title="bbox 426 647 2064 720">
     <span class='ocr_line' id='line_1_7' title="bbox 426 647 2064 720; baseline 0.001 -19"><span class='ocrx_word' id='word_1_29' title='bbox 426 653 819 717; x_wconf 83' lang='lat' dir='ltr'>nuncupatur.</span> <span class='ocrx_word' id='word_1_30' title='bbox 863 649 1052 714; x_wconf 83' lang='lat' dir='ltr'>Quare</span> <span class='ocrx_word' id='word_1_31' title='bbox 1111 647 1210 717; x_wconf 85' lang='lat' dir='ltr'>qui</span> <span class='ocrx_word' id='word_1_32' title='bbox 1277 647 1590 717; x_wconf 80' lang='lat' dir='ltr'>imaginem</span> <span class='ocrx_word' id='word_1_33' title='bbox 1631 650 1828 720; x_wconf 89' lang='lat' dir='ltr'>negari</span> <span class='ocrx_word' id='word_1_34' title='bbox 1881 649 2064 718; x_wconf 82' lang='lat' dir='ltr'>jubet.</span> 
     </span>
    </p>
   </div>
   <div class='ocr_carea' id='block_1_8' title="bbox 428 738 2067 810">
    <p class='ocr_par' dir='ltr' id='par_1_8' title="bbox 428 738 2067 810">
     <span class='ocr_line' id='line_1_8' title="bbox 428 738 2067 810; baseline 0.002 -20"><span class='ocrx_word' id='word_1_35' title='bbox 428 751 561 790; x_wconf 88' lang='lat' dir='ltr'>eum</span> <span class='ocrx_word' id='word_1_36' title='bbox 593 739 761 807; x_wconf 82' lang='lat' dir='ltr'><strong>cujus</strong></span> <span class='ocrx_word' id='word_1_37' title='bbox 786 739 974 810; x_wconf 84' lang='lat' dir='ltr'>imago</span> <span class='ocrx_word' id='word_1_38' title='bbox 1006 741 1112 807; x_wconf 86' lang='lat' dir='ltr'>est,</span> <span class='ocrx_word' id='word_1_39' title='bbox 1139 739 1334 808; x_wconf 90' lang='lat' dir='ltr'>negari</span> <span class='ocrx_word' id='word_1_40' title='bbox 1359 738 1517 793; x_wconf 86' lang='lat' dir='ltr'>haud</span> <span class='ocrx_word' id='word_1_41' title='bbox 1539 739 1915 809; x_wconf 88' lang='lat' dir='ltr'>dubiejubet.</span> <span class='ocrx_word' id='word_1_42' title='bbox 1941 739 2067 795; x_wconf 89' lang='lat' dir='ltr'>Non</span> 
     </span>
    </p>
   </div>
   <div class='ocr_carea' id='block_1_9' title="bbox 428 825 2066 898">
    <p class='ocr_par' dir='ltr' id='par_1_9' title="bbox 428 825 2066 898">
     <span class='ocr_line' id='line_1_9' title="bbox 428 825 2066 898; baseline 0.002 -20"><span class='ocrx_word' id='word_1_43' title='bbox 428 840 578 892; x_wconf 87' lang='lat' dir='ltr'>mea,</span> <span class='ocrx_word' id='word_1_44' title='bbox 613 826 710 896; x_wconf 89' lang='lat' dir='ltr'>qui</span> <span class='ocrx_word' id='word_1_45' title='bbox 743 825 942 882; x_wconf 89' lang='lat' dir='ltr'>nullus</span> <span class='ocrx_word' id='word_1_46' title='bbox 988 843 1142 894; x_wconf 89' lang='lat' dir='ltr'>sum,</span> <span class='ocrx_word' id='word_1_47' title='bbox 1193 827 1314 882; x_wconf 68' lang='lat' dir='ltr'>haec</span> <span class='ocrx_word' id='word_1_48' title='bbox 1358 829 1665 884; x_wconf 76' lang='lat' dir='ltr'>sententia.</span> <span class='ocrx_word' id='word_1_49' title='bbox 1733 828 1882 883; x_wconf 87' lang='lat' dir='ltr'>Audi</span> <span class='ocrx_word' id='word_1_50' title='bbox 1930 828 2066 898; x_wconf 89' lang='lat' dir='ltr'>quid</span> 
     </span>
    </p>
   </div>
   <div class='ocr_carea' id='block_1_10' title="bbox 424 912 2062 986">
    <p class='ocr_par' dir='ltr' id='par_1_10' title="bbox 424 912 2062 986">
     <span class='ocr_line' id='line_1_10' title="bbox 424 912 2062 986; baseline 0.002 -19"><span class='ocrx_word' id='word_1_51' title='bbox 424 912 605 986; x_wconf 80' lang='lat' dir='ltr'>Moysi</span> <span class='ocrx_word' id='word_1_52' title='bbox 634 915 790 970; x_wconf 84' lang='lat' dir='ltr'>dicat</span> <span class='ocrx_word' id='word_1_53' title='bbox 840 917 1238 972; x_wconf 83' lang='lat' dir='ltr'>universorum</span> <span class='ocrx_word' id='word_1_54' title='bbox 1267 916 1458 972; x_wconf 85' lang='lat' dir='ltr'>Deus:</span> <span class='ocrx_word' id='word_1_55' title='bbox 1507 919 1609 971; x_wconf 80' lang='lat' dir='ltr'>Fac</span> <span class='ocrx_word' id='word_1_56' title='bbox 1663 916 1950 973; x_wconf 81' lang='lat' dir='ltr'>Cherubim</span> <span class='ocrx_word' id='word_1_57' title='bbox 1995 915 2062 971; x_wconf 68' lang='lat'>3‘.</span> 
     </span>
    </p>
   </div>
   <div class='ocr_carea' id='block_1_11' title="bbox 423 1002 2062 1078">
    <p class='ocr_par' dir='ltr' id='par_1_11' title="bbox 423 1002 2062 1078">
     <span class='ocr_line' id='line_1_11' title="bbox 423 1002 2062 1078; baseline 0.002 -20"><span class='ocrx_word' id='word_1_58' title='bbox 423 1002 626 1075; x_wconf 85' lang='lat' dir='ltr'>Itaque</span> <span class='ocrx_word' id='word_1_59' title='bbox 669 1003 979 1060; x_wconf 90' lang='lat' dir='ltr'>Cherubim</span> <span class='ocrx_word' id='word_1_60' title='bbox 1028 1005 1311 1076; x_wconf 85' lang='lat' dir='ltr'>imagines</span> <span class='ocrx_word' id='word_1_61' title='bbox 1350 1007 1474 1062; x_wconf 86' lang='lat' dir='ltr'>ﬁeri</span> <span class='ocrx_word' id='word_1_62' title='bbox 1525 1009 1723 1078; x_wconf 83' lang='lat' dir='ltr'>jussit.</span> <span class='ocrx_word' id='word_1_63' title='bbox 1757 1007 1872 1062; x_wconf 88' lang='lat' dir='ltr'>Nec</span> <span class='ocrx_word' id='word_1_64' title='bbox 1912 1007 2062 1064; x_wconf 90' lang='lat' dir='ltr'>enim</span> 
     </span>
    </p>
   </div>
   <div class='ocr_carea' id='block_1_12' title="bbox 425 1095 2066 1169">
    <p class='ocr_par' dir='ltr' id='par_1_12' title="bbox 425 1095 2066 1169">
     <span class='ocr_line' id='line_1_12' title="bbox 425 1095 2066 1169; baseline 0.004 -22"><span class='ocrx_word' id='word_1_65' title='bbox 425 1097 696 1149; x_wconf 88' lang='lat' dir='ltr'>naturam</span> <span class='ocrx_word' id='word_1_66' title='bbox 767 1095 1078 1150; x_wconf 90' lang='lat' dir='ltr'>Cherubim</span> <span class='ocrx_word' id='word_1_67' title='bbox 1137 1097 1495 1168; x_wconf 81' lang='lat' dir='ltr'>designasse,</span> <span class='ocrx_word' id='word_1_68' title='bbox 1549 1097 1759 1152; x_wconf 91' lang='lat' dir='ltr'>mentis</span> <span class='ocrx_word' id='word_1_69' title='bbox 1830 1114 2066 1169; x_wconf 90' lang='lat' dir='ltr'>compos</span> 
     </span>
    </p>
   </div>
   <div class='ocr_carea' id='block_1_13' title="bbox 426 1182 2062 1256">
    <p class='ocr_par' dir='ltr' id='par_1_13' title="bbox 426 1182 2062 1256">
     <span class='ocr_line' id='line_1_13' title="bbox 426 1182 2062 1256; baseline 0.002 -18"><span class='ocrx_word' id='word_1_70' title='bbox 426 1182 581 1238; x_wconf 90' lang='lat' dir='ltr'>ullus</span> <span class='ocrx_word' id='word_1_71' title='bbox 612 1184 786 1239; x_wconf 86' lang='lat' dir='ltr'>dicet.</span> <span class='ocrx_word' id='word_1_72' title='bbox 818 1187 885 1238; x_wconf 91' lang='lat' dir='ltr'>Et</span> <span class='ocrx_word' id='word_1_73' title='bbox 917 1201 1186 1241; x_wconf 87' lang='lat' dir='ltr'>rursum:</span> <span class='ocrx_word' id='word_1_74' title='bbox 1219 1188 1328 1241; x_wconf 83' lang='lat' dir='ltr'>Fac</span> <span class='ocrx_word' id='word_1_75' title='bbox 1372 1191 1674 1256; x_wconf 78' lang='lat' dir='ltr'>serpentem</span> <span class='ocrx_word' id='word_1_76' title='bbox 1714 1203 1932 1244; x_wconf 60' lang='lat' dir='ltr'>wneum</span> <span class='ocrx_word' id='word_1_77' title='bbox 1979 1189 2062 1242; x_wconf 75' lang='grc' dir='ltr'>³⁵ι</span> 
     </span>
    </p>
   </div>
   <div class='ocr_carea' id='block_1_14' title="bbox 426 1273 2061 1347">
    <p class='ocr_par' dir='ltr' id='par_1_14' title="bbox 426 1273 2061 1347">
     <span class='ocr_line' id='line_1_14' title="bbox 426 1273 2061 1347; baseline 0.001 -21"><span class='ocrx_word' id='word_1_78' title='bbox 426 1277 483 1327; x_wconf 89' lang='lat' dir='ltr'>et</span> <span class='ocrx_word' id='word_1_79' title='bbox 522 1273 614 1328; x_wconf 91' lang='lat' dir='ltr'>hic</span> <span class='ocrx_word' id='word_1_80' title='bbox 643 1290 874 1345; x_wconf 89' lang='lat' dir='ltr'>quoque</span> <span class='ocrx_word' id='word_1_81' title='bbox 906 1275 1190 1346; x_wconf 75' lang='lat' dir='ltr'>serpentis</span> <span class='ocrx_word' id='word_1_82' title='bbox 1233 1275 1549 1346; x_wconf 84' lang='lat' dir='ltr'>imaginem</span> <span class='ocrx_word' id='word_1_83' title='bbox 1605 1276 1847 1347; x_wconf 80' lang='lat' dir='ltr'>exprimi</span> <span class='ocrx_word' id='word_1_84' title='bbox 1873 1277 2061 1345; x_wconf 88' lang='lat' dir='ltr'>jubet.</span> 
     </span>
    </p>
   </div>
   <div class='ocr_carea' id='block_1_15' title="bbox 424 1361 2059 1436">
    <p class='ocr_par' dir='ltr' id='par_1_15' title="bbox 424 1361 2059 1436">
     <span class='ocr_line' id='line_1_15' title="bbox 424 1361 2059 1436; baseline 0.004 -21"><span class='ocrx_word' id='word_1_85' title='bbox 424 1361 643 1416; x_wconf 89' lang='lat' dir='ltr'>Verum</span> <span class='ocrx_word' id='word_1_86' title='bbox 677 1363 793 1418; x_wconf 85' lang='lat' dir='ltr'>haec</span> <span class='ocrx_word' id='word_1_87' title='bbox 818 1369 907 1418; x_wconf 90' lang='lat' dir='ltr'>est</span> <span class='ocrx_word' id='word_1_88' title='bbox 937 1369 1145 1419; x_wconf 89' lang='lat' dir='ltr'>natura</span> <span class='ocrx_word' id='word_1_89' title='bbox 1178 1365 1481 1436; x_wconf 84' lang='lat' dir='ltr'>prototypi,</span> <span class='ocrx_word' id='word_1_90' title='bbox 1517 1369 1571 1420; x_wconf 92' lang='lat' dir='ltr'>et</span> <span class='ocrx_word' id='word_1_91' title='bbox 1601 1365 1854 1435; x_wconf 85' lang='lat' dir='ltr'>exempli</span> <span class='ocrx_word' id='word_1_92' title='bbox 1887 1365 1959 1420; x_wconf 91' lang='lat' dir='ltr'>ab</span> <span class='ocrx_word' id='word_1_93' title='bbox 1994 1382 2059 1421; x_wconf 92' lang='lat' dir='ltr'>eo</span> 
     </span>
    </p>
   </div>
   <div class='ocr_carea' id='block_1_16' title="bbox 425 1449 2065 1526">
    <p class='ocr_par' dir='ltr' id='par_1_16' title="bbox 425 1449 2065 1526">
     <span class='ocr_line' id='line_1_16' title="bbox 425 1449 2065 1526; baseline 0.002 -21"><span class='ocrx_word' id='word_1_94' title='bbox 425 1449 680 1520; x_wconf 90' lang='lat' dir='ltr'>deducti,</span> <span class='ocrx_word' id='word_1_95' title='bbox 714 1457 779 1506; x_wconf 90' lang='lat' dir='ltr'>ut</span> <span class='ocrx_word' id='word_1_96' title='bbox 808 1454 1138 1524; x_wconf 89' lang='lat' dir='ltr'>exemplum</span> <span class='ocrx_word' id='word_1_97' title='bbox 1190 1454 1479 1526; x_wconf 81' lang='lat' dir='ltr'>archetypi</span> <span class='ocrx_word' id='word_1_98' title='bbox 1516 1471 1724 1510; x_wconf 89' lang='lat' dir='ltr'>nomen</span> <span class='ocrx_word' id='word_1_99' title='bbox 1757 1459 1971 1520; x_wconf 88' lang='lat' dir='ltr'>sumat,</span> <span class='ocrx_word' id='word_1_100' title='bbox 2007 1459 2065 1510; x_wconf 91' lang='lat' dir='ltr'>et</span> 
     </span>
    </p>
   </div>
   <div class='ocr_carea' id='block_1_17' title="bbox 425 1541 2063 1616">
    <p class='ocr_par' dir='ltr' id='par_1_17' title="bbox 425 1541 2063 1616">
     <span class='ocr_line' id='line_1_17' title="bbox 425 1541 2063 1616; baseline 0.004 -22"><span class='ocrx_word' id='word_1_101' title='bbox 425 1556 541 1595; x_wconf 92' lang='lat' dir='ltr'>uno</span> <span class='ocrx_word' id='word_1_102' title='bbox 575 1541 802 1598; x_wconf 89' lang='lat' dir='ltr'>sublato</span> <span class='ocrx_word' id='word_1_103' title='bbox 843 1544 1092 1599; x_wconf 89' lang='lat' dir='ltr'>alterum</span> <span class='ocrx_word' id='word_1_104' title='bbox 1123 1543 1379 1607; x_wconf 87' lang='lat' dir='ltr'>tollatur,</span> <span class='ocrx_word' id='word_1_105' title='bbox 1413 1549 1692 1615; x_wconf 89' lang='lat' dir='ltr'>tanquam</span> <span class='ocrx_word' id='word_1_106' title='bbox 1726 1561 1852 1616; x_wconf 73' lang='lat' dir='ltr'>quae</span> <span class='ocrx_word' id='word_1_107' title='bbox 1884 1544 2063 1600; x_wconf 89' lang='lat' dir='ltr'><strong>simul</strong></span> 
     </span>
    </p>
   </div>
   <div class='ocr_carea' id='block_1_18' title="bbox 422 1629 2060 1707">
    <p class='ocr_par' dir='ltr' id='par_1_18' title="bbox 422 1629 2060 1707">
     <span class='ocr_line' id='line_1_18' title="bbox 422 1629 2060 1707; baseline 0.003 -22"><span class='ocrx_word' id='word_1_108' title='bbox 422 1629 560 1685; x_wconf 85' lang='lat' dir='ltr'>sint.</span> <span class='ocrx_word' id='word_1_109' title='bbox 586 1631 718 1686; x_wconf 84' lang='lat' dir='ltr'>Erat</span> <span class='ocrx_word' id='word_1_110' title='bbox 731 1633 995 1704; x_wconf 80' lang='lat' dir='ltr'>angelus,</span> <span class='ocrx_word' id='word_1_111' title='bbox 1016 1634 1142 1690; x_wconf 88' lang='lat' dir='ltr'>ideo</span> <span class='ocrx_word' id='word_1_112' title='bbox 1159 1643 1212 1688; x_wconf 90' lang='lat' dir='ltr'>et</span> <span class='ocrx_word' id='word_1_113' title='bbox 1227 1634 1417 1706; x_wconf 83' lang='lat' dir='ltr'>angeli</span> <span class='ocrx_word' id='word_1_114' title='bbox 1432 1635 1648 1707; x_wconf 88' lang='lat' dir='ltr'>imago:</span> <span class='ocrx_word' id='word_1_115' title='bbox 1667 1643 2060 1706; x_wconf 86' lang='lat' dir='ltr'>eratserpens,</span> 
     </span>
    </p>
   </div>
   <div class='ocr_carea' id='block_1_19' title="bbox 420 1717 2062 1794">
    <p class='ocr_par' dir='ltr' id='par_1_19' title="bbox 420 1717 2062 1794">
     <span class='ocr_line' id='line_1_19' title="bbox 420 1717 2062 1794; baseline 0.004 -21"><span class='ocrx_word' id='word_1_116' title='bbox 420 1717 552 1775; x_wconf 90' lang='lat' dir='ltr'>ideo</span> <span class='ocrx_word' id='word_1_117' title='bbox 582 1726 638 1774; x_wconf 89' lang='lat' dir='ltr'>et</span> <span class='ocrx_word' id='word_1_118' title='bbox 669 1721 855 1793; x_wconf 81' lang='lat' dir='ltr'>imago</span> <span class='ocrx_word' id='word_1_119' title='bbox 886 1725 1184 1794; x_wconf 83' lang='lat' dir='ltr'>serpentis.</span> <span class='ocrx_word' id='word_1_120' title='bbox 1213 1725 1422 1779; x_wconf 89' lang='lat' dir='ltr'>Eadem</span> <span class='ocrx_word' id='word_1_121' title='bbox 1447 1729 1536 1779; x_wconf 90' lang='lat' dir='ltr'>est</span> <span class='ocrx_word' id='word_1_122' title='bbox 1560 1725 1702 1780; x_wconf 86' lang='lat' dir='ltr'>ratio</span> <span class='ocrx_word' id='word_1_123' title='bbox 1739 1724 1821 1779; x_wconf 89' lang='lat' dir='ltr'>rei</span> <span class='ocrx_word' id='word_1_124' title='bbox 1858 1725 2062 1794; x_wconf 88' lang='lat' dir='ltr'>cujus—</span> 
     </span>
    </p>
   </div>
   <div class='ocr_carea' id='block_1_20' title="bbox 425 1805 2136 1910">
    <p class='ocr_par' dir='ltr' id='par_1_20' title="bbox 425 1805 2136 1910">
     <span class='ocr_line' id='line_1_20' title="bbox 425 1805 2136 1910; baseline 0.005 -49"><span class='ocrx_word' id='word_1_125' title='bbox 425 1805 586 1863; x_wconf 90' lang='lat' dir='ltr'>libet.</span> <span class='ocrx_word' id='word_1_126' title='bbox 621 1809 822 1910; x_wconf 78' lang='lat' dir='ltr'>Itaque</span> <span class='ocrx_word' id='word_1_127' title='bbox 852 1818 1130 1868; x_wconf 88' lang='lat' dir='ltr'>vocantur</span> <span class='ocrx_word' id='word_1_128' title='bbox 1159 1815 1452 1868; x_wconf 87' lang='lat' dir='ltr'>interdum</span> <span class='ocrx_word' id='word_1_129' title='bbox 1485 1814 1722 1884; x_wconf 87' lang='lat' dir='ltr'>quidem</span> <span class='ocrx_word' id='word_1_130' title='bbox 1755 1815 2057 1910; x_wconf 80' lang='lat' dir='ltr'>imagines,</span> <span class='ocrx_word' id='word_1_131' title='bbox 2093 1847 2136 1910; x_wconf 78' lang='grc' dir='ltr'><strong>Β</strong></span> 
     </span>
    </p>
   </div>
   <div class='ocr_carea' id='block_1_21' title="bbox 423 1899 2058 1974">
    <p class='ocr_par' dir='ltr' id='par_1_21' title="bbox 423 1899 2058 1974">
     <span class='ocr_line' id='line_1_21' title="bbox 423 1899 2058 1974; baseline 0.004 -23"><span class='ocrx_word' id='word_1_132' title='bbox 423 1912 669 1968; x_wconf 89' lang='lat' dir='ltr'>quorum</span> <span class='ocrx_word' id='word_1_133' title='bbox 694 1899 879 1970; x_wconf 87' lang='lat' dir='ltr'>reipsa</span> <span class='ocrx_word' id='word_1_134' title='bbox 911 1907 1085 1958; x_wconf 89' lang='lat' dir='ltr'>sunt:</span> <span class='ocrx_word' id='word_1_135' title='bbox 1140 1903 1433 1958; x_wconf 85' lang='lat' dir='ltr'>interdum</span> <span class='ocrx_word' id='word_1_136' title='bbox 1481 1919 1635 1970; x_wconf 89' lang='lat' dir='ltr'>vero,</span> <span class='ocrx_word' id='word_1_137' title='bbox 1668 1909 1904 1974; x_wconf 89' lang='lat' dir='ltr'>propter</span> <span class='ocrx_word' id='word_1_138' title='bbox 1947 1903 2058 1958; x_wconf 91' lang='lat' dir='ltr'>ha-</span> 
     </span>
    </p>
   </div>
   <div class='ocr_carea' id='block_1_22' title="bbox 420 1985 2057 2064">
    <p class='ocr_par' dir='ltr' id='par_1_22' title="bbox 420 1985 2057 2064">
     <span class='ocr_line' id='line_1_22' title="bbox 420 1985 2057 2064; baseline 0.005 -25"><span class='ocrx_word' id='word_1_139' title='bbox 420 1985 762 2059; x_wconf 89' lang='lat' dir='ltr'>bitudinem,</span> <span class='ocrx_word' id='word_1_140' title='bbox 811 1995 1087 2060; x_wconf 90' lang='lat' dir='ltr'>tanquam</span> <span class='ocrx_word' id='word_1_141' title='bbox 1137 1995 1445 2064; x_wconf 86' lang='lat' dir='ltr'>archetypa</span> <span class='ocrx_word' id='word_1_142' title='bbox 1475 1993 1600 2063; x_wconf 87' lang='lat' dir='ltr'>ipsa</span> <span class='ocrx_word' id='word_1_143' title='bbox 1624 1997 2057 2062; x_wconf 88' lang='lat' dir='ltr'>nuncupantur,</span> 
     </span>
    </p>
   </div>
   <div class='ocr_carea' id='block_1_23' title="bbox 422 2077 1186 2148">
    <p class='ocr_par' dir='ltr' id='par_1_23' title="bbox 422 2077 1186 2148">
     <span class='ocr_line' id='line_1_23' title="bbox 422 2077 1186 2148; baseline 0.009 -18"><span class='ocrx_word' id='word_1_144' title='bbox 422 2078 478 2130; x_wconf 89' lang='lat' dir='ltr'>et</span> <span class='ocrx_word' id='word_1_145' title='bbox 508 2093 622 2132; x_wconf 90' lang='lat' dir='ltr'>non</span> <span class='ocrx_word' id='word_1_146' title='bbox 653 2077 932 2148; x_wconf 80' lang='lat' dir='ltr'>imagines</span> <span class='ocrx_word' id='word_1_147' title='bbox 963 2097 1186 2138; x_wconf 92' lang='lat' dir='ltr'>eorum.</span> 
     </span>
    </p>
   </div>
   <div class='ocr_carea' id='block_1_24' title="bbox 491 2165 2060 2242">
    <p class='ocr_par' dir='ltr' id='par_1_24' title="bbox 491 2165 2060 2242">
     <span class='ocr_line' id='line_1_24' title="bbox 491 2165 2060 2242; baseline 0.001 -20"><span class='ocrx_word' id='word_1_148' title='bbox 491 2165 609 2222; x_wconf 89' lang='lat' dir='ltr'>Hoc</span> <span class='ocrx_word' id='word_1_149' title='bbox 631 2169 804 2223; x_wconf 92' lang='lat' dir='ltr'>modo</span> <span class='ocrx_word' id='word_1_150' title='bbox 830 2169 1061 2225; x_wconf 83' lang='lat' dir='ltr'>divinus</span> <span class='ocrx_word' id='word_1_151' title='bbox 1091 2170 1406 2242; x_wconf 87' lang='lat' dir='ltr'>Apostolus</span> <span class='ocrx_word' id='word_1_152' title='bbox 1447 2171 1526 2227; x_wconf 87' lang='lat' dir='ltr'>ait</span> <span class='ocrx_word' id='word_1_153' title='bbox 1560 2188 1573 2226; x_wconf 93' lang='lat'>:</span> <span class='ocrx_word' id='word_1_154' title='bbox 1625 2171 1900 2242; x_wconf 76' lang='lat' dir='ltr'>Superque</span> <span class='ocrx_word' id='word_1_155' title='bbox 1943 2186 2060 2225; x_wconf 87' lang='lat' dir='ltr'>eam</span> 
     </span>
    </p>
   </div>
   <div class='ocr_carea' id='block_1_25' title="bbox 423 2255 2056 2334">
    <p class='ocr_par' dir='ltr' id='par_1_25' title="bbox 423 2255 2056 2334">
     <span class='ocr_line' id='line_1_25' title="bbox 423 2255 2056 2334; baseline 0.004 -24"><span class='ocrx_word' id='word_1_156' title='bbox 423 2255 714 2312; x_wconf 78' lang='lat' dir='ltr'>Cherubim</span> <span class='ocrx_word' id='word_1_157' title='bbox 758 2257 952 2329; x_wconf 76' lang='lat' dir='ltr'>gloria:</span> <span class='ocrx_word' id='word_1_158' title='bbox 1019 2259 1408 2316; x_wconf 81' lang='lat' dir='ltr'>obumbrantia</span> <span class='ocrx_word' id='word_1_159' title='bbox 1469 2260 1919 2334; x_wconf 81' lang='lat' dir='ltr'>propitiatorium</span> <span class='ocrx_word' id='word_1_160' title='bbox 1965 2259 2056 2316; x_wconf 70' lang='grc' dir='ltr'>’σε</span> 
     </span>
    </p>
   </div>
   <div class='ocr_carea' id='block_1_26' title="bbox 422 2346 2062 2423">
    <p class='ocr_par' dir='ltr' id='par_1_26' title="bbox 422 2346 2062 2423">
     <span class='ocr_line' id='line_1_26' title="bbox 422 2346 2062 2423; baseline 0.002 -23"><span class='ocrx_word' id='word_1_161' title='bbox 422 2346 711 2418; x_wconf 86' lang='lat' dir='ltr'>prototypi</span> <span class='ocrx_word' id='word_1_162' title='bbox 777 2364 987 2403; x_wconf 88' lang='lat' dir='ltr'>nomen</span> <span class='ocrx_word' id='word_1_163' title='bbox 1036 2349 1304 2406; x_wconf 85' lang='lat' dir='ltr'>tribuens</span> <span class='ocrx_word' id='word_1_164' title='bbox 1373 2351 1752 2423; x_wconf 88' lang='lat' dir='ltr'>imaginibus.</span> <span class='ocrx_word' id='word_1_165' title='bbox 1798 2349 1948 2404; x_wconf 88' lang='lat' dir='ltr'>Audi</span> <span class='ocrx_word' id='word_1_166' title='bbox 2005 2353 2062 2404; x_wconf 87' lang='lat' dir='ltr'>et</span> 
     </span>
    </p>
   </div>
   <div class='ocr_carea' id='block_1_27' title="bbox 421 2435 2062 2510">
    <p class='ocr_par' dir='ltr' id='par_1_27' title="bbox 421 2435 2062 2510">
     <span class='ocr_line' id='line_1_27' title="bbox 421 2435 2062 2510; baseline 0.003 -21"><span class='ocrx_word' id='word_1_167' title='bbox 421 2435 698 2491; x_wconf 79' lang='lat' dir='ltr'>Basiliam</span> <span class='ocrx_word' id='word_1_168' title='bbox 744 2453 1043 2506; x_wconf 85' lang='lat' dir='ltr'>magnum.</span> <span class='ocrx_word' id='word_1_169' title='bbox 1093 2461 1122 2488; x_wconf 89' lang='grc'>‹‹</span> <span class='ocrx_word' id='word_1_170' title='bbox 1147 2439 1519 2510; x_wconf 88' lang='lat' dir='ltr'>Exprimatur</span> <span class='ocrx_word' id='word_1_171' title='bbox 1567 2441 1740 2496; x_wconf 89' lang='lat' dir='ltr'>etiam</span> <span class='ocrx_word' id='word_1_172' title='bbox 1769 2439 1828 2494; x_wconf 93' lang='lat' dir='ltr'>in</span> <span class='ocrx_word' id='word_1_173' title='bbox 1861 2438 2062 2495; x_wconf 89' lang='lat' dir='ltr'>tabula</span> 
     </span>
    </p>
   </div>
   <div class='ocr_carea' id='block_1_28' title="bbox 420 2525 2056 2598">
    <p class='ocr_par' dir='ltr' id='par_1_28' title="bbox 420 2525 2056 2598">
     <span class='ocr_line' id='line_1_28' title="bbox 420 2525 2056 2598; baseline 0.001 -18"><span class='ocrx_word' id='word_1_174' title='bbox 420 2525 804 2581; x_wconf 85' lang='lat' dir='ltr'>certaminum</span> <span class='ocrx_word' id='word_1_175' title='bbox 837 2544 1045 2598; x_wconf 61' lang='lat' dir='ltr'>praeses</span> <span class='ocrx_word' id='word_1_176' title='bbox 1090 2529 1357 2584; x_wconf 83' lang='lat' dir='ltr'>Christus</span> <span class='ocrx_word' id='word_1_177' title='bbox 1406 2529 1468 2584; x_wconf 73' lang='grc'>³⁸.</span> <span class='ocrx_word' id='word_1_178' title='bbox 1511 2551 1539 2581; x_wconf 86' lang='lat'><strong>»</strong></span> <span class='ocrx_word' id='word_1_179' title='bbox 1589 2530 1712 2585; x_wconf 90' lang='lat' dir='ltr'>Non</span> <span class='ocrx_word' id='word_1_180' title='bbox 1748 2530 1904 2584; x_wconf 88' lang='lat' dir='ltr'>enim</span> <span class='ocrx_word' id='word_1_181' title='bbox 1937 2529 2056 2582; x_wconf 89' lang='lat' dir='ltr'>ait:</span> 
     </span>
    </p>
   </div>
   <div class='ocr_carea' id='block_1_29' title="bbox 419 2615 2057 2689">
    <p class='ocr_par' dir='ltr' id='par_1_29' title="bbox 419 2615 2057 2689">
     <span class='ocr_line' id='line_1_29' title="bbox 419 2615 2057 2689; baseline 0.002 -21"><span class='ocrx_word' id='word_1_182' title='bbox 419 2615 792 2684; x_wconf 89' lang='lat' dir='ltr'>Exprimatur</span> <span class='ocrx_word' id='word_1_183' title='bbox 837 2617 1030 2688; x_wconf 87' lang='lat' dir='ltr'>imago</span> <span class='ocrx_word' id='word_1_184' title='bbox 1080 2619 1339 2689; x_wconf 65' lang='lat' dir='ltr'>praesidis</span> <span class='ocrx_word' id='word_1_185' title='bbox 1387 2619 1774 2675; x_wconf 87' lang='lat' dir='ltr'>certaminum</span> <span class='ocrx_word' id='word_1_186' title='bbox 1827 2618 2057 2685; x_wconf 88' lang='lat' dir='ltr'>Christi,</span> 
     </span>
    </p>
   </div>
   <div class='ocr_carea' id='block_1_30' title="bbox 420 2704 2058 2780">
    <p class='ocr_par' dir='ltr' id='par_1_30' title="bbox 420 2704 2058 2780">
     <span class='ocr_line' id='line_1_30' title="bbox 420 2704 2058 2780; baseline 0.002 -21"><span class='ocrx_word' id='word_1_187' title='bbox 420 2704 546 2772; x_wconf 87' lang='lat' dir='ltr'>sed,</span> <span class='ocrx_word' id='word_1_188' title='bbox 613 2705 898 2761; x_wconf 89' lang='lat' dir='ltr'>Christus.</span> <span class='ocrx_word' id='word_1_189' title='bbox 959 2708 1107 2762; x_wconf 86' lang='lat' dir='ltr'>Audi</span> <span class='ocrx_word' id='word_1_190' title='bbox 1167 2713 1224 2762; x_wconf 88' lang='lat' dir='ltr'>et</span> <span class='ocrx_word' id='word_1_191' title='bbox 1280 2709 1622 2780; x_wconf 87' lang='lat' dir='ltr'>Gregorium</span> <span class='ocrx_word' id='word_1_192' title='bbox 1682 2709 2058 2779; x_wconf 83' lang='lat' dir='ltr'>Nyssenum:</span> 
     </span>
    </p>
   </div>
   <div class='ocr_carea' id='block_1_31' title="bbox 419 2791 2058 2868">
    <p class='ocr_par' dir='ltr' id='par_1_31' title="bbox 419 2791 2058 2868">
     <span class='ocr_line' id='line_1_31' title="bbox 419 2791 2058 2868; baseline 0.004 -23"><span class='ocrx_word' id='word_1_193' title='bbox 419 2812 446 2844; x_wconf 75' lang='grc' dir='ltr'>α</span> <span class='ocrx_word' id='word_1_194' title='bbox 480 2791 694 2848; x_wconf 61' lang='lat' dir='ltr'>Praesto</span> <span class='ocrx_word' id='word_1_195' title='bbox 723 2799 809 2849; x_wconf 87' lang='lat' dir='ltr'>est</span> <span class='ocrx_word' id='word_1_196' title='bbox 839 2795 1019 2851; x_wconf 88' lang='lat' dir='ltr'>Isaac.</span> <span class='ocrx_word' id='word_1_197' title='bbox 1048 2816 1073 2846; x_wconf 70' lang='grc' dir='ltr'><strong>υ</strong></span> <span class='ocrx_word' id='word_1_198' title='bbox 1103 2795 1296 2867; x_wconf 91' lang='lat' dir='ltr'>Ipsam</span> <span class='ocrx_word' id='word_1_199' title='bbox 1325 2796 1485 2852; x_wconf 88' lang='lat' dir='ltr'>Isaac</span> <span class='ocrx_word' id='word_1_200' title='bbox 1531 2797 1866 2868; x_wconf 75' lang='lat' dir='ltr'>imaginem,</span> <span class='ocrx_word' id='word_1_201' title='bbox 1896 2796 2058 2852; x_wconf 88' lang='lat' dir='ltr'>Isaac</span> 
     </span>
    </p>
   </div>
   <div class='ocr_carea' id='block_1_32' title="bbox 421 2882 2057 2958">
    <p class='ocr_par' dir='ltr' id='par_1_32' title="bbox 421 2882 2057 2958">
     <span class='ocr_line' id='line_1_32' title="bbox 421 2882 2057 2958; baseline 0.002 -21"><span class='ocrx_word' id='word_1_202' title='bbox 421 2882 693 2954; x_wconf 86' lang='lat' dir='ltr'>appellat.</span> <span class='ocrx_word' id='word_1_203' title='bbox 725 2885 879 2939; x_wconf 85' lang='lat' dir='ltr'>Audi</span> <span class='ocrx_word' id='word_1_204' title='bbox 903 2885 1383 2958; x_wconf 85' lang='lat' dir='ltr'>Chrysostomum</span> <span class='ocrx_word' id='word_1_205' title='bbox 1420 2903 1433 2942; x_wconf 93' lang='lat'>:</span> <span class='ocrx_word' id='word_1_206' title='bbox 1468 2910 1496 2936; x_wconf 84' lang='lat'><strong>«</strong></span> <span class='ocrx_word' id='word_1_207' title='bbox 1529 2887 1657 2942; x_wconf 88' lang='lat' dir='ltr'>Vidi</span> <span class='ocrx_word' id='word_1_208' title='bbox 1689 2885 1962 2958; x_wconf 87' lang='lat' dir='ltr'>angelum</span> <span class='ocrx_word' id='word_1_209' title='bbox 1997 2887 2057 2940; x_wconf 89' lang='lat' dir='ltr'>in</span> 
     </span>
    </p>
   </div>
   <div class='ocr_carea' id='block_1_33' title="bbox 421 2971 2060 3048">
    <p class='ocr_par' dir='ltr' id='par_1_33' title="bbox 421 2971 2060 3048">
     <span class='ocr_line' id='line_1_33' title="bbox 421 2971 2060 3048; baseline 0.003 -23"><span class='ocrx_word' id='word_1_210' title='bbox 421 2971 694 3042; x_wconf 88' lang='lat' dir='ltr'>imagine.</span> <span class='ocrx_word' id='word_1_211' title='bbox 719 2996 749 3025; x_wconf 87' lang='lat'><strong>»</strong></span> <span class='ocrx_word' id='word_1_212' title='bbox 792 2973 918 3030; x_wconf 90' lang='lat' dir='ltr'>Non</span> <span class='ocrx_word' id='word_1_213' title='bbox 959 2975 1114 3030; x_wconf 89' lang='lat' dir='ltr'>enim</span> <span class='ocrx_word' id='word_1_214' title='bbox 1147 2976 1462 3047; x_wconf 86' lang='lat' dir='ltr'>imaginem</span> <span class='ocrx_word' id='word_1_215' title='bbox 1494 2976 1685 3048; x_wconf 89' lang='lat' dir='ltr'>angeli</span> <span class='ocrx_word' id='word_1_216' title='bbox 1714 2977 1773 3031; x_wconf 90' lang='lat' dir='ltr'>in</span> <span class='ocrx_word' id='word_1_217' title='bbox 1804 2976 2060 3047; x_wconf 87' lang='lat' dir='ltr'>imagine</span> 
     </span>
    </p>
   </div>
   <div class='ocr_carea' id='block_1_34' title="bbox 420 3063 2060 3136">
    <p class='ocr_par' dir='ltr' id='par_1_34' title="bbox 420 3063 2060 3136">
     <span class='ocr_line' id='line_1_34' title="bbox 420 3063 2060 3136; baseline 0.002 -20"><span class='ocrx_word' id='word_1_218' title='bbox 420 3078 454 3117; x_wconf 89' lang='lat' dir='ltr'>a</span> <span class='ocrx_word' id='word_1_219' title='bbox 485 3078 546 3117; x_wconf 90' lang='lat' dir='ltr'>se</span> <span class='ocrx_word' id='word_1_220' title='bbox 576 3063 756 3118; x_wconf 89' lang='lat' dir='ltr'>visam</span> <span class='ocrx_word' id='word_1_221' title='bbox 788 3064 951 3131; x_wconf 87' lang='lat' dir='ltr'>dixit,</span> <span class='ocrx_word' id='word_1_222' title='bbox 996 3065 1096 3119; x_wconf 86' lang='lat' dir='ltr'>sed</span> <span class='ocrx_word' id='word_1_223' title='bbox 1131 3065 1424 3136; x_wconf 88' lang='lat' dir='ltr'>angelum.</span> <span class='ocrx_word' id='word_1_224' title='bbox 1459 3069 1522 3121; x_wconf 90' lang='lat' dir='ltr'>In</span> <span class='ocrx_word' id='word_1_225' title='bbox 1564 3064 1817 3134; x_wconf 79' lang='lat' dir='ltr'>imagine</span> <span class='ocrx_word' id='word_1_226' title='bbox 1849 3065 2060 3135; x_wconf 91' lang='lat' dir='ltr'>quippe</span> 
     </span>
    </p>
   </div>
   <div class='ocr_carea' id='block_1_35' title="bbox 414 3153 2059 3226">
    <p class='ocr_par' dir='ltr' id='par_1_35' title="bbox 414 3153 2059 3226">
     <span class='ocr_line' id='line_1_35' title="bbox 414 3153 2059 3226; baseline 0.002 -19"><span class='ocrx_word' id='word_1_227' title='bbox 414 3157 781 3225; x_wconf 83' lang='lat' dir='ltr'>prototypum</span> <span class='ocrx_word' id='word_1_228' title='bbox 812 3160 1258 3225; x_wconf 69' lang='lat' dir='ltr'>repraesentetur</span> <span class='ocrx_word' id='word_1_229' title='bbox 1291 3173 1304 3210; x_wconf 91' lang='lat'>:</span> <span class='ocrx_word' id='word_1_230' title='bbox 1338 3157 1492 3211; x_wconf 84' lang='lat' dir='ltr'>sicut</span> <span class='ocrx_word' id='word_1_231' title='bbox 1525 3160 1581 3210; x_wconf 94' lang='lat' dir='ltr'>et</span> <span class='ocrx_word' id='word_1_232' title='bbox 1611 3156 1669 3210; x_wconf 89' lang='lat' dir='ltr'>in</span> <span class='ocrx_word' id='word_1_233' title='bbox 1703 3159 1835 3226; x_wconf 85' lang='lat' dir='ltr'>typo</span> <span class='ocrx_word' id='word_1_234' title='bbox 1866 3153 2059 3210; x_wconf 87' lang='lat' dir='ltr'>crucis</span> 
     </span>
    </p>
   </div>
   <div class='ocr_carea' id='block_1_36' title="bbox 2183 556 3800 634">
    <p class='ocr_par' dir='ltr' id='par_1_36' title="bbox 2183 556 3800 634">
     <span class='ocr_line' id='line_1_36' title="bbox 2183 556 3800 634; baseline 0.003 -25"><span class='ocrx_word' id='word_1_235' title='bbox 2183 557 2368 630; x_wconf 71' lang='grc' dir='ltr'>νόμως</span> <span class='ocrx_word' id='word_1_236' title='bbox 2411 560 2639 634; x_wconf 79' lang='grc' dir='ltr'>Χριστὸς</span> <span class='ocrx_word' id='word_1_237' title='bbox 2688 559 2778 612; x_wconf 83' lang='grc' dir='ltr'>καὶ</span> <span class='ocrx_word' id='word_1_238' title='bbox 2829 557 3090 618; x_wconf 83' lang='grc' dir='ltr'>Θεοτόκος</span> <span class='ocrx_word' id='word_1_239' title='bbox 3149 556 3382 632; x_wconf 83' lang='grc' dir='ltr'>λέγεται.</span> <span class='ocrx_word' id='word_1_240' title='bbox 3437 561 3593 613; x_wconf 81' lang='grc' dir='ltr'>Ὥστε</span> <span class='ocrx_word' id='word_1_241' title='bbox 3644 557 3800 634; x_wconf 85' lang='grc' dir='ltr'>λέγων</span> 
     </span>
    </p>
   </div>
   <div class='ocr_carea' id='block_1_37' title="bbox 2174 646 3804 722">
    <p class='ocr_par' dir='ltr' id='par_1_37' title="bbox 2174 646 3804 722">
     <span class='ocr_line' id='line_1_37' title="bbox 2174 646 3804 722; baseline 0.001 -21"><span class='ocrx_word' id='word_1_242' title='bbox 2174 649 2274 714; x_wconf 73' lang='grc' dir='ltr'>τὴν</span> <span class='ocrx_word' id='word_1_243' title='bbox 2314 647 2492 703; x_wconf 79' lang='grc' dir='ltr'>εἰκόνα</span> <span class='ocrx_word' id='word_1_244' title='bbox 2540 649 2813 722; x_wconf 84' lang='grc' dir='ltr'>ἀρνεῖσθαι</span> <span class='ocrx_word' id='word_1_245' title='bbox 2846 665 2862 679; x_wconf 82' lang='grc'><strong><em>⁸</em></strong></span> <span class='ocrx_word' id='word_1_246' title='bbox 2907 648 2998 702; x_wconf 80' lang='grc' dir='ltr'>τὸν</span> <span class='ocrx_word' id='word_1_247' title='bbox 3045 647 3258 711; x_wconf 78' lang='grc' dir='ltr'>οὗτινος</span> <span class='ocrx_word' id='word_1_248' title='bbox 3299 649 3334 717; x_wconf 84' lang='grc' dir='ltr'>ἡ</span> <span class='ocrx_word' id='word_1_249' title='bbox 3390 647 3570 720; x_wconf 76' lang='grc' dir='ltr'>εἰκὼν,</span> <span class='ocrx_word' id='word_1_250' title='bbox 3618 646 3804 703; x_wconf 69' lang='grc' dir='ltr'>ἐκεῖνον</span> 
     </span>
    </p>
   </div>
   <div class='ocr_carea' id='block_1_38' title="bbox 2178 733 3802 814">
    <p class='ocr_par' dir='ltr' id='par_1_38' title="bbox 2178 733 3802 814">
     <span class='ocr_line' id='line_1_38' title="bbox 2178 733 3802 814; baseline 0.001 -24"><span class='ocrx_word' id='word_1_251' title='bbox 2178 733 2478 810; x_wconf 70' lang='grc' dir='ltr'>διαρρήδην</span> <span class='ocrx_word' id='word_1_252' title='bbox 2531 737 2859 812; x_wconf 79' lang='grc' dir='ltr'>ἐξαρνεῖσθαι</span> <span class='ocrx_word' id='word_1_253' title='bbox 2908 736 3188 807; x_wconf 83' lang='grc' dir='ltr'>ἀπαιτοίη.</span> <span class='ocrx_word' id='word_1_254' title='bbox 3244 738 3334 805; x_wconf 82' lang='grc' dir='ltr'>Μὴ</span> <span class='ocrx_word' id='word_1_255' title='bbox 3387 739 3490 814; x_wconf 79' lang='grc' dir='ltr'>γὰρ</span> <span class='ocrx_word' id='word_1_256' title='bbox 3541 735 3672 809; x_wconf 82' lang='grc' dir='ltr'>ἐμοῦ</span> <span class='ocrx_word' id='word_1_257' title='bbox 3715 736 3802 792; x_wconf 72' lang='grc' dir='ltr'>τοῦ</span> 
     </span>
    </p>
   </div>
   <div class='ocr_carea' id='block_1_39' title="bbox 2177 823 3801 902">
    <p class='ocr_par' dir='ltr' id='par_1_39' title="bbox 2177 823 3801 902">
     <span class='ocr_line' id='line_1_39' title="bbox 2177 823 3801 902; baseline -0.001 -23"><span class='ocrx_word' id='word_1_258' title='bbox 2177 823 2472 900; x_wconf 81' lang='grc' dir='ltr'>οὐδανιμοῦ</span> <span class='ocrx_word' id='word_1_259' title='bbox 2503 829 2532 881; x_wconf 93' lang='lat'>6</span> <span class='ocrx_word' id='word_1_260' title='bbox 2583 828 2768 902; x_wconf 80' lang='grc' dir='ltr'>λόγος.</span> <span class='ocrx_word' id='word_1_261' title='bbox 2803 829 3004 884; x_wconf 81' lang='grc' dir='ltr'>Ἀκουε</span> <span class='ocrx_word' id='word_1_262' title='bbox 3049 826 3100 882; x_wconf 89' lang='grc' dir='ltr'>τί</span> <span class='ocrx_word' id='word_1_263' title='bbox 3135 847 3266 902; x_wconf 78' lang='grc' dir='ltr'>φησι</span> <span class='ocrx_word' id='word_1_264' title='bbox 3313 831 3394 898; x_wconf 76' lang='grc' dir='ltr'>τῷ</span> <span class='ocrx_word' id='word_1_265' title='bbox 3426 832 3608 881; x_wconf 84' lang='grc' dir='ltr'>Μωσεῖ</span> <span class='ocrx_word' id='word_1_266' title='bbox 3645 828 3670 881; x_wconf 89' lang='grc' dir='ltr'>ὁ</span> <span class='ocrx_word' id='word_1_267' title='bbox 3706 830 3801 880; x_wconf 79' lang='grc' dir='ltr'>τῶν</span> 
     </span>
    </p>
   </div>
   <div class='ocr_carea' id='block_1_40' title="bbox 2176 911 3804 989">
    <p class='ocr_par' dir='ltr' id='par_1_40' title="bbox 2176 911 3804 989">
     <span class='ocr_line' id='line_1_40' title="bbox 2176 911 3804 989; baseline -0.001 -19"><span class='ocrx_word' id='word_1_268' title='bbox 2176 914 2320 970; x_wconf 85' lang='grc' dir='ltr'>ὅλων</span> <span class='ocrx_word' id='word_1_269' title='bbox 2372 918 2501 979; x_wconf 84' lang='grc' dir='ltr'>Θεὸς</span> <span class='ocrx_word' id='word_1_270' title='bbox 2535 936 2547 946; x_wconf 90' lang='grc'><strong>·</strong></span> <span class='ocrx_word' id='word_1_271' title='bbox 2599 918 2893 986; x_wconf 81' lang='grc' dir='ltr'>Ποίησον</span> <span class='ocrx_word' id='word_1_272' title='bbox 2944 911 3314 989; x_wconf 72' lang='grc' dir='ltr'>Χερουϐὶμ.</span> <span class='ocrx_word' id='word_1_273' title='bbox 3365 915 3464 970; x_wconf 85' lang='grc' dir='ltr'>Καί</span> <span class='ocrx_word' id='word_1_274' title='bbox 3513 935 3597 969; x_wconf 84' lang='grc' dir='ltr'>τοι</span> <span class='ocrx_word' id='word_1_275' title='bbox 3642 913 3804 969; x_wconf 74' lang='grc' dir='ltr'>εῗκόνα</span> 
     </span>
    </p>
   </div>
   <div class='ocr_carea' id='block_1_41' title="bbox 2175 999 3802 1081">
    <p class='ocr_par' dir='ltr' id='par_1_41' title="bbox 2175 999 3802 1081">
     <span class='ocr_line' id='line_1_41' title="bbox 2175 999 3802 1081; baseline -0.001 -22"><span class='ocrx_word' id='word_1_276' title='bbox 2175 999 2461 1079; x_wconf 73' lang='grc' dir='ltr'>Χερουϐὶμ</span> <span class='ocrx_word' id='word_1_277' title='bbox 2490 1008 2716 1070; x_wconf 79' lang='grc' dir='ltr'>ποιῆσαι</span> <span class='ocrx_word' id='word_1_278' title='bbox 2746 1004 3129 1079; x_wconf 81' lang='grc' dir='ltr'>προστέταχεν.</span> <span class='ocrx_word' id='word_1_279' title='bbox 3165 1003 3242 1061; x_wconf 83' lang='grc' dir='ltr'>Οὐ</span> <span class='ocrx_word' id='word_1_280' title='bbox 3275 1005 3379 1080; x_wconf 82' lang='grc' dir='ltr'>γάρ</span> <span class='ocrx_word' id='word_1_281' title='bbox 3410 1024 3497 1058; x_wconf 89' lang='grc' dir='ltr'>τοι</span> <span class='ocrx_word' id='word_1_282' title='bbox 3527 1003 3678 1081; x_wconf 75' lang='grc' dir='ltr'>φύσιν</span> <span class='ocrx_word' id='word_1_283' title='bbox 3708 1005 3802 1060; x_wconf 85' lang='grc' dir='ltr'>Χε-</span> 
     </span>
    </p>
   </div>
   <div class='ocr_carea' id='block_1_42' title="bbox 2177 1089 3801 1173">
    <p class='ocr_par' dir='ltr' id='par_1_42' title="bbox 2177 1089 3801 1173">
     <span class='ocr_line' id='line_1_42' title="bbox 2177 1089 3801 1173; baseline 0.001 -25"><span class='ocrx_word' id='word_1_284' title='bbox 2177 1089 2441 1168; x_wconf 74' lang='grc' dir='ltr'>ρουϐικῆν</span> <span class='ocrx_word' id='word_1_285' title='bbox 2493 1100 2705 1173; x_wconf 72' lang='grc' dir='ltr'>φρονῶν</span> <span class='ocrx_word' id='word_1_286' title='bbox 2758 1115 2842 1156; x_wconf 90' lang='grc' dir='ltr'>τις</span> <span class='ocrx_word' id='word_1_287' title='bbox 2901 1101 3240 1168; x_wconf 77' lang='grc' dir='ltr'>παραστῆσαι</span> <span class='ocrx_word' id='word_1_288' title='bbox 3304 1090 3462 1148; x_wconf 69' lang='grc' dir='ltr'>αὺτὸν</span> <span class='ocrx_word' id='word_1_289' title='bbox 3521 1097 3666 1172; x_wconf 74' lang='grc' dir='ltr'>φαῖεν</span> <span class='ocrx_word' id='word_1_290' title='bbox 3723 1092 3801 1150; x_wconf 74' lang='grc' dir='ltr'>ἄν.</span> 
     </span>
    </p>
   </div>
   <div class='ocr_carea' id='block_1_43' title="bbox 2176 1179 3801 1261">
    <p class='ocr_par' dir='ltr' id='par_1_43' title="bbox 2176 1179 3801 1261">
     <span class='ocr_line' id='line_1_43' title="bbox 2176 1179 3801 1261; baseline -0.001 -23"><span class='ocrx_word' id='word_1_291' title='bbox 2176 1185 2272 1238; x_wconf 80' lang='grc' dir='ltr'>Καὶ</span> <span class='ocrx_word' id='word_1_292' title='bbox 2329 1182 2527 1247; x_wconf 76' lang='grc' dir='ltr'>αὖθις·</span> <span class='ocrx_word' id='word_1_293' title='bbox 2589 1183 2880 1253; x_wconf 86' lang='grc' dir='ltr'>Ποίησον</span> <span class='ocrx_word' id='word_1_294' title='bbox 2941 1179 3090 1261; x_wconf 78' lang='grc' dir='ltr'>ὅφιν</span> <span class='ocrx_word' id='word_1_295' title='bbox 3152 1181 3500 1261; x_wconf 76' lang='grc' dir='ltr'>χαλκοῦνο</span> <span class='ocrx_word' id='word_1_296' title='bbox 3560 1183 3646 1237; x_wconf 88' lang='grc' dir='ltr'>καὶ</span> <span class='ocrx_word' id='word_1_297' title='bbox 3704 1184 3801 1254; x_wconf 75' lang='grc' dir='ltr'>μὴν</span> 
     </span>
    </p>
   </div>
   <div class='ocr_carea' id='block_1_44' title="bbox 2171 1270 3804 1351">
    <p class='ocr_par' dir='ltr' id='par_1_44' title="bbox 2171 1270 3804 1351">
     <span class='ocr_line' id='line_1_44' title="bbox 2171 1270 3804 1351; baseline -0.002 -23"><span class='ocrx_word' id='word_1_298' title='bbox 2171 1274 2437 1328; x_wconf 87' lang='grc' dir='ltr'>κάνταῦθα</span> <span class='ocrx_word' id='word_1_299' title='bbox 2507 1274 2689 1328; x_wconf 80' lang='grc' dir='ltr'>εἰκόνα</span> <span class='ocrx_word' id='word_1_300' title='bbox 2766 1272 2939 1351; x_wconf 73' lang='grc' dir='ltr'>ὄφεως</span> <span class='ocrx_word' id='word_1_301' title='bbox 3006 1279 3181 1328; x_wconf 86' lang='grc' dir='ltr'>ποιεῖν</span> <span class='ocrx_word' id='word_1_302' title='bbox 3254 1273 3599 1347; x_wconf 72' lang='grc' dir='ltr'>προστάσσει.</span> <span class='ocrx_word' id='word_1_303' title='bbox 3657 1270 3804 1327; x_wconf 81' lang='grc' dir='ltr'>Ἀλλ’</span> 
     </span>
    </p>
   </div>
   <div class='ocr_carea' id='block_1_45' title="bbox 2173 1361 3805 1440">
    <p class='ocr_par' dir='ltr' id='par_1_45' title="bbox 2173 1361 3805 1440">
     <span class='ocr_line' id='line_1_45' title="bbox 2173 1361 3805 1440; baseline -0.001 -23"><span class='ocrx_word' id='word_1_304' title='bbox 2173 1364 2310 1433; x_wconf 73' lang='grc' dir='ltr'>αὕτη</span> <span class='ocrx_word' id='word_1_305' title='bbox 2344 1365 2378 1432; x_wconf 80' lang='grc' dir='ltr'>ἡ</span> <span class='ocrx_word' id='word_1_306' title='bbox 2413 1365 2568 1440; x_wconf 70' lang='grc' dir='ltr'>φύσις</span> <span class='ocrx_word' id='word_1_307' title='bbox 2617 1364 2978 1438; x_wconf 78' lang='grc' dir='ltr'>πρωτοτύπου</span> <span class='ocrx_word' id='word_1_308' title='bbox 3024 1363 3114 1418; x_wconf 78' lang='grc' dir='ltr'>καὶ</span> <span class='ocrx_word' id='word_1_309' title='bbox 3164 1363 3496 1437; x_wconf 88' lang='grc' dir='ltr'>παραγώγου</span> <span class='ocrx_word' id='word_1_310' title='bbox 3530 1381 3542 1394; x_wconf 89' lang='grc'><strong>·</strong></span> <span class='ocrx_word' id='word_1_311' title='bbox 3593 1361 3654 1416; x_wconf 86' lang='grc' dir='ltr'>τὸ</span> <span class='ocrx_word' id='word_1_312' title='bbox 3703 1383 3805 1415; x_wconf 84' lang='grc' dir='ltr'>πα-</span> 
     </span>
    </p>
   </div>
   <div class='ocr_carea' id='block_1_46' title="bbox 2174 1449 3802 1527">
    <p class='ocr_par' dir='ltr' id='par_1_46' title="bbox 2174 1449 3802 1527">
     <span class='ocr_line' id='line_1_46' title="bbox 2174 1449 3802 1527; baseline -0.002 -21"><span class='ocrx_word' id='word_1_313' title='bbox 2174 1454 2372 1527; x_wconf 77' lang='grc' dir='ltr'>ραχθὲν</span> <span class='ocrx_word' id='word_1_314' title='bbox 2407 1451 2502 1507; x_wconf 62' lang='grc' dir='ltr'>εἴτ’</span> <span class='ocrx_word' id='word_1_315' title='bbox 2535 1451 2627 1506; x_wconf 77' lang='grc' dir='ltr'>οὖν</span> <span class='ocrx_word' id='word_1_316' title='bbox 2660 1453 2722 1507; x_wconf 87' lang='grc' dir='ltr'>τὸ</span> <span class='ocrx_word' id='word_1_317' title='bbox 2772 1452 3059 1508; x_wconf 74' lang='grc' dir='ltr'>εἷκονισθὲν</span> <span class='ocrx_word' id='word_1_318' title='bbox 3093 1455 3189 1507; x_wconf 90' lang='grc' dir='ltr'>τοῦ</span> <span class='ocrx_word' id='word_1_319' title='bbox 3236 1451 3549 1526; x_wconf 71' lang='grc' dir='ltr'>ἀρχετύπου</span> <span class='ocrx_word' id='word_1_320' title='bbox 3590 1454 3665 1520; x_wconf 82' lang='grc' dir='ltr'>τῷ</span> <span class='ocrx_word' id='word_1_321' title='bbox 3694 1449 3802 1504; x_wconf 84' lang='grc' dir='ltr'>ὀνό-</span> 
     </span>
    </p>
   </div>
   <div class='ocr_carea' id='block_1_47' title="bbox 2176 1541 3800 1617">
    <p class='ocr_par' dir='ltr' id='par_1_47' title="bbox 2176 1541 3800 1617">
     <span class='ocr_line' id='line_1_47' title="bbox 2176 1541 3800 1617; baseline -0.002 -21"><span class='ocrx_word' id='word_1_322' title='bbox 2176 1564 2302 1615; x_wconf 89' lang='grc' dir='ltr'>ματι</span> <span class='ocrx_word' id='word_1_323' title='bbox 2346 1543 2650 1611; x_wconf 84' lang='grc' dir='ltr'>καλεῖσθαι,</span> <span class='ocrx_word' id='word_1_324' title='bbox 2698 1542 2788 1598; x_wconf 80' lang='grc' dir='ltr'>καὶ</span> <span class='ocrx_word' id='word_1_325' title='bbox 2842 1546 2911 1615; x_wconf 81' lang='grc' dir='ltr'>τῇ</span> <span class='ocrx_word' id='word_1_326' title='bbox 2969 1543 3193 1617; x_wconf 78' lang='grc' dir='ltr'>θατέρου</span> <span class='ocrx_word' id='word_1_327' title='bbox 3266 1541 3531 1616; x_wconf 85' lang='grc' dir='ltr'>ἀναιρέσει</span> <span class='ocrx_word' id='word_1_328' title='bbox 3590 1541 3800 1613; x_wconf 72' lang='grc' dir='ltr'>θάτερον</span> 
     </span>
    </p>
   </div>
   <div class='ocr_carea' id='block_1_48' title="bbox 2172 1626 3801 1706">
    <p class='ocr_par' dir='ltr' id='par_1_48' title="bbox 2172 1626 3801 1706">
     <span class='ocr_line' id='line_1_48' title="bbox 2172 1626 3801 1706; baseline -0.002 -20"><span class='ocrx_word' id='word_1_329' title='bbox 2172 1631 2518 1706; x_wconf 77' lang='grc' dir='ltr'>ἀναιρεῖσθαι,</span> <span class='ocrx_word' id='word_1_330' title='bbox 2574 1634 2648 1695; x_wconf 83' lang='grc' dir='ltr'>ὡς</span> <span class='ocrx_word' id='word_1_331' title='bbox 2706 1637 2813 1688; x_wconf 78' lang='grc' dir='ltr'>τῶν</span> <span class='ocrx_word' id='word_1_332' title='bbox 2866 1627 2981 1705; x_wconf 75' lang='grc' dir='ltr'>ἅμα</span> <span class='ocrx_word' id='word_1_333' title='bbox 3038 1627 3228 1687; x_wconf 78' lang='grc' dir='ltr'>ὅντων.</span> <span class='ocrx_word' id='word_1_334' title='bbox 3276 1636 3373 1686; x_wconf 87' lang='grc' dir='ltr'>Ἦν</span> <span class='ocrx_word' id='word_1_335' title='bbox 3428 1629 3675 1705; x_wconf 80' lang='grc' dir='ltr'>ἅγγελος,</span> <span class='ocrx_word' id='word_1_336' title='bbox 3721 1626 3801 1683; x_wconf 72' lang='grc' dir='ltr'>διὰ</span> 
     </span>
    </p>
   </div>
   <div class='ocr_carea' id='block_1_49' title="bbox 2168 1715 3798 1797">
    <p class='ocr_par' dir='ltr' id='par_1_49' title="bbox 2168 1715 3798 1797">
     <span class='ocr_line' id='line_1_49' title="bbox 2168 1715 3798 1797; baseline -0.001 -23"><span class='ocrx_word' id='word_1_337' title='bbox 2168 1725 2329 1776; x_wconf 85' lang='grc' dir='ltr'>τοῦτο</span> <span class='ocrx_word' id='word_1_338' title='bbox 2374 1721 2464 1774; x_wconf 80' lang='grc' dir='ltr'>καὶ</span> <span class='ocrx_word' id='word_1_339' title='bbox 2515 1721 2673 1775; x_wconf 78' lang='grc' dir='ltr'>εἰκὼν</span> <span class='ocrx_word' id='word_1_340' title='bbox 2724 1719 2964 1794; x_wconf 75' lang='grc' dir='ltr'>ἀγγέλου</span> <span class='ocrx_word' id='word_1_341' title='bbox 2997 1739 3011 1752; x_wconf 86' lang='grc'>⁶</span> <span class='ocrx_word' id='word_1_342' title='bbox 3057 1721 3123 1790; x_wconf 79' lang='grc' dir='ltr'>ἦν</span> <span class='ocrx_word' id='word_1_343' title='bbox 3177 1715 3318 1797; x_wconf 74' lang='grc' dir='ltr'>ὄφις,</span> <span class='ocrx_word' id='word_1_344' title='bbox 3379 1716 3469 1773; x_wconf 81' lang='grc' dir='ltr'>διὰ</span> <span class='ocrx_word' id='word_1_345' title='bbox 3524 1722 3681 1773; x_wconf 85' lang='grc' dir='ltr'>τοῦτο</span> <span class='ocrx_word' id='word_1_346' title='bbox 3717 1718 3798 1772; x_wconf 71' lang='grc' dir='ltr'>καὶ</span> 
     </span>
    </p>
   </div>
   <div class='ocr_carea' id='block_1_50' title="bbox 2169 1806 3798 1888">
    <p class='ocr_par' dir='ltr' id='par_1_50' title="bbox 2169 1806 3798 1888">
     <span class='ocr_line' id='line_1_50' title="bbox 2169 1806 3798 1888; baseline -0.002 -25"><span class='ocrx_word' id='word_1_347' title='bbox 2169 1809 2326 1864; x_wconf 86' lang='grc' dir='ltr'>εἰκὼν</span> <span class='ocrx_word' id='word_1_348' title='bbox 2363 1806 2536 1888; x_wconf 64' lang='grc' dir='ltr'>ὄφεως</span> <span class='ocrx_word' id='word_1_349' title='bbox 2571 1828 2584 1841; x_wconf 87' lang='grc'><strong>·</strong></span> <span class='ocrx_word' id='word_1_350' title='bbox 2631 1809 2721 1864; x_wconf 81' lang='grc' dir='ltr'>καὶ</span> <span class='ocrx_word' id='word_1_351' title='bbox 2755 1810 3064 1865; x_wconf 70' lang='grc' dir='ltr'>οὑτινοσοῦν</span> <span class='ocrx_word' id='word_1_352' title='bbox 3117 1807 3290 1864; x_wconf 84' lang='grc' dir='ltr'>ἄλλου</span> <span class='ocrx_word' id='word_1_353' title='bbox 3320 1813 3426 1863; x_wconf 79' lang='grc' dir='ltr'>τῶν</span> <span class='ocrx_word' id='word_1_354' title='bbox 3479 1807 3674 1866; x_wconf 75' lang='grc' dir='ltr'>ὄντων.</span> <span class='ocrx_word' id='word_1_355' title='bbox 3709 1806 3798 1861; x_wconf 77' lang='grc' dir='ltr'>Καὶ</span> 
     </span>
    </p>
   </div>
   <div class='ocr_carea' id='block_1_51' title="bbox 2170 1895 3798 1974">
    <p class='ocr_par' dir='ltr' id='par_1_51' title="bbox 2170 1895 3798 1974">
     <span class='ocr_line' id='line_1_51' title="bbox 2170 1895 3798 1974; baseline -0.002 -20"><span class='ocrx_word' id='word_1_356' title='bbox 2170 1898 2458 1954; x_wconf 88' lang='grc' dir='ltr'>καλοῦνται</span> <span class='ocrx_word' id='word_1_357' title='bbox 2505 1906 2579 1969; x_wconf 81' lang='grc' dir='ltr'>πῆ</span> <span class='ocrx_word' id='word_1_358' title='bbox 2635 1900 2728 1972; x_wconf 73' lang='grc' dir='ltr'>μὲν</span> <span class='ocrx_word' id='word_1_359' title='bbox 2781 1898 2982 1961; x_wconf 76' lang='grc' dir='ltr'>εἰκόνες</span> <span class='ocrx_word' id='word_1_360' title='bbox 3032 1900 3207 1974; x_wconf 82' lang='grc' dir='ltr'>ὦνπερ</span> <span class='ocrx_word' id='word_1_361' title='bbox 3261 1899 3348 1952; x_wconf 83' lang='grc' dir='ltr'>καὶ</span> <span class='ocrx_word' id='word_1_362' title='bbox 3401 1897 3506 1952; x_wconf 82' lang='grc' dir='ltr'>εἰσί</span> <span class='ocrx_word' id='word_1_363' title='bbox 3540 1917 3554 1930; x_wconf 77' lang='grc' dir='ltr'><strong>ο</strong></span> <span class='ocrx_word' id='word_1_364' title='bbox 3604 1903 3677 1965; x_wconf 84' lang='grc' dir='ltr'>πῆ</span> <span class='ocrx_word' id='word_1_365' title='bbox 3727 1895 3798 1964; x_wconf 75' lang='grc' dir='ltr'>δὲ,</span> 
     </span>
    </p>
   </div>
   <div class='ocr_carea' id='block_1_52' title="bbox 2173 1986 3793 2064">
    <p class='ocr_par' dir='ltr' id='par_1_52' title="bbox 2173 1986 3793 2064">
     <span class='ocr_line' id='line_1_52' title="bbox 2173 1986 3793 2064; baseline -0.001 -22"><span class='ocrx_word' id='word_1_366' title='bbox 2173 1986 2261 2042; x_wconf 76' lang='grc' dir='ltr'>διὰ</span> <span class='ocrx_word' id='word_1_367' title='bbox 2289 1991 2386 2058; x_wconf 76' lang='grc' dir='ltr'>τὴν</span> <span class='ocrx_word' id='word_1_368' title='bbox 2443 1989 2656 2064; x_wconf 82' lang='grc' dir='ltr'>σχέσιν,</span> <span class='ocrx_word' id='word_1_369' title='bbox 2686 1989 2760 2050; x_wconf 88' lang='grc' dir='ltr'>ὡς</span> <span class='ocrx_word' id='word_1_370' title='bbox 2794 1989 2927 2044; x_wconf 81' lang='grc' dir='ltr'>αὐτά</span> <span class='ocrx_word' id='word_1_371' title='bbox 2970 1990 3037 2044; x_wconf 78' lang='grc' dir='ltr'>τὰ</span> <span class='ocrx_word' id='word_1_372' title='bbox 3085 1989 3364 2063; x_wconf 75' lang='grc' dir='ltr'>ἀρχέτυπα</span> <span class='ocrx_word' id='word_1_373' title='bbox 3412 1986 3793 2060; x_wconf 85' lang='grc' dir='ltr'>ὀνομαζόμενα,</span> 
     </span>
    </p>
   </div>
   <div class='ocr_carea' id='block_1_53' title="bbox 2169 2078 2842 2140">
    <p class='ocr_par' dir='ltr' id='par_1_53' title="bbox 2169 2078 2842 2140">
     <span class='ocr_line' id='line_1_53' title="bbox 2169 2078 2842 2140; baseline 0.004 -8"><span class='ocrx_word' id='word_1_374' title='bbox 2169 2078 2255 2132; x_wconf 71' lang='grc' dir='ltr'>καὶ</span> <span class='ocrx_word' id='word_1_375' title='bbox 2287 2081 2384 2132; x_wconf 76' lang='grc' dir='ltr'>οὐκ</span> <span class='ocrx_word' id='word_1_376' title='bbox 2415 2079 2614 2140; x_wconf 81' lang='grc' dir='ltr'>εἰκόνες</span> <span class='ocrx_word' id='word_1_377' title='bbox 2645 2079 2842 2135; x_wconf 81' lang='grc' dir='ltr'>αὐτῶν.</span> 
     </span>
    </p>
   </div>
   <div class='ocr_carea' id='block_1_54' title="bbox 2241 2162 3797 2242">
    <p class='ocr_par' dir='ltr' id='par_1_54' title="bbox 2241 2162 3797 2242">
     <span class='ocr_line' id='line_1_54' title="bbox 2241 2162 3797 2242; baseline -0.005 -17"><span class='ocrx_word' id='word_1_378' title='bbox 2241 2167 2400 2225; x_wconf 74' lang='grc' dir='ltr'>Οὕτω</span> <span class='ocrx_word' id='word_1_379' title='bbox 2432 2169 2562 2242; x_wconf 77' lang='grc' dir='ltr'>φησί</span> <span class='ocrx_word' id='word_1_380' title='bbox 2594 2168 2682 2223; x_wconf 76' lang='grc' dir='ltr'>καὶ</span> <span class='ocrx_word' id='word_1_381' title='bbox 2729 2170 2757 2222; x_wconf 97' lang='lat'>6</span> <span class='ocrx_word' id='word_1_382' title='bbox 2798 2169 2941 2242; x_wconf 75' lang='grc' dir='ltr'>ἱερὸς</span> <span class='ocrx_word' id='word_1_383' title='bbox 2974 2167 3280 2229; x_wconf 82' lang='grc' dir='ltr'>Ἀπότολος</span> <span class='ocrx_word' id='word_1_384' title='bbox 3315 2184 3330 2199; x_wconf 80' lang='grc'><strong>⁸</strong></span> <span class='ocrx_word' id='word_1_385' title='bbox 3380 2167 3702 2240; x_wconf 83' lang='grc' dir='ltr'>’Υπεράνω</span> <span class='ocrx_word' id='word_1_386' title='bbox 3739 2162 3797 2218; x_wconf 72' lang='grc' dir='ltr'>δὲ</span> 
     </span>
    </p>
   </div>
   <div class='ocr_carea' id='block_1_55' title="bbox 2171 2254 3799 2330">
    <p class='ocr_par' dir='ltr' id='par_1_55' title="bbox 2171 2254 3799 2330">
     <span class='ocr_line' id='line_1_55' title="bbox 2171 2254 3799 2330; baseline -0.002 -18"><span class='ocrx_word' id='word_1_387' title='bbox 2171 2258 2374 2328; x_wconf 75' lang='grc' dir='ltr'>αὐτῆς</span> <span class='ocrx_word' id='word_1_388' title='bbox 2450 2255 2802 2330; x_wconf 75' lang='grc' dir='ltr'>Χερουϐὶμ</span> <span class='ocrx_word' id='word_1_389' title='bbox 2875 2255 3073 2328; x_wconf 82' lang='grc' dir='ltr'>δόξης</span> <span class='ocrx_word' id='word_1_390' title='bbox 3142 2258 3668 2326; x_wconf 80' lang='grc' dir='ltr'>κατασκιάζοντα</span> <span class='ocrx_word' id='word_1_391' title='bbox 3735 2254 3799 2308; x_wconf 86' lang='grc' dir='ltr'>τὸ</span> 
     </span>
    </p>
   </div>
   <div class='ocr_carea' id='block_1_56' title="bbox 2170 2345 3799 2422">
    <p class='ocr_par' dir='ltr' id='par_1_56' title="bbox 2170 2345 3799 2422">
     <span class='ocr_line' id='line_1_56' title="bbox 2170 2345 3799 2422; baseline -0.001 -22"><span class='ocrx_word' id='word_1_392' title='bbox 2170 2347 2572 2422; x_wconf 72' lang='grc' dir='ltr'>ἱλαστήριον</span> <span class='ocrx_word' id='word_1_393' title='bbox 2606 2366 2619 2380; x_wconf 90' lang='grc'><strong>·</strong></span> <span class='ocrx_word' id='word_1_394' title='bbox 2670 2352 2749 2420; x_wconf 80' lang='grc' dir='ltr'>τῷ</span> <span class='ocrx_word' id='word_1_395' title='bbox 2781 2346 3010 2418; x_wconf 80' lang='grc' dir='ltr'>ὀνόματι</span> <span class='ocrx_word' id='word_1_396' title='bbox 3038 2351 3147 2402; x_wconf 84' lang='grc' dir='ltr'>τῶν</span> <span class='ocrx_word' id='word_1_397' title='bbox 3193 2345 3568 2420; x_wconf 72' lang='grc' dir='ltr'>πρωτοτύπων</span> <span class='ocrx_word' id='word_1_398' title='bbox 3600 2364 3799 2421; x_wconf 83' lang='grc' dir='ltr'>χρησα-</span> 
     </span>
    </p>
   </div>
   <div class='ocr_carea' id='block_1_57' title="bbox 2175 2437 3799 2512">
    <p class='ocr_par' dir='ltr' id='par_1_57' title="bbox 2175 2437 3799 2512">
     <span class='ocr_line' id='line_1_57' title="bbox 2175 2437 3799 2512; baseline -0.002 -21"><span class='ocrx_word' id='word_1_399' title='bbox 2175 2458 2334 2509; x_wconf 87' lang='grc' dir='ltr'>μενος</span> <span class='ocrx_word' id='word_1_400' title='bbox 2360 2437 2446 2492; x_wconf 83' lang='grc' dir='ltr'>ἐπὶ</span> <span class='ocrx_word' id='word_1_401' title='bbox 2476 2443 2583 2492; x_wconf 83' lang='grc' dir='ltr'>τῶν</span> <span class='ocrx_word' id='word_1_402' title='bbox 2617 2437 2852 2494; x_wconf 78' lang='grc' dir='ltr'>εἰκόνων.</span> <span class='ocrx_word' id='word_1_403' title='bbox 2888 2442 3083 2491; x_wconf 71' lang='grc' dir='ltr'>’Ἄκουε</span> <span class='ocrx_word' id='word_1_404' title='bbox 3112 2437 3202 2490; x_wconf 85' lang='grc' dir='ltr'>καὶ</span> <span class='ocrx_word' id='word_1_405' title='bbox 3232 2441 3326 2490; x_wconf 87' lang='grc' dir='ltr'>τοῦ</span> <span class='ocrx_word' id='word_1_406' title='bbox 3362 2437 3604 2512; x_wconf 75' lang='grc' dir='ltr'>μεγάλου</span> <span class='ocrx_word' id='word_1_407' title='bbox 3650 2438 3799 2491; x_wconf 78' lang='grc' dir='ltr'>Βασι⁸</span> 
     </span>
    </p>
   </div>
   <div class='ocr_carea' id='block_1_58' title="bbox 2171 2523 3802 2604">
    <p class='ocr_par' dir='ltr' id='par_1_58' title="bbox 2171 2523 3802 2604">
     <span class='ocr_line' id='line_1_58' title="bbox 2171 2523 3802 2604; baseline -0.001 -24"><span class='ocrx_word' id='word_1_408' title='bbox 2171 2523 2325 2581; x_wconf 79' lang='grc' dir='ltr'>λείου</span> <span class='ocrx_word' id='word_1_409' title='bbox 2359 2545 2371 2560; x_wconf 91' lang='grc'><strong>·</strong></span> <span class='ocrx_word' id='word_1_410' title='bbox 2425 2551 2454 2579; x_wconf 92' lang='grc'>‹‹</span> <span class='ocrx_word' id='word_1_411' title='bbox 2489 2527 2868 2604; x_wconf 76' lang='grc' dir='ltr'>Ἐγγραφέσθω</span> <span class='ocrx_word' id='word_1_412' title='bbox 2915 2531 2994 2598; x_wconf 78' lang='grc' dir='ltr'>τῷ</span> <span class='ocrx_word' id='word_1_413' title='bbox 3023 2527 3207 2581; x_wconf 87' lang='grc' dir='ltr'>πίνακι</span> <span class='ocrx_word' id='word_1_414' title='bbox 3237 2526 3325 2580; x_wconf 76' lang='grc' dir='ltr'>καὶ</span> <span class='ocrx_word' id='word_1_415' title='bbox 3370 2527 3398 2580; x_wconf 92' lang='lat'>6</span> <span class='ocrx_word' id='word_1_416' title='bbox 3426 2530 3537 2580; x_wconf 77' lang='grc' dir='ltr'>τῶν</span> <span class='ocrx_word' id='word_1_417' title='bbox 3583 2525 3802 2579; x_wconf 87' lang='grc' dir='ltr'>παλαισ-</span> 
     </span>
    </p>
   </div>
   <div class='ocr_carea' id='block_1_59' title="bbox 2175 2614 3803 2693">
    <p class='ocr_par' dir='ltr' id='par_1_59' title="bbox 2175 2614 3803 2693">
     <span class='ocr_line' id='line_1_59' title="bbox 2175 2614 3803 2693; baseline -0.002 -23"><span class='ocrx_word' id='word_1_418' title='bbox 2175 2615 2358 2688; x_wconf 79' lang='grc' dir='ltr'>μάτων</span> <span class='ocrx_word' id='word_1_419' title='bbox 2393 2615 2761 2693; x_wconf 82' lang='grc' dir='ltr'>ἀγνωνοθέτης</span> <span class='ocrx_word' id='word_1_420' title='bbox 2790 2615 3040 2690; x_wconf 81' lang='grc' dir='ltr'>Χριστός.</span> <span class='ocrx_word' id='word_1_421' title='bbox 3076 2639 3104 2667; x_wconf 84' lang='grc'><strong>››</strong></span> <span class='ocrx_word' id='word_1_422' title='bbox 3139 2617 3227 2684; x_wconf 79' lang='grc' dir='ltr'>Μὴ</span> <span class='ocrx_word' id='word_1_423' title='bbox 3261 2614 3366 2690; x_wconf 79' lang='grc' dir='ltr'>γὰρ</span> <span class='ocrx_word' id='word_1_424' title='bbox 3397 2615 3560 2670; x_wconf 71' lang='grc' dir='ltr'>εἶπεν·</span> <span class='ocrx_word' id='word_1_425' title='bbox 3595 2616 3803 2689; x_wconf 89' lang='grc' dir='ltr'>Εγγρα-</span> 
     </span>
    </p>
   </div>
   <div class='ocr_carea' id='block_1_60' title="bbox 2171 2702 3800 2784">
    <p class='ocr_par' dir='ltr' id='par_1_60' title="bbox 2171 2702 3800 2784">
     <span class='ocr_line' id='line_1_60' title="bbox 2171 2702 3800 2784; baseline -0.001 -26"><span class='ocrx_word' id='word_1_426' title='bbox 2171 2704 2350 2784; x_wconf 77' lang='grc' dir='ltr'>φέσθω</span> <span class='ocrx_word' id='word_1_427' title='bbox 2398 2708 2432 2774; x_wconf 83' lang='grc' dir='ltr'>ἡ</span> <span class='ocrx_word' id='word_1_428' title='bbox 2489 2705 2647 2762; x_wconf 81' lang='grc' dir='ltr'>εἰκὼν</span> <span class='ocrx_word' id='word_1_429' title='bbox 2697 2711 2794 2761; x_wconf 88' lang='grc' dir='ltr'>τοῦ</span> <span class='ocrx_word' id='word_1_430' title='bbox 2846 2710 2954 2762; x_wconf 81' lang='grc' dir='ltr'>τῶν</span> <span class='ocrx_word' id='word_1_431' title='bbox 3013 2702 3410 2777; x_wconf 81' lang='grc' dir='ltr'>παλαισμάτων</span> <span class='ocrx_word' id='word_1_432' title='bbox 3473 2703 3800 2782; x_wconf 78' lang='grc' dir='ltr'>ἀγωνοθέτου</span> 
     </span>
    </p>
   </div>
   <div class='ocr_carea' id='block_1_61' title="bbox 2171 2794 3801 2870">
    <p class='ocr_par' dir='ltr' id='par_1_61' title="bbox 2171 2794 3801 2870">
     <span class='ocr_line' id='line_1_61' title="bbox 2171 2794 3801 2870; baseline -0.002 -20"><span class='ocrx_word' id='word_1_433' title='bbox 2171 2795 2403 2868; x_wconf 87' lang='grc' dir='ltr'>Χριστοῦ</span> <span class='ocrx_word' id='word_1_434' title='bbox 2436 2815 2448 2828; x_wconf 80' lang='grc'><strong><em>⁸</em></strong></span> <span class='ocrx_word' id='word_1_435' title='bbox 2482 2794 2651 2866; x_wconf 83' lang='grc' dir='ltr'>ἀλλὰ,</span> <span class='ocrx_word' id='word_1_436' title='bbox 2703 2798 2954 2870; x_wconf 86' lang='grc' dir='ltr'>Χριστός.</span> <span class='ocrx_word' id='word_1_437' title='bbox 2997 2796 3197 2852; x_wconf 82' lang='grc' dir='ltr'>Ἀκουε</span> <span class='ocrx_word' id='word_1_438' title='bbox 3241 2794 3330 2848; x_wconf 86' lang='grc' dir='ltr'>καὶ</span> <span class='ocrx_word' id='word_1_439' title='bbox 3380 2795 3685 2868; x_wconf 87' lang='grc' dir='ltr'>Γρηγορίου</span> <span class='ocrx_word' id='word_1_440' title='bbox 3714 2794 3801 2847; x_wconf 84' lang='grc' dir='ltr'>τοῦ</span> 
     </span>
    </p>
   </div>
   <div class='ocr_carea' id='block_1_62' title="bbox 2171 2882 3802 2959">
    <p class='ocr_par' dir='ltr' id='par_1_62' title="bbox 2171 2882 3802 2959">
     <span class='ocr_line' id='line_1_62' title="bbox 2171 2882 3802 2959; baseline -0.002 -21"><span class='ocrx_word' id='word_1_441' title='bbox 2171 2886 2420 2947; x_wconf 83' lang='grc' dir='ltr'>Νυσσέως</span> <span class='ocrx_word' id='word_1_442' title='bbox 2451 2904 2464 2917; x_wconf 93' lang='grc'><strong>·</strong></span> <span class='ocrx_word' id='word_1_443' title='bbox 2518 2910 2545 2936; x_wconf 89' lang='grc'>‹‹</span> <span class='ocrx_word' id='word_1_444' title='bbox 2601 2885 2890 2959; x_wconf 86' lang='grc' dir='ltr'>Πρὸκειται</span> <span class='ocrx_word' id='word_1_445' title='bbox 2939 2885 2966 2939; x_wconf 89' lang='grc' dir='ltr'><strong>ὁ</strong></span> <span class='ocrx_word' id='word_1_446' title='bbox 3014 2884 3217 2942; x_wconf 79' lang='grc' dir='ltr'>Ἰσαάκ.</span> <span class='ocrx_word' id='word_1_447' title='bbox 3269 2907 3290 2934; x_wconf 74' lang='grc' dir='ltr'>ι</span> <span class='ocrx_word' id='word_1_448' title='bbox 3336 2884 3436 2951; x_wconf 78' lang='grc' dir='ltr'>τὴν</span> <span class='ocrx_word' id='word_1_449' title='bbox 3491 2882 3673 2938; x_wconf 65' lang='grc' dir='ltr'>εἷκόνα</span> <span class='ocrx_word' id='word_1_450' title='bbox 3714 2883 3802 2935; x_wconf 83' lang='grc' dir='ltr'>τοῦ</span> 
     </span>
    </p>
   </div>
   <div class='ocr_carea' id='block_1_63' title="bbox 2171 2972 3798 3047">
    <p class='ocr_par' dir='ltr' id='par_1_63' title="bbox 2171 2972 3798 3047">
     <span class='ocr_line' id='line_1_63' title="bbox 2171 2972 3798 3047; baseline -0.002 -19"><span class='ocrx_word' id='word_1_451' title='bbox 2171 2975 2367 3045; x_wconf 79' lang='grc' dir='ltr'>Ἰσαὰκ,</span> <span class='ocrx_word' id='word_1_452' title='bbox 2400 2974 2582 3032; x_wconf 75' lang='grc' dir='ltr'>Ἰσαὰκ</span> <span class='ocrx_word' id='word_1_453' title='bbox 2607 2974 2998 3047; x_wconf 80' lang='grc' dir='ltr'>ὀνομάσαντος.</span> <span class='ocrx_word' id='word_1_454' title='bbox 3031 2977 3233 3030; x_wconf 73' lang='grc' dir='ltr'>’Ἄκουε</span> <span class='ocrx_word' id='word_1_455' title='bbox 3260 2977 3357 3027; x_wconf 89' lang='grc' dir='ltr'>τοῦ</span> <span class='ocrx_word' id='word_1_456' title='bbox 3389 2972 3798 3046; x_wconf 81' lang='grc' dir='ltr'>Χρυσοστόμου·</span> 
     </span>
    </p>
   </div>
   <div class='ocr_carea' id='block_1_64' title="bbox 2173 3058 3800 3140">
    <p class='ocr_par' dir='ltr' id='par_1_64' title="bbox 2173 3058 3800 3140">
     <span class='ocr_line' id='line_1_64' title="bbox 2173 3058 3800 3140; baseline 0.014 -26"><span class='ocrx_word' id='word_1_457' title='bbox 2173 3087 2200 3114; x_wconf 88' lang='grc'>‹‹</span> <span class='ocrx_word' id='word_1_458' title='bbox 2232 3061 2389 3119; x_wconf 81' lang='grc' dir='ltr'>Εἶδον</span> <span class='ocrx_word' id='word_1_459' title='bbox 2424 3063 2654 3140; x_wconf 84' lang='grc' dir='ltr'>ἄγγελον</span> <span class='ocrx_word' id='word_1_460' title='bbox 2687 3063 2737 3118; x_wconf 80' lang='grc' dir='ltr'>ἐν</span> <span class='ocrx_word' id='word_1_461' title='bbox 2772 3062 2939 3118; x_wconf 84' lang='grc' dir='ltr'>εἷ’κὸνι</span> <span class='ocrx_word' id='word_1_462' title='bbox 2981 3079 2993 3096; x_wconf 82' lang='grc'>⁶</span> <span class='ocrx_word' id='word_1_463' title='bbox 3037 3085 3065 3114; x_wconf 82' lang='grc'><strong>&gt;&gt;</strong></span> <span class='ocrx_word' id='word_1_464' title='bbox 3097 3062 3186 3131; x_wconf 71' lang='grc' dir='ltr'>Μὴ</span> <span class='ocrx_word' id='word_1_465' title='bbox 3219 3061 3322 3136; x_wconf 77' lang='grc' dir='ltr'>γὰρ</span> <span class='ocrx_word' id='word_1_466' title='bbox 3363 3060 3600 3136; x_wconf 76' lang='grc' dir='ltr'>ἀγγέλου</span> <span class='ocrx_word' id='word_1_467' title='bbox 3631 3058 3800 3115; x_wconf 62' lang='grc' dir='ltr'>εῗκδνί</span> 
     </span>
    </p>
   </div>
   <div class='ocr_carea' id='block_1_65' title="bbox 2170 3145 3799 3228">
    <p class='ocr_par' dir='ltr' id='par_1_65' title="bbox 2170 3145 3799 3228">
     <span class='ocr_line' id='line_1_65' title="bbox 2170 3145 3799 3228; baseline -0.004 -23"><span class='ocrx_word' id='word_1_468' title='bbox 2170 3145 2269 3228; x_wconf 76' lang='grc' dir='ltr'>ἔφη</span> <span class='ocrx_word' id='word_1_469' title='bbox 2306 3153 2356 3207; x_wconf 81' lang='grc' dir='ltr'>ἐν</span> <span class='ocrx_word' id='word_1_470' title='bbox 2391 3151 2556 3207; x_wconf 84' lang='grc' dir='ltr'>εἰκόνι</span> <span class='ocrx_word' id='word_1_471' title='bbox 2605 3151 2761 3221; x_wconf 85' lang='grc' dir='ltr'>ἰδεῖν,</span> <span class='ocrx_word' id='word_1_472' title='bbox 2791 3149 2916 3206; x_wconf 85' lang='grc' dir='ltr'>ἀλλ’</span> <span class='ocrx_word' id='word_1_473' title='bbox 2966 3149 3221 3226; x_wconf 78' lang='grc' dir='ltr'>ἄγγελον.</span> <span class='ocrx_word' id='word_1_474' title='bbox 3254 3151 3341 3204; x_wconf 88' lang='grc' dir='ltr'>Ἐν</span> <span class='ocrx_word' id='word_1_475' title='bbox 3390 3150 3498 3225; x_wconf 82' lang='grc' dir='ltr'>γὰρ</span> <span class='ocrx_word' id='word_1_476' title='bbox 3526 3154 3596 3223; x_wconf 83' lang='grc' dir='ltr'>τῇ</span> <span class='ocrx_word' id='word_1_477' title='bbox 3646 3145 3799 3202; x_wconf 75' lang='grc' dir='ltr'>εἷ’κόνι</span> 
     </span>
    </p>
   </div>
   <div class='ocr_carea' id='block_1_66' title="bbox 420 3217 2054 3322">
    <p class='ocr_par' dir='ltr' id='par_1_66' title="bbox 420 3242 2053 3316">
     <span class='ocr_line' id='line_1_66' title="bbox 420 3242 2053 3316; baseline 0 -18"><span class='ocrx_word' id='word_1_478' title='bbox 420 3257 560 3298; x_wconf 89' lang='lat' dir='ltr'>crux</span> <span class='ocrx_word' id='word_1_479' title='bbox 587 3242 715 3314; x_wconf 88' lang='lat' dir='ltr'>ipsa</span> <span class='ocrx_word' id='word_1_480' title='bbox 744 3244 1005 3300; x_wconf 82' lang='lat' dir='ltr'>vivifica:</span> <span class='ocrx_word' id='word_1_481' title='bbox 1039 3249 1329 3316; x_wconf 89' lang='lat' dir='ltr'>quatenus</span> <span class='ocrx_word' id='word_1_482' title='bbox 1361 3245 1752 3316; x_wconf 88' lang='lat' dir='ltr'>inseparabile</span> <span class='ocrx_word' id='word_1_483' title='bbox 1782 3249 1838 3300; x_wconf 88' lang='lat' dir='ltr'>et</span> <span class='ocrx_word' id='word_1_484' title='bbox 1869 3260 2053 3300; x_wconf 90' lang='lat' dir='ltr'>unum</span> 
     </span>
    </p>
   </div>
   <div class='ocr_carea' id='block_1_67' title="bbox 2167 3217 3800 3322">
    <p class='ocr_par' dir='ltr' id='par_1_67' title="bbox 2167 3238 3800 3322">
     <span class='ocr_line' id='line_1_67' title="bbox 2167 3238 3800 3322; baseline -0.004 -27"><span class='ocrx_word' id='word_1_485' title='bbox 2167 3241 2227 3296; x_wconf 82' lang='grc' dir='ltr'>τὸ</span> <span class='ocrx_word' id='word_1_486' title='bbox 2272 3241 2576 3317; x_wconf 88' lang='grc' dir='ltr'>ἀρχέτυπον</span> <span class='ocrx_word' id='word_1_487' title='bbox 2624 3242 2924 3322; x_wconf 70' lang='grc' dir='ltr'>ἐκφαίνεται</span> <span class='ocrx_word' id='word_1_488' title='bbox 2956 3259 2970 3274; x_wconf 87' lang='grc'><strong>·</strong></span> <span class='ocrx_word' id='word_1_489' title='bbox 3023 3241 3095 3302; x_wconf 87' lang='grc' dir='ltr'>ὡς</span> <span class='ocrx_word' id='word_1_490' title='bbox 3145 3240 3234 3294; x_wconf 82' lang='grc' dir='ltr'>καὶ</span> <span class='ocrx_word' id='word_1_491' title='bbox 3283 3238 3335 3293; x_wconf 84' lang='grc' dir='ltr'>ἐν</span> <span class='ocrx_word' id='word_1_492' title='bbox 3385 3243 3465 3311; x_wconf 79' lang='grc' dir='ltr'>τῷ</span> <span class='ocrx_word' id='word_1_493' title='bbox 3513 3239 3667 3310; x_wconf 78' lang='grc' dir='ltr'>τύπῳ</span> <span class='ocrx_word' id='word_1_494' title='bbox 3712 3239 3800 3291; x_wconf 83' lang='grc' dir='ltr'>τοῦ</span> 
     </span>
    </p>
   </div>
   <div class='ocr_carea' id='block_1_68' title="bbox 416 3332 2057 3406">
    <p class='ocr_par' dir='ltr' id='par_1_68' title="bbox 416 3332 2057 3406">
     <span class='ocr_line' id='line_1_68' title="bbox 416 3332 2057 3406; baseline 0.001 -20"><span class='ocrx_word' id='word_1_495' title='bbox 416 3332 488 3386; x_wconf 89' lang='lat' dir='ltr'>ab</span> <span class='ocrx_word' id='word_1_496' title='bbox 547 3332 724 3388; x_wconf 86' lang='lat' dir='ltr'>altero</span> <span class='ocrx_word' id='word_1_497' title='bbox 771 3333 831 3388; x_wconf 90' lang='lat' dir='ltr'>in</span> <span class='ocrx_word' id='word_1_498' title='bbox 889 3335 1244 3390; x_wconf 90' lang='lat' dir='ltr'>adoratione.</span> <span class='ocrx_word' id='word_1_499' title='bbox 1305 3339 1618 3405; x_wconf 85' lang='lat' dir='ltr'>Propterea</span> <span class='ocrx_word' id='word_1_500' title='bbox 1667 3337 1723 3390; x_wconf 88' lang='lat' dir='ltr'>et</span> <span class='ocrx_word' id='word_1_501' title='bbox 1764 3334 2057 3406; x_wconf 81' lang='lat' dir='ltr'>archetypi</span> 
     </span>
    </p>
   </div>
   <div class='ocr_carea' id='block_1_69' title="bbox 419 3421 2058 3495">
    <p class='ocr_par' dir='ltr' id='par_1_69' title="bbox 419 3421 2058 3495">
     <span class='ocr_line' id='line_1_69' title="bbox 419 3421 2058 3495; baseline 0.002 -20"><span class='ocrx_word' id='word_1_502' title='bbox 419 3437 634 3476; x_wconf 89' lang='lat' dir='ltr'>nomen</span> <span class='ocrx_word' id='word_1_503' title='bbox 691 3421 909 3478; x_wconf 88' lang='lat' dir='ltr'>obtinet</span> <span class='ocrx_word' id='word_1_504' title='bbox 958 3423 1174 3495; x_wconf 87' lang='lat' dir='ltr'>imago.</span> <span class='ocrx_word' id='word_1_505' title='bbox 1223 3428 1377 3482; x_wconf 84' lang='lat' dir='ltr'>Crux</span> <span class='ocrx_word' id='word_1_506' title='bbox 1426 3425 1581 3479; x_wconf 90' lang='lat' dir='ltr'>enim</span> <span class='ocrx_word' id='word_1_507' title='bbox 1635 3425 1826 3480; x_wconf 90' lang='lat' dir='ltr'>crucis</span> <span class='ocrx_word' id='word_1_508' title='bbox 1882 3429 2058 3494; x_wconf 82' lang='lat' dir='ltr'>typus</span> 
     </span>
    </p>
   </div>
   <div class='ocr_carea' id='block_1_70' title="bbox 415 3509 2058 3584">
    <p class='ocr_par' dir='ltr' id='par_1_70' title="bbox 415 3509 2058 3584">
     <span class='ocr_line' id='line_1_70' title="bbox 415 3509 2058 3584; baseline 0.002 -20"><span class='ocrx_word' id='word_1_509' title='bbox 415 3509 751 3580; x_wconf 86' lang='lat' dir='ltr'>appellatur.</span> <span class='ocrx_word' id='word_1_510' title='bbox 793 3511 884 3566; x_wconf 86' lang='lat' dir='ltr'>Sic</span> <span class='ocrx_word' id='word_1_511' title='bbox 928 3512 998 3567; x_wconf 91' lang='lat' dir='ltr'>de</span> <span class='ocrx_word' id='word_1_512' title='bbox 1055 3529 1208 3584; x_wconf 90' lang='lat' dir='ltr'>rege,</span> <span class='ocrx_word' id='word_1_513' title='bbox 1259 3513 1535 3584; x_wconf 88' lang='lat' dir='ltr'>omnique</span> <span class='ocrx_word' id='word_1_514' title='bbox 1582 3513 1838 3583; x_wconf 84' lang='lat' dir='ltr'>homine,</span> <span class='ocrx_word' id='word_1_515' title='bbox 1886 3520 1940 3568; x_wconf 90' lang='lat' dir='ltr'>et</span> <span class='ocrx_word' id='word_1_516' title='bbox 1987 3513 2058 3568; x_wconf 93' lang='lat' dir='ltr'>de</span> 
     </span>
    </p>
   </div>
   <div class='ocr_carea' id='block_1_71' title="bbox 410 3599 2053 3675">
    <p class='ocr_par' dir='ltr' id='par_1_71' title="bbox 410 3599 2053 3675">
     <span class='ocr_line' id='line_1_71' title="bbox 410 3599 2053 3675; baseline 0.001 -21"><span class='ocrx_word' id='word_1_517' title='bbox 410 3600 568 3654; x_wconf 90' lang='lat' dir='ltr'>omni</span> <span class='ocrx_word' id='word_1_518' title='bbox 600 3599 714 3655; x_wconf 90' lang='lat' dir='ltr'>alia</span> <span class='ocrx_word' id='word_1_519' title='bbox 761 3617 844 3672; x_wconf 83' lang='lat' dir='ltr'>re,</span> <span class='ocrx_word' id='word_1_520' title='bbox 871 3618 1002 3657; x_wconf 90' lang='lat' dir='ltr'>vere</span> <span class='ocrx_word' id='word_1_521' title='bbox 1048 3603 1214 3658; x_wconf 86' lang='lat' dir='ltr'>nobis</span> <span class='ocrx_word' id='word_1_522' title='bbox 1245 3604 1437 3658; x_wconf 89' lang='lat' dir='ltr'>dicere</span> <span class='ocrx_word' id='word_1_523' title='bbox 1490 3602 1679 3670; x_wconf 89' lang='lat' dir='ltr'>liceat,</span> <span class='ocrx_word' id='word_1_524' title='bbox 1713 3619 1906 3675; x_wconf 88' lang='lat' dir='ltr'>regem</span> <span class='ocrx_word' id='word_1_525' title='bbox 1938 3601 2053 3657; x_wconf 90' lang='lat' dir='ltr'>dici</span> 
     </span>
    </p>
   </div>
   <div class='ocr_carea' id='block_1_72' title="bbox 414 3689 2053 3762">
    <p class='ocr_par' dir='ltr' id='par_1_72' title="bbox 414 3689 2053 3762">
     <span class='ocr_line' id='line_1_72' title="bbox 414 3689 2053 3762; baseline 0.003 -19"><span class='ocrx_word' id='word_1_526' title='bbox 414 3689 587 3744; x_wconf 88' lang='lat' dir='ltr'>etiam</span> <span class='ocrx_word' id='word_1_527' title='bbox 619 3691 770 3761; x_wconf 88' lang='lat' dir='ltr'>regis</span> <span class='ocrx_word' id='word_1_528' title='bbox 801 3689 1116 3762; x_wconf 89' lang='lat' dir='ltr'>imaginem</span> <span class='ocrx_word' id='word_1_529' title='bbox 1150 3692 1230 3748; x_wconf 88' lang='lat' dir='ltr'>ait</span> <span class='ocrx_word' id='word_1_530' title='bbox 1260 3693 1492 3748; x_wconf 89' lang='lat' dir='ltr'>divinus</span> <span class='ocrx_word' id='word_1_531' title='bbox 1537 3691 1809 3760; x_wconf 87' lang='lat' dir='ltr'>Basilius,</span> <span class='ocrx_word' id='word_1_532' title='bbox 1843 3699 1896 3746; x_wconf 89' lang='lat' dir='ltr'>et</span> <span class='ocrx_word' id='word_1_533' title='bbox 1947 3692 2053 3748; x_wconf 90' lang='lat' dir='ltr'>Pe-</span> 
     </span>
    </p>
   </div>
   <div class='ocr_carea' id='block_1_73' title="bbox 409 3778 2051 3852">
    <p class='ocr_par' dir='ltr' id='par_1_73' title="bbox 409 3778 2051 3852">
     <span class='ocr_line' id='line_1_73' title="bbox 409 3778 2051 3852; baseline 0.001 -19"><span class='ocrx_word' id='word_1_534' title='bbox 409 3781 592 3848; x_wconf 88' lang='lat' dir='ltr'>trum,</span> <span class='ocrx_word' id='word_1_535' title='bbox 625 3778 777 3835; x_wconf 90' lang='lat' dir='ltr'>Petri</span> <span class='ocrx_word' id='word_1_536' title='bbox 807 3780 1165 3852; x_wconf 85' lang='lat' dir='ltr'>imaginem;</span> <span class='ocrx_word' id='word_1_537' title='bbox 1215 3785 1272 3837; x_wconf 89' lang='lat' dir='ltr'>et</span> <span class='ocrx_word' id='word_1_538' title='bbox 1319 3781 1590 3842; x_wconf 84' lang='lat' dir='ltr'>Paulum,</span> <span class='ocrx_word' id='word_1_539' title='bbox 1625 3781 1785 3836; x_wconf 91' lang='lat' dir='ltr'>Pauli</span> <span class='ocrx_word' id='word_1_540' title='bbox 1837 3781 2051 3852; x_wconf 90' lang='lat' dir='ltr'>imagi-</span> 
     </span>
    </p>
   </div>
   <div class='ocr_carea' id='block_1_74' title="bbox 410 3869 2052 3941">
    <p class='ocr_par' dir='ltr' id='par_1_74' title="bbox 410 3869 2052 3941">
     <span class='ocr_line' id='line_1_74' title="bbox 410 3869 2052 3941; baseline 0.002 -19"><span class='ocrx_word' id='word_1_541' title='bbox 410 3883 566 3923; x_wconf 89' lang='lat' dir='ltr'>nem.</span> <span class='ocrx_word' id='word_1_542' title='bbox 599 3869 796 3924; x_wconf 90' lang='lat' dir='ltr'>Dicam</span> <span class='ocrx_word' id='word_1_543' title='bbox 841 3869 1062 3941; x_wconf 89' lang='lat' dir='ltr'>aliquid</span> <span class='ocrx_word' id='word_1_544' title='bbox 1113 3869 1448 3939; x_wconf 87' lang='lat' dir='ltr'>sublimius,</span> <span class='ocrx_word' id='word_1_545' title='bbox 1480 3875 1537 3927; x_wconf 93' lang='lat' dir='ltr'>et</span> <span class='ocrx_word' id='word_1_546' title='bbox 1585 3870 1768 3926; x_wconf 89' lang='lat' dir='ltr'>Deum</span> <span class='ocrx_word' id='word_1_547' title='bbox 1818 3886 2052 3941; x_wconf 89' lang='lat' dir='ltr'>quoque</span> 
     </span>
    </p>
   </div>
   <div class='ocr_carea' id='block_1_75' title="bbox 409 3956 2052 4033">
    <p class='ocr_par' dir='ltr' id='par_1_75' title="bbox 409 3956 2052 4033">
     <span class='ocr_line' id='line_1_75' title="bbox 409 3956 2052 4033; baseline 0.002 -21"><span class='ocrx_word' id='word_1_548' title='bbox 409 3956 709 4015; x_wconf 89' lang='lat' dir='ltr'>hominem</span> <span class='ocrx_word' id='word_1_549' title='bbox 737 3960 869 4028; x_wconf 88' lang='lat' dir='ltr'>dici,</span> <span class='ocrx_word' id='word_1_550' title='bbox 901 3966 1179 4031; x_wconf 88' lang='lat' dir='ltr'>tanquam</span> <span class='ocrx_word' id='word_1_551' title='bbox 1216 3961 1311 4018; x_wconf 92' lang='lat' dir='ltr'>Dei</span> <span class='ocrx_word' id='word_1_552' title='bbox 1337 3962 1674 4033; x_wconf 87' lang='lat' dir='ltr'>imaginem.</span> <span class='ocrx_word' id='word_1_553' title='bbox 1722 3961 1863 4032; x_wconf 88' lang='lat' dir='ltr'>Ergo</span> <span class='ocrx_word' id='word_1_554' title='bbox 1890 3962 2052 4030; x_wconf 82' lang='lat' dir='ltr'>juxta</span> 
     </span>
    </p>
   </div>
   <div class='ocr_carea' id='block_1_76' title="bbox 408 4048 2048 4121">
    <p class='ocr_par' dir='ltr' id='par_1_76' title="bbox 408 4048 2048 4121">
     <span class='ocr_line' id='line_1_76' title="bbox 408 4048 2048 4121; baseline 0.002 -18"><span class='ocrx_word' id='word_1_555' title='bbox 408 4063 474 4103; x_wconf 89' lang='lat' dir='ltr'>ea</span> <span class='ocrx_word' id='word_1_556' title='bbox 522 4064 650 4118; x_wconf 76' lang='lat' dir='ltr'>quae</span> <span class='ocrx_word' id='word_1_557' title='bbox 703 4048 956 4105; x_wconf 87' lang='lat' dir='ltr'>Basilius</span> <span class='ocrx_word' id='word_1_558' title='bbox 1006 4050 1222 4118; x_wconf 91' lang='lat' dir='ltr'>docuit,</span> <span class='ocrx_word' id='word_1_559' title='bbox 1284 4051 1459 4107; x_wconf 88' lang='lat' dir='ltr'>etiam</span> <span class='ocrx_word' id='word_1_560' title='bbox 1527 4050 1798 4106; x_wconf 88' lang='lat' dir='ltr'>Christus</span> <span class='ocrx_word' id='word_1_561' title='bbox 1854 4049 2048 4121; x_wconf 90' lang='lat' dir='ltr'>imago</span> 
     </span>
    </p>
   </div>
   <div class='ocr_carea' id='block_1_77' title="bbox 405 4137 2047 4210">
    <p class='ocr_par' dir='ltr' id='par_1_77' title="bbox 405 4137 2047 4210">
     <span class='ocr_line' id='line_1_77' title="bbox 405 4137 2047 4210; baseline 0.002 -18"><span class='ocrx_word' id='word_1_562' title='bbox 405 4137 636 4193; x_wconf 88' lang='lat' dir='ltr'>Christi.</span> <span class='ocrx_word' id='word_1_563' title='bbox 683 4139 836 4194; x_wconf 82' lang='lat' dir='ltr'>Dixit</span> <span class='ocrx_word' id='word_1_564' title='bbox 863 4140 1041 4208; x_wconf 91' lang='lat' dir='ltr'>enim,</span> <span class='ocrx_word' id='word_1_565' title='bbox 1073 4145 1131 4195; x_wconf 90' lang='lat' dir='ltr'>et</span> <span class='ocrx_word' id='word_1_566' title='bbox 1187 4140 1400 4196; x_wconf 90' lang='lat' dir='ltr'>iterum</span> <span class='ocrx_word' id='word_1_567' title='bbox 1458 4140 1621 4196; x_wconf 92' lang='lat' dir='ltr'>dico:</span> <span class='ocrx_word' id='word_1_568' title='bbox 1685 4139 2047 4210; x_wconf 86' lang='lat' dir='ltr'>Exprimatur</span> 
     </span>
    </p>
   </div>
   <div class='ocr_carea' id='block_1_78' title="bbox 403 4225 2044 4300">
    <p class='ocr_par' dir='ltr' id='par_1_78' title="bbox 403 4225 2044 4300">
     <span class='ocr_line' id='line_1_78' title="bbox 403 4225 2044 4300; baseline 0.002 -21"><span class='ocrx_word' id='word_1_569' title='bbox 403 4225 463 4280; x_wconf 91' lang='lat' dir='ltr'>in</span> <span class='ocrx_word' id='word_1_570' title='bbox 497 4225 714 4294; x_wconf 90' lang='lat' dir='ltr'>tabula,</span> <span class='ocrx_word' id='word_1_571' title='bbox 749 4243 866 4283; x_wconf 90' lang='lat' dir='ltr'>non</span> <span class='ocrx_word' id='word_1_572' title='bbox 913 4227 1107 4300; x_wconf 90' lang='lat' dir='ltr'>imago</span> <span class='ocrx_word' id='word_1_573' title='bbox 1145 4229 1382 4296; x_wconf 89' lang='lat' dir='ltr'>Christi,</span> <span class='ocrx_word' id='word_1_574' title='bbox 1417 4229 1517 4284; x_wconf 91' lang='lat' dir='ltr'>sed</span> <span class='ocrx_word' id='word_1_575' title='bbox 1549 4227 1833 4284; x_wconf 68' lang='lat' dir='ltr'>Christus:</span> <span class='ocrx_word' id='word_1_576' title='bbox 1881 4228 2044 4292; x_wconf 91' lang='lat' dir='ltr'>Quod</span> 
     </span>
    </p>
   </div>
   <div class='ocr_carea' id='block_1_79' title="bbox 403 4315 2045 4390">
    <p class='ocr_par' dir='ltr' id='par_1_79' title="bbox 403 4315 2045 4390">
     <span class='ocr_line' id='line_1_79' title="bbox 403 4315 2045 4390; baseline 0.001 -18"><span class='ocrx_word' id='word_1_577' title='bbox 403 4315 452 4372; x_wconf 87' lang='lat' dir='ltr'>si</span> <span class='ocrx_word' id='word_1_578' title='bbox 501 4315 622 4370; x_wconf 84' lang='lat' dir='ltr'>haec</span> <span class='ocrx_word' id='word_1_579' title='bbox 668 4333 781 4373; x_wconf 90' lang='lat' dir='ltr'>non</span> <span class='ocrx_word' id='word_1_580' title='bbox 834 4317 1017 4374; x_wconf 83' lang='lat' dir='ltr'>ferunt</span> <span class='ocrx_word' id='word_1_581' title='bbox 1069 4319 1453 4386; x_wconf 86' lang='lat' dir='ltr'>contentiosi;</span> <span class='ocrx_word' id='word_1_582' title='bbox 1503 4319 1757 4390; x_wconf 88' lang='lat' dir='ltr'>primum</span> <span class='ocrx_word' id='word_1_583' title='bbox 1815 4317 2045 4374; x_wconf 88' lang='lat' dir='ltr'>divinas</span> 
     </span>
    </p>
   </div>
   <div class='ocr_carea' id='block_1_80' title="bbox 398 4405 2044 4476">
    <p class='ocr_par' dir='ltr' id='par_1_80' title="bbox 398 4405 2044 4476">
     <span class='ocr_line' id='line_1_80' title="bbox 398 4405 2044 4476; baseline 0.002 -17"><span class='ocrx_word' id='word_1_584' title='bbox 398 4420 568 4461; x_wconf 89' lang='lat' dir='ltr'>voces</span> <span class='ocrx_word' id='word_1_585' title='bbox 611 4405 984 4476; x_wconf 87' lang='lat' dir='ltr'>improbant;</span> <span class='ocrx_word' id='word_1_586' title='bbox 1016 4408 1224 4464; x_wconf 90' lang='lat' dir='ltr'>deinde</span> <span class='ocrx_word' id='word_1_587' title='bbox 1259 4407 1555 4464; x_wconf 89' lang='lat' dir='ltr'>Christum</span> <span class='ocrx_word' id='word_1_588' title='bbox 1587 4407 1884 4464; x_wconf 89' lang='lat' dir='ltr'>hominem</span> <span class='ocrx_word' id='word_1_589' title='bbox 1928 4424 2044 4463; x_wconf 90' lang='lat' dir='ltr'>non</span> 
     </span>
    </p>
   </div>
   <div class='ocr_carea' id='block_1_81' title="bbox 400 4494 2045 4565">
    <p class='ocr_par' dir='ltr' id='par_1_81' title="bbox 400 4494 2045 4565">
     <span class='ocr_line' id='line_1_81' title="bbox 400 4494 2045 4565; baseline 0 -15"><span class='ocrx_word' id='word_1_590' title='bbox 400 4510 550 4564; x_wconf 87' lang='lat' dir='ltr'>esse,</span> <span class='ocrx_word' id='word_1_591' title='bbox 583 4494 633 4550; x_wconf 87' lang='lat' dir='ltr'>si</span> <span class='ocrx_word' id='word_1_592' title='bbox 679 4512 792 4550; x_wconf 91' lang='lat' dir='ltr'>non</span> <span class='ocrx_word' id='word_1_593' title='bbox 851 4497 1044 4564; x_wconf 87' lang='lat' dir='ltr'>verbo,</span> <span class='ocrx_word' id='word_1_594' title='bbox 1104 4495 1291 4565; x_wconf 88' lang='lat' dir='ltr'>reipsa</span> <span class='ocrx_word' id='word_1_595' title='bbox 1348 4498 1574 4552; x_wconf 92' lang='lat' dir='ltr'>docent.</span> <span class='ocrx_word' id='word_1_596' title='bbox 1623 4498 1682 4552; x_wconf 89' lang='lat' dir='ltr'>Si</span> <span class='ocrx_word' id='word_1_597' title='bbox 1739 4497 1895 4552; x_wconf 91' lang='lat' dir='ltr'>enim</span> <span class='ocrx_word' id='word_1_598' title='bbox 1954 4499 2045 4552; x_wconf 91' lang='lat' dir='ltr'>est</span> 
     </span>
    </p>
   </div>
   <div class='ocr_carea' id='block_1_82' title="bbox 2171 3328 3798 3407">
    <p class='ocr_par' dir='ltr' id='par_1_82' title="bbox 2171 3328 3798 3407">
     <span class='ocr_line' id='line_1_82' title="bbox 2171 3328 3798 3407; baseline -0.003 -21"><span class='ocrx_word' id='word_1_599' title='bbox 2171 3333 2400 3406; x_wconf 77' lang='grc' dir='ltr'>σταυροῦ</span> <span class='ocrx_word' id='word_1_600' title='bbox 2433 3334 2460 3388; x_wconf 91' lang='lat'>6</span> <span class='ocrx_word' id='word_1_601' title='bbox 2507 3334 2778 3402; x_wconf 88' lang='grc' dir='ltr'>ζωοποιὸς</span> <span class='ocrx_word' id='word_1_602' title='bbox 2827 3331 3055 3407; x_wconf 76' lang='grc' dir='ltr'>παυρός</span> <span class='ocrx_word' id='word_1_603' title='bbox 3091 3347 3104 3361; x_wconf 82' lang='grc'><strong><em>⁸</em></strong></span> <span class='ocrx_word' id='word_1_604' title='bbox 3154 3330 3290 3385; x_wconf 83' lang='grc' dir='ltr'>καθά</span> <span class='ocrx_word' id='word_1_605' title='bbox 3346 3330 3436 3385; x_wconf 78' lang='grc' dir='ltr'>καὶ</span> <span class='ocrx_word' id='word_1_606' title='bbox 3499 3328 3798 3405; x_wconf 84' lang='grc' dir='ltr'>ἀχώριστόν</span> 
     </span>
    </p>
   </div>
   <div class='ocr_carea' id='block_1_83' title="bbox 2168 3416 3796 3496">
    <p class='ocr_par' dir='ltr' id='par_1_83' title="bbox 2168 3416 3796 3496">
     <span class='ocr_line' id='line_1_83' title="bbox 2168 3416 3796 3496; baseline -0.003 -21"><span class='ocrx_word' id='word_1_607' title='bbox 2168 3421 2278 3476; x_wconf 84' lang='grc' dir='ltr'>ἐστι</span> <span class='ocrx_word' id='word_1_608' title='bbox 2337 3423 2563 3494; x_wconf 75' lang='grc' dir='ltr'>θάτερον</span> <span class='ocrx_word' id='word_1_609' title='bbox 2617 3421 2841 3496; x_wconf 87' lang='grc' dir='ltr'>θατέρου</span> <span class='ocrx_word' id='word_1_610' title='bbox 2897 3424 2967 3494; x_wconf 78' lang='grc' dir='ltr'>τῇ</span> <span class='ocrx_word' id='word_1_611' title='bbox 3022 3421 3434 3495; x_wconf 82' lang='grc' dir='ltr'>προσκυνήσει·</span> <span class='ocrx_word' id='word_1_612' title='bbox 3506 3416 3595 3474; x_wconf 84' lang='grc' dir='ltr'>διὰ</span> <span class='ocrx_word' id='word_1_613' title='bbox 3649 3421 3796 3473; x_wconf 87' lang='grc' dir='ltr'>τοῦτο</span> 
     </span>
    </p>
   </div>
   <div class='ocr_carea' id='block_1_84' title="bbox 2165 3505 3795 3586">
    <p class='ocr_par' dir='ltr' id='par_1_84' title="bbox 2165 3505 3795 3586">
     <span class='ocr_line' id='line_1_84' title="bbox 2165 3505 3795 3586; baseline -0.002 -22"><span class='ocrx_word' id='word_1_614' title='bbox 2165 3511 2255 3564; x_wconf 84' lang='grc' dir='ltr'>καὶ</span> <span class='ocrx_word' id='word_1_615' title='bbox 2285 3512 2384 3580; x_wconf 72' lang='grc' dir='ltr'>τὴν</span> <span class='ocrx_word' id='word_1_616' title='bbox 2435 3510 2632 3580; x_wconf 82' lang='grc' dir='ltr'>κλῆσιν</span> <span class='ocrx_word' id='word_1_617' title='bbox 2678 3515 2773 3565; x_wconf 89' lang='grc' dir='ltr'>τοῦ</span> <span class='ocrx_word' id='word_1_618' title='bbox 2820 3508 3180 3586; x_wconf 76' lang='grc' dir='ltr'>πρωτοτύπου</span> <span class='ocrx_word' id='word_1_619' title='bbox 3230 3505 3346 3583; x_wconf 78' lang='grc' dir='ltr'>ἔχει</span> <span class='ocrx_word' id='word_1_620' title='bbox 3388 3509 3453 3562; x_wconf 81' lang='grc' dir='ltr'>τὸ</span> <span class='ocrx_word' id='word_1_621' title='bbox 3505 3506 3795 3578; x_wconf 78' lang='grc' dir='ltr'>εἶ’κὸνισμα.</span> 
     </span>
    </p>
   </div>
   <div class='ocr_carea' id='block_1_85' title="bbox 2167 3593 3798 3675">
    <p class='ocr_par' dir='ltr' id='par_1_85' title="bbox 2167 3593 3798 3675">
     <span class='ocr_line' id='line_1_85' title="bbox 2167 3593 3798 3675; baseline -0.004 -21"><span class='ocrx_word' id='word_1_622' title='bbox 2167 3602 2406 3674; x_wconf 83' lang='grc' dir='ltr'>Σταυρὸς</span> <span class='ocrx_word' id='word_1_623' title='bbox 2453 3601 2553 3675; x_wconf 83' lang='grc' dir='ltr'>γάρ</span> <span class='ocrx_word' id='word_1_624' title='bbox 2604 3602 2630 3654; x_wconf 89' lang='lat'>6</span> <span class='ocrx_word' id='word_1_625' title='bbox 2679 3601 2852 3662; x_wconf 72' lang='grc' dir='ltr'>τύπος</span> <span class='ocrx_word' id='word_1_626' title='bbox 2899 3598 2996 3655; x_wconf 76' lang='grc' dir='ltr'>τυῦ</span> <span class='ocrx_word' id='word_1_627' title='bbox 3045 3602 3274 3673; x_wconf 87' lang='grc' dir='ltr'>σταυροῦ</span> <span class='ocrx_word' id='word_1_628' title='bbox 3318 3593 3608 3667; x_wconf 84' lang='grc' dir='ltr'>κέκληται.</span> <span class='ocrx_word' id='word_1_629' title='bbox 3657 3595 3798 3650; x_wconf 82' lang='grc' dir='ltr'>Οὕτω</span> 
     </span>
    </p>
   </div>
   <div class='ocr_carea' id='block_1_86' title="bbox 2162 3684 3797 3765">
    <p class='ocr_par' dir='ltr' id='par_1_86' title="bbox 2162 3684 3797 3765">
     <span class='ocr_line' id='line_1_86' title="bbox 2162 3684 3797 3765; baseline -0.004 -20"><span class='ocrx_word' id='word_1_630' title='bbox 2162 3689 2252 3746; x_wconf 81' lang='grc' dir='ltr'>καὶ</span> <span class='ocrx_word' id='word_1_631' title='bbox 2301 3690 2389 3744; x_wconf 79' lang='grc' dir='ltr'>ἐπὶ</span> <span class='ocrx_word' id='word_1_632' title='bbox 2436 3687 2726 3765; x_wconf 83' lang='grc' dir='ltr'>βασιλέως,</span> <span class='ocrx_word' id='word_1_633' title='bbox 2779 3689 2868 3743; x_wconf 80' lang='grc' dir='ltr'>καὶ</span> <span class='ocrx_word' id='word_1_634' title='bbox 2913 3687 3115 3749; x_wconf 88' lang='grc' dir='ltr'>παντὸς</span> <span class='ocrx_word' id='word_1_635' title='bbox 3167 3684 3485 3760; x_wconf 78' lang='grc' dir='ltr'>ἀνθρώπου,</span> <span class='ocrx_word' id='word_1_636' title='bbox 3535 3686 3624 3740; x_wconf 82' lang='grc' dir='ltr'>καὶ</span> <span class='ocrx_word' id='word_1_637' title='bbox 3671 3704 3797 3738; x_wconf 85' lang='grc' dir='ltr'>παν-</span> 
     </span>
    </p>
   </div>
   <div class='ocr_carea' id='block_1_87' title="bbox 2160 3773 3793 3851">
    <p class='ocr_par' dir='ltr' id='par_1_87' title="bbox 2160 3773 3793 3851">
     <span class='ocr_line' id='line_1_87' title="bbox 2160 3773 3793 3851; baseline -0.006 -17"><span class='ocrx_word' id='word_1_638' title='bbox 2160 3780 2252 3842; x_wconf 87' lang='grc' dir='ltr'>τὸς</span> <span class='ocrx_word' id='word_1_639' title='bbox 2281 3776 2481 3845; x_wconf 80' lang='grc' dir='ltr'>εἷ’δους,</span> <span class='ocrx_word' id='word_1_640' title='bbox 2511 3777 2715 3846; x_wconf 74' lang='grc' dir='ltr'>ἀληθὲς</span> <span class='ocrx_word' id='word_1_641' title='bbox 2744 3779 2881 3849; x_wconf 81' lang='grc' dir='ltr'>ἡμῖν</span> <span class='ocrx_word' id='word_1_642' title='bbox 2933 3776 3134 3851; x_wconf 84' lang='grc' dir='ltr'>λέγειν,</span> <span class='ocrx_word' id='word_1_643' title='bbox 3167 3773 3250 3830; x_wconf 80' lang='grc' dir='ltr'>ὅτι</span> <span class='ocrx_word' id='word_1_644' title='bbox 3287 3773 3550 3848; x_wconf 78' lang='grc' dir='ltr'>βασιλεὺς</span> <span class='ocrx_word' id='word_1_645' title='bbox 3595 3773 3793 3848; x_wconf 88' lang='grc' dir='ltr'>λέγεται</span> 
     </span>
    </p>
   </div>
   <div class='ocr_carea' id='block_1_88' title="bbox 2159 3861 3791 3942">
    <p class='ocr_par' dir='ltr' id='par_1_88' title="bbox 2159 3861 3791 3942">
     <span class='ocr_line' id='line_1_88' title="bbox 2159 3861 3791 3942; baseline -0.005 -18"><span class='ocrx_word' id='word_1_646' title='bbox 2159 3868 2249 3924; x_wconf 80' lang='grc' dir='ltr'>καὶ</span> <span class='ocrx_word' id='word_1_647' title='bbox 2281 3870 2314 3938; x_wconf 83' lang='grc' dir='ltr'><strong>ἡ</strong></span> <span class='ocrx_word' id='word_1_648' title='bbox 2350 3871 2445 3922; x_wconf 87' lang='grc' dir='ltr'>τοῦ</span> <span class='ocrx_word' id='word_1_649' title='bbox 2497 3865 2766 3940; x_wconf 84' lang='grc' dir='ltr'>βασιλέως</span> <span class='ocrx_word' id='word_1_650' title='bbox 2799 3866 2981 3935; x_wconf 85' lang='grc' dir='ltr'>εἰκὼν,</span> <span class='ocrx_word' id='word_1_651' title='bbox 3015 3865 3175 3942; x_wconf 76' lang='grc' dir='ltr'>φησὶν</span> <span class='ocrx_word' id='word_1_652' title='bbox 3210 3865 3236 3918; x_wconf 88' lang='lat'>6</span> <span class='ocrx_word' id='word_1_653' title='bbox 3284 3867 3429 3926; x_wconf 87' lang='grc' dir='ltr'>θεῖος</span> <span class='ocrx_word' id='word_1_654' title='bbox 3474 3861 3750 3922; x_wconf 82' lang='grc' dir='ltr'>Βασίλειος</span> <span class='ocrx_word' id='word_1_655' title='bbox 3779 3879 3791 3892; x_wconf 93' lang='grc'><strong>·</strong></span> 
     </span>
    </p>
   </div>
   <div class='ocr_carea' id='block_1_89' title="bbox 2157 3953 3792 4032">
    <p class='ocr_par' dir='ltr' id='par_1_89' title="bbox 2157 3953 3792 4032">
     <span class='ocr_line' id='line_1_89' title="bbox 2157 3953 3792 4032; baseline -0.006 -19"><span class='ocrx_word' id='word_1_656' title='bbox 2157 3960 2247 4014; x_wconf 86' lang='grc' dir='ltr'>καὶ</span> <span class='ocrx_word' id='word_1_657' title='bbox 2281 3960 2482 4032; x_wconf 87' lang='grc' dir='ltr'>Πέτρος</span> <span class='ocrx_word' id='word_1_658' title='bbox 2529 3960 2563 4028; x_wconf 76' lang='grc' dir='ltr'><strong>ἡ</strong></span> <span class='ocrx_word' id='word_1_659' title='bbox 2598 3958 2804 4032; x_wconf 81' lang='grc' dir='ltr'>Πέτρου</span> <span class='ocrx_word' id='word_1_660' title='bbox 2854 3956 3011 4010; x_wconf 60' lang='lat' dir='ltr'><strong>sintth</strong></span> <span class='ocrx_word' id='word_1_661' title='bbox 3048 3973 3062 3987; x_wconf 84' lang='grc'>⁶</span> <span class='ocrx_word' id='word_1_662' title='bbox 3107 3955 3196 4009; x_wconf 84' lang='grc' dir='ltr'>καὶ</span> <span class='ocrx_word' id='word_1_663' title='bbox 3246 3953 3464 4016; x_wconf 88' lang='grc' dir='ltr'>Παῦλος</span> <span class='ocrx_word' id='word_1_664' title='bbox 3509 3956 3544 4023; x_wconf 81' lang='grc' dir='ltr'><strong>ἡ</strong></span> <span class='ocrx_word' id='word_1_665' title='bbox 3587 3953 3792 4007; x_wconf 80' lang='grc' dir='ltr'>Παύλου</span> 
     </span>
    </p>
   </div>
   <div class='ocr_carea' id='block_1_90' title="bbox 2159 4043 3790 4120">
    <p class='ocr_par' dir='ltr' id='par_1_90' title="bbox 2159 4043 3790 4120">
     <span class='ocr_line' id='line_1_90' title="bbox 2159 4043 3790 4120; baseline -0.006 -16"><span class='ocrx_word' id='word_1_666' title='bbox 2159 4049 2336 4104; x_wconf 81' lang='grc' dir='ltr'>εἰκών.</span> <span class='ocrx_word' id='word_1_667' title='bbox 2373 4047 2525 4104; x_wconf 69' lang='grc' dir='ltr'>Εἴπω</span> <span class='ocrx_word' id='word_1_668' title='bbox 2564 4069 2616 4102; x_wconf 90' lang='grc' dir='ltr'>τι</span> <span class='ocrx_word' id='word_1_669' title='bbox 2665 4048 2754 4102; x_wconf 85' lang='grc' dir='ltr'>καὶ</span> <span class='ocrx_word' id='word_1_670' title='bbox 2807 4045 3162 4120; x_wconf 81' lang='grc' dir='ltr'>ὑψηλότερον,</span> <span class='ocrx_word' id='word_1_671' title='bbox 3195 4045 3285 4099; x_wconf 85' lang='grc' dir='ltr'>καὶ</span> <span class='ocrx_word' id='word_1_672' title='bbox 3330 4044 3461 4106; x_wconf 88' lang='grc' dir='ltr'>Θεὸς</span> <span class='ocrx_word' id='word_1_673' title='bbox 3514 4044 3542 4097; x_wconf 89' lang='lat'>6</span> <span class='ocrx_word' id='word_1_674' title='bbox 3592 4043 3790 4117; x_wconf 80' lang='grc' dir='ltr'>ἄνθρω·</span> 
     </span>
    </p>
   </div>
   <div class='ocr_carea' id='block_1_91' title="bbox 2158 4130 3791 4210">
    <p class='ocr_par' dir='ltr' id='par_1_91' title="bbox 2158 4130 3791 4210">
     <span class='ocr_line' id='line_1_91' title="bbox 2158 4130 3791 4210; baseline -0.007 -16"><span class='ocrx_word' id='word_1_675' title='bbox 2158 4160 2277 4209; x_wconf 84' lang='grc' dir='ltr'>πος,</span> <span class='ocrx_word' id='word_1_676' title='bbox 2339 4140 2412 4200; x_wconf 86' lang='grc' dir='ltr'>ὡς</span> <span class='ocrx_word' id='word_1_677' title='bbox 2457 4141 2590 4192; x_wconf 80' lang='grc' dir='ltr'>Θεοῦ</span> <span class='ocrx_word' id='word_1_678' title='bbox 2647 4137 2824 4193; x_wconf 85' lang='grc' dir='ltr'>εἰκών.</span> <span class='ocrx_word' id='word_1_679' title='bbox 2874 4138 3166 4210; x_wconf 83' lang='grc' dir='ltr'>Τοιγαροῦν</span> <span class='ocrx_word' id='word_1_680' title='bbox 3219 4135 3458 4208; x_wconf 82' lang='grc' dir='ltr'>καθάπερ</span> <span class='ocrx_word' id='word_1_681' title='bbox 3517 4130 3791 4192; x_wconf 86' lang='grc' dir='ltr'>Βασίλειος</span> 
     </span>
    </p>
   </div>
   <div class='ocr_carea' id='block_1_92' title="bbox 2156 4216 3788 4304">
    <p class='ocr_par' dir='ltr' id='par_1_92' title="bbox 2156 4216 3788 4304">
     <span class='ocr_line' id='line_1_92' title="bbox 2156 4216 3788 4304; baseline -0.007 -22"><span class='ocrx_word' id='word_1_682' title='bbox 2156 4226 2283 4304; x_wconf 78' lang='grc' dir='ltr'>ἔφη,</span> <span class='ocrx_word' id='word_1_683' title='bbox 2322 4228 2413 4283; x_wconf 81' lang='grc' dir='ltr'>καὶ</span> <span class='ocrx_word' id='word_1_684' title='bbox 2463 4227 2696 4302; x_wconf 86' lang='grc' dir='ltr'>Χριστὸς</span> <span class='ocrx_word' id='word_1_685' title='bbox 2744 4228 2779 4294; x_wconf 76' lang='grc' dir='ltr'><strong>ἡ</strong></span> <span class='ocrx_word' id='word_1_686' title='bbox 2828 4226 3063 4297; x_wconf 85' lang='grc' dir='ltr'>Χριστοῦ</span> <span class='ocrx_word' id='word_1_687' title='bbox 3111 4223 3270 4278; x_wconf 80' lang='grc' dir='ltr'>εἰκών</span> <span class='ocrx_word' id='word_1_688' title='bbox 3307 4240 3319 4254; x_wconf 83' lang='grc'>⁶</span> <span class='ocrx_word' id='word_1_689' title='bbox 3372 4223 3490 4277; x_wconf 75' lang='grc' dir='ltr'>εἶπε</span> <span class='ocrx_word' id='word_1_690' title='bbox 3539 4221 3662 4298; x_wconf 73' lang='grc' dir='ltr'>γὰρ,</span> <span class='ocrx_word' id='word_1_691' title='bbox 3709 4216 3788 4272; x_wconf 80' lang='grc' dir='ltr'>καὶ</span> 
     </span>
    </p>
   </div>
   <div class='ocr_carea' id='block_1_93' title="bbox 2156 4306 3786 4390">
    <p class='ocr_par' dir='ltr' id='par_1_93' title="bbox 2156 4306 3786 4390">
     <span class='ocr_line' id='line_1_93' title="bbox 2156 4306 3786 4390; baseline -0.007 -21"><span class='ocrx_word' id='word_1_692' title='bbox 2156 4315 2310 4378; x_wconf 74' lang='grc' dir='ltr'>αὖθις</span> <span class='ocrx_word' id='word_1_693' title='bbox 2359 4311 2502 4389; x_wconf 87' lang='grc' dir='ltr'>λέγω</span> <span class='ocrx_word' id='word_1_694' title='bbox 2537 4333 2550 4346; x_wconf 90' lang='grc'><strong>·</strong></span> <span class='ocrx_word' id='word_1_695' title='bbox 2599 4311 2982 4390; x_wconf 75' lang='grc' dir='ltr'>Ἐγγραφέσθω</span> <span class='ocrx_word' id='word_1_696' title='bbox 3027 4315 3107 4382; x_wconf 78' lang='grc' dir='ltr'>τῷ</span> <span class='ocrx_word' id='word_1_697' title='bbox 3153 4309 3360 4377; x_wconf 84' lang='grc' dir='ltr'>πίνακι,</span> <span class='ocrx_word' id='word_1_698' title='bbox 3393 4309 3506 4383; x_wconf 80' lang='grc' dir='ltr'>οὐχ</span> <span class='ocrx_word' id='word_1_699' title='bbox 3554 4310 3588 4376; x_wconf 83' lang='grc' dir='ltr'>ἡ</span> <span class='ocrx_word' id='word_1_700' title='bbox 3639 4306 3786 4361; x_wconf 82' lang='grc' dir='ltr'>εἰκὼν</span> 
     </span>
    </p>
   </div>
   <div class='ocr_carea' id='block_1_94' title="bbox 2153 4392 3787 4478">
    <p class='ocr_par' dir='ltr' id='par_1_94' title="bbox 2153 4392 3787 4478">
     <span class='ocr_line' id='line_1_94' title="bbox 2153 4392 3787 4478; baseline -0.007 -19"><span class='ocrx_word' id='word_1_701' title='bbox 2153 4405 2396 4478; x_wconf 75' lang='grc' dir='ltr'>Χριστοῦ</span> <span class='ocrx_word' id='word_1_702' title='bbox 2429 4420 2443 4434; x_wconf 84' lang='grc'><strong><em>⁸</em></strong></span> <span class='ocrx_word' id='word_1_703' title='bbox 2475 4401 2644 4471; x_wconf 72' lang='grc' dir='ltr'>ἀλλὰ,</span> <span class='ocrx_word' id='word_1_704' title='bbox 2677 4402 2928 4475; x_wconf 89' lang='grc' dir='ltr'>Χριστός.</span> <span class='ocrx_word' id='word_1_705' title='bbox 2964 4399 3025 4456; x_wconf 77' lang='lat' dir='ltr'>Ei</span> <span class='ocrx_word' id='word_1_706' title='bbox 3058 4397 3115 4454; x_wconf 72' lang='grc' dir='ltr'>δὲ</span> <span class='ocrx_word' id='word_1_707' title='bbox 3149 4397 3246 4453; x_wconf 81' lang='grc' dir='ltr'>οὐκ</span> <span class='ocrx_word' id='word_1_708' title='bbox 3273 4397 3564 4472; x_wconf 87' lang='grc' dir='ltr'>ἀνέχονται</span> <span class='ocrx_word' id='word_1_709' title='bbox 3596 4396 3645 4450; x_wconf 77' lang='grc' dir='ltr'>οἱ</span> <span class='ocrx_word' id='word_1_710' title='bbox 3677 4392 3787 4449; x_wconf 67' lang='grc' dir='ltr'>δῦσ-</span> 
     </span>
    </p>
   </div>
   <div class='ocr_carea' id='block_1_95' title="bbox 2153 4482 3787 4568">
    <p class='ocr_par' dir='ltr' id='par_1_95' title="bbox 2153 4482 3787 4568">
     <span class='ocr_line' id='line_1_95' title="bbox 2153 4482 3787 4568; baseline -0.007 -20"><span class='ocrx_word' id='word_1_711' title='bbox 2153 4513 2287 4568; x_wconf 87' lang='grc' dir='ltr'>ερις,</span> <span class='ocrx_word' id='word_1_712' title='bbox 2337 4497 2526 4568; x_wconf 81' lang='grc' dir='ltr'>πρῶτα</span> <span class='ocrx_word' id='word_1_713' title='bbox 2575 4493 2669 4566; x_wconf 71' lang='grc' dir='ltr'>μὲν</span> <span class='ocrx_word' id='word_1_714' title='bbox 2714 4493 2960 4546; x_wconf 84' lang='grc' dir='ltr'>ἀθετοῦσι</span> <span class='ocrx_word' id='word_1_715' title='bbox 3010 4489 3104 4552; x_wconf 79' lang='grc' dir='ltr'>τὰς</span> <span class='ocrx_word' id='word_1_716' title='bbox 3144 4487 3288 4551; x_wconf 82' lang='grc' dir='ltr'>θείας</span> <span class='ocrx_word' id='word_1_717' title='bbox 3339 4487 3520 4566; x_wconf 76' lang='grc' dir='ltr'>φωνάς</span> <span class='ocrx_word' id='word_1_718' title='bbox 3555 4505 3569 4520; x_wconf 74' lang='grc' dir='ltr'><strong>ο</strong></span> <span class='ocrx_word' id='word_1_719' title='bbox 3616 4482 3787 4540; x_wconf 80' lang='grc' dir='ltr'>ἔπειτα</span> 
     </span>
    </p>
   </div>
   <div class='ocr_carea' id='block_1_96' title="bbox 400 4571 2054 4658">
    <p class='ocr_par' dir='ltr' id='par_1_96' title="bbox 400 4583 2044 4658">
     <span class='ocr_line' id='line_1_96' title="bbox 400 4583 2044 4658; baseline 0.001 -19"><span class='ocrx_word' id='word_1_720' title='bbox 400 4583 594 4652; x_wconf 91' lang='lat' dir='ltr'>homo,</span> <span class='ocrx_word' id='word_1_721' title='bbox 631 4585 967 4655; x_wconf 88' lang='lat' dir='ltr'>depingitur</span> <span class='ocrx_word' id='word_1_722' title='bbox 998 4586 1226 4658; x_wconf 87' lang='lat' dir='ltr'>utique;</span> <span class='ocrx_word' id='word_1_723' title='bbox 1259 4587 1516 4643; x_wconf 91' lang='lat' dir='ltr'>hominis</span> <span class='ocrx_word' id='word_1_724' title='bbox 1537 4587 1693 4643; x_wconf 90' lang='lat' dir='ltr'>enim</span> <span class='ocrx_word' id='word_1_725' title='bbox 1718 4586 2044 4658; x_wconf 88' lang='lat' dir='ltr'>proprietas</span> 
     </span>
    </p>
   </div>
   <div class='ocr_carea' id='block_1_97' title="bbox 2167 4571 3784 4658">
    <p class='ocr_par' dir='ltr' id='par_1_97' title="bbox 2167 4571 3784 4656">
     <span class='ocr_line' id='line_1_97' title="bbox 2167 4571 3784 4656; baseline -0.004 -20"><span class='ocrx_word' id='word_1_726' title='bbox 2167 4582 2389 4636; x_wconf 65' lang='grc' dir='ltr'>ἐντεῦθεν</span> <span class='ocrx_word' id='word_1_727' title='bbox 2439 4582 2516 4656; x_wconf 79' lang='grc' dir='ltr'>μὴ</span> <span class='ocrx_word' id='word_1_728' title='bbox 2566 4579 2848 4655; x_wconf 74' lang='grc' dir='ltr'>ἄνθρωπον</span> <span class='ocrx_word' id='word_1_729' title='bbox 2893 4578 3139 4656; x_wconf 79' lang='grc' dir='ltr'>γενέσθαι</span> <span class='ocrx_word' id='word_1_730' title='bbox 3194 4578 3286 4632; x_wconf 86' lang='grc' dir='ltr'>τὸν</span> <span class='ocrx_word' id='word_1_731' title='bbox 3343 4577 3578 4652; x_wconf 85' lang='grc' dir='ltr'>Χριστὸν</span> <span class='ocrx_word' id='word_1_732' title='bbox 3635 4571 3784 4650; x_wconf 83' lang='grc' dir='ltr'>ἔργῳ,</span> 
     </span>
    </p>
   </div>
   <div class='ocr_carea' id='block_1_98' title="bbox 404 4673 2038 4748">
    <p class='ocr_par' dir='ltr' id='par_1_98' title="bbox 404 4673 2038 4748">
     <span class='ocr_line' id='line_1_98' title="bbox 404 4673 2038 4748; baseline 0.002 -20"><span class='ocrx_word' id='word_1_733' title='bbox 404 4673 595 4745; x_wconf 86' lang='lat' dir='ltr'>prima</span> <span class='ocrx_word' id='word_1_734' title='bbox 625 4682 707 4729; x_wconf 90' lang='lat' dir='ltr'>est</span> <span class='ocrx_word' id='word_1_735' title='bbox 732 4675 990 4746; x_wconf 89' lang='lat' dir='ltr'>depingi.</span> <span class='ocrx_word' id='word_1_736' title='bbox 1024 4675 1084 4730; x_wconf 91' lang='lat' dir='ltr'>Si</span> <span class='ocrx_word' id='word_1_737' title='bbox 1114 4692 1245 4732; x_wconf 90' lang='lat' dir='ltr'>vero</span> <span class='ocrx_word' id='word_1_738' title='bbox 1295 4693 1409 4732; x_wconf 89' lang='lat' dir='ltr'>non</span> <span class='ocrx_word' id='word_1_739' title='bbox 1463 4675 1812 4748; x_wconf 85' lang='lat' dir='ltr'>depingitur,</span> <span class='ocrx_word' id='word_1_740' title='bbox 1863 4675 2038 4732; x_wconf 89' lang='lat' dir='ltr'>homo</span> 
     </span>
    </p>
   </div>
   <div class='ocr_carea' id='block_1_99' title="bbox 401 4763 2037 4837">
    <p class='ocr_par' dir='ltr' id='par_1_99' title="bbox 401 4763 2037 4837">
     <span class='ocr_line' id='line_1_99' title="bbox 401 4763 2037 4837; baseline 0.001 -20"><span class='ocrx_word' id='word_1_741' title='bbox 401 4779 515 4818; x_wconf 91' lang='lat' dir='ltr'>non</span> <span class='ocrx_word' id='word_1_742' title='bbox 548 4767 654 4831; x_wconf 88' lang='lat' dir='ltr'>est,</span> <span class='ocrx_word' id='word_1_743' title='bbox 675 4763 773 4819; x_wconf 88' lang='lat' dir='ltr'>sed</span> <span class='ocrx_word' id='word_1_744' title='bbox 806 4764 1000 4819; x_wconf 87' lang='lat' dir='ltr'>carnis</span> <span class='ocrx_word' id='word_1_745' title='bbox 1032 4779 1234 4837; x_wconf 88' lang='lat' dir='ltr'>expers</span> <span class='ocrx_word' id='word_1_746' title='bbox 1261 4781 1273 4819; x_wconf 93' lang='lat'>:</span> <span class='ocrx_word' id='word_1_747' title='bbox 1299 4769 1354 4820; x_wconf 87' lang='lat' dir='ltr'>et</span> <span class='ocrx_word' id='word_1_748' title='bbox 1384 4767 1645 4821; x_wconf 90' lang='lat' dir='ltr'>nondum</span> <span class='ocrx_word' id='word_1_749' title='bbox 1675 4764 1834 4821; x_wconf 87' lang='lat' dir='ltr'>venit</span> <span class='ocrx_word' id='word_1_750' title='bbox 1862 4763 2037 4821; x_wconf 89' lang='lat' dir='ltr'>Chri-</span> 
     </span>
    </p>
   </div>
   <div class='ocr_carea' id='block_1_100' title="bbox 394 4852 2040 4925">
    <p class='ocr_par' dir='ltr' id='par_1_100' title="bbox 394 4852 2040 4925">
     <span class='ocr_line' id='line_1_100' title="bbox 394 4852 2040 4925; baseline 0.002 -19"><span class='ocrx_word' id='word_1_751' title='bbox 394 4855 540 4920; x_wconf 88' lang='lat' dir='ltr'>stus,</span> <span class='ocrx_word' id='word_1_752' title='bbox 591 4852 746 4908; x_wconf 87' lang='lat' dir='ltr'>sicut</span> <span class='ocrx_word' id='word_1_753' title='bbox 792 4852 979 4910; x_wconf 70' lang='lat' dir='ltr'>Judaei</span> <span class='ocrx_word' id='word_1_754' title='bbox 1034 4858 1346 4925; x_wconf 87' lang='lat' dir='ltr'>nugantur.</span> <span class='ocrx_word' id='word_1_755' title='bbox 1395 4853 1556 4911; x_wconf 88' lang='lat' dir='ltr'>Hanc</span> <span class='ocrx_word' id='word_1_756' title='bbox 1585 4855 1657 4910; x_wconf 94' lang='lat' dir='ltr'>ob</span> <span class='ocrx_word' id='word_1_757' title='bbox 1690 4870 1928 4911; x_wconf 90' lang='lat' dir='ltr'>causam</span> <span class='ocrx_word' id='word_1_758' title='bbox 1983 4858 2040 4909; x_wconf 91' lang='lat' dir='ltr'>et</span> 
     </span>
    </p>
   </div>
   <div class='ocr_carea' id='block_1_101' title="bbox 398 4941 2036 5015">
    <p class='ocr_par' dir='ltr' id='par_1_101' title="bbox 398 4941 2036 5015">
     <span class='ocr_line' id='line_1_101' title="bbox 398 4941 2036 5015; baseline 0.002 -21"><span class='ocrx_word' id='word_1_759' title='bbox 398 4941 492 4996; x_wconf 91' lang='lat' dir='ltr'>Dei</span> <span class='ocrx_word' id='word_1_760' title='bbox 502 4958 701 5012; x_wconf 88' lang='lat' dir='ltr'>param</span> <span class='ocrx_word' id='word_1_761' title='bbox 733 4959 963 5014; x_wconf 90' lang='lat' dir='ltr'>quoque</span> <span class='ocrx_word' id='word_1_762' title='bbox 991 4943 1277 5015; x_wconf 88' lang='lat' dir='ltr'>depictam</span> <span class='ocrx_word' id='word_1_763' title='bbox 1299 4945 1706 5012; x_wconf 84' lang='lat' dir='ltr'>exterminant,</span> <span class='ocrx_word' id='word_1_764' title='bbox 1731 4950 1787 5001; x_wconf 93' lang='lat' dir='ltr'>et</span> <span class='ocrx_word' id='word_1_765' title='bbox 1808 4948 2036 5002; x_wconf 86' lang='lat' dir='ltr'>sanctos</span> 
     </span>
    </p>
   </div>
   <div class='ocr_carea' id='block_1_102' title="bbox 395 5031 2038 5107">
    <p class='ocr_par' dir='ltr' id='par_1_102' title="bbox 395 5031 2038 5107">
     <span class='ocr_line' id='line_1_102' title="bbox 395 5031 2038 5107; baseline 0.002 -23"><span class='ocrx_word' id='word_1_766' title='bbox 395 5045 636 5086; x_wconf 85' lang='lat' dir='ltr'>omnes:</span> <span class='ocrx_word' id='word_1_767' title='bbox 670 5032 838 5102; x_wconf 89' lang='lat' dir='ltr'>quasi</span> <span class='ocrx_word' id='word_1_768' title='bbox 872 5049 984 5088; x_wconf 91' lang='lat' dir='ltr'>non</span> <span class='ocrx_word' id='word_1_769' title='bbox 1032 5031 1606 5107; x_wconf 58' lang='lat' dir='ltr'>materZChristimec</span> <span class='ocrx_word' id='word_1_770' title='bbox 1645 5034 1847 5090; x_wconf 88' lang='lat' dir='ltr'>famuli</span> <span class='ocrx_word' id='word_1_771' title='bbox 1871 5034 2038 5090; x_wconf 91' lang='lat' dir='ltr'>Chri-</span> 
     </span>
    </p>
   </div>
   <div class='ocr_carea' id='block_1_103' title="bbox 398 5120 717 5176">
    <p class='ocr_par' dir='ltr' id='par_1_103' title="bbox 398 5120 717 5176">
     <span class='ocr_line' id='line_1_103' title="bbox 398 5120 717 5176; baseline -0.003 0"><span class='ocrx_word' id='word_1_772' title='bbox 398 5120 472 5176; x_wconf 81' lang='lat' dir='ltr'>sti</span> <span class='ocrx_word' id='word_1_773' title='bbox 499 5124 717 5176; x_wconf 87' lang='lat' dir='ltr'>essent.</span> 
     </span>
    </p>
   </div>
   <div class='ocr_carea' id='block_1_104' title="bbox 463 5303 2036 5375">
    <p class='ocr_par' dir='ltr' id='par_1_104' title="bbox 463 5303 2036 5375">
     <span class='ocr_line' id='line_1_104' title="bbox 463 5303 2036 5375; baseline -0.003 -12"><span class='ocrx_word' id='word_1_774' title='bbox 463 5306 760 5363; x_wconf 84' lang='lat' dir='ltr'>Exclamat</span> <span class='ocrx_word' id='word_1_775' title='bbox 806 5323 912 5362; x_wconf 84' lang='lat' dir='ltr'>vox</span> <span class='ocrx_word' id='word_1_776' title='bbox 958 5323 1180 5364; x_wconf 83' lang='lat' dir='ltr'>aurea:</span> <span class='ocrx_word' id='word_1_777' title='bbox 1232 5305 1439 5362; x_wconf 86' lang='lat' dir='ltr'>Verbis</span> <span class='ocrx_word' id='word_1_778' title='bbox 1487 5306 1604 5360; x_wconf 90' lang='lat' dir='ltr'>tuis</span> <span class='ocrx_word' id='word_1_779' title='bbox 1656 5321 1828 5375; x_wconf 91' lang='lat' dir='ltr'>opera</span> <span class='ocrx_word' id='word_1_780' title='bbox 1883 5303 2036 5359; x_wconf 88' lang='lat' dir='ltr'>mihi</span> 
     </span>
    </p>
   </div>
   <div class='ocr_carea' id='block_1_105' title="bbox 395 5393 2035 5468">
    <p class='ocr_par' dir='ltr' id='par_1_105' title="bbox 395 5393 2035 5468">
     <span class='ocr_line' id='line_1_105' title="bbox 395 5393 2035 5468; baseline -0.004 -13"><span class='ocrx_word' id='word_1_781' title='bbox 395 5397 767 5455; x_wconf 88' lang='lat' dir='ltr'>oredibiliora</span> <span class='ocrx_word' id='word_1_782' title='bbox 782 5401 938 5452; x_wconf 89' lang='lat' dir='ltr'>sunt.</span> <span class='ocrx_word' id='word_1_783' title='bbox 955 5396 1344 5468; x_wconf 89' lang='lat' dir='ltr'>Consequitur</span> <span class='ocrx_word' id='word_1_784' title='bbox 1365 5411 1498 5466; x_wconf 86' lang='lat' dir='ltr'>ergo</span> <span class='ocrx_word' id='word_1_785' title='bbox 1515 5393 1815 5465; x_wconf 88' lang='lat' dir='ltr'>judaizare</span> <span class='ocrx_word' id='word_1_786' title='bbox 1839 5410 2035 5449; x_wconf 90' lang='lat' dir='ltr'>revera</span> 
     </span>
    </p>
   </div>
   <div class='ocr_carea' id='block_1_106' title="bbox 387 5481 2032 5557">
    <p class='ocr_par' dir='ltr' id='par_1_106' title="bbox 387 5481 2032 5557">
     <span class='ocr_line' id='line_1_106' title="bbox 387 5481 2032 5557; baseline -0.004 -14"><span class='ocrx_word' id='word_1_787' title='bbox 387 5487 840 5544; x_wconf 87' lang='lat' dir='ltr'>Iconomachos:</span> <span class='ocrx_word' id='word_1_788' title='bbox 878 5491 936 5543; x_wconf 91' lang='lat' dir='ltr'>et</span> <span class='ocrx_word' id='word_1_789' title='bbox 961 5487 1062 5557; x_wconf 88' lang='lat' dir='ltr'>qui</span> <span class='ocrx_word' id='word_1_790' title='bbox 1103 5487 1174 5541; x_wconf 89' lang='lat' dir='ltr'>ab</span> <span class='ocrx_word' id='word_1_791' title='bbox 1207 5484 1279 5540; x_wconf 87' lang='lat' dir='ltr'>iis</span> <span class='ocrx_word' id='word_1_792' title='bbox 1321 5485 1559 5555; x_wconf 89' lang='lat' dir='ltr'>patitur,</span> <span class='ocrx_word' id='word_1_793' title='bbox 1592 5487 1826 5555; x_wconf 91' lang='lat' dir='ltr'>propter</span> <span class='ocrx_word' id='word_1_794' title='bbox 1859 5481 2032 5538; x_wconf 90' lang='lat' dir='ltr'>Chri-</span> 
     </span>
    </p>
   </div>
   <div class='ocr_carea' id='block_1_107' title="bbox 2152 4662 3783 4746">
    <p class='ocr_par' dir='ltr' id='par_1_107' title="bbox 2152 4662 3783 4746">
     <span class='ocr_line' id='line_1_107' title="bbox 2152 4662 3783 4746; baseline -0.001 -21"><span class='ocrx_word' id='word_1_795' title='bbox 2152 4669 2244 4726; x_wconf 78' lang='grc' dir='ltr'>κᾶν</span> <span class='ocrx_word' id='word_1_796' title='bbox 2297 4671 2449 4746; x_wconf 85' lang='grc' dir='ltr'>λόγῳ</span> <span class='ocrx_word' id='word_1_797' title='bbox 2498 4670 2581 4740; x_wconf 85' lang='grc' dir='ltr'>οὐ,</span> <span class='ocrx_word' id='word_1_798' title='bbox 2615 4668 3052 4745; x_wconf 81' lang='grc' dir='ltr'>δογματίζουσιν.</span> <span class='ocrx_word' id='word_1_799' title='bbox 3088 4667 3149 4723; x_wconf 84' lang='grc' dir='ltr'>Εἰ</span> <span class='ocrx_word' id='word_1_800' title='bbox 3198 4668 3299 4741; x_wconf 80' lang='grc' dir='ltr'>γὰρ</span> <span class='ocrx_word' id='word_1_801' title='bbox 3351 4663 3659 4741; x_wconf 79' lang='grc' dir='ltr'>ἄνθρωπος,</span> <span class='ocrx_word' id='word_1_802' title='bbox 3701 4662 3783 4716; x_wconf 64' lang='grc' dir='ltr'>καὶ</span> 
     </span>
    </p>
   </div>
   <div class='ocr_carea' id='block_1_108' title="bbox 2150 4753 3782 4834">
    <p class='ocr_par' dir='ltr' id='par_1_108' title="bbox 2150 4753 3782 4834">
     <span class='ocr_line' id='line_1_108' title="bbox 2150 4753 3782 4834; baseline -0.007 -19"><span class='ocrx_word' id='word_1_803' title='bbox 2150 4760 2465 4830; x_wconf 82' lang='grc' dir='ltr'>εἷκονίζεται</span> <span class='ocrx_word' id='word_1_804' title='bbox 2505 4758 2760 4831; x_wconf 88' lang='grc' dir='ltr'>δηλονότι</span> <span class='ocrx_word' id='word_1_805' title='bbox 2794 4778 2807 4793; x_wconf 82' lang='lat'><strong><em>°</em></strong></span> <span class='ocrx_word' id='word_1_806' title='bbox 2860 4757 3143 4834; x_wconf 85' lang='grc' dir='ltr'>ἀνθρώποο</span> <span class='ocrx_word' id='word_1_807' title='bbox 3192 4756 3294 4831; x_wconf 84' lang='grc' dir='ltr'>γὰρ</span> <span class='ocrx_word' id='word_1_808' title='bbox 3327 4756 3388 4811; x_wconf 84' lang='grc' dir='ltr'>τὸ</span> <span class='ocrx_word' id='word_1_809' title='bbox 3438 4753 3782 4822; x_wconf 80' lang='grc' dir='ltr'>εἰκονίζεσθαι</span> 
     </span>
    </p>
   </div>
   <div class='ocr_carea' id='block_1_109' title="bbox 2148 4841 3780 4927">
    <p class='ocr_par' dir='ltr' id='par_1_109' title="bbox 2148 4841 3780 4927">
     <span class='ocr_line' id='line_1_109' title="bbox 2148 4841 3780 4927; baseline -0.007 -21"><span class='ocrx_word' id='word_1_810' title='bbox 2148 4855 2366 4927; x_wconf 81' lang='grc' dir='ltr'>πρῶτον</span> <span class='ocrx_word' id='word_1_811' title='bbox 2399 4847 2602 4924; x_wconf 84' lang='grc' dir='ltr'>ἰδίωμα</span> <span class='ocrx_word' id='word_1_812' title='bbox 2635 4868 2648 4882; x_wconf 83' lang='lat'><strong><em>°</em></strong></span> <span class='ocrx_word' id='word_1_813' title='bbox 2697 4846 2830 4904; x_wconf 83' lang='grc' dir='ltr'>εἰδὲ</span> <span class='ocrx_word' id='word_1_814' title='bbox 2878 4847 2978 4903; x_wconf 77' lang='grc' dir='ltr'>οὐκ</span> <span class='ocrx_word' id='word_1_815' title='bbox 3024 4846 3338 4915; x_wconf 83' lang='grc' dir='ltr'>εἷκονίζεται</span> <span class='ocrx_word' id='word_1_816' title='bbox 3369 4863 3385 4878; x_wconf 83' lang='grc'>⁶</span> <span class='ocrx_word' id='word_1_817' title='bbox 3435 4841 3537 4899; x_wconf 79' lang='grc' dir='ltr'>οὒκ</span> <span class='ocrx_word' id='word_1_818' title='bbox 3579 4841 3780 4915; x_wconf 75' lang='grc' dir='ltr'>ἄνθρω-</span> 
     </span>
    </p>
   </div>
   <div class='ocr_carea' id='block_1_110' title="bbox 2146 4929 3778 5016">
    <p class='ocr_par' dir='ltr' id='par_1_110' title="bbox 2146 4929 3778 5016">
     <span class='ocr_line' id='line_1_110' title="bbox 2146 4929 3778 5016; baseline -0.002 -20"><span class='ocrx_word' id='word_1_819' title='bbox 2146 4963 2269 5011; x_wconf 90' lang='grc' dir='ltr'>πος,</span> <span class='ocrx_word' id='word_1_820' title='bbox 2303 4939 2447 4996; x_wconf 85' lang='grc' dir='ltr'>ἀλλά</span> <span class='ocrx_word' id='word_1_821' title='bbox 2494 4941 2726 5016; x_wconf 81' lang='grc' dir='ltr'>ἄσαρκος</span> <span class='ocrx_word' id='word_1_822' title='bbox 2759 4958 2773 4972; x_wconf 83' lang='grc'><em>’</em></span> <span class='ocrx_word' id='word_1_823' title='bbox 2823 4939 2914 4994; x_wconf 85' lang='grc' dir='ltr'>καὶ</span> <span class='ocrx_word' id='word_1_824' title='bbox 2947 4935 3100 4994; x_wconf 70' lang='grc' dir='ltr'>οὔπω</span> <span class='ocrx_word' id='word_1_825' title='bbox 3147 4939 3248 5006; x_wconf 70' lang='grc' dir='ltr'>ἧκε</span> <span class='ocrx_word' id='word_1_826' title='bbox 3295 4935 3541 5012; x_wconf 86' lang='grc' dir='ltr'>Χριστός</span> <span class='ocrx_word' id='word_1_827' title='bbox 3570 4950 3584 4964; x_wconf 76' lang='grc'><strong><em>⁸</em></strong></span> <span class='ocrx_word' id='word_1_828' title='bbox 3617 4933 3688 4992; x_wconf 84' lang='grc' dir='ltr'>ὡς</span> <span class='ocrx_word' id='word_1_829' title='bbox 3731 4929 3778 4983; x_wconf 75' lang='grc' dir='ltr'>οἰ</span> 
     </span>
    </p>
   </div>
   <div class='ocr_carea' id='block_1_111' title="bbox 2147 5021 3777 5111">
    <p class='ocr_par' dir='ltr' id='par_1_111' title="bbox 2147 5021 3777 5111">
     <span class='ocr_line' id='line_1_111' title="bbox 2147 5021 3777 5111; baseline -0.009 -22"><span class='ocrx_word' id='word_1_830' title='bbox 2147 5030 2402 5089; x_wconf 85' lang='grc' dir='ltr'>Ἰουδαῖοι</span> <span class='ocrx_word' id='word_1_831' title='bbox 2452 5033 2842 5111; x_wconf 71' lang='grc' dir='ltr'>φενακίζονται.</span> <span class='ocrx_word' id='word_1_832' title='bbox 2893 5029 2992 5084; x_wconf 85' lang='grc' dir='ltr'>Διά</span> <span class='ocrx_word' id='word_1_833' title='bbox 3035 5032 3196 5084; x_wconf 86' lang='grc' dir='ltr'>τοῦτο</span> <span class='ocrx_word' id='word_1_834' title='bbox 3239 5027 3329 5082; x_wconf 86' lang='grc' dir='ltr'>καὶ</span> <span class='ocrx_word' id='word_1_835' title='bbox 3376 5027 3475 5094; x_wconf 78' lang='grc' dir='ltr'>τὴν</span> <span class='ocrx_word' id='word_1_836' title='bbox 3531 5021 3777 5079; x_wconf 84' lang='grc' dir='ltr'>Θεοτόκον</span> 
     </span>
    </p>
   </div>
   <div class='ocr_carea' id='block_1_112' title="bbox 2147 5109 3772 5195">
    <p class='ocr_par' dir='ltr' id='par_1_112' title="bbox 2147 5109 3772 5195">
     <span class='ocr_line' id='line_1_112' title="bbox 2147 5109 3772 5195; baseline -0.009 -18"><span class='ocrx_word' id='word_1_837' title='bbox 2147 5109 2551 5194; x_wconf 82' lang='grc' dir='ltr'>εἰκονιζομένην</span> <span class='ocrx_word' id='word_1_838' title='bbox 2603 5120 2926 5195; x_wconf 78' lang='grc' dir='ltr'>ἐξορίζουσι,</span> <span class='ocrx_word' id='word_1_839' title='bbox 2975 5118 3063 5172; x_wconf 85' lang='grc' dir='ltr'>καὶ</span> <span class='ocrx_word' id='word_1_840' title='bbox 3117 5116 3289 5172; x_wconf 76' lang='grc' dir='ltr'>πάντα</span> <span class='ocrx_word' id='word_1_841' title='bbox 3346 5116 3524 5191; x_wconf 77' lang='grc' dir='ltr'>ἅγιον,</span> <span class='ocrx_word' id='word_1_842' title='bbox 3584 5113 3658 5175; x_wconf 81' lang='grc' dir='ltr'>ὡς</span> <span class='ocrx_word' id='word_1_843' title='bbox 3715 5109 3772 5163; x_wconf 80' lang='grc' dir='ltr'>οὔ</span> 
     </span>
    </p>
   </div>
   <div class='ocr_carea' id='block_1_113' title="bbox 2145 5202 3541 5286">
    <p class='ocr_par' dir='ltr' id='par_1_113' title="bbox 2145 5202 3541 5286">
     <span class='ocr_line' id='line_1_113' title="bbox 2145 5202 3541 5286; baseline -0.004 -21"><span class='ocrx_word' id='word_1_844' title='bbox 2145 5212 2370 5286; x_wconf 83' lang='grc' dir='ltr'>Μητέρα</span> <span class='ocrx_word' id='word_1_845' title='bbox 2400 5214 2554 5281; x_wconf 86' lang='grc' dir='ltr'>Θεοῦ,</span> <span class='ocrx_word' id='word_1_846' title='bbox 2588 5207 2712 5265; x_wconf 76' lang='grc' dir='ltr'>οὐδὲ</span> <span class='ocrx_word' id='word_1_847' title='bbox 2741 5209 3065 5283; x_wconf 75' lang='grc' dir='ltr'>θεράποντας</span> <span class='ocrx_word' id='word_1_848' title='bbox 3097 5202 3250 5268; x_wconf 74' lang='grc' dir='ltr'>ὄντας</span> <span class='ocrx_word' id='word_1_849' title='bbox 3281 5206 3541 5280; x_wconf 83' lang='grc' dir='ltr'>Χριστοῦ.</span> 
     </span>
    </p>
   </div>
   <div class='ocr_carea' id='block_1_114' title="bbox 2218 5287 3774 5375">
    <p class='ocr_par' dir='ltr' id='par_1_114' title="bbox 2218 5287 3774 5375">
     <span class='ocr_line' id='line_1_114' title="bbox 2218 5287 3774 5375; baseline -0.008 -21"><span class='ocrx_word' id='word_1_850' title='bbox 2218 5299 2318 5354; x_wconf 82' lang='grc' dir='ltr'>Καὶ</span> <span class='ocrx_word' id='word_1_851' title='bbox 2380 5300 2481 5375; x_wconf 83' lang='grc' dir='ltr'>βοᾷ</span> <span class='ocrx_word' id='word_1_852' title='bbox 2538 5300 2565 5354; x_wconf 90' lang='lat'>6</span> <span class='ocrx_word' id='word_1_853' title='bbox 2623 5297 3030 5375; x_wconf 80' lang='grc' dir='ltr'>χρυσοῤῥήμων</span> <span class='ocrx_word' id='word_1_854' title='bbox 3066 5314 3080 5329; x_wconf 84' lang='grc'><strong><em>⁸</em></strong></span> <span class='ocrx_word' id='word_1_855' title='bbox 3148 5301 3262 5351; x_wconf 83' lang='grc' dir='ltr'>Τῶν</span> <span class='ocrx_word' id='word_1_856' title='bbox 3324 5292 3507 5371; x_wconf 86' lang='grc' dir='ltr'>λόγων</span> <span class='ocrx_word' id='word_1_857' title='bbox 3568 5312 3661 5345; x_wconf 92' lang='grc' dir='ltr'>σου</span> <span class='ocrx_word' id='word_1_858' title='bbox 3713 5287 3774 5342; x_wconf 81' lang='grc' dir='ltr'>τὰ</span> 
     </span>
    </p>
   </div>
   <div class='ocr_carea' id='block_1_115' title="bbox 2143 5378 3771 5464">
    <p class='ocr_par' dir='ltr' id='par_1_115' title="bbox 2143 5378 3771 5464">
     <span class='ocr_line' id='line_1_115' title="bbox 2143 5378 3771 5464; baseline -0.004 -20"><span class='ocrx_word' id='word_1_859' title='bbox 2143 5382 2272 5464; x_wconf 77' lang='grc' dir='ltr'>ἔργα</span> <span class='ocrx_word' id='word_1_860' title='bbox 2327 5387 2452 5462; x_wconf 81' lang='grc' dir='ltr'>ἐμοὶ</span> <span class='ocrx_word' id='word_1_861' title='bbox 2527 5389 2837 5463; x_wconf 85' lang='grc' dir='ltr'>πιστότερα.</span> <span class='ocrx_word' id='word_1_862' title='bbox 2899 5389 3169 5456; x_wconf 75' lang='grc' dir='ltr'>Συνῆκται</span> <span class='ocrx_word' id='word_1_863' title='bbox 3241 5382 3332 5441; x_wconf 78' lang='grc' dir='ltr'>οῦν</span> <span class='ocrx_word' id='word_1_864' title='bbox 3387 5382 3438 5453; x_wconf 77' lang='grc' dir='ltr'><strong>ἐξ</strong></span> <span class='ocrx_word' id='word_1_865' title='bbox 3518 5378 3771 5450; x_wconf 82' lang='grc' dir='ltr'>ἀληθείας</span> 
     </span>
    </p>
   </div>
   <div class='ocr_carea' id='block_1_116' title="bbox 2144 5464 3775 5556">
    <p class='ocr_par' dir='ltr' id='par_1_116' title="bbox 2144 5464 3775 5556">
     <span class='ocr_line' id='line_1_116' title="bbox 2144 5464 3775 5556; baseline -0.009 -20"><span class='ocrx_word' id='word_1_866' title='bbox 2144 5475 2455 5548; x_wconf 73' lang='grc' dir='ltr'>Ἰουδαΐζειν</span> <span class='ocrx_word' id='word_1_867' title='bbox 2485 5479 2610 5541; x_wconf 79' lang='grc' dir='ltr'>τοὺς</span> <span class='ocrx_word' id='word_1_868' title='bbox 2653 5478 3070 5556; x_wconf 76' lang='grc' dir='ltr'>Εἲκονομάχους</span> <span class='ocrx_word' id='word_1_869' title='bbox 3106 5497 3120 5510; x_wconf 92' lang='grc'><strong>·</strong></span> <span class='ocrx_word' id='word_1_870' title='bbox 3168 5475 3258 5530; x_wconf 80' lang='grc' dir='ltr'>καὶ</span> <span class='ocrx_word' id='word_1_871' title='bbox 3308 5475 3334 5528; x_wconf 88' lang='lat'>6</span> <span class='ocrx_word' id='word_1_872' title='bbox 3384 5471 3666 5528; x_wconf 82' lang='grc' dir='ltr'>πανθάνων</span> <span class='ocrx_word' id='word_1_873' title='bbox 3695 5464 3775 5522; x_wconf 83' lang='grc' dir='ltr'>ὑπ’</span> 
     </span>
    </p>
   </div>
   <div class='ocr_carea' id='block_1_117' title="bbox 455 5661 2054 5745">
    <p class='ocr_par' dir='ltr' id='par_1_117' title="bbox 455 5666 2048 5745">
     <span class='ocr_line' id='line_1_117' title="bbox 455 5666 2048 5745; baseline -0.004 -18"><span class='ocrx_word' id='word_1_874' title='bbox 455 5671 500 5706; x_wconf 80' lang='grc'><strong>³⁶</strong></span> <span class='ocrx_word' id='word_1_875' title='bbox 530 5671 707 5727; x_wconf 86' lang='lat' dir='ltr'>Exod.</span> <span class='ocrx_word' id='word_1_876' title='bbox 739 5687 867 5741; x_wconf 88' lang='lat' dir='ltr'>xxv,</span> <span class='ocrx_word' id='word_1_877' title='bbox 899 5670 988 5727; x_wconf 88' lang='grc'>18.</span> <span class='ocrx_word' id='word_1_878' title='bbox 1063 5668 1110 5703; x_wconf 80' lang='grc'>³⁵</span> <span class='ocrx_word' id='word_1_879' title='bbox 1140 5667 1310 5725; x_wconf 85' lang='lat' dir='ltr'>Num.</span> <span class='ocrx_word' id='word_1_880' title='bbox 1343 5685 1460 5738; x_wconf 76' lang='lat' dir='ltr'>XX],</span> <span class='ocrx_word' id='word_1_881' title='bbox 1487 5667 1544 5724; x_wconf 86' lang='lat'>9.</span> <span class='ocrx_word' id='word_1_882' title='bbox 1621 5666 1666 5745; x_wconf 59' lang='grc' dir='ltr'>ξοδ</span> <span class='ocrx_word' id='word_1_883' title='bbox 1695 5666 1866 5726; x_wconf 83' lang='lat' dir='ltr'>Hebr.</span> <span class='ocrx_word' id='word_1_884' title='bbox 1900 5683 1963 5738; x_wconf 78' lang='grc' dir='ltr'>ιι,</span> <span class='ocrx_word' id='word_1_885' title='bbox 1993 5683 2048 5737; x_wconf 86' lang='lat'>9.</span> 
     </span>
    </p>
   </div>
   <div class='ocr_carea' id='block_1_118' title="bbox 2167 5661 3406 5745">
    <p class='ocr_par' dir='ltr' id='par_1_118' title="bbox 2167 5661 3406 5736">
     <span class='ocr_line' id='line_1_118' title="bbox 2167 5661 3406 5736; baseline -0.006 -12"><span class='ocrx_word' id='word_1_886' title='bbox 2167 5666 2172 5688; x_wconf 83' lang='lat'><strong><em>&#39;</em></strong></span> <span class='ocrx_word' id='word_1_887' title='bbox 2202 5663 2562 5728; x_wconf 79' lang='lat' dir='ltr'>Testimonia</span> <span class='ocrx_word' id='word_1_888' title='bbox 2594 5664 2716 5723; x_wconf 84' lang='lat' dir='ltr'>haec</span> <span class='ocrx_word' id='word_1_889' title='bbox 2746 5663 2876 5723; x_wconf 88' lang='lat' dir='ltr'>vide</span> <span class='ocrx_word' id='word_1_890' title='bbox 2906 5679 3108 5736; x_wconf 88' lang='lat' dir='ltr'>supra,</span> <span class='ocrx_word' id='word_1_891' title='bbox 3139 5661 3248 5719; x_wconf 91' lang='lat' dir='ltr'>col.</span> <span class='ocrx_word' id='word_1_892' title='bbox 3280 5661 3406 5716; x_wconf 73' lang='grc'>477.</span> 
     </span>
    </p>
   </div>
  </div>
