4062 6280
304 378 458 438 1185

1580 368 2140 433 EPISTOLARUM
2184 371 2337 431 LIB.
2383 371 2463 431 II.

3562 372 3716 434 1186

302 516 483 570 αὐτῶν
518 528 531 545 ⁸
567 509 657 567 διὰ
704 511 929 585 Χριστὸν
962 509 1052 564 καὶ
1095 510 1228 584 ὑπὲρ
1267 510 1503 581 Χριστοῦ
1551 509 1779 580 πάσχων
1816 526 1829 538 ·
1866 504 1954 561 διὰ

2074 512 2225 564 stum
2267 512 2322 565 et
2344 525 2445 580 pro
2467 508 2695 565 Christo
2724 508 2842 580 pati
2876 528 2891 576 ;
2926 515 3157 579 propter
3194 507 3498 578 Deiparam
3531 515 3585 564 et
3614 525 3714 579 pro

299 607 405 674 τὴν
466 602 731 658 Θεοτόκον
767 599 857 654 καὶ
909 599 1028 673 ὑτὲρ
1090 605 1191 666 τῆς
1247 598 1512 652 Θεοτόκου
1564 616 1577 628 ·
1642 593 1729 649 διὰ
1786 599 1956 650 πάντα

306 690 465 768 ἅγιον
510 693 600 747 καὶ
656 691 787 765 ὑπὲρ
836 688 1048 744 πάντων
1106 686 1280 765 ἁγίων
1323 706 1337 720 ·
1402 685 1605 761 μάρτυς
1637 685 1955 761 ἀπαράγρα-

306 804 465 855 πτος,
521 782 612 836 καὶ
696 778 1056 852 ὁμολογητής
1129 781 1389 851 Χριστοῦ,
1451 778 1478 829 ὁ
1545 773 1784 829 ἐναθλῶν
1869 774 1957 829 καί⁸

308 871 680 942 ἐνιστάμενος.
738 868 835 923 Καὶ
886 864 1063 927 οὐδεὶς
1121 867 1399 939 ἀντερήσει
1450 864 1640 938 λόγος.
1692 864 1755 921 Oi
1803 871 1962 919 Μακ-

312 956 536 1015 καϐαῖοι
599 959 888 1032 μάρτυρες,
960 956 1036 1027 μή
1112 961 1283 1029 κρεῶν
1364 953 1516 1009 ὑείων
1594 953 1958 1027 ἀνασχόμενοι

310 1050 644 1124 παρανόμως
712 1046 1021 1119 γεύσασθαι.
1083 1046 1145 1101 Ὀ
1204 1041 1531 1118 Πρόδρομος
1594 1042 1797 1116 μάρτυς
1830 1043 1960 1117 ὑπὲρ

311 1138 549 1214 ἐλεγμοῦ
590 1135 850 1205 ἀληθείας
885 1154 897 1166 ·
930 1135 1019 1188 καί
1078 1131 1247 1193 ἄλλος
1290 1134 1421 1207 ὓπερ
1465 1137 1561 1187 τοῦ
1610 1136 1684 1205 μὴ
1728 1129 1961 1186 καταϐα-

313 1227 506 1284 λέσθαι
540 1221 741 1281 ὀϐολὸν
779 1223 855 1284 εἰς
906 1221 1208 1296 οἰκοδομὴν
1260 1221 1545 1277 εἷδωλείου
1580 1240 1593 1253 °
1643 1221 1733 1275 καὶ
1780 1219 1962 1295 ἕτερος

314 1315 385 1371 δι’
440 1316 621 1391 ἓτερον
681 1310 944 1384 ἐνταλμα.
1004 1311 1069 1368 Τί
1119 1312 1225 1387 γὰρ
1270 1308 1351 1365 δεῖ
1394 1313 1460 1365 τὰ
1497 1309 1683 1365 πολλὰ
1736 1309 1959 1384 λέγειν;

312 1407 400 1461 καὶ
461 1404 685 1459 ἐνταῦθα
738 1400 1037 1476 προδήλως
1099 1402 1126 1455 ὁ
1177 1398 1268 1456 δια
1323 1401 1550 1475 Χριστὸν
1610 1398 1842 1455 ἐναθλῶν
1900 1399 1961 1453 ού

318 1496 547 1569 μάρτυς,
571 1492 647 1556 ὣς
684 1491 814 1570 φασὶ
862 1510 1005 1552 τινες
1044 1494 1152 1545 τῶν
1212 1488 1489 1559 δυστήνων
1526 1509 1540 1557 ;
1580 1489 1784 1563 μάρτυς
1816 1486 1965 1558 ἀλη-

315 1589 441 1657 θής,
505 1582 638 1658 μηδ’
688 1586 868 1638 ὁτιοῦν
918 1580 1110 1637 ἐνδέων
1160 1586 1267 1636 τῶν
1315 1581 1396 1658 ἐφ’
1436 1579 1723 1650 Ἐλλήνων
1767 1582 1802 1648 ἢ
1835 1581 1966 1637 Ἰου-

317 1672 485 1729 δαίων
524 1674 979 1749 μαρτυρησάντων
1014 1687 1029 1703 ’
1065 1672 1178 1725 Καὶ
1221 1672 1248 1724 ὁ
1301 1671 1550 1745 μάρτυς
1593 1670 1651 1723 ἐν
1708 1670 1964 1743 οὐρανῷ

315 1764 530 1827 πιστός.
592 1764 778 1827 ’Ὀλως
831 1762 946 1833 οὖν,
1004 1763 1049 1817 εἰ
1109 1763 1136 1816 6
1191 1762 1283 1816 τὸν
1341 1782 1509 1815 τυπον
1570 1765 1665 1815 τοῦ
1728 1764 1963 1831 σταυροῦ

318 1853 547 1922 ἀθετῶν,
580 1853 657 1915 εἰς
703 1853 941 1926 Χριστὸν
972 1851 1221 1929 ἀναφέρει
1276 1852 1375 1920 τὴν
1416 1850 1670 1919 ἀθέτησιν
1706 1868 1716 1880 ·
1768 1847 1965 1919 πολλῷ

320 1941 535 2014 μάλλον
568 1944 596 1995 ὁ
639 1943 736 2010 τήν
785 1940 963 1995 εἶ’κὸνα
1013 1943 1251 2015 Χριστοῦ
1294 1940 1647 2013 ἀρνούμενος,
1695 1938 1769 1998 εἰς
1818 1943 1961 2011 Χρι-

316 2033 440 2087 στὸν
503 2030 807 2105 ἀναπέμπει
855 2032 955 2099 τὴν
1022 2027 1269 2104 ἄρνησιν.
1326 2028 1511 2090 Οὕτως
1588 2034 1679 2082 καῖ
1769 2028 1795 2081 6
1878 2028 1957 2105 ἐφ’

316 2123 545 2195 ἑκατέρᾳ
586 2125 894 2195 μαρτυρῶν,
949 2119 1151 2191 μάρτυς
1210 2119 1576 2188 ἀληθέστατος
1623 2138 1633 2148 ·
1683 2118 1773 2171 καὶ
1817 2114 1961 2189 μᾶλ-

316 2209 415 2266 λον
452 2209 506 2264 ἐν
554 2213 623 2282 τῇ
680 2209 845 2264 εἰκόνι
877 2251 891 2263 .
945 2209 1027 2262 ὅτι
1063 2210 1089 2263 ὁ
1135 2209 1227 2281 μὲν
1284 2212 1510 2279 σημεῖον
1547 2226 1560 2239 ·
1613 2207 1640 2260 ὁ
1683 2204 1739 2260 δὲ
1773 2205 1957 2281 μορφή

316 2303 575 2374 Χριστοῦ.
627 2296 957 2373 Παρακαλῶ,
1019 2294 1243 2373 ἀδελφοί
1305 2317 1408 2369 μου
1468 2296 1631 2373 ἅγιοι,
1708 2294 1958 2365 κλήσεως

315 2387 643 2462 ἐπουρανίου
705 2387 955 2461 μέτοχοι,
1023 2390 1244 2459 πρῶτον
1307 2387 1530 2457 μνήμην
1606 2405 1709 2458 μου
1780 2390 1960 2437 ποιεῖ-

320 2478 440 2530 σθαι
494 2481 591 2531 τοῦ
645 2480 903 2531 ταπεινοῦ
937 2496 947 2508 ·
1014 2479 1097 2538 οἷς
1155 2474 1325 2549 λέγω,
1399 2473 1543 2548 ἔργῳ
1624 2471 1960 2549 ἀποδειχθῆ-

962 2562 1234 2636 μηδαμῶς
1283 2563 1762 2639 ὑποχαυνούμενον
1809 2562 1869 2617 ἔκ
1904 2583 1961 2616 τε

320 2658 430 2707 τῶν
483 2654 725 2729 ἀοράτων
785 2653 876 2707 καὶ
936 2653 1229 2728 ὁρωμένων
1297 2648 1622 2726 προσϐολων
1685 2672 1699 2685 '
1777 2650 1960 2706 ἔπειτα

328 2745 617 2818 προσέχειν
703 2744 914 2804 ἑαυτοῖς
978 2743 1065 2796 καὶ
1148 2746 1215 2815 τῇ
1301 2738 1614 2816 ἐνισταμὲτῃ
1710 2741 1956 2810 ἀθλήσει.

325 2829 504 2889 Ἀλλά
538 2834 613 2906 μὴ
642 2839 759 2895 τοῖς
792 2834 1081 2907 λογισμοῖς
1125 2831 1509 2905 ἐμπυρίζεσθαι
1547 2829 1634 2885 διὰ
1682 2831 1960 2905 πτωχείαν

315 2565 402 2619 ναί
458 2587 523 2638 με
553 2565 847 2643 εὐχόμενοι
894 2581 906 2594 ⁶

321 2923 584 2983 συνέσεως
649 2921 701 2976 ἐν
761 2928 837 2997 τῇ
905 2928 1014 2976 τῶν
1072 2926 1407 2997 πραγμάτων
1459 2919 1614 2990 δείξει
1687 2922 1790 2975 ὑπὸ
1861 2928 1961 2989 τῆς

318 3012 580 3086 προνοίας
614 3011 1004 3085 διοικουμένων
1056 3013 1281 3083 βαθέως,
1331 3011 1420 3066 καὶ
1466 3012 1538 3064 ὡς
1591 3011 1689 3064 οὐκ
1744 3008 1958 3084 ἐφικτὸν

318 3101 608 3175 ἀνθρώπου
650 3098 855 3172 διανοίᾳ
889 3121 901 3133 ’
934 3098 1073 3174 μηδὲ
1106 3102 1133 3155 ὃ
1183 3100 1425 3174 ψάλλεττ
1473 3101 1717 3157 πάθοιτε.
1755 3100 1960 3170 Ἐμοῦ

320 3189 589 3261 δὲπαρά
631 3193 865 3264 μικρὸν
917 3190 1366 3260 ἐσαλεύθησαν
1401 3193 1462 3244 οἱ
1512 3188 1711 3251 πόδες
1746 3209 1758 3222 '
1810 3195 1960 3262 παρ’

2068 599 2336 669 Deipara;
2391 604 2624 670 propter
2671 604 2904 654 sanctos
2972 616 3173 654 omnes
3240 611 3291 654 et
3356 615 3455 668 pro
3498 600 3715 654 sanctis

2067 690 2543 760 quibuscunque;
2579 696 2893 762 martyrem
2920 688 3371 759 irretragabilem
3405 694 3461 743 et
3491 689 3715 744 confes-

2066 795 2255 834 sorem
2286 779 2496 833 Christi
2542 795 2689 843 esse,
2738 781 2837 849 qui
2887 779 3145 833 decertat
3198 783 3255 833 et
3313 777 3547 833 resistit.
3598 782 3713 834 Nec

2067 869 2279 938 opponi
2330 874 2531 923 contra
2579 868 2899 938 quidquam
2952 872 3158 938 potest.
3210 868 3523 923 Machabaei
3558 884 3712 923 mar-

2066 963 2222 1029 tyres
2255 959 2426 1024 facta,
2461 959 2615 1028 quod
2658 958 2862 1012 suillas
2919 974 3120 1013 carnes
3172 960 3343 1012 edere
3373 958 3713 1015 abnuerent.

2064 1046 2395 1101 Praecursor
2426 1056 2641 1117 martyr
2675 1048 2784 1101 fuit
2836 1053 3068 1117 pr0pter
3118 1047 3401 1102 indicium
3431 1048 3714 1116 veritatis,

2068 1136 2219 1191 alius
2252 1137 2399 1207 quod
2450 1136 2686 1191 obolum
2736 1137 2997 1191 conferre
3031 1135 3209 1191 nollet
3241 1137 3312 1190 ad
3360 1142 3716 1192 structuram

2068 1225 2264 1293 idolii;
2304 1230 2360 1281 et
2403 1225 2553 1280 alius
2604 1224 2758 1279 aliud
2808 1225 2881 1279 ob
2941 1225 3305 1279 mandatum.
3365 1226 3509 1290 Quid
3561 1226 3717 1281 enim

2068 1315 2271 1370 attinet
2292 1315 2477 1369 multa
2496 1313 2656 1385 loqui
2679 1314 2705 1368 ?
2728 1315 2791 1368 Et
2807 1314 2900 1368 hic
2923 1314 3021 1385 qui
3042 1314 3348 1370 manifeste
3373 1331 3473 1385 pro
3487 1314 3716 1370 Christo

2070 1408 2324 1460 decertat
2353 1414 2569 1476 martyr
2600 1420 2715 1458 non
2765 1405 2892 1466 erit,
2927 1409 2990 1457 ut
3024 1403 3220 1458 miseri
3270 1404 3504 1473 quidam
3553 1406 3721 1459 afﬁr-

2072 1493 2277 1549 mant?
2306 1494 2523 1561 Martyr
2553 1493 2725 1564 plane
2753 1509 2948 1558 verus,
2985 1491 3146 1547 nulla
3178 1509 3236 1546 re
3281 1493 3618 1564 discrepans
3649 1494 3719 1549 ab

2069 1586 2187 1641 illis
2228 1602 2373 1657 quos
2401 1586 2617 1641 ethnici
2648 1585 2734 1640 vel
2773 1584 2960 1640 Judaei
2994 1590 3278 1656 martyres
3326 1586 3619 1641 fecerunt:
3654 1587 3722 1641 Et

2072 1680 2223 1732 testis
2254 1678 2315 1731 in
2344 1676 2473 1729 cwlo
2503 1674 2678 1744 ﬁdelis
2722 1673 2788 1729 33.
2824 1673 3072 1729 Omnino
3094 1690 3252 1745 ergo,
3285 1675 3336 1729 si
3367 1674 3497 1745 quis
3527 1675 3717 1730 crucis

2072 1771 2267 1837 typum
2285 1764 2592 1834 spernit,in
2608 1764 2903 1818 Christum
2928 1764 3123 1834 ipsum
3147 1767 3374 1818 contem
3385 1764 3546 1832 plum
3560 1764 3716 1820 hunc

2075 1861 2304 1926 torquet
2333 1872 2346 1909 :
2372 1855 2553 1909 multo
2578 1855 2763 1925 magis
2784 1853 2883 1923 qui
2907 1854 3220 1919 imaginem
3259 1852 3475 1907 Christi
3524 1858 3716 1924 negat,

2073 1947 2439 2017 negationem
2472 1944 2529 1998 in
2559 1943 2856 1998 Christum
2880 1944 3071 1997 refert.
3092 1942 3212 2005 Sic,
3245 1943 3345 2014 qui
3382 1944 3719 2015 martyrium

2073 2052 2173 2105 pro
2205 2034 2484 2089 alterutro
2508 2032 2733 2097 suﬂ‘ert,
2770 2040 2985 2104 martyr
3014 2031 3394 2087 verissimus:
3429 2048 3495 2087 ac
3535 2034 3718 2104 magis

2070 2124 2240 2178 etiam
2274 2122 2333 2176 in
2382 2122 2675 2193 imagine:
2710 2121 2846 2192 quia
2882 2125 3045 2191 typus
3075 2120 3336 2191 signum,
3373 2121 3565 2191 imago
3601 2121 3715 2175 for-

2071 2228 2167 2268 ma
2196 2217 2285 2267 est
2306 2212 2540 2267 Christi.
2562 2212 2836 2275 Obsecro,
2867 2210 3072 2265 fratres
3097 2210 3209 2264 mei
3233 2210 3439 2276 sancti,
3464 2211 3715 2265 cmlestis

2069 2301 2382 2356 vocationis
2414 2300 2743 2372 participes,
2793 2300 3046 2371 primum
3094 2299 3329 2370 quidem
3370 2300 3714 2355 memoriam

2071 2393 2181 2447 mei
2213 2390 2457 2446 humilis
2489 2390 2731 2457 faciatis,
2763 2393 3015 2457 orantes,
3040 2392 3104 2443 ut
3133 2405 3261 2459 quae
3286 2388 3433 2455 dico,
3478 2405 3537 2444 re
3570 2406 3715 2457 prae-

2071 2487 2241 2547 stem,
2277 2480 2453 2535 nullis
2484 2480 2695 2534 cedens
2727 2495 2831 2533 nec
2863 2479 3079 2549 apertis
3133 2495 3237 2533 nec
3280 2477 3497 2533 occulis
3537 2479 3715 2534 insul-

2070 2572 2271 2625 tibus:
2304 2569 2514 2624 deinde
2558 2570 2726 2624 vobis
2773 2568 2914 2638 ipsis
2973 2568 3288 2622 attendatis
3337 2572 3394 2621 et
3441 2569 3711 2638 praesenti

2070 2661 2397 2715 certamini.
2462 2659 2576 2713 Nec
2648 2674 2777 2713 vero
2845 2657 3289 2729 cogitationibus
3348 2658 3603 2713 uramini
3645 2674 3715 2714 ex

2069 2749 2263 2819 inopia
2294 2747 2546 2803 scientiae
2576 2748 2635 2801 in
2688 2748 2894 2801 harum
2949 2763 3141 2801 rerum
3195 2748 3708 2817 contemplatione,

2072 2855 2198 2910 quae
2231 2855 2263 2893 a
2286 2837 2647 2908 providentia
2678 2838 2792 2891 alto
2824 2836 3065 2890 consilio
3097 2838 3516 2906 gubernantur,
3556 2837 3713 2906 quod

2072 2927 2306 2998 assequi
2343 2926 2540 2997 nequit
2578 2925 2838 2980 humana
2882 2924 3285 2994 intelligentia;
3322 2941 3427 2980 nec
3457 2926 3621 2981 vobis
3652 2926 3709 2981 id

2070 3020 2371 3087 contingat
2401 3018 2554 3087 quod
2596 3016 2803 3071 canitis
2832 3033 2843 3071 :
2878 3017 2986 3068 Mei
3007 3022 3194 3069 autem
3240 3032 3375 3085 pene
3418 3016 3555 3071 moti
3584 3022 3713 3072 sunt

2070 3106 2270 3178 pedes:
2302 3122 2436 3177 pene
2456 3106 2622 3179 effusi
2642 3112 2768 3160 sunt
2785 3122 3000 3174 gressus
3022 3108 3128 3160 mei
3150 3126 3169 3171 ;
3195 3108 3327 3175 quia
3349 3105 3524 3160 zelavi
3549 3122 3712 3177 super

2075 3201 2291 3269 iniquos
2322 3196 2387 3263 ³9,
2424 3198 2531 3252 hoc
2561 3202 2618 3251 et
2648 3198 2790 3251 illud
2836 3197 3059 3253 videns.
3122 3197 3233 3252 Sed
3284 3198 3480 3252 audite
3519 3198 3710 3268 potius

326 3280 563 3355 ὀλίγον
606 3280 890 3355 ἐξεχύθη
922 3282 998 3335 τά
1028 3276 1412 3352 διαδήματά
1455 3299 1616 3353 μου·
1669 3279 1769 3333 ὅτι
1817 3278 1961 3347 ἐζή-

2076 3287 2365 3342 dicentem
2400 3286 2713 3341 Dominum
2742 3303 2755 3339 :
2784 3287 3040 3358 Exspecta
3072 3302 3155 3341 me
3222 3286 3280 3340 in
3318 3288 3413 3342 die
3458 3302 3714 3341 resurre—

322 3369 505 3426 λωσα
534 3368 640 3424 ἐπὶ
669 3376 810 3431 τοῖς
845 3370 1158 3443 ἀνόμοις,
1188 3371 1251 3424 τὸ
1287 3372 1375 3425 καὶ
1416 3371 1476 3423 τὸ
1508 3371 1749 3443 θεωρῶν.
1782 3366 1960 3424 Ἀλλά

326 3460 542 3534 μᾶλλον
574 3462 827 3534 μάκούειν
858 3466 955 3517 τοῦ
988 3463 1184 3537 Κυρίου
1212 3459 1471 3537 λέγοντος
1504 3478 1517 3491 ’
1564 3460 1961 3532 Ὕπόμὲινόν

325 3572 403 3625 με
435 3550 526 3612 εἷς
555 3552 809 3625 ἡμέραν
842 3550 1250 3611 ἐναστάσεώς
1288 3573 1434 3625 μου.
1469 3550 1575 3607 Καὶ
1603 3548 1686 3603 ὅτι
1718 3554 1783 3604 ‘0
1816 3550 1962 3603 ὑπο-

325 3641 559 3714 μείνας
590 3640 921 3709 είςτέλος,
955 3640 1154 3703 οὗτος
1188 3644 1586 3711 σωθησεται.

470 3731 587 3786 ΚΒ’.
629 3763 689 3772 —-
736 3735 886 3792 Τοῖς
934 3730 1210 3784 ἀποῦσιν
1257 3728 1598 3809 ἀδελφοῖς.
1634 3728 1822 3803 [σλα’.]

2068 3379 2264 3432 ctiom's
2291 3392 2427 3433 mere
2458 3378 2519 3430 ‘0.
2550 3378 2651 3430 Et:
2689 3377 2793 3444 Qui
2820 3378 3147 3431 sustinuerit
3206 3392 3370 3448 usque
3428 3376 3488 3431 in
3524 3378 3710 3447 ﬁnem,

2070 3466 2162 3522 hic
2191 3464 2380 3521 salvus
2410 3467 2513 3521 erit
2543 3464 2611 3521 4‘.

2466 3728 2648 3785 XXII.
2680 3731 2969 3787 Fratribus
2997 3731 3328 3789 absentibus.

1042 3830 1103 3879 In
1134 3845 1349 3880 carcere
1382 3830 1583 3893 scripta
1608 3836 1863 3892 tanquam
1896 3832 2299 3880 testamentum.
2328 3827 2549 3890 (Baron.
2584 3843 2667 3878 an.
2692 3830 2808 3894 816,
2847 3844 2899 3878 ιι.
2930 3830 3009 3879 35.

400 3907 638 3964 Πάντοτε
700 3909 793 3982 μὲν
860 3906 1185 3963 διατίθεσθαι

320 4000 389 4053 τὰ
439 4000 570 4073 πρὸς
630 3998 856 4052 θάνατον
902 4016 913 4028 ·

1270 3910 1382 3988 χρή
1467 3910 1559 3963 τὸν
1645 3910 1962 3983 Χριστιανὸν

977 3997 1212 4070 μάλιστα
1270 3997 1327 4053 δὲ
1384 3998 1581 4053 ὁπόταν
1638 4003 1966 4071 πειρασμοῖς

323 4091 599 4162 περιπαρῇ
660 4088 880 4141 θάνατον
952 4085 1287 4143 ἀπειλοῦσιν.
1358 4087 1506 4143 Ἐπεὶ
1567 4087 1657 4142 οὖν
1710 4091 1964 4143 τοιοῦτον

319 4178 383 4231 τὸ
443 4178 560 4230 καθ’
610 4178 781 4248 ἡμᾶς,
837 4174 925 4230 διὰ
980 4177 1079 4245 τήν
1148 4176 1447 4253 σφύζουσαν
1523 4180 1630 4231 τῶν
1720 4174 1964 4231 διωκτῶν

326 4265 514 4338 μανίαν
563 4263 735 4320 ε’ίνεκα
783 4269 883 4329 τῆς
934 4270 1173 4339 Χριστοῦ
1219 4266 1436 4342 ἀγάπης
1492 4285 1504 4297 ·

326 4360 490 4427 μένου
522 4353 587 4424 δὴ
654 4355 950 4430 μαρτυρίου
993 4362 1094 4425 τῆς
1144 4356 1268 4429 περὶ
1312 4353 1470 4410 αὺτὸν
1504 4354 1803 4431 ὁμολογίας
1839 4376 1851 4387 ·
1878 4355 1967 4410 καὶ

324 4446 426 4500 οὐκ
478 4442 602 4499 οἶδα
645 4445 694 4499 τί
748 4465 841 4516 μοι
890 4440 1226 4515 ἀποϐήσεται
1280 4444 1493 4518 ἀθρόως
1544 4443 1657 4499 ὄντι
1713 4467 1964 4518 μεμονω-

325 4535 473 4605 μένῳ
502 4534 591 4587 καὶ
648 4533 1047 4609 περιειργμένῳ
1108 4534 1316 4606 μακόάν
1379 4556 1483 4589 που
1525 4535 1613 4607 ἀφ’
1670 4535 1820 4607 ὑμῶν
1854 4539 1960 4589 τῶν

323 4620 563 4677 ἀπέντων
626 4620 877 4698 ἀδελφῶν
930 4643 1033 4694 μου
1091 4624 1177 4677 καὶ
1242 4621 1465 4697 Πατέρω
1498 4641 1510 4654 ·
1576 4620 1736 4692 ἔδοξα
1780 4621 1961 4684 καλῶς

321 4705 468 4785 ἔχειν
508 4710 821 4768 τελευταίαν
862 4711 1027 4765 οἱονεὶ
1075 4712 1283 4788 φωνὴν,
1334 4713 1536 4781 ταύτην
1594 4713 1693 4779 τὴν
1744 4710 1965 4766 ἐπιστο-

323 4800 428 4868 λὴν
474 4799 801 4875 παραθέσθαι
851 4801 1001 4873 ὑμῖν,
1050 4802 1140 4855 καὶ
1191 4800 1258 4855 δι’
1299 4801 1453 4875 ύμῶν
1501 4802 1644 4872 πάσῃ
1681 4805 1747 4874 τῇ
1797 4800 1966 4856 ἀδελ-

319 4892 539 4968 φότητι.
608 4890 784 4947 Καλὸν
841 4892 941 4965 γάρ
1000 4891 1271 4954 πολλάκις
1329 4890 1656 4947 διατίθεσθαι
1715 4893 1803 4947 καὶ
1854 4892 1966 4946 ἑπι-

324 4981 524 5054 μένειν,
601 4979 636 5049 ἢ
720 4979 1020 5056 προσδοκίᾳ
1103 4988 1247 5052 ζωῆς
1330 4982 1550 5051 ἐξάπινα
1627 4982 1963 5056 ἀνάρπαστον

322 5068 633 5146 γινόμενον,
693 5070 967 5128 ἀδιάθετον
1032 5069 1287 5135 ἀϐούλως
1371 5070 1960 5145 έγκαταλιμπάνεσθαι.

318 5161 388 5219 Τί
444 5162 626 5215 τοίνυν
666 5162 728 5216 τὸ
785 5162 1004 5236 παρόν;
1067 5159 1289 5229 Ἐπειδή
1339 5160 1611 5223 πολλάκις
1687 5161 1784 5215 ὅσα
1859 5156 1965 5215 ἔδει

320 5248 513 5320 εἰπεῖν,
577 5247 683 5303 εἷ’τε
729 5248 937 5323 βαρέως
986 5253 1242 5321 νοσήσας,
1313 5247 1419 5302 εἷ’τε
1496 5247 1752 5324 διωγμῶν
1830 5270 1967 5319 προ-

320 5337 611 5410 κειμένων,
662 5338 751 5392 καὶ
811 5334 1062 5412 διεθέμην
1148 5338 1240 5392 καὶ
1314 5336 1737 5409 ύπεμνημάτισα
1786 5356 1796 5368 ·
1875 5338 1966 5392 καὶ

326 5424 482 5482 οὔπω
525 5426 685 5501 χρεία
735 5427 855 5500 περὶ
913 5433 1019 5482 τῶν
1067 5426 1174 5497 ἤδη
1202 5426 1506 5502 λεχθέντων
1537 5423 1965 5503 δευτερολογεῖν.

348 5521 536 5570 Εκεῖνο
586 5520 829 5589 πρῶτον,
888 5515 1113 5592 ἀδελφοί
1183 5538 1308 5589 μου,
1366 5514 1454 5571 ⁸ίνα
1496 5536 1588 5587 μοι
1639 5521 1969 5591 συγγνώμην

312 5599 329 5623 9

419 5692 467 5726 ³⁸
496 5692 652 5748 Psal.
684 5709 948 5759 Lxxxvm,
979 5694 1066 5748 38.
1144 5693 1192 5728 39
1214 5694 1363 5752 Psal.
1399 5710 1573 5761 Lxxu,
1603 5698 1656 5749 2.

1567 4270 1667 4320 τοῦ
1742 4286 1970 4341 προκει-

1732 5693 1781 5727 ⁴⁰
1810 5693 2071 5765 Sophon.
2106 5709 2190 5762 ιιι,
2221 5694 2274 5749 8.

2146 3910 2388 3980 Semper
2410 3909 2639 3978 quidem
2662 3911 2729 3964 ad
2752 3920 2989 3966 mortem
3013 3913 3208 3967 omnia
3231 3913 3534 3984 disponere
3554 3915 3717 3970 Chri-

2076 3998 2331 4054 stianum
2384 4003 2639 4069 oportet:
2676 4001 2775 4055 sed
2810 4006 2933 4054 tum
2986 4002 3238 4057 maxime
3278 4020 3411 4058 cum
3443 4006 3719 4061 aerumnis

2078 4094 2318 4143 mortem
2350 4088 2776 4145 intentantibus
2828 4097 3082 4163 urgetur.
3107 4092 3346 4155 Quando
3401 4094 3581 4165 igitur
3614 4096 3719 4150 hoc

2076 4176 2135 4231 in
2170 4183 2320 4233 statu
2362 4182 2497 4232 sunt
2540 4195 2628 4234 res
2676 4184 2908 4246 nostrae,
2955 4181 3222 4236 swviente
3283 4188 3718 4253 persecutorum

2079 4267 2238 4321 rabie
2261 4268 2331 4321 ob
2360 4267 2571 4322 Christi
2600 4268 2962 4337 charitatem,
2998 4271 3115 4325 sive
3156 4271 3229 4326 ob
3262 4288 3510 4341 praesens
3549 4275 3720 4328 testi—

2080 4357 2342 4411 monium
2365 4357 2751 4413 confessionis
2782 4360 2938 4427 ejus;
2965 4375 3070 4415 nec
3111 4360 3256 4415 scire
3296 4377 3535 4431 possum
3578 4365 3716 4435 quid

2079 4447 2269 4501 subito
2304 4451 2640 4501 eventurum
2683 4446 2754 4501 sit
2806 4448 2946 4502 mihi
2996 4451 3065 4505 ab
3106 4450 3234 4505 aliis
3267 4452 3549 4520 sejuncto,
3584 4470 3714 4523 pro-

2077 4535 2284 4604 culque
2315 4552 2349 4590 a
2377 4536 2535 4589 vobis
2576 4536 2849 4591 omnibus
2874 4538 3144 4594 fratribus
3168 4541 3310 4595 meis
3342 4557 3406 4595 ac
3453 4541 3723 4598 Patribus

2078 4623 2507 4678 circumcluso:
2556 4632 2703 4679 recte
2758 4626 3044 4681 facturum
3108 4644 3199 4683 me
3248 4629 3591 4697 existimavi,
3644 4632 3715 4697 si,

2076 4729 2399 4783 supremam
2450 4712 2620 4768 veluti
2680 4730 2896 4781 vocem,
2970 4714 3118 4770 hanc
3188 4717 3492 4787 epistolam
3560 4719 3721 4774 vobis

2076 4802 2566 4871 commendarem,
2598 4806 2655 4857 et
2704 4819 2805 4874 per
2858 4820 2961 4859 vos
3015 4805 3294 4860 universae
3354 4807 3722 4864 fraternitati.

2075 4890 2280 4947 Melius
2320 4890 2473 4945 enim
2507 4895 2595 4946 est
2634 4908 2785 4962 saepe
2819 4894 3038 4959 testari,
3076 4902 3129 4950 et
3163 4900 3512 4967 exspectare,
3547 4915 3725 4970 quam

2076 4981 2205 5035 vitae
2238 4980 2515 5050 longioris
2546 4983 2971 5053 exspectatione
3012 4984 3207 5039 subito
3235 4986 3445 5058 abripi,
3479 4991 3534 5041 et
3566 4988 3724 5044 inte-

2077 5074 2293 5125 statum
2319 5070 2646 5125 inconsulto
2668 5071 2941 5142 relinqui.
2994 5073 3140 5137 Quid
3173 5089 3306 5145 ergo
3339 5092 3452 5129 non
3496 5080 3720 5132 restat?

2076 5161 2556 5231 Quandoquidem
2591 5177 2742 5233 saepe
2789 5178 3153 5233 quaecunque
3195 5165 3385 5220 dicere
3417 5167 3727 5223 convenie-

2080 5250 2199 5316 bat,
2246 5249 2335 5304 vel
2399 5250 2556 5321 gravi
2607 5251 2884 5321 quopiam
2953 5252 3153 5309 morbo
3203 5255 3583 5324 decumbens,
3642 5256 3729 5312 vel

2080 5340 2337 5394 instante
2369 5341 2790 5409 persecutione,
2820 5342 3106 5410 recensui,
3144 5345 3554 5415 memoriaeque
3585 5363 3728 5418 sug-

2079 5429 2268 5500 gessi;
2303 5444 2491 5498 neque
2523 5446 2679 5484 nunc
2706 5447 2855 5501 opus
2902 5437 2989 5486 est
3038 5449 3166 5503 quas
3213 5433 3364 5490 dicta
3418 5439 3574 5501 sunt,
3612 5435 3729 5490 ite-

2080 5534 2214 5572 rum
2247 5523 2526 5589 repetere.
2560 5518 2678 5573 Hoc
2702 5520 2981 5589 primum,
3007 5520 3210 5577 fratres
3245 5522 3382 5590 mei,
3417 5528 3479 5578 ut
3501 5525 3727 5580 veniam

2354 5694 2395 5729 ⁴¹
2429 5695 2606 5753 Marc.
2639 5713 2764 5767 xm,
2799 5698 2885 5753 i3.
