4062 6280
427 298 579 360 1187

1675 300 1734 361 S.
1780 300 2179 364 THEODORI
2225 301 2590 367 STUDITIE

3678 307 3827 370 1188

425 432 571 489 mihi
601 433 746 490 detis
771 432 1156 506 eorumﬁqum
1187 436 1393 505 praeter
1439 434 1722 491 rationem
1765 435 1823 490 in
1858 435 2070 508 guber-

2188 433 2375 507 δοίητε
2425 435 2513 516 ἐφ’
2565 439 2652 501 οἶς
2711 440 2856 512 παρὰ
2903 437 3076 515 λόγον
3145 436 3236 494 διὰ
3305 444 3405 510 τῆς
3479 440 3830 515 καθηγήσεως

425 524 661 581 natione
691 525 1133 598 adversum:vos
1162 524 1399 594 dixi;_vel
1431 525 1542 597 egi,
1573 531 1696 581 tum
1729 526 1923 596 verbo,
1946 531 2073 585 tum

426 615 597 672 facto.
639 615 847 671 Delicta
894 618 1044 670 enim
1101 617 1220 687 quis
1277 616 1546 685 intelliget
1577 615 1797 671 “‘2Et:
1830 617 2078 690 Offendi-

425 722 549 762 mur
587 721 772 761 omnes
815 703 909 774 ‘3;
961 721 1063 777 ego
1117 705 1434 776 presertim
1480 707 1748 762 omnium
1791 706 2079 777 nequissi-

429 811 582 850 mus.
619 793 782 849 Unde
808 798 868 850 et
917 809 1119 866 preces
1177 798 1398 850 vestras
1445 794 1694 866 imploro
1745 796 1817 852 ad
1869 810 2076 852 conse-

429 883 718 957 quendam
753 882 1000 939 salutem
1051 899 1388 939 aerumnosas
1415 885 1621 939 animae
1655 900 1832 940 meae:
1867 885 2077 941 deinde

425 989 529 1046 pro
559 973 856 1042 fratribus,
893 974 992 1045 qui
1039 976 1552 1044 propter},peccata
1596 989 1725 1031 mea
1766 977 2075 1047 segregati,

425 1063 730 1136 avulsique
760 1068 900 1118 sunt
929 1080 962 1118 a
994 1066 1192 1119 nostra
1219 1063 1276 1117 in
1325 1062 1544 1133 Spiritu
1590 1071 1797 1119 sancto
1828 1080 2076 1136 congre-

427 1155 682 1228 gatione.
717 1153 816 1208 Est
837 1151 1096 1224 quidem,
1121 1156 1209 1206 est
1232 1150 1401 1223 plane
1423 1152 1698 1208 omnibus
1720 1153 2074 1223 patefactum

430 1243 587 1316 quod
617 1243 702 1299 eis
723 1241 1272 1313 impendetjustum
1300 1240 1401 1297 Dei
1430 1241 1724 1311 judicium
1748 1258 1760 1296 :
1781 1248 2076 1300 verumta-

431 1350 563 1390 men
597 1332 735 1406 quia
767 1329 870 1386 ﬁlii
905 1339 1041 1386 sunt
1085 1335 1141 1386 et
1172 1329 1455 1399 membra,
1491 1331 1918 1388 condolendum
1964 1331 2078 1387 illis

427 1427 536 1490 est,
568 1427 627 1478 et
671 1420 921 1491 amplius
969 1421 1441 1476 contestandum.
1474 1420 1611 1476 Dico
1660 1426 1877 1489 autem,
1907 1420 2077 1477 fratri

430 1513 684 1580 Leontio,
737 1511 1008 1576 Maximo,
1065 1509 1369 1578 Clementi,
1427 1509 1557 1566 aliis
1617 1511 1911 1580 omnibus,
1977 1511 2075 1582 qui

429 1605 654 1675 seipsos
683 1615 1032 1672 quacunque
1077 1598 1270 1653 inanis
1318 1603 1626 1669 pratextus
1664 1600 1856 1671 specie
1885 1618 2075 1673 segre-

430 1698 672 1768 garunt;
706 1708 832 1762 quae
864 1691 923 1745 in
955 1705 1046 1744 me
1076 1688 1306 1758 quidem
1339 1689 1725 1758 admiserunt,
1757 1690 1895 1746 olim
1936 1691 2075 1761 dixi,

431 1788 488 1839 et
520 1798 675 1838 nunc
705 1781 853 1850 dico,
886 1779 1308 1850 ignoscendum
1353 1776 1467 1832 illis
1495 1783 1605 1833 est.
1635 1779 1744 1833 Sed
1795 1780 2074 1850 quoniam

431 1889 557 1945 quae
589 1872 650 1927 in
677 1869 861 1926 Deum
894 1869 1198 1923 commissa
1229 1871 1390 1934 sunt,
1431 1867 1686 1923 hominis
1729 1884 1843 1924 non
1885 1873 1993 1935 est,
2025 1870 2076 1926 si

431 1963 651 2032 absque
702 1957 1032 2030 paenitentia
1097 1961 1390 2022 maneant,
1459 1956 1714 2018 solvere;
1765 1957 1848 2013 illi
1879 1967 2072 2016 autem

432 2049 834 2124 paenitentiam
863 2047 1126 2104 nondum
1151 2045 1291 2126 tacti
1312 2046 1610 2114 videntur;
1634 2047 1776 2118 quin
1795 2047 2079 2105 aliainsu-

435 2157 538 2214 per
572 2142 694 2196 hinc
725 2143 782 2194 et
812 2137 915 2193 illa
944 2136 1133 2208 egisse
1157 2152 1286 2207 quae
1316 2135 1428 2206 ipsi
1461 2141 1675 2191 norunt
1697 2152 1710 2190 :
1731 2137 1993 2202 obsecro,
2014 2141 2077 2194 ut

434 2246 538 2302 per
567 2245 665 2285 vos
685 2227 804 2284 sive
827 2242 1005 2294 nunc,
1028 2226 1146 2281 sive
1172 2229 1300 2296 post
1323 2231 1569 2280 mortem
1595 2242 1804 2294 meam,
1829 2227 1938 2283 hoc
1959 2227 2075 2282 illis

435 2320 822 2376 tentationum
857 2321 1037 2385 metu,
1069 2315 1481 2370 denuntietur:
1523 2315 1661 2385 quia
1707 2316 1934 2386 videtis,
1969 2317 2076 2372 fra-

432 2413 565 2476 tres,
609 2405 861 2463 terribile
907 2409 964 2460 et
1011 2403 1342 2460 inevitabile
1373 2404 1682 2474 judicium,
1745 2404 1859 2460 nisi
1890 2404 2075 2460 Deum

426 2498 602 2568 digna
648 2494 988 2568 paenitentia
1034 2491 1440 2564 placaveritis;
1496 2498 1783 2564 quantum
1814 2494 1972 2549 enim
2003 2495 2074 2549 ad

427 2603 522 2642 me
572 2591 928 2656 peccatorem
988 2583 1410 2655 ignoscendum
1459 2589 1548 2639 est
1593 2582 1778 2639 vobis.
1828 2583 1946 2639 Hoc
1986 2587 2078 2640 est

425 2677 576 2748 quod
620 2673 884 2731 nonnihil
937 2689 1029 2728 me
1063 2673 1389 2739 contristat,
1427 2675 1484 2729 et
1544 2671 1726 2729 menti
1776 2673 2070 2729 occurrit:

424 2766 576 2838 quod
607 2768 672 2820 ut
707 2779 846 2836 erga
873 2777 1077 2818 omnes
1124 2761 1435 2832 perﬁciatis
1485 2777 1584 2818 vos
1631 2778 1754 2818 oro.
1785 2761 1980 2818 Valete
2012 2762 2071 2818 in

425 2854 696 2911 Domino.

874 2939 1073 2997 XXIII.
1108 2970 1175 2982 —
1206 2941 1514 3012 Praeposito
1541 2939 1628 3012 (').

2189 523 2344 598 ἔλεξα
2397 527 2433 596 ἢ
2492 520 2688 600 ἔδρασα
2728 527 2803 589 εἰς
2864 530 3006 602 ὑμᾶς
3059 525 3302 604 λογικῶς
3360 528 3452 583 καὶ
3516 549 3830 604 πραγματι-

2187 619 2322 677 κῶς.
2351 615 2722 691 “Αμαρτίας
2752 620 2876 691 γὰρ
2906 617 3010 678 τίς
3058 619 3331 687 συνήσει
3367 637 3382 685 ;
3417 619 3509 672 Καὶ
3547 635 3562 648 ’
3599 619 3831 674 nuto-

2192 722 2306 774 μεν
2365 703 2651 766 ἅπαντες
2721 722 2735 736 ⁸
2797 706 2884 760 καὶ
2945 725 3009 780 γε
3071 704 3311 778 μάλιστα
3380 703 3483 780 ἐγὼ
3543 706 3573 760 ὁ
3626 705 3830 762 πάντων

2189 790 2543 867 ἀχρειότερος
2599 793 2924 863 ἀνθρώπων.
2987 795 3079 850 Διὸ
3148 794 3238 849 καὶ
3311 793 3625 868 ἰξαιτοῦμαι
3683 795 3828 868 ὑμῶν

2187 883 2287 949 τήν
2337 884 2650 958 προσευχήν
2703 884 2780 947 εἰς
2833 883 3098 954 ἐπίτευξιν
3155 883 3430 958 σωτηρίας
3477 890 3579 954 τῆς
3635 883 3832 940 ταλαι-

2189 972 2379 1045 πώρου
2450 993 2554 1044 μου
2622 975 2846 1047 ψυχῆς·
2898 968 3082 1028 ἔπειτα
3158 970 3247 1029 διὰ
3327 972 3454 1032 τοὺς
3529 973 3668 1029 κατᾶ
3741 975 3832 1037 τὰς

2188 1060 2459 1134 ἁμαρτίας
2544 1082 2654 1135 μου
2737 1061 3141 1138 ἀποῤῥαγέντας
3246 1070 3347 1132 τῆς
3426 1061 3479 1117 ἐν
3563 1064 3828 1136 Πνεύματι

2189 1149 2328 1225 ἇγίῳ
2389 1152 2672 1228 συναφείας
2730 1154 2893 1224 ἡμῶν
2963 1149 3253 1229 ἀδελφούς.
3304 1153 3459 1210 Ἐστι
3540 1154 3635 1226 μὶν
3719 1152 3827 1216 οῦν,

2189 1237 2302 1295 ἔστι
2363 1237 2752 1314 δεδηλωμένον
2794 1241 2844 1296 ἒν
2904 1242 3068 1297 ἅπασί
3113 1241 3174 1298 οὸ
3223 1237 3433 1297 ἔνδικον
3474 1241 3662 1306 αὐτοῖς
3692 1244 3830 1318 παρὰ

2189 1334 2308 1401 Θεῷ
2366 1335 2540 1403 κρῖμα
2571 1348 2584 1362 ο
2645 1329 2773 1385 ἀλλ’
2841 1330 2993 1404 ὅμως
3073 1332 3184 1387 ἐπεὶ
3258 1333 3417 1387 τέκνα
3498 1333 3589 1387 καὶ
3669 1330 3828 1406 μέλη,

2189 1418 2612 1490 συμπαθητέον,
2690 1421 2777 1475 καὶ
2883 1419 3350 1498 διαμαρτυρητέον
3449 1423 3641 1483 αὐτοῖς
3730 1423 3827 1477 ἔτι.

2187 1509 2341 1582 Λέγω
2381 1506 2473 1578 δὴ,
2503 1513 2582 1581 τῷ
2620 1507 2843 1584 ἀδελφῶ
2891 1510 3152 1583 Λεοντίῳ,
3212 1511 3470 1585 Μαξίμῳ,
3529 1511 3827 1584 Κλήμεντι,

2187 1602 2304 1658 τοῖς
2361 1595 2556 1660 ἄλλοις
2612 1595 2797 1668 ἅπασι,
2855 1605 2972 1662 τοῖς
3030 1601 3146 1655 καθ’
3198 1597 3598 1669 οἱονδηποτοῦν
3635 1599 3827 1674 τρόπον

2189 1686 2624 1766 προφασιλογίας
2669 1689 2897 1762 ματαίας
2954 1690 3336 1764 ἀποσχισθεῖσι
3370 1709 3384 1724 ·
3436 1690 3505 1745 τὰ
3575 1689 3652 1753 εἰς
3693 1689 3786 1762 ἐμέ
3813 1707 3826 1722 ⁸

2189 1777 2280 1834 καὶ
2339 1779 2491 1832 εἶπον
2547 1777 2742 1847 πάλαι,
2801 1779 2890 1834 καὶ
2949 1778 3094 1855 λέγω
3161 1779 3281 1854 ἄρτι
3343 1798 3358 1812 ’
3426 1778 3829 1856 Συγχωρητέον

2187 1869 2394 1930 αὐτοῖς.
2452 1867 2608 1924 Ἀλλ’
2669 1865 2858 1939 ἐπειδὴ
2918 1873 2986 1924 τα
3040 1869 3118 1933 εἰς
3173 1871 3324 1940 Θεὸν,
3387 1869 3488 1925 οὐκ
3543 1869 3828 1943 ἀνθρώπου

2189 1957 2337 2013 λύειν
2369 1958 2710 2030 ἀμετανόητα
2745 1957 2973 2031 μένοντα
3005 1977 3020 1993 ⁸
3065 1959 3128 2014 ού
3165 1957 3342 2030 δήπου
3394 1957 3453 2014 ὂὶ
3508 1980 3828 2034 μετανενοηο

2183 2047 2340 2110 κότες
2399 2046 2672 2125 φαίνονται
2755 2066 2768 2079 ⁸
2867 2048 3014 2105 ἀλλὰ
3095 2048 3184 2104 καὶ
3269 2050 3824 2126 προσεξεργασάμενοι

2185 2135 2352 2194 τοῦτο
2381 2138 2617 2209 κάκεῖνο,
2658 2137 2863 2194 ’ὰῖσασι
2897 2159 2910 2175 ·
2961 2144 3274 2215 παρακανῶ,
3321 2137 3392 2195 δι’
3433 2140 3590 2213 ὑμῶν
3632 2139 3668 2208 ἢ
3723 2143 3823 2209 νῦν,

2185 2227 2293 2282 εἴτε
2353 2227 2487 2300 μετὰ
2545 2229 2770 2284 θάνατόν
2853 2249 2981 2301 μου,
3067 2225 3224 2304 φόϐῳ
3305 2233 3412 2284 τῶν
3491 2231 3819 2302 πειρασμῶν,

2184 2313 2410 2386 δοθῆναι
2466 2316 2652 2379 αὐτοῖς
2707 2317 2799 2372 τὸν
2850 2315 3065 2394 λόγον;
3126 2317 3210 2374 ὅτι
3265 2316 3518 2393 βλέπετε,
3578 2316 3820 2395 ἀδελφοὶ,

2184 2401 2414 2482 φοϐερὸν
2469 2407 2532 2461 τὸ
2587 2411 2760 2481 κρῖμα
2815 2408 2906 2462 καὶ
2958 2408 3328 2482 ἀπαραίτητον
3360 2426 3375 2441 ο
3427 2407 3472 2462 εἰ
3537 2407 3614 2480 μή
3661 2427 3823 2481 μετα-

2180 2496 2298 2568 νοίᾳ
2327 2495 2602 2572 ἀξιολόγῳ
2626 2495 2974 2571 ἐξιλεώσεσθε
3003 2499 3095 2554 τὸν
3130 2499 3258 2555 Θεόν
3293 2518 3308 2532 ·
3339 2500 3402 2554 τὸ
3442 2501 3550 2576 γὰρ
3603 2498 3653 2554 ἐν
3705 2497 3818 2571 ἐμοὶ

2182 2589 2264 2656 τῷ
2322 2585 2638 2660 ἁμαρτωλῷ
2705 2587 3097 2664 συγχωρητέον
3163 2590 3310 2662 ὑμῖν.
3373 2590 3547 2644 Τοῦτό
3607 2587 3716 2643 ἐστι
3766 2589 3821 2642 τὸ

2188 2673 2504 2729 ὑπολυποῦν
2585 2697 2652 2749 με
2728 2676 2819 2731 καὶ
2905 2678 3304 2753 παριστάμενον
3361 2693 3376 2709 ’
3437 2678 3468 2732 ὃ
3531 2675 3824 2733 διατελέσαι

2182 2764 2319 2840 πρὸς
2374 2763 2574 2828 πάντας
2630 2762 2868 2821 δυσωπῶ
2925 2767 3090 2839 ὑμᾶς.
3145 2765 3422 2841 Ἒρῥωσθε
3499 2767 3554 2822 ἐν
3633 2767 3822 2843 Κυρίῳ.

2572 2945 2695 3002 Kl".
2727 2975 2791 2986 —
2824 2939 3232 3017 Ἠγουμένῳ.
3275 2943 3466 3016 (σλΒ’.]

1443 3038 1518 3088 De
1552 3038 1748 3089 sanctis
1775 3040 2119 3104 imaginibus.
2153 3043 2360 3106 (Baron.
2393 3057 2480 3094 an.
2511 3044 2622 3103 816,
2645 3058 2698 3095 n.
2720 3044 2829 3107 34.)

493 3129 752 3182 Paterna
783 3121 1080 3179 sanctitati
1112 3125 1313 3177 vestrm
1349 3120 1640 3176 scribendi
1671 3137 1894 3178 moram
1931 3123 2075 3178 feci:
2109 3129 2153 3197 ο

422 3219 502 3274 ita
533 3217 769 3290 quidem
803 3214 1118 3285 impeditus
1151 3213 1222 3270 ab
1253 3229 1322 3268 ea
1361 3213 1631 3269 custodia
1681 3230 1810 3286 quae
1842 3229 1934 3270 me
1962 3213 2076 3269 cir-

422 3311 697 3364 cumstat.
727 3305 930 3361 Audivi
952 3303 1248 3360 enimvero
1268 3303 1411 3359 olim
1432 3304 1683 3359 carceris
1703 3308 1934 3374 propter
1955 3303 2070 3359 Do-

422 3397 650 3452 minum
683 3410 750 3451 ac
780 3392 1118 3450 certaminis
1159 3392 1244 3448 tui
1274 3391 1545 3448 laborem.
1592 3392 1704 3448 Sed
1737 3391 2073 3448 benedictus

421 3491 573 3541 Deus
604 3483 706 3556 qui
737 3488 795 3538 et
835 3481 1202 3538 sanctitatem
1248 3484 1408 3535 tuam
1459 3481 1680 3537 vocavit
1727 3481 1798 3536 ad
1841 3481 2072 3536 confes—

427 3575 650 3631 sionem
674 3571 801 3626 Filii
826 3572 916 3627 sui
937 3571 1077 3628 Jesu
1105 3569 1340 3636 Christi,
1375 3569 1603 3624 Domini
1646 3573 1702 3624 et
1735 3571 1830 3625 Dei
1872 3569 2071 3626 nostri.

426 3664 624 3734 Neque
651 3662 803 3718 enim
849 3659 1008 3715 aliud
1031 3662 1122 3714 est
1152 3674 1253 3730 pro
1279 3657 1535 3728 imagine
1557 3659 1751 3714 formis
1774 3659 1935 3714 illius
1956 3674 2075 3714 cor-

425 3767 614 3826 poreae
633 3752 950 3814 decertare,
979 3763 1152 3818 quam
1179 3764 1278 3817 pro
1302 3747 1426 3816 ipso
1469 3748 1814 3820 martyrium
1847 3748 2068 3805 facere:

424 3839 904 3916 quandoquidem
925 3854 1112 3894 unum
1133 3836 1401 3908 idemque
1417 3845 1524 3901 est,
1548 3838 1736 3908 quoad
1764 3853 2078 3907 repraesen-

422 3933 585 3988 tandi
617 3931 758 3998 vim,
781 3935 836 3986 et
869 3930 1061 4000 imago
1093 3936 1146 3983 et
1168 3927 1220 3982 is
1260 3927 1353 3998 qui
1388 3929 1640 3999 imagine
1673 3929 2069 3986 adumbratur.

426 4021 671 4092 Depingi
705 4024 900 4075 autem
933 4016 1256 4084 Christum,
1281 4015 1366 4071 vel
1402 4015 1620 4084 lapides
1650 4018 1765 4089 ipsi
1795 4018 2068 4076 clamant.

424 4111 643 4169 Idcirco
673 4108 889 4164 similis
922 4106 1112 4162 factus
1144 4110 1234 4161 est
1266 4105 1434 4160 nobis
1479 4122 1580 4177 per
1625 4107 1824 4162 omnia
1853 4109 2074 4180 absque

423 4205 680 4274 peccato,
716 4199 873 4255 sicut
904 4201 1189 4270 scriptum
1213 4201 1303 4252 est
1326 4195 1374 4230 ⁴⁴
1408 4213 1421 4251 :
1455 4198 1677 4268 absque
1710 4203 1944 4269 peccato
1975 4214 2071 4255 au-

422 4297 562 4358 tem,
593 4290 749 4361 quod
771 4291 896 4345 sine
928 4288 1150 4344 semine
1181 4302 1414 4342 carnem
1446 4287 1688 4360 accepit,
1721 4294 2071 4360 conceptus-

423 4395 532 4452 que
580 4383 670 4436 est
717 4377 980 4449 virginali
1038 4392 1193 4432 more
1245 4391 1314 4431 ex
1361 4377 1730 4434 sanctissima
1778 4377 1960 4434 Matre
2009 4395 2075 4434 ac

421 4469 688 4541 Deipara.

493 4557 734 4623 Quando
770 4560 1034 4614 nostrum
1102 4553 1284 4628 igitur
1356 4555 1761 4627 unusquisque
1817 4556 2079 4630 pingitur

419 4650 580 4721 (nam
614 4647 712 4719 qui
750 4646 910 4719 pingi
944 4645 1164 4716 nequit,
1198 4661 1313 4700 non
1362 4645 1414 4702 is
1461 4645 1659 4712 homo,
1697 4645 1797 4701 sed
1858 4648 2078 4704 aborti-

421 4754 560 4794 vum
592 4736 873 4810 quiddam
907 4739 1034 4790 est:
1059 4734 1252 4790 vivens
1283 4734 1438 4789 enim
1469 4734 1790 4805 quodlibet,
1827 4737 1979 4807 quod
2018 4738 2075 4793 in

421 4827 616 4885 lucem
648 4826 787 4895 exit,
817 4831 1030 4882 natura
1072 4825 1240 4881 habet
1287 4829 1353 4881 ut
1396 4826 1590 4898 ipsum
1641 4828 1800 4899 pingi
1843 4829 2074 4900 possit),

424 4917 620 4988 pictus
650 4913 916 4971 videlicet
947 4919 1004 4969 et
1054 4913 1324 4970 Christus
1365 4917 1622 4972 estzetsi
1669 4916 1838 4972 aliter
1877 4917 2076 4988 impiis

423 5007 675 5074 videtur,
700 5004 800 5076 qui
826 5003 1103 5060 salutaris
1129 5004 1370 5075 proinde
1383 5005 1840 5076 dispensationis
1862 5011 2076 5078 myste-

426 5095 576 5151 rium
600 5096 912 5166 abnegant.
938 5099 1084 5151 Nam
1102 5110 1217 5164 quo
1234 5098 1397 5164 pacto
1423 5094 1846 5150 conﬁterilicet
1867 5095 2074 5150 Filium

423 5184 526 5242 Dei
549 5185 866 5253 hominem,
899 5185 1054 5240 sicut
1093 5199 1220 5253 nos,
1283 5182 1666 5254 appellatum,
1718 5199 1964 5251 quorum
2015 5189 2077 5240 et

426 5276 602 5332 frater
633 5274 958 5345 nuncupari
982 5272 1190 5337 voluit;
1223 5272 1334 5326 nisi
1386 5286 1547 5342 atque
1598 5287 1664 5326 ac
1694 5287 1801 5327 nos
1832 5272 2074 5328 circum-

427 5362 756 5423 scribatur?
784 5363 897 5419 Aut
925 5362 1218 5433 quomodo
1265 5361 1393 5432 lege
1440 5364 1658 5416 natura:
1697 5365 1931 5429 natum,
1963 5362 2077 5419 nisi

493 5506 543 5542 η
571 5503 726 5563 Psal.
758 5519 918 5571 xvm,
955 5501 1039 5558 13.
1118 5501 1164 5538 ⁴⁸
1192 5505 1317 5560 Jac.
1351 5519 1436 5572 ιιι,
1467 5505 1521 5558 2.
1600 5503 1644 5538 “
1669 5501 1844 5559 Hebr.
1881 5520 1961 5572 IV,
2000 5505 2084 5562 15.

496 5633 564 5705 (*)
595 5628 957 5701 Dogmatioa.

2261 3119 2562 3200 Ἐϐράδυνα
2620 3123 2926 3180 ἐπιστεῖλαι
2979 3125 3048 3195 τῇ
3095 3127 3332 3198 πατρικῇ
3385 3145 3483 3179 σου
3521 3124 3819 3200 ἆγιωσυνῃ·

2185 3209 2332 3268 οὕτω
2389 3234 2506 3276 πως
2563 3212 2915 3286 ἐμποδισθεῖς
2974 3213 3076 3268 ὑπὸ
3136 3220 3237 3282 τῆς
3311 3213 3681 3289 περιεχούσης
3761 3232 3821 3284 με

2183 3301 2501 3379 ἀσφαλείας.
2564 3303 2714 3358 Ἐπεὶ
2783 3302 2954 3358 πάλαι
3023 3303 3279 3373 ἀκηκοώς
3355 3302 3473 3376 εἰμι
3561 3310 3660 3372 τῆς
3741 3299 3820 3355 διὰ

2184 3391 2378 3464 Κύριον
2439 3390 2691 3465 φυλακῆς
2748 3391 2838 3445 καὶ
2899 3389 3239 3462 ἐναθλήσεώς
3296 3413 3393 3446 σου
3459 3393 3553 3448 τὸν
3632 3391 3816 3466 ἀγῶνα.

2184 3477 2344 3536 Ἀλλ’
2403 3481 2699 3556 εὐγογητὸς
2758 3481 2786 3535 ὁ
2841 3480 2991 3544 Θεὸς,
3025 3480 3053 3534 ὁ
3113 3480 3201 3535 καὶ
3249 3483 3347 3550 τήν
3403 3481 3505 3548 σήν
3553 3480 3816 3549 ὁσιότητα,

2181 3565 2416 3632 καλέσας
2471 3569 2548 3630 εἰς
2605 3570 2705 3638 τήν
2763 3568 3066 3644 ὁμολογίαν
3125 3573 3223 3624 τοῦ
3280 3569 3408 3623 Υἱοῦ
3448 3569 3614 3624 αὐτοῦ
3657 3569 3817 3638 Ἰησοῦ

2182 3658 2440 3729 Χριστοῦ,
2500 3661 2597 3711 τοῦ
2653 3656 2852 3732 Κυρίου
2909 3659 2996 3712 καὶ
3054 3661 3187 3713 Θεοῦ
3253 3659 3437 3729 ἡμῶν.
3492 3659 3570 3716 Οὐ
3628 3658 3727 3733 γάρ
3770 3675 3818 3708 τι

2181 3744 2324 3802 ἄλλο
2355 3745 2467 3803 ἐστὶ
2504 3748 2566 3802 τὸ
2601 3747 2736 3822 ὑπὲρ
2764 3754 2865 3816 τῆς
2895 3746 3106 3809 εἰκόνος
3145 3750 3242 3802 τοῦ
3301 3751 3621 3820 σωματικοῦ
3669 3745 3816 3800 αὐτοῦ

2182 3841 2535 3910 χαρακτῆρος
2590 3834 2858 3906 ἐναθλεῖν,
2892 3837 2927 3905 ἢ
2987 3837 3047 3890 τὸ
3104 3838 3229 3912 περί
3289 3835 3455 3891 αὐτοῦ
3519 3839 3812 3910 μαρτυρεῖν.

2183 3923 2405 3994 Ἐπειδὴ
2461 3923 2518 3981 ἓν
2576 3927 2667 3982 καὶ
2723 3927 2916 3982 ταυτὸν
2968 3931 3038 4000 τῇ
3089 3927 3398 4000 ὁμοιωτικῇ
3442 3925 3812 3993 ὑποστάσει,ἡ

2181 4015 2337 4070 εἰκὼν
2385 4015 2522 4090 πρὸς
2569 4017 2661 4070 τὸν
2710 4014 3134 4089 εἷκονιζόμενον,
3200 4018 3317 4070 Ὀτι
3376 4013 3434 4070 δὶ
3517 4015 3813 4084 εἰκονίζεται

2182 4105 2440 4178 Χριστὸς,
2496 4105 2585 4160 καὶ
2640 4105 2692 4158 οἱ
2753 4105 2900 4161 λίθοι
2938 4106 3256 4181 κεκράγασι.
3292 4107 3442 4162 Διὸτι
3467 4105 3660 4180 ὅμοιος
3689 4107 3808 4176 ἡμῖν

2181 4192 2368 4269 γὲγονε
2399 4194 2536 4249 κατὰ
2567 4194 2741 4249 πάντα
2762 4194 2906 4262 πλὴν
2940 4193 3207 4268 ἁμαρτίας
3245 4212 3258 4225 ·
3299 4196 3439 4250 καθὰ
3486 4195 3769 4270 γέγραπται
3796 4210 3808 4223 ·

2185 4282 2452 4358 ἁμαρτίας
2486 4280 2562 4353 δὲ,
2595 4282 2680 4338 ὅτι
2712 4282 2838 4338 ἄνευ
2879 4289 3082 4358 σπορᾶς
3123 4282 3320 4356 εἴληφε
3373 4285 3473 4353 τήν
3520 4285 3702 4360 σάρκα,
3733 4281 3809 4336 καὶ

2183 4371 2388 4443 ἐκυήθη
2447 4375 2786 4449 παρθενικῶς
2845 4372 2904 4428 ἐκ
2959 4380 3060 4443 τῆς
3107 4373 3368 4450 παναγίας
3405 4373 3570 4430 αὐτοῦ
3620 4373 3812 4448 μητρὸς

2183 4463 2271 4516 καὶ
2311 4457 2596 4518 Θεοτόκου.

2259 4551 2408 4607 Ἐπεὶ
2466 4549 2559 4606 οῦν
2620 4554 2784 4624 ἡμεῖς
2840 4551 3217 4625 εἰκονιζόμεθα
3281 4553 3506 4615 ἅπαντες
3550 4572 3563 4587 ⁸
3609 4554 3664 4614 ’ὸς
3719 4551 3806 4625 γὰρ

2188 4641 2287 4696 οὐκ
2351 4639 2690 4710 εἰκονίζεται,
2750 4641 2850 4696 οὐκ
2899 4640 3208 4717 ἄνθρωπος,
3240 4640 3388 4698 ἄλλά
3431 4664 3487 4699 τι
3525 4641 3764 4716 ἔκτρωμα
3792 4659 3806 4672 ο

2187 4729 2270 4784 ὅτι
2299 4730 2385 4785 καὶ
2421 4734 2524 4784 πᾶν
2558 4735 2695 4801 ζῶον
2743 4730 2820 4793 εἰς
2869 4735 2983 4807 φῶς
3040 4730 3198 4787 ἐλθὸν
3246 4730 3598 4802 εἷκονίζεσθαι
3645 4731 3805 4806 πέφυ-

2186 4840 2274 4874 κεν
2311 4837 2324 4850 '
2386 4818 2678 4875 εἷκόνισται
2747 4817 3008 4890 δηλονότι
3061 4820 3153 4875 καὶ
3201 4820 3430 4894 Χριστός
3483 4839 3497 4853 ·
3554 4821 3646 4875 κᾶν
3700 4821 3806 4876 τοῖς

2186 4905 2366 4969 ἀθέοις
2407 4906 2469 4962 ού
2521 4905 2679 4984 δοκῇ,
2730 4908 3080 4984 ἂρνουμὲνυις
3129 4909 3368 4965 ἐντεῦθεν
3411 4910 3473 4965 τὸ
3502 4915 3599 4979 τῆς
3639 4928 3802 4974 σωτη-

2189 4993 2306 5068 ρίου
2357 4995 2672 5070 οἰκονομίας
2730 5000 3052 5072 μυστήριον.
3103 5005 3225 5061 Πῶς
3283 5001 3391 5075 γὰρ
3437 5000 3497 5054 ἂν
3541 4996 3802 5070 ὁμολογη⁶

2187 5084 2304 5153 θείη
2338 5085 2366 5138 ὁ
2399 5086 2521 5147 Υἱὸς
2551 5091 2648 5140 τοῦ
2679 5091 2812 5142 Θεοῦ
2852 5088 3132 5162 ἅνθρωπος
3155 5089 3497 5164 χρημαγίσαι
3518 5086 3799 5156 καθ’ἣμᾶς,

2188 5175 2261 5229 ὧν
2304 5176 2394 5230 καὶ
2443 5175 2675 5257 ἀδελφὸς
2728 5179 2927 5250 ἠξίωσε
2974 5178 3271 5252 κληθῆναι,
3323 5181 3398 5253 μή
3450 5177 3632 5248 ἐπίσης
3682 5175 3801 5245 ἡμῖν

2187 5267 2656 5344 περιγραφόμενος
2689 5288 2702 5339 ;
2737 5273 2859 5331 Πῶς
2911 5266 2969 5324 δὶ
3017 5272 3343 5344 γεννηθῆναι
3393 5269 3546 5340 νόμῳ
3588 5264 3799 5338 φύσεως,

2193 5354 2267 5425 μὴ
2327 5352 2569 5430 ἐμφερὴς
2616 5356 2690 5412 ὢν
2749 5361 2817 5431 τῇ
2868 5359 3043 5431 οἰκείᾳ
3090 5360 3301 5435 μητρί;
3351 5359 3414 5415 Εἰ
3455 5357 3542 5412 οὗν
3585 5354 3644 5409 οὗ
3674 5370 3803 5425 περι·
