4062 6280
306 366 464 428 1189

1583 351 2140 416 EPISTOLARUM
2186 352 2327 414 LIB.
2375 352 2455 414 II.

3550 358 3708 419 1190

300 500 623 576 γέγραπται,
659 495 758 552 οὐκ
802 493 863 551 ἔκ
907 498 1015 551 τῶν
1060 493 1396 567 παρθενικῶν
1445 488 1629 558 αὐτῆς,
1675 487 1941 560 αἱμάτων,

2059 488 2134 543 sit
2162 489 2333 545 matri
2358 505 2477 544 suae
2527 488 2784 546 similis?
2828 490 2951 546 Nisi
3001 490 3183 562 igitur
3209 497 3299 548 est
3346 492 3705 551 circumscri-

298 588 351 662 ἐξ
412 589 486 643 ὧν
546 585 1024 660 ἒπλαστούργησεν
1085 584 1261 651 ἑαυτῷ
1316 579 1462 649 ναὸν,
1526 576 1651 632 ἀλλ’
1703 576 1952 651 οὐράνιον

303 676 481 754 φέρων
513 679 676 749 σῶμα
707 691 722 706 °
772 673 953 735 καθὼς
1001 667 1316 746 Μαρκέλλῳ
1360 672 1441 738 τῷ
1473 667 1731 741 αἱρετικῷ
1781 662 1950 734 δοκεῖ,

298 766 393 820 καὶ
469 768 589 825 τοῖς
662 763 767 837 πρὸ
842 762 1008 817 αὐτοῦ
1077 758 1248 814 πάλαι
1334 756 1598 831 ἀσεβέσιν.
1680 754 1947 810 Ἐντεῦθεν

300 853 499 911 λοιπὸν
529 849 656 907 οὐδὲ
708 852 892 926 μήτηρ
941 848 1167 919 ἀληθῶς
1199 849 1235 915 ἡ
1294 846 1500 919 μήτηρ,
1540 841 1689 899 ἀλλά
1736 840 1948 915 ψευδώ-

300 966 474 1020 νομος
506 961 521 975 ⁶
567 941 679 999 οὐδ’
724 945 861 1016 ἡμῖν
915 942 1133 1014 ὅμοιος,
1164 936 1291 994 ἀλλ’
1322 934 1683 1011 ἒτεροούσιος.
1716 934 1788 988 Οὐ
1841 934 1947 1007 μὴν

303 1034 431 1093 οὔτε
477 1032 658 1106 Ἀδάμ
705 1031 1068 1101 ἀνακέκληται
1104 1050 1119 1065 ο
1169 1033 1286 1090 πῶς
1338 1027 1439 1101 γάρ
1499 1025 1602 1094 ἀν;
1655 1026 1952 1099 ἑτερογενεῖ

300 1126 660 1194 ἀναστήσεται
710 1122 926 1193 σώματι
955 1120 1018 1174 τὸ
1064 1119 1295 1195 χοϊνόν;
1346 1115 1495 1171 Διότι
1543 1119 1622 1187 τῷ
1671 1112 1848 1187 ὁμοίῳ
1888 1110 1950 1169 τὸ

303 1215 499 1288 ὅμοιον
552 1212 917 1280 ἀνασώζεσθαι
966 1206 1253 1263 δέδεικται.
1306 1202 1443 1261 Οὔτε
1498 1204 1591 1259 οὖν
1638 1204 1667 1258 6
1725 1204 1949 1263 Θάνατος

300 1304 602 1373 κατεπόθη,
661 1301 799 1356 κατά
868 1299 931 1354 τὸ
1002 1297 1305 1352 ἀκόλουθον
1338 1312 1353 1325 ·
1432 1290 1559 1349 οὔτε
1631 1295 1666 1362 ἡ
1743 1293 1946 1365 νομική

302 1392 528 1467 λατρεία
607 1390 919 1446 πέπαυται·
1010 1385 1171 1462 χρεία
1251 1389 1580 1461 περιτομῆς,
1658 1382 1749 1436 καὶ
1842 1386 1950 1437 τῶν

302 1480 539 1538 λοιπῶν.

374 1662 557 1736 Ὁρᾷς,
590 1657 635 1713 ὦ
666 1660 764 1713 τοῦ
816 1659 950 1713 Θεοῦ
997 1654 1267 1729 ἄνθρωπε,
1295 1651 1373 1714 εἷς
1414 1652 1444 1706 ’ὀ
1497 1651 1769 1726 βάραθρον
1823 1649 1948 1703 ἀσε-

301 1746 450 1812 ϐείας
505 1746 837 1819 ἐληλακότες
896 1743 1251 1818 ἐνεπάρησαν,
1309 1740 1369 1797 ἐκ
1441 1744 1539 1796 τοῦ
1601 1740 1677 1813 μὴ
1753 1736 1949 1815 ἐγγρά-

302 1840 494 1919 φεσθαι
541 1837 632 1892 τὸν
684 1834 922 1910 Χριστὸν
966 1832 1018 1888 ἐν
1077 1830 1265 1886 πίνακι
1311 1828 1548 1900 δοξάζειν
1610 1829 1661 1883 οἱ
1720 1828 1944 1882 Είκονο-
1979 1863 2032 1927 Β

632 1924 1018 1995 Ἰουδαΐζουσιν
1111 1920 1214 1997 ἄρα
1311 1919 1591 2000 ἀσφαλῶς.
1678 1918 1949 1975 Ἐντεῦθεν

428 1946 518 1997 οι;

307 1948 518 2004 μαχοι;
648 1948 1018 1995 ιουοαιζουσιν
1111 1948 1214 1997 clpa.
1311 1948 1591 2000 ασςρτιΛως.
1696 1948 1949 1975 ιιιντευυεν

305 2014 430 2074 οὔτε
483 2020 585 2086 τήν
646 2014 929 2084 Θεοτόκον,
970 2010 1095 2067 οὔτε
1149 2010 1273 2065 τινὰ
1331 2014 1438 2065 τῶν
1497 2008 1665 2082 ἁγίων
1722 2003 1952 2081 παραδὲ-

304 2126 520 2181 χονται,
573 2104 663 2159 διὰ
717 2110 818 2173 τῆς
885 2106 992 2158 τῶν
1056 2099 1267 2156 οἰκείων
1338 2098 1513 2152 αὐτῶν
1583 2097 1946 2174 χαρακτήρων

301 2197 606 2270 ἀρνήσεως,
669 2192 796 2252 τοὺς
865 2187 1441 2266 χαρακτηριζομένους
1503 2182 1946 2260 βδελυττόμενοι.

304 2288 368 2341 Ἡ
401 2284 504 2360 γὰρ
533 2289 633 2352 τῆς
667 2282 876 2342 εἰκόνος
904 2280 1042 2351 τιμή
1088 2279 1177 2333 καὶ
1214 2276 1407 2350 ἀτιμία
1438 2276 1524 2349 ἐπὶ
1556 2275 1620 2329 τὸ
1667 2273 1950 2349 πρωτότο-

303 2395 404 2430 πον
435 2368 724 2442 διαϐαίνει,
771 2370 845 2432 ὥς
892 2389 1053 2445 φησιν
1085 2368 1113 2422 6
1170 2367 1332 2440 μὲγας
1383 2364 1691 2426 Βασίλειος.
1744 2361 1947 2419 Βδελυ-

304 2463 388 2533 ξαι
434 2462 526 2517 τὸν
586 2460 755 2516 τύπον
819 2462 916 2513 τοῦ
979 2460 1254 2530 σταυροῦ·
1314 2456 1405 2508 καὶ
1460 2453 1575 2508 τίνα
1634 2450 1949 2526 βδελύσσῃς

306 2550 436 2627 οὐχὶ
485 2551 575 2605 τὸν
625 2545 898 2619 ζωοποιὸν
951 2545 1221 2619 σταυρόνς
1273 2543 1457 2604 Οὕτως
1502 2546 1600 2596 τοῦ
1653 2539 1950 2616 βασιλέως,

306 2636 482 2700 οὕτως
512 2638 826 2694 οὑτινοσοῦν
858 2635 1151 2709 ἀνθρώπου
1185 2651 1198 2664 ⁶
1233 2632 1375 2686 οὕτω
1414 2632 1632 2686 καὶτοῦ
1681 2632 1946 2704 Χριστοῦ,

304 2734 407 2797 τῆς
435 2748 493 2783 τε
540 2728 762 2801 Μητρὸς
812 2726 1005 2794 αὐτοῦ,
1051 2724 1144 2778 καὶ
1191 2722 1393 2783 παντὸς
1444 2718 1625 2795 ἁγίου.
1675 2724 1948 2794 ’Ήρνηται

305 2822 399 2873 νῦν
433 2818 460 2872 ὁ
509 2818 761 2890 Χριστὸς,
810 2814 901 2870 καὶ
953 2810 1261 2883 δεδίωκται,
1306 2810 1396 2865 καὶ
1445 2807 1816 2883 ἐξουδένωται.
1850 2809 1949 2863 Καὶ

307 2907 571 2981 μακάριος
631 2907 703 2975 εἴ,
753 2905 949 2978 Πάτερ,
1001 2900 1236 2957 ἐναλθῶν
1290 2899 1382 2954 καὶ
1441 2898 1802 2973 ἀντεχόμενος
1846 2905 1946 2967 τῆς

304 2995 643 3072 ὀρθοδοξίας.
676 2993 853 3052 Ἀλλά
893 2992 1205 3068 προσεύχου
1236 2989 1326 3044 καὶ
1381 2989 1513 3062 ὑπὲρ
1552 2988 1689 3062 ἐμοῦ
1738 2992 1834 3043 τοῦ
1866 2990 1946 3043 oi-

297 3089 488 3161 κτροῦ,
546 3084 771 3141 κατόπιν
830 3082 963 3137 ἰέναι
1022 3086 1123 3149 τῆς
1181 3077 1490 3155 ἁγιωσύνης
1548 3099 1667 3147 σου,
1725 3076 1814 3131 καὶ
1867 3078 1944 3150 μὴ

294 3174 642 3244 ἀπωσθῆναι,
677 3170 766 3228 διὰ
795 3173 891 3232 τάς
922 3169 1186 3246 ἁμαρτίας
1224 3189 1349 3242 μου.

586 3263 705 3319 ΚΔ’.
749 3295 813 3304 -
856 3260 1164 3336 Ἰγνατίῳ
1199 3259 1430 3330 τὲκνῳ.
1476 3255 1662 3330 [σλζ’.]

2065 581 2223 648 ptus,
2254 595 2367 633 non
2401 594 2468 633 ex
2496 577 2764 650 virginali
2798 578 2985 649 ipsius
3020 581 3324 650 sanguine,
3358 598 3426 638 ex
3456 599 3570 654 quo
3594 584 3708 641 sibi

2062 668 2186 740 ipse
2214 668 2500 739 templum
2535 670 2834 737 exstruxit,
2858 670 2957 725 sed
2983 671 3207 727 cmleste
3228 674 3457 742 praefert
3476 690 3708 747 corpus,

2062 760 2147 814 uti
2188 757 2451 815 Marcello
2482 758 2753 815 haeretico
2803 760 2993 814 visum
3035 765 3146 825 est,
3194 762 3534 834 ceterisque
3565 765 3705 823 olim

2060 849 2258 919 impiis
2289 853 2423 903 ante
2454 848 2669 919 ipsum.
2710 847 2875 904 Unde
2923 854 3327 907 consectarum
3380 858 3488 920 est,
3522 860 3585 909 ut
3617 871 3710 911 ne-

2062 956 2174 1010 que
2206 943 2388 993 mater
2417 954 2546 993 vere
2570 942 2752 994 mater
2774 938 2871 1004 sit,
2904 939 3003 993 sed
3039 939 3247 994 falsum
3273 956 3483 997 nomen
3507 948 3668 1009 gerat
3693 960 3708 999 :

2061 1045 2167 1084 nec
2198 1028 2294 1083 ille
2323 1028 2533 1089 similis
2564 1027 2757 1096 nobis,
2792 1028 2885 1084 sed
2920 1033 3141 1084 naturas
3164 1029 3487 1086 dissimilis.
3512 1035 3708 1105 Neque

2059 1117 2239 1189 igitur
2268 1117 2453 1172 Adam
2484 1115 2811 1188 appellatus
2843 1121 2963 1173 est:
2993 1133 3128 1172 nam
3160 1135 3271 1189 quo
3301 1118 3361 1174 id
3392 1125 3559 1191 pacto
3580 1122 3608 1177 ?
3643 1124 3710 1178 In

2060 1206 2301 1262 alterius
2318 1210 2536 1261 naturis
2560 1221 2794 1275 corpore
2822 1213 3084 1278 resurget
3109 1208 3257 1276 quod
3284 1213 3554 1266 terrestre
3572 1216 3663 1268 est
3684 1212 3712 1267 ?

2060 1298 2224 1355 Certe
2254 1297 2433 1354 simili
2474 1297 2664 1353 simile
2714 1296 2925 1353 salvari
2966 1298 3330 1371 intelligitur.
3376 1301 3574 1374 Neque
3601 1302 3713 1374 igi-

2057 1391 2154 1443 tur
2183 1387 2336 1455 (nam
2376 1386 2434 1441 id
2478 1394 2568 1442 est
2598 1403 2666 1443 ex
2695 1402 2760 1443 eo
2810 1394 3194 1460 consequens)
3246 1405 3403 1445 mors
3433 1392 3710 1463 absorpta

2058 1483 2165 1540 est,
2199 1492 2389 1548 neque
2417 1475 2622 1547 legalis
2654 1477 2900 1532 servitus
2950 1478 3153 1533 desiit:
3189 1482 3315 1534 tum
3342 1496 3476 1536 vero
3517 1485 3574 1536 et
3604 1482 3709 1537 cir-

2058 1567 2433 1632 cumcisione,
2477 1571 2533 1622 et
2563 1564 2805 1638 reliquis
2835 1582 3002 1637 opus.

2128 1655 2325 1721 Vides,
2359 1672 2390 1711 o
2421 1654 2596 1712 homo
2629 1655 2753 1722 Dei,
2785 1654 2842 1710 in
2889 1672 3063 1728 quem
3105 1657 3357 1714 demersi
3388 1659 3707 1729 impietatis

2056 1746 2340 1817 gurgitem
2372 1745 2735 1800 Iconomachi
2759 1745 3118 1813 devenerint,
3144 1764 3259 1803 non
3290 1748 3521 1821 depingi
3543 1750 3708 1805 Chri-

2062 1839 2220 1890 stum
2251 1835 2310 1889 in
2360 1833 2558 1889 tabula
2601 1835 2970 1889 statuentes?
3015 1836 3250 1906 Absque
3299 1835 3417 1891 ulla
3465 1839 3708 1895 dubita-

2062 1923 2217 1977 tione
2241 1921 2564 1993 judaizant.
2596 1921 2736 1976 Hinc
2768 1938 2955 1992 neque
2986 1921 3313 1994 Deiparam,
3348 1942 3451 1980 nec
3481 1932 3708 1983 sancto-

2060 2028 2186 2066 rum
2205 2026 2559 2082 quemquam
2586 2011 2923 2075 admittunt,
2946 2027 3048 2083 per
3070 2014 3435 2084 negationem
3461 2017 3708 2088 propriae

2060 2100 2323 2171 ipsorum
2355 2100 2576 2168 formae,
2607 2115 2706 2155 eos
2740 2116 2974 2171 quoque
3015 2117 3265 2173 quorum
3298 2103 3484 2160 forma
3514 2106 3707 2175 expri-

2060 2190 2261 2256 mitur,
2296 2193 2684 2245 exsecrantes.
2729 2189 3014 2260 lmaginis
3043 2190 3198 2245 enim
3243 2190 3430 2247 honor
3472 2197 3529 2248 et
3568 2212 3706 2251 con-

2058 2283 2310 2349 temptus
2343 2278 2402 2334 in
2452 2283 2826 2351 prototypum
2859 2278 3028 2347 redit,
3061 2289 3121 2334 ut
3154 2296 3401 2352 magnus
3426 2282 3507 2337 ait
3544 2282 3706 2339 Basi-

2059 2368 2191 2425 lius.
2242 2369 2444 2423 Crucis
2492 2366 2939 2423 similitudinem
2989 2370 3343 2425 exsecraris:
3379 2387 3553 2441 quam
3585 2388 3704 2429 rem

2058 2461 2116 2511 te
2148 2457 2435 2511 exsecrari
2467 2456 2720 2511 censes?
2760 2473 2955 2513 nonne
2992 2456 3184 2527 ipsam
3231 2458 3518 2514 viviﬁcam
3566 2477 3701 2516 cru-

2059 2561 2181 2602 cem
2203 2544 2232 2600 ‘?
2262 2546 2357 2601 Sic
2381 2546 2450 2600 de
2477 2544 2629 2614 regis
2658 2545 2870 2616 efﬁgie,
2895 2549 2995 2600 aut
3012 2546 3273 2616 cujusvis
3305 2547 3563 2604 hominis
3585 2567 3604 2604 :
3626 2550 3707 2607 sic

2058 2641 2117 2692 et
2147 2634 2387 2705 Christi,
2418 2642 2471 2689 et
2502 2634 2705 2690 Matris
2727 2636 2854 2706 ejus
2874 2641 2931 2690 et
2961 2636 3149 2691 sancti
3179 2636 3517 2707 cujuslibet.
3540 2638 3706 2696 Nunc

2058 2726 2323 2782 Christus
2355 2730 2602 2797 negatus
2634 2729 2738 2795 est,
2788 2729 2847 2779 et
2878 2725 3332 2795 persecutionem
3366 2744 3572 2797 passus
3594 2734 3704 2797 est,

2057 2819 2115 2870 et
2144 2815 2466 2886 despicatui
2493 2813 2726 2869 habitus
2769 2818 2874 2869 est.
2908 2815 2979 2869 Et
3007 2815 3215 2871 beatus
3244 2831 3328 2884 es,
3361 2817 3547 2883 Pater,
3572 2834 3707 2874 eum

2056 2904 2301 2960 dimicas
2332 2920 2396 2958 ac
2426 2903 2704 2960 obniteris
2736 2920 2838 2976 pro
2868 2904 3186 2960 orthodoxa
3216 2905 3349 2962 fide.
3383 2906 3496 2963 Sed
3519 2911 3575 2963 et
3606 2924 3707 2979 pro

2057 3009 2151 3049 me
2180 2994 2389 3050 misero
2421 3009 2675 3066 precare,
2708 2997 2773 3048 ut
2809 2993 3071 3066 vestigiis
3119 2995 3440 3052 sanctitatis
3469 2999 3583 3053 tuae
3612 2996 3707 3052 in-

2057 3082 2285 3150 sistam,
2316 3098 2420 3139 nec
2451 3087 2687 3155 propter
2708 3088 2948 3154 peccata
2978 3099 3103 3138 mea
3131 3082 3347 3151 ejiciar.

2516 3261 2711 3319 XXIV.
2744 3290 2815 3303 —
2855 3263 3081 3335 Ignatio
3110 3263 3241 3332 ﬁlio.

1660 3356 1908 3407 Celebrat
1940 3357 2079 3410 illius
2109 3358 2317 3410 laudes.

370 3446 437 3501 Ἃ
492 3443 788 3521 γέγραφας,
856 3438 1040 3494 τέκνον
1118 3434 1495 3512 ἠγαπημένον,
1556 3432 1725 3510 ἔγνων
1762 3454 1789 3521 οῗ
1852 3435 1943 3490 καὶ

298 3533 484 3610 χαίρω
505 3532 717 3587 ἀκούων
742 3550 837 3584 σου
854 3531 951 3597 τῆς
978 3533 1183 3605 φωνῆς·
1218 3525 1280 3581 ού
1308 3526 1414 3599 μὴν
1436 3527 1508 3587 ὡς
1534 3520 1943 3598 ὑπολαμϐάνεις

292 3626 365 3680 τὰ
391 3622 508 3678 κατ’
538 3621 635 3694 ἐμὲ
666 3639 678 3651 ·
712 3616 861 3675 ἕωλα
891 3617 993 3692 γὰρ
1025 3616 1115 3672 καὶ
1147 3614 1420 3688 οὐδαμινά
1452 3634 1465 3648 ·
1500 3614 1648 3684 πλὴν
1687 3613 1737 3668 εἷ’
1764 3611 1946 3691 λέγοις

297 3710 629 3788 ὠφελεῖσθαι
660 3709 709 3763 ἐν
739 3712 853 3769 τοῖς
886 3705 1073 3781 λόγοις
1108 3727 1233 3778 μου.
1268 3706 1445 3783 Γράτρε
1472 3705 1561 3759 καὶ
1607 3702 1771 3780 δέχου
1805 3721 1819 3735 ·
1853 3704 1945 3759 καὶ

299 3802 499 3881 φθόνος
532 3797 731 3861 οὐδείς.
764 3797 1005 3870 Συνίημι
1054 3796 1172 3872 βίον
1202 3794 1382 3851 ἕλκειν
1433 3815 1491 3850 σε
1538 3814 1947 3869 στενοχωρητι-

300 3894 397 3949 κὸν
429 3890 483 3945 ἐν
514 3894 592 3961 τῷ
637 3889 868 3963 παρόντι
913 3884 1185 3961 διωγμῷ’
1236 3884 1415 3961 ὥσπερ
1466 3886 1555 3939 καὶ
1605 3885 1661 3937 οἱ
1707 3885 1948 3959 ὁμοτρό-

300 4001 421 4042 πως
484 3999 566 4033 σοι
623 3976 1016 4052 κρυπτόμενοι.
1067 3972 1225 4031 Ἀλλ’
1283 3976 1318 4043 ἡ
1391 3972 1547 4036 ἐλπὶς
1620 3973 1943 4052 κουφίζὲτω.

298 4071 438 4148 Ἔχε
481 4069 548 4124 τὰ
593 4068 730 4123 κατά
779 4066 837 4120 σε
886 4066 1166 4142 ἀσφαλῶς,
1220 4064 1354 4136 μετά
1414 4066 1509 4117 τοῦ
1557 4060 1731 4117 καλοῦ
1780 4062 1945 4117 Εὐσε-

302 4156 449 4233 βίου,
499 4157 560 4211 ’ὀν
609 4157 696 4211 καὶ
748 4154 1162 4230 προσαγορεύω.
1194 4156 1257 4207 Ἠ
1306 4152 1453 4225 παρά
1497 4156 1604 4205 τῶν
1658 4151 1943 4225 αἱρετικῶν

294 4247 551 4303 κοινωνία
583 4247 649 4302 οὐ
698 4245 883 4307 κοινὸς
928 4241 1111 4318 ἄρτος,
1142 4239 1289 4297 ἀλλά
1333 4242 1639 4319 φάρμακον,
1672 4241 1735 4295 οὐ
1787 4245 1947 4313 σῶμα

297 4335 566 4413 βλάπτον,
612 4334 757 4391 ἀλλά
805 4335 991 4409 ψυχὴν
1043 4330 1304 4406 μελαῖνον
1347 4331 1437 4385 καὶ
1496 4330 1742 4401 σκοτίζον
1777 4351 1793 4365 ·
1852 4330 1942 4407 ῥί-

294 4446 448 4483 πτειν
476 4422 531 4479 δὲ
560 4424 650 4479 καὶ
682 4419 949 4498 κρύϐδην,
984 4421 1084 4477 ούκ
1130 4421 1257 4494 ἐμοὶ
1286 4420 1348 4475 τὸ
1397 4418 1596 4495 λέγειν.
1633 4418 1809 4477 Ἀλλά
1837 4424 1947 4475 τῶν

294 4516 601 4571 ποιούντων
652 4508 807 4589 φόϐῳ
841 4531 854 4544 ⁸
899 4512 1024 4587 περὶ
1066 4512 1140 4565 ὢν
1191 4510 1361 4565 ἐκεῖνο
1411 4507 1590 4586 λέγειν
1644 4505 1808 4575 ἔστιν,
1858 4508 1941 4564 ὅτι

296 4602 560 4662 Πολλοὶ
604 4607 731 4657 τῶν
781 4601 1133 4677 ἀρχόντων
1182 4598 1529 4655 ἐπίστευον
1577 4598 1668 4661 εἰς
1699 4599 1894 4654 αὐτόν
1929 4618 1941 4631 ·

295 4690 443 4747 ἀλλ’
494 4692 620 4766 οὐχ
666 4689 1065 4766 ὡμολόγουν
1121 4687 1228 4744 διὰ
1274 4689 1429 4749 τοὺς
1482 4687 1890 4762 Φαρισαίους
1925 4706 1938 4719 ο

285 4779 397 4835 ’ίνα
449 4781 533 4853 μὴ
588 4780 1117 4855 ἀποσυνάγωγοι
1164 4779 1510 4853 γένωνται.
1560 4778 1945 4853 Ἠγάπησαν

290 4871 414 4948 γάρ
453 4876 576 4942 τήν
626 4868 816 4944 δόξαν
862 4875 988 4925 τῶν
1040 4870 1402 4945 ἀνθρώπων
1449 4868 1706 4943 μᾶλλον
1748 4872 1782 4938 ἢ
1825 4871 1939 4939 τὴν

294 4960 492 5032 δόξαν
539 4964 654 5015 τοῦ
702 4964 885 5015 Θεοῦ.
937 4958 1003 5016 Εἰ
1056 4956 1113 5014 δὲ
1160 4956 1465 5034 ὀρθοδόξων
1518 4960 1573 5013 αἱ
1632 4959 1788 5035 εὐχαὶ
1843 4966 1941 5027 τῆς

292 5051 605 5127 ἱερουργίας
637 5070 650 5083 ·
703 5052 756 5105 τί
802 5055 988 5120 τοῦτο,
1040 5050 1085 5106 εἱ
1144 5051 1289 5125 παρά
1345 5051 1633 5126 αἱρετικῶν
1680 5050 1941 5126 γίνοιντο,

294 5136 672 5214 συμϐάλλεται
701 5162 715 5211 ;
750 5139 823 5195 Ού
852 5141 951 5217 γάρ
985 5142 1062 5202 ὡς
1091 5141 1118 5194 6
1150 5141 1387 5209 ποιήσας
1420 5139 1583 5203 αύτάς
1616 5144 1902 5217 φρονοῦσιν
1924 5158 1938 5173 ο

297 5228 424 5286 οὐδὲ
472 5230 549 5291 ὡς
598 5229 755 5283 αὐταὶ
804 5229 858 5282 αἱ
907 5229 1082 5308 φωναὶ
1142 5229 1490 5301 σημαίνουσι,
1546 5229 1887 5284 πιστεύουσιν
1923 5249 1938 5264 ο

292 5319 514 5394 ἐπείπερ
545 5323 691 5373 πᾶσα
720 5320 754 5387 ἡ
792 5318 1162 5395 μυσταγωγία,
1191 5319 1432 5393 Χριστὸν
1466 5316 1753 5394 ἄνθρωπον
1798 5318 1940 5389 ἀλη-

293 5414 404 5472 θῶς
434 5410 750 5485 γεγενῆσθαι
782 5405 994 5478 δοξάζει
1027 5425 1041 5439 ’
1076 5409 1127 5463 οί
1159 5406 1219 5463 δὲ
1247 5410 1550 5483 ἀρνοῦνται,
1584 5407 1679 5463 κᾶν
1716 5407 1939 5484 λέγωσι,

292 5498 383 5554 διὰ
410 5500 474 5553 τὸ
504 5502 721 5574 φρονεῖν
754 5500 829 5569 μή
864 5495 1279 5566 ἑξεικονίζεσθαι
1309 5497 1487 5554 αὐτόν.

370 5716 419 5753 ⁴⁸
444 5715 613 5774 Joan.
644 5729 747 5781 xu,
774 5714 867 5773 42.

2125 3441 2260 3505 Quae
2304 3440 2611 3513 scripsisti,
2662 3440 2873 3498 dilecte
2920 3442 3024 3511 (ili,
3098 3441 3375 3510 intellexi,
3415 3461 3480 3499 ac
3500 3460 3700 3501 vocem

2057 3540 2214 3587 tuam
2247 3531 2479 3603 quidem
2510 3532 2712 3588 audire
2744 3549 2837 3589 me
2882 3533 3166 3589 delectat:
3202 3538 3262 3589 at
3291 3550 3383 3590 res
3414 3552 3555 3591 meas
3584 3553 3700 3592 non

2055 3622 2140 3676 sic
2171 3625 2333 3689 sunt,
2364 3627 2431 3677 ut
2461 3626 2521 3677 tu
2554 3622 2896 3678 existimas:
2930 3639 3065 3678 nam
3090 3623 3455 3680 suntinanes
3487 3640 3553 3680 ac
3576 3626 3704 3681 nul-

2056 3710 2171 3765 lius
2203 3711 2397 3782 pretii,
2430 3710 2543 3766 nisi
2596 3713 2748 3782 quod
2800 3712 3171 3768 sermonibus
3220 3713 3366 3769 meis
3406 3714 3600 3784 juvari
3647 3719 3703 3771 te

2055 3800 2159 3854 ais.
2191 3800 2390 3856 Scribe
2419 3804 2476 3856 et
2506 3800 2740 3872 accipe;
2783 3816 2888 3856 nec
2918 3800 3211 3859 invidebo.
3238 3800 3502 3874 Intelligo
3525 3804 3700 3859 vitam

2059 3888 2288 3945 trahere
2317 3893 2373 3945 te
2404 3888 2637 3961 plenam
2686 3889 3092 3945 molestiarum
3125 3891 3181 3945 in
3213 3892 3480 3962 praesenti
3512 3907 3702 3962 perse-

2057 3978 2326 4033 cutione:
2362 3979 2855 4051 quemadmodum
2901 3983 2959 4033 et
3006 3979 3045 4032 ii
3078 3980 3179 4049 qui
3232 3979 3500 4035 similiter
3545 3997 3609 4036 ac
3641 3988 3700 4035 tu

2057 4068 2115 4123 in
2149 4066 2389 4123 latebris
2418 4069 2659 4139 degunt.
2685 4069 2795 4123 Sed
2830 4068 3085 4124 laborem
3110 4083 3240 4140 spes
3268 4067 3550 4125 sublevet.
3571 4069 3699 4125 Tibi

2056 4157 2260 4213 sedulo
2291 4173 2423 4213 cave
2454 4174 2585 4212 cum
2630 4158 2856 4229 egregio
2887 4156 3158 4223 Eusebio,
3192 4173 3362 4228 quem
3394 4161 3449 4213 et
3488 4158 3700 4215 saluto.

2053 4247 2392 4304 Communia
2424 4262 2559 4302 cum
2595 4246 2875 4302 hareticis
2908 4263 3022 4301 non
3058 4246 3220 4317 panis
3241 4247 3572 4302 communis
3595 4252 3697 4316 est,

2058 4340 2157 4393 sed
2190 4354 2499 4401 venenum,
2553 4336 2707 4408 quod
2750 4352 2863 4391 non
2896 4352 3107 4408 corpus
3141 4335 3399 4408 quidem,
3437 4336 3537 4392 sed
3578 4337 3701 4392 ani-

2057 4443 2219 4482 mum
2247 4428 2522 4482 obscurat
2551 4438 2609 4481 et
2639 4425 3017 4482 obtenebrat:
3051 4426 3333 4497 projicere
3357 4441 3489 4481 vero
3506 4427 3699 4483 occul-

2055 4524 2128 4583 te,
2152 4532 2268 4572 non
2291 4521 2378 4571 est
2401 4531 2593 4570 meum
2619 4515 2809 4571 dicere
2832 4532 2846 4583 ;
2868 4514 2967 4570 sed
2992 4519 3130 4569 sunt
3150 4514 3250 4586 qui
3274 4518 3430 4570 metu
3456 4515 3698 4585 faciant;

2054 4607 2125 4662 de
2156 4606 2367 4677 quibus
2399 4604 2543 4659 illud
2577 4619 2859 4675 usurpare
2901 4604 2986 4658 fas
3018 4607 3145 4658 est:
3186 4603 3344 4659 Multi
3387 4620 3457 4659 ea:
3485 4603 3701 4675 princi-

2050 4695 2215 4768 pibus
2262 4693 2613 4750 crediderunt
2662 4695 2720 4747 in
2768 4708 2932 4749 eum:
2983 4693 3083 4748 sed
3124 4695 3355 4763 propter
3399 4693 3702 4748 Phariszos

2055 4802 2163 4839 non
2210 4783 2625 4854 conﬁtebantur,
2682 4786 2743 4838 ut
2790 4797 2819 4837 θ
2865 4781 3155 4854 Synagoga
3200 4797 3309 4838 non
3350 4780 3701 4853 ejicerentur.

2053 4874 2378 4929 Dilexerunt
2432 4874 2582 4928 enim
2632 4871 2866 4940 gloriam
2923 4870 3214 4926 hominum
3271 4873 3470 4942 magis,
3538 4887 3704 4943 quam

2051 4964 2290 5036 gloriam
2348 4961 2446 5016 Dei
2504 4959 2573 5019 ‘5.
2635 4960 2793 5026 Quod
2854 4959 2905 5013 si
2976 4959 3360 5015 orthodoxum
3430 4967 3567 5015 sunt
3624 4978 3703 5017 ea;

2057 5068 2257 5126 preces
2288 5051 2501 5123 quibus
2533 5068 2624 5106 res
2656 5066 2822 5107 sacra
2852 5049 3147 5121 peragitur
3176 5065 3189 5104 :
3224 5065 3499 5120 quorsum
3520 5067 3591 5105 an
3626 5053 3700 5107 ab

2050 5141 2334 5197 haereticis
2365 5141 2476 5196 illas
2509 5140 2674 5203 fiant,
2726 5139 3131 5210 disceptatur?
3170 5140 3361 5208 Neque
3399 5137 3552 5194 enim
3605 5156 3701 5196 eas

2052 5230 2288 5301 perinde
2329 5239 2500 5300 atque
2547 5228 2807 5300 ipsarum
2858 5231 3063 5283 auctor
3111 5226 3485 5300 intelligunt:
3521 5242 3703 5299 neque

2049 5320 2104 5374 id
2132 5320 2373 5376 credunt
2401 5317 2556 5389 quod
2590 5332 2760 5373 voces
2806 5316 2947 5388 ipsa
2995 5315 3361 5387 significant:
3415 5316 3701 5387 siquidem

2049 5410 2130 5464 rei
2163 5424 2338 5464 sacrae
2372 5407 2625 5480 peractio
2673 5405 2863 5462 omnis
2910 5405 3209 5462 Christum
3242 5405 3540 5462 hominem
3570 5422 3703 5462 vere

2044 5496 2259 5553 factum
2285 5496 2521 5553 statuit:
2564 5495 2624 5550 hi
2672 5511 2806 5550 vero
2855 5498 3089 5565 negant,
3149 5493 3430 5564 quidquid
3482 5494 3699 5560 dicant,

2047 5585 2147 5657 qui
2179 5602 2311 5644 eum
2343 5586 2503 5659 pingi
2532 5599 2701 5656 posse
2729 5583 3085 5640 inﬁciantur.
