4062 6280
457 358 607 421 1191

527 493 1030 558 Quemadmodum
1061 492 1112 548 si
1144 492 1358 548 diceret
1385 489 1635 564 aliquis:
1686 491 1867 547 Credo
1898 491 1958 546 in
1990 492 2094 546 Pa-
2122 493 2176 560 Α

453 587 625 648 trem,
658 588 714 638 et
744 581 974 649 Filium,
999 586 1054 637 et
1083 581 1368 651 Spiritum
1402 584 1694 647 sanctum,
1729 579 1971 633 sentiret
2002 596 2099 633 au-

458 677 574 728 tem
591 674 892 739 Patrem,el
912 670 1493 740 Filium,etSpiritum
1509 674 1775 724 sanctum
1793 683 1963 722 unam
1977 683 2104 722 esse

460 761 812 832 bypostasim
827 761 937 816 sub
958 760 1172 830 triplici
1190 775 1452 826 nomine;
1479 760 1625 828 quod
1648 755 2102 828 fuitinsipientis

460 852 693 908 Sabellii
726 853 974 922 dogma;
1008 867 1132 921 age,
1157 851 1306 904 hunc
1332 849 1640 921 quisquam
1667 854 1930 905 nostrum
1951 848 2105 902 dicat

456 943 515 998 in
548 941 892 997 Trinitatem
934 939 1210 995 credere?
1256 937 1498 995 minime
1545 955 1718 995 sane:
1770 953 2101 1010 quanquam

454 1033 507 1087 is
538 1036 840 1088 asseveret.
877 1030 970 1086 Sic
999 1031 1198 1101 igitur,
1233 1047 1420 1101 neque
1469 1030 1582 1097 hic,
1617 1035 1681 1084 ut
1707 1029 1992 1100 loquitur,
2024 1027 2102 1082 ita

457 1122 657 1188 credit,
709 1121 976 1193 quamvis
1027 1121 1109 1174 rei
1158 1137 1334 1175 sacrae
1385 1121 1532 1174 ritus
1571 1120 1926 1175 orthodoxus
1976 1122 2097 1172 est:

457 1214 555 1268 sed
589 1213 638 1266 is
670 1212 971 1266 incassum
1005 1211 1280 1279 loquitur,
1314 1211 1398 1264 vel
1433 1210 1627 1282 potius
1656 1209 1821 1263 ludos
1849 1209 1993 1278 agit,
2034 1223 2100 1262 ac

454 1301 755 1373 liturgiam
815 1300 1168 1355 contumelia
1215 1299 1442 1354 afﬁcit:
1505 1299 1980 1370 quandoquidem
2045 1301 2102 1350 et

456 1391 900 1462 praestigiatores
956 1394 1012 1443 et
1069 1388 1458 1443 incantatores
1508 1387 1721 1442 divinis
1780 1387 2102 1442 abutuntur

454 1480 693 1536 canticis
744 1479 801 1533 in
851 1479 1267 1533 daemoniorum
1321 1479 1516 1533 sacris.
1567 1478 1962 1534 Prwstabilius
2011 1484 2102 1534 est

457 1585 614 1635 eum,
646 1570 744 1638 qui
777 1569 1036 1623 nondum
1070 1567 1144 1622 sit
1171 1583 1333 1622 sacro
1381 1568 1538 1622 fonte
1562 1565 1803 1633 tinctus,
1829 1567 1873 1622 si
1905 1568 2098 1638 bapti-

459 1665 616 1714 zator
659 1659 1012 1715 orthodoxus
1061 1674 1178 1712 non
1227 1657 1394 1723 adsit,
1446 1675 1479 1712 a
1529 1658 1850 1724 monacho;
1903 1662 2001 1711 aut
2048 1659 2099 1713 si

455 1749 605 1803 desit
653 1747 772 1816 ille,
823 1765 856 1802 a
908 1749 1051 1802 laico
1097 1746 1394 1816 baptizari,
1447 1747 1713 1801 dicente:
1767 1749 2099 1817 Baptizatur

454 1838 589 1892 talis
620 1838 679 1892 in
715 1838 948 1892 nomine
979 1836 1182 1903 Patris,
1215 1842 1271 1890 et
1304 1835 1448 1904 Filii,
1495 1844 1548 1890 et
1592 1837 1839 1906 Spiritus
1870 1837 2095 1905 sancti;

2217 1828 2523 1900 Πνεόματος
2556 1845 2570 1858 '
2615 1827 2650 1896 ἢ
2696 1827 3000 1904 ἀφώτιστον
3059 1822 3372 1899 ἐκδημῆσαι
3405 1841 3420 1855 °

458 1943 630 1999 quam
662 1927 873 1982 lavacri
907 1931 1197 1996 expertem
1232 1941 1260 1980 e
1298 1926 1416 1981 vita
1465 1926 1662 1981 abire:
1719 1931 1774 1980 et
1822 1924 1918 1980 ille
1966 1941 2097 1980 vere

454 2016 777 2087 baptizatus
810 2020 919 2072 est.
955 2017 1033 2071 Ex
1077 2015 1421 2071 necessitate
1462 2015 1618 2070 enim
1668 2016 1733 2069 ﬁt
1762 2015 1906 2085 legis
1936 2031 2099 2070 com-

455 2105 740 2166 mutatio;
777 2105 857 2160 uti
888 2104 1027 2160 olim
1058 2105 1277 2160 factum
1309 2111 1365 2160 et
1397 2105 1778 2160 constitutum
1810 2109 1919 2160 est.

862 2194 1028 2250 XXV.
1063 2224 1132 2238 --
1161 2196 1321 2250 Petro
1359 2194 1562 2251 Nicaea
1599 2193 1694 2266 (1).

1695 356 1755 417 S.
1803 353 2202 418 THEODORI
2247 354 2621 431 STUDITIE,

3699 351 3836 414 1192

2279 492 2368 551 Ὡς
2398 487 2456 542 ἂν
2487 487 2532 543 εἰ
2578 487 2668 543 καὶ
2717 485 2888 563 λέγων
2915 508 2998 550 τις
3033 508 3046 520 ο
3101 484 3347 542 Πιστεύω
3392 482 3470 546 εἷς
3518 485 3723 558 Πατέρα
3749 486 3830 539 καὶ

2215 578 2334 632 Υὶὸν
2367 578 2455 631 καὶ
2491 578 2643 650 ἅγιον
2696 581 2911 650 Πνεῦμα
2942 597 2954 609 ·
2999 579 3213 654 φρονῶν
3265 571 3320 629 δὲ
3351 573 3437 628 ὅτι
3487 575 3514 627 ὁ
3546 575 3726 646 Πατὴρ
3753 575 3835 628 καὶ

2213 670 2240 722 ὁ
2294 668 2416 729 Υἱὸς
2472 666 2561 722 καὶ
2615 668 2676 722 τὸ
2737 669 2889 741 ἅγιον
2954 670 3170 737 Πνεῦμα
3230 665 3325 736 μία
3396 661 3684 722 ὑπόστασίς
3730 662 3832 717 ἐστι

2210 757 2567 830 τριώνυμος⁶
2623 757 2756 829 ὅπερ
2826 756 3059 830 ὑπάρχει
3140 751 3315 828 δόγμα
3386 747 3690 807 Σαϐελλίου
3742 756 3830 806 τοῦ

2216 847 2616 922 ματαιόφρονος
2651 863 2664 877 ·
2722 844 2772 900 τί
2834 843 2965 913 οὗν;
3023 842 3258 916 εἴπωμεν
3313 843 3405 896 τὸν
3460 846 3703 896 τοιοῦτον
3752 861 3830 895 πι·

2211 937 2412 990 στεύειν
2448 936 2522 996 εἰς
2551 932 2796 1010 Τριάδα;
2847 931 3101 1006 οὐδαμῶς
3137 953 3148 966 ο
3183 930 3278 987 κᾶν
3329 931 3483 1006 λέγῃ.
3518 932 3699 994 Οῧτως
3725 929 3832 996 οὖν,

2211 1022 2335 1079 οὐδὲ
2382 1023 2602 1079 ἐνταῦθα
2643 1022 2885 1078 πιστεύει
2935 1023 3009 1086 ὡς
3065 1020 3258 1094 λέγει’
3313 1019 3408 1074 κᾶν
3468 1017 3750 1090 ὀρθόδοξος
3799 1021 3832 1088 ἡ

2214 1116 2613 1189 μυσταγωγία·
2678 1113 2804 1169 ἀλλ’
2883 1110 3219 1186 εἰκαιολογεῖ
3276 1112 3304 1165 ὁ
3378 1109 3625 1171 τοιοῦτος
3684 1112 3832 1182 [Reg

2210 1209 2335 1260 cod.
2387 1204 2660 1276 ἑκάτερος]
2693 1221 2707 1235 ⁶
2777 1203 2991 1276 μᾶλλον
3052 1199 3108 1256 δὲ
3165 1198 3428 1274 ένυὸρίζει
3487 1198 3692 1269 παίζων
3745 1200 3836 1268 τὴν

2209 1291 2557 1366 λειτουργίαν
2593 1313 2605 1325 ο
2659 1292 2770 1346 ἐπεὶ
2816 1292 2904 1346 καὶ
2948 1292 3143 1365 γόητες
3169 1291 3259 1345 καὶ
3309 1287 3556 1344 ἒπαοιδοὶ
3605 1292 3835 1362 χρῶνται

2210 1382 2376 1443 θείαις
2435 1379 2602 1453 ᾠδαῖς
2661 1380 2711 1436 ἐν
2770 1386 2888 1442 τοῖς
2957 1376 3364 1454 δαιμονιώδεσι.
3432 1378 3701 1455 Συμφέρει
3753 1378 3836 1432 τὸν

2209 1468 2559 1538 ἀϐάπτιστον,
2602 1470 2648 1524 εἰ
2711 1471 2785 1543 μὴ
2842 1469 3148 1544 εὑρίσκοιτο
3212 1466 3502 1541 ὀρθόδοξος
3563 1468 3590 1521 ὁ
3653 1467 3831 1542 βαπτί·

2209 1567 2336 1631 ζων,
2389 1561 2492 1614 ὑπὸ
2542 1565 2808 1633 μοναχοῦ,
2853 1559 2910 1627 ἢ,
2963 1558 3052 1612 καὶ
3111 1559 3312 1613 τούτου
3371 1559 3444 1630 μή
3505 1556 3681 1625 ὄντος,
3745 1556 3839 1610 ὑπὸ

2209 1647 2402 1704 λαϊκοῦ
2455 1650 2833 1722 βαπτισθῆναι,
2885 1646 3135 1721 λέγοντος
3167 1667 3180 1680 ·
3243 1647 3563 1715 Βαπτίζεται
3624 1646 3651 1699 ὁ
3708 1642 3840 1698 δεῖνα

2209 1739 2283 1800 εἷς
2314 1740 2375 1792 σὸ
2406 1733 2577 1810 ὄνομα
2605 1742 2703 1792 τοῦ
2752 1737 2966 1810 Πατρὸς
2991 1737 3080 1791 καὶ
3128 1741 3226 1790 τοῦ
3258 1737 3385 1790 Tini}
3433 1734 3528 1789 καὶ
3557 1738 3652 1788 τοῦ
3699 1733 3839 1808 ἁγίου

3482 1825 3572 1879 καὶ
3633 1823 3838 1892 ἀληθῶς

2209 1913 2530 1988 ἐϐαπτίσθη.
2577 1918 2662 1990 Ἐξ
2711 1915 2947 1991 ἀνάγκης
2997 1916 3099 1994 γὰρ
3150 1917 3240 1970 καὶ
3287 1911 3458 1988 νόμου
3525 1912 3796 1989 μετάθεσις
3827 1933 3838 1944 ·

2211 2009 2285 2068 ὡς
2314 2005 2499 2084 γέγονε
2529 2006 2697 2063 πάλαι
2728 2007 2819 2061 καὶ
2851 2003 3247 2061 ἀποδέδεικται.

2501 2191 2621 2246 KE'.
2662 2221 2732 2234 —
2771 2189 2995 2264 Πέτρῳ
3032 2189 3335 2261 Νικαίας,
3371 2188 3570 2261 [σμβ’.]

1215 2293 1285 2341 De
1318 2291 1695 2342 hmreticorum
1728 2291 1948 2341 vitanda
1974 2292 2370 2342 communione.
2402 2291 2620 2350 (Baron.
2653 2304 2742 2339 an.
2771 2289 2883 2346 816,
2917 2303 2968 2337 n.
3001 2289 3100 2350 46.)

534 2375 733 2430 Sciens
777 2373 882 2429 tibi
931 2373 1088 2429 cordi
1130 2389 1278 2442 esse,
1330 2379 1394 2428 ut
1441 2378 1657 2439 tecum,
1707 2390 1869 2429 sacro
1923 2373 2109 2445 capite

462 2480 611 2531 meo,
645 2464 814 2519 nihili
846 2465 1015 2518 homo
1049 2463 1289 2534 loquar;
1315 2463 1530 2518 amoris
1563 2479 1716 2533 ergo,
1749 2479 1865 2518 non
1909 2479 2109 2518 neces-

463 2553 655 2608 sitatis
685 2569 882 2619 causa,
938 2557 1345 2623 nuncloquor.
1399 2553 1468 2606 Et
1511 2551 1748 2622 quidem
1795 2555 1918 2622 jam
1973 2557 2107 2607 ante

461 2643 688 2697 locutus
717 2659 816 2714 per
840 2641 1081 2697 alteram
1106 2642 1414 2712 epistolam
1439 2642 1633 2696 videor
1660 2658 1672 2695 :
1706 2658 1878 2712 quam
1905 2645 2106 2696 utrum

459 2733 751 2802 acceperis
801 2732 1016 2786 nescio.
1073 2735 1135 2787 In
1186 2738 1430 2802 utraque
1486 2737 1678 2786 autem
1732 2731 1934 2786 eadem
1992 2747 2101 2786 vox

459 2821 626 2885 mihi,
664 2826 726 2874 ut
761 2837 1000 2890 corpore
1031 2819 1238 2888 valeas,
1289 2821 1366 2874 mi
1399 2820 1588 2888 Pater,
1621 2821 1854 2875 ﬁrmum
1886 2819 2104 2875 verita-

462 2911 535 2966 tis
595 2911 1042 2965 fundamentum
1086 2911 1156 2963 ad
1213 2911 1527 2966 multorum
1576 2909 1977 2976 stabilitatem,
2029 2911 2100 2965 ad

458 3000 592 3055 fidei
646 3000 1030 3070 signaculum,
1081 2999 1153 3053 ad
1186 2999 1414 3054 laudem
1454 3000 1690 3068 Christi,
1735 3000 1803 3054 ad
1855 2999 2100 3070 gloriam

461 3094 742 3148 universas
773 3091 1076 3147 Ecclesiae:
1113 3094 1390 3161 quoniam
1421 3091 1770 3162 conspicuus
1804 3099 1860 3145 tu
1895 3091 2099 3146 oculus

455 3197 568 3254 prae
591 3181 833 3246 caeteris,
864 3180 1081 3235 Orienti
1105 3185 1160 3234 et
1187 3181 1480 3236 Occidenti
1514 3186 1707 3246 notus,
1743 3179 1963 3234 habens
1987 3196 2104 3234 una

455 3287 582 3326 cum
633 3271 749 3326 vita
797 3275 1019 3336 sancto,
1073 3269 1403 3324 facultatem
1465 3269 1749 3324 sermonis
1807 3270 2101 3324 eximiam.

455 3359 616 3416 Unde
645 3365 702 3415 et
725 3359 1173 3430 imperatoribus
1205 3358 1410 3412 charus
1459 3360 1654 3413 factus
1684 3373 1770 3423 es,
1802 3363 1858 3412 et
1888 3358 2104 3429 princi-

461 3449 638 3521 pibus
696 3448 981 3515 amabilis,
1031 3453 1090 3502 et
1135 3448 1432 3502 monachis
1483 3445 1808 3517 laudabilis,
1859 3447 2103 3519 propriae

456 3554 589 3592 vero
621 3537 884 3592 Ecclesia
904 3537 1046 3608 quid
1077 3537 1266 3592 dicere
1292 3553 1440 3608 Opus
1469 3537 1600 3592 est?
1622 3553 1755 3591 cum
1789 3537 2023 3591 beatum
2050 3542 2106 3592 te

458 3627 755 3698 praedicet,
815 3631 870 3680 te
919 3631 1198 3697 exspetat,
1241 3631 1511 3696 ametque
1557 3625 1629 3680 ob
1680 3625 1936 3695 plurima
1976 3643 2103 3697 quas

459 3715 698 3785 patrasti
720 3717 1240 3787 egregiafacinora,
1267 3716 1595 3770 utinfantes
1619 3715 1800 3769 ubera
1818 3720 2104 3785 materna,

458 3807 523 3857 ut
547 3803 686 3872 pulli
720 3804 1027 3872 nutricem,
1060 3808 1127 3858 ut
1158 3804 1290 3874 agni
1315 3820 1516 3858 verum
1545 3807 1856 3871 pastorem.
1891 3805 2103 3866 Quidni

457 3892 702 3948 autem?
738 3908 868 3946 cum
928 3892 1169 3948 auribus
1218 3893 1550 3948 insonantia
1599 3893 1850 3948 habeant
1880 3893 2108 3949 vivifica

455 3983 629 4037 verba
657 3986 795 4048 tua;
854 3999 971 4051 pris
1019 3982 1203 4036 oculis
1250 3990 1437 4037 erecta
1467 3998 1567 4052 per
1615 3987 1670 4036 te
1713 3981 1812 4037 Dei
1864 3983 2102 4053 templa.

459 4072 720 4126 Necdum
777 4071 905 4126 dico
956 4070 1454 4142 eleemosynarum
1503 4070 1724 4141 copias,
1775 4076 1833 4126 et
1883 4071 2107 4142 reliqua

458 4177 634 4229 Opera
663 4164 884 4215 sancta.
919 4159 1032 4214 Nec
1061 4175 1193 4214 vero
1233 4159 1515 4214 arbitrere
1547 4175 1639 4213 me
1671 4160 1943 4215 amicitiae
1973 4177 2105 4231 gra-

457 4248 684 4303 tiﬁcari.
716 4249 861 4303 Nam
893 4248 1000 4304 etsi
1032 4247 1216 4303 oculis
1249 4265 1361 4303 non
1397 4250 1694 4318 usurpavi,
1727 4250 1917 4303 audivi
1951 4249 2106 4303 nihi-

454 4337 715 4393 lominus
755 4355 824 4393 ex
870 4338 941 4393 iis
990 4339 1092 4409 qui
1140 4338 1425 4394 viderant.
1466 4337 1627 4401 Quod
1683 4339 1730 4392 si
1784 4355 1939 4393 nunc
1991 4339 2105 4392 haec

456 4435 697 4492 occupat
730 4427 1045 4498 piaculum,
1077 4443 1210 4482 vere
1260 4427 1457 4481 luscus
1511 4426 1606 4481 ille
1655 4436 1708 4482 et
1755 4427 2006 4483 externis
2051 4434 2107 4483 et

457 4605 708 4660 mireris.
739 4607 1000 4677 Apostoli
1037 4608 1096 4661 in
1149 4605 1446 4662 omnaculo
1477 4611 1663 4668 erant,
1697 4614 1753 4662 et
1785 4606 2102 4662 celeberri-

460 4714 619 4753 mum
650 4699 938 4770 templum
987 4697 1226 4753 deicidae
1262 4698 1646 4768 occupabant.
1690 4699 1905 4752 Eadem
1949 4714 2104 4752 nunc

458 4787 974 4844 Iconomachorum
1038 4789 1206 4856 ratio,
1255 4792 1311 4842 et
1368 4787 1611 4843 Judaica
1661 4787 2041 4843 sentientium
2087 4802 2100 4842 :

460 4895 609 4950 quos
640 4878 1277 4950 convertatjDominus,
1328 4886 1375 4934 et
1422 4877 1708 4933 custodiat
1753 4883 1810 4932 te
1861 4894 1963 4950 pro
2010 4894 2102 4933 me

459 4972 721 5022 orantem
758 4967 872 5023 tilio
904 4972 1026 5023 tuo.

2292 2369 2465 2432 Εἰδὼς
2493 2371 2574 2426 δτι
2622 2371 2800 2448 φιλεῖς
2849 2367 3162 2448 φθέγγεσθαί
3195 2388 3260 2440 με
3307 2368 3397 2422 τὸν
3449 2363 3668 2427 οὐδενὸς
3710 2364 3842 2434 ἄξιον

2217 2460 2352 2533 πρὸς
2403 2461 2460 2514 σὲ
2504 2462 2604 2528 τὴν
2655 2462 2799 2534 ἱεράν
2846 2481 2950 2531 μου
2997 2457 3237 2534 κεφαλήν
3275 2477 3288 2490 ·
3336 2456 3523 2534 φιλίας
3582 2456 3760 2530 χάριν,
3791 2451 3845 2507 οὐ

2215 2551 2404 2625 χρείας
2431 2550 2586 2606 ἕνεκα
2636 2548 2745 2621 ἤδη
2796 2551 3100 2628 φθέγγομαι
3135 2566 3149 2580 ·
3201 2546 3457 2624 φαίνομαι
3510 2544 3570 2601 δέ
3598 2545 3688 2600 καὶ
3731 2563 3846 2618 προ·

2214 2642 2570 2718 φθεγξάμενος
2604 2637 2674 2694 δι’
2723 2640 2906 2713 ἑτέρας
2954 2635 3248 2705 ἐπιστολῆς
3281 2655 3294 2668 ⁸
3327 2638 3393 2706 ἣν
3423 2634 3475 2688 εἶ’
3521 2632 3730 2704 ἐδέξατο
3761 2630 3846 2686 οὒκ

2213 2729 2528 2803 ἐπίσταμαι.
2586 2731 2673 2784 Ἔν
2734 2728 2824 2782 οὖν
2876 2724 3211 2803 ἀμφοτέραις
3281 2727 3361 2788 εἷς
3425 2745 3522 2797 μοι
3583 2725 3611 2778 ὁ
3673 2722 3843 2796 λόγος,

2214 2818 2472 2895 ὑγιαίνειν
2508 2839 2564 2872 σε
2608 2821 2687 2889 τῷ
2717 2819 2930 2890 σώματι
2979 2816 3068 2872 τὸν
3124 2815 3254 2888 ἐμὸν
3309 2814 3542 2890 Πατέρα,
3591 2815 3681 2870 τὸν
3747 2831 3846 2866 στε-

2213 2910 2330 2983 ρεὸν
2381 2907 2634 2981 θεμέλιον
2679 2915 2779 2976 τῆς
2831 2905 3112 2976 ἀληθείας,
3163 2905 3238 2967 εἰς
3299 2903 3550 2979 ἕδρασμα
3606 2903 3842 2971 πολλῶν,

2210 2999 2286 3062 εἷς
2338 2994 2606 3076 σφραγῖδα
2681 2996 2937 3064 πίστεως,
3012 2995 3088 3056 εἰς
3165 2991 3382 3050 ἔπαινον
3459 2993 3726 3066 Χριστοῦ,
3777 2991 3845 3052 εἷς

2211 3088 2371 3150 κλέος
2417 3093 2517 3155 τῆς
2568 3083 2705 3153 ὅλής
2757 3084 3082 3155 Ἐκκλησίας
3120 3104 3132 3118 ·
3194 3081 3379 3152 ἐπειδὴ
3439 3085 3739 3160 περιφανὴς
3787 3080 3843 3135 σὺ

2216 3176 2500 3255 ὀφθαλμὸς
2557 3175 2702 3250 παρὰ
2761 3177 2885 3237 τοὺς
2942 3174 3171 3242 ἄλλους,
3217 3173 3491 3238 Ἀνατολῆ
3551 3175 3638 3228 καὶ
3701 3171 3840 3226 Δύσει

2213 3266 2617 3343 γνωριζόμενος
2652 3283 2665 3296 ⁸
2718 3259 2861 3339 ἔχων
2913 3266 3044 3336 μετά
3088 3269 3184 3319 τοῦ
3233 3265 3380 3338 ἱεροῦ
3433 3265 3562 3337 βίου
3619 3263 3706 3316 καί
3758 3261 3838 3314 τὸν

2213 3357 2374 3429 λόγον
2435 3355 2766 3410 πολλοστὸν.
2829 3357 2910 3424 Ἐξ
2989 3355 3055 3408 οὗ
3103 3353 3191 3408 καὶ
3270 3351 3556 3428 βασιλεῦσι
3630 3353 3839 3425 γέγονας

2213 3445 2470 3524 φιλητὸς,
2547 3446 2636 3499 καὶ
2712 3443 2972 3518 ἄρχουσιν
3066 3443 3309 3517 ἐραστὸς,
3387 3442 3477 3496 καὶ
3568 3445 3840 3516 μονασταῑς

2213 3535 2489 3598 ἐπαινετός
2527 3556 2537 3566 ·
2589 3539 2655 3609 τῇ
2707 3533 2763 3590 δὲ
2820 3534 2995 3606 οῗκείᾳ
3041 3533 3338 3606 Ἐκκλησία
3377 3534 3429 3589 τί
3490 3533 3574 3589 δεῖ
3627 3535 3712 3587 καί
3768 3529 3843 3584 λέ-

2213 3645 2368 3700 γειν;
2426 3625 2800 3698 μακαριζοόσῃ
2852 3645 2909 3678 σε
2954 3623 3044 3678 καὶ
3093 3622 3453 3697 ἐπιποθούσῃ,
3508 3621 3580 3678 δι’
3627 3622 3660 3676 ’ἀ
3701 3619 3842 3694 ἕδρα-

2214 3737 2309 3777 σας
2367 3715 2597 3770 πλεῖστα
2667 3714 2749 3769 ὅτι
2812 3713 3053 3786 μάλιστα
3121 3715 3551 3788 κατορθώματα,
3611 3714 3683 3774 ὡς
3755 3713 3842 3780 νή-

2214 3825 2312 3858 πια
2391 3803 2518 3866 τοὺς
2608 3802 2910 3879 μητρικοὺς
3001 3802 3224 3876 μαζοὺς,
3302 3804 3374 3864 ὡς
3463 3804 3673 3858 νεοττοὶ
3753 3801 3839 3868 τήν

2213 3895 2437 3967 τροφὸν,
2498 3894 2572 3956 ὡς
2626 3893 2784 3966 ἄρνες
2839 3895 2930 3948 τὸν
2986 3891 3212 3960 ἀληθῶς
3267 3890 3525 3964 ποιμένα.
3586 3892 3681 3947 Καὶ
3737 3895 3839 3948 πῶς

2214 3984 2318 4056 γὰρ
2351 3979 2450 4052 οό;
2485 3977 2685 4036 ἔναυλα
2733 3977 2957 4057 ἔχοντες
2987 3982 3053 4036 τά
3102 3982 3288 4055 ζωηρά
3321 4002 3415 4035 σου
3467 3983 3707 4054 ῥήματα.
3737 3979 3837 4033 κατ’

2216 4072 2534 4149 ὀφθαλμοὺς
2594 4073 2890 4148 βλέποντες
2948 4071 3073 4134 τοὺς
3135 4072 3236 4126 ὑπὸ
3305 4077 3401 4126 σοῦ
3461 4071 3840 4146 ἀνορθωθέντας

2214 4161 2374 4224 ναοὺς
2407 4166 2560 4218 Θεοῦ.
2596 4163 2694 4216 Καὶ
2726 4160 2878 4217 οὕπιυ
2929 4160 3076 4238 λέγω
3106 4161 3169 4216 τὸ
3218 4158 3443 4234 δαψιλές
3473 4169 3574 4230 τῆς
3619 4158 3839 4230 ἐλεημο-

2218 4252 2406 4321 σύνης,
2458 4250 2548 4306 καὶ
2605 4252 2670 4305 τὰ
2729 4248 2898 4305 λοιπὰ
2963 4251 3267 4323 ὁσιώματα.
3329 4257 3426 4305 Και
3495 4252 3570 4324 μή
3651 4247 3836 4316 δόξειας

2217 4339 2374 4419 φιλίᾳ
2409 4361 2475 4412 με
2519 4341 2852 4415 χαρίζεσθαι.
2889 4340 2953 4394 Εἰ
2993 4340 3092 4416 γὰρ
3126 4338 3216 4393 καὶ
3265 4341 3340 4411 μή
3393 4337 3516 4412 ὄψει
3563 4331 3835 4396 ὑπέλαϐον,

2217 4429 2342 4485 ἀλλ’
2393 4431 2864 4503 ὅμωςζκατήκοος
2918 4428 3182 4506 ἐγενόμην
3237 4428 3382 4502 παρά
3439 4433 3548 4483 τῶν
3609 4426 3834 4483 εἰδότων.

361 4561 366 4569 .
455 4515 704 4570 internis
735 4516 958 4572 oculis:
993 4532 1063 4572 ne
1111 4516 1490 4579 contristeris,
1525 4515 1708 4578 beate,
1744 4533 1932 4588 neque
1963 4518 2103 4571 adeo

2217 4519 2276 4575 Ei
2310 4518 2365 4574 δέ
2395 4519 2478 4574 ὅτι
2529 4524 2620 4573 νῦν
2672 4520 2998 4594 κάθαρμαξὸ
3030 4521 3127 4589 ζὼς
3176 4516 3400 4589 ἀληθῶς
3451 4517 3837 4596 ἑτερόφθαλμος

2214 4610 2451 4670 καὶτοῖς
2501 4604 2601 4679 ἔξω
2648 4609 2886 4670 καὶτοῖς
2937 4605 3088 4663 ἔνδον
3137 4605 3350 4683 ὄμμασι
3398 4609 3620 4682 κατέχει
3668 4609 3836 4668 ταῦτα,

2218 4701 2291 4772 μή
2328 4696 2525 4765 λυποῦ,
2559 4698 2603 4752 ὦ
2648 4700 2823 4774 μάκαρ
2859 4719 2868 4728 ·
2927 4700 3066 4771 μήτε
3113 4701 3222 4770 μὴν
3271 4700 3581 4774 θαυμάσῃς.
3614 4699 3674 4751 O't
3719 4695 3836 4748 ἀπό·

2214 4788 2403 4844 στολοι
2435 4788 2487 4842 ἐν
2524 4793 2599 4861 τῷ
2647 4789 2877 4863 ὑπερῴῳ
2906 4790 3065 4860 ἦσαν,
3095 4790 3182 4842 καὶ
3233 4789 3326 4842 τὸν
3367 4788 3696 4864 περιβόητον
3725 4783 3835 4838 ναὸν

2214 4878 2264 4930 οἱ
2297 4877 2573 4934 θεοκτόνοι
2614 4874 3073 4952 περιελάμϐανον.
3107 4882 3339 4933 Τοιαῦτα
3387 4880 3478 4931 καὶ
3510 4877 3574 4932 τὰ
3625 4881 3728 4930 τῶν
3756 4871 3834 4928 Εἶ-

2210 4967 2538 5043 κονομάχων
2597 4968 2687 5021 καὶ
2748 4966 3195 5044 Ἰουδαιοφρόνων
3265 4972 3378 5022 νῦψ
3435 4966 3538 5029 Oti:
3615 4963 3834 5036 ἐπιστρέ-

457 5057 602 5126 ψειεν
635 5056 662 5108 ὂ
692 5055 912 5129 Κύριος,
945 5056 1034 5110 καὶ
1068 5057 1124 5110 σὲ
1149 5054 1531 5133 περιφυλάξειε
1557 5055 2006 5132 προσευχόμενον
2038 5055 2160 5127 περὶ
2191 5053 2329 5128 έμοῦ
2358 5061 2456 5111 τοῦ
2491 5060 2588 5111 σοῦ
2617 5054 2829 5112 τέκνου.

731 5175 928 5232 XXVI.
965 5208 1034 5217 —
1066 5177 1442 5247 Theophilacto
1472 5175 1824 5230 Nicomediae.

2287 5173 2424 5247 κςη.
2467 5206 2534 5216 —-
2574 5172 3022 5249 Θεοφυλάκτῳ
3061 5172 3543 5246 Νικομηδείας.
3587 5174 3771 5247 [σμγ’.]

1452 5275 1526 5324 De
1558 5276 1755 5323 sanctis
1784 5274 2126 5338 imaginibus.
2160 5274 2372 5336 (Baron.
2407 5289 2494 5325 an.
2527 5275 2638 5331 816.
2673 5289 2724 5324 n.
2755 5275 2862 5337 39.)

533 5383 808 5440 Jamdum
843 5381 1114 5454 optabam
1159 5377 1505 5436 beatitudini
1541 5387 1646 5434 lusa
1679 5377 1928 5434 scribere
1959 5395 1973 5433 :
2004 5380 2104 5435 sed

459 5473 643 5530 defuit
657 5472 793 5528 mihi
807 5470 1012 5526 humili
1027 5470 1188 5541 copia
1202 5467 1683 5525 tabellarii.Nunc
1696 5468 1797 5524 Dei
1813 5468 2107 5527 voluntate

2289 5373 2465 5430 Πάλαι
2517 5376 2818 5450 ἐπεθύμουν
2867 5375 3169 5433 ἐπιστεῖλαι
3217 5381 3286 5451 τῇ
3339 5376 3696 5452 μακαριότητί
3749 5393 3832 5428 σου

2216 5466 2302 5519 καὶ
2353 5466 2454 5520 οὐκ
2495 5463 2762 5543 ἐξεγένετό
2798 5479 2896 5541 μοι
2946 5473 3028 5541 τῷ
3074 5471 3311 5542 ταπεινῷ
3361 5470 3560 5542 ἀπορίᾳ
3601 5484 3835 5544 γραμμα·

2039 5595 2274 5652 NOTAE.

530 5701 550 5756 (
559 5701 611 5772 1)
641 5700 828 5771 Hujus
860 5698 1009 5755 Petri
1039 5697 1296 5770 episc0pi
1329 5696 1648 5755 honorifica
1680 5697 1898 5754 mentio
1927 5703 2013 5752 est
2041 5696 2099 5752 in
2134 5696 2262 5755 Vita
2292 5697 2349 5755 S.
2385 5698 2595 5756 Nicete
2627 5700 2775 5770 apud
2811 5699 3044 5756 Surium
3070 5700 3104 5754 3
3128 5697 3365 5772 Aprilis.
