4062 6280
298 338 452 401 1193

284 473 532 550 τηφόρου
566 491 580 506 ο

290 563 382 616 θον
417 582 521 635 μου
567 560 901 632 ἀποπληρῶ,
933 559 992 614 ’ὃν
1040 557 1264 619 εῗκότως
1297 554 1380 609 ἐπ’
1431 555 1565 627 αὐτῇ
1616 552 1891 624 κέκτημαι
1924 569 1939 583 ⁸

291 649 354 704 οὐ
407 651 574 721 μόνον
622 647 710 704 διὰ
759 651 855 718 τὴν
910 647 963 702 ἐν
1012 648 1198 718 Κυρίῳ
1248 641 1548 718 ὁμολογίαν
1580 659 1592 672 ·
1649 639 1795 695 ἀλλὰ
1842 640 1943 715 γὰρ

291 738 383 794 καὶ
421 737 573 801 ἰδίως
607 737 694 795 διὰ
737 741 835 808 τὴν
886 737 1155 812 ἐξαίρετόν
1202 755 1298 789 σου
1330 733 1478 807 παρὰ
1526 731 1651 792 τοὺς
1694 727 1943 789 πολλοὺς

293 827 654 904 ίδιοτροπίαν,
705 830 767 883 τὸ
819 826 1120 902 μειλίχιον,
1172 826 1237 880 τὸ
1304 821 1537 890 ἁπλοῦν,
1586 822 1648 876 τὸ
1697 820 1943 895 ἐπίχαρι,

294 919 358 973 τὸ
389 920 562 993 γλυκὺ
593 917 644 973 ἐν
692 923 809 980 ταῖς
852 917 1119 990 ὁμιλίαις,
1154 915 1217 970 τὸ
1264 913 1689 986 εὐπροσήγορον
1726 910 1779 964 ἐν
1828 915 1947 971 ταῖς

295 1006 579 1079 ἐντεύξεσι,
613 1006 675 1063 rd
720 1007 845 1081 περὶ
876 1006 1048 1061 πάντα
1103 1001 1433 1081 ἀγαθοεργές
1465 1019 1479 1033 ⁸
1530 1000 1620 1076 ἀφ’
1652 1000 1725 1052 ὧν
1775 1000 1801 1053 6
1845 1005 1945 1067 τῆς

298 1098 447 1170 ἱερας
499 1116 592 1149 σου
639 1099 826 1170 ψυχῆς
875 1094 1180 1170 χαρακτὴρ,
1236 1092 1325 1146 καὶ
1377 1091 1452 1163 μή
1502 1088 1803 1164 ὁρώμενος,
1860 1108 1946 1141 τε-

298 1188 570 1259 θεώρηται
612 1184 951 1259 ὡραϊσμένος
995 1183 1063 1257 τῇ
1104 1179 1359 1252 ποικιλίᾳ
1402 1182 1511 1234 τῶν
1562 1180 1790 1253 ἀρετῶν.
1821 1175 1949 1232 Ἀλ-

299 1275 374 1331 λά
404 1275 527 1351 περὶ
578 1273 741 1329 τοῦδε
776 1275 870 1346 μὲν
927 1274 1149 1339 ἱκανῶς,
1205 1272 1288 1326 δτι
1345 1266 1487 1342 μηδὲ
1532 1267 1721 1337 καιρὸς
1773 1265 1948 1340 ἐγκω-

302 1367 466 1439 μίων.
501 1364 568 1421 Τί
602 1362 659 1418 δέ
690 1384 774 1417 σοι
821 1363 1020 1429 ὦπται,
1053 1359 1097 1415 ὦ
1149 1360 1349 1435 μάκαρ,
1380 1360 1449 1414 τά
1495 1357 1775 1430 παρόντας
1822 1353 1949 1409 ἀλλ’

299 1453 431 1528 οὐχί
489 1457 686 1527 μικροῦ
741 1449 850 1506 δεῖν
907 1447 1270 1522 Ἰουδαϊσμος,
1330 1446 1455 1525 ἤτοι
1530 1443 1948 1518 Ἑλληνισμόςς

297 1542 583 1621 Ἀφῃρέθη
617 1544 644 1597 6
678 1543 885 1612 κόσμος
915 1544 1016 1605 τῆς
1049 1538 1399 1609 Ἐκκλησίας,
1424 1539 1458 1605 ἡ
1493 1534 1615 1611 ὄψις
1645 1538 1751 1590 τῶν
1784 1535 1946 1608 ἱερῶν

295 1636 441 1686 ναῶν
469 1631 600 1704 πυρὶ
651 1626 922 1702 παρεδόθη
955 1628 1024 1682 τὰ
1072 1621 1202 1701 ἅγια
1234 1645 1246 1659 ⁸
1305 1623 1445 1681 ἄλλο
1487 1645 1537 1679 τι
1591 1629 1785 1696 σχῆμα
1814 1642 1953 1695 γνω-

294 1722 501 1790 τίζεται
562 1718 615 1774 ἐν
674 1724 755 1791 τῷ
810 1720 1263 1793 Χριστιανισμῷ·
1321 1714 1432 1791 εἷ’γε
1497 1710 1579 1767 δεῖ
1635 1713 1951 1785 Χριστιανι-

298 1811 462 1881 σμὸν,
497 1806 641 1864 ἀλλὰ
676 1811 750 1880 μὴ
787 1805 1132 1878 Ἰουδαϊσμὸν
1183 1802 1392 1860 καλεῖν.
1428 1799 1690 1875 Εὕκαιρον
1720 1802 1810 1855 καὶ
1858 1803 1947 1855 νῦν

300 1895 483 1972 λέγειν
519 1914 533 1927 ·
571 1896 788 1970 Κύριε,
819 1894 974 1958 τοὺς
1005 1895 1358 1971 Προφήτας
1394 1912 1505 1945 σου
1537 1890 1948 1957 ἀπέκτειναν,

301 1989 412 2044 καὶ
458 1989 534 2042 τὰ
582 1985 1031 2060 θυσιαστήριά
1082 2006 1199 2039 σου
1246 1984 1686 2056 κατέσκαψαν.
1743 1982 1841 2035 Καί
1888 2001 1952 2058 γε

302 2075 541 2136 ἔκτειναν
591 2078 683 2133 καὶ
741 2099 805 2153 γε
849 2076 1204 2150 κατέσκαψαν.
1255 2077 1323 2131 Τὸ
1372 2075 1473 2149 γὰρ
1531 2074 1661 2142 ξέειν
1721 2074 1811 2126 καὶ
1872 2071 1950 2141 ἐξ·

306 2169 551 2245 ορύσσειν
598 2168 698 2236 τήν
759 2166 883 2239 ὄψιν
930 2166 1124 2232 αὐτῶν,
1177 2164 1307 2238 ούχί
1361 2163 1750 2218 κατασκάπτειν
1811 2160 1950 2215 ἐστὶν

303 2257 600 2337 ἐμφανῶςς
652 2254 858 2329 ’Δφελε
906 2255 1030 2329 ὄψιν
1081 2256 1366 2328 ἀνθρώπου
1406 2271 1421 2287 '
1481 2252 1571 2307 καὶ
1625 2251 1806 2306 οὐκέτι
1861 2248 1947 2307 ἄν·

306 2335 546 2423 θρώπος,
604 2345 752 2401 ἀλλά
806 2367 860 2400 τι
936 2342 1235 2419 ἔκτριυμα’
1311 2341 1420 2418 εἷ’γε
1474 2342 1567 2397 καὶ
1631 2335 1743 2395 ἔστι
1800 2344 1897 2414 ζῇν
1930 2358 1944 2373 ο

301 2436 730 2509 Ἕνεπύρισαν
774 2434 836 2490 ἐν
878 2434 1040 2507 πυρὶ
1079 2434 1149 2489 τὸ
1190 2431 1636 2507 ἁγιαστήριόν
1678 2451 1810 2483 σου.
1849 2428 1945 2483 Καὶ

303 2531 473 2581 ταῦτα
530 2525 750 2597 άληθῶς
785 2544 797 2557 ·
854 2530 1026 2578 πᾶσαν
1083 2522 1227 2577 θείαν
1286 2521 1467 2576 εἰκόνα
1525 2520 1575 2575 ἐν
1631 2520 1777 2593 πάσῃ
1836 2518 1943 2593 ὕλῃ

304 2616 674 2693 χαραχθεῖσαν
730 2612 1131 2689 ἐμπρήσαντες.
1162 2610 1457 2684 Ἀνέῳκται
1507 2609 1732 2686 γλῶσσα
1776 2607 1947 2683 βλάσ-

304 2725 515 2778 φημος,
543 2704 633 2759 τὸν
666 2703 897 2779 Χριστὸν
950 2700 1180 2757 εἷ’δωλον
1229 2698 1487 2775 λέγουσα,
1516 2700 1617 2768 τήν
1662 2698 1949 2767 Θεοτόκον,

303 2796 480 2848 πάντα
528 2788 700 2869 ἅγιον.
764 2791 863 2846 Καὶ
915 2791 1019 2866 γὰρ
1068 2795 1164 2844 τοῦ
1222 2788 1536 2867 ἀρχετύπου
1593 2789 1691 2854 τὴν
1750 2785 1949 2855 κλῆσιν

306 2884 369 2939 τὸ
418 2882 739 2959 παράγωγον
787 2883 1092 2950 κέκτηται·
1154 2876 1341 2948 ἐπειδὴ
1401 2879 1490 2933 καὶ
1546 2878 1648 2946 τήν
1708 2875 1951 2951 προσκύ-

304 2994 467 3030 νισιν.
537 2972 635 3028 Διὰ
680 2976 841 3026 τοῦτο
886 2971 976 3025 καὶ
1025 2969 1216 3045 [πάντα
1266 2972 1498 3043 σταυροῦ
1548 2966 1742 3036 τύπον,
1790 2986 1953 3020 σταυ-

304 3065 402 3140 ρὸν
447 3062 743 3135 καλοῦμεν,
788 3063 877 3116 καὶ
920 3063 1011 3135 ⁸⁷*]
1065 3063 1490 3135 προσκυνοῦντες
1538 3070 1627 3112 τὸν
1679 3057 1951 3126 ζωοποιὸν

308 3154 563 3227 σταυρὸν,
640 3150 1153 3227 προσπτυσσὸμεθα.
1213 3147 1391 3204 Ἀλλά
1465 3151 1631 3201 ταῦτα
1700 3146 1951 3220 ἐξετραγ-

1574 325 2130 390 EPISTOLARUM
2176 324 2319 385 LIB.
2368 325 2449 385 II.

638 475 727 526 νῦν
776 468 834 526 δὲ
892 465 1115 540 εὐδοκία
1163 469 1299 523 Θεοῦ
1356 462 1653 538 ἐπιτυχών,
1710 462 1801 517 τὸν
1848 461 1946 515 πό-

2065 465 2284 529 nactus,
2319 462 2516 531 expleo
2540 462 2893 519 desiderium
2920 479 3132 535 meum,
3159 464 3314 536 quod
3338 480 3474 536 erga
3497 469 3552 521 te
3568 467 3701 536 jure

3544 325 3698 386 1194

2052 552 2301 622 suscepi,
2337 568 2451 607 non
2484 553 2672 607 solum
2707 552 2779 606 ob
2813 557 2975 609 tuam
3008 554 3067 609 in
3102 554 3345 610 Domino
3376 555 3701 611 confessio-

2054 657 2208 709 nem,
2242 643 2339 696 sed
2376 642 2747 714 peculiariter
2776 644 2950 698 etiam
2977 645 3049 699 ob
3068 645 3331 715 egregios
3357 662 3471 716 prae
3500 644 3701 700 multis

2055 745 2246 785 mores
2268 734 2421 796 tuos,
2445 731 2807 798 suavitatem,
2836 732 3170 795 candorem,
3195 734 3462 803 gratiam,
3488 743 3539 787 et
3562 733 3702 788 mel-

2053 817 2218 874 litam
2261 821 2781 887 conversationem,
2825 822 3225 877 affabilitatem
3265 822 3321 877 in
3369 823 3701 894 congressi-

2055 909 2186 978 bus,
2236 913 2293 964 et
2349 925 2525 980 supra
2574 909 2770 965 omnia
2818 911 3261 967 beneﬁcentiam
3309 928 3324 966 :
3377 928 3447 967 ex
3487 912 3703 983 quibus

2056 1014 2234 1053 sacrae
2282 1000 2488 1052 animae
2538 1003 2651 1053 tua:
2701 999 3019 1068 character,
3072 1000 3182 1056 etsi
3230 1016 3342 1055 non
3383 1001 3700 1073 impectus,

2057 1092 2295 1144 ornatus
2341 1089 2498 1143 visus
2539 1093 2629 1144 est
2664 1089 2943 1145 virtutum
2987 1091 3283 1146 varietate.
3326 1091 3436 1147 Sed
3477 1092 3548 1147 de
3595 1092 3702 1148 hac

2058 1194 2118 1233 re
2151 1180 2331 1233 satis:
2376 1194 2482 1234 nec
2523 1178 2677 1233 enim
2718 1184 2949 1251 tempus
2979 1188 3060 1235 est
3091 1182 3515 1237 encomiorum.
3546 1180 3696 1244 Quid

2056 1283 2188 1322 vero
2222 1267 2346 1335 tibi,
2382 1284 2414 1322 ο
2466 1268 2653 1335 beate,
2702 1268 2820 1323 visa
2867 1273 3005 1324 sunt
3043 1269 3168 1325 haec
3213 1287 3337 1341 quae
3368 1271 3701 1343 geruntur?

2055 1358 2261 1412 Annon
2298 1374 2474 1428 prope
2511 1358 2874 1426 Judaismus,
2907 1363 3007 1414 aut
3038 1360 3415 1431 paganismus
3436 1362 3463 1415 ‘2
3494 1363 3701 1417 Detra-

2057 1450 2187 1499 ctus
2228 1450 2315 1500 est
2346 1450 2587 1501 ornatus
2620 1446 2904 1514 Ecclesiae,
2937 1464 3233 1503 sacrarum
3258 1450 3469 1504 aedium
3495 1450 3699 1505 facies:

2057 1535 2180 1607 igni
2212 1536 2428 1591 tradita
2460 1540 2593 1590 sunt
2634 1540 2875 1592 sancta:
2925 1536 3036 1592 alia
3066 1539 3332 1609 quaedam
3368 1539 3549 1594 forma
3578 1555 3704 1595 cer-

2060 1627 2218 1681 nitur
2247 1627 2304 1680 in
2339 1626 2820 1683 Christianismo:
2855 1628 2905 1684 si
2936 1629 3449 1685 Christianismum
3482 1630 3595 1685 dici
3616 1631 3701 1686 fas

2059 1721 2169 1782 est,
2202 1722 2258 1771 et
2292 1733 2404 1772 non
2441 1717 2632 1787 potius
2679 1717 3069 1773 Judaismum.
3107 1720 3271 1774 Nunc
3304 1722 3700 1791 opportunum

2060 1812 2149 1862 est
2181 1811 2240 1861 ut
2286 1808 2547 1862 dicatur:
2587 1807 2833 1876 Domine,
2892 1809 3183 1879 prophetas
3218 1812 3338 1865 tuos
3375 1812 3701 1878 occiderunt,

2058 1899 2110 1952 et
2139 1896 2345 1951 altaria
2386 1900 2482 1951 tua
2527 1896 2923 1953 ἀθάναται·αηί
2970 1897 3035 1952 ⁴⁶.
3083 1899 3151 1953 Et
3198 1898 3429 1969 quidem
3475 1899 3703 1955 occide-

2060 1990 2217 2051 runt,
2241 1987 2556 2058 etquidem
2582 1987 3013 2042 destruxerunt.
3045 1988 3291 2043 Eradere
3312 1987 3465 2043 enim
3490 1995 3543 2042 et
3564 1988 3702 2044 effo-

2061 2075 2195 2131 dere
2226 2076 2431 2131 faciem
2465 2092 2692 2142 eorum,
2714 2076 2851 2146 quid
2872 2077 3031 2132 aliud
3052 2082 3161 2145 est,
3185 2094 3364 2148 quam
3387 2086 3580 2148 aperte
3603 2079 3708 2134 de-

2060 2166 2330 2221 struere?
2381 2167 2559 2222 Aufer
2606 2165 2864 2222 hominis
2920 2166 3149 2234 faciem,
3204 2183 3318 2222 non
3363 2168 3486 2238 jam
3532 2166 3705 2223 homo

2058 2256 2186 2322 erit,
2204 2257 2303 2311 sed
2328 2256 2650 2311 abortivum
2677 2256 2978 2327 quiddam,
3004 2256 3052 2311 si
3078 2265 3271 2312 tamen
3293 2257 3479 2312 vivere
3502 2256 3702 2327 possit.

2058 2345 2424 2400 Incenderunt
2452 2348 2573 2417 igni
2616 2345 2962 2401 sanctarium
3011 2351 3169 2402 tuum
3212 2345 3280 2402 ⁴⁷.
3335 2346 3401 2401 Et
3439 2346 3546 2403 hoc
3574 2363 3708 2404 vere

2061 2435 2238 2489 item:
2274 2451 2507 2491 omnem
2558 2435 2811 2490 divinam
2862 2436 3182 2508 imaginem
3216 2452 3566 2509 quacunque
3588 2453 3711 2492 ma-

2061 2523 2207 2578 teria
2266 2539 2599 2593 expressam
2640 2530 3103 2580 concremantes.
3166 2530 3445 2596 Apertum
3499 2535 3582 2581 est
3641 2542 3708 2581 os

2062 2610 2490 2681 blasphemum,
2533 2610 2828 2669 Christum
2875 2612 3092 2669 idolum
3132 2612 3455 2685 appellans,
3489 2619 3545 2669 et
3574 2614 3711 2670 Dei-

2060 2715 2281 2770 param,
2323 2704 2381 2754 et
2419 2715 2649 2756 omnem
2701 2705 3013 2757 sanctum:
3065 2702 3361 2774 archetypi
3413 2702 3712 2774 siquidem

2061 2803 2270 2844 nomen
2322 2790 2533 2845 retinet
2575 2790 2748 2847 etiam
2789 2793 3142 2864 exemplum,
3183 2792 3417 2864 quando
3456 2798 3513 2849 et
3559 2794 3705 2849 ado‘

2060 2879 2340 2933 rationem
2369 2895 2621 2951 quoque.
2656 2880 2873 2936 Idcirco
2906 2886 2963 2936 et
2994 2897 3225 2937 omnem
3258 2886 3464 2954 typum
3488 2882 3711 2951 crucis,

2060 2984 2293 3025 crucem
2343 2968 2728 3041 appellamus,
2771 2974 2828 3026 et
2865 2971 3151 3026 viviﬁcam
3185 2987 3419 3028 crucem
3453 2974 3710 3029 adoran-

2061 3065 2144 3112 tes
2176 3056 2604 3127 amplectimur.
2654 3059 2866 3114 Verum
2920 3059 3044 3116 hinc
3091 3076 3196 3133 ego
3228 3060 3470 3116 humilis
3504 3062 3711 3133 deplo-

2063 3147 2203 3210 ravi,
2240 3162 2355 3202 non
2409 3148 2578 3218 quasi
2628 3148 2842 3203 erroris
2891 3149 3202 3220 perniciem
3254 3150 3485 3221 ignoret
3515 3156 3715 3207 exacta

308 3240 501 3314 ᾠδησα
560 3243 586 3296 6
664 3239 937 3311 ταπεινὸς,
998 3239 1106 3313 οὐχ
1164 3239 1239 3300 ὡς
1303 3237 1609 3311 ἀγνοούσης
1688 3256 1781 3289 σου
1858 3241 1955 3303 τῆς

2073 3235 2355 3306 sapientia
2387 3217 2519 3290 tua:
2554 3251 2623 3290 ne
2655 3239 2869 3292 stultus
2892 3217 3122 3294 videar:
3148 3239 3249 3295 sed
3277 3217 3347 3294 ut
3376 3238 3569 3295 cordis
3602 3241 3714 3297 mei

318 3332 602 3407 πανσόφου
650 3330 996 3398 τελειότητος
1043 3334 1143 3397 τῆς
1191 3326 1401 3395 πλάνης
1448 3325 1539 3379 τὸν
1590 3322 1835 3399 ὄλεθρον,
1881 3325 1957 3396 μὴ

314 3442 372 3475 τι
402 3421 634 3491 πάθοιμι
688 3419 933 3493 μωρικόν
965 3437 978 3450 ⁸
1030 3417 1092 3471 τὸ
1145 3415 1431 3471 θλιπτικὸν
1481 3411 1537 3468 δὲ
1582 3414 1752 3473 πάθος
1794 3433 1966 3487 παρα-

324 3509 667 3583 μυθούμενος
723 3514 825 3577 τῆς
883 3507 1120 3579 ἐμαυτοῦ
1178 3502 1401 3578 καρδίας
1457 3502 1543 3558 διὰ
1600 3506 1706 3557 τῶν
1764 3501 1962 3578 ἀναιρο-

322 3603 433 3674 ρῶν
467 3618 477 3629 '
540 3596 597 3652 a'i
653 3618 770 3651 πως
824 3595 1093 3670 πεφύκασι
1148 3592 1515 3666 λαλούμεναι,
1573 3591 1848 3670 κουφίζειν
1899 3591 1967 3646 τὰ

320 3686 557 3765 ἒνκρυφῆ
613 3687 836 3764 ἀλγεινά
867 3704 880 3716 ⁸
932 3685 1023 3741 καὶ
1076 3686 1189 3757 ἅμα
1244 3685 1510 3738 ὑποκινῶν
1556 3681 1723 3751 αὐτὴν
1768 3680 1964 3757 θερμό-

318 3796 477 3848 τερον
510 3777 791 3851 προσιέναι
823 3778 960 3847 Θεῷ,
1004 3779 1226 3849 ταχεῖαν
1276 3772 1588 3844 ἐπιτίμησιν
1639 3774 1867 3835 ποιῆσαι
1895 3775 1964 3844 τῇ

316 3870 531 3939 πονηρᾷ
577 3864 745 3939 ταύτῃ
815 3863 1014 3934 αἱρέσει
1067 3863 1142 3926 εἷς
1209 3862 1477 3935 σπτηρίαν
1531 3864 1627 3915 τοῦ
1684 3860 1820 3914 λαοῦ
1878 3859 1968 3912 αύ-

2073 3324 2326 3379 dolorem
2368 3325 2494 3396 ipse
2539 3325 2754 3381 leniam
2796 3329 3308 3385 commemorando
3344 3345 3357 3385 :
3411 3329 3603 3385 solent
3634 3330 3718 3385 si-

2078 3413 2308 3484 quidem
2356 3414 2736 3484 narrationes,
2796 3432 2929 3470 cum
2962 3416 3300 3487 efferuntur,
3344 3419 3601 3474 occultas
3635 3418 3722 3474 le-

2074 3520 2207 3559 vare
2262 3503 2594 3571 molestias;
2644 3512 2813 3574 atque
2862 3510 2927 3560 ut
2982 3506 3142 3562 illam
3194 3525 3308 3562 una
3357 3507 3602 3563 excitem
3650 3510 3722 3565 ad

2078 3593 2256 3647 Deum
2288 3592 2514 3648 enixius
2545 3594 2997 3665 deprecandum,
3033 3601 3096 3650 ut
3125 3598 3370 3652 celerem
3404 3597 3720 3653 vindictam

2076 3697 2263 3752 pravaa
2315 3682 2451 3736 huic
2504 3682 2711 3738 haeresi
2763 3684 2967 3739 reddat
2998 3686 3072 3741 ad
3104 3685 3307 3757 populi
3340 3686 3429 3742 sui
3462 3685 3721 3743 salutem.

2077 3770 2189 3826 Ora
2215 3771 2386 3826 etiam
2421 3788 2524 3843 pro
2558 3788 2647 3827 me
2679 3773 2917 3829 minimo
2964 3773 3083 3830 ﬁlio
3114 3779 3233 3843 tuo,
3275 3778 3445 3833 Pater
3478 3775 3725 3832 sanctis-

2077 3875 2244 3915 sume.

318 3960 441 4011 τοῦ.
473 3956 793 4033 Προσεύχου
825 3954 915 4009 καὶ
946 3952 1068 4027 περὶ
1100 3952 1235 4024 ἐμοῦ
1262 3954 1360 4006 τοῦ
1390 3948 1686 4025 ἐλαχίστου
1722 3970 1820 4003 σου
1850 3950 2060 4018 τέκνου,
2094 3948 2361 4025 ἀγιώτατέ
2397 3971 2500 4024 μου
2534 3952 2733 4026 Πάτερ.

606 4047 725 4100 KZ'.
766 4076 834 4086 —
872 4041 1169 4114 Τιμοθέῳ
1206 4039 1434 4113 τέκνῳ.
1478 4036 1668 4112 [σμδ’.]

2489 4042 2718 4099 XXVII.
2758 4074 2825 4085 —-
2864 4046 3138 4100 Timotheo
3168 4045 3306 4115 ﬁlio.

775 4142 981 4192 Laudat
1010 4143 1078 4191 ob
1109 4138 1468 4189 constantiam
1500 4144 1597 4203 pro
1628 4139 1923 4202 imaginum
1958 4138 2302 4189 defensione:
2336 4144 2448 4190 tum
2470 4141 2676 4205 jejunio
2707 4142 2923 4193 modum
2954 4143 3270 4206 praescribit.

404 4220 505 4279 O'ia
564 4241 658 4275 σου
716 4223 751 4289 ἡ
812 4223 989 4295 ψυχή,
1037 4219 1216 4273 τέκνον
1282 4239 1386 4291 μου
1442 4218 1701 4288 ποθητὸν,
1751 4238 1955 4273 τοιαυτί

2158 4220 2356 4287 Qualis
2388 4223 2623 4278 animus
2654 4227 2813 4293 tuus,
2840 4225 2921 4278 ﬁli
2952 4226 3027 4279 mi
3050 4226 3562 4296 desideratissime,
3588 4227 3735 4286 tales

332 4311 424 4366 καὶ
480 4312 545 4365 τά
600 4313 921 4385 γράμματα,
979 4307 1271 4381 θαρσαλέα,
1349 4305 1577 4381 εὔθυμοι,
1638 4306 1955 4380 εὖπρόθυμα

2091 4313 2147 4364 et
2176 4309 2379 4364 littera;
2411 4309 2592 4379 plenae
2624 4310 2862 4378 fiducia,
2905 4312 3221 4382 alacritate,
3256 4315 3615 4375 strenuitate.
3649 4316 3740 4371 in-

334 4399 585 4474 φιλόθεα,
615 4398 1001 4477 φιλομάρτυρα
1030 4418 1041 4429 ·
1092 4398 1179 4453 καί
1210 4419 1269 4471 γε
1306 4404 1405 4466 τῆς
1454 4399 1642 4475 ψυχῆς
1692 4397 1894 4455 εἰκόνες
1927 4417 1953 4450 ο

2094 4398 2248 4470 signi
2272 4414 2410 4469 erga
2436 4400 2610 4456 Deum
2634 4404 2691 4453 et
2713 4406 2989 4473 martyres
3003 4402 3298 4458 charitate.
3315 4404 3748 4478 Quippeimago

338 4488 544 4564 λόγοι·
622 4489 710 4542 καὶ
780 4486 840 4542 ἐκ
906 4492 1003 4543 τοῦ
1078 4487 1511 4563 περισσεύματος
1588 4493 1687 4554 τῆς
1748 4483 1955 4559 καρδία.

2093 4489 2274 4544 animi
2312 4505 2500 4545 sermo
2532 4493 2641 4558 est,
2693 4494 2750 4545 et
2780 4506 2848 4546 ex
2900 4492 3262 4548 abundantia
3314 4494 3509 4550 cordis
3560 4512 3744 4552 unus-

332 4578 557 4642 ἕκαστος
590 4578 737 4655 φέρει
778 4580 845 4632 τά
896 4577 1063 4651 λόγια
1096 4597 1108 4610 ο
1162 4576 1299 4631 ὥστε
1328 4576 1416 4630 καὶ
1450 4578 1600 4648 ἡμᾶς
1648 4575 1955 4631 ἀκούσαντά

2095 4578 2344 4649 quisque
2368 4580 2583 4647 profert
2604 4580 2851 4635 oracula.
2880 4580 2966 4635 Ita
2989 4586 3055 4636 ut
3084 4586 3140 4637 et
3161 4598 3289 4648 nos,
3314 4589 3617 4655 postquam
3644 4602 3747 4641 ver

336 4691 436 4725 σου
486 4672 595 4724 τῶν
646 4667 930 4743 ῥημάτων,
980 4666 1400 4742 ἐπιρῥωσθῆναι,
1450 4666 1540 4719 καὶ
1606 4663 1845 4739 μᾶλλον,
1897 4666 1955 4721 ἀν

2094 4668 2184 4722 bis
2218 4669 2331 4723 tuis
2363 4684 2531 4725 aures
2565 4670 2945 4739 praebuimus,
2982 4672 3214 4727 fortiore
3246 4673 3442 4728 animo
3465 4691 3529 4729 ac
3560 4676 3749 4745 magis

338 4758 689 4833 δρειωθῆναι,
739 4756 829 4811 καὶ
887 4758 1023 4829 πρὸς
1076 4755 1304 4825 ἄθλησιν
1364 4754 1703 4829 ἐπειχθῆναι.
1749 4753 1882 4827 Ἐμέ
1929 4753 1955 4809 ὃ

2095 4757 2241 4812 virili
2287 4759 2587 4828 fuerimus,
2632 4765 2690 4814 et
2720 4761 2790 4814 ad
2841 4768 3134 4816 certamen
3184 4763 3512 4818 ineundum
3568 4764 3750 4820 multo

334 4849 427 4904 καὶ
478 4849 506 4901 ὁ
566 4843 801 4926 ἀδελφὸς
854 4842 1133 4919 Ἀδριανὸς
1194 4843 1595 4919 ἐξηγησάμενος
1657 4843 1825 4898 πλέον
1886 4843 1955 4913 ἐξὲ

2096 4848 2504 4919 promptiores.
2538 4848 2629 4904 Me
2658 4866 2789 4903 vero
2822 4855 2878 4905 et
2903 4851 3072 4905 frater
3091 4851 3381 4907 Adrianus
3405 4854 3472 4906 de
3511 4862 3561 4908 le
3604 4870 3756 4910 nar'

2096 4953 2232 4991 rans
2264 4937 2659 4992 vehementius
2710 4938 2960 5009 perculit
2994 4956 3008 4994 :
3060 4956 3193 4995 cum
3258 4945 3316 4995 et
3348 4941 3622 4998 fiduciam
3654 4944 3756 5001 ille

2095 5032 2278 5095 tuam,
2312 5031 2367 5082 et
2398 5028 2576 5083 robur
2606 5028 2808 5096 animi,
2842 5033 2899 5085 et
2943 5029 3171 5085 dicendi
3204 5029 3534 5088 libertatem
3571 5034 3753 5090 refer-

2098 5121 2203 5184 ret,
2237 5117 2560 5187 quinetiam
2590 5131 2646 5173 et
2677 5123 2859 5174 artem
2892 5118 3214 5175 disserendi
3241 5120 3517 5177 adversus
3543 5139 3757 5193 provo-

2097 5214 2308 5262 cantes.
2346 5206 2506 5263 Unde
2553 5206 2640 5262 hte
2673 5207 2777 5262 tibi
2827 5208 3037 5264 dotes?
3086 5226 3280 5265 annon
3326 5227 3395 5266 ex
3426 5211 3577 5267 bono
3616 5229 3753 5285 pro-

2098 5296 2288 5367 posito
2346 5298 2739 5365 antecedente,
2790 5314 2857 5355 ac
2903 5298 3115 5354 ﬁducia
3158 5298 3219 5355 in
3282 5300 3467 5357 Deum
3524 5319 3537 5369 ;
3596 5304 3767 5374 cujus

2099 5402 2207 5456 ope
2262 5385 2562 5457 superiora
2611 5386 2929 5458 pertulisti,
2982 5403 3051 5443 ac
3102 5404 3202 5459 spe
3292 5392 3501 5460 glorise
3550 5390 3650 5447 Dei
3682 5408 3792 5464 per

334 4958 481 4992 νισεν
517 4953 531 4967 ⁸
592 4934 912 5010 ἄναγγείλας
971 4956 1065 4989 σου
1123 4934 1185 4989 τὸ
1247 4931 1506 5007 εὸθαρσον
1564 4934 1659 4987 καὶ
1718 4934 1982 5007 σταθηρὸν

338 5028 428 5082 καὶ
487 5024 945 5099 εῦπαῤῥησίαστον
982 5043 994 5055 ·
1058 5022 1147 5078 καὶ
1210 5023 1302 5097 μέν
1360 5044 1443 5077 τοι
1499 5024 1585 5077 καὶ
1644 5021 1987 5078 διαλεκτικὸν

336 5118 477 5193 πρὸς
508 5116 634 5177 τοὺς
685 5114 1039 5189 ἐρεθίζοντας.
1072 5114 1237 5169 Πόθεν
1291 5134 1375 5169 σοι
1408 5118 1614 5183 ταῦτα;
1649 5115 1683 5183 ἢ
1732 5115 1860 5189 οὐχὶ
1895 5113 1982 5169 ἐπὶ

334 5214 440 5276 τῆς
512 5204 863 5281 προαγούσης
942 5205 1144 5279 ἀγαθῆς
1220 5204 1589 5279 προαιρέσεως
1667 5203 1757 5258 καὶ
1836 5203 1986 5265 θείας

338 5297 747 5371 περιποιήσεως
782 5311 794 5323 ·
848 5290 919 5347 δι’
965 5295 1032 5365 ἧς
1080 5294 1311 5370 ’ἤνεγκας
1356 5294 1423 5346 τὰ
1476 5288 1845 5367 προλαϐόντα,
1895 5294 1986 5349 καὶ

337 5385 571 5456 ἕστηκας
616 5386 685 5456 τῇ
735 5380 917 5437 ἐλπίδι
956 5391 1058 5453 τῆς
1107 5381 1267 5457 δόξης
1316 5386 1411 5437 τοῦ
1467 5386 1626 5454 Θεοῦ,
1673 5382 1836 5458 μέχρι
1882 5386 1984 5439 θα-

404 5586 451 5621 ⁴⁶
481 5585 555 5642 III
587 5585 726 5656 Reg.
782 5601 897 5651 xxx,
941 5585 1024 5639 14.

338 5659 533 5715 vimus.
569 5657 726 5712 Enn.

660 5758 935 5817 Punon.
982 5756 1091 5818 Gn.
1136 5755 1345 5819 XCIX.
3344 5762 3425 5827 38

1103 5584 1147 5619 ⁴⁷
1178 5585 1327 5642 Psal.
1361 5603 1555 5652 Lxxm,
1595 5588 1648 5640 7.
1728 5590 1795 5622 ιν
1827 5589 2068 5658 Inclusa,
2118 5588 2178 5643 in
2227 5588 2363 5643 adit.
2412 5587 2694 5644 Sirmondi
2724 5591 3060 5662 typographi
3090 5590 3222 5647 υείίο
3256 5595 3481 5664 omissa,
3513 5595 3735 5667 supple-
