4062 6280
451 346 608 410 1195

448 579 545 631 tus
569 573 596 628 ?
627 571 847 640 Gaude,
880 569 1110 624 laatare:
1143 585 1276 626 cum
1308 569 1424 625 Deo
1464 567 1687 623 valebis
1721 567 1920 623 omnia
1948 566 2089 623 tole-

450 682 600 731 rare,
634 679 846 719 corona
875 660 1126 718 victoria;
1151 660 1479 716 redimitus.
1505 659 1618 714 Sed
1649 663 1705 714 et
1728 675 1828 728 pro
1851 675 1943 713 me
1972 674 2094 727 ora,

449 759 642 824 frater,
678 760 743 809 ut
772 757 828 809 et
857 757 978 816 tua,
1012 762 1064 807 et
1095 751 1353 820 cujusvis
1395 751 1634 805 alterius
1689 749 1901 804 similis
1933 747 2094 803 vestio

449 846 546 920 gia
573 859 914 913 consequar.
956 841 1110 896 Sunt
1139 849 1331 896 autem
1364 839 1510 895 satis
1543 838 1710 894 multi
1746 855 1848 910 per
1887 837 2096 892 Christi

450 937 692 1010 gratiam
724 953 737 990 :
772 931 985 989 etenim
1035 930 1212 988 veluti
1259 931 1616 986 curriculum
1661 933 1751 985 est
1782 930 1838 984 in
1883 929 2010 985 luce
2040 933 2098 983 et

453 1028 764 1094 conspectu
800 1023 1093 1092 positum:
1131 1019 1362 1090 plurimi
1403 1034 1635 1089 quoque
1677 1023 1976 1089 martyres.
2015 1015 2097 1072 Ne

451 1115 607 1171 aliud
652 1113 830 1184 igitur
876 1110 998 1165 haao
1046 1125 1169 1180 quae
1235 1112 1522 1180 geruntur
1564 1107 1862 1163 existimes
1920 1122 2096 1177 quam

451 1201 665 1259 Christi
709 1199 1100 1272 negationem,
1139 1197 1332 1269 quoad
1385 1213 1483 1252 eos
1515 1197 1615 1267 qui
1647 1203 2094 1268 persequuntur,

451 1295 788 1363 factumque
821 1305 921 1360 pro
961 1287 1188 1344 Christo
1241 1286 1610 1358 martyrium,
1651 1286 1843 1357 quoad
1872 1302 1970 1342 eos
1998 1285 2098 1356 qui

452 1380 694 1455 praemia
723 1378 1001 1434 referunt.
1035 1379 1221 1448 Atque
1252 1375 1405 1431 istud
1456 1374 1694 1447 quidem
1744 1379 1833 1432 est
1861 1375 1923 1431 in
1953 1391 2098 1431 con-

452 1471 630 1528 fesso.
663 1470 808 1525 Nam
836 1472 911 1537 ,ut
958 1467 1019 1522 in
1049 1465 1235 1522 crucis
1284 1465 1542 1537 imagine
1589 1481 1731 1520 crux
1778 1465 1908 1537 ipsa
1951 1464 2100 1519 vivi~

453 1561 565 1617 ﬁca
595 1563 652 1614 et
681 1555 1041 1630 agnoscitur,
1079 1559 1138 1610 et
1168 1562 1450 1625 negatur:
1500 1553 1585 1610 sio
1629 1557 1686 1609 et
1733 1554 1794 1608 in
1844 1553 2099 1624 imagine

451 1647 668 1707 Christi
700 1647 852 1702 idem
883 1645 1010 1701 sine
1062 1642 1400 1700 discrimine
1428 1642 1812 1698 statuendum.
1846 1642 2100 1698 Mundus

451 1739 584 1795 licet
613 1737 938 1792 obcaecatus
971 1733 1066 1804 sit,
1097 1731 1182 1788 vel
1215 1732 1314 1788 ubi
1346 1732 1639 1788 Christum
1671 1733 1941 1804 abnegat,
1969 1748 2104 1788 con-

1691 345 1758 406 S.
1803 341 2208 405 THEODORI
2251 339 2621 405 STUDITIE

449 483 678 552 stitisti,
753 495 934 552 usque
1006 479 1078 535 ad
1145 477 1367 534 obitum
1439 478 1510 534 ad
1578 491 1834 550 pugnam
1897 477 2095 533 accin-

2207 474 2375 528 νάτου
2419 471 2910 548 εὐτρεπιζόμενος;
2970 481 3161 551 Χαῖρε,
3215 476 3498 556 εὐφραίνου
3531 497 3545 511 ·

3694 349 3836 410 1196

3609 479 3835 556 ἰσχύσεις

2199 565 2290 619 σὺν
2342 567 2458 636 Θεῷ
2505 563 2678 618 πάντά
2715 564 2973 638 ἐνεγκεῖν,
3002 565 3370 643 ἀθλοφορικὸν
3423 568 3673 647 στέφανον
3722 571 3834 626 ἀνα-

2199 651 2536 726 δησάμενος.
2591 652 2748 710 Ἀλλ’
2799 651 2966 726 εῦχου
3016 656 3209 724 κάμοὶ,
3264 653 3484 732 ἀδελφέ,
3536 661 3834 715 συνέπεσθαι

2201 745 2284 798 σοί
2318 763 2375 798 τε
2406 742 2494 797 καὶ
2539 740 2594 797 εἷ’
2635 764 2742 797 τινι
2772 742 2930 817 ἄλλῳ
2976 745 3190 820 παραπ)
3207 745 3370 818 ησίῳ.
3402 747 3598 802 Ἱκανοὶ
3647 747 3702 804 δὲ
3738 752 3836 825 χά-

2201 855 2309 910 ριτι
2355 835 2610 909 Χριστοῦ.
2644 835 2748 890 Καὶ
2797 835 2896 912 γὰρ
2947 837 3020 899 ὡς
3071 838 3133 892 τὸ
3186 834 3402 893 στάδιον
3455 837 3706 914 λαμπρὸν
3753 843 3835 896 καὶ

2202 923 2432 1004 ἐμφανὲς
2467 942 2480 957 ’
2532 923 2782 978 πλεῖστοι
2829 924 2919 979 καὶ
2979 927 3030 980 οἱ
3094 928 3379 1002 μάρτυρες.
3427 931 3514 997 Μὴ
3576 932 3680 1006 γὰρ
3727 931 3836 986 οἷόυ

2200 1039 2252 1074 τι
2309 1017 2450 1074 ἄλλο
2495 1018 2634 1072 εἶναι
2682 1017 2747 1072 τὰ
2793 1018 3049 1094 παρόντα,
3101 1021 3135 1090 ἢ
3186 1023 3423 1096 Χριστοῦ
3481 1021 3701 1097 ἄρνησιν
3755 1026 3835 1080 ἐπὶ

2203 1107 2330 1170 τοὺς
2380 1105 2676 1171 διώκοντας
2711 1127 2724 1140 ·
2786 1109 2880 1166 καὶ
2937 1111 3170 1185 Χριστοῦ
3232 1111 3526 1187 μαρτυρίαν
3589 1112 3664 1175 είς
3716 1115 3836 1178 τοὺς

2201 1197 2270 1252 τὰ
2301 1197 2440 1253 ἆθλα
2470 1197 2749 1273 φέροντας,
2779 1198 2870 1253 καὶ
2919 1203 3080 1254 τοῦτο
3113 1197 3369 1270 εὔδηλον.
3401 1206 3492 1264 Ὡς
3537 1203 3641 1278 γὰρ
3684 1201 3732 1257 ἐν
3772 1209 3835 1278 τῇ

2205 1287 2372 1342 εἰκόνι
2403 1292 2500 1344 τοῦ
2551 1291 2785 1362 σταυροῦ
2816 1289 2844 1343 6
2895 1290 3162 1358 ζωοποιὸς
3213 1293 3439 1364 σταυρὸς
3484 1292 3575 1345 καὶ
3621 1292 3833 1365 ὡμολό-

2205 1398 2368 1451 γηται
2401 1375 2490 1432 καὶ
2523 1374 2758 1449 ἤρνηται
2791 1396 2805 1410 ⁸
2859 1377 3000 1433 οὕτω
3030 1379 3119 1433 καὶ
3165 1379 3216 1433 ἐν
3260 1385 3328 1453 τῇ
3385 1379 3553 1436 εἴκόνι
3603 1385 3836 1456 Χριστοῦ

2204 1467 2269 1521 τὸ
2315 1467 2448 1521 αὐτὸ
2507 1465 2960 1542 ἀπαραλλάκτως.
3012 1467 3074 1522 Εἰ
3131 1469 3218 1523 καὶ
3277 1467 3622 1543 τετύφλωται
3682 1471 3708 1525 6
3756 1468 3836 1524 κό-

2207 1577 2346 1628 σμος
2378 1575 2391 1589 ’
2425 1557 2515 1611 καὶ
2547 1559 2778 1630 Χριστὸν
2809 1557 3158 1632 ἀρνούμενος,
3189 1559 3368 1629 παίζει
3395 1562 3496 1630 τὴν
3547 1557 3721 1636 ὕϐριν,
3755 1559 3835 1615 διὰ

2204 1645 2306 1713 τήν
2362 1648 2458 1699 τοῦ
2534 1641 2897 1720 ὑϐριζομένου
2970 1649 3370 1722 μακροθυμίαν.
3431 1649 3530 1704 Καὶ
3607 1648 3660 1704 τί
3714 1652 3836 1704 Θαυ-

2211 1735 2412 1806 μαστὸν
2463 1733 2508 1789 εἰ
2557 1735 2832 1806 ὑπομένει,
2887 1739 3062 1806 ζητῶν
3120 1739 3219 1806 τὴν
3279 1742 3386 1792 τῶν
3440 1739 3834 1812 παροινούντων

450 1825 756 1886 tumeliam
775 1825 971 1894 jocum
999 1826 1246 1894 reputat,
1271 1826 1507 1893 propter
1526 1821 1687 1876 illius
1710 1820 2097 1890 tolerantiam,

2209 1820 2579 1899 ἐπιστροφήνς
2631 1824 2720 1891 Μή
2771 1822 2899 1898 οὐχὶ
2950 1825 3206 1900 στέφανον
3257 1824 3310 1895 ἐξ
3356 1825 3603 1882 ἀκανθῶν
3649 1825 3838 1896 ἐπίθη-

2397 1911 2409 1928 ,
2485 1916 2512 1927 ..
2609 1915 2636 1928 ..
2829 1911 2899 1928 κ..
3000 1915 3014 1928 .
3322 1915 3334 1928 .
3653 1919 3665 1928 .
3757 1919 3770 1928 .
3822 1916 3834 1928 .

455 1931 629 1990 quem
663 1911 1086 1970 contumeliose
1118 1914 1338 1967 tractat.
1369 1911 1478 1966 Sed
1512 1910 1653 1982 quid
1683 1909 1898 1965 mirum
1931 1909 1981 1965 si
2004 1909 2100 1965 ille

453 2004 724 2070 sustinet.
775 2002 1125 2059 furiosorum
1166 2000 1608 2057 conversionem
1641 1999 1950 2070 quaerens?
1978 2001 2100 2054 An-

453 2113 571 2153 non
603 2094 869 2168 spineam
901 2107 1176 2148 coronam
1223 2091 1398 2163 capiti
1446 2091 1570 2161 ejus
1621 2090 1952 2162 imposuere
1983 2089 2100 2144 mi-

453 2185 585 2242 lites
608 2188 637 2240 ?
665 2199 860 2240 annon
905 2187 1127 2238 vestem
1159 2180 1210 2236 ei
1257 2181 1693 2237 circumdedere
1741 2195 2098 2251 purpuream

455 2276 552 2348 qui
595 2279 652 2331 et
700 2273 937 2329 dixere:
978 2271 1104 2339 Ave,
1155 2287 1256 2326 rex
1298 2270 1672 2328 Iudaeorum:
1699 2275 1751 2326 et
1796 2269 2002 2324 dabant
2048 2267 2102 2325 ei

454 2366 651 2436 alapas
679 2362 750 2419 4⁸.
785 2363 913 2433 Ipse
945 2377 1076 2417 vero
1109 2359 1308 2416 omnia
1335 2359 1682 2432 perferebat,
1715 2374 1846 2414 cum
1879 2358 2101 2414 deride-

456 2461 635 2521 retur,
669 2453 1098 2523 habereturque
1138 2450 1415 2516 ludibrio,
1447 2467 1582 2506 cum
1613 2454 1671 2506 et
1700 2450 1757 2504 in
1790 2465 1957 2505 cruce
1987 2449 2100 2504 alia

455 2544 712 2616 plurima
741 2546 1050 2615 pateretur.
1079 2540 1242 2596 Talia
1270 2555 1424 2595 nunc
1450 2555 1677 2610 quoque
1694 2543 1929 2610 propter
1952 2537 2098 2592 ima-

455 2635 648 2708 ginem
699 2649 884 2697 suam,
935 2635 992 2686 et
1039 2629 1101 2685 in
1161 2647 1266 2686 sua
1306 2630 1431 2700 ipse
1477 2629 1733 2700 imagine
1757 2627 2096 2698 perpetitur,

456 2725 744 2796 siquidem
787 2721 1166 2793 archetypum
1217 2718 1276 2773 in
1326 2719 1560 2791 imagne
1609 2717 1986 2789 conspicitur,
2037 2724 2099 2772 ut

455 2812 564 2868 viri
593 2813 776 2867 sancti
811 2810 1028 2866 dixere.
1071 2809 1182 2866 Sed
1215 2810 1552 2864 miserescat
1579 2806 1676 2863 ille
1705 2807 1969 2864 celeriter
1997 2807 2096 2863 Ec-

457 2902 645 2958 clesiae
676 2918 818 2967 suae,
849 2899 1214 2956 confessores
1243 2897 1644 2955 corroborans.
1675 2897 1858 2953 Audio
1879 2897 2100 2968 tejeju-

456 2991 619 3046 nium
653 2989 1004 3062 protrahere,
1039 2995 1096 3045 et
1124 2987 1285 3044 laetor
1316 2988 1511 3059 utique
1538 3003 1552 3043 :
1597 2986 1704 3043 tibi
1733 3001 1865 3043 vero
1896 2992 2100 3043 auctor

457 3097 590 3136 sum
622 3084 685 3136 ut
719 3079 975 3152 quotidie
1007 3082 1137 3150 post
1164 3093 1470 3149 vesperam
1501 3076 1694 3132 cibum
1718 3092 1944 3132 sumas.
1967 3075 2098 3132 Haic

455 3171 609 3226 enim
651 3169 741 3225 via
781 3168 939 3240 regia
974 3172 1084 3236 est,
1125 3173 1186 3223 et
1226 3167 1347 3223 haec
1385 3165 1698 3223 laudabilis
1740 3165 2098 3223 abstinentia

456 3261 519 3316 in
546 3259 656 3317 isto
689 3258 951 3330 martyrii
985 3272 1216 3331 genere.

676 3343 678 3345 ’
802 3346 1060 3403 XXVIII.
1091 3377 1160 3387 —
1189 3347 1397 3403 Basilio
1434 3348 1748 3418 praeposito.

2206 1932 2303 1966 καν
2352 1911 2515 1967 αὐτοῦ
2571 1915 2640 1986 τῇ
2690 1911 2902 1990 κεφαλῇ
2964 1915 3020 1968 οἱ
3080 1915 3540 1989 στρατευόμενοι;
3600 1919 3675 1989 μή
3717 1916 3836 1992 οὐχὶ

2205 2001 2297 2055 καὶ
2356 2001 2574 2075 ἱμάτιον
2629 2006 2938 2079 πορφυροῦν
3000 1999 3323 2078 περιέϐαλον
3386 2006 3591 2075 αύτόνς
3649 2006 3703 2060 οἳ
3755 2007 3838 2060 καὶ

2206 2088 2398 2166 ἔλεγον
2431 2109 2446 2124 ·
2481 2097 2708 2165 Χαῖρε,
2743 2093 2770 2147 ὁ
2807 2091 3122 2168 βασιλεὺς
3153 2099 3278 2149 τῶν
3310 2093 3652 2150 Ἰουδαίων
3687 2115 3700 2128 ·
3741 2097 3837 2151 καὶ

2206 2177 2468 2236 ἐδίδουν
2511 2180 2686 2254 αὐτῷ
2721 2182 3122 2256 ῥαπίσματα.
3158 2189 3214 2239 Ὁ
3245 2182 3302 2239 δὲ
3341 2180 3498 2260 ἔφερε
3528 2187 3722 2254 πάντα,
3750 2207 3836 2240 κα-

2205 2269 2609 2347 ταγελώμενος,
2671 2273 3165 2348 μυκτηριζόμενος,
3225 2273 3314 2328 καὶ
3369 2274 3470 2329 ὅσα
3529 2273 3674 2330 ἄλλα
3745 2277 3836 2329 πέ-

2207 2381 2358 2438 σχων
2388 2359 2439 2415 ἐν
2487 2365 2724 2435 σταυρῷ.
2756 2363 2984 2416 Τοιαῦτά
3034 2362 3144 2417 ἐστι
3194 2367 3282 2417 νῦν
3329 2364 3561 2439 πάσχων
3613 2363 3699 2420 διὰ
3746 2372 3834 2434 τῆς

2206 2447 2409 2511 εἰκόνος
2451 2450 2636 2518 αὐτοῦ,
2688 2450 2778 2505 καὶ
2824 2451 2874 2504 ἐν
2935 2455 3002 2526 τῇ
3051 2451 3212 2506 εἰκόνι
3272 2452 3434 2508 αὐτοῦ
3471 2473 3485 2486 ³
3544 2451 3729 2523 ἔπειδή
3782 2455 3835 2509 τὸ

2206 2537 2511 2613 ἀρχέτυπον
2560 2538 2610 2594 ἐν
2660 2544 2729 2612 τῇ
2773 2540 2940 2596 εἰκόνι
2993 2541 3315 2618 ἐκφαίνεται,
3349 2543 3425 2605 ὡς
3476 2543 3688 2617 εἴρηται
3733 2548 3837 2604 τοῖς

2207 2627 2398 2700 ἁγίοις.
2447 2627 2606 2685 Ἀλλ’
2659 2629 2744 2700 εἴη
2798 2627 2948 2692 ἔλεος
2998 2630 3049 2684 ἐν
3095 2632 3254 2708 τάχει
3292 2635 3360 2704 τῇ
3411 2632 3711 2705 Ἐκκλησία
3754 2632 3834 2688 αὖ·

2205 2721 2324 2785 τοῦ,
2368 2714 2676 2792 ἐνδυναμῶν
2718 2717 2844 2780 τοὺς
2892 2718 3320 2794 ὁμολογοῦντας.
3355 2722 3572 2776 Ἀκούω
3621 2721 3703 2778 ὅτι
3746 2744 3835 2792 νη-

2207 2805 2584 2868 στείανὲλκεις
2617 2827 2631 2840 ·
2682 2807 2772 2862 καὶ
2802 2809 2984 2883 χαίρω
3035 2809 3152 2881 μὲν,
3203 2808 3571 2882 συμϐουλεύω
3618 2808 3673 2866 δὲ
3719 2812 3836 2866 καθ-

2207 2896 2431 2966 εκάστην
2492 2895 2680 2951 ἐσθίειν
2750 2897 2885 2970 μετά
2940 2897 3009 2952 τὰ
3083 2898 3353 2972 ὲσπερινά.
3407 2904 3582 2954 Τοῦτο
3657 2901 3753 2974 γὰρ
3803 2901 3833 2966 ἡ

2212 2983 2471 3061 βασιλική
2521 2983 2669 3056 ὁδὸς,
2717 2987 2808 3042 καὶ
2853 2986 2987 3059 αὕτη
3038 2986 3292 3057 ἐπαινετή
3345 2987 3635 3066 ἐγκράτεια
3683 2989 3731 3045 ἐν
3774 2993 3834 3066 τῇ

2212 3075 2496 3150 μαρτυρίᾳ.

2399 3351 2522 3408 KH'.
2569 3381 2638 3394 -
2677 3349 3005 3426 Βασιλείῳ
3046 3350 3418 3428 ἡγουμένῳ.
3463 3356 3657 3429 [σμς’.]

774 3449 842 3499 Ut
873 3447 1077 3498 fortiter
1103 3461 1204 3510 pro
1233 3446 1444 3496 Christo
1475 3447 1583 3510 pati
1616 3452 1818 3511 pergat,
1849 3461 1947 3498 nec
1975 3449 2201 3512 trepidet
2221 3451 2262 3501 si
2292 3456 2415 3503 ante
2445 3454 2820 3516 imperatorem
2850 3459 2940 3505 aut
2974 3455 3228 3517 praesides
3271 3456 3519 3508 ducatur.

521 3531 627 3589 Ubi
657 3529 910 3586 intellexi
938 3529 1133 3586 omnia
1164 3546 1290 3600 qua
1323 3535 1557 3602 propter
1586 3529 1896 3586 Dominum
1920 3548 2094 3602 passa

449 3627 539 3678 est
569 3622 848 3676 sanctitas
880 3624 1000 3688 tua,
1043 3635 1176 3675 cum
1227 3635 1392 3676 sacro
1425 3637 1531 3676 suo
1564 3620 1838 3686 subdito;
1870 3620 2092 3691 gloriﬁ-

449 3712 572 3768 cavi
603 3711 886 3783 optimum
938 3713 1116 3767 Deum
1151 3716 1417 3766 nostrum
1460 3711 1622 3766 valde
1654 3726 1668 3765 :
1704 3709 1862 3782 quod
1895 3711 2094 3782 utique

450 3810 684 3858 exortus
712 3805 770 3856 et
797 3800 923 3872 ipse
952 3817 1014 3856 es
1045 3800 1219 3855 veluti
1279 3800 1446 3855 sidus
1477 3799 1538 3855 in
1570 3801 1788 3856 mundo
1811 3816 1942 3855 cum
1963 3799 2094 3854 aliis

450 3891 761 3951 sideribus,
795 3892 851 3946 in
885 3890 991 3946 hac
1022 3890 1293 3962 praesenti
1315 3889 1482 3959 quasi
1508 3897 1791 3945 nocturna
1816 3890 2096 3946 haereseos

449 3999 664 4054 pugna,
697 3998 798 4038 vas
851 3979 1175 4050 electionis,
1221 3980 1499 4036 columna
1557 3985 1616 4036 et
1660 3980 2096 4036 ﬁrmamentum

447 4071 727 4129 veritatis.
789 4072 975 4136 Quam
1026 4068 1374 4126 admirabile
1429 4086 1533 4142 par
1581 4069 1724 4125 illud
1774 4075 2031 4126 vestrum
2083 4068 2098 4124 ί

451 4179 624 4234 quam
657 4161 885 4217 Christo
935 4161 1206 4230 amabile,
1259 4159 1416 4231 quod
1461 4161 1658 4232 plagas
1703 4160 1892 4233 ipsius
1922 4177 2100 4216 causa

449 4251 712 4324 pertulit,
753 4251 975 4319 exsilia,
1018 4266 1302 4319 carceres,
1343 4255 1400 4305 et
1429 4267 1497 4306 ea
1515 4267 1702 4322 usque
1744 4251 1800 4304 in
1851 4264 2098 4321 praesen-

448 4344 565 4396 tem
589 4340 742 4395 diem
767 4340 778 4394 Ξ
815 4339 927 4395 Sed
958 4341 1092 4410 quid
1121 4349 1205 4394 est
1235 4339 1414 4410 quod,
1437 4344 1746 4410 antequam
1775 4338 2100 4409 periculum

448 4430 688 4496 faceres,
722 4431 793 4485 ad
829 4445 918 4484 me
951 4428 1232 4484 humilem
1275 4429 1508 4495 venisti,
1543 4427 1715 4482 sicuti
1747 4444 1815 4482 ex
1845 4433 1900 4481 te
1929 4427 2099 4481 intel-

448 4519 584 4586 lexi,
619 4537 723 4575 nec
765 4525 960 4574 tamen
992 4523 1306 4589 conspectu
1337 4534 1464 4573 meo
1496 4518 1604 4573 frui
1637 4517 1836 4572 licuit:
1872 4533 1975 4572 nec
1999 4517 2097 4571 mi-

451 4625 580 4665 rum
612 4609 832 4680 utique.
867 4609 1350 4679 Quandoquidem
1389 4605 1564 4673 enim,
1618 4612 1684 4662 ut
1727 4607 2100 4679 conjiciebas,

451 4715 564 4754 non
619 4699 897 4765 aderam;
951 4697 1129 4752 miser
1174 4697 1330 4752 enim
1381 4713 1486 4768 ego
1528 4711 1594 4751 ac
1647 4697 1902 4752 tenebris
1933 4695 2098 4752 obsi-

453 4796 542 4844 tus
570 4806 584 4856 ;
617 4786 756 4860 quid
787 4791 844 4841 te
874 4786 1240 4842 incommodo
1272 4783 1564 4840 effecisti?
1597 4784 1708 4839 nisi
1760 4786 1912 4856 quod
1945 4801 2100 4840 nunc

452 4878 707 4947 teipsum
751 4875 923 4931 nobis
955 4873 1298 4947 perlitteras
1329 4873 1677 4946 conjunxisti
1707 4899 1721 4931 :
1753 4879 1810 4931 et
1829 4876 1944 4946 jam
1993 4890 2100 4930 nos

453 4965 668 5040 spiritu
702 4963 947 5021 invicem
979 4965 1296 5034 intuemur,
1329 4971 1385 5020 et
1412 4963 1471 5019 in
1506 4981 1685 5020 unum
1719 4966 2100 5020 convenimus

452 5059 512 5112 in
537 5055 774 5127 spiritu,
801 5071 915 5110 una
939 5054 994 5110 in
1018 5054 1264 5110 Domino
1286 5055 1483 5110 anima
1503 5055 1713 5122 effecti,
1734 5071 1839 5127 ego
1861 5054 2100 5111 humilis

452 5147 511 5200 in
543 5145 706 5200 vobis
738 5147 976 5214 sanctis,
1001 5150 1056 5201 et
1083 5161 1180 5200 vos
1198 5144 1257 5199 in
1281 5160 1394 5200 me.
1424 5144 1810 5211 Quamobrem
1833 5144 2100 5200 Christus

453 5235 512 5289 in
547 5234 740 5290 medio
771 5240 1059 5300 nostrum,
1094 5235 1264 5304 juxta
1309 5249 1567 5289 veracem
1611 5233 1768 5287 illius
1814 5231 2100 5304 pollicita-

452 5323 694 5379 tionem.
731 5324 876 5391 Quid
910 5325 1120 5380 deinde
1147 5325 1433 5396 reliquam
1466 5323 1591 5379 est?
1614 5326 1703 5382 Ut,
1731 5324 2100 5392 quemadmo-

455 5414 598 5469 dum
628 5414 904 5480 cmpimus
936 5412 995 5468 in
1036 5411 1334 5468 laboribus
1377 5429 1477 5482 pro
1521 5409 1770 5476 Christo,
1815 5428 2100 5468 consum—

457 5518 684 5560 memus
715 5503 1077 5575 propositum
1112 5501 1276 5556 nobis
1321 5505 1638 5566 certamen,
1672 5500 2098 5559 nihilret‘ormi-

524 5687 573 5724 ⁸⁸
598 5691 767 5746 Joan.
799 5703 914 5759 xxx,
948 5687 1001 5742 3.

2275 3534 2456 3588 Πάντα
2501 3535 2828 3606 καταμαθὼν
2880 3537 3013 3610 ἅπερ
3045 3533 3134 3590 διὰ
3183 3535 3378 3605 Κύριον
3431 3535 3636 3607 ὑπέστη
3686 3535 3830 3602 σουὴ

2205 3623 2426 3693 ὁσιότης
2458 3621 2549 3676 σὺν
2581 3627 2659 3693 τῷ
2691 3625 2822 3698 ἱερῷ
2878 3623 3142 3697 ὑπηκόκῳ
3175 3641 3189 3656 ⁸
3242 3621 3471 3698 ἐδόξασα
3518 3626 3612 3681 τὸν
3655 3626 3832 3701 ἀγαθὸν

2204 3710 2335 3767 Θεὸν
2383 3713 2544 3784 ἡμῶν
2593 3710 2713 3766 λίαν
2751 3733 2765 3746 ⁸
2821 3715 3009 3788 ὅτιπερ
3062 3713 3337 3776 ἀνέτειλας
3394 3715 3489 3769 καὶ
3539 3715 3694 3775 αὐτὸς
3736 3734 3831 3788 φω-

2207 3802 2342 3873 στὴρ
2391 3799 2442 3855 ἐν
2489 3805 2568 3872 τῷ
2615 3802 2807 3874 κόσμῳ
2859 3801 2949 3856 σὺν
3005 3801 3199 3866 ἄλλοις
3248 3801 3626 3878 λαμπτῆρσιν,
3673 3802 3723 3858 ἐν
3768 3805 3828 3875 τῇ

2204 3890 2341 3959 νυνὶ,
2400 3893 2744 3966 νυκτομαχία
2816 3896 2915 3958 τῆς
2991 3891 3266 3966 αἱρέσεως,
3325 3897 3516 3956 σκεῦος
3589 3891 3828 3965 ἐκλογῆς,

2205 3979 2403 4040 στύλος
2433 3981 2518 4034 καὶ
2572 3978 2854 4055 ἑδραίωμα
2903 3988 3004 4050 τῆς
3043 3980 3324 4052 ἀληθείας.
3355 3982 3444 4043 Ὡς
3500 3981 3827 4057 θαύμαστὴἡ

2212 4068 2340 4135 δυὰς
2371 4071 2559 4144 ὑμῶνί
2612 4072 2686 4135 ὡς
2717 4071 2912 4147 ἐραστή
2967 4073 3048 4145 τῷ
3081 4074 3324 4148 Χριστῷ,
3355 4073 3582 4150 πληγὰς
3633 4071 3698 4126 δι’
3743 4068 3830 4124 αὖ·

2207 4161 2299 4215 τὸν
2383 4160 2738 4233 ὑπομείνασα,
2807 4161 3120 4237 ἀπαγωγὰς,
3193 4160 3460 4239 φυλακὰς,
3513 4163 3604 4217 καὶ
3681 4163 3831 4215 ταῦτα

2208 4247 2313 4312 ἕως
2342 4256 2439 4305 τοῦ
2470 4249 2757 4325 παρόντος.
2788 4249 2966 4308 Ἀλλὰ
3005 4250 3058 4305 τί
3106 4251 3189 4305 ὅτι
3219 4252 3326 4326 πρὸ
3354 4258 3456 4320 τῆς
3504 4252 3690 4326 πείρας
3716 4252 3828 4318 ἧκες

2207 4340 2342 4413 πρός
2387 4361 2453 4412 με
2499 4340 2590 4394 τὸν
2641 4340 2907 4409 ταπεινὸν,
2940 4341 3078 4396 καθὰ
3127 4337 3392 4413 ἐδίδαξας,
3443 4343 3521 4413 μὴ
3572 4338 3826 4413 ἐπιτυχών

2213 4450 2318 4500 μου
2374 4434 2473 4484 τοῦ
2529 4428 2908 4505 συνοψισμοῦ;
2967 4431 3053 4486 καὶ
3126 4429 3374 4492 εἰκότως.
3435 4428 3658 4498 Ἐπειδὴ
3714 4429 3825 4504 γὰρ,

2210 4518 2284 4584 ὡς
2345 4517 2744 4594 ὑπελάμϐανες,
2805 4520 2908 4576 οὐκ
2960 4520 3027 4591 ἦν
3061 4538 3074 4553 °
3146 4519 3364 4595 οἶκτρὸς
3418 4519 3519 4594 γὰρ
3595 4519 3696 4594 ἐγὼ
3747 4515 3825 4570 καί

2211 4612 2482 4674 σκοτεινός
2514 4631 2528 4645 ο
2579 4609 2632 4665 τί
2675 4608 2769 4664 ’ίνα
2809 4609 2899 4665 καὶ
2948 4605 3232 4680 ἐϐλάϐηςς
3279 4607 3424 4678 πλὴν
3471 4611 3555 4665 ὅτι
3605 4608 3825 4679 συνῆψας

2210 4703 2345 4774 ⁹ἵλμῖν
2394 4701 2580 4757 ἑαυτὸν
2630 4700 2741 4754 νυνὶ
2793 4696 2881 4754 διὰ
2925 4703 3022 4756 τοῦ
3071 4701 3395 4775 γράμματος
3429 4718 3445 4732 '
3495 4698 3585 4753 καὶ
3627 4698 3822 4770 ὁρῶμεν

2211 4789 2495 4861 ἀλλήλους
2524 4788 2632 4860 ἤδη
2664 4794 2744 4861 τῷ
2787 4790 3054 4862 πνεύματι
3087 4809 3100 4822 ·
3151 4789 3241 4844 καὶ
3291 4788 3367 4850 εἰς
3408 4789 3602 4843 ταυτὸν
3641 4782 3824 4849 συνήλ-

2210 4884 2374 4952 θομεν
2406 4881 2458 4934 ἐν
2507 4879 2770 4952 πνεύματι
2808 4898 2822 4913 ⁸
2879 4881 2976 4952 μία
3007 4881 3160 4953 ψυχὴ
3214 4877 3265 4933 ἐν
3320 4881 3502 4953 Κυρίῳ
3548 4875 3822 4950 γεγονότες,

2210 4968 2316 5042 ἐγὼ
2363 4969 2391 5024 ὁ
2439 4968 2687 5029 ταπεινὸς
2736 4967 2788 5022 ἐν
2837 4967 2964 5038 ὑμῖν
3022 4971 3139 5028 τοῖς
3186 4965 3382 5042 ἁγίοις,
3427 4965 3518 5020 καὶ
3575 4964 3722 5035 ὑμεῖς
3775 4957 3818 5013 ἒν

2208 5057 2333 5131 ἒμοί
2370 5076 2385 5091 °
2432 5060 2617 5132 ὅτιπερ
2681 5056 2916 5132 Χριστὸς
2984 5055 3035 5110 ἐν
3100 5055 3246 5127 μέσῳ
3305 5052 3647 5132 ἀμφοτέρων,
3705 5047 3822 5104 κατά

2206 5149 2307 5218 τὴν
2354 5145 2560 5222 ἀψευδῆ
2613 5146 2954 5222 ἐπαγγελίαν.
3001 5145 3057 5202 Τί
3112 5145 3306 5201 λοιπὸν
3367 5139 3485 5212 Eri;
3539 5140 3648 5210 ἵνα,
3701 5135 3820 5192 καθά

2209 5235 2540 5312 ἐνηρξάμεθα
2589 5237 2641 5292 ἐν
2690 5242 2808 5298 τοῖς
2871 5237 3002 5310 ὑπὲρ
3052 5238 3296 5308 Χριστοῦ
3359 5231 3692 5307 μαρτυρίοις,
3746 5245 3818 5312 τε·

2209 5327 2526 5401 λειώσωμεν
2603 5328 2692 5382 τὸν
2764 5326 3122 5402 προκείμενον
3193 5327 3329 5396 ἡμῖν
3405 5323 3600 5398 ἀγῶνα,
3669 5311 3818 5389 μηδὲν

2210 5415 2645 5486 ὑποπτήσσοντες
2677 5433 2690 5445 ·
2740 5401 2816 5487 μῆ
2880 5413 3097 5489 πληγὰς
3165 5414 3334 5480 αὖθις,
3389 5411 3464 5485 μή
3521 5407 3707 5480 δεσμὰ,
3750 5401 3814 5489 μή

2209 5500 2650 5580 στρεϐλωτῆρας,
2701 5486 2779 5579 μή
2829 5507 2959 5578 πῦρ,
3136 5501 3308 5580 ξίφος,
3363 5501 3438 5575 μή
3487 5495 3650 5570 ὕδωρ,
3692 5486 3816 5566 μηδὲ
