4062 6280
287 362 442 424 1197

1558 347 2118 414 EPISTOLARUM
2165 348 2312 410 LIB.
2357 350 2437 411 II.

3526 353 3682 416 1198

289 492 593 569 μᾶἱχαιραν.
653 490 836 553 Οὕτως
888 487 1193 544 ἐποτίθεται
1252 487 1388 558 ἡμῖν
1441 485 1468 539 6
1515 484 1712 560 λόγος·
1766 481 1937 544 οὕτως

2051 486 2275 554 dantes,
2292 502 2408 542 non
2428 485 2630 560 plagas
2645 503 2836 560 porro,
2861 506 2976 546 non
2998 489 3250 562 vincula,
3283 507 3403 548 non
3431 493 3684 548 tormen-

289 585 391 659 βοᾷ
442 585 469 637 6
525 579 900 642 Ἀπόστολος·
936 577 1108 640 οὕτως
1158 580 1192 646 ὴ
1242 573 1521 636 τελείωσις
1577 577 1682 628 τῶν
1738 572 1937 647 μαρτύ-

289 694 398 748 ρων
470 673 738 728 ἁπάντων.
786 671 898 728 Οὐκ
964 670 1122 744 ἐσμὲν
1167 666 1503 742 ἀγενέστεροι
1564 665 1738 720 αὐτῶν
1771 684 1783 696 ·
1835 663 1930 719 κᾶν

288 761 398 837 ἐγὼ
439 761 631 831 ταλας,
665 760 724 816 ἐκ
753 765 885 815 Θεοῦ
915 758 1004 814 καὶ
1056 757 1210 812 αὐτοὶ
1260 755 1658 830 ἐγεννήθημεν·
1686 756 1785 822 τήν
1837 754 1934 808 αὖ·

285 854 387 922 τήν
422 850 626 925 μητέρα
657 857 757 919 τῆς
804 848 1074 909 υἱοθεσίας
1121 847 1452 916 κεκτήμεθα.
1490 846 1719 900 Ἐκεῖνοι
1761 841 1938 913 ἠθλο-

287 941 568 1017 φόρησαν·
620 939 712 993 καὶ
767 940 928 1011 ἡμεῖς
995 937 1499 1012 ἀσχημονήσομεν;
1554 938 1798 1008 γυναῖκες
1844 931 1935 986 καὶ

286 1031 447 1105 κόραι
532 1026 855 1105 ἐστέφθησαν
896 1045 908 1058 ·
987 1025 1078 1080 καὶ
1163 1027 1325 1098 ἡμεῖς
1410 1023 1932 1100 φιλοσαρκήσομενς

286 1119 539 1194 γέροντες
591 1117 681 1171 καὶ
733 1119 902 1186 νήπια
946 1115 1254 1183 νενικήκασι
1299 1112 1590 1188 τυράννους
1640 1111 1732 1165 καὶ
1781 1111 1934 1185 βασι-

290 1206 551 1270 λεῦοντας
574 1224 586 1237 ·
622 1207 710 1259 καὶ
759 1207 924 1278 ἡμεῖς
973 1203 1395 1277 ἰλιγγιάσομεν;
1429 1198 1709 1272 οὐδαμῶς.
1745 1204 1932 1271 Δῶμεν

288 1297 387 1358 τὰς
437 1296 634 1369 σάρκας
688 1299 805 1358 τοῖς
844 1292 1196 1370 σαρκοφίλοις
1222 1311 1236 1323 ·
1338 1291 1490 1365 ψυχή
1535 1288 1808 1360 ἄληπτος.
1842 1289 1934 1356 Μὴ

291 1381 624 1463 φοϐηθῶμεν
654 1383 813 1444 τοὺς
853 1383 1456 1457 σωματοκτόνους·
1491 1378 1662 1434 ἄλλα
1699 1379 1804 1433 τὸν
1841 1376 1937 1432 δυ-

291 1477 570 1550 νάμενον
615 1474 723 1529 καὶ
762 1475 982 1549 ψυχὴν
1029 1472 1136 1527 καὶ
1177 1475 1366 1545 σῶμα
1405 1469 1465 1525 έν
1505 1470 1732 1544 γεέννῃ
1779 1467 1936 1521 ἀπο-

291 1563 500 1620 λέσαι.
533 1567 698 1619 Τανῦν
751 1560 1073 1636 ἀγαλλίασις
1122 1561 1212 1616 καὶ
1261 1557 1522 1633 θυμηδία.
1569 1557 1772 1632 Ε’ίπερ
1815 1555 1932 1632 γὰρ

289 1654 804 1728 συμπάσχομεν,
837 1652 944 1706 καὶ
985 1647 1681 1720 συνδοξασθησὸμεθα.
1717 1646 1936 1720 Θρηνεί-

285 1765 365 1798 τω
397 1745 424 1798 6
458 1737 743 1810 διάϐολος,
775 1742 863 1796 καὶ
898 1742 949 1795 οἱ
980 1740 1144 1794 αὐτοῦ
1179 1737 1444 1812 ὑπηρέται
1468 1758 1482 1774 ·
1513 1741 1674 1791 τοῦτο
1702 1737 1806 1812 γὰρ
1837 1736 1934 1790 πά-

288 1855 514 1911 σχουσιν
546 1834 596 1889 ἐν
619 1839 688 1908 τῇ
722 1830 1130 1904 ἂκαταπλήκτιρ
1162 1829 1401 1885 ἐνστάσει
1431 1834 1542 1884 τῶν
1596 1828 1934 1903 μαρτυρούν-
1966 1867 2012 1930 Β

284 1947 414 1984 των,
448 1927 568 1995 Φής
601 1925 677 1997 μὴ
711 1920 914 1977 ἰδέσθαι
946 1923 1170 1976 πώποτε
1205 1919 1431 1995 βασιλέα
1455 1939 1467 1952 ·
1508 1915 1648 1992 μηδὲ
1699 1923 1932 1996 ἄρχουσι

285 2015 652 2072 παρεστάναι·
715 2010 996 2068 κάντεῦθέν
1055 2032 1172 2073 πως
1238 2007 1437 2080 δεδιᾷν,
1499 2005 1804 2080 Μηδαμῶς.
1869 2010 1935 2061 Ὦ

287 2106 484 2177 Πάτερ,
553 2103 962 2180 καταφρόνησον
1027 2098 1373 2173 ἀμφοτέρων,
1416 2099 1443 2152 6
1493 2097 1730 2170 Χριστὸν
1786 2091 1932 2175 ἔχων

283 2191 656 2268 ἐνδεδυμένον.
713 2192 953 2253 Ἐκεῖνός
1013 2212 1070 2245 σε
1125 2190 1380 2259 mnium)
1425 2188 1624 2260 ,ὥσπερ
1674 2187 1764 2240 καὶ
1823 2184 1936 2240 δαί-

289 2303 484 2359 μονες·
521 2281 732 2352 ἄνοιξον
791 2283 882 2337 σὸν
944 2281 1118 2352 στόμα
1175 2277 1361 2351 παρὼν
1421 2277 1558 2351 πρὸς
1616 2276 1798 2331 αὐτὸν.
1833 2283 1937 2329 Δο-

287 2377 507 2446 θήσεται
570 2372 672 2450 γάρ
737 2393 822 2427 σοι
880 2371 1090 2445 λόγος·
1136 2369 1366 2442 Χριστὸς
1415 2365 1803 2441 ἐπηγγείλατο.
1837 2367 1936 2421 ’Έ-

288 2463 478 2538 λεγξον
531 2463 717 2529 αὐτὸν,
753 2462 798 2516 εἰ
855 2459 1233 2535 ματαιολογεῖ.
1266 2457 1342 2515 Οὐ
1391 2457 1481 2511 τὸν
1513 2451 1726 2531 Ἀχαάϐ
1766 2454 1936 2531 ἤλεγ-

289 2553 370 2621 ξεν
404 2550 635 2617 Ἠλίας;
688 2547 748 2604 οὗ
798 2550 888 2603 τὸν
950 2544 1199 2622 Ἡρώδην
1256 2546 1554 2615 Ἰωάννης;
1616 2543 1714 2598 οὐκ
1771 2543 1936 2599 ἄλλοι

286 2641 416 2701 τοὺς
474 2636 840 2706 ἄλλους;²ίνα
901 2639 977 2709 μὴ
1032 2636 1422 2708 κατονομάξων
1489 2633 1840 2708 μακρολογῶ,
1875 2634 1935 2689 '0

285 2731 411 2786 τότε
469 2730 614 2801 Θεὸς,
675 2733 765 2784 καὶ
838 2733 949 2786 νῦν.
1011 2733 1100 2790 Ὠς
1166 2727 1447 2801 ἠγάπησεν
1526 2725 1786 2795 ἐκείνους,
1846 2725 1934 2779 καὶ

288 2823 457 2894 ἡμᾶς.
493 2822 784 2889 Μαθητιῶν
824 2818 892 2885 ἧς
935 2822 1052 2879 τοῖς
1103 2813 1456 2884 ἀποστόλοις,
1495 2815 1750 2889 μάρτυσι,
1797 2835 1936 2888 προ-

297 2913 519 2984 φήταις,
574 2912 870 2984 Πατρασιν,
933 2905 1124 2968 ὁσίοις.
1185 2911 1240 2960 ‘0
1297 2906 1504 2976 καρπὸς
1585 2909 1664 2976 τῶ
1738 2902 1938 2978 δένδρῳ

294 2999 697 3072 ἐξομοιοῦσθω,
775 2996 862 3052 καὶ
938 2996 983 3050 εἰ
1069 2996 1143 3068 μὴ
1223 2995 1366 3050 οὕτω
1445 2995 1936 3068 περιπατήσωμεν·

290 3089 472 3143 σκαιοὶ
519 3087 608 3142 καί
658 3087 790 3162 οὐχὶ
849 3086 1106 3159 μαθηταὶ,
1158 3081 1282 3139 οὐδὲ
1332 3083 1463 3153 υἱοὶ,
1519 3081 1648 3138 οὐδὲ
1695 3083 1932 3158 καρποί·

288 3177 439 3233 ἀλλὰ
466 3184 567 3246 τῆς
597 3175 971 3249 ἀντικειμένης
1004 3171 1226 3250 μερίδος
1262 3192 1275 3204 ·
1307 3177 1414 3228 τῶν
1458 3170 1812 3250 φιλοκόσμων
1844 3170 1936 3242 δὴ,

289 3266 463 3343 λέγω,
496 3266 585 3321 καὶ
627 3264 1048 3339 δουλοσάρκων’
1092 3265 1164 3317 ὧν
1216 3264 1314 3332 τήν
1363 3262 1594 3334 μίμησιν
1648 3261 1935 3340 φύγοιμεν²

288 3356 649 3431 ἒπιτύχοιμεν
725 3353 781 3410 δὲ
853 3358 1009 3424 Θεοῦ,
1090 3351 1486 3429 τελειοφρόνως
1542 3351 1939 3428 ἀγωνιζόμενοι

291 3448 343 3504 ἐν
395 3451 611 3522 Χριστῶ
663 3449 842 3517 Ἰησοῦ
890 3451 968 3517 τῷ
1021 3446 1201 3519 Κυρίῳ
1246 3446 1407 3516 ἡμῶν
1455 3442 1739 3516 εἰρηκότι·
1783 3450 1938 3517 Θαρ-

290 3543 505 3605 σεῖτε,
551 3535 679 3608 ἐγὼ
726 3535 1044 3604 νενίκηκα
1088 3534 1200 3589 τὸν
1251 3532 1535 3606 κόσμον.

2043 578 2120 642 ta,
2154 593 2268 630 non
2318 576 2538 647 ignem,
2572 593 2687 632 non
2712 595 2930 646 ensem,
2975 596 3091 635 non
3139 597 3371 651 aquam,
3413 597 3527 636 non
3559 580 3681 651 gla-

2043 664 2205 719 dium
2241 665 2299 717 δ’.
2339 666 2430 721 Sic
2462 667 2588 738 ipsa
2624 684 2727 723 nos
2759 668 3057 740 Scriptura
3079 670 3357 726 admonet
3384 688 3396 724 :
3424 671 3505 725 sic
3531 671 3682 739 Apo-

2044 753 2230 810 stolus
2265 755 2516 813 clamat:
2542 758 2624 813 sic
2658 763 2979 831 martyrum
3011 760 3277 816 omnium
3312 777 3684 818 consumma-

2043 844 2143 898 tio.
2178 844 2301 899 Non
2349 850 2488 901 sunt
2520 847 2707 911 nobis,
2757 865 2931 919 quam
2963 849 3099 918 illis,
3152 852 3346 906 minus
3393 850 3530 906 clari
3578 867 3686 906 na-

2045 933 2212 999 tales,
2247 951 2583 1007 quanquam
2615 953 2720 1007 ego
2760 937 2997 1005 infelix;
3057 954 3124 993 ex
3155 939 3270 995 Deo
3308 945 3364 995 et
3403 941 3511 1010 ipsi
3561 941 3684 996 nati

2045 1036 2254 1077 sumus
2284 1026 2547 1079 eamdem
2572 1024 2899 1095 adoptionis
2918 1031 3162 1082 matrem
3186 1028 3398 1100 adepti.
3435 1028 3524 1084 Illi
3547 1046 3686 1100 prai-

2045 1111 2161 1166 mia
2191 1112 2474 1170 retulere:
2523 1119 2580 1169 et
2627 1131 2732 1170 nos
2777 1115 3095 1189 degeneres
3146 1118 3414 1174 erimus?
3459 1120 3685 1176 femina:

2045 1217 2111 1256 ac
2144 1203 2346 1274 puellae
2377 1209 2660 1259 coronatae
2692 1210 2856 1260 sunt:
2885 1211 2940 1262 et
2959 1223 3067 1262 nos
3084 1208 3244 1263 carni
3265 1207 3680 1265 blandiemur?

2045 1309 2213 1348 senes
2254 1297 2310 1348 et
2353 1294 2516 1365 pueri
2565 1300 2840 1366 tyrannos
2882 1295 3068 1351 vicere
3119 1301 3174 1352 et
3223 1314 3434 1369 reges:
3481 1302 3538 1354 et
3580 1316 3689 1356 nos

2045 1386 2347 1453 stupentes
2398 1383 2789 1440 haerebimus?
2837 1385 3078 1440 Minime
3131 1402 3284 1442 vero.
3319 1387 3562 1444 Carnem
3595 1388 3686 1444 di-

2047 1473 2346 1528 mittamus
2377 1472 2471 1528 his
2516 1473 2617 1545 qui
2651 1490 2885 1530 carnem
2918 1475 3203 1546 diligunt:
3257 1478 3488 1533 animus
3539 1479 3686 1535 inte-

2046 1560 2156 1615 rim
2189 1562 2502 1633 expugnari
2534 1565 2754 1634 nequit.
2799 1564 2880 1621 Ne
2909 1564 3222 1622 timeamus
3270 1582 3357 1622 eos
3405 1569 3498 1638 qui
3537 1569 3689 1624 occi-

2047 1652 2189 1707 dunt
2240 1668 2435 1723 corpus
2466 1671 2484 1708 :
2513 1653 2610 1709 sed
2638 1670 2762 1709 eum
2809 1654 2902 1725 qui
2948 1660 3122 1725 potest
3166 1657 3412 1712 animam
3463 1660 3514 1712 et
3565 1674 3692 1713 eor-

2044 1759 2144 1814 pus
2205 1743 2429 1813 perdere
2485 1744 2546 1796 in
2595 1744 2900 1812 gehennam
2953 1744 3018 1798 ⁶⁰.
3093 1746 3158 1800 In
3221 1745 3490 1816 praesenti
3545 1746 3687 1801 laeti-

2045 1833 2123 1888 tia
2145 1835 2316 1888 estet
2366 1832 2666 1887 alacritas:
2701 1831 2981 1905 Siquidem
3028 1834 3178 1890 enim
3215 1838 3608 1906 compatimur,
3639 1844 3692 1892 et

2043 1921 2579 1993 conglarz'ﬁcabimur
2634 1922 2702 1977 ⁵1.
2756 1923 2976 1994 Lugeat
3015 1923 3283 1979 diabolus
3332 1930 3388 1980 et
3432 1925 3691 1982 ministri

2046 2015 2214 2082 ejus:
2248 2013 2406 2067 hunc
2435 2012 2591 2068 enim
2623 2011 2769 2084 ipsis
2801 2013 3060 2068 dolorem
3106 2014 3255 2084 parit
3287 2014 3500 2070 invicta
3529 2032 3691 2071 mar—

2044 2107 2240 2174 tyrum
2298 2103 2644 2158 constantia.
2718 2102 3033 2174 Nunquam
3090 2107 3146 2158 te
3195 2119 3388 2176 regem
3452 2105 3535 2160 ais
3593 2121 3690 2160 c0-

2045 2207 2172 2247 ram
2222 2191 2521 2258 intuitum,
2583 2207 2688 2248 nec
2744 2191 2803 2247 in
2856 2197 3230 2263 conspectum
3276 2193 3497 2250 venisse
3557 2211 3690 2266 pro-

2046 2297 2265 2348 cerum,
2296 2285 2479 2352 atque
2514 2281 2728 2336 idcirco
2763 2281 3158 2339 extimescere.
3190 2282 3376 2339 Absit.
3418 2283 3462 2339 Ο
3501 2284 3695 2356 Pater,

2047 2379 2323 2441 utrosque
2344 2385 2571 2440 sperne,
2607 2369 2707 2439 qui
2739 2370 3037 2426 Christum
3068 2371 3248 2426 habes
3279 2388 3451 2443 quem
3484 2373 3693 2429 indui-

2046 2459 2144 2516 sti.
2173 2459 2274 2515 Ille
2303 2465 2358 2514 te
2389 2459 2588 2514 timeat
2622 2459 2707 2514 uti
2728 2465 2787 2515 et
2817 2461 3133 2517 damones.
3168 2462 3377 2518 Resera
3407 2480 3472 2519 os
3506 2467 3693 2532 tuum,

2047 2566 2180 2604 cum
2213 2549 2363 2620 apud
2387 2548 2582 2620 ipsum
2615 2565 2807 2605 coram
2863 2566 3018 2622 ages.
3079 2549 3324 2607 Dabitur
3371 2551 3526 2608 enim
3585 2555 3690 2610 tibi

2048 2655 2276 2710 sermo;
2335 2639 2600 2694 Christus
2649 2637 2945 2710 pollicitus
2992 2644 3082 2696 est
3129 2640 3196 2696 ⁸³.
3247 2644 3436 2713 Argue
3470 2659 3598 2698 eum
3641 2645 3692 2699 si

2047 2728 2246 2784 inania
2273 2727 2555 2800 loquitur.
2585 2728 2711 2784 Non
2747 2729 2946 2785 Achab
2986 2729 3142 2785 Elias
3191 2730 3451 2801 coarguit
3481 2730 3509 2785 ?
3565 2732 3691 2788 Non

2047 2818 2328 2874 Herodem
2359 2817 2614 2874 Joannes
2637 2819 2664 2872 ?
2696 2834 2813 2874 non
2845 2817 2990 2874 alios
3029 2817 3127 2874 alii
3148 2817 3176 2873 ?
3216 2823 3280 2874 ut
3327 2836 3398 2876 ne
3428 2820 3688 2893 singulos

2048 2907 2394 2978 appellando
2439 2907 2556 2962 sim
2601 2907 2843 2976 longior.
2878 2907 2985 2972 Qui
3014 2911 3154 2964 tunc
3203 2908 3378 2976 Deus,
3421 2909 3575 2967 idem
3635 2915 3693 2967 et

2049 3013 2222 3052 nunc.
2256 2995 2329 3051 Ut
2357 2995 2489 3052 illos
2514 2997 2734 3063 dilexit,
2766 2997 2848 3052 ita
2877 3002 2935 3051 et
2974 3012 3097 3053 nos.
3129 2996 3446 3054 Alumnum
3478 3003 3534 3055 te
3554 3015 3690 3070 pro-

2051 3086 2238 3140 fessus
2290 3100 2354 3141 es
2401 3085 2813 3156 apostolorum,
2854 3090 3196 3158 martyrum,
3249 3086 3688 3158 prophetarum,

2051 3176 2306 3239 Patrum,
2368 3183 2716 3230 sanctorum.
2786 3174 2989 3230 Arbori
3051 3175 3274 3233 fructus
3346 3179 3693 3249 respondeat

2051 3264 2173 3320 Nisi
2206 3263 2360 3320 enim
2394 3281 2498 3319 nos
2532 3265 2610 3319 ita
2639 3264 2911 3336 gerimus,
2971 3265 3281 3336 degeneres
3312 3283 3544 3335 sumus,
3577 3285 3691 3324 non

2051 3354 2345 3426 discipuli,
2380 3371 2495 3410 non
2542 3354 2665 3422 ﬁlii,
2699 3371 2815 3409 non
2866 3357 3088 3411 fructus
3119 3373 3132 3410 :
3159 3357 3258 3412 sed
3298 3357 3357 3413 in
3402 3359 3695 3416 contraria

2051 3453 2209 3517 parte
2241 3461 2468 3510 sumus,
2499 3461 2698 3500 eorum
2736 3445 2887 3513 dico,
2932 3446 3030 3517 qui
3083 3447 3372 3502 mundum
3421 3447 3693 3518 diligunt,

2049 3533 2148 3605 qui
2180 3532 2340 3589 carni
2372 3533 2666 3588 serviunt:
2699 3547 2948 3604 quorum
2979 3532 3247 3603 exempla
3290 3533 3606 3606 fugiamus,
3639 3541 3696 3591 et

289 3627 404 3682 frui
440 3629 550 3682 Deo
584 3626 897 3697 possimus,
951 3624 1110 3680 omni
1157 3639 1261 3693 ope
1312 3626 1604 3678 certantes
1659 3623 1716 3677 in
1748 3621 1976 3680 Christo
2007 3622 2146 3679 Jesu
2182 3623 2431 3678 Domino
2477 3625 2674 3678 nostro
2726 3622 2821 3693 qui
2887 3622 3073 3678 dixit:
3124 3624 3408 3694 Conﬁdile,
3455 3640 3549 3696 ego
3596 3626 3702 3680 vici

286 3716 557 3772 mundum
587 3714 657 3768 ⁵³.

291 3812 401 3860 ΚΘ.
438 3836 502 3848 -—-
532 3799 813 3877 Μεγαλῷ
851 3801 957 3856 καὶ
997 3799 1213 3875 Μαρίᾳ
1257 3800 1732 3873 μοναζούσαις.
1761 3802 1942 3874 [σνο’.]

2228 3802 2421 3858 XXIX.
2458 3833 2522 3844 -—
2555 3803 2894 3872 Megaloniet
2926 3803 3121 3861 Maria
3150 3804 3507 3860 mantelibus.

1703 3900 1766 3949 In
1798 3900 1948 3950 obitu
1980 3901 2276 3964 prmpositi.

361 3985 432 4037 T6
481 3982 711 4060 γράμμα
764 3981 914 4055 ὑμῶν
965 3980 1150 4052 τίμιον
1178 3999 1189 4011 ·
1225 3979 1314 4034 καὶ
1363 3981 1397 4048 ἡ
1439 3981 1781 4055 προσηγορία
1815 4000 1937 4034 συν-

291 4076 430 4142 ετή·
487 4076 522 4142 ἡ
582 4069 638 4126 δὲ
693 4069 944 4145 ἀγγελία,
1001 4069 1051 4123 τί
1109 4068 1284 4138 simu;
1347 4065 1604 4142 ὀδυνηρὰ,
1665 4069 1698 4138 ἤ
1761 4087 1938 4143 χαρο-

291 4163 492 4232 ποιός;
536 4163 596 4218 Ὀ
650 4158 784 4232 ἐμὸς
844 4159 1029 4232 Πάτὴρ
1087 4155 1442 4230 ἐξεδήμησεν,
1495 4157 1522 4211 6
1581 4158 1935 4232 ὁμολογητὴς

293 4254 550 4325 Χριστοῦ,
603 4250 628 4303 6
685 4247 932 4321 δεύτερος
982 4241 1128 4316 Ἰὼϐ,
1179 4248 1243 4301 τὸ
1320 4244 1758 4320 έγκαλλώπισμα
1827 4250 1936 4300 τῶν

2116 3981 2477 4038 Venerabilis
2527 3983 2771 4054 epistola
2823 3987 3033 4052 vestra,
3086 3985 3312 4040 cordata
3374 3985 3684 4042 salutatio:

2048 4073 2288 4128 nuntius
2311 4087 2460 4140 vero,
2486 4073 2624 4144 quid
2648 4073 2836 4127 dicam
2859 4073 2886 4127 ‘I
2904 4073 3190 4144 plenusne
3213 4073 3428 4141 luctus,
3447 4091 3521 4130 an
3542 4092 3682 4147 gau-

2047 4163 2169 4217 dii?
2200 4162 2364 4217 Pater
2393 4179 2558 4217 meus
2590 4163 2832 4218 excessit
2861 4179 2891 4218 e
2918 4163 3083 4233 vivis,
3118 4163 3333 4220 Christi
3365 4166 3688 4233 confessor,

2044 4252 2152 4307 Job
2171 4252 2527 4313 alter,decus
2542 4253 2958 4308 monachorum
3004 4253 3303 4310 charitatis
3333 4255 3687 4325 conciliator,

300 4344 604 4414 μοναστῶν,
639 4340 666 4393 6
698 4345 797 4407 τῆς
828 4337 1040 4410 ἀγάπης
1073 4337 1439 4410 Δημιουργὸς,
1473 4336 1500 4389 6
1531 4334 1937 4412 πάντοφίλητος

2049 4341 2134 4395 vir
2163 4340 2435 4396 omnibus
2466 4339 2702 4404 charus,
2736 4341 2906 4396 homo
2940 4341 3057 4407 Dei,
3112 4342 3204 4396 cui
3255 4348 3532 4414 perpetuo
3564 4361 3690 4400 ma-

295 4430 457 4504 ἀνήρ,
491 4429 517 4482 6
547 4432 642 4483 τοῦ
674 4432 807 4484 Θεοῦ
847 4424 1156 4501 ἄνθρωπος,
1189 4427 1216 4480 6
1248 4423 1594 4499 πολύδακρυς
1629 4423 1935 4501 ὀφθαλμὸς,

297 4522 326 4576 6
359 4519 671 4597 φιλομαθὴς
730 4520 874 4585 νοῦς,
907 4518 933 4572 6
985 4515 1099 4587 θείᾳ
1130 4516 1324 4591 γνώσει
1383 4513 1878 4589 πεπλουτισμένος,
1912 4515 1939 4568 6

296 4608 473 4671 πολῦς
506 4607 558 4663 ἐν
597 4605 1084 4683 ταπεινοφροσύνῃ,
1118 4606 1206 4660 καὶ
1247 4604 1558 4668 πολλοστὸς
1609 4603 1660 4659 ἐν
1713 4605 1940 4674 συνέσει,

299 4701 328 4754 ὁ
359 4699 682 4774 περιφανὴς,
715 4696 820 4767 πρὸ
870 4697 1178 4770 σχήματος,
1229 4698 1318 4750 καί
1371 4696 1506 4767 μετά
1554 4696 1652 4762 τήν
1708 4713 1942 4769 μοναχι-

298 4791 400 4856 κήν
429 4787 709 4842 τελείωσιν
766 4787 1079 4859 ὑπέρτερος.
1113 4786 1173 4843 Ὀ
1224 4782 1392 4846 δεθεὶς

297 4878 576 4933 κάντεῦθεν
632 4877 865 4948 μισήσας
923 4876 1165 4947 κόσμον·
1227 4872 1352 4936 δούς
1404 4895 1464 4929 τε
1519 4880 1719 4948 προῖκα
1775 4875 1946 4928 πάντα

299 4969 526 5040 Χριστῷ
583 4961 899 5018 πολύολϐον
959 4963 1181 5018 οὐσίαν·
1235 4964 1346 5018 εἶτα
1406 4961 1742 5038 διαζευχθεῖς
1791 4984 1945 5038 περι-

303 5053 462 5128 δόξου
505 5051 804 5126 ὁμοζύγου,
837 5050 1028 5127 γένους
1055 5073 1111 5105 τε
1171 5052 1258 5104 καὶ
1291 5049 1470 5127 φίλων
1501 5051 1590 5104 καὶ
1651 5053 1895 5121 συνήθων
1927 5069 1939 5083 ⁸

302 5147 328 5199 6
387 5140 805 5203 καταλελοιπὼς
879 5143 1153 5216 περίγειον
1230 5140 1464 5212 ἀξίωμα,
1526 5140 1704 5209 οἶκον,
1760 5139 1941 5206 πόλιν,

299 5229 558 5307 πατρίδα,
617 5231 707 5285 καὶ
765 5234 932 5285 ταῦτα
985 5230 1036 5283 ἐν
1094 5229 1411 5302 ἀκμαζούσῃ
1474 5229 1697 5300 ἡλικίᾳ·
1751 5231 1946 5305 εὐπρε-

300 5322 426 5394 πείᾳ
479 5341 538 5374 τε
594 5319 891 5391 προσώπου
949 5318 1037 5372 καὶ
1097 5317 1217 5391 ὕψει
1269 5317 1527 5385 ἡλικίας·
1563 5318 1833 5390 εὖσθενείᾳ
1889 5340 1946 5374 τε

1448 4785 1500 4839 ἐν
1549 4785 1725 4860 ἀγάπῃ
1769 4789 1939 4838 Θεοῦ·

304 5413 584 5485 σώματος,
630 5408 720 5462 καὶ
780 5405 1330 5485 ἀμφοτεροδεξιότητι
1377 5405 1614 5481 τρόπων,
1644 5415 1858 5479 νοητῶν
1887 5429 1945 5463 τε

299 5502 392 5557 καὶ
443 5500 687 5574 ὁρατῶν·
721 5497 811 5552 καὶ
859 5496 1032 5552 πλείω
1079 5497 1284 5552 τούτων
1337 5495 1395 5552 ἄν
1440 5517 1522 5559 τις
1562 5497 1747 5569 εἷ’πὼν,
1782 5497 1942 5554 ἐλάτ-

377 5689 426 5723 ⁴⁹
457 5690 622 5746 Rom.
652 5705 775 5758 vm,
805 5690 894 5745 35.
971 5686 1018 5721 ⁵ο
1050 5685 1252 5742 Matth.
1285 5701 1378 5754 xx,
1409 5684 1497 5738 28.

1576 5682 1618 5718 εί
1653 5683 1816 5741 Rom.
1843 5701 1924 5754 nr,
1960 5684 2047 5740 17.

2053 4429 2196 4484 dens
2227 4428 2432 4484 oculus
2483 4428 2774 4498 lacrymis,
2808 4446 2973 4485 mens
3004 4431 3269 4486 discendi
3301 4431 3512 4503 cupida
3542 4433 3688 4490 divi-

2052 4518 2143 4573 nis
2209 4507 2506 4572 doctrinis
2541 4517 2818 4588 locuples,
2872 4518 2934 4573 in
2995 4519 3327 4575 humilitate
3384 4523 3685 4591 assiduus,

2052 4609 2324 4678 idemque
2356 4607 2710 4678 perspicacia
2756 4608 2936 4663 animi
2970 4607 3246 4682 inclytus,
3280 4615 3414 4666 ante
3460 4629 3691 4668 sacrum

2051 4698 2315 4753 habitum
2341 4699 2711 4768 conspicuus,
2745 4704 2799 4753 et
2829 4697 2978 4754 idem
3005 4705 3136 4768 post
3169 4702 3544 4756 monasticam
3570 4719 3694 4773 per-

2054 4790 2358 4844 fectionem
2394 4790 2561 4858 longe
2594 4787 2976 4858 praestantior.
3006 4788 3106 4843 llle
3140 4789 3236 4844 Dei
3267 4790 3553 4846 charitate
3582 4793 3690 4847 dc-

2050 4879 2302 4947 vinctus,
2333 4895 2401 4933 ac
2451 4877 2658 4932 deinde
2711 4878 2994 4932 mundum
3041 4895 3272 4950 exosus,
3323 4880 3691 4953 gratuitoque

2051 4982 2294 5020 munero
2352 4963 2654 5020 facultates
2713 4980 2939 5029 omnes,
3003 4980 3132 5019 cum
3188 4967 3468 5036 przedives
3519 4977 3698 5035 esset,

2051 5054 2276 5109 Christo
2308 5053 2785 5123 elargituszmox
2843 5055 3145 5123 sejunctus
3205 5059 3293 5110 est
3339 5055 3411 5110 ab
3474 5055 3695 5113 illustri

2052 5143 2319 5213 conjuge,
2354 5159 2387 5196 a
2412 5142 2673 5212 cognatis
2701 5146 2758 5196 et
2785 5142 2985 5198 amicis
3007 5147 3064 5197 et
3086 5142 3468 5200 familiaribus
3491 5159 3504 5200 :
3530 5145 3693 5201 abdi-

2051 5237 2178 5302 cato
2209 5233 2468 5286 terrestri
2529 5231 2891 5301 magistratu,
2951 5231 3149 5288 relicta
3195 5233 3389 5302 domo,
3442 5233 3692 5302 civitate,

2052 5322 2232 5392 patria
2267 5339 2280 5390 ;
2311 5326 2366 5376 et
2396 5321 2516 5378 haec
2542 5322 2600 5375 in
2632 5321 2860 5377 ﬂorenti
2904 5326 3067 5378 aetate
3100 5341 3114 5378 :
3167 5324 3283 5380 oris
3331 5326 3515 5381 forma
3560 5343 3692 5398 per-

2049 5410 2332 5481 elegante,
2365 5412 2642 5467 eminenti
2667 5415 2912 5482 statura,
2946 5414 3167 5484 optima
3187 5414 3442 5484 corporis
3477 5415 3693 5472 valetu-

2054 5499 2210 5568 dine,
2241 5507 2483 5573 utroque
2536 5501 2779 5557 laudum
2838 5519 3041 5571 genere
3105 5503 3401 5575 praeditus,
3457 5513 3509 5561 et
3564 5521 3690 5578 quae

2124 5685 2169 5722 ⁸³
2201 5686 2398 5743 Matth.
2432 5704 2484 5757 x,
2520 5687 2604 5742 19.
2681 5687 2728 5723 ⁵³
2759 5687 2922 5745 Joan.
2956 5705 3032 5754 vx,
3077 5690 3166 5744 33.
