4062 6280
438 359 593 424 1199

1683 363 1747 424 S.
1793 359 2188 422 THEODORI
2234 359 2593 420 STUDITE

3671 367 3807 431 1200

439 503 636 558 animo
666 501 1058 570 continentur,
1089 507 1142 556 et
1173 516 1304 572 quae
1331 499 1642 556 incurrunt
1669 499 1728 555 in
1761 497 1998 555 oculos:
2027 501 2070 554 e1

2195 515 2302 549 των
2362 491 2513 550 ἔλθοι
2570 503 2670 565 τῆς
2723 501 2819 551 τοῦ
2879 493 3069 569 ἀνδρὸς
3130 496 3345 572 ἀρετῆς.
3409 499 3572 561 Οὗτος
3621 499 3805 576 ᾤχετο,

442 591 657 664 siquis
691 591 857 662 plura
889 591 1121 656 dixerit,
1165 607 1280 644 non
1329 589 1380 644 is
1412 596 1608 644 tamen
1653 588 1760 643 viri
1807 589 2076 644 virtutem

437 682 702 739 oratione
725 686 1140 752 consequatur.
1165 680 1321 734 Vixit
1339 680 1458 747 ille,
1480 682 1551 734 ad
1570 680 1880 735 Dominum
1907 679 2080 734 abiit:

437 771 536 826 ubi
565 776 782 838 autem,
815 775 871 824 et
903 786 1015 840 quo
1057 771 1266 839 pacto!
1298 770 1543 840 Ereptus
1564 771 1899 840 importune
1921 769 2082 839 gregi

433 861 506 917 ob
538 863 806 915 morbum
839 858 1175 926 difficilem;
1206 858 1469 914 inclusus
1503 875 1732 914 carcere
1763 860 1819 912 in
1854 858 2078 913 civitate

434 951 605 1007 annis
634 951 866 1006 duobus
898 950 1028 1006 aliis
1059 958 1114 1005 et
1143 966 1208 1006 eo
1238 950 1486 1020 amplius
1512 969 1525 1004 :
1555 950 1762 1006 deinde
1783 949 1842 1004 in
1873 965 2080 1020 quam-

434 1040 570 1094 dam
594 1039 1323 1110 ablegatusinsulam,ubi,
1343 1040 1444 1110 qui
1478 1039 1868 1095 confessorem
1893 1039 2078 1108 decet,

432 1145 538 1201 pro
567 1128 794 1184 Christo
826 1145 1066 1184 cursum
1101 1129 1544 1185 consummavit.

505 1218 631 1274 Non
662 1217 842 1290 igitur
881 1218 1028 1272 mihi
1061 1233 1370 1274 maerorem
1411 1218 1505 1273 hic
1537 1234 1706 1274 casus
1736 1219 1924 1285 aﬂert,
1976 1219 2076 1274 sed
2109 1198 2111 1200 C

430 1307 692 1364 laetitiam
732 1306 1112 1379 singularem.
1156 1306 1282 1363 Non
1323 1307 1420 1362 ille
1455 1311 1544 1362 est
1573 1311 1864 1376 mortuus,
1894 1308 1994 1364 sed
2016 1307 2078 1364 in

430 1397 852 1469 sempiternam
901 1397 1080 1451 vitam
1113 1396 1381 1468 migravit
1410 1413 1423 1452 :
1459 1411 1572 1451 non
1623 1396 1780 1452 hunc
1811 1401 1962 1452 terra
1992 1401 2077 1451 te-

428 1487 535 1559 git,
567 1488 662 1542 sed
698 1493 906 1542 coelum
957 1485 1342 1554 amplectitur.
1392 1485 1625 1556 Excepit
1657 1485 1812 1541 hunc
1855 1485 2077 1541 confes-

429 1592 626 1633 sorum
685 1575 916 1642 chorus,
965 1579 1149 1630 cintus
1200 1583 1575 1630 ascetarum:
1623 1575 1722 1630 ubi
1773 1573 1872 1628 lux
1918 1589 2072 1642 vera,

432 1667 532 1722 ubi
577 1667 741 1722 beata
773 1665 1024 1736 requies,
1059 1674 1290 1736 propter
1318 1681 1494 1735 quam
1519 1665 1956 1736 adipiscendam
1988 1662 2073 1720 la-

426 1757 597 1812 bores
629 1772 694 1810 ac
731 1754 1028 1810 molestias
1053 1755 1202 1810 ultro
1235 1754 1292 1808 in
1319 1771 1490 1810 carne
1521 1755 1725 1821 subiit,
1749 1763 2072 1810 ascetarum

422 1846 946 1915 confessorumque
993 1845 1128 1899 ritu.
1163 1844 1326 1900 Nunc
1360 1845 1506 1899 mihi
1538 1844 1813 1899 solemnis
1845 1844 1952 1899 iste
1981 1843 2069 1900 fe-

425 1940 670 2006 stusque
701 1935 845 2002 dies,
874 1950 1026 1990 nunc
1049 1934 1234 1988 animi
1268 1935 1473 2006 ingens
1501 1933 1808 1989 oblectatio
1840 1939 1948 2002 est,
1974 1935 2072 1989 sed

424 2032 481 2082 et
513 2024 855 2081 ortbodoxis
886 2025 1182 2092 omnibus,
1217 2025 1368 2094 quod
1419 2025 1742 2094 adjutorem
1776 2023 1845 2078 ad
1894 2023 2070 2079 Deum

413 2115 830 2183 transmisere,
856 2113 953 2185 qui
984 2113 1187 2168 eodem
1222 2113 1394 2168 modo
1427 2118 1597 2182 atque
1631 2121 1912 2184 martyres
1936 2113 2075 2170 hac-

424 2213 593 2260 tenus
644 2219 847 2258 cursus
895 2202 1160 2259 absolvit.
1195 2202 1444 2258 Laetetur
1476 2201 1758 2270 Eccelsia,
1792 2204 1946 2274 quod
1979 2220 2074 2260 co-

428 2294 662 2350 lumnas
712 2293 900 2348 adhuc
945 2291 1164 2346 habet:
1198 2307 1359 2347 sacer
1408 2292 1548 2346 ordo
1599 2295 1870 2361 exsultet,
1915 2294 2071 2363 quod

427 2383 611 2438 stellas
656 2382 716 2436 in
769 2379 989 2436 mundo
1021 2396 1251 2435 rursum
1298 2379 1586 2449 oriuntur,
1626 2397 1752 2451 quae
1775 2381 1847 2435 iis
1878 2382 1978 2452 qui
2010 2381 2069 2436 in

426 2471 684 2528 tenebris
707 2472 990 2526 haereseos
1020 2477 1328 2526 versantur
1357 2472 1544 2526 lucem
1582 2472 1910 2527 ostendant.
1946 2471 2028 2527 Oh
2055 2473 2068 2527 l

431 2565 624 2627 Pater,
654 2559 860 2615 Paterl
894 2577 1068 2632 quam
1101 2562 1371 2632 egregius
1402 2578 1615 2617 cursus
1647 2561 1741 2616 ille
1773 2567 1909 2616 tuus
1941 2561 2066 2616 est!

429 2667 605 2722 quam
632 2655 899 2705 sanctum
923 2649 1584 2706 monumentumtuuml
1611 2666 1782 2721 quam
1799 2651 1970 2706 beata
1986 2666 2070 2706 re-

429 2740 685 2796 cordatio
715 2740 838 2794 tui!
891 2741 1070 2794 Totus
1102 2745 1165 2794 tu
1197 2739 1561 2810 splendidus,
1607 2741 1841 2809 pulcher
1890 2744 2064 2796 totus.

429 2831 570 2894 Quis
601 2835 658 2885 te
684 2829 928 2884 intuitus
959 2845 1074 2885 non
1108 2829 1354 2884 dilexit?
1383 2829 1521 2895 Quis
1555 2829 1664 2885 tibi
1714 2829 1918 2884 obvius
1951 2845 2067 2884 non

432 2919 714 2976 delinitus
739 2919 874 2974 est?
902 2920 1271 2975 Consuetudo
1305 2927 1402 2974 tua
1431 2918 1725 2990 optabilis,
1758 2919 1946 2974 virtus
1977 2935 2067 2974 ex-

420 3010 675 3080 plorata;
725 3009 864 3080 quid
909 3008 1199 3078 reliquum
1233 3008 1367 3064 est?
1423 3007 1713 3063 Memento
1761 3013 1887 3062 tum
1936 3024 2067 3080 gre-

428 3099 516 3169 gis
546 3099 652 3165 tui,
695 3106 816 3152 tum
864 3099 976 3152 mei
1019 3098 1228 3168 ipsius,
1281 3096 1380 3151 ﬁlii
1430 3099 1532 3164 tui,
1568 3113 1903 3168 quanquam
1951 3098 2066 3152 mi-

425 3189 570 3243 nimi
604 3187 838 3259 quidem
870 3204 936 3242 ac
966 3186 1116 3242 vilis.
1141 3187 1264 3250 Quo
1295 3190 1469 3258 egote
1501 3203 1818 3257 prosequar
1847 3202 2060 3255 amore,

2187 583 2391 653 ἀνῆλθε
2421 586 2556 660 πρὸς
2585 586 2814 660 Κύριον.
2849 591 2958 641 Ποῦ
2989 587 3079 641 καὶ
3113 591 3264 658 πῶςς
3297 587 3478 662 ἀρθεὶς
3511 589 3674 664 φόρτᾳ
3698 593 3806 666 (sic)

2185 671 2243 726 ἐκ
2293 679 2393 743 τῆς
2447 673 2686 748 ποίμνης
2735 673 2822 730 διὰ
2878 677 2977 744 τήν
3037 673 3317 731 δύσοιστον
3373 676 3568 731 νόσον·
3603 677 3806 755 φυλακι-

2185 761 2327 822 σθεῖς
2385 760 2436 816 ἓν
2491 762 2636 818 ἄστει
2696 762 2891 827 ἄλλοις
2948 761 3043 818 δύο
3096 759 3233 819 ἔτεσι
3279 765 3369 820 καὶ
3418 766 3591 841 πρός’
3639 761 3805 822 ἔπειτα

2183 849 2477 926 ἐξορισθείς
2554 853 2606 907 ἐν
2675 856 2826 926 νήσῳ
2891 855 3034 908 τινί·
3095 853 3312 909 κάκεῖσε
3371 855 3658 920 τελειώσας
3723 859 3803 913 τὸν

2184 938 2586 1017 ὁμολογητικὸν
2621 939 2832 1017 δρόμον
2868 943 3001 1018 ὑπὲρ
3038 948 3296 1017 Χριστοῦ.

2253 1214 2363 1269 Οὐκ
2401 1213 2668 1292 ὀδυνηρόν
2715 1237 2809 1290 μοι
2865 1216 2956 1272 οὖν
2995 1219 3059 1274 τὸ
3111 1221 3281 1283 πάθος
3314 1239 3328 1251 ·
3361 1219 3510 1276 ἀλλὰ
3554 1223 3642 1276 καὶ
3697 1221 3806 1279 λίαν

2180 1304 2512 1378 περιχαρὲς³
2566 1305 2626 1359 ού
2684 1307 2978 1377 τέθνηκεν·
3031 1306 3180 1363 ἀλλά
3257 1311 3485 1383 μετέστη
3545 1310 3620 1374 εἷς
3689 1312 3807 1366 αἰώ-

2177 1413 2287 1446 νιον
2323 1396 2468 1464 ζωήν
2505 1409 2518 1427 '
2559 1393 2621 1448 οὐ
2655 1402 2724 1470 γῆ
2761 1395 2922 1450 αὐτὸν
2956 1395 3221 1472 ἐκάλυψεν
3243 1417 3256 1430 ³
3290 1399 3416 1456 ἀλλ’
3447 1399 3669 1476 οὐρανὸς
3717 1403 3809 1457 ὑπ-

2179 1478 2411 1552 εδέξατο.
2474 1479 2764 1539 Ὑπέλαϐεν
2836 1485 2998 1540 αὐτὸν
3075 1489 3108 1555 ἠ
3171 1487 3546 1564 ὁμολογητῶν
3603 1493 3808 1566 χορεία,

2177 1572 2212 1638 ἡ
2273 1570 2524 1641 ἀσκητῶν
2586 1574 2928 1646 όμοσκηνία⁶
2965 1574 3103 1630 ὅπου
3163 1577 3224 1631 τὸ
3275 1583 3388 1654 φῶς
3433 1582 3494 1632 τὸ
3546 1577 3807 1649 ἀληθινὸν,

2178 1657 2301 1713 ἔνθα
2341 1662 2395 1713 αἱ
2442 1661 2704 1737 μακάριαι
2759 1664 3104 1734 ἀναπαύσεις,
3138 1666 3252 1721 ἀνθ’
3298 1668 3372 1721 ὧν
3424 1667 3601 1723 εἵλετο
3643 1670 3809 1724 κόπων

2177 1747 2267 1802 καὶ
2298 1747 2478 1802 πόνων
2511 1749 2564 1803 ἐν
2597 1752 2755 1825 σαρκὶ
2789 1753 3100 1822 ἄσκητικῶς
3130 1775 3187 1808 τε
3235 1754 3324 1809 καὶ
3374 1755 3807 1831 ὁμολογητικῶς.

2180 1841 2286 1891 Νῦν
2337 1859 2432 1911 μοι
2479 1842 2808 1914 πανήγυρις,
2849 1843 3032 1916 ἑορτὴ,
3079 1841 3355 1916 θυμηδία·
3390 1844 3539 1900 ἀλλὰ
3583 1847 3685 1919 μὴν
3729 1847 3807 1901 καὶ

2182 1932 2340 1981 πᾶσιν
2393 1927 2728 2002 ὀρθοδόξοις,
2772 1933 3080 2005 προστάτην
3130 1933 3206 1993 εἷς
3258 1935 3386 1989 Θεὸν
3431 1937 3808 2010 παραπέμψασι

2182 2013 2482 2090 σύνδρομον
2553 2024 2665 2073 τῶν
2749 2017 3179 2094 προδραμόντων
3271 2027 3562 2099 μαρτύρων
3644 2027 3806 2081 τάνῦν.

2181 2104 2568 2180 Ἀγαλλιάσθω
2608 2111 2641 2177 ἡ
2677 2108 3000 2182 Ἐκκλησία,
3033 2110 3114 2165 ὅτι
3166 2111 3398 2174 στύλους
3447 2111 3527 2168 ἔτι
3587 2121 3766 2169 κτᾶται
3791 2134 3804 2147 '

2181 2193 2544 2270 εὗιρραινέσθω
2596 2198 2623 2250 ὁ
2679 2198 2824 2272 ἱερὸς
2881 2199 3087 2270 θίασος,
3139 2200 3220 2254 ὅτι
3280 2209 3566 2278 φωστῆρες
3623 2201 3672 2258 ἐν
3721 2204 3805 2257 κό-

2183 2304 2307 2356 σμῳ
2366 2283 2530 2341 πάλιν
2590 2286 2873 2365 ἀνίσχουσι
2912 2294 3356 2366 φρυκτωροῦντες
3397 2293 3527 2352 τοὺς
3561 2291 3612 2346 ἐν
3645 2292 3806 2348 σκότει

2177 2379 2278 2442 τῆς
2327 2372 2604 2447 αἱρέσεως.
2636 2376 2738 2431 ὨΙ
2782 2374 2826 2430 ὦ
2871 2378 3066 2451 Πάτερ,
3105 2378 3297 2453 Πάτερ,
3330 2380 3404 2441 ὡς
3447 2378 3619 2443 καλός
3669 2384 3806 2436 σουὸ

2180 2460 2424 2537 δρόμοςί
2459 2465 2534 2526 ὡς
2567 2465 2714 2519 ὅσιον
2761 2467 2822 2521 τὸ
2875 2470 3224 2540 μνημόσυνόν
3269 2473 3402 2526 σουί
3447 2472 3526 2533 ὡς
3561 2473 3808 2548 μακάριον

2175 2553 2238 2606 τὸ
2291 2553 2594 2626 ὑπόμνημά
2644 2557 2778 2611 eos!
2813 2555 2944 2618 ὅλος
2995 2557 3057 2612 σὺ
3106 2556 3348 2636 φαιδρὸς,
3397 2559 3533 2623 ὅλος
3592 2564 3806 2638 χαρίεις.

2175 2641 2265 2703 Τίς
2299 2662 2355 2696 σε
2389 2640 2514 2697 ἰδὼν
2569 2645 2666 2698 οὐκ
2703 2643 2953 2720 ἠγάπηκε
2979 2665 2991 2715 ;
3021 2647 3102 2709 τίς
3153 2645 3209 2702 δὲ
3268 2650 3554 2724 συντυχὼν
3616 2651 3676 2705 οὐ
3729 2671 3809 2727 γε·

2176 2730 2476 2805 γλύκανται
2505 2752 2518 2801 ;
2551 2735 2612 2790 Ἥ
2645 2736 2898 2790 συνουσία
2939 2758 3033 2791 σου
3083 2737 3243 2814 ἐφετή
3273 2758 3284 2771 ·
3319 2742 3352 2807 ἡ
3405 2739 3575 2814 ἀρετὴ
3618 2762 3809 2818 γνωρι-

2176 2824 2353 2890 στική.
2388 2821 2444 2876 Τί
2471 2844 2532 2876 το
2566 2823 2801 2893 λοιπόν,
2836 2823 3094 2898 Μέμνησο
3124 2828 3198 2888 ὡς
3249 2830 3350 2889 τῆς
3398 2828 3646 2902 ποίμνης
3702 2851 3808 2900 σοι-ι,

2173 2912 2353 2983 κάμοῦ
2392 2916 2488 2966 τοῦ
2532 2917 2628 2967 σοῦ
2677 2915 2818 2982 υἱοῦ,
2851 2915 2947 2970 κᾶν
2998 2915 3295 2991 ἐλαχίστου
3332 2918 3420 2972 καὶ
3453 2917 3796 2993 ὲρῥιμμένου.

2175 2998 2335 3062 Οἶδας
2364 3001 2454 3056 τὸν
2495 3001 2662 3057 πόθον
2694 3024 2788 3057 σου
2819 3004 2909 3059 τὸν
2944 3003 2993 3058 ἐν
3029 3003 3189 3076 ἐμοί’
3224 3007 3298 3067 ὡς
3327 3007 3476 3081 κάγὼ
3529 3009 3619 3063 τὸν
3651 3007 3699 3062 ἐν
3730 3008 3804 3063 σοὶ

2175 3089 2330 3160 ἐμοῦ.
2365 3093 2644 3162 Βοήθησον
2675 3095 2741 3166 [Γ.
2774 3094 3007 3167 Βόησον]
3049 3094 3182 3169 ὑπὲρ
3222 3096 3400 3166 πάσης
3449 3104 3555 3167 τῆς
3589 3097 3808 3168 Ἐκκλη-

2177 3178 2293 3241 σίας
2324 3180 2459 3255 πρὸς
2491 3179 2685 3253 Κύριον
2714 3201 2724 3213 ·
2753 3179 2978 3253 δεήθητι
3011 3183 3102 3238 καὶ
3131 3183 3256 3257 περί
3285 3183 3420 3257 ἐμοῦ
3450 3190 3552 3241 τοῦ
3601 3187 3804 3260 οἶκτροῦ

430 3277 624 3332 nosti:
659 3285 711 3330 et
743 3292 857 3346 quo
891 3281 950 3330 tu
985 3292 1098 3342 me,
1131 3275 1285 3331 novi.
1320 3275 1424 3329 Fer
1467 3274 1572 3330 toti
1619 3274 1887 3331 Ecclesiae
1925 3293 2064 3348 sup-

2182 3269 2334 3344 τάχει
2367 3267 2543 3324 ἐλθεῖν
2570 3271 2704 3346 πρὸς
2737 3273 2814 3343 σε,
2847 3271 2899 3326 ἐν
2932 3273 2978 3344 ᾦ
3008 3272 3198 3348 τρόπῳ
3245 3273 3616 3332 τετελείωσαι.
3649 3277 3807 3334 Δῦται

426 3366 614 3436 petias
648 3366 797 3436 apud
847 3364 1183 3419 Dominum.
1217 3363 1324 3418 Pro
1363 3380 1449 3418 me
1491 3364 1703 3420 misero
1735 3365 2066 3437 deprecare,

432 3459 498 3510 ut
527 3454 729 3510 statim
763 3470 829 3508 ac
859 3458 914 3509 te
942 3454 1193 3520 veniam,
1235 3470 1348 3524 quo
1401 3469 1558 3508 more
1587 3453 1743 3508 diem
1774 3455 2062 3510 clausisti.

429 3543 562 3600 Haec
592 3543 824 3614 quidem
851 3559 979 3598 mea
997 3548 1086 3598 est
1103 3544 1252 3615 apud
1287 3558 1661 3598 cummunem
1692 3544 1916 3597 Patrem
1942 3559 2068 3598 ora-

423 3632 530 3688 tio.
583 3632 697 3686 Vos
761 3647 896 3686 vero
952 3633 1244 3700 adhortor,
1293 3648 1364 3686 ne
1421 3631 1592 3687 fidem
1643 3633 1902 3702 prodatis
1934 3651 1951 3685 :
2003 3636 2066 3687 ut

431 3725 634 3777 sancte
663 3721 892 3789 vivatis,
928 3737 1064 3776 cum
1123 3721 1253 3775 sitis
1294 3721 1478 3776 ambas
1526 3720 1707 3787 illius,
1739 3729 1794 3776 et
1825 3721 2064 3777 alterius

2185 3359 2278 3431 μέν
2312 3380 2404 3432 μοι
2437 3360 2490 3413 αἱ
2523 3360 2692 3434 φωναὶ
2743 3361 2878 3436 πρὸς
2921 3363 3015 3417 τὸν
3061 3363 3244 3417 κοινὸν
3288 3366 3709 3438 Πατέρα.ἰ”μᾶς
3760 3363 3808 3418 δὲ

2176 3449 2497 3524 παρακαλῶ,
2536 3451 2612 3522 μὴ
2665 3449 2965 3522 προδοῦναι
3003 3454 3102 3520 τήν
3161 3452 3378 3508 πίστιν·
3430 3455 3600 3518 ὁσίως
3652 3455 3806 3529 βίοῦν,

2176 3539 2250 3600 ὡς
2303 3539 2507 3593 ἐκείνου
2541 3539 2715 3605 οὖσαι,
2750 3539 2945 3614 θατέρα
2991 3543 3214 3616 θατέρας
3239 3562 3256 3580 ο
3288 3545 3323 3613 ἡ
3369 3543 3462 3616 μὲν
3516 3543 3803 3618 ὀμόζυγος⁶

2174 3630 2208 3696 ἡ
2245 3625 2301 3682 δὲ
2329 3635 2428 3697 τῆς
2460 3629 2738 3704 ὁμοζύγου
2787 3631 3041 3704 ὁμαίμων
3070 3651 3082 3663 ·
3116 3632 3190 3695 ὡς
3234 3629 3293 3686 ἂν
3347 3632 3440 3687 σὺν
3490 3633 3677 3706 ἐκείνῳ
3727 3631 3806 3688 δό-

2173 3719 2269 3789 ξης
2297 3725 2396 3786 τῆς
2429 3716 2612 3772 ἀίόίου
2651 3717 3036 3778 ἀπολαύσοιτε.

431 3810 633 3879 altera,
665 3810 786 3865 haec
831 3810 1064 3881 quidem
1113 3811 1345 3881 conjux,
1395 3809 1496 3866 illa
1547 3814 1743 3865 autem
1793 3810 2062 3882 conjugis
2092 3810 2573 3882 consanguinea;
2608 3816 2671 3865 ut
2701 3828 2832 3866 cum
2881 3813 2979 3867 illo
3010 3811 3197 3884 gloria
3244 3815 3628 3886 perfruamini
3667 3831 3805 3872 sem-

429 3899 680 3972 piterna.

813 3989 988 4045 XXX.
1022 4021 1092 4031 —
1127 3989 1370 4048 Simeom’
1396 3991 1678 4046 monacho.

2430 3997 2494 4047 A.
2532 4023 2596 4032 —
2641 3991 2914 4064 Συμεὼν
2970 3991 3354 4064 μονάζοντι.
3396 3995 3578 4070 [σξα’·]

664 4089 975 4139 Gratulatur
1004 4089 1148 4154 quod
1181 4103 1276 4152 pro
1303 4089 1513 4141 Christo
1543 4098 1758 4142 strenue
1787 4091 2091 4142 dimicasset
2111 4090 2368 4139 adversus
2396 4089 2813 4153 Iconomachos).
2837 4092 3056 4162 (Baron.
3094 4107 3185 4143 an.
3220 4094 3336 4158 818,
3361 4109 3414 4144 n.
3435 4096 3549 4158 22.)

500 4171 746 4226 Reddita
773 4171 917 4226 mihi
949 4170 1198 4241 epistola
1246 4172 1574 4227 sanctitatis
1604 4179 1736 4227 tuae.
1785 4173 1892 4228 Ubi
1939 4189 2066 4227 eam

437 4262 575 4332 legi,
605 4266 664 4315 et
695 4261 927 4332 singula
949 4261 1124 4316 didici
1158 4277 1281 4333 quae
1312 4261 1396 4315 illi
1429 4263 1779 4333 celerisque,
1810 4262 1908 4334 qui
1932 4279 2066 4318 cum

429 4368 496 4407 ea
526 4359 684 4410 sunt.
717 4354 932 4406 sanctis
963 4352 1231 4406 Patribus
1267 4352 1484 4408 nostris
1513 4369 1524 4406 :
1559 4354 1796 4422 Quorum
1844 4358 2067 4408 nomina

421 4449 559 4496 sunt
591 4443 652 4494 in
683 4440 821 4495 libro
851 4443 976 4496 vitae
1013 4440 1083 4509 ⁵⁸,
1131 4441 1480 4504 acciderant.
1532 4458 1754 4498 sacram
1805 4444 2063 4497 omnium

429 4530 1202 4602 expulsionem,loginquam
1239 4532 1719 4601 deportationem,
1754 4531 2062 4588 molestam

2250 4170 2545 4242 Δεξάμενος
2620 4169 2706 4226 ἐπὶ
2779 4177 2968 4246 χεῖρας
3032 4172 3130 4240 τὴν
3191 4179 3291 4241 τῆς
3347 4175 3664 4249 ἁγιωσύνης
3725 4197 3805 4231 σου

2177 4255 2617 4327 ἐπιστολῆν,καὶ
2683 4259 2944 4334 ἀναγνοὺς
3002 4261 3091 4314 καὶ
3151 4257 3430 4339 διδαχθεὶς
3489 4261 3686 4320 ἕκαστα
3713 4268 3807 4317 τῶν

2178 4343 2607 4419 συμϐεϐηκότων
2669 4349 2804 4423 αὐτῇ
2861 4370 2920 4403 τε
2974 4348 3063 4403 καὶ
3116 4355 3232 4412 τοῖς
3292 4352 3386 4404 σὺν
3448 4352 3589 4425 αὐτῇ
3644 4353 3807 4429 ἁγίοις

2180 4437 2446 4512 Πατράσιν
2481 4441 2672 4510 ἡμῶν·
2699 4442 2800 4493 Ὠν
2834 4438 2911 4492 τὰ
2941 4438 3049 4493 ὀνό
3073 4460 3240 4511 ματα
3270 4439 3328 4494 ἐν
3366 4437 3591 4514 βίϐλω
3622 4450 3783 4513 ζωῆς

2177 4527 2268 4584 διὰ
2321 4531 2419 4599 τὴν
2474 4529 2724 4584 ἁπάντων
2780 4529 2924 4603 ἱερὰν
2976 4527 3293 4606 φυγαδείαν,
3343 4532 3433 4586 καί
3494 4531 3804 4601 ἀλλοδαπήν

432 4619 593 4674 illam
624 4624 680 4674 et
708 4636 966 4690 gravem,
997 4620 1070 4675 ob
1101 4620 1321 4676 variam
1368 4621 1481 4676 huc
1515 4629 1692 4695 atque
1725 4621 1860 4678 illuc
1890 4622 2070 4678 abdu-

2188 4616 2595 4690 μετανάστασιν,
2648 4616 2739 4670 καὶ
2800 4619 3152 4691 πειραστικήν
3209 4618 3297 4672 καὶ
3357 4616 3674 4691 θλιπτικήν,
3731 4619 3806 4674 διὰ

438 4711 712 4776 ctionem,
743 4719 798 4765 et
835 4710 1039 4765 duram
1069 4711 1383 4781 impiorum
1417 4714 1731 4768 custodiam
1761 4738 1774 4779 ;
1811 4714 2071 4785 ingemui

424 4801 606 4857 simul
644 4801 908 4869 humilis,
932 4801 992 4857 in
1015 4803 1346 4873 cujusmodi
1369 4806 1719 4860 tentationes
1749 4803 1851 4859 Dei
1882 4805 2070 4861 Eccle-

432 4892 553 4946 sias
586 4895 819 4962 tempus
850 4892 1180 4962 perduxerit
1206 4894 1402 4948 animo
1432 4894 1812 4950 considerans
1845 4911 1858 4949 :
1893 4894 2070 4950 simul

436 4981 612 5037 etiam
646 4981 815 5037 beata
836 4981 974 5036 duxi
1010 4984 1471 5052 persecutionem
1504 5001 1606 5054 pro
1637 4983 1866 5039 Christo
1889 4984 2072 5039 feren-

430 5069 585 5124 tium
618 5069 970 5137 certamina;
1009 5074 1179 5141 teque
1209 5070 1424 5142 pariter
1463 5071 1562 5141 qui
1593 5076 1886 5141 gestorum
1939 5087 2072 5126 om-

427 5159 591 5214 nium
621 5159 792 5215 nobis
841 5159 1081 5213 nuntius
1112 5160 1295 5226 fuisti,
1340 5175 1445 5215 nec
1476 5160 1718 5215 renuisti
1767 5177 1904 5232 erga
1954 5177 2070 5235 me,

425 5247 593 5303 nihili
624 5248 946 5316 hominem,
967 5253 1023 5304 et
1054 5263 1292 5304 manum
1317 5264 1540 5302 movere
1565 5250 1632 5303 ad
1667 5249 2064 5308 scribendum.

434 5342 490 5393 et
520 5342 698 5393 totam
724 5336 1058 5392 afﬂictionis
1085 5338 1288 5391 seriem
1315 5337 1655 5408 singulatim
1706 5352 2066 5409 percensere.

423 5427 549 5491 Quo
581 5427 816 5482 nomine
847 5427 1154 5483 benedicat
1186 5426 1289 5482 tibi
1313 5427 1620 5494 Dominus,
1644 5445 1708 5483 ac
1734 5426 1921 5498 magis
1949 5444 2070 5483 ma-

423 5517 639 5590 gisque
675 5517 983 5572 conﬁrmet
1003 5521 1057 5572 et
1081 5516 1414 5572 corroboret
1446 5516 1500 5572 in
1539 5518 1744 5576 acerba
1775 5518 1881 5573 ista
1911 5518 2068 5576 testi-

483 5700 533 5736 ⁵⁸
567 5699 816 5771 Philipp.
853 5715 926 5770 ιν,
962 5701 1021 5756 3.

2179 4715 2279 4776 τῆς
2329 4705 2436 4762 ὦδὲ
2477 4728 2536 4762 τε
2580 4707 2792 4762 κάκεῖσε
2840 4709 3141 4782 ἀπαγωγῆς
3186 4728 3245 4762 τε
3301 4708 3390 4763 καὶ
3448 4714 3804 4786 φρουρητικῇς

2180 4796 2324 4869 παρὰ
2383 4799 2490 4850 τῶν
2541 4796 2709 4850 ἀθὲων
2763 4796 3187 4869 παταπράξεως·
3240 4797 3380 4868 ὁμοῦ
3423 4800 3520 4870 μὲν
3573 4798 3803 4868 ἐστὲναξα

2182 4887 2210 4940 ὁ
2263 4889 2540 4956 ταπεινὸς,
2588 4887 2663 4948 εἰς
2722 4889 2812 4940 οἷα
2867 4884 3067 4963 ἤγαγεν
3123 4888 3151 4941 ὁ
3210 4889 3408 4965 χρόνος
3462 4891 3803 4964 πειραστήρια

2181 4976 2274 5038 τὰς
2333 4977 2661 5046 Ἐκκλησίας
2730 4982 2831 5032 τοῦ
2903 4982 3037 5033 θεοῦ
3105 4981 3510 5040 κατασκοπῶς·
3570 4980 3707 5052 ὁμοῦ
3755 4976 3802 5032 δὲ

2180 5066 2482 5141 ἐμακάρισα
2538 5069 2603 5124 τὰ
2661 5067 2802 5124 ἆθλα
2857 5072 2966 5124 τῶν
3025 5065 3407 5144 δεδιωγμένων
3455 5067 3630 5125 ἕνεκεν
3683 5071 3800 5143 Χρι-

2182 5161 2347 5212 στοῦ·
2408 5153 2593 5213 ἔπειτα
2649 5158 2738 5213 καὶ
2795 5159 2851 5212 σὲ
2919 5159 3010 5213 τὸν
3080 5157 3312 5235 ἄγγελον
3364 5161 3500 5232 ἡμῖν
3558 5160 3800 5237 γεγονότα

2179 5249 2427 5304 ἁπάντων
2509 5253 2616 5304 τῶν
2696 5247 3325 5325 δραματουργηθέντων·
3395 5251 3495 5305 οὐκ
3577 5247 3801 5315 ἀποκνή-

2180 5359 2340 5393 σαντα
2369 5340 2506 5415 πρός
2549 5361 2614 5412 με
2658 5340 2749 5395 τὸν
2802 5337 3021 5402 οὐδενὸς
3071 5336 3237 5412 ἄξιον,
3267 5339 3357 5394 καὶ
3397 5345 3557 5416 χεῖρα
3611 5339 3695 5393 ἐπὶ
3745 5337 3798 5391 τὸ

2179 5431 2382 5504 γράψαι
2437 5425 2644 5500 δοῦναι,
2673 5430 2763 5484 καὶ
2829 5428 3199 5504 ἷχνομυθῆσαι
3260 5427 3396 5500 ὅλην
3453 5429 3550 5497 τήν
3581 5435 3678 5497 τῆς
3714 5448 3799 5481 κα-

2178 5519 2398 5579 κώσεως
2456 5518 2744 5574 ὑπόθεσιν·
2801 5519 2917 5574 ἀνθ’
2965 5519 3037 5573 ὧν
3115 5516 3412 5593 εὐλογῆσαι
3478 5538 3536 5574 σε
3590 5518 3793 5592 Κύριος,
