4062 6280
293 358 446 421 1201

1576 354 2125 419 EPISTOLARUM
2167 355 2321 417 LIB.
2365 354 2445 415 II.

3536 352 3691 417 1202

295 489 544 564 στηρίξαι
587 510 645 545 τε
694 488 782 544 ἐπὶ
831 487 1022 557 πλέον,
1072 489 1162 544 καὶ
1206 483 1498 563 βεϐαιώσαι
1558 491 1610 543 ἐν
1674 495 1743 563 τῇ
1796 490 1936 563 ἀμει-

2061 491 2238 547 monii
2254 488 2465 546 Christi
2487 486 3200 543 dimicatione.Enimvero
3217 488 3459 559 cognovi
3483 502 3699 559 quem-

294 579 473 654 λίκτῳ
520 578 756 635 ἐνστάσει
820 587 920 649 τῆς
980 579 1274 654 μαρτυρίας
1328 584 1584 655 Χριστοῦ,
1656 582 1754 636 Καὶ
1836 582 1939 654 γὰρ

295 664 498 742 ἔμαθον
559 668 745 742 ὅτιπερ
798 664 1093 741 συμϐαλὼν
1165 669 1299 741 μετά
1364 670 1463 738 τὴν
1536 663 1777 723 ἔνστασιν
1863 673 1941 739 τῷ

296 754 575 833 ἀσεὸἀρχῃ
627 759 845 832 Ἰωάννῃ
901 756 1005 833 οὐχ
1083 757 1411 827 ὑπεστάλης,
1488 756 1611 811 οὐδὲ
1696 754 1941 831 δεύτερος

296 847 463 917 ἦλθες
520 855 620 916 τῆς
673 849 747 909 είς
794 846 995 921 λόγους
1045 847 1371 919 συμπλοκῆς
1419 866 1432 879 ’
1502 846 1646 900 ἀλλά
1711 847 1945 921 στεῤῥὼς

297 938 707 1006 ἀπικαταστάς,
778 936 1047 1009 περιεῖλες
1116 936 1296 1004 αὐτὸν,
1364 936 1455 990 καὶ
1514 936 1947 1009 ἀπεπομᾶτισας

296 1032 554 1089 νεανικῶς
587 1025 743 1102 λόγῳ
775 1026 1032 1096 ἀληθείας
1064 1034 1162 1096 τῆς
1212 1024 1460 1097 δοθείσης
1511 1047 1594 1081 σοι
1647 1026 1749 1080 ὑπὸ
1799 1025 1945 1099 ἐνερ-

294 1115 451 1191 γείας
480 1120 577 1171 τοῦ
607 1114 764 1190 ἁγίου
798 1115 1135 1189 Πνεύματος.

372 1205 475 1262 Καὶ
512 1207 616 1279 γάρ
666 1202 791 1259 οὐδὲ
840 1206 1094 1280 πάρεστιν
1146 1205 1196 1260 ἐν
1244 1210 1359 1268 τοῖς
1410 1207 1784 1278 ἠπατημένοις
1855 1203 1945 1258 δύ-

295 1316 459 1368 ναμις
490 1293 661 1369 λόγου
694 1315 708 1329 ⁸
754 1295 870 1350 ἐπεὶ
925 1293 1064 1367 μηδὲ
1105 1300 1218 1368 φῶς
1271 1314 1284 1328 ⁸
1340 1293 1463 1350 οὐδὲ
1511 1294 1770 1365 ἀληθείας
1814 1296 1947 1349 ἀπό-

296 1384 482 1455 δειξις,
535 1383 663 1439 οὐδὲ.
717 1406 769 1439 τι
828 1386 1000 1452 ιύθὲς,
1061 1384 1184 1440 οὐδὲ
1242 1386 1389 1440 ὅσιον
1448 1385 1497 1440 ἐν
1548 1383 1945 1440 σκότειδιαπό-

294 1472 616 1547 ρευομένοις
660 1475 729 1545 τῇ
809 1471 1047 1544 ἀσύνετῳ
1133 1470 1326 1547 καρδίᾳ
1409 1473 1498 1527 καὶ
1580 1471 1946 1545 μεμωραμὲνῃ

294 1562 480 1639 σοφίᾳ,
537 1560 773 1631 τάληθὲς
829 1560 885 1616 δὲ
940 1560 1134 1633 εἴπεῖν,
1194 1563 1390 1641 ἀσοφίᾳ
1446 1564 1534 1616 καὶ
1602 1562 1803 1636 ἀμαθίᾳ
1860 1562 1950 1616 καὶ

291 1651 618 1727 τυφλότητι.
652 1653 748 1708 ’Ἑν
785 1648 843 1705 δὲ
880 1654 1042 1724 μόνον
1096 1653 1184 1707 καὶ
1215 1656 1430 1727 πρῶτον
1474 1653 1561 1707 καὶ
1614 1651 1949 1721 τελευταῖον,

291 1744 327 1811 ἡ
357 1741 568 1813 ἐξουσία
614 1745 711 1796 τοῦ
756 1744 985 1805 σκότους
1017 1762 1029 1775 ·
1079 1746 1239 1797 τοῦτο
1287 1742 1471 1803 αὐτοῖς
1503 1742 1592 1797 καὶ
1625 1740 1821 1816 λόγος,
1854 1743 1947 1797 καὶ

290 1831 445 1906 ὅρος,
475 1833 565 1886 καὶ
615 1833 821 1901 πίστις,
878 1833 968 1887 καὶ
1036 1830 1183 1901 δόξα,
1242 1832 1333 1887 καὶ
1393 1830 1588 1889 ὅπλον.
1650 1834 1764 1887 Ἐκ
1820 1835 1948 1884 τῶν

291 1910 740 1998 ἔργωναύτιῖυν
775 1922 1240 1997 ἐπιγνώσεσθε
1269 1920 1530 1990 αὐτοὺς,
1562 1920 1663 1997 ἔφη
1698 1922 1725 1975 ὁ
1760 1920 1956 1995 Κύριος

289 2012 354 2064 Ti
411 2010 515 2083 γάρ
574 2010 673 2065 οὐκ
728 2008 949 2085 ἔδρασαν
1030 2006 1215 2072 ἀσεϐὲς
1292 2032 1349 2065 τε
1430 2010 1518 2064 καὶ
1595 2006 1943 2077 Ἰουδαϊκόν;

288 2099 524 2173 Χριστὸν
558 2094 863 2173 ἐνύϐρισαν,
905 2100 1003 2167 τήν
1062 2099 1347 2166 Θεοτόκον,
1400 2120 1525 2160 τους
1573 2098 1759 2173 ἁγίους
1811 2117 1824 2130 ·
1868 2099 1943 2152 ὧν

290 2192 394 2266 γὰρ
447 2191 498 2244 οἱ
559 2191 863 2263 σωματικοὶ
914 2194 1259 2265 χαρακτῆρες
1310 2191 1684 2263 ἀτιμάζονται,
1755 2190 1941 2251 αὐτοῖς

290 2278 519 2342 ἐκεῖνοις
580 2282 614 2350 ἠ
664 2275 819 2356 ὕϐρις
870 2279 1243 2353 ἀναπέμπεται
1320 2286 1438 2341 τοῖς
1514 2279 1893 2355 πρωτοτύποις
1928 2297 1941 2309 ⁸

287 2367 379 2421 καὶ
440 2366 528 2423 διὰ
587 2373 748 2424 τοῦτο
837 2369 1062 2431 εἷκότως
1148 2369 1515 2444 Ἀντίχριστοι
1601 2370 1812 2442 ῥηθεῖεν
1892 2370 1943 2423 οἱ

293 2455 675 2532 Εἰκονομάχοι
710 2477 723 2489 ·
758 2456 945 2527 ἐπειδή
989 2458 1133 2533 λέγει
1184 2460 1211 2513 ὁ
1272 2457 1545 2534 Θεολόγος
1591 2460 1681 2513 καὶ
1732 2458 1943 2530 εὐαγγε-

293 2543 535 2616 λιστής·
580 2547 702 2601 Καὶ
758 2552 867 2602 νῦν
918 2547 1169 2604 πολλοὶ
1228 2548 1718 2626 ’Δντίχριστοι.
1767 2551 1942 2601 Ταῦτα

299 2636 470 2708 μικρά
528 2638 620 2709 μὲν
678 2638 813 2710 πρὸς
872 2638 969 2705 τὴν
1027 2639 1125 2706 σὴν
1174 2639 1379 2692 σύνεσιν
1416 2660 1429 2671 ·

295 2719 570 2796 σύμϐολα,
618 2733 718 2796 τῆς
767 2727 822 2781 ἐν
871 2726 945 2781 ἐνὶ
989 2730 1298 2806 φρονήματι
1346 2728 1436 2782 καὶ
1491 2732 1587 2798 μιᾷ
1644 2731 1796 2803 ψυχῇ
1848 2725 1941 2782 δο-

298 2814 477 2882 θείσης
506 2817 642 2888 ἡμῖν
677 2816 779 2870 ὑπὸ
812 2820 965 2872 Θεοῦ.
999 2814 1173 2871 ’Δλλά
1215 2837 1310 2890 μοι
1359 2818 1701 2891 προσεύχου,
1742 2815 1941 2895 ἀδελφὲ

289 2901 444 2973 καλὲ,
473 2904 537 2958 τά
567 2902 658 2957 ἶσά
702 2926 787 2959 σοι
833 2903 1071 2960 ἐναθλεῖν
1114 2926 1127 2939 ⁸
1176 2907 1265 2960 καὶ
1315 2906 1575 2983 γνωρίσαι
1630 2927 1722 2979 μοι
1773 2905 1937 2960 πάλιν

291 2992 525 3063 ἀξίωσον
577 2994 725 3058 ὅπως
775 2995 838 3049 σύ
886 3016 942 3051 τε
982 2993 1217 3071 διάγοις,
1248 2996 1337 3051 καὶ
1387 2996 1534 3060 ὅπως
1566 2993 1683 3072 ἔχει
1714 2996 1804 3051 καὶ
1835 2992 1939 3066 ἕξει

283 3084 353 3139 τὰ
382 3091 480 3155 τῆς
511 3085 657 3159 ἱερᾶς
690 3106 784 3141 σου
815 3083 1080 3149 συνοδίας.

282 3174 422 3229 ΛΑ’.
470 3207 540 3217 —
586 3177 835 3254 Ἰωσὴφ
892 3175 1161 3253 ἀδελφῷ
1225 3178 1329 3232 καὶ
1400 3177 1932 3252 ἀρχιεπισκόπῳ.

1014 3264 1197 3339 [σξβὀ]

1487 2644 1585 2707 τῆς
1636 2638 1846 2712 ἀγάπης
1887 2634 1943 2690 δὲ

2058 582 2373 638 admodum
2408 582 2536 652 post
2567 577 2997 634 dimicationem
3045 578 3253 646 ipsam,
3288 594 3420 633 cum
3473 578 3701 635 Joanne

2054 671 2372 743 impiorum
2425 671 2569 724 duce
2628 684 2998 740 congressus,
3038 666 3493 739 haudquaquam
3545 674 3703 726 metu

2055 763 2320 829 cesseris,
2354 777 2459 817 nec
2488 760 2726 817 inferior
2757 762 3043 816 sermonis
3081 759 3351 816 conﬂictu
3384 762 3697 826 exstiteris,

2057 854 2162 907 sed
2194 853 2418 908 fortiter
2456 851 2745 906 obsistens
2801 850 2995 920 ipsum
3045 850 3271 919 viceris,
3313 855 3369 905 et
3409 850 3698 923 elinguem

2048 942 2295 1014 juvenili
2331 942 2523 1012 vigore
2577 939 2895 996 reddideris
2941 939 3115 996 verbo
3174 940 3434 995 veritatis
3492 942 3701 996 subni-

2056 1050 2187 1101 xus,
2222 1049 2396 1105 quam
2438 1031 2546 1088 tibi
2605 1030 2822 1102 Spiritu
2883 1032 3067 1087 sancti
3117 1033 3372 1104 operatio
3429 1048 3700 1104 suggere-

2054 1122 2178 1178 bat.

2129 1209 2301 1266 Nulla
2328 1210 2599 1267 videlicet
2622 1210 2678 1265 in
2711 1210 2783 1267 iis
2810 1210 2904 1279 qui
2937 1210 3159 1283 decepti
3194 1212 3332 1266 sunt
3380 1210 3596 1266 residet
3618 1209 3702 1265 vis

2060 1300 2387 1366 sermonis;
2422 1299 2700 1370 quoniam
2751 1314 2855 1353 nec
2911 1297 3135 1368 lumen,
3168 1316 3273 1354 nec
3321 1297 3555 1354 vertatis
3577 1315 3709 1371 spe-

2063 1392 2255 1447 cimen
2292 1405 2393 1444 nec
2424 1393 2650 1443 rectum
2694 1387 2935 1457 aliquid,
2968 1392 3066 1442 aut
3105 1393 3371 1443 sanctum
3418 1388 3476 1443 in
3543 1392 3706 1444 tene-

2060 1479 2183 1533 bris
2218 1476 2657 1532 ambulantibus
2690 1476 2871 1531 stulto
2904 1477 3077 1531 corde
3099 1482 3157 1531 et
3185 1477 3435 1532 evanida
3474 1478 3705 1546 sapien-

2064 1567 2159 1633 tis,
2192 1584 2316 1632 seu,
2349 1573 2412 1621 ut
2467 1566 2659 1621 verius
2702 1565 2949 1631 dicatur,
3015 1566 3705 1635 insipientia,imperitia,

2061 1659 2334 1713 caecitate.
2370 1654 2562 1710 Unum
2598 1658 2790 1710 autem
2816 1654 2991 1722 inest,
3018 1662 3070 1709 et
3101 1656 3355 1725 primum
3390 1659 3447 1710 et
3485 1665 3707 1726 postre-

2063 1763 2246 1812 mum,
2282 1750 2535 1816 potestas
2566 1745 2938 1799 tenebrarum
2976 1760 2990 1798 :
3032 1744 3140 1798 hoc
3172 1744 3290 1799 illis
3323 1750 3379 1799 et
3408 1761 3620 1811 sermo,
3652 1750 3709 1799 et

2066 1835 2346 1903 deﬁnitio,
2377 1839 2435 1889 et
2491 1835 2657 1899 ﬁdes,
2680 1833 2731 1888 ei
2780 1833 2980 1902 gloria,
3017 1841 3069 1886 et
3127 1849 3307 1888 arma.
3332 1833 3414 1888 Ea:
3459 1834 3707 1904 operibus

2067 1940 2254 1980 eorum
2310 1924 2644 1993 cognoscetis
2673 1939 2760 1979 eos
2788 1923 2850 1990 ⁵⁵,
2883 1924 2961 1977 ait
3007 1923 3313 1977 Dominus.
3347 1923 3495 1988 Quid
3554 1924 3707 1979 enim

2062 2014 2306 2082 impium
2333 2018 2435 2068 aut
2455 2012 2760 2067 Judaicum
2796 2028 2909 2067 non
2939 2012 3225 2082 egerunt?
3246 2012 3534 2067 Christum
3569 2030 3708 2067 con-

2062 2103 2302 2158 tumelia
2334 2103 2665 2157 affecerunt.
2700 2102 3001 2172 Deiparam
3052 2110 3106 2156 et
3133 2107 3365 2157 sanctos
3400 2120 3410 2155 :
3447 2119 3702 2173 quorum

2059 2194 2214 2249 enim
2240 2209 2527 2264 corporea:
2544 2193 2740 2263 figurae
2774 2192 3092 2262 ignominia
3125 2192 3550 2258 afﬁciuntur,in
3576 2210 3703 2263 pro-

2056 2287 2256 2355 totypa
2312 2284 2443 2354 ipsa
2505 2281 2924 2337 transmittitur
2977 2282 3329 2337 contumelia
3385 2298 3397 2336 :
3457 2282 3705 2353 ideoque

2051 2372 2393 2427 Antichristi
2427 2372 2631 2426 merito
2661 2371 2774 2426 dici
2808 2376 3053 2442 possunt
3082 2372 3440 2427 lconomachi
3466 2388 3479 2425 :
3504 2388 3690 2443 quan-

2053 2462 2390 2531 doquidem,
2425 2461 2503 2515 uti
2539 2477 2571 2513 a
2602 2459 2895 2531 Theologo
2926 2466 2985 2514 et
3024 2460 3380 2531 evangelista
3410 2460 3689 2530 scripturn

2052 2555 2141 2606 est
2173 2567 2184 2603 :
2232 2550 2295 2604 Et
2322 2566 2470 2604 nunc
2498 2549 2672 2603 multi
2713 2555 2845 2603 sunt
2893 2548 3308 2604 Antichristi“.
3342 2553 3471 2604 Haec
3520 2566 3690 2619 parva

2053 2640 2289 2711 quidem
2325 2638 2397 2694 ad
2428 2638 2795 2709 prudentiam
2832 2643 2988 2693 tuam
3017 2655 3030 2694 :
3076 2640 3176 2697 sed
3209 2638 3532 2705 cbaritatis,
3565 2655 3689 2709 quae

2052 2733 2222 2788 nobis
2263 2750 2296 2787 a
2354 2733 2466 2786 Deo
2524 2732 2583 2786 in
2616 2748 2733 2786 uno
2773 2747 2946 2785 sensu
2987 2734 3044 2785 et
3086 2730 3285 2785 anima
3324 2746 3441 2784 una
3482 2728 3693 2783 donata

2050 2830 2155 2890 est,
2192 2821 2453 2892 symbola
2475 2826 2635 2876 sunt.
2666 2822 2752 2876 Tu
2786 2837 2942 2887 vero,
2974 2821 3144 2878 frater
3182 2820 3432 2891 egregie,
3466 2835 3567 2889 pro
3601 2834 3693 2873 me

2050 2927 2171 2979 ora,
2216 2916 2279 2964 ut
2311 2909 2457 2981 parti
2506 2915 2697 2965 tecum
2750 2925 2945 2980 pugna
2989 2909 3274 2971 decertem
3302 2933 3316 2975 ;
3348 2912 3405 2963 et
3433 2906 3694 2962 indicare

2049 3017 2219 3073 porro
2251 3016 2364 3055 non
2396 3000 2674 3071 graveris,
2694 2999 2983 3070 quomodo
3014 3002 3070 3052 et
3100 2998 3219 3067 ipse
3250 3013 3407 3067 agas,
3441 3000 3497 3051 et
3544 3012 3691 3066 quo-

2048 3092 2219 3149 modo
2250 3108 2312 3145 se
2340 3091 2589 3145 habeant
2622 3088 2995 3159 habiturique
3024 3087 3305 3142 sintsacri
3325 3088 3557 3142 comites
3577 3088 3685 3144 tui.

2208 3179 2416 3235 XXXI.
2447 3211 2517 3219 —
2544 3179 2788 3249 Josepho,
2817 3176 2994 3247 fratri
3023 3179 3074 3232 et
3104 3176 3523 3247 archiepiscOpo.

282 3378 449 3429 Varia
482 3394 593 3431 tum
642 3384 707 3433 ab
736 3382 1103 3435 Iconomachis
1129 3384 1311 3449 impie,
1333 3390 1449 3437 tum
1478 3385 2054 3496 contralconomsafgios
2076 3386 2322 3512 a‘ggristi
2344 3386 2742 3437 confessoribus
2761 3387 2972 3437 fortiter
2992 3389 3137 3450 gesta
3165 3388 3444 3435 memorat.
3470 3385 3687 3445 (Baron.

1761 3463 1849 3498 an.
1979 3490 1993 3510 ,
2016 3463 2069 3499 n.
2166 3487 2176 3498 .

1761 3463 1849 3498 an.
1881 3463 1993 3510 διο,
2016 3463 2069 3499 n.
2099 3463 2176 3498 οδ.

359 3538 523 3591 Ὅσον
586 3536 681 3608 μὲν
737 3535 843 3591 ἀπὸ
900 3538 1268 3612 γραμμάτων,
1319 3540 1420 3594 οὐκ
1468 3534 1666 3612 ἔμαθον
1713 3538 1780 3592 τὰ
1833 3544 1932 3606 τῆς

2119 3541 2410 3604 Quantum
2443 3541 2679 3612 quidem
2712 3558 2779 3597 ex
2835 3541 3063 3609 litteris,
3097 3541 3167 3597 de
3213 3538 3543 3596 valetudine
3586 3544 3684 3595 tua

286 3624 470 3699 ὓγείας
512 3645 629 3691 σου,
663 3623 809 3679 ἀλλά
840 3625 935 3697 φεῦ
978 3632 1083 3681 τῶν
1149 3628 1432 3702 ἁμαρτιῶν
1495 3650 1599 3702 μου
1657 3630 1741 3682 ὅτι
1794 3628 1937 3682 οὕτω

281 3710 553 3790 γέγονενι
608 3712 904 3786 Ἐδηλώθη
962 3717 1063 3791 γάρ
1125 3738 1219 3790 μοι
1274 3719 1377 3773 ὑπὸ
1426 3724 1532 3773 τῶν
1588 3716 1837 3795 ἄδελφῶν
1899 3720 1933 3786 ἡ

282 3803 494 3859 τούτων
529 3806 647 3878 μεθ’
678 3802 874 3876 ἐτέρων
903 3805 1152 3860 ἀπωλεια
1187 3826 1199 3839 ·
1232 3807 1322 3861 καὶ
1369 3805 1470 3876 ἤδε
1518 3812 1613 3862 τοῦ
1672 3804 1935 3862 διαϐόλου

284 3892 550 3969 ἐνέργεια.
611 3891 784 3949 Ἀλλά
834 3891 961 3967 δόξα
1014 3894 1095 3967 τῷ
1154 3900 1270 3968 Θεῷ
1327 3901 1404 3968 τῷ
1461 3896 1725 3971 κρύψαντι
1803 3899 1935 3952 αύτά

284 3981 392 4036 ἀπὸ
439 3986 546 4035 τῶν
608 3982 967 4055 κρατούντων.
1011 3982 1291 4056 ’Έμελλον
1339 3986 1442 4062 γὰρ
1490 3982 1693 4040 πολλοὶ
1753 3983 1934 4039 κινδυ-

282 4070 471 4127 νεύειν.
537 4070 689 4125 Ἀλλ’
749 4072 831 4126 ὅτι
875 4071 967 4125 καὶ
1026 4074 1077 4126 οἱ
1139 4068 1330 4145 ἴαμϐοι
1385 4074 1795 4144 συναπώλοντο,
1842 4074 1934 4139 οὕς

286 4158 343 4215 εὖ
400 4164 571 4214 ποιῶν
622 4159 930 4235 ἐμότρησας
988 4160 1125 4216 κατά
1172 4166 1279 4217 τῶν
1362 4162 1773 4238 Εἰκονομάχων.
1857 4163 1930 4219 Οὔ

284 4249 499 4312 πάντως
593 4247 650 4303 δὲ
734 4250 1146 4327 ἄμεταγράφους
1226 4251 1315 4305 καὶ
1405 4252 1931 4327 ἀπαρασημειώτους

283 4333 507 4399 ἔλελλες
538 4338 732 4400 αὐτοὺς
781 4340 1037 4412 πέμπειν.
1067 4345 1246 4395 Ταῦτα
1298 4341 1391 4414 μὲν
1445 4340 1712 4412 ἐλύπησεν
1759 4346 1928 4415 ἡμᾶς,

284 4426 361 4488 ὡς
410 4427 473 4481 τὸ
518 4427 680 4489 εἰκός.
714 4429 859 4504 Ἐγὼ
918 4427 975 4483 δὲ
1017 4431 1045 4485 ὁ
1096 4433 1370 4503 ταπεινὸς,
1418 4432 1505 4487 καὶ
1565 4431 1715 4495 αὖθις
1767 4454 1932 4508 προσ-

282 4516 529 4591 αγορεύω
558 4519 660 4586 τήν
694 4518 998 4594 ἁγιωσύνην
1031 4542 1127 4575 σου
1156 4520 1498 4596 γλιχύμενός
1529 4544 1623 4577 σου
1652 4524 1715 4577 τὸ
1745 4523 1929 4597 τίμιον

282 4606 579 4683 πρόσωπον
614 4626 628 4641 ’
688 4608 776 4663 καὶ
824 4608 973 4671 τίνος
1004 4610 1122 4686 ζγάρ
1168 4611 1273 4687 πρὸ
1320 4616 1415 4666 σοῦ
1450 4631 1464 4682 ;
1500 4614 1588 4667 καὶ
1639 4614 1765 4689 ούχί
1806 4615 1930 4686 ἀεί;

284 4697 347 4752 οὐ
404 4702 663 4753 τοσοῦτον
719 4696 779 4753 ἐκ
804 4698 1063 4775 ιφύσεως,
1122 4699 1248 4755 ὅσον
1314 4700 1373 4757 ἐκ
1440 4706 1795 4777 συμπράξεως
1864 4706 1927 4759 ού

281 4793 383 4855 τῆς
440 4786 681 4862 χαμόθεν
737 4787 1102 4863 ἐγειρομένης,
1151 4788 1280 4845 ἀλλ’
1325 4792 1611 4868 οὐρανόθεν
1676 4792 1927 4869 ἐνεργου-

287 4877 475 4949 μένης,
509 4877 566 4931 ἐκ
595 4878 820 4951 πρώτης
867 4874 1132 4953 βαλϐίδος
1172 4877 1364 4953 σχεδὸν
1401 4883 1565 4957 μέχρι
1594 4887 1691 4936 τοῦ
1723 4880 1879 4957 δεῦρο
1909 4905 1922 4919 ·

284 4966 360 5025 ὡς
412 4963 554 5020 ίσασι
605 4967 797 5028 πάντες
830 4985 842 4998 '
897 4967 988 5021 καὶ
1050 4966 1368 5044 ἐμόρφωσαν
1439 4972 1488 5024 οἱ
1554 4973 1923 5046 γεννήσαντες,

289 5053 429 5110 εἴπω
474 5056 562 5111 καὶ
608 5061 934 5129 σωματικῶς
984 5059 1071 5113 καὶ
1124 5064 1541 5131 πνευματικῶς-ς
1590 5062 1690 5134 Εἶή
1736 5061 1791 5117 δὲ
1841 5064 1927 5136 μὲ-

280 5164 386 5199 νειν
443 5145 589 5215 ἡμᾶς
621 5144 736 5215 ﬁxa?
787 5145 920 5219 πρὸς
966 5146 1027 5199 τὸ
1078 5146 1198 5215 ἑξῆς
1244 5146 1498 5208 ὡσαύτως
1534 5170 1547 5182 ·
1592 5152 1683 5203 καὶ
1740 5153 1814 5222 μή
1862 5172 1926 5224 με

282 5233 603 5302 ξιαιρεῖσθαί
648 5254 741 5286 σου
788 5240 887 5302 τῆς
935 5234 1129 5304 ἀρετῆς
1189 5234 1387 5304 πλήθει
1431 5241 1537 5290 τῶν
1587 5239 1868 5311 ἁμαρτιῶν
1906 5259 1922 5273 ο

282 5322 533 5395 ἐκιθείας
606 5321 1018 5397 φιλανθρωπίας
1094 5325 1616 5398 συγκροτουμὲνους,
1674 5329 1763 5382 καὶ
1841 5328 1925 5384 ἒν·-

279 5412 507 5483 τεύξεως
565 5417 671 5466 τῶν
720 5412 794 5473 είς
852 5416 965 5488 φῶς
1025 5411 1371 5489 ἐνεγκόντων.
1430 5415 1501 5468 Τὰ
1563 5418 1656 5489 μὲν
1709 5414 1775 5488 δὴ
1826 5426 1925 5489 τῆς

282 5498 452 5576 εὒχῆς
473 5505 716 5556 τοιαῦτα.

354 5590 438 5647 Τὰ
474 5587 518 5644 δ’
569 5587 734 5661 ἄλλα,
766 5590 854 5645 οἷα
891 5590 981 5645 καὶ
1033 5590 1154 5663 ὅσα,
1205 5591 1290 5646 ἐπὶ
1338 5600 1437 5662 τῆς
1469 5593 1795 5667 Ἐκκλησίας
1826 5604 1922 5652 τοῦ

283 5682 439 5750 Θεοῦ,
480 5683 790 5753 στεναγμῶν
849 5679 939 5733 καὶ
1006 5676 1259 5756 ὀδυρμῶν
1327 5681 1470 5756 ἄξια,
1540 5680 1648 5754 ἤδη
1710 5686 1921 5750 πάντως

354 5802 400 5846 ³⁸
429 5810 634 5869 Matth.
656 5826 758 5878 vn,
792 5810 879 5864 i6.
956 5808 1005 5844 ⁵⁸
1036 5812 1056 5867 Ι
1086 5812 1254 5869 Joan.
1286 5829 1347 5884 ιι,
1381 5812 1469 5870 19.

2047 3629 2193 3684 nihil
2226 3629 2488 3701 cognovi,
2522 3631 2616 3685 sed
2651 3630 2761 3685 heu
2793 3631 3043 3701 peccatis
3078 3629 3221 3684 meis
3252 3630 3402 3700 quod
3453 3629 3574 3683 haec
3602 3628 3682 3683 ita

2045 3719 2395 3773 evenerunt!
2432 3719 2758 3774 lndicatum
2791 3720 2947 3775 enim
2982 3718 3124 3772 mihi
3173 3722 3261 3773 est
3301 3735 3334 3772 a
3382 3717 3681 3785 fratribus,

2044 3807 2274 3864 litteras
2325 3807 2454 3864 illas
2512 3826 2626 3865 una
2683 3825 2813 3864 cum
2866 3809 2994 3864 aliis
3045 3807 3537 3864 intercidisse:et
3562 3807 3681 3862 haec

2043 3898 2281 3969 quidem
2315 3898 2531 3953 diaboli
2580 3898 2687 3953 vis.
2723 3898 2833 3953 Sed
2866 3897 2995 3952 laus
3030 3896 3166 3961 Deo,
3202 3896 3302 3967 qui
3358 3895 3489 3951 illas
3540 3897 3681 3950 abs-

2042 3988 2241 4043 condit
2269 3987 2342 4042 iis
2374 3988 2474 4058 qui
2506 4004 2701 4043 rerum
2736 3987 3040 4059 potiuntur
3070 4004 3083 4042 :
3118 3985 3321 4041 multis
3369 3985 3525 4039 enim
3573 3985 3679 4040 im-

2040 4080 2329 4151 pendebat
2387 4080 2734 4151 periculum.
2784 4077 3108 4143 Quinetiam
3174 4077 3414 4147 periisse
3472 4075 3683 4132 simul.

2038 4168 2289 4235 iambos,
2339 4185 2485 4240 quos
2543 4177 2697 4225 recte
2772 4182 2948 4239 agens
2998 4170 3201 4222 contra
3260 4165 3675 4221 lconomachos

2038 4258 2362 4329 scripseras
2394 4274 2407 4314 :
2442 4259 2679 4314 omnino
2710 4264 2907 4313 autem
2940 4259 3066 4312 sine
3124 4254 3377 4327 exemplo
3426 4260 3482 4311 et
3539 4259 3674 4311 nota

2037 4365 2136 4404 eos
2168 4349 2397 4404 mittere
2419 4365 2533 4403 non
2575 4348 2878 4403 debueras.
2912 4347 3040 4402 Haec
3078 4364 3215 4401 sane
3254 4345 3675 4401 contristarunt

2038 4455 2163 4503 nos,
2197 4441 2262 4491 ut
2292 4453 2394 4508 par
2422 4441 2563 4492 erat.
2598 4436 2712 4507 Ego
2736 4452 2865 4491 vero
2896 4434 3138 4490 humilis
3169 4435 3376 4489 iterum
3414 4433 3675 4505 alloquor

2038 4526 2409 4583 sanctitatem
2441 4531 2625 4593 tuam,
2650 4526 2855 4581 faciem
2886 4524 3279 4580 venerandam
3312 4524 3502 4578 videre
3532 4524 3680 4579 desi-

2038 4617 2244 4672 derans
2271 4635 2285 4685 ;
2318 4618 2483 4687 cujus
2515 4616 2666 4672 enim
2698 4614 2889 4687 potius
2919 4631 3096 4686 quam
3124 4614 3328 4669 tuam?
3356 4615 3440 4668 Ac
3480 4630 3671 4669 nonne

2036 4709 2311 4777 semper?
2344 4722 2530 4777 neque
2556 4704 2615 4760 id
2645 4722 2713 4761 ex
2755 4708 2965 4761 natura
3004 4708 3258 4770 tantum,
3291 4707 3573 4775 quantum
3602 4720 3669 4758 ex

2035 4796 2329 4851 actionum
2381 4795 2741 4866 conspiranti
2795 4794 3070 4850 societate
3137 4810 3254 4849 non
3314 4793 3473 4849 humi
3516 4798 3668 4862 nata,

2034 4887 2135 4940 sed
2193 4886 2420 4941 caalitus
2470 4886 2744 4958 profecta,
2779 4903 2811 4941 a
2859 4885 3061 4956 primis
3107 4884 3225 4939 fere
3256 4884 3579 4938 carceribus
3609 4883 3667 4938 in

2036 4974 2186 5030 hanc
2216 4974 2393 5043 diem,
2428 4980 2490 5028 ut
2520 4974 2715 5029 sciunt
2762 4991 2994 5041 omnes;
3027 4989 3092 5028 ac
3141 4974 3538 5028 formaverunt
3569 4990 3671 5042 pa-

2035 5067 2249 5131 rentes,
2288 5063 2659 5132 corporaliter
2705 5063 2889 5117 dicam
2940 5080 3014 5117 an
3074 5059 3503 5131 spiritualiter?
3534 5060 3666 5116 Uti-

2033 5170 2166 5207 nam
2198 5159 2393 5208 autem
2428 5152 2509 5207 sic
2534 5169 2876 5207 maneamus
2914 5152 3089 5206 etiam
3141 5152 3197 5205 in
3250 5159 3567 5222 posterum,
3606 5156 3669 5204 ut

2033 5246 2305 5296 avirtute
2360 5251 2454 5297 tua
2518 5259 2628 5298 non
2686 5241 2928 5296 divellar
2987 5248 3352 5313 peccatorum
3406 5257 3665 5295 meorum

2034 5332 2430 5399 multitudine,
2466 5348 2533 5386 ex
2565 5330 3171 5404 divinaipbenignitate
3216 5332 3666 5397 consentientes,

2034 5427 2175 5478 etcx
2198 5439 2396 5478 eorum
2455 5423 2857 5493 deprecatione
2898 5424 2994 5493 qui
3041 5420 3507 5495 genueruntlAc
3538 5430 3669 5475 vota

2031 5511 2266 5582 quidem
2301 5517 2497 5567 nostra
2526 5513 2665 5567 talia
2694 5517 2852 5568 sunt.

2101 5606 2314 5659 Caetera
2344 5609 2539 5659 autem
2570 5603 2768 5675 qualia
2799 5612 2853 5659 et
2883 5621 3058 5676 quam
3094 5604 3292 5676 multa,
3324 5603 3384 5659 in
3418 5600 3671 5659 Ecclesia

2028 5690 2149 5753 Dei,
2175 5692 2395 5765 gemitu
2434 5709 2499 5751 ac
2529 5692 2805 5766 lacrymie
2837 5693 3032 5766 digna,
3058 5694 3182 5766 jam
3229 5709 3465 5766 prorsus
3498 5691 3673 5751 audi-
