4062 6280
506 355 535 414 1
545 355 663 418 203

1744 370 1806 434 S.
1852 375 2253 442 THEODORI
2296 379 2660 443 STUDI'I‘IE

3735 382 3871 443 1204

502 491 580 546 sti
615 506 629 545 :
662 508 791 563 quas
823 494 977 552 enim
1010 513 1083 555 ne
1111 500 1284 571 prisci
1317 502 1552 574 quidem
1598 509 1799 562 contra
1845 509 2128 568 Christum

2250 512 2472 573 ἀκούοις
2504 534 2518 548 ο
2572 513 2603 568 ἂ
2650 512 2754 589 γὰρ
2803 510 2926 568 οὐδὲ
2975 513 3027 567 οἱ
3074 511 3243 567 πάλαι
3286 511 3641 586 αἱρετίσαντες
3664 511 3871 589 ἔπραξαν

502 585 739 651 egerant
779 582 1049 651 haeretici,
1106 603 1173 644 ea
1231 606 1386 647 nunc
1447 593 1655 664 majori
1715 597 1874 652 rabie
1916 605 2144 670 patrata

499 673 662 725 sunt.
694 671 766 725 Et
795 672 1011 730 dormit
1040 676 1326 747 Christus,
1351 685 1410 736 et
1440 682 1661 740 salsum
1718 687 2142 746 incredulitatis

503 772 667 814 mare
723 758 1083 835 intumescit,
1114 772 1430 825 extremam
1495 773 1811 843 perniciem
1871 777 2137 835 efferens.

498 845 607 901 Sed
643 848 837 905 adsint
866 855 1055 909 tecum
1086 858 1351 926 germani
1408 861 1700 933 discipuli,
1733 868 1790 919 et
1845 866 2139 924 Christum

496 933 567 988 ad
600 933 1055 1009 increpationem
1079 944 1435 1018 periculique
1457 949 1859 1021 depulsionem
1884 958 2143 1012 exsusci-

492 1025 641 1080 tent.
674 1026 823 1082 Abiit
849 1033 907 1085 et
938 1047 1104 1088 mens
1135 1033 1194 1089 in
1220 1034 1419 1092 habitu
1443 1045 1750 1112 susceptor
1781 1058 1847 1098 ac
1875 1060 2137 1116 sponsor,

491 1111 583 1168 vir
640 1114 854 1186 bonus,
904 1122 1288 1180 confessionis
1371 1129 1674 1199 praemium
1723 1138 2023 1204 reportans
2077 1136 2139 1191 in

492 1202 932 1278 molestissima,
966 1214 1030 1266 ut
1065 1212 1125 1268 in
1177 1213 1391 1271 lectulo
1451 1234 1511 1274 se
1579 1219 1706 1292 ipse
1742 1238 1970 1279 versare
2021 1242 2137 1280 non

495 1299 714 1367 posset,
772 1296 1132 1357 infirmitate.
1192 1303 1491 1368 Quomodo
1529 1308 1557 1363 ?
1622 1310 1764 1368 Cum
1823 1313 2137 1383 resisteret,

497 1382 786 1441 abductus
817 1392 904 1442 est
921 1393 978 1443 et
998 1392 1357 1462 custodibus,
1392 1396 1597 1454 deinde
1624 1401 1797 1455 etiam
1822 1382 2136 1474 relegatus,

493 1475 671 1543 atque
697 1473 779 1531 ita
811 1484 1132 1550 martyrum
1165 1499 1600 1543 consummans.
1637 1490 1833 1562 Itaque
1855 1473 2137 1551 Dominus

491 1576 609 1616 non
666 1564 931 1636 despexit
987 1569 1329 1628 obedientias
1390 1577 1519 1645 ejus
1572 1576 1823 1646 labores,
1890 1589 2137 1653 quantos

489 1651 645 1706 nosti
681 1670 695 1708 :
733 1656 958 1712 tamesti
982 1664 1217 1731 propter
1245 1671 1479 1736 peccata
1520 1684 1648 1724 mea
1671 1669 1819 1726 inter
1858 1651 2136 1731 M'mchia-

486 1756 595 1798 nos
626 1743 1025 1815 deprehensus
1065 1752 1255 1821 fuerit,
1289 1760 1514 1829 corpori
1547 1776 1809 1831 parcens,
1844 1780 1959 1819 non
1999 1765 2133 1821 ani-

2252 603 2388 657 κατά
2439 605 2695 677 Χριστοῦ,
2749 606 2914 656 ταῦτα
2964 602 3337 675 μανικώτερον
3405 601 3731 675 ἐξείργασται
3769 608 3867 660 νῦν.

2250 692 2354 747 Καὶ
2389 692 2624 764 Χριστὸς
2652 689 2901 746 καθεύδει
2933 711 2947 724 ⁸
2997 692 3086 745 καὶ
3128 693 3163 760 ἡ
3216 689 3435 764 ἁλμυρὰ
3490 698 3589 760 τῆς
3641 691 3867 753 ἀπιστίας

2252 779 2494 836 θάλασσα
2560 781 2959 858 κεκορύιρωται,
3016 779 3371 855 πανολεθρίαν
3420 784 3667 838 ποιοῦσα.
3725 781 3870 837 Ἀλλ’

2250 868 2437 940 εἷήσαν
2466 870 2556 925 σὺν
2612 870 2696 925 σοὶ
2747 871 2799 925 οἱ
2844 870 3219 946 γνησιεύοντες
3265 874 3375 924 τῶν
3427 871 3703 942 μαθητῶν,
3752 874 3869 944 Χρι-

2251 960 2371 1014 στὸν
2434 960 2509 1021 εἰς
2574 958 2889 1032 ἐπιτίμησιν
2939 957 3029 1013 καὶ
3085 958 3497 1033 καταστόρευσιν
3555 965 3654 1027 τῆς
3708 956 3865 1013 κινδο·

2249 1048 2477 1111 νεύσεως
2537 1045 2915 1125 διεγείροντες.
2959 1045 3184 1122 Οἵχεταί
3242 1069 3353 1122 μου
3400 1046 3491 1102 καὶ
3546 1047 3575 1103 ὁ
3622 1051 3715 1102 τοῦ
3744 1050 3867 1123 σχή-

2255 1159 2422 1212 ματος
2480 1136 2779 1214 ἀνάδοχος,
2835 1139 2972 1212 ἀνὴρ
3038 1138 3256 1214 ἀγαθὸς,
3333 1136 3637 1213 ὁμολογίας
3721 1136 3867 1191 ἆθλον

2250 1228 2673 1302 ἀπενεγκάμενος
2747 1226 2799 1283 ἐν
2859 1228 3083 1301 τοιαύτῃ
3146 1225 3513 1302 χαλεπωτάτῃ
3568 1228 3709 1299 νόσῳ
3738 1245 3750 1258 ·
3806 1229 3869 1289 ὡς

2249 1315 2444 1379 ἐνδεῶς
2496 1316 2642 1392 ἔχειν
2694 1317 2784 1371 καὶ
2831 1320 2927 1371 τοῦ
2970 1316 3058 1370 ἐπὶ
3096 1314 3287 1386 κλίνης
3336 1315 3671 1394 στρέφεσθαι.
3714 1318 3865 1382 Πῶς;

2248 1405 2453 1473 ἐνστὰς,
2510 1409 2600 1461 καὶ
2667 1407 2850 1482 ἀρθεὶς
2907 1405 2997 1460 καὶ
3056 1405 3428 1480 φυλακισθεὶς,
3488 1405 3607 1459 εἶτα
3660 1405 3746 1458 καὶ
3797 1401 3865 1472 ἐξ·

2247 1496 2481 1570 ορισθείς
2509 1513 2522 1526 ⁸
2554 1496 2645 1549 καὶ
2668 1495 2837 1568 ταύτῃ
2870 1495 2934 1549 τὸ
2993 1494 3287 1568 μαρτύριον
3336 1492 3581 1556 τελέσας.
3628 1493 3703 1550 Οὐ
3746 1511 3865 1566 παρ-

2247 1583 2382 1639 εῖδεν
2416 1582 2506 1638 οὖν
2566 1582 2731 1639 αὐτοῦ
2786 1585 2987 1657 Κύριος
3042 1582 3168 1644 τοὺς
3222 1583 3615 1642 ὑποτακτικοὺς
3660 1581 3866 1647 κόπους,

2245 1674 2478 1736 ὁπόσους
2512 1673 2688 1743 οἶσθα,
2718 1671 2814 1727 κᾶν
2846 1672 2991 1727 ἑάλω
3021 1671 3159 1727 κατά
3199 1672 3295 1733 τὰς
3345 1670 3614 1747 ἁμαρτίας
3674 1690 3774 1742 μου
3823 1667 3866 1723 ἐν

2243 1767 2361 1826 τοῖς
2389 1768 2770 1837 Μοιχειανοῖς,
2804 1760 2984 1836 φειδοῖ
3027 1766 3122 1817 τοῦ
3171 1762 3447 1834 σώματος,
3481 1760 3544 1815 οὐ
3597 1758 3868 1835 συναιρού-

491 1846 587 1886 mo
619 1831 753 1889 item
778 1836 1073 1909 abreptus,
1100 1845 1162 1897 ut
1184 1859 1275 1900 res
1307 1848 1433 1916 ipsa
1465 1848 1796 1906 declaravit.
1824 1856 2128 1925 Propterea

491 1920 659 1947 ........:
694 1940 719 1947 _
757 1922 865 1947 η--
924 1928 1019 1947 HA.
1046 1930 1067 1947 ,.
1153 1938 1164 1947 .
1301 1933 1313 1945 .
1444 1936 1476 1947 ..
1806 1945 1812 1947 Α
1988 1944 1997 1947 _

2247 1873 2407 1926 μενος
2463 1831 2544 1925 τῶ
2589 1831 2901 1930 φρονήματι
2952 1870 2966 1884 ·
3017 1852 3093 1914 ὡς
3148 1852 3211 1907 τὸ
3260 1856 3489 1947 πρᾶγμα
3530 1848 3866 1947 ἐδείκνυ.“Διὰ

488 1920 662 1975 οωῑυί
693 1940 727 1977 a
754 1922 871 1980 Deo
920 1928 1265 2001 subductus,
1298 1933 1357 1990 in
1403 1936 1648 1993 alteram
1692 1945 1914 2011 partem
1936 1920 2131 2001 -victo-

488 2008 639 2066 riam
675 2014 841 2069 vertit
873 2031 889 2070 :
922 2021 1415 2090 quemadmodum
1456 2034 1512 2081 et
1567 2008 1922 2094 Mediciotes,
1957 2038 2132 2107 atque

490 2100 637 2157 adeo
684 2101 953 2162 Nicanus
999 2124 1275 2182 quoque:
1327 2119 1393 2169 ut
1447 2114 1658 2174 litteris
1704 2120 1846 2190 ipsis
1890 2100 2132 2182 edoctus

488 2204 639 2246 sum.
666 2191 734 2247 Et
754 2195 892 2265 quid
923 2195 1081 2254 hunc
1105 2206 1209 2256 aut
1237 2201 1401 2259 illum
1435 2204 1563 2262 dico
1594 2206 1623 2260 ?
1652 2207 1793 2264 Mihi
1824 2212 1978 2267 enim
2004 2230 2131 2283 per-

488 2280 827 2350 suadeo,sic
848 2284 1085 2344 aﬂ'ectos
1106 2305 1234 2348 esse
1255 2308 1459 2350 omnes
1474 2296 1575 2366 qui
1607 2299 1959 2356 restiterunt.
1978 2302 2130 2366 Quin

486 2371 545 2423 et
574 2370 699 2440 ipse
728 2387 895 2429 verus
912 2376 1240 2447 patriarcha
1258 2388 1455 2438 noster
1483 2387 1778 2443 veritatem
1802 2391 2127 2463 proﬁtetur,

488 2461 555 2512 ut
599 2474 667 2513 ex
699 2461 827 2530 ejus
858 2479 959 2520 ore
988 2466 1164 2522 didici
1197 2472 1293 2541 qui
1342 2471 1507 2529 illum
1566 2477 1846 2548 audierat,
1889 2461 2132 2553 ejusque

487 2545 886 2608 defensionem
944 2553 1236 2613 laudabat.
1278 2565 1411 2617 Haec
1467 2564 1601 2632 dixi,
1644 2573 1767 2622 tum
1828 2545 2135 2627 iit-defun-

487 2641 645 2692 ctum
686 2642 887 2696 merito
917 2641 1239 2715 laudarem,
1270 2652 1395 2706 tum
1431 2658 1493 2708 ut
1522 2657 1816 2713 sanctitati
1848 2663 1962 2716 tuae
1992 2666 2131 2717 nota

487 2724 735 2784 facerem
756 2747 879 2801 quae
903 2733 1202 2793 debebam.
1234 2739 1346 2795 Sed
1380 2758 1496 2798 non
1530 2744 1765 2816 ignoras
1790 2747 2127 2806 intestinum

490 2816 736 2873 malum.
768 2818 1069 2879 Leontium
1118 2825 1287 2884 illum
1310 2833 1604 2901 quondam
1638 2841 1927 2906 nostrum,
1951 2841 2051 2910 qui
2074 2845 2132 2896 et

491 2911 665 2961 antea
723 2908 1068 2970 Mmchianis
1113 2915 1381 2989 adhaesit,
1413 2926 1470 2976 et
1526 2939 1683 2980 nunc
1740 2908 2009 3000 princeps
2041 2934 2130 2985 est

491 2992 1034 3056 Iconomachorum.
1076 3003 1215 3060 Eam
1249 3008 1321 3062 ob
1376 3024 1615 3067 causam
1672 3018 1730 3069 et
1780 3014 2128 3073 Studianum

506 3083 780 3148 obtinuit,
815 3097 868 3145 et
898 3090 1236 3150 Saccedioni
1258 3096 1470 3167 injuste
1495 3101 1850 3158 dominatur.
1883 3105 1961 3161 Ex
2016 3107 2131 3162 im-

493 3188 638 3243 puro
678 3175 831 3231 nihil
880 3196 1094 3250 purum
1131 3184 1357 3256 :qualis
1408 3188 1637 3260 genitor
1692 3193 1963 3262 carnalis,
1994 3195 2129 3251 talis

2238 1945 2403 1997 τούτο
2437 1941 2540 1996 ὑπὸ
2565 1945 2697 1996 Θεοῦ
2727 1941 2815 1997 καὶ
2866 1940 3044 2017 ῥαγεῖς
3081 1946 3182 2010 τῆς
3219 1938 3557 2015 συμμορίας,
3601 1937 3865 2038 ἑτεραλκέα

2238 2034 2339 2102 τὴν
2371 2030 2528 2103 νίκην
2559 2032 2875 2102 πεποίηται,
2908 2028 3091 2107 ὥσπερ
3120 2031 3210 2085 καὶ
3241 2030 3269 2084 ὁ
3300 2028 3661 2100 Μηδικιώτης
3693 2049 3705 2061 ·
3736 2025 3865 2082 ἀλλᾶ

2244 2123 2352 2195 μὴν
2379 2121 2471 2177 καὶ
2521 2122 2550 2176 ὁ
2606 2122 2839 2183 Νικαίας
2880 2140 2895 2154 ο
2948 2120 3021 2182 ὡς
3071 2120 3388 2195 γράμμασιν
3436 2117 3623 2179 αὐτοῖς
3654 2117 3864 2172 ἐπιστώ-

2241 2212 2359 2282 θην.
2388 2211 2488 2266 Καὶ
2536 2211 2590 2266 τί
2640 2208 2787 2287 λέγω
2830 2214 3018 2265 τοῦτον
3068 2211 3353 2278 κᾶκεῖνονς
3402 2208 3500 2263 Καὶ
3550 2209 3656 2284 γὰρ
3685 2208 3860 2261 πείθο-

2244 2325 2340 2379 μαι
2371 2300 2460 2359 καὶ
2491 2302 2719 2358 ἕκαστον
2748 2305 2853 2355 τῶν
2905 2297 3262 2373 ἐνισταμένων
3305 2296 3478 2360 οὕτως
3507 2292 3677 2371 ἔχειν.
3707 2294 3861 2353 Ἀλλᾶ

2237 2393 2338 2469 γάρ
2369 2394 2458 2448 καὶ
2488 2393 2650 2455 αὐτὸς
2703 2392 2731 2445 ὁ
2780 2390 3038 2487 ἀληθινὸς
3278 2388 3632 2487 πατριάρχης
3670 2384 3859 2487 ὁμο-λοῐ

2238 2487 2348 2559 γῶν
2381 2483 2493 2538 ἐστι
2521 2484 2621 2552 τήν
2654 2479 2916 2551 ἀλήθειαν
2949 2498 2965 2512 ο
2998 2479 3074 2543 ὡς
3109 2474 3308 2552 ἔμαθον
3363 2475 3423 2532 ἐκ
3470 2477 3745 2550 στόματος
3769 2477 3859 2546 ίτοῦ

2237 2575 2366 2648 παρ’
2423 2573 2586 2628 αὐτοῦ
2640 2570 2963 2642 ἀκηκοότος,
3037 2569 3127 2624 καὶ
3195 2568 3547 2628 ἐπαινοῦντος
3606 2568 3705 2635 τήν
3757 2566 3860 2619 τότε

2238 2656 2497 2717 ἔνστασιν.
2530 2659 2742 2734 Εῗρηκα
2795 2662 2983 2727 ταῦτα,
3017 2657 3157 2729 ὁμοῦ
3208 2655 3305 2729 μὲν
3354 2655 3445 2712 τὸν
3496 2652 3860 2726 ἐκδημήσαντα

2239 2749 2463 2811 εἰκότως
2518 2747 2799 2822 ἀποτιμῶν
2860 2769 2877 2783 ο
2931 2748 3071 2820 ὁμοῦ
3130 2743 3186 2800 δὲ
3238 2744 3329 2799 καὶ
3381 2748 3449 2818 τῇ
3509 2748 3580 2817 σῇ
3631 2742 3858 2843 iecerat:

2238 2847 2486 2914 γνώριμα
2542 2840 2807 2893 καθιστῶν
2864 2838 2931 2892 τά
2982 2833 3329 2913 ὀφειλόμενα.
3380 2831 3546 2890 Ἀλλ’
3603 2829 3743 2894 οἶδας
3789 2829 3859 2885 ὅτι

2237 2930 2299 2983 τὸ
2348 2927 2644 3004 ἐγκόλπιον
2687 2927 2846 2982 κακὸν
2898 2927 3168 2994 Λεόντιος,
3220 2925 3249 2979 ὁ
3299 2924 3436 2978 ποτὸ
3477 2922 3765 3022 ἡμέτερος,
3798 2920 3860 3022 (in:

2239 3020 2562 3093 συναπήχθη
2628 3020 2744 3078 τοῖς
2820 3017 3180 3090 Μοιχειανοῖς
3249 3013 3542 3089 πρότερον,
3618 3012 3702 3065 καὶ
3743 3012 3858 3113 ινῦγ

2237 3109 2547 3180 προστάτης
2605 3112 2712 3162 τῶν
2794 3104 3208 3179 Εἰκονομάχων.
3268 3102 3368 3158 Διά
3433 3106 3598 3156 τοῦτο
3674 3100 3758 3154 καὶ
3806 3100 3861 3153 τὰ

2244 3194 2509 3251 Στουδίου
2556 3190 2829 3269 παρέλαϐε
2861 3213 2875 3227 ⁸
2917 3193 3007 3249 καὶ
3046 3197 3143 3249 τοῦ
3194 3188 3610 3252 Σακκουδίωνος
3662 3188 3859 3261 ἀνόμως

492 3266 552 3317 et
576 3261 738 3321 ﬁlius
769 3281 785 3322 :
819 3282 991 3338 quem
1040 3272 1191 3329 Deus
1246 3282 1540 3334 convertat
1598 3282 1814 3338 sanctis
1859 3261 2128 3354 precibus

2243 3287 2426 3362 ἄρχει.
2476 3286 2561 3355 Ἐξ
2614 3261 2915 3359 ἀκαθάρτου
2965 3280 3118 3339 οὐδὲν
3163 3281 3396 3355 καθαρόν
3431 3297 3445 3311 ⁸
3494 3280 3614 3344 οἶος
3660 3278 3861 3352 δούσας

490 3352 654 3420 tuis;
692 3358 748 3410 et
777 3371 871 3413 me
891 3365 1253 3429 peccatorem
1286 3364 1346 3421 in
1390 3367 1601 3425 timore
1656 3387 1764 3427 suo
1811 3374 2133 3432 confirmet.

508 3438 710 3497 Saluto
767 3460 869 3502 eos
910 3447 1010 3520 qui
1072 3454 1405 3510 reverentiae
1454 3464 1564 3512 tuae
1616 3459 1993 3520 famulantur.
2024 3464 2134 3530 Qui

499 3544 730 3588 mecum
761 3538 851 3590 est
888 3545 950 3593 ut
981 3538 1239 3599 famulus
1269 3547 1326 3599 te
1354 3550 1679 3606 veneratur.

890 3811 1122 3871 XXXII.
1155 3846 1225 3858 —
1258 3817 1519 3876 Thalelzo
1539 3820 1679 3892 ﬁlio.

2245 3378 2380 3432 κατὰ
2434 3376 2623 3452 σάρκα,
2682 3378 2933 3431 τοιοῦτον
2990 3370 3056 3442 δὴ
3116 3371 3207 3427 καὶ
3261 3373 3323 3426 τὸ
3380 3371 3631 3446 γέννημα
3674 3387 3689 3402 ·
3740 3368 3793 3422 ’ὸν
3835 3380 3858 3417 ο

2245 3466 2374 3529 Θεὸς
2421 3461 2828 3540 μεταστρέψειεν
2886 3463 3078 3543 εὐχαῖς
3137 3482 3232 3516 σου
3294 3460 3471 3537 ἁγίαις
3506 3479 3523 3493 ο
3568 3458 3709 3532 κάμὲ
3748 3477 3857 3525 στη-

2244 3556 2404 3632 ρίξειε
2447 3559 2539 3611 τόν
2589 3551 2918 3630 ἁμαρτωλὸν
2967 3552 3043 3614 εἰς
3098 3545 3265 3630 φόϐον
3297 3549 3481 3605 αὐτοῦ.
3520 3549 3660 3611 Τοὺς
3710 3546 3857 3616 ἠξιω-

2245 3646 2439 3719 μένους
2497 3645 2879 3720 ὑπηρετεῖσθαι
2930 3645 3000 3715 τῇ
3053 3638 3335 3714 τιμιότητί
3391 3660 3487 3694 σου
3517 3632 3858 3714 ίπροαφθέγγο

2242 3756 2361 3809 μαι.
2392 3736 2453 3792 Ὁ
2485 3735 2575 3788 σὺν
2607 3730 2733 3807 ἐμοί
2765 3753 2822 3787 σε
2853 3728 3124 3793 δουλικῶς
3156 3734 3471 3805 προσκυνεῖ.

2522 3824 2645 3880 ΛΒ’.
2677 3856 2742 3867 -
2776 3819 3133 3894 Θαλελαίῳ
3162 3820 3390 3892 τέκνῳ.
3424 3819 3603 3892 (σξθ’.]

599 3906 676 3959 De
705 3911 1042 3978 presbytero,
1074 3915 1187 3979 qui.
1220 3930 1343 3968 cum
1371 3920 1705 3972 orthodoxus
1729 3927 1885 3983 esset,
1911 3927 2080 3985 metu,
2109 3939 2231 3977 cum
2255 3923 2526 3976 haereticis
2555 3925 2730 3974 cibum
2761 3923 3024 3973 sumebat.
3056 3923 3273 3985 (Baron.
3306 3934 3395 3972 an.
3425 3919 3541 3977 818,
3575 3932 3632 3971 n.
3660 3915 3757 3980 20.)

561 3988 737 4046 Recte
767 3991 960 4064 egisti,
993 3997 1091 4066 qui
1145 3999 1215 4053 ad
1276 4016 1366 4056 me
1408 4002 1729 4074 scripseris,
1762 4004 1968 4062 dilecte
2025 4005 2131 4063 ﬁli.

488 4071 606 4130 Hoc
636 4074 762 4147 ipso
792 4080 944 4135 enim
973 4087 1096 4138 tum
1130 4084 1321 4153 fidem,
1354 4091 1477 4143 tum
1511 4071 1769 4147 amorem
1802 4099 1971 4150 tuum
1996 4111 2128 4167 pro-

487 4163 713 4219 didisti.
746 4165 856 4222 Sed
887 4171 1027 4240 quid
1060 4173 1201 4228 mihi
1232 4174 1433 4233 laudes
1464 4180 1702 4250 occinis,
1727 4198 1974 4252 quarum
1996 4163 2129 4240 om-

486 4251 623 4307 nino
682 4270 810 4311 sum
861 4262 1261 4330 expers?Non
1319 4282 1410 4321 me
1441 4274 1797 4339 peccatorem
1859 4274 2028 4343 nosti,
2062 4291 2130 4331 ac

486 4356 756 4400 sermone
786 4347 1150 4406 rudem?Sed
1171 4352 1349 4409 solers
1388 4361 1477 4411 est
1506 4359 1820 4416 admodum
1852 4363 2126 4436 charitas,

2310 4002 2504 4066 Καλῶς
2550 4002 2834 4073 ἐποίησας,
2883 3998 3191 4062 ἐπιστείλας
3249 4020 3368 4074 μοι,
3415 3997 3603 4054 τέκνον
3661 3998 3855 4069 ἠγαπη-

2241 4095 2419 4167 μένον,
2443 4090 2685 4164 ’Ἑδειξας
2715 4092 2819 4167 γὰρ
2850 4089 2900 4144 ἐν
2941 4090 3121 4163 τούτῳ
3148 4091 3247 4159 τὴν
3304 4087 3481 4143 πίστιν
3529 4087 3620 4142 καὶ
3659 4083 3850 4160 ἀγάπην

2239 4203 2355 4240 σου.
2389 4180 2564 4238 Ἀλλά
2590 4181 2642 4236 τί
2676 4203 2772 4254 μοι
2820 4180 3067 4243 ἐπαίνους
3116 4176 3283 4252 ᾄδεις,
3334 4179 3406 4232 ῶν
3465 4177 3685 4250 ἀμοιρῶ
3737 4170 3849 4228 κατᾶ

2235 4273 2454 4343 πάντας
2504 4272 2613 4327 Οὐκ
2669 4268 2817 4335 οἶδας
2872 4271 2954 4326 ὅτι
3001 4266 3333 4344 ἁμαρτωλὸς
3378 4266 3489 4341 ἐγὼ
3529 4265 3617 4321 καὶ
3650 4261 3847 4329 ἰδιώτης

2235 4368 2313 4435 τῷ
2343 4361 2496 4437 λόγῳ
2530 4380 2543 4431 ;
2577 4359 2730 4418 Ἀλλ’
2770 4364 2805 4430 ἡ
2838 4359 3021 4436 ἀγάπη
3070 4357 3486 4423 κλεπτίστατος,
3528 4356 3594 4410 τὰ
3643 4354 3714 4427 μὴ
3743 4348 3848 4405 ὄντα

486 4434 681 4488 amicis
707 4449 806 4491 eas
834 4452 1075 4507 quarum
1102 4447 1365 4513 expertes
1396 4453 1533 4502 sunt
1562 4448 1761 4508 laudes
1781 4452 2122 4509 attribuens.

2241 4457 2348 4515 τοῖς
2391 4434 2712 4527 ἀγεράστοις
2759 4451 2903 4526 παρὰ
2954 4454 3061 4503 τῶν
3112 4446 3420 4526 φιλούντων
3464 4445 3845 4522 προσάπτουσα.

482 4519 785 4578 Laudandi
818 4526 995 4596 igitur
1023 4530 1216 4586 studio
1274 4536 1474 4607 misso,
1506 4555 1604 4594 ora
1662 4542 1875 4610 potius,
1917 4541 2021 4609 ﬁli,
2058 4549 2119 4600 ut

480 4610 542 4666 in
572 4609 812 4669 Domino
827 4619 1464 4688 constabiliar,etomni
1498 4628 1669 4684 modo
1691 4647 1927 4687 servera
1945 4632 2116 4689 malo.

483 4699 814 4774 Corporalis
841 4704 1159 4765 infirmitas
1190 4715 1290 4767 tua
1319 4729 1454 4770 cum
1512 4718 1831 4789 gratiarum
1890 4722 2117 4778 actione

479 4789 555 4844 sit
584 4794 737 4863 apud
764 4795 942 4850 Deum
974 4812 988 4851 :
1025 4814 1129 4854 nec
1159 4802 1229 4856 de
1262 4805 1433 4860 modo
1464 4808 1807 4865 contristare
1829 4828 1944 4883 quo
1978 4827 2115 4870 con-

477 4878 630 4951 tigit.
653 4880 821 4938 Novit
849 4883 1132 4945 Dominus
1164 4907 1288 4961 quae
1322 4894 1529 4967 cuique
1584 4900 1811 4969 prosint
1841 4878 2112 4958 tribuere.

476 4965 637 5024 Unde
665 4970 721 5024 id
755 4974 948 5029 tamen
997 4978 1273 5036 acciderit
1298 4965 1509 5042 nescio.
1556 4965 1956 5046 Maledicentia
1985 5007 2118 5047 con-

478 5061 880 5127 temnatur,ac
911 5063 1171 5124 celeriter
1200 5079 1536 5130 evanescet:
1559 5076 1608 5130 si
1629 5078 1783 5133 enim
1818 5080 2113 5148 timeatur,

476 5147 665 5217 magis
693 5148 960 5223 ingruet;
994 5171 1168 5227 quam
1201 5160 1396 5217 vincas
1427 5163 1670 5230 utinam,
1705 5166 1814 5221 Deo
1845 5169 2109 5224 corrobo-

472 5244 653 5292 rante.
693 5238 1039 5314 Quanquam
1064 5246 1325 5316 plurimae
1341 5251 1412 5305 ab
1443 5250 1515 5307 iis
1543 5253 1642 5323 qui
1686 5261 2116 5327 persequuntur

474 5323 752 5383 molestias
791 5330 1076 5403 ingruunt
1110 5352 1123 5390 :
1158 5341 1217 5391 at
1246 5338 1494 5394 cmleslis
1554 5323 1945 5399 remuneratio
2003 5354 2111 5420 est.

473 5412 757 5484 Siquidem
785 5419 963 5491 igitur
992 5427 1378 5496 compatimur,
1404 5432 1456 5482 et
1482 5432 2023 5503 congloriﬁcabz’mur
2040 5414 2110 5494 57.

467 5504 595 5561 Non
626 5508 782 5565 enim
813 5510 1215 5572 oblectationis
1245 5515 1424 5589 istud,
1454 5520 1555 5575 sed
1590 5522 2111 5598 martyriitempus

473 5600 589 5653 est.

538 5714 588 5753 ⁵⁷
617 5722 781 5781 Rom.
811 5738 932 5796 vm,
969 5724 1058 5785 17.

2228 4542 2526 4620 Ἀφὲμενος
2585 4541 2675 4595 οὖν
2735 4545 2831 4596 τοῦ
2888 4539 3139 4612 ἐπαινεῖν,
3230 4537 3543 4614 προσεύχου
3631 4528 3842 4620 μᾶλλον,

2231 4616 2437 4703 τέκνον,
2496 4630 2843 4706 στηρίζεσθαί
2904 4651 2969 4702 με
3027 4628 3079 4683 ἐν
3140 4627 3349 4702 Κυρίῳ,
3403 4626 3495 4680 καὶ
3527 4623 3774 4692 σώζεσθαι
3799 4616 3841 4672 ἓν

2231 4721 2391 4776 πηντὶ
2446 4720 2636 4795 τρόπῳ
2692 4718 2799 4774 ἀπὸ
2854 4722 2951 4774 τοῦ
3000 4720 3278 4792 Πονηροῦ.
3338 4720 3399 4770 Ἠ
3449 4712 3726 4806 σωματικῇ
3764 4726 3841 4806 σοὶ)

2232 4809 2473 4865 ἀσθένεια
2503 4808 2554 4864 ἐν
2584 4808 2904 4884 εὐχαριστίᾳ
2937 4805 3020 4878 ε’ίη
3052 4808 3189 4883 πρὸς
3225 4804 3352 4862 Θεόν
3378 4821 3392 4835 ⁸
3442 4805 3531 4859 καὶ
3567 4804 3641 4877 μή
3689 4799 3841 4855 λυποῦ

2226 4900 2316 4955 τὸν
2348 4902 2548 4975 σρὸπον
2579 4897 2630 4973 ἐξ
2681 4897 2742 4953 οὗ
2788 4896 2978 4967 ἦλθεν,
3012 4895 3141 4955 Οἵδε
3190 4896 3385 4997 Κύριος
3434 4893 3501 4949 τά
3529 4890 3840 4997 συνμφέρονῗ

2228 4990 2434 5063 ἑκάστῳ
2490 4991 2708 5045 τιθναι⁹
2766 4989 2913 5058 πλὴν
2968 4987 3147 5064 ἀγνοῶ
3213 4987 3327 5040 ὅθεν
3405 5004 3490 5039 σοι
3572 4983 3710 5050 ἧκεν.
3786 4978 3835 5028 Ἥ

2229 5077 2558 5158 βλασφημία
2604 5075 3039 5156 καταφρονείσθω
3072 5096 3086 5111 ο
3137 5074 3226 5130 καὶ
3277 5070 3834 5172 οἱχῆσεταιίᾶττοἾ

2227 5163 2470 5245 φοϐοὖσα
2502 5166 2557 5222 δὲ
2591 5166 2803 5241 μᾶλλον
2852 5166 3219 5242 παραγίνεται.
3275 5166 3375 5226 Ἤς
3401 5159 3685 5261 ’ῥυσθείηςς
3720 5159 3836 5253 Θεοῦ

2238 5226 2249 5245 ι
2591 5226 2601 5241 ι
2931 5226 2940 5240 ⁸
3012 5226 3023 5242 ⁸
3419 5226 3465 5269 ’κ
3624 5226 3631 5228 ἡ
3672 5245 3685 5261 ς
3779 5244 3804 5253 -

2226 5253 2540 5331 ἐπιβρώσει.
2599 5254 2662 5312 Εἰ
2718 5255 2811 5311 καὶ
2866 5253 3229 5348 καταπόνησις
3281 5247 3696 5348 πολλη-Ῐταρα
3745 5259 3835 5348 τεςν

2225 5341 2468 5400 διωκτῶν
2502 5344 2688 5401 ’ἀλλᾶ
2722 5345 2786 5401 τὸ
2852 5338 3102 5419 βραϐεῖον
3160 5342 3433 5416 οὐράνιον.
3491 5335 3691 5409 Εἴπερ
3743 5335 3834 5433 οξξ

2225 5435 2735 5511 συμπάσχομεν,
2788 5431 2933 5507 [ἵνα]
2993 5435 3101 5489 καί
3159 5427 3717 5503 συνδοξασθῶμεν.
3770 5425 3830 5473 0'3

2225 5524 2327 5605 γὰρ
2358 5523 2643 5589 εὐπαθείας
2673 5527 2701 5580 ὁ
2730 5523 2942 5602 καιρὸς,
2973 5522 3121 5579 ἀλλά
3153 5519 3464 5597 μαρτυρίου.
