4062 6280
320 375 477 435 1205

1595 372 2145 437 EPISTOLARUM
2189 370 2341 436 LIB.
2385 372 2467 434 ΙΙ.

3552 355 3708 419 1206

391 508 460 563 Τὸ
498 502 802 582 πρόϐλημα
858 508 980 582 περὶ
1032 511 1128 562 τοῦ
1180 502 1546 582 πρεσϐυτέρου
1584 510 1681 562 τοῦ
1730 504 1958 583 ὁρθοδο-

2139 504 2389 571 Quaestio
2421 504 2493 559 de
2524 499 2878 575 presbytero,
2910 496 3011 570 qui
3041 510 3174 551 cum
3201 490 3553 583 orthodoxus
3590 504 3713 583 cre-

319 600 424 667 ξεῖν
506 596 815 669 δοκοῦντος,
892 598 1262 659 συνεσθίοντος
1339 594 1395 650 δὲ
1469 594 1747 669 ἐπισκόπῳ
1826 598 1961 651 καθὰ

321 687 543 760 εἴρηκας
565 705 578 719 ⁸
613 688 657 740 εἰ
691 688 787 758 μὲν
817 688 1078 742 παύσοιτο
1110 689 1207 756 τῆς
1239 687 1495 757 τοιαύτης
1556 688 1960 755 συνεστιάσεως,

325 779 441 849 μετ’
493 775 773 849 ἐπιτιμίου
828 776 1121 852 ἀπείρξεως
1169 779 1265 846 τῆς
1326 776 1634 851 ἱερουργίας
1680 774 1784 838 ἕως
1815 778 1959 839 τινὸς

322 866 549 941 χρόνου,
610 866 805 940 μηκέτι
855 867 929 929 εἷς
988 868 1078 922 τὸν
1127 866 1285 921 αὐτὸν
1334 865 1550 921 ὄλισθον
1602 866 1957 922 ὑποπίπτειν’

319 954 437 1030 ἔχει
482 954 621 1011 ἴασιν
676 960 773 1011 τοῦ
830 958 1130 1031 ἱερουργεῖν
1192 954 1417 1026 Θεῷ.Εἷ’
1474 953 1532 1010 δὲ
1587 954 1958 1032 ἀδιαφοροίη·

323 1046 401 1116 μὴ
452 1046 662 1120 γένοιτο
713 1044 910 1120 λύτρον
960 1043 1151 1121 ἀνδρὸς
1194 1047 1221 1100 6
1260 1042 1402 1109 ἴδιος
1430 1043 1703 1107 πλοῦτος·
1736 1048 1832 1100 τοῦ
1862 1066 1962 1123 φυ-

316 1138 431 1210 γεῖν
493 1133 584 1188 σὺν
644 1138 712 1208 τῇ
774 1134 919 1189 δόσει
990 1135 1081 1189 καὶ
1157 1134 1433 1209 αἱρετικῆς
1504 1135 1814 1202 κοινωνίας,
1871 1133 1960 1190 καὶ

320 1222 748 1296 ἁμαρ[τη]τικῆς
778 1218 957 1293 ἄλλης
987 1222 1232 1297 πράξεως
1259 1243 1272 1255 ·
1300 1224 1360 1276 ού
1398 1224 1506 1293 μὴν
1538 1225 1606 1296 τῇ
1638 1220 1960 1296 ἀνταλλαγῇ

320 1307 508 1365 δοῦναι
556 1311 619 1365 τὸ
660 1308 850 1380 καλὸν,
882 1311 971 1366 καὶ
1023 1306 1209 1367 λαϐεῖν
1253 1312 1315 1366 τὸ
1362 1317 1548 1387 χεῖρον
1576 1332 1589 1344 '
1625 1314 1741 1367 οἷον
1776 1308 1960 1365 δοῦναι

320 1405 457 1477 φῶς,
488 1400 579 1455 καὶ
634 1396 820 1456 λαϐεῖν
878 1400 1089 1462 σκότος.
1122 1399 1255 1459 Οὐδ’
1294 1401 1353 1456 ἂν
1420 1404 1486 1457 τὰ
1534 1400 1638 1456 ὅλα
1695 1403 1964 1480 χρήματα

316 1494 416 1544 τοῦ
455 1490 666 1566 κόσμου
703 1492 920 1565 παρέξει
966 1513 1049 1553 τις
1075 1510 1086 1522 ’
1121 1491 1211 1546 καὶ
1270 1497 1550 1547 καινωνῶν
1598 1489 1682 1561 ε’ίη
1715 1495 1782 1565 τῇ
1815 1491 1962 1563 ιιὶρέ-

319 1600 421 1649 σει,
482 1578 643 1660 φίλος
704 1585 837 1637 Θεοῦ
892 1582 1227 1652 καθίσταται,
1286 1580 1413 1636 ἀλλ’
1472 1580 1693 1656 ἐχθρός.
1754 1582 1853 1635 Καὶ
1909 1582 1963 1636 τί

317 1669 469 1745 λέγω
524 1669 848 1740 κοινωνίας;
884 1668 986 1725 Κᾶν
1044 1670 1096 1726 ἐν
1149 1672 1426 1746 βρώματι,
1477 1672 1564 1725 καὶ
1611 1672 1840 1744 πόματι,
1872 1670 1962 1725 καὶ

316 1758 479 1837 φιλίᾳ
534 1759 840 1835 συγκάτεισι
920 1766 1034 1822 τοῖς
1112 1762 1405 1834 αἱρετικοῖς
1484 1760 1797 1821 ὑπεύθυνος.
1855 1764 1963 1815 Τοῦ

315 1850 708 1923 Χρυσοστόμου
762 1851 795 1918 ἡ
857 1849 1160 1926 ἀπόφασις*
1214 1851 1329 1905 ἐπεὶ
1385 1850 1474 1904 καὶ
1532 1850 1727 1912 παντὸς
1779 1849 1959 1923 ἁγίου.
1995 1891 2041 1956 Β

318 1937 728 1956 πυαςςι
980 1938 1212 1956 ....
1428 1939 1892 1956 -.-,..

318 1943 443 2001 Ηῶς
493 1937 549 1994 δὲ
596 1938 875 2009 ἀκούσιον,
905 1940 996 1994 καὶ
1042 1940 1141 1994 οὐκ
1188 1938 1344 2015 ἔργον
1388 1945 1468 2011 τῷ
1517 1939 1766 1995 δοκοῦντι
1799 1939 1957 2013 ὀρθο-

317 2034 554 2106 φρονεῖν,
604 2033 949 2084 κοινωνοῦντι
1006 2027 1063 2083 δὲ
1112 2029 1264 2101 ὅμως
1312 2033 1379 2101 τῇ
1426 2025 1639 2102 ἁρέσει;
1680 2027 1960 2085 Ἀκούσιόν

316 2117 484 2188 ἐστιν,
517 2117 640 2173 ὅταν
689 2118 750 2173 τὸ
793 2117 969 2189 στόμα
1013 2139 1096 2179 τις
1148 2123 1241 2172 τοῦ
1292 2117 1581 2192 όρθοδόξου
1617 2117 1807 2191 βιαίως
1842 2118 1962 2172 ἀνα-

317 2210 508 2283 χάνας,
542 2205 712 2283 ἒγχέῃ
746 2210 844 2278 τὴν
892 2208 1169 2281 αἱρετικήν
1229 2208 1514 2265 κοινωνίαν
1541 2228 1553 2240 ·
1589 2210 1721 2281 ὅπερ
1770 2208 1962 2279 ἐποίη-

316 2319 411 2353 σαν
463 2298 516 2352 οἱ
565 2296 737 2351 πάλαι
788 2297 1073 2371 αἱρετικοῖ,
1103 2297 1192 2353 καὶ
1246 2303 1518 2366 ποιοῦσιν,
1552 2298 1626 2362 ὡς
1654 2292 1875 2371 ἔμαθον,
1909 2298 1961 2351 οἱ

312 2388 428 2442 νυνὶ
506 2386 910 2464 Χριστομάχοι.
972 2387 1040 2440 Τὸ
1108 2384 1164 2440 δὲ
1233 2387 1321 2463 ἀφ’
1378 2388 1569 2442 ἑαυτοῦ
1646 2392 1959 2464 μετασχεῖν,

316 2474 588 2534 ἑκούσιον.
624 2476 687 2533 Εἰ
720 2474 774 2530 δὲ
806 2476 889 2530 ὅτι
922 2473 1064 2530 δέει·
1101 2479 1260 2530 τοῦτο
1291 2476 1390 2551 γάρ
1420 2475 1531 2531 ἐστι
1581 2477 1640 2531 τὸ
1690 2478 1961 2549 ζητούμε-

319 2588 410 2621 νον
436 2586 450 2599 ·
486 2564 613 2621 οὐδὲ
642 2566 817 2627 οὕτως
849 2562 952 2636 ἕξει
982 2563 1308 2639 ἀπολογίαν.
1343 2568 1442 2635 Μὴ
1484 2562 1801 2640 φοϐεῖσθε
1841 2568 1961 2642 γὰρ

318 2656 447 2710 ἀπὸ
476 2659 598 2709 τῶν
633 2654 1141 2709 ἀποκτενόντων
1183 2656 1252 2709 τὸ
1289 2659 1497 2727 σῶμα,
1519 2653 1666 2710 ἀλλὰ
1696 2656 1959 2723 Θεὸν,τὸν

317 2744 380 2798 τὸ
414 2744 814 2819 συναμφότερον
848 2741 1035 2819 γεέννῃ
1066 2741 1291 2797 αἰωνίου
1314 2744 1483 2817 πυρὸς
1507 2744 1959 2815 παραπέμποντα.

318 2832 651 2903 Ἀκούομεν;
680 2830 938 2901 Ἀληθῶς
988 2833 1016 2885 ὁ
1061 2829 1272 2903 κόσμος
1318 2828 1450 2891 ὅλυς
1492 2837 1618 2904 μιᾶς
1650 2834 1833 2906 ψυχῆς
1866 2831 1964 2887 οὐκ

320 2917 465 2975 ἔστιν
513 2920 779 2990 ἀντάξιος,
823 2927 923 2989 τῆς
983 2917 1359 2997 φυλαττούσης
1432 2919 1625 2989 έαυτὴν
1686 2919 1959 2997 ἀμέτοχον

317 3010 409 3065 καὶ
476 3012 751 3087 αἱρετικῆς
810 3010 1099 3072 κοινωνίας
1154 3010 1244 3066 καὶ
1298 3012 1493 3073 παντὸς
1550 3015 1738 3068 κακοῦ.
1780 3013 1845 3069 Οἱ
1905 3010 1962 3065 δὲ

316 3102 641 3179 ἀμφοτέρων
678 3100 937 3175 μέτοχοι,
966 3101 1156 3178 χόρτῳ
1187 3099 1454 3175 ἰσότιμοι,
1486 3098 1960 3174 ξύλοις,καλάμῃ,

315 3189 384 3243 ⁶Α
414 3188 763 3242 κατακαύσειε
814 3189 876 3242 τὸ
937 3185 1322 3261 δσικιμαστικὸν
1380 3192 1485 3263 πῦρ
1542 3196 1640 3257 τῆς
1689 3187 1958 3264 κρίσεως⁶

2072 599 2306 654 deretur
2346 611 2514 662 ;cum
2573 593 2867 665 episcopo,
2926 584 3421 659 quemadmodum
3486 579 3711 645 dixisti,

2073 704 2189 744 una
2221 688 2419 742 cibum
2454 684 2638 754 capit;
2667 682 2717 738 si
2750 679 2989 753 quidem
3017 678 3097 732 ita
3129 673 3417 731 convivari
3455 672 3711 737 desierit,

2070 779 2148 834 im
2160 775 2368 849 positia
2382 791 2571 847 poena,
2588 772 2893 828 abstentus
2906 774 2967 824 ut
2988 766 3147 823 sitab
3169 781 3228 821 re
3259 780 3425 820 sacra
3446 762 3715 817 obeunda

2073 884 2255 939 usque
2287 868 2354 921 ad
2387 873 2605 921 certum
2649 866 2898 931 tempus,
2932 875 3004 915 ne
3035 855 3281 929 posthac
3336 851 3513 908 simili
3542 851 3713 921 lapsu

2073 956 2374 1014 offendat:
2434 953 2630 1009 sanari
2690 956 2893 1022 potest,
2924 954 2990 1004 ut
3046 946 3227 1002 sacris
3262 951 3549 1014 operetur.
3611 940 3714 995 Sin

2071 1048 2121 1104 is
2155 1044 2575 1119 parvipendat;
2608 1057 2681 1096 ne
2711 1041 2831 1096 sint
2860 1036 3083 1093 homini
3132 1033 3376 1108 proprias
3423 1047 3560 1103 opes
3609 1045 3712 1101 pro

2072 1132 2490 1206 redemptionis
2513 1130 2713 1202 pretio.
2743 1126 3046 1200 Fugienda
3077 1125 3227 1181 enim
3250 1138 3382 1178 cum
3405 1119 3716 1176 donatione

2072 1221 2411 1281 communio
2443 1220 2711 1276 haeretica
2740 1220 2796 1273 et
2825 1215 2981 1271 aliud
3042 1212 3289 1286 quodvis
3332 1210 3523 1268 scelus
3556 1226 3569 1265 :
3605 1223 3709 1264 nec

2074 1315 2157 1369 sic
2199 1310 2557 1367 instituenda
2613 1304 3012 1373 commutatio,
3046 1308 3109 1359 ut
3162 1302 3316 1375 quod
3374 1300 3594 1356 bonum
3625 1304 3715 1353 est

2074 1403 2263 1469 detur,
2296 1399 2616 1471 accipiatur
2673 1395 2824 1468 quod
2878 1393 3131 1449 deterius
3182 1408 3198 1448 :
3248 1389 3579 1460 cuiusmodi
3630 1390 3716 1443 est

2074 1492 2265 1547 lucem
2296 1487 2603 1560 impertiri,
2636 1503 2702 1543 ac
2768 1484 3036 1540 tenebras
3086 1482 3320 1537 referre.
3344 1479 3459 1535 Nec
3498 1478 3546 1534 si
3578 1477 3712 1549 quis

2074 1580 2373 1637 universas
2430 1577 2634 1633 mundi
2683 1575 2911 1631 divitias
2960 1572 3181 1636 offerat,
3215 1568 3719 1638 communicetque

2075 1670 2301 1731 haeresi,
2344 1669 2571 1724 amicus
2603 1667 2701 1722 Dei
2734 1665 3086 1730 censebitur,
3121 1662 3221 1718 sed
3278 1659 3479 1715 hostis.
3523 1658 3719 1721 Quan-

2075 1777 2249 1833 quam
2283 1760 2419 1832 quid
2454 1755 2927 1813 communionem
2960 1753 3131 1808 dico?
3152 1751 3253 1805 Vel
3280 1751 3329 1806 si
3362 1750 3417 1803 in
3453 1749 3578 1804 cibo
3611 1762 3721 1819 po-

2075 1855 2350 1918 tuque,et
2368 1847 2622 1904 amicitia
2653 1862 2785 1903 cum
2812 1843 3099 1899 haereticis
3132 1839 3559 1911 congrediatur,
3584 1853 3718 1892 reus

2072 1946 2179 1995 est.
2215 1941 2344 1993 Hac
2374 1935 2789 2008 Chrysostonii,
2822 1934 2935 1988 imo
2969 1942 3021 1987 et
3050 1931 3311 2001 cujusvis
3343 1929 3553 1996 sancti,
3582 1943 3718 1981 ora-

2072 2031 2151 2084 tio
2184 2033 2292 2084 est.
2326 2027 2626 2091 Quomodo
2666 2042 2796 2080 vero
2827 2024 2885 2079 id
2917 2028 3117 2078 contra
3135 2020 3482 2076 voluntatem
3510 2034 3575 2073 ac
3600 2033 3713 2072 non

2073 2127 2275 2189 sponte
2309 2119 2392 2183 ﬁt,
2427 2134 2559 2173 cum
2602 2114 2735 2186 quis
2766 2115 3125 2169 orthodoxus
3184 2112 3414 2182 quidem
3465 2109 3713 2175 videtur,

2073 2207 2278 2263 haeresi
2310 2214 2507 2262 tamen
2541 2206 2769 2259 interim
2803 2200 3237 2259 communicat?
3266 2202 3480 2256 Contra
3510 2196 3720 2251 volun-

2072 2303 2251 2353 tatem
2278 2303 2385 2364 est,
2418 2298 2465 2351 si
2499 2297 2631 2366 quis
2655 2292 2960 2349 orthodoxi
2991 2309 3055 2347 os
3109 2308 3212 2363 per
3251 2292 3365 2345 vim
3428 2289 3720 2359 aperiens,

2072 2388 2399 2443 haereticam
2432 2384 2903 2441 communionem
2926 2382 3194 2437 infundat
3224 2397 3238 2435 :
3270 2379 3330 2434 id
3362 2379 3516 2449 quod
3562 2378 3716 2433 fece-

2070 2484 2214 2534 runt
2243 2478 2386 2533 olim
2419 2475 2695 2543 haeretici,
2721 2479 2778 2530 et
2808 2474 3043 2542 faciunt,
3063 2476 3126 2527 ut
3147 2470 3342 2535 didici,
3380 2469 3557 2539 hujus
3579 2476 3720 2523 aeta-

2072 2567 2147 2623 tis
2166 2565 2614 2624 Christomachi.
2644 2565 2789 2620 Cum
2822 2564 2952 2635 quis
2975 2566 3169 2617 autem
3214 2578 3248 2615 a
3290 2560 3487 2631 seipso
3536 2557 3717 2629 parti-

2071 2674 2208 2729 ceps
2240 2657 2324 2723 fit,
2354 2656 2411 2711 id
2444 2660 2649 2727 sponte
2680 2654 2765 2709 fit.
2805 2654 2905 2709 Sin
2937 2656 3131 2708 autem
3165 2649 3444 2722 quoniam
3501 2648 3671 2703 timet
3702 2663 3717 2715 ;

2072 2747 2181 2803 hoc
2206 2748 2363 2803 enim
2386 2750 2474 2802 est
2503 2744 2659 2816 quod
2689 2744 2975 2816 quaeritur
2998 2760 3013 2810 ;
3040 2758 3144 2798 nec
3175 2741 3259 2796 sic
3282 2738 3520 2795 habebit
3539 2753 3719 2794 excu-

2071 2836 2381 2892 sationem.
2413 2834 2616 2902 Nolite,
2648 2835 2805 2889 enim
2838 2831 3037 2887 timere
3060 2847 3147 2886 eos
3182 2832 3277 2901 qui
3305 2828 3558 2885 occidunt
3604 2841 3727 2882 cor-

2070 2942 2173 2997 pus
2200 2926 2286 2995 5';
2319 2925 2419 2981 sed
2453 2924 2661 2989 Deum,
2695 2922 2795 2995 qui
2826 2927 3143 2993 utrumque
3193 2922 3381 2990 potest
3422 2919 3478 2973 in
3512 2916 3727 2990 gehen-

2078 3031 2214 3070 nam
2264 3013 2598 3084 sempiterni
2642 3011 2795 3083 ignis
2846 3011 3179 3066 amandare.
3212 3007 3548 3063 Audimus?
3576 3005 3725 3061 Vere

2073 3104 2333 3158 mundus
2356 3108 2511 3158 totus
2541 3117 2654 3157 non
2679 3104 2769 3156 est
2788 3115 2921 3155 cum
2945 3097 3142 3154 anima
3162 3113 3278 3152 una
3306 3094 3719 3159 conferendus,

2075 3208 2202 3263 qua
2232 3193 2489 3263 seipsam
2525 3198 2647 3245 tum
2700 3189 2771 3245 ab
2821 3188 3093 3243 haaretica
3122 3188 3554 3253 communione,
3586 3189 3715 3239 tum

315 3276 447 3337 τοὺς
481 3274 527 3331 δ’
560 3275 733 3331 αὐτῶν
788 3277 1101 3351 πράκτορας
1161 3280 1509 3352 σὺντηρήσει,
1566 3276 1760 3339 ἀϊδίως
1820 3276 1961 3357 φλο-

2077 3262 2146 3337 ab
2186 3262 2347 3337 omni
2408 3281 2557 3337 malo
2616 3282 2805 3334 servat
2852 3279 3198 3333 immunem.
3230 3275 3338 3341 Qui
3390 3290 3525 3330 vero
3577 3278 3719 3330 sunt

315 3365 664 3442 γιζομένους,
695 3367 785 3421 καὶ
820 3368 896 3439 μή
930 3368 1366 3442 χωνευομένους.

2074 3372 2382 3443 utriusque
2440 3369 2770 3442 participes,
2832 3367 2961 3424 leno
3023 3366 3248 3423 similes
3304 3368 3460 3434 sunt,
3523 3364 3703 3436 ligno,

318 3456 543 3528 stipulae
581 3476 592 3511 :
627 3474 753 3531 quae
786 3458 1021 3530 quidem
1054 3458 1389 3530 exploratur
1412 3457 1565 3531 ignis
1594 3458 1801 3529 judicii
1833 3460 2111 3518 cremabit
2142 3476 2156 3515 :
2189 3476 2388 3517 eorum
2423 3464 2619 3515 autem
2651 3463 2917 3515 auctores
2958 3456 3018 3513 in
3076 3455 3499 3528 sempiternum
3534 3469 3720 3509 aevum

318 3549 596 3619 servabit,
617 3550 943 3605 exurendos
968 3548 1145 3620 idem,
1188 3565 1300 3606 non
1332 3566 1465 3606 vero
1499 3552 1855 3623 purgandos.

319 3658 537 3714 ΛΓ’.-
570 3656 740 3731 Πρὸς
790 3655 948 3719 τοὺς
995 3655 1320 3785 λέὶγοντας
1367 3659 1451 3730 μὴ
1500 3660 1960 3735 περιγραπτὸν

701 3728 870 3783 εἶναι
909 3728 1020 3783 τὸν
1121 3730 1348 3785 οιστόν
1381 3731 1581 3785 [σπη’.1

701 3728 870 3783 εἶναι
909 3728 1020 3783 τὸν
1062 3728 1348 3801 Χριστόν
1370 3728 1581 3804 [σπηἌ]

389 3822 446 3875 '0
511 3820 586 3893 μὴ
663 3816 1027 3895 περιγραπτὸν
1099 3819 1239 3875 εἶναι
1315 3819 1571 3893 σώματος
1657 3825 1967 3897 χαρακτῆρι

318 3908 411 3965 τὸν
457 3909 687 3983 Χριστὸν
732 3906 904 3983 λέγων
935 3928 949 3941 ο
982 3907 1160 3984 είρμῷ
1202 3930 1305 3964 τινι
1353 3910 1567 3973 πάντως
1616 3917 1845 3989 φυσικῷ,
1878 3913 1966 3967 καὶ

319 3995 592 4066 ἀποδείξει
677 3996 879 4072 λογικῇ
957 3997 1324 4075 κεχρημένος,
1380 4000 1481 4068 τήν
1567 4002 1690 4074 περὶ
1773 4000 1969 4056 τούτου

318 4083 559 4142 ἔνστασιν
598 4088 917 4157 πεποίηται,
950 4088 1025 4149 εἰς
1070 4082 1361 4161 βεϐαίωσιν
1408 4087 1673 4159 ἀληθείας
1715 4092 1804 4145 καὶ
1850 4088 1970 4145 δια-

322 4176 557 4256 σάφησιν
588 4181 695 4232 τῶν
728 4178 1011 4251 ἀμυήτων.

392 4267 606 4324 Οὐκοῦν
656 4263 941 4341 παρελθὼν
995 4262 1315 4339 διδασκέτω,
1367 4266 1516 4332 ὅπως
1587 4267 1702 4345 ἔχει
1761 4270 1971 4348 φύσεως

321 4358 349 4410 ὁ
401 4355 587 4429 λόγος,
639 4358 727 4411 καὶ
786 4357 868 4418 τίς
926 4358 960 4426 ἡ
1021 4356 1165 4413 αἰτία
1220 4361 1320 4423 τῆς
1371 4357 1664 4436 ἀγραφίας.
1715 4361 1834 4415 Ὅτι
1892 4365 1971 4433 τῷ

319 4447 438 4500 καθ’
471 4449 619 4519 ἡμᾶς
667 4444 795 4501 ε’ίδει
847 4445 908 4501 ού
965 4448 1472 4524 μεμόρφωται;ὅτι
1520 4448 1728 4511 ὀστέοις
1769 4451 1829 4504 τὸ
1861 4455 1971 4505 σῶ-

2170 3659 2411 3719 ΧΧΧΙΙΙ.
2442 3689 2511 3703 -
2534 3659 2615 3716 Ad
2643 3673 2731 3717 eos
2759 3659 2855 3730 qui
2884 3658 3072 3714 dicunt
3098 3673 3209 3715 non
3238 3656 3624 3715 circumscribi

2740 3731 3042 3789 Christum.

2150 3824 2260 3890 Qui
2287 3822 2792 3895 circumscriptum
2825 3838 2951 3878 esse
3008 3822 3261 3893 corporis
3322 3821 3508 3878 forma
3565 3818 3725 3875 Chri-

2080 3917 2238 3970 stum
2253 3920 2460 3987 negat;
2486 3916 2897 3974 consecutione
2910 3915 3162 3985 quadam
3194 3910 3434 3968 omnino
3459 3911 3718 3982 physica,

2078 4008 2136 4060 et
2167 4003 2658 4062 demonstratione
2691 4003 2893 4076 logica,
2926 4020 3093 4069 usus,
3125 4003 3275 4058 hanc
3306 4002 3377 4058 de
3406 4001 3516 4058 isto
3546 4016 3726 4071 argu-

2079 4100 2275 4153 mento
2296 4094 2638 4152 instantiam
2676 4093 2909 4166 protulit
2938 4094 3010 4149 ad
3041 4091 3550 4148 confirmationem
3569 4089 3720 4146 veri-

2077 4186 2238 4253 tatis,
2263 4190 2320 4241 et
2352 4193 2411 4241 ut
2450 4183 2679 4255 profani
2712 4184 2973 4240 homines
3006 4182 3302 4239 manifesti
3334 4180 3501 4238 ﬁant.

2150 4274 2427 4331 Prodiens
2457 4273 2652 4346 itaque
2681 4273 2741 4330 in
2772 4273 3055 4342 medium,
3089 4272 3290 4328 doceat
3319 4272 3483 4342 cujus
3512 4270 3588 4328 sit
3618 4287 3725 4329 na-

2078 4370 2223 4420 tura
2254 4380 2467 4432 sermo,
2502 4369 2559 4420 et
2590 4380 2716 4435 quae
2757 4378 2933 4420 causa
2976 4362 3075 4431 sit,
3108 4378 3214 4418 cur
3258 4361 3527 4419 Christus
3557 4362 3723 4433 pingi

2078 4469 2197 4509 non
2233 4453 2435 4525 possit.
2467 4455 2551 4508 An
2585 4453 2737 4524 quod
2764 4469 2879 4508 non
2911 4456 2999 4509 est
3028 4452 3100 4507 ad
3131 4451 3582 4508 similitudinem
3610 4468 3725 4508 no-

324 4556 399 4609 μα
448 4535 510 4590 ού
553 4533 909 4605 διείληπται;
960 4536 1043 4591 ὅτι
1119 4535 1413 4614 βλεφάροις
1478 4538 1571 4593 καὶ
1628 4537 1819 4614 ὀφρύσι
1874 4540 1961 4605 τὰς

2080 4548 2260 4599 stram
2278 4542 2679 4600 informatus?
2700 4542 2853 4613 quod
2884 4557 3098 4614 corpus
3127 4542 3179 4598 ei
3205 4558 3320 4598 non
3350 4549 3439 4598 est
3468 4540 3721 4598 divisum

321 4624 549 4687 ὀπτικάς
598 4626 764 4699 κόρας
811 4626 910 4681 ούκ
957 4624 1302 4705 ἐφήρμοσται
1332 4646 1346 4697 ;
1380 4628 1465 4682 δτι
1515 4628 1614 4682 ὠσὶ
1662 4630 1791 4693 τοὺς
1846 4627 1971 4684 ἑλέ-

319 4712 551 4777 κοειδεῖς
580 4716 785 4791 πόρους
818 4716 880 4770 ού
914 4716 1205 4771 τετόνωται
1232 4733 1247 4785 ;
1280 4714 1363 4771 ὅτι
1411 4717 1521 4790 ῥισὶ
1570 4722 1677 4773 τῶν
1730 4719 1971 4797 ὀσφραν-

320 4810 427 4860 τῶν
484 4802 899 4879 ἀντιλαμϐάνειν
972 4806 1071 4862 οὐκ
1143 4806 1497 4878 ηύθείασται;
1559 4807 1642 4865 ὅτι
1718 4816 1967 4884 παρειαῖς

320 4891 567 4965 ἡϐώσαις
621 4895 718 4950 οὐκ
766 4896 1097 4969 ἑξήρτηταις
1146 4897 1231 4952 ὅτι
1288 4899 1515 4971 στόματι
1574 4899 1666 4954 καὶ
1718 4899 1966 4975 γλώττῃ,

320 4984 535 5059 χείλεσί
591 5005 649 5040 τε
704 4986 794 5038 καὶ
846 4983 1086 5056 ὀδοῦσιν,
1129 4987 1191 5041 οὑ
1252 4984 1567 5057 διείλεκται,
1618 4984 1861 5063 βέϐρωκε
1910 5010 1969 5045 τε

319 5074 411 5129 καὶ
469 5074 755 5143 πέπωκεν;
808 5073 892 5130 ὅτι
951 5074 1143 5147 ὤμων,
1175 5076 1263 5130 καὶ
1312 5076 1555 5149 ὠλενῶν,
1610 5080 1700 5132 καὶ
1764 5084 1964 5154 χειρῶν

318 5163 587 5236 περιθέσει
639 5161 703 5217 οὐ
747 5160 1064 5219 διέπλασται
1097 5184 1111 5233 ;
1147 5166 1230 5219 ὅτι
1282 5164 1468 5239 στέρνα
1516 5166 1663 5238 αύτῷ
1704 5166 1793 5222 καί
1824 5172 1968 5223 νῶτα

320 5252 414 5305 σὺν
470 5256 698 5325 κνημῖσι
747 5252 836 5307 καὶ
894 5254 1053 5308 ποσὶν
1114 5253 1220 5307 οὐκ
1241 5251 1577 5329 ἐμπέφυκενς
1610 5255 1695 5311 ὅτι
1725 5255 1969 5331 παράτα-

322 5363 405 5397 σιν
456 5342 721 5417 χρονικὴν
776 5343 913 5397 κατὰ
968 5344 1252 5417 προκοπὴν
1313 5345 1401 5398 καὶ
1464 5343 1684 5414 αὔξησιν
1743 5346 1966 5416 ἡλικίας

322 5431 423 5487 οὐκ
451 5428 716 5509 camps»);
749 5432 832 5486 ὅτι
872 5433 1088 5501 κίνησις
1138 5430 1284 5505 αύτῷ
1332 5436 1652 5507 πορευτικὴ,
1693 5438 1727 5504 ἠ
1762 5433 1897 5504 ἄνω,
1930 5438 1963 5505 ἡ

321 5520 491 5587 κάτω,
545 5521 579 5588 ἡ
638 5518 805 5589 ἐντὸς,
864 5523 899 5590 ἠ
961 5518 1137 5591 ἐκτὸς,
1196 5524 1231 5591 ἡ
1284 5519 1448 5592 δεξιὰ,
1510 5524 1544 5592 ἡ
1606 5524 1879 5600 ἀριστερὰ,
1930 5527 1964 5594 ἡ

320 5607 723 5686 κυκλοφορικὴ,
782 5610 846 5663 οὐ
928 5611 1389 5691 συνεκπέφανταις
1451 5610 1534 5667 ὅτι
1603 5612 1793 5677 κόποις
1876 5613 1965 5669 καὶ

396 5732 441 5771 ³⁸
467 5735 664 5793 Matth.
687 5752 743 5807 x,
772 5736 864 5795 28.

2080 4632 2312 4689 ossibus
2331 4632 2359 4687 ‘I
2381 4633 2534 4704 quod
2558 4631 2815 4704 pupillas
2844 4631 3147 4688 oculorum
3179 4646 3295 4687 non
3326 4630 3501 4686 habet
3529 4629 3726 4702 palpe-

2081 4722 2200 4779 bris
2230 4723 2546 4779 instructas
2575 4738 2642 4778 ac
2657 4722 2988 4794 superciliis
3010 4721 3038 4777 ?
3060 4722 3214 4794 quod
3247 4735 3415 4777 aures
3444 4736 3562 4777 non
3585 4728 3727 4776 sunt

2080 4813 2336 4869 sinuosis
2375 4818 2691 4884 compactae
2722 4813 3010 4869 meatibus
3030 4813 3058 4865 ?
3088 4812 3240 4881 quod
3276 4826 3391 4868 non
3424 4815 3566 4867 sunt
3592 4815 3725 4883 apte

2079 4902 2410 4973 compositas
2444 4918 2611 4957 nares
2643 4902 2714 4957 ad
2734 4900 3135 4973 percipiendos
3155 4900 3399 4957 odores?
3421 4901 3576 4971 quod
3608 4916 3723 4957 non

2077 4990 2625 5063 estpubescentibus
2638 4990 2804 5063 genis
2816 4992 3141 5047 instructus
3154 4990 3345 5063 ‘lquod
3365 5006 3483 5057 ore,
3500 4988 3723 5061 lingua,

2078 5080 2273 5135 labilis
2288 5081 2698 5151 dentibusque,
2723 5096 2825 5137 nec
2840 5096 3035 5136 vocem
3070 5079 3450 5150 protulit,nec
3472 5079 3725 5135 comedit

2076 5175 2178 5225 aut
2209 5169 2399 5225 bibit?
2428 5172 2584 5241 quod
2620 5187 2733 5226 non
2758 5174 2847 5227 est
2877 5169 3161 5237 humeris,
3201 5173 3257 5225 et
3287 5169 3464 5234 ulnis,
3497 5174 3555 5225 et
3597 5184 3727 5224 ma-

2078 5260 2251 5316 nibus
2282 5261 2697 5317 circumductis
2728 5262 3125 5317 conformatus
3147 5260 3175 5316 '?
3207 5263 3360 5330 quod
3396 5277 3500 5316 nec
3529 5264 3724 5330 pectus

2077 5350 2127 5405 ei
2162 5366 2265 5407 nec
2296 5352 2556 5421 dorsum,
2588 5366 2720 5406 cum
2771 5351 3040 5407 cruribus
3085 5350 3466 5421 pedibusque,
3499 5349 3655 5406 inest
3685 5366 3719 5404 a

2079 5446 2282 5495 natura
2312 5440 2341 5494 Ἰ
2371 5442 2525 5512 quod
2558 5456 2869 5512 progressu
2903 5440 3181 5510 temporis
3225 5456 3339 5495 non
3382 5444 3469 5495 est
3529 5454 3725 5510 proce-

2077 5528 2192 5585 rior
2252 5529 2437 5585 factus
2459 5530 2628 5601 juxta
2651 5546 2987 5602 processum
3019 5534 3077 5585 et
3118 5529 3541 5586 incrementum
3586 5532 3722 5585 sata-

2079 5617 2152 5675 tis
2170 5617 2198 5674 ?
2220 5619 2372 5691 quod
2398 5616 2597 5677 nullus
2628 5619 2679 5678 ei
2706 5620 2777 5677 ad
2823 5620 3121 5680 incessum
3151 5622 3371 5689 motus,
3393 5634 3592 5693 supra,
3622 5616 3723 5674 in-
