4062 6280
399 337 568 397 1207

1661 338 1700 398 S
1713 379 1726 394 .
1773 335 2168 398 THEODORI
2214 335 2576 398 STUDITIE

3650 346 3791 405 1208

392 470 514 539 fra,
538 471 715 541 intra,
765 473 943 540 extra,
976 470 1362 534 dextrorsum,
1397 467 1826 537 sinistrorsum,
1859 471 1919 526 in
1949 487 2046 527 or-

2178 465 2450 542 ἱχθηδόσι,
2482 467 2570 523 καὶ
2619 472 2734 529 τοῖς
2793 466 2990 529 ἄλλοις
3047 464 3410 539 ἀδιαϐλήτοις
3468 473 3792 537 πάθεσιν,ού

406 559 539 615 hem
572 558 972 631 deprehensus
1003 558 1139 614 est?
1168 559 1322 630 quod
1356 558 1651 614 laboribus
1679 575 1744 615 ac
1766 560 2052 616 molestiis

414 649 660 721 aliisque
690 649 1112 717 affectionibus,
1144 665 1272 720 qua:
1305 648 1478 720 culpa
1506 655 1736 718 vacant,
1767 649 2051 706 obnoxius

403 755 521 794 non
569 738 734 805 fuit;
785 738 992 810 capitis
1048 754 1276 794 comam
1350 739 1633 807 nutriens,
1682 745 1740 795 et
1790 740 2052 796 vestibus

408 827 743 884 universum
763 842 973 900 corpus
1003 827 1276 884 obvelans
1295 826 1323 882 τ
1342 827 1442 883 Sin
1475 834 1670 885 autem
1700 829 1760 884 in
1786 831 2054 885 confesso

405 924 495 973 est
520 917 711 974 visum
743 918 800 973 in
834 917 927 973 his
949 934 1074 987 qua:
1105 916 1444 989 collegimus
1476 917 1781 974 hominem
1821 934 2049 985 verum,

409 1006 580 1077 cujus
611 1007 734 1063 ﬁeri
757 1007 1068 1063 delineatio
1101 1008 1286 1078 possit
1307 1007 1490 1077 quoad
1522 1008 1766 1064 formam
1796 1024 2056 1080 corpora-

405 1095 545 1164 lem,
579 1113 861 1167 veraxque
888 1097 1137 1169 pictura,
1173 1097 1299 1152 sine
1329 1112 1444 1167 qua
1503 1113 1606 1154 nec
1664 1103 1932 1154 constare
1965 1095 2052 1152 ul-

407 1184 532 1241 lum
558 1201 771 1258 corpus
829 1187 1220 1259 compositum
1284 1187 1468 1258 possit
1506 1205 1518 1242 :
1552 1187 1844 1259 siquidem
1892 1191 2053 1242 tactu

410 1280 472 1332 et
503 1276 689 1332 colore
719 1276 1051 1333 continetur
1081 1294 1096 1333 :
1129 1295 1256 1349 quae
1288 1277 1496 1350 ingens
1526 1277 1628 1334 illa
1668 1278 1895 1333 caecitas
1943 1281 2052 1342 est,

407 1366 698 1438 impiaque
728 1367 1042 1435 altercatio,
1077 1373 1140 1422 ut
1189 1367 1511 1438 Christum,
1544 1367 1643 1439 qui
1692 1367 1861 1422 nobis
1917 1382 2058 1421 con-

412 1456 824 1514 substantialis
856 1457 1148 1530 apparuit,
1183 1475 1249 1513 ao
1281 1473 1383 1530 per
1413 1459 1611 1514 omnia
1641 1457 1870 1525 similis,
1895 1455 2056 1529 pingi

410 1563 528 1604 non
555 1564 725 1620 posse
756 1548 1072 1604 contendat
1098 1547 1126 1601 ?
1154 1549 1452 1612 Quomodo
1492 1565 1650 1617 vero,
1682 1564 1749 1603 eo
1782 1552 2056 1619 pereunte

408 1639 566 1710 quod
593 1639 752 1712 pingi
784 1643 991 1710 potest,
1020 1655 1134 1694 non
1166 1656 1279 1694 una
1311 1640 1500 1710 perire
1531 1654 1768 1696 necesse
1821 1642 1908 1694 est
1965 1653 2058 1693 co-

2161 557 2515 613 συνουσίωται
2541 577 2553 589 ·
2603 558 2737 630 θριξὶ
2790 557 2887 627 τὴν
2946 557 3189 633 κεφαλὴν
3227 563 3441 631 κομῶν,
3472 563 3560 614 καὶ
3601 568 3799 637 χιτῶσι

2157 649 2220 704 τὸ
2247 647 2378 704 ὅλον
2409 653 2569 723 σῶμα
2601 649 2970 722 σκεπόμενος;
3001 649 3066 705 Εἰ
3117 647 3172 704 δὲ
3225 649 3277 704 ἐν
3335 650 3548 714 τούτοις
3595 654 3788 727 ὁμολο-

2159 739 2437 814 γουμένως
2475 736 2673 806 ὦπται,
2713 739 2786 792 ὢν
2837 741 2872 807 ἡ
2925 735 3190 812 ἅθροισις,
3238 737 3523 815 ἄνθρωπος
3574 742 3801 814 ἀληθὴς,

2161 826 2250 882 καὶ
2304 828 2364 882 οὗ
2419 830 2452 896 ἡ
2503 829 2638 882 κατά
2683 829 2774 883 τὸν
2817 829 3127 902 σωματικὸν
3181 838 3501 906 χαρακτῆρα
3556 833 3798 902 ἐξεικόνι-

2166 938 2272 986 σις,
2329 917 2524 996 γραφὶς
2582 914 2861 990 ἀψευδής·
2921 918 3012 972 καὶ
3071 921 3138 988 ἧς
3198 917 3320 974 ἄνευ
3375 918 3500 975 οὐδὲ
3555 929 3798 991 συστῆναι

2162 1011 2266 1061 πᾶν
2327 1011 2486 1079 σῶμα
2541 1006 2790 1061 σύνθετον
2864 1006 2980 1062 οἷόν
3035 1028 3133 1062 τε·
3190 1006 3340 1083 εἷ’περ
3423 1008 3477 1064 ἐν
3550 1010 3660 1086 ἀφῇ
3711 1011 3797 1064 καὶ

2163 1102 2331 1173 χροιᾷ
2387 1097 2449 1151 τὸ
2498 1101 2747 1152 τοιοῦτον
2773 1116 2786 1129 '
2821 1099 2904 1161 τίς
2933 1099 2966 1166 ἡ
3001 1096 3130 1173 ἄγαν
3185 1097 3467 1174 τυφλότης
3521 1099 3609 1154 καὶ
3650 1099 3798 1162 ἄθεος

2166 1184 2296 1261 ἔρις,
2347 1187 2438 1240 τὸν
2495 1188 2631 1258 ἡμῖν
2693 1187 2984 1258 ὁμοούσιον
3043 1186 3132 1240 καὶ
3190 1187 3390 1259 ὅμοιον
3442 1189 3577 1243 κατὰ
3633 1189 3798 1244 πάντα

2163 1275 2457 1352 πεφηνότα,
2510 1274 2785 1351 ἅγραπτον
2848 1277 3078 1351 Χριστὸν
3145 1275 3363 1353 λέγειν;
3417 1282 3539 1339 Πῶς
3598 1275 3655 1333 δὲ
3718 1278 3802 1332 καὶ

2163 1369 2266 1419 τοῦ
2296 1368 2544 1439 γραπτοῦ
2595 1364 2921 1439 οῗχομένου,
2954 1365 3016 1420 οὗ
3062 1367 3449 1440 συνοιχνςσεται
3490 1368 3694 1421 ἅπαντα
3737 1368 3798 1420 τὰ

2167 1455 2434 1527 σύστοιχα
2487 1450 2759 1526 ἰδιώματα
2786 1474 2799 1522 ;
2830 1455 2892 1509 Ἡ
2941 1453 3043 1531 γὰρ
3094 1452 3326 1524 ἰδιότης,
3361 1457 3524 1527 φησὶν
3557 1458 3585 1510 6
3617 1455 3805 1512 Θεολό-

2164 1565 2285 1619 γος,
2338 1544 2620 1613 ἀκίνητος,
2660 1543 2695 1613 ἤ
2744 1545 2862 1607 πῶς
2913 1545 3064 1617 μένοι
3115 1541 3325 1616 ἰδιότης
3370 1548 3666 1621 κινουμένη
3718 1547 3803 1601 καὶ

2170 1633 2619 1708 μεταπίπτουσα;
2654 1633 2874 1690 Εἰπάτω
2900 1634 2927 1687 6
2958 1633 3346 1707 ἀντικείμενος.

405 1735 614 1803 gnatas
644 1747 850 1787 omnes
898 1729 1317 1803 proprietatis?
1346 1731 1444 1786 Est
1493 1730 1650 1786 enim
1689 1727 2078 1784 immutabilis
2128 1726 2440 1799 propietas,
2474 1727 2553 1782 ait
2609 1726 2932 1798 Theologus
2962 1744 2978 1796 ;
3012 1731 3112 1783 aut
3160 1727 3451 1799 quomodo
3508 1733 3814 1800 permanet

407 1825 632 1877 mutata
661 1835 1127 1891 evanescensque
1159 1819 1523 1891 proprietas?
1555 1820 1919 1890 Respondeat
1948 1816 2336 1874 adversarius.

823 1909 1072 1966 XXXIV.
1102 1941 1169 1951 -
1200 1911 1491 1966 Naucratio
1521 1910 1664 1980 ﬁlio.

2435 1906 2562 1960 ΛΔ’.
2603 1905 2760 1978 [ΤΕ’.]
2793 1937 2860 1948 -—
2889 1904 3286 1981 Ναυκρατίῳ
3323 1904 3549 1978 τέκνῳ.

528 2009 748 2059 Carcere
777 2007 1048 2058 inclusum
1078 2009 1390 2058 cohortatur
1417 2022 1431 2058 :
1464 2012 1599 2064 tum,
1629 2020 1748 2070 quae
1779 2010 1831 2056 et
1851 2006 1964 2069 ipse
1995 2005 2050 2055 in
2080 2018 2177 2055 suo
2203 2017 2412 2054 carcere
2445 2007 2738 2066 pateretur,
2762 2005 3003 2066 exponit.
3042 2004 3254 2066 (Baron,
3295 2018 3382 2053 an.
3415 2003 3510 2053 816
3539 2017 3594 2052 n.
3625 2003 3706 2064 8.)

485 2091 635 2156 Quid
671 2091 995 2162 jucundius
1043 2089 1241 2146 audire
1297 2106 1402 2162 ego
1444 2098 1710 2160 peccator
1770 2092 2051 2160 poteram,

2232 2083 2293 2138 Τί
2349 2083 2545 2137 τούτου
2593 2082 2966 2158 χαριέστερον,
2998 2087 3096 2138 τοῦ
3139 2083 3364 2138 ἀκοῦσαί
3406 2105 3473 2156 με
3502 2082 3597 2137 τόν
3629 2085 3799 2157 ὁιμοιρ⁴

415 2195 590 2250 quam
618 2183 674 2234 te
706 2177 981 2233 dilectum
1006 2176 1193 2232 filium
1229 2192 1446 2245 meum,
1471 2193 1599 2232 cum
1657 2174 1784 2232 aliis
1831 2179 2053 2248 septem

410 2267 692 2324 fratribus
724 2268 862 2333 tuis,
892 2283 1121 2338 quorum
1150 2268 1395 2322 momina
1419 2270 1547 2321 sunt
1576 2269 1634 2320 in
1667 2267 1805 2322 libro
1835 2267 1962 2321 vitae
1991 2267 2056 2323 ".

417 2373 522 2428 pro
538 2357 765 2412 Christo
784 2358 1004 2427 optimo
1031 2358 1139 2412 Deo
1155 2363 1350 2412 nostro
1371 2356 1567 2427 ﬂagris
1589 2373 1826 2411 causam
1851 2356 2060 2411 fuisse?

416 2447 567 2502 Laus
590 2445 641 2502 ei
676 2447 775 2518 qui
807 2462 905 2501 vos
935 2447 1157 2502 vocavit
1186 2448 1254 2502 ad
1315 2445 1748 2502 confessionem
1799 2446 2060 2502 veritatis

419 2553 546 2592 suae
579 2552 594 2590 :
636 2537 767 2591 laus
788 2537 840 2592 ei
873 2537 973 2608 qni
1013 2536 1381 2592 honorandas
1419 2537 1648 2591 animas
1685 2545 1904 2592 vestras
1935 2553 2059 2591 cor-

421 2625 731 2693 roboravit,
765 2635 827 2681 ut
856 2631 989 2682 ante
1019 2626 1164 2682 alios
1194 2624 1782 2698 certamengsubirent
1813 2642 1826 2681 :
1863 2632 1925 2681 ut
1947 2643 2062 2682 non

419 2714 884 2784 reformidarent,
908 2731 1011 2771 nec
1041 2717 1373 2786 refugerent
1417 2734 1451 2770 a
1506 2720 1820 2786 conspectu
1871 2715 2063 2787 impii.

424 2804 525 2860 sed
585 2803 890 2876 pulchram
940 2805 1364 2860 confessionem
1418 2810 1669 2860 vestram
1729 2803 1976 2871 obirent,
2008 2809 2067 2860 et

425 2901 663 2966 propter
691 2910 818 2949 eam
850 2896 1088 2950 dorsum
1109 2895 1444 2950 verberibus
1473 2911 1606 2949 cum
1658 2893 1887 2950 Christo
1920 2911 2064 2964 prte-

423 2983 648 3039 berent.
707 2982 824 3039 Vos
889 2983 1104 3040 chorus
1162 2983 1313 3040 alius
1371 2983 1752 3039 confessionis
1799 2983 2064 3038 Ecclesiae

428 3071 534 3127 Dei
565 3073 776 3143 adjecti
806 3073 1107 3132 estis:vos
1161 3073 1540 3128 fraternitatis
1571 3073 1629 3128 in
1671 3072 1902 3129 Christo
1951 3072 2068 3144 glo-

427 3161 574 3217 riam
605 3162 1038 3218 auxistis.Beati
1060 3163 1319 3230 omnino,
1336 3162 1751 3234 dilectimei,et
1777 3166 1866 3217 ter
1883 3163 2066 3219 beati:

423 3250 566 3320 quin
603 3253 661 3305 et
684 3249 835 3305 beati
866 3255 1094 3306 ventres
1126 3249 1226 3322 qui
1258 3250 1316 3305 in
1358 3252 1544 3306 lucem
1587 3267 1689 3306 vos
1736 3250 2066 3306 ediderunt.

425 3339 587 3404 Quod
624 3339 675 3394 si
700 3340 771 3395 de
801 3356 894 3395 me
927 3340 1148 3411 aliquid
1179 3341 1353 3396 etiam
1385 3341 1696 3397 dicendum
1721 3345 1840 3396 est:
1868 3341 2070 3397 beatus

2167 2171 2371 2244 τωλὸν,
2403 2172 2590 2247 ὅτιπερ
2620 2172 2682 2227 σὺ
2714 2174 2742 2226 6
2785 2171 3066 2249 ἀγαπητός
3120 2194 3223 2246 μου
3266 2173 3402 2242 υἱὸς,
3439 2174 3559 2245 μεθ’
3613 2171 3798 2246 ἐτέρων

2167 2260 2302 2316 ἔπτᾶ
2360 2259 2608 2340 ἀδελφῶν
2669 2283 2786 2330 σου,
2837 2263 2918 2317 ὧν
2981 2261 3056 2316 τὰ
3114 2261 3412 2334 ὀνόματα
3470 2259 3532 2316 ἔν
3597 2256 3802 2337 βίϐλῳ

2170 2356 2340 2421 ζωῆς,
2372 2351 2741 2428 ἐμαστίχθητε
2789 2353 2917 2425 ὑπὲρ
2967 2356 3201 2426 Χριστοῦ
3250 2357 3345 2406 τοῦ
3393 2351 3602 2426 ἀγαθοῦ
3651 2354 3805 2424 ἡμῶν

2169 2445 2302 2496 Θεοῦ
2332 2462 2346 2512 ;
2379 2443 2512 2513 Δόξα
2542 2446 2622 2514 τῷ
2651 2441 2935 2498 καλέσαντι
2970 2442 3109 2514 ὑμᾶς
3146 2442 3222 2503 εἰς
3252 2443 3351 2511 τὴν
3381 2439 3691 2518 ὁμολογίαν
3716 2447 3806 2510 τῆς

2171 2529 2432 2599 ἀληθείας
2473 2531 2678 2586 αὐτοῦ·
2726 2528 2852 2602 δόξα
2915 2535 2994 2603 τῷ
3044 2533 3436 2606 σταθερωσαντι
3486 2530 3584 2592 τὰς
3628 2531 3808 2602 τιμίας

2175 2620 2326 2692 ὑμῶν
2381 2621 2560 2694 ψυχὰς
2615 2624 2722 2674 τῶν
2772 2620 2960 2675 ἄλλων
3013 2619 3455 2695 προκινδυνεῦσαι
3506 2620 3586 2682 εἰς
3636 2621 3698 2675 τὸ
3741 2620 3810 2691 μή

2173 2710 2392 2782 πτῆξαι,
2431 2707 2570 2783 μηδὲ
2617 2711 2980 2786 ὕποχωρῆσαι
3031 2711 3135 2765 ἀπὸ
3188 2711 3484 2785 προσώπου
3534 2713 3634 2764 τοῦ
3683 2707 3814 2763 ἀλά-

2176 2820 2410 2874 στορος’
2448 2799 2594 2856 ἀλλὰ
2647 2802 2746 2870 τὴν
2805 2799 2981 2869 καλήν
3043 2802 3195 2873 ὑμῶν
3251 2798 3557 2874 ὁμολογίαν
3609 2796 3809 2870 ὁμολο-

2173 2898 2359 2965 γῆσαι,
2406 2892 2494 2946 καὶ
2541 2888 2630 2946 διὰ
2671 2892 2868 2962 ταύτην
2920 2893 3012 2945 σὺν
3063 2892 3283 2965 Χριστῷ
3328 2887 3513 2944 δοῦναι
3573 2888 3672 2945 τδν
3717 2891 3817 2941 νῶο

2175 3000 2269 3034 τον
2319 2977 2393 3041 εἷς
2447 2978 2730 3054 μάστιγας.
2769 2978 3136 3054 Προσετέθητε
3173 2979 3343 3054 χορὸς
3393 2975 3570 3040 ἄλλος
3617 2975 3815 3051 ὁμολο·

2176 3067 2299 3144 γίας
2353 3073 2425 3143 τῇ
2479 3070 2779 3141 Ἐκκλησία
2833 3073 2928 3125 τοῦ
2985 3073 3139 3124 Θεοῦ.
3203 3067 3481 3138 Ηύξήσατε
3539 3067 3605 3122 τὸ
3661 3064 3811 3126 κλέος

2178 3165 2278 3227 τῆς
2331 3157 2382 3212 ἐν
2433 3160 2651 3232 Χριστῷ
2705 3157 3098 3236 ἆδελφότητος.
3152 3159 3423 3233 Μακάριοι
3474 3155 3672 3221 ὄντως,
3722 3175 3814 3211 πο-

2180 3249 2338 3319 θητοί
2381 3269 2506 3318 μου,
2556 3248 2646 3303 καὶ
2694 3249 3099 3323 τρισμακάριοι,
3153 3245 3410 3322 μακάριαι
3463 3246 3557 3300 καὶ
3614 3246 3668 3300 αἱ
3720 3264 3818 3299 κοι-

2181 3336 2318 3408 λίαι,
2350 3339 2406 3392 αἳ
2463 3338 2537 3401 εἷς
2597 3341 2710 3416 φῶς
2762 3339 2900 3411 ὑμᾶς
2957 3334 3184 3413 ἤγαγον.
3220 3335 3281 3393 Εἰ
3345 3333 3400 3390 δέ
3447 3356 3500 3390 τι
3549 3335 3644 3390 καὶ
3703 3331 3819 3409 περὶ

424 3443 527 3497 ego
566 3443 794 3498 quoque
842 3429 1044 3484 infelix
1103 3446 1167 3484 ao
1208 3431 1404 3499 miser,
1432 3431 1531 3502 qui
1560 3434 1860 3486 tantorum
1893 3431 2067 3486 audio

2182 3426 2357 3500 ἐμοῦο
2403 3427 2666 3504 μακάριος
2723 3427 2877 3502 κάγὼ
2935 3428 2962 3481 6
3021 3425 3388 3501 ἂμακάριστος
3445 3425 3538 3478 καὶ
3599 3421 3816 3482 ἅθλιος⁶

425 3519 589 3587 pater
620 3516 894 3587 filiorum,
925 3517 1026 3574 Dei
1075 3517 1329 3575 ﬁliorum
1389 3524 1446 3575 et
1493 3519 1790 3576 barredum
1834 3519 2067 3575 Christi.

428 3607 726 3672 Quodnam
752 3608 863 3665 hoc
887 3609 1430 3681 gaudium?Annon
1452 3613 1612 3667 omni
1643 3612 1856 3680 gaudio
1885 3611 2074 3669 delec-

431 3695 722 3752 tabilius?
780 3699 1056 3764 Quaenam
1102 3699 1288 3770 gloria
1343 3699 1506 3756 haec?
1561 3703 1767 3757 Annon
1808 3702 2075 3757 diadema

433 3789 791 3858 gestantium
821 3789 1005 3860 gloria
1035 3791 1378 3859 mirabilior,
1412 3792 1558 3848 ferre
1599 3791 1872 3862 stigmata
1910 3791 2074 3848 Chri-

435 3877 512 3932 sti
543 3893 559 3932 :
591 3877 852 3936 vivificas
871 3880 1001 3951 ejus
1031 3881 1354 3953 passiones,
1388 3897 1493 3937 ceu
1525 3881 1810 3938 coronas?

506 4061 601 4117 Sic
634 4060 814 4132 igitur
842 4071 1031 4119 vestra
1062 4078 1122 4119 se
1147 4063 1384 4133 habent,
1417 4079 1546 4135 quae
1595 4068 1654 4120 et
1704 4064 1909 4123 coelum
1946 4065 2076 4122 lau-

425 4155 602 4219 davit,
635 4161 693 4208 et
734 4157 892 4208 terra
949 4153 1190 4209 audivit.
1255 4153 1468 4210 Nostra
1523 4170 1655 4209 vero
1688 4157 1910 4212 nullius
1941 4162 2078 4212 sunt

430 4245 804 4313 momenti,et
822 4243 991 4316 plena
1021 4244 1297 4316 peccatis,
1332 4245 1532 4315 qualia
1563 4245 1844 4302 nimirum
1872 4247 2079 4304 Adria-

429 4353 536 4391 nus
594 4336 767 4390 frater
817 4334 1104 4389 nuntiavit
1135 4350 1147 4388 :
1185 4334 1424 4390 omnino
1457 4337 1613 4390 enim
1647 4336 1841 4393 salvus
1872 4338 2077 4395 evasit.

432 4424 594 4491 Quod
625 4424 675 4479 si
707 4424 848 4494 quid
877 4423 1051 4494 adjici
1083 4430 1342 4493 oporteat
1378 4441 1392 4479 :
1434 4425 1555 4480 haec
1587 4443 1819 4497 quoque
1860 4426 2077 4482 indica-

430 4514 648 4569 bimus.
681 4513 820 4568 Post
869 4513 1307 4569 dilaniationem
1367 4514 1731 4571 incluserunt
1776 4533 1882 4572 nos
1909 4517 2080 4573 ambo

432 4595 490 4651 in
523 4595 759 4652 sublimi
790 4595 933 4663 loco,
962 4599 1204 4666 januam
1243 4597 1608 4654 obstruentes
1637 4615 1651 4654 :
1686 4607 1758 4665 et,
1793 4600 1965 4654 scalis
1999 4617 2082 4655 re-

438 4687 634 4752 motis,
668 4685 847 4740 additi
879 4690 1017 4740 sunt
1048 4686 1505 4759 circumquaque
1536 4691 1820 4756 custodes,
1845 4704 1917 4744 ne
1949 4689 2080 4760 quis

439 4777 710 4847 proprius
739 4775 994 4843 accedat,
1021 4778 1428 4849 contingatque
1451 4779 1995 4842 domicilium.Quin
2028 4787 2084 4833 et

433 4870 691 4919 castrum
725 4865 1116 4936 ingredientes
1149 4848 1413 4938 singulos
1453 4867 1602 4924 obvii
1653 4871 1925 4923 custodes
1973 4869 2080 4922 ob-
2111 4848 2155 4912 Ῑ)

435 4959 686 5023 servant,
721 4970 825 5009 nec
859 4954 970 5010 alio
1004 4955 1285 5012 divertere
1333 4957 1533 5011 sinunt
1591 4973 1768 5027 quam
1821 4958 1890 5011 ad
1947 4973 2079 5025 pro-

438 5043 596 5113 prias
627 5045 851 5113 domos,
875 5045 1062 5112 quoad
1081 5043 1163 5099 illi
1196 5061 1430 5099 rursum
1465 5045 1861 5113 egrediantur.
1897 5045 2080 5098 luter-

437 5133 657 5187 dictum
718 5138 807 5188 est
863 5150 1077 5201 severe,
1112 5150 1184 5188 ne
1241 5133 1381 5203 quid
1434 5134 1603 5188 nobis
1665 5135 1838 5188 detur
1879 5138 2082 5203 praeter

437 5237 644 5290 aquam
679 5221 870 5277 solum
892 5227 947 5277 et
980 5222 1227 5292 lignum.
1258 5222 1342 5276 lta
1366 5238 1470 5276 nos
1507 5220 1674 5289 plane
1720 5231 1997 5292 tanquam
2022 5222 2081 5276 in

438 5309 699 5380 sepulcro
757 5311 1046 5378 locarunt,
1081 5316 1144 5365 ut
1191 5315 1433 5365 enecent
1486 5327 1610 5364 nos.
1667 5309 1818 5365 Deus
1886 5313 2079 5366 autem

438 5399 816 5470 benignitatis
867 5416 984 5455 suae
1022 5399 1442 5465 misericordia,
1475 5415 1577 5470 per
1627 5413 1692 5455 ea
1721 5415 1843 5470 qua
1874 5398 2086 5454 intuli-

439 5501 572 5543 mus
603 5489 950 5554 necessaria,
975 5492 1032 5545 et
1061 5487 1215 5558 quod
1249 5486 1489 5558 insuper
1526 5487 1597 5543 ab
1639 5502 1707 5544 eo
1747 5488 1845 5558 qui
1885 5488 2086 5544 admo-

509 5667 558 5705 ‘9
585 5668 836 5744 Philipp.
877 5678 951 5742 tv,
983 5670 1039 5730 3.

2182 3517 2266 3572 ὅτι
2316 3515 2660 3587 τηλικούτων
2719 3516 2923 3585 ἀκούω,
2957 3515 3142 3588 Πατὴρ
3201 3513 3428 3581 τέκνων,
3479 3517 3618 3567 Θεοῦ
3676 3513 3818 3579 υἱῶν,

2179 3608 2270 3662 καὶ
2314 3605 2683 3682 κληρονόμων
2751 3609 3005 3680 Χριστοῦ.
3055 3603 3151 3666 Τίς
3199 3606 3233 3672 ἡ
3286 3603 3431 3678 χαρὰ
3473 3601 3651 3672 αὕτη;
3702 3599 3820 3655 ἄλλ’

2183 3695 2310 3772 οὒχί
2355 3698 2531 3767 πάσης
2585 3701 2759 3771 χαρᾶς
2809 3693 3217 3768 θυμηρεστέρας
3254 3692 3344 3756 Τίς
3391 3694 3426 3762 ἡ
3486 3689 3619 3762 δοξα
3650 3689 3817 3758 αῦτης

2180 3784 2310 3841 ἀλλ’
2341 3783 2471 3860 οὐχὶ
2521 3789 2627 3840 τῶν
2672 3785 2738 3839 τὰ
2786 3781 3098 3857 διαδήματα
3147 3784 3457 3860 φορούντων
3501 3783 3818 3854 θαυμασιω-

2182 3876 2330 3950 τέρα,
2392 3875 2656 3952 στίγματα
2713 3875 2891 3952 φέρειν
2962 3877 3063 3928 τοῦ
3138 3874 3398 3947 Χριστοῦ,
3455 3870 3525 3926 τὰ
3586 3867 3816 3940 ζωοποιᾶ

2182 3963 2349 4022 αὺτοῦ
2379 3965 2549 4035 πάθη,
2583 3965 2659 4029 ὡς
2690 3965 2856 4043 στέφη
2881 3982 2896 4033 ;

2255 4056 2438 4119 Οὕτως
2499 4057 2592 4129 μὲν
2656 4054 2744 4110 οῦν
2805 4055 2900 4117 τὰς
2955 4054 3073 4109 καθ’
3125 4053 3263 4127 ὑμᾶς
3295 4071 3310 4086 ο
3365 4052 3398 4107 ἃ
3445 4052 3538 4106 καὶ
3600 4047 3816 4126 ούρανός

2183 4141 2360 4221 ᾔνεσε,
2418 4145 2508 4201 καὶ
2567 4152 2636 4223 γῆ
2695 4145 3019 4216 ἠκουτίσθη.
3069 4145 3145 4198 Ti
3211 4141 3268 4198 δὲ
3335 4143 3579 4215 ἡμέτερα
3649 4135 3816 4213 μηδα-

2187 4238 2314 4309 μινᾶ
2341 4236 2430 4290 καὶ
2462 4232 2764 4309 ἁμαρτωλά
2787 4251 2801 4266 ⁸
2833 4231 2980 4304 πλὴν
3041 4233 3114 4294 ὡς
3164 4229 3498 4307 ἀπήγγειλεν
3530 4231 3559 4285 6
3593 4226 3817 4304 ἀδελφὸς

2187 4323 2466 4400 Ἀδριανός
2494 4343 2506 4357 ·
2540 4325 2752 4386 πάντως
2799 4324 2904 4398 γὰρ
2962 4323 3358 4377 ἀποσέσωσται.
3395 4319 3455 4375 Εἰ
3516 4317 3575 4374 δέ
3619 4338 3673 4372 τι
3717 4313 3816 4370 δέοι

2187 4417 2275 4470 καὶ
2333 4417 2671 4489 προσθεῖναι,
2728 4417 2895 4469 ταῦτα
2947 4413 3036 4467 καὶ
3095 4409 3446 4484 δηλώσομεν.
3501 4407 3654 4463 Μετὰ
3731 4403 3814 4459 τὸν

2189 4501 2395 4578 δαρμὸν
2447 4502 2690 4558 ἔκλεισαν
2733 4505 2880 4575 ἡμᾶς
2927 4501 3055 4565 τοὺς
3111 4497 3206 4555 δύο
3266 4499 3341 4561 εἷς
3390 4497 3670 4572 ἀνώγεων,
3703 4494 3819 4548 ἀνα·

2189 4595 2474 4668 φράξαντες
2529 4595 2628 4661 τῆν
2688 4593 2874 4666 θύραν,
2924 4591 3015 4646 καὶ
3070 4589 3293 4665 ἄραντες
3364 4589 3462 4657 τὴν
3543 4585 3819 4657 κλίμακα’

2187 4681 2451 4739 κυκλόθεν
2511 4681 2783 4759 φύλακες·
2818 4683 2894 4755 μή
2954 4679 3033 4742 τίς
3091 4699 3197 4733 που
3254 4678 3405 4752 θίγῃ,
3441 4671 3583 4748 μηδὲ
3623 4672 3816 4746 ἅψηται

2716 4769 2862 4827 ἀλλὰ
2927 4770 3018 4824 καὶ
3065 4768 3237 4823 πάντα
3292 4767 3382 4820 τὸν
3440 4762 3816 4838 εἲσερχόμενον

2187 4863 2262 4925 εἷς
2319 4863 2380 4918 τὸ
2447 4862 2700 4937 κάστρον,
2771 4863 3216 4934 προϋπαντῶντες
3282 4857 3334 4910 οἱ
3413 4855 3672 4932 φύλακες,
3730 4847 3819 4902 υῦκ

2187 4779 2284 4829 τοῦ
2324 4771 2602 4846 δωματίου
2642 4789 2656 4802 ·

2188 4951 2314 5006 ἐῶσί
2369 4973 2474 5006 που
2523 4957 2791 5026 τραπῆναι
2841 4951 3006 5023 πάρεξ
3053 4951 3149 5002 τοῦ
3197 4942 3333 4999 ἰδίου
3392 4942 3566 5013 οἳκου,
3605 4937 3709 5003 ἕως
3763 4934 3814 4991 ἂν

2188 5040 2339 5103 αὖθις
2396 5044 2459 5114 [f.
2521 5039 2690 5114 αὖτις]
2749 5038 2977 5110 ἐξέλθοι.
3039 5032 3387 5110 Παραγγελία
3435 5031 3686 5106 κραταιὰ,
3744 5026 3815 5099 μή

2189 5129 2508 5198 ἐπιδοθῆναι
2538 5132 2672 5202 ἡμῖν
2721 5150 2774 5184 τι
2823 5126 2987 5203 πάρεξ
3040 5122 3233 5185 ὕδατος
3290 5124 3460 5196 μόνου
3510 5118 3599 5174 καὶ
3642 5117 3815 5188 ξύλου.

2189 5219 2377 5280 Οὕτως
2432 5219 2623 5282 ἁπλῶς
2669 5219 2884 5292 θέμενοι
2943 5219 3017 5279 ὡς
3077 5216 3128 5272 ἐν
3182 5215 3360 5292 τάφῳ,
3423 5211 3512 5267 καὶ
3567 5209 3706 5283 πρὸς
3759 5205 3815 5292 τὸ

2189 5313 2397 5362 κτεῖναι
2463 5311 2632 5382 ἡμᾶς.
2667 5290 2742 5361 Ὀ-
2781 5305 2838 5362 δὲ
2893 5311 3022 5367 Θεὸς
3072 5301 3210 5358 ἐλέει
3261 5290 3677 5382 ξριλανθρωπίας
3733 5290 3819 5382 αὐέ-

2191 5401 2286 5451 τοῦ
2309 5415 2322 5430 °
2359 5394 2428 5450 δι’
2459 5399 2532 5452 ὧν
2579 5398 3073 5474 προεισηνέγκαμεν
3118 5395 3320 5471 χρειῶν
3352 5411 3364 5422 ·
3398 5388 3488 5444 καὶ
3537 5382 3614 5440 ἔτι
3664 5381 3734 5438 δι’
3761 5381 3816 5435 οὗ

2192 5483 2498 5544 ἐπιδέδοται
2542 5490 2676 5562 ἡμῖν
2719 5489 2782 5545 τὸ
2829 5485 3165 5564 προσταχθὲν
3208 5478 3278 5536 δι’
3307 5479 3468 5555 ίόπῆς
3515 5481 3614 5545 τῆς
3673 5474 3817 5548 θυρι·
