4062 6280
300 406 331 464 1
342 405 457 464 209

1577 398 2129 462 EPISTOLARUM
2178 399 2323 459 LIB.
2372 400 2447 461 Il.

3547 409 3703 469 1210

298 530 411 602 δος,
445 533 527 587 ἐπὶ
582 528 854 605 κλίμακος
886 528 1130 590 ἀνιόντος
1177 529 1313 583 κατὰ
1353 529 1453 597 τὴν
1505 526 1645 603 ὥραν
1696 530 1938 600 ἑστώσης

2051 531 2127 587 tis
2157 536 2308 587 stata
2338 532 2477 588 hora
2524 532 2697 589 scalis
2743 534 2913 604 redit,
2937 535 3107 591 nobis
3151 536 3425 594 tribuitur
3457 541 3707 612 impera-

296 618 594 697 διατρέφει.
627 621 699 676 Οὐ
748 619 1040 693 τολμῶμεν
1091 620 1255 696 φῆσαι
1289 616 1460 672 ἐκεῖνο
1509 618 1539 672 ὅ
1570 640 1701 695 φησι
1732 616 1933 688 Δανιὴλ

299 709 589 784 δεξάμενος
619 712 764 785 παρά
793 714 891 765 τοῦ
921 709 1284 784 Ἀὄμρακοὺμ
1310 709 1371 763 τὸ
1405 706 1621 784 ἄριστον
1656 726 1669 739 ·
1706 710 1762 764 Ἐ
1778 731 1855 781 μν
1870 711 1935 779 ή-

297 801 420 870 σθη
453 802 578 875 γάρ
614 822 738 872 μου
770 800 798 854 ὁ
830 800 1004 860 Θεός.
1039 798 1192 869 Πλὴν
1237 797 1318 851 ὅτι
1360 797 1604 871 ἐμνήσθη
1650 797 1741 852 καὶ
1773 800 1933 870 ἡμῶν

292 893 402 943 τῶν
452 889 797 962 ἁμαρτωλῶν
830 909 840 920 ·
894 889 983 944 καὶ
1024 888 1185 957 ἐλεεῖ,
1235 889 1322 942 καὶ
1376 888 1640 963 περιέπει,
1671 887 1761 942 καὶ
1811 888 1938 942 σκὲ-

291 998 405 1033 πει.
458 981 602 1040 Ἕως
650 979 709 1033 ἃν
765 976 853 1033 οὖν
904 980 1155 1054 πάρεστιν
1199 980 1348 1050 ἡμᾶς
1389 977 1675 1056 τρέφεσθαι
1723 975 1782 1031 ἐκ
1828 981 1934 1031 τῶν

294 1065 445 1122 ἔνδον
479 1087 491 1100 ·
548 1069 583 1137 ἦ
637 1066 784 1129 ὅπως
839 1069 971 1123 ποτε
1018 1069 1133 1129 ἐνὸς
1189 1070 1297 1122 τῶν
1354 1066 1665 1143 πορταρίων
1726 1065 1938 1121 οἴκοθεν

296 1157 469 1232 λάτρα
520 1155 860 1219 ἐπιδιδόντος
907 1162 1003 1213 τοῦ
1059 1158 1149 1213 καὶ
1208 1152 1648 1233 ἐϐδρομαρησίου
1680 1174 1694 1188 ⁸
1753 1157 1936 1233 τρέφει

293 1249 465 1320 ἡμᾶς,
520 1247 610 1301 καὶ
690 1245 982 1320 δοξάζομεν
1041 1249 1131 1303 τὸν
1206 1248 1357 1304 Θεόν.
1422 1245 1819 1302 Ἐπιλιπόντων
1882 1243 1937 1301 δέ

293 1340 404 1392 τῶν
452 1341 680 1411 χρειῶν,
731 1335 1018 1410 οἰκονομία
1075 1340 1228 1406 Θεοῦ,
1286 1334 1785 1412 συγκαταλείψομεν
1846 1335 1935 1390 καὶ

293 1427 459 1498 ἡμεῖς
490 1428 589 1495 τὴν
619 1426 788 1496 ζωὴν,
820 1427 910 1481 καὶ
960 1424 1010 1481 ἐν
1042 1428 1221 1498 τούτῳ
1266 1425 1538 1502 χαίρομεν
1574 1444 1586 1457 ⁸
1638 1426 1727 1481 καὶ
1773 1428 1935 1481 τοῦτο

291 1518 395 1581 τῆς
428 1512 848 1591 μεγαλοδωρεᾶς
879 1521 981 1571 τοῦ
1010 1520 1166 1577 Θεοῦ.

366 1695 469 1752 Καὶ
499 1696 579 1757 τίς
628 1697 740 1769 εἰμι
790 1694 896 1773 ἐγὼ
946 1698 973 1752 ὁ
1022 1696 1213 1768 τάλας,
1262 1698 1500 1770 τοιούτῳ
1544 1699 1733 1772 τρόπῳ
1774 1716 1937 1752 κατα-

2045 627 2170 675 tum
2222 637 2325 692 per
2361 621 2620 677 foramen
2640 623 2852 691 ostioli,
2888 640 2992 679 nos
3014 631 3324 683 sustentat.
3362 627 3566 686 Dicere
3588 647 3705 687 non

2044 710 2327 765 audemus
2375 713 2529 782 quod
2586 711 2787 768 Daniel
2836 712 3002 781 dixit,
3066 731 3196 770 cum
3259 718 3571 787 prandium
3626 721 3699 775 ab

2046 798 2312 856 Habacuc
2375 802 2751 873 accepisset:
2801 803 3137 860 Recordatus
3211 807 3366 861 enim
3442 815 3521 864 est
3595 812 3703 865 mei

2044 889 2183 943 Deus
2201 890 2263 942 ⁸ο.
2290 893 2705 946 Verumtamen
2730 893 3067 948 recordatus
3096 898 3184 950 est
3201 896 3383 951 nostri
3417 898 3520 968 qui
3564 914 3698 970 pec-

2044 983 2268 1034 catores
2299 996 2527 1046 sumus,
2560 985 2616 1035 et
2657 980 2983 1043 miseretur,
3029 988 3084 1039 et
3134 984 3299 1055 regit,
3331 990 3387 1040 et
3420 988 3698 1060 protegit.

2045 1067 2313 1131 Quandiu
2364 1069 2540 1140 igitur
2598 1071 2855 1141 suppetit
2901 1073 3063 1129 intus
3096 1074 3252 1129 unde
3300 1074 3547 1142 alamur,
3599 1087 3702 1132 aut

2045 1172 2392 1227 quocunque
2423 1157 2594 1214 modo
2612 1159 2823 1230 aliquis
2841 1161 3212 1218 ostiariorum
3249 1163 3351 1235 qui
3382 1164 3696 1221 hebdoma-

2046 1245 2246 1300 darius
2282 1245 2379 1313 sit,
2428 1246 2578 1303 clam
2616 1248 2893 1320 elargitur
2931 1252 3103 1307 domo
3153 1251 3397 1307 allatum
3457 1253 3694 1322 cibum;

2045 1336 2149 1391 alit
2171 1354 2296 1398 nos,
2331 1342 2387 1393 et
2421 1339 2599 1395 Deum
2618 1340 3033 1410 gloriﬁcamus.
3068 1341 3482 1398 Deﬁcientibus
3504 1348 3697 1400 autem

2047 1428 2409 1497 necessariis,
2433 1428 2534 1484 Dei
2566 1429 2857 1500 permissu
2885 1429 3097 1499 ;vitam
3128 1448 3242 1486 una
3272 1448 3558 1503 ponemus
3581 1432 3694 1504 ipsi

2045 1524 2219 1589 atque
2249 1519 2307 1574 in
2361 1518 2469 1575 hoc
2499 1520 2836 1590 gaudemus,
2886 1519 3063 1591 idque
3093 1520 3288 1594 ipsum
3319 1527 3406 1578 est
3435 1521 3537 1579 Dei
3570 1539 3698 1578 mu-

2047 1607 2369 1664 niﬁcentia.

2121 1696 2188 1751 Et
2219 1698 2350 1769 quis
2404 1713 2509 1770 ego
2540 1715 2669 1755 sum
2729 1698 2927 1761 miser,
2979 1698 3082 1770 qui
3134 1714 3237 1769 pro
3291 1699 3421 1768 ejus
3463 1697 3699 1754 nomine

295 1784 524 1863 ληφθεὶς
557 1786 690 1861 ὑπὲρ
716 1791 815 1842 τοῦ
865 1788 1137 1861 ὀνόματος
1168 1787 1354 1857 αὐτοῦ,
1382 1788 1472 1842 καὶ
1518 1788 1652 1861 πρὸς
1683 1788 1744 1842 τὸ
1793 1788 1936 1858 ἑξῆς,

2051 1785 2108 1840 in
2132 1785 2287 1842 hunc
2319 1789 2555 1843 modum
2580 1788 2860 1857 detinear,
2886 1793 2951 1843 ut
2975 1787 3404 1844 abundantiore
3429 1791 3557 1859 post
3574 1787 3701 1859 glo-

294 1876 371 1937 ὡς
401 1874 634 1945 κελεύει,
678 1874 840 1949 δόξης
887 1878 1271 1953 περισσοτέρας
1319 1879 1412 1933 τὸν
1460 1878 1753 1952 ἀγέραστον
1802 1898 1935 1933 κατ-

292 1966 518 2037 αξιῶσαι
579 1964 671 2020 σὺν
750 1971 830 2039 τῷ
900 1964 1158 2045 ἀδελφῷ;
1219 1966 1524 2041 Παρακαλῶ
1602 1965 1692 2022 οὗν
1773 1967 1935 2039 ὑμᾶς,

292 2049 547 2129 ἀδελφοὶ,
626 2054 1054 2131 συναγωνίσασθέ
1114 2076 1209 2129 μοι
1288 2055 1337 2110 ἐν
1414 2062 1533 2118 ταῖς
1606 2062 1941 2131 προσευχαῖς

295 2141 451 2215 ὑμῶν
482 2142 619 2215 πρὸς
650 2144 740 2198 τὸν
788 2145 940 2213 Θεὸν,
970 2142 1056 2199 ’ίνα
1105 2146 1286 2219 ῥυσθῶ
1317 2145 1370 2200 ἐν
1416 2144 1572 2201 παντὶ
1615 2146 1803 2219 τρόπῳ
1852 2143 1940 2199 διὰ

291 2232 494 2294 παντὸς
545 2230 605 2287 ἐκ
645 2237 742 2287 τοῦ
787 2237 1038 2307 Πονηροῦ
1072 2254 1085 2267 ·
1129 2234 1220 2289 καὶ
1264 2232 1352 2289 ’ίνα
1396 2235 1423 2289 ὁ
1475 2234 1827 2308 ἐναρξάμενος
1885 2233 1937 2289 ἐν

292 2323 433 2393 ἡμῖν
474 2317 639 2397 ἔργον
691 2321 996 2399 ὁμολογίας
1043 2325 1209 2379 αὐτοῦ
1258 2321 1348 2378 διὰ
1398 2324 1693 2401 σπλάγχνα
1736 2324 1940 2400 οἰκτιρ-

300 2415 442 2484 μῶν,
476 2410 575 2467 οὐκ
621 2411 673 2483 ἐξ
720 2407 895 2490 ἔργων
932 2413 1037 2486 μού
1083 2434 1246 2469 τινων
1280 2433 1293 2446 ⁶
1345 2415 1406 2469 οὐ
1454 2414 1556 2490 γὰρ
1607 2414 1837 2485 ἐποίησά
1886 2436 1938 2470 τι

294 2499 495 2572 ἀγαθὸν
545 2502 633 2556 ἐπὶ
681 2509 782 2572 τῆς
826 2509 946 2577 γῆς,
1015 2502 1159 2559 ἀλλὰ
1218 2502 1527 2558 τούναντίον
1558 2547 1574 2561 .
1632 2502 1795 2566 αὕτὸς
1848 2504 1939 2559 καὶ

297 2587 654 2647 ἐπιτελὲσειεν
694 2588 747 2645 ἐν
792 2592 1145 2668 ἀμφοτέροις.
1176 2596 1348 2647 Τοῦτο
1393 2592 1482 2647 καὶ
1532 2595 1694 2666 ἡμεῖς
1745 2594 1799 2647 οἱ
1843 2613 1938 2648 τα-

298 2680 472 2734 πεινοὶ
503 2682 638 2755 πρὸς
668 2681 806 2754 ὑμᾶς
835 2681 961 2744 τοὺς
990 2682 1057 2737 τὰ
1087 2683 1223 2737 αὐτὰ
1253 2682 1564 2761 πάσχοντας
1610 2682 1672 2737 οὐ
1705 2680 1940 2756 διαλιμ-

299 2766 535 2843 πᾶνομεν
594 2771 856 2826 αἰτεῖσθαι
918 2771 1054 2843 μετά
1106 2769 1377 2847 δακρύων.
1436 2772 1511 2827 Ού
1592 2778 1755 2845 μόνον
1812 2771 1942 2837 τοὺς

302 2857 445 2913 ὀκτὼ
474 2861 572 2929 τήν
618 2857 853 2937 ἐκλογὴν
885 2865 983 2915 τοῦ
1032 2862 1233 2935 Κυρίου
1262 2881 1275 2895 ’
1324 2860 1474 2917 ἀλλὰ
1510 2861 1601 2916 καὶ
1647 2862 1742 2917 τὸν
1770 2856 1941 2915 ἀϐϐἆν

299 2946 528 3021 Πὲτρον,
556 2947 649 3003 καὶ
686 2950 778 3004 τὸν
828 2947 998 3006 καλὸν
1028 2952 1264 3022 Λητόϊον
1301 2970 1314 2984 ’
1362 2951 1453 3007 καὶ
1485 2948 1531 3006 ετί
1575 2971 1693 3006 τινα
1742 2949 1941 3021 ἄλλον,

296 3036 653 3112 ἀσπαζόμεθα
684 3037 738 3095 ἐν
770 3040 979 3117 Κυρίῳ.

570 3128 692 3186 AE'.
734 3162 801 3174 —-
843 3129 1205 3207 Ἐπιφανίῳ
1243 3130 1469 3203 τέκνῳ.
1513 3134 1661 3206 [τς’].

2048 1876 2151 1943 ria,
2194 1876 2344 1932 sicut
2367 1878 2561 1948 jubet,
2590 1876 3007 1933 inhonoratum
3039 1894 3174 1933 cum
3212 1878 3387 1933 fratre
3418 1892 3699 1933 remune-

2048 1963 2182 2020 ret?
2220 1965 2467 2023 Obsecro
2499 1983 2634 2040 ergo
2674 1983 2797 2033 vos,
2830 1967 3283 2037 fratres,juvate
3305 1982 3398 2022 me
3425 1966 3699 2039 precibus

2047 2055 2255 2111 vestris
2276 2057 2347 2111 ad
2371 2055 2577 2117 Deum.
2602 2062 2669 2112 ut
2689 2072 2970 2128 sempera
2992 2057 3146 2112 malo
3176 2055 3392 2112 liberer
3421 2055 3699 2111 omnibus

2050 2145 2276 2201 modis:
2310 2147 2476 2217 etqui
2497 2146 2883 2202 confessionis
2907 2163 3027 2202 suae
3053 2162 3199 2217 opus
3217 2147 3277 2201 in
3299 2146 3467 2201 nobis
3494 2145 3691 2217 ccepit,

2049 2249 2148 2305 per
2176 2234 2399 2291 viscera
2429 2236 2836 2292 misericordias
2859 2253 2999 2304 sua,
3026 2252 3145 2291 non
3169 2252 3239 2292 ex
3258 2235 3539 2307 operibus
3557 2234 3700 2289 meis

2051 2322 2223 2392 ullis;
2258 2339 2447 2396 neque
2476 2326 2632 2381 enim
2666 2326 2882 2382 bonum
2906 2324 3144 2397 aliquod
3181 2326 3237 2379 in
3270 2330 3427 2380 terra
3455 2324 3565 2393 egi,
3598 2324 3698 2378 sed

2050 2413 2404 2469 contrarium
2432 2432 2446 2481 ;
2479 2416 2605 2487 ipse
2636 2417 2897 2487 perficiat
2928 2416 2987 2470 in
3030 2415 3339 2469 ambobus.
3373 2414 3490 2470 Hoc
3521 2415 3698 2470 etiam

2050 2510 2106 2558 et
2137 2519 2240 2558 nos
2270 2503 2523 2561 humiles
2554 2521 2654 2576 pro
2685 2506 2870 2572 vobis,
2905 2505 3004 2575 qui
3030 2504 3228 2560 eadem
3254 2503 3543 2576 patimini,
3566 2518 3699 2558 cum

2047 2590 2321 2664 lacrymis
2352 2609 2519 2649 orare
2550 2609 2664 2649 non
2696 2609 3016 2649 cessamus.
3057 2591 3186 2647 Non
3217 2598 3346 2648 octo
3379 2599 3604 2647 tantum
3638 2589 3699 2645 in

2049 2683 2296 2737 Domino
2353 2682 2588 2751 electos,
2634 2682 2736 2739 sed
2766 2682 3034 2738 abbatem
3075 2696 3308 2753 quoque
3351 2681 3604 2747 Petrum,
3645 2683 3701 2734 et

2047 2771 2345 2843 egregium
2393 2766 2683 2840 Letoium,
2714 2776 2773 2828 et
2828 2772 2878 2829 si
2936 2770 3074 2844 quis
3116 2770 3289 2840 alius,
3344 2771 3404 2827 in
3452 2768 3699 2827 Domino

2049 2859 2399 2918 salutamus.

2457 3132 2685 3189 XXXV.
2717 3164 2785 3174 —
2814 3131 3124 3203 Epiphanio
3153 3132 3290 3202 ﬁlio.

828 3229 1164 3294 Epiphanius
1193 3230 1422 3282 mittitur
1452 3231 1520 3282 ad
1541 3230 1851 3281 Paschalem
1880 3244 2152 3282 summum
2181 3231 2488 3294 pontiﬁcem
2521 3232 2733 3296 (Baron.
2761 3245 2829 3280 an
2857 3230 2969 3280 818.
3002 3244 3058 3280 n.
3093 3231 3170 3291 4.)

372 3303 535 3375 Ἰδοὺ,
568 3308 752 3362 τέκνον
805 3328 912 3382 μου
958 3307 1341 3383 ἠγαπημένον,
1389 3308 1569 3371 καθὼς
1616 3310 1943 3383 προεθυμή-

296 3397 423 3465 θης,
469 3396 670 3470 ἀπᾶραι
720 3395 773 3452 ἐν
821 3400 889 3471 τῇ
924 3397 1100 3469 Δύσει,
1133 3398 1379 3460 εἰπόντος
1430 3419 1535 3472 μου
1588 3400 1712 3473 ἆραι
1760 3400 1943 3473 γράμ-

302 3505 445 3557 ματα
518 3486 705 3543 ταῦτα.
778 3486 1097 3543 Ἀπέστειλα
1175 3486 1269 3543 δύο
1344 3486 1657 3558 ἐπιστολὰς,
1716 3492 1813 3543 τοῦ
1887 3509 1945 3543 τε

295 3574 692 3647 ἀποστολικοῦ,
723 3576 813 3631 καὶ
861 3582 957 3631 τοῦ
1004 3582 1171 3651 κυροῦ
1222 3576 1519 3637 Μεθοδίου.
1553 3579 1616 3633 O't
1664 3578 1768 3654 γάρ
1818 3578 1943 3651 περὶ

295 3663 391 3717 τὸν
443 3661 676 3742 ἀδελφὸν
724 3667 1003 3721 Διονύσιον
1056 3664 1275 3739 εὐδοκία
1322 3671 1457 3723 Θεοῦ
1512 3666 1602 3722 καὶ
1654 3666 1943 3738 ἀπεσώθη-

300 3773 395 3807 σαν
442 3749 547 3816 ἓως
602 3758 711 3811 τῶν
769 3754 901 3829 ἐκεῖ,
950 3756 1039 3811 καὶ
1097 3758 1343 3831 χρηστὰς
1392 3754 1615 3819 ἐλπίδας
1662 3751 1893 3834 ἤνεγκαν
1924 3775 1939 3789 ⁶

297 3844 435 3912 πρὸς
494 3842 553 3906 ἓις
606 3844 695 3899 καὶ
776 3844 939 3901 πάλιν
1014 3844 1314 3901 ἐπιστεῖλαι
1375 3844 1430 3901 εὖ
1505 3844 1754 3920 ἐνόμισα.
1815 3847 1944 3901 Ἐπ-

300 3931 516 3988 ἐστειλα
549 3931 626 4002 δὲ,
659 3934 767 4014 οὐχ
793 3936 867 3998 ὡς
895 3935 987 3990 ἀπ’
1015 3934 1155 4009 ἐμυῦ
1192 3936 1381 4011 μόνον,
1415 3934 1566 4007 ἀλλ’,
1598 3937 1673 3999 ὡς
1713 3937 1775 3991 τὸ
1805 3937 1942 4011 πρό-

300 4042 475 4096 τερον,
527 4023 578 4095 ἐξ
626 4024 949 4102 ἀμφοτέρων
999 4031 1109 4082 τῶν
1153 4028 1498 4101 ἡγουμένων,
1550 4025 1641 4088 οὖς
1692 4024 1860 4097 δῆλοῖ
1906 4027 1941 4095 ἡ

300 4110 588 4182 ἐπιστολὴ,
620 4112 784 4187 πάρεξ
830 4117 926 4169 τοῦ
957 4121 1057 4184 τῆς
1111 4114 1396 4191 Εύκαιρίας
1425 4133 1440 4147 ⁶
1492 4115 1647 4170 οὗτος
1696 4115 1824 4192 γὰρ,
1868 4112 1943 4174 ὡς

301 4197 520 4273 ἔμαθον,
581 4202 716 4257 κατά
769 4204 864 4265 τὰς
919 4202 1184 4277 ἁμαρτίας
1246 4225 1350 4277 μου
1407 4206 1683 4261 κατέπεσε.
1743 4204 1941 4259 Γνώσει

301 4288 392 4345 οὖν
421 4291 510 4345 καὶ
558 4294 716 4366 κοινῇ
764 4293 984 4369 γνώμῃ,
1027 4290 1116 4348 διὰ
1167 4292 1486 4368 μηνύματος
1535 4292 1822 4369 λαθραίου,
1851 4294 1941 4348 καὶ

300 4380 651 4456 ἀναγνώσεως
700 4388 798 4451 τῆς
859 4380 1179 4455 ἐπιστολῆς,
1235 4382 1359 4438 τότε
1408 4381 1816 4456 ἐπεστείλαμεν,
1870 4383 1944 4444 ὡς

297 4470 392 4525 καὶ
426 4468 628 4541 ἐδήλου
678 4471 743 4526 τὸ
789 4469 948 4528 ἀπιὸν
990 4473 1238 4549 γράμμα.
1276 4477 1381 4528 Νῦν
1431 4471 1505 4542 δὲ,
1538 4471 1635 4528 κᾶν
1684 4474 1747 4528 ού
1797 4469 1943 4527 δεδύ-

2123 3312 2227 3380 En,
2274 3310 2480 3368 dilecte
2530 3311 2613 3366 ﬁli
2650 3310 2748 3381 mi,
2772 3311 2919 3367 sicut
2947 3310 3121 3366 alacri
3149 3309 3344 3365 animo
3375 3306 3697 3373 instituisti,

2053 3401 2214 3458 solve
2271 3402 2329 3457 in
2387 3402 2783 3469 Occidentem,
2846 3401 3070 3456 litteras
3120 3398 3263 3454 istas
3293 3397 3521 3453 laturus
3553 3410 3697 3467 quas

2053 3491 2286 3547 dictavi.
2340 3491 2473 3546 Misi
2533 3491 2809 3561 epistolas
2855 3490 3023 3557 duas,
3076 3490 3147 3544 ad
3200 3485 3603 3560 apostolicum,
3643 3488 3700 3541 et

2053 3583 2126 3637 ad
2193 3581 2499 3637 dominum
2549 3580 2928 3639 Methodium.
2970 3579 3169 3635 Frater
3198 3578 3354 3634 enim
3385 3576 3701 3647 Dionysius

2052 3670 2152 3727 Dei
2184 3676 2331 3726 nutu
2361 3675 2421 3727 et
2467 3669 2779 3726 incolumis
2808 3684 3066 3740 eousque
3107 3666 3379 3739 pervasit,
3428 3669 3487 3720 et
3533 3679 3700 3735 spem

2052 3762 2333 3834 optimam
2393 3761 2755 3833 reportavit:
2819 3760 2890 3817 ad
2949 3775 3123 3832 quam
3181 3758 3419 3813 iteratae
3477 3756 3699 3812 litteras

2053 3854 2264 3908 addere
2310 3868 2495 3924 operae
2527 3851 2779 3923 pretium
2838 3850 2998 3906 duxi.
3051 3847 3271 3920 Scripsi
3320 3850 3538 3911 autem,
3580 3858 3696 3900 non

2050 3946 2335 4014 tanquam
2365 3958 2399 3997 a
2432 3957 2526 3997 me
2554 3941 2767 4010 solum,
2799 3941 2923 4007 sed,
2957 3939 3111 3995 sicut
3138 3941 3331 4004 antea,
3361 3952 3431 3991 ex
3452 3949 3698 4005 persona

2054 4039 2437 4103 utrorumque
2494 4029 2959 4102 praepositorum,
3000 4043 3107 4083 uos
3144 4024 3385 4095 [indicat
3430 4020 3695 4094 epistola,

2051 4126 2439 4194 praeterquam
2470 4118 2774 4175 Eucterim:
2808 4118 2858 4173 is
2890 4118 3069 4183 enim,
3101 4119 3167 4171 ut
3208 4110 3427 4184 accepi,
3460 4116 3697 4182 pr0pter

2051 4215 2289 4283 peccata
2310 4226 2439 4266 mea
2462 4210 2662 4281 lapsus
2683 4211 2791 4264 est.
2815 4207 2894 4263 Ex
2915 4202 3211 4262 communi
3243 4218 3380 4274 ergo
3407 4198 3697 4257 sententia

2051 4309 2106 4357 et
2139 4299 2403 4368 scientia,
2434 4303 2560 4355 tum
2582 4314 2684 4371 per
2704 4295 2990 4354 occultam
3022 4293 3530 4366 signiﬁcationem,
3567 4293 3695 4344 tum

2051 4407 2155 4463 per
2183 4388 2439 4460 epistola
2488 4386 2676 4460 ipsius
2705 4385 3035 4452 lectionem,
3072 4388 3213 4439 tunc
3244 4379 3607 4451 scripsimus,
3632 4382 3699 4433 ut

2051 4480 2312 4552 epistolae
2362 4478 2545 4535 missa
2573 4479 2750 4533 etiam
2809 4474 3160 4532 declarabat.
3206 4471 3371 4527 Nunc
3403 4484 3558 4536 vero,
3588 4466 3699 4524 etsi

298 4580 473 4632 νημαι
522 4564 682 4616 τοῦτο
739 4568 965 4631 ποιῆσαι
1016 4559 1107 4617 διὰ
1161 4563 1259 4630 τήν
1314 4562 1632 4640 ἀσφάλειαν,
1691 4560 1818 4617 ἀλλ’
1868 4561 1939 4622 ὡς

311 4647 371 4667 νδ
498 4651 511 4667 ε
877 4652 891 4667 Ι
1117 4653 1129 4665 ς
1298 4651 1308 4667 Ι
1599 4653 1612 4667 \
1730 4650 1755 4667 Π
1913 4652 1926 4667 ο

2053 4572 2283 4642 propter
2303 4573 2523 4624 arctam
2554 4566 2879 4623 custodiam
2910 4564 2969 4620 id
3001 4563 3187 4619 facere
3210 4578 3326 4659 non
3345 4557 3527 4631 potui,
3550 4560 3695 4612 atta-

300 4647 411 4719 ἤδη
492 4651 1035 4725 ὁμογνωμονούντων
1105 4651 1446 4731 ἀμφοτέρων,
1523 4653 1616 4708 καὶ
1693 4650 1827 4721 αὕτη
1904 4652 1938 4721 ἡ

2052 4673 2187 4714 men
2245 4656 2423 4714 veluti
2467 4658 2592 4728 jam
2646 4653 3144 4711 consentientibus
3175 4650 3459 4721 utrisque,
3491 4660 3695 4703 eorum

301 4737 588 4809 ἐπιστολή.
620 4742 781 4804 Ἴσως
824 4738 880 4795 δὲ
907 4743 997 4796 καὶ
1051 4743 1183 4815 μετά
1227 4746 1397 4798 ταῦτα
1441 4739 1718 4818 ἐνδέχεται
1763 4739 1943 4796 κάκεί-

297 4850 421 4892 νους
492 4828 802 4906 ἐπιγνῶναι.
862 4834 1045 4889 Ἄπιθι
1107 4831 1219 4903 οὖν,
1280 4833 1326 4888 ὦ
1402 4834 1536 4889 καλὲ
1611 4834 1938 4912 Ἐπιφάνιεο

297 4922 558 4993 ἐπίφανον
635 4926 703 4996 τῇ
787 4922 939 4979 Δύσει
1027 4921 1258 4999 ἄγγελος
1339 4926 1551 4995 πιστὸς,
1652 4924 1939 5001 φρόνιμος,

299 5013 856 5089 ἀρχαιογνώριστος·
924 5012 1217 5078 ἀποδιδοὺς
1294 5016 1393 5084 τήν
1472 5014 1790 5086 ἐπιστολὴν,
1850 5016 1939 5069 καὶ

298 5104 436 5157 κατά
465 5104 531 5157 τὰ
577 5105 904 5176 Θεοκινήτως
948 5105 1259 5161 τυπωθέντα
1312 5104 1363 5161 ἐν
1394 5111 1471 5178 τῷ
1520 5108 1662 5182 ἁγίῳ
1700 5108 1940 5162 ἀποστο-

302 5189 467 5265 λικῷ,
506 5192 809 5267 ὑποθετικῷ
853 5194 1037 5267 τρόπῳ
1083 5194 1173 5249 καὶ
1223 5196 1378 5272 λόγῳ
1418 5199 1515 5250 τοῦ
1562 5197 1710 5269 ἱεροῦ
1759 5197 1940 5254 Μεθο-

303 5278 442 5351 δίου,
502 5282 591 5336 καὶ
648 5288 745 5337 τοῦ
802 5291 902 5353 τῆς
956 5278 1343 5358 Μονεμὸασίας
1399 5284 1551 5360 ἁγίου
1616 5282 1936 5353 ἐπισκόπου,

301 5370 392 5425 καὶ
451 5371 612 5435 αὐτὸς
658 5372 1155 5450 συνεπιπρεσϐεύων
1210 5376 1301 5429 καὶ
1352 5372 1659 5450 ἕκλιπαρῶν
1720 5375 1796 5439 εἰς
1850 5377 1939 5430 πέ-

306 5479 398 5532 ρας
448 5459 734 5534 ἐνεχθῆναι
780 5466 946 5517 ταῦτα
990 5465 1124 5516 Θεοῦ
1154 5460 1392 5534 εὐδοκία,
1440 5465 1538 5517 τοῦ
1594 5457 1822 5537 ἔχοντός
1880 5484 1937 5518 σε

300 5548 394 5603 καὶ
441 5547 745 5623 ἀποσῶσαι,
783 5552 873 5608 καὶ
921 5557 1262 5627 παραστῆσαι
1314 5554 1387 5627 τῇ
1441 5551 1561 5625 ἱερᾷ
1605 5552 1696 5608 καὶ
1758 5573 1935 5628 μακα-

374 5730 425 5767 °°
461 5732 605 5790 Dan.
636 5748 753 5804 xlv,
781 5734 872 5791 3’7.

2051 4747 2227 4803 etiam
2258 4750 2347 4803 est
2378 4746 2499 4802 hac
2536 4744 2802 4818 epistola.
2835 4744 3099 4799 Fortasse
3130 4745 3320 4797 autem
3346 4740 3544 4810 postea
3565 4750 3698 4791 con-

2051 4835 2226 4907 tingit
2248 4841 2312 4892 ut
2340 4840 2397 4891 et
2416 4834 2564 4907 ipsis
2600 4834 2877 4890 certiores
2899 4833 3061 4888 ﬁant.
3092 4830 3253 4885 Vade
3284 4827 3480 4898 igitur,
3522 4840 3694 4896 egre-

2049 4924 2138 4995 gie
2158 4923 2469 4995 Epiphani,
2494 4939 2708 4995 apparo
2728 4919 3027 4978 Occidenti
3050 4917 3291 4973 nuntius
3321 4915 3531 4981 ﬁdelis,
3556 4928 3697 4983 pru-

2050 5015 2215 5080 dens,
2232 5014 2356 5084 jam
2382 5012 2519 5068 olim
2544 5012 2822 5084 probatus
2846 5026 2860 5065 :
2880 5010 3058 5066 redde
3087 5006 3420 5079 epistolam,
3454 5004 3697 5073 etjuxta

2049 5119 2117 5160 ea
2145 5120 2272 5175 quas
2322 5104 2517 5160 divino
2548 5103 2831 5159 instinctu
2872 5101 3160 5172 impressa
3211 5101 3349 5153 sunt
3385 5095 3445 5149 in
3495 5098 3694 5148 sancto

2047 5194 2385 5266 apostolico,
2437 5194 2804 5265 suggestione
2835 5189 3143 5261 verbisque
3174 5185 3356 5243 sancti
3391 5181 3689 5246 Methodii,

2047 5286 2105 5338 et
2151 5283 2338 5339 sancti
2370 5281 2769 5338 Monembasiaa
2800 5278 3055 5351 episcOpi
3106 5275 3283 5332 simul
3306 5270 3598 5329 intercede
3642 5276 3697 5325 et

2045 5370 2194 5445 ipse,
2214 5377 2273 5430 et
2291 5388 2412 5439 ora,
2437 5376 2498 5428 ut
2510 5372 2581 5427 ad
2604 5371 2778 5427 ﬁnem
2803 5369 2924 5425 hac
2945 5366 3338 5440 perducantur
3357 5362 3456 5419 Dei
3478 5360 3695 5418 volun-

2046 5466 2187 5532 tate,
2246 5462 2344 5534 qui
2397 5466 2584 5532 potest
2645 5467 2702 5516 et
2733 5458 2956 5516 salvum
2987 5461 3042 5511 te
3073 5469 3318 5523 servare,
3376 5456 3433 5507 et
3488 5453 3693 5506 sistere

2047 5569 2229 5623 sacro,
2288 5555 2345 5609 et
2391 5551 2560 5609 beato
2618 5549 2831 5607 vertici.
2873 5546 2956 5605 Ne
2986 5545 3261 5603 formides
3293 5558 3307 5597 :
3342 5540 3527 5597 multa
3583 5536 3690 5593 tibi
