4062 6280
477 363 628 426 1211

1717 367 1782 427 S.
1829 363 2227 426 THEODORI
2272 361 2632 424 STUDITAE

3712 363 3848 422 1212

475 514 721 569 merces,
785 502 841 555 et
883 513 1162 571 magnum
1212 501 1528 555 certamen.
1576 499 1844 556 Christus
1903 507 2101 556 tecum

2240 499 2328 572 ρίᾳ
2370 500 2605 572 κορυφῇ.
2656 498 2743 567 Μὴ
2799 494 2976 568 δείσῃς
3007 513 3019 527 ⁸
3079 493 3255 557 πολύς
3312 515 3398 549 σοι
3449 496 3476 550 ὁ
3529 498 3731 569 μισθὸς,
3772 499 3850 553 καὶ

472 590 672 645 Saluta
699 595 929 646 sanctos
960 605 1184 657 omnes,
1208 597 1262 644 et
1292 588 1543 646 maxime
1574 605 1672 646 eos
1703 590 1800 660 qui
1823 589 2115 646 notissimi

473 683 652 734 sunt:
687 679 972 751 praecipue
1004 685 1271 735 sanctum
1302 679 1534 734 Patrem
1557 695 1748 734 meum
1784 679 2112 735 archiman-

471 767 712 836 dritam,
749 785 815 825 ac
847 764 1150 824 dominum
1186 784 1377 824 meum
1410 767 1932 840 Chart0phylacem
1965 784 1978 824 :
2011 785 2115 824 cu-

462 856 565 927 jus
595 858 848 914 charitas
877 858 1057 916 infixa
1085 862 1174 914 est
1201 857 1262 914 in
1295 858 1506 913 humili
1529 861 1698 915 corde
1722 875 1867 926 meo,

873 1123 1118 1183 XXXVI.
1149 1154 1219 1164 -
1248 1124 1541 1181 Ναμεναίἱο
1569 1124 1709 1196 ﬁlio.

2232 585 2399 662 μέγας
2433 587 2462 639 ὁ
2513 586 2682 660 ἀγών.
2729 585 2959 657 Χριστὸς
3012 583 3146 655 μετὰ
3197 587 3314 639 σοῦ.
3361 583 3627 654 Πρόσειπε
3673 587 3852 649 πάντας

2225 676 2351 736 τοὺς
2409 673 2622 750 ἁγίους,
2699 673 2790 728 καὶ
2870 672 3108 746 μάλιστα
3165 672 3290 734 τοὺς
3367 673 3850 746 γνωριμωτάτους*

2225 763 2508 837 ἐξαιρέτως
2565 766 2656 820 τὸν
2717 763 2872 840 ἅγιόν
2933 783 3038 836 μου
3098 761 3310 837 Πατέρα
3363 763 3456 817 τὸν
3514 761 3854 838 ἀρχιμανδρί-

2223 875 2344 923 την.
2376 853 2550 909 Ἀλλὰ
2598 853 2689 908 καὶ
2745 853 2837 908 τὸν
2887 849 3152 922 δεσπότην
3206 872 3310 923 μου
3368 853 3461 906 τὸν
3514 852 3851 932 Χαρτοφύλα-

2221 950 2330 998 κά·
2389 944 2452 998 οὗ
2529 947 2564 1014 ἡ
2639 942 2826 1020 ἀγάπη
2903 939 3139 1017 ἔγκειται
3215 940 3268 996 ἐν
3337 940 3406 1015 τῇ
3479 941 3703 1016 ταπεινῇ
3759 964 3851 1017 μου

2221 1031 2436 1109 καρδίᾳ.

2459 1125 2604 1200 AC’.
2647 1125 2815 1199 [ΤΘ’.]
2855 1156 2925 1167 -
2964 1120 3362 1199 Ναυκρατίῳ
3397 1120 3627 1197 τέκνῳ.

1657 1227 1969 1289 Dogmatica
1999 1226 2063 1276 de
2092 1227 2295 1278 sanctis
2331 1225 2686 1288 imaginibus.

540 1303 622 1360 De
669 1306 725 1360 te
755 1307 998 1378 gaudeo.
1059 1308 1134 1363 mi
1166 1308 1342 1363 frater
1369 1308 1661 1376 Nauerati,
1713 1309 1860 1379 quod
1899 1307 2113 1364 laetitiae

468 1391 626 1448 ﬁlius
650 1394 834 1450 factus
857 1412 938 1464 es,
964 1398 1120 1465 quod
1142 1401 1232 1453 est
1253 1414 1355 1469 pro
1377 1398 1603 1454 Christo
1623 1397 1761 1468 pati.
1786 1401 1932 1453 Nam
1954 1398 2112 1468 quod

469 1482 580 1538 isto
613 1486 805 1554 majus
863 1484 1074 1541 lastitiaa
1107 1491 1537 1558 argumentum,
1585 1491 1684 1542 aut
1741 1487 1884 1559 quid
1926 1493 2014 1542 est
2040 1489 2111 1542 ad

466 1569 702 1628 laudem
724 1572 1009 1630 illustrius
1032 1575 1059 1630 ?
1079 1575 1350 1646 Flagellis
1371 1576 1552 1650 igitur
1581 1592 1763 1631 caesus
1795 1593 1878 1642 es,
1899 1575 2112 1632 Christi

2292 1304 2478 1379 Χαίρω
2541 1300 2631 1360 ἔπί
2689 1305 2795 1377 σοὶ,
2845 1301 3044 1383 ἀδελφέ
3104 1323 3208 1377 μου
3268 1304 3592 1377 Ναυκράτιε,
3638 1303 3720 1357 δτι
3764 1308 3854 1371 τῆς

2221 1399 2395 1470 χαρᾶς
2428 1395 2549 1448 uiba-
2596 1392 2959 1469 χρηματίζεις
2994 1411 3008 1426 ’
3063 1391 3195 1469 ὅπερ
3226 1391 3338 1447 ἐστὶ
3385 1393 3447 1447 τὸ
3498 1389 3589 1446 διά
3635 1392 3852 1465 Χριστὸν

2222 1485 2474 1559 πάσχειν.
2535 1484 2640 1540 Καὶ
2694 1485 2746 1538 τί
2805 1483 2909 1558 γὰρ
2965 1481 3161 1538 τούτου
3235 1481 3628 1557 χαριέστερον;
3701 1480 3752 1535 τί
3807 1477 3855 1536 δὲ

2224 1573 2640 1649 εὐκλεέστερον;
2719 1572 3094 1647 Ἐμαστίχθης
3171 1571 3266 1626 οὖν
3341 1572 3851 1645 Χριστομιμήτως·

466 1660 770 1733 exemplo:
804 1679 834 1718 e
857 1680 1082 1720 carcere
1113 1671 1433 1735 pertractus
1465 1665 1522 1720 in
1565 1681 1873 1733 carcerem,
1897 1666 1954 1720 in
1988 1682 2101 1722 ma-

2225 1662 2399 1735 ἤρθης
2460 1663 2518 1719 ἐκ
2589 1663 2837 1741 φυλακῆς
2917 1663 2993 1725 εἷς
3064 1664 3334 1740 φυλακὴν,
3388 1658 3715 1737 παραδοθεὶς
3785 1659 3853 1715 εἲς

468 1767 580 1806 nus
607 1751 770 1823 impii
799 1753 1044 1808 Joannis
1074 1754 1346 1817 traditus,
1370 1771 1453 1821 es,
1486 1755 1596 1809 sub
1628 1770 1742 1825 quo
1773 1763 1827 1808 et
1859 1770 1961 1823 ego
1995 1755 2113 1810 hu-

465 1841 624 1896 milis
685 1842 991 1899 decertavi.
1037 1843 1389 1912 Quinetiam,
1457 1844 1609 1914 quod
1645 1843 1745 1899 illo
1785 1844 2114 1908 agrediente

465 1947 580 1986 non
613 1946 676 1988 es
731 1931 1063 2002 subversus,
1098 1935 1196 1990 sed
1230 1950 1259 1989 e
1317 1934 1606 1989 contrario
1647 1935 1866 1990 insanas
1899 1935 2113 1991 mentis

463 2020 763 2078 hominem
795 2021 1060 2093 repulisti
1092 2028 1151 2078 et
1180 2023 1513 2092 confutasti,
1548 2026 1749 2096 utique
1781 2024 1975 2080 audivi
2007 2041 2112 2097 ego

462 2111 663 2179 miser,
703 2116 761 2167 et
801 2127 1072 2184 magnam
1134 2113 1332 2168 animo
1391 2113 1516 2185 cepi
1546 2114 1925 2186 voluptatem.
1957 2114 2112 2170 Adsit

464 2216 595 2257 vero
625 2200 730 2256 tibi
762 2205 818 2257 et
864 2201 923 2256 in
974 2205 1272 2272 posterum
1324 2203 1394 2258 ad
1427 2207 1666 2260 eventus
1693 2219 1897 2260 omnes
1928 2221 1962 2260 a
1991 2205 2112 2260 Do—

463 2290 624 2346 mino
643 2291 992 2348 subsidium.
1015 2291 1297 2354 Quoniam
1318 2311 1451 2351 vero
1472 2294 1809 2361 insinuasti,
1827 2295 2110 2366 quasdam

462 2381 536 2437 ab
592 2397 658 2436 eo
717 2380 869 2437 inter
898 2381 1317 2454 disputandum
1360 2385 1599 2454 proferri
1645 2385 1987 2452 sententias,
2037 2385 2108 2440 ad

462 2469 822 2526 eversionem
855 2476 1192 2528 sanctorum
1212 2474 1538 2545 imaginum
1553 2513 1567 2540 ,
1586 2473 1853 2528 videlicet
1873 2473 2110 2539 Asterii,

461 2557 793 2630 Epiphanii,
827 2565 885 2616 et
912 2561 1236 2617 Theodoti:
1297 2578 1483 2634 operae
1541 2564 1790 2632 pretium
1844 2561 1982 2616 duxi
2035 2563 2106 2618 ad

459 2648 906 2706 instructionem
939 2652 1272 2719 amborum,
1299 2651 1405 2707 hoc
1426 2651 1550 2708 loco
1565 2653 1885 2719 recensere,
1918 2668 2110 2723 quan-

458 2753 631 2808 quam
663 2738 720 2793 id
740 2739 994 2810 epistolae
1018 2742 1256 2796 modum
1278 2742 1525 2806 excedit,
1551 2747 1677 2796 tum
1694 2741 1852 2811 ipsas
1871 2740 2106 2798 illorum

457 2843 650 2896 voces,
683 2833 806 2883 tum
842 2833 1126 2891 nostram,
1159 2830 1274 2885 Deo
1297 2830 1557 2900 juvante,
1579 2829 1690 2886 etsi
1738 2830 1991 2902 imperiti
2014 2847 2108 2887 su-

459 2932 616 2985 mus,
664 2933 860 2974 earum
911 2920 1393 2976 confutationem.
1451 2921 1660 2977 Asterii
1691 2922 1885 2992 itaque
1923 2923 2105 2979 oratio

458 3007 530 3062 ad
578 3007 822 3064 verbum
871 3017 960 3065 est
1007 3009 1371 3080 hujusmodi.
1407 3031 1433 3062 α
1467 3010 1763 3066 Christum
1804 3028 1876 3068 ne
1909 3012 2099 3085 pinge.

458 3096 686 3152 Sufficit
704 3099 861 3154 enim
883 3097 996 3169 ipsi
1019 3099 1172 3169 quod
1199 3099 1269 3155 ad
1294 3116 1629 3173 corpoream
1648 3106 1915 3156 naturam
1940 3118 2102 3158 assu-

457 3187 726 3242 mendam
750 3194 948 3243 nostra
965 3203 1142 3244 causa
1171 3205 1233 3244 se
1261 3196 1469 3261 sponte
1491 3191 1712 3247 dimisit
1736 3207 1749 3244 :
1782 3191 1881 3246 sed
1909 3196 2101 3249 mente

455 3282 510 3331 et
557 3275 856 3332 intellectu
887 3275 1142 3332 Verbum
1181 3277 1585 3350 incorporeum
1617 3279 1930 3336 circumfer
1959 3281 2026 3336 σί.
2071 3304 2098 3332 ››

457 3365 850 3440 Interrogetur
904 3369 1099 3441 itaque
1137 3377 1450 3441 argutator.
1495 3373 1874 3443 quamobrem
1932 3374 2100 3428 Chri-

455 3463 612 3511 stum
638 3457 799 3529 pingi
832 3465 1026 3530 negat.
1056 3459 1330 3516 Sufﬁcere
1376 3461 1426 3516 ei
1459 3461 1599 3518 dicit
1638 3462 1870 3518 unicam
1909 3463 2102 3519 incor-

455 3547 775 3615 porationis
798 3547 1206 3619 humilitatem,
1239 3550 1455 3622 quippe
1475 3567 1603 3622 qua:
1626 3551 1804 3607 semel
1827 3561 2101 3624 suscepta

454 3636 547 3688 est
576 3631 704 3689 sine
726 3633 964 3702 honore,
993 3635 1312 3707 refugiente
1334 3637 1461 3710 ipso
1485 3637 1726 3694 alteram
1753 3638 2100 3695 humilitatis

454 3723 1007 3781 manifestatienem.
1033 3729 1100 3781 Et
1119 3728 1411 3798 quomodo
1454 3728 1560 3783 illa
1577 3733 1782 3798 sponte
1809 3738 2098 3800 suscepta,

453 3811 504 3868 si
533 3811 710 3868 habet
731 3814 1071 3885 adjunctam
1095 3815 1394 3873 infamiam
1416 3817 1446 3872 ‘2
1472 3817 1618 3872 Nam
1639 3818 1794 3888 quod
1836 3817 2100 3874 volunta-

453 3901 602 3958 rium
625 3907 730 3972 est,
750 3903 803 3959 id
829 3903 1148 3975 gloriosum
1168 3922 1417 3978 quoque,
1441 3922 1547 3963 nec
1569 3907 1902 3977 adjunctam
1927 3907 2102 3965 habet

453 3989 827 4049 involuntarii
890 4001 1110 4050 notam.
1161 4000 1264 4061 A0,
1297 3995 1343 4051 si
1386 4013 1476 4052 res
1508 4012 1674 4052 secus
1707 3998 1872 4066 foret,
1903 4004 2098 4053 tamen

451 4079 682 4152 pictura
703 4083 930 4139 iteratio
952 4089 1064 4151 est,
1088 4085 1236 4141 idem
1253 4086 1401 4156 quod
1436 4084 1598 4156 prius
1611 4085 1888 4142 exhibens
1911 4088 2098 4158 quoad

451 4170 912 4228 similitudinem.
944 4173 1014 4228 Et
1043 4174 1334 4245 quomodo
1376 4174 1538 4231 illius
1586 4175 1924 4231 memoriam
1968 4192 2100 4247 per-

451 4260 715 4316 auditum
767 4263 1036 4319 refricare
1076 4280 1191 4319 non
1241 4263 1536 4335 piaculum
1598 4267 1712 4321 sit:
1763 4265 1814 4320 si
1861 4266 2097 4336 quidem

451 4366 554 4422 per
594 4351 786 4406 visum
856 4367 977 4408 rem
1021 4354 1336 4427 divulgare,
1389 4356 1556 4429 quasi
1587 4357 1793 4412 iterare
1823 4357 2097 4427 injuriam

2225 1759 2415 1832 χεῖρας
2469 1756 2724 1809 Ἰωάννου
2782 1756 2879 1808 τοῦ
2935 1748 3188 1819 ἀσεϐοῦς,
3238 1751 3315 1830 ἐφ’
3372 1752 3418 1823 ᾧ
3470 1751 3723 1812 ταπεινὸς
3774 1750 3854 1804 καὶ

2223 1842 2522 1916 ἠγωνίασα.
2564 1841 2722 1898 Ἀλλ’
2774 1841 2856 1898 ὅτι
2905 1837 3314 1915 προσϐαλόντος
3360 1841 3528 1897 αὐτοῦ
3578 1840 3641 1896 οὐ
3689 1860 3856 1914 περιε-

2221 1933 2454 2008 τράπης,
2513 1931 2826 1988 τούναντίον
2885 1928 2943 1985 δὲ
2988 1931 3078 1986 καὶ
3133 1929 3439 2003 ἀπεπέμψω
3482 1927 3855 2006 διελεγκτικῶς

2219 2023 2311 2077 τὸν
2369 2021 2759 2098 ματαιόφρονα,
2827 2020 2964 2076 πάνυ
3019 2021 3047 2075 ὁ
3104 2019 3275 2082 τάλας
3331 2019 3531 2090 ἥσθην,
3571 2019 3666 2074 καὶ
3723 2018 3853 2073 εὐθύ-

2226 2132 2392 2184 μησα,
2428 2109 2528 2180 Εἷή
2563 2108 2620 2165 δέ
2667 2131 2753 2165 σοι
2783 2110 2874 2166 καὶ
2906 2111 3043 2184 πρὸς
3091 2111 3152 2164 τὸ
3184 2110 3306 2178 ἑξῆς
3349 2109 3485 2182 πρὸς
3540 2112 3645 2163 πᾶν
3685 2107 3855 2162 ὁτιοῦν

2218 2206 2330 2256 τῶν
2380 2197 2819 2274 συμϐησομένων
2869 2200 3014 2272 παρὰ
3071 2200 3275 2272 Κυρίου
3321 2200 3573 2272 βοήθεια.
3639 2194 3852 2262 Ἐπειδή

2221 2289 2279 2345 δὲ
2325 2284 2459 2368 ἔφης
2514 2295 2793 2365 προτεῖναι
2841 2288 3000 2344 αὐτὸν
3061 2287 3112 2342 ἐν
3157 2292 3226 2361 τῇ
3278 2283 3513 2356 διαλέξει
3575 2285 3759 2363 φωνὰς
3806 2283 3852 2338 έν

2217 2380 2497 2454 ἀνατροπῇ
2549 2383 2658 2434 τῶν
2719 2377 2888 2452 ἁγίων
2970 2376 3188 2432 εἰκόνων
3220 2395 3233 2409 ·
3308 2375 3480 2452 ἤγουν
3558 2374 3851 2448 Ἀστερίου.

2217 2467 2562 2546 Ἐπιφανίού,
2611 2468 2700 2522 καὶ
2745 2465 3013 2524 Θεοδότου
3046 2486 3060 2501 ο
3119 2467 3414 2540 ἀναγκαῖον
3475 2463 3673 2537 ᾠήθην
3731 2463 3852 2538 πρὸς

2216 2557 2584 2632 καταρθισμὸν
2662 2555 3009 2636 ἀμφοτέρων,
3085 2556 3416 2629 παραθέσθαι
3487 2552 3763 2608 ἐνταῦθα·
3815 2553 3853 2606 εἰ

2215 2649 2306 2702 καὶ
2356 2648 2655 2722 ὑπερτείνει
2701 2647 2766 2703 τὸ
2815 2645 3232 2719 έπιστολιμαῖον
3283 2644 3416 2721 ὕφος
3448 2661 3464 2676 ⁶
3517 2643 3686 2704 αὐτὰς
3737 2641 3856 2698 ἐκεί-

2217 2760 2325 2794 νων
2371 2739 2466 2802 τὰς
2515 2739 2716 2818 φωνάς,
2749 2737 2840 2792 καὶ
2888 2738 2988 2806 τήν
3039 2738 3132 2790 σὺν
3191 2740 3309 2808 Θεῷ
3365 2735 3493 2809 παρ’
3540 2736 3709 2807 ἡμῶν
3759 2737 3854 2789 τῶν

2217 2830 2445 2902 ἀμαθῶν
2527 2828 2834 2902 ἀνατροπὴν
2923 2827 3122 2883 αὐτῶν.
3180 2825 3244 2880 Ἦ
3330 2823 3420 2879 οὖν
3502 2828 3607 2879 τοῦ
3687 2825 3852 2880 Ἀστε-

2217 2918 2338 2994 ρίου
2369 2921 2446 2992 (1)
2506 2916 2594 2972 ἐπὶ
2653 2916 2849 2988 λέξεως
2907 2913 3143 2973 τάδε·‹‹
3203 2916 3294 2984 Μή
3353 2913 3526 2992 γράφε
3583 2915 3678 2969 τὸν
3736 2919 3852 2986 Χρι-

2214 3009 2338 3065 στόν
2374 3029 2388 3042 ·
2449 3009 2604 3084 ἀρκεῖ
2658 3009 2760 3085 γὰρ
2817 3005 2965 3078 αὖτῷ
3022 3007 3057 3075 ἠ
3117 3005 3216 3079 μία
3265 3007 3366 3073 τῆς
3420 3001 3852 3078 ἒνσωματώσεως

2214 3099 2702 3178 ταπεινοφροσύνῃ,
2761 3099 2828 3166 ἢν
2886 3094 3214 3169 αὐθαιρέτως
3273 3092 3344 3149 δι’
3417 3096 3572 3167 ἡμᾶς
3646 3091 3852 3149 κατεδέ-

2209 3189 2335 3259 ξατο
2368 3207 2381 3221 ·
2418 3187 2507 3244 ἐπὶ
2556 3184 2613 3242 δὲ
2655 3193 2757 3256 τῆς
2807 3187 2994 3261 ψυχῆς
3027 3205 3122 3239 σου
3179 3184 3462 3258 βαστάζων
3510 3187 3730 3254 νοητῶς
3773 3182 3853 3236 τὸν

2211 3277 2499 3352 ἀσώματον
2560 3274 2735 3350 Λόγον
2807 3275 3081 3352 περίφερε.
3154 3295 3184 3327 »
3241 3272 3569 3347 Ἐρωτάσθω
3649 3277 3857 3347 τοιγάρη

2209 3375 2306 3425 οὖν
2365 3371 2392 3425 ὁ
2451 3368 2822 3446 λογογράφος,
2878 3367 3109 3422 ἀνθότου
3173 3363 3552 3440 ἀπαγορεύσας
3611 3363 3846 3437 Χριστὸν

2207 3461 2527 3536 γράφεσθαι,
2575 3459 2756 3534 ἀρκεῖν
2811 3456 2958 3528 αὐτῷ
3007 3453 3155 3530 λέγει
3212 3466 3312 3524 την
3372 3454 3498 3528 μίαν
3544 3460 3654 3524 τῆς
3701 3453 3846 3507 ἐνσω·

2213 3551 2506 3622 ματώσεως
2553 3546 3052 3624 ταπεινοφροσύνην
3087 3566 3102 3581 ο
3136 3545 3211 3606 ὡς
3259 3543 3348 3599 καὶ
3376 3545 3477 3612 τὴν
3526 3543 3672 3616 ἅπαξ
3704 3542 3844 3616 αἱρε-

2210 3641 2388 3694 θεῖσαν
2447 3635 2635 3711 ἅδοξον
2690 3635 3050 3714 ὑποφεύγοντι
3105 3635 3205 3703 τήν
3273 3630 3699 3706 δευτερεύουσαν
3753 3635 3843 3698 τῆς

2205 3727 2706 3804 ταπεινοφροσύνης
2775 3723 3095 3804 φανέρωσιν.
3167 3722 3264 3777 Καὶ
3339 3725 3458 3785 πῶς
3532 3720 3845 3794 αὐθαίρετος

2208 3815 2252 3870 εἰ
2311 3812 2542 3888 ἄδοξοςς
2595 3815 2658 3870 τὸ
2718 3815 2822 3889 γάρ
2877 3811 3193 3887 αὐθαίρετον
3251 3806 3488 3880 ἔνδοξον,
3548 3809 3658 3865 οὐκ
3728 3807 3843 3883 ἔχον

2205 3909 2307 3960 τοῦ
2352 3904 2606 3960 ἀκουσίου
2645 3905 2709 3958 τὸ
2758 3900 2970 3974 ἄδοξον.
3007 3902 3066 3958 Εἰ
3115 3899 3173 3956 δὲ
3218 3904 3379 3955 τοῦτο
3431 3896 3492 3954 οὔ
3526 3918 3542 3932 ·
3595 3898 3725 3955 ἀλλ’
3772 3900 3844 3951 ὅτι

2209 3991 2528 4065 δευτέρωσις
2591 3995 2619 4061 ἡ
2681 3989 2744 4047 τδ
2805 3990 2940 4046 αὐτὸ
2995 3990 3085 4044 καὶ
3136 3995 3352 4064 πρῶτον
3406 3988 3524 4042 καθ’
3586 3987 3841 4059 ὁμοίωσιν

2209 4080 2523 4139 δεικνύουσα
2595 4083 2801 4158 γραφή.
2861 4085 2988 4143 Πῶς
3050 4076 3108 4134 δὲ
3170 4079 3258 4134 καὶ
3331 4078 3393 4133 τὸ
3458 4075 3842 4151 ὑπομνηματί-

2211 4175 2389 4244 ζεσθαι
2421 4170 2491 4228 δι’
2524 4173 2694 4242 ἀκοῆς
2727 4168 2789 4227 οἷ)
2819 4171 3211 4242 παραιτήσεται
3245 4186 3258 4202 ⁸
3313 4165 3422 4244 εἷ’γε
3448 4166 3511 4222 τὸ
3556 4165 3630 4221 δι’
3671 4165 3839 4240 ὅψεως

2208 4258 2626 4339 θριαμϐεύεσθαι
2714 4261 2791 4324 ὼς
2876 4257 3221 4336 δευτέρωσινί
3303 4257 3462 4336 φέρον
3551 4255 3840 4330 νεμεσητὸν

2207 4352 2389 4424 αὐτῷ;
2433 4352 2718 4427 Ἑκάτερον
2774 4351 2880 4428 γὰρ
2931 4349 3157 4423 θατέρου
3215 4343 3433 4402 σύνοδόν
3487 4367 3550 4402 τε
3597 4346 3690 4401 καὶ
3738 4346 3839 4399 ἰσο-

449 4438 668 4495 fuerit?
697 4440 796 4496 Est
825 4443 980 4498 enim
1001 4443 1244 4499 alterum
1278 4445 1443 4500 alteri
1467 4461 1787 4502 consonum
1810 4450 1867 4502 et
1911 4462 2101 4516 aequa-

2215 4442 2472 4517 δύναμον,
2531 4445 2606 4507 ὡς
2660 4444 2723 4498 τὸ
2783 4443 2929 4497 θεῖον
2989 4441 3186 4514 στόμα.
3220 4437 3505 4500 Βασίλειος
3569 4439 3598 4492 ὁ
3663 4437 3839 4510 μέγας,

447 4528 523 4599 le,
581 4539 644 4586 ut
700 4547 950 4604 magnus
1007 4534 1250 4590 Basilius
1309 4535 1506 4592 divino
1544 4553 1640 4593 ore
1673 4537 2087 4608 pronuntiavit.

448 4617 807 4692 lntelligetur
857 4625 1051 4677 autem
1084 4629 1138 4678 et
1186 4639 1288 4694 per
1326 4625 1845 4695 comparationem,
1877 4624 1925 4679 si
1953 4641 2092 4680 crux

447 4708 626 4764 semel
659 4707 1003 4781 delineatur,
1036 4711 1274 4769 alterius
1302 4714 1572 4770 videlicet
1601 4730 1730 4770 esse
1759 4715 1948 4770 crucis
1980 4715 2091 4770 ite-

446 4798 755 4867 rationem,
771 4799 921 4856 sicut
939 4805 997 4856 et
1027 4802 1098 4857 de
1121 4802 1449 4873 Evangelia.
1475 4803 1545 4858 Et
1566 4802 1840 4874 quoniam
1864 4819 2092 4876 semper

447 4892 759 4961 utrumque
821 4890 1232 4961 describitur;
1295 4894 1630 4949 innumeras
1680 4908 1802 4948 esse
1870 4909 2088 4966 cruces,

445 4977 744 5050 multoque
794 4979 961 5051 plura
1017 4981 1351 5053 Evangelia,
1400 4997 1515 5037 nou
1575 4997 1750 5037 unam
1790 4986 1848 5037 et
1881 4999 2087 5039 unum.

443 5065 604 5131 Quod
655 5069 705 5124 si
765 5085 880 5126 una
910 5086 1049 5126 crux
1079 5076 1135 5128 et
1194 5088 1306 5127 non
1339 5070 1455 5127 alia
1511 5075 1621 5138 est,
1645 5071 1754 5128 etsi
1781 5072 1938 5130 mille
1960 5073 2091 5145 pin-

2203 4535 2594 4610 ἀπεφθέγξατο.
2648 4534 3047 4608 Λογισθήσεται
3105 4527 3162 4585 δὲ
3205 4530 3294 4584 καὶ
3344 4527 3481 4584 κατά
3533 4529 3601 4583 τὸ
3661 4523 3840 4580 ἀνάλο-

2200 4645 2316 4699 γον,
2347 4623 2438 4678 καὶ
2487 4624 2549 4678 τό
2599 4624 2692 4679 τὸν
2739 4621 2965 4696 σταυρὸν
3017 4621 3152 4690 ἅπαξ
3195 4625 3489 4698 γραφῆναι,
3538 4615 3727 4692 ἑτέρου
3757 4611 3841 4682 δη-

2201 4713 2344 4782 λαδὴ
2397 4718 2631 4788 σταυροῦ
2691 4709 3012 4784 δευτέρωσις
3043 4728 3058 4744 ⁸
3118 4710 3192 4771 ὡς
3244 4710 3334 4763 καί
3377 4706 3464 4763 ἐπὶ
3523 4707 3626 4761 τοῦ
3666 4706 3837 4777 Εὐαγ-

2198 4802 2408 4878 γελίου.
2462 4803 2563 4858 Καὶ
2609 4799 2796 4870 ἐπειδὴ
2855 4800 2938 4856 ἀεὶ
2995 4797 3255 4878 γράφεται
3316 4797 3601 4875 ἀμφότερα
3634 4814 3650 4828 ·
3701 4791 3840 4849 ἀπεί-

2201 4915 2329 4970 ρους
2387 4891 2672 4968 σταυροὺς,
2729 4893 2865 4966 πρὸς
2925 4888 2981 4946 δὲ
3032 4889 3122 4945 καὶ
3201 4885 3530 4964 Εὐαγγέλια,
3593 4886 3708 4960 οὐχ
3759 4881 3837 4939 ’ένα

2199 4985 2289 5040 καὶ
2343 4983 2426 5051 ἓν,
2482 4983 2768 5058 ὓπάρχειν.
2837 4981 2900 5038 Ei
2961 4977 3019 5035 δὲ
3086 4981 3163 5041 εἷς
3219 4979 3308 5033 καὶ
3384 4974 3694 5052 οὐδέτερος,
3749 4971 3834 5030 κᾶν

2203 5076 2510 5148 μυριοστῶς
2557 5074 2845 5153 γράφοιτο,
2895 5069 3247 5144 σταυρός(2).
3285 5067 3384 5122 Καὶ
3429 5065 3483 5121 ἓν
3528 5067 3627 5122 καὶ
3685 5061 3837 5121 οὐδέ-

2025 5202 2254 5260 ΝΟΤιΕ.

515 5326 590 5401 (1)
621 5328 683 5384 In
706 5328 866 5401 code.
902 5327 1053 5401 Reg._
1075 5327 1145 5382 ad
1177 5343 1337 5401 oram
1370 5326 1500 5383 libri
1531 5343 1544 5383 :
1582 5324 1776 5401 Ἰγστὲομν
1824 5326 1901 5392 ὡς
1947 5324 2087 5401 ἔστιν

441 5395 719 5472 Ἀστέριος
753 5397 856 5452 ὑπὸ
883 5395 1342 5472 τοῦ-,ἀγιωτάτου
1379 5400 1705 5472 Σωφρονίου
1738 5398 1803 5472 έν-
1831 5404 1955 5472 ,τοῖς
1997 5400 2090 5455 αύ-

438 5474 536 5527 τοῦ
569 5459 876 5541 συνοδικοῖς
907 5459 1454 5541 ἀναθεματιζόμενος,
1481 5459 1578 5524 καὶ
1621 5471 1723 5527 ὑπὸ
1756 5469 1931 5526 ἄλλου
1984 5479 2092 5527 Πα-

438 5544 569 5618 τρὸς
612 5539 1100 5618 Ἀπολιναρίῳκαὶ
1138 5539 1373 5616 Εὐτυήχεῖ
1401 5544 1826 5617 συνταττόμενος
1853 5587 1866 5600 .
1900 5547 2088 5602 Scien-

440 5614 572 5672 dum
626 5614 769 5687 quod
830 5614 1073 5670 Asterius
1131 5631 1172 5670 α
1229 5614 1568 5673 δανισιίδείωο
1626 5614 1932 5687 Sophronia
2011 5623 2091 5674 est

439 5687 980 5753 anathematizatus;
1009 5691 1063 5744 et
1106 5687 1173 5744 ab
1211 5687 1321 5744 alio
1348 5704 1474 5744 cum
1501 5690 1839 5762 Apollinario
1883 5693 1935 5746 et
1965 5692 2087 5745 Eu-

2197 5331 2356 5412 ‘ycl'.’
2378 5330 2722 5412 ροηίανξειξιδ-
2855 5403 2871 5412 .
3217 5401 3229 5412 .
3299 5400 3372 5412 --
3430 5398 3444 5412 .
3589 5399 3631 5412 ..
3768 5391 3782 5412 ς

2267 5403 2346 5476 (2)
2378 5404 2438 5476 In
2471 5398 2610 5458 Cod.
2634 5405 2771 5471 Reg.
2803 5403 2872 5476 ad
2907 5418 3069 5476 oram
3098 5399 3265 5457 libri:
3299 5400 3398 5476 Εἷς
3427 5398 3537 5476 ἔστι
3589 5398 3835 5476 Χριστὸς,

2194 5466 2293 5528 κᾶν
2327 5466 2650 5551 ’γράφωνται
2703 5466 2887 5551 μυρίοι
2913 5516 2927 5531 .
2969 5472 3074 5528 Καὶ
3123 5473 3351 5551 σταυρὸς
3402 5468 3585 5551 οὕτωη
3619 5466 3716 5523 κᾶν
3757 5466 3839 5548 γίτ

2196 5543 2392 5600 νωνται
2449 5543 2741 5608 πλείονες.
2777 5543 2922 5604 Unus
2980 5553 3062 5601 est
3108 5547 3396 5611 Christus;
3437 5546 3538 5600 etsi
3561 5543 3836 5598 innumeri

2197 5618 2523 5691 pingantur.
2546 5619 2638 5675 Sic
2675 5625 2724 5674 et
2751 5635 2912 5690 crux,
2945 5617 3074 5675 licet
3099 5621 3284 5691 plures
3311 5615 3698 5688 conﬁciantur.
