4062 6280
312 370 470 430 1217

1586 362 2138 427 EPISTOLARUM
2175 363 2323 424 LIB.
2370 362 2448 423 Il.

3547 362 3706 425 1218

310 525 445 576 σμα.
497 503 671 560 Ἀλλᾶ
713 505 765 560 τί
817 520 978 576 φησιν
1028 502 1055 556 6
1105 502 1377 575 Χριστός;
1427 499 1549 555 Καὶ
1606 499 1632 553 6
1685 499 1950 573 τρώγων

2065 496 2201 552 bere
2257 513 2365 552 nos
2412 500 2592 551 Deum
2649 512 2821 568 quem
2883 501 3323 566 manducemus,
3381 500 3526 555 forte
3587 517 3707 556 non

313 612 412 662 με,
444 589 752 653 κάκεῖνος
805 591 1078 659 ζήσεται
1120 585 1207 640 δι’
1254 582 1389 659 ἐμέ.
1424 585 1538 643 Οὐκ
1576 585 1634 639 ἂν
1671 582 1725 639 δὲ
1756 582 1943 646 ἄλλως

312 680 553 753 βρωθείη
601 681 647 734 εἰ
708 681 783 753 μή
833 677 884 732 ἐν
937 678 1112 752 σαρκί.
1156 676 1251 730 Καὶ
1299 675 1398 751 γάρ
1451 676 1478 729 6
1522 676 1748 748 Χριστὸς
1801 675 1945 745 ὁμοῦ

306 770 438 830 Θεὸς
486 770 575 822 καὶ
620 765 902 843 ἄνθρωπος
952 765 1159 826 τέλειος
1210 765 1496 839 ὑπάρχων,
1529 765 1788 837 ὁπότερον
1827 762 1946 817 καθ’

306 858 559 933 ἑκάτερον
612 862 720 912 τῶν
780 857 829 930 ἐξ
886 857 959 910 ὦν
1016 854 1266 925 συνετέθη
1318 853 1527 931 φύσεων
1580 854 1941 927 ὀνομάζοιτο·

306 947 396 1003 καὶ
454 948 577 1001 καθ’
617 947 866 1021 ἑκάτερον
921 947 1123 1021 κυρίως
1206 943 1499 1017 νοούμενος
1573 942 1824 1019 λέγοιτο·
1884 941 1944 997 οὗ

306 1043 408 1105 τῆς
456 1036 679 1109 θατέρου
729 1034 1001 1106 ἰδιότητος
1055 1035 1106 1089 ἐν
1158 1038 1237 1105 τῷ
1272 1030 1548 1107 μοναδικῷ
1570 1039 1670 1102 τῆς
1704 1032 1944 1087 ὑποστά-

306 1146 445 1187 σεως
480 1124 811 1200 μειουμένης
841 1127 877 1196 ἢ
919 1124 1367 1200 συμφυρομένης.

384 1401 485 1459 Καὶ
539 1403 742 1475 μάρτυς
785 1403 880 1454 τοῦ
930 1398 1096 1474 λόγου
1143 1397 1301 1461 αὐτὸς
1350 1399 1377 1452 ὁ
1428 1398 1557 1461 Θεὸς
1602 1398 1692 1452 καὶ
1747 1398 1946 1472 Λόγος,

308 1494 387 1555 πῆ
423 1491 515 1563 μὲν
547 1489 753 1566 λέγων·
777 1487 845 1543 Τί
880 1509 954 1560 με
984 1494 1248 1559 ζητεῖτε
1276 1487 1683 1557 ἀποκτεῖναι,
1708 1486 1949 1563 ἅνθρωο

308 1600 429 1635 πον
467 1580 536 1641 ’ὸς
573 1580 687 1647 τὴν
727 1577 1046 1648 ἀλήθειαν
1090 1578 1245 1650 ὑμῖν
1279 1575 1667 1645 λελάληκα;
1701 1576 1950 1651 Καίτοιγε

310 1669 339 1724 ὁ
401 1669 575 1743 λέγων
631 1669 720 1723 καὶ
778 1669 906 1729 Θεὸς
965 1668 1224 1728 ἀθάνατος
1285 1668 1372 1735 ἦν.
1434 1667 1515 1734 [Ιὴ
1576 1663 1632 1720 δὲ
1684 1663 1944 1742 φάσκων·

309 1782 338 1809 ‹‹
380 1759 562 1831 Ὑμεῖς
622 1756 826 1833 λέγετε,
868 1756 950 1812 ὅτι
1009 1757 1397 1832 Βλασφημεῖς·
1452 1756 1535 1808 ὅτι
1588 1754 1773 1809 εἶπον·
1829 1753 1951 1815 Υἱὸς

306 1853 405 1904 τοῦ
481 1852 615 1903 Θεοῦ
698 1848 833 1920 εἶμι.
893 1869 923 1899 ››
980 1846 1076 1902 Καὶ
1155 1848 1261 1918 μὴν
1328 1846 1355 1899 ὁ
1423 1845 1611 1913 εἰπὼν,
1664 1845 1754 1899 καὶ
1833 1844 2027 1935 υἱὸςΒ

307 1937 597 2009 ἀνθρώπου
663 1938 749 2006 ἦν.
795 1934 949 1990 Οὕτω
997 1935 1058 1989 τὸ
1106 1934 1341 2010 πεφυκὸς
1419 1934 1671 2006 ἑκατέρου
1730 1933 1945 2005 ὀνόμα-

305 2047 400 2089 τος
446 2026 639 2100 θατέρᾳ
709 2024 861 2101 φύσει
945 2023 1307 2095 ἀπονέμοντες
1388 2022 1611 2077 οὗτίπου
1680 2020 1949 2099 διασφαλ-

309 2112 541 2189 λόμεθα.
578 2114 725 2169 Ἐπεὶ
780 2112 839 2168 δὲ
886 2113 975 2168 καὶ
1019 2111 1176 2167 τοῦδε
1216 2111 1375 2173 τέλος
1417 2109 1636 2189 ε’ίληςρεν
1687 2114 1722 2180 ἡ
1773 2111 1948 2189 φωνὴ,

308 2204 389 2265 τίς
448 2207 483 2272 ἡ
543 2201 811 2257 Θεοδότου
870 2205 979 2275 (4);
1032 2225 1059 2252 ‹‹
1091 2202 1200 2263 Τὰς
1259 2204 1367 2255 τῶν
1427 2201 1591 2274 ἀγίων
1653 2198 1794 2260 ἰδέας
1852 2200 1951 2254 οὐκ

312 2293 365 2347 ὲν
417 2292 614 2346 εἰκόσιν
674 2291 934 2361 ἐξύλικῶν
996 2290 1306 2365 χρωμάτων
1360 2286 1459 2343 ἄτα
1515 2293 1756 2365 μορφοῦν
1812 2309 1949 2363 παρ-

313 2381 615 2457 ειλήφαμεν
648 2401 660 2413 ·
719 2379 865 2435 ἀλλά
920 2381 1013 2441 τὰς
1069 2378 1278 2434 τούτων
1335 2378 1528 2452 ἀρετάς
1591 2375 1681 2432 διὰ
1732 2381 1839 2432 τῶν
1900 2376 1950 2431 ἐν

314 2476 549 2549 Γραιραῖς
607 2470 729 2544 περὶ
787 2468 965 2525 αὐτῶν
1022 2467 1403 2540 δηλουμένων,
1464 2466 1582 2521 οἷόν
1646 2487 1794 2528 τινας
1849 2464 1951 2539 ἐμ-

313 2561 526 2635 ψύχους
575 2560 783 2620 εἰκόνας
837 2559 1230 2631 ἀναμάττεσθαι
1275 2554 1634 2631 δεδιδᾶγμεθα
1669 2576 1681 2589 ⁸
1727 2555 1788 2610 ἐκ
1832 2557 1954 2610 τού-

309 2671 407 2705 του
464 2650 605 2725 πρὸς
660 2649 752 2704 τὸν
812 2648 1007 2722 ὅμοιον
1062 2647 1247 2708 αὐτοῖς
1315 2644 1711 2722 διεγειρόμενοι
1761 2644 1948 2715 ζῆλον.

314 2740 463 2794 Ἐπεὶ
545 2738 850 2793 εἶ’πάτωσαν
937 2738 987 2791 οἱ
1070 2738 1163 2798 τάς
1247 2732 1466 2791 τοιάσδε
1522 2732 1954 2805 ἀναστηλοῦντες

317 2829 551 2907 μορφὰς,
590 2828 751 2891 ποίας
809 2828 912 2902 ἄρα
972 2827 1030 2882 ἐκ
1084 2825 1297 2881 τούτων
1346 2824 1774 2881 καταπολαόοιεν
1810 2824 1951 2901 ὠφε-

315 2918 504 2980 λείας·
537 2919 573 2988 ἢ
617 2917 669 2971 ἐν
718 2916 851 2988 ποίᾳ
894 2914 983 2971 διὰ
1016 2923 1116 2985 τῆς
1164 2915 1373 2970 τούτων
1421 2914 1778 2986 ἀναμνήσεως
1826 2914 1951 2968 ἀνά-

312 3029 501 3083 γονται
552 3009 893 3079 πνευματικῇ
948 3006 1166 3080 θεωρίᾳ.
1222 3003 1384 3060 Ἀλλ’
1441 3000 1676 3073 εὔδηλον
1717 3004 1793 3065 ὡς
1846 3024 1953 3074 μα·-

308 3100 437 3152 ταία
492 3099 527 3165 ἡ
594 3096 819 3165 τοιαύτη
878 3092 1230 3163 ἔπίνοια,καὶ
1289 3088 1614 3161 διαϐολικῆς
1673 3090 1954 3165 μεθοδείας

311 3186 533 3261 εὕρεμα.
572 3185 803 3245 »Εὐθὺς
834 3188 866 3254 ἡ
904 3180 1099 3259 βαλϐὶς
1156 3187 1252 3237 τοῦ
1306 3181 1472 3258 λόγου
1531 3182 1591 3236 οὐ
1652 3183 1946 3255 νεμεσητή,

316 3240 328 3242 -
375 3240 449 3261 Γ,
523 3240 531 3241 ,
791 3240 801 3245 -
857 3240 913 3259 ,,
1088 3240 1097 3246 .
1387 3240 1400 3258 ,
1716 3240 1726 3255 ,
1838 3240 1850 3251 .
1911 3240 1946 3252 ..

313 3276 363 3331 εἴ
420 3275 507 3330 καὶ
563 3280 671 3329 τῶν
732 3273 923 3346 ἐφεξῆς
979 3274 1190 3328 ἀτόπων
1268 3274 1726 3341 κατασκευαστική
1761 3289 1773 3304 ·
1833 3240 2023 3327 ἐπε.ὶο

311 3362 404 3417 καὶ
461 3359 667 3416 πολλοὶ
723 3366 831 3415 τῶν
908 3362 1067 3433 ἱερῶν
1129 3357 1468 3414 διδασκάλων
1528 3365 1626 3427 τῆς
1685 3358 1956 3423 εἷκονικῆς

314 3451 435 3511 θέας
467 3452 565 3517 τήν
597 3447 686 3503 8ιά
715 3448 897 3523 λόγων
930 3448 1169 3522 ἱστορίαν
1199 3446 1648 3524 προύργιαιτέραν
1679 3448 1954 3502 τίθενται·

317 3541 383 3595 οὐ
422 3534 810 3597 διαϐάλλοντες
839 3540 938 3605 τὴν
968 3538 1190 3612 θατέραν
1217 3556 1228 3567 ⁸
1263 3535 1437 3611 ἕτεροι
1484 3533 1541 3590 δὲ
1567 3537 1629 3590 τὸ
1672 3532 1908 3610 ἔμπαλιν
1938 3551 1953 3567 ·

316 3629 439 3704 ἔχοι
468 3625 525 3683 δὲ
552 3630 613 3681 τὸ
653 3625 790 3689 'icov,
825 3628 959 3681 καθά
1006 3647 1166 3704 φησιν
1202 3626 1229 3680 ὁ
1265 3626 1432 3700 μέγας
1461 3625 1747 3687 Βασίλειος
1770 3643 1783 3656 ’
1828 3649 1856 3677 (ι
1886 3629 1956 3682 "A

317 3720 422 3795 γὰρ
454 3719 482 3772 ὁ
516 3718 677 3793 λόγος
710 3723 809 3785 τῆς
849 3716 1090 3791 ἱστορίας
1141 3713 1210 3769 δι’
1240 3715 1409 3784 ἀκοῆς
1441 3714 1755 3791 παρίστησι,
1790 3718 1957 3770 ταῦτα

314 3808 555 3883 γραφική
589 3809 849 3860 σιωπῶσα
900 3802 989 3858 διὰ
1039 3806 1325 3878 μιμήσεως
1378 3801 1634 3859 δείκνυσι.
1670 3828 1698 3855 ιι
1731 3804 1833 3861 Καὶ
1891 3801 1953 3858 οὒ

316 3896 507 3958 πάντες
568 3895 870 3972 ζωγράφοι,
928 3891 1053 3948 οὐδὲ
1126 3894 1318 3957 πάντες
1375 3890 1764 3972 λογογράφοι·
1828 3891 1954 3948 ἀλλ’

316 3985 524 4057 ἑκάστῳ
584 3985 656 4045 ὡς
715 3986 742 4039 6
801 3984 929 4044 Θεὸς
978 3981 1195 4058 ἐμέρισε
1255 3981 1448 4056 μέτρον
1505 4003 1750 4057 χάριτος,
1792 3984 1954 4037 ’Ὡστε

310 4071 475 4145 τήνδε
502 4077 600 4142 τὴν
635 4074 892 4147 πρότασιν
920 4073 1130 4146 παρεὶς,
1165 4069 1372 4147 λεγέτω
1414 4073 1512 4141 τήν
1543 4073 1666 4142 ἑξῆς
1691 4092 1705 4105 ·
1741 4096 1769 4125 ‹‹
1803 4073 1951 4128 Ἐπεὶ

315 4165 616 4219 εἷ’πάτωσαν
687 4164 739 4217 οἱ
795 4162 889 4225 τάς
954 4159 1172 4217 τοιάσδε
1229 4160 1651 4233 ἀναστηλοῦντες
1718 4164 1950 4241 μορφὰς,

314 4254 471 4316 ποίας
531 4253 591 4308 ἐκ
645 4253 851 4309 τούτων
918 4249 1021 4327 ἄρα
1075 4250 1503 4309 καταπολαόοιεν
1562 4252 1826 4331 ὠφελείας
1859 4272 1871 4285 °
1914 4253 1949 4323 ἢ

316 4342 367 4397 ἐν
429 4344 559 4413 ποίᾳ
640 4339 730 4396 διὰ
792 4348 891 4410 τῆς
962 4341 1171 4397 τούτων
1241 4342 1593 4413 ἀναμνήσεως
1664 4340 1950 4417 ἀνάγονται

315 4435 654 4505 πνευματικῇ
686 4430 902 4503 θεωρίᾳ.
942 4455 970 4483 ››

386 4615 803 4688 Ἀντερωτάσθω
854 4611 943 4667 οὖν
1002 4614 1029 4668 ὁ
1084 4611 1379 4689 γεννάδας·
1414 4614 1572 4668 ποίαν
1629 4617 1728 4690 γὰρ
1777 4612 1962 4686 ὄνησιν
1993 4611 2041 4673 D

316 4703 407 4758 καὶ
450 4705 595 4775 ἱεράν
649 4704 873 4777 θεωρίαν
923 4702 1020 4758 οὐκ
1072 4702 1213 4757 ἔστιν
1266 4702 1503 4759 ἐντεῦθεν
1552 4703 1834 4777 εὑρέσθαι;
1890 4707 1951 4761 Εἰ

314 4795 417 4867 γὰρ
458 4792 591 4863 αὕτη
643 4796 796 4870 φύσις
847 4792 1073 4855 εἰκόνος,
1110 4791 1338 4866 μίμημα
1388 4792 1521 4847 εἶναι
1567 4797 1662 4847 τοῦ
1712 4791 1952 4869 ἀρχετύ-

318 4904 444 4948 που,
477 4882 611 4937 καθά
668 4903 828 4960 φησιν
859 4883 886 4935 ὁ
917 4881 1188 4957 Θεολόγος
1249 4881 1545 4957 Γρηγόριος
1582 4901 1595 4913 ⁸
1629 4882 1717 4937 καὶ
1777 4882 1828 4937 ἐν
1886 4886 1954 4957 τῇ

320 4972 487 5026 εἷ’κόνι
527 4972 588 5026 τὸ
645 4970 949 5045 ἀρχέτυπον
1010 4970 1337 5049 ἐκφαίνεται,
1370 4972 1507 5025 καθά
1538 4993 1698 5048 φησιν
1760 4973 1787 5027 6
1828 4973 1958 5027 πάν-

321 5081 486 5137 σοφος
551 5060 868 5122 Διονύσιος·
932 5058 1098 5129 δῆλον
1157 5061 1239 5113 ὅτι
1308 5058 1365 5113 ἐκ
1442 5065 1538 5114 τοῦ
1615 5063 1958 5133 μιμήματος,

393 5187 441 5221 ⁶⁹
499 5187 664 5243 Joan.
702 5203 777 5249 v1.
808 5189 899 5243 58.
976 5188 1020 5222 ⁷ο
1075 5188 1244 5241 Joan.
1276 5204 1374 5252 vn,
1402 5190 1489 5241 4-0.

324 5264 625 5331 martyres,
657 5261 843 5325 initio,
872 5264 915 5314 t.
950 5260 993 5325 Ι,
1026 5275 1155 5331 pag.
1188 5259 1314 5314 527.

1565 5189 1604 5223 ⁷¹
1639 5189 1807 5245 Joan.
1846 5209 1902 5260 Χ,
1932 5192 2018 5246 36.

2059 588 2228 641 modo
2285 585 2336 640 is
2392 585 2789 650 fexhorrescet,
2838 588 2937 642 sed
3005 588 3423 658 disrumpetur,
3482 590 3702 645 dictum

2055 693 2170 733 non
2202 677 2413 733 ferens.
2445 677 2553 732 Sed
2588 677 2730 745 quid
2760 678 3022 734 Christus
3053 678 3179 733 ait?
3228 681 3289 733 Et
3323 682 3416 751 qui
3461 681 3699 736 mandu-

2053 770 2139 821 cat
2166 783 2273 834 me,
2304 776 2354 821 et
2386 768 2503 836 ipse
2535 766 2672 821 vivet
2701 775 2919 837 propter
2965 784 3054 822 me
3083 767 3147 825 6°.
3180 768 3296 824 Nec
3350 785 3485 824 vero
3534 769 3703 826 aliter

2057 858 2504 910 manducaretur
2536 855 2645 910 nisi
2680 856 2737 910 in
2771 872 2964 913 carne.
3002 857 3221 913 Etenim
3274 857 3537 912 Christus
3567 875 3699 914 cum

2056 942 2232 999 simul
2262 943 2413 998 Deus
2442 944 2517 998 sit
2547 949 2603 999 et
2630 945 2788 999 idem
2822 945 2993 1002 homo
3028 947 3335 1017 perfectus,
3361 947 3706 1004 utrumlibet

2056 1033 2377 1088 secundum
2412 1033 2777 1103 alterutram,
2809 1035 2980 1091 exiis
3030 1036 3255 1091 naturis
3303 1036 3515 1108 quibus
3566 1053 3705 1093 con-

2057 1126 2194 1188 stat,
2245 1121 2545 1193 appellari,
2596 1127 2655 1178 et
2708 1125 3028 1180 secundum
3089 1125 3429 1183 alterutram
3476 1128 3706 1198 proprie

2057 1215 2353 1282 spectatus
2383 1211 2496 1267 dici
2529 1216 2738 1283 potest,
2770 1217 2973 1269 neutra
3020 1214 3371 1287 proprietate
3415 1215 3476 1271 in
3506 1215 3706 1287 singu-

2056 1300 2285 1357 laritate
2316 1317 2571 1371 personae
2600 1301 2687 1357 vel
2718 1301 3011 1358 diminuta
3039 1303 3129 1358 vel
3169 1304 3495 1360 commista.

2131 1392 2200 1445 Et
2228 1390 2393 1447 testis
2422 1392 2658 1462 quidem
2689 1391 2863 1461 hujus
2906 1393 3206 1448 sententiae
3259 1393 3415 1449 Deus
3456 1395 3608 1451 idem
3634 1412 3703 1452 ac

2058 1478 2339 1545 Verbum,
2373 1480 2585 1536 alicubi
2617 1481 2817 1536 dicens
2852 1498 2865 1536 :
2899 1482 3039 1550 Quid
3066 1498 3154 1538 me
3202 1486 3453 1554 quaeritis
3482 1486 3704 1556 interﬁ-

2058 1586 2193 1637 cere,
2228 1570 2502 1627 hominem
2530 1574 2624 1643 qui
2655 1574 2936 1627 veritatem
2966 1573 3113 1628 vobis
3149 1573 3355 1629 locutus
3384 1591 3503 1630 sum
3532 1576 3622 1630 7°?
3642 1579 3710 1631 Et

2061 1660 2161 1730 qui
2187 1660 2307 1713 haec
2340 1664 2537 1715 tamen
2571 1660 2736 1728 dixit,
2776 1662 2922 1717 Deus
2953 1662 3128 1717 etiam
3180 1663 3531 1719 immortalis
3575 1663 3707 1720 fuit.

2058 1750 2210 1804 Alibi
2279 1766 2409 1806 vero
2468 1750 2628 1806 aiens
2680 1767 2694 1805 :
2764 1753 2856 1807 Vos
2913 1752 3116 1820 dicitis,
3148 1755 3283 1823 quia
3341 1754 3704 1824 blasphemas,

2061 1842 2193 1910 quia
2222 1841 2342 1895 dixi
2372 1858 2390 1893 :
2449 1842 2621 1895 Filius
2682 1841 2783 1896 Dei
2837 1858 2959 1897 sum
2987 1843 3053 1896 τί.
3087 1847 3155 1897 Et
3195 1861 3332 1899 sane
3389 1861 3524 1900 cum
3583 1846 3705 1903 hac

2059 1928 2295 1999 diceret,
2329 1930 2485 1986 ﬁlius
2538 1931 2716 1986 etiam
2762 1932 3019 1987 hominis
3060 1932 3187 1987 fuit.
3229 1934 3324 1989 Sic
3362 1936 3516 2005 quod
3569 1952 3706 2007 pro-

2059 2019 2252 2090 prium
2282 2026 2370 2075 est
2398 2020 2738 2077 alterutrius
2769 2022 3177 2093 appellationis
3200 2022 3461 2081 alterutri
3484 2031 3703 2082 natura

2059 2108 2405 2177 tribuentes,
2439 2127 2473 2165 a
2503 2127 2636 2166 vero
2669 2112 3012 2183 neutiquam
3065 2113 3427 2169 aberramus.
3462 2117 3707 2180 Quando

2060 2200 2255 2252 autem
2286 2203 2342 2253 et
2371 2198 2549 2268 hujus
2591 2216 2702 2255 vox
2748 2201 2924 2257 ﬁnem
2974 2203 3218 2273 accepit,
3253 2204 3371 2267 jam
3421 2205 3713 2261 Theodoti

2061 2302 2319 2358 quasnam
2352 2287 2484 2344 est?
2510 2311 2531 2338 ι
2567 2290 2914 2345 Sanctorum
2936 2290 3098 2346 ideas
3132 2307 3247 2347 non
3270 2292 3329 2347 in
3351 2292 3709 2365 imaginibus

2061 2395 2129 2434 ex
2186 2379 2398 2435 crassis
2455 2378 2747 2435 coloribus
2826 2381 3143 2436 informare
3198 2383 3553 2453 accepimus,
3607 2386 3709 2441 sed

2061 2470 2400 2525 eorumdem
2433 2470 2674 2526 virtutes
2708 2486 2808 2540 per
2828 2487 2896 2527 ea
2925 2488 3049 2541 quis
3080 2474 3148 2527 de
3177 2472 3319 2542 ipsis
3337 2471 3709 2530 declarantur

2061 2560 2120 2615 in
2156 2561 2337 2614 sacris
2369 2559 2707 2631 Scripturis,
2735 2560 2901 2631 quasi
2926 2562 3212 2631 quasdam
3235 2563 3526 2618 animatas
3557 2564 3710 2620 ima-

2061 2650 2226 2721 gines
2274 2650 2597 2719 exprimere
2637 2649 2821 2704 edocti
2860 2665 3088 2718 sumus,
3134 2666 3203 2706 ex
3240 2666 3357 2721 quo
3404 2653 3525 2721 pari
3574 2670 3708 2709 cum

2062 2740 2205 2808 ipsis
2237 2737 2435 2794 studio
2463 2738 2800 2794 incitamur.
2830 2739 3034 2795 Dicant
3064 2740 3273 2795 deinde
3302 2740 3405 2811 qui
3430 2741 3576 2797 tales
3598 2743 3712 2799 for-

2063 2843 2295 2883 marum
2322 2827 2542 2899 efﬁgies
2571 2826 2822 2899 erigunt,
2846 2844 3020 2893 quem
3051 2844 3119 2883 ex
3151 2827 3264 2884 illis
3310 2828 3563 2902 denique
3595 2831 3713 2886 fru-

2062 2923 2217 2973 ctum
2252 2922 2688 2989 consoquantur
2719 2933 2733 2971 :
2763 2922 2863 2972 aut
2885 2918 2957 2973 ad
2985 2934 3157 2987 quam
3180 2933 3247 2973 ex
3272 2934 3470 2974 earum
3506 2920 3716 2976 admo-

2064 3008 2281 3063 nitione
2311 3007 2630 3078 spirilalem
2658 3006 3203 3076 contemplationem
3236 3014 3571 3072 assurgunt.
3600 3010 3712 3066 Sed

2065 3097 2438 3168 perspicuum
2485 3101 2574 3151 est
2620 3098 2854 3152 inanem
2887 3097 3165 3167 ejusmodi
3221 3098 3706 3169 excogitationem

2061 3203 2206 3255 esse,
2239 3192 2295 3241 et
2320 3186 2611 3241 diabolicae
2643 3186 2785 3241 artis
2824 3187 3125 3242 inventum
3158 3186 3225 3238 ⁷³.
3263 3209 3291 3237 ››
3336 3192 3457 3243 Non
3508 3190 3706 3245 statim

2063 3276 2598 3346 reprehendendum
2657 3275 2934 3331 orationis
2963 3275 3260 3331 exordium
3293 3282 3380 3332 est
3418 3277 3528 3333 etsi
3560 3279 3707 3334 viam

2064 3365 2286 3421 muniat
2317 3366 2389 3420 ad
2436 3366 2689 3419 absurda
2741 3381 2870 3436 quaa
2919 3371 3401 3436 consequuntur:
3453 3369 3716 3436 quando-

2064 3455 2303 3525 quidem
2335 3462 2391 3510 et
2422 3454 2588 3509 multi
2619 3470 2650 3510 e
2700 3456 2883 3510 sacris
2932 3455 3269 3511 doctoribus
3319 3456 3714 3514 narrationem

2066 3561 2192 3616 quae
2223 3560 2358 3600 voce
2388 3545 2473 3613 ﬁt,
2507 3542 2794 3600 utiliorem
2836 3545 3203 3599 arbitrantur
3245 3551 3485 3617 aspectu
3509 3545 3715 3620 imagi-

2062 3650 2224 3701 num,
2258 3650 2446 3705 neque
2480 3634 2632 3689 hunc
2666 3638 2863 3689 tamen
2892 3635 3262 3704 vituperant;
3296 3634 3394 3690 alii
3426 3652 3557 3691 vero
3587 3637 3712 3692 vice

2061 3740 2241 3779 versa.
2275 3723 2387 3779 Sed
2439 3724 2679 3795 perinde
2726 3727 2835 3791 est,
2870 3730 2931 3778 ut
2976 3739 3225 3796 magnus
3275 3726 3356 3780 ait
3403 3725 3657 3783 Basilius
3694 3744 3710 3783 :

2061 3834 2089 3862 «
2120 3811 2265 3868 Nam
2296 3829 2424 3883 quae
2457 3812 2805 3869 narrationis
2836 3828 3027 3868 sermo
3052 3829 3153 3884 per
3174 3813 3440 3869 auditum
3472 3815 3714 3886 ingerit,

2061 3901 2171 3957 hoc
2202 3901 2421 3972 pictura
2452 3903 2633 3958 silens
2667 3918 2764 3973 per
2790 3902 3171 3958 imitationem
3201 3903 3464 3958 ostendit
3495 3904 3560 3958 ⁷⁸.
3595 3924 3622 3952 ››
3648 3905 3727 3958 At

2061 4006 2167 4045 nec
2197 4007 2401 4046 omnes
2432 3992 2700 4063 pictores,
2733 4006 2835 4046 nec
2866 4006 3070 4045 omnes
3100 3994 3240 4046 sunt
3277 3995 3532 4046 oratores
3565 4007 3578 4044 :
3612 3993 3713 4046 sed

2061 4090 2230 4153 prout
2281 4080 2597 4151 unicuique
2645 4080 2799 4135 Deus
2864 4080 3065 4149 gratia:
3116 4080 3358 4135 modum
3405 4080 3705 4151 impertiit.

2062 4171 2268 4238 Quare,
2300 4169 2521 4225 omissa
2547 4169 2653 4224 hac
2681 4168 3101 4240 propositione,
3135 4168 3205 4223 ad
3239 4173 3575 4238 sequentem
3611 4185 3713 4224 ve-

2062 4259 2200 4313 niat.
2238 4280 2263 4311 α
2297 4258 2502 4314 Dicant
2532 4259 2739 4314 deinde
2788 4258 2885 4328 qui
2932 4259 3071 4313 tales
3120 4257 3436 4313 formarum
3485 4258 3706 4327 efﬁgies

2060 4354 2161 4404 aut
2185 4349 2254 4405 ad
2289 4365 2464 4421 quam
2496 4366 2564 4404 ex
2592 4364 2786 4404 earum
2824 4346 3221 4403 admonitione
3242 4347 3567 4419 spiritalem
3598 4348 3713 4403 eri-

2063 4444 2224 4510 gunt,
2250 4455 2420 4509 quem
2442 4454 2511 4494 ex
2540 4436 2656 4493 illis
2678 4438 2930 4509 denique
2953 4438 3209 4492 fructum
3232 4442 3671 4508 consequantur
3705 4464 3723 4503 ε

2067 4527 2615 4598 contemplationem
2646 4532 2975 4600 assurgunt.
3014 4548 3044 4577 »

2144 4622 2532 4689 Interrogatur
2552 4617 2806 4673 vicissim
2844 4617 2932 4672 vir
2962 4621 3263 4684 strennus,
3285 4616 3419 4688 quis
3446 4632 3559 4671 non
3583 4615 3717 4671 inde

2064 4708 2307 4776 fructus,
2340 4724 2466 4779 quae
2490 4724 2606 4761 non
2637 4707 2732 4777 pia
2761 4706 3181 4778 contemplatio
3213 4705 3457 4761 oriatur.
3492 4707 3639 4760 Nam
3662 4695 3715 4759 si

2064 4796 2342 4868 imaginis
2372 4801 2582 4852 natura
2612 4801 2703 4850 est
2735 4800 2796 4850 ut
2836 4797 2913 4851 sit
2958 4795 3256 4865 archetypi
3305 4793 3714 4861 simulacrum,

2067 4886 2561 4957 quemadmodum
2619 4885 2699 4941 ait
2755 4885 3073 4958 Gregorius
3128 4882 3476 4955 Theologus,
3538 4889 3596 4939 et
3654 4884 3714 4939 in

2068 4975 2324 5047 imagine
2372 4976 2753 5045 archetypum
2797 4975 3074 5044 cernitur,
3127 4978 3188 5029 ut
3240 4972 3719 5044 sapientissimus

2068 5064 2376 5137 Dionysius
2410 5065 2671 5137 loquitur
2703 5080 2715 5117 :
2746 5063 3119 5135 perspicuum
3150 5066 3240 5119 est
3268 5080 3337 5118 ex
3382 5062 3720 5129 simulacro,

2097 5193 2142 5226 τ’
2195 5191 2410 5249 Concil.
2471 5192 2685 5248 Nicmni
2744 5208 2806 5261 ιι,
2839 5195 2949 5247 act.
2982 5192 3035 5246 6.
3114 5189 3159 5225 ⁷³
3218 5192 3483 5246 Hom.20
3538 5190 3599 5246 in
3655 5192 3725 5246 40

1907 5353 2135 5409 NOT/E.

396 5458 473 5529 (4)
502 5458 564 5511 In
597 5457 724 5512 cod.
761 5458 896 5528 Reg.
931 5460 1001 5512 ad
1052 5474 1213 5513 oram
1254 5457 1386 5512 libri
1416 5475 1429 5512 :
1464 5456 1655 5512 ’ἰστέον
1700 5460 1776 5520 ὡς
1827 5463 1959 5517 6εὸ-

322 5529 472 5584 δοτοι
512 5529 900 5606 τέσσαρεςμὺπὸ
928 5533 1025 5583 τοῦ
1074 5530 1257 5606 ἁγίου⁸
1282 5532 1602 5606 ξωφρονίομ
1633 5532 1961 5606 ἀναθεματί-

324 5607 545 5691 ζονταιε·
581 5597 704 5689 ἀλλ’
738 5600 789 5691 αἱ
823 5601 917 5691 μὲν
946 5605 1090 5675 τρεῖς
1122 5597 1441 5691 πρόδηιλοὶξ
1474 5601 1504 5691 6
1542 5598 1599 5654 δὲ
1637 5604 1712 5663 εἷς
1757 5597 1961 5691 atavo-

326 5672 606 5746 poc,_61t6
650 5670 707 5746 ξε
750 5670 941 5746 ἐτέρου
981 5670 1355 5746 ’πατρὸςηὼς
1405 5672 1658 5746 ἀνέγνων,
1704 5674 1964 5736 Θεόδοτος

322 5738 609 5821 ςΑγὲώρων
648 5738 1028 5818 διαϐέϐληται.
1062 5738 1357 5803 Sciendum
1406 5750 1483 5802 est
1508 5738 1767 5819 'quatuor
1797 5747 1966 5806 Tkeo-

2068 5465 2219 5519 datos
2247 5481 2282 5519 a
2308 5468 2496 5520 saneto
2524 5465 2831 5534 Sophronia
2863 5462 3323 5519 anathematizari
3352 5477 3423 5516 ac
3450 5469 3565 5518 tres
3594 5462 3724 5532 qui—

2069 5536 2190 5591 dem
2218 5535 2338 5590 noti
2365 5543 2494 5591 sunt
2525 5551 2544 5590 :
2572 5534 2663 5591 hic
2690 5542 2876 5590 autem
2922 5551 3065 5591 unus
3109 5538 3231 5589 sine
3274 5536 3620 5605 cognomine,
3647 5535 3720 5590 ab

2069 5609 2245 5663 altero
2276 5610 2464 5673 Patre,
2493 5608 2634 5661 sicut
2665 5607 2795 5678 tegi,
2818 5607 3136 5676 infamatur
3165 5610 3429 5677 tanquam
3457 5606 3531 5661 sit
3564 5606 3728 5663 Theo-

2073 5680 2236 5735 dotus
2269 5680 2612 5749 Ancyranus.
