  <div class='ocr_page' id='page_1' title='image "/cluster/home/n/w/nwhite01/storage/ocr_20150623/99/mdp.39015005675577/615.png"; bbox 0 0 4062 6280; ppageno 0'>
   <div class='ocr_carea' id='block_1_1' title="bbox 428 336 580 400">
    <p class='ocr_par' dir='ltr' id='par_1_1' title="bbox 428 336 580 400">
     <span class='ocr_line' id='line_1_1' title="bbox 428 336 580 400; baseline -0.013 0"><span class='ocrx_word' id='word_1_1' title='bbox 428 336 580 400; x_wconf 61' lang='lat'><strong>1919</strong></span> 
     </span>
    </p>
   </div>
   <div class='ocr_carea' id='block_1_2' title="bbox 1656 333 2573 406">
    <p class='ocr_par' dir='ltr' id='par_1_2' title="bbox 1656 333 2573 406">
     <span class='ocr_line' id='line_1_2' title="bbox 1656 333 2573 406; baseline 0.007 -7"><span class='ocrx_word' id='word_1_2' title='bbox 1656 333 1718 402; x_wconf 89' lang='lat' dir='ltr'><strong>S.</strong></span> <span class='ocrx_word' id='word_1_3' title='bbox 1762 337 2166 401; x_wconf 82' lang='lat' dir='ltr'><strong>THEODORI</strong></span> <span class='ocrx_word' id='word_1_4' title='bbox 2210 341 2573 406; x_wconf 69' lang='lat' dir='ltr'><strong>STUDITIE</strong></span> 
     </span>
    </p>
   </div>
   <div class='ocr_carea' id='block_1_3' title="bbox 3663 355 3810 418">
    <p class='ocr_par' dir='ltr' id='par_1_3' title="bbox 3663 355 3810 418">
     <span class='ocr_line' id='line_1_3' title="bbox 3663 355 3810 418; baseline 0.007 -1"><span class='ocrx_word' id='word_1_5' title='bbox 3663 355 3810 418; x_wconf 79' lang='lat'><strong>1220</strong></span> 
     </span>
    </p>
   </div>
   <div class='ocr_carea' id='block_1_4' title="bbox 425 473 2056 561">
    <p class='ocr_par' dir='ltr' id='par_1_4' title="bbox 425 473 2056 548">
     <span class='ocr_line' id='line_1_4' title="bbox 425 473 2056 548; baseline 0.001 -18"><span class='ocrx_word' id='word_1_6' title='bbox 425 475 534 530; x_wconf 89' lang='lat' dir='ltr'><strong>hoc</strong></span> <span class='ocrx_word' id='word_1_7' title='bbox 564 477 672 543; x_wconf 89' lang='lat' dir='ltr'><strong>est,</strong></span> <span class='ocrx_word' id='word_1_8' title='bbox 695 490 764 531; x_wconf 83' lang='lat' dir='ltr'><strong>ex</strong></span> <span class='ocrx_word' id='word_1_9' title='bbox 796 475 1052 547; x_wconf 82' lang='lat' dir='ltr'><strong>imagine</strong></span> <span class='ocrx_word' id='word_1_10' title='bbox 1081 473 1699 547; x_wconf 59' lang='lat' dir='ltr'><strong>magnamfutilitatem</strong></span> <span class='ocrx_word' id='word_1_11' title='bbox 1731 476 1968 548; x_wconf 83' lang='lat' dir='ltr'><strong>percipi,</strong></span> <span class='ocrx_word' id='word_1_12' title='bbox 1997 492 2056 532; x_wconf 89' lang='lat' dir='ltr'><strong>ac</strong></span> 
     </span>
    </p>
   </div>
   <div class='ocr_carea' id='block_1_5' title="bbox 2165 473 3812 561">
    <p class='ocr_par' dir='ltr' id='par_1_5' title="bbox 2176 475 3812 561">
     <span class='ocr_line' id='line_1_5' title="bbox 2176 475 3812 561; baseline 0.009 -31"><span class='ocrx_word' id='word_1_13' title='bbox 2176 475 2346 551; x_wconf 81' lang='grc' dir='ltr'>ἤγουν</span> <span class='ocrx_word' id='word_1_14' title='bbox 2380 477 2608 551; x_wconf 84' lang='grc' dir='ltr'><strong>εἰκόνος,</strong></span> <span class='ocrx_word' id='word_1_15' title='bbox 2644 479 2788 537; x_wconf 87' lang='grc' dir='ltr'>πολὺ</span> <span class='ocrx_word' id='word_1_16' title='bbox 2825 483 2888 538; x_wconf 87' lang='grc' dir='ltr'>τὸ</span> <span class='ocrx_word' id='word_1_17' title='bbox 2920 480 3119 559; x_wconf 77' lang='grc' dir='ltr'>ὄφελος</span> <span class='ocrx_word' id='word_1_18' title='bbox 3146 487 3361 561; x_wconf 86' lang='grc' dir='ltr'>πρόεισι</span> <span class='ocrx_word' id='word_1_19' title='bbox 3399 505 3413 521; x_wconf 81' lang='grc'><strong><em>⁸</em></strong></span> <span class='ocrx_word' id='word_1_20' title='bbox 3446 487 3534 544; x_wconf 82' lang='grc' dir='ltr'><strong>καὶ</strong></span> <span class='ocrx_word' id='word_1_21' title='bbox 3590 486 3680 544; x_wconf 71' lang='grc' dir='ltr'><strong>διὰ</strong></span> <span class='ocrx_word' id='word_1_22' title='bbox 3723 493 3812 545; x_wconf 74' lang='grc' dir='ltr'>τοῦ</span> 
     </span>
    </p>
   </div>
   <div class='ocr_carea' id='block_1_6' title="bbox 426 563 2070 638">
    <p class='ocr_par' dir='ltr' id='par_1_6' title="bbox 426 563 2070 638">
     <span class='ocr_line' id='line_1_6' title="bbox 426 563 2070 638; baseline 0.001 -18"><span class='ocrx_word' id='word_1_23' title='bbox 426 581 528 638; x_wconf 90' lang='lat' dir='ltr'><strong>per</strong></span> <span class='ocrx_word' id='word_1_24' title='bbox 557 565 940 621; x_wconf 80' lang='lat' dir='ltr'><strong>simulacrum</strong></span> <span class='ocrx_word' id='word_1_25' title='bbox 981 565 1222 620; x_wconf 81' lang='lat' dir='ltr'><strong>existere</strong></span> <span class='ocrx_word' id='word_1_26' title='bbox 1253 563 1635 635; x_wconf 84' lang='lat' dir='ltr'><strong>multiplicem</strong></span> <span class='ocrx_word' id='word_1_27' title='bbox 1670 566 1823 622; x_wconf 88' lang='lat' dir='ltr'><strong>circa</strong></span> <span class='ocrx_word' id='word_1_28' title='bbox 1861 567 2070 622; x_wconf 90' lang='lat' dir='ltr'><strong>arche-</strong></span> 
     </span>
    </p>
   </div>
   <div class='ocr_carea' id='block_1_7' title="bbox 425 655 2067 729">
    <p class='ocr_par' dir='ltr' id='par_1_7' title="bbox 425 655 2067 729">
     <span class='ocr_line' id='line_1_7' title="bbox 425 655 2067 729; baseline 0.001 -19"><span class='ocrx_word' id='word_1_29' title='bbox 425 659 629 727; x_wconf 82' lang='lat' dir='ltr'><strong>typum</strong></span> <span class='ocrx_word' id='word_1_30' title='bbox 666 656 873 711; x_wconf 88' lang='lat' dir='ltr'><strong>mentis</strong></span> <span class='ocrx_word' id='word_1_31' title='bbox 903 655 1478 729; x_wconf 84' lang='lat' dir='ltr'><strong>contemplationem.</strong></span> <span class='ocrx_word' id='word_1_32' title='bbox 1512 662 1591 712; x_wconf 85' lang='lat' dir='ltr'><strong>Ac</strong></span> <span class='ocrx_word' id='word_1_33' title='bbox 1631 659 1797 712; x_wconf 89' lang='lat' dir='ltr'><strong>testis</strong></span> <span class='ocrx_word' id='word_1_34' title='bbox 1829 657 2067 728; x_wconf 84' lang='lat' dir='ltr'><strong>quidem</strong></span> 
     </span>
    </p>
   </div>
   <div class='ocr_carea' id='block_1_8' title="bbox 423 745 2070 819">
    <p class='ocr_par' dir='ltr' id='par_1_8' title="bbox 423 745 2070 819">
     <span class='ocr_line' id='line_1_8' title="bbox 423 745 2070 819; baseline 0.001 -19"><span class='ocrx_word' id='word_1_35' title='bbox 423 746 658 801; x_wconf 88' lang='lat' dir='ltr'><strong>divinus</strong></span> <span class='ocrx_word' id='word_1_36' title='bbox 690 745 956 812; x_wconf 80' lang='lat' dir='ltr'><strong>Basilius,</strong></span> <span class='ocrx_word' id='word_1_37' title='bbox 991 747 1200 802; x_wconf 79' lang='lat' dir='ltr'><strong>alicubi</strong></span> <span class='ocrx_word' id='word_1_38' title='bbox 1232 746 1431 803; x_wconf 89' lang='lat' dir='ltr'><strong>dicens</strong></span> <span class='ocrx_word' id='word_1_39' title='bbox 1464 764 1477 801; x_wconf 93' lang='lat'><strong>:</strong></span> <span class='ocrx_word' id='word_1_40' title='bbox 1511 768 1540 798; x_wconf 83' lang='lat'>«</span> <span class='ocrx_word' id='word_1_41' title='bbox 1582 745 1848 819; x_wconf 79' lang='lat' dir='ltr'><strong>lmagz&#39;nis</strong></span> <span class='ocrx_word' id='word_1_42' title='bbox 1897 748 2070 804; x_wconf 82' lang='lat' dir='ltr'><strong>honor</strong></span> 
     </span>
    </p>
   </div>
   <div class='ocr_carea' id='block_1_9' title="bbox 423 835 2070 906">
    <p class='ocr_par' dir='ltr' id='par_1_9' title="bbox 423 835 2070 906">
     <span class='ocr_line' id='line_1_9' title="bbox 423 835 2070 906; baseline 0.001 -16"><span class='ocrx_word' id='word_1_43' title='bbox 423 835 493 890; x_wconf 85' lang='lat' dir='ltr'><strong>ad</strong></span> <span class='ocrx_word' id='word_1_44' title='bbox 521 842 873 906; x_wconf 78' lang='lat' dir='ltr'><strong>prototypum</strong></span> <span class='ocrx_word' id='word_1_45' title='bbox 903 837 1149 891; x_wconf 73' lang='lat' dir='ltr'><strong>ascendit</strong></span> <span class='ocrx_word' id='word_1_46' title='bbox 1177 837 1240 891; x_wconf 70' lang='grc'><strong>⁷⁸.</strong></span> <span class='ocrx_word' id='word_1_47' title='bbox 1275 857 1304 886; x_wconf 83' lang='grc'><strong>››</strong></span> <span class='ocrx_word' id='word_1_48' title='bbox 1337 837 1397 892; x_wconf 92' lang='lat' dir='ltr'><strong>Si</strong></span> <span class='ocrx_word' id='word_1_49' title='bbox 1450 835 1713 892; x_wconf 84' lang='lat' dir='ltr'><strong>ascendit</strong></span> <span class='ocrx_word' id='word_1_50' title='bbox 1761 842 1977 902; x_wconf 91' lang='lat' dir='ltr'><strong>autem,</strong></span> <span class='ocrx_word' id='word_1_51' title='bbox 2012 841 2070 892; x_wconf 86' lang='lat' dir='ltr'><strong>et</strong></span> 
     </span>
    </p>
   </div>
   <div class='ocr_carea' id='block_1_10' title="bbox 423 924 2064 998">
    <p class='ocr_par' dir='ltr' id='par_1_10' title="bbox 423 924 2064 998">
     <span class='ocr_line' id='line_1_10' title="bbox 423 924 2064 998; baseline 0.001 -19"><span class='ocrx_word' id='word_1_52' title='bbox 423 925 727 980; x_wconf 88' lang='lat' dir='ltr'><strong>descendit</strong></span> <span class='ocrx_word' id='word_1_53' title='bbox 757 924 911 980; x_wconf 90' lang='lat' dir='ltr'><strong>haud</strong></span> <span class='ocrx_word' id='word_1_54' title='bbox 955 925 1128 980; x_wconf 86' lang='lat' dir='ltr'><strong>dubie</strong></span> <span class='ocrx_word' id='word_1_55' title='bbox 1179 926 1249 981; x_wconf 92' lang='lat' dir='ltr'><strong>ad</strong></span> <span class='ocrx_word' id='word_1_56' title='bbox 1296 926 1608 995; x_wconf 74' lang='lat' dir='ltr'><strong>imaginem</strong></span> <span class='ocrx_word' id='word_1_57' title='bbox 1659 942 1692 981; x_wconf 91' lang='lat' dir='ltr'><strong>a</strong></span> <span class='ocrx_word' id='word_1_58' title='bbox 1739 931 2064 998; x_wconf 84' lang='lat' dir='ltr'><strong>prototypo.</strong></span> 
     </span>
    </p>
   </div>
   <div class='ocr_carea' id='block_1_11' title="bbox 421 1017 2068 1087">
    <p class='ocr_par' dir='ltr' id='par_1_11' title="bbox 421 1017 2068 1087">
     <span class='ocr_line' id='line_1_11' title="bbox 421 1017 2068 1087; baseline 0.002 -16"><span class='ocrx_word' id='word_1_59' title='bbox 421 1021 602 1072; x_wconf 90' lang='lat' dir='ltr'><strong>Nemo</strong></span> <span class='ocrx_word' id='word_1_60' title='bbox 624 1031 755 1072; x_wconf 87' lang='lat' dir='ltr'><strong>vero</strong></span> <span class='ocrx_word' id='word_1_61' title='bbox 784 1017 864 1072; x_wconf 90' lang='lat' dir='ltr'><strong>ita</strong></span> <span class='ocrx_word' id='word_1_62' title='bbox 885 1017 1094 1087; x_wconf 87' lang='lat' dir='ltr'><strong>desipit</strong></span> <span class='ocrx_word' id='word_1_63' title='bbox 1125 1025 1184 1071; x_wconf 91' lang='lat' dir='ltr'><strong>ut</strong></span> <span class='ocrx_word' id='word_1_64' title='bbox 1206 1017 1360 1072; x_wconf 88' lang='lat' dir='ltr'><strong>dicat</strong></span> <span class='ocrx_word' id='word_1_65' title='bbox 1386 1017 1660 1072; x_wconf 83' lang='lat' dir='ltr'><strong>honorem</strong></span> <span class='ocrx_word' id='word_1_66' title='bbox 1699 1017 1918 1072; x_wconf 88' lang='lat' dir='ltr'><strong>nullius</strong></span> <span class='ocrx_word' id='word_1_67' title='bbox 1941 1033 2068 1074; x_wconf 85' lang='lat' dir='ltr'><strong>esse</strong></span> 
     </span>
    </p>
   </div>
   <div class='ocr_carea' id='block_1_12' title="bbox 421 1105 2066 1174">
    <p class='ocr_par' dir='ltr' id='par_1_12' title="bbox 421 1105 2066 1174">
     <span class='ocr_line' id='line_1_12' title="bbox 421 1105 2066 1174; baseline 0.001 -14"><span class='ocrx_word' id='word_1_68' title='bbox 421 1105 712 1174; x_wconf 79' lang='lat' dir='ltr'><strong>utilitatis,</strong></span> <span class='ocrx_word' id='word_1_69' title='bbox 745 1111 845 1162; x_wconf 89' lang='lat' dir='ltr'><strong>aut</strong></span> <span class='ocrx_word' id='word_1_70' title='bbox 891 1106 1275 1162; x_wconf 77' lang='lat' dir='ltr'><strong>simulacrum</strong></span> <span class='ocrx_word' id='word_1_71' title='bbox 1306 1124 1419 1163; x_wconf 92' lang='lat' dir='ltr'><strong>non</strong></span> <span class='ocrx_word' id='word_1_72' title='bbox 1452 1123 1580 1162; x_wconf 90' lang='lat' dir='ltr'><strong>esse</strong></span> <span class='ocrx_word' id='word_1_73' title='bbox 1624 1107 1702 1162; x_wconf 89' lang='lat' dir='ltr'><strong>rei</strong></span> <span class='ocrx_word' id='word_1_74' title='bbox 1735 1106 2066 1162; x_wconf 67' lang='lat' dir='ltr'><strong>assimilatas</strong></span> 
     </span>
    </p>
   </div>
   <div class='ocr_carea' id='block_1_13' title="bbox 417 1195 2064 1268">
    <p class='ocr_par' dir='ltr' id='par_1_13' title="bbox 417 1195 2064 1268">
     <span class='ocr_line' id='line_1_13' title="bbox 417 1195 2064 1268; baseline 0.001 -18"><span class='ocrx_word' id='word_1_75' title='bbox 417 1211 748 1266; x_wconf 82' lang='lat' dir='ltr'><strong>expressam</strong></span> <span class='ocrx_word' id='word_1_76' title='bbox 782 1197 1056 1268; x_wconf 76' lang='lat' dir='ltr'><strong>efﬁgiem,</strong></span> <span class='ocrx_word' id='word_1_77' title='bbox 1094 1195 1176 1252; x_wconf 92' lang='lat' dir='ltr'><strong>ita</strong></span> <span class='ocrx_word' id='word_1_78' title='bbox 1224 1201 1290 1252; x_wconf 86' lang='lat' dir='ltr'><strong>ut</strong></span> <span class='ocrx_word' id='word_1_79' title='bbox 1331 1195 1579 1252; x_wconf 89' lang='lat' dir='ltr'><strong>alterum</strong></span> <span class='ocrx_word' id='word_1_80' title='bbox 1629 1197 1688 1252; x_wconf 91' lang='lat' dir='ltr'><strong>in</strong></span> <span class='ocrx_word' id='word_1_81' title='bbox 1739 1198 1920 1253; x_wconf 90' lang='lat' dir='ltr'><strong>altero</strong></span> <span class='ocrx_word' id='word_1_82' title='bbox 1967 1197 2064 1262; x_wconf 90' lang='lat' dir='ltr'><strong>sit,</strong></span> 
     </span>
    </p>
   </div>
   <div class='ocr_carea' id='block_1_14' title="bbox 411 1285 2066 1358">
    <p class='ocr_par' dir='ltr' id='par_1_14' title="bbox 411 1285 2066 1358">
     <span class='ocr_line' id='line_1_14' title="bbox 411 1285 2066 1358; baseline 0.001 -18"><span class='ocrx_word' id='word_1_83' title='bbox 411 1285 579 1356; x_wconf 82' lang='lat' dir='ltr'><strong>juxta</strong></span> <span class='ocrx_word' id='word_1_84' title='bbox 608 1285 872 1341; x_wconf 87' lang='lat' dir='ltr'><strong>divinum</strong></span> <span class='ocrx_word' id='word_1_85' title='bbox 914 1286 1256 1357; x_wconf 83' lang='lat' dir='ltr'><strong>Dionysium</strong></span> <span class='ocrx_word' id='word_1_86' title='bbox 1291 1303 1305 1340; x_wconf 91' lang='lat'><strong>:</strong></span> <span class='ocrx_word' id='word_1_87' title='bbox 1347 1303 1461 1358; x_wconf 84' lang='lat' dir='ltr'><strong>quo</strong></span> <span class='ocrx_word' id='word_1_88' title='bbox 1511 1287 1650 1358; x_wconf 85' lang='lat' dir='ltr'><strong>quid</strong></span> <span class='ocrx_word' id='word_1_89' title='bbox 1699 1303 1826 1342; x_wconf 90' lang='lat' dir='ltr'><strong>esse</strong></span> <span class='ocrx_word' id='word_1_90' title='bbox 1865 1285 2066 1342; x_wconf 89' lang='lat' dir='ltr'><strong>utilius</strong></span> 
     </span>
    </p>
   </div>
   <div class='ocr_carea' id='block_1_15' title="bbox 418 1373 2066 1449">
    <p class='ocr_par' dir='ltr' id='par_1_15' title="bbox 418 1373 2066 1449">
     <span class='ocr_line' id='line_1_15' title="bbox 418 1373 2066 1449; baseline 0 -17"><span class='ocrx_word' id='word_1_91' title='bbox 418 1380 609 1449; x_wconf 85' lang='lat' dir='ltr'><strong>potest</strong></span> <span class='ocrx_word' id='word_1_92' title='bbox 637 1374 724 1430; x_wconf 89' lang='lat' dir='ltr'><strong>vel</strong></span> <span class='ocrx_word' id='word_1_93' title='bbox 755 1377 821 1430; x_wconf 89' lang='lat' dir='ltr'><strong>ad</strong></span> <span class='ocrx_word' id='word_1_94' title='bbox 855 1375 1135 1431; x_wconf 86' lang='lat' dir='ltr'><strong>sublimia</strong></span> <span class='ocrx_word' id='word_1_95' title='bbox 1181 1376 1378 1431; x_wconf 90' lang='lat' dir='ltr'><strong>animo</strong></span> <span class='ocrx_word' id='word_1_96' title='bbox 1430 1373 1911 1446; x_wconf 80' lang='lat' dir='ltr'><strong>contemplanda!</strong></span> <span class='ocrx_word' id='word_1_97' title='bbox 1964 1378 2066 1432; x_wconf 86' lang='lat' dir='ltr'><strong>Est</strong></span> 
     </span>
    </p>
   </div>
   <div class='ocr_carea' id='block_1_16' title="bbox 419 1465 2066 1538">
    <p class='ocr_par' dir='ltr' id='par_1_16' title="bbox 419 1465 2066 1538">
     <span class='ocr_line' id='line_1_16' title="bbox 419 1465 2066 1538; baseline 0.001 -18"><span class='ocrx_word' id='word_1_98' title='bbox 419 1465 574 1522; x_wconf 91' lang='lat' dir='ltr'><strong>enim</strong></span> <span class='ocrx_word' id='word_1_99' title='bbox 613 1466 1047 1538; x_wconf 70' lang='lat' dir='ltr'><strong>repraesentatio</strong></span> <span class='ocrx_word' id='word_1_100' title='bbox 1076 1466 1192 1537; x_wconf 87' lang='lat' dir='ltr'><strong>ipsi</strong></span> <span class='ocrx_word' id='word_1_101' title='bbox 1243 1482 1435 1522; x_wconf 90' lang='lat' dir='ltr'><strong>rerum</strong></span> <span class='ocrx_word' id='word_1_102' title='bbox 1486 1466 1744 1538; x_wconf 88' lang='lat' dir='ltr'><strong>aspectui</strong></span> <span class='ocrx_word' id='word_1_103' title='bbox 1777 1482 1876 1536; x_wconf 87' lang='lat' dir='ltr'><strong>par</strong></span> <span class='ocrx_word' id='word_1_104' title='bbox 1916 1483 1930 1521; x_wconf 90' lang='lat'><strong>:</strong></span> <span class='ocrx_word' id='word_1_105' title='bbox 1975 1471 2066 1522; x_wconf 86' lang='lat' dir='ltr'><strong>est</strong></span> 
     </span>
    </p>
   </div>
   <div class='ocr_carea' id='block_1_17' title="bbox 417 1554 2062 1627">
    <p class='ocr_par' dir='ltr' id='par_1_17' title="bbox 417 1554 2062 1627">
     <span class='ocr_line' id='line_1_17' title="bbox 417 1554 2062 1627; baseline -0.001 -15"><span class='ocrx_word' id='word_1_106' title='bbox 417 1557 636 1627; x_wconf 88' lang='lat' dir='ltr'><strong>imago,</strong></span> <span class='ocrx_word' id='word_1_107' title='bbox 680 1563 744 1610; x_wconf 89' lang='lat' dir='ltr'><strong>ut</strong></span> <span class='ocrx_word' id='word_1_108' title='bbox 791 1556 1020 1626; x_wconf 89' lang='lat' dir='ltr'><strong>proprio</strong></span> <span class='ocrx_word' id='word_1_109' title='bbox 1070 1556 1335 1626; x_wconf 83' lang='lat' dir='ltr'><strong>exemplo</strong></span> <span class='ocrx_word' id='word_1_110' title='bbox 1381 1559 1530 1623; x_wconf 88' lang='lat' dir='ltr'><strong>utar,</strong></span> <span class='ocrx_word' id='word_1_111' title='bbox 1564 1557 1634 1612; x_wconf 88' lang='lat' dir='ltr'><strong>ad</strong></span> <span class='ocrx_word' id='word_1_112' title='bbox 1686 1554 1826 1610; x_wconf 88' lang='lat' dir='ltr'><strong>solis</strong></span> <span class='ocrx_word' id='word_1_113' title='bbox 1873 1554 2062 1611; x_wconf 89' lang='lat' dir='ltr'><strong>lucem</strong></span> 
     </span>
    </p>
   </div>
   <div class='ocr_carea' id='block_1_18' title="bbox 420 1645 2065 1717">
    <p class='ocr_par' dir='ltr' id='par_1_18' title="bbox 420 1645 2065 1717">
     <span class='ocr_line' id='line_1_18' title="bbox 420 1645 2065 1717; baseline 0.001 -17"><span class='ocrx_word' id='word_1_114' title='bbox 420 1646 587 1717; x_wconf 89' lang='lat' dir='ltr'><strong>quasi</strong></span> <span class='ocrx_word' id='word_1_115' title='bbox 619 1646 767 1700; x_wconf 71' lang='lat' dir='ltr'><strong>lunae</strong></span> <span class='ocrx_word' id='word_1_116' title='bbox 802 1646 920 1700; x_wconf 88' lang='lat' dir='ltr'><strong>lux.</strong></span> <span class='ocrx_word' id='word_1_117' title='bbox 947 1645 1173 1717; x_wconf 84' lang='lat' dir='ltr'><strong>Alioqui</strong></span> <span class='ocrx_word' id='word_1_118' title='bbox 1198 1645 1246 1701; x_wconf 90' lang='lat' dir='ltr'><strong>si</strong></span> <span class='ocrx_word' id='word_1_119' title='bbox 1280 1663 1369 1701; x_wconf 90' lang='lat' dir='ltr'><strong>res</strong></span> <span class='ocrx_word' id='word_1_120' title='bbox 1399 1663 1567 1702; x_wconf 90' lang='lat' dir='ltr'><strong>secus</strong></span> <span class='ocrx_word' id='word_1_121' title='bbox 1598 1645 1790 1707; x_wconf 87' lang='lat' dir='ltr'><strong>habet,</strong></span> <span class='ocrx_word' id='word_1_122' title='bbox 1817 1647 1951 1716; x_wconf 92' lang='lat' dir='ltr'><strong>quid</strong></span> <span class='ocrx_word' id='word_1_123' title='bbox 1974 1663 2065 1702; x_wconf 87' lang='lat' dir='ltr'><strong>ve-</strong></span> 
     </span>
    </p>
   </div>
   <div class='ocr_carea' id='block_1_19' title="bbox 418 1735 2064 1807">
    <p class='ocr_par' dir='ltr' id='par_1_19' title="bbox 418 1735 2064 1807">
     <span class='ocr_line' id='line_1_19' title="bbox 418 1735 2064 1807; baseline 0.001 -17"><span class='ocrx_word' id='word_1_124' title='bbox 418 1737 636 1790; x_wconf 88' lang='lat' dir='ltr'><strong>teribus</strong></span> <span class='ocrx_word' id='word_1_125' title='bbox 676 1735 1110 1792; x_wconf 81' lang='lat' dir='ltr'><strong>tabernaculum</strong></span> <span class='ocrx_word' id='word_1_126' title='bbox 1140 1736 1457 1790; x_wconf 89' lang='lat' dir='ltr'><strong>testimonii</strong></span> <span class='ocrx_word' id='word_1_127' title='bbox 1500 1737 1737 1806; x_wconf 83' lang='lat' dir='ltr'><strong>profuit,</strong></span> <span class='ocrx_word' id='word_1_128' title='bbox 1779 1737 1929 1807; x_wconf 92' lang='lat' dir='ltr'><strong>quod</strong></span> <span class='ocrx_word' id='word_1_129' title='bbox 1957 1737 2064 1792; x_wconf 84' lang='lat' dir='ltr'><strong>fuit</strong></span> 
     </span>
    </p>
   </div>
   <div class='ocr_carea' id='block_1_20' title="bbox 2180 569 3811 652">
    <p class='ocr_par' dir='ltr' id='par_1_20' title="bbox 2180 569 3811 652">
     <span class='ocr_line' id='line_1_20' title="bbox 2180 569 3811 652; baseline 0.009 -33"><span class='ocrx_word' id='word_1_130' title='bbox 2180 569 2506 641; x_wconf 77' lang='grc' dir='ltr'><strong>μιμήματος</strong></span> <span class='ocrx_word' id='word_1_131' title='bbox 2553 569 2783 642; x_wconf 79' lang='grc' dir='ltr'><strong>πλείστη</strong></span> <span class='ocrx_word' id='word_1_132' title='bbox 2816 570 2904 628; x_wconf 79' lang='grc' dir='ltr'>ἓπί</span> <span class='ocrx_word' id='word_1_133' title='bbox 2949 574 3012 628; x_wconf 82' lang='grc' dir='ltr'>τὸ</span> <span class='ocrx_word' id='word_1_134' title='bbox 3065 573 3372 652; x_wconf 76' lang='grc' dir='ltr'>ἀρχέτυπον</span> <span class='ocrx_word' id='word_1_135' title='bbox 3411 579 3445 646; x_wconf 83' lang='grc' dir='ltr'>ἡ</span> <span class='ocrx_word' id='word_1_136' title='bbox 3477 581 3811 651; x_wconf 83' lang='grc' dir='ltr'>πνευματική</span> 
     </span>
    </p>
   </div>
   <div class='ocr_carea' id='block_1_21' title="bbox 2175 657 3814 736">
    <p class='ocr_par' dir='ltr' id='par_1_21' title="bbox 2175 657 3814 736">
     <span class='ocr_line' id='line_1_21' title="bbox 2175 657 3814 736; baseline 0.007 -26"><span class='ocrx_word' id='word_1_137' title='bbox 2175 657 2370 731; x_wconf 81' lang='grc' dir='ltr'><strong>θεωρία</strong></span> <span class='ocrx_word' id='word_1_138' title='bbox 2418 657 2608 716; x_wconf 79' lang='grc' dir='ltr'>ἄνεισι.</span> <span class='ocrx_word' id='word_1_139' title='bbox 2654 662 2751 716; x_wconf 80' lang='grc' dir='ltr'>Καὶ</span> <span class='ocrx_word' id='word_1_140' title='bbox 2804 663 3010 736; x_wconf 72' lang='grc' dir='ltr'>μάρτυς</span> <span class='ocrx_word' id='word_1_141' title='bbox 3057 665 3084 719; x_wconf 88' lang='grc' dir='ltr'><strong>ὁ</strong></span> <span class='ocrx_word' id='word_1_142' title='bbox 3133 666 3296 728; x_wconf 85' lang='grc' dir='ltr'>αὐτὸς</span> <span class='ocrx_word' id='word_1_143' title='bbox 3347 668 3490 728; x_wconf 83' lang='grc' dir='ltr'>θεῖος</span> <span class='ocrx_word' id='word_1_144' title='bbox 3539 669 3814 730; x_wconf 87' lang='grc' dir='ltr'>Βασίλειος</span> 
     </span>
    </p>
   </div>
   <div class='ocr_carea' id='block_1_22' title="bbox 2177 742 3818 830">
    <p class='ocr_par' dir='ltr' id='par_1_22' title="bbox 2177 742 3818 830">
     <span class='ocr_line' id='line_1_22' title="bbox 2177 742 3818 830; baseline 0.008 -31"><span class='ocrx_word' id='word_1_145' title='bbox 2177 742 2283 800; x_wconf 84' lang='grc' dir='ltr'><strong>ὧδέ</strong></span> <span class='ocrx_word' id='word_1_146' title='bbox 2312 767 2416 801; x_wconf 89' lang='grc' dir='ltr'><strong>που</strong></span> <span class='ocrx_word' id='word_1_147' title='bbox 2449 745 2625 823; x_wconf 75' lang='grc' dir='ltr'>λέγων</span> <span class='ocrx_word' id='word_1_148' title='bbox 2651 770 2662 781; x_wconf 74' lang='grc'><strong>⁸</strong></span> <span class='ocrx_word' id='word_1_149' title='bbox 2698 773 2727 802; x_wconf 72' lang='grc' dir='ltr'>ι(</span> <span class='ocrx_word' id='word_1_150' title='bbox 2759 751 2821 807; x_wconf 78' lang='grc' dir='ltr'><strong><em>Ἠ</em></strong></span> <span class='ocrx_word' id='word_1_151' title='bbox 2859 759 2961 822; x_wconf 81' lang='grc' dir='ltr'><strong>τῆς</strong></span> <span class='ocrx_word' id='word_1_152' title='bbox 2991 752 3198 816; x_wconf 83' lang='grc' dir='ltr'>εἰκόνος</span> <span class='ocrx_word' id='word_1_153' title='bbox 3247 756 3383 828; x_wconf 87' lang='grc' dir='ltr'><strong>τιμή</strong></span> <span class='ocrx_word' id='word_1_154' title='bbox 3434 756 3522 811; x_wconf 84' lang='grc' dir='ltr'>ἐπὶ</span> <span class='ocrx_word' id='word_1_155' title='bbox 3569 757 3634 812; x_wconf 84' lang='grc' dir='ltr'>τὸ</span> <span class='ocrx_word' id='word_1_156' title='bbox 3677 778 3818 830; x_wconf 88' lang='grc' dir='ltr'>πρω-</span> 
     </span>
    </p>
   </div>
   <div class='ocr_carea' id='block_1_23' title="bbox 2171 833 3817 913">
    <p class='ocr_par' dir='ltr' id='par_1_23' title="bbox 2171 833 3817 913">
     <span class='ocr_line' id='line_1_23' title="bbox 2171 833 3817 913; baseline 0.006 -23"><span class='ocrx_word' id='word_1_157' title='bbox 2171 833 2403 890; x_wconf 87' lang='grc' dir='ltr'>τότυπον</span> <span class='ocrx_word' id='word_1_158' title='bbox 2448 833 2744 896; x_wconf 75' lang='grc' dir='ltr'>ἀναϐαίνει.</span> <span class='ocrx_word' id='word_1_159' title='bbox 2781 863 2809 890; x_wconf 87' lang='grc'><strong>››</strong></span> <span class='ocrx_word' id='word_1_160' title='bbox 2857 840 2918 896; x_wconf 85' lang='grc' dir='ltr'>Εἰ</span> <span class='ocrx_word' id='word_1_161' title='bbox 2973 839 3030 895; x_wconf 77' lang='grc' dir='ltr'>δὲ</span> <span class='ocrx_word' id='word_1_162' title='bbox 3085 838 3383 913; x_wconf 81' lang='grc' dir='ltr'>ἀναϐαίνει,</span> <span class='ocrx_word' id='word_1_163' title='bbox 3439 843 3529 899; x_wconf 85' lang='grc' dir='ltr'><strong>καὶ</strong></span> <span class='ocrx_word' id='word_1_164' title='bbox 3586 845 3817 901; x_wconf 79' lang='grc' dir='ltr'><strong>κάτεισιν</strong></span> 
     </span>
    </p>
   </div>
   <div class='ocr_carea' id='block_1_24' title="bbox 2175 919 3818 1008">
    <p class='ocr_par' dir='ltr' id='par_1_24' title="bbox 2175 919 3818 1008">
     <span class='ocr_line' id='line_1_24' title="bbox 2175 919 3818 1008; baseline 0.007 -30"><span class='ocrx_word' id='word_1_165' title='bbox 2175 919 2412 992; x_wconf 69' lang='grc' dir='ltr'>εὔδηλον</span> <span class='ocrx_word' id='word_1_166' title='bbox 2463 925 2551 980; x_wconf 81' lang='grc' dir='ltr'>ἐπὶ</span> <span class='ocrx_word' id='word_1_167' title='bbox 2599 928 2698 995; x_wconf 75' lang='grc' dir='ltr'><strong>τήν</strong></span> <span class='ocrx_word' id='word_1_168' title='bbox 2751 928 2929 983; x_wconf 84' lang='grc' dir='ltr'>εἰκόνα</span> <span class='ocrx_word' id='word_1_169' title='bbox 2979 931 3084 985; x_wconf 84' lang='grc' dir='ltr'>ἀπὸ</span> <span class='ocrx_word' id='word_1_170' title='bbox 3127 935 3224 986; x_wconf 81' lang='grc' dir='ltr'>τοῦ</span> <span class='ocrx_word' id='word_1_171' title='bbox 3271 934 3657 1008; x_wconf 80' lang='grc' dir='ltr'>πρωτοτόπου.</span> <span class='ocrx_word' id='word_1_172' title='bbox 3711 933 3818 991; x_wconf 75' lang='grc' dir='ltr'><strong>Οὔκ</strong></span> 
     </span>
    </p>
   </div>
   <div class='ocr_carea' id='block_1_25' title="bbox 2175 1010 3814 1098">
    <p class='ocr_par' dir='ltr' id='par_1_25' title="bbox 2175 1010 3814 1098">
     <span class='ocr_line' id='line_1_25' title="bbox 2175 1010 3814 1098; baseline 0.007 -33"><span class='ocrx_word' id='word_1_173' title='bbox 2175 1011 2234 1066; x_wconf 79' lang='grc' dir='ltr'><strong>ἂν</strong></span> <span class='ocrx_word' id='word_1_174' title='bbox 2287 1010 2345 1067; x_wconf 81' lang='grc' dir='ltr'>δέ</span> <span class='ocrx_word' id='word_1_175' title='bbox 2391 1035 2473 1098; x_wconf 67' lang='grc' dir='ltr'><strong>τις</strong></span> <span class='ocrx_word' id='word_1_176' title='bbox 2518 1014 2852 1086; x_wconf 83' lang='grc' dir='ltr'>ἀνοηταίνων</span> <span class='ocrx_word' id='word_1_177' title='bbox 2905 1017 3161 1093; x_wconf 76' lang='grc' dir='ltr'>ἀνωφελῆ</span> <span class='ocrx_word' id='word_1_178' title='bbox 3214 1023 3315 1090; x_wconf 75' lang='grc' dir='ltr'>τὴν</span> <span class='ocrx_word' id='word_1_179' title='bbox 3369 1023 3541 1094; x_wconf 73' lang='grc' dir='ltr'>τιμήν</span> <span class='ocrx_word' id='word_1_180' title='bbox 3576 1020 3814 1078; x_wconf 67' lang='grc' dir='ltr'>ε’ίποιενο</span> 
     </span>
    </p>
   </div>
   <div class='ocr_carea' id='block_1_26' title="bbox 2177 1097 3816 1184">
    <p class='ocr_par' dir='ltr' id='par_1_26' title="bbox 2177 1097 3816 1184">
     <span class='ocr_line' id='line_1_26' title="bbox 2177 1097 3816 1184; baseline 0.008 -30"><span class='ocrx_word' id='word_1_181' title='bbox 2177 1097 2290 1155; x_wconf 80' lang='grc' dir='ltr'>οὐδ’</span> <span class='ocrx_word' id='word_1_182' title='bbox 2319 1101 2385 1155; x_wconf 77' lang='grc' dir='ltr'>αὖ</span> <span class='ocrx_word' id='word_1_183' title='bbox 2435 1103 2495 1157; x_wconf 80' lang='grc' dir='ltr'>τὸ</span> <span class='ocrx_word' id='word_1_184' title='bbox 2547 1106 2778 1177; x_wconf 86' lang='grc' dir='ltr'>μίμημα</span> <span class='ocrx_word' id='word_1_185' title='bbox 2830 1108 2905 1179; x_wconf 79' lang='grc' dir='ltr'>μή</span> <span class='ocrx_word' id='word_1_186' title='bbox 2954 1106 3082 1182; x_wconf 82' lang='grc' dir='ltr'>οὐχὶ</span> <span class='ocrx_word' id='word_1_187' title='bbox 3130 1113 3226 1163; x_wconf 80' lang='grc' dir='ltr'><strong>τοῦ</strong></span> <span class='ocrx_word' id='word_1_188' title='bbox 3255 1111 3651 1184; x_wconf 73' lang='grc' dir='ltr'>μεμιμημένου</span> <span class='ocrx_word' id='word_1_189' title='bbox 3685 1111 3816 1167; x_wconf 82' lang='grc' dir='ltr'>ἀπο·</span> 
     </span>
    </p>
   </div>
   <div class='ocr_carea' id='block_1_27' title="bbox 2172 1188 3815 1273">
    <p class='ocr_par' dir='ltr' id='par_1_27' title="bbox 2172 1188 3815 1273">
     <span class='ocr_line' id='line_1_27' title="bbox 2172 1188 3815 1273; baseline 0.007 -30"><span class='ocrx_word' id='word_1_190' title='bbox 2172 1188 2445 1264; x_wconf 83' lang='grc' dir='ltr'><strong>τύπωμα·</strong></span> <span class='ocrx_word' id='word_1_191' title='bbox 2500 1193 2574 1254; x_wconf 85' lang='grc' dir='ltr'><strong>ὡς</strong></span> <span class='ocrx_word' id='word_1_192' title='bbox 2631 1195 2767 1248; x_wconf 79' lang='grc' dir='ltr'>εἶναι</span> <span class='ocrx_word' id='word_1_193' title='bbox 2828 1196 3074 1271; x_wconf 77' lang='grc' dir='ltr'>ἑκάτερον</span> <span class='ocrx_word' id='word_1_194' title='bbox 3129 1198 3180 1252; x_wconf 84' lang='grc' dir='ltr'>ἐν</span> <span class='ocrx_word' id='word_1_195' title='bbox 3242 1199 3479 1273; x_wconf 72' lang='grc' dir='ltr'>ἑκατέρῳ</span> <span class='ocrx_word' id='word_1_196' title='bbox 3535 1201 3672 1254; x_wconf 73' lang='grc' dir='ltr'>κατὰ</span> <span class='ocrx_word' id='word_1_197' title='bbox 3728 1202 3815 1256; x_wconf 84' lang='grc' dir='ltr'><strong>τὸν</strong></span> 
     </span>
    </p>
   </div>
   <div class='ocr_carea' id='block_1_28' title="bbox 2175 1279 3814 1363">
    <p class='ocr_par' dir='ltr' id='par_1_28' title="bbox 2175 1279 3814 1363">
     <span class='ocr_line' id='line_1_28' title="bbox 2175 1279 3814 1363; baseline 0.007 -31"><span class='ocrx_word' id='word_1_198' title='bbox 2175 1281 2315 1333; x_wconf 87' lang='grc' dir='ltr'>θεῖον</span> <span class='ocrx_word' id='word_1_199' title='bbox 2347 1279 2661 1336; x_wconf 77' lang='grc' dir='ltr'>Διονύσιον·</span> <span class='ocrx_word' id='word_1_200' title='bbox 2697 1284 2758 1338; x_wconf 82' lang='grc' dir='ltr'><strong>οὗ</strong></span> <span class='ocrx_word' id='word_1_201' title='bbox 2815 1286 2868 1339; x_wconf 89' lang='grc' dir='ltr'><strong>τί</strong></span> <span class='ocrx_word' id='word_1_202' title='bbox 2921 1286 2977 1340; x_wconf 78' lang='grc' dir='ltr'><strong>ἂν</strong></span> <span class='ocrx_word' id='word_1_203' title='bbox 3029 1285 3242 1361; x_wconf 75' lang='grc' dir='ltr'>γένοιτο</span> <span class='ocrx_word' id='word_1_204' title='bbox 3292 1285 3720 1363; x_wconf 81' lang='grc' dir='ltr'>ὠφελιμώτερόν</span> <span class='ocrx_word' id='word_1_205' title='bbox 3759 1310 3814 1344; x_wconf 89' lang='grc' dir='ltr'><strong>τε</strong></span> 
     </span>
    </p>
   </div>
   <div class='ocr_carea' id='block_1_29' title="bbox 2172 1370 3812 1455">
    <p class='ocr_par' dir='ltr' id='par_1_29' title="bbox 2172 1370 3812 1455">
     <span class='ocr_line' id='line_1_29' title="bbox 2172 1370 3812 1455; baseline 0.006 -31"><span class='ocrx_word' id='word_1_206' title='bbox 2172 1370 2264 1425; x_wconf 85' lang='grc' dir='ltr'><strong>καὶ</strong></span> <span class='ocrx_word' id='word_1_207' title='bbox 2321 1371 2838 1449; x_wconf 87' lang='grc' dir='ltr'>ἀναγωγικώτερον;</span> <span class='ocrx_word' id='word_1_208' title='bbox 2871 1375 3144 1455; x_wconf 83' lang='grc' dir='ltr'>Ἑμφασις</span> <span class='ocrx_word' id='word_1_209' title='bbox 3201 1376 3304 1453; x_wconf 81' lang='grc' dir='ltr'><strong>γάρ</strong></span> <span class='ocrx_word' id='word_1_210' title='bbox 3363 1377 3477 1432; x_wconf 77' lang='grc' dir='ltr'>ἐστι</span> <span class='ocrx_word' id='word_1_211' title='bbox 3531 1387 3634 1449; x_wconf 82' lang='grc' dir='ltr'><strong>τῆς</strong></span> <span class='ocrx_word' id='word_1_212' title='bbox 3693 1380 3812 1434; x_wconf 80' lang='grc' dir='ltr'>αὖτ-</span> 
     </span>
    </p>
   </div>
   <div class='ocr_carea' id='block_1_30' title="bbox 2175 1462 3814 1545">
    <p class='ocr_par' dir='ltr' id='par_1_30' title="bbox 2175 1462 3814 1545">
     <span class='ocr_line' id='line_1_30' title="bbox 2175 1462 3814 1545; baseline 0.007 -31"><span class='ocrx_word' id='word_1_213' title='bbox 2175 1462 2356 1534; x_wconf 81' lang='grc' dir='ltr'>οψίας,</span> <span class='ocrx_word' id='word_1_214' title='bbox 2389 1463 2480 1516; x_wconf 83' lang='grc' dir='ltr'><strong>καὶ</strong></span> <span class='ocrx_word' id='word_1_215' title='bbox 2512 1464 2825 1533; x_wconf 84' lang='grc' dir='ltr'>σεληνιαῐόν</span> <span class='ocrx_word' id='word_1_216' title='bbox 2871 1486 2924 1519; x_wconf 85' lang='grc' dir='ltr'><strong>τι</strong></span> <span class='ocrx_word' id='word_1_217' title='bbox 2980 1470 3114 1543; x_wconf 80' lang='grc' dir='ltr'>φῶς,</span> <span class='ocrx_word' id='word_1_218' title='bbox 3145 1464 3241 1522; x_wconf 74' lang='grc' dir='ltr'>’ίνα</span> <span class='ocrx_word' id='word_1_219' title='bbox 3287 1468 3375 1522; x_wconf 84' lang='grc' dir='ltr'>καὶ</span> <span class='ocrx_word' id='word_1_220' title='bbox 3417 1469 3608 1542; x_wconf 80' lang='grc' dir='ltr'>οἰκείῳ</span> <span class='ocrx_word' id='word_1_221' title='bbox 3642 1490 3814 1545; x_wconf 85' lang='grc' dir='ltr'>παρα-</span> 
     </span>
    </p>
   </div>
   <div class='ocr_carea' id='block_1_31' title="bbox 2173 1547 3810 1635">
    <p class='ocr_par' dir='ltr' id='par_1_31' title="bbox 2173 1547 3810 1635">
     <span class='ocr_line' id='line_1_31' title="bbox 2173 1547 3810 1635; baseline 0.005 -31"><span class='ocrx_word' id='word_1_222' title='bbox 2173 1547 2424 1625; x_wconf 81' lang='grc' dir='ltr'><strong>δείγματι</strong></span> <span class='ocrx_word' id='word_1_223' title='bbox 2486 1555 2807 1627; x_wconf 75' lang='grc' dir='ltr'><strong>χρήσωμαι,</strong></span> <span class='ocrx_word' id='word_1_224' title='bbox 2867 1556 3002 1630; x_wconf 85' lang='grc' dir='ltr'>πρὸς</span> <span class='ocrx_word' id='word_1_225' title='bbox 3061 1555 3290 1624; x_wconf 80' lang='grc' dir='ltr'>ἡλιακὸν</span> <span class='ocrx_word' id='word_1_226' title='bbox 3343 1563 3456 1635; x_wconf 82' lang='grc' dir='ltr'><strong>φῶς</strong></span> <span class='ocrx_word' id='word_1_227' title='bbox 3516 1561 3552 1629; x_wconf 77' lang='grc' dir='ltr'>ἡ</span> <span class='ocrx_word' id='word_1_228' title='bbox 3616 1560 3810 1615; x_wconf 75' lang='grc' dir='ltr'>εἰκώνο</span> 
     </span>
    </p>
   </div>
   <div class='ocr_carea' id='block_1_32' title="bbox 2172 1639 3808 1721">
    <p class='ocr_par' dir='ltr' id='par_1_32' title="bbox 2172 1639 3808 1721">
     <span class='ocr_line' id='line_1_32' title="bbox 2172 1639 3808 1721; baseline 0.007 -27"><span class='ocrx_word' id='word_1_229' title='bbox 2172 1639 2286 1696; x_wconf 83' lang='grc' dir='ltr'>ἐπεὶ</span> <span class='ocrx_word' id='word_1_230' title='bbox 2345 1641 2390 1696; x_wconf 85' lang='grc' dir='ltr'><strong>εἰ</strong></span> <span class='ocrx_word' id='word_1_231' title='bbox 2453 1645 2528 1716; x_wconf 83' lang='grc' dir='ltr'>μή</span> <span class='ocrx_word' id='word_1_232' title='bbox 2585 1649 2770 1709; x_wconf 73' lang='grc' dir='ltr'>τοῦτο,</span> <span class='ocrx_word' id='word_1_233' title='bbox 2800 1644 2852 1700; x_wconf 88' lang='grc' dir='ltr'><strong>τί</strong></span> <span class='ocrx_word' id='word_1_234' title='bbox 2906 1646 3111 1716; x_wconf 86' lang='grc' dir='ltr'>ὀνίνησι</span> <span class='ocrx_word' id='word_1_235' title='bbox 3169 1647 3296 1712; x_wconf 76' lang='grc' dir='ltr'>τοὺς</span> <span class='ocrx_word' id='word_1_236' title='bbox 3351 1649 3522 1705; x_wconf 86' lang='grc' dir='ltr'>πάλαι</span> <span class='ocrx_word' id='word_1_237' title='bbox 3567 1653 3603 1720; x_wconf 82' lang='grc' dir='ltr'>ἠ</span> <span class='ocrx_word' id='word_1_238' title='bbox 3635 1653 3808 1721; x_wconf 84' lang='grc' dir='ltr'>σκηνή</span> 
     </span>
    </p>
   </div>
   <div class='ocr_carea' id='block_1_33' title="bbox 2170 1731 3810 1813">
    <p class='ocr_par' dir='ltr' id='par_1_33' title="bbox 2170 1731 3810 1813">
     <span class='ocr_line' id='line_1_33' title="bbox 2170 1731 3810 1813; baseline 0.007 -32"><span class='ocrx_word' id='word_1_239' title='bbox 2170 1732 2267 1782; x_wconf 78' lang='grc' dir='ltr'><strong>τοῦ</strong></span> <span class='ocrx_word' id='word_1_240' title='bbox 2346 1731 2666 1807; x_wconf 82' lang='grc' dir='ltr'>μαρτυρίου,</span> <span class='ocrx_word' id='word_1_241' title='bbox 2741 1734 2972 1806; x_wconf 89' lang='grc' dir='ltr'>μίμημα</span> <span class='ocrx_word' id='word_1_242' title='bbox 3047 1733 3179 1789; x_wconf 78' lang='grc' dir='ltr'>οὖσα</span> <span class='ocrx_word' id='word_1_243' title='bbox 3251 1741 3358 1791; x_wconf 80' lang='grc' dir='ltr'>τῶν</span> <span class='ocrx_word' id='word_1_244' title='bbox 3436 1737 3810 1813; x_wconf 76' lang='grc' dir='ltr'>ἐπουρανίωνς</span> 
     </span>
    </p>
   </div>
   <div class='ocr_carea' id='block_1_34' title="bbox 421 1818 2056 1924">
    <p class='ocr_par' dir='ltr' id='par_1_34' title="bbox 421 1825 2056 1882">
     <span class='ocr_line' id='line_1_34' title="bbox 421 1825 2056 1882; baseline 0.001 -2"><span class='ocrx_word' id='word_1_245' title='bbox 421 1825 744 1881; x_wconf 75' lang='grc' dir='ltr'>οωιοειίυω</span> <span class='ocrx_word' id='word_1_246' title='bbox 779 1825 1207 1881; x_wconf 80' lang='lat' dir='ltr'><strong>simulacrum?</strong></span> <span class='ocrx_word' id='word_1_247' title='bbox 1239 1830 1381 1880; x_wconf 89' lang='lat' dir='ltr'><strong>Nam</strong></span> <span class='ocrx_word' id='word_1_248' title='bbox 1415 1830 1471 1881; x_wconf 90' lang='lat' dir='ltr'><strong>et</strong></span> <span class='ocrx_word' id='word_1_249' title='bbox 1501 1827 1620 1882; x_wconf 89' lang='lat' dir='ltr'><strong>illic</strong></span> <span class='ocrx_word' id='word_1_250' title='bbox 1669 1842 1800 1882; x_wconf 87' lang='lat' dir='ltr'><strong>cum</strong></span> <span class='ocrx_word' id='word_1_251' title='bbox 1845 1827 2056 1882; x_wconf 68' lang='lat' dir='ltr'><strong>caneris</strong></span> 
     </span>
    </p>
   </div>
   <div class='ocr_carea' id='block_1_35' title="bbox 2165 1818 3814 1924">
    <p class='ocr_par' dir='ltr' id='par_1_35' title="bbox 2171 1818 3814 1900">
     <span class='ocr_line' id='line_1_35' title="bbox 2171 1818 3814 1900; baseline 0.007 -28"><span class='ocrx_word' id='word_1_252' title='bbox 2171 1818 2336 1873; x_wconf 83' lang='grc' dir='ltr'>Κάκεῖ</span> <span class='ocrx_word' id='word_1_253' title='bbox 2371 1823 2472 1894; x_wconf 84' lang='grc' dir='ltr'><strong>γάρ</strong></span> <span class='ocrx_word' id='word_1_254' title='bbox 2531 1822 2666 1882; x_wconf 75' lang='grc' dir='ltr'><strong>μετά</strong></span> <span class='ocrx_word' id='word_1_255' title='bbox 2710 1827 2815 1876; x_wconf 81' lang='grc' dir='ltr'>τῶν</span> <span class='ocrx_word' id='word_1_256' title='bbox 2864 1821 3049 1879; x_wconf 80' lang='grc' dir='ltr'>ἄλλων</span> <span class='ocrx_word' id='word_1_257' title='bbox 3097 1821 3387 1899; x_wconf 70' lang='grc' dir='ltr'>Χερουϐὶμ</span> <span class='ocrx_word' id='word_1_258' title='bbox 3439 1825 3602 1900; x_wconf 81' lang='grc' dir='ltr'>δόξης</span> <span class='ocrx_word' id='word_1_259' title='bbox 3652 1849 3814 1882; x_wconf 81' lang='grc' dir='ltr'>κατα-</span> 
     </span>
    </p>
   </div>
   <div class='ocr_carea' id='block_1_36' title="bbox 424 1914 2060 1988">
    <p class='ocr_par' dir='ltr' id='par_1_36' title="bbox 424 1914 2060 1988">
     <span class='ocr_line' id='line_1_36' title="bbox 424 1914 2060 1988; baseline 0.001 -18"><span class='ocrx_word' id='word_1_260' title='bbox 424 1914 736 1971; x_wconf 89' lang='lat' dir='ltr'><strong>Cherubim</strong></span> <span class='ocrx_word' id='word_1_261' title='bbox 790 1915 986 1988; x_wconf 75' lang='lat' dir='ltr'><strong>glorias</strong></span> <span class='ocrx_word' id='word_1_262' title='bbox 1065 1916 1529 1988; x_wconf 84' lang='lat' dir='ltr'><strong>propitiatorium</strong></span> <span class='ocrx_word' id='word_1_263' title='bbox 1597 1915 1945 1986; x_wconf 87' lang='lat' dir='ltr'><strong>obtegebant</strong></span> <span class='ocrx_word' id='word_1_264' title='bbox 1995 1916 2060 1984; x_wconf 74' lang='grc'><strong>⁷⁵,</strong></span> 
     </span>
    </p>
   </div>
   <div class='ocr_carea' id='block_1_37' title="bbox 419 2004 2060 2078">
    <p class='ocr_par' dir='ltr' id='par_1_37' title="bbox 419 2004 2060 2078">
     <span class='ocr_line' id='line_1_37' title="bbox 419 2004 2060 2078; baseline -0.001 -18"><span class='ocrx_word' id='word_1_265' title='bbox 419 2004 529 2060; x_wconf 89' lang='lat' dir='ltr'><strong>hoc</strong></span> <span class='ocrx_word' id='word_1_266' title='bbox 560 2012 664 2066; x_wconf 86' lang='lat' dir='ltr'><strong>est,</strong></span> <span class='ocrx_word' id='word_1_267' title='bbox 698 2006 982 2078; x_wconf 86' lang='lat' dir='ltr'><strong>imagines</strong></span> <span class='ocrx_word' id='word_1_268' title='bbox 1013 2005 1271 2060; x_wconf 89' lang='lat' dir='ltr'><strong>humana</strong></span> <span class='ocrx_word' id='word_1_269' title='bbox 1313 2005 1698 2060; x_wconf 85' lang='lat' dir='ltr'><strong>similitudine</strong></span> <span class='ocrx_word' id='word_1_270' title='bbox 1727 2021 2012 2076; x_wconf 68' lang='lat' dir='ltr'><strong>expressae</strong></span> <span class='ocrx_word' id='word_1_271' title='bbox 2046 2021 2060 2058; x_wconf 90' lang='lat'><strong>:</strong></span> 
     </span>
    </p>
   </div>
   <div class='ocr_carea' id='block_1_38' title="bbox 419 2093 2065 2163">
    <p class='ocr_par' dir='ltr' id='par_1_38' title="bbox 419 2093 2065 2163">
     <span class='ocr_line' id='line_1_38' title="bbox 419 2093 2065 2163; baseline 0 -13"><span class='ocrx_word' id='word_1_272' title='bbox 419 2111 621 2150; x_wconf 86' lang='lat' dir='ltr'><strong>omnes</strong></span> <span class='ocrx_word' id='word_1_273' title='bbox 655 2096 725 2151; x_wconf 89' lang='lat' dir='ltr'><strong>ad</strong></span> <span class='ocrx_word' id='word_1_274' title='bbox 778 2101 1029 2152; x_wconf 90' lang='lat' dir='ltr'><strong>mentem</strong></span> <span class='ocrx_word' id='word_1_275' title='bbox 1081 2111 1319 2151; x_wconf 87' lang='lat' dir='ltr'><strong>sursum</strong></span> <span class='ocrx_word' id='word_1_276' title='bbox 1370 2093 1754 2149; x_wconf 88' lang='lat' dir='ltr'><strong>attollendam</strong></span> <span class='ocrx_word' id='word_1_277' title='bbox 1809 2105 1973 2163; x_wconf 73' lang='lat' dir='ltr'><strong>aptae,</strong></span> <span class='ocrx_word' id='word_1_278' title='bbox 2008 2101 2065 2151; x_wconf 88' lang='lat' dir='ltr'><strong>et</strong></span> 
     </span>
    </p>
   </div>
   <div class='ocr_carea' id='block_1_39' title="bbox 417 2185 2064 2258">
    <p class='ocr_par' dir='ltr' id='par_1_39' title="bbox 417 2185 2064 2258">
     <span class='ocr_line' id='line_1_39' title="bbox 417 2185 2064 2258; baseline 0 -17"><span class='ocrx_word' id='word_1_279' title='bbox 417 2185 942 2258; x_wconf 83' lang='lat' dir='ltr'><strong>contemplationes</strong></span> <span class='ocrx_word' id='word_1_280' title='bbox 965 2185 1321 2241; x_wconf 84' lang='lat' dir='ltr'><strong>adorationis</strong></span> <span class='ocrx_word' id='word_1_281' title='bbox 1355 2185 1414 2240; x_wconf 92' lang='lat' dir='ltr'><strong>in</strong></span> <span class='ocrx_word' id='word_1_282' title='bbox 1455 2185 1688 2256; x_wconf 85' lang='lat' dir='ltr'><strong>spiritu.</strong></span> <span class='ocrx_word' id='word_1_283' title='bbox 1713 2185 1952 2240; x_wconf 88' lang='lat' dir='ltr'><strong>Frustra</strong></span> <span class='ocrx_word' id='word_1_284' title='bbox 1971 2201 2064 2241; x_wconf 89' lang='lat' dir='ltr'><strong>ve-</strong></span> 
     </span>
    </p>
   </div>
   <div class='ocr_carea' id='block_1_40' title="bbox 417 2275 2060 2348">
    <p class='ocr_par' dir='ltr' id='par_1_40' title="bbox 417 2275 2060 2348">
     <span class='ocr_line' id='line_1_40' title="bbox 417 2275 2060 2348; baseline 0 -15"><span class='ocrx_word' id='word_1_285' title='bbox 417 2294 476 2334; x_wconf 91' lang='lat' dir='ltr'><strong>ro</strong></span> <span class='ocrx_word' id='word_1_286' title='bbox 508 2277 700 2345; x_wconf 92' lang='lat' dir='ltr'><strong>nobis,</strong></span> <span class='ocrx_word' id='word_1_287' title='bbox 733 2277 1052 2332; x_wconf 89' lang='lat' dir='ltr'><strong>secundum</strong></span> <span class='ocrx_word' id='word_1_288' title='bbox 1084 2276 1245 2332; x_wconf 87' lang='lat' dir='ltr'><strong>illam</strong></span> <span class='ocrx_word' id='word_1_289' title='bbox 1280 2277 1760 2348; x_wconf 90' lang='lat' dir='ltr'><strong>propositionem,</strong></span> <span class='ocrx_word' id='word_1_290' title='bbox 1784 2285 1837 2330; x_wconf 89' lang='lat' dir='ltr'><strong>et</strong></span> <span class='ocrx_word' id='word_1_291' title='bbox 1867 2275 2060 2348; x_wconf 89' lang='lat' dir='ltr'><strong>imago</strong></span> 
     </span>
    </p>
   </div>
   <div class='ocr_carea' id='block_1_41' title="bbox 418 2366 2059 2439">
    <p class='ocr_par' dir='ltr' id='par_1_41' title="bbox 418 2366 2059 2439">
     <span class='ocr_line' id='line_1_41' title="bbox 418 2366 2059 2439; baseline -0.001 -15"><span class='ocrx_word' id='word_1_292' title='bbox 418 2369 609 2424; x_wconf 88' lang='lat' dir='ltr'><strong>crucis</strong></span> <span class='ocrx_word' id='word_1_293' title='bbox 644 2369 910 2423; x_wconf 81' lang='lat' dir='ltr'><strong>:‘frustra</strong></span> <span class='ocrx_word' id='word_1_294' title='bbox 959 2372 1016 2422; x_wconf 89' lang='lat' dir='ltr'><strong>et</strong></span> <span class='ocrx_word' id='word_1_295' title='bbox 1062 2383 1193 2439; x_wconf 63' lang='lat' dir='ltr'><strong>quas</strong></span> <span class='ocrx_word' id='word_1_296' title='bbox 1241 2367 1500 2422; x_wconf 88' lang='lat' dir='ltr'><strong>lanceam</strong></span> <span class='ocrx_word' id='word_1_297' title='bbox 1536 2383 1550 2422; x_wconf 88' lang='lat'><strong>:</strong></span> <span class='ocrx_word' id='word_1_298' title='bbox 1587 2366 1805 2422; x_wconf 83' lang='lat' dir='ltr'><strong>frustra</strong></span> <span class='ocrx_word' id='word_1_299' title='bbox 1833 2373 1892 2422; x_wconf 90' lang='lat' dir='ltr'><strong>et</strong></span> <span class='ocrx_word' id='word_1_300' title='bbox 1931 2384 2059 2438; x_wconf 68' lang='lat' dir='ltr'><strong>quas</strong></span> 
     </span>
    </p>
   </div>
   <div class='ocr_carea' id='block_1_42' title="bbox 384 2455 2061 2530">
    <p class='ocr_par' dir='ltr' id='par_1_42' title="bbox 384 2455 2061 2530">
     <span class='ocr_line' id='line_1_42' title="bbox 384 2455 2061 2530; baseline -0.001 -17"><span class='ocrx_word' id='word_1_301' title='bbox 384 2483 386 2486; x_wconf 54' lang='grc' dir='ltr'><strong>ν</strong></span> <span class='ocrx_word' id='word_1_302' title='bbox 412 2459 718 2530; x_wconf 91' lang='lat' dir='ltr'><strong>spongiam</strong></span> <span class='ocrx_word' id='word_1_303' title='bbox 757 2461 1129 2530; x_wconf 65' lang='lat' dir='ltr'><strong>repraesentat</strong></span> <span class='ocrx_word' id='word_1_304' title='bbox 1163 2472 1177 2511; x_wconf 91' lang='lat'>:</span> <span class='ocrx_word' id='word_1_305' title='bbox 1205 2457 1488 2528; x_wconf 88' lang='lat' dir='ltr'><strong>siquidem</strong></span> <span class='ocrx_word' id='word_1_306' title='bbox 1513 2462 1566 2512; x_wconf 91' lang='lat' dir='ltr'><strong>et</strong></span> <span class='ocrx_word' id='word_1_307' title='bbox 1586 2456 1706 2511; x_wconf 67' lang='lat' dir='ltr'><strong>haec</strong></span> <span class='ocrx_word' id='word_1_308' title='bbox 1737 2455 2061 2512; x_wconf 88' lang='lat' dir='ltr'><strong>simulacra</strong></span> 
     </span>
    </p>
   </div>
   <div class='ocr_carea' id='block_1_43' title="bbox 409 2545 2061 2614">
    <p class='ocr_par' dir='ltr' id='par_1_43' title="bbox 409 2545 2061 2614">
     <span class='ocr_line' id='line_1_43' title="bbox 409 2545 2061 2614; baseline -0.001 -11"><span class='ocrx_word' id='word_1_309' title='bbox 409 2552 568 2614; x_wconf 88' lang='lat' dir='ltr'><strong>sunt,</strong></span> <span class='ocrx_word' id='word_1_310' title='bbox 601 2547 710 2604; x_wconf 90' lang='lat' dir='ltr'><strong>etsi</strong></span> <span class='ocrx_word' id='word_1_311' title='bbox 738 2565 852 2604; x_wconf 92' lang='lat' dir='ltr'><strong>non</strong></span> <span class='ocrx_word' id='word_1_312' title='bbox 919 2549 1186 2603; x_wconf 76' lang='lat' dir='ltr'><strong>humanas</strong></span> <span class='ocrx_word' id='word_1_313' title='bbox 1235 2545 1688 2602; x_wconf 87' lang='lat' dir='ltr'><strong>similitudinis:</strong></span> <span class='ocrx_word' id='word_1_314' title='bbox 1741 2546 1954 2601; x_wconf 79' lang='lat' dir='ltr'><strong>frustra</strong></span> <span class='ocrx_word' id='word_1_315' title='bbox 2001 2551 2061 2602; x_wconf 82' lang='lat' dir='ltr'><strong>et</strong></span> 
     </span>
    </p>
   </div>
   <div class='ocr_carea' id='block_1_44' title="bbox 411 2635 2056 2710">
    <p class='ocr_par' dir='ltr' id='par_1_44' title="bbox 411 2635 2056 2710">
     <span class='ocr_line' id='line_1_44' title="bbox 411 2635 2056 2710; baseline -0.001 -17"><span class='ocrx_word' id='word_1_316' title='bbox 411 2654 772 2710; x_wconf 71' lang='lat' dir='ltr'><strong>quaecunque</strong></span> <span class='ocrx_word' id='word_1_317' title='bbox 815 2637 930 2694; x_wconf 88' lang='lat' dir='ltr'><strong>alia</strong></span> <span class='ocrx_word' id='word_1_318' title='bbox 981 2637 1358 2694; x_wconf 89' lang='lat' dir='ltr'><strong>sensibilibus</strong></span> <span class='ocrx_word' id='word_1_319' title='bbox 1407 2635 1787 2707; x_wconf 88' lang='lat' dir='ltr'><strong>imaginibus,</strong></span> <span class='ocrx_word' id='word_1_320' title='bbox 1820 2640 1885 2691; x_wconf 90' lang='lat' dir='ltr'><strong>ut</strong></span> <span class='ocrx_word' id='word_1_321' title='bbox 1923 2651 2056 2691; x_wconf 91' lang='lat' dir='ltr'><strong>cum</strong></span> 
     </span>
    </p>
   </div>
   <div class='ocr_carea' id='block_1_45' title="bbox 412 2726 2058 2801">
    <p class='ocr_par' dir='ltr' id='par_1_45' title="bbox 412 2726 2058 2801">
     <span class='ocr_line' id='line_1_45' title="bbox 412 2726 2058 2801; baseline -0.002 -17"><span class='ocrx_word' id='word_1_322' title='bbox 412 2729 685 2799; x_wconf 81' lang='lat' dir='ltr'><strong>Dionysio</strong></span> <span class='ocrx_word' id='word_1_323' title='bbox 716 2729 924 2801; x_wconf 89' lang='lat' dir='ltr'><strong>loquar</strong></span> <span class='ocrx_word' id='word_1_324' title='bbox 950 2728 1016 2796; x_wconf 75' lang='grc'><strong>⁷⁸,</strong></span> <span class='ocrx_word' id='word_1_325' title='bbox 1052 2727 1217 2784; x_wconf 87' lang='lat' dir='ltr'><strong>nobis</strong></span> <span class='ocrx_word' id='word_1_326' title='bbox 1271 2731 1410 2782; x_wconf 89' lang='lat' dir='ltr'><strong>sunt</strong></span> <span class='ocrx_word' id='word_1_327' title='bbox 1453 2726 1716 2781; x_wconf 88' lang='lat' dir='ltr'><strong>tradita:</strong></span> <span class='ocrx_word' id='word_1_328' title='bbox 1780 2743 1883 2797; x_wconf 91' lang='lat' dir='ltr'><strong>per</strong></span> <span class='ocrx_word' id='word_1_329' title='bbox 1927 2741 2058 2798; x_wconf 69' lang='lat' dir='ltr'><strong>qum</strong></span> 
     </span>
    </p>
   </div>
   <div class='ocr_carea' id='block_1_46' title="bbox 413 2814 2052 2890">
    <p class='ocr_par' dir='ltr' id='par_1_46' title="bbox 413 2814 2052 2890">
     <span class='ocr_line' id='line_1_46' title="bbox 413 2814 2052 2890; baseline -0.002 -16"><span class='ocrx_word' id='word_1_330' title='bbox 413 2818 485 2874; x_wconf 90' lang='lat' dir='ltr'><strong>ad</strong></span> <span class='ocrx_word' id='word_1_331' title='bbox 517 2818 966 2890; x_wconf 86' lang='lat' dir='ltr'><strong>intelligihilem,</strong></span> <span class='ocrx_word' id='word_1_332' title='bbox 1016 2818 1207 2890; x_wconf 90' lang='lat' dir='ltr'><strong>quoad</strong></span> <span class='ocrx_word' id='word_1_333' title='bbox 1257 2816 1381 2887; x_wconf 87' lang='lat' dir='ltr'><strong>ejus</strong></span> <span class='ocrx_word' id='word_1_334' title='bbox 1431 2814 1553 2872; x_wconf 74' lang='lat' dir='ltr'><strong>fieri</strong></span> <span class='ocrx_word' id='word_1_335' title='bbox 1603 2818 1808 2887; x_wconf 83' lang='lat' dir='ltr'><strong>potest,</strong></span> <span class='ocrx_word' id='word_1_336' title='bbox 1843 2816 2052 2887; x_wconf 89' lang='lat' dir='ltr'><strong>inquit,</strong></span> 
     </span>
    </p>
   </div>
   <div class='ocr_carea' id='block_1_47' title="bbox 410 2907 1380 2980">
    <p class='ocr_par' dir='ltr' id='par_1_47' title="bbox 410 2907 1380 2980">
     <span class='ocr_line' id='line_1_47' title="bbox 410 2907 1380 2980; baseline -0.002 -18"><span class='ocrx_word' id='word_1_337' title='bbox 410 2908 960 2980; x_wconf 88' lang='lat' dir='ltr'><strong>contemplationem</strong></span> <span class='ocrx_word' id='word_1_338' title='bbox 993 2907 1380 2978; x_wconf 87' lang='lat' dir='ltr'><strong>assurgimus.</strong></span> 
     </span>
    </p>
   </div>
   <div class='ocr_carea' id='block_1_48' title="bbox 481 2994 2054 3068">
    <p class='ocr_par' dir='ltr' id='par_1_48' title="bbox 481 2994 2054 3068">
     <span class='ocr_line' id='line_1_48' title="bbox 481 2994 2054 3068; baseline -0.001 -14"><span class='ocrx_word' id='word_1_339' title='bbox 481 2998 699 3054; x_wconf 90' lang='lat' dir='ltr'><strong>Deinde</strong></span> <span class='ocrx_word' id='word_1_340' title='bbox 728 3015 861 3054; x_wconf 89' lang='lat' dir='ltr'><strong>vero</strong></span> <span class='ocrx_word' id='word_1_341' title='bbox 883 3003 940 3054; x_wconf 91' lang='lat' dir='ltr'><strong>et</strong></span> <span class='ocrx_word' id='word_1_342' title='bbox 970 3015 1087 3054; x_wconf 89' lang='lat' dir='ltr'><strong>una</strong></span> <span class='ocrx_word' id='word_1_343' title='bbox 1108 3013 1137 3052; x_wconf 90' lang='lat' dir='ltr'><strong>e</strong></span> <span class='ocrx_word' id='word_1_344' title='bbox 1159 2997 1418 3068; x_wconf 90' lang='lat' dir='ltr'><strong>quinque</strong></span> <span class='ocrx_word' id='word_1_345' title='bbox 1440 2995 1652 3051; x_wconf 77' lang='lat' dir='ltr'><strong>animae</strong></span> <span class='ocrx_word' id='word_1_346' title='bbox 1682 2994 2054 3052; x_wconf 88' lang='lat' dir='ltr'><strong>facultatibus</strong></span> 
     </span>
    </p>
   </div>
   <div class='ocr_carea' id='block_1_49' title="bbox 409 3088 2055 3161">
    <p class='ocr_par' dir='ltr' id='par_1_49' title="bbox 409 3088 2055 3161">
     <span class='ocr_line' id='line_1_49' title="bbox 409 3088 2055 3161; baseline -0.002 -16"><span class='ocrx_word' id='word_1_347' title='bbox 409 3089 722 3161; x_wconf 88' lang='lat' dir='ltr'><strong>phantasia</strong></span> <span class='ocrx_word' id='word_1_348' title='bbox 751 3093 839 3144; x_wconf 92' lang='lat' dir='ltr'><strong>est</strong></span> <span class='ocrx_word' id='word_1_349' title='bbox 865 3106 878 3144; x_wconf 92' lang='lat'><strong>:</strong></span> <span class='ocrx_word' id='word_1_350' title='bbox 915 3088 1223 3159; x_wconf 88' lang='lat' dir='ltr'><strong>phantasia</strong></span> <span class='ocrx_word' id='word_1_351' title='bbox 1252 3105 1384 3144; x_wconf 87' lang='lat' dir='ltr'><strong>vero</strong></span> <span class='ocrx_word' id='word_1_352' title='bbox 1415 3089 1608 3158; x_wconf 91' lang='lat' dir='ltr'><strong>imago</strong></span> <span class='ocrx_word' id='word_1_353' title='bbox 1642 3088 1906 3157; x_wconf 67' lang='lat' dir='ltr'><strong>quedam</strong></span> <span class='ocrx_word' id='word_1_354' title='bbox 1937 3102 2055 3142; x_wconf 90' lang='lat' dir='ltr'><strong>me-</strong></span> 
     </span>
    </p>
   </div>
   <div class='ocr_carea' id='block_1_50' title="bbox 2171 1910 3811 1992">
    <p class='ocr_par' dir='ltr' id='par_1_50' title="bbox 2171 1910 3811 1992">
     <span class='ocr_line' id='line_1_50' title="bbox 2171 1910 3811 1992; baseline 0.007 -30"><span class='ocrx_word' id='word_1_355' title='bbox 2171 1910 2456 1978; x_wconf 77' lang='grc' dir='ltr'>σκιάζοντα</span> <span class='ocrx_word' id='word_1_356' title='bbox 2504 1913 2564 1965; x_wconf 87' lang='grc' dir='ltr'>τὸ</span> <span class='ocrx_word' id='word_1_357' title='bbox 2615 1911 2970 1984; x_wconf 74' lang='grc' dir='ltr'>ἱλαστήριον·</span> <span class='ocrx_word' id='word_1_358' title='bbox 3023 1916 3296 1971; x_wconf 73' lang='grc' dir='ltr'>τουτέστιν</span> <span class='ocrx_word' id='word_1_359' title='bbox 3352 1916 3553 1980; x_wconf 82' lang='grc' dir='ltr'>εἰκόνες</span> <span class='ocrx_word' id='word_1_360' title='bbox 3607 1920 3811 1992; x_wconf 85' lang='grc' dir='ltr'>ἀνθρω-</span> 
     </span>
    </p>
   </div>
   <div class='ocr_carea' id='block_1_51' title="bbox 2167 1997 3801 2081">
    <p class='ocr_par' dir='ltr' id='par_1_51' title="bbox 2167 1997 3801 2081">
     <span class='ocr_line' id='line_1_51' title="bbox 2167 1997 3801 2081; baseline 0.007 -29"><span class='ocrx_word' id='word_1_361' title='bbox 2167 1999 2441 2077; x_wconf 76' lang='grc' dir='ltr'>πομόρφῳ</span> <span class='ocrx_word' id='word_1_362' title='bbox 2506 1997 2633 2055; x_wconf 72' lang='grc' dir='ltr'>ε’ίδει</span> <span class='ocrx_word' id='word_1_363' title='bbox 2702 1999 3163 2078; x_wconf 75' lang='grc' dir='ltr'>διατυπούμεναιο</span> <span class='ocrx_word' id='word_1_364' title='bbox 3235 2005 3555 2081; x_wconf 77' lang='grc' dir='ltr'>ἀναγωγικά</span> <span class='ocrx_word' id='word_1_365' title='bbox 3616 2009 3801 2077; x_wconf 82' lang='grc' dir='ltr'>πάντα,</span> 
     </span>
    </p>
   </div>
   <div class='ocr_carea' id='block_1_52' title="bbox 2167 2087 3800 2170">
    <p class='ocr_par' dir='ltr' id='par_1_52' title="bbox 2167 2087 3800 2170">
     <span class='ocr_line' id='line_1_52' title="bbox 2167 2087 3800 2170; baseline 0.007 -29"><span class='ocrx_word' id='word_1_366' title='bbox 2167 2087 2256 2141; x_wconf 85' lang='grc' dir='ltr'><strong>καὶ</strong></span> <span class='ocrx_word' id='word_1_367' title='bbox 2309 2096 2410 2157; x_wconf 81' lang='grc' dir='ltr'>τῆς</span> <span class='ocrx_word' id='word_1_368' title='bbox 2459 2087 2511 2144; x_wconf 86' lang='grc' dir='ltr'>ἐν</span> <span class='ocrx_word' id='word_1_369' title='bbox 2565 2089 2831 2163; x_wconf 75' lang='grc' dir='ltr'>πνεύματι</span> <span class='ocrx_word' id='word_1_370' title='bbox 2892 2092 3139 2166; x_wconf 84' lang='grc' dir='ltr'>λατρείας</span> <span class='ocrx_word' id='word_1_371' title='bbox 3214 2096 3568 2170; x_wconf 74' lang='grc' dir='ltr'>θεωρήματα.</span> <span class='ocrx_word' id='word_1_372' title='bbox 3621 2099 3800 2169; x_wconf 81' lang='grc' dir='ltr'>Μάτην</span> 
     </span>
    </p>
   </div>
   <div class='ocr_carea' id='block_1_53' title="bbox 2168 2176 3810 2260">
    <p class='ocr_par' dir='ltr' id='par_1_53' title="bbox 2168 2176 3810 2260">
     <span class='ocr_line' id='line_1_53' title="bbox 2168 2176 3810 2260; baseline 0.007 -28"><span class='ocrx_word' id='word_1_373' title='bbox 2168 2176 2226 2232; x_wconf 77' lang='grc' dir='ltr'>δὲ</span> <span class='ocrx_word' id='word_1_374' title='bbox 2281 2180 2415 2250; x_wconf 76' lang='grc' dir='ltr'>ἡμῖν</span> <span class='ocrx_word' id='word_1_375' title='bbox 2477 2181 2600 2235; x_wconf 81' lang='grc' dir='ltr'>ὅσον</span> <span class='ocrx_word' id='word_1_376' title='bbox 2645 2180 2734 2236; x_wconf 84' lang='grc' dir='ltr'>ἐπὶ</span> <span class='ocrx_word' id='word_1_377' title='bbox 2779 2187 2848 2256; x_wconf 81' lang='grc' dir='ltr'><strong>τῇ</strong></span> <span class='ocrx_word' id='word_1_378' title='bbox 2897 2181 3080 2255; x_wconf 79' lang='grc' dir='ltr'>τοιᾷδε</span> <span class='ocrx_word' id='word_1_379' title='bbox 3126 2186 3380 2260; x_wconf 82' lang='grc' dir='ltr'>προτάσει</span> <span class='ocrx_word' id='word_1_380' title='bbox 3426 2187 3514 2240; x_wconf 85' lang='grc' dir='ltr'><strong>καὶ</strong></span> <span class='ocrx_word' id='word_1_381' title='bbox 3569 2190 3605 2257; x_wconf 78' lang='grc' dir='ltr'>ἡ</span> <span class='ocrx_word' id='word_1_382' title='bbox 3657 2209 3810 2243; x_wconf 83' lang='grc' dir='ltr'>σταυ-</span> 
     </span>
    </p>
   </div>
   <div class='ocr_carea' id='block_1_54' title="bbox 2167 2265 3802 2349">
    <p class='ocr_par' dir='ltr' id='par_1_54' title="bbox 2167 2265 3802 2349">
     <span class='ocr_line' id='line_1_54' title="bbox 2167 2265 3802 2349; baseline 0.006 -28"><span class='ocrx_word' id='word_1_383' title='bbox 2167 2265 2385 2341; x_wconf 76' lang='grc' dir='ltr'>ροειδὴς</span> <span class='ocrx_word' id='word_1_384' title='bbox 2427 2269 2624 2324; x_wconf 79' lang='grc' dir='ltr'>εἰκώνο</span> <span class='ocrx_word' id='word_1_385' title='bbox 2689 2272 2867 2343; x_wconf 87' lang='grc' dir='ltr'>μάτην</span> <span class='ocrx_word' id='word_1_386' title='bbox 2932 2273 3023 2326; x_wconf 85' lang='grc' dir='ltr'><strong>καὶ</strong></span> <span class='ocrx_word' id='word_1_387' title='bbox 3087 2275 3122 2344; x_wconf 80' lang='grc' dir='ltr'><strong>ἡ</strong></span> <span class='ocrx_word' id='word_1_388' title='bbox 3198 2272 3569 2349; x_wconf 77' lang='grc' dir='ltr'>λογχοειδής·</span> <span class='ocrx_word' id='word_1_389' title='bbox 3635 2276 3802 2348; x_wconf 85' lang='grc' dir='ltr'>μάτην</span> 
     </span>
    </p>
   </div>
   <div class='ocr_carea' id='block_1_55' title="bbox 2163 2357 3803 2440">
    <p class='ocr_par' dir='ltr' id='par_1_55' title="bbox 2163 2357 3803 2440">
     <span class='ocr_line' id='line_1_55' title="bbox 2163 2357 3803 2440; baseline 0.006 -29"><span class='ocrx_word' id='word_1_390' title='bbox 2163 2357 2253 2411; x_wconf 88' lang='grc' dir='ltr'><strong>καὶ</strong></span> <span class='ocrx_word' id='word_1_391' title='bbox 2309 2359 2344 2427; x_wconf 82' lang='grc' dir='ltr'>ἡ</span> <span class='ocrx_word' id='word_1_392' title='bbox 2406 2357 2782 2434; x_wconf 78' lang='grc' dir='ltr'>σπογγοειδής.</span> <span class='ocrx_word' id='word_1_393' title='bbox 2814 2362 3066 2438; x_wconf 83' lang='grc' dir='ltr'>Ἐπείπερ</span> <span class='ocrx_word' id='word_1_394' title='bbox 3122 2365 3212 2418; x_wconf 89' lang='grc' dir='ltr'>καὶ</span> <span class='ocrx_word' id='word_1_395' title='bbox 3258 2367 3424 2419; x_wconf 80' lang='grc' dir='ltr'>ταῦτα</span> <span class='ocrx_word' id='word_1_396' title='bbox 3484 2367 3803 2440; x_wconf 73' lang='grc' dir='ltr'>μιμήματα,</span> 
     </span>
    </p>
   </div>
   <div class='ocr_carea' id='block_1_56' title="bbox 2162 2449 3805 2531">
    <p class='ocr_par' dir='ltr' id='par_1_56' title="bbox 2162 2449 3805 2531">
     <span class='ocr_line' id='line_1_56' title="bbox 2162 2449 3805 2531; baseline 0.005 -28"><span class='ocrx_word' id='word_1_397' title='bbox 2162 2449 2258 2505; x_wconf 71' lang='grc' dir='ltr'><strong>κᾶν</strong></span> <span class='ocrx_word' id='word_1_398' title='bbox 2306 2449 2405 2504; x_wconf 83' lang='grc' dir='ltr'>οὐκ</span> <span class='ocrx_word' id='word_1_399' title='bbox 2450 2450 2894 2531; x_wconf 81' lang='grc' dir='ltr'>ἀνθρωπόμορφα</span> <span class='ocrx_word' id='word_1_400' title='bbox 2917 2473 2930 2486; x_wconf 84' lang='lat'><strong><em>°</em></strong></span> <span class='ocrx_word' id='word_1_401' title='bbox 2968 2455 3141 2525; x_wconf 86' lang='grc' dir='ltr'>μάτην</span> <span class='ocrx_word' id='word_1_402' title='bbox 3173 2455 3262 2510; x_wconf 77' lang='grc' dir='ltr'><strong>καὶ</strong></span> <span class='ocrx_word' id='word_1_403' title='bbox 3294 2455 3390 2510; x_wconf 85' lang='grc' dir='ltr'><strong>ὅσα</strong></span> <span class='ocrx_word' id='word_1_404' title='bbox 3427 2453 3577 2512; x_wconf 76' lang='grc' dir='ltr'>ἄλλα</span> <span class='ocrx_word' id='word_1_405' title='bbox 3617 2457 3805 2528; x_wconf 85' lang='grc' dir='ltr'>αἰσθη-</span> 
     </span>
    </p>
   </div>
   <div class='ocr_carea' id='block_1_57' title="bbox 2160 2541 3800 2622">
    <p class='ocr_par' dir='ltr' id='par_1_57' title="bbox 2160 2541 3800 2622">
     <span class='ocr_line' id='line_1_57' title="bbox 2160 2541 3800 2622; baseline 0.005 -29"><span class='ocrx_word' id='word_1_406' title='bbox 2160 2545 2280 2601; x_wconf 85' lang='grc' dir='ltr'>ταῖς</span> <span class='ocrx_word' id='word_1_407' title='bbox 2329 2541 2519 2610; x_wconf 86' lang='grc' dir='ltr'>εἰκόσι,</span> <span class='ocrx_word' id='word_1_408' title='bbox 2554 2547 2914 2606; x_wconf 84' lang='grc' dir='ltr'>Διονυσιακῶς</span> <span class='ocrx_word' id='word_1_409' title='bbox 2958 2546 3149 2616; x_wconf 84' lang='grc' dir='ltr'>εἰπεῖν,</span> <span class='ocrx_word' id='word_1_410' title='bbox 3200 2543 3568 2622; x_wconf 74' lang='grc' dir='ltr'>παραδέδοται</span> <span class='ocrx_word' id='word_1_411' title='bbox 3630 2549 3759 2618; x_wconf 77' lang='grc' dir='ltr'>ἡμῖν</span> <span class='ocrx_word' id='word_1_412' title='bbox 3786 2563 3800 2577; x_wconf 91' lang='grc'><strong>·</strong></span> 
     </span>
    </p>
   </div>
   <div class='ocr_carea' id='block_1_58' title="bbox 2163 2627 3800 2716">
    <p class='ocr_par' dir='ltr' id='par_1_58' title="bbox 2163 2627 3800 2716">
     <span class='ocr_line' id='line_1_58' title="bbox 2163 2627 3800 2716; baseline 0.006 -33"><span class='ocrx_word' id='word_1_413' title='bbox 2163 2627 2233 2684; x_wconf 57' lang='grc' dir='ltr'>δι(</span> <span class='ocrx_word' id='word_1_414' title='bbox 2262 2631 2334 2685; x_wconf 84' lang='grc' dir='ltr'>ὧν</span> <span class='ocrx_word' id='word_1_415' title='bbox 2369 2630 2455 2686; x_wconf 81' lang='grc' dir='ltr'><strong>ἐπὶ</strong></span> <span class='ocrx_word' id='word_1_416' title='bbox 2486 2631 2580 2696; x_wconf 73' lang='grc' dir='ltr'><strong>τὰς</strong></span> <span class='ocrx_word' id='word_1_417' title='bbox 2609 2634 2808 2705; x_wconf 80' lang='grc' dir='ltr'>νοητάς</span> <span class='ocrx_word' id='word_1_418' title='bbox 2839 2637 2979 2691; x_wconf 84' lang='grc' dir='ltr'>κατὰ</span> <span class='ocrx_word' id='word_1_419' title='bbox 3005 2637 3068 2691; x_wconf 86' lang='grc' dir='ltr'>τὸ</span> <span class='ocrx_word' id='word_1_420' title='bbox 3107 2634 3356 2708; x_wconf 87' lang='grc' dir='ltr'>δυνατὸν,</span> <span class='ocrx_word' id='word_1_421' title='bbox 3388 2636 3580 2716; x_wconf 77' lang='grc' dir='ltr'>φησὶν,</span> <span class='ocrx_word' id='word_1_422' title='bbox 3614 2637 3800 2714; x_wconf 87' lang='grc' dir='ltr'>ἀναγό-</span> 
     </span>
    </p>
   </div>
   <div class='ocr_carea' id='block_1_59' title="bbox 2165 2721 2578 2797">
    <p class='ocr_par' dir='ltr' id='par_1_59' title="bbox 2165 2721 2578 2797">
     <span class='ocr_line' id='line_1_59' title="bbox 2165 2721 2578 2797; baseline 0.007 -22"><span class='ocrx_word' id='word_1_423' title='bbox 2165 2723 2302 2794; x_wconf 88' lang='grc' dir='ltr'>μεθα</span> <span class='ocrx_word' id='word_1_424' title='bbox 2331 2721 2578 2797; x_wconf 90' lang='grc' dir='ltr'>θεωρίας.</span> 
     </span>
    </p>
   </div>
   <div class='ocr_carea' id='block_1_60' title="bbox 2231 2998 3799 3082">
    <p class='ocr_par' dir='ltr' id='par_1_60' title="bbox 2231 2998 3799 3082">
     <span class='ocr_line' id='line_1_60' title="bbox 2231 2998 3799 3082; baseline 0.006 -30"><span class='ocrx_word' id='word_1_425' title='bbox 2231 2998 2452 3053; x_wconf 84' lang='grc' dir='ltr'>Ἔπειτα</span> <span class='ocrx_word' id='word_1_426' title='bbox 2496 2998 2587 3054; x_wconf 82' lang='grc' dir='ltr'><strong>καὶ</strong></span> <span class='ocrx_word' id='word_1_427' title='bbox 2633 3002 2667 3069; x_wconf 81' lang='grc' dir='ltr'>ἡ</span> <span class='ocrx_word' id='word_1_428' title='bbox 2725 3002 2822 3074; x_wconf 84' lang='grc' dir='ltr'><strong>μία</strong></span> <span class='ocrx_word' id='word_1_429' title='bbox 2865 3006 2974 3058; x_wconf 80' lang='grc' dir='ltr'><strong>τῶν</strong></span> <span class='ocrx_word' id='word_1_430' title='bbox 3026 3004 3186 3059; x_wconf 71' lang='grc' dir='ltr'>πέντε</span> <span class='ocrx_word' id='word_1_431' title='bbox 3231 3007 3330 3073; x_wconf 77' lang='grc' dir='ltr'><strong>τῆς</strong></span> <span class='ocrx_word' id='word_1_432' title='bbox 3394 3008 3586 3082; x_wconf 71' lang='grc' dir='ltr'>ψυχῆς</span> <span class='ocrx_word' id='word_1_433' title='bbox 3648 3006 3799 3062; x_wconf 82' lang='grc' dir='ltr'>δυνά-</span> 
     </span>
    </p>
   </div>
   <div class='ocr_carea' id='block_1_61' title="bbox 2164 3090 3796 3168">
    <p class='ocr_par' dir='ltr' id='par_1_61' title="bbox 2164 3090 3796 3168">
     <span class='ocr_line' id='line_1_61' title="bbox 2164 3090 3796 3168; baseline 0.009 -27"><span class='ocrx_word' id='word_1_434' title='bbox 2164 3107 2305 3160; x_wconf 89' lang='grc' dir='ltr'>μεων</span> <span class='ocrx_word' id='word_1_435' title='bbox 2365 3090 2400 3158; x_wconf 78' lang='grc' dir='ltr'>ἡ</span> <span class='ocrx_word' id='word_1_436' title='bbox 2452 3090 2753 3163; x_wconf 77' lang='grc' dir='ltr'>φαντασία’</span> <span class='ocrx_word' id='word_1_437' title='bbox 2788 3093 3050 3168; x_wconf 76' lang='grc' dir='ltr'>φαντασία</span> <span class='ocrx_word' id='word_1_438' title='bbox 3109 3091 3167 3148; x_wconf 75' lang='grc' dir='ltr'>δὲ</span> <span class='ocrx_word' id='word_1_439' title='bbox 3224 3092 3394 3165; x_wconf 84' lang='grc' dir='ltr'>δόξειέ</span> <span class='ocrx_word' id='word_1_440' title='bbox 3447 3118 3531 3160; x_wconf 89' lang='grc' dir='ltr'><strong>τ.ς</strong></span> <span class='ocrx_word' id='word_1_441' title='bbox 3599 3099 3796 3154; x_wconf 69' lang='grc' dir='ltr'>εἰκών·</span> 
     </span>
    </p>
   </div>
   <div class='ocr_carea' id='block_1_62' title="bbox 409 3173 2056 3278">
    <p class='ocr_par' dir='ltr' id='par_1_62' title="bbox 409 3176 2046 3250">
     <span class='ocr_line' id='line_1_62' title="bbox 409 3176 2046 3250; baseline -0.002 -17"><span class='ocrx_word' id='word_1_442' title='bbox 409 3179 520 3234; x_wconf 90' lang='lat' dir='ltr'><strong>rito</strong></span> <span class='ocrx_word' id='word_1_443' title='bbox 568 3179 872 3234; x_wconf 89' lang='lat' dir='ltr'><strong>videatur:</strong></span> <span class='ocrx_word' id='word_1_444' title='bbox 923 3184 1234 3250; x_wconf 89' lang='lat' dir='ltr'><strong>utrumque</strong></span> <span class='ocrx_word' id='word_1_445' title='bbox 1280 3179 1436 3234; x_wconf 88' lang='lat' dir='ltr'><strong>enim</strong></span> <span class='ocrx_word' id='word_1_446' title='bbox 1504 3176 1880 3233; x_wconf 89' lang='lat' dir='ltr'><strong>simulacrum</strong></span> <span class='ocrx_word' id='word_1_447' title='bbox 1939 3179 2046 3231; x_wconf 88' lang='lat' dir='ltr'><strong>est.</strong></span> 
     </span>
    </p>
   </div>
   <div class='ocr_carea' id='block_1_63' title="bbox 2165 3173 3794 3278">
    <p class='ocr_par' dir='ltr' id='par_1_63' title="bbox 2165 3173 3794 3262">
     <span class='ocr_line' id='line_1_63' title="bbox 2165 3173 3794 3262; baseline 0.009 -33"><span class='ocrx_word' id='word_1_448' title='bbox 2165 3173 2468 3249; x_wconf 82' lang='grc' dir='ltr'>ἰνδάλματα</span> <span class='ocrx_word' id='word_1_449' title='bbox 2525 3180 2628 3253; x_wconf 75' lang='grc' dir='ltr'><strong>γὰρ</strong></span> <span class='ocrx_word' id='word_1_450' title='bbox 2705 3181 3002 3258; x_wconf 82' lang='grc' dir='ltr'>ἀμφότερα.</span> <span class='ocrx_word' id='word_1_451' title='bbox 3074 3182 3188 3239; x_wconf 74' lang='grc' dir='ltr'>Οὐκ</span> <span class='ocrx_word' id='word_1_452' title='bbox 3256 3184 3547 3262; x_wconf 74' lang='grc' dir='ltr'>ἀνωφελής</span> <span class='ocrx_word' id='word_1_453' title='bbox 3623 3186 3794 3262; x_wconf 81' lang='grc' dir='ltr'>ἄραὴ</span> 
     </span>
    </p>
   </div>
   <div class='ocr_carea' id='block_1_64' title="bbox 405 3265 2048 3341">
    <p class='ocr_par' dir='ltr' id='par_1_64' title="bbox 405 3265 2048 3341">
     <span class='ocr_line' id='line_1_64' title="bbox 405 3265 2048 3341; baseline -0.003 -18"><span class='ocrx_word' id='word_1_454' title='bbox 405 3265 529 3323; x_wconf 86' lang='lat' dir='ltr'><strong>Non</strong></span> <span class='ocrx_word' id='word_1_455' title='bbox 552 3268 778 3324; x_wconf 89' lang='lat' dir='ltr'><strong>inutilis</strong></span> <span class='ocrx_word' id='word_1_456' title='bbox 801 3269 980 3340; x_wconf 89' lang='lat' dir='ltr'><strong>igitur</strong></span> <span class='ocrx_word' id='word_1_457' title='bbox 999 3269 1214 3341; x_wconf 89' lang='lat' dir='ltr'><strong>imago,</strong></span> <span class='ocrx_word' id='word_1_458' title='bbox 1230 3285 1355 3340; x_wconf 68' lang='lat' dir='ltr'><strong>quas</strong></span> <span class='ocrx_word' id='word_1_459' title='bbox 1375 3267 1453 3323; x_wconf 89' lang='lat' dir='ltr'><strong>sit</strong></span> <span class='ocrx_word' id='word_1_460' title='bbox 1475 3266 1791 3338; x_wconf 63' lang='lat' dir='ltr'><strong>phantasia;</strong></span> <span class='ocrx_word' id='word_1_461' title='bbox 1815 3265 2048 3322; x_wconf 88' lang='lat' dir='ltr'><strong>similis.</strong></span> 
     </span>
    </p>
   </div>
   <div class='ocr_carea' id='block_1_65' title="bbox 407 3353 2050 3430">
    <p class='ocr_par' dir='ltr' id='par_1_65' title="bbox 407 3353 2050 3430">
     <span class='ocr_line' id='line_1_65' title="bbox 407 3353 2050 3430; baseline -0.005 -11"><span class='ocrx_word' id='word_1_462' title='bbox 407 3363 570 3428; x_wconf 90' lang='lat' dir='ltr'><strong>Quod</strong></span> <span class='ocrx_word' id='word_1_463' title='bbox 627 3361 678 3416; x_wconf 90' lang='lat' dir='ltr'><strong>si</strong></span> <span class='ocrx_word' id='word_1_464' title='bbox 737 3359 966 3415; x_wconf 90' lang='lat' dir='ltr'><strong>inutilis</strong></span> <span class='ocrx_word' id='word_1_465' title='bbox 1021 3375 1089 3414; x_wconf 90' lang='lat' dir='ltr'><strong>ea</strong></span> <span class='ocrx_word' id='word_1_466' title='bbox 1153 3363 1241 3414; x_wconf 89' lang='lat' dir='ltr'><strong>est</strong></span> <span class='ocrx_word' id='word_1_467' title='bbox 1289 3373 1415 3430; x_wconf 72' lang='lat' dir='ltr'><strong>quae</strong></span> <span class='ocrx_word' id='word_1_468' title='bbox 1447 3356 1835 3428; x_wconf 85' lang='lat' dir='ltr'><strong>praestantior,</strong></span> <span class='ocrx_word' id='word_1_469' title='bbox 1870 3353 2050 3410; x_wconf 87' lang='lat' dir='ltr'><strong>multo</strong></span> 
     </span>
    </p>
   </div>
   <div class='ocr_carea' id='block_1_66' title="bbox 410 3447 2052 3523">
    <p class='ocr_par' dir='ltr' id='par_1_66' title="bbox 410 3447 2052 3523">
     <span class='ocr_line' id='line_1_66' title="bbox 410 3447 2052 3523; baseline -0.005 -15"><span class='ocrx_word' id='word_1_470' title='bbox 410 3454 613 3523; x_wconf 88' lang='lat' dir='ltr'><strong>utique</strong></span> <span class='ocrx_word' id='word_1_471' title='bbox 647 3449 832 3522; x_wconf 90' lang='lat' dir='ltr'><strong>magis</strong></span> <span class='ocrx_word' id='word_1_472' title='bbox 865 3465 930 3504; x_wconf 88' lang='lat' dir='ltr'><strong>ea</strong></span> <span class='ocrx_word' id='word_1_473' title='bbox 960 3465 1083 3520; x_wconf 81' lang='lat' dir='ltr'><strong>quas</strong></span> <span class='ocrx_word' id='word_1_474' title='bbox 1114 3447 1387 3517; x_wconf 85' lang='lat' dir='ltr'><strong>deterior,</strong></span> <span class='ocrx_word' id='word_1_475' title='bbox 1422 3447 1638 3502; x_wconf 83' lang='lat' dir='ltr'><strong>frustra</strong></span> <span class='ocrx_word' id='word_1_476' title='bbox 1670 3449 1889 3500; x_wconf 69' lang='lat' dir='ltr'><strong>naturae</strong></span> <span class='ocrx_word' id='word_1_477' title='bbox 1923 3460 2052 3500; x_wconf 88' lang='lat' dir='ltr'><strong>con-</strong></span> 
     </span>
    </p>
   </div>
   <div class='ocr_carea' id='block_1_67' title="bbox 410 3534 2048 3614">
    <p class='ocr_par' dir='ltr' id='par_1_67' title="bbox 410 3534 2048 3614">
     <span class='ocr_line' id='line_1_67' title="bbox 410 3534 2048 3614; baseline -0.005 -16"><span class='ocrx_word' id='word_1_478' title='bbox 410 3545 621 3614; x_wconf 89' lang='lat' dir='ltr'><strong>genita.</strong></span> <span class='ocrx_word' id='word_1_479' title='bbox 654 3542 732 3595; x_wconf 89' lang='lat' dir='ltr'><strong>Ac</strong></span> <span class='ocrx_word' id='word_1_480' title='bbox 762 3539 812 3594; x_wconf 89' lang='lat' dir='ltr'><strong>si</strong></span> <span class='ocrx_word' id='word_1_481' title='bbox 839 3541 1071 3604; x_wconf 81' lang='lat' dir='ltr'><strong>frustra,</strong></span> <span class='ocrx_word' id='word_1_482' title='bbox 1104 3539 1320 3611; x_wconf 91' lang='lat' dir='ltr'><strong>pariter</strong></span> <span class='ocrx_word' id='word_1_483' title='bbox 1349 3541 1407 3592; x_wconf 91' lang='lat' dir='ltr'><strong>et</strong></span> <span class='ocrx_word' id='word_1_484' title='bbox 1449 3553 1574 3607; x_wconf 68' lang='lat' dir='ltr'><strong>qua:</strong></span> <span class='ocrx_word' id='word_1_485' title='bbox 1606 3540 1745 3591; x_wconf 88' lang='lat' dir='ltr'><strong>sunt</strong></span> <span class='ocrx_word' id='word_1_486' title='bbox 1791 3534 2048 3606; x_wconf 81' lang='lat' dir='ltr'><strong>ejusdem</strong></span> 
     </span>
    </p>
   </div>
   <div class='ocr_carea' id='block_1_68' title="bbox 412 3625 2046 3697">
    <p class='ocr_par' dir='ltr' id='par_1_68' title="bbox 412 3625 2046 3697">
     <span class='ocr_line' id='line_1_68' title="bbox 412 3625 2046 3697; baseline -0.005 -9"><span class='ocrx_word' id='word_1_487' title='bbox 412 3647 546 3688; x_wconf 91' lang='lat' dir='ltr'><strong>cum</strong></span> <span class='ocrx_word' id='word_1_488' title='bbox 595 3629 695 3685; x_wconf 91' lang='lat' dir='ltr'><strong>illa</strong></span> <span class='ocrx_word' id='word_1_489' title='bbox 740 3630 983 3696; x_wconf 91' lang='lat' dir='ltr'><strong>ordinis,</strong></span> <span class='ocrx_word' id='word_1_490' title='bbox 1018 3643 1248 3693; x_wconf 90' lang='lat' dir='ltr'><strong>sensus,</strong></span> <span class='ocrx_word' id='word_1_491' title='bbox 1280 3626 1498 3697; x_wconf 90' lang='lat' dir='ltr'><strong>opinio,</strong></span> <span class='ocrx_word' id='word_1_492' title='bbox 1538 3625 1828 3696; x_wconf 85' lang='lat' dir='ltr'><strong>cogitatio,</strong></span> <span class='ocrx_word' id='word_1_493' title='bbox 1866 3641 2046 3680; x_wconf 90' lang='lat' dir='ltr'><strong>mens.</strong></span> 
     </span>
    </p>
   </div>
   <div class='ocr_carea' id='block_1_69' title="bbox 413 3713 2044 3790">
    <p class='ocr_par' dir='ltr' id='par_1_69' title="bbox 413 3713 2044 3790">
     <span class='ocr_line' id='line_1_69' title="bbox 413 3713 2044 3790; baseline -0.005 -14"><span class='ocrx_word' id='word_1_494' title='bbox 413 3722 504 3776; x_wconf 91' lang='lat' dir='ltr'><strong>Sic</strong></span> <span class='ocrx_word' id='word_1_495' title='bbox 582 3720 800 3777; x_wconf 88' lang='lat' dir='ltr'><strong>ratione</strong></span> <span class='ocrx_word' id='word_1_496' title='bbox 877 3718 1112 3790; x_wconf 82' lang='lat' dir='ltr'><strong>physica</strong></span> <span class='ocrx_word' id='word_1_497' title='bbox 1181 3723 1351 3772; x_wconf 91' lang='lat' dir='ltr'><strong>utens</strong></span> <span class='ocrx_word' id='word_1_498' title='bbox 1426 3716 1608 3771; x_wconf 90' lang='lat' dir='ltr'><strong>oratio</strong></span> <span class='ocrx_word' id='word_1_499' title='bbox 1674 3713 2044 3784; x_wconf 86' lang='lat' dir='ltr'><strong>insipientem</strong></span> 
     </span>
    </p>
   </div>
   <div class='ocr_carea' id='block_1_70' title="bbox 409 3804 2050 3880">
    <p class='ocr_par' dir='ltr' id='par_1_70' title="bbox 409 3804 2050 3880">
     <span class='ocr_line' id='line_1_70' title="bbox 409 3804 2050 3880; baseline -0.004 -13"><span class='ocrx_word' id='word_1_500' title='bbox 409 3809 888 3880; x_wconf 88' lang='lat' dir='ltr'><strong>ostendit,magis</strong></span> <span class='ocrx_word' id='word_1_501' title='bbox 918 3807 1200 3880; x_wconf 90' lang='lat' dir='ltr'><strong>probabili</strong></span> <span class='ocrx_word' id='word_1_502' title='bbox 1231 3804 1740 3874; x_wconf 87' lang='lat' dir='ltr'><strong>contemplatione,</strong></span> <span class='ocrx_word' id='word_1_503' title='bbox 1775 3805 2050 3876; x_wconf 87' lang='lat' dir='ltr'><strong>imaginis</strong></span> 
     </span>
    </p>
   </div>
   <div class='ocr_carea' id='block_1_71' title="bbox 405 3894 2047 3972">
    <p class='ocr_par' dir='ltr' id='par_1_71' title="bbox 405 3894 2047 3972">
     <span class='ocr_line' id='line_1_71' title="bbox 405 3894 2047 3972; baseline -0.004 -15"><span class='ocrx_word' id='word_1_504' title='bbox 405 3902 526 3957; x_wconf 88' lang='lat' dir='ltr'><strong>sive</strong></span> <span class='ocrx_word' id='word_1_505' title='bbox 575 3901 888 3972; x_wconf 66' lang='lat' dir='ltr'><strong>phantasia</strong></span> <span class='ocrx_word' id='word_1_506' title='bbox 938 3902 1418 3968; x_wconf 90' lang='lat' dir='ltr'><strong>contemptorem.</strong></span> <span class='ocrx_word' id='word_1_507' title='bbox 1467 3897 1584 3966; x_wconf 92' lang='lat' dir='ltr'><strong>Ego</strong></span> <span class='ocrx_word' id='word_1_508' title='bbox 1643 3909 1773 3949; x_wconf 90' lang='lat' dir='ltr'><strong>vero</strong></span> <span class='ocrx_word' id='word_1_509' title='bbox 1835 3901 1888 3949; x_wconf 86' lang='lat' dir='ltr'><strong>et</strong></span> <span class='ocrx_word' id='word_1_510' title='bbox 1935 3894 2047 3950; x_wconf 91' lang='lat' dir='ltr'><strong>alio</strong></span> 
     </span>
    </p>
   </div>
   <div class='ocr_carea' id='block_1_72' title="bbox 402 3982 2044 4062">
    <p class='ocr_par' dir='ltr' id='par_1_72' title="bbox 402 3982 2044 4062">
     <span class='ocr_line' id='line_1_72' title="bbox 402 3982 2044 4062; baseline -0.007 -15"><span class='ocrx_word' id='word_1_511' title='bbox 402 3992 636 4047; x_wconf 90' lang='lat' dir='ltr'><strong>nomine</strong></span> <span class='ocrx_word' id='word_1_512' title='bbox 681 3988 1050 4062; x_wconf 88' lang='lat' dir='ltr'><strong>phantasiam</strong></span> <span class='ocrx_word' id='word_1_513' title='bbox 1104 3987 1304 4042; x_wconf 89' lang='lat' dir='ltr'><strong>miror.</strong></span> <span class='ocrx_word' id='word_1_514' title='bbox 1339 3986 1520 4041; x_wconf 80' lang='lat' dir='ltr'><strong>Aiunt</strong></span> <span class='ocrx_word' id='word_1_515' title='bbox 1567 3984 1724 4039; x_wconf 91' lang='lat' dir='ltr'><strong>enim</strong></span> <span class='ocrx_word' id='word_1_516' title='bbox 1776 3982 2044 4039; x_wconf 90' lang='lat' dir='ltr'><strong>nonnulli</strong></span> 
     </span>
    </p>
   </div>
   <div class='ocr_carea' id='block_1_73' title="bbox 401 4073 2044 4146">
    <p class='ocr_par' dir='ltr' id='par_1_73' title="bbox 401 4073 2044 4146">
     <span class='ocr_line' id='line_1_73' title="bbox 401 4073 2044 4146; baseline -0.005 -9"><span class='ocrx_word' id='word_1_517' title='bbox 401 4082 704 4138; x_wconf 90' lang='lat' dir='ltr'><strong>mulierem</strong></span> <span class='ocrx_word' id='word_1_518' title='bbox 739 4081 948 4134; x_wconf 87' lang='lat' dir='ltr'><strong>hausta</strong></span> <span class='ocrx_word' id='word_1_519' title='bbox 975 4076 1260 4146; x_wconf 69' lang='lat' dir='ltr'><strong>Ethiopis</strong></span> <span class='ocrx_word' id='word_1_520' title='bbox 1291 4075 1543 4146; x_wconf 88' lang='lat' dir='ltr'><strong>imagine</strong></span> <span class='ocrx_word' id='word_1_521' title='bbox 1593 4074 1704 4129; x_wconf 89' lang='lat' dir='ltr'><strong>sub</strong></span> <span class='ocrx_word' id='word_1_522' title='bbox 1739 4073 1864 4144; x_wconf 90' lang='lat' dir='ltr'><strong>ipso</strong></span> <span class='ocrx_word' id='word_1_523' title='bbox 1907 4090 2044 4129; x_wconf 90' lang='lat' dir='ltr'><strong>con-</strong></span> 
     </span>
    </p>
   </div>
   <div class='ocr_carea' id='block_1_74' title="bbox 398 4164 2046 4243">
    <p class='ocr_par' dir='ltr' id='par_1_74' title="bbox 398 4164 2046 4243">
     <span class='ocr_line' id='line_1_74' title="bbox 398 4164 2046 4243; baseline -0.007 -13"><span class='ocrx_word' id='word_1_524' title='bbox 398 4177 588 4243; x_wconf 89' lang='lat' dir='ltr'><strong>ceptu,</strong></span> <span class='ocrx_word' id='word_1_525' title='bbox 640 4170 966 4242; x_wconf 70' lang='lat' dir='ltr'><strong>EthiOpem</strong></span> <span class='ocrx_word' id='word_1_526' title='bbox 1029 4167 1344 4239; x_wconf 90' lang='lat' dir='ltr'><strong>peperisse.</strong></span> <span class='ocrx_word' id='word_1_527' title='bbox 1394 4164 1595 4219; x_wconf 88' lang='lat' dir='ltr'><strong>Simile</strong></span> <span class='ocrx_word' id='word_1_528' title='bbox 1650 4164 1925 4234; x_wconf 90' lang='lat' dir='ltr'><strong>quiddam</strong></span> <span class='ocrx_word' id='word_1_529' title='bbox 1975 4164 2046 4218; x_wconf 90' lang='lat' dir='ltr'><strong>de</strong></span> 
     </span>
    </p>
   </div>
   <div class='ocr_carea' id='block_1_75' title="bbox 398 4252 2049 4334">
    <p class='ocr_par' dir='ltr' id='par_1_75' title="bbox 398 4252 2049 4334">
     <span class='ocr_line' id='line_1_75' title="bbox 398 4252 2049 4334; baseline -0.007 -17"><span class='ocrx_word' id='word_1_530' title='bbox 398 4261 723 4334; x_wconf 86' lang='lat' dir='ltr'><strong>patriarcha</strong></span> <span class='ocrx_word' id='word_1_531' title='bbox 767 4260 945 4314; x_wconf 84' lang='lat' dir='ltr'><strong>Jacob</strong></span> <span class='ocrx_word' id='word_1_532' title='bbox 987 4263 1252 4313; x_wconf 88' lang='lat' dir='ltr'><strong>narratur</strong></span> <span class='ocrx_word' id='word_1_533' title='bbox 1289 4257 1348 4311; x_wconf 88' lang='lat' dir='ltr'><strong>in</strong></span> <span class='ocrx_word' id='word_1_534' title='bbox 1379 4256 1674 4325; x_wconf 87' lang='lat' dir='ltr'><strong>virgarum</strong></span> <span class='ocrx_word' id='word_1_535' title='bbox 1725 4252 2049 4308; x_wconf 87' lang='lat' dir='ltr'><strong>decortica—</strong></span> 
     </span>
    </p>
   </div>
   <div class='ocr_carea' id='block_1_76' title="bbox 398 4342 2048 4420">
    <p class='ocr_par' dir='ltr' id='par_1_76' title="bbox 398 4342 2048 4420">
     <span class='ocr_line' id='line_1_76' title="bbox 398 4342 2048 4420; baseline -0.005 -17"><span class='ocrx_word' id='word_1_536' title='bbox 398 4349 553 4405; x_wconf 90' lang='lat' dir='ltr'><strong>tione</strong></span> <span class='ocrx_word' id='word_1_537' title='bbox 582 4347 669 4416; x_wconf 78' lang='lat'><strong>77;</strong></span> <span class='ocrx_word' id='word_1_538' title='bbox 704 4363 816 4420; x_wconf 90' lang='lat' dir='ltr'><strong>quo</strong></span> <span class='ocrx_word' id='word_1_539' title='bbox 847 4363 914 4402; x_wconf 83' lang='lat' dir='ltr'><strong>ex</strong></span> <span class='ocrx_word' id='word_1_540' title='bbox 953 4346 1102 4412; x_wconf 89' lang='lat' dir='ltr'><strong>visu,</strong></span> <span class='ocrx_word' id='word_1_541' title='bbox 1133 4344 1271 4399; x_wconf 88' lang='lat' dir='ltr'><strong>varii</strong></span> <span class='ocrx_word' id='word_1_542' title='bbox 1322 4342 1530 4399; x_wconf 90' lang='lat' dir='ltr'><strong>coloris</strong></span> <span class='ocrx_word' id='word_1_543' title='bbox 1582 4358 1789 4413; x_wconf 90' lang='lat' dir='ltr'><strong>pecora</strong></span> <span class='ocrx_word' id='word_1_544' title='bbox 1841 4357 2048 4396; x_wconf 88' lang='lat' dir='ltr'><strong>nasce-</strong></span> 
     </span>
    </p>
   </div>
   <div class='ocr_carea' id='block_1_77' title="bbox 399 4431 2045 4506">
    <p class='ocr_par' dir='ltr' id='par_1_77' title="bbox 399 4431 2045 4506">
     <span class='ocr_line' id='line_1_77' title="bbox 399 4431 2045 4506; baseline -0.007 -11"><span class='ocrx_word' id='word_1_545' title='bbox 399 4440 630 4500; x_wconf 85' lang='lat' dir='ltr'><strong>bantur.</strong></span> <span class='ocrx_word' id='word_1_546' title='bbox 665 4443 742 4506; x_wconf 91' lang='lat' dir='ltr'><strong>et,</strong></span> <span class='ocrx_word' id='word_1_547' title='bbox 773 4454 805 4492; x_wconf 94' lang='grc' dir='ltr'><strong>ο</strong></span> <span class='ocrx_word' id='word_1_548' title='bbox 838 4453 960 4492; x_wconf 91' lang='lat' dir='ltr'><strong>rem</strong></span> <span class='ocrx_word' id='word_1_549' title='bbox 993 4435 1202 4490; x_wconf 90' lang='lat' dir='ltr'><strong>miram</strong></span> <span class='ocrx_word' id='word_1_550' title='bbox 1230 4433 1242 4488; x_wconf 77' lang='grc' dir='ltr'><strong>Ξ</strong></span> <span class='ocrx_word' id='word_1_551' title='bbox 1278 4433 1518 4504; x_wconf 80' lang='lat' dir='ltr'><strong>imagini</strong></span> <span class='ocrx_word' id='word_1_552' title='bbox 1547 4432 1757 4488; x_wconf 89' lang='lat' dir='ltr'><strong>similis</strong></span> <span class='ocrx_word' id='word_1_553' title='bbox 1787 4431 2045 4503; x_wconf 91' lang='lat' dir='ltr'><strong>phanta-</strong></span> 
     </span>
    </p>
   </div>
   <div class='ocr_carea' id='block_1_78' title="bbox 396 4518 2050 4586">
    <p class='ocr_par' dir='ltr' id='par_1_78' title="bbox 396 4518 2050 4586">
     <span class='ocr_line' id='line_1_78' title="bbox 396 4518 2050 4586; baseline -0.005 -1"><span class='ocrx_word' id='word_1_554' title='bbox 396 4530 479 4586; x_wconf 87' lang='lat' dir='ltr'><strong>sia</strong></span> <span class='ocrx_word' id='word_1_555' title='bbox 511 4529 626 4584; x_wconf 87' lang='lat' dir='ltr'><strong>vim</strong></span> <span class='ocrx_word' id='word_1_556' title='bbox 659 4527 1037 4584; x_wconf 84' lang='lat' dir='ltr'><strong>ell&#39;rectricem</strong></span> <span class='ocrx_word' id='word_1_557' title='bbox 1067 4524 1188 4580; x_wconf 87' lang='lat' dir='ltr'><strong>visa</strong></span> <span class='ocrx_word' id='word_1_558' title='bbox 1220 4527 1309 4578; x_wconf 85' lang='lat' dir='ltr'><strong>est</strong></span> <span class='ocrx_word' id='word_1_559' title='bbox 1341 4537 1800 4580; x_wconf 89' lang='lat' dir='ltr'><strong>consummasse.</strong></span> <span class='ocrx_word' id='word_1_560' title='bbox 1833 4520 1945 4577; x_wconf 91' lang='lat' dir='ltr'><strong>Sed</strong></span> <span class='ocrx_word' id='word_1_561' title='bbox 1975 4518 2050 4575; x_wconf 89' lang='lat' dir='ltr'><strong>ad</strong></span> 
     </span>
    </p>
   </div>
   <div class='ocr_carea' id='block_1_79' title="bbox 400 4609 2048 4692">
    <p class='ocr_par' dir='ltr' id='par_1_79' title="bbox 400 4609 2048 4692">
     <span class='ocr_line' id='line_1_79' title="bbox 400 4609 2048 4692; baseline -0.007 -17"><span class='ocrx_word' id='word_1_562' title='bbox 400 4618 766 4692; x_wconf 88' lang='lat' dir='ltr'><strong>propositum</strong></span> <span class='ocrx_word' id='word_1_563' title='bbox 799 4621 1115 4692; x_wconf 67' lang='lat' dir='ltr'><strong>revertatur</strong></span> <span class='ocrx_word' id='word_1_564' title='bbox 1149 4615 1332 4670; x_wconf 88' lang='lat' dir='ltr'><strong>oratio</strong></span> <span class='ocrx_word' id='word_1_565' title='bbox 1366 4631 1380 4669; x_wconf 95' lang='lat'><strong>:</strong></span> <span class='ocrx_word' id='word_1_566' title='bbox 1434 4634 1464 4663; x_wconf 87' lang='lat'><strong><em>«</em></strong></span> <span class='ocrx_word' id='word_1_567' title='bbox 1502 4611 1706 4667; x_wconf 86' lang='lat' dir='ltr'><strong>Dicant</strong></span> <span class='ocrx_word' id='word_1_568' title='bbox 1753 4612 1852 4683; x_wconf 88' lang='lat' dir='ltr'><strong>qui</strong></span> <span class='ocrx_word' id='word_1_569' title='bbox 1901 4609 2048 4666; x_wconf 80' lang='lat' dir='ltr'><strong>tale8</strong></span> 
     </span>
    </p>
   </div>
   <div class='ocr_carea' id='block_1_80' title="bbox 399 4701 2046 4778">
    <p class='ocr_par' dir='ltr' id='par_1_80' title="bbox 399 4701 2046 4778">
     <span class='ocr_line' id='line_1_80' title="bbox 399 4701 2046 4778; baseline -0.006 -13"><span class='ocrx_word' id='word_1_570' title='bbox 399 4711 722 4765; x_wconf 78' lang='lat' dir='ltr'><strong>formarum</strong></span> <span class='ocrx_word' id='word_1_571' title='bbox 753 4706 973 4778; x_wconf 77' lang='lat' dir='ltr'><strong>effigies</strong></span> <span class='ocrx_word' id='word_1_572' title='bbox 1003 4706 1252 4776; x_wconf 89' lang='lat' dir='ltr'><strong>erigunt,</strong></span> <span class='ocrx_word' id='word_1_573' title='bbox 1285 4719 1460 4776; x_wconf 90' lang='lat' dir='ltr'><strong>quem</strong></span> <span class='ocrx_word' id='word_1_574' title='bbox 1511 4718 1580 4757; x_wconf 80' lang='lat' dir='ltr'><strong>ex</strong></span> <span class='ocrx_word' id='word_1_575' title='bbox 1631 4701 1748 4757; x_wconf 90' lang='lat' dir='ltr'><strong>illis</strong></span> <span class='ocrx_word' id='word_1_576' title='bbox 1794 4701 2046 4772; x_wconf 88' lang='lat' dir='ltr'><strong>denique</strong></span> 
     </span>
    </p>
   </div>
   <div class='ocr_carea' id='block_1_81' title="bbox 400 4793 2045 4866">
    <p class='ocr_par' dir='ltr' id='par_1_81' title="bbox 400 4793 2045 4866">
     <span class='ocr_line' id='line_1_81' title="bbox 400 4793 2045 4866; baseline -0.007 -12"><span class='ocrx_word' id='word_1_577' title='bbox 400 4799 653 4854; x_wconf 82' lang='lat' dir='ltr'><strong>fructum</strong></span> <span class='ocrx_word' id='word_1_578' title='bbox 709 4798 1188 4866; x_wconf 87' lang='lat' dir='ltr'><strong>consequantur:</strong></span> <span class='ocrx_word' id='word_1_579' title='bbox 1239 4798 1340 4847; x_wconf 91' lang='lat' dir='ltr'><strong>aut</strong></span> <span class='ocrx_word' id='word_1_580' title='bbox 1378 4793 1449 4847; x_wconf 90' lang='lat' dir='ltr'><strong>ad</strong></span> <span class='ocrx_word' id='word_1_581' title='bbox 1499 4806 1677 4862; x_wconf 89' lang='lat' dir='ltr'><strong>quam</strong></span> <span class='ocrx_word' id='word_1_582' title='bbox 1735 4806 1800 4845; x_wconf 77' lang='lat' dir='ltr'><strong>ex</strong></span> <span class='ocrx_word' id='word_1_583' title='bbox 1845 4805 2045 4846; x_wconf 85' lang='lat' dir='ltr'><strong>earum</strong></span> 
     </span>
    </p>
   </div>
   <div class='ocr_carea' id='block_1_82' title="bbox 402 4879 2052 4959">
    <p class='ocr_par' dir='ltr' id='par_1_82' title="bbox 402 4879 2052 4959">
     <span class='ocr_line' id='line_1_82' title="bbox 402 4879 2052 4959; baseline -0.007 -13"><span class='ocrx_word' id='word_1_584' title='bbox 402 4888 798 4946; x_wconf 88' lang='lat' dir='ltr'><strong>admonitione</strong></span> <span class='ocrx_word' id='word_1_585' title='bbox 822 4886 1146 4959; x_wconf 88' lang='lat' dir='ltr'><strong>spiritalem</strong></span> <span class='ocrx_word' id='word_1_586' title='bbox 1167 4881 1715 4954; x_wconf 90' lang='lat' dir='ltr'><strong>contemplationem</strong></span> <span class='ocrx_word' id='word_1_587' title='bbox 1743 4879 2052 4952; x_wconf 85' lang='lat' dir='ltr'><strong>provehan-</strong></span> 
     </span>
    </p>
   </div>
   <div class='ocr_carea' id='block_1_83' title="bbox 401 4970 2050 5050">
    <p class='ocr_par' dir='ltr' id='par_1_83' title="bbox 401 4970 2050 5050">
     <span class='ocr_line' id='line_1_83' title="bbox 401 4970 2050 5050; baseline -0.007 -15"><span class='ocrx_word' id='word_1_588' title='bbox 401 4985 516 5036; x_wconf 90' lang='lat' dir='ltr'><strong>tur.</strong></span> <span class='ocrx_word' id='word_1_589' title='bbox 551 5001 579 5029; x_wconf 82' lang='lat'>»</span> <span class='ocrx_word' id='word_1_590' title='bbox 611 4979 844 5050; x_wconf 88' lang='lat' dir='ltr'><strong>Ecquis,</strong></span> <span class='ocrx_word' id='word_1_591' title='bbox 875 4995 908 5034; x_wconf 93' lang='lat' dir='ltr'><strong>o</strong></span> <span class='ocrx_word' id='word_1_592' title='bbox 973 4979 1178 5046; x_wconf 88' lang='lat' dir='ltr'><strong>amice,</strong></span> <span class='ocrx_word' id='word_1_593' title='bbox 1227 4991 1296 5030; x_wconf 78' lang='lat' dir='ltr'><strong>ex</strong></span> <span class='ocrx_word' id='word_1_594' title='bbox 1342 4972 1612 5043; x_wconf 89' lang='lat' dir='ltr'><strong>imaginis</strong></span> <span class='ocrx_word' id='word_1_595' title='bbox 1659 4979 1915 5044; x_wconf 89' lang='lat' dir='ltr'><strong>aspectu,</strong></span> <span class='ocrx_word' id='word_1_596' title='bbox 1966 4970 2050 5025; x_wconf 90' lang='lat' dir='ltr'><strong>si-</strong></span> 
     </span>
    </p>
   </div>
   <div class='ocr_carea' id='block_1_84' title="bbox 402 5061 2052 5141">
    <p class='ocr_par' dir='ltr' id='par_1_84' title="bbox 402 5061 2052 5141">
     <span class='ocr_line' id='line_1_84' title="bbox 402 5061 2052 5141; baseline -0.007 -16"><span class='ocrx_word' id='word_1_597' title='bbox 402 5069 638 5141; x_wconf 91' lang='lat' dir='ltr'><strong>quidem</strong></span> <span class='ocrx_word' id='word_1_598' title='bbox 662 5073 855 5124; x_wconf 80' lang='lat' dir='ltr'><strong>exacte</strong></span> <span class='ocrx_word' id='word_1_599' title='bbox 881 5067 1125 5138; x_wconf 82' lang='lat' dir='ltr'><strong>fixisque</strong></span> <span class='ocrx_word' id='word_1_600' title='bbox 1146 5066 1536 5130; x_wconf 82' lang='lat' dir='ltr'><strong>dextrorsum,</strong></span> <span class='ocrx_word' id='word_1_601' title='bbox 1557 5079 1621 5116; x_wconf 91' lang='lat' dir='ltr'><strong>ac</strong></span> <span class='ocrx_word' id='word_1_602' title='bbox 1645 5061 2052 5116; x_wconf 90' lang='lat' dir='ltr'><strong>sinistrorsum</strong></span> 
     </span>
    </p>
   </div>
   <div class='ocr_carea' id='block_1_85' title="bbox 401 5147 2052 5224">
    <p class='ocr_par' dir='ltr' id='par_1_85' title="bbox 401 5147 2052 5224">
     <span class='ocr_line' id='line_1_85' title="bbox 401 5147 2052 5224; baseline -0.008 -9"><span class='ocrx_word' id='word_1_603' title='bbox 401 5159 588 5217; x_wconf 88' lang='lat' dir='ltr'><strong>oculis</strong></span> <span class='ocrx_word' id='word_1_604' title='bbox 633 5162 852 5224; x_wconf 90' lang='lat' dir='ltr'><strong>cernat,</strong></span> <span class='ocrx_word' id='word_1_605' title='bbox 883 5155 1200 5213; x_wconf 89' lang='lat' dir='ltr'><strong>simulacra</strong></span> <span class='ocrx_word' id='word_1_606' title='bbox 1249 5152 1528 5210; x_wconf 91' lang='lat' dir='ltr'><strong>hauriens</strong></span> <span class='ocrx_word' id='word_1_607' title='bbox 1575 5167 1690 5206; x_wconf 89' lang='lat' dir='ltr'><strong>non</strong></span> <span class='ocrx_word' id='word_1_608' title='bbox 1744 5150 1946 5219; x_wconf 83' lang='lat' dir='ltr'><strong>inﬁgat</strong></span> <span class='ocrx_word' id='word_1_609' title='bbox 1993 5147 2052 5202; x_wconf 89' lang='lat' dir='ltr'><strong>in</strong></span> 
     </span>
    </p>
   </div>
   <div class='ocr_carea' id='block_1_86' title="bbox 400 5237 2051 5319">
    <p class='ocr_par' dir='ltr' id='par_1_86' title="bbox 400 5237 2051 5319">
     <span class='ocr_line' id='line_1_86' title="bbox 400 5237 2051 5319; baseline -0.009 -14"><span class='ocrx_word' id='word_1_610' title='bbox 400 5249 597 5305; x_wconf 86' lang='lat' dir='ltr'><strong>animo</strong></span> <span class='ocrx_word' id='word_1_611' title='bbox 630 5263 644 5302; x_wconf 90' lang='lat'><strong>:</strong></span> <span class='ocrx_word' id='word_1_612' title='bbox 683 5252 740 5304; x_wconf 88' lang='lat' dir='ltr'><strong>et</strong></span> <span class='ocrx_word' id='word_1_613' title='bbox 767 5247 991 5319; x_wconf 89' lang='lat' dir='ltr'><strong>optima</strong></span> <span class='ocrx_word' id='word_1_614' title='bbox 1021 5245 1279 5314; x_wconf 91' lang='lat' dir='ltr'><strong>quidem,</strong></span> <span class='ocrx_word' id='word_1_615' title='bbox 1312 5243 1360 5298; x_wconf 88' lang='lat' dir='ltr'><strong>si</strong></span> <span class='ocrx_word' id='word_1_616' title='bbox 1393 5257 1460 5296; x_wconf 82' lang='lat' dir='ltr'><strong>ex</strong></span> <span class='ocrx_word' id='word_1_617' title='bbox 1489 5240 1743 5311; x_wconf 85' lang='lat' dir='ltr'><strong>imagine</strong></span> <span class='ocrx_word' id='word_1_618' title='bbox 1787 5237 2005 5308; x_wconf 87' lang='lat' dir='ltr'><strong>Opiima</strong></span> <span class='ocrx_word' id='word_1_619' title='bbox 2037 5253 2051 5291; x_wconf 90' lang='lat'><strong>:</strong></span> 
     </span>
    </p>
   </div>
   <div class='ocr_carea' id='block_1_87' title="bbox 402 5327 2057 5410">
    <p class='ocr_par' dir='ltr' id='par_1_87' title="bbox 402 5327 2057 5410">
     <span class='ocr_line' id='line_1_87' title="bbox 402 5327 2057 5410; baseline -0.008 -15"><span class='ocrx_word' id='word_1_620' title='bbox 402 5340 489 5395; x_wconf 92' lang='lat' dir='ltr'><strong>sin</strong></span> <span class='ocrx_word' id='word_1_621' title='bbox 521 5353 587 5395; x_wconf 79' lang='lat' dir='ltr'><strong>ex</strong></span> <span class='ocrx_word' id='word_1_622' title='bbox 617 5337 799 5410; x_wconf 89' lang='lat' dir='ltr'><strong>turpi,</strong></span> <span class='ocrx_word' id='word_1_623' title='bbox 831 5335 1022 5404; x_wconf 89' lang='lat' dir='ltr'><strong>turpia</strong></span> <span class='ocrx_word' id='word_1_624' title='bbox 1044 5332 1072 5388; x_wconf 67' lang='lat'><strong>‘2</strong></span> <span class='ocrx_word' id='word_1_625' title='bbox 1103 5334 1184 5388; x_wconf 90' lang='lat' dir='ltr'><strong>ita</strong></span> <span class='ocrx_word' id='word_1_626' title='bbox 1213 5336 1278 5386; x_wconf 89' lang='lat' dir='ltr'><strong>ut</strong></span> <span class='ocrx_word' id='word_1_627' title='bbox 1308 5345 1560 5402; x_wconf 72' lang='lat' dir='ltr'><strong>persaape</strong></span> <span class='ocrx_word' id='word_1_628' title='bbox 1589 5339 1644 5384; x_wconf 88' lang='lat' dir='ltr'><strong>et</strong></span> <span class='ocrx_word' id='word_1_629' title='bbox 1690 5329 1846 5384; x_wconf 89' lang='lat' dir='ltr'><strong>domi</strong></span> <span class='ocrx_word' id='word_1_630' title='bbox 1894 5327 2057 5383; x_wconf 88' lang='lat' dir='ltr'><strong>babi-</strong></span> 
     </span>
    </p>
   </div>
   <div class='ocr_carea' id='block_1_88' title="bbox 397 5422 2054 5494">
    <p class='ocr_par' dir='ltr' id='par_1_88' title="bbox 397 5422 2054 5494">
     <span class='ocr_line' id='line_1_88' title="bbox 397 5422 2054 5494; baseline -0.008 -9"><span class='ocrx_word' id='word_1_631' title='bbox 397 5432 532 5486; x_wconf 84' lang='lat' dir='ltr'><strong>tana</strong></span> <span class='ocrx_word' id='word_1_632' title='bbox 580 5444 736 5484; x_wconf 90' lang='lat' dir='ltr'><strong>nunc</strong></span> <span class='ocrx_word' id='word_1_633' title='bbox 787 5425 1246 5494; x_wconf 88' lang='lat' dir='ltr'><strong>cumpungatur,</strong></span> <span class='ocrx_word' id='word_1_634' title='bbox 1301 5435 1459 5476; x_wconf 90' lang='lat' dir='ltr'><strong>nunc</strong></span> <span class='ocrx_word' id='word_1_635' title='bbox 1513 5435 1646 5476; x_wconf 89' lang='lat' dir='ltr'><strong>vero</strong></span> <span class='ocrx_word' id='word_1_636' title='bbox 1693 5422 2054 5475; x_wconf 88' lang='lat' dir='ltr'><strong>succenseat.</strong></span> 
     </span>
    </p>
   </div>
   <div class='ocr_carea' id='block_1_89' title="bbox 401 5507 2057 5585">
    <p class='ocr_par' dir='ltr' id='par_1_89' title="bbox 401 5507 2057 5585">
     <span class='ocr_line' id='line_1_89' title="bbox 401 5507 2057 5585; baseline -0.007 -11"><span class='ocrx_word' id='word_1_637' title='bbox 401 5521 607 5576; x_wconf 82' lang='lat' dir='ltr'><strong>Annon</strong></span> <span class='ocrx_word' id='word_1_638' title='bbox 629 5523 686 5573; x_wconf 90' lang='lat' dir='ltr'><strong>et</strong></span> <span class='ocrx_word' id='word_1_639' title='bbox 705 5515 918 5585; x_wconf 90' lang='lat' dir='ltr'><strong>aliquis</strong></span> <span class='ocrx_word' id='word_1_640' title='bbox 937 5512 1229 5568; x_wconf 88' lang='lat' dir='ltr'><strong>interdum</strong></span> <span class='ocrx_word' id='word_1_641' title='bbox 1257 5509 1629 5567; x_wconf 84' lang='lat' dir='ltr'><strong>obdormiens</strong></span> <span class='ocrx_word' id='word_1_642' title='bbox 1665 5507 1799 5565; x_wconf 88' lang='lat' dir='ltr'><strong>visis</strong></span> <span class='ocrx_word' id='word_1_643' title='bbox 1830 5513 2057 5566; x_wconf 88' lang='lat' dir='ltr'><strong>noctur-</strong></span> 
     </span>
    </p>
   </div>
   <div class='ocr_carea' id='block_1_90' title="bbox 471 5697 1496 5772">
    <p class='ocr_par' dir='ltr' id='par_1_90' title="bbox 471 5697 1496 5772">
     <span class='ocr_line' id='line_1_90' title="bbox 471 5697 1496 5772; baseline -0.003 -14"><span class='ocrx_word' id='word_1_644' title='bbox 471 5703 519 5739; x_wconf 69' lang='lat'><strong>7‘</strong></span> <span class='ocrx_word' id='word_1_645' title='bbox 550 5700 674 5758; x_wconf 87' lang='lat' dir='ltr'><strong>Lib.</strong></span> <span class='ocrx_word' id='word_1_646' title='bbox 708 5699 788 5757; x_wconf 88' lang='lat' dir='ltr'><strong>De</strong></span> <span class='ocrx_word' id='word_1_647' title='bbox 818 5697 1041 5772; x_wconf 89' lang='lat' dir='ltr'><strong>Spiritu</strong></span> <span class='ocrx_word' id='word_1_648' title='bbox 1065 5702 1287 5770; x_wconf 85' lang='lat' dir='ltr'><strong>sancto,</strong></span> <span class='ocrx_word' id='word_1_649' title='bbox 1320 5715 1372 5756; x_wconf 81' lang='grc' dir='ltr'><strong>ο.</strong></span> <span class='ocrx_word' id='word_1_650' title='bbox 1409 5699 1496 5755; x_wconf 85' lang='grc'><strong>17.</strong></span> 
     </span>
    </p>
   </div>
   <div class='ocr_carea' id='block_1_91' title="bbox 1575 5698 2112 5770">
    <p class='ocr_par' dir='ltr' id='par_1_91' title="bbox 1575 5698 2112 5770">
     <span class='ocr_line' id='line_1_91' title="bbox 1575 5698 2112 5770; baseline -0.006 -14"><span class='ocrx_word' id='word_1_651' title='bbox 1575 5698 1620 5734; x_wconf 78' lang='grc'><strong>⁷⁵</strong></span> <span class='ocrx_word' id='word_1_652' title='bbox 1640 5699 1815 5757; x_wconf 84' lang='lat' dir='ltr'><strong>Exod.</strong></span> <span class='ocrx_word' id='word_1_653' title='bbox 1849 5715 1981 5770; x_wconf 80' lang='lat' dir='ltr'><strong>xxv,</strong></span> <span class='ocrx_word' id='word_1_654' title='bbox 2020 5699 2112 5754; x_wconf 89' lang='lat'><strong>20.</strong></span> 
     </span>
    </p>
   </div>
   <div class='ocr_carea' id='block_1_92' title="bbox 2161 3265 3792 3351">
    <p class='ocr_par' dir='ltr' id='par_1_92' title="bbox 2161 3265 3792 3351">
     <span class='ocr_line' id='line_1_92' title="bbox 2161 3265 3792 3351; baseline 0.007 -31"><span class='ocrx_word' id='word_1_655' title='bbox 2161 3265 2321 3320; x_wconf 85' lang='grc' dir='ltr'>εἰκὼν</span> <span class='ocrx_word' id='word_1_656' title='bbox 2351 3271 2418 3339; x_wconf 83' lang='grc' dir='ltr'><strong>τῇ</strong></span> <span class='ocrx_word' id='word_1_657' title='bbox 2451 3269 2711 3340; x_wconf 78' lang='grc' dir='ltr'>φαντασίᾳ</span> <span class='ocrx_word' id='word_1_658' title='bbox 2736 3270 2961 3328; x_wconf 81' lang='grc' dir='ltr'>ἐοικυῖα.</span> <span class='ocrx_word' id='word_1_659' title='bbox 2994 3270 3059 3326; x_wconf 84' lang='grc' dir='ltr'><strong>Εἰ</strong></span> <span class='ocrx_word' id='word_1_660' title='bbox 3111 3268 3167 3326; x_wconf 78' lang='grc' dir='ltr'>δὲ</span> <span class='ocrx_word' id='word_1_661' title='bbox 3207 3271 3493 3350; x_wconf 80' lang='grc' dir='ltr'>ἀνωφελής</span> <span class='ocrx_word' id='word_1_662' title='bbox 3526 3279 3564 3346; x_wconf 80' lang='grc' dir='ltr'>ἡ</span> <span class='ocrx_word' id='word_1_663' title='bbox 3597 3277 3792 3351; x_wconf 77' lang='grc' dir='ltr'>προύρ-</span> 
     </span>
    </p>
   </div>
   <div class='ocr_carea' id='block_1_93' title="bbox 2159 3354 3791 3439">
    <p class='ocr_par' dir='ltr' id='par_1_93' title="bbox 2159 3354 3791 3439">
     <span class='ocr_line' id='line_1_93' title="bbox 2159 3354 3791 3439; baseline 0.006 -31"><span class='ocrx_word' id='word_1_664' title='bbox 2159 3354 2423 3432; x_wconf 76' lang='grc' dir='ltr'>γιαιτέρα,</span> <span class='ocrx_word' id='word_1_665' title='bbox 2469 3355 2668 3429; x_wconf 81' lang='grc' dir='ltr'>πολλῷ</span> <span class='ocrx_word' id='word_1_666' title='bbox 2724 3355 2812 3412; x_wconf 77' lang='grc' dir='ltr'>οὖν</span> <span class='ocrx_word' id='word_1_667' title='bbox 2873 3357 3084 3430; x_wconf 78' lang='grc' dir='ltr'>μᾶλλον</span> <span class='ocrx_word' id='word_1_668' title='bbox 3132 3362 3167 3429; x_wconf 82' lang='grc' dir='ltr'>ἡ</span> <span class='ocrx_word' id='word_1_669' title='bbox 3221 3362 3658 3439; x_wconf 77' lang='grc' dir='ltr'>ὑφειμενεστὲρα,</span> <span class='ocrx_word' id='word_1_670' title='bbox 3695 3365 3791 3438; x_wconf 82' lang='grc' dir='ltr'>μά-</span> 
     </span>
    </p>
   </div>
   <div class='ocr_carea' id='block_1_94' title="bbox 2157 3446 3790 3526">
    <p class='ocr_par' dir='ltr' id='par_1_94' title="bbox 2157 3446 3790 3526">
     <span class='ocr_line' id='line_1_94' title="bbox 2157 3446 3790 3526; baseline 0.005 -27"><span class='ocrx_word' id='word_1_671' title='bbox 2157 3465 2256 3514; x_wconf 89' lang='grc' dir='ltr'><strong>την</strong></span> <span class='ocrx_word' id='word_1_672' title='bbox 2312 3446 2728 3521; x_wconf 81' lang='grc' dir='ltr'>συνυπάρχουσα</span> <span class='ocrx_word' id='word_1_673' title='bbox 2763 3452 2832 3521; x_wconf 78' lang='grc' dir='ltr'><strong>τῇ</strong></span> <span class='ocrx_word' id='word_1_674' title='bbox 2892 3449 3079 3526; x_wconf 75' lang='grc' dir='ltr'>φύσει·</span> <span class='ocrx_word' id='word_1_675' title='bbox 3128 3451 3214 3505; x_wconf 78' lang='grc' dir='ltr'><strong>καὶ</strong></span> <span class='ocrx_word' id='word_1_676' title='bbox 3277 3452 3319 3505; x_wconf 80' lang='grc' dir='ltr'><strong>εἰ</strong></span> <span class='ocrx_word' id='word_1_677' title='bbox 3373 3453 3684 3526; x_wconf 80' lang='grc' dir='ltr'>μάτην,καί</span> <span class='ocrx_word' id='word_1_678' title='bbox 3739 3455 3790 3508; x_wconf 71' lang='grc' dir='ltr'>αἱ</span> 
     </span>
    </p>
   </div>
   <div class='ocr_carea' id='block_1_95' title="bbox 2161 3533 3784 3610">
    <p class='ocr_par' dir='ltr' id='par_1_95' title="bbox 2161 3533 3784 3610">
     <span class='ocr_line' id='line_1_95' title="bbox 2161 3533 3784 3610; baseline 0.006 -23"><span class='ocrx_word' id='word_1_679' title='bbox 2161 3533 2445 3610; x_wconf 82' lang='grc' dir='ltr'>σόστοιχοι</span> <span class='ocrx_word' id='word_1_680' title='bbox 2476 3536 2670 3605; x_wconf 80' lang='grc' dir='ltr'>αὐτῆς,</span> <span class='ocrx_word' id='word_1_681' title='bbox 2701 3535 2972 3606; x_wconf 69' lang='grc' dir='ltr'>α’ίσθησις,</span> <span class='ocrx_word' id='word_1_682' title='bbox 3007 3535 3152 3610; x_wconf 75' lang='grc' dir='ltr'>δόξα,</span> <span class='ocrx_word' id='word_1_683' title='bbox 3187 3536 3416 3609; x_wconf 82' lang='grc' dir='ltr'>διάνοια,</span> <span class='ocrx_word' id='word_1_684' title='bbox 3448 3547 3600 3606; x_wconf 79' lang='grc' dir='ltr'>νοῦς.</span> <span class='ocrx_word' id='word_1_685' title='bbox 3635 3544 3784 3600; x_wconf 74' lang='grc' dir='ltr'>Οὕτω</span> 
     </span>
    </p>
   </div>
   <div class='ocr_carea' id='block_1_96' title="bbox 2160 3622 3789 3707">
    <p class='ocr_par' dir='ltr' id='par_1_96' title="bbox 2160 3622 3789 3707">
     <span class='ocr_line' id='line_1_96' title="bbox 2160 3622 3789 3707; baseline 0.006 -30"><span class='ocrx_word' id='word_1_686' title='bbox 2160 3622 2500 3700; x_wconf 79' lang='grc' dir='ltr'>φυσιολογῶν</span> <span class='ocrx_word' id='word_1_687' title='bbox 2548 3626 2574 3679; x_wconf 90' lang='grc' dir='ltr'>ὁ</span> <span class='ocrx_word' id='word_1_688' title='bbox 2620 3625 2788 3702; x_wconf 82' lang='grc' dir='ltr'>λόγος</span> <span class='ocrx_word' id='word_1_689' title='bbox 2835 3625 2994 3681; x_wconf 79' lang='grc' dir='ltr'>ἄνουν</span> <span class='ocrx_word' id='word_1_690' title='bbox 3044 3629 3366 3705; x_wconf 79' lang='grc' dir='ltr'>ὑπαγορεύει</span> <span class='ocrx_word' id='word_1_691' title='bbox 3419 3629 3506 3686; x_wconf 71' lang='grc' dir='ltr'><strong>διὰ</strong></span> <span class='ocrx_word' id='word_1_692' title='bbox 3573 3633 3789 3707; x_wconf 81' lang='grc' dir='ltr'>Θεωρίας</span> 
     </span>
    </p>
   </div>
   <div class='ocr_carea' id='block_1_97' title="bbox 2158 3711 3789 3798">
    <p class='ocr_par' dir='ltr' id='par_1_97' title="bbox 2158 3711 3789 3798">
     <span class='ocr_line' id='line_1_97' title="bbox 2158 3711 3789 3798; baseline 0.006 -31"><span class='ocrx_word' id='word_1_693' title='bbox 2158 3711 2644 3790; x_wconf 82' lang='grc' dir='ltr'>ἐπαγωγικωτὲρας</span> <span class='ocrx_word' id='word_1_694' title='bbox 2701 3715 2793 3770; x_wconf 88' lang='grc' dir='ltr'>τὸν</span> <span class='ocrx_word' id='word_1_695' title='bbox 2847 3723 2946 3785; x_wconf 84' lang='grc' dir='ltr'><strong>τῆς</strong></span> <span class='ocrx_word' id='word_1_696' title='bbox 3021 3717 3225 3782; x_wconf 69' lang='grc' dir='ltr'>εἰκόνος</span> <span class='ocrx_word' id='word_1_697' title='bbox 3299 3717 3426 3789; x_wconf 78' lang='grc' dir='ltr'>ἤτοι</span> <span class='ocrx_word' id='word_1_698' title='bbox 3502 3723 3789 3798; x_wconf 79' lang='grc' dir='ltr'>φαντασίας</span> 
     </span>
    </p>
   </div>
   <div class='ocr_carea' id='block_1_98' title="bbox 2158 3800 3789 3890">
    <p class='ocr_par' dir='ltr' id='par_1_98' title="bbox 2158 3800 3789 3890">
     <span class='ocr_line' id='line_1_98' title="bbox 2158 3800 3789 3890; baseline 0.005 -34"><span class='ocrx_word' id='word_1_699' title='bbox 2158 3800 2537 3874; x_wconf 76' lang='grc' dir='ltr'>ἔξουδενωτήν.</span> <span class='ocrx_word' id='word_1_700' title='bbox 2573 3805 2712 3878; x_wconf 85' lang='grc' dir='ltr'><strong>Ἐγὼ</strong></span> <span class='ocrx_word' id='word_1_701' title='bbox 2744 3801 2802 3858; x_wconf 74' lang='grc' dir='ltr'>δὲ</span> <span class='ocrx_word' id='word_1_702' title='bbox 2827 3806 2918 3859; x_wconf 79' lang='grc' dir='ltr'>καὶ</span> <span class='ocrx_word' id='word_1_703' title='bbox 2967 3802 3154 3870; x_wconf 67' lang='grc' dir='ltr'>ἄλλως</span> <span class='ocrx_word' id='word_1_704' title='bbox 3205 3809 3411 3882; x_wconf 81' lang='grc' dir='ltr'>ἄγαμαι</span> <span class='ocrx_word' id='word_1_705' title='bbox 3451 3812 3556 3880; x_wconf 77' lang='grc' dir='ltr'><strong>τήν</strong></span> <span class='ocrx_word' id='word_1_706' title='bbox 3607 3831 3789 3890; x_wconf 82' lang='grc' dir='ltr'>φαντα-</span> 
     </span>
    </p>
   </div>
   <div class='ocr_carea' id='block_1_99' title="bbox 2160 3890 3787 3974">
    <p class='ocr_par' dir='ltr' id='par_1_99' title="bbox 2160 3890 3787 3974">
     <span class='ocr_line' id='line_1_99' title="bbox 2160 3890 3787 3974; baseline 0.005 -29"><span class='ocrx_word' id='word_1_707' title='bbox 2160 3890 2298 3946; x_wconf 81' lang='grc' dir='ltr'>σίαν.</span> <span class='ocrx_word' id='word_1_708' title='bbox 2334 3892 2474 3946; x_wconf 84' lang='grc' dir='ltr'>Φασὶ</span> <span class='ocrx_word' id='word_1_709' title='bbox 2529 3892 2631 3968; x_wconf 88' lang='grc' dir='ltr'><strong>γάρ</strong></span> <span class='ocrx_word' id='word_1_710' title='bbox 2681 3914 2822 3956; x_wconf 87' lang='grc' dir='ltr'>τινες</span> <span class='ocrx_word' id='word_1_711' title='bbox 2863 3900 3095 3970; x_wconf 84' lang='grc' dir='ltr'>γυναῖκα</span> <span class='ocrx_word' id='word_1_712' title='bbox 3139 3896 3276 3952; x_wconf 86' lang='grc' dir='ltr'><strong>κατά</strong></span> <span class='ocrx_word' id='word_1_713' title='bbox 3319 3898 3414 3952; x_wconf 87' lang='grc' dir='ltr'><strong>τὸν</strong></span> <span class='ocrx_word' id='word_1_714' title='bbox 3464 3898 3787 3974; x_wconf 67' lang='grc' dir='ltr'>συλλήψεως</span> 
     </span>
    </p>
   </div>
   <div class='ocr_carea' id='block_1_100' title="bbox 2155 3979 3785 4058">
    <p class='ocr_par' dir='ltr' id='par_1_100' title="bbox 2155 3979 3785 4058">
     <span class='ocr_line' id='line_1_100' title="bbox 2155 3979 3785 4058; baseline 0.006 -24"><span class='ocrx_word' id='word_1_715' title='bbox 2155 3980 2342 4054; x_wconf 82' lang='grc' dir='ltr'>καιρὸν</span> <span class='ocrx_word' id='word_1_716' title='bbox 2415 3979 2649 4036; x_wconf 87' lang='grc' dir='ltr'>Αἰθίοπα</span> <span class='ocrx_word' id='word_1_717' title='bbox 2723 3985 3124 4058; x_wconf 82' lang='grc' dir='ltr'>φαντασθεῖσαν,</span> <span class='ocrx_word' id='word_1_718' title='bbox 3175 3984 3412 4041; x_wconf 79' lang='grc' dir='ltr'>Αἰθίοπα</span> <span class='ocrx_word' id='word_1_719' title='bbox 3490 3989 3785 4044; x_wconf 78' lang='grc' dir='ltr'>ἀποτεκεῖν.</span> 
     </span>
    </p>
   </div>
   <div class='ocr_carea' id='block_1_101' title="bbox 2156 4071 3786 4152">
    <p class='ocr_par' dir='ltr' id='par_1_101' title="bbox 2156 4071 3786 4152">
     <span class='ocr_line' id='line_1_101' title="bbox 2156 4071 3786 4152; baseline 0.004 -29"><span class='ocrx_word' id='word_1_720' title='bbox 2156 4075 2414 4124; x_wconf 83' lang='grc' dir='ltr'>Τοιοῦτον</span> <span class='ocrx_word' id='word_1_721' title='bbox 2463 4071 2552 4126; x_wconf 86' lang='grc' dir='ltr'><strong>καὶ</strong></span> <span class='ocrx_word' id='word_1_722' title='bbox 2597 4073 2659 4127; x_wconf 89' lang='grc' dir='ltr'>τὸ</span> <span class='ocrx_word' id='word_1_723' title='bbox 2715 4074 2849 4128; x_wconf 80' lang='grc' dir='ltr'>κατὰ</span> <span class='ocrx_word' id='word_1_724' title='bbox 2901 4075 2991 4128; x_wconf 84' lang='grc' dir='ltr'><strong>τὸν</strong></span> <span class='ocrx_word' id='word_1_725' title='bbox 3049 4078 3395 4152; x_wconf 85' lang='grc' dir='ltr'>πατριάρχην</span> <span class='ocrx_word' id='word_1_726' title='bbox 3456 4076 3654 4134; x_wconf 77' lang='grc' dir='ltr'><strong>Ἰακὼὸ³</strong></span> <span class='ocrx_word' id='word_1_727' title='bbox 3708 4078 3786 4131; x_wconf 77' lang='grc' dir='ltr'><strong>ἐπὶ</strong></span> 
     </span>
    </p>
   </div>
   <div class='ocr_carea' id='block_1_102' title="bbox 2155 4158 3785 4242">
    <p class='ocr_par' dir='ltr' id='par_1_102' title="bbox 2155 4158 3785 4242">
     <span class='ocr_line' id='line_1_102' title="bbox 2155 4158 3785 4242; baseline 0.004 -28"><span class='ocrx_word' id='word_1_728' title='bbox 2155 4164 2232 4232; x_wconf 80' lang='grc' dir='ltr'>τῷ</span> <span class='ocrx_word' id='word_1_729' title='bbox 2277 4165 2386 4215; x_wconf 83' lang='grc' dir='ltr'><strong>τῶν</strong></span> <span class='ocrx_word' id='word_1_730' title='bbox 2432 4158 2646 4235; x_wconf 79' lang='grc' dir='ltr'>ῥάϐδων</span> <span class='ocrx_word' id='word_1_731' title='bbox 2704 4161 2957 4236; x_wconf 78' lang='grc' dir='ltr'>λεπισμῷ</span> <span class='ocrx_word' id='word_1_732' title='bbox 2982 4185 2997 4199; x_wconf 90' lang='grc'><strong>·</strong></span> <span class='ocrx_word' id='word_1_733' title='bbox 3031 4164 3081 4235; x_wconf 81' lang='grc' dir='ltr'><strong>ἐξ</strong></span> <span class='ocrx_word' id='word_1_734' title='bbox 3119 4167 3185 4234; x_wconf 70' lang='grc' dir='ltr'>ἧς</span> <span class='ocrx_word' id='word_1_735' title='bbox 3217 4167 3508 4242; x_wconf 74' lang='grc' dir='ltr'>φαντασίας</span> <span class='ocrx_word' id='word_1_736' title='bbox 3558 4165 3785 4223; x_wconf 79' lang='grc' dir='ltr'>ἐποικίλο</span> 
     </span>
    </p>
   </div>
   <div class='ocr_carea' id='block_1_103' title="bbox 2158 4248 3786 4328">
    <p class='ocr_par' dir='ltr' id='par_1_103' title="bbox 2158 4248 3786 4328">
     <span class='ocr_line' id='line_1_103' title="bbox 2158 4248 3786 4328; baseline 0.004 -24"><span class='ocrx_word' id='word_1_737' title='bbox 2158 4248 2316 4306; x_wconf 90' lang='grc' dir='ltr'>λοντο</span> <span class='ocrx_word' id='word_1_738' title='bbox 2353 4250 2419 4305; x_wconf 74' lang='grc' dir='ltr'><strong>τὰ</strong></span> <span class='ocrx_word' id='word_1_739' title='bbox 2476 4250 2527 4305; x_wconf 84' lang='grc' dir='ltr'>ἐν</span> <span class='ocrx_word' id='word_1_740' title='bbox 2572 4258 2689 4314; x_wconf 81' lang='grc' dir='ltr'>τοῖς</span> <span class='ocrx_word' id='word_1_741' title='bbox 2747 4253 3018 4327; x_wconf 72' lang='grc' dir='ltr'>θρέμμασι</span> <span class='ocrx_word' id='word_1_742' title='bbox 3077 4256 3390 4328; x_wconf 80' lang='grc' dir='ltr'>τικτόμενα,</span> <span class='ocrx_word' id='word_1_743' title='bbox 3440 4260 3555 4327; x_wconf 75' lang='grc' dir='ltr'>καὶ,</span> <span class='ocrx_word' id='word_1_744' title='bbox 3598 4258 3641 4312; x_wconf 84' lang='grc' dir='ltr'>ὢ</span> <span class='ocrx_word' id='word_1_745' title='bbox 3695 4261 3786 4312; x_wconf 73' lang='grc' dir='ltr'><strong>τοῦ</strong></span> 
     </span>
    </p>
   </div>
   <div class='ocr_carea' id='block_1_104' title="bbox 2157 4339 3784 4422">
    <p class='ocr_par' dir='ltr' id='par_1_104' title="bbox 2157 4339 3784 4422">
     <span class='ocr_line' id='line_1_104' title="bbox 2157 4339 3784 4422; baseline 0.004 -30"><span class='ocrx_word' id='word_1_746' title='bbox 2157 4339 2467 4412; x_wconf 79' lang='grc' dir='ltr'>θαύματοςί</span> <span class='ocrx_word' id='word_1_747' title='bbox 2515 4341 2600 4396; x_wconf 82' lang='grc' dir='ltr'><strong>ὅτι</strong></span> <span class='ocrx_word' id='word_1_748' title='bbox 2666 4349 3050 4417; x_wconf 82' lang='grc' dir='ltr'>πραγματικῆς</span> <span class='ocrx_word' id='word_1_749' title='bbox 3122 4343 3390 4422; x_wconf 85' lang='grc' dir='ltr'>ἐνεργείας</span> <span class='ocrx_word' id='word_1_750' title='bbox 3442 4350 3477 4416; x_wconf 76' lang='grc' dir='ltr'>ἡ</span> <span class='ocrx_word' id='word_1_751' title='bbox 3531 4347 3784 4402; x_wconf 79' lang='grc' dir='ltr'>εἰκονοει-</span> 
     </span>
    </p>
   </div>
   <div class='ocr_carea' id='block_1_105' title="bbox 2156 4429 3785 4510">
    <p class='ocr_par' dir='ltr' id='par_1_105' title="bbox 2156 4429 3785 4510">
     <span class='ocr_line' id='line_1_105' title="bbox 2156 4429 3785 4510; baseline 0.003 -24"><span class='ocrx_word' id='word_1_752' title='bbox 2156 4429 2252 4500; x_wconf 79' lang='grc' dir='ltr'><strong>δής</strong></span> <span class='ocrx_word' id='word_1_753' title='bbox 2294 4431 2554 4508; x_wconf 80' lang='grc' dir='ltr'>φαντασία</span> <span class='ocrx_word' id='word_1_754' title='bbox 2603 4435 2776 4488; x_wconf 84' lang='grc' dir='ltr'>ὦπται</span> <span class='ocrx_word' id='word_1_755' title='bbox 2823 4433 3192 4507; x_wconf 71' lang='grc' dir='ltr'>ἀποτέλεσμα.</span> <span class='ocrx_word' id='word_1_756' title='bbox 3227 4434 3382 4493; x_wconf 81' lang='grc' dir='ltr'>Ἀλλ’</span> <span class='ocrx_word' id='word_1_757' title='bbox 3415 4437 3502 4492; x_wconf 79' lang='grc' dir='ltr'>ἐπὶ</span> <span class='ocrx_word' id='word_1_758' title='bbox 3563 4438 3624 4493; x_wconf 87' lang='grc' dir='ltr'>τὸ</span> <span class='ocrx_word' id='word_1_759' title='bbox 3664 4457 3785 4510; x_wconf 86' lang='grc' dir='ltr'>προ-</span> 
     </span>
    </p>
   </div>
   <div class='ocr_carea' id='block_1_106' title="bbox 2157 4520 3784 4596">
    <p class='ocr_par' dir='ltr' id='par_1_106' title="bbox 2157 4520 3784 4596">
     <span class='ocr_line' id='line_1_106' title="bbox 2157 4520 3784 4596; baseline 0.001 -20"><span class='ocrx_word' id='word_1_760' title='bbox 2157 4520 2399 4594; x_wconf 85' lang='grc' dir='ltr'>κείμενον</span> <span class='ocrx_word' id='word_1_761' title='bbox 2433 4523 2460 4574; x_wconf 88' lang='grc' dir='ltr'>ὁ</span> <span class='ocrx_word' id='word_1_762' title='bbox 2493 4521 2653 4596; x_wconf 87' lang='grc' dir='ltr'>λόγος</span> <span class='ocrx_word' id='word_1_763' title='bbox 2680 4540 2694 4556; x_wconf 76' lang='grc' dir='ltr'><strong>ο</strong></span> <span class='ocrx_word' id='word_1_764' title='bbox 2729 4547 2757 4574; x_wconf 93' lang='grc'><strong>‹‹</strong></span> <span class='ocrx_word' id='word_1_765' title='bbox 2808 4523 3125 4578; x_wconf 80' lang='grc' dir='ltr'>Εἷπάτωσαν</span> <span class='ocrx_word' id='word_1_766' title='bbox 3179 4527 3229 4579; x_wconf 75' lang='grc' dir='ltr'>οἱ</span> <span class='ocrx_word' id='word_1_767' title='bbox 3268 4525 3364 4588; x_wconf 72' lang='grc' dir='ltr'><strong>τὰς</strong></span> <span class='ocrx_word' id='word_1_768' title='bbox 3410 4525 3628 4582; x_wconf 87' lang='grc' dir='ltr'>τοιάσδε</span> <span class='ocrx_word' id='word_1_769' title='bbox 3666 4527 3784 4580; x_wconf 84' lang='grc' dir='ltr'>ἀνα·</span> 
     </span>
    </p>
   </div>
   <div class='ocr_carea' id='block_1_107' title="bbox 2157 4611 3783 4688">
    <p class='ocr_par' dir='ltr' id='par_1_107' title="bbox 2157 4611 3783 4688">
     <span class='ocr_line' id='line_1_107' title="bbox 2157 4611 3783 4688; baseline 0.002 -23"><span class='ocrx_word' id='word_1_770' title='bbox 2157 4611 2484 4682; x_wconf 82' lang='grc' dir='ltr'>στηλοῦντες</span> <span class='ocrx_word' id='word_1_771' title='bbox 2547 4612 2784 4688; x_wconf 79' lang='grc' dir='ltr'>μορφὰς,</span> <span class='ocrx_word' id='word_1_772' title='bbox 2822 4614 2982 4675; x_wconf 89' lang='grc' dir='ltr'>ποίας</span> <span class='ocrx_word' id='word_1_773' title='bbox 3038 4611 3142 4685; x_wconf 78' lang='grc' dir='ltr'>ἄρα</span> <span class='ocrx_word' id='word_1_774' title='bbox 3194 4613 3253 4669; x_wconf 86' lang='grc' dir='ltr'>ἐκ</span> <span class='ocrx_word' id='word_1_775' title='bbox 3299 4617 3506 4670; x_wconf 78' lang='grc' dir='ltr'>τούτων</span> <span class='ocrx_word' id='word_1_776' title='bbox 3565 4637 3783 4672; x_wconf 82' lang='grc' dir='ltr'>καταπο-</span> 
     </span>
    </p>
   </div>
   <div class='ocr_carea' id='block_1_108' title="bbox 2156 4699 3784 4780">
    <p class='ocr_par' dir='ltr' id='par_1_108' title="bbox 2156 4699 3784 4780">
     <span class='ocr_line' id='line_1_108' title="bbox 2156 4699 3784 4780; baseline 0.002 -25"><span class='ocrx_word' id='word_1_777' title='bbox 2156 4699 2369 4756; x_wconf 83' lang='grc' dir='ltr'>λαόοιεν</span> <span class='ocrx_word' id='word_1_778' title='bbox 2423 4699 2722 4780; x_wconf 75' lang='grc' dir='ltr'>ὠφελείας·</span> <span class='ocrx_word' id='word_1_779' title='bbox 2774 4704 2809 4773; x_wconf 69' lang='grc' dir='ltr'><strong>ἢ</strong></span> <span class='ocrx_word' id='word_1_780' title='bbox 2860 4702 2911 4757; x_wconf 84' lang='grc' dir='ltr'>ἐν</span> <span class='ocrx_word' id='word_1_781' title='bbox 2962 4702 3092 4774; x_wconf 83' lang='grc' dir='ltr'>ποίᾳ</span> <span class='ocrx_word' id='word_1_782' title='bbox 3137 4702 3224 4758; x_wconf 75' lang='grc' dir='ltr'><strong>διὰ</strong></span> <span class='ocrx_word' id='word_1_783' title='bbox 3266 4708 3366 4770; x_wconf 80' lang='grc' dir='ltr'>τῆς</span> <span class='ocrx_word' id='word_1_784' title='bbox 3413 4706 3619 4762; x_wconf 76' lang='grc' dir='ltr'>τούτων</span> <span class='ocrx_word' id='word_1_785' title='bbox 3674 4706 3784 4760; x_wconf 84' lang='grc' dir='ltr'>ἀνα·</span> 
     </span>
    </p>
   </div>
   <div class='ocr_carea' id='block_1_109' title="bbox 2159 4789 3785 4866">
    <p class='ocr_par' dir='ltr' id='par_1_109' title="bbox 2159 4789 3785 4866">
     <span class='ocr_line' id='line_1_109' title="bbox 2159 4789 3785 4866; baseline 0.002 -23"><span class='ocrx_word' id='word_1_786' title='bbox 2159 4791 2403 4860; x_wconf 79' lang='grc' dir='ltr'>μνήσεως</span> <span class='ocrx_word' id='word_1_787' title='bbox 2449 4789 2736 4866; x_wconf 82' lang='grc' dir='ltr'>ἀνάγονται</span> <span class='ocrx_word' id='word_1_788' title='bbox 2795 4789 3013 4864; x_wconf 83' lang='grc' dir='ltr'>θεωρίᾳ.</span> <span class='ocrx_word' id='word_1_789' title='bbox 3046 4814 3076 4844; x_wconf 84' lang='grc'>››</span> <span class='ocrx_word' id='word_1_790' title='bbox 3107 4791 3210 4848; x_wconf 82' lang='grc' dir='ltr'>Καὶ</span> <span class='ocrx_word' id='word_1_791' title='bbox 3254 4792 3355 4862; x_wconf 90' lang='grc' dir='ltr'>τίς,</span> <span class='ocrx_word' id='word_1_792' title='bbox 3389 4795 3434 4848; x_wconf 84' lang='grc' dir='ltr'>ὦ</span> <span class='ocrx_word' id='word_1_793' title='bbox 3465 4800 3581 4865; x_wconf 78' lang='grc' dir='ltr'>τᾶν,</span> <span class='ocrx_word' id='word_1_794' title='bbox 3613 4793 3706 4849; x_wconf 79' lang='grc' dir='ltr'>οὐκ</span> <span class='ocrx_word' id='word_1_795' title='bbox 3733 4793 3785 4847; x_wconf 81' lang='grc' dir='ltr'>ἐκ</span> 
     </span>
    </p>
   </div>
   <div class='ocr_carea' id='block_1_110' title="bbox 2155 4878 3782 4958">
    <p class='ocr_par' dir='ltr' id='par_1_110' title="bbox 2155 4878 3782 4958">
     <span class='ocr_line' id='line_1_110' title="bbox 2155 4878 3782 4958; baseline 0.002 -25"><span class='ocrx_word' id='word_1_796' title='bbox 2155 4886 2253 4948; x_wconf 82' lang='grc' dir='ltr'><strong>τῆς</strong></span> <span class='ocrx_word' id='word_1_797' title='bbox 2303 4879 2577 4944; x_wconf 80' lang='grc' dir='ltr'>εἷ’κονικῆς</span> <span class='ocrx_word' id='word_1_798' title='bbox 2628 4878 2792 4945; x_wconf 78' lang='grc' dir='ltr'>ἰδέας,</span> <span class='ocrx_word' id='word_1_799' title='bbox 2825 4878 2980 4954; x_wconf 72' lang='grc' dir='ltr'>ε’ίπερ</span> <span class='ocrx_word' id='word_1_800' title='bbox 3023 4879 3264 4958; x_wconf 73' lang='grc' dir='ltr'>ἐναργῶς</span> <span class='ocrx_word' id='word_1_801' title='bbox 3312 4885 3589 4955; x_wconf 77' lang='grc' dir='ltr'>ἄτενίσειε,</span> <span class='ocrx_word' id='word_1_802' title='bbox 3622 4882 3782 4954; x_wconf 78' lang='grc' dir='ltr'>δεξιᾶς</span> 
     </span>
    </p>
   </div>
   <div class='ocr_carea' id='block_1_111' title="bbox 2155 4965 3778 5045">
    <p class='ocr_par' dir='ltr' id='par_1_111' title="bbox 2155 4965 3778 5045">
     <span class='ocr_line' id='line_1_111' title="bbox 2155 4965 3778 5045; baseline 0.001 -23"><span class='ocrx_word' id='word_1_803' title='bbox 2155 4988 2212 5022; x_wconf 94' lang='grc' dir='ltr'><strong>τε</strong></span> <span class='ocrx_word' id='word_1_804' title='bbox 2267 4969 2301 5036; x_wconf 72' lang='grc' dir='ltr'>ἢ</span> <span class='ocrx_word' id='word_1_805' title='bbox 2355 4967 2658 5042; x_wconf 80' lang='grc' dir='ltr'>ἀριστερᾶς,</span> <span class='ocrx_word' id='word_1_806' title='bbox 2693 4966 2998 5041; x_wconf 83' lang='grc' dir='ltr'>ἰνδάλματα</span> <span class='ocrx_word' id='word_1_807' title='bbox 3057 4965 3239 5025; x_wconf 77' lang='grc' dir='ltr'>λαϐὼν</span> <span class='ocrx_word' id='word_1_808' title='bbox 3299 4971 3350 5026; x_wconf 83' lang='grc' dir='ltr'>ἐν</span> <span class='ocrx_word' id='word_1_809' title='bbox 3410 4978 3487 5045; x_wconf 80' lang='grc' dir='ltr'><strong>νῷ</strong></span> <span class='ocrx_word' id='word_1_810' title='bbox 3545 4973 3778 5040; x_wconf 77' lang='grc' dir='ltr'>ἄπεισινς</span> 
     </span>
    </p>
   </div>
   <div class='ocr_carea' id='block_1_112' title="bbox 2156 5055 3779 5137">
    <p class='ocr_par' dir='ltr' id='par_1_112' title="bbox 2156 5055 3779 5137">
     <span class='ocr_line' id='line_1_112' title="bbox 2156 5055 3779 5137; baseline 0.006 -27"><span class='ocrx_word' id='word_1_811' title='bbox 2156 5055 2282 5111; x_wconf 86' lang='grc' dir='ltr'>ἀλλ’</span> <span class='ocrx_word' id='word_1_812' title='bbox 2327 5056 2372 5111; x_wconf 90' lang='grc' dir='ltr'><strong>εἰ</strong></span> <span class='ocrx_word' id='word_1_813' title='bbox 2425 5058 2521 5130; x_wconf 77' lang='grc' dir='ltr'>μὶν</span> <span class='ocrx_word' id='word_1_814' title='bbox 2573 5056 2624 5128; x_wconf 80' lang='grc' dir='ltr'><strong>ἐξ</strong></span> <span class='ocrx_word' id='word_1_815' title='bbox 2675 5057 2901 5132; x_wconf 86' lang='grc' dir='ltr'>ἀρίστης</span> <span class='ocrx_word' id='word_1_816' title='bbox 2948 5058 3173 5132; x_wconf 80' lang='grc' dir='ltr'>ἄριστα·</span> <span class='ocrx_word' id='word_1_817' title='bbox 3207 5059 3281 5115; x_wconf 75' lang='grc' dir='ltr'><strong>εἷ’</strong></span> <span class='ocrx_word' id='word_1_818' title='bbox 3314 5057 3370 5115; x_wconf 67' lang='grc' dir='ltr'>δὲ</span> <span class='ocrx_word' id='word_1_819' title='bbox 3419 5060 3468 5130; x_wconf 78' lang='grc' dir='ltr'><strong>ἐξ</strong></span> <span class='ocrx_word' id='word_1_820' title='bbox 3511 5060 3779 5137; x_wconf 78' lang='grc' dir='ltr'>αἰσχίστης</span> 
     </span>
    </p>
   </div>
   <div class='ocr_carea' id='block_1_113' title="bbox 2158 5144 3778 5225">
    <p class='ocr_par' dir='ltr' id='par_1_113' title="bbox 2158 5144 3778 5225">
     <span class='ocr_line' id='line_1_113' title="bbox 2158 5144 3778 5225; baseline 0.002 -26"><span class='ocrx_word' id='word_1_821' title='bbox 2158 5144 2446 5221; x_wconf 77' lang='grc' dir='ltr'>αἴσχιστα·</span> <span class='ocrx_word' id='word_1_822' title='bbox 2481 5145 2619 5204; x_wconf 82' lang='grc' dir='ltr'>ὥστε</span> <span class='ocrx_word' id='word_1_823' title='bbox 2681 5146 2953 5210; x_wconf 86' lang='grc' dir='ltr'>πολλάκις</span> <span class='ocrx_word' id='word_1_824' title='bbox 3009 5149 3096 5204; x_wconf 84' lang='grc' dir='ltr'><strong>καὶ</strong></span> <span class='ocrx_word' id='word_1_825' title='bbox 3151 5147 3301 5205; x_wconf 60' lang='grc' dir='ltr'>οἴκοι</span> <span class='ocrx_word' id='word_1_826' title='bbox 3363 5151 3537 5224; x_wconf 71' lang='grc' dir='ltr'>μένων</span> <span class='ocrx_word' id='word_1_827' title='bbox 3585 5155 3651 5225; x_wconf 82' lang='grc' dir='ltr'><strong>τῇ</strong></span> <span class='ocrx_word' id='word_1_828' title='bbox 3694 5150 3778 5222; x_wconf 73' lang='grc' dir='ltr'>μὲν</span> 
     </span>
    </p>
   </div>
   <div class='ocr_carea' id='block_1_114' title="bbox 2157 5235 3778 5320">
    <p class='ocr_par' dir='ltr' id='par_1_114' title="bbox 2157 5235 3778 5320">
     <span class='ocr_line' id='line_1_114' title="bbox 2157 5235 3778 5320; baseline 0.006 -31"><span class='ocrx_word' id='word_1_829' title='bbox 2157 5235 2593 5304; x_wconf 82' lang='grc' dir='ltr'>κατανύττεσθαι,</span> <span class='ocrx_word' id='word_1_830' title='bbox 2637 5241 2706 5311; x_wconf 79' lang='grc' dir='ltr'><strong>τῇ</strong></span> <span class='ocrx_word' id='word_1_831' title='bbox 2759 5235 2814 5293; x_wconf 76' lang='grc' dir='ltr'>δὲ</span> <span class='ocrx_word' id='word_1_832' title='bbox 2859 5239 3230 5294; x_wconf 85' lang='grc' dir='ltr'>παθαίνεσθαι.</span> <span class='ocrx_word' id='word_1_833' title='bbox 3263 5243 3333 5297; x_wconf 75' lang='grc' dir='ltr'><strong><em>Ἠ</em></strong></span> <span class='ocrx_word' id='word_1_834' title='bbox 3392 5239 3525 5320; x_wconf 75' lang='grc' dir='ltr'><strong>οὒχῖ</strong></span> <span class='ocrx_word' id='word_1_835' title='bbox 3576 5240 3662 5295; x_wconf 85' lang='grc' dir='ltr'><strong>καί</strong></span> <span class='ocrx_word' id='word_1_836' title='bbox 3707 5257 3778 5298; x_wconf 76' lang='grc' dir='ltr'><strong>τις</strong></span> 
     </span>
    </p>
   </div>
   <div class='ocr_carea' id='block_1_115' title="bbox 2160 5323 3780 5406">
    <p class='ocr_par' dir='ltr' id='par_1_115' title="bbox 2160 5323 3780 5406">
     <span class='ocr_line' id='line_1_115' title="bbox 2160 5323 3780 5406; baseline 0.001 -27"><span class='ocrx_word' id='word_1_837' title='bbox 2160 5323 2330 5380; x_wconf 82' lang='grc' dir='ltr'>ἐνίοτε</span> <span class='ocrx_word' id='word_1_838' title='bbox 2375 5325 2697 5402; x_wconf 85' lang='grc' dir='ltr'>ἀφυπνώσας</span> <span class='ocrx_word' id='word_1_839' title='bbox 2744 5333 2861 5390; x_wconf 80' lang='grc' dir='ltr'>τοῖς</span> <span class='ocrx_word' id='word_1_840' title='bbox 2910 5334 3242 5404; x_wconf 83' lang='grc' dir='ltr'>νυκτερινοῖς</span> <span class='ocrx_word' id='word_1_841' title='bbox 3309 5332 3646 5406; x_wconf 77' lang='grc' dir='ltr'>φαντάσμασι</span> <span class='ocrx_word' id='word_1_842' title='bbox 3701 5347 3780 5380; x_wconf 85' lang='grc' dir='ltr'>πε-</span> 
     </span>
    </p>
   </div>
   <div class='ocr_carea' id='block_1_116' title="bbox 2163 5415 3778 5492">
    <p class='ocr_par' dir='ltr' id='par_1_116' title="bbox 2163 5415 3778 5492">
     <span class='ocr_line' id='line_1_116' title="bbox 2163 5415 3778 5492; baseline 0 -22"><span class='ocrx_word' id='word_1_843' title='bbox 2163 5420 2405 5490; x_wconf 83' lang='grc' dir='ltr'>ριχαρῶς</span> <span class='ocrx_word' id='word_1_844' title='bbox 2454 5417 2490 5485; x_wconf 79' lang='grc' dir='ltr'><strong>ἢ</strong></span> <span class='ocrx_word' id='word_1_845' title='bbox 2542 5415 2805 5492; x_wconf 83' lang='grc' dir='ltr'>λυπηρῶς</span> <span class='ocrx_word' id='word_1_846' title='bbox 2853 5415 3220 5490; x_wconf 72' lang='grc' dir='ltr'>διανίσταταις</span> <span class='ocrx_word' id='word_1_847' title='bbox 3254 5420 3318 5476; x_wconf 85' lang='grc' dir='ltr'>Εἰ</span> <span class='ocrx_word' id='word_1_848' title='bbox 3368 5416 3424 5474; x_wconf 80' lang='grc' dir='ltr'>δὲ</span> <span class='ocrx_word' id='word_1_849' title='bbox 3462 5418 3571 5476; x_wconf 81' lang='grc' dir='ltr'>ἐκεῖ</span> <span class='ocrx_word' id='word_1_850' title='bbox 3599 5418 3778 5484; x_wconf 77' lang='grc' dir='ltr'>οὕτως,</span> 
     </span>
    </p>
   </div>
   <div class='ocr_carea' id='block_1_117' title="bbox 2159 5503 3778 5586">
    <p class='ocr_par' dir='ltr' id='par_1_117' title="bbox 2159 5503 3778 5586">
     <span class='ocr_line' id='line_1_117' title="bbox 2159 5503 3778 5586; baseline 0 -26"><span class='ocrx_word' id='word_1_851' title='bbox 2159 5503 2358 5578; x_wconf 85' lang='grc' dir='ltr'>πολλῷ</span> <span class='ocrx_word' id='word_1_852' title='bbox 2391 5506 2602 5580; x_wconf 82' lang='grc' dir='ltr'>μᾶλλον</span> <span class='ocrx_word' id='word_1_853' title='bbox 2637 5506 2688 5562; x_wconf 78' lang='grc' dir='ltr'>ἐν</span> <span class='ocrx_word' id='word_1_854' title='bbox 2729 5513 2844 5572; x_wconf 89' lang='grc' dir='ltr'>τοῖς</span> <span class='ocrx_word' id='word_1_855' title='bbox 2889 5510 3005 5564; x_wconf 85' lang='grc' dir='ltr'>καθ’</span> <span class='ocrx_word' id='word_1_856' title='bbox 3036 5509 3177 5586; x_wconf 79' lang='grc' dir='ltr'>ὕπαρ</span> <span class='ocrx_word' id='word_1_857' title='bbox 3235 5508 3574 5583; x_wconf 84' lang='grc' dir='ltr'>εἰκονίσμασι</span> <span class='ocrx_word' id='word_1_858' title='bbox 3622 5505 3778 5562; x_wconf 85' lang='grc' dir='ltr'>διατί-</span> 
     </span>
    </p>
   </div>
   <div class='ocr_carea' id='block_1_118' title="bbox 2189 5699 3773 5775">
    <p class='ocr_par' dir='ltr' id='par_1_118' title="bbox 2189 5699 3773 5775">
     <span class='ocr_line' id='line_1_118' title="bbox 2189 5699 3773 5775; baseline 0 -17"><span class='ocrx_word' id='word_1_859' title='bbox 2189 5699 2232 5736; x_wconf 78' lang='grc'><strong>⁷⁶</strong></span> <span class='ocrx_word' id='word_1_860' title='bbox 2264 5699 2345 5758; x_wconf 90' lang='lat' dir='ltr'><strong>De</strong></span> <span class='ocrx_word' id='word_1_861' title='bbox 2375 5699 2589 5758; x_wconf 78' lang='lat' dir='ltr'><strong>cmlesti</strong></span> <span class='ocrx_word' id='word_1_862' title='bbox 2624 5699 2974 5769; x_wconf 81' lang='lat' dir='ltr'><strong>hierarchia,</strong></span> <span class='ocrx_word' id='word_1_863' title='bbox 3005 5718 3132 5775; x_wconf 83' lang='lat' dir='ltr'><strong>cap.</strong></span> <span class='ocrx_word' id='word_1_864' title='bbox 3163 5703 3216 5760; x_wconf 91' lang='grc'>1.</span> <span class='ocrx_word' id='word_1_865' title='bbox 3296 5705 3340 5741; x_wconf 82' lang='grc'><strong>⁷⁷</strong></span> <span class='ocrx_word' id='word_1_866' title='bbox 3371 5703 3511 5762; x_wconf 86' lang='lat' dir='ltr'><strong>Gen.</strong></span> <span class='ocrx_word' id='word_1_867' title='bbox 3543 5719 3667 5770; x_wconf 82' lang='lat' dir='ltr'><strong>xxx,</strong></span> <span class='ocrx_word' id='word_1_868' title='bbox 3695 5702 3773 5758; x_wconf 82' lang='lat'><strong>37.</strong></span> 
     </span>
    </p>
   </div>
  </div>
