4062 6280
280 367 434 428 1221

1561 361 2117 425 EPISTOLARUM
2160 362 2309 423 LIB.
2356 363 2406 423 Ι.

3530 361 3684 422 1222

272 507 454 559 θεσθαι
486 502 596 560 ἔστι
646 505 783 577 πρὸς
834 503 1057 579 ἑκάτερα
1105 503 1198 559 τὸν
1254 496 1528 577 βλέποντα
1559 517 1572 532 ³
1624 498 1697 553 Ού
1747 495 1924 566 δήπου

2047 499 2135 553 nis
2156 497 2462 564 excitatur,
2495 513 2597 552 seu
2646 496 2777 553 laeta
2820 511 2887 552 ea
2917 496 3055 564 sint,
3088 511 3189 551 seu
3220 495 3462 552 tristia?
3516 496 3678 559 Quod

276 592 529 669 ἀνέγνως,
564 592 609 649 ὦ
642 594 910 669 βέλτιστε,
944 594 1017 655 ὡς
1051 594 1103 648 οἱ
1132 592 1301 647 πάλαι
1330 586 1610 663 ὑποδείγ
1632 609 1787 663 ματι
1816 586 1925 641 καὶ

274 686 426 753 σκιᾷ
457 682 863 756 λατρεύουσι
905 686 1031 736 τῶν
1072 677 1509 754 ἐπουρανίων.
1543 676 1637 747 Τί;
1672 677 1921 750 ἑκάτερον

280 772 384 826 οὐκ
427 770 623 840 εἰκών;
680 772 781 826 οὐκ
836 770 887 825 έν
929 770 1092 825 εἰκόνι
1151 769 1414 842 ἀνήγοντο
1472 766 1610 839 πρὸς
1663 767 1763 834 τὴν
1814 770 1921 819 τῶν

277 860 611 934 ἐπουρανίων
643 859 898 935 θεωρίαν;
934 859 1049 915 ούκ
1088 858 1148 913 ἐν
1190 857 1404 913 εἰκόνι
1447 853 1923 929 διαπορεύεται

277 954 382 1011 πᾶς
435 947 739 1025 ἄνθρωπο
758 970 804 1017 ς,
856 952 1155 1009 Δαυϊτικῶς
1206 947 1410 1016 εἰπεῖν;
1447 946 1544 1000 οὑκ
1593 944 1753 1006 αὑτὸς
1799 944 1861 998 σὺ
1895 945 1923 997 6

281 1037 667 1112 Εἰκονομάχος
718 1037 875 1092 εἰκὼν
923 1041 1077 1107 Θεοῦ,
1129 1036 1218 1091 καὶ
1274 1034 1410 1089 κατά
1467 1032 1609 1088 ἰδέαν
1665 1034 1921 1105 πατρῴαν

280 1126 580 1200 γεννηθεὶς,
634 1125 724 1181 καὶ
778 1126 1061 1187 εἷκονικῶς
1122 1125 1173 1181 ἐν
1237 1125 1423 1179 πίνακι
1482 1121 1923 1199 ἐγγραφόμενοςς

279 1215 317 1285 ἢ
356 1216 522 1289 μόνος
574 1214 635 1269 σὺ
686 1214 1125 1288 ἀνεξεικόνιστος,
1175 1216 1251 1277 ὡς
1299 1214 1400 1268 οὐκ
1448 1210 1753 1287 ἄνθρωπος,
1796 1211 1923 1267 ἀλλ’

278 1300 696 1378 ἀμϐλωθρίδιος
730 1324 745 1339 ⁸
793 1305 883 1359 καὶ
916 1302 1004 1358 διὰ
1033 1308 1193 1359 τοῦτο
1241 1303 1331 1357 καὶ
1359 1302 1485 1363 τοὺς
1534 1301 1719 1376 ἁγίους
1750 1301 1924 1362 οὕτως

280 1394 575 1467 οἶόμενοςς
611 1392 765 1450 Ἀλλ’
808 1391 899 1447 ’ίνα
935 1392 1147 1465 μᾶλλον
1181 1394 1208 1447 6
1257 1391 1380 1465 περὶ
1428 1388 1586 1447 τοῦδε
1631 1389 1798 1465 λόγος
1828 1390 1925 1444 πί-

278 1504 479 1538 στωσιν
514 1480 760 1552 δέξοιτο⁶
812 1483 1001 1559 παρεὶς
1050 1483 1112 1537 τὸ
1161 1481 1370 1537 οἷ’κοθεν
1419 1478 1795 1555 δογματίζειν,
1826 1478 1925 1533 αύ-

276 1570 407 1633 τοὺς
450 1573 815 1646 προστήσεται
864 1572 990 1633 τοὺς
1049 1572 1148 1642 τῆς
1194 1570 1518 1639 οἰκουμένης
1569 1568 1923 1642 λαμπτῆρας,

280 1661 747 1736 ἀποκρινομένους
796 1682 885 1715 σοι
932 1661 1068 1734 πρὸς
1127 1664 1227 1730 τήν
1278 1659 1563 1733 ἐρώτησιν.
1619 1659 1923 1735 Γρηγόριος

281 1750 312 1804 ὁ
363 1750 603 1811 Νυσσεύς
638 1769 652 1783 ο
713 1774 741 1801 ‹‹
795 1747 950 1805 Εἶδον
1007 1747 1280 1810 πολλάκις
1330 1748 1414 1802 ἐπὶ
1475 1750 1687 1826 γραφῆς
1746 1746 1925 1801 εἰκόνα

282 1844 383 1893 τοῦ
413 1840 616 1901 πάθους
650 1857 664 1873 ·
713 1840 799 1894 καὶ
837 1839 935 1893 οὐκ
981 1836 1238 1914 ἀδακρυτὶ
1276 1839 1378 1907 τὴν
1427 1837 1545 1892 θέαν
1590 1835 1874 1911 παρῆλθον
1909 1857 1922 1870 ο
1956 1864 2003 1929 Β

287 1927 537 2005 ἐναργῶς
563 1935 664 1997 τῆς
696 1929 898 2003 τέχνης
933 1928 1021 1981 ὑπ’
1052 1921 1174 2001 ὄψιν
1209 1926 1448 2000 ἀγούσης
1476 1927 1574 1995 τὴν
1608 1926 1865 1999 ἱστορίαν.
1894 1947 1922 1977 n

288 2022 347 2073 Ὀ
388 2017 778 2093 Χρυσόστομος
811 2035 825 2049 ·
877 2041 907 2068 ‹‹
957 2016 1102 2088 Ἐγὼ
1151 2015 1239 2069 καὶ
1281 2016 1379 2083 τὴν
1423 2014 1734 2089 κηρόχυτον
1782 2013 1929 2090 ἠγά-

289 2127 439 2175 πησα
488 2108 700 2183 γραφὴν
754 2100 1023 2165 εὐσεϐείας
1080 2101 1253 2158 ἕνεκεν
1308 2100 1776 2178 πεπληρωμένην.
1836 2104 1925 2159 Εἶ-

289 2192 382 2251 δον
412 2195 513 2271 γὰρ
547 2194 771 2271 ἄγγελον
802 2194 853 2249 έν
884 2194 1051 2249 εἰκόνι
1082 2192 1375 2248 ἐλαύνοντα
1406 2189 1698 2270 Βαρϐάρων
1732 2194 1925 2272 στίφηο

287 2284 433 2341 εἶδον
483 2285 796 2358 πατούμενα
856 2280 1148 2361 Βαρϐάρων
1205 2283 1396 2358 φῦλα·
1456 2284 1547 2339 καὶ
1612 2284 1703 2338 τὸν
1764 2280 1928 2339 Δαϐἶδ

285 2374 621 2445 ἀληθεύοντα
655 2394 669 2408 ·
704 2373 923 2449 Κύριε,
957 2374 1018 2428 έν
1052 2379 1129 2447 τῇ
1169 2370 1365 2428 πόλει
1407 2394 1519 2427 σου
1556 2373 1672 2442 τήν
1706 2373 1930 2428 εἰκόνα

287 2464 501 2519 αὐτῶν
559 2462 1051 2534 ἐξουδενώσεις.
1125 2461 1403 2538 Κύριλλος
1477 2461 1927 2537 Ἀλεξανδρείας’

296 2578 324 2607 α
356 2552 514 2609 Εἶδον
563 2554 669 2630 ἐγὼ
716 2554 854 2609 κατά
897 2554 1091 2629 τοίχου
1145 2557 1384 2630 γραφὴν,
1438 2553 1760 2609 έναλθοῦσαν
1809 2560 1931 2615 τοῖς

292 2641 576 2715 σκάμμασι
606 2644 776 2717 κόρην
812 2660 826 2674 ο
872 2641 961 2697 καὶ
995 2643 1102 2696 οὐκ
1150 2640 1407 2716 ἀδακρυτὶ
1457 2643 1555 2711 τὴν
1590 2642 1711 2696 θέαν
1754 2642 1931 2697 κατώ-

292 2752 521 2790 πτευσα.
556 2755 584 2783 ››
612 2732 914 2805 Γρηγόριος
952 2732 979 2785 6
1013 2729 1280 2806 Θεολόγος
1315 2751 1329 2765 ·

2035 586 2085 641 si
2117 588 2201 644 sic
2237 604 2327 643 res
2360 586 2479 642 illic
2512 587 2719 653 habet;
2756 585 2938 641 multo
2992 586 3176 657 magis
3212 586 3270 640 in
3302 586 3376 641 iis
3406 586 3687 658 imagini-

2036 676 2145 732 bus
2178 692 2304 747 qua:
2338 677 2489 731 inter
2516 675 2874 748 vigilandum
2934 675 3347 742 informantur,
3411 675 3687 731 utrolibet

2040 766 2212 821 modo
2245 782 2481 821 necesse
2512 774 2599 820 est
2648 765 2803 820 affici
2861 767 3251 820 contuentem.
3312 766 3435 820 Non
3492 765 3684 835 legisti

2038 853 2280 918 scilicet,
2308 855 2395 909 vir
2424 854 2664 926 optime,
2687 855 2843 925 quod
2877 863 3096 909 veteres
3141 855 3455 925 exemplari
3483 861 3534 910 et
3564 871 3689 909 um-

2036 946 2147 1000 bra
2179 945 2490 1000 deserviunt
2543 945 2844 999 caelestium
2876 942 2941 998 ⁷⁸.
2995 944 3190 1008 Quid?
3214 948 3527 1017 utrumque
3574 960 3687 1000 non

2033 1035 2224 1106 imago
2256 1034 2388 1089 est?
2418 1050 2528 1088 non
2566 1034 2621 1088 in
2655 1034 2910 1104 imagine
2941 1035 3011 1087 ad
3061 1033 3384 1088 cmlestium
3434 1039 3691 1090 contem-

2034 1124 2349 1195 plationem
2382 1121 2899 1179 subvehebantur?
2931 1139 3044 1178 non
3077 1125 3135 1177 in
3157 1125 3401 1190 imagine
3425 1134 3690 1195 pertran-

2031 1215 2100 1269 sit
2151 1213 2309 1269 omni
2360 1212 2517 1268 homo
2564 1210 2631 1279 ⁷9,
2694 1216 2758 1268 ut
2805 1228 2939 1268 cum
2998 1212 3209 1268 Davide
3265 1213 3519 1285 loquar?
3569 1230 3688 1271 non

2032 1304 2158 1376 ipse
2188 1309 2270 1366 tu.
2309 1304 2706 1372 lconomache,
2740 1304 2842 1360 Dei
2875 1304 3096 1377 imago.
3128 1310 3184 1360 et
3213 1306 3285 1360 ad
3309 1306 3492 1377 patris
3522 1306 3695 1362 simi-

2035 1394 2343 1450 litudinem
2373 1394 2623 1465 genitus,
2658 1398 2714 1451 et
2744 1394 3015 1465 graphice
3046 1394 3315 1466 depictus
3345 1395 3404 1450 in
3439 1395 3639 1451 tabula
3661 1396 3689 1449 ‘I

2032 1487 2120 1538 An
2153 1488 2211 1539 tu
2245 1485 2406 1539 solus
2447 1484 2575 1539 sine
2604 1483 2815 1555 imagis
2872 1500 2955 1550 es,
2996 1487 3276 1555 tanquam
3338 1501 3455 1540 non
3513 1484 3686 1543 homo

2033 1573 2136 1639 sis,
2178 1575 2274 1628 sed
2300 1580 2496 1645 partus
2556 1573 2874 1642 abortivus,
2906 1577 3076 1643 atque
3133 1573 3347 1629 idcirco
3380 1574 3465 1630 sic
3522 1581 3581 1630 et
3618 1578 3688 1632 de

2034 1663 2256 1718 sanctis
2285 1662 2632 1718 existimas?
2662 1666 2872 1717 Verum
2908 1666 2972 1716 ut
3032 1662 3307 1731 majorem
3341 1663 3463 1718 haec
3506 1665 3692 1721 oratio

2033 1750 2293 1806 inveniat
2323 1751 2519 1819 fidem,
2551 1752 2786 1822 propria
2807 1751 3247 1807 ratiocinatione
3266 1754 3683 1822 praetermissa,

2033 1839 2160 1908 ipsa
2204 1839 2500 1895 exhibebit
2556 1840 2712 1895 orbis
2759 1844 3045 1896 terrarum
3093 1839 3343 1907 lumina,
3393 1859 3520 1914 quae
3581 1843 3686 1898 tibi

2038 1929 2107 1982 ad
2140 1928 2490 2002 interrogata
2512 1929 2922 1999 respondeant.
2985 1930 3297 2003 Gregorius
3344 1932 3681 2000 Nyssenus:

2038 2019 2171 2079 Vidi
2198 2036 2594 2093 saepenumero
2616 2020 2675 2074 in
2711 2019 2934 2090 pictura
2963 2021 3279 2092 imaginem
3321 2024 3400 2077 rei
3437 2023 3683 2079 misera-

2039 2112 2195 2176 bilis,
2240 2125 2344 2165 nec
2369 2108 2553 2163 oculis
2585 2109 2758 2164 siccis
2791 2109 3192 2180 spectaculum
3226 2113 3475 2181 praeterii
3509 2113 3688 2168 :adeo

2040 2201 2349 2258 manifeste
2378 2199 2489 2255 sub
2522 2198 2721 2254 oculos
2752 2215 2869 2254 rem
2904 2207 3125 2271 gestam
3156 2216 3250 2256 ars
3282 2201 3595 2259 exhibebat
3617 2203 3689 2261 ⁸ο.

2039 2292 2483 2363 Chrysostomus
2512 2288 2555 2322 ⁸¹
2592 2304 2656 2341 ε(
2692 2288 2806 2359 Ego
2827 2296 2881 2343 et
2911 2289 2970 2343 in
2985 2305 3115 2344 cera
3145 2305 3478 2360 expressam
3499 2292 3690 2347 amavi

2040 2381 2348 2451 picturam,
2382 2378 2615 2449 pietatis
2646 2393 2826 2433 causa
2857 2378 3197 2434 confectam.
3234 2380 3360 2435 Vidi
3392 2382 3549 2436 enim
3584 2399 3690 2437 an-

2040 2470 2236 2542 gelum
2270 2470 2330 2523 iu
2360 2467 2611 2539 imagine
2642 2466 3025 2523 Barbarorum
3055 2469 3251 2539 copias
3268 2469 3690 2539 dissipantem:

2040 2560 2557 2614 vidiBarbarorum
2589 2558 2827 2627 agmina
2859 2557 3294 2614 conculcantem
3331 2577 3345 2615 :
3380 2559 3691 2617 Davidem-

2043 2666 2155 2722 que
2186 2664 2316 2706 vere
2355 2648 2647 2703 dicentem
2678 2663 2691 2700 :
2726 2648 2954 2702 Domine
2981 2647 3044 2701 in
3094 2647 3318 2704 civitate
3367 2654 3462 2704 tua
3491 2651 3696 2721 imagi-

2041 2755 2169 2794 nem
2221 2741 2465 2810 ipsorum
2509 2736 2580 2791 ad
2671 2734 2920 2791 nihilum
2976 2736 3185 2805 rediges
3224 2736 3289 2792 8'.
3354 2758 3381 2788 ››
3444 2737 3693 2810 Cyrillus

291 2822 720 2878 Alexandrinus
749 2839 762 2878 :
788 2843 816 2873 α
850 2821 979 2878 Vidi
1011 2838 1114 2894 ego
1154 2822 1214 2877 in
1246 2822 1466 2893 pariete
1498 2823 1804 2893 picturam,
1834 2828 2089 2897 puellam
2119 2830 2180 2884 in
2213 2827 2404 2885 stadio
2434 2827 2825 2884 decertantem
2859 2842 2873 2881 :
2908 2841 3013 2882 nec
3055 2825 3218 2882 licuit
3256 2826 3384 2884 sine
3413 2826 3688 2901 lacrymis

293 2911 691 2983 spectaculum
724 2913 1007 2969 contueri.
1044 2912 1356 2984 Gregorius
1387 2913 1718 2986 Theologus
1748 2916 1793 2950 ⁸³
1822 2932 1836 2971 :

365 3026 473 3087 Τῆς
504 3017 550 3073 δ’
579 3018 1040 3092 ἦνγὺπερκύπτων
1073 3017 1343 3089 Πολέμων
1377 3018 1428 3073 ἓν
1463 3019 1651 3077 εἰκόνι.

365 3089 609 3160 Ταύτην
654 3089 841 3145 ἰδοῦσα
919 3092 1157 3164 [supple,
1217 3092 1441 3165 ὲταιρίς]
1520 3092 1645 3165 (καὶ⁸
1696 3093 1797 3165 γὰρ
1873 3096 1938 3163 ἦν

1554 3159 1863 3240 σεϐασμία),

349 3233 636 3302 ἼΑπὴλθεν
668 3230 823 3306 εὑθύς
855 3250 869 3263 ⁵
904 3233 993 3287 καὶ
1026 3232 1147 3297 θέας
1175 3236 1486 3306 ἡττημένη,

365 3310 454 3369 Ὠς
487 3311 642 3374 ζωντ¹
674 3304 1096 3380 έπαισχυνθεῖσα
1124 3307 1214 3361 τὸν
1249 3304 1651 3384 γεγραμμένον.

289 3409 574 3473 Βασίλειος
627 3411 655 3465 6
708 3411 912 3487 μέγας·
966 3434 996 3465 ‹‹
1044 3412 1334 3482 ’Δνάστητέ
1386 3434 1479 3486 μοι
1528 3417 1643 3482 νῦν,
1695 3412 1740 3467 ὦ
1789 3412 1940 3487 λαμ-

286 3501 422 3574 προὶ
446 3504 552 3554 τῶν
601 3498 915 3571 ἀθλητικῶν
968 3503 1412 3577 κατορθωμάτων
1467 3503 1786 3582 ζωγράφοι·
1841 3505 1940 3573 τήν

292 3594 393 3647 τοῦ
444 3594 749 3665 στρατηγοῦ
792 3586 1199 3646 κολοϐωθεῖσαν
1255 3592 1434 3646 εἰκόνα
1480 3598 1599 3654 ταῖς
1653 3593 1941 3667 ὑμετέραις

302 3678 646 3753 μεγαλύνατε
702 3685 921 3754 τέχναις
955 3698 970 3711 ·
1028 3680 1400 3755 ἀμαυρότερον
1459 3683 1589 3757 παρ’
1658 3682 1793 3754 ἐμοῦ
1846 3682 1939 3738 τὸν

298 3768 622 3841 στεφανίτην
674 3770 943 3845 γραφέντα
988 3774 1104 3829 τοῖς
1152 3775 1252 3837 τῆς
1307 3771 1570 3845 ὑμετέρας
1621 3770 1811 3850 σοφίας
1853 3793 1944 3827 πε-

304 3856 620 3933 ριλάμψατε
664 3860 977 3937 χρώμασιν.
1028 3857 1281 3915 Ἀπέλθω
1328 3863 1397 3933 τῇ
1454 3864 1561 3915 τῶν
1619 3861 1946 3936 ἀριστευμοὶ-

303 3970 413 4003 των
472 3952 567 4003 τοῦ
628 3950 902 4021 μάρτυρος
954 3947 1303 4020 νενικημένος
1367 3952 1572 4024 γραφῇ.
1632 3950 1817 4025 Χαίρω
1874 3952 1943 4026 τῇ

303 4036 531 4111 τοιαύτῃ
562 4044 662 4107 τῆς
714 4037 973 4112 ὑμετέρας
1007 4038 1199 4117 ἰσχύος
1251 4058 1489 4113 σημερον
1534 4040 1654 4113 νίκῃ
1688 4041 1944 4113 ἡττώμε-

299 4148 393 4190 νος
426 4146 439 4159 ·
482 4125 587 4181 ’ίδω
616 4134 715 4197 τῆς
765 4128 952 4203 χειρὸς
980 4129 1115 4202 πρὸς
1162 4128 1225 4182 τὸ
1257 4131 1361 4198 πῦρ
1410 4124 1789 4203 ἀκριϐέστερον
1818 4131 1946 4201 παρ’

305 4219 458 4289 ὑμῶν
505 4217 851 4293 γραφομένην
897 4219 998 4287 τὴν
1046 4216 1252 4288 πάλην.
1285 4215 1415 4273 ’Ίδω
1460 4216 1810 4295 φαιδρότερον
1857 4219 1945 4275 ἐπὶ

302 4310 404 4372 τῆς
456 4306 714 4382 ὑμετέρας
767 4307 859 4361 τὸν
911 4306 1217 4375 παλαιστὴν
1258 4308 1635 4383 γεγραμμένον
1692 4308 1897 4373 εἰκόνος
1928 4352 1943 4367 .

306 4400 704 4453 Κλαυσάτωσαν
768 4395 1017 4469 δαίμονες
1067 4397 1156 4452 καὶ
1200 4402 1291 4452 νῦν
1349 4404 1469 4461 ταῖς
1522 4403 1619 4453 τοῦ
1674 4399 1945 4475 μάρτυρος

304 4487 360 4542 ὲν
411 4488 535 4559 ὑμῖν
587 4487 883 4561 ἀριστείαις
925 4489 1303 4561 πληττόμενοι
1336 4506 1349 4521 θ
1413 4487 1724 4567 φλεγομένη
1779 4490 1943 4545 πάλιν

305 4574 491 4636 αὐτοῖς
524 4577 557 4643 ἡ
607 4575 731 4650 χεὶρ
780 4574 869 4630 καὶ
900 4580 1106 4630 νικῶσα
1153 4574 1469 4635 δεικνύσθω.
1506 4603 1529 4632 ι
1584 4582 1745 4653 Ὁρᾷς
1795 4578 1944 4644 ὅπως
1972 4563 2025 4629 D

305 4666 334 4719 6
387 4665 484 4738 μὲν
533 4665 823 4737 προτίθησι
870 4672 970 4734 τῆς
1022 4663 1393 4744 λογογραφίας
1438 4668 1537 4735 τήν
1584 4669 1894 4746 ζωγραφίαν
1928 4686 1941 4701 ·

305 4753 357 4809 ἐν
488 4751 659 4823 ἡλίκη
706 4757 739 4823 ἡ
786 4753 1070 4823 ἐκθείασις,
1119 4756 1194 4817 ὡς
1238 4757 1327 4810 καὶ
1382 4756 1589 4812 κλαίειν
1650 4757 1778 4819 τοὺς
1830 4756 1945 4812 δαί-

310 4864 480 4915 μονας
516 4862 528 4875 ·
584 4844 610 4897 6
652 4844 709 4897 δὲ
756 4842 1010 4913 πηλίκως
1055 4849 1171 4907 πῶς
1222 4840 1484 4915 σεϐαστὴν
1535 4848 1632 4915 τήν
1687 4846 1947 4921 εἰκονουρ·

303 4935 425 5006 γίαν
482 4932 770 5003 κέκληκεν,
824 4933 896 4995 ὡς
944 4932 1210 5007 ἑταιρίδος
1262 4937 1641 5013 σωφρονισμὸν
1706 4938 1948 5010 ὑπάρξα-

304 5041 440 5089 σαν;
495 5021 627 5077 Εἶτα
658 5020 825 5076 πάλιν
876 5027 992 5084 πῶς
1025 5024 1053 5076 6
1082 5019 1264 5096 ἕτερος
1315 5025 1417 5079 οὐκ
1465 5023 1698 5091 ἄδακρυς
1740 5024 1799 5081 ἒκ
1844 5035 1945 5097 τῆς

304 5118 577 5189 γραφικῆς
654 5112 775 5173 θέας
854 5111 1087 5179 ἄπεισιν,
1163 5112 1215 5166 ἐν
1290 5117 1358 5184 τῇ
1424 5114 1606 5191 γραφῇ
1681 5116 1945 5173 ἀλθοῦσαν

310 5200 529 5275 βλέπων
560 5201 659 5268 τήν
709 5204 994 5273 μάρτυρας
1048 5198 1219 5255 Πάλιν
1251 5205 1368 5262 πῶς
1421 5203 1448 5256 6
1493 5201 1665 5260 ἄλλος
1716 5206 1942 5279 ἠγαπη-

310 5290 480 5362 μένην
534 5287 692 5343 καλεῖ
744 5290 843 5357 τὴν
902 5289 1211 5363 κηρόχυτον
1272 5291 1509 5366 γραφὴν,
1570 5292 1645 5353 ὡς
1703 5292 1754 5346 ἐν
1804 5292 1940 5367 αῧτῇ

306 5376 437 5432 ἰδὼν
496 5379 562 5432 τὰ
614 5378 982 5451 πρωτότυπα;
1044 5379 1266 5432 Ἔπειτα
1322 5378 1410 5432 καὶ
1469 5381 1497 5433 6
1558 5388 1667 5452 μετ’
1729 5382 1940 5452 αὐτοὺς,

302 5472 422 5531 πῶς
456 5464 569 5522 οὐδ’
618 5464 777 5529 αὑτὸς
806 5465 865 5519 ἐκ
909 5472 1009 5535 τῆς
1059 5470 1271 5542 γραφῆς
1304 5474 1468 5543 τῆσγε
1517 5466 1749 5546 ἄδακρυς
1795 5470 1944 5528 ἄπει-

371 5616 421 5651 ⁷δ
450 5617 624 5671 Hebr.
650 5632 769 5682 vm,
809 5616 864 5672 5.
940 5613 987 5649 7°
1007 5615 1152 5671 Psal.
1186 5634 1417 5684 xxxvm,
1443 5618 1498 5671 7.

300 5706 414 5761 que
433 5689 791 5746 Testamenti
821 5686 985 5745 locis.
1059 5687 1107 5724 ⁸³
1138 5688 1293 5747 Psal.
1325 5705 1496 5759 Lxxn,
1527 5690 1615 5745 20-

1574 5618 1620 5651 ⁸⁰
1653 5620 1803 5690 Orat.
1835 5618 1893 5673 in
1924 5616 2235 5683 Abraham,
2270 5623 2309 5674 t.
2332 5619 2412 5690 AII,
2448 5634 2578 5690 pag.
2620 5620 2746 5674 908.

1693 5691 1740 5727 ⁸³
1764 5689 1921 5746 lamb
1952 5705 2130 5748 carm.
2156 5690 2248 5747 18.

2117 3028 2404 3083 Eminebat
2433 3026 2634 3083 exinde
2656 3026 2918 3081 Polemon
2947 3024 3010 3080 in
3034 3026 3276 3097 imagine
3295 3043 3315 3080 :

2122 3100 2304 3167 Quam
2331 3116 2457 3154 cum
2493 3099 2777 3170 (scortum)
2828 3097 3074 3161 videret;
3117 3103 3235 3154 erat
3277 3099 3426 3152 enim
3482 3101 3698 3166 pictura

3237 3170 3589 3242 [venerabilis
3605 3189 3627 3234 ;

2117 3248 2357 3311 Repente
2376 3243 2535 3309 abiit,
2567 3258 2673 3297 nec
2686 3245 2832 3311 ferre
2852 3241 3221 3308 spectaculum
3249 3241 3454 3311 potuit.

2122 3316 2255 3370 Cum
2272 3314 2497 3386 puderet
2527 3317 2738 3369 intueri
2766 3314 2921 3384 quasi
2940 3315 3206 3368 viventem
3236 3317 3331 3384 qui
3354 3315 3536 3384 pictus
3558 3322 3697 3371 erat.

2048 3420 2299 3478 Basilius
2332 3436 2608 3492 magnus:
2655 3441 2682 3469 «
2717 3419 3023 3492 Exsurgite
3071 3420 3214 3474 mihi
3246 3436 3422 3487 nunc,
3464 3437 3496 3475 o
3547 3437 3697 3492 prae-

2048 3511 2191 3567 clari
2208 3510 2614 3566 athleticorum
2632 3513 2928 3581 gestorum
2950 3509 3217 3579 pictores,
3239 3508 3499 3566 mutilam
3524 3510 3693 3567 ducis

2050 3601 2365 3672 imaginem
2388 3598 2598 3655 eximio
2621 3603 2808 3654 vestro
2848 3599 3092 3654 artificio
3138 3598 3489 3656 illustrates:
3532 3616 3699 3656 coro-

2053 3694 2254 3745 natum
2278 3687 2576 3756 athletam,
2610 3686 2917 3743 obscurius
2948 3704 2981 3742 a
3022 3702 3113 3743 me
3144 3688 3459 3759 depictum,
3491 3694 3693 3745 vestras

2051 3795 2152 3834 vos
2182 3777 2791 3834 industrizecolorihus
2822 3777 3207 3848 conspicuum
3233 3778 3474 3834 reddite.
3500 3779 3699 3834 Disce-

2051 3869 2180 3923 dam
2204 3883 2395 3923 rerum
2430 3866 2702 3938 praaclare
2732 3882 2765 3921 a
2814 3872 3062 3938 martyre
3111 3871 3402 3937 gestarum
3464 3869 3695 3938 pictura

2049 3959 2258 4013 victus.
2285 3957 2579 4012 Gaudeam
2621 3955 2716 4011 tali
2744 3962 2951 4011 vestrm
2990 3954 3238 4011 solertia:
3297 3956 3537 4012 victoria
3592 3958 3692 4012 ho-

2054 4046 2254 4101 dierno
2277 4045 2369 4100 die
2399 4048 2722 4114 superatus.
2750 4044 2944 4098 Liceat
2975 4043 3180 4098 intueri
3214 4059 3425 4099 manus
3448 4044 3693 4114 hujusce

2053 4153 2188 4192 cum
2226 4135 2363 4207 igne
2395 4134 2611 4189 luctam
2643 4133 2980 4205 diligentius
3027 4150 3060 4189 a
3105 4133 3271 4190 vobis
3320 4134 3690 4191 delineatam.

2052 4225 2290 4280 Videam
2323 4223 2659 4278 alacriorem
2708 4222 2958 4293 pugilem
2999 4227 3187 4277 vestra
3227 4222 3520 4293 depictum
3553 4224 3697 4279 ima-

2054 4316 2206 4386 gine.
2240 4317 2499 4383 Lugeant
2529 4313 2822 4367 daemones
2853 4318 2909 4367 et
2932 4328 3084 4367 nunc
3117 4312 3383 4381 martyris
3415 4314 3566 4369 inter
3595 4330 3698 4370 vos

2053 4405 2269 4458 virtute
2296 4400 2592 4472 perculsi:
2636 4400 2847 4455 ardens
2902 4400 3116 4455 iterum
3166 4400 3310 4469 ipsis
3368 4417 3600 4469 manus,
3644 4408 3701 4457 et

2054 4493 2258 4547 victrix
2289 4492 2545 4563 quidem,
2606 4490 2948 4546 ostendatur
3003 4488 3070 4544 8‘.
3106 4509 3133 4543 ι
3166 4489 3389 4557 Viden’,
3423 4492 3706 4561 quemad-

2056 4582 2295 4636 modum
2326 4579 2470 4635 alter
2492 4579 2806 4635 narrationi
2841 4579 3127 4650 picturam
3154 4580 3474 4650 anteponit,
3507 4580 3563 4633 in
3589 4596 3706 4651 qua

2055 4674 2283 4725 tantum
2313 4669 2455 4725 insit
2475 4669 2682 4725 divinae
2715 4668 2966 4734 virtutis,
3000 4672 3065 4723 ut
3094 4670 3389 4724 daemones
3423 4669 3490 4723 ad
3519 4668 3704 4741 lacry-

2058 4759 2420 4829 masadigat:
2453 4759 2600 4814 alter
2618 4763 2680 4813 ut
2713 4758 3095 4813 venerabilem
3119 4758 3403 4828 picturam
3426 4758 3702 4828 appellet,

2056 4850 2210 4920 quod
2244 4853 2500 4905 scortum
2543 4848 2797 4919 adegerit
2824 4850 2890 4902 ad
2938 4848 3363 4903 continentiam
3387 4849 3415 4902 ?
3465 4847 3596 4903 Mox
3642 4853 3707 4905 ut

2055 4938 2200 4993 alter
2231 4938 2441 4992 iterum
2476 4954 2592 4993 non
2622 4937 2747 4992 sine
2782 4937 3053 5008 lacrymis
3074 4937 3199 4991 visa
3226 4935 3442 4991 tabella
3469 4937 3699 5006 abierit,

2058 5030 2219 5099 quasi
2250 5028 2308 5082 in
2340 5027 2567 5099 pictura
2611 5032 2926 5099 martyrem
2987 5026 3243 5097 puellam
3301 5026 3701 5082 decertantem

2055 5117 2336 5173 vidisset?
2374 5117 2625 5173 Rursum
2660 5123 2721 5171 ut
2772 5116 2923 5171 alius
2953 5115 3359 5170 charissimam
3412 5121 3578 5171 vocet
3610 5116 3706 5181 pi-

2054 5214 2281 5265 cturam
2310 5209 2725 5269 encausticam,
2758 5209 2929 5280 quasi
2960 5207 3020 5263 in
3080 5207 3205 5277 ipsa
3253 5211 3556 5280 prototypa
3610 5208 3705 5263 in-

2054 5300 2310 5351 tueretur
2333 5294 2359 5348 ?
2391 5296 2599 5351 Postea
2628 5300 2684 5352 et
2714 5296 2762 5349 is
2790 5296 2891 5366 qui
2931 5300 3165 5350 caeteros
3209 5295 3613 5366 subsequitur,
3641 5301 3706 5350 ut

2055 5401 2159 5440 nec
2198 5385 2322 5455 ipse
2352 5385 2520 5439 siccis
2553 5385 2623 5440 ab
2655 5389 2887 5455 aspectu
2955 5383 3201 5453 hujusce
3258 5383 3474 5440 tabulae
3529 5386 3705 5441 oculis

2052 5472 2281 5542 abierit,
2316 5474 2553 5545 perinde
2585 5479 2755 5546 atque
2786 5473 3103 5546 remipsam
3122 5473 3308 5530 oculis
3330 5475 3704 5546 usurpasset?

2824 5619 2869 5655 δι
2901 5620 3089 5675 Serm.
3120 5620 3191 5674 de
3221 5618 3464 5675 diversis
3487 5617 3675 5676 utrius

2325 5688 2373 5724 ⁸4
2402 5688 2570 5747 Hom.
2599 5692 2664 5747 17
2684 5691 2744 5748 in
2776 5692 2828 5747 S.
2860 5690 3149 5761 Barlaam,
3183 5690 3243 5747 in
3274 5691 3415 5750 ﬁne.
