4062 6280
395 290 552 356 1223

1642 271 1703 331 s.
1748 264 2149 330 THEODORI
2188 263 2550 356 STUDITJE

3638 265 3800 326 1224

390 423 689 495 Videquot
715 435 783 475 ex
799 432 868 474 ea
886 430 949 471 re
968 408 1362 470 recommoda:
1380 403 1777 477 contemplare
1811 403 2040 475 quantas

2170 420 2256 470 τιν,
2303 398 2378 460 ὡς
2437 397 2604 468 αὐτὴν
2668 391 2959 453 ὑπολαϐὼν
3011 396 3111 465 τὴν
3172 393 3471 470 αὐτοψίανς
3528 392 3636 453 Ἴδε
3693 397 3806 453 ὅσα

393 514 515 570 sint
545 491 844 568 utilitates.
870 506 941 560 Et
963 507 1272 576 postquam
1297 497 1632 554 sciscitatus
1653 491 1913 561 audiisti,
1931 506 2044 545 non

392 605 464 662 ab
496 602 605 657 hoc
643 599 726 656 vel
760 597 860 652 illo
891 611 960 650 ex
992 592 1295 649 hominum
1328 587 1492 658 plebe
1538 601 1604 639 ac
1650 584 1806 650 faece,
1843 582 1939 637 sed
1973 580 2046 635 ab

392 693 464 749 iis
495 691 596 764 qui
628 704 762 746 cum
801 685 1020 757 Spiritu
1044 681 1141 736 Dei
1165 678 1566 751 loquerentur,
1598 674 1798 728 orbem
1823 671 2050 726 univer-

391 759 531 840 sum‘
566 777 733 850 quasi
791 775 1018 830 tonitru
1078 775 1378 834 terruere;
1435 764 1661 833 subjice
1690 761 1844 833 quod
1877 776 1944 816 ex
1977 759 2049 814 iis

392 870 787 932 concluditur,
845 883 879 920 o
942 861 1339 919 ratiocinator.
1391 855 1498 913 Sed
1553 853 1905 926 perspicuum
1969 855 2052 906 est

393 960 628 1016 inanem
656 951 923 1028 ejusmodi
972 947 1421 1019 excogitationem
1470 958 1605 1007 esse,
1653 944 1708 995 el
1762 938 2052 995 diabolica:

398 1053 539 1106 arti:
571 1048 856 1102 inventum
885 1040 950 1096 ⁸⁸.
974 1039 1311 1111 Opportune
1341 1033 1434 1088 hic
1458 1031 1594 1086 licet
1613 1032 1882 1086 contenta
1914 1041 2053 1082 voce

394 1139 722 1196 exclamare
757 1150 770 1188 :
807 1132 1147 1201 Obstupesce,
1171 1126 1390 1190 caelum,
1431 1136 1599 1193 super
1656 1119 1757 1174 hoc
1784 1116 1869 1186 86;
1915 1133 2056 1188 quo-

396 1231 552 1286 niam
581 1224 786 1282 frivola
809 1218 1154 1290 excogitatio
1177 1231 1242 1270 ac
1269 1211 1565 1268 diabolicae
1580 1208 1722 1265 artis
1754 1207 2055 1262 inventum

395 1320 451 1374 id
485 1314 834 1388 appellatur,
875 1308 1030 1381 quod
1063 1303 1240 1361 divini
1271 1303 1468 1358 Patres
1501 1300 1768 1354 docuere.
1818 1301 1893 1351 At
1940 1313 2056 1352 non

396 1407 480 1462 ita
521 1386 628 1471 est,
691 1403 1079 1471 impostorum
1129 1390 1531 1463 nequissime:
1592 1387 1694 1442 sed
1747 1401 1779 1441 e
1826 1386 2056 1441 diverso

397 1494 718 1568 regerenda
746 1491 805 1546 in
839 1493 896 1543 te
924 1487 1136 1554 linguai
1193 1479 1478 1537 vibrantis
1502 1475 1720 1548 jacula.
1781 1476 2056 1542 Quando-

404 1565 846 1659 quidempigitur
869 1576 984 1632 tela
1005 1579 1095 1630 est
1119 1571 1192 1627 ad
1223 1571 1397 1626 finem
1420 1583 1602 1638 usque
1621 1571 1896 1639 pertexta,
1916 1565 2056 1621 illud

400 1656 680 1749 pervelim
711 1676 768 1726 te
802 1682 998 1730 nosse,
1032 1665 1227 1730 frater,
1260 1661 1369 1715 has
1395 1657 1719 1714 sententias
1750 1657 1820 1712 ab
1863 1656 2055 1712 Icono-

401 1745 627 1821 inachis
642 1759 880 1834 proferri
910 1776 922 1810 :
947 1768 1193 1825 quarum
1216 1750 1340 1806 alia:
1358 1748 1429 1803 ab
1453 1746 1737 1802 haereticis
1754 1745 2057 1801 manifeste

2150 500 2218 555 τὰ
2265 492 2563 570 ὀνησιφόρα
2597 508 2609 521 ·
2666 487 2940 556 σκόπησον
2985 483 3197 556 πηλίκα
3238 487 3306 541 τὰ
3359 483 3633 559 ὠφέλιμα.
3688 473 3804 540 Καὶ

2153 585 2341 654 ἐπειδὴ
2391 582 2666 660 ἐρωτήσας
2712 577 2972 648 ἤκουσας,
3025 575 3086 630 οὐ
3118 575 3262 649 παρὰ
3308 572 3468 630 τοῦδε
3515 576 3602 630 καὶ
3635 571 3805 628 τοῦδε

2153 679 2398 752 σμικρῶν
2467 670 2767 741 ἀνθρώπων
2827 666 2917 722 καὶ
2999 662 3334 738 οὐδαμινῶν,
3411 665 3547 739 πρὸς
3619 663 3804 718 αὐτῶν

2156 767 2212 822 δὲ
2260 769 2368 821 τῶν
2419 761 2683 834 πνεύματι
2742 756 3124 836 φθεγξαμένων
3168 759 3324 824 Θεοῦ,
3373 755 3464 808 καὶ
3515 752 3810 828 βροντών-

2157 877 2266 913 των
2320 855 2419 922 τὴν
2480 852 2566 906 ὑπ’
2629 844 2880 923 οὐρανὸν,
2920 845 3122 922 φράσον
3175 843 3265 898 καὶ
3315 845 3379 898 τὸ
3436 841 3814 918 συμπέρασμα

2152 952 2249 1004 τοῦ
2282 947 2479 1020 λόγου,
2511 941 2555 996 ὦ
2587 938 2945 1015 δογματιστά.
2979 936 3155 992 Ἀλλ’
3204 933 3500 1020 εὔδηλον
3549 935 3632 996 ὡς
3683 954 3814 1007 μα-

2153 1018 2380 1102 ταία-ἧ
2431 1028 2711 1097 τοιαύτη
2757 1026 3046 1098 ἐπίνοια,
3085 1028 3194 1080 καί
3245 1018 3653 1092 διαϐολικῆς
3706 1041 3818 1094 με-

2158 1123 2432 1186 θοδείας
2479 1111 2749 1195 εὕρεμα.
2784 1113 3047 1191 Εῦκαιρον
3080 1114 3300 1169 ἐνταῦθα
3329 1109 3587 1182 ἐκϐοῆσαι
3622 1111 3765 1185 μέγα
3797 1128 3812 1142 ⁸

2159 1214 2495 1284 Ἐκστηθι,
2551 1208 2807 1283 οὐρανὲ,
2856 1204 2964 1261 ἐπὶ
3010 1203 3225 1276 τούτῳ
3257 1221 3271 1235 ’
3307 1202 3389 1258 ὅτι
3437 1200 3662 1276 ματαίαν
3695 1199 3820 1255 ἐπί-

2160 1325 2337 1373 νοιαν,
2382 1302 2472 1357 καὶ
2522 1299 2723 1372 εὕρεμα
2775 1293 3055 1369 μεθοδείας
3103 1289 3366 1348 διαϐόλου
3397 1291 3463 1347 τὰ
3506 1291 3653 1364 παρὰ
3700 1294 3819 1344 τῶν

2162 1395 2440 1468 θεοφόρων
2469 1389 2591 1462 ἱερά
2620 1386 2866 1463 δόγματα
2896 1383 3244 1463 ἐκπέφασται.
3279 1381 3434 1439 Ἀλλ’
3466 1381 3572 1456 οὐχ
3610 1379 3817 1448 οὕτως,

2165 1485 2210 1538 ὦ
2242 1481 2460 1538 πλάνων
2519 1477 2737 1554 μέγιστε
2769 1495 2782 1508 ·
2828 1472 3138 1531 τούναντίον
3175 1469 3230 1527 δὲ
3278 1471 3366 1526 ἐπὶ
3406 1472 3489 1526 aoi
3523 1470 3815 1525 ἀναθετέον

2160 1573 2228 1628 τὰ
2272 1578 2374 1641 τῆς
2425 1567 2680 1644 γλώττης
2731 1585 2827 1620 σου
2876 1561 3258 1636 ἀμαρύγματα.
3311 1561 3463 1617 Ἐπεὶ
3512 1556 3602 1614 οὖν
3642 1557 3818 1619 τέλος

2162 1656 2282 1739 ἔχει
2308 1665 2371 1715 τὸ
2424 1658 2557 1736 ὕφος
2587 1673 2601 1686 ·
2652 1654 2822 1709 ἐκεῖνο
2873 1649 3150 1728 βούλομαί
3198 1671 3277 1722 σε,
3322 1646 3542 1720 ἀδελφὲ,
3589 1645 3818 1716 εἰδέναι,

2162 1738 2246 1807 ὅτι
2297 1753 2470 1823 ἅσπερ
2521 1745 2850 1822 προφέρουσι
2902 1744 3130 1818 χρήσεις
3177 1743 3231 1795 οἱ
3279 1739 3650 1813 Εἶκονομάχοι
3687 1759 3703 1771 ·
3761 1738 3820 1793 αἱ

403 1805 880 1834 ...μυωυνηηωη
910 1805 922 1810 -
952 1805 1079 1825 ,___
1223 1805 1232 1806 ,

402 1861 676 1927 petuntur
700 1869 714 1907 :
740 1848 862 1904 fieri
882 1846 1060 1911 enim,
1087 1842 1207 1898 ﬁeri
1239 1840 1480 1896 omnino
1499 1854 1613 1893 non
1631 1840 1841 1909 potest,
1864 1839 2056 1898 utnon

2306 1805 2311 1806 κ
2443 1805 2452 1823 .
2566 1805 2575 1822 .
2645 1805 2709 1822 ..
2905 1805 3013 1818 η...
3481 1805 3492 1812 .
3559 1805 3598 1813 ,_

2170 1842 2263 1915 μὲν
2313 1835 2598 1914 προδήλρς
2659 1835 2943 1908 αἱρετικῶν
2975 1850 2990 1864 ·
3041 1831 3102 1886 οὐ
3158 1829 3260 1905 γὰρ
3319 1827 3480 1892 ἔστιν,
3529 1827 3628 1882 οὐκ
3669 1826 3817 1896 ἔστι,

404 1923 785 1998 interseratur
828 1932 1197 1991 mendacium
1246 1926 1494 1992 veritati,
1527 1930 1592 1981 ut
1645 1925 1937 1981 frumento
1965 1923 2057 1978 zi-

403 2033 572 2088 zania
603 2051 618 2099 ;
645 2029 769 2084 aliis
799 2043 868 2082 ex
909 2021 1125 2080 sanctis
1172 2018 1467 2085 Patribus,
1523 2031 1667 2085 quas
1694 2013 1779 2069 illi
1809 2014 2062 2070 obducta

409 2121 662 2179 tenebris
693 2116 1038 2189 cogitatione
1069 2124 1339 2182 perversa
1368 2106 1665 2178 accipiunt
1699 2123 1711 2159 :
1739 2105 1866 2161 alia:
1898 2104 2058 2160 deni-

409 2206 904 2284 queaproposito
937 2201 1160 2266 alienae,
1227 2215 1295 2253 ea
1361 2212 1492 2267 quae
1550 2194 1708 2251 idola
1771 2199 2057 2266 spectant,

405 2300 618 2357 Christi
675 2293 920 2366 imagini
981 2287 1488 2345 accommodantes
1547 2302 1560 2340 :
1623 2301 1871 2357 quorum
1941 2302 2058 2340 non

412 2393 641 2460 oportet
695 2391 909 2442 temere
962 2393 1160 2434 vocem
1227 2374 1558 2442 admittere,
1609 2390 1815 2445 neque,
1860 2377 2058 2431 contra

405 2478 791 2536 sanctionem.
834 2471 1118 2527 Caeterum
1152 2463 1342 2520 salvus
1365 2463 1469 2530 sis,
1509 2461 1630 2518 ﬁli:
1667 2466 1725 2517 et
1763 2467 1825 2518 ut
1863 2463 2058 2520 salvus

405 2571 516 2626 sim
545 2585 664 2624 ora.

414 2766 694 2825 XXXVII.
745 2797 812 2808 —
871 2763 1173 2820 Theodorus
1245 2733 1505 2818 munibus
1553 2759 1750 2830 ubique
1791 2755 2055 2829 dispersis

1002 2834 1475 2904 fraternitatibus.

2171 1933 2247 2004 μή
2300 1928 2433 2004 οὐχὶ
2481 1924 2914 2003 παρυφίστασθαι
2961 1925 3031 1996 τῇ
3091 1919 3324 1991 ἀληθείᾳ
3367 1920 3430 1974 τὸ
3481 1915 3702 1992 ψεῦδος,
3738 1918 3820 1979 ὡς

2166 2022 2256 2078 καὶ
2311 2019 2391 2091 τῷ
2457 2015 2588 2088 σίτῳ
2635 2014 2703 2070 τὰ
2759 2012 2971 2083 ζιζάνια
3003 2028 3018 2041 ·
3071 2011 3126 2065 αἱ
3185 2010 3240 2064 δὲ
3300 2009 3549 2082 Πατέρων
3609 2007 3817 2081 ἁγίων,

2164 2107 2444 2185 πρεὸλῶς
2506 2109 2608 2164 ὑπὸ
2679 2113 2780 2175 τῆς
2858 2103 3250 2175 ἐσκοτισμένης
3320 2099 3496 2156 αὓτῶν
3571 2097 3819 2160 διανοίας

2162 2195 2637 2275 ἐκλαμϐανὸμεναι
2671 2215 2684 2229 ·
2745 2199 2800 2250 at
2858 2193 2916 2249 δὲ
2970 2192 3304 2248 παντάπασιν
3363 2189 3686 2258 ἀλλόκοτοι,
3751 2188 3820 2243 τὰ

2162 2291 2298 2347 κατὰ
2328 2287 2573 2345 εἰδώλων
2605 2291 2674 2361 τῇ
2726 2283 2892 2339 εἰκόνι
2921 2285 3164 2357 Χριστοῦ
3210 2281 3536 2336 ἀνάπτουσαι
3568 2297 3582 2310 ·
3636 2279 3717 2333 ὧν
3754 2275 3818 2332 οὐ

2162 2381 2243 2438 δεῖ
2274 2380 2348 2441 ὡς
2399 2377 2562 2452 ἔτυχε
2611 2375 2923 2451 προσίεσθαι
2973 2372 3180 2450 φωνήν,
3213 2367 3334 2425 οὔτε
3388 2370 3495 2442 μὴν
3542 2368 3817 2441 συναίρειν

2162 2471 2326 2547 λόγον
2371 2470 2670 2544 αἱρετικοῖς
2716 2466 2860 2539 παρὰ
2899 2464 2999 2532 τήν
3043 2460 3413 2530 ἀποπολικήν
3459 2456 3815 2531 νομοθεσίαν.

2160 2563 2229 2617 Τὸ
2315 2558 2531 2629 λοιπὸν,
2607 2556 2828 2626 σώζοιο,
2899 2552 3077 2610 τέκνον
3111 2571 3123 2585 ⁸
3211 2549 3301 2608 καὶ
3389 2551 3457 2622 μὲ
3541 2549 3814 2618 σώζεσθαι

2161 2648 2476 2726 προσεύχου
2505 2647 2608 2720 (1

2161 2765 2279 2816 AZ’.
2318 2789 2389 2801 —
2427 2751 2963 2829 Θεόδωρος-ταῖς
3007 2743 3818 2829 πανταχοῦιδιεσπαρμὲ-

2586 2820 2732 2888 ναίς
2771 2821 3210 2901 ἀδελφότησι.
3233 2820 3384 2893 “[τι’.]

1356 2929 1678 2982 Cohortatur
1708 2927 1772 2978 ad
1807 2927 2140 2991 patientiam.
2158 2930 2375 2986 (Baron.
2408 2941 2500 2979 an.
2531 2925 2644 2985 818,
2680 2938 2744 2977 n.
2773 2923 2850 2986 7.)

491 3041 518 3073 ι
553 3019 745 3075 Gratia
786 3015 940 3073 vobis
971 3019 1022 3071 et
1060 3030 1172 3086 pax
1221 3012 1588 3083 adimpleatur
1611 3008 1678 3064 ⁸⁷.
1712 3015 1765 3058 »⁸
1804 3013 2049 3080 Equum

2237 3009 2409 3082 Χάρις
2460 3007 2612 3074 ὑμῖν
2660 3003 2768 3059 καὶ
2815 3002 3054 3076 εἰρήνη
3105 2996 3553 3068 πληθυνθείη.
3596 2994 3817 3050 Δίκαιον

411 3111 566 3168 enim
597 3114 686 3165 est
715 3105 1062 3178 Apostolicis
1093 3103 1282 3159 verbis
1301 3101 1461 3157 affari
1493 3117 1590 3156 eos
1616 3098 1717 3171 qui
1752 3116 1853 3170 pro
1885 3098 2056 3153 Chri-
2111 3163 2113 3166 φ

413 3207 506 3257 sto
538 3197 1001 3272 persecutionem
1035 3195 1357 3265 patiuntur.
1410 3191 1754 3246 Benedictus
1819 3191 1968 3245 Deus
1999 3193 2056 3243 et

414 3293 583 3348 Pater
612 3286 844 3346 Domini
893 3286 1074 3342 nostri
1107 3283 1246 3340 Jesu
1305 3281 1540 3350 Christi,
1574 3280 1675 3351 qui
1734 3277 2058 3334 humilitati

414 3387 622 3437 nostras
643 3380 884 3448 januam
900 3374 1153 3446 aperuit,
1179 3371 1444 3442 quamvis
1464 3375 1620 3424 arcte
1632 3368 2059 3435 custodiamur,

415 3469 785 3526 utvobiscum
802 3462 1164 3521 charissimis
1179 3461 1460 3516 fratribus
1484 3458 1659 3513 nostri
1681 3456 2060 3526 epistolarum

416 3557 702 3629 colloquio
734 3553 1007 3623 congredi
1041 3550 1355 3622 possimus.
1397 3547 1537 3603 Vere
1572 3547 1800 3600 Verbum
1831 3547 1926 3601 Dei
1955 3561 2062 3600 non

415 3656 493 3704 est
520 3647 811 3716 alligatum
839 3642 920 3696 ἐς
954 3641 1057 3696 etsi
1093 3638 1326 3708 alligare
1355 3653 1414 3692 se
1448 3641 1652 3707 putent
1710 3636 1810 3705 qui
1867 3635 2062 3688 domi-

414 3739 647 3791 nantur.
672 3732 817 3788 Vere
845 3729 1030 3786 lateri
1061 3728 1384 3801 plurimum
1420 3727 1724 3790 debemus,
1759 3740 1893 3779 cum
1925 3722 2070 3778 divi-

417 3839 626 3882 narum
661 3820 1100 3894 praedictionum
1130 3819 1334 3872 eventa
1364 3815 1421 3869 in
1448 3812 1614 3868 nobis
1638 3812 1780 3882 ipsis
1806 3816 2066 3882 peccato-

421 3916 585 3972 ribus
623 3911 1046 3983 conspicimus.
1083 3910 1221 3979 Age,
1255 3920 1390 3960 cum
1449 3903 1722 3973 Apostolo
1779 3901 2069 3967 dicamus,

422 4006 626 4061 fratres
661 4019 673 4056 :
709 4000 842 4066 Quis
869 4015 966 4054 nos
1013 3995 1292 4068 separabit
1319 4009 1353 4047 a
1383 3991 1657 4046 charitate
1703 3991 1846 4046 Dei?
1900 3989 2072 4045 tribu-

424 4094 594 4150 latio?
630 4108 703 4147 an
727 4090 984 4160 angustia
1003 4090 1032 4142 φ
1061 4103 1133 4141 an
1152 4085 1330 4156 fames
1348 4084 1373 4134 .9
1402 4099 1476 4136 an
1503 4081 1805 4150 persecutio
1825 4082 1850 4132 .9
1876 4096 1949 4134 an
1964 4096 2073 4134 nu-

426 4183 578 4238 dilas
599 4185 716 4236 ?an
761 4179 1069 4250 perieulum
1089 4182 1116 4228 Ρ
1163 4191 1234 4229 an
1274 4171 1491 4243 gladius
1511 4171 1600 4223 3°?
1630 4169 1781 4226 Num
1817 4169 1971 4224 enim
2003 4169 2074 4226 de

425 4272 613 4340 seipso
644 4275 871 4324 tantum
905 4267 1028 4320 haec
1059 4262 1226 4331 dixit,
1267 4276 1333 4316 ac
1359 4276 1474 4315 non
1533 4258 1703 4315 etiam
1749 4259 1820 4313 de
1855 4257 2023 4313 nobis
2055 4273 2071 4312 :

426 4365 483 4416 et
513 4365 576 4414 ut
596 4373 702 4413 nos
740 4371 877 4427 erga
907 4359 1089 4410 Deum
1122 4351 1204 4406 sic
1241 4349 1434 4404 affecti
1467 4348 1677 4412 simus,
1723 4351 1788 4402 ut
1816 4346 2078 4402 afﬂictio-

426 4448 601 4504 nibus
632 4445 760 4501 istis
795 4459 941 4516 quas
1007 4440 1390 4505 sustinemus,
1444 4437 1687 4492 minime
1717 4436 2076 4508 frangamur,

426 4538 526 4595 sed
557 4551 626 4590 ea
654 4550 777 4605 qua:
799 4533 1033 4597 desunt,
1060 4528 1401 4601 passionum
1433 4542 1566 4582 cum
1589 4525 1804 4597 gaudio
1830 4524 2086 4595 perferre

429 4641 694 4682 amemus
750 4623 816 4676 ".
873 4620 1168 4678 Gaudium
1219 4617 1375 4673 enim
1407 4621 1495 4672 est
1526 4614 1939 4678 inenarrabile,
1972 4628 2077 4685 pro

429 4713 658 4770 Christo
689 4715 744 4767 et
775 4725 910 4765 cum
943 4707 1169 4764 Christo
1197 4703 1335 4777 pati,
1368 4703 1872 4776 quemadmodum
1895 4708 2089 4755 osten-

432 4805 643 4858 derunt
659 4798 1059 4855 sanctiomnes
1092 4794 1360 4866 usquead
1386 4793 1746 4848 Thaddaeum
1774 4794 2085 4862 martyrem

435 4898 724 4959 nostrum,
756 4896 813 4947 et
833 4888 1153 4964 quemlibet
1183 4887 1362 4942 alium
1405 4886 1825 4948 confessorem,
1855 4881 2088 4953 egregia

434 4984 614 5041 animi
655 4980 1003 5047 constantia,
1050 4983 1106 5035 et
1164 4975 1561 5050 persecutioni
1611 4971 2084 5028 convenientibus

437 5076 606 5130 factis
637 5089 651 5128 :
685 5072 782 5143 qui
807 5072 927 5126 sive
957 5085 1024 5124 ex
1046 5081 1296 5133 carcere,
1327 5063 1443 5118 sive
1473 5078 1541 5117 ex
1571 5061 1684 5116 alio
1716 5059 1903 5117 exsilii
1927 5075 2082 5130 quo-

436 5165 523 5220 vis
565 5163 711 5233 loco,
743 5166 876 5234 post
902 5159 1068 5214 illum
1101 5157 1393 5212 abierunt.

2165 3099 2265 3172 γὰρ
2315 3097 2420 3151 ἀπὸ
2469 3099 2658 3165 φωνῶν
2711 3091 3089 3148 ἂποστολικῶν
3141 3094 3260 3150 τοῖς
3313 3086 3402 3142 διὰ
3445 3087 3678 3161 Χριστὸν
3729 3083 3822 3140 δε-

2169 3186 2497 3262 διωγμένοις
2560 3182 2997 3260 ἐπιφθέγγεσθαι.
3062 3178 3374 3253 Εὐλογητὸς
3430 3178 3458 3231 ὁ
3535 3175 3667 3237 Θεὸς
3730 3174 3822 3230 καὶ

2172 3278 2360 3351 Πατὴρ
2389 3276 2484 3330 τοῦ
2535 3273 2731 3347 Κυρίου
2780 3274 2940 3343 ἡμῶν
2993 3271 3172 3338 Ἰησοῦ
3224 3269 3481 3340 Χριστοῦ,
3523 3265 3551 3318 ὁ
3601 3265 3820 3334 ἀνοίξας

2169 3370 2306 3438 ἡμῖν
2378 3368 2496 3427 τοῖς
2571 3366 2848 3422 ταπεινοῖς
2927 3360 3114 3434 θύραν,
3182 3357 3375 3426 καίπερ
3453 3354 3823 3428 τηρουμένοις

2176 3455 2453 3536 ἀσφαλῶς,
2485 3455 2555 3525 τῇ
2602 3449 2691 3506 διά
2734 3455 2829 3506 τοῦ
2877 3450 3198 3525 γράμματος
3243 3445 3444 3518 ὁμιλίᾳ
3486 3446 3822 3522 συναφθῆναι

2175 3533 2304 3620 ὑμῖν
2360 3550 2477 3604 τοῖς
2536 3540 2915 3617 ἠγαπημένοις
2973 3535 3230 3608 ἀδελφοῖς
3288 3538 3467 3608 ἡμῶν.
3529 3535 3738 3597 Ὄντως
3795 3533 3822 3586 ὁ

2175 3635 2396 3710 Λόγος
2428 3635 2544 3686 τοῦ
2574 3633 2736 3686 Θεοῦ
2768 3627 2838 3683 οὗ
2892 3625 3202 3682 δέδεται·
3234 3624 3331 3679 κᾶν
3362 3620 3579 3695 δεσμεῖν
3615 3623 3666 3677 οἱ
3699 3641 3825 3698 κρα-

2175 3727 2392 3783 τοῦντες
2422 3719 2645 3775 οἷ’ωνται
2684 3739 2697 3751 ·
2727 3713 2899 3780 ὅντως
2930 3716 3069 3790 μέγα
3099 3712 3393 3790 ὀφείλομεν
3424 3711 3640 3786 χαίρειν
3677 3729 3691 3741 ·
3744 3709 3823 3765 ὅτι

2179 3815 2398 3887 ὁρῶμεν
2449 3809 2501 3864 ἐν
2553 3811 2687 3881 ἡμῖν
2739 3809 2923 3866 αὐτοῖς
2952 3808 3072 3867 τοῖς
3114 3799 3470 3876 ἁμαρτωλοῖς
3519 3799 3614 3860 τὰς
3664 3794 3825 3854 ἐκϐά-

2181 3922 2288 3962 σεις
2336 3903 2444 3954 τῶν
2493 3898 2647 3953 θείων
2696 3893 3076 3971 προρρήσεων.
3109 3896 3293 3957 Δεῦτε,
3344 3888 3606 3960 εἴπωμεν,
3661 3885 3826 3943 ἀδελ-

2180 3990 2294 4069 φοὶ,
2330 3989 2463 4062 μετά
2490 3991 2587 4042 τοῦ
2613 3983 2953 4041 Ἀποστόλου
2990 3999 3003 4013 ⁸
3034 3981 3143 4044 Τίς
3171 3983 3351 4053 ἡμᾶς
3380 3977 3670 4053 χωρίσει
3705 3976 3824 4032 ἀπὸ

2178 4065 2296 4147 τῆς
2340 4077 2598 4153 ἀγάπης
2626 4078 2739 4130 τοῦ
2770 4075 2928 4128 Θεοῦ
2955 4091 2969 4142 ;
3001 4069 3270 4143 θλίψιςς
3303 4068 3339 4137 ἢ
3372 4065 3821 4140 στενοχωρίας

2182 4165 2552 4240 ἤλιμόςςῆ
2606 4161 2952 4238 διωγμόςς
3003 4161 3038 4229 ἢ
3087 4157 3469 4234 γυμνότης;
3521 4156 3556 4224 ἢ
3608 4153 3822 4210 κίνδυ-

2183 4273 2336 4325 νος;
2385 4258 2421 4326 ἢ
2475 4254 2818 4333 μάχαιρα;
2851 4252 2940 4320 Μὴ
2975 4250 3075 4324 γὰρ
3120 4246 3190 4302 δι’
3222 4246 3408 4302 ἑαυτὸν
3463 4245 3630 4318 μόνον
3664 4248 3825 4299 ταῦτα

2189 4345 2423 4422 εἷ’ρηκεν,
2474 4343 2600 4400 ἀλλ’
2649 4342 2779 4416 οὐχὶ
2808 4339 2899 4394 καὶ
2950 4339 3079 4412 ὑπὲρ
3129 4339 3289 4410 ἡμῶν
3321 4354 3336 4368 ·
3385 4333 3479 4389 *ίνα
3524 4333 3617 4389 καὶ
3667 4336 3828 4407 ἡμεῖς

2191 4434 2424 4510 τοιαύτῃ
2484 4431 2717 4488 διαθέσει
2774 4429 2840 4485 τᾶ
2895 4427 3030 4501 πρὸς
3085 4427 3212 4483 Θεὸν
3269 4419 3508 4500 ἔχωμεν,
3559 4421 3703 4479 ὥστε
3752 4421 3823 4494 μὴ

2192 4524 2505 4598 ἐκκακῶμεν
2538 4521 2590 4578 ἐν
2641 4524 2723 4582 οἷς
2773 4519 2929 4592 ἐσμεν
2974 4511 3254 4591 θλιὸεροῖς
3286 4533 3300 4546 '
3354 4511 3481 4568 ἀλλ’
3529 4511 3825 4587 ἀγαπῶμεν

2189 4615 2279 4669 καὶ
2325 4617 2392 4670 τὰ
2445 4612 2769 4668 ἐλλείποντα
2815 4609 3111 4680 παθήματα
3157 4605 3379 4660 ὕποῖσαι
3431 4602 3568 4675 μετά
3614 4606 3824 4677 χαρᾶςς

2195 4703 2341 4782 χαρὰ
2397 4706 2502 4777 γάρ
2578 4699 2718 4754 ἐστιν
2797 4695 3168 4762 ἀνεκλάλητος
3224 4692 3359 4764 ὑπὲρ
3439 4693 3677 4763 Χριστοῦ
3745 4688 3826 4742 καὶ

2195 4792 2334 4864 μετά
2392 4791 2632 4863 Χριστοῦ
2689 4787 2921 4859 πάσχειν
2958 4803 2972 4816 ·
3049 4780 3228 4842 καθὼς
3286 4777 3488 4850 ἔδειξαν
3555 4778 3608 4831 οἱ
3685 4777 3829 4850 ἅγιοι

2191 4882 2382 4942 πάντες
2445 4879 2612 4955 μέχρι
2689 4873 2954 4934 Θαδδαίου
3012 4875 3108 4928 τοῦ
3183 4869 3454 4943 ἡμετέρου
3537 4886 3827 4942 μαρτυρος,

2190 4970 2281 5023 καὶ
2329 4969 2541 5030 οὗτινος
2595 4965 2770 5021 ἄλλου
2829 4961 3182 5035 ὁμολογητοῦ
3229 4957 3551 5030 μετόπισθεν
3598 4955 3829 5031 ἀπάραν-

2190 5077 2304 5124 τος,
2336 5055 2371 5124 ἢ
2418 5055 2478 5111 ἐκ.
2506 5053 2775 5134 φυλακῆς,
2807 5053 2842 5122 ἢ
2890 5046 2952 5105 ἔκ
2977 5069 3124 5110 τινος
3173 5045 3347 5102 ἄλλου
3397 5040 3691 5121 φυγαδείας
3739 5041 3828 5098 τό·

2192 5166 2319 5215 που,
2352 5143 2498 5218 καλῇ
2526 5141 2804 5219 προθυμίᾳ
2832 5139 2921 5194 καὶ
2948 5136 3284 5209 ἀξιοδιώκτῳ
3313 5135 3522 5210 πράξει.

509 5289 556 5324 επ
587 5292 802 5346 Jerem.
837 5303 901 5356 ιι,
932 5285 1019 5341 12.
1095 5279 1328 5337 86mm.
1402 5275 1448 5312 ετ
1482 5277 1530 5333 II
1562 5276 1711 5333 Pelr.
1743 5292 1784 5346 ι,
1816 5277 1872 5331 2.
1948 5273 2064 5332 8811

2170 5273 2342 5330 moth.
2403 5290 2465 5341 ιι,
2507 5276 2560 5328 9.
2635 5269 2683 5307 ⁸⁸
2741 5270 2907 5326 Rom.
2967 5282 3091 5336 vui,
3138 5265 3226 5320 35.
3285 5261 3333 5298 ὀ
3391 5260 3611 5318 Coloss.
3645 5277 3687 5328 ι,
3744 5259 3828 5314 24.

2021 5399 2257 5458 NOTIE.

479 5521 592 5606 _(l)
619 5521 761 5577 Cod.
819 5518 960 5586 Reg.
1021 5513 1113 5569 hic
1145 5508 1381 5593 i'Apxﬁ
1412 5502 1691 5636 ’βιϐλίου-
1724 5507 1804 5590 BZ.
1848 5507 2079 5564 initium

479 5595 579 5636 om
601 5593 677 5636 n-
721 5604 930 5636 nemne
964 5589 1245 5636 nosterlor
1274 5592 1384 5636 iste
1463 5579 1694 5636 heodori
1717 5580 2079 5636 emstolarum

446 5579 679 5658 librili;
721 5579 934 5658 nempe
964 5584 1245 5657 posterior
1268 5579 1384 5639 iste
1412 5579 1694 5637 Theodori
1717 5579 2087 5652 epistolarum

2185 5507 2350 5570 liber,
2432 5522 2534 5564 seu
2591 5505 2833 5576 sylloge,
2898 5499 3169 5576 dividitur
3242 5496 3317 5576 in
3361 5495 3469 5576 hoc
3523 5495 3726 5576 codice
3776 5495 3827 5548 in

2199 5567 2379 5637 libros
2412 5567 2680 5652 quatuor,
2711 5567 2953 5648 quorum
2986 5571 3211 5644 primus
3241 5567 3320 5624 ibi
3351 5567 3585 5623 desinit.
