4062 6280
274 361 301 422 1
314 353 430 419 225

1536 338 2087 413 EPISTOLABUM
2132 342 2281 411 LIB.
2330 350 2405 414 II.

3522 357 3677 423 1226

342 485 666 560 Γενοίμεθα,
735 479 962 564 ἀδελφοί
1042 499 1162 556 μοι,
1237 483 1325 537 καὶ
1395 484 1559 553 ἡμεῖς
1648 479 1948 554 μάρτυρες,

2103 480 2296 538 Simus
2344 487 2401 539 et
2446 499 2575 551 nos,
2622 482 2828 541 fratres
2877 485 3013 554 mei,
3064 491 3350 563 martyres
3408 491 3479 547 ad
3521 492 3679 547 hunc

271 577 714 651 τοιουτοτρόπως
746 591 764 607 ⁸
794 575 849 628 ἐν
879 576 958 644 τῷ
988 573 1070 627 ἀεὶ
1110 570 1538 648 παρεσκευάσθαι
1590 568 1922 644 συλληφθῆ-

274 688 381 737 ναι,
427 663 800 741 ὁμολογῆσαι,
849 659 1331 741 φραγελλωθῆναι,
1382 660 1689 716 ἀποθανεῖν.
1755 654 1926 711 Τοῦτό

272 756 386 813 ἐστι
443 756 566 810 καθ’
611 753 817 827 ἡμέραν
875 756 1159 826 μαρτυρεῖν
1217 769 1232 785 ⁸
1307 753 1468 805 τοῦτο
1527 750 1644 803 καθ’
1719 745 1928 819 ἡμέραν

276 847 638 915 ἀποθνήσκειν
685 861 699 875 ⁸
748 840 797 911 ἐξ
852 841 913 895 οὗ
959 841 1303 914 καθαίρεσθαι
1354 834 1635 912 συμϐαίνει
1682 837 1781 904 τὴν
1824 838 1927 908 ψυ-

278 937 390 1009 χήν
424 946 439 967 ⁸
491 933 794 1006 ἀναχωρεῖν
852 934 962 985 τῶν
1010 932 1196 985 παθῶν
1254 949 1266 961 ’
1343 927 1573 1005 ἐγγίζειν
1632 930 1714 999 τῷ
1763 928 1879 996 Θεῷ
1911 940 1927 957 ⁸

283 1028 460 1097 μισεῖν
491 1018 697 1095 κόσμον
733 1039 748 1053 ⁸
799 1021 1150 1096 φαντάζεσθαι
1197 1018 1446 1092 οὐρανὸν,
1498 1017 1564 1071 τὰ
1613 1017 1689 1079 εἰς
1728 1015 1927 1075 αἰῶνας

281 1112 615 1185 ἀποκείμενα
673 1109 845 1184 ἀγαθά
882 1128 895 1142 ⁸
945 1107 1073 1164 ἀλλ’
1124 1109 1214 1163 οῦν
1259 1109 1348 1163 καὶ
1402 1106 1713 1181 σκυθρωπά.
1792 1101 1932 1160 Οὐδὲ

278 1204 386 1279 γὰρ
418 1201 478 1256 ἂν
517 1203 552 1270 ἡ
599 1200 827 1269 τοιαύτη
881 1198 1193 1273 παρασκευὴ
1245 1194 1437 1251 δίδωσι
1487 1192 1702 1270 σχολὴν
1729 1196 1807 1264 τῷ
1853 1190 1931 1263 νῷ

282 1288 633 1368 φιληδονεῖν,
663 1288 755 1343 καὶ
797 1285 1097 1342 διακεῖσθαι
1138 1287 1469 1361 προσπαθῶς
1517 1280 1626 1338 ὦδε
1670 1282 1884 1338 κάκεῖσε
1913 1298 1931 1314 ⁸

281 1367 430 1436 ἀλλᾶ
487 1383 671 1454 νευροῖ
721 1375 937 1451 μᾶλλον
999 1377 1098 1444 τὴν
1168 1373 1394 1449 καρδίαν
1436 1390 1452 1405 ⁸
1487 1371 1800 1427 κατανόσσει
1837 1367 1935 1424 δα-

280 1467 567 1545 κρυρῥοεῖν
613 1466 741 1529 τοὺς
785 1463 1106 1540 ὀφθαλμοὺς
1157 1482 1171 1497 ⁸
1218 1464 1458 1543 ἐφίεσθαι
1506 1462 1604 1530 τὴν
1650 1461 1756 1516 ἀπὸ
1824 1460 1930 1513 σώ-

289 1580 462 1635 ματος
510 1554 692 1631 ἔξοδον
754 1557 830 1618 ὡς
878 1552 939 1610 ἔκ
993 1574 1136 1617 τινος
1199 1551 1576 1626 δεσμωτηρίου
1632 1548 1933 1629 ἐπαχθοῦς.

288 1652 592 1717 Σκοπῶμεν
653 1645 745 1700 οὖν
814 1643 1010 1700 λοιπὸν
1067 1643 1253 1698 ὁποῖοί
1308 1642 1490 1713 ἐσμεν,
1521 1639 1611 1694 καὶ
1661 1640 1706 1695 εἰ
1739 1637 1931 1707 οὕτως,

288 1740 414 1813 εῦγε
464 1736 650 1811 μάλα⁸
703 1733 751 1788 εἴ
781 1730 829 1787 δ’
880 1731 1094 1803 ἄλλως,
1142 1730 1562 1808 έπαναγώμεθα,
1608 1729 1699 1785 καὶ
1746 1731 1938 1784 καθαι-

2037 571 2271 627 modum
2298 589 2313 630 :
2346 581 2403 628 ut
2439 574 2622 646 parati
2646 575 2925 633 nimirum
2960 592 3188 651 semper
3210 581 3398 638 simus
3420 598 3679 654 compre-

2037 657 2235 727 hendi,
2266 662 2549 735 conﬁteri,
2591 663 2789 737 ﬂagris
2839 667 2999 735 caedi,
3044 669 3221 738 mori;
3255 670 3363 728 hoc
3401 677 3488 728 est
3519 671 3678 728 enim

2038 749 2290 820 quotidie
2320 758 2630 826 martyrem
2657 770 2807 817 esse,
2855 755 2963 811 hoc
2993 761 3081 813 est
3110 761 3368 830 quotidie
3399 763 3565 818 mori.
3601 761 3680 816 Ex

2039 853 2150 909 quo
2180 840 2417 911 quidem
2452 843 2682 915 purgari
2706 849 2959 902 mentem
2994 849 3299 921 contingit,
3330 868 3361 905 a
3383 851 3678 921 perturba-

2036 927 2291 985 tionibus
2352 931 2684 999 abscedere,
2717 932 2833 990 Deo
2863 937 3359 1009 appropinquare,
3392 941 3678 998 mundum

2038 1017 2252 1078 odisse,
2277 1020 2485 1075 caelum
2506 1022 2793 1092 meditari,
2813 1024 2963 1080 bona
2982 1025 3041 1081 in
3057 1034 3336 1084 aeternum
3372 1036 3680 1098 reservata,

2040 1121 2144 1163 nec
2168 1123 2281 1162 non
2313 1112 2370 1163 et
2396 1110 2610 1166 tristia.
2645 1110 2760 1167 Nec
2787 1114 2942 1169 enim
2967 1113 3160 1170 locum
3194 1117 3373 1173 menti
3406 1118 3685 1190 relinquit

2040 1195 2326 1266 ejusmodi
2387 1201 2744 1267 praeparatio,
2798 1206 2863 1256 ut
2918 1203 3246 1272 voluptates
3294 1213 3680 1277 consectetur,

2041 1290 2101 1340 ut
2136 1285 2245 1341 hoc
2281 1286 2496 1342 illudve
2535 1290 2754 1345 carnali
2803 1291 3085 1348 desiderio
3126 1296 3547 1366 amplectatur:
3582 1297 3681 1353 sed

2040 1375 2192 1431 vires
2241 1377 2399 1432 cordi
2446 1382 2502 1433 et
2568 1395 2772 1436 nervos
2819 1381 2994 1450 addit,
3043 1384 3242 1441 oculos
3297 1385 3354 1441 in
3399 1387 3685 1459 lacrymas

2042 1465 2185 1521 solvi
2218 1466 2534 1538 compellit,
2578 1469 2928 1526 desiderium
2971 1472 3160 1543 injicit
3187 1491 3255 1530 ex
3274 1491 3530 1547 corpore,
3563 1481 3690 1532 tan-

2043 1571 2219 1627 quam
2260 1570 2329 1610 ex
2353 1557 2511 1628 gravi
2542 1559 2795 1629 quodam
2838 1576 3081 1629 carcere,
3114 1564 3460 1635 emigrandi.
3492 1566 3688 1623 Consi-

2043 1644 2316 1701 deremus
2368 1645 2562 1718 itaque
2606 1649 2808 1719 quales
2866 1650 3091 1708 simus:
3122 1658 3180 1709 et
3228 1653 3277 1709 si
3318 1654 3555 1727 quidem
3600 1656 3685 1712 sic

2046 1733 2253 1801 allecti,
2305 1740 2456 1792 recte
2500 1751 2643 1793 sane
2679 1753 2694 1792 :
2728 1739 2817 1794 sin
2864 1739 3046 1808 aliter,
3084 1744 3389 1799 redeamus
3420 1743 3478 1800 in
3510 1746 3685 1811 viam,

290 1828 534 1900 ρώμεθα.
586 1823 880 1900 Φεύγωμεν
931 1823 1023 1878 τὸν
1091 1823 1362 1895 ἀνήμερον
1422 1818 1689 1897 δράκοντα
1747 1813 1936 1908 διαϐο-

2059 1827 2103 1879 at
2132 1825 2540 1880 emundemur.
2574 1826 2889 1898 Fugiamus
2912 1828 3195 1886 immitem
3216 1833 3523 1889 draconem
3559 1834 3681 1889 dia-

288 1916 388 1972 λον
438 1932 456 1950 ⁸
531 1913 599 1968 τὰ
652 1913 1017 1987 πεπυρωμένα
1083 1916 1185 1980 τῆς
1239 1913 1433 1981 πικρᾶς
1488 1909 1577 1964 καὶ
1636 1906 1933 1981 θανασίμου

290 2003 587 2077 ἐπιθυμίας
634 2000 797 2077 βέλη.
846 2000 956 2055 Οὐκ
1002 1994 1145 2054 ἔστιν
1195 1996 1392 2068 ἡδονὴ,
1423 1996 1547 2053 ἀλλ’
1590 1995 1755 2068 ὀδύνη
1792 2018 1805 2032 ⁸
1831 1995 1939 2071 οὐχ

292 2091 522 2164 ἡδύτης,
547 2090 694 2146 ἀλλὰ
722 2090 869 2166 χολή
904 2108 920 2124 ⁸
964 2089 1062 2145 οὐκ
1100 2089 1379 2157 εὐπάθεια,
1433 2087 1579 2143 ἀλλὰ
1628 2084 1937 2159 δυσμένεια,

293 2180 537 2251 δουλεία,
594 2181 790 2258 φθορὰ,
847 2178 1232 2253 δαιμονισμὸς,
1291 2175 1593 2240 ἀλλοίωσις
1647 2184 1747 2246 τῆς
1805 2174 1941 2230 κατᾶ

293 2274 450 2352 φύσιν
483 2271 665 2342 ἕξεως.
699 2270 925 2325 Ἐπείεί
970 2268 1112 2339 καλή
1161 2268 1249 2323 καὶ
1300 2265 1480 2337 ἡδεῖα,
1514 2270 1630 2327 πῶς
1679 2264 1770 2327 οὓς
1814 2262 1935 2338 ἕλῃ,

294 2363 453 2425 εὐθὺς
513 2359 748 2417 δείκνυσι.
830 2359 1071 2434 μωροὺς,
1145 2355 1463 2428 κτηνώδεις,
1528 2356 1937 2432 ᾖσχυμμένους,

295 2451 716 2526 δουλοπρεπεῖς,
789 2447 1199 2515 δυσελπίστους,
1270 2444 1689 2520 ἐκλελυμένους,
1748 2442 1941 2500 ὑποδί-

292 2563 424 2605 κους
455 2541 686 2596 θανάτου
745 2538 1019 2607 αἰωνίου;
1076 2540 1237 2592 Ὥστε
1295 2534 1627 2616 φαρμακεύει
1686 2534 1941 2594 ἐξιστῶσα

293 2632 387 2689 καὶ
418 2630 742 2699 ἀλλοιοῦσα,
784 2629 882 2684 οὐκ
913 2628 1045 2683 οὖσα
1076 2628 1150 2690 ὡς
1197 2626 1504 2681 ὑποτίθεται
1539 2625 1629 2679 καὶ
1668 2624 1941 2702 ἀρχιιράρ-

299 2742 493 2798 μακος,
542 2724 782 2794 καθάπερ
841 2720 967 2781 τοὺς
1026 2718 1422 2791 δαιμονῶντας,
1456 2713 1518 2771 οἷ’)
1576 2716 1854 2777 συνιόντας
1911 2714 1944 2768 ἆ

295 2814 638 2891 ὑφίστανται,
698 2808 748 2864 εἴ
806 2808 883 2882 μὴ
954 2808 1085 2882 μετά
1148 2807 1246 2875 τήν
1310 2806 1593 2879 ἆνάνηψιν.
1646 2803 1944 2876 Βλέπωμεν

298 2903 395 2958 οῦν
451 2898 673 2967 λοιπδν,
734 2896 1029 2973 ἀγαπητοὶ,
1093 2897 1162 2951 τὰ
1217 2894 1529 2970 καταγώγια
1613 2896 1794 2967 ἡμῶν,
1850 2893 1945 2954 τὰς

297 2990 638 3065 ἀναστροφὰς
692 2992 798 3042 ποῦ
854 2985 946 3042 καί
1007 2987 1122 3060 μεθ’
1181 2986 1264 3044 οὗ.
1320 2984 1419 3038 Καὶ
1450 2983 1499 3039 εἷ’
1541 2978 1807 3059 βλαϐερὸν
1839 2981 1949 3037 ἐκεῖ

300 3076 674 3156 μετεστατέον.
734 3078 835 3132 Καὶ
899 3074 950 3131 εἴ
1024 3076 1159 3148 μετά
1232 3072 1706 3143 σκανδαλίζοντος,
1793 3071 1951 3127 ἐκκο-

292 3164 482 3225 πτέον.
523 3166 620 3223 Καὶ
653 3167 699 3221 εί
730 3166 792 3221 οὐ
828 3165 941 3238 μετ’
981 3162 1224 3231 οὖδενὸς,
1262 3162 1645 3238 προσληπτέον
1680 3181 1695 3195 ⁸
1729 3160 1947 3232 ἐπείπερ
1979 3208 2023 3275 c

302 3258 319 3275 ς
442 3258 456 3273 \
586 3256 600 3275 ς
954 3254 966 3275 1
1008 3273 1017 3275 Α
1050 3274 1055 3275 ,
1135 3249 1177 3275 '1,
1229 3274 1236 3275 κ
1289 3251 1345 3275 Ἆγι
1407 3250 1649 3275 l_,-____-A-!_
1674 3271 1687 3275 _
1751 3250 1949 3275 _.-_'_--

291 3258 496 3333 ἀρατὸν
547 3256 608 3311 τὸ
672 3254 1076 3329 μεμονωμένον,
1135 3249 1240 3315 ἕως
1287 3251 1346 3306 ἂν
1402 3250 1688 3327 ἀναγκαῖος
1747 3250 1949 3324 τρόπος

292 3346 365 3401 οὐ
416 3346 663 3419 πάρεστι.
713 3341 985 3417 Τηρητέον
1037 3338 1238 3410 τᾶλλα,
1284 3340 1384 3410 τήν
1445 3339 1666 3414 βρῶσιν,
1704 3340 1806 3408 τὴν
1846 3338 1950 3392 πό-

299 3454 415 3505 σιν,
471 3434 563 3488 τὸν
614 3432 804 3501 ὕπνον,
862 3432 961 3500 τήν
1014 3429 1266 3505 ἐργασίαν
1327 3446 1344 3461 ⁸
1405 3429 1479 3492 ὡς
1535 3428 1595 3482 ἂν
1651 3427 1716 3482 τα
1780 3425 1950 3483 πάντα

296 3524 541 3596 στάθμια
598 3519 927 3576 δυνατοῦντα
966 3521 1028 3573 τὸ
1073 3524 1234 3593 σῶμα
1294 3518 1581 3592 ὑπουργεῖν
1634 3519 1752 3577 ταῖς
1799 3514 1949 3571 ἐντο-

297 3610 457 3680 λαῖς,
516 3608 641 3666 ἀλλ’
718 3610 818 3665 οὐκ
883 3608 1231 3683 έξαγριοῦντα
1314 3606 1766 3676 κατεξαναστῆναι
1847 3611 1949 3674 τῆς

295 3701 510 3775 λυχῆς.
560 3699 758 3761 Πῶλός
808 3699 949 3753 ἐστιν
983 3714 998 3727 ⁸
1051 3695 1139 3751 ἐὰν
1183 3697 1493 3770 ὑπερμαζῇ,
1535 3696 1775 3762 ἁτακτεῖ,
1802 3694 1951 3767 φέρει

294 3798 457 3847 κάτω
512 3789 601 3844 τὸν
662 3782 935 3858 ἀναϐάτην
994 3789 1141 3842 νοῦν.
1203 3785 1320 3860 ’Δφ’
1359 3781 1639 3856 ἡμῶνκαὶ
1686 3782 1753 3836 τα
1802 3783 1954 3855 ὑμῶν

298 3881 673 3955 ἐξηγοροῦμεν
706 3898 720 3911 ⁸
779 3876 895 3931 ἐπεὶ
950 3877 1145 3937 πάντες
1198 3875 1471 3947 ἄνθρωποι
1529 3874 1622 3935 τὰς
1666 3873 1826 3942 ἡνίας
1854 3874 1953 3925 τοῦ

300 3966 656 4041 αὐτεξουσίου
701 3967 911 4040 ὁμοίως
973 3966 1109 4041 πρὸς
1159 3967 1291 4019 Θεοῦ
1347 3961 1633 4038 εἱληφόνες
1694 3958 1956 4033 αὒτοκρα·

300 4062 544 4133 τορικῶς
576 4076 592 4089 ⁸
634 4054 731 4111 κᾶν
792 4056 875 4112 ἀεὶ
921 4053 1191 4128 πόλεμος,
1230 4055 1416 4127 ψυχῆς
1464 4050 1554 4106 καὶ
1598 4051 1842 4123 σώματοι
1872 4048 1959 4103 ἀν-

302 4170 337 4204 τ
349 4149 564 4217 ικαθεζο
573 4145 742 4220 μένων
753 4190 766 4203 .

388 4419 450 4477 '0
485 4416 579 4491 μὶν
610 4413 676 4486 δὴ
708 4414 833 4488 περὶ
889 4414 1084 4469 τούτου
1138 4411 1306 4489 λόγος
1360 4409 1536 4486 ἐχέτω
1592 4413 1780 4465 ταῦτα.
1812 4406 1874 4463 Τί
1907 4408 1963 4463 δὲ

311 4510 385 4564 τὰ
424 4509 546 4577 ἑξῆς
590 4532 604 4574 ;
653 4507 716 4562 Ἥ
766 4505 949 4567 πίστις
1019 4502 1251 4569 ἀκλινὴς
1316 4499 1724 4576 ἀπερίτρεπτος,
1780 4499 1962 4562 καθὼς

2044 1911 2269 1980 bolum,
2300 1918 2355 1969 et
2376 1913 2542 1983 ignea
2562 1916 2676 1971 tela
2699 1933 2909 1974 amarae
2932 1924 2990 1975 et
3009 1918 3286 1977 lethiferae
3320 1924 3682 1995 cupiditatis.

2046 2000 2170 2056 Non
2203 2007 2292 2056 est
2320 2001 2599 2073 voluptas,
2624 2006 2722 2060 sed
2748 2004 2912 2062 dolor
2943 2000 3102 2064 :non
3135 2009 3401 2081 dulcedo,
3444 2013 3542 2067 sed
3568 2011 3641 2067 fel
3668 2023 3681 2065 :

2047 2106 2161 2145 non
2194 2091 2614 2158 benevolentia,
2652 2095 2751 2150 sed
2785 2097 3007 2165 odium,
3032 2099 3299 2169 servitus,
3334 2100 3680 2172 corruptela,

2048 2179 2397 2235 daamoniaca
2443 2182 2685 2251 vexatio,
2735 2186 2862 2254 ejus
2904 2187 3005 2258 qui
3046 2190 3365 2244 secundum
3413 2196 3684 2245 naturam

2046 2272 2136 2324 est
2165 2272 2344 2323 status
2376 2267 2725 2327 immutatio.
2761 2273 2986 2329 Etenim
3018 2276 3069 2330 si
3104 2276 3251 2331 bona
3271 2284 3359 2333 est
3382 2285 3440 2333 et
3469 2278 3681 2346 dulcis,

2048 2357 2339 2428 quomodo
2363 2373 2506 2425 quos
2537 2359 2805 2430 abripuit,
2837 2377 2935 2418 eos
2986 2364 3208 2421 factuos
3229 2366 3425 2422 statim
3472 2367 3686 2431 reddit,

2042 2445 2329 2516 jumentis
2358 2447 2602 2518 similes,
2647 2450 2972 2520 probrosos,
3005 2454 3265 2521 serviles,
3297 2454 3691 2527 desperabun-

2050 2536 2178 2603 dos,
2200 2544 2522 2605 enervatus,
2547 2542 2772 2594 reterns:
2798 2543 2999 2597 mortis
3022 2558 3147 2599 reos
3167 2544 3195 2597 ?
3223 2544 3423 2615 itaque
3445 2545 3692 2602 fascinat

2052 2639 2085 2679 a
2116 2630 2309 2680 mente
2340 2625 2623 2695 alienans,
2673 2632 3026 2701 pervertens,
3076 2647 3191 2686 non
3244 2631 3304 2687 id
3358 2648 3550 2688 revera
3580 2634 3695 2689 exi-

2053 2720 2211 2767 stens
2259 2714 2411 2784 quod
2458 2732 2575 2787 prae
2619 2732 2681 2772 se
2755 2717 2867 2773 fert
2929 2720 3360 2792 praestigiatrix,
3414 2728 3691 2793 tanquam

2054 2815 2481 2873 energumenos
2512 2822 2545 2860 a
2575 2805 2834 2863 daemone
2857 2814 3168 2879 correptos,
3197 2808 3298 2882 qui
3325 2810 3377 2865 id
3405 2812 3557 2883 quod
3590 2829 3693 2883 pa-

2054 2894 2303 2953 tiuntur,
2337 2894 2685 2965 priusquam
2724 2896 2795 2951 ad
2845 2913 2909 2953 se
2938 2898 3175 2954 redeant
3205 2916 3317 2954 non
3350 2905 3693 2972 agnoscunt.

2055 2980 2373 3037 Videamus
2404 2999 2562 3054 ergo,
2605 2984 2819 3052 dilecti,
2872 3002 3138 3058 quaenam
3190 2993 3330 3044 sunt
3378 2989 3696 3046 diversoria

2058 3075 2279 3136 nostra,
2308 3070 2405 3127 ubi
2435 3077 2492 3126 et
2521 3072 2868 3143 quibuscum
2912 3076 3192 3132 habitatio
3222 3081 3280 3131 et
3311 3078 3696 3134 consuetudo.

2060 3158 2222 3223 Quod
2254 3158 2302 3214 si
2336 3160 2479 3231 quid
2519 3161 2598 3216 ibi
2641 3162 2876 3219 noxium
2909 3168 3017 3234 est,
3052 3164 3439 3237 migrandum.
3473 3166 3531 3222 Si
3563 3183 3697 3223 cum

2062 3264 2131 3304 eo
2164 3247 2267 3320 qui
2294 3248 2635 3306 scandalum
2669 3252 2897 3319 afferat,
2934 3253 3399 3311 abscindendum
3433 3270 3447 3309 :
3482 3255 3530 3311 si
3562 3270 3695 3310 cum

2056 3338 2309 3405 nemine,
2372 3339 2780 3396 asciscendum
2833 3358 2848 3398 :
2901 3343 3039 3414 quia
3080 3343 3455 3413 exsecrabile,
3509 3344 3698 3400 solum

2058 3442 2187 3482 esse
2234 3425 2303 3495 9‘,
2344 3429 2601 3496 quandiu
2634 3430 2945 3485 necessitas
2974 3448 3089 3487 non
3131 3432 3301 3505 cogit.
3334 3434 3706 3489 Observanda

2058 3519 2196 3571 sunt
2225 3519 2284 3571 et
2324 3516 2459 3584 alia,
2512 3517 2700 3585 cibus,
2752 3524 2945 3589 potus,
2999 3537 3263 3590 somnus,
3317 3539 3500 3594 opus:
3534 3528 3598 3577 ut
3644 3522 3704 3577 in

2061 3620 2341 3661 mensura
2370 3606 2513 3661 ﬂant
2538 3607 2735 3662 omnia
2769 3624 2898 3679 quae
2954 3612 3180 3682 corpori
3210 3612 3363 3667 vires
3407 3612 3703 3681 praebeant

2061 3700 2123 3748 ut
2156 3699 2351 3765 pareat
2370 3695 2619 3765 etjussa
2643 3696 2832 3765 faciat,
2881 3715 2996 3753 non
3038 3699 3336 3756 efferatum
3372 3700 3613 3756 reddant
3646 3706 3709 3756 ut

2060 3782 2329 3854 insurgat
2357 3792 2410 3839 et
2441 3784 2649 3840 animae
2681 3792 2985 3859 repugnet.
3026 3788 3271 3844 Eculeus
3320 3794 3406 3845 est
3435 3805 3448 3843 :
3482 3788 3532 3844 si
3563 3789 3704 3845 aifa-

2061 3871 2168 3927 tim
2201 3871 2406 3940 alatur,
2451 3873 2700 3939 lascivit,
2731 3890 3119 3948 sessoremque
3145 3876 3408 3933 animum
3444 3882 3701 3949 proster-

2066 3962 2171 4016 nit.
2202 3961 2281 4017 Ex
2310 3963 2484 4017 rebus
2507 3964 2718 4020 nostris
2756 3965 2826 4020 de
2854 3968 3059 4022 vestris
3094 3968 3267 4022 etiam
3301 3969 3703 4022 enuntiamus.

2066 4049 2281 4106 Omnes
2312 4051 2604 4122 siquidem
2636 4053 2899 4109 homines
2938 4053 3105 4109 liberi
3135 4055 3357 4111 arbitrii
3388 4054 3643 4109 habenas
3674 4072 3708 4108 a

2069 4143 2180 4195 Deo
2225 4140 2505 4209 parijure
2552 4147 2898 4211 acceperunt
2955 4158 3086 4198 cum
3120 4159 3353 4199 summa
3392 4148 3704 4213 potestate:

2068 4227 2224 4298 licet,
2255 4228 2449 4284 anima
2478 4234 2537 4284 et
2566 4245 2803 4300 corpore
2844 4230 3002 4286 inter
3032 4248 3094 4287 se
3124 4232 3544 4304 pugnantibus,
3580 4248 3711 4303 per-

2071 4326 2307 4390 petuum
2339 4317 2556 4374 bellum
2596 4318 2691 4374 sit.

2141 4408 2223 4463 De
2252 4407 2363 4463 hoc
2390 4408 2571 4477 igitur
2601 4408 2881 4465 hactenus
2913 4409 3032 4466 haec
3063 4410 3219 4466 dicta
3250 4410 3384 4466 sint.
3429 4411 3572 4478 Quid
3607 4427 3715 4465 cae-ﬁ

2071 4501 2196 4553 tera
2218 4495 2425 4552 deinde
2444 4495 2471 4550 ‘2
2492 4497 2655 4552 Fides
2680 4498 2869 4565 firma,
2888 4498 3301 4569 immutabilis,
3318 4500 3471 4554 sicut
3500 4500 3715 4554 tradidi

314 4595 611 4670 παρέδωκα
670 4596 821 4667 ὑμῖν,
871 4592 960 4648 καὶ
1013 4585 1329 4667 παρέλαϐον
1384 4589 1530 4663 παρά
1578 4594 1685 4643 τῶν
1746 4587 1914 4663 ἁγίων

2074 4587 2253 4651 vobis,
2278 4590 2334 4642 et
2358 4603 2391 4642 a
2422 4587 2639 4642 sanctis
2670 4588 2986 4658 accepi,vel
3023 4590 3213 4659 potius
3243 4590 3315 4644 ab
3348 4605 3462 4643 uno
3485 4588 3717 4658 utrique

325 4684 540 4762 μᾶλλον
591 4682 647 4739 δὲ
694 4684 991 4760 ἀμφότεροι
1043 4682 1131 4759 ἀφ’
1182 4681 1299 4741 ἑνὸς
1348 4679 1436 4736 καὶ
1484 4683 1580 4733 τοῦ
1611 4676 1774 4733 αὐτοῦ
1803 4678 1969 4732 πνεύ-

326 4796 517 4849 ματος.
578 4773 807 4848 Χριστὸς
865 4772 929 4827 οὐ
983 4771 1235 4842 Χριστὸς,
1324 4769 1370 4824 εἰ
1454 4770 1531 4841 μὴ
1618 4766 1968 4842 ἐγγράφοιτο.

320 4868 481 4937 Ἀμα
510 4864 615 4938 γὰρ
675 4862 841 4917 εἰπεῖν
897 4860 1148 4936 Χριστὸν,
1180 4859 1378 4914 ἐννοεῖν
1435 4856 1544 4913 ἔστι
1574 4858 1636 4911 τὸ
1666 4864 1766 4926 τῆς
1793 4877 1976 4929 σωμα-

322 4956 547 5015 τώσεως
590 4952 757 5007 αὐτοῦ
815 4951 1139 5024 μυστήριον.
1199 4947 1271 5003 Οὐ
1331 4948 1435 5022 γὰρ
1495 4947 1556 5000 ἂν
1599 4947 1829 5020 Χριστὸς
1883 4944 1972 5000 λέ-

327 5063 485 5121 γοιτο
539 5041 745 5118 γυμνὸς
796 5040 1051 5112 σώματος
1107 5038 1135 5092 ὁ
1193 5040 1392 5110 Λόγος,
1434 5034 1770 5108 ἐννοῦμενος.
1826 5034 1975 5089 Ἐπεὶ

330 5130 388 5188 δὲ
418 5130 546 5206 σάρξ
580 5131 609 5185 ὁ
656 5130 855 5206 Λόγος,
890 5127 1043 5204 σαρκὶ
1105 5122 1361 5195 δηλονότι
1418 5123 1508 5178 καὶ
1537 5124 1923 5199 περιγράφοιτο
1957 5141 1970 5153 ’

326 5222 418 5278 καὶ
466 5223 549 5292 τῷ
602 5217 835 5293 Χριστὸς
894 5214 1145 5289 ὀνόματι,
1194 5213 1284 5268 καὶ
1352 5213 1414 5267 τὸ
1480 5218 1581 5282 τῆς
1638 5216 1975 5289 περιγραφῆς

329 5309 737 5379 συνεισήνεκται
782 5306 874 5361 καὶ
935 5301 1374 5373 συνεπινενόηται
1439 5299 1665 5374 ἰδίωμα.
1711 5303 1875 5357 Ὥστε
1925 5302 1978 5355 οἱ

332 5401 408 5474 μή
471 5397 723 5473 λέγοντες
793 5393 950 5449 αὐτὸν
1010 5392 1345 5471 γράφεσθαι,
1397 5387 1569 5465 ἤγουν
1630 5389 1981 5460 εἷ’κονίζεσθαι

328 5488 564 5562 ἅσαρκον
610 5484 773 5541 αὐτὸν
832 5477 1305 5555 ὑπολαμϐάνουσι.
1358 5478 1457 5535 Καὶ
1501 5476 1691 5553 πόρῥω
1745 5481 1844 5544 τῆς
1885 5479 1981 5534 αὖ·

331 5577 437 5648 λῆς
490 5578 735 5653 Χριστοῦ
777 5592 792 5607 ⁸
830 5571 927 5628 κ’ἁν
979 5572 1183 5646 Πέτρος
1230 5569 1356 5639 εἶεν,
1407 5565 1533 5637 κᾶν,
1582 5563 1803 5629 Παῦλος
1833 5587 1848 5603 ⁸
1906 5568 1982 5632 ὡς

408 5707 451 5742 οι
486 5702 668 5761 Eccle.
705 5719 779 5771 ιν,
820 5702 908 5758 10.

659 5802 918 5862 Panos.
963 5802 1077 5860 Gn.
1122 5794 1328 5860 XCIX.

2074 4682 2133 4733 et
2162 4675 2364 4733 eodem
2399 4676 2631 4747 spiritu.
2678 4676 2941 4731 Christus
2981 4679 3106 4746 jam
3151 4678 3414 4733 Christus
3463 4694 3578 4733 non
3610 4683 3714 4738 est.

2081 4767 2191 4823 nisi
2224 4765 2381 4838 pingi
2411 4770 2613 4835 potest.
2638 4765 2995 4821 Simulenim
3029 4783 3095 4822 ac
3126 4767 3420 4823 Christum
3444 4766 3719 4833 dicimus,

2081 4871 2319 4912 necesse
2341 4859 2426 4909 est
2445 4854 2922 4927 incorporationis
2935 4856 3061 4925 ejus
3085 4857 3424 4927 mysterium
3449 4855 3716 4926 intelligi.

2083 4946 2279 5015 Neque
2297 4945 2450 5000 enim
2475 4943 2742 4999 Christus
2756 4943 3002 5014 dicatur,
3028 4961 3160 5000 cum
3184 4946 3404 5001 nudum
3430 4961 3462 4999 a
3484 4960 3723 5016 corpore

2085 5035 2335 5090 Verbum
2362 5032 2712 5105 agnoscitur.
2763 5033 3075 5105 Postquam
3116 5039 3309 5089 autem
3340 5034 3518 5089 Verbo
3551 5049 3720 5099 caro;

2086 5129 2144 5180 et
2172 5139 2345 5180 carne
2375 5124 2569 5194 utique
2614 5121 3154 5179 circumscribitur:
3194 5128 3251 5179 et
3292 5124 3413 5193 jam
3459 5122 3726 5178 Christus

2087 5212 2467 5284 appellatione
2494 5216 2603 5281 est,
2655 5217 2712 5267 et
2741 5211 3296 5283 circumscriptionis
3346 5210 3517 5266 simul
3552 5210 3726 5266 indu-

2089 5301 2241 5357 citur
2283 5299 2744 5373 intelligiturque
2794 5300 3136 5371 proprietas.
3192 5300 3579 5365 Quamobrem
3631 5297 3727 5368 qui

2087 5389 2284 5460 ipsum
2311 5388 2562 5444 describi
2594 5392 2829 5456 negant,
2880 5387 2986 5444 hoc
3049 5404 3131 5453 es,
3192 5386 3502 5455 delineari;
3537 5384 3729 5441 carnis

2089 5479 2281 5550 ipsum
2310 5482 2601 5550 expertem
2654 5477 2886 5534 facient.
2923 5477 3032 5533 Sed
3087 5477 3256 5548 longe
3302 5474 3388 5529 illi
3437 5491 3472 5531 a
3516 5472 3732 5530 Christi

2090 5567 2385 5641 grege,vel
2408 5566 2458 5624 si
2483 5568 2686 5626 Petrus
2711 5566 2983 5625 fueritvel
3013 5566 3227 5625 Paulus
3266 5567 3329 5621 ut
3367 5563 3571 5621 Petrus
3610 5564 3734 5634 ipse

3343 5789 3422 5856 39
