4062 6280
476 307 628 370 1227

1711 304 1776 363 S.
1822 300 2216 363 THEODORI
2260 298 2624 366 STUDITIE

3705 319 3840 390 υἷε

467 447 524 498 et
555 441 769 497 Paulus
795 438 1160 496 denuntiavit
1187 436 1257 493 ad
1288 437 1655 492 securitatem
1679 442 1959 492 nostram.
1977 436 2099 495 Non

2219 434 2378 498 αὐτὸς
2437 439 2640 510 Πέτρος
2700 441 2787 496 καὶ
2842 443 3055 509 Παῦλος
3109 446 3352 525 ἀπέφηνε
3388 451 3524 526 πρὸς
3566 451 3837 525 ἀσφάλειαν

467 530 618 602 quod
642 527 853 599 aliquis
877 524 1291 599 apostolorum,
1310 535 1403 580 aut
1428 530 1764 580 sanctorum
1782 526 1880 595 qui
1905 524 2114 580 deinde

467 623 607 674 sunt
666 617 985 683 subsecuti,
1063 615 1465 671 circumscribi
1517 631 1756 686 corpore
1821 613 2112 670 Christum

468 707 713 776 negarit,
748 705 1239 777 quemadmodum
1263 703 1430 776 impii
1464 703 1797 759 adulterina
1819 705 2112 776 proferen-

465 804 552 856 tes
586 800 786 855 aiunt:
820 799 965 854 absit
1001 798 1012 851 l
1041 797 1338 853 Sinceram
1390 797 1541 853 hanc
1571 801 1880 852 teneamus
1913 796 2110 862 ﬁdem,

465 907 497 946 ο
529 890 770 947 fratres:
814 889 1104 961 egregiam
1146 888 1296 943 hanc
1346 888 1771 944 confessionem
1816 893 2107 952 tueamur,

464 980 687 1037 nullam
723 981 779 1036 in
813 989 1032 1054 partem
1078 977 1457 1034 declinantes.
1491 979 1787 1035 Christum
1821 980 2111 1052 abnegant

464 1071 565 1142 qui
595 1086 765 1126 secus
797 1071 1094 1125 sentiunt:
1127 1069 1227 1140 qui
1261 1067 1318 1122 id
1373 1069 1712 1135 defendunt,
1735 1068 1948 1125 Christi
1974 1073 2110 1124 sunt

465 1165 768 1234 martyres,
801 1175 934 1215 cum
958 1158 1366 1230 quadraginta,
1390 1174 1518 1213 cum
1550 1158 1712 1214 omni
1756 1157 2106 1214 athletarum

463 1249 564 1321 qui
613 1264 870 1320 unquam
934 1248 1168 1302 fuerunt
1215 1252 1365 1302 ccetu
1429 1247 1727 1312 censendi,
1795 1247 1986 1312 Quid?
2037 1264 2108 1304 ne

462 1339 828 1394 comederent
851 1353 1053 1393 carnes
1076 1335 1305 1406 suillas,
1323 1338 1476 1408 quod
1492 1353 1559 1392 ea
1574 1341 1922 1407 tempestate
1944 1339 2108 1394 nefas

459 1432 603 1498 erat,
638 1432 914 1498 martyres
965 1427 1194 1482 fuerunt
1235 1425 1584 1482 Machabmi:
1617 1432 1673 1481 et
1701 1431 1763 1481 tu
1799 1442 2107 1497 perpessus

454 1535 523 1574 eo
545 1519 696 1590 quod
722 1533 928 1587 negare
951 1517 1102 1572 nolis
1127 1516 1416 1572 Christum
1436 1516 1968 1586 circumscriptum,
1992 1533 2106 1572 non

456 1613 679 1678 martyr
703 1607 1032 1663 censeberis
1051 1607 1079 1662 ?
1106 1606 1357 1662 Joannes
1380 1623 1702 1676 praecursor
1726 1607 1799 1662 ob
1825 1607 2110 1665 defensio-

454 1713 586 1754 nem
645 1697 906 1754 veritatis
955 1696 1232 1752 adversus
1316 1694 1602 1754 Herodem
1694 1695 2105 1768 interemptus,

2221 525 2506 602 ἡμετέραν.
2548 528 2670 608 Ούχ
2729 529 2812 586 ὅτι
2856 553 2940 596 τις
2992 540 3102 592 τῶν
3157 525 3477 596 ἀποστόλων
3531 543 3565 610 ἢ
3599 547 3702 599 τῶν
3733 545 3834 616 μετ’

2223 616 2416 682 αὐτοὺς
2481 619 2672 695 ἁγίων,
2732 621 2916 695 εἷ’ρηκε
2977 625 3054 696 μή
3113 629 3586 707 περιγραφόμενον
3651 632 3840 705 σώματι

2222 708 2476 782 Χριστὸν,
2527 707 2733 785 ἅπαγεί
2795 711 2869 772 ὡς
2938 713 2988 767 οἱ
3049 711 3324 778 δυσσεϐεῖς
3369 719 3436 773 τὰ
3488 721 3614 773 νόθα
3657 722 3844 800 προφέ.

2224 817 2406 870 ροντες
2471 795 2719 871 λέγουσῖ.
2779 799 2989 872 Ταύτην
3048 804 3146 872 τὴν
3207 804 3476 882 εἰλικρινῆ
3521 808 3696 866 πίστιν
3723 795 3843 864 κατ-

2218 885 2455 961 ἔχωμεν³
2499 886 2544 939 ὦ
2602 885 2830 963 ἀδελφοί
2881 909 2894 924 ’
2951 889 3116 962 τήνδε
3170 895 3269 964 τήν
3323 895 3502 966 καλὴν
3560 899 3842 973 ὁμολογίαν

2219 974 2610 1052 ὁμολογῶμεν,
2675 975 2801 1051 μηδ’
2874 979 3020 1047 ὅλως
3088 986 3552 1062 παραφερόμενοι.
3612 987 3842 1062 Ἀρνησί-

2216 1082 2437 1139 χριστοι
2499 1068 2550 1120 οἱ
2610 1069 2685 1140 μή
2747 1070 2922 1131 οὕτως
2979 1065 3200 1145 ἔχοντες
3234 1092 3249 1107 ·
3298 1076 3763 1152 Χριστομάρτυρες
3800 1078 3844 1131 o't

2219 1153 2578 1228 ἐνιστάμενον
2615 1157 2753 1230 μετὰ
2801 1161 2909 1214 τῶν
2969 1161 3389 1237 τεσσαράκοντα,
3451 1165 3584 1237 μετὰ
3631 1172 3724 1233 τῆς
3767 1165 3844 1219 ἀπ’

2218 1243 2415 1306 αἰῶνος
2472 1244 2776 1315 ἀθλητικῆς
2836 1248 3183 1323 ὁμηγύρεως.
3247 1252 3363 1308 0ύᾶ
3422 1274 3436 1292 ο
3485 1254 3620 1328 ὑπὲρ
3657 1257 3750 1309 τοῦ
3779 1256 3842 1324 μή

2216 1332 2612 1409 ἀπογεύσασθαι
2674 1334 2829 1390 ὑείων
2889 1341 3061 1410 κρεῶν
3128 1340 3190 1394 τὸ
3269 1347 3565 1411 τηνικαῦτα
3639 1343 3846 1417 παρανό-

2218 1443 2334 1493 μως
2382 1423 2510 1484 τοὺς
2566 1418 2950 1488 Μακκαϐαίους
3030 1427 3326 1503 μαρτύριον
3379 1448 3394 1463 ⁶
3457 1431 3547 1486 καὶ
3618 1431 3678 1486 σὺ
3731 1431 3844 1504 ὑπὲρ

2212 1514 2310 1564 τόῦ
2360 1513 2435 1585 μὴ
2486 1512 2816 1587 ἀρνήσασθαι
2867 1517 3104 1589 Χριστὸν
3153 1516 3604 1594 ἐγγεγραμμένον
3653 1520 3844 1580 πανθά-

2214 1622 2344 1671 νων,
2387 1601 2448 1656 ού
2500 1604 2705 1678 μάρτυς
2741 1623 2757 1676 ;
2807 1606 3059 1676 Ἰωάννης
3100 1609 3128 1662 ὁ
3175 1606 3500 1683 Πρόδρομός
3547 1611 3676 1686 ὑπὲρ
3705 1611 3841 1685 ἐλεγ-

2217 1695 2322 1765 μοῦ
2359 1689 2619 1763 ἀληθείας
2647 1695 2749 1764 τῆς
2798 1696 2934 1771 πρὸς
2981 1695 3234 1772 Ἡρώδην
3279 1702 3690 1773 τυμπανισθεὶς,
3724 1714 3845 1776 μαρο

455 1793 782 1859 martyrum
841 1791 1253 1841 ornamentum
1297 1785 1444 1840 fuit:
1473 1802 1576 1841 nec
1616 1785 1732 1841 eris
1773 1789 1835 1840 tu
1875 1785 1934 1841 in
1967 1786 2098 1842 albo

2213 1781 2386 1856 τύρων
2432 1779 2728 1856 διάκοσμος
2760 1804 2775 1816 ο
2824 1785 2914 1847 καὶ
2964 1788 3025 1841 σὺ
3074 1788 3180 1843 οὐκ
3231 1789 3282 1843 ἐν
3328 1791 3561 1866 μάρτυσι
3618 1793 3840 1862 θνήσκων

453 1882 778 1949 martyrum
811 1891 912 1948 pro
945 1875 1172 1932 Christo
1224 1875 1479 1932 moriens
1509 1876 1536 1930 ?
1569 1877 1728 1931 Nemo
1758 1892 1846 1931 vos
1878 1876 2099 1936 reducat

453 1969 719 2024 inanibus
747 1967 966 2023 verbis:
997 1970 1216 2038 propter
1267 1981 1391 2037 quas
1434 1968 1582 2021 venit
1611 1966 1700 2022 ira
1748 1968 1847 2022 Dei
1874 1967 1933 2021 in
1964 1968 2104 2038 ﬁlios

461 2058 788 2130 difﬁdentiae
819 2056 886 2112 θ’.

529 2146 846 2219 Legitimos
871 2150 1084 2218 martyr
1115 2149 1204 2201 est
1227 2145 1326 2218 qui
1349 2145 1695 2201 conﬁtetur:
1729 2150 1786 2202 et
1816 2162 1881 2202 eo
1918 2145 2104 2215 magis

463 2251 575 2307 quo
608 2236 876 2308 pluribus
906 2239 1148 2292 vexatur
1178 2234 1364 2290 malis.
1394 2233 1628 2292 Minime
1676 2251 1776 2291 vos
1801 2235 2104 2291 conturbet

460 2327 688 2382 duratio
719 2325 1179 2398 persecutionis:
1214 2324 1366 2379 haud
1425 2324 1638 2379 multos
1679 2341 1865 2381 annos
1912 2333 2101 2394 pertu-

455 2416 657 2482 limus,
690 2424 750 2469 ut
779 2415 1004 2486 antiqui
1036 2414 1174 2470 olim
1219 2414 1602 2470 confessores.
1634 2413 1926 2470 Nomdum
1961 2429 2097 2470 exa-

455 2503 656 2560 minati
681 2503 896 2558 fuimus
945 2502 1191 2573 ligitimo
1225 2505 1358 2574 igne
1380 2501 1801 2573 probatissimae
1833 2503 2104 2560 tentatio-

453 2593 592 2650 uis:
631 2591 820 2646 adhuc
865 2590 1183 2646 admistum
1233 2597 1322 2646 est
1364 2591 1692 2661 plumbum,
1735 2591 1924 2648 adhuc
1958 2608 2104 2662 ruga

455 2681 765 2756 peccatrix.
795 2681 880 2736 Tu
916 2681 1049 2752 quis
1079 2697 1139 2736 es
1162 2680 1259 2750 qui
1283 2680 2102 2750 incomprehensorum,judi-

453 2771 681 2829 ciorum
714 2769 1004 2842 profunda
1071 2767 1393 2825 scruteris?
1438 2769 1572 2837 Quae
1613 2770 1720 2825 tibi
1779 2773 2102 2842 praescripta

451 2867 582 2918 sunt
612 2862 713 2918 illa
746 2863 927 2932 cogita
966 2859 1032 2915 93.
1074 2859 1318 2916 Abrahae
1372 2876 1570 2916 semen
1625 2859 1794 2929 illud,
1841 2860 1932 2916 cui
1975 2877 2076 2932 pro

455 2951 654 3022 missa,
701 2950 802 3006 Dei
849 2949 1272 3015 benedictione,
1318 2954 1484 3005 terrae
1531 2953 1750 3005 sanctae
1798 2949 2101 3006 haereditas

457 3041 660 3105 fuerat,
720 3039 1161 3110 quadringentis
1231 3037 1471 3108 triginta
1545 3037 1716 3094 annis
1778 3038 2099 3101 Pharaonis

457 3149 632 3188 manu
683 3130 1007 3187 servitutem
1061 3129 1268 3185 servire
1329 3131 1484 3185 Deus
1553 3129 1840 3200 permisit.
1883 3129 2095 3184 Christi

455 3221 708 3277 Ecclesia
761 3220 832 3277 ab
883 3219 1277 3291 apostolorum
1329 3219 1737 3290 praedicatione
1793 3234 1980 3290 usque
2025 3220 2094 3274 ad

452 3312 915 3374 Constantinum,
958 3311 1212 3382 primum
1255 3309 1712 3365 Christianorum
1758 3326 1973 3381 regem,
2004 3325 2098 3364 su-

453 3418 558 3473 pra
587 3417 771 3457 annos
803 3401 1087 3456 ducentos
1117 3416 1290 3471 passa
1319 3403 1407 3455 est
1445 3400 1788 3456 frementem
1829 3415 2095 3470 persecu-

451 3491 697 3546 tionem.
723 3489 831 3554 Qui
849 3489 1034 3545 secuti
1056 3499 1215 3556 sunt,
1239 3489 1540 3545 remissam
1564 3488 1820 3560 quidem,
1841 3494 2094 3546 attamen

451 3579 874 3636 diuturniorem
908 3577 1062 3650 passi
1108 3583 1282 3634 sunt:
1317 3587 1696 3650 praeterquam
1728 3577 1836 3634 sub
1866 3577 2094 3635 Juliano

453 3673 738 3741 apostata.
773 3668 979 3723 Paulus
1011 3683 1258 3739 magnus
1285 3668 1455 3728 annis
1485 3668 1746 3738 quinque
1774 3671 1829 3722 et
1858 3667 2097 3738 triginta

442 3757 908 3828 persecutionem
963 3757 1217 3828 pertulit,
1263 3757 1519 3828 quotidie
1551 3757 1805 3812 moriens
1835 3756 1879 3792 ⁸⁵
1905 3773 1919 3811 :
1947 3761 2002 3811 et
2032 3763 2094 3812 tu

447 3846 711 3918 quinque
732 3862 1018 3902 annorum
1051 3846 1238 3914 spatio
1275 3846 1518 3917 langues
1540 3845 1567 3899 ἱ)
1594 3846 1861 3901 Clemens
1893 3845 2096 3901 multo-

443 3951 570 3992 rum
602 3935 987 3991 certaminum
1036 3935 1121 3990 vir
1191 3934 1249 3990 in
1311 3943 1586 4006 perpetuo
1658 3935 1931 4006 martyrio
1990 3934 2098 3989 fuit

441 4025 651 4096 viginti
709 4029 838 4081 octo
889 4027 1060 4080 annis
1083 4041 1096 4078 :
1122 4029 1178 4080 et
1213 4032 1270 4078 tu
1311 4026 1467 4079 intra
1500 4040 1714 4095 paucos
1744 4024 1947 4080 deﬁcis
1970 4025 1998 4079 ‘I
2025 4028 2098 4082 Et

446 4114 602 4184 quod
634 4114 778 4170 mihi
808 4124 1033 4184 tempus
1065 4114 1211 4169 satis
1243 4113 1318 4169 sit
1343 4114 1413 4169 ad
1437 4113 1585 4169 alios
1619 4120 1901 4186 martyres
1941 4133 2096 4172 com-

442 4204 849 4259 memorandos
887 4203 914 4257 ?
955 4203 1079 4258 Non
1150 4202 1362 4258 audisti
1419 4203 1816 4259 suiferentiam
1877 4205 1984 4261 Job
2017 4206 2100 4261 “‘1

441 4291 643 4348 Nonne
706 4293 876 4347 annis
928 4292 1260 4362 quindecim
1315 4301 1369 4345 et
1423 4291 1678 4360 amplius
1720 4293 1911 4350 ulcere
1939 4296 2097 4364 gravi

441 4393 676 4437 vexatus
705 4390 811 4447 est,
849 4385 1052 4451 praeter
1092 4380 1238 4436 alios
1287 4381 1388 4451 qui
1421 4382 1629 4448 adjecti
1662 4382 1895 4438 fuerunt
1926 4383 2098 4454 lugu-

441 4471 575 4525 bres
604 4469 820 4524 casus?
850 4471 1034 4540 Atque
1066 4468 1170 4524 hoc
1231 4485 1362 4525 cum
1406 4469 1627 4527 nullius
1683 4471 1795 4527 sibi
1843 4472 1976 4527 mali
2012 4474 2094 4529 fa-

2214 1870 2347 1948 ὑπέρ
2378 1876 2652 1947 Χριστοῦς
2688 1893 2701 1943 ;
2735 1873 2984 1945 Μηδεὶς
3017 1878 3182 1952 ὑμᾶς
3213 1877 3602 1950 ἐξαπατάτω
3640 1886 3844 1942 κενοῖς

2213 1960 2463 2036 λόγοις
2495 1981 2510 1994 ·
2544 1960 2635 2017 δι’
2663 1964 2776 2026 οὖς
2805 1961 3083 2043 ἔρχεται
3113 1969 3149 2038 ἡ
3184 1967 3354 2046 ὀργὴ
3398 1974 3513 2025 τοῦ
3555 1975 3714 2026 Θεοῦ
3751 1969 3844 2026 ἐπὶ

2209 2050 2362 2112 τοὺς
2391 2050 2586 2114 υἱοὺς
2621 2055 2738 2122 τῆς
2766 2053 3138 2119 ἀπειθείας.

2282 2140 2500 2214 Μάρτυς
2556 2142 2972 2217 ἆπαράγραπτος
3023 2143 3318 2220 ὁμολογῶν
3375 2164 3390 2179 ⁶
3453 2148 3544 2203 καὶ
3582 2153 3838 2210 τοσοῦτον.

2210 2224 2292 2304 ἔφ’
2324 2226 2454 2283 ὅσον
2485 2230 2577 2284 καὶ
2615 2228 2900 2301 πλεονάζει
2938 2237 3060 2295 τοῖς
3090 2237 3399 2308 παθήμασι.
3433 2238 3527 2306 Μὴ
3592 2235 3841 2292 σαλευὲτω

2213 2318 2349 2389 ὑμᾶς
2380 2320 2414 2386 ἡ
2447 2317 2799 2394 ἐπικράτησις
2838 2325 2935 2376 τοῦ
2990 2320 3237 2397 διωγμοῦ
3268 2343 3284 2366 ν
3345 2321 3498 2380 οὔπω
3556 2324 3841 2396 inclami-

2212 2425 2375 2477 σαμεν
2431 2409 2566 2462 κατά
2623 2409 2750 2471 τοὺς
2808 2405 3190 2484 προλαϐόντας
3247 2410 3608 2488 ὁμολογητάς
3643 2432 3658 2445 '
3711 2410 3842 2468 οὔπω

2210 2493 2572 2569 ἰπυρώθημεν
2622 2503 2701 2568 τῷ
2749 2496 2960 2574 διαρκεῖ
3008 2502 3130 2576 περὶ
3183 2507 3282 2566 τῆς
3322 2500 3709 2574 δοκιμωτάτης
3739 2503 3842 2558 πεί-

2211 2604 2304 2659 ρας
2331 2602 2344 2615 ·
2398 2583 2475 2640 ἔτι
2525 2584 2796 2660 μόλιϐδος
2844 2587 3089 2664 ἐμμιγής
3121 2608 3134 2622 ⁸
3189 2589 3267 2646 ἔτι
3301 2591 3452 2668 ῥυτὶς
3482 2592 3838 2668 ἀμαρτητική.

2211 2675 2285 2729 Σὺ
2323 2676 2406 2737 τίς
2440 2676 2489 2730 εἷ’
2519 2678 2546 2732 ὁ
2577 2673 2921 2750 ἐμϐαττεύων
2951 2680 3002 2734 ἐν
3051 2686 3173 2743 τοῖς
3220 2686 3327 2736 τῶν
3378 2682 3707 2757 ἀθεωρήτων
3743 2702 3840 2756 κρι-

2213 2764 2394 2837 μάτων
2430 2767 2644 2838 βάθεσιν
2681 2774 2799 2836 ;““Α
2856 2771 3235 2845 προσετάγη
3288 2791 3414 2841 σοι,
3471 2776 3678 2832 ταῦτα
3722 2769 3840 2826 δια-

2207 2858 2383 2908 νοοῦ.
2442 2855 2511 2909 Τὸ
2569 2854 2897 2932 ἐπαγγελθέν
2964 2857 3198 2933 σπέρμα,
3275 2857 3326 2912 ἐν
3404 2858 3633 2935 εὐλογίᾳ
3701 2862 3838 2928 Θεοὸ,

2209 2939 2461 3015 Ἀϐραὰμ
2515 2941 2882 3019 κληρονομεῖν
2936 2947 3035 3014 τὴν
3112 2946 3266 3020 ἁγίαν
3337 2954 3460 3022 γῆν,
3537 2949 3839 3023 τετρακόσια

2207 3032 2505 3104 τριάκοντα
2534 3033 2636 3088 ὑπὸ
2665 3034 2825 3108 χεῖρα
2877 3041 3080 3110 Φαραὼ
3128 3033 3622 3106 προδεδουλῶσθαι
3651 3036 3839 3110 ᾠκονό-

2211 3141 2352 3194 μησε
2378 3121 2528 3182 Θεός.
2563 3127 2618 3176 Ὁ
2668 3126 3085 3198 Χριστιανισμὸς
3135 3125 3226 3186 ἀπ’
3257 3126 3436 3200 ἀρχῆς
3495 3132 3597 3182 τοῦ
3652 3127 3840 3202 κηρύγ-

2212 3230 2379 3284 ματος
2425 3214 2532 3265 τῶν
2588 3212 2910 3270 ἀποστόλων
2967 3214 3099 3288 ὑπὲρ
3159 3216 3223 3270 τὸ
3280 3211 3659 3272 διακοσιοστὸν
3713 3215 3839 3283 ἔτος,

2210 3299 2379 3374 μέχρι
2406 3304 2504 3354 τοῦ
2536 3301 2942 3358 Κωνσταντίνου
2986 3307 3084 3365 τοῦ
3113 3309 3334 3375 πρώτου
3394 3305 3674 3367 Βασιλέως
3713 3309 3838 3380 Χρι-

2206 3396 2455 3460 στιανῶν,
2503 3390 2554 3445 ἐν
2605 3388 2832 3466 διωγμῷ
2887 3392 3168 3468 βρέμοντι.
3217 3395 3285 3452 Οἱ
3337 3395 3650 3467 μετέπειτα,
3698 3395 3836 3472 ὑφει-

2208 3483 2383 3552 μένως
2436 3482 2555 3554 μὲν,
2612 3481 2764 3554 ὅμως
2821 3484 3263 3557 μακροετίζοντες
3316 3501 3330 3518 '
3384 3483 3552 3557 πάρεξ
3587 3489 3682 3540 τοῦ
3718 3482 3838 3538 κατὰ

2206 3567 2504 3626 Ἰουλιανὸν
2533 3573 2624 3626 τὸν
2678 3571 3012 3640 ἀποστάτην.
3045 3571 3262 3635 Παῦλος
3318 3571 3346 3626 ὁ
3394 3573 3566 3647 μέγας
3614 3592 3838 3648 τριακον-

2203 3663 2429 3716 ταπέντε
2483 3658 2622 3717 ἔτεσι
2683 3660 3040 3737 διωκόμενος,
3091 3663 3181 3718 καὶ
3239 3664 3555 3738 καθημὲραν
3616 3663 3836 3732 ἀποθνή-

2205 3771 2348 3806 σκων
2381 3768 2396 3781 ·
2448 3752 2536 3806 καὶ
2587 3753 2649 3806 σὺ
2700 3750 2752 3808 ἒν
2802 3755 2962 3810 πέντε
2993 3750 3218 3828 χρόνοις
3249 3755 3533 3825 ἠτονηκώς
3569 3775 3584 3825 ;
3618 3753 3836 3827 Κλήμης

2206 3842 2234 3895 ὁ
2295 3840 2614 3905 πολύαθλος
2675 3843 2996 3900 εἰκοσιοκτὼ
3049 3839 3190 3899 ἔτεσι
3251 3848 3540 3918 μαρτυρῶν
3590 3864 3606 3879 ⁸
3656 3845 3742 3900 καὶ
3783 3845 3835 3896 ὠ

2207 3931 2444 4006 ἀχανιᾶιν
2488 3932 2538 3986 ἐν
2589 3935 2820 4009 βραχέσι
2853 3955 2867 4004 ;
2922 3933 3037 3989 Ποῦ
3073 3954 3167 4008 μοι
3216 3935 3406 4008 καιρὸς
3437 3934 3504 3988 τὰ
3533 3937 3641 3989 τῶν
3670 3930 3836 3988 ἄλλων

2211 4022 2496 4095 μαρτύρων
2529 4021 2706 4096 λέγων
2739 4042 2752 4092 ;
2785 4022 2895 4078 Οὐκ
2932 4024 3169 4092 ἤκουσας
3207 4024 3307 4091 τὴν
3361 4024 3646 4095 ὑπομονήν
3686 4015 3833 4087 Ἰώϐ;

2209 4108 2349 4189 Οὒχὶ
2395 4110 2775 4167 πεντεκαίδεκα
2832 4109 3011 4183 ἕτη,ἢ
3071 4114 3159 4167 καὶ
3212 4113 3371 4186 πρὸς,
3428 4109 3581 4169 ἓλκιι
3627 4112 3834 4184 πονήρῳ

2208 4195 2551 4269 ἐϐασανίζετο
2585 4219 2600 4234 ο
2659 4203 2794 4274 πρὸς
2852 4209 2967 4263 τοῖς
3034 4199 3400 4276 ἐπενεχθεῖσιν
3458 4201 3608 4274 αὐτῷ
3659 4198 3835 4258 ἄλλοις

2206 4286 2606 4363 τραγῳδήμασι
2641 4307 2655 4358 ;
2697 4290 2784 4344 καὶ
2827 4293 2991 4345 ταῦτα
3044 4290 3108 4344 οὕ
3160 4287 3416 4352 συνειδώς
3464 4310 3519 4344 τι
3577 4284 3832 4364 πεπραχέ·

2207 4399 2294 4433 ναι
2323 4383 2429 4434 τῶν
2464 4381 2761 4453 ἄριστερῶν
2797 4399 2811 4413 ο
2844 4377 3055 4452 μᾶλλον
3089 4378 3183 4452 μὶν
3217 4377 3306 4433 οὖν
3338 4399 3402 4453 γε
3430 4377 3522 4432 καὶ
3571 4383 3677 4434 τῶν
3726 4374 3832 4431 λίαν

2209 4465 2418 4538 δεξιῶν.
2469 4467 2648 4525 Ἀλλὰ
2693 4469 2746 4522 τί
2791 4466 2938 4541 αὓτῷ
2982 4470 3009 4523 ὁ
3061 4467 3502 4543 χρηματισμός;
3549 4491 3577 4521 ‹‹
3627 4470 3737 4523 Ἵνα
3764 4462 3832 4518 δὶ-

440 4558 654 4615 cinoris
699 4559 972 4614 conscius
1020 4564 1197 4623 esset.
1238 4559 1381 4631 quin
1448 4562 1641 4631 potius
1710 4561 2094 4620 laudabilium

2213 4579 2377 4628 καιος,
2432 4558 2618 4632 φησὶν,
2664 4557 2965 4637 ἀναφανῇς.
3016 4580 3043 4609 η
3097 4556 3253 4613 Οὕτω
3301 4557 3392 4612 καὶ
3444 4561 3533 4612 νῦν
3565 4554 3833 4623 κοσκινίζει

440 4647 1031 4720 quamplurimorum.
1084 4648 1235 4713 Quid
1285 4655 1480 4707 autem
1530 4651 1582 4706 ei
1615 4653 1927 4723 respondet
1959 4671 2092 4709 ora-

437 4738 634 4792 culum
656 4737 683 4792 ?
706 4759 734 4787 ‹‹
763 4735 1296 4809 Utjustus,inquit,
1316 4755 1595 4809 appareas
1614 4740 1680 4795 ⁸⁵.
1707 4763 1736 4791 ››
1756 4741 1838 4797 lta
1857 4747 1913 4798 et
1934 4759 2090 4798 nunc

2203 4652 2238 4719 ἠ
2272 4648 2508 4722 Πρόνοια
2537 4646 2703 4703 οἱονεὶ
2741 4647 2869 4711 τοὺς
2905 4647 3171 4723 παρόντας
3224 4666 3238 4679 ’
3267 4645 3362 4702 ’ίνα
3412 4647 3477 4703 τὰ
3529 4649 3732 4717 ζιζάνια
3766 4639 3830 4698 ἔτι

2199 4741 2397 4816 ἒκριφῇ
2432 4756 2445 4769 ·
2475 4735 2570 4792 ’ἕνα
2601 4738 2629 4792 ὁ
2661 4742 2809 4799 σῖτος
2840 4735 3168 4811 ἐναπομείνῃ
3199 4736 3456 4813 καθαρός.

438 4827 654 4882 cribrat
711 4828 1147 4898 quodammodo
1197 4827 1568 4886 Providentia
1621 4830 1889 4888 homines
1936 4833 2115 4903 hujus
2158 4830 2458 4902 temporis,
2511 4833 2576 4884 ut
2627 4845 2753 4900 quae
2796 4829 2998 4885 insunt
3038 4829 3261 4885 zizania
3320 4829 3519 4898 ejiciat
3562 4845 3576 4883 :
3627 4831 3693 4883 ut
3734 4827 3831 4881 tru-

437 4920 700 4971 mentum
727 4932 934 4986 purum
971 4923 1222 4974 maneat.

512 5005 638 5062 Non
671 5006 839 5062 audis
871 5008 1013 5078 quid
1069 5008 1336 5064 Jeremim
1378 5009 1586 5065 dicat?
1632 5013 1853 5082 Depone
1888 5027 1980 5068 eos
2026 5013 2086 5066 in

447 5094 864 5169 conﬂatorium,
897 5098 1020 5152 vide
1059 5099 1111 5153 si
1148 5099 1442 5169 probatum
1489 5105 1567 5154 est
1621 5100 1764 5156 sicut
1814 5116 1912 5169 ego
1960 5117 2090 5171 pro-

443 5185 604 5241 batus
633 5203 754 5242 sum
799 5202 897 5258 pro
939 5187 1016 5243 eis
1046 5185 1112 5242 9".
1165 5187 1445 5242 Feramus
1513 5187 1722 5255 adhuc,
1787 5205 1819 5242 ο
1869 5188 2092 5244 strenui

437 5275 652 5331 milites
709 5275 942 5331 Christi.
995 5277 1114 5332 Dies
1159 5277 1303 5332 sicut
1349 5276 1564 5332 umbra
1603 5282 1940 5345 praetereunt
1996 5277 2090 5334 98:

437 5361 709 5434 quamvis
762 5367 1157 5435 persecutores
1214 5377 1448 5419 manere
1507 5361 1859 5420 existiment.
1909 5367 1975 5421 Si
2011 5382 2092 5421 me

430 5453 705 5524 persecuti
750 5459 900 5521 sunt,
957 5450 1172 5523 inquit,
1203 5457 1258 5508 et
1306 5468 1401 5509 vos
1429 5462 1824 5526 persequentur
1847 5471 1868 5511 :
1895 5454 1946 5511 si
1973 5471 2090 5512 ser-

438 5671 489 5705 98
516 5671 670 5727 Psal.
704 5687 890 5733 cum,
918 5673 973 5728 4.

2255 5006 2372 5066 Ούκ
2387 5005 2600 5068 ἀκούεις
2619 5006 2672 5062 τί
2694 5005 2844 5083 λέγει
2865 5003 2944 5079 τῷ
2965 5005 3202 5082 Ἱερεμίᾳ
3226 5025 3242 5076 ;
3266 5005 3392 5062 Κάθ
3407 5026 3466 5068 ες
3488 5003 3726 5065 αὐτοὺς
3750 5000 3829 5060 εἰς

2201 5097 2275 5151 τὸ
2307 5097 2771 5174 χωνευτήριον
2803 5112 2817 5128 ·
2857 5097 2963 5150 καὶ
3007 5092 3237 5169 σκέψαι
3275 5093 3328 5149 εἰ
3371 5091 3680 5164 δοκίμιόν
3706 5088 3828 5146 ἐστι

2199 5186 2414 5247 καθὼς
2440 5183 2564 5260 ἐγὼ
2595 5183 3049 5258 ἐδοκιμάσθην
3082 5183 3246 5258 ὐπὶρ
3276 5181 3471 5255 αὐτῷ.
3513 5179 3827 5254 Ἐνᾶγκωμεν

2199 5269 2301 5346 ἔτι,
2334 5273 2378 5328 ὦ
2408 5280 2644 5350 γενναῖοι
2667 5277 2992 5348 στρατιῶται
3022 5275 3280 5348 Χριστοῦ.
3305 5271 3384 5334 Αἰ
3415 5270 3659 5346 ἡμέραι
3689 5265 3825 5322 ὼσεὶ

2201 5363 2382 5420 σκιαὶ
2413 5364 2789 5442 παράγουσι
2813 5383 2826 5396 ’
2860 5363 2955 5419 χῶ
2989 5364 3042 5418 οἱ
3067 5360 3358 5426 διώκοντες
3389 5358 3658 5434 ἑπιμένειν
3690 5356 3828 5412 οἴων·

2201 5476 2310 5515 ται.
2343 5456 2416 5514 Εἰ
2450 5455 2565 5531 ἐμὶ
2594 5455 2902 5529 ἐδίωξαν,
2933 5457 3089 5537 φησὶ,
3122 5455 3229 5512 καὶ
3263 5456 3434 5530 ὑμᾶς
3465 5450 3826 5523 διώξουσιν.

507 5599 890 5726 Ἐβῗρὶιὲἒῶ,
1057 5598 1102 5635 93
1154 5600 1323 5657 Eccli.
1374 5619 1459 5673 ιιι,
1490 5603 1583 5659 22.
1661 5601 1707 5638 Ἠ
1739 5604 1763 5660 Ι
1792 5609 1916 5664 Cor.
1953 5622 2044 5677 xv,
2099 5608 2186 5662 30.
2265 5607 2308 5643 '5
2357 5606 2480 5665 Jac.
2522 5623 2576 5676 v,
2623 5607 2708 5663 11.
2741 5605 2788 5643 9°
2817 5605 2925 5665 Job
2966 5622 3170 5675 χχχιιι,
3213 5606 3301 5663 32.
3352 5601 3395 5640 '7
3434 5600 3601 5660 Zach.
3633 5615 3706 5668 xi,
3748 5595 3821 5651 i3-
