4062 6280
282 340 308 408 1
321 344 434 415 229

1531 332 2084 405 EPIS'I‘OLARUM
2132 341 2276 403 LIB.
2325 337 2398 404 Il.

3524 328 3682 414 1230

279 479 334 541 εἷ
373 480 480 535 τὸν
525 476 719 555 λόγον
761 498 884 552 μου
923 476 1407 551 ἐτήρησαν,καὶ
1446 478 1553 531 τὸν
1599 477 1919 549 ὑμέτερον

2052 493 2255 532 nonem
2309 494 2491 533 meum
2547 483 2922 546 servaverunt,
2982 484 3032 537 et
3083 489 3327 537 uestrum
3356 485 3670 543 servabunt.

276 571 718 644 τηρήσουσιν⁸
756 564 957 623 Ἀλλά
1012 570 1211 625 ταῦτα
1267 565 1475 621 πάντα
1523 566 1924 635 ποίησουσιν

282 657 435 730 ὑμῖν
485 655 591 713 διὰ
644 657 716 719 τὸ
778 651 988 729 ὄνομά
1049 673 1201 728 μου·
1237 654 1338 710 ὅτι
1384 654 1501 711 οὐκ
1552 653 1771 709 ο⁹ίδασι
1818 658 1924 709 τὸν

278 746 631 820 πέμψαντά
665 766 758 820 με.
793 746 911 803 Ἐπ’
945 743 1200 813 ἀληθείας
1232 746 1336 819 γάρ
1369 744 1467 799 οὐκ
1497 742 1732 815 οἵδασιν,
1756 745 1838 798 ὅτι
1871 748 1928 796 Ὁ

280 837 438 901 Θεὸς
481 834 589 890 καὶ
638 835 858 905 Πατὴρ
904 830 1159 908 ἔπεμψε
1205 834 1315 890 τὸν
1368 834 1527 889 Υἱὸν
1578 832 1780 888 αὐτοῦ
1817 832 1927 887 τὸν

286 932 617 1005 μονογενῆ
661 924 1016 999 γενόμενον
1063 921 1131 979 ἐκ
1178 925 1520 1002 γυναικὸς,
1568 924 1928 997 γενόμενον

282 1015 403 1071 ὑπὸ
439 1015 681 1089 νόμον·
722 1012 833 1068 ’ίνα
878 1013 1035 1078 τοὺς
1086 1016 1207 1070 ὑπὸ
1258 1013 1465 1088 νόμον
1522 1014 1925 1091 ἐξαγοράσῃο

276 1102 373 1161 ’ἱνα
402 1104 501 1173 τὴν
537 1102 863 1177 οἰκουμένην
897 1103 976 1174 τῷ
1019 1100 1143 1176 ἰδίῳ
1191 1107 1363 1179 Πατρὶ
1408 1106 1832 1174 κατακτήσηται.
1863 1109 1929 1159 Ἡ

280 1196 387 1270 γὰρ
419 1194 478 1249 ἂν
509 1194 609 1249 οῦκ
636 1192 697 1249 ἂν
720 1194 986 1269 ἠρνοῦντο
1017 1194 1177 1249 αὐτὸν
1211 1194 1599 1271 ἐγγράφεσθαι·
1632 1192 1812 1251 οὐδεὶς
1827 1194 1929 1267 γὰρ

283 1284 344 1341 ἐκ
374 1284 625 1360 γυναικὸς
652 1303 1014 1358 γεννωμενος,
1047 1284 1436 1355 ἀνεικόνιστος,
1468 1283 1517 1339 εἷ’
1553 1279 1683 1355 μηδ’
1716 1281 1773 1335 ἂν
1826 1282 1930 1336 εἶεν

284 1372 561 1451 ἔκτρωμα.
626 1375 779 1431 Οὕτω
856 1378 1164 1450 τοιγαροῦν,
1221 1371 1472 1449 ἀδελφοὶ,
1528 1371 1934 1447 καταρτίξωμεν

283 1467 525 1531 ἑαυτούς.
561 1467 658 1525 Καὶ
717 1466 864 1522 οὕτω
920 1464 1387 1540 παρακαλούμεθα
1433 1469 1549 1525 τοῖς
1599 1462 1788 1537 λόγοις
1835 1465 1932 1516 τοῦ

283 1565 547 1633 Σωτῆρος
614 1559 769 1629 ἡμῶν
828 1559 1008 1627 Ἰησοῦ
1080 1557 1354 1629 Χριστοῦ⁸
1414 1553 1763 1626 ἀναμένοντες
1835 1553 1935 1621 τὴν

284 1646 668 1704 ἀνταπόδοσιν.
702 1645 863 1703 Ἀλλ’
894 1643 1080 1700 οτίδατε
1113 1648 1228 1707 οἷος
1262 1645 1290 1698 6
1328 1644 1582 1705 Λεόντιος
1607 1660 1622 1675 ·
1659 1640 1933 1716 εὐνούχων

284 1737 459 1813 γένος.
485 1734 548 1791 ού
600 1736 763 1809 μόνον
798 1732 1019 1809 ἄτιμον,
1050 1734 1124 1795 ὥς
1172 1755 1256 1796 τις
1315 1737 1423 1790 τῶν
1477 1732 1749 1809 θεοφόρων
1779 1730 1935 1806 ε’ίρη-

282 1847 397 1897 κεν,
430 1824 575 1881 ἀλλά
603 1825 694 1880 καὶ
722 1823 1146 1899 ἀρνησίχριστον
1172 1842 1186 1857 °
1219 1824 1310 1879 καὶ
1358 1821 1476 1877 οὐδ’
1515 1822 1689 1883 οὕτως
1736 1819 1932 1896 ἀρκού-
1970 1861 2014 1926 Β

536 1912 581 1926 ..
605 1914 620 1926 .
650 1915 662 1926 .
819 1913 832 1926 .
923 1914 935 1926 .
1028 1910 1038 1926 .
1407 1911 1419 1926 .
1680 1909 1731 1926 ,ιε
1766 1909 1784 1926 λ
1878 1908 1890 1926 ι

289 1936 467 1990 μενον,
527 1912 673 1971 ἆλλά
744 1913 835 1968 καὶ
912 1910 1118 1987 ἀγρίως
1174 1911 1587 1988 τιμωρούμενον
1671 1908 1937 1989 ἀδελφοὺς

285 2008 467 2077 ἡμῶν.
496 2006 557 2063 Ὁ
601 2003 726 2073 πρὶν
782 2005 1058 2077 μαθητὴς,
1089 2007 1176 2059 νῦν
1227 2003 1469 2076 ἀρνητής
1524 2000 1832 2071 Ἰουδαίζιυν
1860 2021 1872 2033 ·
1907 2001 1935 2054 6

288 2095 340 2150 ἐν
399 2092 657 2173 ἀδελφοῖς
724 2094 1083 2170 ὑπερέχουσι,
1144 2093 1279 2151 κατά
1332 2097 1439 2148 τῶν
1497 2090 1747 2165 ἀδελφῶν
1808 2091 1939 2164 ὑπὲρ

288 2185 526 2245 ἅπαντας
555 2183 682 2245 τοὺς
715 2179 1027 2251 δικάζοντας
1051 2202 1064 2214 ·
1098 2182 1125 2237 6
1160 2183 1237 2254 μὴ
1284 2181 1459 2256 λὲγων
1510 2180 1702 2242 ἁπλῶς
1734 2179 1935 2245 εἰκόνα,

290 2272 438 2329 ἀλλά
476 2271 628 2347 ἁγίαν
682 2271 881 2341 εἰκόνα,
915 2276 1153 2346 Χριστοῦ
1202 2272 1393 2345 τυχὸν,
1429 2273 1525 2335 τῆς
1576 2270 1866 2337 Θεὸτόκου,
1898 2269 1934 2339 ἢ

289 2367 535 2419 τινοσοῦν
562 2366 672 2419 τῶν
724 2360 890 2436 ἁγίων
919 2381 931 2395 ⁸
967 2359 1085 2436 ἄρτι
1135 2359 1245 2423 ἐστὶ
1306 2361 1810 2433 καίων,καθαιρῶν,
1861 2358 1936 2419 ὡς

292 2455 399 2526 θὴρ
460 2451 779 2525 μαινόμενος
842 2450 1208 2529 βλασφημῶν.
1265 2451 1352 2521 Ἐξ
1406 2451 1466 2505 οὗ
1524 2450 1615 2505 καὶ
1671 2454 1749 2520 τῷ
1807 2468 1936 2522 κρα-

289 2546 474 2598 τοῦντι
507 2538 867 2615 φιλούμενος,
906 2540 995 2595 καὶ
1044 2545 1152 2595 τῶν
1204 2538 1579 2613 μοναστηρίων
1631 2540 1791 2610 ἡμῶν
1840 2536 1940 2612 ἄρ-

291 2649 433 2706 χων,
466 2631 556 2684 καὶ
586 2631 758 2685 πάντα
790 2628 1039 2703 πράττων
1070 2631 1098 2683 ὁ
1127 2628 1295 2692 τάλας
1347 2629 1420 2691 είς
1468 2632 1703 2702 Χριστοῦ
1759 2621 1937 2699 ὕϐριν,

292 2718 450 2774 Ἀλλ’
480 2716 599 2773 οὒαί
653 2738 746 2790 μοι
778 2720 790 2774 l
825 2717 932 2791 ἐμὰ
988 2718 1090 2793 γὰρ
1133 2719 1200 2772 τά
1256 2716 1462 2771 ἐκείνου
1520 2712 1938 2789 κωμῳδήματα.

289 2810 486 2881 "Opto;
542 2806 627 2863 ὅτι
684 2811 763 2879 τῷ
817 2806 952 2861 κατά
1009 2806 1176 2878 σάρκα
1234 2806 1462 2880 φύσαντι
1521 2806 1754 2877 ὅμοιος⁶
1818 2803 1934 2859 ἐπεὶ

293 2900 540 2961 κάκεῖνος
574 2898 623 2953 ἐν
658 2903 776 2959 τοῖς
816 2895 987 2952 πάλαι
1036 2902 1251 2971 καιροῖς
1303 2896 1605 2970 ἀκροθίνιον
1673 2891 1940 2965 ἀσεϐείας,

296 2986 477 3061 ὥσπερ
515 2987 606 3041 καὶ
662 2989 758 3040 τοῦ
788 2985 1265 3062 Ἑρμίου.”Αμφω
1313 2985 1416 3060 γὰρ
1468 2980 1807 3055 δαιμονῶσι’
1852 2984 1940 3038 καὶ

295 3076 359 3132 οὗ
394 3076 600 3152 μίγειὸ
655 3074 787 3137 Θεὸς
845 3075 1094 3147 κορώνην
1143 3074 1232 3128 καὶ
1291 3072 1646 3147 περιστεράν*
1681 3071 1826 3128 ἀλλά
1880 3074 1946 3127 τὰ

2035 564 2139 623 Sed
2170 565 2287 625 haec
2325 566 2512 623 omnia
2540 570 2753 636 facient
2781 568 2934 624 vobis
2961 575 3181 639 propter
3212 588 3409 627 nomen
3442 590 3625 630 meum
3659 594 3672 631 :

2036 656 2165 726 quia
2187 659 2438 712 nesciunt
2457 673 2582 712 eum
2598 658 2694 730 qui
2712 660 2861 713 misit
2881 675 2960 714 me
2979 661 3042 715 9°.
3069 660 3212 716 Vere
3233 663 3386 717 enim
3411 664 3675 733 ignorant

2037 745 2190 813 quod
2225 745 2361 800 Deus
2391 752 2446 800 et
2472 748 2640 801 Pater
2666 750 2827 803 misit
2873 748 3075 803 Filium
3122 766 3278 804 suum
3328 754 3677 821 unigenitum

2035 830 2245 900 factum
2275 847 2345 886 ea:
2393 833 2643 894 muliere,
2692 838 2900 902 factum
2944 836 3042 890 sub
3073 837 3188 907 lege
3231 843 3291 891 ut
3329 854 3414 893 eos
3458 839 3553 909 qui
3581 840 3678 895 sub

2038 920 2152 990 lege
2190 930 2347 977 erant
2378 923 2669 979 redimeret
2694 928 2734 993 ί,
2767 929 2823 980 et
2852 925 3004 981 Patri
3033 943 3139 981 suo
3173 929 3461 984 mundum
3486 929 3680 1001 acqui-

2039 1015 2210 1065 reret.
2242 1009 2365 1066 Nisi
2397 1013 2552 1068 enim
2587 1014 2945 1083 ignorarent,
2979 1015 3145 1070 illum
3179 1017 3339 1088 pingi
3373 1034 3487 1073 non
3512 1035 3683 1090 nega-

2039 1111 2194 1157 rent:
2229 1118 2397 1157 nemo
2428 1102 2643 1174 quippe
2682 1105 2781 1175 qui
2829 1121 2895 1160 ex
2930 1105 3172 1162 muliere
3211 1111 3385 1162 natus
3416 1109 3513 1177 sit,
3549 1110 3681 1165 talis

2041 1194 2235 1245 estut
2293 1193 2535 1261 exprimi
2603 1210 2715 1249 non
2770 1195 3010 1265 possit:
3074 1196 3290 1267 alioqui
3349 1200 3678 1254 abortivum

2042 1280 2323 1349 quiddam
2356 1287 2528 1336 esset.
2562 1282 2653 1337 Sic
2675 1283 2890 1355 itaque,
2926 1285 3149 1347 fratres,
3178 1286 3547 1357 perficiamus
3576 1306 3680 1345 nos

2039 1367 2238 1440 ipsos;
2271 1370 2355 1425 sic
2387 1372 2847 1429 consolationem
2882 1374 3159 1430 habemus
3191 1376 3247 1431 in
3273 1378 3461 1433 verbis
3481 1376 3686 1434 Salva-

2043 1460 2187 1516 toris
2220 1461 2401 1515 nostri
2433 1461 2565 1518 Jesu
2599 1462 2833 1531 Christi,
2877 1472 3277 1533 exspectantes
3336 1483 3685 1524 renumera-

2042 1550 2283 1606 tionem.
2319 1552 2427 1607 Sed
2460 1554 2645 1609 nostis
2675 1554 2868 1625 qualis
2908 1556 2986 1610 sit
3026 1556 3339 1612 Leontius:
3381 1559 3686 1613 eunucho-

2044 1655 2172 1694 rum
2203 1655 2406 1711 genus,
2440 1658 2555 1697 non
2587 1642 2778 1698 solum
2811 1643 3148 1714 inglorium,
3183 1650 3248 1700 ut
3278 1645 3517 1717 quidam
3552 1665 3687 1703 san-

2044 1733 2272 1785 ctorum
2304 1730 2466 1799 dixit,
2496 1732 2592 1786 sed
2627 1738 2683 1787 et
2712 1731 3007 1789 Christum
3038 1750 3288 1805 negans;
3322 1752 3513 1807 neque
3542 1737 3684 1792 adeo

2045 1816 2137 1873 his
2179 1817 2395 1874 ﬁnibus
2427 1836 2486 1875 se
2524 1822 2848 1889 continens,
2890 1838 3086 1879 verum
3121 1826 3325 1880 acerbe
3355 1830 3411 1881 et
3440 1826 3690 1881 crudeli-

2044 1913 2132 1963 ter
2162 1907 2369 1964 fratres
2400 1914 2628 1966 nostros
2658 1912 3019 1968 excrucians.
3055 1915 3161 1979 Qui
3182 1919 3317 1970 ante
3338 1915 3685 1985 discipulus,

2036 2012 2189 2053 nunc
2220 2002 2455 2067 negator
2477 2000 2790 2070 judaizans
2815 2017 2828 2055 :
2850 2003 2949 2073 qui
2974 2003 3127 2057 inter
3166 2005 3371 2059 fratres
3403 2006 3680 2062 eminemé

2036 2088 2233 2151 tiores,
2268 2105 2422 2143 nunc
2462 2095 2663 2145 contra
2713 2091 2916 2147 fratrea
2967 2109 3147 2162 supra
3172 2094 3403 2162 judices
3435 2111 3675 2151 omnes:

2038 2176 2139 2248 qui
2171 2194 2282 2233 non
2317 2178 2658 2247 simpliciter
2679 2180 2994 2251 imaginem
3020 2183 3267 2247 dicebat,
3291 2185 3389 2239 sed
3415 2193 3677 2239 sanctam

2038 2264 2377 2334 imaginem,
2411 2267 2530 2320 sive
2561 2265 2797 2334 Christi,
2843 2267 2959 2323 sive
2991 2267 3248 2340 Deiparm
3281 2275 3338 2324 et
3367 2270 3683 2340 cujuslibet

2040 2359 2408 2420 sanctorum;
2443 2371 2597 2409 nunc
2618 2372 2717 2411 eas
2743 2355 3025 2424 incendit,
3059 2366 3112 2413 et
3142 2360 3352 2427 abolet,
3395 2360 3687 2415 insanien-

2041 2442 2119 2497 tis
2149 2444 2334 2498 instar
2381 2444 2507 2499 tera:
2560 2444 2992 2517 blasphemans.
3045 2447 3208 2503 Unde
3256 2454 3313 2504 et
3352 2449 3689 2521 imperatori

2044 2531 2254 2587 charus
2301 2532 2483 2590 factus
2531 2539 2638 2603 est,
2688 2540 2745 2590 et
2793 2538 3160 2593 monasteriis
3204 2537 3415 2593 nostris
3450 2538 3690 2609 potitur,

2045 2626 2103 2676 et
2133 2623 2331 2685 omnia
2365 2622 2537 2678 miser
2568 2624 2705 2679 facit
2743 2624 2799 2679 in
2843 2626 3256 2681 contumeliam
3308 2627 3534 2682 Christi.
3581 2626 3690 2681 Sed

2045 2711 2157 2767 heu
2209 2713 2338 2768 me!
2374 2730 2502 2769 mea
2545 2717 2702 2769 enim
2742 2713 2865 2770 haec
2912 2717 3039 2785 ejus
3097 2716 3371 2772 ludibria.
3423 2721 3693 2772 Attamen

2047 2800 2255 2858 similis
2286 2803 2370 2857 illi
2402 2808 2509 2873 est,
2544 2803 2643 2875 qui
2673 2807 2872 2875 genuit
2902 2810 3225 2862 secundum
3251 2823 3523 2863 carnem:
3552 2823 3687 2862 nam

2048 2896 2104 2946 et
2162 2891 2254 2946 ille
2304 2892 2443 2947 olim
2496 2894 2763 2965 primitiae
2813 2896 2995 2949 fuerat
3059 2895 3398 2965 impietatis.
3443 2896 3591 2951 sicut
3640 2900 3694 2952 et

2049 2980 2329 3036 Hermiae:
2364 2982 2534 3037 ambo
2566 2983 2721 3038 enim
2757 2984 3013 3039 furentes
3044 2990 3339 3055 aguntur:
3365 3001 3467 3039 nec
3494 2986 3690 3040 miscet

2050 3069 2205 3125 Deus
2263 3072 2554 3127 cornicem
2613 3072 2920 3138 columbae,
2969 3074 3067 3128 sed
3114 3074 3334 3129 similia
3372 3075 3689 3131 similibus.

294 3165 465 3239 ὅμοια
491 3170 608 3227 τοῖς
639 3163 877 3236 ὁμοίοις.
922 3164 1150 3219 Ἐκεῖνοι
1189 3164 1281 3235 μὲν
1317 3161 1508 3224 οὕτως.
1547 3162 1644 3216 Καὶ
1693 3160 1815 3232 δοίη
1845 3161 1941 3216 αύ-

363 3260 386 3267 _
473 3255 545 3267 _-.
730 3254 743 3267 .
809 3254 819 3267 .
1093 3253 1137 3267 ,ς
1199 3254 1221 3267 ,ι
1264 3252 1274 3267 .
1394 3252 1446 3267 ,η
1666 3250 1676 3267 ι
1846 3252 1858 3267 ρ
1921 3254 1932 3267 .

2056 3160 2200 3227 Ergo
2231 3160 2313 3214 illi
2347 3159 2420 3215 ad
2450 3161 2608 3216 hunc
2644 3161 2896 3217 modum.
2930 3163 3030 3217 Det
3063 3163 3179 3219 illis
3210 3165 3494 3220 Dominus
3520 3180 3697 3235 agno-

292 3260 413 3317 τοῖς
470 3255 674 3328 Κύριος
730 3254 1024 3329 ὶπίγνωσιν
1082 3252 1358 3322 ἀληθείας,
1391 3250 1793 3329 ἐζωγρημένοις
1840 3252 1942 3307 61:6

292 3348 393 3399 τοῦ
427 3340 691 3399 διαϐόλου
722 3342 799 3405 εἷς
836 3342 898 3395 τὸ
929 3340 1138 3396 ἐκείνου
1170 3340 1588 3414 θὲλημα.Ὑμᾶς
1623 3340 1680 3394 δὲ
1710 3341 1943 3416 Χριστὸς

296 3434 392 3488 σὺν
428 3434 510 3493 οἷς
553 3434 581 3487 6
626 3430 935 3500 ἀποστάτης
984 3429 1229 3499 κολάζει,
1263 3430 1552 3505 στηρίξειε,
1588 3427 1943 3502 δυναμώσειε,

296 3522 633 3599 κρατύνοιεν,
706 3521 1010 3596 ὑπενεγκεῖν
1088 3514 1188 3589 ἔτι,
1259 3523 1576 3589 πεινῶντας,
1653 3516 1943 3593 διψῶντας,

296 3608 763 3688 γυμνητεύοντας,
838 3606 1330 3685 κολαφιζομένους,
1409 3609 1783 3678 ἀστατοῦντας,
1850 3628 1946 3662 κο-

294 3704 557 3767 πιῶντας,
599 3695 1081 3773 λοιδορουμένους,
1132 3693 1524 3770 διωκομένους,
1579 3698 1945 3774 βλασφημού-

295 3790 557 3865 μένους,
593 3790 676 3851 ὡς
715 3788 1272 3863 περικαθάρματα
1301 3787 1489 3849 ὄντας
1519 3792 1632 3843 τοῦ
1666 3809 1943 3862 κοσμου,

292 3880 554 3934 πάντων
601 3877 970 3952 περίψημα,
1004 3877 1139 3931 κατά
1189 3878 1404 3932 Παῦλον
1453 3879 1542 3932 τὸν
1597 3876 1785 3953 μέγαν,
1830 3880 1947 3950 μεθ’

294 3967 360 4023 οῦ
421 3968 523 4022 εἶεν
568 3967 659 4021 καὶ
711 3969 746 4035 ἡ
805 3966 959 4040 μερὶς
1018 3965 1194 4038 ὑμῶν.
1248 3964 1523 4044 ’Δδελςροὴ
1581 3968 1949 4041 προσεύχεσθε

293 4058 423 4133 περὶ
453 4059 616 4129 ἡμῶν
671 4061 779 4112 τῶν
825 4056 1198 4131 ἁμαρτωλῶν,
1226 4054 1321 4111 ’ίνα
1370 4056 1677 4129 σωζοίμεθα
1710 4078 1723 4092 ·
1766 4055 1947 4126 ἀξιού-

299 4169 453 4223 μενοι
484 4148 703 4203 πάντων
743 4150 854 4202 τῶν
896 4145 1254 4219 ἐνισταμένων
1295 4149 1392 4201 τοῦ
1432 4145 1666 4221 ἐσχάτου
1715 4146 1946 4220 βαθμοῦ.

294 4241 619 4309 Ἀσπάζεται
674 4239 816 4313 ὑμᾶς
864 4237 893 4295 ὁ
953 4239 1047 4293 σὺν
1104 4236 1229 4310 ἐμοὶ
1278 4235 1515 4313 ἀδελφὸς
1546 4235 1841 4300 Νικόλαος.
1875 4241 1945 4293 ‘H

296 4329 497 4405 χᾶρις
542 4332 654 4384 τοῦ
696 4330 855 4383 Θεοῦ
904 4328 1063 4392 μετὰ
1103 4328 1362 4382 πάντων
1409 4326 1606 4399 ὑμῶν.
1652 4327 1874 4399 Ἀμήν.

299 4462 431 4512 AH'.
464 4488 534 4498 —
563 4450 1118 4529 Θεόδωρος-ταῖς-
1150 4456 1514 4529 πανταχοῦΔ
1547 4451 1948 4529 διεσπαρμέ-

696 4472 906 4525 οωρος
958 4472 1103 4514 ταις
1150 4472 1387 4508 παν-ιω
1426 4474 1495 4507 ου
1547 4472 1559 4507 ‹

684 4545 833 4589 ναις
870 4522 1345 4602 ἄδελφότησιν.
1375 4471 1559 4597 fuat]

2059 3266 2216 3305 scere
2270 3250 2588 3317 verilatem,
2635 3267 2783 3321 quos
2827 3262 3024 3322 captos
3073 3253 3341 3309 diabolus
3394 3264 3545 3310 tenet
3594 3271 3695 3325 pro

2055 3356 2160 3395 sua
2199 3340 2512 3395 voluntate.
2565 3340 2675 3397 Vos
2724 3357 2856 3396 vero
2906 3342 3176 3397 Christus
3220 3360 3353 3398 cum
3408 3345 3501 3412 iis,
3552 3361 3697 3415 quos

2056 3434 2220 3484 vexat
2249 3434 2526 3499 apostata,
2577 3430 2901 3498 confirmet,
2952 3432 3224 3504 viresque
3273 3449 3339 3487 ac
3385 3435 3560 3488 robur
3590 3436 3698 3489 tri-

2057 3517 2216 3584 buat,
2249 3524 2315 3574 ut
2364 3520 2654 3575 sustinere
2704 3521 2893 3577 adhuc
2942 3523 3201 3594 possitis,
3234 3525 3579 3591 esurientes,
3611 3524 3700 3579 si-

2055 3609 2284 3675 tientes,
2317 3608 2480 3677 nudi,
2508 3608 2762 3680 colaphis
2799 3611 2955 3680 caesi,
2989 3613 3312 3678 instabiles,
3346 3612 3694 3681 laborantes,

2057 3697 2363 3754 maledicta
2416 3704 2471 3753 et
2538 3700 2992 3771 persecutionem
3056 3702 3359 3771 patientes,
3428 3703 3699 3773 blasphe-

2058 3788 2219 3853 mati,
2254 3792 2519 3858 tanquam
2578 3801 2940 3860 purgamenta
2969 3791 3133 3861 hujus
3180 3793 3392 3859 mundi,
3445 3794 3699 3849 omnium

2056 3877 2364 3949 peripsema
2404 3879 2447 3947 ³,
2518 3885 2581 3933 ut
2638 3880 2851 3935 Paulus
2906 3896 3191 3952 magnus:
3255 3899 3499 3953 quocum
3562 3900 3697 3954 pars

2056 3971 2245 4022 vestra
2276 3968 2375 4023 sit.
2410 3967 2662 4038 Fratres,
2695 3974 2855 4025 orate
2888 3986 2985 4037 pro
3019 3971 3182 4025 nobis
3213 3971 3612 4041 peccatoribus
3637 3975 3700 4025 ut

2058 4056 2369 4124 salvemur,
2403 4056 2566 4127 digni
2598 4058 2781 4113 habiti
2812 4059 3074 4115 omnium
3105 4060 3202 4129 qui
3237 4061 3575 4115 restiterunt
3606 4060 3700 4114 in-

2058 4145 2193 4200 fimo
2225 4146 2430 4214 gradu.
2465 4146 2691 4202 Salutat
2722 4163 2823 4202 vos
2866 4150 2965 4217 qui
3008 4163 3237 4203 mecum
3269 4155 3358 4203 est
3387 4149 3565 4204 frater
3594 4147 3702 4204 Ni-

2058 4234 2277 4290 colaus.
2312 4234 2503 4290 Gratia
2536 4236 2631 4291 Dei
2659 4252 2783 4292 cum
2812 4237 3068 4293 omnibus
3098 4237 3266 4294 vobis.
3298 4239 3467 4293 Amen
3498 4238 3543 4295 ³.

2061 4436 2346 4493 XXXVIII.
2397 4465 2467 4479 —
2525 4436 2837 4492 Theodorun
2884 4437 3088 4509 ubique
3143 4438 3398 4510 dispersis
3434 4436 3706 4509 fraterml

2775 4527 3000 4582 tatibus.

1015 4663 1368 4714 Catechetica.
1405 4663 1447 4713 E
1475 4679 1685 4717 carcere
1712 4680 1837 4718 suos
1877 4669 2212 4720 adhortatur.
2243 4665 2461 4728 (Baron.
2492 4676 2577 4714 an.
2600 4663 2711 4720 819,
2746 4678 2802 4721 n,
2834 4664 2932 4727 18.)

380 4782 633 4857 Χαίρετε,
694 4779 1013 4853 ἒπιπόθητοί
1078 4804 1182 4856 μου
1263 4781 1492 4861 ἀδελφοὶ
1549 4784 1639 4839 καὶ
1699 4788 1955 4861 Πατὲρες,

308 4874 394 4929 ὅτι
450 4877 627 4948 χαρᾶς
680 4870 987 4949 εὐαγγέλια.
1040 4871 1212 4927 Πάλιν
1258 4873 1571 4947 ἠξιώθημεν
1643 4876 1694 4928 οἱ
1752 4876 1958 4950 ἀνάξιοι

310 4960 669 5037 ὁμολογῆσαι
697 4962 796 5029 τὴν
852 4960 1029 5029 καλὴν
1079 4960 1386 5036 ὁμολογίαν
1408 4981 1423 4997 ν
1454 4962 1619 5019 πάλιν
1658 4964 1963 5039 ᾐκίσθημεν

308 5053 442 5126 ὑπὲρ
488 5055 586 5107 τοῦ
631 5049 902 5123 ὀνόματος
940 5056 1037 5106 τοῦ
1085 5051 1289 5122 Κυρίου
1335 5050 1660 5127 ἀμφότεροι.
1710 5056 1810 5110 Καὶ
1859 5057 1964 5131 γὰρ

305 5143 398 5198 καὶ
433 5142 460 5195 6
492 5138 726 5217 ἀδελφὸς
751 5138 1024 5203 Νικόλαος
1055 5138 1325 5209 ἐνήθλησε
1353 5141 1625 5197 κάλλιστα
1656 5145 1748 5198 καὶ
1779 5145 1969 5201 πιστό-

305 5250 461 5286 τατα.
495 5226 728 5300 Εἴδαμεν
768 5226 838 5283 ἐκ
896 5230 1111 5301 σαρκῶν
1171 5229 1333 5299 ἡμῶν
1392 5230 1696 5303 κενούμενα
1750 5234 1811 5305 [Γ.
1845 5233 1971 5308 χεό-

313 5322 472 5396 μενα]
514 5318 601 5375 ἐπὶ
649 5324 750 5391 γῆς
802 5313 1008 5391 α’ίματα
1062 5317 1114 5371 οἱ
1158 5318 1442 5372 ταπεινοίο
1486 5318 1816 5392 ἐθεασάμεθα
1851 5325 1964 5396 μώ-

311 5410 527 5478 λωπας,
562 5408 793 5483 ἰχῶρας,
833 5406 900 5461 τὰ
928 5406 1146 5468 τούτοις
1180 5405 1472 5464 ἀκόλουθα.
1507 5409 1585 5462 Οὐ
1632 5415 1803 5466 ταῦτα
1858 5430 1973 5487 χα-

314 5504 449 5576 pic;
483 5497 545 5555 ού
573 5500 746 5559 ταῦτα
788 5492 1172 5572 ἀγαλλιάσεως
1219 5499 1500 5571 ψυχικῆςς
1538 5496 1717 5553 ’Δλλὰ
1746 5499 1829 5562 τίς
1861 5500 1974 5573 εἰμι

387 5686 436 5721 99
464 5684 629 5741 Joan.
664 5698 761 5749 xv,
789 5684 881 5753 20,
912 5682 1000 5738 21.
1085 5684 1103 5720 ί
1138 5682 1319 5740 Galat.
1343 5699 1423 5752 ιν,
1454 5684 1509 5741 4.

1586 5684 1608 5719 ²
1638 5685 1661 5740 Ι
1692 5685 1821 5741 Cor.
1857 5702 1930 5755 IV,
1965 5685 2050 5741 13.

2140 4788 2414 4851 Gaudete,
2473 4786 2700 4840 Fratres
2756 4786 2871 4841 mei
2930 4800 2994 4840 ac
3050 4788 3250 4842 Patres
3318 4787 3707 4855 desiderandi,

2070 4878 2346 4950 quoniam
2386 4875 2579 4948 gaudii
2619 4875 2833 4932 adeunt
2870 4876 3097 4932 nuntia.
3132 4877 3301 4948 Digni
3336 4895 3569 4934 rursum
3604 4878 3714 4934 ha-

2072 4967 2175 5022 biti
2214 4966 2455 5032 fuimus,
2506 4964 2753 5036 indigni,
2806 4965 2902 5034 qui
2946 4965 3250 5036 pulchram
3300 4967 3718 5022 confessionem

2073 5056 2511 5112 conﬁteremur.
2561 5055 2810 5109 Rursum
2854 5053 3040 5125 plagis
3073 5054 3260 5109 affecti
3292 5057 3462 5111 ambo
3496 5056 3715 5110 fuimus

2076 5162 2179 5217 pro
2228 5145 2459 5201 nomine
2523 5142 2774 5198 Domini.
2825 5143 3048 5197 Etenim
3110 5148 3167 5197 et
3227 5144 3400 5199 frater
3446 5145 3719 5202 Nicolaus

2079 5234 2474 5307 pulcherrime
2502 5238 2557 5289 et
2591 5232 2930 5288 fidelissime
2961 5234 3298 5288 decertavit.
3334 5233 3597 5289 Vidimus
3620 5235 3723 5289 hu-

2083 5324 2249 5379 miles
2280 5340 2348 5379 ex
2380 5322 2652 5377 carnibus
2684 5322 2898 5376 nostris
2940 5320 3214 5375 ﬂuentem
3258 5322 3315 5375 in
3349 5327 3559 5376 terram
3599 5340 3727 5377 san-

2083 5416 2315 5485 guinem
2344 5428 2358 5468 :
2390 5410 2795 5480 conspeximus
2835 5412 3070 5479 vibices,
3104 5412 3349 5477 saniem,
3390 5417 3447 5466 et
3478 5429 3603 5481 quas
3640 5413 3728 5466 bis

2086 5502 2381 5572 adjuncta.
2431 5505 2637 5556 Annon
2686 5500 2808 5555 haec
2859 5499 3062 5571 gaudii
3111 5506 3251 5555 sunt
3287 5500 3315 5553 ?
3363 5515 3557 5555 nonne
3610 5501 3729 5555 haec

2130 5687 2151 5721 ³
2181 5685 2291 5742 Tit.
2325 5702 2411 5757 ιιι,
2444 5685 2526 5741 15.
