4062 6280
476 344 623 404 1231

1711 338 1773 401 S.
1819 337 2220 404 THEODORI
2265 335 2628 406 STUDITJE

3709 351 3845 417 1232

469 475 875 535 exsultationis
905 474 1218 547 spiritualis
1239 475 1266 530 ?
1288 475 1395 530 Sed
1427 474 1558 547 quis
1579 489 1682 548 ego
1717 490 1848 530 sum
1887 473 2110 543 infelix,

2225 473 2334 550 ἐγὼ
2367 476 2394 530 6
2422 475 2616 544 τάλας,
2649 478 2740 530 σὺν
2775 476 2903 550 ὑμῖν
2929 483 3044 540 τοῖς
3079 476 3246 550 ἀξίοις
3285 481 3524 556 Χριστοῦ
3575 485 3851 564 ὁμολογη-

473 569 569 638 qui
605 567 903 622 vobiscum
935 565 1129 636 dignis
1147 564 1354 620 Christi
1377 563 1807 620 confessoribus
1832 565 2120 621 adnume-

479 673 592 724 rer,
613 657 874 711 omnium
899 655 1202 710 hominum
1226 652 1679 710 inutilissimus?
1696 654 1882 709 Causa
1897 663 2114 722 autem,

475 749 648 818 cujus
678 747 866 820 gratia
905 747 1027 801 hec
1065 747 1452 817 contigerunt,
1498 745 1742 815 pristina
1792 745 1901 800 fuit
1949 747 2119 800 Cate—

471 836 700 892 chesis:
752 854 874 906 quae
907 853 1040 892 cum
1073 837 1130 891 in
1179 853 1386 891 manus
1432 838 1680 890 venisset
1731 834 2114 906 imperatoris,

471 926 542 981 ad
577 924 924 997 magistrum
954 925 1209 980 militum
1241 941 1365 981 eam
1400 925 1582 990 misit,
1610 925 1883 979 comitem
1915 924 2114 979 cohor-

470 1015 548 1070 tis
596 1015 666 1068 ad
720 1031 825 1069 nos
872 1014 1067 1070 venire
1107 1014 1347 1084 jubens.
1399 1013 1506 1077 Qui
1568 1029 1701 1068 cum
1752 1014 2002 1068 ducibus
2053 1027 2118 1068 ac

470 1105 755 1161 militibus
781 1106 1137 1177 intempesta
1167 1115 1330 1160 nocte
1344 1104 1679 1171 adveniens,
1711 1110 1767 1159 et
1781 1105 2116 1181 odomuncu-

465 1195 585 1250 lam
618 1195 678 1250 in
704 1211 818 1266 qua
848 1212 1078 1250 eramus
1105 1201 1335 1264 repente
1366 1195 1644 1250 obsidens
1673 1209 1806 1250 cum
1838 1193 2114 1262 clamore,

468 1284 648 1340 veluti
681 1285 860 1340 feram
895 1288 1138 1339 nactus:
1181 1284 1465 1352 obiectum
1513 1289 1740 1355 septum
1789 1299 1891 1354 per
1921 1285 2114 1338 fosso-

471 1391 566 1431 res
612 1373 912 1429 celerrime
953 1372 1260 1444 perfregit:
1294 1373 1500 1428 deinde
1532 1373 1787 1441 protulit,
1839 1372 2114 1437 excussit,

471 1463 730 1519 ostendit
784 1461 1160 1518 Catechesim.
1220 1462 1478 1518 Confessi
1537 1477 1744 1517 sumus
1805 1477 1911 1516 nos
1985 1477 2112 1516 eam

468 1553 695 1621 fecisse,
747 1555 902 1609 sicut
945 1554 1100 1608 Deus
1149 1553 1348 1610 voluit.
1401 1553 1472 1608 Et
1514 1552 1609 1607 ille
1657 1553 1894 1624 quidem
1930 1568 2113 1608 unum

467 1642 580 1698 hoc
612 1643 855 1713 petebat,
890 1648 952 1697 ut
983 1643 1054 1697 ad
1090 1642 1453 1713 imperatoris
1483 1641 1842 1697 voluntatem
1872 1642 2115 1696 descen-

469 1733 762 1789 deremus.
827 1733 1256 1802 Respondimus
1301 1733 1457 1803 quod
1499 1731 1707 1788 veritas
1740 1730 2111 1802 postulabat:

471 1822 670 1877 Absit!
714 1822 894 1878 Deum
931 1831 1189 1877 nostrum
1223 1839 1337 1877 non
1370 1823 1695 1892 rejicimus;
1750 1827 1806 1877 et
1836 1821 1950 1876 alia
1983 1837 2112 1892 quae.

472 1916 929 1967 consentaneum
963 1916 1087 1967 erat
1118 1912 1484 1982 respondero.
1519 1912 1668 1966 Tum
1710 1910 1922 1966 acriter
1944 1910 2015 1965 ab
2047 1925 2114 1964 eo

468 2003 753 2061 verberati
779 2019 1002 2058 sumus.
1034 2003 1103 2057 Et
1133 2004 1310 2058 frater
1341 2003 1577 2070 quidem
1605 2002 1746 2056 nihil
1773 1999 2114 2072 hujusmodi

470 2097 600 2163 post
631 2093 880 2162 primam
904 2091 1485 2163 comprehensionem
1510 2097 1566 2146 et
1588 2091 2027 2161 inscriptionem
2055 2090 2112 2146 in

465 2181 736 2236 aerumnis
779 2197 986 2252 passus
1017 2188 1129 2236 est.
1167 2181 1285 2251 Ego
1315 2197 1447 2236 vero
1480 2179 1722 2236 humilis
1753 2184 1812 2235 et
1842 2180 2113 2236 infirmus

463 2270 724 2326 febribus
754 2271 1059 2325 immensis
1091 2276 1394 2342 correptus
1428 2276 1484 2324 et
1505 2269 1886 2325 intolerandis
1907 2268 2117 2324 dolori-

465 2359 595 2428 bus,
649 2376 852 2430 parum
906 2360 1093 2415 abfuit
1154 2361 1292 2430 quin
1341 2359 1455 2414 vita
1507 2361 1780 2431 privarer.
1840 2362 2112 2414 Attamen

467 2449 656 2504 bonus
701 2448 853 2504 Deus
901 2448 1114 2503 sensim
1167 2449 1442 2504 misertus
1489 2452 1578 2503 est
1620 2448 1751 2516 mei,
1801 2449 2113 2518 adjuvante

466 2539 644 2592 fratre
673 2536 732 2592 in
763 2537 979 2608 quibus
1009 2537 1204 2593 decuit
1230 2553 1244 2592 :
1277 2538 1383 2592 etsi
1414 2538 1604 2592 adhuc
1636 2542 1910 2592 maneant
1932 2537 2113 2608 plagas

465 2629 539 2682 ad
570 2626 851 2697 integram
885 2626 1194 2682 sanitatem
1228 2627 1488 2682 nondum
1524 2625 1834 2696 perductae.
1861 2625 1991 2682 Haec
2013 2625 2115 2698 igi-

469 2720 570 2771 tur
595 2716 677 2770 sic
707 2731 770 2771 se
816 2716 1053 2783 habent,
1089 2721 1146 2770 et
1187 2715 1303 2772 vim
1355 2715 1493 2771 mali
1538 2715 1698 2772 vobis
1751 2716 2012 2786 exposui,
2051 2715 2110 2770 id

464 2821 675 2876 cupere
706 2821 806 2861 vos
858 2805 1051 2862 sciens
1099 2807 1166 2861 ad
1218 2805 1668 2862 condolendum.
1721 2806 1863 2871 Quid
1915 2810 2108 2861 autem

464 2894 790 2966 posthaec?
820 2900 880 2950 et
920 2895 1090 2950 minae
1131 2897 1442 2968 graviores,
1483 2903 1537 2951 et
1581 2896 1847 2951 custodia
1877 2895 2107 2950 arctior.

463 2984 607 3039 Nam
639 2985 879 3041 verbera
925 2989 982 3040 et
1029 2985 1393 3054 custodibus,
1438 2990 1495 3041 et
1534 2985 1812 3040 custodia:
1846 2985 2109 3056 praefecto

469 3075 784 3145 proposita,
816 3079 879 3129 ut
911 3089 1012 3130 nec
1042 3075 1256 3130 mutira
1292 3074 1482 3143 nobis,
1515 3075 1728 3130 nedum
1763 3073 1933 3129 alicui
1956 3075 2107 3129 scri-

463 3162 599 3218 bere
627 3163 781 3218 licat.
833 3163 1263 3220 Deterrebimur
1303 3179 1460 3235 ergo,
1502 3168 1559 3219 et
1597 3162 1924 3229 silebimus,
1968 3163 2110 3218 obe-

2223 569 2341 628 ταῖς
2396 562 2704 642 ἐνταγῆναι,
2735 567 2946 623 πάντων
3002 568 3301 644 ἀνθρώπων
3349 570 3423 627 ὢν
3478 562 3848 651 ἀχρειότεροςε

2225 655 2301 711 Τὸ
2333 651 2389 708 δὲ
2419 654 2591 710 αἶ’τιον
2620 657 2681 710 οὗ
2721 657 2883 732 χάριν
2913 659 2976 713 τὸ
3009 653 3243 732 συμϐὰν,
3274 663 3309 730 ἡ
3353 661 3522 718 πάλαι
3565 667 3852 739 κατήχησις

2223 744 2284 811 ἣν
2341 741 2428 797 ἐπὶ
2487 749 2678 822 χεῖρας
2735 743 3024 820 δεξάμενος
3076 749 3104 804 6
3154 755 3392 824 κρατῶν,
3426 753 3682 827 πέπομφε
3730 753 3852 828 πρὸς

2223 831 2316 884 τὸν
2402 836 2839 909 στρατηγοῦντα,
2915 838 3309 913 παραγενέσθαι
3415 839 3853 916 ἐγκελευσάμενος

2223 920 2313 975 τὸν
2370 928 2470 990 τῆς
2530 922 2737 996 κόρτης
2793 925 3014 997 κόμητα
3070 928 3207 999 πρὸς
3246 930 3432 1003 ἡμᾶς·
3464 931 3524 992 ὃς
3583 928 3852 1000 ἐληλυθὼς

2225 1010 2316 1064 σὺν
2371 1009 2608 1086 ἄρχουσι
2663 1011 2753 1067 καὶ
2810 1017 3166 1087 στρατιώταις
3215 1017 3267 1072 ἐν
3318 1019 3516 1093 ἀωρία,
3563 1020 3652 1074 καὶ
3707 1039 3852 1094 περιο

2223 1099 2504 1174 στοιχίσας
2558 1101 2622 1156 τὸ
2667 1100 2904 1158 οἰκίδιον
2935 1102 2988 1159 ἐν
3023 1106 3068 1178 ᾧ
3108 1106 3247 1180 ἦμεν
3293 1107 3505 1182 ἀθρόως
3537 1110 3673 1182 μετᾶ
3699 1129 3854 1185 κραυ-

2221 1194 2345 1263 γῆς,
2378 1188 2455 1252 ὡς
2511 1188 2598 1245 ἐπί
2655 1209 2708 1246 τι
2767 1193 3070 1267 θηράσιμον
3125 1194 3363 1270 εὕρεμα·
3403 1195 3697 1273 ὀρυκτῆρσι
3741 1218 3853 1252 κατο

2222 1278 2374 1346 ἐαξαν
2433 1280 2504 1351 [Γ.
2561 1279 2834 1354 κατέαξεν]
2890 1283 2953 1337 τὸ
3009 1282 3343 1361 ἀνάφραγμα
3418 1286 3700 1365 τάχιστα·
3758 1289 3854 1342 εἶτα

2224 1365 2536 1444 ἐξήνεγκεν,
2621 1369 2934 1444 ἀνέκρινεν,
3009 1370 3246 1446 ὑπέδειξε
3341 1377 3439 1445 τῆν
3523 1378 3854 1450 κατήχησιν.

2223 1454 2686 1531 Ὡμυλογήσαμεν
2741 1461 2906 1533 ἡμεῖς
2956 1460 3122 1530 αὐτὴν
3173 1464 3550 1534 πεποιηκέναι,
3581 1466 3658 1528 ὡς
3685 1466 3712 1520 6
3741 1465 3855 1529 Θεὸς

2221 1544 2511 1616 ἠθέλησεν.
2544 1547 2606 1604 Ὀ
2663 1548 2760 1621 μὲν
2817 1547 2872 1602 ἓν
2931 1547 3111 1620 ἐζήτει
3174 1551 3359 1625 μόνον,
3394 1553 3571 1609 ἐλθεῖν
3620 1557 3763 1627 ἡμᾶς
3789 1555 3852 1615 εἷς

2219 1635 2282 1689 τὸ
2338 1638 2435 1689 τοῦ
2497 1634 2770 1710 βασιλέως
2819 1637 3059 1711 θέλημα.
3095 1639 3336 1714 Εἴπομεν
3391 1642 3525 1718 ὅπερ
3583 1639 3774 1715 ἀπῄτει
3823 1644 3851 1710 ἡ

2221 1724 2472 1794 ἀλήθεια.
2507 1727 2596 1795 Μὴ
2623 1727 2874 1802 γένοιτοί
2909 1727 3014 1783 οὐκ
3051 1728 3344 1803 ἀθετοῦμεν
3371 1731 3463 1786 τὸν
3497 1733 3630 1787 Θεὸν
3663 1735 3812 1804 ἡμῶν
3838 1752 3850 1764 '

2223 1814 2322 1868 ὅσα
2343 1834 2402 1868 τε
2431 1812 2578 1868 ἄλλα
2614 1813 2682 1882 ἤν
2724 1815 3022 1878 ἀκούοντας
3075 1815 3585 1894 ἀνταποκρίνασθαι.
3621 1821 3704 1878 Ἐν
3744 1820 3857 1876 τού-

2223 1922 2340 1965 τοις
2395 1900 2565 1978 ἔδειρε
2623 1905 2836 1980 βαρέως
2861 1924 2878 1938 ·
2913 1905 3003 1960 καὶ
3036 1907 3064 1960 6
3099 1907 3193 1979 μὲν
3224 1905 3458 1986 ἀδελφὸς
3491 1906 3651 1964 οὐδὲν
3687 1914 3854 1965 τοιοῦ-

2221 2013 2317 2048 τον
2351 1993 2484 2066 μετὰ
2542 1995 2640 2062 τὴν
2689 1993 2841 2057 εὐθὺς
2881 1995 3152 2069 κάθειρξιν
3211 1999 3302 2052 καὶ
3349 1998 3662 2076 ἀναγραφήν
3700 1996 3853 2053 δεινὸν

2224 2080 2277 2137 ἐν
2325 2083 2513 2144 πόνοις
2560 2081 2785 2154 ὑπέστη.
2827 2085 2972 2160 Ἐγὼ
3023 2082 3080 2139 δὲ
3128 2086 3156 2140 6
3213 2087 3466 2149 ταπεινὸς
3503 2087 3601 2143 καὶ
3659 2088 3853 2163 σαθρὸς,

2222 2176 2476 2237 πυρετοῖς
2518 2169 2744 2245 λαύροις
2787 2172 3094 2248 συσχεθεὶς,
3120 2178 3211 2228 καὶ
3241 2174 3431 2238 πόνοις
3466 2173 3853 2246 δυσυποίστοις,

2225 2266 2424 2334 μικροῦ
2456 2259 2565 2315 δεῖν
2607 2259 2951 2336 ἐξηπορήθην
2975 2264 3066 2317 καὶ
3094 2268 3192 2318 τοῦ
3225 2269 3320 2338 ζῇν
3348 2283 3362 2297 ⁸
3395 2267 3556 2338 ὅμως
3596 2268 3624 2320 6
3678 2266 3853 2343 ἀγαθὸς

2224 2351 2358 2414 Θεὸς
2384 2351 2522 2405 κατὰ
2555 2353 2748 2425 μικρὸν
2781 2350 2947 2406 ἐλεῶν
2979 2351 3185 2422 ἠλέησέ
3230 2372 3330 2426 με’
3365 2361 3852 2432 συνυπουργοῦντος

2219 2439 2311 2495 καὶ
2342 2445 2440 2495 τοῦ
2470 2438 2710 2514 ἀδελφοῦ
2740 2439 2792 2495 ἐν
2823 2447 2938 2503 τοῖς
2978 2444 3310 2513 καθήκουσι⁶
3343 2442 3439 2500 κᾶν
3489 2439 3573 2500 ἔτι
3621 2447 3679 2500 αἱ
3722 2444 3853 2516 πλη·

2217 2529 2308 2606 γαὶ
2362 2528 2661 2602 ἐπιμένωσι
2721 2531 2796 2602 μή
2860 2526 3126 2586 λαϐοῦσαι
3180 2531 3393 2588 τελείαν
3469 2533 3650 2592 Ἱασιν.
3699 2539 3852 2591 Ταῦτα

2223 2618 2317 2692 μὲν
2349 2617 2403 2672 ἐν
2433 2620 2647 2681 τούτοις
2669 2637 2682 2651 ⁶
2715 2621 2805 2673 καὶ
2837 2618 3144 2698 ἐξηγόρησα
3177 2621 3303 2694 ὑμῖν
3352 2624 3416 2677 τὸ
3463 2625 3640 2686 πάθος
3665 2643 3678 2656 ⁸
3712 2621 3849 2683 εἰδὼς

2220 2705 2531 2783 ἐφιεμένους
2567 2710 2752 2780 μαθεῖν
2809 2709 2887 2770 εἰς
2937 2711 3292 2786 συνάλγησιν.
3326 2711 3385 2765 Τί
3418 2709 3511 2766 οὖν
3562 2710 3745 2781 ἐπειδή
3796 2713 3851 2766 τὰ

2217 2801 2480 2868 τοιαῦτα;
2525 2797 2631 2852 Καὶ
2681 2799 2715 2866 ἡ
2766 2795 2968 2867 ἀπειλή
3021 2795 3335 2873 δεινοτέρα·
3381 2799 3471 2854 καὶ
3516 2803 3554 2870 ἡ
3606 2800 3850 2879 ἀσφάλεια

2217 2887 2595 2960 κραταιοτέρα.
2631 2887 2840 2961 Δαρμοὶ
2881 2889 2981 2962 γὰρ
3035 2889 3123 2942 καὶ
3176 2887 3264 2943 ἐπι
3308 2888 3435 2952 τοὺς
3476 2889 3746 2968 φύλακας,
3774 2889 3849 2944 καὶ

2216 2973 2305 3029 ἐπὶ
2359 2975 2455 3029 τὸν
2501 2975 2886 3052 παραφύλακα.
2916 2980 3019 3031 Τοῦ
3076 2979 3152 3050 μή
3203 2975 3394 3052 γρύξαι
3443 2980 3620 3051 ἡμᾶς,
3666 2981 3737 3052 μὴ
3780 2979 3849 3032 δτι

2216 3085 2280 3140 γε
2319 3065 2411 3119 καὶ
2457 3064 2683 3140 γράφειν
2732 3065 2860 3122 τινί.
2896 3067 3304 3140 Ὑποπτήξομεν
3347 3069 3448 3142 ἆρα
3492 3069 3590 3124 καὶ
3629 3070 3848 3124 ἀποσιω-

2218 3155 2492 3226 πήσομεν,
2552 3155 2980 3229 πειθαρχοῦντες
3037 3159 3115 3227 τῷ
3184 3151 3338 3234 φόϐῳ
3411 3157 3726 3232 ἀνθρώποις
3775 3155 3850 3211 καὶ

462 3253 688 3310 dientes
738 3270 854 3326 prae
905 3255 1106 3310 timore
1156 3254 1492 3310 hominibus
1523 3259 1582 3310 et
1629 3271 1744 3309 non
1795 3256 1905 3310 Deo
1934 3253 1962 3307 ?
2007 3259 2107 3309 Ne-

2221 3243 2348 3318 ούχί
2381 3247 2535 3316 Θεῷ;
2569 3244 2874 3318 Ούμενοῦν.
2907 3243 3066 3301 Ἀλλ’
3097 3241 3200 3308 έως
3239 3243 3302 3300 ἂν
3341 3245 3539 3322 ἀνοίγῃ
3591 3250 3725 3320 ἡμῖν
3771 3245 3852 3300 06-

468 3358 763 3414 quaquam
815 3361 974 3401 sane.
1017 3345 1126 3399 Sed
1175 3345 1358 3400 donec
1382 3346 1627 3416 januam
1676 3344 1844 3398 nobis
1889 3345 2110 3414 aperiat

465 3432 768 3498 Dominus,
797 3449 914 3488 non
945 3433 1317 3504 desistemus,
1349 3434 1505 3505 quod
1550 3433 1610 3488 in
1643 3433 1812 3488 nobis
1843 3437 1952 3499 est,
1983 3433 2113 3487 offi-

468 3521 626 3577 cium
660 3527 956 3591 praastare,
989 3522 1432 3578 reformidantes
1479 3537 1544 3577 ac
1576 3522 1848 3576 timentes
1878 3521 2112 3592 impen-

462 3611 612 3666 dens
643 3610 856 3665 silentii
889 3610 1202 3678 iudicium:
1239 3611 1389 3679 Quod
1435 3613 1482 3665 si
1526 3611 1859 3666 subtraxerit
1904 3627 1980 3673 se,
2021 3612 2112 3665 in-

464 3700 614 3771 quit,
645 3714 753 3754 non
779 3699 1017 3770 placebit
1045 3701 1252 3757 animae
1285 3714 1418 3756 mea?
1440 3701 1482 3756 ‘.
1517 3705 1581 3754 Et
1604 3685 1838 3754 rursum
1870 3701 2111 3769 Aposto-

475 3788 606 3844 lus:
667 3790 769 3845 Nos
819 3796 1006 3845 autem
1056 3806 1169 3845 non
1217 3806 1405 3845 sumus
1449 3789 1840 3845 sabtractionis
1890 3789 2000 3859 ﬁlii
2050 3791 2111 3844 in

480 3877 868 3949 perditionem,
907 3880 999 3934 sed
1045 3879 1174 3946 ﬁdei
1216 3879 1278 3934 in
1327 3879 1747 3950 acquisitionem
1823 3882 2029 3934 animae
2065 3876 2110 3933 ⁵.

544 3967 704 4024 lianc
750 3969 825 4024 ob
867 3985 1104 4024 causam
1159 3969 1279 4024 hac
1319 3967 1560 4039 epistola
1611 3984 1738 4024 mea
1787 3968 1856 4022 ad
1907 3982 2111 4024 omnes

466 4059 707 4128 quidem
739 4057 1042 4129 dispersos
1083 4059 1311 4128 fratres,
1345 4057 1444 4128 qui
1479 4057 1900 4127 persecutionis
1931 4056 2114 4112 tribu-

463 4145 739 4202 lationem
764 4164 912 4218 aegre
942 4147 1275 4203 sustinent:
1323 4146 1607 4218 praecipue
1651 4151 1845 4202 autem
1887 4147 1959 4201 ad
1991 4162 2108 4213 vos,

465 4238 825 4292 confessores
866 4236 1098 4292 Christi.
1141 4235 1571 4302 Sustineamus,
1618 4236 1824 4290 fratres
1869 4235 1979 4292 mei
2018 4235 2109 4289 di-

459 4324 619 4389 lecti,
654 4325 840 4396 magis
891 4325 1084 4380 adhuc
1133 4341 1200 4380 ac
1246 4325 1435 4395 magis
1484 4325 1862 4388 corroborati,
1896 4329 1955 4380 at
1996 4341 2108 4380 non

464 4415 761 4468 conterriti
794 4415 852 4470 in
883 4415 1324 4471 afﬂictionibus.
1357 4414 1573 4471 Carnes
1601 4419 1760 4484 sunt,
1795 4431 1866 4470 ne
1897 4430 2107 4486 parca-

463 4518 616 4558 mus.
649 4503 756 4558 Pro
797 4503 1027 4559 Christo
1071 4503 1381 4560 tormentis
1427 4505 1698 4576 subjecti,
1734 4503 2104 4559 exsultemus.

2223 3352 2315 3407 ραν
2373 3334 2401 3387 6
2460 3334 2675 3407 Κύριος,
2725 3333 2788 3388 ού
2847 3337 3165 3408 παυσόμεθα
3209 3336 3272 3389 τὸ
3331 3333 3448 3390 δέον
3511 3337 3851 3410 ἀποπληροῦν

2220 3423 2356 3476 κατὰ
2387 3423 2449 3477 τὸ
2493 3422 2708 3496 ἐφικτὸν
2764 3425 2918 3497 ἡμῖν,
2949 3419 3284 3502 φοϐούμενοι
3331 3425 3420 3479 καὶ
3465 3427 3753 3501 τρέμοντες
3799 3425 3850 3479 τὸ

2219 3508 2597 3587 ἐπηρτημένον
2643 3518 2744 3581 τῆς
2784 3519 2996 3582 σιωπῆς
3045 3518 3236 3587 κρῖμα.
3270 3514 3411 3570 Ἐὰν
3451 3513 3849 3583 ύποστέλλη-

2217 3621 2347 3669 ται,
2380 3601 2601 3678 φησὶν,
2633 3600 2751 3655 οὐκ
2789 3599 3058 3656 ούδοκεῖ
3095 3604 3129 3672 ἡ
3173 3604 3356 3678 ψυχή
3403 3623 3531 3673 μου
3569 3604 3632 3658 ἐν
3672 3603 3847 3675 αύτῷ.

2220 3689 2327 3745 Καὶ
2373 3687 2536 3743 πάλιν
2584 3689 2611 3742 6
2663 3689 3036 3753 Ἀπόστολος⁶
3088 3695 3320 3764 Ἡμεῖς
3375 3689 3442 3748 δέ
3502 3694 3624 3749 ούκ
3673 3693 3844 3764 ἐσμὲν

2223 3777 2603 3844 ὑποστολῆς
2650 3777 2742 3841 εἲς
2791 3778 3151 3850 ἀπώλειαν,
3200 3780 3372 3837 ἀλλὰ
3421 3782 3714 3845 πίστεως
3766 3780 3844 3842 εἷς

2221 3867 2662 3942 περιποίησιν
2701 3872 2948 3948 ψυχῆς.

2293 3957 2391 4012 Διά
2430 3959 2590 4012 τοῦτό
2640 3979 2734 4030 μοι
2782 3959 2873 4014 καὶ
2922 3961 2957 4028 ὴ
3007 3965 3252 4036 παροῦσα
3301 3960 3567 4032 ἐπιστολή
3600 3963 3731 4036 πρὸς
3763 3961 3844 4034 μὶν

2219 4048 2417 4111 πάντας
2447 4046 2591 4111 ’τοὺς
2642 4045 3069 4124 διεσπαρμένους
3112 4048 3404 4128 ἀδελφοὺς,
3445 4053 3538 4108 καὶ
3588 4051 3844 4131 διαφέρον·

2218 4158 2314 4198 τας
2343 4138 2435 4192 τὸν
2469 4134 2716 4214 διωγμὸν
2765 4137 3106 4202 θλιπτικῶς·
3159 4139 3442 4216 ἐξαιρέτως
3489 4140 3550 4198 δὲ
3597 4143 3672 4206 εἷς
3722 4142 3843 4213 ὑμᾶς

2217 4226 2344 4289 τοὺς
2393 4224 2750 4303 ὁμολογητᾶς
2798 4230 3058 4302 Χριστοῦ.
3092 4231 3456 4306 Ἐνέγκωμεν,
3487 4230 3717 4310 ἀδελφοί
3755 4251 3842 4304 μου

2218 4318 2509 4394 ἀγαπητοὶ,
2545 4316 2622 4373 ἔτι
2677 4317 2889 4393 μᾶλλον
2950 4317 3374 4396 δυναμούμενοι,
3410 4321 3537 4379 ἀλλ’
3589 4323 3650 4378 οὐ
3706 4342 3837 4377 κατα·

2218 4411 2547 4480 πτήσσοντες
2621 4411 2673 4465 ἐν
2749 4417 2866 4474 τοῖς
2945 4415 3256 4486 παθήμασι.
3313 4415 3520 4490 Σάρκες
3597 4413 3719 4473 εἶσί.
3764 4414 3837 4479 Μὴ

2222 4499 2576 4575 φεισώμεθα’
2629 4501 2759 4576 ὑπὲρ
2806 4507 3042 4575 Χριστοῦ
3097 4503 3531 4578 βασανιζόμενοι,
3586 4503 3838 4580 ἀγαλλιὼ-

459 4590 562 4646 Cui
598 4591 894 4648 abundant
937 4592 1182 4659 labores,
1227 4593 1478 4663 amplius
1519 4594 1785 4666 gaudeat,
1829 4602 2105 4664 tanquam

2223 4591 2372 4662 μεθα.
2400 4589 2457 4644 Ὀ
2487 4590 2815 4664 περισσεύων
2861 4589 2914 4646 ἒν
2943 4596 3060 4655 τοῖς
3090 4597 3304 4663 πόνοις,
3339 4594 3580 4669 χαιρέτω
3627 4591 3837 4667 μᾶλλον,

461 4681 719 4752 prmmiis
751 4682 1094 4738 abundans:
1129 4683 1223 4754 qui
1269 4683 1576 4738 verberum
1612 4699 1809 4752 poenas
1841 4683 2104 4738 reformi-

459 4772 580 4838 dat,
615 4775 835 4825 metum
869 4771 1138 4839 excutiat,
1189 4771 1581 4844 sempiternos
1621 4773 1914 4826 cruciatus
1947 4787 2104 4827 reco-

459 4858 672 4929 gitans.
710 4858 950 4915 Illorum
990 4861 1144 4915 enim
1191 4859 1394 4932 plaga,
1435 4863 1484 4915 si
1517 4875 1649 4916 cum
1684 4860 1774 4914 his
1803 4860 2105 4916 conferan-

453 4952 574 5017 tur,
627 4951 918 5004 somnium
980 4955 1120 5005 sunt
1173 4955 1230 5005 et
1277 4950 1506 5020 sagittae
1568 4949 1956 5018 parvulorum.
2010 4947 2105 5003 Nee

458 5053 676 5109 quaeso,
725 5040 1017 5095 obtestor:
1051 5041 1111 5095 in
1162 5039 1438 5094 aerumnis
1472 5054 1576 5109 pro
1607 5039 1838 5095 Christo
1863 5038 2102 5094 delecte-

458 5143 615 5194 mur,
656 5128 1036 5200 quantumvis
1068 5129 1392 5184 secundum
1450 5142 1686 5182 carnem
1719 5127 1840 5182 sint
1868 5143 2102 5182 amaras.

455 5217 932 5290 Contemplemur
961 5218 1159 5273 futura
1207 5221 1266 5273 et
1315 5217 1738 5288 permanentia,
1791 5232 1905 5270 non
1957 5231 2104 5286 prai-

450 5306 640 5362 sentia
714 5313 770 5363 et
849 5306 1277 5378 praetereuntis.
1341 5309 1688 5374 Expetamus
1756 5304 2102 5374 sanguinem

452 5403 723 5452 nostrum
778 5401 1103 5468 martyrum
1155 5395 1424 5465 sanguini
1470 5394 1814 5462 admiscere.
1875 5399 2101 5465 partem

451 5492 714 5541 nostram
745 5485 1145 5542 confessorum
1176 5484 1356 5557 parti:
1392 5488 1453 5541 ut
1481 5500 1617 5541 eum
1635 5485 1720 5542 eis
1743 5483 2101 5541 exsultemus

519 5668 543 5701 ⁴
571 5666 744 5726 Hebr.
773 5685 830 5736 ι,
861 5669 950 5725 38.
1027 5667 1050 5702 ⁵
1079 5667 1224 5726 Ibid.
1257 5668 1346 5724 39.

2217 4678 2291 4739 ὡς
2348 4677 2689 4734 πλεονεκτῶν
2763 4678 2815 4735 ἐν
2875 4685 2993 4744 τοῖς
3046 4683 3306 4755 μισθοῖς·
3369 4684 3397 4737 ὁ
3457 4681 3837 4756 δειλαινόμενος

2218 4767 2494 4844 μαστίγων
2540 4767 2770 4844 ἐνεγκεῖν
2820 4772 3044 4840 πόνους,
3089 4769 3179 4827 διὰ
3233 4775 3396 4828 τοῦτο
3452 4771 3744 4829 ἆποσειέτω
3790 4768 3839 4824 τὸ

2215 4855 2357 4929 δέος,
2407 4857 2503 4921 τὰς
2557 4858 2812 4922 αἰωνίους
2853 4860 3004 4923 ἀνίας
3044 4861 3507 4934 ἐννοούμενος.Δὶ
3564 4862 3663 4938 γαρ
3716 4858 3837 4927 πλη·

2212 4948 2302 5023 γαὶ
2357 4947 2535 5006 αὐτῶν
2573 4952 2709 5023 πρὸς
2765 4948 2994 5016 ἐκείνας,
3057 4946 3207 5025 ὄναρ,
3270 4949 3406 5024 βέλη
3463 4950 3696 5021 νηπίων.
3753 4945 3834 5002 Νιῖ

2215 5035 2430 5109 δέομαι,
2461 5033 2776 5094 ἀντιϐολῶ’
2818 5037 3211 5116 γλυκανθῶμεν
3266 5039 3318 5095 ἐν
3365 5045 3481 5102 τοῖς
3535 5041 3666 5115 ὑπὲρ
3714 5041 3834 5110 Χρι-

2211 5130 2346 5180 στοῦ
2377 5126 2658 5203 ἄλγήμασι
2683 5149 2699 5166 ο
2729 5128 2825 5184 κᾶν
2856 5126 2978 5184 λίαν
3019 5127 3262 5204 ὀδυνηρᾶ
3308 5129 3445 5185 κατὰ
3490 5131 3677 5203 σάρκα.
3711 5128 3836 5181 Ἀνα-

2213 5217 2506 5290 θεωρῶμεν
2551 5218 2620 5273 τὰ
2669 5215 2947 5291 μέλλοντα
2993 5219 3084 5274 καὶ
3136 5216 3365 5294 μένοντα
3392 5237 3408 5254 ⁸
3452 5218 3601 5275 ἀλλὰ
3659 5217 3731 5291 μή
3779 5213 3835 5269 τὰ

2212 5304 2449 5378 παρόντα
2521 5306 2613 5361 καὶ
2706 5308 3114 5386 παρερχόμενα.
3177 5310 3510 5383 Ποθήσωμεν
3591 5308 3652 5362 τὸ
3716 5307 3834 5376 αἷμα

2210 5393 2374 5466 ῆμὼν
2437 5395 2583 5468 μίξαί
2637 5401 2718 5470 τῷ
2773 5403 2882 5454 τῶν
2942 5399 3229 5474 μαρτύρων
3291 5396 3526 5473 αἵματιο
3576 5397 3636 5452 τὸ
3691 5392 3834 5468 μέρος

2209 5484 2372 5557 ἡμῶν
2417 5489 2491 5561 τῇ
2540 5491 2647 5543 τῶν
2697 5485 3068 5565 ὁμολογητῶν
3116 5485 3296 5566 μερίδι
3330 5506 3344 5523 ο
3371 5485 3463 5544 ’ἶνα
3499 5487 3828 5564 χορεύσωμεν
