4062 6280
310 444 466 508 1233

1560 453 2123 522 EPISTOLARUM
2167 457 2314 518 LIB.
2361 455 2436 518 II.

3562 453 3717 515 1234

307 576 402 632 σὺν
459 579 645 643 αὐτοῖς
699 580 914 640 αἰώνια.
964 582 1054 645 Τίς
1106 579 1411 660 φρονίμος;
1466 585 1550 647 τίς
1608 587 1812 666 conde;
1870 587 1924 643 τί

2068 591 2126 646 in
2175 595 2481 646 aeternum.
2511 589 2653 652 Quis
2703 588 2955 660 prudens
2992 586 3020 641 ?
3067 587 3200 658 quis
3243 585 3478 656 sapiens
3508 585 3536 638 Ἰ
3585 585 3716 656 quis

305 667 472 729 καλὸς
553 672 993 746 πραγματευτὴς,
1081 667 1266 725 δοῦναι
1350 674 1488 745 αἷμα
1570 674 1660 728 καὶ
1760 671 1946 731 λαϐεῖν

303 759 520 830 πνεῦμα
551 777 565 792 ·
611 767 1014 836 καταφρονῆσαι
1069 761 1266 836 σαρκὸς
1314 761 1403 816 καὶ
1453 761 1732 838 ἐπιτυχεῖν
1789 766 1948 838 βασι-

306 844 456 908 λείας
490 851 660 918 Θεοῦ;
693 849 748 903 Ὀ
779 848 993 926 φιλῶν
1022 851 1139 918 τήν
1168 853 1390 926 ψυχὴν
1437 849 1666 920 αὐτοῦ,
1708 854 1948 910 ἀπολέ-

305 955 402 990 σει
431 937 654 1006 αὐτὴν,
685 939 830 994 εἶπεν
861 941 888 994 ὁ
920 938 1115 1013 Κύριος
1145 957 1161 973 '
1209 941 1316 995 καὶ
1349 941 1378 996 ὁ
1424 943 1632 1014 μισῶν
1680 945 1799 1013 τὴν
1846 947 1948 1018 ψυσ

301 1025 428 1098 χήν
475 1024 674 1081 αὐτοῦ
724 1025 788 1084 ἐν
816 1032 902 1099 τῷ
952 1028 1404 1104 αἶ’ὦνιτούτῳ,
1438 1031 1533 1094 είς
1583 1033 1759 1102 ζωὴν
1792 1033 1943 1088 αἰώ-

300 1133 443 1168 νιον
494 1112 772 1190 φυλάξει
818 1117 1044 1188 αὐτήν.
1095 1121 1506 1192 Ἐνωτισθῶμεν
1559 1121 1688 1182 τοὺς
1741 1119 1944 1198 λόγους

302 1201 487 1258 αὐτοῦ’
522 1204 969 1280 ἀκολουθήσομεν
995 1207 1161 1281 αὒυῷ.
1192 1211 1399 1268 ’Όπου
1428 1210 1555 1288 ἐγώ
1589 1211 1750 1284 εἶμί,
1784 1214 1943 1292 φησί,

300 1290 439 1347 ἐκεῖ
480 1291 664 1349 ἔσται
713 1297 818 1351 καὶ
854 1299 882 1351 ὁ
928 1295 1234 1360 διάκονος
1263 1302 1290 1354 ὁ
1340 1298 1518 1373 ἐμός.
1552 1306 1664 1356 Ποῦ
1695 1290 1938 1371 ἐκεῖνος;

300 1382 424 1436 Ἐπὶ
457 1390 692 1455 σταυροῦ
723 1405 738 1420 ·
772 1385 860 1441 καὶ
892 1389 1051 1460 ἡμεῖς
1083 1390 1133 1443 οἱ
1160 1390 1429 1452 ταπεινοὶ,
1464 1392 1538 1452 ὡς
1572 1395 1940 1463 μαθητιῶντες

298 1472 472 1545 αὐτῷ,
508 1472 638 1532 ἐκεῖ.
674 1474 983 1546 Παρακαλῶ
1017 1478 1155 1551 ὑμᾶς
1184 1479 1470 1554 ἀνέχεσθαι
1499 1485 1594 1535 τοῦ
1640 1480 1810 1556 λόγου
1837 1488 1938 1550 τῆς

296 1559 719 1633 παρακλήσεως.
781 1566 876 1620 Καὶ
934 1568 1040 1642 γὰρ
1095 1566 1184 1622 δια
1244 1568 1493 1644 βραχέων
1554 1572 1588 1639 ἡ
1647 1570 1935 1641 ἐπιστολή.

300 1653 599 1707 Γινώσκετε
630 1655 778 1728 ἡμᾶς
824 1656 952 1719 τοὺς
981 1657 1344 1732 ἁμαρτωλοὺς
1393 1659 1628 1737 χαίρειν,
1663 1658 1790 1737 ἄλλ’
1838 1659 1939 1716 οὔκ

293 1737 545 1810 ἀθυμεῖν,
572 1738 678 1804 ἕως
706 1739 764 1798 ἂν
820 1744 976 1816 ὑμεῖς
1011 1745 1175 1818 μόνον
1217 1735 1440 1816 στήκετε
1487 1745 1538 1802 ἐν
1585 1735 1786 1823 Κυρίῳ.
1820 1750 1934 1804 Ἀσ-

294 1827 520 1897 παζεται
554 1830 692 1903 ὑμᾶς
739 1832 1010 1896 Νικόλαος
1042 1836 1071 1889 ὁ
1121 1834 1472 1910 σύγκλειστος
1519 1839 1609 1892 καὶ
1657 1837 1935 1909 σύμπονος

293 1917 385 1971 καὶ
417 1919 824 1993 συστρατιώτης
859 1943 984 1995 μου,
1006 1922 1160 1996 ἅμῶν
1193 1923 1250 1979 δὲ
1280 1923 1513 2002 ἀδελφὸς
1543 1924 1928 1997 ἀληθέστατος.

295 2007 631 2064 Ἀσπάσασθε
679 2010 963 2082 ἀλλήλους
1013 2011 1065 2068 έν
1126 2014 1401 2092 φιλήματι
1460 2017 1621 2094 ἁγίῳ,
1671 2018 1723 2071 οἱ
1762 2018 1936 2089 ἀθλη-

293 2096 381 2150 ταὶ
410 2095 537 2159 τοὺς
577 2099 946 2172 συναθλητάσ,
977 2105 1028 2158 οἱ
1078 2101 1436 2180 δεδιωγμένοι
1465 2108 1593 2170 τοὺς
1641 2104 1935 2185 δεδιωγμέ-

293 2206 416 2248 νους
449 2205 465 2220 ·
518 2190 570 2243 οἱ
601 2190 796 2252 πάντες
826 2191 956 2255 τοὺς
1003 2195 1298 2271 φιλοῦντας
1347 2198 1488 2271 ὑμᾶς
1533 2197 1585 2253 ἒν
1635 2197 1834 2254 πίστει.
1869 2197 1937 2254 Εἴ

289 2295 372 2336 τις
399 2274 508 2351 οὐχ
549 2278 816 2355 ὁμολογεῖ
860 2283 954 2337 τὸν
1004 2283 1196 2358 Κύριον
1228 2288 1391 2358 ἡμῶν
1441 2290 1650 2357 Ἰησοῦν
1697 2289 1930 2361 Χριστὸν

289 2365 694 2446 ἐγγραφόμενον
746 2372 984 2445 σώματι.
1015 2374 1135 2442 ἤτω
1185 2375 1425 2450 ἀνάθεμα
1472 2377 1579 2434 ἀπὸ
1626 2387 1726 2450 τῆς
1769 2381 1934 2452 Τριά-

289 2452 404 2517 δος.
436 2461 498 2511 Ἡ
530 2458 727 2532 χάρις
777 2465 892 2515 τοῦ
939 2461 1181 2534 Κυρίου
1229 2466 1420 2537 ἡμῶν
1469 2467 1686 2536 Ἰησοῦ
1730 2469 1932 2544 Χρισ-

283 2548 401 2600 τοῦ
445 2546 579 2617 μεθ’
619 2547 822 2621 ὑμῶν.
860 2551 1081 2622 Ἄμήν.

544 2673 667 2730 ΛΘ’.
708 2705 779 2717 -
815 2645 1443 2753 Ἀθανασίῳτέκνῳ.
1489 2683 1668 2756 [τιβ’.]

2059 678 2249 734 bonus
2302 678 2646 748 negotiator,
2699 682 2764 732 ut
2801 677 2898 730 det
2941 675 3286 747 sanguinem
3329 678 3386 729 et
3436 672 3710 744 spiritum

2059 770 2332 840 accipiat:
2366 785 2600 825 carnem
2633 772 2995 838 aspernetur,
3037 771 3093 819 et
3123 780 3371 836 regnum
3431 763 3530 818 Dei
3567 779 3711 818 con-

2058 861 2380 930 sequatur?
2407 859 2510 926 Qui
2539 863 2686 913 amat
2716 855 2965 910 animam
2994 871 3174 922 suam,
3213 853 3402 921 perdet
3441 868 3582 920 eam,
3630 854 3711 908 ait

2060 949 2366 1015 Dominus;
2399 953 2451 1004 et
2481 950 2575 1018 qui
2603 946 2715 1002 odit
2753 949 2998 1000 animam
3028 961 3184 999 suam
3230 946 3290 997 in
3345 944 3442 997 hoc
3479 941 3710 1006 mundo,

2054 1037 2116 1092 in
2148 1040 2316 1092 vitam
2345 1042 2610 1092 mter-nam
2639 1034 2901 1090 custodiet
2947 1050 3068 1089 eam
3096 1032 3140 1088 θ.
3179 1031 3499 1087 Audiamus
3529 1030 3706 1087 verba

2053 1126 2236 1193 illius,
2295 1135 2349 1182 et
2396 1141 2718 1197 sequamur
2772 1141 2937 1180 eum:
3001 1122 3100 1180 Ubi
3142 1139 3265 1177 sum
3310 1137 3424 1191 ego,
3485 1119 3704 1192 inquit,

2051 1216 2176 1273 illic
2205 1216 2312 1272 erit
2349 1224 2400 1271 et
2426 1217 2683 1270 minister
2707 1230 2862 1269 meus
2889 1214 2931 1270 ⁷.
2965 1212 3216 1268 Ubinam
3246 1211 3344 1265 ille
3362 1210 3390 1266 ?
3422 1212 3484 1265 In
3507 1226 3698 1265 cruce.

2053 1309 2121 1363 Et
2161 1324 2267 1364 nos
2302 1306 2575 1372 humiles,
2625 1310 2904 1374 tanquam
2945 1305 3072 1374 ejus
3113 1300 3408 1372 discipuli,
3453 1300 3694 1356 ibidem.

2051 1398 2302 1453 Obsecro
2343 1413 2441 1452 vos
2490 1401 2555 1450 ut
2599 1394 2892 1450 sufferatis
2942 1393 3184 1448 verbum
3238 1390 3696 1446 exhortationis:

2050 1485 2260 1541 etenim
2295 1484 2601 1557 perpaucis
2631 1482 2839 1553 scripsi
2875 1481 3061 1537 vobis.
3092 1481 3300 1535 Scitote
3351 1495 3457 1534 nos
3488 1495 3700 1550 pecca—

2048 1581 2200 1632 tores
2226 1576 2496 1646 gaudere,
2519 1578 2576 1628 et
2622 1573 2885 1628 animum
2919 1588 3030 1626 non
3072 1569 3458 1641 despondere,
3514 1585 3702 1637 quan-

2048 1665 2146 1720 diu
2188 1663 2356 1719 statis
2405 1663 2464 1717 in
2507 1662 2774 1718 Domino.
2816 1659 3041 1716 Salutat
3081 1676 3184 1714 vos
3229 1656 3503 1714 Nicolaus
3553 1673 3700 1712 con-

2045 1754 2304 1824 captivus
2371 1768 2555 1818 meus,
2605 1756 2663 1808 et
2712 1749 2925 1806 laboris
2975 1749 3185 1814 socius,
3253 1755 3307 1802 et
3374 1746 3698 1802 commilito

2045 1858 2232 1908 meus,
2262 1846 2450 1896 vester
2479 1845 2672 1895 autem
2703 1845 2760 1896 et
2791 1840 2962 1893 frater
3007 1836 3370 1893 verissimus.
3432 1835 3695 1891 Salutate

2042 1932 2287 1987 invicem
2318 1931 2377 1987 in
2409 1931 2610 1986 osculo
2642 1933 2841 1985 sancto
2875 1947 2890 1996 ;
2924 1927 3171 1995 athletas,
3221 1942 3322 1983 eos
3375 1926 3476 1997 qui
3519 1921 3701 1979 simul

2044 2027 2344 2095 pugnant;
2392 2019 2858 2090 persecutionem
2891 2017 3066 2087 passi,
3112 2033 3211 2072 eos
3268 2015 3369 2087 qui
3417 2031 3699 2086 persecu-

2041 2111 2257 2168 tionem
2291 2109 2448 2182 passi
2478 2117 2647 2176 sunt;
2683 2107 2935 2163 universi
2966 2123 3064 2162 eos
3095 2107 3198 2177 qui
3249 2121 3349 2160 vos
3397 2109 3596 2159 amant
3633 2103 3695 2158 in

2041 2200 2174 2256 ﬁde.
2200 2200 2259 2254 Si
2290 2200 2422 2270 quis
2453 2215 2569 2253 non
2601 2198 2908 2253 confitetur
2932 2195 3242 2251 Dominum
3293 2199 3558 2262 nostrum
3590 2191 3695 2247 Je-

2041 2306 2174 2344 sum
2217 2289 2507 2344 Christum
2559 2302 2796 2357 corpore
2844 2285 3162 2356 depictum,
3198 2284 3510 2338 anathema
3553 2281 3695 2336 sita

2039 2377 2342 2434 Trinitate.
2378 2377 2566 2433 Gratia
2618 2377 2837 2432 Domini
2882 2374 3062 2430 nostri
3105 2375 3234 2428 Jesu
3292 2370 3494 2426 Christi
3521 2370 3700 2426 vobis-

2046 2485 2190 2524 cum.
2232 2468 2400 2525 Amen
2428 2468 2472 2524 ⁸.

2435 2682 2686 2740 XXXIX.
2727 2712 2798 2724 -
2835 2682 3129 2738 Athanasio
3159 2680 3296 2751 ﬁlio.

1332 2781 1630 2844 Propositus
1661 2781 1725 2832 de
1748 2783 2027 2833 mendacio
2058 2782 2319 2848 quastioni
2353 2782 2660 2846 respondet.

364 2850 500 2924 Πρὸς
531 2856 648 2913 τοῖς
697 2850 890 2916 ἄλλοις
930 2853 1020 2909 καὶ
1066 2855 1230 2911 τοῦτο
1273 2859 1408 2930 ἡμῖν
1459 2860 1659 2932 ἂγαθὸν
1707 2860 1759 2916 έν
1807 2867 1927 2924 ταῖς

293 2937 521 3014 ἡμέραις
551 2939 774 3005 ταύταις
823 2943 1247 3020 ἀγωνιζομένοις
1301 2947 1431 3021 ὑπὲρ
1462 2947 1722 3018 ἀληθείας
1769 2953 1924 3020 Θεοῦ,

287 3031 612 3108 συχνότερον
647 3041 748 3102 τῆς
778 3036 905 3109 παρ’
933 3033 1202 3107 ἀλλήλων
1219 3045 1404 3116 φωνῆς
1440 3037 1529 3094 διά
1557 3045 1652 3096 τοῦ
1673 3042 1927 3118 γράμμα-

281 3143 374 3184 τος
425 3122 663 3194 ἀκούειν,
721 3123 811 3184 καὶ
861 3123 1269 3181 ἀνακοινοῦσθαι
1313 3127 1407 3189 τάς
1457 3127 1511 3183 ἐν
1557 3128 1756 3203 καρδίᾳ
1807 3126 1927 3183 δια-

282 3212 477 3275 θέσεις.
509 3214 672 3286 Ὁρᾷς
716 3213 839 3288 γὰρ,
886 3211 1085 3290 ἀδελφέ
1133 3216 1479 3292 ἢγαπημένε,
1530 3218 1679 3280 ὅπως
1729 3219 1921 3274 ὡσανεὶ

2107 2866 2191 2920 Ad
2225 2870 2433 2921 cetera
2479 2865 2632 2920 bona
2675 2872 2728 2919 et
2776 2863 2934 2917 istud
2985 2860 3152 2916 nobis
3191 2861 3297 2915 hac
3340 2862 3687 2930 tempestate

2037 2954 2301 3026 contigit,
2354 2953 2454 3025 qui
2486 2969 2588 3024 pro
2617 2953 2719 3008 Dei
2762 2951 3004 3007 veritate
3049 2949 3424 3017 dimicamus,
3476 2954 3536 3003 ut
3581 2948 3695 3003 fre-

2035 3043 2314 3116 quentius
2364 3048 2624 3098 mutuam
2687 3058 2786 3111 per
2841 3040 3061 3095 litteras
3125 3055 3326 3094 vocem
3382 3038 3691 3092 audiamus

2034 3132 2335 3204 animique
2369 3133 2549 3187 nostri
2584 3130 2920 3186 affectiones
2944 3128 3459 3183 communicemus.
3513 3125 3689 3181 Vides

2032 3223 2210 3286 enim,
2260 3220 2466 3275 dilecte
2519 3220 2710 3285 frater,
2779 3221 2840 3270 ut
2870 3215 3217 3289 quotidiana
3263 3215 3685 3287 propemodum

280 3299 607 3381 ἐφημερίδες
661 3302 716 3355 αἱ
794 3301 1078 3359 ἐπιστολαὶ
1156 3305 1485 3380 ὑπάρχουσι,
1562 3308 1921 3362 συνάπτουσαι

2038 3308 2292 3382 epistolae
2332 3313 2472 3364 sunt
2501 3309 2719 3380 quibus
2752 3307 2968 3376 majore
2995 3306 3147 3360 inter
3177 3321 3282 3359 nos
3341 3303 3686 3359 benevolen-

276 3393 430 3462 ἡμᾶς
477 3389 862 3465 φιλικώτερον.
895 3389 1005 3448 Ἴδε
1044 3392 1187 3448 πόσα
1231 3396 1376 3450 καλά
1423 3398 1452 3451 ὁ
1502 3396 1632 3472 ὑπὲρ
1687 3401 1921 3472 Χριστοῦ

280 3475 528 3551 διωγμὸς
558 3477 863 3555 παρέσχετο
897 3496 911 3510 ⁸
953 3477 1042 3533 καὶ
1073 3477 1152 3535 ἔτι
1193 3482 1527 3557 παράσχοιεν
1564 3501 1579 3516 ⁶
1629 3483 1758 3539 ἐπάν
1805 3487 1922 3560 θερ-

281 3563 552 3640 μοτέρους
596 3567 745 3638 ἡμᾶς
793 3566 930 3641 πρὸς
978 3573 1038 3622 τὸ
1096 3569 1218 3640 ἑξῆς
1270 3567 1510 3644 λάϐοιεν,
1560 3571 1726 3646 μηδὲν
1781 3574 1922 3630 ὑπο-

275 3655 618 3724 πτήσσοντας
675 3659 784 3710 τῶν
864 3656 1242 3731 ἀνθρωπίνων.
1295 3661 1473 3718 Ἀλλᾶ
1539 3661 1916 3738 γλιχομένους

272 3743 344 3798 τὰ
373 3743 687 3817 θεομίμητα
737 3743 978 3800 ὑποίσειν
1007 3748 1326 3821 παθήματα,
1359 3747 1429 3804 δι’
1478 3753 1510 3805 ἄ
1553 3749 1660 3806 ὧδε
1704 3753 1919 3808 κάκεῖσε

274 3826 574 3907 φερόμενος
632 3833 724 3888 καὶ
778 3834 938 3896 αὐτὸς
997 3833 1203 3898 ἀλθεῖς.
1261 3836 1416 3894 Ἀλλ’
1470 3841 1526 3894 εὗ
1594 3834 1740 3897 ἔσται
1796 3848 1914 3904 τοῖς

276 3921 544 3997 βοηθοῦσι
577 3921 664 3977 καὶ
709 3919 1121 4000 συνδιαφέρουσί
1163 3946 1246 3980 σοι
1293 3928 1359 3982 τὰ
1390 3927 1735 4002 ἀγωνίσματα
1767 3950 1781 3964 ⁸
1833 3931 1914 3993 οἷς

270 4011 364 4068 καὶ
404 4012 591 4074 καλῶς
639 4010 1209 4088 προαπελογησάμην,
1259 4017 1348 4072 καὶ
1402 4016 1550 4080 αὖθις
1601 4017 1667 4088 δὴ
1719 4019 1914 4076 ἀπολο-

273 4103 544 4180 γήσομαι.
1635 4160 1648 4172 ,

345 4191 464 4244 Ἐπὶ
509 4186 566 4244 δὲ
603 4190 703 4258 τὴν
752 4189 1019 4265 ἐρώτησιν
1072 4191 1310 4266 μέτειμι,
1345 4194 1444 4249 ἐῶν
1497 4197 1629 4273 ὑπὲρ
1679 4199 1751 4253 ὧν
1805 4196 1914 4254 δώ.

270 4299 384 4354 ρων
416 4278 778 4354 ἐγκωμιάζεις
807 4301 896 4352 με,
925 4281 1019 4345 τὰς
1051 4281 1348 4355 ἀντιλέξεις
1379 4285 1626 4341 ἀποίσειν
1663 4310 1678 4322 ο
1708 4289 1782 4350 ὡς
1835 4291 1912 4364 μὴ

271 4366 531 4456 οἰηθῆναι
566 4389 633 4441 με
683 4370 1106 4442 συγκαταθέσθαι
1156 4378 1274 4434 τοῖς
1323 4373 1586 4438 ἐπαίνοις.
1629 4375 1759 4450 Εἰμὶ
1809 4379 1914 4456 γὰρ

269 4450 479 4531 ἕρημος
535 4457 734 4525 παντὸς
786 4457 1006 4534 ἀγαθοῦ.
1055 4463 1234 4519 ’Ὁπου
1291 4461 1382 4517 οῦν
1443 4465 1471 4519 ὁ
1533 4463 1700 4543 μέγας
1760 4450 1912 4522 Βασί-

270 4547 445 4614 λειος,
475 4546 540 4600 τὸ
570 4549 685 4625 φῶς
714 4551 812 4601 τοῦ
841 4547 1069 4621 κόσμου,
1100 4551 1422 4626 ἀποφήσειε,
1453 4554 1556 4608 τίνι
1605 4554 1912 4627 τολμητέον

2031 3403 2110 3458 tia
2137 3399 2498 3474 cepulamur.
2531 3399 2675 3453 Vide
2705 3401 2845 3468 quot
2872 3396 3026 3451 bona
3057 3393 3340 3466 pepererit
3366 3409 3468 3464 pro
3519 3391 3680 3447 Chri-

2029 3497 2120 3548 sto
2170 3487 2511 3562 persecutio,
2567 3497 2620 3543 et
2671 3487 2860 3541 adhuc
2908 3484 3161 3556 paritura
3209 3483 3307 3547 sit,
3367 3488 3670 3554 postquam

2029 3595 2136 3634 nos
2175 3577 2533 3632 ardentiores
2564 3575 2635 3630 ad
2669 3590 2734 3629 ea
2764 3589 2890 3643 quze
2934 3573 3160 3626 instant
3204 3571 3474 3640 effecerit,
3525 3569 3672 3624 nihil

2025 3669 2419 3726 humanorum
2451 3681 2692 3722 casuum
2724 3664 3162 3718 extimescentes
3194 3661 3296 3716 sed
3347 3660 3440 3715 Dei
3488 3675 3680 3716 exem-

2029 3760 2124 3830 plo
2156 3756 2449 3814 molestias
2478 3752 2800 3827 perferendi
2832 3752 3102 3823 cupidos,
3131 3767 3229 3821 per
3279 3766 3423 3822 quas
3461 3749 3576 3805 huc
3621 3755 3679 3804 et

2028 3849 2167 3904 illuc
2207 3851 2262 3902 et
2294 3848 2413 3918 ipse
2454 3845 2704 3915 agitatus
2745 3843 3012 3898 dimicas.
3055 3842 3166 3897 Sed
3209 3850 3358 3896 recte
3405 3857 3538 3895 cum
3582 3840 3676 3894 his

2028 3947 2230 4009 agetur
2261 3937 2354 4008 qui
2384 3935 2488 3991 tibi
2528 3949 2695 4004 opem
2738 3934 2947 4002 ferunt,
2979 3949 3044 3987 ac
3096 3930 3314 3986 bellum
3363 3945 3478 3985 una
3525 3929 3672 3985 tole-

2027 4033 2192 4083 rant:
2225 4043 2370 4098 quos
2396 4030 2453 4080 et
2475 4025 2599 4094 jam
2629 4027 2762 4079 ante
2801 4021 3025 4093 egregie
3057 4019 3309 4084 defendi,
3359 4033 3674 4090 rursusque

2027 4105 2357 4172 defendam.

2097 4206 2178 4261 Ab
2206 4200 2720 4272 interrogationem
2765 4198 2953 4267 venio,
3025 4196 3297 4252 omittens
3346 4195 3670 4267 quidquam

2024 4307 2303 4366 reponere
2341 4291 2399 4346 in
2439 4305 2636 4344 earum
2669 4288 2903 4343 laudum
2942 4286 3124 4342 vicem
3155 4285 3363 4354 quibus
3404 4300 3496 4340 me
3526 4300 3671 4340 one-

2024 4398 2155 4446 ras;
2196 4395 2268 4436 ne
2315 4379 2510 4433 videar
2556 4376 2878 4432 laudationi
2930 4373 3222 4430 assentiri.
3262 4377 3404 4428 Sum
3449 4374 3668 4428 etenim

2023 4469 2216 4528 omnis
2241 4467 2372 4522 boni
2393 4482 2618 4536 expers.
2662 4463 2769 4519 Ubi
2816 4463 2994 4536 igitur
3039 4477 3285 4534 magnus
3335 4461 3586 4517 Basilius
3627 4462 3671 4528 ⁸,
3738 4521 3743 4525 ,

2022 4560 2124 4615 lux
2165 4557 2344 4623 orbis,
2390 4553 2740 4610 sententiam
2784 4552 3048 4625 protulit,
3091 4552 3220 4622 quis
3272 4568 3425 4607 sanie
3457 4549 3670 4606 mentis

270 4629 455 4711 ἔχοντι
501 4639 623 4691 νοῦν
671 4634 818 4697 ὅλως
868 4637 1277 4718 ἀντιφέρεσθαι;
1327 4643 1480 4698 Ἐστι
1533 4641 1590 4698 δὲ
1635 4649 1797 4700 τοῦτο
1856 4645 1906 4700 ἐν

2038 4647 2301 4704 »διυοιιιτὶ
2332 4642 2556 4700 aussit?
2584 4644 2682 4697 Est
2712 4642 2865 4698 istud
2897 4642 2955 4696 in
2982 4639 3426 4712 interrogatione
3448 4639 3672 4696 Asceti-

268 4731 342 4800 τῇ
399 4724 665 4802 ἐρωτήσει
729 4730 836 4781 τῶν
923 4727 1250 4799 ἀσκητικῶν,
1307 4732 1444 4786 καθὰ
1521 4734 1856 4808 ὑπεσημήνω
1889 4752 1905 4768 ⁸

270 4815 440 4900 ἤγουν
476 4835 489 4848 ·
524 4839 553 4867 ι(
614 4816 679 4870 Εἴ
728 4818 838 4891 χρὴ
874 4817 1190 4892 οἰκονομίας
1241 4818 1400 4894 δῆθεν
1448 4823 1735 4898 χρησίμδυ
1779 4826 1916 4900 ψεύ-

273 4899 478 4964 δεσθαι,
515 4927 543 4955 ›)
586 4905 730 4979 Πρὸς
777 4907 833 4960 ὅν
882 4927 1046 4981 φησιν
1078 4926 1092 4940 ’
1143 4931 1171 4960 ‹‹
1220 4910 1283 4964 Ἥ
1337 4909 1604 4990 ἀπόφασις
1650 4918 1747 4968 τοῦ
1795 4899 1914 4969 ῨΚυ..

270 4993 394 5060 ρίου
426 4994 588 5065 ἡμῶν
620 4995 803 5064 Ἰησοῦ
833 5000 1070 5068 Χριστοῦ
1098 5001 1258 5052 τοῦτο
1304 4997 1364 5052 οὗ
1397 5007 1680 5077 συγχωρεῖ
1711 5021 1724 5034 ·
1777 5004 1912 5074 ἅπαξ

267 5082 542 5149 εἰπόντος,
575 5081 656 5136 ὅτι
703 5083 765 5136 τὸ
818 5082 1014 5158 ψεῦδος
1063 5084 1122 5141 έκ
1166 5090 1262 5141 τοῦ
1295 5083 1557 5144 διαϐόλου
1589 5090 1696 5145 ἐστί
1729 5109 1743 5123 ⁶
1795 5089 1910 5146 δια-

265 5171 436 5250 φορὰν
491 5168 726 5244 ψεύδους
780 5173 1052 5247 μηδεμίαν
1104 5173 1466 5254 ἐμφήναντος.
1518 5180 1617 5233 Καὶ
1667 5181 1694 5234 ὀ
1743 5181 1908 5236 Ἀπό-

267 5259 470 5322 στολος
501 5256 562 5315 δὲ
595 5267 859 5339 μαρτυρεῖ
887 5265 1122 5338 γράψας,
1152 5264 1234 5320 ὅτι
1283 5265 1418 5321 Κᾶν
1470 5266 1639 5342 ἀθλῇ
1688 5290 1805 5333 τις,
1838 5270 1909 5324 σὺ

264 5355 777 5430 στεφανοῦνται,
808 5353 994 5426 εἰμὴ
1025 5355 1330 5429 νομίμως
1361 5357 1704 5427 ἀθλήσει.»
1737 5364 1909 5416 Ταῦτα

267 5440 364 5513 μὲν
411 5440 557 5515 παρὰ
605 5443 702 5495 τοῦ
755 5443 988 5513 Πατρός.
1038 5445 1214 5523 Ἔφης
1244 5443 1302 5500 δὲ
1348 5449 1699 5520 προσκεῖσθαι
1747 5449 1799 5503 έν
1829 5455 1908 5521 τῷ

264 5530 549 5608 κεφαλαίῳ
579 5532 838 5609 σχόλιον,
869 5534 954 5590 ὅτι
1003 5539 1292 5612 χρησίμου
1321 5535 1492 5594 ἕνεκεν
1539 5543 1574 5610 ἡ
1619 5539 1908 5616 ἐρώτησις,

263 5621 367 5677 οὐκ
396 5619 694 5694 ἀναγκαίου
728 5638 743 5654 ·
795 5621 860 5678 οὐ
888 5625 990 5699 γὰρ
1020 5627 1211 5682 ταυτὸν
1257 5627 1554 5706 ἀμφότερα.
1591 5629 1690 5684 Καὶ
1738 5629 1904 5685 πάλιν

334 5748 355 5782 ⁸
384 5746 554 5804 Joan.
588 5763 688 5812 xu,
724 5747 813 5804 25.
892 5747 915 5782 ⁷
940 5750 1084 5807 Ibid.
1116 5753 1211 5810 26.
1287 5755 1308 5789 ⁸
1338 5755 1356 5810 ι
1389 5755 1592 5811 Thess.
1636 5756 1726 5810 28.

1803 5755 1826 5790 9
1858 5757 2136 5827 interrog.
2187 5756 2277 5810 76.

2022 4753 2245 4802 corum,
2288 4740 2352 4789 ut
2395 4734 2754 4790 subnotasti:
2809 4731 3074 4787 videlicet
3105 4753 3132 4781 «
3175 4730 3454 4801 Nunquid
3506 4729 3668 4783 utilis

2022 4823 2474 4898 dispensationis
2505 4839 2680 4878 causa
2741 4820 3142 4877 mentiendum
3195 4819 3273 4874 sit
3306 4820 3335 4873 ?
3364 4841 3391 4869 ‹‹
3438 4818 3532 4874 cui
3578 4835 3670 4873 re-

2021 4915 2285 4988 spondet.
2323 4933 2350 4963 «
2381 4912 2496 4968 Hoc
2528 4913 2818 4968 sententia
2838 4910 3072 4967 Domini
3121 4909 3300 4965 nostri
3330 4911 3468 4964 Jesu
3500 4909 3668 4963 Chri-

2022 5007 2091 5062 sti
2127 5021 2244 5061 non
2274 5002 2434 5070 sinit,
2468 5019 2499 5056 ε
2520 5018 2636 5073 quo
2668 5003 2890 5057 dictum
2941 5002 3176 5073 pracise
3203 5003 3290 5054 est
3323 5002 3391 5068 ¹ο,
3425 4997 3668 5052 menda-

2021 5097 2176 5152 cium
2207 5110 2276 5148 ex
2316 5093 2547 5151 diabolo
2623 5107 2788 5147 esse:
2837 5106 2941 5146 nec
3012 5087 3193 5142 ullum
3261 5089 3312 5142 is
3379 5085 3667 5140 mendacii

2020 5185 2331 5242 discrimen
2364 5183 2636 5240 ostendit.
2677 5180 2822 5246 Quin
2873 5179 2980 5234 hoc
3011 5177 3165 5233 idem
3189 5175 3498 5247 Apostolus
3525 5190 3663 5245 quo-

2020 5291 2130 5346 que
2165 5279 2410 5330 testatur
2459 5273 2550 5328 his
2594 5271 2822 5326 verbis:
2873 5266 2986 5323 Etsi
3026 5268 3253 5322 certavit
3289 5264 3515 5336 aliquis,
3555 5279 3665 5319 non

2017 5374 2318 5420 coronatur
2383 5363 2498 5418 nisi
2569 5361 2811 5430 legitime
2856 5357 3143 5414 certaverit
3185 5360 3253 5414 “.
3295 5377 3323 5405 »
3373 5355 3663 5410 Hactenus

2019 5452 2202 5509 Pater.
2253 5453 2464 5508 Aiebas
2516 5456 2706 5506 autem
2751 5449 3069 5520 appositam
3113 5446 3285 5516 capiti
3322 5444 3660 5499 adnotatio-

2018 5558 2151 5597 nem
2184 5543 2338 5614 quod
2372 5543 2442 5596 de
2475 5539 2741 5595 utilitatis
2782 5554 2959 5593 causa
2996 5533 3368 5604 interrogatio
3406 5533 3502 5600 sit,
3546 5548 3660 5587 non

2017 5631 2406 5687 necessitatis.
2437 5629 2633 5700 Neque
2662 5628 2816 5684 enim
2855 5632 3168 5696 utrumque
3189 5622 3664 5678 idem.Rursum-

2358 5755 2402 5792 ιο
2451 5758 2618 5810 Joan.
2659 5768 2822 5820 xvm,
2853 5752 2941 5806 44.
3019 5751 3060 5787 ¹¹
3113 5749 3166 5806 II
3212 5747 3467 5804 Timoth.
3501 5762 3562 5817 ιι,
3608 5746 3664 5800 5.
