4062 6280
449 415 605 479 1235

1699 415 1762 476 S.
1807 415 2202 476 THEODOBI
2247 413 2608 476 STUDlT/E

3689 417 3828 480 1236

446 568 558 624 que
618 551 796 607 altero
854 549 1040 618 capite
1098 548 1172 603 ab
1229 548 1430 605 eodem
1510 549 1741 605 doctore
1807 548 1956 604 tradi
2025 547 2092 617 ’³,

2218 546 2258 602 ἒν
2288 545 2452 621 ἑτέρῳ
2502 546 2782 626 κεφαλαίῳ
2825 547 2917 603 τὸν
2947 547 3108 604 αὐτὸν
3156 556 3420 627 φωστῆρα
3464 548 3636 626 λέγειν
3664 565 3681 583 ⁸
3727 553 3828 607 ὅτι-

446 643 773 713 ponendam
808 656 910 712 pro
939 639 1144 694 amicis
1176 639 1434 694 animam
1460 639 1546 695 vel
1593 641 1661 694 ad
1707 648 1948 694 mortem
1990 655 2096 694 us—

448 747 580 802 que,
614 731 736 785 sive
767 730 991 784 amicus
1023 734 1307 800 peccator,
1340 729 1459 784 sive
1500 730 1701 799 justus
1751 727 1846 783 sit.
1901 729 1984 783 Ila
2033 731 2098 784 ut

446 819 693 875 dubium
726 820 821 886 sit,
854 818 991 873 hinc
1038 819 1269 889 quibem
1305 834 1443 873 num
1476 818 1773 873 mentiaris
1805 818 2099 873 incidente

448 925 622 964 causa
682 907 780 962 ubi
838 914 1042 979 agatur
1103 907 1424 963 necessario
1493 908 1562 962 de
1625 913 1808 963 morte
1862 907 2094 976 fratris;

446 1000 584 1054 inde
616 1014 749 1054 vero
783 1015 920 1053 num
972 1015 1074 1068 pro
1115 1000 1241 1069 ipso
1280 998 1532 1055 animam
1583 1015 1786 1069 ponas.
1831 1003 1903 1053 At
1943 999 2096 1054 enim

453 1089 560 1144 nisi
594 1087 860 1153 mentiar,
892 1087 1112 1158 inquis,
1145 1091 1339 1142 actum
1371 1091 1458 1142 est
1497 1087 1568 1141 de
1598 1087 1770 1142 amici
1800 1087 1956 1142 vita:
2005 1087 2094 1142 sin

454 1183 645 1233 autem
678 1176 944 1239 mentior,
989 1193 1092 1231 nec
1137 1176 1392 1247 legitime
1440 1181 1613 1243 certo,
1656 1180 1712 1230 et
1749 1193 1782 1230 a
1833 1181 1942 1231 Deo
1992 1177 2096 1231 de-

453 1267 660 1323 scisco.
693 1265 810 1320 Hoc
839 1265 1019 1336 igitur
1049 1274 1217 1336 caput
1249 1265 1414 1320 affert
1455 1265 1598 1320 mihi
1649 1265 2096 1338 dubitationem,

450 1365 525 1421 et,
559 1361 621 1412 ut
651 1356 922 1422 arbitror,
957 1355 1160 1410 multis
1187 1354 1360 1410 etiam
1393 1354 1543 1409 aliis.
1576 1355 1839 1410 Conabor
1886 1355 2097 1410 nihilo-

454 1446 666 1511 minus,
700 1447 887 1515 quoad
925 1445 1044 1498 ﬁeri
1065 1443 1291 1514 poterit,
1312 1460 1654 1513 responsum
1674 1445 1812 1498 dare
1830 1444 2100 1499 charitati

453 1540 588 1601 tum,
631 1533 747 1589 Deo
802 1534 1099 1603 largiente.
1140 1534 1298 1598 Quod
1342 1532 1518 1603 igitur
1565 1537 1884 1588 secundum
1947 1533 2098 1589 illam

448 1623 906 1691 adnotationem,
950 1638 1065 1676 non
1105 1622 1260 1676 idem
1319 1623 1395 1676 sit
1435 1621 1575 1677 utile
1635 1625 1787 1693 quod
1835 1639 2100 1678 necessa-

447 1713 624 1777 rium,
656 1728 860 1768 verum
889 1715 1004 1781 est,
1033 1710 1179 1767 illud
1202 1711 1359 1767 enim
1401 1713 1746 1783 contingens
1789 1718 1893 1767 est.
1933 1712 2100 1768 Verbi

443 1803 660 1872 gratia:
696 1801 832 1856 utile
861 1807 950 1856 est
981 1817 1073 1856 me
1105 1818 1237 1856 cum
1272 1800 1371 1856 illo
1415 1801 1653 1857 homine
1700 1805 1771 1857 de
1801 1802 1902 1856 tali
1925 1819 2103 1873 argu—

2203 656 2302 709 περ
2354 633 2434 690 δεῖ
2479 635 2682 692 τιθὲναι
2733 638 2830 706 τὴν
2881 639 3069 714 ψυχὴν
3115 639 3248 711 ὑπὲρ
3295 644 3404 696 τῶν
3452 639 3628 719 φίλων
3679 643 3833 715 μέχρι

2205 725 2454 794 θανάτου,
2517 725 2624 780 εἴτε
2679 726 3038 801 ἁμαρτωλοῦ,
3097 727 3202 784 εἴτε
3259 727 3473 784 δικαίου
3540 727 3690 792 ὄντος
3742 733 3833 785 τοῦ

2207 813 2391 892 φίλου.
2424 817 2514 878 Ὡς
2569 815 2805 872 ἐντεῦθεν
2863 818 3088 892 ἀπορεῖν
3148 839 3206 874 σι
3262 817 3354 874 καὶ
3423 820 3499 891 μή
3562 816 3831 893 ψεύδεσθαι

2208 902 2355 965 ὅλως
2411 907 2464 958 ἓν
2516 910 2634 966 ταῖς
2689 901 3116 978 συμϐαινούσαις
3171 909 3431 983 ἀνάγκαις
3492 907 3569 970 εἷς
3627 907 3831 963 θάνατον

2205 993 2467 1062 ἡκούσαις
2496 991 2734 1071 ἀδελφοῦ
2769 1016 2782 1028 ·
2814 999 2904 1050 καί
2935 993 3102 1051 πάλιν
3131 998 3230 1068 τήν
3278 999 3465 1073 ψυχὴν
3501 997 3633 1072 ὑπὲρ
3685 998 3831 1052 αὐτοῦ

2206 1084 2428 1140 τιθέναι.
2483 1084 2604 1138 Ἐὰν
2652 1085 2756 1159 γὰρ
2817 1087 2892 1157 μή
2960 1086 3270 1159 ψεύσωμαι,
3325 1088 3432 1165 φής
3492 1087 3829 1156 ἀποθνήσκειν

2203 1173 2294 1228 τὸν
2325 1171 2484 1248 φίλον
2519 1192 2533 1204 ·
2585 1173 2673 1228 καὶ
2725 1171 3058 1247 ψευδόμενος
3106 1173 3205 1231 οὒκ
3251 1175 3408 1231 ἀθλῶ
3453 1175 3705 1248 νομίμως
3751 1177 3830 1230 καὶ

2205 1261 2448 1318 ἐκπίπτω
2479 1267 2577 1316 τοῦ
2608 1267 2762 1319 Θεοῦ.
2799 1260 2966 1318 Τοῦτο
3018 1262 3110 1318 οὗν
3139 1266 3202 1319 τὸ
3244 1262 3542 1341 κεφάλαιον
3589 1265 3678 1318 καὶ
3719 1261 3834 1336 ἐμοὶ

2205 1351 2552 1424 ἠπορημένον
2587 1351 2699 1407 ἐστί
2731 1373 2745 1387 ο
2798 1351 2944 1407 δοκῶ
2985 1350 3042 1408 δὲ
3070 1353 3160 1410 καὶ
3215 1352 3477 1415 πολλοῖς.
3513 1353 3832 1426 Πειράσομαι

2208 1439 2254 1496 δ’
2286 1439 2376 1495 οὖν
2427 1442 2599 1513 ὅμως,
2648 1442 2721 1503 ὼς
2773 1443 2887 1498 οἷόν
2941 1441 2998 1497 τὲ
3046 1464 3162 1515 μοι,
3213 1441 3401 1500 δοῦναι
3453 1443 3736 1518 ἁπόκρισεν
3775 1446 3837 1515 τῇ

2208 1529 2384 1605 ἀγάπῃ
2420 1551 2535 1601 σου,
2572 1527 2918 1593 εὐδοκοῦντος
2969 1535 3123 1586 Θεοῦ.
3159 1534 3280 1586 Ὅτι
3333 1532 3427 1603 μὲν
3481 1529 3572 1586 οῦν
3618 1531 3748 1586 κατὰ
3786 1531 3839 1585 τὸ

2207 1622 2435 1693 σχόλιον
2475 1620 2535 1675 οὐ
2565 1621 2758 1676 ταύτὸν
2805 1622 3085 1696 χρήσιμον
3126 1623 3216 1676 καὶ
3265 1622 3582 1696 ἀναγκαῖον,
3633 1620 3840 1691 ἀληθὲς.

2207 1712 2280 1766 Τὸ
2315 1710 2408 1782 μὲν
2441 1711 2540 1785 γὰρ
2569 1707 2920 1785 ἐνδεχόμενόν
2954 1709 3118 1766 ἐστιν’
3152 1713 3288 1774 οἷον,
3325 1713 3606 1786 χρήσιμον
3643 1707 3706 1778 δὴ
3745 1707 3846 1764 διαο

2210 1797 2473 1877 λεχθῆναί
2509 1819 2576 1871 με
2614 1803 2693 1870 τῷ
2740 1797 2872 1854 δεῖνι
2905 1799 3027 1876 περὶ
3075 1797 3235 1855 τοῦδε
3267 1821 3281 1835 ο
3321 1799 3470 1855 ἀλλὰ
3527 1800 3633 1872 μὴν
3665 1797 3756 1854 κᾶν
3785 1798 3839 1853 οὗ

444 1897 639 1946 mento
677 1891 996 1946 disserere:
1031 1891 1130 1946 sed
1183 1896 1378 1946 tamen
1419 1892 1525 1946 etsi
1574 1908 1688 1946 non
1729 1891 2100 1961 dissererem,

2218 1886 2542 1960 Ξιαλέξαιμι,
2591 1887 2704 1945 ἔστι
2750 1887 2966 1945 δυνατὸν
3014 1888 3293 1966 ἐπιτυχεῖν
3344 1892 3442 1946 τοῦ
3492 1887 3838 1960 ζητουμένου.

449 1981 574 2035 ﬁeri
609 1986 796 2051 potest
830 1985 892 2035 ut
943 1981 1250 2050 qumsitum
1295 1997 1395 2050 per
1437 1997 1496 2036 se
1549 1981 1823 2036 inveniat.
1869 1982 1934 2036 Et
1979 2000 2104 2036 rur-

448 2086 608 2126 sum:
658 2070 797 2124 utile
826 2074 915 2125 est
959 2071 1031 2124 ab
1079 2085 1269 2125 errore
1316 2070 1648 2142 quempiam
1691 2087 1999 2126 revocare:
2042 2077 2100 2126 at

450 2176 786 2232 quanquam
851 2159 1129 2214 hodierno
1209 2160 1298 2214 die
1343 2175 1455 2214 non
1530 2175 1811 2225 revocem,
1877 2161 2097 2230 possim

443 2249 634 2319 ipsum
705 2266 833 2304 cras
889 2264 1174 2304 revocare.
1239 2249 1540 2317 Ejusmodi
1586 2256 1671 2304 est
1721 2251 1900 2320 igitur
1941 2252 2096 2320 quod

440 2339 580 2394 utile
607 2338 837 2406 dicitur,
873 2353 1081 2409 nempe
1122 2338 1486 2410 contingens.
1539 2341 1610 2393 At
1650 2340 1803 2410 quod
1830 2355 2094 2394 necessa-

436 2428 616 2496 rium,
649 2427 801 2482 idem
834 2427 1166 2482 inevitabile
1213 2430 1317 2492 est,
1361 2443 1465 2482 nec
1521 2433 1707 2498 potest
1772 2428 2012 2484 omnino
2037 2428 2096 2483 in

445 2522 752 2586 utramque
781 2521 1004 2585 partem
1035 2515 1238 2587 accipi.
1271 2515 1530 2585 Exempli
1563 2515 1746 2588 gratia
1771 2534 1784 2572 :
1808 2516 1931 2571 Nisi
1965 2533 2096 2572 sum

449 2607 627 2661 sacris
657 2605 941 2670 initiatus,
970 2605 1094 2660 ﬁeri
1126 2620 1239 2660 non
1273 2609 1454 2674 potest
1487 2610 1547 2659 ut
1578 2622 1691 2660 non
1741 2606 1977 2660 ablutus
2009 2623 2099 2661 sa-

447 2696 628 2750 lutem
683 2710 1024 2764 consequar.
1066 2697 1137 2748 At
1184 2709 1414 2748 rursum
1470 2695 1515 2748 si
1564 2694 1798 2749 dixero:
1851 2695 2094 2750 Possum

2210 1979 2315 2035 Καὶ
2390 1979 2555 2034 πάλιν
2602 1998 2614 2010 ο
2697 1980 2976 2054 χρήσιμόν
3065 1979 3204 2034 ἐστιν
3279 1978 3690 2054 ἀποστραφῆναι
3759 1978 3836 2032 τὸν

2213 2067 2358 2124 δεῖνα
2386 2089 2396 2099 ·
2431 2066 2580 2123 ἀλλᾶ
2617 2068 2722 2142 γὰρ
2752 2067 2847 2123 κᾶν
2879 2071 3118 2142 σήμερον
3157 2069 3232 2141 μὴ
3281 2067 3642 2144 ἀποστραφῶ,
3675 2063 3842 2123 δυναί-

2213 2178 2318 2230 μην
2365 2157 2522 2211 αὐτὸν
2572 2154 2758 2232 αὔριον
2817 2158 3252 2235 ἀποστραφῆναι.
3302 2156 3567 2213 Τοιοῦτόν
3627 2155 3734 2212 ἑστι
3785 2155 3839 2209 τὸ

2207 2247 2509 2319 χρήσιμον,
2555 2243 2678 2316 ἤτοι
2723 2243 3099 2322 ἐνδεχόμενον.
3139 2247 3208 2301 Τὸ
3254 2243 3310 2300 δὲ
3357 2243 3667 2322 ἀναγκαῖον,
3711 2245 3835 2298 ἀπα·

2209 2335 2462 2408 ραίτητόν
2511 2334 2643 2393 ἐστι.
2693 2337 2764 2390 Τὸ
2813 2337 3025 2399 παντως
3078 2337 3155 2409 μή
3202 2333 3616 2413 ἂμφοτερίζειν.
3678 2335 3832 2390 Οἴον·

2209 2424 2295 2480 ἐάν
2331 2424 2444 2497 εἰμι
2477 2424 2747 2496 ἀμύητος,
2782 2426 2885 2481 οὐκ
2913 2422 3192 2503 ἐνδέχεται
3231 2425 3304 2495 μή
3343 2421 3834 2498 βαπτισθησόμενον

2209 2515 2451 2582 σωθῆναί
2486 2535 2572 2585 με.
2609 2514 2708 2571 Καὶ
2741 2513 2922 2585 πάλιν,
2972 2512 3063 2570 ἐὰν
3095 2511 3233 2568 εἷ’πω
3265 2533 3280 2547 ·
3333 2512 3576 2584 Δυνάμαι
3611 2513 3687 2585 μὴ
3737 2511 3840 2565 dva-

2205 2609 2382 2672 πνεῖν,
2415 2604 2505 2657 καὶ
2540 2608 2634 2678 ζῇν
2671 2624 2683 2637 ·
2718 2601 2916 2678 ψεῦδος
2947 2621 2962 2637 ο
3016 2605 3302 2680 ἀναγκαῖον
3337 2602 3439 2676 γὰρ
3469 2602 3537 2658 τὸ
3589 2603 3838 2666 ἀναπνεῖν,

2207 2693 2268 2746 οῦ
2297 2693 2474 2770 χωρὶς
2510 2692 2610 2746 οὐκ
2641 2689 2754 2747 ἔστι
2789 2696 2911 2766 ζῇν,

454 2801 572 2839 non
636 2785 846 2838 ducere
909 2783 1176 2855 spiritum
1208 2787 1264 2838 et
1311 2783 1536 2850 vivere;
1591 2785 1963 2840 mendacium
1994 2788 2117 2840 est:
2163 2799 2397 2840 necesse
2427 2789 2515 2840 est
2561 2787 2716 2840 enim
2765 2795 2958 2839 aerem
3007 2784 3239 2853 ducere,
3287 2781 3410 2838 sine
3458 2798 3580 2853 quo
3629 2796 3729 2836 nec
3773 2780 3842 2833 fas

446 2890 658 2929 Vivere.

527 2964 626 3018 Dei
667 2962 856 3034 itaque
886 2963 1159 3018 mandata
1192 2963 1515 3020 necessarie
1541 2965 1612 3019 ab
1635 2981 1733 3020 ore
1755 2965 1942 3021 veraci
1970 2981 2102 3035 pro-

450 3057 572 3109 tata
617 3059 774 3119 sunt,
816 3068 881 3106 ac
926 3053 1240 3108 necessarii
1292 3055 1495 3110 eadem
1537 3055 1950 3110 custodienda:
2008 3070 2106 3108 ne-

452 3159 562 3213 que
603 3148 740 3197 sunt
783 3147 1006 3196 natura)
1056 3142 1363 3211 versatilis,
1409 3151 1467 3198 ut
1517 3143 1810 3198 interdum
1865 3143 2102 3215 quidem

450 3234 669 3288 servari
701 3249 769 3286 ea
796 3232 885 3286 fas
917 3231 1010 3298 sit,
1041 3231 1339 3286 interdum
1369 3233 1568 3286 nefas:
1605 3241 1700 3287 aut
1729 3234 1800 3287 ab
1838 3232 1937 3288 illo
1968 3231 2101 3303 qui-

451 3325 608 3386 dem,
640 3324 711 3377 ab
745 3324 853 3376 isto
889 3323 1160 3377 minime:
1193 3327 1291 3377 aut
1325 3323 1422 3378 illo
1457 3324 1656 3394 utique
1678 3328 1960 3394 tempore,
1989 3340 2102 3379 non

451 3413 593 3468 item
628 3412 756 3476 isto,
791 3411 892 3466 sed
927 3426 1177 3482 semper,
1209 3415 1265 3466 et
1291 3429 1322 3466 a
1345 3412 1548 3483 quovis
1592 3412 1847 3481 homine,
1881 3419 1937 3468 et
1965 3429 2106 3484 quo-

451 3501 538 3556 vis
601 3507 876 3570 tempore.
928 3500 1284 3571 Quapmpter
1331 3503 1475 3555 dixit
1523 3517 1767 3572 magnus
1808 3501 2102 3560 Basilius:

459 3612 487 3640 ‹‹
521 3589 840 3643 Discrimen
873 3590 1159 3643 mendacii
1193 3589 1419 3644 nullum
1452 3591 1728 3654 ostendit,
1764 3610 1789 3640 ιι
1827 3595 1891 3645 ut
1914 3593 1983 3645 de
2006 3608 2104 3646 ne-

457 3680 731 3733 cessitate
764 3679 1062 3748 responsio
1093 3679 1187 3744 sit,
1223 3695 1559 3748 quanquam
1589 3679 1964 3750 interrogatio
1991 3697 2110 3751 pro-

452 3767 639 3840 posita
670 3767 743 3821 sit
773 3768 842 3821 de
882 3768 1276 3838 contingente.
1312 3767 1468 3823 ldem
1498 3769 1655 3823 enim
1700 3773 1808 3836 est,
1854 3777 1915 3823 ut
1966 3770 2107 3837 dixi,

457 3856 595 3910 utile
627 3863 681 3911 et
711 3856 1076 3926 contingens.
1111 3857 1258 3922 Quid
1293 3863 1490 3926 postea
1515 3857 1631 3924 ﬁet,
1671 3864 1735 3911 ut
1756 3859 2111 3927 praemonui-

462 3946 558 4010 sti,
597 3947 646 4000 si
679 3946 913 4000 fratrem
967 3946 1112 4000 mori
1172 3947 1491 4016 conlingat,
1545 3962 1611 4000 eo
1661 3949 1813 4016 quod
1875 3948 2108 4003 mentiri

461 4053 575 4090 non
604 4035 792 4090 ausim
814 4035 840 4088 ?
869 4033 982 4089 Hoc
1015 4052 1146 4090 vero
1181 4035 1544 4089 mendacium
1580 4052 1692 4091 non
1726 4041 1834 4104 est,
1883 4039 2108 4106 opinor.

453 4126 626 4180 Juvat
655 4125 984 4194 exemplum
1017 4124 1125 4178 tale
1155 4125 1214 4178 in
1250 4141 1343 4179 me
1373 4126 1497 4196 ipso
1542 4125 1776 4195 ﬁngere.
1833 4127 1992 4181 Venit
2039 4127 2110 4182 ad

459 4229 549 4270 me
616 4213 808 4284 puella
855 4229 1026 4282 quam
1104 4213 1318 4284 aliquis
1383 4219 1675 4283 stuprator
1755 4215 2108 4287 insequitur,

460 4311 615 4359 orat:
673 4304 754 4356 Ne
825 4301 1136 4372 stupratori
1208 4319 1300 4358 me
1373 4305 1584 4373 prodas
1659 4304 1887 4376 roganti
1971 4321 2112 4360 num

463 4393 620 4462 apud
673 4396 732 4445 te
779 4390 938 4444 domi
982 4390 1132 4457 sim;
1183 4391 1405 4462 alioqui
1457 4409 1550 4448 me
1589 4395 1863 4448 continuo
1919 4394 2111 4450 vitiat.

460 4482 660 4552 igitur,
738 4486 1073 4550 corruptore
1159 4483 1446 4548 veniente,
1529 4499 1594 4537 ac
1699 4487 2113 4554 percontante:

462 4572 616 4627 Num
643 4570 797 4626 venit
820 4571 928 4626 huc
948 4569 1106 4641 apud
1131 4575 1184 4625 te
1208 4571 1439 4642 puella?
1467 4572 1522 4627 Si
1550 4589 1773 4643 negem,
1799 4590 1913 4628 non
1955 4590 2117 4630 men-

2284 2963 2349 3019 Αἱ
2397 2960 2584 3017 τοίνυν
2644 2958 2859 3015 ἐντολαὶ
2915 2963 3013 3016 τοῦ
3073 2962 3207 3015 Θεοῦ
3263 2959 3400 3015 κατᾶ
3455 2959 3521 3014 τὸ
3582 2958 3843 3031 ἀναγκαῖον

2213 3052 2358 3126 παρὰ
2412 3051 2508 3106 τοῦ
2563 3046 2828 3124 ἀψευδοῦς
2889 3049 3161 3122 στόματος
3227 3046 3665 3124 διηγορεύθησαν
3697 3066 3710 3079 ·
3766 3043 3841 3100 καὶ

2214 3141 2262 3212 ἐξ
2315 3141 2558 3217 ἇοάγκης
2610 3139 2891 3211 ὀφείλουσι
2951 3135 3310 3216 φυλάττεσθαι
3343 3155 3356 3171 ⁸
3413 3135 3474 3192 οῦ
3537 3132 3842 3210 τρεπόμεναὲ

2216 3231 2293 3292 εἰς
2323 3231 2383 3285 τὸ
2415 3238 2490 3298 πῆ
2529 3230 2621 3302 μὲν
2678 3225 2989 3303 ἐνδέχεσθαι
3024 3227 3406 3304 φυλάττεσθαι,
3441 3227 3519 3295 πῆ
3577 3225 3654 3294 δὲ,
3685 3221 3744 3280 οὗ

2214 3321 2316 3374 ὑπὸ
2346 3317 2502 3374 τοῦδε
2537 3320 2655 3391 μὲν,
2697 3319 2782 3373 ναί
2817 3338 2830 3352 ·
2882 3317 2984 3372 ὑπὸ
3012 3313 3169 3372 τοῦδε
3215 3314 3292 3385 δὲ,
3327 3313 3388 3371 οὔ
3423 3335 3436 3348 ο
3469 3316 3506 3385 ἢ
3560 3315 3691 3370 ποτε
3739 3314 3841 3384 μὲν,

2211 3409 2295 3465 ναί
2329 3427 2341 3441 °
2373 3410 2505 3464 ποτε
2537 3406 2612 3477 δὲ,
2647 3405 2709 3462 οὔ
2742 3425 2757 3440 °
2793 3407 2918 3462 ἀλλ’
2949 3407 3051 3462 ἀεί·
3085 3405 3176 3461 καὶ
3207 3405 3295 3460 ἐπὶ
3327 3405 3529 3467 παντὸς
3564 3402 3841 3478 προσώπου

2213 3500 2300 3554 καὶ
2334 3501 2548 3572 καιροῦ.
2577 3498 2727 3554 Κατᾶ
2770 3500 2931 3551 τοῦτο
2964 3494 3174 3569 εἴρηκεν
3222 3495 3250 3548 ὁ
3308 3493 3474 3567 μέγας
3525 3492 3799 3552 Βασίλειος
3828 3505 3839 3519 ⁶

2217 3612 2246 3640 ‹‹
2281 3587 2548 3665 Διαφορὰν
2592 3583 2820 3662 ψεύδους
2857 3581 3130 3658 μηδεμίαν
3173 3583 3515 3662 ἐμφήναντος
3544 3599 3558 3613 ο
3597 3605 3625 3633 »
3659 3582 3730 3643 ὡς
3771 3578 3841 3633 ὅτι

2216 3676 2268 3748 ἐξ
2300 3677 2589 3750 ἀναγκαίου
2638 3678 2672 3745 ἡ
2722 3675 3012 3752 ἀπόφασιςο
3048 3672 3143 3728 κᾶν
3192 3673 3226 3742 ἡ
3270 3671 3547 3747 ἐρώτησις
3594 3669 3838 3745 προεταθη

2219 3768 2292 3828 ὡς
2323 3761 2680 3840 ἐνδεχομένη.
2712 3764 2916 3819 Ταυτὸν
2964 3761 3088 3838 γὰρ,
3123 3763 3198 3824 ὡς
3245 3758 3397 3835 ἔφην,
3444 3762 3726 3836 χρήσιμον
3769 3755 3839 3810 καὶ

2218 3852 2600 3929 ἐνδεχόμενον.
2653 3853 2782 3909 Εἶτα
2838 3852 2887 3906 τί
2946 3852 3251 3927 γενήσεται,
3300 3851 3438 3904 καθᾶ
3497 3849 3757 3925 regnis-qq,
3798 3843 3841 3899 ἐν

2219 3947 2287 4016 τῇ
2339 3939 2604 4015 συμϐάσει
2651 3947 2748 3996 τοῦ
2797 3940 3156 4008 ἀποθνήσκειν
3207 3939 3298 3992 τὸν
3358 3935 3593 4010 ἀδελφὸν
3647 3941 3724 4006 τῷ
3777 3933 3838 4006 μή

2220 4029 2545 4103 αἱρήσασθαί
2581 4053 2646 4103 με
2678 4029 2971 4104 ψεύσασθαι
2997 4047 3012 4096 ;
3043 4031 3217 4085 Τοῦτο
3250 4024 3308 4080 δὲ
3358 4025 3456 4081 οὐκ
3484 4016 3600 4081 ἔστι
3645 4020 3839 4100 ψεῦδος,

2222 4121 2296 4183 ὥς
2328 4119 2472 4176 δοκω
2506 4139 2519 4153 ·
2557 4123 2672 4174 οἷον
2710 4117 3179 4192 μετασχηματίζω
3228 4115 3306 4177 εἷς
3337 4114 3573 4186 ἐμαυτὸν
3622 4108 3841 4169 τοιοῦτόν

2221 4235 2295 4267 τι.
2326 4209 2495 4267 Ἦλθε
2543 4210 2680 4282 κόρη
2727 4209 2861 4283 πρός
2915 4228 2981 4280 με
3030 4204 3341 4279 διωκομένη
3394 4205 3499 4260 {md
3545 4225 3684 4266 τινος
3725 4202 3842 4278 φθο-

2223 4301 2382 4374 ρὲως,
2422 4299 2650 4354 αἰτοῦσα
2712 4299 2788 4372 μὴ
2848 4301 3152 4374 φανερῶσαι
3208 4300 3286 4366 τῷ
3343 4297 3541 4373 φθορεῖ
3597 4291 3840 4368 ἐρωτῶντι

2224 4388 2307 4444 ὅτι
2361 4410 2428 4462 με
2477 4388 2771 4468 φυλάττοις
2803 4407 2816 4420 ·
2869 4385 2979 4442 ἐπεὶ
3041 4384 3244 4463 φθείρει
3297 4406 3362 4457 με
3411 4386 3645 4446 πάντως.
3677 4381 3839 4436 Τοίνυν

2224 4477 2478 4540 ἐλθόντος
2510 4481 2605 4532 τοῦ
2636 4475 2900 4555 φθορέως,
2944 4475 3034 4530 καὶ
3082 4473 3468 4548 ἀνακρίναντος
3501 4494 3516 4508 ·
3567 4473 3724 4541 ἦλθεν
3756 4463 3843 4522 ὧδε

2225 4571 2363 4644 κόρη
2399 4567 2533 4642 πρός
2574 4585 2667 4637 σεὶ
2712 4566 2883 4642 λέγων
2915 4564 3044 4642 ἐγὼ,
3077 4561 3138 4619 οὗ
3172 4583 3185 4597 ·
3221 4563 3282 4619 οὐ
3315 4560 3611 4638 ψεύδομαι·
3647 4561 3749 4634 οὐχ
3773 4558 3842 4612 ὅτι

464 4663 613 4716 tior:
651 4677 763 4715 non
795 4659 946 4729 quod
982 4676 1093 4714 non
1143 4677 1266 4716 esse
1310 4663 1467 4717 domi
1528 4662 1779 4733 puellam
1823 4664 2106 4734 cogitem:

2229 4657 2328 4712 οὐκ
2355 4651 2472 4732 ἔχω
2500 4659 2598 4724 τήν
2627 4651 2794 4727 κόρην
2828 4653 3184 4730 λογιζόμενος
3219 4672 3231 4685 ’
3266 4649 3394 4708 ἀλλ’
3425 4652 3509 4707 ὅτι
3543 4650 3607 4706 οὐ
3649 4649 3838 4717 ποιήσει

471 4753 567 4806 sed
610 4750 764 4820 quod
809 4748 968 4803 istud
1004 4749 1394 4806 admissurum
1435 4752 1588 4819 apud
1641 4767 1730 4806 me
1779 4755 1969 4807 scelus
2023 4770 2126 4824 per

479 4841 835 4896 reticentiam
880 4857 1108 4913 negem.
1170 4840 1385 4896 lterum
1443 4839 1643 4895 aliud:
1685 4841 1950 4896 Gladium
1987 4842 2130 4898 mihi

477 4930 774 4984 commisit
793 4929 1000 5002 aliquis
1019 4946 1132 5002 quo
1155 4947 1218 4985 se
1241 4932 1364 5000 ipse
1387 4929 1684 4985 interimat
1707 4948 1719 4996 ;
1742 4948 1873 4987 mox
1894 4933 2130 4987 veniens

486 5019 639 5073 hunc
690 5036 724 5074 a
754 5037 844 5075 me
899 5021 1168 5090 reposcit.
1213 5020 1272 5074 Si
1315 5021 1511 5074 dixero
1551 5020 1762 5090 igitur:
1813 5021 1928 5076 Nec
1975 5020 2128 5090 novi,

471 5125 582 5165 nec
604 5109 825 5181 accepi;
861 5126 973 5165 non
1007 5110 1254 5164 mentior
1287 5126 1300 5177 ;
1331 5124 1499 5163 nosse
1537 5109 1830 5164 enimvero
1865 5126 1954 5164 me
1986 5125 2131 5180 nego

487 5203 586 5252 aut
619 5199 910 5268 accepisse
937 5205 1000 5252 ut
1031 5199 1286 5269 gladium
1320 5197 1425 5252 tibi
1449 5199 1517 5252 ad
1545 5209 1787 5251 mortem
1815 5199 2130 5269 porrigam.

472 5291 618 5340 Nam
650 5288 696 5342 si
725 5287 955 5342 dixero:
991 5289 1081 5341 Sic
1115 5296 1237 5341 est:
1281 5285 1479 5341 vitiata
1535 5287 1726 5356 puella
1756 5292 1864 5354 est,
1916 5291 1973 5340 et
2017 5287 2132 5342 sibi

479 5391 677 5430 necem
710 5375 909 5430 intulit
940 5376 1038 5446 qui
1070 5375 1331 5446 gladium
1356 5376 1534 5430 dedit.
1584 5374 1698 5429 Hoc
1729 5393 1861 5431 vero
1909 5375 2130 5432 malum

475 5469 590 5520 est:
629 5463 840 5518 malum
872 5469 1065 5517 autem
1103 5481 1213 5519 non
1247 5481 1311 5518 ex
1371 5465 1524 5519 bono
1578 5467 1675 5519 sed
1708 5481 1775 5520 ex
1825 5467 2128 5522 mendacio

452 5561 562 5610 est.
593 5553 740 5608 Nam
774 5552 1061 5608 mendacii
1084 5557 1265 5624 pater,
1292 5553 1442 5610 idem
1478 5558 1534 5609 et
1561 5559 1762 5610 auctor
1789 5555 1944 5610 mali.
1966 5555 2132 5612 Puel-

552 5733 598 5768 ¹²
628 5733 909 5804 Interrog.
943 5733 1064 5789 176.

2235 4751 2395 4802 τοῦτο
2446 4747 2604 4822 ἐγγύς
2658 4767 2762 4817 μου
2805 4744 2866 4799 τὸ
2909 4743 3147 4816 πονηρὸν
3198 4739 3334 4796 κατᾶ
3389 4741 3451 4795 τὸ
3510 4739 3839 4810 σιωπώμενον

2235 4835 2416 4907 litus.
2452 4835 2547 4890 Καὶ
2580 4834 2742 4889 πάλιν
2777 4831 2917 4890 ἄλλο
2947 4851 2962 4866 ⁸
2997 4829 3268 4905 Παρέθετό
3303 4829 3397 4902 μοί
3426 4850 3508 4891 τις
3541 4830 3688 4905 ξίφος
3725 4823 3841 4897 πρὶς

2234 4928 2296 4980 τὸ
2329 4926 2559 4997 ἀναιρεῖν
2593 4922 2778 4978 ἑαυτόν
2811 4942 2824 4955 ·
2879 4922 2993 4976 εἶτα
3023 4919 3196 4976 ἐθλὼν
3245 4917 3494 4988 ἐπιζητεῖ
3537 4920 3692 4972 τοῦτο
3736 4910 3842 4981 παρ’

2237 5013 2392 5089 ἐμοῦ.
2425 5013 2549 5071 Ἐὰν
2584 5012 2676 5068 οῦν
2728 5011 2886 5079 εἴπω,
2919 5012 3003 5066 ὅτι
3037 5008 3136 5065 οὐκ
3185 5005 3324 5076 οἶδα,
3358 5003 3483 5061 οὐδέ
3513 5000 3702 5062 ἔλαϐον
3734 5021 3746 5034 ·
3791 4997 3841 5054 οὗ

2236 5087 2544 5179 ψευδοεπῶ.
2577 5101 2686 5157 Οὐκ
2717 5099 2840 5156 οἶδα
2881 5100 3004 5175 γὰρ,
3039 5095 3203 5173 λέγω,
3232 5094 3357 5152 οὐδὲ
3406 5089 3598 5151 ἔλαϐον
3644 5091 3766 5164 πρὸς
3792 5087 3842 5142 τὸ

2237 5177 2513 5249 ἔπιδοῦναί
2567 5193 2630 5262 μέ
2689 5205 2775 5245 σοι
2832 5189 2894 5244 τὸ
2943 5188 3093 5262 ξίφος
3154 5185 3231 5247 εἷς
3288 5183 3557 5240 θάνατον·
3602 5181 3731 5245 ἐπεὶ,
3769 5177 3841 5232 ἐὰν

2238 5285 2395 5350 εἶ’πω,
2445 5281 2548 5350 ναὶ,
2597 5280 2798 5358 ἐφθάρη
2847 5281 2882 5348 ἡ
2940 5276 3077 5350 κόρη
3111 5295 3126 5310 ⁶
3176 5274 3267 5330 καὶ
3326 5269 3540 5353 ἔσφαξεν
3600 5262 3840 5358 tantm-6

2239 5369 2362 5432 δοὺς
2389 5372 2449 5425 τὸ
2481 5372 2635 5446 ξίφος
2669 5388 2682 5402 ο
2714 5367 2803 5423 καὶ
2835 5362 2946 5422 ἔστι
2977 5369 3139 5420 τοῦτο
3169 5363 3356 5419 κακόν.
3389 5368 3458 5416 Το
3489 5357 3544 5414 δὲ
3587 5357 3736 5413 κανὸν
3763 5349 3842 5406 οὐκ

2237 5463 2286 5532 ἐξ
2320 5440 2704 5536 ἀγαθοῦ,“ἀλλ’
2735 5458 2794 5511 ἐκ
2822 5453 3050 5530 ψεύδους
3083 5472 3096 5484 ·
3130 5453 3308 5524 πατὴρ
3341 5449 3442 5526 γὰρ
3471 5451 3565 5503 τοῦ
3612 5440 3839 5536 ψεῦδους,

2237 5553 2265 5606 ὁ
2294 5557 2393 5620 τῆς
2421 5550 2613 5610 κακίας
2644 5547 2887 5622 εὑρετής.
2919 5545 2988 5600 Τὸ
3020 5542 3076 5599 δὲ
3127 5542 3481 5616 μήφθαρῆναι
3525 5538 3623 5605 τήν
3675 5531 3838 5604 κόρην,
