4062 6280
338 391 491 454 1237

1580 385 2129 450 EPISTULARUM
2176 380 2322 450 LIB.
2371 392 2449 453 ΙΙ.

3575 399 3731 461 1238

329 530 419 584 καὶ
458 530 532 601 μή
565 528 797 603 ἀναιρεῖν
825 522 1012 582 ἑαυτδν
1040 526 1131 582 τὸν
1170 521 1478 601 ξιφοδότην,
1524 523 1726 599 ἀγαθόν
1753 540 1766 554 ⁸
1809 525 1871 578 τὸ
1914 519 1971 577 δὲ

2089 523 2203 582 lam
2236 532 2429 583 autem
2464 544 2578 585 non
2612 529 2824 596 vitiari,
2861 546 2965 586 nec
3018 529 3124 585 sibi
3159 546 3360 588 necem
3400 533 3600 590 afferre
3630 534 3729 606 qui

326 616 548 693 ἀγαθόν,
581 621 615 686 ἡ
650 616 881 687 ἀλήθεια
902 636 915 649 ⁸
950 616 978 671 6
1010 616 1138 675 Θεὸς
1169 613 1273 688 γὰρ
1302 613 1503 690 ἀγαθὸς
1535 614 1679 685 ὁμοῦ
1708 614 1797 667 καὶ
1830 611 1968 682 ἀλή-

329 709 468 765 θεια.
504 705 708 782 Εὑρέθη
744 706 836 761 οὖν
869 706 931 760 τὸ
964 703 1156 759 δοκοῦν
1172 700 1391 777 ψεῦδος,
1416 700 1647 772 ἀλήθεια
1671 701 1972 776 ὁμολογου-

334 796 464 868 μένη
491 796 641 854 εἶναι,
672 796 766 851 Καὶ
791 793 955 863 ἔθηκα
983 794 1080 862 τὴν
1112 793 1300 866 ψυχὴν
1332 790 1384 845 ἐν
1412 795 1492 862 τῷ
1525 788 1682 859 δῆθεν
1718 788 1967 845 δοκοῦντι

330 884 601 957 ψεύσματι
640 884 773 958 ὑπὲρ
803 888 899 938 τοῦ
932 881 1099 960 φίλου
1124 899 1137 913 ⁸
1181 881 1270 935 καὶ
1308 878 1539 954 ἔρρωται
1589 876 1971 956 ἀμφοτέρωθεν

329 974 364 1041 ἡ
405 971 598 1042 ἐντολή
626 990 639 1003 ⁸
675 973 775 1027 οὐκ
803 970 856 1026 ἒν
884 972 1177 1045 ψεύσματι,
1217 968 1345 1024 ἀλλ’
1376 968 1427 1023 ἐν
1461 967 1695 1038 ἀληθείᾳ
1741 966 1970 1022 τελειωο

332 1065 485 1117 θεῖσα
508 1102 521 1117 .
556 1064 636 1119 Οὐ
672 1065 923 1138 μέντοιγε
960 1060 1140 1116 ε’ίνεκα
1181 1062 1395 1127 ἑαυτοῦ,
1429 1056 1518 1111 ’ίνα
1565 1060 1640 1130 μή
1693 1056 1967 1125 ἀποθάνω,

326 1156 491 1207 τοῦτο
520 1156 696 1207 ποιεῖν
733 1154 841 1227 χρή
866 1171 877 1183 ·
913 1149 1109 1225 ψεῦδος
1140 1151 1242 1226 γάρ
1275 1147 1379 1204 ὧδε
1406 1191 1418 1203 .
1453 1144 1593 1205 Οὔτε
1627 1148 1735 1219 μὴν
1768 1146 1967 1220 ὀμόσαι

327 1242 391 1297 τὸ
423 1241 687 1311 καθόλου,
716 1239 841 1297 οὔτε
878 1242 1001 1315 περὶ
1044 1242 1259 1309 ἑαυτοῦ,
1304 1236 1425 1294 οὔτε
1465 1237 1588 1312 περὶ
1631 1235 1806 1291 ἄλλου
1855 1256 1970 1291 σω·-

327 1331 552 1406 τηρίοις⁸
605 1333 885 1411 προφανὴς
935 1332 1040 1406 γὰρ
1070 1333 1105 1400 ἡ
1157 1325 1494 1405 παράϐασις⁸
1541 1327 1693 1383 Οὕτω
1733 1329 1795 1383 τὸ
1841 1326 1966 1399 ἐμοὶ

328 1422 657 1498 φαινόμενον
700 1419 817 1499 ἔχει
843 1466 856 1478 .
898 1420 1046 1476 Ἐπεὶ
1093 1420 1183 1475 καὶ
1225 1422 1260 1488 ἡ
1303 1418 1482 1493 Σάρρα
1523 1420 1635 1473 εἶπε
1680 1422 1759 1489 τῷ
1808 1413 1970 1474 Ἀϐι-

331 1508 531 1586 μέλεχ,
560 1512 643 1565 δτι
675 1507 954 1588 Ἀδελφή
989 1510 1129 1582 εἰμι
1160 1513 1274 1564 τοῦ
1307 1504 1636 1582 Ἀϐραάμ.
1672 1509 1766 1561 Καὶ
1794 1508 1968 1580 ὁπρο-

327 1602 507 1679 φήτης
549 1599 811 1673 Ἱερεμίας
862 1604 981 1661 τοῖς
1031 1598 1304 1672 ἐρωτῶσιν
1352 1597 1518 1651 αὐτὸυ
1567 1598 1837 1671 ἄρχουσι·
1892 1595 1968 1653 Τί

328 1709 431 1743 σοι
464 1691 646 1743 εἶπεν
680 1690 707 1743 6
742 1686 1094 1763 βασιλεύς;
1142 1685 1285 1741 ἄλλο
1316 1684 1433 1740 ἀντὶ
1465 1684 1644 1741 ἃλλου
1675 1685 1964 1760 ἀπεκρίθη,

325 1779 517 1833 καθότι
568 1778 792 1832 ὑπέθετο
840 1778 992 1849 αὐτῷ
1030 1778 1058 1831 6
1093 1773 1372 1851 βασιλεὺς,
1424 1772 1529 1830 δέει
1578 1777 1827 1843 θανάτου,
1875 1776 1966 1829 καὶ

2079 616 2341 687 gladium
2367 618 2544 685 dedit,
2582 618 2798 674 bonum
2832 624 2954 675 esti
3002 620 3216 676 bonum
3264 628 3457 679 autem
3511 624 3724 680 veritas

2080 709 2187 761 est.
2220 705 2374 761 Deus
2403 708 2582 777 enim,
2606 708 2759 763 idem
2784 712 2840 763 et
2860 710 3049 764 bonus
3076 716 3164 766 est
3185 715 3242 767 et
3261 713 3491 768 veritas.
3519 713 3729 785 Depre-

2080 792 2329 850 hensum
2360 800 2449 851 est
2478 796 2651 865 igitur
2679 797 2735 851 id
2770 799 2919 868 quod
2972 799 3340 856 mendacium
3391 800 3723 870 videbatur,

2080 883 2207 939 sine
2239 887 2625 941 controversia
2673 887 2963 943 veritatem
3014 904 3163 945 esse.
3218 890 3310 945 Sic
3362 897 3416 946 et
3467 891 3722 949 animam

2081 975 2270 1043 posui,
2304 974 2362 1028 in
2393 991 2458 1030 eo
2488 974 2755 1031 videlicet
2792 980 2946 1048 quod
2983 980 3351 1034 mendacium
3393 981 3721 1050 videbatur,

2080 1063 2243 1117 amici
2276 1078 2469 1119 causa.
2502 1065 2571 1120 Et
2603 1064 2826 1121 salvum
2877 1074 2960 1122 est
2993 1083 3061 1122 ex
3092 1072 3337 1140 utraque
3368 1071 3529 1141 parte
3558 1080 3722 1125 man-

2080 1153 2302 1219 datum,
2333 1170 2449 1208 non
2482 1156 2539 1209 in
2564 1154 2864 1211 mendacio
2896 1156 2992 1211 sed
3027 1156 3084 1212 in
3108 1160 3348 1214 veritate
3374 1162 3714 1231 praestitum.

2078 1241 2250 1297 Nefas
2301 1244 2498 1313 utique
2546 1243 2655 1300 hoc
2703 1244 2825 1300 ﬁeri
2885 1262 3014 1300 mea
3071 1260 3265 1312 causa,
3325 1263 3396 1303 ne
3451 1248 3663 1303 moriar
3705 1266 3718 1303 :

2078 1332 2448 1387 mendacium
2474 1332 2625 1388 enim
2656 1336 2796 1389 tunc
2826 1340 2933 1391 est.
2966 1333 3077 1390 Nec
3101 1337 3423 1406 jurandum
3456 1341 3718 1409 omnino,

2079 1436 2264 1491 neque
2306 1437 2405 1491 pro
2437 1437 2541 1476 sua
2571 1422 2778 1493 ipsius,
2811 1439 3000 1495 neque
3048 1440 3150 1495 pro
3197 1424 3435 1481 alterius
3484 1425 3668 1481 salute
3703 1442 3719 1480 :

2080 1510 2384 1565 manifesta
2412 1518 2496 1566 est
2528 1513 2684 1566 enim
2725 1512 2866 1580 legis
2914 1513 3169 1569 violatio.
3203 1514 3318 1580 Sic,
3352 1520 3415 1569 ut
3444 1516 3716 1587 equidem

2078 1600 2341 1667 arbitror,
2377 1617 2438 1655 se
2465 1617 2555 1655 res
2583 1602 2768 1657 habet.
2818 1602 2961 1657 Nam
3009 1610 3061 1657 et
3100 1604 3238 1659 Sara
3288 1604 3434 1658 dixit
3478 1605 3715 1659 Abime.

2075 1689 2240 1746 lech:
2275 1689 2436 1745 Soror
2463 1707 2581 1745 sum
2614 1691 2846 1749 Abrahw
2896 1693 2957 1745 ‘3.
2996 1692 3062 1747 Et
3104 1692 3387 1749 Jeremias
3437 1693 3719 1765 propheta

2076 1780 2514 1835 sciscitantibus
2574 1798 2640 1835 ex
2689 1798 2754 1837 eo
2805 1783 3165 1854 principibus
3210 1797 3224 1838 :
3277 1784 3424 1846 Quid
3470 1782 3574 1837 tibi
3619 1798 3718 1838 rex

323 1869 451 1923 τότε
492 1866 729 1924 οἰκείου.
773 1868 868 1921 Καὶ
912 1867 985 1929 εἷς
1027 1866 1094 1923 τὰ
1130 1866 1524 1942 ἀποφθεγματα
1560 1870 1667 1919 τῶν
1712 1866 1962 1937 Πατέρων

2082 1870 2217 1925 dixit
2236 1873 2264 1924 ?
2294 1870 2731 1941 responsionem
2755 1871 2868 1926 alio
2890 1872 3188 1941 derivavit,
3223 1872 3715 1942 quemadmodum

325 1956 614 2034 ἐμφέρεται
644 1958 706 2010 τὸ
735 1961 983 2012 τοιοῦτον
1010 2001 1023 2015 .
1057 1956 1123 2012 Εἰ
1157 1953 1214 2010 δὲ
1240 1976 1292 2008 τι
1324 1953 1487 2015 αὐτὸς
1526 1955 1673 2029 παρά
1719 1958 1962 2023 σεαυτοῦ,

322 2047 360 2116 ἢ
394 2049 519 2120 παρ’
551 2046 735 2122 ἑτέρου
766 2046 967 2120 εὕροις,
998 2049 1304 2124 φανερῶσαι
1343 2047 1478 2117 ἡμῖν
1510 2046 1587 2116 μὴ
1629 2046 1962 2117 παραιτήσῃ,

321 2136 459 2211 πρὸς
498 2135 786 2212 ἐπίγνωσιν
827 2134 1110 2205 ἀληθείας,
1159 2135 1249 2189 καὶ
1304 2135 1583 2211 φωτισμὸν
1634 2133 1757 2194 νοὸς
1804 2134 1965 2204 ἡμῶν

320 2224 611 2298 ἀμυδροῦ.
668 2227 767 2280 Τὸν
841 2224 1361 2301 συγκακοπαθοῦντά
1405 2244 1489 2279 σοι
1547 2221 1962 2300 προσαγορεύω.

323 2319 382 2371 Ὁ
414 2315 507 2369 σὺν
537 2313 662 2387 ἐμοὶ
692 2313 1085 2390 προσαγορεύει
1122 2335 1177 2368 σε
1200 2359 1216 2373 .

478 2590 566 2645 Μ’.
599 2584 1366 2664 -Ναυκρατίῳτὲκνῳ,
1585 2587 1807 2659 [τιγ’.]

2077 1978 2174 2015 rex
2203 1960 2254 2014 ei
2294 1964 2679 2031 suggesserat,
2729 1966 2883 2015 metu
2926 1963 3148 2030 mortis,
3191 1966 3248 2017 et
3290 1967 3430 2017 tunc
3478 1962 3715 2034 quidem

2076 2049 2318 2121 propria
2380 2049 2442 2105 ¹⁴.
2513 2050 2575 2104 Et
2632 2049 2784 2104 inter
2861 2049 3092 2106 Patrum
3167 2050 3485 2106 sententias
3559 2052 3715 2106 istud

2074 2138 2262 2208 ipsum
2295 2137 2594 2193 inseritur.
2629 2138 2790 2202 Quod
2824 2139 2871 2195 si
2904 2140 3041 2210 quid
3076 2140 3160 2195 vel
3211 2155 3312 2211 per
3351 2144 3403 2194 te
3450 2139 3595 2211 ipse,
3630 2140 3715 2195 vel

2073 2227 2315 2282 alterius
2345 2243 2453 2298 ope
2481 2227 2794 2295 inveneris,
2818 2227 3147 2297 signiﬁcare
3172 2230 3338 2283 nobis
3362 2244 3432 2283 ne
3463 2229 3717 2299 graveris

2070 2318 2141 2371 ad
2165 2318 2521 2388 agnitionem
2544 2318 2823 2382 veritatis,
2848 2335 2914 2373 ac
2938 2320 3151 2373 mentis
3174 2326 3378 2375 nostrae
3405 2319 3718 2375 hebetioris

2073 2406 2591 2463 collustrationem.
2621 2407 2852 2463 Socium
2875 2424 3095 2463 aarumn
3120 2424 3283 2464 arum
3303 2412 3538 2465 tuarum
3560 2408 3720 2465 salu-

2071 2499 2149 2551 to.
2182 2495 2289 2560 Qui
2332 2512 2560 2552 mecum
2591 2502 2681 2552 est
2702 2498 2950 2552 salutem
2982 2496 3086 2553 tibi
3130 2498 3290 2555 dicit.

2540 2586 2651 2642 XL.
2684 2619 2755 2627 —
2784 2587 3082 2642 Naucran’o
3112 2587 3248 2657 ﬁlio.

1240 2688 1314 2737 De
1344 2686 1512 2749 lapsis
1540 2700 1826 2749 eoremque
1863 2686 2049 2748 prunis.
2082 2684 2301 2749 (Baron.
2336 2699 2423 2734 an.
2458 2684 2571 2742 816,
2604 2698 2659 2734 n.
2696 2686 2800 2745 19.)

394 2769 603 2831 Εἰωθας
668 2768 750 2822 ἀεὶ
813 2768 1014 2843 μακρὸν
1068 2769 1337 2823 ποιεῖσθαι
1392 2768 1453 2821 τὸ
1511 2774 1610 2836 τῆς
1665 2765 1963 2834 ἐπιστολῆς

325 2858 661 2931 προοίμιον·
701 2853 889 2911 πολλά
932 2858 1066 2927 ἡμῖν
1114 2862 1231 2918 τοῖς
1280 2855 1514 2926 ἀναξίοις
1561 2856 1848 2933 συμφέρων
1897 2854 1963 2908 τὰ

326 2945 599 3020 ἐγκώμια,
633 2944 732 3000 οὒκ
769 2940 894 2998 ὅντα
943 2943 1148 3015 ἀληθῆ,
1200 2943 1427 3023 ιριλικῆς
1466 2941 1522 2998 δὲ
1553 2941 1841 3003 διαθέσεως
1890 2941 1963 2995 ἐν-

327 3032 593 3107 δείγματα
619 3076 631 3090 .
667 3036 814 3108 Ἐγὼ
847 3031 901 3087 δὲ
933 3032 985 3088 ἐν
1023 3032 1253 3111 βραχέσι
1285 3077 1299 3089 .
1329 3033 1385 3087 Τί
1417 3036 1611 3100 τοῦτο;
1643 3031 1736 3086 ἵνα
1782 3030 1961 3108 ὑγιαί-

324 3145 442 3185 νοις
472 3123 524 3177 ἐν
558 3123 764 3198 Κυρίῳ,
813 3121 1015 3198 ἀδελφέ
1065 3143 1193 3195 μου,
1240 3122 1563 3195 θερμότερος
1609 3121 1689 3175 ἀεὶ
1737 3120 1964 3196 γινόμε-

2147 2768 2388 2838 Semper
2406 2767 2614 2823 solitus
2628 2784 2688 2822 es
2713 2766 2994 2836 prolixius
3018 2769 3200 2825 faCere
3222 2766 3545 2823 litterarum
3568 2783 3718 2824 exor-

2074 2856 2279 2912 dium:
2311 2857 2448 2911 dum
2478 2856 2726 2925 plurima
2746 2857 2804 2912 in
2828 2873 2935 2912 nos
2957 2857 3051 2927 qui
3078 2856 3303 2929 indigni
3327 2874 3557 2925 sumus,
3581 2874 3717 2913 con-

2072 2945 2225 3017 geris
2255 2948 2537 3013 encomia,
2562 2962 2668 3001 non
2698 2962 2828 3001 vera
2857 2945 2954 3000 illa
2977 2946 3235 3016 quidem,
3266 2947 3364 3002 sed
3388 2952 3584 3002 tamen
3606 2951 3720 3003 sin-

2075 3035 2295 3105 guiaris
2346 3034 2752 3090 benevolentiae
2802 3039 3170 3106 argumenta.
3218 3038 3287 3090 At
3337 3052 3441 3107 ego
3493 3036 3716 3106 paucis.

2076 3125 2219 3189 Quid
2265 3123 2422 3178 hoc?
2454 3128 2517 3178 ut
2547 3128 2698 3179 recte
2740 3124 2930 3180 valeas
2977 3124 3035 3179 in
3088 3125 3353 3192 Domino,
3398 3126 3572 3180 frater
3602 3125 3714 3179 mi:

326 3235 421 3276 νος
474 3217 541 3286 τῇ
597 3213 774 3287 ἀγάπῃ
831 3215 1074 3286 Χριστοῦ
1117 3212 1399 3288 ὑποφέρειν
1456 3211 1523 3264 τά
1572 3212 1703 3282 ὑπὲρ
1762 3210 1963 3263 αὐτοῦ⁸

2083 3213 2393 3267 ferventior
2426 3213 2616 3267 factus
2646 3212 2704 3267 in
2736 3212 2879 3278 dies,
2912 3216 3039 3266 tum
3074 3217 3134 3267 ut
3165 3213 3381 3269 Christi
3413 3214 3719 3282 cbaritate,

324 3300 456 3357 ἀλλ’
506 3300 730 3355 οὒτίπου
787 3299 1085 3372 ὑπολήγειν
1134 3298 1193 3354 ἐκ
1244 3298 1544 3373 ῥᾳθυμίας.
1597 3299 1698 3353 Καὶ
1748 3295 1830 3364 εἴη
1882 3316 1967 3349 σοι

326 3386 406 3444 ἔτι
436 3386 644 3462 ἔξαψις·
679 3389 754 3449 ὡς
786 3388 845 3443 ἄν
878 3384 1094 3459 ἐπᾴδειν
1138 3408 1195 3443 σε
1239 3389 1371 3461 μετὰ
1429 3383 1595 3443 Δαὸὶδ
1641 3390 1738 3440 τοῦ
1776 3385 1965 3459 ἁγίου·

324 3485 429 3533 *⁸ον
466 3478 711 3552 τρόπον
752 3472 1068 3532 ἐπιποθεῖ
1105 3480 1139 3547 ἠ
1172 3472 1418 3553 ἔλαφος
1459 3475 1564 3531 ἐπὶ
1604 3476 1717 3537 τὰς
1758 3474 1968 3547 πηγὰς

322 3572 449 3622 τῶν
484 3564 757 3635 ὑδάτων,
791 3565 998 3628 οὕτως
1029 3565 1339 3622 ἐπιποθεῖ
1368 3568 1402 3635 ἡ
1436 3566 1614 3640 ψυχή
1655 3576 1776 3637 μου
1806 3564 1969 3636 πρὸς

330 3678 426 3729 σε,
459 3658 486 3712 ὁ
518 3658 711 3719 Θεός.
761 3660 932 3711 Τοῦτο
993 3653 1049 3711 δὲ
1088 3656 1317 3732 ἐνεργῶς
1358 3653 1537 3725 ᾄδοιεν
1585 3652 1645 3709 ἄν
1682 3675 1764 3716 τις
1813 3673 1971 3707 κεκα-

326 3744 599 3821 θαρμένην
650 3740 794 3819 ἔχων
842 3746 943 3813 τήν
992 3742 1236 3819 καρδίαν,
1266 3747 1302 3814 ἢ
1343 3743 1739 3818 καθαιρομένην
1766 3785 1779 3799 .
1830 3766 1857 3793 ‹(
1892 3742 1969 3799 Οὗ

329 3837 435 3910 γὰρ
493 3836 770 3909 κάθαρσις,
830 3832 904 3895 ὥς
961 3854 1123 3913 φησιν
1181 3835 1209 3888 6
1258 3833 1547 3909 Θεολόγος,
1608 3828 1901 3906 ἔλλαμψις.
1940 3853 1970 3882 ιο

330 3930 420 3980 Ὠς
472 3924 709 3999 μακαρία
741 3926 776 3992 ἡ
806 3924 960 3997 ψυχή
1012 3922 1170 3997 αὕτη,
1231 3924 1320 3997 ὑφ’
1348 3924 1415 3991 ἧς
1453 3924 1515 3978 τὸ
1565 3924 1739 3977 πάντα
1786 3923 1972 3976 παθεῖν

330 4012 420 4070 διά
450 4013 688 4087 Χριστὸν
718 4012 1051 4083 ἐπιπόθητον
1084 4012 1223 4083 λίαν,
1255 4012 1344 4066 καὶ
1376 4013 1438 4066 τὸ
1492 4009 1771 4086 βδέλυγμα
1820 4014 1970 4085 ἡγεῖ-

331 4106 448 4159 σθαι
508 4103 645 4157 ἅπαν
718 4102 914 4176 σαρκὸς
970 4100 1161 4177 ἔργον.
1241 4097 1401 4170 Εὕξαι
1477 4101 1690 4174 [εὖξαι],
1749 4098 1971 4175 ἀδελφὲ,

334 4190 696 4269 ὀσφρανθῆναί
753 4211 819 4263 με
875 4197 974 4258 τῆς
1029 4187 1258 4252 εὐωδίας
1309 4188 1533 4259 ταύτης,
1582 4190 1671 4244 τὸν
1729 4186 1974 4243 ὀδωδότα

328 4286 448 4343 τοῖς
498 4281 714 4334 πάθεσιν
743 4325 757 4338 .
809 4279 979 4340 Οὗτος
1006 4281 1033 4333 ὁ
1072 4284 1290 4354 πρῶτος
1334 4277 1504 4353 λόγος
1530 4322 1542 4335 .
1592 4280 1652 4335 Ὁ
1703 4277 1973 4352 δεύτερος,

326 4371 451 4445 περὶ
499 4374 595 4424 τοῦ
644 4367 1001 4424 Ἀνατολίου.
1063 4374 1149 4428 Ὠς
1210 4366 1455 4442 λυπηρόν
1518 4389 1610 4442 μοι
1657 4369 1719 4423 τὸ
1774 4372 1975 4439 πτῶμα

328 4458 496 4515 αὺτοῦ
518 4479 531 4491 ⁸
566 4458 711 4527 πλὴν
749 4455 1091 4531 ἄπεδεξάμην
1121 4478 1216 4512 σου
1247 4458 1345 4525 τὴν
1383 4458 1626 4531 ἰατρείαν
1655 4504 1668 4516 .
1709 4459 1830 4514 Ἔτι
1880 4456 1970 4511 οὖν

2082 3301 2365 3372 quidlibet
2387 3300 2571 3371 ipsius
2592 3317 2757 3356 causa
2780 3303 3121 3373 perpetiare,
3145 3306 3269 3356 tum
3298 3310 3356 3358 ut
3374 3301 3518 3357 nihil
3542 3320 3610 3358 ex
3631 3318 3733 3357 so-

2081 3390 2279 3446 cordia
2310 3392 2736 3461 prastermittas.
2770 3392 2955 3462 Atque
2986 3392 3210 3447 utinam
3238 3394 3420 3447 fervor
3443 3392 3546 3447 tibi
3574 3408 3731 3446 men-

2080 3480 2156 3535 tis
2204 3480 2375 3543 adsit,
2429 3483 2493 3534 ut
2540 3495 2673 3535 cum
2725 3485 2923 3535 sancto
2984 3478 3193 3535 Davide
3226 3480 3415 3551 possis
3444 3481 3724 3536 accinere.

2078 3568 2541 3639 Quemadmodum
2571 3567 2839 3623 desiderat
2871 3585 3063 3624 cervus
3110 3569 3180 3624 ad
3223 3573 3403 3637 fontes
3433 3587 3725 3640 aquarum,

2082 3659 2162 3714 ita
2190 3657 2468 3712 desiderat
2506 3660 2693 3712 anima
2737 3675 2859 3713 mea
2906 3658 2977 3713 ad
3022 3668 3092 3721 te,
3144 3660 3281 3714 Deus
3326 3658 3391 3711 ‘5.
3426 3659 3488 3713 Id
3522 3665 3717 3714 autem

2084 3763 2293 3818 magno
2326 3748 2519 3801 animo
2553 3747 2840 3814 cecinerit,
2890 3747 3159 3818 quisquis
3188 3746 3275 3803 vel
3306 3753 3544 3819 purgato
3570 3750 3729 3819 jam-

2082 3838 2306 3892 dudum
2356 3836 2528 3892 corde
2583 3836 2780 3904 fuerit,
2835 3835 2919 3891 vel
2970 3836 3271 3907 purgando
3323 3838 3419 3893 det
3465 3854 3724 3907 operam.

2085 3947 2113 3977 ‹‹
2142 3926 2253 3981 Ubi
2283 3926 2438 3981 enim
2473 3925 2738 3997 purgatio
2771 3929 2880 3991 est,
2912 3930 2977 3980 ut
3008 3928 3087 3980 ait
3111 3926 3457 3998 Theologus,
3492 3925 3569 3981 ibi
3591 3926 3726 3981 illu-

2083 4015 2324 4070 minatio
2356 4012 2422 4069 ‘5.
2456 4035 2483 4065 ››
2518 4014 2701 4079 Quam
2734 4015 2867 4069 felix
2905 4014 3001 4069 ille
3032 4014 3260 4070 animus
3298 4024 3402 4075 est,
3436 4015 3529 4070 cui
3561 4032 3724 4070 sum-

2082 4120 2179 4159 ma
2210 4106 2472 4158 votorum
2516 4108 2603 4158 est
2634 4103 2829 4159 omnia
2877 4106 3109 4173 prapter
3139 4102 3433 4158 Christum
3462 4103 3723 4175 perpeti:

2082 4199 2141 4250 et
2170 4193 2629 4249 abominandum
2681 4209 2914 4249 censere
2945 4204 3117 4249 Omne
3156 4194 3344 4249 carnis
3375 4210 3519 4264 opus
3546 4193 3557 4247 !
3593 4194 3724 4264 Ora,

2085 4284 2274 4349 frater,
2309 4292 2367 4338 ut
2395 4300 2631 4339 suavem
2666 4283 2822 4338 hunc
2852 4282 3088 4337 odorem
3112 4281 3403 4349 olfaciam,
3437 4284 3493 4337 et
3523 4299 3725 4337 sarum-

2084 4389 2290 4427 narum
2313 4372 2685 4444 perpessione
2707 4371 3019 4426 redoleam.
3039 4375 3171 4427 Haec
3196 4372 3351 4442 prior
3372 4388 3503 4443 pars
3526 4372 3731 4426 oratio-

2083 4461 2197 4516 nis.
2238 4461 2449 4521 Altera,
2483 4461 2554 4515 de
2587 4460 2874 4516 Anatolio.
2908 4461 3087 4525 Quam
3111 4461 3356 4515 acerbus
3390 4460 3534 4515 mihi
3569 4460 3728 4515 illius

326 4545 699 4619 ἐπιμελήθητι
748 4546 915 4601 αὐτοῦ
972 4542 1294 4625 φιλαδέλφῳ
1338 4542 1608 4604 διαθέσει.
1656 4546 1718 4602 Ὁ
1764 4545 1965 4619 τρίτος,

2087 4549 2288 4621 lapsus
2310 4549 2552 4604 exstitit!
2584 4550 2692 4605 Sed
2718 4554 2909 4604 tamen
2934 4550 3163 4621 gavisus
3186 4566 3313 4603 sum
3343 4549 3727 4605 medicatione

328 4637 454 4710 περὶ
489 4636 560 4689 ὧν
589 4634 899 4709 προέτεινας
929 4632 1235 4712 κεφαλαίων
1258 4677 1273 4691 .

404 4818 485 4871 Α’.
550 4816 674 4872 Ἐὰν
725 4813 1014 4889 ὀρθόδοξος
1063 4811 1382 4885 διαϐληθεὶς
1432 4818 1507 4880 ὡς
1549 4816 1624 4888 μὴ
1674 4816 1969 4880 κοινωνῶν,

330 4907 546 4979 ποιήσῃ
594 4906 842 4979 σταυρὸν,
876 4905 960 4961 ὅτι
1010 4910 1303 4959 Κοινωνῶ⁸
1359 4902 1526 4979 μηδὲν
1565 4902 1746 4977 ἕτερον
1797 4901 1974 4957 πολυ-

331 4994 744 5070 πραγμονηθεὶς
775 4997 922 5069 παρά
948 4998 1056 5049 τῶν
1086 4995 1373 5068 αἱρετικῶν
1399 5015 1411 5027 ⁸
1445 4994 1609 5048 αὐτοῦ
1642 4991 1699 5048 δὲ
1745 4993 1971 5071 ἔχοντος

329 5080 574 5160 κρύϐδην
621 5089 701 5155 τῷ
732 5082 989 5159 λογισμῶ
1012 5100 1026 5113 ⁸
1060 5084 1244 5156 ὅτιπερ
1281 5084 1363 5154 Ἐξ
1390 5079 1680 5154 ὄρθοδόξου
1698 5088 1969 5137 κοινωνῶν

331 5177 446 5249 εἰμι
468 5195 481 5207 ⁸
517 5175 619 5229 οὐκ
650 5172 941 5245 οἰκονομία
968 5174 1031 5227 τὸ
1062 5176 1333 5239 τοιοῦτον,
1367 5169 1513 5226 ἀλλά
1561 5169 1826 5246 προδοσία
1871 5179 1972 5241 τῆς

330 5263 594 5334 ἀληθείας
620 5304 632 5317 .
664 5262 733 5317 Τὸ
764 5261 1038 5334 ἐπιτίμιον
1068 5261 1433 5334 ἡμισευμένον
1467 5261 1602 5332 πρὸς
1630 5262 1721 5315 τὸν
1745 5260 1974 5334 ὁλοτρό-

331 5375 450 5416 πως
484 5357 551 5427 τῇ
596 5353 796 5425 αἱρέσει
842 5353 1277 5421 κοινωνήσαντα.
1328 5351 1504 5404 Πόσον
1536 5347 1591 5404 δὲ
1620 5351 1681 5405 τὸ
1730 5355 1976 5405 τοιοῦτον

332 5440 444 5515 ἤδη
477 5442 886 5516 προερωτηθεὶς
925 5442 1018 5495 καὶ
1055 5438 1387 5514 ἀποκριθεὶς,
1434 5438 1682 5512 περιττόν
1738 5439 1845 5495 ἐστι
1897 5437 1977 5501 δὶς

332 5533 402 5588 τὰ
431 5529 571 5587 αῦτά
599 5528 983 5587 ἐπανακυκλεῖν
1011 5574 1025 5590 ,

411 5716 456 5750 ¹³
485 5715 631 5772 Gen.
664 5731 766 5783 xu,
803 5715 852 5769 1.
932 5711 979 5751 ¹⁴
1007 5712 1219 5770 Jerem.
1250 5728 1490 5785 xxxviii,
1520 5711 1592 5767 25
1621 5727 1784 5783 seqq.

1864 5710 1909 5747 ¹⁵
1938 5710 2092 5767 Psal.
2125 5727 2240 5777 xxv,
2274 5710 2358 5764 t3.

2086 4645 2205 4694 tua.
2239 4640 2435 4694 Adhuc
2467 4638 2647 4710 igitur
2686 4639 2843 4693 illius
2888 4655 3089 4694 curam
3130 4637 3276 4694 habe
3310 4638 3561 4693 fraterno
3584 4638 3725 4693 affe-

2082 4732 2196 4783 ctu.
2229 4730 2434 4796 Tertia,
2462 4729 2533 4783 de
2562 4729 2853 4800 capitibus
2885 4744 3011 4799 quis
3044 4726 3425 4800 proposuisti.

2151 4817 2193 4873 Ι.
2219 4817 2277 4873 Si
2302 4818 2658 4873 orthodoxus
2681 4826 2986 4872 accusatus
3008 4817 3163 4888 quod
3183 4833 3295 4872 non
3312 4817 3724 4887 communicet,

2082 4908 2235 4963 facta
2264 4923 2431 4962 cruce
2481 4908 2725 4962 dixerit:
2759 4905 3161 4976 Communico,
3212 4904 3355 4960 nihil
3388 4906 3440 4962 ei
3472 4907 3727 4979 amplius

2082 4997 2298 5069 negotii
2330 4994 2748 5052 incessentibus
2789 4994 3111 5062 haereticis;
3163 4994 3309 5049 clam
3359 5000 3550 5052 autem
3601 4995 3727 5068 ipso

2083 5085 2333 5140 habente
2367 5084 2518 5139 istud
2553 5083 2610 5137 in
2654 5084 2871 5148 animo,
2920 5098 3052 5136 cum
3100 5081 3431 5137 orthodoxis
3460 5100 3726 5138 commu-

2084 5173 2251 5226 nico:
2288 5186 2399 5224 non
2433 5169 2783 5241 dispensatio
2828 5168 2979 5223 istud
3022 5171 3131 5233 est,
3164 5168 3262 5222 sed
3296 5170 3544 5239 proditio
3575 5169 3730 5225 veri-

2082 5260 2240 5315 tatis.
2276 5259 2596 5313 Dimidium
2629 5258 2765 5313 huic
2789 5260 3158 5314 subeundum
3183 5277 3361 5327 paenae
3389 5275 3515 5330 qua;
3546 5260 3596 5314 ei
3619 5263 3732 5314 sta-

2086 5350 2269 5404 tuitur
2300 5347 2796 5419 quiplanehaaresi
2838 5348 3304 5405 communicarit.
3346 5349 3571 5415 Quanta
3597 5364 3733 5404 vero

2085 5457 2152 5496 ea
2183 5440 2282 5508 sit,
2314 5455 2446 5495 cum
2480 5440 2550 5494 ad
2580 5438 2999 5510 interrogatum
3025 5440 3151 5509 jam
3185 5444 3354 5494 antea
3386 5454 3730 5511 responsum

2087 5530 2185 5597 sit,
2218 5544 2708 5600 supervacaneum
2735 5531 2822 5583 est
2861 5528 2951 5584 bis
2987 5528 3190 5585 eadem
3222 5528 3449 5585 iterare.

2438 5708 2485 5743 ίδ
2514 5709 2684 5766 Gren.
2719 5710 2851 5767 Naz.
2882 5716 3026 5769 orat.
3046 5712 3133 5779 39,
3156 5728 3287 5783 pag.
3317 5712 3442 5768 728.
