  <div class='ocr_page' id='page_1' title='image "/cluster/home/n/w/nwhite01/storage/ocr_20150623/99/mdp.39015005675577/625.png"; bbox 0 0 4062 6280; ppageno 0'>
   <div class='ocr_carea' id='block_1_1' title="bbox 384 274 539 338">
    <p class='ocr_par' dir='ltr' id='par_1_1' title="bbox 384 274 539 338">
     <span class='ocr_line' id='line_1_1' title="bbox 384 274 539 338; baseline -0.006 0"><span class='ocrx_word' id='word_1_1' title='bbox 384 279 408 338; x_wconf 79' lang='grc'><strong>1</strong></span> <span class='ocrx_word' id='word_1_2' title='bbox 423 274 539 337; x_wconf 81' lang='lat'><strong>239</strong></span> 
     </span>
    </p>
   </div>
   <div class='ocr_carea' id='block_1_2' title="bbox 1629 275 2541 344">
    <p class='ocr_par' dir='ltr' id='par_1_2' title="bbox 1629 275 2541 344">
     <span class='ocr_line' id='line_1_2' title="bbox 1629 275 2541 344; baseline 0.004 -8"><span class='ocrx_word' id='word_1_3' title='bbox 1629 276 1690 337; x_wconf 92' lang='lat' dir='ltr'><strong>S.</strong></span> <span class='ocrx_word' id='word_1_4' title='bbox 1741 275 2138 340; x_wconf 83' lang='lat' dir='ltr'><strong>THEODORI</strong></span> <span class='ocrx_word' id='word_1_5' title='bbox 2181 279 2541 344; x_wconf 73' lang='lat' dir='ltr'><strong>STUDITE</strong></span> 
     </span>
    </p>
   </div>
   <div class='ocr_carea' id='block_1_3' title="bbox 3622 280 3785 344">
    <p class='ocr_par' dir='ltr' id='par_1_3' title="bbox 3622 280 3785 344">
     <span class='ocr_line' id='line_1_3' title="bbox 3622 280 3785 344; baseline -0.006 -1"><span class='ocrx_word' id='word_1_6' title='bbox 3622 280 3785 344; x_wconf 79' lang='grc'><strong>1240</strong></span> 
     </span>
    </p>
   </div>
   <div class='ocr_carea' id='block_1_4' title="bbox 454 407 2049 492">
    <p class='ocr_par' dir='ltr' id='par_1_4' title="bbox 454 411 2026 488">
     <span class='ocr_line' id='line_1_4' title="bbox 454 411 2026 488; baseline -0.004 -15"><span class='ocrx_word' id='word_1_7' title='bbox 454 416 527 474; x_wconf 92' lang='grc' dir='ltr'><strong>ΙΙ.</strong></span> <span class='ocrx_word' id='word_1_8' title='bbox 558 417 616 472; x_wconf 84' lang='lat' dir='ltr'><strong>Si</strong></span> <span class='ocrx_word' id='word_1_9' title='bbox 648 417 779 488; x_wconf 85' lang='lat' dir='ltr'><strong>quis</strong></span> <span class='ocrx_word' id='word_1_10' title='bbox 821 415 1132 488; x_wconf 89' lang='lat' dir='ltr'><strong>impiorum</strong></span> <span class='ocrx_word' id='word_1_11' title='bbox 1183 431 1388 481; x_wconf 88' lang='lat' dir='ltr'><strong>suasu,</strong></span> <span class='ocrx_word' id='word_1_12' title='bbox 1438 427 1639 468; x_wconf 91' lang='lat' dir='ltr'><strong>eorum</strong></span> <span class='ocrx_word' id='word_1_13' title='bbox 1689 411 2026 482; x_wconf 79' lang='lat' dir='ltr'><strong>conspectui</strong></span> 
     </span>
    </p>
   </div>
   <div class='ocr_carea' id='block_1_5' title="bbox 2166 407 3783 492">
    <p class='ocr_par' dir='ltr' id='par_1_5' title="bbox 2214 407 3783 492">
     <span class='ocr_line' id='line_1_5' title="bbox 2214 407 3783 492; baseline 0.001 -24"><span class='ocrx_word' id='word_1_14' title='bbox 2214 416 2446 472; x_wconf 85' lang='grc' dir='ltr'><strong>Β’.Ἐαν</strong></span> <span class='ocrx_word' id='word_1_15' title='bbox 2504 436 2588 478; x_wconf 85' lang='grc' dir='ltr'><strong>τις</strong></span> <span class='ocrx_word' id='word_1_16' title='bbox 2645 415 2782 492; x_wconf 83' lang='grc' dir='ltr'>πρὸς</span> <span class='ocrx_word' id='word_1_17' title='bbox 2839 412 3217 490; x_wconf 77' lang='grc' dir='ltr'>πληροφορίαν</span> <span class='ocrx_word' id='word_1_18' title='bbox 3268 416 3376 468; x_wconf 77' lang='grc' dir='ltr'><strong>τῶν</strong></span> <span class='ocrx_word' id='word_1_19' title='bbox 3436 407 3645 468; x_wconf 81' lang='grc' dir='ltr'>ἀσεϐῶν</span> <span class='ocrx_word' id='word_1_20' title='bbox 3701 413 3783 469; x_wconf 79' lang='grc' dir='ltr'><strong>ἐπ’</strong></span> 
     </span>
    </p>
   </div>
   <div class='ocr_carea' id='block_1_6' title="bbox 381 501 2034 578">
    <p class='ocr_par' dir='ltr' id='par_1_6' title="bbox 381 501 2034 578">
     <span class='ocr_line' id='line_1_6' title="bbox 381 501 2034 578; baseline -0.004 -16"><span class='ocrx_word' id='word_1_21' title='bbox 381 507 582 578; x_wconf 87' lang='lat' dir='ltr'><strong>prodat</strong></span> <span class='ocrx_word' id='word_1_22' title='bbox 618 506 1021 578; x_wconf 82' lang='lat' dir='ltr'><strong>presbyterum</strong></span> <span class='ocrx_word' id='word_1_23' title='bbox 1072 504 1397 560; x_wconf 73' lang='lat' dir='ltr'><strong>latitantem</strong></span> <span class='ocrx_word' id='word_1_24' title='bbox 1431 505 1668 574; x_wconf 75' lang='lat' dir='ltr'><strong>propter</strong></span> <span class='ocrx_word' id='word_1_25' title='bbox 1698 506 1863 557; x_wconf 72' lang='lat' dir='ltr'><strong>rectae</strong></span> <span class='ocrx_word' id='word_1_26' title='bbox 1897 501 2034 557; x_wconf 80' lang='lat' dir='ltr'><strong>ﬁdei</strong></span> 
     </span>
    </p>
   </div>
   <div class='ocr_carea' id='block_1_7' title="bbox 384 591 2032 668">
    <p class='ocr_par' dir='ltr' id='par_1_7' title="bbox 384 591 2032 668">
     <span class='ocr_line' id='line_1_7' title="bbox 384 591 2032 668; baseline -0.002 -17"><span class='ocrx_word' id='word_1_27' title='bbox 384 597 617 668; x_wconf 86' lang='lat' dir='ltr'><strong>dogma,</strong></span> <span class='ocrx_word' id='word_1_28' title='bbox 647 611 753 652; x_wconf 90' lang='lat' dir='ltr'><strong>nec</strong></span> <span class='ocrx_word' id='word_1_29' title='bbox 788 595 1085 651; x_wconf 68' lang='lat' dir='ltr'><strong>haereticos</strong></span> <span class='ocrx_word' id='word_1_30' title='bbox 1117 596 1690 659; x_wconf 69' lang='lat' dir='ltr'><strong>commemorantem,</strong></span> <span class='ocrx_word' id='word_1_31' title='bbox 1724 595 1780 646; x_wconf 86' lang='lat' dir='ltr'><strong>et</strong></span> <span class='ocrx_word' id='word_1_32' title='bbox 1811 591 1882 647; x_wconf 89' lang='lat' dir='ltr'><strong>ab</strong></span> <span class='ocrx_word' id='word_1_33' title='bbox 1902 591 2032 663; x_wconf 89' lang='lat' dir='ltr'><strong>ipso</strong></span> 
     </span>
    </p>
   </div>
   <div class='ocr_carea' id='block_1_8' title="bbox 383 681 2035 757">
    <p class='ocr_par' dir='ltr' id='par_1_8' title="bbox 383 681 2035 757">
     <span class='ocr_line' id='line_1_8' title="bbox 383 681 2035 757; baseline -0.002 -17"><span class='ocrx_word' id='word_1_34' title='bbox 383 685 486 740; x_wconf 79' lang='lat' dir='ltr'><strong>ﬂat</strong></span> <span class='ocrx_word' id='word_1_35' title='bbox 542 701 840 741; x_wconf 87' lang='lat' dir='ltr'><strong>sacrorum</strong></span> <span class='ocrx_word' id='word_1_36' title='bbox 886 685 1295 757; x_wconf 71' lang='lat' dir='ltr'><strong>mysteriorum</strong></span> <span class='ocrx_word' id='word_1_37' title='bbox 1342 681 1671 752; x_wconf 82' lang='lat' dir='ltr'><strong>particeps:</strong></span> <span class='ocrx_word' id='word_1_38' title='bbox 1705 684 1762 736; x_wconf 90' lang='lat' dir='ltr'><strong>et</strong></span> <span class='ocrx_word' id='word_1_39' title='bbox 1811 681 1939 748; x_wconf 85' lang='lat' dir='ltr'><strong>iste,</strong></span> <span class='ocrx_word' id='word_1_40' title='bbox 1973 685 2035 736; x_wconf 91' lang='lat' dir='ltr'><strong>ut</strong></span> 
     </span>
    </p>
   </div>
   <div class='ocr_carea' id='block_1_9' title="bbox 381 770 2036 846">
    <p class='ocr_par' dir='ltr' id='par_1_9' title="bbox 381 770 2036 846">
     <span class='ocr_line' id='line_1_9' title="bbox 381 770 2036 846; baseline -0.003 -18"><span class='ocrx_word' id='word_1_41' title='bbox 381 775 642 846; x_wconf 90' lang='lat' dir='ltr'><strong>proditor</strong></span> <span class='ocrx_word' id='word_1_42' title='bbox 665 773 950 842; x_wconf 82' lang='lat' dir='ltr'><strong>veritatis,</strong></span> <span class='ocrx_word' id='word_1_43' title='bbox 987 775 1046 829; x_wconf 90' lang='lat' dir='ltr'><strong>in</strong></span> <span class='ocrx_word' id='word_1_44' title='bbox 1073 788 1302 846; x_wconf 81' lang='lat' dir='ltr'><strong>poenam</strong></span> <span class='ocrx_word' id='word_1_45' title='bbox 1335 787 1487 826; x_wconf 89' lang='lat' dir='ltr'><strong>anno</strong></span> <span class='ocrx_word' id='word_1_46' title='bbox 1510 787 1625 826; x_wconf 90' lang='lat' dir='ltr'><strong>uno</strong></span> <span class='ocrx_word' id='word_1_47' title='bbox 1657 786 1692 825; x_wconf 89' lang='lat' dir='ltr'><strong>a</strong></span> <span class='ocrx_word' id='word_1_48' title='bbox 1721 771 1905 826; x_wconf 88' lang='lat' dir='ltr'><strong>sacris</strong></span> <span class='ocrx_word' id='word_1_49' title='bbox 1937 770 2036 824; x_wconf 91' lang='lat' dir='ltr'><strong>ab-</strong></span> 
     </span>
    </p>
   </div>
   <div class='ocr_carea' id='block_1_10' title="bbox 384 865 619 921">
    <p class='ocr_par' dir='ltr' id='par_1_10' title="bbox 384 865 619 921">
     <span class='ocr_line' id='line_1_10' title="bbox 384 865 619 921; baseline 0.004 -1"><span class='ocrx_word' id='word_1_50' title='bbox 384 865 619 921; x_wconf 81' lang='lat' dir='ltr'><strong>slineat.</strong></span> 
     </span>
    </p>
   </div>
   <div class='ocr_carea' id='block_1_11' title="bbox 456 948 2035 1025">
    <p class='ocr_par' dir='ltr' id='par_1_11' title="bbox 456 948 2035 1025">
     <span class='ocr_line' id='line_1_11' title="bbox 456 948 2035 1025; baseline -0.003 -16"><span class='ocrx_word' id='word_1_51' title='bbox 456 953 556 1009; x_wconf 90' lang='grc' dir='ltr'><strong>ΙΙΙ.</strong></span> <span class='ocrx_word' id='word_1_52' title='bbox 615 953 674 1010; x_wconf 90' lang='lat' dir='ltr'><strong>Si</strong></span> <span class='ocrx_word' id='word_1_53' title='bbox 735 953 868 1025; x_wconf 85' lang='lat' dir='ltr'><strong>quis</strong></span> <span class='ocrx_word' id='word_1_54' title='bbox 918 951 1198 1024; x_wconf 83' lang='lat' dir='ltr'><strong>juraverit</strong></span> <span class='ocrx_word' id='word_1_55' title='bbox 1231 966 1336 1007; x_wconf 89' lang='lat' dir='ltr'><strong>nec</strong></span> <span class='ocrx_word' id='word_1_56' title='bbox 1392 965 1455 1006; x_wconf 89' lang='lat' dir='ltr'><strong>se</strong></span> <span class='ocrx_word' id='word_1_57' title='bbox 1523 949 1780 1005; x_wconf 83' lang='lat' dir='ltr'><strong>divinam</strong></span> <span class='ocrx_word' id='word_1_58' title='bbox 1830 948 2035 1020; x_wconf 91' lang='lat' dir='ltr'><strong>imagi-</strong></span> 
     </span>
    </p>
   </div>
   <div class='ocr_carea' id='block_1_12' title="bbox 383 1037 2037 1109">
    <p class='ocr_par' dir='ltr' id='par_1_12' title="bbox 383 1037 2037 1109">
     <span class='ocr_line' id='line_1_12' title="bbox 383 1037 2037 1109; baseline -0.003 -10"><span class='ocrx_word' id='word_1_59' title='bbox 383 1058 518 1099; x_wconf 86' lang='lat' dir='ltr'><strong>nem</strong></span> <span class='ocrx_word' id='word_1_60' title='bbox 552 1044 957 1109; x_wconf 90' lang='lat' dir='ltr'><strong>adoraturum,</strong></span> <span class='ocrx_word' id='word_1_61' title='bbox 981 1057 1086 1098; x_wconf 90' lang='lat' dir='ltr'><strong>nec</strong></span> <span class='ocrx_word' id='word_1_62' title='bbox 1117 1040 1469 1097; x_wconf 82' lang='lat' dir='ltr'><strong>orthodoxae</strong></span> <span class='ocrx_word' id='word_1_63' title='bbox 1499 1037 1815 1095; x_wconf 76' lang='lat' dir='ltr'><strong>monachos</strong></span> <span class='ocrx_word' id='word_1_64' title='bbox 1843 1053 2037 1094; x_wconf 82' lang='lat' dir='ltr'><strong>susce-</strong></span> 
     </span>
    </p>
   </div>
   <div class='ocr_carea' id='block_1_13' title="bbox 384 1126 2036 1204">
    <p class='ocr_par' dir='ltr' id='par_1_13' title="bbox 384 1126 2036 1204">
     <span class='ocr_line' id='line_1_13' title="bbox 384 1126 2036 1204; baseline -0.002 -18"><span class='ocrx_word' id='word_1_65' title='bbox 384 1137 621 1204; x_wconf 88' lang='lat' dir='ltr'><strong>pturum</strong></span> <span class='ocrx_word' id='word_1_66' title='bbox 652 1150 664 1200; x_wconf 91' lang='lat'>;</span> <span class='ocrx_word' id='word_1_67' title='bbox 700 1135 830 1204; x_wconf 84' lang='lat' dir='ltr'><strong>post</strong></span> <span class='ocrx_word' id='word_1_68' title='bbox 878 1131 1284 1202; x_wconf 84' lang='lat' dir='ltr'><strong>jusjurandum</strong></span> <span class='ocrx_word' id='word_1_69' title='bbox 1335 1134 1530 1185; x_wconf 88' lang='lat' dir='ltr'><strong>autem</strong></span> <span class='ocrx_word' id='word_1_70' title='bbox 1575 1126 1810 1199; x_wconf 90' lang='lat' dir='ltr'><strong>culpam</strong></span> <span class='ocrx_word' id='word_1_71' title='bbox 1861 1143 2036 1198; x_wconf 82' lang='lat' dir='ltr'><strong>agno-</strong></span> 
     </span>
    </p>
   </div>
   <div class='ocr_carea' id='block_1_14' title="bbox 385 1218 2039 1296">
    <p class='ocr_par' dir='ltr' id='par_1_14' title="bbox 385 1218 2039 1296">
     <span class='ocr_line' id='line_1_14' title="bbox 385 1218 2039 1296; baseline -0.002 -16"><span class='ocrx_word' id='word_1_72' title='bbox 385 1240 551 1280; x_wconf 88' lang='lat' dir='ltr'><strong>scens</strong></span> <span class='ocrx_word' id='word_1_73' title='bbox 607 1223 935 1296; x_wconf 81' lang='lat' dir='ltr'><strong>resipiscat,</strong></span> <span class='ocrx_word' id='word_1_74' title='bbox 993 1230 1048 1277; x_wconf 89' lang='lat' dir='ltr'><strong>et</strong></span> <span class='ocrx_word' id='word_1_75' title='bbox 1105 1221 1304 1277; x_wconf 80' lang='lat' dir='ltr'><strong>adoret</strong></span> <span class='ocrx_word' id='word_1_76' title='bbox 1359 1219 1619 1276; x_wconf 85' lang='lat' dir='ltr'><strong>occulte:</strong></span> <span class='ocrx_word' id='word_1_77' title='bbox 1668 1234 1839 1290; x_wconf 90' lang='lat' dir='ltr'><strong>grave</strong></span> <span class='ocrx_word' id='word_1_78' title='bbox 1888 1218 2039 1276; x_wconf 85' lang='lat' dir='ltr'><strong>deli-</strong></span> 
     </span>
    </p>
   </div>
   <div class='ocr_carea' id='block_1_15' title="bbox 385 1308 2040 1382">
    <p class='ocr_par' dir='ltr' id='par_1_15' title="bbox 385 1308 2040 1382">
     <span class='ocr_line' id='line_1_15' title="bbox 385 1308 2040 1382; baseline -0.004 -12"><span class='ocrx_word' id='word_1_79' title='bbox 385 1319 544 1371; x_wconf 89' lang='lat' dir='ltr'><strong>ctum</strong></span> <span class='ocrx_word' id='word_1_80' title='bbox 571 1332 585 1382; x_wconf 87' lang='lat'><strong>;</strong></span> <span class='ocrx_word' id='word_1_81' title='bbox 611 1315 736 1382; x_wconf 82' lang='lat' dir='ltr'><strong>jam</strong></span> <span class='ocrx_word' id='word_1_82' title='bbox 771 1312 1070 1368; x_wconf 87' lang='lat' dir='ltr'><strong>Christum</strong></span> <span class='ocrx_word' id='word_1_83' title='bbox 1120 1309 1218 1366; x_wconf 90' lang='lat' dir='ltr'><strong>ille</strong></span> <span class='ocrx_word' id='word_1_84' title='bbox 1247 1325 1313 1365; x_wconf 89' lang='lat' dir='ltr'><strong>ac</strong></span> <span class='ocrx_word' id='word_1_85' title='bbox 1363 1308 1671 1380; x_wconf 86' lang='lat' dir='ltr'><strong>Deiparam</strong></span> <span class='ocrx_word' id='word_1_86' title='bbox 1706 1313 1763 1363; x_wconf 90' lang='lat' dir='ltr'><strong>et</strong></span> <span class='ocrx_word' id='word_1_87' title='bbox 1807 1313 2040 1364; x_wconf 86' lang='lat' dir='ltr'><strong>sanctos</strong></span> 
     </span>
    </p>
   </div>
   <div class='ocr_carea' id='block_1_16' title="bbox 385 1397 2042 1474">
    <p class='ocr_par' dir='ltr' id='par_1_16' title="bbox 385 1397 2042 1474">
     <span class='ocr_line' id='line_1_16' title="bbox 385 1397 2042 1474; baseline -0.003 -15"><span class='ocrx_word' id='word_1_88' title='bbox 385 1403 676 1474; x_wconf 78' lang='lat' dir='ltr'><strong>ejuravit:</strong></span> <span class='ocrx_word' id='word_1_89' title='bbox 716 1402 905 1457; x_wconf 88' lang='lat' dir='ltr'><strong>tribus</strong></span> <span class='ocrx_word' id='word_1_90' title='bbox 931 1399 1103 1456; x_wconf 80' lang='lat' dir='ltr'><strong>annis</strong></span> <span class='ocrx_word' id='word_1_91' title='bbox 1135 1399 1230 1454; x_wconf 90' lang='lat' dir='ltr'><strong>ille</strong></span> <span class='ocrx_word' id='word_1_92' title='bbox 1267 1398 1478 1453; x_wconf 86' lang='lat' dir='ltr'><strong>divinis</strong></span> <span class='ocrx_word' id='word_1_93' title='bbox 1511 1397 1804 1470; x_wconf 84' lang='lat' dir='ltr'><strong>mysteriis</strong></span> <span class='ocrx_word' id='word_1_94' title='bbox 1853 1413 2042 1454; x_wconf 88' lang='lat' dir='ltr'><strong>arcea-</strong></span> 
     </span>
    </p>
   </div>
   <div class='ocr_carea' id='block_1_17' title="bbox 389 1487 1466 1562">
    <p class='ocr_par' dir='ltr' id='par_1_17' title="bbox 389 1487 1466 1562">
     <span class='ocr_line' id='line_1_17' title="bbox 389 1487 1466 1562; baseline -0.003 -14"><span class='ocrx_word' id='word_1_95' title='bbox 389 1497 510 1556; x_wconf 87' lang='lat' dir='ltr'><strong>tur.</strong></span> <span class='ocrx_word' id='word_1_96' title='bbox 541 1507 655 1547; x_wconf 88' lang='lat' dir='ltr'><strong>non</strong></span> <span class='ocrx_word' id='word_1_97' title='bbox 688 1491 816 1546; x_wconf 86' lang='lat' dir='ltr'><strong>sine</strong></span> <span class='ocrx_word' id='word_1_98' title='bbox 838 1505 1048 1562; x_wconf 88' lang='lat' dir='ltr'><strong>magna</strong></span> <span class='ocrx_word' id='word_1_99' title='bbox 1078 1487 1466 1545; x_wconf 84' lang='lat' dir='ltr'><strong>humanitate.</strong></span> 
     </span>
    </p>
   </div>
   <div class='ocr_carea' id='block_1_18' title="bbox 467 1575 2041 1653">
    <p class='ocr_par' dir='ltr' id='par_1_18' title="bbox 467 1575 2041 1653">
     <span class='ocr_line' id='line_1_18' title="bbox 467 1575 2041 1653; baseline -0.004 -15"><span class='ocrx_word' id='word_1_100' title='bbox 467 1582 558 1638; x_wconf 79' lang='grc' dir='ltr'>ιν.</span> <span class='ocrx_word' id='word_1_101' title='bbox 589 1580 648 1638; x_wconf 79' lang='lat' dir='ltr'><strong>Si</strong></span> <span class='ocrx_word' id='word_1_102' title='bbox 676 1579 809 1653; x_wconf 89' lang='lat' dir='ltr'><strong>quis</strong></span> <span class='ocrx_word' id='word_1_103' title='bbox 833 1595 934 1650; x_wconf 89' lang='lat' dir='ltr'><strong>per</strong></span> <span class='ocrx_word' id='word_1_104' title='bbox 977 1583 1200 1633; x_wconf 88' lang='lat' dir='ltr'><strong>metum</strong></span> <span class='ocrx_word' id='word_1_105' title='bbox 1222 1575 1537 1648; x_wconf 81' lang='lat' dir='ltr'><strong>imaginem</strong></span> <span class='ocrx_word' id='word_1_106' title='bbox 1561 1575 1774 1632; x_wconf 86' lang='lat' dir='ltr'><strong>Christi</strong></span> <span class='ocrx_word' id='word_1_107' title='bbox 1799 1580 2041 1648; x_wconf 86' lang='lat' dir='ltr'><strong>pungat,</strong></span> 
     </span>
    </p>
   </div>
   <div class='ocr_carea' id='block_1_19' title="bbox 389 1668 2041 1742">
    <p class='ocr_par' dir='ltr' id='par_1_19' title="bbox 389 1668 2041 1742">
     <span class='ocr_line' id='line_1_19' title="bbox 389 1668 2041 1742; baseline -0.002 -14"><span class='ocrx_word' id='word_1_108' title='bbox 389 1671 479 1729; x_wconf 86' lang='lat' dir='ltr'><strong>vel</strong></span> <span class='ocrx_word' id='word_1_109' title='bbox 509 1672 695 1729; x_wconf 86' lang='lat' dir='ltr'><strong>sancti</strong></span> <span class='ocrx_word' id='word_1_110' title='bbox 747 1668 1060 1742; x_wconf 88' lang='lat' dir='ltr'><strong>cujuslibet</strong></span> <span class='ocrx_word' id='word_1_111' title='bbox 1097 1685 1113 1724; x_wconf 89' lang='lat'><strong>:</strong></span> <span class='ocrx_word' id='word_1_112' title='bbox 1151 1685 1252 1740; x_wconf 91' lang='lat' dir='ltr'><strong>per</strong></span> <span class='ocrx_word' id='word_1_113' title='bbox 1301 1683 1522 1725; x_wconf 90' lang='lat' dir='ltr'><strong>annum</strong></span> <span class='ocrx_word' id='word_1_114' title='bbox 1555 1684 1589 1723; x_wconf 91' lang='lat' dir='ltr'><strong>a</strong></span> <span class='ocrx_word' id='word_1_115' title='bbox 1629 1668 2041 1725; x_wconf 89' lang='lat' dir='ltr'><strong>communione</strong></span> 
     </span>
    </p>
   </div>
   <div class='ocr_carea' id='block_1_20' title="bbox 393 1761 785 1836">
    <p class='ocr_par' dir='ltr' id='par_1_20' title="bbox 393 1761 785 1836">
     <span class='ocr_line' id='line_1_20' title="bbox 393 1761 785 1836; baseline -0.008 -17"><span class='ocrx_word' id='word_1_116' title='bbox 393 1761 785 1836; x_wconf 83' lang='lat' dir='ltr'><strong>prohibeatur.</strong></span> 
     </span>
    </p>
   </div>
   <div class='ocr_carea' id='block_1_21' title="bbox 458 1845 2041 1921">
    <p class='ocr_par' dir='ltr' id='par_1_21' title="bbox 458 1845 2041 1921">
     <span class='ocr_line' id='line_1_21' title="bbox 458 1845 2041 1921; baseline -0.003 -17"><span class='ocrx_word' id='word_1_117' title='bbox 458 1850 527 1904; x_wconf 89' lang='lat' dir='ltr'><strong>V.</strong></span> <span class='ocrx_word' id='word_1_118' title='bbox 561 1849 620 1906; x_wconf 90' lang='lat' dir='ltr'><strong>Si</strong></span> <span class='ocrx_word' id='word_1_119' title='bbox 653 1849 786 1921; x_wconf 84' lang='lat' dir='ltr'><strong>quis</strong></span> <span class='ocrx_word' id='word_1_120' title='bbox 817 1847 1090 1904; x_wconf 86' lang='lat' dir='ltr'><strong>sacerdos</strong></span> <span class='ocrx_word' id='word_1_121' title='bbox 1147 1847 1488 1902; x_wconf 67' lang='lat' dir='ltr'><strong>haereticum</strong></span> <span class='ocrx_word' id='word_1_122' title='bbox 1522 1845 1754 1917; x_wconf 88' lang='lat' dir='ltr'><strong>publice</strong></span> <span class='ocrx_word' id='word_1_123' title='bbox 1785 1860 2041 1902; x_wconf 89' lang='lat' dir='ltr'><strong>comme-</strong></span> 
     </span>
    </p>
   </div>
   <div class='ocr_carea' id='block_1_22' title="bbox 395 1934 2043 2010">
    <p class='ocr_par' dir='ltr' id='par_1_22' title="bbox 395 1934 2043 2010">
     <span class='ocr_line' id='line_1_22' title="bbox 395 1934 2043 2010; baseline -0.004 -15"><span class='ocrx_word' id='word_1_124' title='bbox 395 1942 595 2006; x_wconf 89' lang='lat' dir='ltr'><strong>moret,</strong></span> <span class='ocrx_word' id='word_1_125' title='bbox 630 1937 903 2010; x_wconf 84' lang='lat' dir='ltr'><strong>privatim</strong></span> <span class='ocrx_word' id='word_1_126' title='bbox 934 1941 1126 1992; x_wconf 90' lang='lat' dir='ltr'><strong>autem</strong></span> <span class='ocrx_word' id='word_1_127' title='bbox 1160 1937 1231 1991; x_wconf 89' lang='lat' dir='ltr'><strong>ab</strong></span> <span class='ocrx_word' id='word_1_128' title='bbox 1249 1935 1569 1992; x_wconf 85' lang='lat' dir='ltr'><strong>orthodoxe</strong></span> <span class='ocrx_word' id='word_1_129' title='bbox 1592 1934 1790 2006; x_wconf 89' lang='lat' dir='ltr'><strong>aliquo</strong></span> <span class='ocrx_word' id='word_1_130' title='bbox 1821 1935 1880 1989; x_wconf 92' lang='lat' dir='ltr'><strong>in</strong></span> <span class='ocrx_word' id='word_1_131' title='bbox 1912 1950 2043 1990; x_wconf 84' lang='lat' dir='ltr'><strong>ora-</strong></span> 
     </span>
    </p>
   </div>
   <div class='ocr_carea' id='block_1_23' title="bbox 390 2021 2044 2096">
    <p class='ocr_par' dir='ltr' id='par_1_23' title="bbox 390 2021 2044 2096">
     <span class='ocr_line' id='line_1_23' title="bbox 390 2021 2044 2096; baseline -0.002 -14"><span class='ocrx_word' id='word_1_132' title='bbox 390 2027 606 2082; x_wconf 90' lang='lat' dir='ltr'><strong>torium</strong></span> <span class='ocrx_word' id='word_1_133' title='bbox 638 2030 890 2096; x_wconf 89' lang='lat' dir='ltr'><strong>vocatus,</strong></span> <span class='ocrx_word' id='word_1_134' title='bbox 923 2041 1386 2082; x_wconf 87' lang='lat' dir='ltr'><strong>commemonare</strong></span> <span class='ocrx_word' id='word_1_135' title='bbox 1426 2023 1762 2080; x_wconf 66' lang='lat' dir='ltr'><strong>hereticum</strong></span> <span class='ocrx_word' id='word_1_136' title='bbox 1797 2021 1943 2080; x_wconf 90' lang='lat' dir='ltr'><strong>nolit</strong></span> <span class='ocrx_word' id='word_1_137' title='bbox 1972 2040 2044 2078; x_wconf 92' lang='lat' dir='ltr'><strong>an</strong></span> 
     </span>
    </p>
   </div>
   <div class='ocr_carea' id='block_1_24' title="bbox 393 2110 2046 2186">
    <p class='ocr_par' dir='ltr' id='par_1_24' title="bbox 393 2110 2046 2186">
     <span class='ocr_line' id='line_1_24' title="bbox 393 2110 2046 2186; baseline -0.002 -17"><span class='ocrx_word' id='word_1_138' title='bbox 393 2115 731 2186; x_wconf 89' lang='lat' dir='ltr'><strong>religiosum</strong></span> <span class='ocrx_word' id='word_1_139' title='bbox 765 2113 1067 2169; x_wconf 90' lang='lat' dir='ltr'><strong>hominem</strong></span> <span class='ocrx_word' id='word_1_140' title='bbox 1107 2115 1336 2185; x_wconf 89' lang='lat' dir='ltr'><strong>oportet</strong></span> <span class='ocrx_word' id='word_1_141' title='bbox 1378 2111 1439 2167; x_wconf 92' lang='lat' dir='ltr'><strong>in</strong></span> <span class='ocrx_word' id='word_1_142' title='bbox 1492 2111 1676 2167; x_wconf 86' lang='lat' dir='ltr'><strong>oratio</strong></span> <span class='ocrx_word' id='word_1_143' title='bbox 1707 2110 1816 2167; x_wconf 89' lang='lat' dir='ltr'><strong>isto</strong></span> <span class='ocrx_word' id='word_1_144' title='bbox 1847 2125 2046 2183; x_wconf 88' lang='lat' dir='ltr'><strong>preces</strong></span> 
     </span>
    </p>
   </div>
   <div class='ocr_carea' id='block_1_25' title="bbox 395 2203 1002 2275">
    <p class='ocr_par' dir='ltr' id='par_1_25' title="bbox 395 2203 1002 2275">
     <span class='ocr_line' id='line_1_25' title="bbox 395 2203 1002 2275; baseline 0.003 -17"><span class='ocrx_word' id='word_1_145' title='bbox 395 2219 666 2275; x_wconf 79' lang='lat' dir='ltr'><strong>peragere</strong></span> <span class='ocrx_word' id='word_1_146' title='bbox 685 2203 713 2258; x_wconf 89' lang='lat'><strong>?</strong></span> <span class='ocrx_word' id='word_1_147' title='bbox 742 2203 1002 2260; x_wconf 89' lang='lat' dir='ltr'><strong>Minime.</strong></span> 
     </span>
    </p>
   </div>
   <div class='ocr_carea' id='block_1_26' title="bbox 464 2289 2049 2362">
    <p class='ocr_par' dir='ltr' id='par_1_26' title="bbox 464 2289 2049 2362">
     <span class='ocr_line' id='line_1_26' title="bbox 464 2289 2049 2362; baseline -0.001 -17"><span class='ocrx_word' id='word_1_148' title='bbox 464 2291 559 2348; x_wconf 89' lang='lat' dir='ltr'><strong>VI.</strong></span> <span class='ocrx_word' id='word_1_149' title='bbox 589 2293 675 2347; x_wconf 87' lang='lat' dir='ltr'><strong>An</strong></span> <span class='ocrx_word' id='word_1_150' title='bbox 711 2293 893 2362; x_wconf 89' lang='lat' dir='ltr'><strong>possit</strong></span> <span class='ocrx_word' id='word_1_151' title='bbox 921 2291 1134 2362; x_wconf 85' lang='lat' dir='ltr'><strong>aliquis</strong></span> <span class='ocrx_word' id='word_1_152' title='bbox 1165 2295 1339 2358; x_wconf 87' lang='lat' dir='ltr'><strong>recte,</strong></span> <span class='ocrx_word' id='word_1_153' title='bbox 1391 2291 1533 2346; x_wconf 91' lang='lat' dir='ltr'><strong>dum</strong></span> <span class='ocrx_word' id='word_1_154' title='bbox 1586 2294 1821 2362; x_wconf 88' lang='lat' dir='ltr'><strong>peccata</strong></span> <span class='ocrx_word' id='word_1_155' title='bbox 1865 2289 2049 2360; x_wconf 75' lang='lat' dir='ltr'><strong>pmnis</strong></span> 
     </span>
    </p>
   </div>
   <div class='ocr_carea' id='block_1_27' title="bbox 393 2377 2047 2451">
    <p class='ocr_par' dir='ltr' id='par_1_27' title="bbox 393 2377 2047 2451">
     <span class='ocr_line' id='line_1_27' title="bbox 393 2377 2047 2451; baseline -0.003 -12"><span class='ocrx_word' id='word_1_156' title='bbox 393 2381 606 2451; x_wconf 68' lang='lat' dir='ltr'><strong>eXpiat,</strong></span> <span class='ocrx_word' id='word_1_157' title='bbox 637 2380 920 2436; x_wconf 88' lang='lat' dir='ltr'><strong>asciscere</strong></span> <span class='ocrx_word' id='word_1_158' title='bbox 942 2379 1196 2450; x_wconf 89' lang='lat' dir='ltr'><strong>aliquem</strong></span> <span class='ocrx_word' id='word_1_159' title='bbox 1221 2379 1332 2435; x_wconf 90' lang='lat' dir='ltr'><strong>sibi</strong></span> <span class='ocrx_word' id='word_1_160' title='bbox 1355 2379 1579 2434; x_wconf 90' lang='lat' dir='ltr'><strong>socium</strong></span> <span class='ocrx_word' id='word_1_161' title='bbox 1603 2379 1674 2434; x_wconf 89' lang='lat' dir='ltr'><strong>ad</strong></span> <span class='ocrx_word' id='word_1_162' title='bbox 1698 2377 2047 2434; x_wconf 84' lang='lat' dir='ltr'><strong>levationem</strong></span> 
     </span>
    </p>
   </div>
   <div class='ocr_carea' id='block_1_28' title="bbox 396 2466 2049 2542">
    <p class='ocr_par' dir='ltr' id='par_1_28' title="bbox 396 2466 2049 2542">
     <span class='ocr_line' id='line_1_28' title="bbox 396 2466 2049 2542; baseline -0.002 -17"><span class='ocrx_word' id='word_1_163' title='bbox 396 2487 601 2542; x_wconf 68' lang='lat' dir='ltr'><strong>pcenaa.</strong></span> <span class='ocrx_word' id='word_1_164' title='bbox 634 2470 798 2524; x_wconf 87' lang='lat' dir='ltr'><strong>Circa</strong></span> <span class='ocrx_word' id='word_1_165' title='bbox 829 2467 1300 2524; x_wconf 84' lang='lat' dir='ltr'><strong>communionem</strong></span> <span class='ocrx_word' id='word_1_166' title='bbox 1335 2466 1598 2538; x_wconf 90' lang='lat' dir='ltr'><strong>quidem,</strong></span> <span class='ocrx_word' id='word_1_167' title='bbox 1637 2467 1905 2522; x_wconf 86' lang='lat' dir='ltr'><strong>minime:</strong></span> <span class='ocrx_word' id='word_1_168' title='bbox 1940 2468 2049 2521; x_wconf 88' lang='lat' dir='ltr'><strong>cir-</strong></span> 
     </span>
    </p>
   </div>
   <div class='ocr_carea' id='block_1_29' title="bbox 401 2556 2050 2628">
    <p class='ocr_par' dir='ltr' id='par_1_29' title="bbox 401 2556 2050 2628">
     <span class='ocr_line' id='line_1_29' title="bbox 401 2556 2050 2628; baseline -0.002 -12"><span class='ocrx_word' id='word_1_169' title='bbox 401 2576 469 2616; x_wconf 85' lang='lat' dir='ltr'><strong>ca</strong></span> <span class='ocrx_word' id='word_1_170' title='bbox 496 2558 609 2614; x_wconf 91' lang='lat' dir='ltr'><strong>alia</strong></span> <span class='ocrx_word' id='word_1_171' title='bbox 638 2564 857 2626; x_wconf 89' lang='lat' dir='ltr'><strong>autem,</strong></span> <span class='ocrx_word' id='word_1_172' title='bbox 901 2575 1016 2612; x_wconf 92' lang='lat' dir='ltr'><strong>non</strong></span> <span class='ocrx_word' id='word_1_173' title='bbox 1059 2557 1294 2613; x_wconf 90' lang='lat' dir='ltr'><strong>omnino</strong></span> <span class='ocrx_word' id='word_1_174' title='bbox 1343 2557 1818 2628; x_wconf 89' lang='lat' dir='ltr'><strong>improbandum.</strong></span> <span class='ocrx_word' id='word_1_175' title='bbox 1855 2556 2050 2627; x_wconf 89' lang='lat' dir='ltr'><strong>Neque</strong></span> 
     </span>
    </p>
   </div>
   <div class='ocr_carea' id='block_1_30' title="bbox 400 2645 2052 2719">
    <p class='ocr_par' dir='ltr' id='par_1_30' title="bbox 400 2645 2052 2719">
     <span class='ocr_line' id='line_1_30' title="bbox 400 2645 2052 2719; baseline -0.002 -15"><span class='ocrx_word' id='word_1_176' title='bbox 400 2664 535 2704; x_wconf 86' lang='lat' dir='ltr'><strong>vero</strong></span> <span class='ocrx_word' id='word_1_177' title='bbox 565 2646 947 2716; x_wconf 86' lang='lat' dir='ltr'><strong>eleemosynis</strong></span> <span class='ocrx_word' id='word_1_178' title='bbox 986 2663 1089 2719; x_wconf 91' lang='lat' dir='ltr'><strong>per</strong></span> <span class='ocrx_word' id='word_1_179' title='bbox 1118 2662 1180 2702; x_wconf 89' lang='lat' dir='ltr'><strong>se</strong></span> <span class='ocrx_word' id='word_1_180' title='bbox 1215 2647 1337 2718; x_wconf 91' lang='lat' dir='ltr'><strong>ipse</strong></span> <span class='ocrx_word' id='word_1_181' title='bbox 1387 2652 1578 2718; x_wconf 87' lang='lat' dir='ltr'><strong>potest</strong></span> <span class='ocrx_word' id='word_1_182' title='bbox 1627 2645 1951 2717; x_wconf 88' lang='lat' dir='ltr'><strong>quidquam</strong></span> <span class='ocrx_word' id='word_1_183' title='bbox 1985 2662 2052 2702; x_wconf 83' lang='lat' dir='ltr'><strong>ex</strong></span> 
     </span>
    </p>
   </div>
   <div class='ocr_carea' id='block_1_31' title="bbox 403 2734 2050 2808">
    <p class='ocr_par' dir='ltr' id='par_1_31' title="bbox 403 2734 2050 2808">
     <span class='ocr_line' id='line_1_31' title="bbox 403 2734 2050 2808; baseline -0.002 -14"><span class='ocrx_word' id='word_1_184' title='bbox 403 2753 470 2794; x_wconf 89' lang='lat' dir='ltr'><strong>eo</strong></span> <span class='ocrx_word' id='word_1_185' title='bbox 503 2737 845 2792; x_wconf 85' lang='lat' dir='ltr'><strong>subtrahere</strong></span> <span class='ocrx_word' id='word_1_186' title='bbox 887 2737 1043 2808; x_wconf 89' lang='lat' dir='ltr'><strong>quod</strong></span> <span class='ocrx_word' id='word_1_187' title='bbox 1093 2741 1183 2792; x_wconf 90' lang='lat' dir='ltr'><strong>est</strong></span> <span class='ocrx_word' id='word_1_188' title='bbox 1229 2735 1561 2791; x_wconf 79' lang='lat' dir='ltr'><strong>definitum.</strong></span> <span class='ocrx_word' id='word_1_189' title='bbox 1615 2734 1761 2790; x_wconf 87' lang='lat' dir='ltr'><strong>Nam</strong></span> <span class='ocrx_word' id='word_1_190' title='bbox 1793 2736 1891 2806; x_wconf 91' lang='lat' dir='ltr'><strong>qui</strong></span> <span class='ocrx_word' id='word_1_191' title='bbox 1926 2752 2050 2807; x_wconf 79' lang='lat' dir='ltr'><strong>pce-</strong></span> 
     </span>
    </p>
   </div>
   <div class='ocr_carea' id='block_1_32' title="bbox 405 2823 2055 2896">
    <p class='ocr_par' dir='ltr' id='par_1_32' title="bbox 405 2823 2055 2896">
     <span class='ocr_line' id='line_1_32' title="bbox 405 2823 2055 2896; baseline -0.001 -15"><span class='ocrx_word' id='word_1_192' title='bbox 405 2841 542 2882; x_wconf 90' lang='lat' dir='ltr'><strong>nam</strong></span> <span class='ocrx_word' id='word_1_193' title='bbox 573 2825 805 2896; x_wconf 82' lang='lat' dir='ltr'><strong>irrogal,</strong></span> <span class='ocrx_word' id='word_1_194' title='bbox 859 2823 1014 2880; x_wconf 87' lang='lat' dir='ltr'><strong>novit</strong></span> <span class='ocrx_word' id='word_1_195' title='bbox 1055 2823 1294 2879; x_wconf 89' lang='lat' dir='ltr'><strong>omnino</strong></span> <span class='ocrx_word' id='word_1_196' title='bbox 1342 2833 1396 2879; x_wconf 87' lang='lat' dir='ltr'><strong>et</strong></span> <span class='ocrx_word' id='word_1_197' title='bbox 1449 2840 1776 2895; x_wconf 87' lang='lat' dir='ltr'><strong>personam,</strong></span> <span class='ocrx_word' id='word_1_198' title='bbox 1817 2829 1875 2880; x_wconf 90' lang='lat' dir='ltr'><strong>et</strong></span> <span class='ocrx_word' id='word_1_199' title='bbox 1906 2828 2055 2880; x_wconf 88' lang='lat' dir='ltr'><strong>tem-</strong></span> 
     </span>
    </p>
   </div>
   <div class='ocr_carea' id='block_1_33' title="bbox 404 2913 2052 2987">
    <p class='ocr_par' dir='ltr' id='par_1_33' title="bbox 404 2913 2052 2987">
     <span class='ocr_line' id='line_1_33' title="bbox 404 2913 2052 2987; baseline 0 -17"><span class='ocrx_word' id='word_1_200' title='bbox 404 2933 534 2987; x_wconf 84' lang='lat' dir='ltr'><strong>pus,</strong></span> <span class='ocrx_word' id='word_1_201' title='bbox 566 2920 622 2971; x_wconf 91' lang='lat' dir='ltr'><strong>et</strong></span> <span class='ocrx_word' id='word_1_202' title='bbox 643 2916 919 2985; x_wconf 88' lang='lat' dir='ltr'><strong>adjuncta</strong></span> <span class='ocrx_word' id='word_1_203' title='bbox 951 2915 1329 2985; x_wconf 89' lang='lat' dir='ltr'><strong>perpendere,</strong></span> <span class='ocrx_word' id='word_1_204' title='bbox 1363 2921 1424 2969; x_wconf 84' lang='lat' dir='ltr'><strong>ut</strong></span> <span class='ocrx_word' id='word_1_205' title='bbox 1465 2913 1699 2969; x_wconf 84' lang='lat' dir='ltr'><strong>relaxet.</strong></span> <span class='ocrx_word' id='word_1_206' title='bbox 1732 2913 1875 2970; x_wconf 86' lang='lat' dir='ltr'><strong>Nam</strong></span> <span class='ocrx_word' id='word_1_207' title='bbox 1900 2927 2052 2970; x_wconf 76' lang='lat' dir='ltr'><strong>certo</strong></span> 
     </span>
    </p>
   </div>
   <div class='ocr_carea' id='block_1_34' title="bbox 402 3004 2052 3075">
    <p class='ocr_par' dir='ltr' id='par_1_34' title="bbox 402 3004 2052 3075">
     <span class='ocr_line' id='line_1_34' title="bbox 402 3004 2052 3075; baseline -0.002 -16"><span class='ocrx_word' id='word_1_208' title='bbox 402 3005 538 3069; x_wconf 85' lang='lat' dir='ltr'><strong>ﬁne,</strong></span> <span class='ocrx_word' id='word_1_209' title='bbox 567 3005 732 3074; x_wconf 80' lang='lat' dir='ltr'><strong>juxta</strong></span> <span class='ocrx_word' id='word_1_210' title='bbox 777 3019 1028 3058; x_wconf 87' lang='lat' dir='ltr'><strong>canones</strong></span> <span class='ocrx_word' id='word_1_211' title='bbox 1068 3004 1171 3074; x_wconf 89' lang='lat' dir='ltr'><strong>qui</strong></span> <span class='ocrx_word' id='word_1_212' title='bbox 1221 3007 1356 3057; x_wconf 90' lang='lat' dir='ltr'><strong>sunt</strong></span> <span class='ocrx_word' id='word_1_213' title='bbox 1406 3005 1812 3075; x_wconf 88' lang='lat' dir='ltr'><strong>contingenter</strong></span> <span class='ocrx_word' id='word_1_214' title='bbox 1855 3005 2052 3074; x_wconf 87' lang='lat' dir='ltr'><strong>positi,</strong></span> 
     </span>
    </p>
   </div>
   <div class='ocr_carea' id='block_1_35' title="bbox 401 3090 1496 3164">
    <p class='ocr_par' dir='ltr' id='par_1_35' title="bbox 401 3090 1496 3164">
     <span class='ocr_line' id='line_1_35' title="bbox 401 3090 1496 3164; baseline -0.003 -14"><span class='ocrx_word' id='word_1_215' title='bbox 401 3110 516 3150; x_wconf 88' lang='lat' dir='ltr'><strong>non</strong></span> <span class='ocrx_word' id='word_1_216' title='bbox 573 3097 821 3164; x_wconf 90' lang='lat' dir='ltr'><strong>possunt</strong></span> <span class='ocrx_word' id='word_1_217' title='bbox 865 3093 975 3146; x_wconf 89' lang='lat' dir='ltr'><strong>ista</strong></span> <span class='ocrx_word' id='word_1_218' title='bbox 1023 3090 1439 3164; x_wconf 89' lang='lat' dir='ltr'><strong>comprehendi</strong></span> <span class='ocrx_word' id='word_1_219' title='bbox 1481 3107 1496 3147; x_wconf 89' lang='lat'><strong>:</strong></span> 
     </span>
    </p>
   </div>
   <div class='ocr_carea' id='block_1_36' title="bbox 403 3179 2052 3254">
    <p class='ocr_par' dir='ltr' id='par_1_36' title="bbox 403 3179 2052 3254">
     <span class='ocr_line' id='line_1_36' title="bbox 403 3179 2052 3254; baseline 0 -16"><span class='ocrx_word' id='word_1_220' title='bbox 403 3198 651 3254; x_wconf 91' lang='lat' dir='ltr'><strong>magnus</strong></span> <span class='ocrx_word' id='word_1_221' title='bbox 682 3183 803 3253; x_wconf 90' lang='lat' dir='ltr'><strong>ipse</strong></span> <span class='ocrx_word' id='word_1_222' title='bbox 837 3181 1091 3237; x_wconf 89' lang='lat' dir='ltr'><strong>Basilius</strong></span> <span class='ocrx_word' id='word_1_223' title='bbox 1121 3182 1265 3236; x_wconf 81' lang='lat' dir='ltr'><strong>dixit</strong></span> <span class='ocrx_word' id='word_1_224' title='bbox 1296 3179 1362 3236; x_wconf 84' lang='grc'><strong>¹⁷.</strong></span> <span class='ocrx_word' id='word_1_225' title='bbox 1395 3180 1553 3237; x_wconf 88' lang='lat' dir='ltr'><strong>Dans</strong></span> <span class='ocrx_word' id='word_1_226' title='bbox 1596 3184 1750 3237; x_wconf 91' lang='lat' dir='ltr'><strong>enim</strong></span> <span class='ocrx_word' id='word_1_227' title='bbox 1779 3182 2052 3254; x_wconf 84' lang='lat' dir='ltr'><strong>episcopo</strong></span> 
     </span>
    </p>
   </div>
   <div class='ocr_carea' id='block_1_37' title="bbox 403 3271 2052 3344">
    <p class='ocr_par' dir='ltr' id='par_1_37' title="bbox 403 3271 2052 3344">
     <span class='ocr_line' id='line_1_37' title="bbox 403 3271 2052 3344; baseline -0.001 -17"><span class='ocrx_word' id='word_1_228' title='bbox 403 3276 751 3344; x_wconf 87' lang='lat' dir='ltr'><strong>potestatem</strong></span> <span class='ocrx_word' id='word_1_229' title='bbox 788 3271 1037 3341; x_wconf 80' lang='lat' dir='ltr'><strong>augendi</strong></span> <span class='ocrx_word' id='word_1_230' title='bbox 1071 3287 1136 3325; x_wconf 87' lang='lat' dir='ltr'><strong>ac</strong></span> <span class='ocrx_word' id='word_1_231' title='bbox 1167 3271 1518 3337; x_wconf 74' lang='lat' dir='ltr'><strong>remittendi,</strong></span> <span class='ocrx_word' id='word_1_232' title='bbox 1552 3287 1667 3326; x_wconf 90' lang='lat' dir='ltr'><strong>non</strong></span> <span class='ocrx_word' id='word_1_233' title='bbox 1697 3287 1763 3327; x_wconf 78' lang='lat' dir='ltr'><strong>ex</strong></span> <span class='ocrx_word' id='word_1_234' title='bbox 1803 3271 2052 3328; x_wconf 88' lang='lat' dir='ltr'><strong>necessi-</strong></span> 
     </span>
    </p>
   </div>
   <div class='ocr_carea' id='block_1_38' title="bbox 404 3358 2051 3431">
    <p class='ocr_par' dir='ltr' id='par_1_38' title="bbox 404 3358 2051 3431">
     <span class='ocr_line' id='line_1_38' title="bbox 404 3358 2051 3431; baseline 0 -15"><span class='ocrx_word' id='word_1_235' title='bbox 404 3363 524 3416; x_wconf 85' lang='lat' dir='ltr'><strong>tate</strong></span> <span class='ocrx_word' id='word_1_236' title='bbox 541 3360 808 3415; x_wconf 90' lang='lat' dir='ltr'><strong>videlicet</strong></span> <span class='ocrx_word' id='word_1_237' title='bbox 828 3358 1184 3415; x_wconf 88' lang='lat' dir='ltr'><strong>ineluctabili</strong></span> <span class='ocrx_word' id='word_1_238' title='bbox 1201 3376 1482 3416; x_wconf 90' lang='lat' dir='ltr'><strong>canonem</strong></span> <span class='ocrx_word' id='word_1_239' title='bbox 1506 3359 1716 3427; x_wconf 80' lang='lat' dir='ltr'><strong>sanxit,</strong></span> <span class='ocrx_word' id='word_1_240' title='bbox 1738 3360 1836 3416; x_wconf 90' lang='lat' dir='ltr'><strong>sed</strong></span> <span class='ocrx_word' id='word_1_241' title='bbox 1861 3360 2051 3431; x_wconf 86' lang='lat' dir='ltr'><strong>quoad</strong></span> 
     </span>
    </p>
   </div>
   <div class='ocr_carea' id='block_1_39' title="bbox 404 3448 2047 3520">
    <p class='ocr_par' dir='ltr' id='par_1_39' title="bbox 404 3448 2047 3520">
     <span class='ocr_line' id='line_1_39' title="bbox 404 3448 2047 3520; baseline -0.001 -15"><span class='ocrx_word' id='word_1_242' title='bbox 404 3451 532 3520; x_wconf 89' lang='lat' dir='ltr'><strong>ejus</strong></span> <span class='ocrx_word' id='word_1_243' title='bbox 564 3448 686 3504; x_wconf 84' lang='lat' dir='ltr'><strong>ﬁeri</strong></span> <span class='ocrx_word' id='word_1_244' title='bbox 723 3452 911 3520; x_wconf 88' lang='lat' dir='ltr'><strong>potest</strong></span> <span class='ocrx_word' id='word_1_245' title='bbox 941 3464 956 3504; x_wconf 89' lang='lat'><strong>:</strong></span> <span class='ocrx_word' id='word_1_246' title='bbox 990 3454 1054 3503; x_wconf 91' lang='lat' dir='ltr'><strong>ut</strong></span> <span class='ocrx_word' id='word_1_247' title='bbox 1083 3449 1182 3520; x_wconf 85' lang='lat' dir='ltr'><strong>qui</strong></span> <span class='ocrx_word' id='word_1_248' title='bbox 1225 3450 1344 3514; x_wconf 91' lang='lat' dir='ltr'><strong>dat,</strong></span> <span class='ocrx_word' id='word_1_249' title='bbox 1397 3449 1898 3520; x_wconf 88' lang='lat' dir='ltr'><strong>quemadmodum</strong></span> <span class='ocrx_word' id='word_1_250' title='bbox 1930 3449 2047 3517; x_wconf 90' lang='lat' dir='ltr'><strong>det,</strong></span> 
     </span>
    </p>
   </div>
   <div class='ocr_carea' id='block_1_40' title="bbox 404 3536 2051 3609">
    <p class='ocr_par' dir='ltr' id='par_1_40' title="bbox 404 3536 2051 3609">
     <span class='ocr_line' id='line_1_40' title="bbox 404 3536 2051 3609; baseline 0 -17"><span class='ocrx_word' id='word_1_251' title='bbox 404 3539 617 3592; x_wconf 82' lang='lat' dir='ltr'><strong>videat.</strong></span> <span class='ocrx_word' id='word_1_252' title='bbox 654 3536 854 3608; x_wconf 83' lang='lat' dir='ltr'><strong>Neque</strong></span> <span class='ocrx_word' id='word_1_253' title='bbox 882 3537 1039 3592; x_wconf 88' lang='lat' dir='ltr'><strong>enim</strong></span> <span class='ocrx_word' id='word_1_254' title='bbox 1071 3553 1176 3609; x_wconf 86' lang='lat' dir='ltr'><strong>ego</strong></span> <span class='ocrx_word' id='word_1_255' title='bbox 1216 3536 1456 3594; x_wconf 91' lang='lat' dir='ltr'><strong>humilis</strong></span> <span class='ocrx_word' id='word_1_256' title='bbox 1488 3537 1801 3594; x_wconf 81' lang='lat' dir='ltr'><strong>deﬁniendi</strong></span> <span class='ocrx_word' id='word_1_257' title='bbox 1829 3538 2051 3609; x_wconf 88' lang='lat' dir='ltr'><strong>cupidi-</strong></span> 
     </span>
    </p>
   </div>
   <div class='ocr_carea' id='block_1_41' title="bbox 404 3626 2053 3698">
    <p class='ocr_par' dir='ltr' id='par_1_41' title="bbox 404 3626 2053 3698">
     <span class='ocr_line' id='line_1_41' title="bbox 404 3626 2053 3698; baseline -0.001 -15"><span class='ocrx_word' id='word_1_258' title='bbox 404 3631 528 3683; x_wconf 88' lang='lat' dir='ltr'><strong>tate</strong></span> <span class='ocrx_word' id='word_1_259' title='bbox 557 3626 656 3681; x_wconf 92' lang='lat' dir='ltr'><strong>sed</strong></span> <span class='ocrx_word' id='word_1_260' title='bbox 686 3626 740 3680; x_wconf 92' lang='lat' dir='ltr'><strong>vi</strong></span> <span class='ocrx_word' id='word_1_261' title='bbox 772 3627 1032 3693; x_wconf 85' lang='lat' dir='ltr'><strong>adactus,</strong></span> <span class='ocrx_word' id='word_1_262' title='bbox 1065 3631 1119 3682; x_wconf 89' lang='lat' dir='ltr'><strong>et</strong></span> <span class='ocrx_word' id='word_1_263' title='bbox 1151 3626 1381 3698; x_wconf 87' lang='lat' dir='ltr'><strong>quidem</strong></span> <span class='ocrx_word' id='word_1_264' title='bbox 1435 3626 1614 3682; x_wconf 88' lang='lat' dir='ltr'><strong>dandi</strong></span> <span class='ocrx_word' id='word_1_265' title='bbox 1661 3626 1890 3682; x_wconf 90' lang='lat' dir='ltr'><strong>consilii</strong></span> <span class='ocrx_word' id='word_1_266' title='bbox 1922 3642 2053 3682; x_wconf 84' lang='lat' dir='ltr'><strong>cau-</strong></span> 
     </span>
    </p>
   </div>
   <div class='ocr_carea' id='block_1_42' title="bbox 407 3713 2051 3787">
    <p class='ocr_par' dir='ltr' id='par_1_42' title="bbox 407 3713 2051 3787">
     <span class='ocr_line' id='line_1_42' title="bbox 407 3713 2051 3787; baseline 0 -16"><span class='ocrx_word' id='word_1_267' title='bbox 407 3733 490 3781; x_wconf 87' lang='lat' dir='ltr'><strong>sa,</strong></span> <span class='ocrx_word' id='word_1_268' title='bbox 525 3720 587 3770; x_wconf 91' lang='lat' dir='ltr'><strong>ut</strong></span> <span class='ocrx_word' id='word_1_269' title='bbox 616 3730 769 3786; x_wconf 73' lang='lat' dir='ltr'><strong>saepe</strong></span> <span class='ocrx_word' id='word_1_270' title='bbox 799 3713 918 3769; x_wconf 81' lang='lat' dir='ltr'><strong>dixi</strong></span> <span class='ocrx_word' id='word_1_271' title='bbox 942 3717 1264 3786; x_wconf 87' lang='lat' dir='ltr'><strong>respondeo</strong></span> <span class='ocrx_word' id='word_1_272' title='bbox 1293 3718 1359 3770; x_wconf 88' lang='lat' dir='ltr'><strong>ad</strong></span> <span class='ocrx_word' id='word_1_273' title='bbox 1394 3717 1721 3787; x_wconf 89' lang='lat' dir='ltr'><strong>propositas</strong></span> <span class='ocrx_word' id='word_1_274' title='bbox 1761 3714 1904 3770; x_wconf 90' lang='lat' dir='ltr'><strong>mihi</strong></span> <span class='ocrx_word' id='word_1_275' title='bbox 1928 3715 2051 3771; x_wconf 87' lang='lat' dir='ltr'><strong>sivo</strong></span> 
     </span>
    </p>
   </div>
   <div class='ocr_carea' id='block_1_43' title="bbox 408 3803 2053 3876">
    <p class='ocr_par' dir='ltr' id='par_1_43' title="bbox 408 3803 2053 3876">
     <span class='ocr_line' id='line_1_43' title="bbox 408 3803 2053 3876; baseline 0 -15"><span class='ocrx_word' id='word_1_276' title='bbox 408 3822 442 3861; x_wconf 87' lang='lat' dir='ltr'><strong>a</strong></span> <span class='ocrx_word' id='word_1_277' title='bbox 484 3810 563 3868; x_wconf 89' lang='lat' dir='ltr'><strong>te,</strong></span> <span class='ocrx_word' id='word_1_278' title='bbox 603 3805 724 3860; x_wconf 89' lang='lat' dir='ltr'><strong>sive</strong></span> <span class='ocrx_word' id='word_1_279' title='bbox 768 3803 840 3859; x_wconf 87' lang='lat' dir='ltr'><strong>ab</strong></span> <span class='ocrx_word' id='word_1_280' title='bbox 892 3803 1006 3860; x_wconf 85' lang='lat' dir='ltr'><strong>alio</strong></span> <span class='ocrx_word' id='word_1_281' title='bbox 1056 3804 1430 3875; x_wconf 68' lang='lat' dir='ltr'><strong>quaestiones.</strong></span> <span class='ocrx_word' id='word_1_282' title='bbox 1481 3804 1759 3861; x_wconf 61' lang='lat' dir='ltr'><strong>Caeterum</strong></span> <span class='ocrx_word' id='word_1_283' title='bbox 1813 3820 1915 3876; x_wconf 88' lang='lat' dir='ltr'><strong>pro</strong></span> <span class='ocrx_word' id='word_1_284' title='bbox 1963 3821 2053 3862; x_wconf 89' lang='lat' dir='ltr'><strong>me</strong></span> 
     </span>
    </p>
   </div>
   <div class='ocr_carea' id='block_1_44' title="bbox 407 3892 2050 3966">
    <p class='ocr_par' dir='ltr' id='par_1_44' title="bbox 407 3892 2050 3966">
     <span class='ocr_line' id='line_1_44' title="bbox 407 3892 2050 3966; baseline 0.001 -17"><span class='ocrx_word' id='word_1_285' title='bbox 407 3892 616 3949; x_wconf 90' lang='lat' dir='ltr'><strong>humili</strong></span> <span class='ocrx_word' id='word_1_286' title='bbox 650 3908 922 3964; x_wconf 88' lang='lat' dir='ltr'><strong>precare:</strong></span> <span class='ocrx_word' id='word_1_287' title='bbox 958 3909 1060 3964; x_wconf 91' lang='lat' dir='ltr'><strong>pro</strong></span> <span class='ocrx_word' id='word_1_288' title='bbox 1087 3893 1320 3949; x_wconf 87' lang='lat' dir='ltr'><strong>viribus</strong></span> <span class='ocrx_word' id='word_1_289' title='bbox 1341 3909 1510 3964; x_wconf 91' lang='lat' dir='ltr'><strong>opem</strong></span> <span class='ocrx_word' id='word_1_290' title='bbox 1534 3893 1605 3948; x_wconf 83' lang='lat' dir='ltr'><strong>iis</strong></span> <span class='ocrx_word' id='word_1_291' title='bbox 1637 3892 1925 3964; x_wconf 63' lang='lat' dir='ltr'><strong>prabeus,</strong></span> <span class='ocrx_word' id='word_1_292' title='bbox 1949 3894 2050 3966; x_wconf 92' lang='lat' dir='ltr'><strong>qui</strong></span> 
     </span>
    </p>
   </div>
   <div class='ocr_carea' id='block_1_45' title="bbox 407 3980 2053 4054">
    <p class='ocr_par' dir='ltr' id='par_1_45' title="bbox 407 3980 2053 4054">
     <span class='ocr_line' id='line_1_45' title="bbox 407 3980 2053 4054; baseline -0.001 -17"><span class='ocrx_word' id='word_1_293' title='bbox 407 3993 642 4054; x_wconf 80' lang='lat' dir='ltr'><strong>propter</strong></span> <span class='ocrx_word' id='word_1_294' title='bbox 669 3982 858 4038; x_wconf 85' lang='lat' dir='ltr'><strong>Studii</strong></span> <span class='ocrx_word' id='word_1_295' title='bbox 889 3983 1119 4051; x_wconf 87' lang='lat' dir='ltr'><strong>negotia</strong></span> <span class='ocrx_word' id='word_1_296' title='bbox 1160 3983 1462 4049; x_wconf 89' lang='lat' dir='ltr'><strong>dimicant,</strong></span> <span class='ocrx_word' id='word_1_297' title='bbox 1496 3980 1966 4054; x_wconf 86' lang='lat' dir='ltr'><strong>quandocunque</strong></span> <span class='ocrx_word' id='word_1_298' title='bbox 1996 3986 2053 4038; x_wconf 92' lang='lat' dir='ltr'><strong>et</strong></span> 
     </span>
    </p>
   </div>
   <div class='ocr_carea' id='block_1_46' title="bbox 407 4071 2052 4144">
    <p class='ocr_par' dir='ltr' id='par_1_46' title="bbox 407 4071 2052 4144">
     <span class='ocr_line' id='line_1_46' title="bbox 407 4071 2052 4144; baseline 0.001 -16"><span class='ocrx_word' id='word_1_299' title='bbox 407 4072 742 4144; x_wconf 87' lang='lat' dir='ltr'><strong>ubicunque</strong></span> <span class='ocrx_word' id='word_1_300' title='bbox 790 4071 1009 4128; x_wconf 85' lang='lat' dir='ltr'><strong>valebis</strong></span> <span class='ocrx_word' id='word_1_301' title='bbox 1054 4072 1114 4128; x_wconf 91' lang='lat' dir='ltr'><strong>in</strong></span> <span class='ocrx_word' id='word_1_302' title='bbox 1161 4073 1427 4129; x_wconf 89' lang='lat' dir='ltr'><strong>Domino.</strong></span> <span class='ocrx_word' id='word_1_303' title='bbox 1481 4072 1712 4129; x_wconf 87' lang='lat' dir='ltr'><strong>Salutat</strong></span> <span class='ocrx_word' id='word_1_304' title='bbox 1763 4076 1821 4129; x_wconf 90' lang='lat' dir='ltr'><strong>te</strong></span> <span class='ocrx_word' id='word_1_305' title='bbox 1877 4073 2052 4131; x_wconf 81' lang='lat' dir='ltr'><strong>frater</strong></span> 
     </span>
    </p>
   </div>
   <div class='ocr_carea' id='block_1_47' title="bbox 409 4159 702 4217">
    <p class='ocr_par' dir='ltr' id='par_1_47' title="bbox 409 4159 702 4217">
     <span class='ocr_line' id='line_1_47' title="bbox 409 4159 702 4217; baseline 0.003 -2"><span class='ocrx_word' id='word_1_306' title='bbox 409 4159 702 4217; x_wconf 89' lang='lat' dir='ltr'><strong>Nicolaus.</strong></span> 
     </span>
    </p>
   </div>
   <div class='ocr_carea' id='block_1_48' title="bbox 619 4249 1747 4324">
    <p class='ocr_par' dir='ltr' id='par_1_48' title="bbox 619 4249 1747 4324">
     <span class='ocr_line' id='line_1_48' title="bbox 619 4249 1747 4324; baseline 0 -20"><span class='ocrx_word' id='word_1_307' title='bbox 619 4249 754 4305; x_wconf 85' lang='lat' dir='ltr'><strong>XLI.</strong></span> <span class='ocrx_word' id='word_1_308' title='bbox 784 4279 854 4290; x_wconf 93' lang='lat'><strong>—</strong></span> <span class='ocrx_word' id='word_1_309' title='bbox 884 4249 1171 4322; x_wconf 79' lang='lat' dir='ltr'><strong>Tthphilo</strong></span> <span class='ocrx_word' id='word_1_310' title='bbox 1201 4251 1411 4323; x_wconf 75' lang='lat' dir='ltr'><strong>Ephesi</strong></span> <span class='ocrx_word' id='word_1_311' title='bbox 1438 4251 1747 4324; x_wconf 79' lang='lat' dir='ltr'><strong>[episcopo].</strong></span> 
     </span>
    </p>
   </div>
   <div class='ocr_carea' id='block_1_49' title="bbox 2071 1791 2119 1854">
    <p class='ocr_par' dir='ltr' id='par_1_49' title="bbox 2071 1791 2119 1854">
     <span class='ocr_line' id='line_1_49' title="bbox 2071 1791 2119 1854; baseline 0 0"><span class='ocrx_word' id='word_1_312' title='bbox 2071 1791 2119 1854; x_wconf 93' lang='lat' dir='ltr'><strong>B</strong></span> 
     </span>
    </p>
   </div>
   <div class='ocr_carea' id='block_1_50' title="bbox 2144 498 3787 581">
    <p class='ocr_par' dir='ltr' id='par_1_50' title="bbox 2144 498 3787 581">
     <span class='ocr_line' id='line_1_50' title="bbox 2144 498 3787 581; baseline 0.001 -25"><span class='ocrx_word' id='word_1_313' title='bbox 2144 498 2328 577; x_wconf 70' lang='grc' dir='ltr'>ὄψεσιν</span> <span class='ocrx_word' id='word_1_314' title='bbox 2387 504 2564 559; x_wconf 80' lang='grc' dir='ltr'>αὐτῶν</span> <span class='ocrx_word' id='word_1_315' title='bbox 2623 504 2832 580; x_wconf 83' lang='grc' dir='ltr'>ἐνεγκο,</span> <span class='ocrx_word' id='word_1_316' title='bbox 2903 504 3346 581; x_wconf 82' lang='grc' dir='ltr'>κρυπταζόμενον</span> <span class='ocrx_word' id='word_1_317' title='bbox 3422 501 3787 581; x_wconf 82' lang='grc' dir='ltr'>πρεσϐύτερον</span> 
     </span>
    </p>
   </div>
   <div class='ocr_carea' id='block_1_51' title="bbox 2144 591 3790 670">
    <p class='ocr_par' dir='ltr' id='par_1_51' title="bbox 2144 591 3790 670">
     <span class='ocr_line' id='line_1_51' title="bbox 2144 591 3790 670; baseline 0 -22"><span class='ocrx_word' id='word_1_318' title='bbox 2144 594 2280 649; x_wconf 87' lang='grc' dir='ltr'><strong>κατά</strong></span> <span class='ocrx_word' id='word_1_319' title='bbox 2308 593 2370 648; x_wconf 86' lang='grc' dir='ltr'>τὸ</span> <span class='ocrx_word' id='word_1_320' title='bbox 2397 600 2498 664; x_wconf 78' lang='grc' dir='ltr'><strong>τῆς</strong></span> <span class='ocrx_word' id='word_1_321' title='bbox 2529 591 2841 670; x_wconf 81' lang='grc' dir='ltr'>ὀρθοδοξίας</span> <span class='ocrx_word' id='word_1_322' title='bbox 2883 591 3079 670; x_wconf 84' lang='grc' dir='ltr'>δόγμα,</span> <span class='ocrx_word' id='word_1_323' title='bbox 3123 596 3212 649; x_wconf 85' lang='grc' dir='ltr'><strong>καί</strong></span> <span class='ocrx_word' id='word_1_324' title='bbox 3267 591 3408 665; x_wconf 82' lang='grc' dir='ltr'>μηδέ</span> <span class='ocrx_word' id='word_1_325' title='bbox 3455 593 3790 670; x_wconf 68' lang='grc' dir='ltr'>ἀναφέροντα</span> 
     </span>
    </p>
   </div>
   <div class='ocr_carea' id='block_1_52' title="bbox 2150 683 3782 760">
    <p class='ocr_par' dir='ltr' id='par_1_52' title="bbox 2150 683 3782 760">
     <span class='ocr_line' id='line_1_52' title="bbox 2150 683 3782 760; baseline -0.001 -22"><span class='ocrx_word' id='word_1_326' title='bbox 2150 683 2416 757; x_wconf 75' lang='grc' dir='ltr'>αἱρετικόν</span> <span class='ocrx_word' id='word_1_327' title='bbox 2441 703 2452 718; x_wconf 77' lang='grc' dir='ltr'><strong>ο</strong></span> <span class='ocrx_word' id='word_1_328' title='bbox 2486 683 2574 739; x_wconf 77' lang='grc' dir='ltr'><strong>καὶ</strong></span> <span class='ocrx_word' id='word_1_329' title='bbox 2605 685 2743 760; x_wconf 89' lang='grc' dir='ltr'>πρὸς</span> <span class='ocrx_word' id='word_1_330' title='bbox 2775 684 2938 740; x_wconf 74' lang='grc' dir='ltr'>αὐτοῦ</span> <span class='ocrx_word' id='word_1_331' title='bbox 2973 684 3181 756; x_wconf 78' lang='grc' dir='ltr'>μεθέξοι</span> <span class='ocrx_word' id='word_1_332' title='bbox 3229 686 3338 739; x_wconf 81' lang='grc' dir='ltr'>τῶν</span> <span class='ocrx_word' id='word_1_333' title='bbox 3387 683 3740 758; x_wconf 79' lang='grc' dir='ltr'>ἀγιασμάτων</span> <span class='ocrx_word' id='word_1_334' title='bbox 3769 703 3782 716; x_wconf 90' lang='grc'><strong>·</strong></span> 
     </span>
    </p>
   </div>
   <div class='ocr_carea' id='block_1_53' title="bbox 2146 772 3786 848">
    <p class='ocr_par' dir='ltr' id='par_1_53' title="bbox 2146 772 3786 848">
     <span class='ocr_line' id='line_1_53' title="bbox 2146 772 3786 848; baseline -0.002 -20"><span class='ocrx_word' id='word_1_335' title='bbox 2146 774 2239 828; x_wconf 79' lang='grc' dir='ltr'>καὶ</span> <span class='ocrx_word' id='word_1_336' title='bbox 2271 793 2428 835; x_wconf 89' lang='grc' dir='ltr'>ουτος</span> <span class='ocrx_word' id='word_1_337' title='bbox 2469 775 2541 836; x_wconf 85' lang='grc' dir='ltr'><strong>ὡς</strong></span> <span class='ocrx_word' id='word_1_338' title='bbox 2588 772 2862 848; x_wconf 82' lang='grc' dir='ltr'>προδότης</span> <span class='ocrx_word' id='word_1_339' title='bbox 2922 781 3020 842; x_wconf 83' lang='grc' dir='ltr'><strong>τῆς</strong></span> <span class='ocrx_word' id='word_1_340' title='bbox 3069 772 3348 844; x_wconf 74' lang='grc' dir='ltr'><strong>ἀληθείας,</strong></span> <span class='ocrx_word' id='word_1_341' title='bbox 3404 773 3466 827; x_wconf 85' lang='grc' dir='ltr'>τὸ</span> <span class='ocrx_word' id='word_1_342' title='bbox 3509 772 3786 844; x_wconf 74' lang='grc' dir='ltr'>ἐπιτίμιον</span> 
     </span>
    </p>
   </div>
   <div class='ocr_carea' id='block_1_54' title="bbox 2147 861 3400 939">
    <p class='ocr_par' dir='ltr' id='par_1_54' title="bbox 2147 861 3400 939">
     <span class='ocr_line' id='line_1_54' title="bbox 2147 861 3400 939; baseline 0.002 -21"><span class='ocrx_word' id='word_1_343' title='bbox 2147 862 2321 939; x_wconf 77' lang='grc' dir='ltr'>ἐχέτω</span> <span class='ocrx_word' id='word_1_344' title='bbox 2353 861 2598 918; x_wconf 77' lang='grc' dir='ltr'>ἐνιαυτδν</span> <span class='ocrx_word' id='word_1_345' title='bbox 2631 865 2848 938; x_wconf 78' lang='grc' dir='ltr'>ἀποχήν</span> <span class='ocrx_word' id='word_1_346' title='bbox 2875 869 2983 918; x_wconf 79' lang='grc' dir='ltr'>τῶν</span> <span class='ocrx_word' id='word_1_347' title='bbox 3011 862 3359 938; x_wconf 75' lang='grc' dir='ltr'>ἁγιασμᾶτων</span> <span class='ocrx_word' id='word_1_348' title='bbox 3387 905 3400 920; x_wconf 94' lang='grc'><strong>.</strong></span> 
     </span>
    </p>
   </div>
   <div class='ocr_carea' id='block_1_55' title="bbox 2221 949 3789 1026">
    <p class='ocr_par' dir='ltr' id='par_1_55' title="bbox 2221 949 3789 1026">
     <span class='ocr_line' id='line_1_55' title="bbox 2221 949 3789 1026; baseline -0.001 -19"><span class='ocrx_word' id='word_1_349' title='bbox 2221 956 2298 1008; x_wconf 93' lang='grc' dir='ltr'><strong>Γ’.</strong></span> <span class='ocrx_word' id='word_1_350' title='bbox 2340 953 2461 1008; x_wconf 79' lang='grc' dir='ltr'><strong>Ἐάν</strong></span> <span class='ocrx_word' id='word_1_351' title='bbox 2506 973 2590 1014; x_wconf 89' lang='grc' dir='ltr'><strong>τις</strong></span> <span class='ocrx_word' id='word_1_352' title='bbox 2644 954 2850 1026; x_wconf 83' lang='grc' dir='ltr'><strong>ὀμόσας</strong></span> <span class='ocrx_word' id='word_1_353' title='bbox 2899 953 2974 1026; x_wconf 82' lang='grc' dir='ltr'><strong>μή</strong></span> <span class='ocrx_word' id='word_1_354' title='bbox 3021 955 3339 1024; x_wconf 83' lang='grc' dir='ltr'>προσκυνεῖν</span> <span class='ocrx_word' id='word_1_355' title='bbox 3393 950 3535 1006; x_wconf 86' lang='grc' dir='ltr'>θείαν</span> <span class='ocrx_word' id='word_1_356' title='bbox 3585 949 3789 1018; x_wconf 79' lang='grc' dir='ltr'>εἰκόνα,</span> 
     </span>
    </p>
   </div>
   <div class='ocr_carea' id='block_1_56' title="bbox 2153 1040 3788 1118">
    <p class='ocr_par' dir='ltr' id='par_1_56' title="bbox 2153 1040 3788 1118">
     <span class='ocr_line' id='line_1_56' title="bbox 2153 1040 3788 1118; baseline -0.001 -22"><span class='ocrx_word' id='word_1_357' title='bbox 2153 1042 2281 1115; x_wconf 82' lang='grc' dir='ltr'>μήτ’</span> <span class='ocrx_word' id='word_1_358' title='bbox 2333 1042 2398 1097; x_wconf 76' lang='grc' dir='ltr'>αὖ</span> <span class='ocrx_word' id='word_1_359' title='bbox 2459 1043 2704 1116; x_wconf 78' lang='grc' dir='ltr'>δέξασθαι</span> <span class='ocrx_word' id='word_1_360' title='bbox 2761 1040 3052 1118; x_wconf 77' lang='grc' dir='ltr'>ὀρθόδοεον</span> <span class='ocrx_word' id='word_1_361' title='bbox 3115 1040 3445 1114; x_wconf 80' lang='grc' dir='ltr'>μονάζοντα·</span> <span class='ocrx_word' id='word_1_362' title='bbox 3509 1040 3647 1113; x_wconf 87' lang='grc' dir='ltr'><strong>μετά</strong></span> <span class='ocrx_word' id='word_1_363' title='bbox 3689 1040 3788 1109; x_wconf 75' lang='grc' dir='ltr'>τήν</span> 
     </span>
    </p>
   </div>
   <div class='ocr_carea' id='block_1_57' title="bbox 2150 1128 3792 1204">
    <p class='ocr_par' dir='ltr' id='par_1_57' title="bbox 2150 1128 3792 1204">
     <span class='ocr_line' id='line_1_57' title="bbox 2150 1128 3792 1204; baseline -0.001 -20"><span class='ocrx_word' id='word_1_364' title='bbox 2150 1130 2495 1204; x_wconf 84' lang='grc' dir='ltr'>ὁρκωμοσίαν</span> <span class='ocrx_word' id='word_1_365' title='bbox 2538 1130 2696 1194; x_wconf 81' lang='grc' dir='ltr'>εἰδὼς</span> <span class='ocrx_word' id='word_1_366' title='bbox 2743 1131 2807 1186; x_wconf 79' lang='grc' dir='ltr'>τὸ</span> <span class='ocrx_word' id='word_1_367' title='bbox 2850 1135 3115 1203; x_wconf 76' lang='grc' dir='ltr'>πταῖσμα,</span> <span class='ocrx_word' id='word_1_368' title='bbox 3173 1133 3430 1204; x_wconf 80' lang='grc' dir='ltr'>μετανοῇ,</span> <span class='ocrx_word' id='word_1_369' title='bbox 3473 1128 3564 1182; x_wconf 76' lang='grc' dir='ltr'><strong>καὶ</strong></span> <span class='ocrx_word' id='word_1_370' title='bbox 3617 1147 3792 1203; x_wconf 88' lang='grc' dir='ltr'>προσ-</span> 
     </span>
    </p>
   </div>
   <div class='ocr_carea' id='block_1_58' title="bbox 2148 1212 3789 1296">
    <p class='ocr_par' dir='ltr' id='par_1_58' title="bbox 2148 1212 3789 1296">
     <span class='ocr_line' id='line_1_58' title="bbox 2148 1212 3789 1296; baseline -0.001 -23"><span class='ocrx_word' id='word_1_371' title='bbox 2148 1225 2280 1294; x_wconf 82' lang='grc' dir='ltr'>κυνῇ</span> <span class='ocrx_word' id='word_1_372' title='bbox 2313 1225 2603 1294; x_wconf 81' lang='grc' dir='ltr'>κρυπτῶς·</span> <span class='ocrx_word' id='word_1_373' title='bbox 2661 1219 2797 1296; x_wconf 79' lang='grc' dir='ltr'>βαρὺ</span> <span class='ocrx_word' id='word_1_374' title='bbox 2847 1220 2909 1274; x_wconf 86' lang='grc' dir='ltr'>τὸ</span> <span class='ocrx_word' id='word_1_375' title='bbox 2953 1224 3195 1292; x_wconf 76' lang='grc' dir='ltr'>πτῶμαο</span> <span class='ocrx_word' id='word_1_376' title='bbox 3245 1216 3354 1289; x_wconf 75' lang='grc' dir='ltr'><strong>ἢδη</strong></span> <span class='ocrx_word' id='word_1_377' title='bbox 3407 1212 3624 1288; x_wconf 81' lang='grc' dir='ltr'>ἔξαρνος</span> <span class='ocrx_word' id='word_1_378' title='bbox 3678 1218 3789 1293; x_wconf 80' lang='grc' dir='ltr'>ἐγέ-</span> 
     </span>
    </p>
   </div>
   <div class='ocr_carea' id='block_1_59' title="bbox 2150 1305 3789 1381">
    <p class='ocr_par' dir='ltr' id='par_1_59' title="bbox 2150 1305 3789 1381">
     <span class='ocr_line' id='line_1_59' title="bbox 2150 1305 3789 1381; baseline -0.002 -19"><span class='ocrx_word' id='word_1_379' title='bbox 2150 1329 2270 1364; x_wconf 89' lang='grc' dir='ltr'>νετο</span> <span class='ocrx_word' id='word_1_380' title='bbox 2329 1310 2586 1381; x_wconf 77' lang='grc' dir='ltr'>Χριστοῦ,</span> <span class='ocrx_word' id='word_1_381' title='bbox 2643 1313 2742 1375; x_wconf 81' lang='grc' dir='ltr'><strong>τῆς</strong></span> <span class='ocrx_word' id='word_1_382' title='bbox 2795 1330 2855 1365; x_wconf 88' lang='grc' dir='ltr'><strong>τε</strong></span> <span class='ocrx_word' id='word_1_383' title='bbox 2908 1311 3195 1377; x_wconf 87' lang='grc' dir='ltr'>Θεοτόκου,</span> <span class='ocrx_word' id='word_1_384' title='bbox 3263 1307 3353 1363; x_wconf 84' lang='grc' dir='ltr'><strong>καὶ</strong></span> <span class='ocrx_word' id='word_1_385' title='bbox 3407 1311 3515 1362; x_wconf 80' lang='grc' dir='ltr'>τῶν</span> <span class='ocrx_word' id='word_1_386' title='bbox 3585 1305 3789 1380; x_wconf 78' lang='grc' dir='ltr'>ἁγίων·</span> 
     </span>
    </p>
   </div>
   <div class='ocr_carea' id='block_1_60' title="bbox 2149 1394 3792 1476">
    <p class='ocr_par' dir='ltr' id='par_1_60' title="bbox 2149 1394 3792 1476">
     <span class='ocr_line' id='line_1_60' title="bbox 2149 1394 3792 1476; baseline 0 -24"><span class='ocrx_word' id='word_1_387' title='bbox 2149 1406 2331 1473; x_wconf 82' lang='grc' dir='ltr'>τριετῆ</span> <span class='ocrx_word' id='word_1_388' title='bbox 2366 1401 2567 1475; x_wconf 87' lang='grc' dir='ltr'>χρόνον</span> <span class='ocrx_word' id='word_1_389' title='bbox 2600 1397 2861 1475; x_wconf 80' lang='grc' dir='ltr'>εἰργέσθω</span> <span class='ocrx_word' id='word_1_390' title='bbox 2898 1403 3007 1455; x_wconf 82' lang='grc' dir='ltr'>τῶν</span> <span class='ocrx_word' id='word_1_391' title='bbox 3048 1397 3421 1476; x_wconf 81' lang='grc' dir='ltr'>ἂγιασμάτων,</span> <span class='ocrx_word' id='word_1_392' title='bbox 3451 1396 3547 1452; x_wconf 73' lang='grc' dir='ltr'>σὺν</span> <span class='ocrx_word' id='word_1_393' title='bbox 3600 1394 3792 1462; x_wconf 79' lang='grc' dir='ltr'>πολλῇ</span> 
     </span>
    </p>
   </div>
   <div class='ocr_carea' id='block_1_61' title="bbox 2152 1486 2579 1568">
    <p class='ocr_par' dir='ltr' id='par_1_61' title="bbox 2152 1486 2579 1568">
     <span class='ocr_line' id='line_1_61' title="bbox 2152 1486 2579 1568; baseline 0.005 -23"><span class='ocrx_word' id='word_1_394' title='bbox 2152 1486 2537 1568; x_wconf 74' lang='grc' dir='ltr'>φιλανθρωπίᾳ</span> <span class='ocrx_word' id='word_1_395' title='bbox 2564 1533 2579 1547; x_wconf 93' lang='grc'><strong>.</strong></span> 
     </span>
    </p>
   </div>
   <div class='ocr_carea' id='block_1_62' title="bbox 2223 1575 3790 1654">
    <p class='ocr_par' dir='ltr' id='par_1_62' title="bbox 2223 1575 3790 1654">
     <span class='ocr_line' id='line_1_62' title="bbox 2223 1575 3790 1654; baseline -0.003 -20"><span class='ocrx_word' id='word_1_396' title='bbox 2223 1579 2294 1634; x_wconf 85' lang='grc' dir='ltr'><strong>Δ’.</strong></span> <span class='ocrx_word' id='word_1_397' title='bbox 2337 1579 2459 1634; x_wconf 82' lang='grc' dir='ltr'><strong>Ἐάν</strong></span> <span class='ocrx_word' id='word_1_398' title='bbox 2504 1599 2586 1640; x_wconf 90' lang='grc' dir='ltr'><strong>τις</strong></span> <span class='ocrx_word' id='word_1_399' title='bbox 2638 1578 2847 1654; x_wconf 82' lang='grc' dir='ltr'>χρίσειε</span> <span class='ocrx_word' id='word_1_400' title='bbox 2897 1575 3153 1640; x_wconf 83' lang='grc' dir='ltr'>δεδοικὼς</span> <span class='ocrx_word' id='word_1_401' title='bbox 3211 1577 3392 1633; x_wconf 76' lang='grc' dir='ltr'>εἰκόνα</span> <span class='ocrx_word' id='word_1_402' title='bbox 3445 1577 3713 1650; x_wconf 80' lang='grc' dir='ltr'>Χριστοῦ,</span> <span class='ocrx_word' id='word_1_403' title='bbox 3758 1575 3790 1645; x_wconf 78' lang='grc' dir='ltr'>ἢ</span> 
     </span>
    </p>
   </div>
   <div class='ocr_carea' id='block_1_63' title="bbox 2149 1665 3714 1746">
    <p class='ocr_par' dir='ltr' id='par_1_63' title="bbox 2149 1665 3714 1746">
     <span class='ocr_line' id='line_1_63' title="bbox 2149 1665 3714 1746; baseline -0.003 -23"><span class='ocrx_word' id='word_1_404' title='bbox 2149 1689 2295 1732; x_wconf 88' lang='grc' dir='ltr'>τινος</span> <span class='ocrx_word' id='word_1_405' title='bbox 2319 1672 2424 1725; x_wconf 80' lang='grc' dir='ltr'><strong>τῶν</strong></span> <span class='ocrx_word' id='word_1_406' title='bbox 2465 1669 2633 1746; x_wconf 80' lang='grc' dir='ltr'>ἁγίων</span> <span class='ocrx_word' id='word_1_407' title='bbox 2656 1686 2670 1702; x_wconf 85' lang='grc'><em>’</em></span> <span class='ocrx_word' id='word_1_408' title='bbox 2703 1668 2946 1724; x_wconf 86' lang='grc' dir='ltr'>ἐνιαυτὸν</span> <span class='ocrx_word' id='word_1_409' title='bbox 2976 1665 3236 1744; x_wconf 74' lang='grc' dir='ltr'>εἰργέσθω</span> <span class='ocrx_word' id='word_1_410' title='bbox 3267 1673 3366 1736; x_wconf 83' lang='grc' dir='ltr'><strong>τῆς</strong></span> <span class='ocrx_word' id='word_1_411' title='bbox 3394 1665 3714 1729; x_wconf 79' lang='grc' dir='ltr'>κοινωνίας.</span> 
     </span>
    </p>
   </div>
   <div class='ocr_carea' id='block_1_64' title="bbox 2228 1841 3800 1922">
    <p class='ocr_par' dir='ltr' id='par_1_64' title="bbox 2228 1841 3800 1922">
     <span class='ocr_line' id='line_1_64' title="bbox 2228 1841 3800 1922; baseline -0.003 -19"><span class='ocrx_word' id='word_1_412' title='bbox 2228 1851 2303 1905; x_wconf 85' lang='lat' dir='ltr'><strong>E&#39;.</strong></span> <span class='ocrx_word' id='word_1_413' title='bbox 2338 1849 2460 1904; x_wconf 69' lang='grc' dir='ltr'><strong>Ἐάν</strong></span> <span class='ocrx_word' id='word_1_414' title='bbox 2509 1867 2590 1909; x_wconf 89' lang='grc' dir='ltr'><strong>τις</strong></span> <span class='ocrx_word' id='word_1_415' title='bbox 2640 1846 2810 1921; x_wconf 78' lang='grc' dir='ltr'>ἱερεὺς</span> <span class='ocrx_word' id='word_1_416' title='bbox 2867 1845 3100 1922; x_wconf 77' lang='grc' dir='ltr'>ἀναφέρῃ</span> <span class='ocrx_word' id='word_1_417' title='bbox 3158 1845 3249 1900; x_wconf 86' lang='grc' dir='ltr'>τὸν</span> <span class='ocrx_word' id='word_1_418' title='bbox 3300 1845 3576 1919; x_wconf 73' lang='grc' dir='ltr'>αἱρετικὸν</span> <span class='ocrx_word' id='word_1_419' title='bbox 3627 1841 3800 1917; x_wconf 87' lang='grc' dir='ltr'>δημο-</span> 
     </span>
    </p>
   </div>
   <div class='ocr_carea' id='block_1_65' title="bbox 2157 1929 3798 2009">
    <p class='ocr_par' dir='ltr' id='par_1_65' title="bbox 2157 1929 3798 2009">
     <span class='ocr_line' id='line_1_65' title="bbox 2157 1929 3798 2009; baseline -0.004 -18"><span class='ocrx_word' id='word_1_420' title='bbox 2157 1937 2280 2009; x_wconf 78' lang='grc' dir='ltr'>σίᾳ⁶</span> <span class='ocrx_word' id='word_1_421' title='bbox 2320 1934 2432 2008; x_wconf 80' lang='grc' dir='ltr'>ἰδίᾳ</span> <span class='ocrx_word' id='word_1_422' title='bbox 2463 1933 2520 1991; x_wconf 78' lang='grc' dir='ltr'>δὲ</span> <span class='ocrx_word' id='word_1_423' title='bbox 2564 1935 3049 2009; x_wconf 78' lang='grc' dir='ltr'>προσκαλούμενος</span> <span class='ocrx_word' id='word_1_424' title='bbox 3089 1933 3191 1990; x_wconf 82' lang='grc' dir='ltr'><strong>ὑπό</strong></span> <span class='ocrx_word' id='word_1_425' title='bbox 3228 1954 3371 1995; x_wconf 87' lang='grc' dir='ltr'>τινος</span> <span class='ocrx_word' id='word_1_426' title='bbox 3421 1929 3723 2007; x_wconf 77' lang='grc' dir='ltr'>ὀρθοδόξου</span> <span class='ocrx_word' id='word_1_427' title='bbox 3752 1931 3798 1986; x_wconf 81' lang='grc' dir='ltr'>ἐν</span> 
     </span>
    </p>
   </div>
   <div class='ocr_carea' id='block_1_66' title="bbox 2157 2018 3799 2101">
    <p class='ocr_par' dir='ltr' id='par_1_66' title="bbox 2157 2018 3799 2101">
     <span class='ocr_line' id='line_1_66' title="bbox 2157 2018 3799 2101; baseline -0.005 -20"><span class='ocrx_word' id='word_1_428' title='bbox 2157 2026 2453 2101; x_wconf 85' lang='grc' dir='ltr'>εὐκτηρίῳ,</span> <span class='ocrx_word' id='word_1_429' title='bbox 2517 2023 2803 2080; x_wconf 81' lang='grc' dir='ltr'>στέλλεται</span> <span class='ocrx_word' id='word_1_430' title='bbox 2885 2023 3164 2101; x_wconf 73' lang='grc' dir='ltr'>ἀναφέρειν</span> <span class='ocrx_word' id='word_1_431' title='bbox 3218 2022 3311 2077; x_wconf 85' lang='grc' dir='ltr'><strong>τὸν</strong></span> <span class='ocrx_word' id='word_1_432' title='bbox 3379 2021 3698 2095; x_wconf 73' lang='grc' dir='ltr'>αἱρετικόν·</span> <span class='ocrx_word' id='word_1_433' title='bbox 3756 2018 3799 2073; x_wconf 82' lang='grc' dir='ltr'><strong>εί</strong></span> 
     </span>
    </p>
   </div>
   <div class='ocr_carea' id='block_1_67' title="bbox 2156 2105 3799 2191">
    <p class='ocr_par' dir='ltr' id='par_1_67' title="bbox 2156 2105 3799 2191">
     <span class='ocr_line' id='line_1_67' title="bbox 2156 2105 3799 2191; baseline -0.004 -21"><span class='ocrx_word' id='word_1_434' title='bbox 2156 2111 2260 2191; x_wconf 78' lang='grc' dir='ltr'><strong>ἄρα</strong></span> <span class='ocrx_word' id='word_1_435' title='bbox 2293 2114 2344 2170; x_wconf 79' lang='grc' dir='ltr'>ἐν</span> <span class='ocrx_word' id='word_1_436' title='bbox 2371 2119 2452 2186; x_wconf 81' lang='grc' dir='ltr'>τῷ</span> <span class='ocrx_word' id='word_1_437' title='bbox 2487 2115 2721 2187; x_wconf 81' lang='grc' dir='ltr'>τοιούτῳ</span> <span class='ocrx_word' id='word_1_438' title='bbox 2754 2112 3022 2186; x_wconf 87' lang='grc' dir='ltr'>εύκτηρίῳ</span> <span class='ocrx_word' id='word_1_439' title='bbox 3061 2113 3152 2168; x_wconf 88' lang='grc' dir='ltr'>τὸν</span> <span class='ocrx_word' id='word_1_440' title='bbox 3194 2105 3394 2188; x_wconf 81' lang='grc' dir='ltr'>ἀκριϐῆ</span> <span class='ocrx_word' id='word_1_441' title='bbox 3435 2107 3520 2165; x_wconf 88' lang='grc' dir='ltr'><strong>δεῖ</strong></span> <span class='ocrx_word' id='word_1_442' title='bbox 3565 2107 3799 2185; x_wconf 64' lang='grc' dir='ltr'>προσεύη</span> 
     </span>
    </p>
   </div>
   <div class='ocr_carea' id='block_1_68' title="bbox 2158 2202 2721 2280">
    <p class='ocr_par' dir='ltr' id='par_1_68' title="bbox 2158 2202 2721 2280">
     <span class='ocr_line' id='line_1_68' title="bbox 2158 2202 2721 2280; baseline 0.002 -20"><span class='ocrx_word' id='word_1_443' title='bbox 2158 2207 2348 2280; x_wconf 86' lang='grc' dir='ltr'>χεσθαι</span> <span class='ocrx_word' id='word_1_444' title='bbox 2374 2223 2388 2272; x_wconf 88' lang='grc'>;</span> <span class='ocrx_word' id='word_1_445' title='bbox 2419 2202 2688 2277; x_wconf 80' lang='grc' dir='ltr'>Οὐδαμῶς</span> <span class='ocrx_word' id='word_1_446' title='bbox 2707 2245 2721 2261; x_wconf 92' lang='grc'><strong>.</strong></span> 
     </span>
    </p>
   </div>
   <div class='ocr_carea' id='block_1_69' title="bbox 2228 2286 3800 2369">
    <p class='ocr_par' dir='ltr' id='par_1_69' title="bbox 2228 2286 3800 2369">
     <span class='ocr_line' id='line_1_69' title="bbox 2228 2286 3800 2369; baseline -0.005 -19"><span class='ocrx_word' id='word_1_447' title='bbox 2228 2295 2323 2369; x_wconf 75' lang='grc' dir='ltr'><strong>ς’.</strong></span> <span class='ocrx_word' id='word_1_448' title='bbox 2356 2292 2479 2350; x_wconf 74' lang='grc' dir='ltr'>Ἐάν</span> <span class='ocrx_word' id='word_1_449' title='bbox 2509 2314 2591 2356; x_wconf 86' lang='grc' dir='ltr'><strong>τις</strong></span> <span class='ocrx_word' id='word_1_450' title='bbox 2625 2292 2712 2348; x_wconf 79' lang='grc' dir='ltr'><strong>ἐπὶ</strong></span> <span class='ocrx_word' id='word_1_451' title='bbox 2754 2295 2833 2365; x_wconf 81' lang='grc' dir='ltr'><strong>τῷ</strong></span> <span class='ocrx_word' id='word_1_452' title='bbox 2873 2289 3055 2365; x_wconf 83' lang='grc' dir='ltr'>οἰκείῳ</span> <span class='ocrx_word' id='word_1_453' title='bbox 3089 2289 3350 2364; x_wconf 76' lang='grc' dir='ltr'>ἐπιτιμίῳ</span> <span class='ocrx_word' id='word_1_454' title='bbox 3395 2286 3621 2345; x_wconf 85' lang='grc' dir='ltr'>δύναται</span> <span class='ocrx_word' id='word_1_455' title='bbox 3671 2288 3800 2343; x_wconf 75' lang='grc' dir='ltr'>κατὰ</span> 
     </span>
    </p>
   </div>
   <div class='ocr_carea' id='block_1_70' title="bbox 2159 2377 3797 2458">
    <p class='ocr_par' dir='ltr' id='par_1_70' title="bbox 2159 2377 3797 2458">
     <span class='ocr_line' id='line_1_70' title="bbox 2159 2377 3797 2458; baseline -0.004 -20"><span class='ocrx_word' id='word_1_456' title='bbox 2159 2381 2322 2458; x_wconf 86' lang='grc' dir='ltr'>λόγον</span> <span class='ocrx_word' id='word_1_457' title='bbox 2371 2377 2772 2458; x_wconf 80' lang='grc' dir='ltr'>προσλαϐέσθαι</span> <span class='ocrx_word' id='word_1_458' title='bbox 2817 2382 2937 2437; x_wconf 81' lang='grc' dir='ltr'>τι.νά</span> <span class='ocrx_word' id='word_1_459' title='bbox 2977 2381 3052 2442; x_wconf 86' lang='grc' dir='ltr'><strong>εἰς</strong></span> <span class='ocrx_word' id='word_1_460' title='bbox 3094 2379 3488 2456; x_wconf 82' lang='grc' dir='ltr'>ἐπικουφισμὸν</span> <span class='ocrx_word' id='word_1_461' title='bbox 3527 2381 3634 2433; x_wconf 77' lang='grc' dir='ltr'><strong>τοῦ</strong></span> <span class='ocrx_word' id='word_1_462' title='bbox 3684 2377 3797 2434; x_wconf 78' lang='grc' dir='ltr'>ἔπι-</span> 
     </span>
    </p>
   </div>
   <div class='ocr_carea' id='block_1_71' title="bbox 2157 2465 3798 2545">
    <p class='ocr_par' dir='ltr' id='par_1_71' title="bbox 2157 2465 3798 2545">
     <span class='ocr_line' id='line_1_71' title="bbox 2157 2465 3798 2545; baseline -0.003 -19"><span class='ocrx_word' id='word_1_463' title='bbox 2157 2473 2386 2545; x_wconf 86' lang='grc' dir='ltr'>τιμίου;</span> <span class='ocrx_word' id='word_1_464' title='bbox 2428 2471 2515 2526; x_wconf 82' lang='grc' dir='ltr'>ἐπὶ</span> <span class='ocrx_word' id='word_1_465' title='bbox 2567 2472 2662 2545; x_wconf 73' lang='grc' dir='ltr'>μὲν</span> <span class='ocrx_word' id='word_1_466' title='bbox 2720 2477 2824 2540; x_wconf 81' lang='grc' dir='ltr'><strong>τῆς</strong></span> <span class='ocrx_word' id='word_1_467' title='bbox 2879 2471 3185 2538; x_wconf 79' lang='grc' dir='ltr'>κοινωνίας,</span> <span class='ocrx_word' id='word_1_468' title='bbox 3245 2465 3536 2541; x_wconf 82' lang='grc' dir='ltr'>οὐδαμῶς·</span> <span class='ocrx_word' id='word_1_469' title='bbox 3603 2466 3692 2522; x_wconf 79' lang='grc' dir='ltr'><strong>ἐπὶ</strong></span> <span class='ocrx_word' id='word_1_470' title='bbox 3747 2465 3798 2521; x_wconf 72' lang='grc' dir='ltr'>δὲ</span> 
     </span>
    </p>
   </div>
   <div class='ocr_carea' id='block_1_72' title="bbox 2158 2554 3796 2630">
    <p class='ocr_par' dir='ltr' id='par_1_72' title="bbox 2158 2554 3796 2630">
     <span class='ocr_line' id='line_1_72' title="bbox 2158 2554 3796 2630; baseline -0.004 -16"><span class='ocrx_word' id='word_1_471' title='bbox 2158 2566 2266 2616; x_wconf 80' lang='grc' dir='ltr'><strong>τῶν</strong></span> <span class='ocrx_word' id='word_1_472' title='bbox 2295 2560 2504 2628; x_wconf 79' lang='grc' dir='ltr'>ἄλλων,</span> <span class='ocrx_word' id='word_1_473' title='bbox 2557 2560 2658 2616; x_wconf 88' lang='grc' dir='ltr'><strong>οὐκ</strong></span> <span class='ocrx_word' id='word_1_474' title='bbox 2699 2555 3054 2630; x_wconf 87' lang='grc' dir='ltr'>ἀπόϐλητον.</span> <span class='ocrx_word' id='word_1_475' title='bbox 3113 2556 3244 2614; x_wconf 77' lang='grc' dir='ltr'>Οὕτε</span> <span class='ocrx_word' id='word_1_476' title='bbox 3293 2555 3350 2613; x_wconf 75' lang='grc' dir='ltr'>δὲ</span> <span class='ocrx_word' id='word_1_477' title='bbox 3401 2554 3796 2628; x_wconf 78' lang='grc' dir='ltr'>ἐλεημοσύναις</span> 
     </span>
    </p>
   </div>
   <div class='ocr_carea' id='block_1_73' title="bbox 2162 2646 3795 2727">
    <p class='ocr_par' dir='ltr' id='par_1_73' title="bbox 2162 2646 3795 2727">
     <span class='ocr_line' id='line_1_73' title="bbox 2162 2646 3795 2727; baseline -0.005 -22"><span class='ocrx_word' id='word_1_478' title='bbox 2162 2646 2364 2705; x_wconf 83' lang='grc' dir='ltr'>δύναιτ’</span> <span class='ocrx_word' id='word_1_479' title='bbox 2405 2647 2466 2704; x_wconf 76' lang='grc' dir='ltr'>ἄν</span> <span class='ocrx_word' id='word_1_480' title='bbox 2519 2650 2761 2727; x_wconf 80' lang='grc' dir='ltr'>ὐφαιρεῖν</span> <span class='ocrx_word' id='word_1_481' title='bbox 2787 2670 2839 2704; x_wconf 88' lang='grc' dir='ltr'><strong>τι</strong></span> <span class='ocrx_word' id='word_1_482' title='bbox 2867 2651 2963 2703; x_wconf 80' lang='grc' dir='ltr'><strong>τοῦ</strong></span> <span class='ocrx_word' id='word_1_483' title='bbox 3015 2648 3247 2720; x_wconf 79' lang='grc' dir='ltr'>ὁρισμοῦ</span> <span class='ocrx_word' id='word_1_484' title='bbox 3297 2647 3370 2708; x_wconf 83' lang='grc' dir='ltr'>ὡς</span> <span class='ocrx_word' id='word_1_485' title='bbox 3422 2646 3514 2723; x_wconf 68' lang='grc' dir='ltr'>ἀφ’</span> <span class='ocrx_word' id='word_1_486' title='bbox 3567 2647 3795 2702; x_wconf 69' lang='grc' dir='ltr'>ἑαυτοῦ.</span> 
     </span>
    </p>
   </div>
   <div class='ocr_carea' id='block_1_74' title="bbox 2162 2736 3797 2816">
    <p class='ocr_par' dir='ltr' id='par_1_74' title="bbox 2162 2736 3797 2816">
     <span class='ocr_line' id='line_1_74' title="bbox 2162 2736 3797 2816; baseline -0.002 -23"><span class='ocrx_word' id='word_1_487' title='bbox 2162 2745 2218 2793; x_wconf 80' lang='lat'><strong>&#39;0</strong></span> <span class='ocrx_word' id='word_1_488' title='bbox 2249 2741 2349 2816; x_wconf 80' lang='grc' dir='ltr'><strong>γὰρ</strong></span> <span class='ocrx_word' id='word_1_489' title='bbox 2391 2739 2751 2814; x_wconf 80' lang='grc' dir='ltr'>ἐπιτιμιάζων</span> <span class='ocrx_word' id='word_1_490' title='bbox 2791 2736 2906 2794; x_wconf 89' lang='grc' dir='ltr'>οῖδε</span> <span class='ocrx_word' id='word_1_491' title='bbox 2946 2739 3162 2801; x_wconf 80' lang='grc' dir='ltr'>πάντως</span> <span class='ocrx_word' id='word_1_492' title='bbox 3211 2737 3301 2793; x_wconf 83' lang='grc' dir='ltr'>καὶ</span> <span class='ocrx_word' id='word_1_493' title='bbox 3348 2736 3669 2810; x_wconf 86' lang='grc' dir='ltr'>πρόσωπον,</span> <span class='ocrx_word' id='word_1_494' title='bbox 3716 2736 3797 2791; x_wconf 78' lang='grc' dir='ltr'><strong>καὶ</strong></span> 
     </span>
    </p>
   </div>
   <div class='ocr_carea' id='block_1_75' title="bbox 2164 2826 3797 2904">
    <p class='ocr_par' dir='ltr' id='par_1_75' title="bbox 2164 2826 3797 2904">
     <span class='ocr_line' id='line_1_75' title="bbox 2164 2826 3797 2904; baseline -0.003 -20"><span class='ocrx_word' id='word_1_495' title='bbox 2164 2831 2388 2904; x_wconf 85' lang='grc' dir='ltr'>χρόνον,</span> <span class='ocrx_word' id='word_1_496' title='bbox 2437 2829 2522 2884; x_wconf 77' lang='grc' dir='ltr'><strong>καὶ</strong></span> <span class='ocrx_word' id='word_1_497' title='bbox 2573 2829 2639 2884; x_wconf 80' lang='grc' dir='ltr'><strong>τὰ</strong></span> <span class='ocrx_word' id='word_1_498' title='bbox 2688 2829 2838 2890; x_wconf 85' lang='grc' dir='ltr'>ἐκτὸς</span> <span class='ocrx_word' id='word_1_499' title='bbox 2890 2826 3203 2901; x_wconf 83' lang='grc' dir='ltr'>δοκιμάζειν</span> <span class='ocrx_word' id='word_1_500' title='bbox 3255 2827 3392 2900; x_wconf 82' lang='grc' dir='ltr'>πρὸς</span> <span class='ocrx_word' id='word_1_501' title='bbox 3442 2826 3506 2880; x_wconf 88' lang='grc' dir='ltr'>τὸ</span> <span class='ocrx_word' id='word_1_502' title='bbox 3557 2826 3797 2902; x_wconf 63' lang='grc' dir='ltr'>ὐφεῖναιυ</span> 
     </span>
    </p>
   </div>
   <div class='ocr_carea' id='block_1_76' title="bbox 2161 2914 3798 2994">
    <p class='ocr_par' dir='ltr' id='par_1_76' title="bbox 2161 2914 3798 2994">
     <span class='ocr_line' id='line_1_76' title="bbox 2161 2914 3798 2994; baseline -0.005 -19"><span class='ocrx_word' id='word_1_503' title='bbox 2161 2921 2308 2994; x_wconf 87' lang='grc' dir='ltr'><strong>Ὃρῳ</strong></span> <span class='ocrx_word' id='word_1_504' title='bbox 2364 2919 2464 2993; x_wconf 78' lang='grc' dir='ltr'><strong>γὰρ</strong></span> <span class='ocrx_word' id='word_1_505' title='bbox 2524 2916 2614 2972; x_wconf 84' lang='grc' dir='ltr'>ἐπὶ</span> <span class='ocrx_word' id='word_1_506' title='bbox 2669 2922 2779 2972; x_wconf 77' lang='grc' dir='ltr'><strong>τῶν</strong></span> <span class='ocrx_word' id='word_1_507' title='bbox 2837 2914 3209 2991; x_wconf 79' lang='grc' dir='ltr'>ἐνδεχομένως</span> <span class='ocrx_word' id='word_1_508' title='bbox 3254 2916 3518 2988; x_wconf 82' lang='grc' dir='ltr'>κειμένων</span> <span class='ocrx_word' id='word_1_509' title='bbox 3569 2916 3798 2970; x_wconf 87' lang='grc' dir='ltr'>κανόνων</span> 
     </span>
    </p>
   </div>
   <div class='ocr_carea' id='block_1_77' title="bbox 2162 3003 3798 3083">
    <p class='ocr_par' dir='ltr' id='par_1_77' title="bbox 2162 3003 3798 3083">
     <span class='ocr_line' id='line_1_77' title="bbox 2162 3003 3798 3083; baseline -0.004 -19"><span class='ocrx_word' id='word_1_510' title='bbox 2162 3003 2476 3083; x_wconf 88' lang='grc' dir='ltr'>περιλαϐεῖν</span> <span class='ocrx_word' id='word_1_511' title='bbox 2505 3007 2571 3063; x_wconf 77' lang='grc' dir='ltr'><strong>τὰ</strong></span> <span class='ocrx_word' id='word_1_512' title='bbox 2615 3011 2840 3062; x_wconf 80' lang='grc' dir='ltr'>τοιαῦτα</span> <span class='ocrx_word' id='word_1_513' title='bbox 2894 3006 3003 3081; x_wconf 88' lang='grc' dir='ltr'><strong>οὐχ</strong></span> <span class='ocrx_word' id='word_1_514' title='bbox 3049 3005 3162 3061; x_wconf 85' lang='grc' dir='ltr'>οἶόν</span> <span class='ocrx_word' id='word_1_515' title='bbox 3210 3027 3288 3076; x_wconf 86' lang='grc' dir='ltr'><strong>τε,</strong></span> <span class='ocrx_word' id='word_1_516' title='bbox 3338 3006 3518 3067; x_wconf 82' lang='grc' dir='ltr'>καθὼς</span> <span class='ocrx_word' id='word_1_517' title='bbox 3571 3004 3730 3066; x_wconf 83' lang='grc' dir='ltr'>αὐτὸς</span> <span class='ocrx_word' id='word_1_518' title='bbox 3772 3004 3798 3058; x_wconf 97' lang='lat'><strong>6</strong></span> 
     </span>
    </p>
   </div>
   <div class='ocr_carea' id='block_1_78' title="bbox 1556 3093 2049 3180">
    <p class='ocr_par' dir='ltr' id='par_1_78' title="bbox 1556 3093 2049 3163">
     <span class='ocr_line' id='line_1_78' title="bbox 1556 3093 2049 3163; baseline 0.004 -17"><span class='ocrx_word' id='word_1_519' title='bbox 1556 3093 2049 3163; x_wconf 89' lang='lat' dir='ltr'><strong>quemadmodum</strong></span> 
     </span>
    </p>
   </div>
   <div class='ocr_carea' id='block_1_79' title="bbox 2166 3093 3799 3180">
    <p class='ocr_par' dir='ltr' id='par_1_79' title="bbox 2169 3094 3799 3172">
     <span class='ocr_line' id='line_1_79' title="bbox 2169 3094 3799 3172; baseline -0.004 -18"><span class='ocrx_word' id='word_1_520' title='bbox 2169 3099 2331 3172; x_wconf 87' lang='grc' dir='ltr'>μέγας</span> <span class='ocrx_word' id='word_1_521' title='bbox 2387 3097 2672 3160; x_wconf 87' lang='grc' dir='ltr'>Βασίλειος</span> <span class='ocrx_word' id='word_1_522' title='bbox 2725 3095 2949 3171; x_wconf 67' lang='grc' dir='ltr'>εἴρηκε.</span> <span class='ocrx_word' id='word_1_523' title='bbox 3009 3094 3143 3158; x_wconf 79' lang='grc' dir='ltr'>Δοὺς</span> <span class='ocrx_word' id='word_1_524' title='bbox 3217 3095 3323 3170; x_wconf 77' lang='grc' dir='ltr'><strong>γὰρ</strong></span> <span class='ocrx_word' id='word_1_525' title='bbox 3376 3099 3457 3166; x_wconf 76' lang='grc' dir='ltr'><strong>τῷ</strong></span> <span class='ocrx_word' id='word_1_526' title='bbox 3521 3094 3799 3164; x_wconf 81' lang='grc' dir='ltr'>ἐπισκόπῳ</span> 
     </span>
    </p>
   </div>
   <div class='ocr_carea' id='block_1_80' title="bbox 2162 3180 3797 3260">
    <p class='ocr_par' dir='ltr' id='par_1_80' title="bbox 2162 3180 3797 3260">
     <span class='ocr_line' id='line_1_80' title="bbox 2162 3180 3797 3260; baseline -0.004 -21"><span class='ocrx_word' id='word_1_527' title='bbox 2162 3185 2405 3255; x_wconf 72' lang='grc' dir='ltr'>ὶξουσίαν</span> <span class='ocrx_word' id='word_1_528' title='bbox 2446 3185 2768 3258; x_wconf 77' lang='grc' dir='ltr'>προσθήκης</span> <span class='ocrx_word' id='word_1_529' title='bbox 2811 3182 2904 3239; x_wconf 81' lang='grc' dir='ltr'><strong>καὶ</strong></span> <span class='ocrx_word' id='word_1_530' title='bbox 2957 3183 3214 3260; x_wconf 77' lang='grc' dir='ltr'>ὑφέσεως,</span> <span class='ocrx_word' id='word_1_531' title='bbox 3267 3180 3365 3236; x_wconf 88' lang='grc' dir='ltr'><strong>οὐκ</strong></span> <span class='ocrx_word' id='word_1_532' title='bbox 3407 3181 3456 3250; x_wconf 79' lang='grc' dir='ltr'><strong>ἐξ</strong></span> <span class='ocrx_word' id='word_1_533' title='bbox 3508 3180 3797 3256; x_wconf 78' lang='grc' dir='ltr'>ἀναγκαίου</span> 
     </span>
    </p>
   </div>
   <div class='ocr_carea' id='block_1_81' title="bbox 2161 3266 3797 3348">
    <p class='ocr_par' dir='ltr' id='par_1_81' title="bbox 2161 3266 3797 3348">
     <span class='ocr_line' id='line_1_81' title="bbox 2161 3266 3797 3348; baseline -0.005 -19"><span class='ocrx_word' id='word_1_534' title='bbox 2161 3273 2330 3348; x_wconf 71' lang='grc' dir='ltr'>ἤγουν</span> <span class='ocrx_word' id='word_1_535' title='bbox 2371 3273 2744 3348; x_wconf 78' lang='grc' dir='ltr'>ἀπαραιτήτου</span> <span class='ocrx_word' id='word_1_536' title='bbox 2782 3273 2873 3328; x_wconf 89' lang='grc' dir='ltr'>τὸν</span> <span class='ocrx_word' id='word_1_537' title='bbox 2927 3270 3123 3327; x_wconf 80' lang='grc' dir='ltr'>κανόνα</span> <span class='ocrx_word' id='word_1_538' title='bbox 3170 3266 3341 3338; x_wconf 82' lang='grc' dir='ltr'>ἔθετο,</span> <span class='ocrx_word' id='word_1_539' title='bbox 3397 3266 3527 3323; x_wconf 87' lang='grc' dir='ltr'>ἀλλ’</span> <span class='ocrx_word' id='word_1_540' title='bbox 3577 3266 3797 3344; x_wconf 80' lang='grc' dir='ltr'>ἐνδεχο-</span> 
     </span>
    </p>
   </div>
   <div class='ocr_carea' id='block_1_82' title="bbox 2164 3355 3793 3436">
    <p class='ocr_par' dir='ltr' id='par_1_82' title="bbox 2164 3355 3793 3436">
     <span class='ocr_line' id='line_1_82' title="bbox 2164 3355 3793 3436; baseline -0.005 -18"><span class='ocrx_word' id='word_1_541' title='bbox 2164 3364 2336 3436; x_wconf 84' lang='grc' dir='ltr'>μένως</span> <span class='ocrx_word' id='word_1_542' title='bbox 2365 3383 2377 3396; x_wconf 87' lang='grc'><strong>·</strong></span> <span class='ocrx_word' id='word_1_543' title='bbox 2411 3361 2550 3419; x_wconf 85' lang='grc' dir='ltr'>ὥστε</span> <span class='ocrx_word' id='word_1_544' title='bbox 2581 3364 2610 3418; x_wconf 89' lang='lat'><strong>6</strong></span> <span class='ocrx_word' id='word_1_545' title='bbox 2641 3359 2849 3430; x_wconf 81' lang='grc' dir='ltr'>διδοὺς,</span> <span class='ocrx_word' id='word_1_546' title='bbox 2883 3358 3130 3435; x_wconf 86' lang='grc' dir='ltr'>βλεπέτω</span> <span class='ocrx_word' id='word_1_547' title='bbox 3161 3365 3279 3422; x_wconf 77' lang='grc' dir='ltr'><strong>πῶς</strong></span> <span class='ocrx_word' id='word_1_548' title='bbox 3301 3355 3445 3413; x_wconf 86' lang='grc' dir='ltr'>διδοῖ</span> <span class='ocrx_word' id='word_1_549' title='bbox 3469 3399 3484 3414; x_wconf 94' lang='grc'>.</span> <span class='ocrx_word' id='word_1_550' title='bbox 3522 3358 3684 3432; x_wconf 82' lang='grc' dir='ltr'>Κάγὼ</span> <span class='ocrx_word' id='word_1_551' title='bbox 3703 3357 3793 3431; x_wconf 75' lang='grc' dir='ltr'><strong>γὰρ</strong></span> 
     </span>
    </p>
   </div>
   <div class='ocr_carea' id='block_1_83' title="bbox 2162 3442 3794 3531">
    <p class='ocr_par' dir='ltr' id='par_1_83' title="bbox 2162 3442 3794 3531">
     <span class='ocr_line' id='line_1_83' title="bbox 2162 3442 3794 3531; baseline -0.006 -23"><span class='ocrx_word' id='word_1_552' title='bbox 2162 3453 2190 3508; x_wconf 90' lang='lat'><strong>6</strong></span> <span class='ocrx_word' id='word_1_553' title='bbox 2248 3454 2492 3516; x_wconf 86' lang='grc' dir='ltr'>ταπεινὸς</span> <span class='ocrx_word' id='word_1_554' title='bbox 2551 3452 2660 3531; x_wconf 88' lang='grc' dir='ltr'><strong>οὐχ</strong></span> <span class='ocrx_word' id='word_1_555' title='bbox 2716 3453 3025 3528; x_wconf 84' lang='grc' dir='ltr'>ὁριστικῶς,</span> <span class='ocrx_word' id='word_1_556' title='bbox 3085 3447 3213 3504; x_wconf 82' lang='grc' dir='ltr'>ἀλλ’</span> <span class='ocrx_word' id='word_1_557' title='bbox 3297 3442 3623 3518; x_wconf 77' lang='grc' dir='ltr'>ἐκϐιαστῶς,</span> <span class='ocrx_word' id='word_1_558' title='bbox 3679 3448 3794 3516; x_wconf 74' lang='grc' dir='ltr'>ἤτοι</span> 
     </span>
    </p>
   </div>
   <div class='ocr_carea' id='block_1_84' title="bbox 2162 3536 3794 3617">
    <p class='ocr_par' dir='ltr' id='par_1_84' title="bbox 2162 3536 3794 3617">
     <span class='ocr_line' id='line_1_84' title="bbox 2162 3536 3794 3617; baseline -0.006 -18"><span class='ocrx_word' id='word_1_559' title='bbox 2162 3537 2660 3617; x_wconf 82' lang='grc' dir='ltr'>συμϐουλευτικῶς,</span> <span class='ocrx_word' id='word_1_560' title='bbox 2718 3542 2794 3605; x_wconf 86' lang='grc' dir='ltr'>ὡς</span> <span class='ocrx_word' id='word_1_561' title='bbox 2838 3539 3112 3601; x_wconf 82' lang='grc' dir='ltr'>πολλάκις</span> <span class='ocrx_word' id='word_1_562' title='bbox 3169 3536 3383 3614; x_wconf 74' lang='grc' dir='ltr'>εἴρηκα,</span> <span class='ocrx_word' id='word_1_563' title='bbox 3432 3537 3794 3611; x_wconf 84' lang='grc' dir='ltr'>ἀποκρίνομαι</span> 
     </span>
    </p>
   </div>
   <div class='ocr_carea' id='block_1_85' title="bbox 2160 3625 3794 3707">
    <p class='ocr_par' dir='ltr' id='par_1_85' title="bbox 2160 3625 3794 3707">
     <span class='ocr_line' id='line_1_85' title="bbox 2160 3625 3794 3707; baseline -0.004 -20"><span class='ocrx_word' id='word_1_564' title='bbox 2160 3633 2298 3707; x_wconf 86' lang='grc' dir='ltr'>πρὸς</span> <span class='ocrx_word' id='word_1_565' title='bbox 2337 3633 2432 3694; x_wconf 75' lang='grc' dir='ltr'>τὰς</span> <span class='ocrx_word' id='word_1_566' title='bbox 2472 3632 2891 3706; x_wconf 75' lang='grc' dir='ltr'>προτεινομένας</span> <span class='ocrx_word' id='word_1_567' title='bbox 2935 3650 3028 3702; x_wconf 89' lang='grc' dir='ltr'><strong>μοι</strong></span> <span class='ocrx_word' id='word_1_568' title='bbox 3070 3627 3179 3683; x_wconf 73' lang='grc' dir='ltr'>εἴτε</span> <span class='ocrx_word' id='word_1_569' title='bbox 3217 3628 3321 3683; x_wconf 83' lang='grc' dir='ltr'>ὐπὸ</span> <span class='ocrx_word' id='word_1_570' title='bbox 3361 3630 3479 3696; x_wconf 77' lang='grc' dir='ltr'>σοῦ,</span> <span class='ocrx_word' id='word_1_571' title='bbox 3530 3625 3640 3682; x_wconf 74' lang='grc' dir='ltr'>εἴτε</span> <span class='ocrx_word' id='word_1_572' title='bbox 3679 3625 3794 3699; x_wconf 88' lang='grc' dir='ltr'>παρ’</span> 
     </span>
    </p>
   </div>
   <div class='ocr_carea' id='block_1_86' title="bbox 2161 3715 3795 3794">
    <p class='ocr_par' dir='ltr' id='par_1_86' title="bbox 2161 3715 3795 3794">
     <span class='ocr_line' id='line_1_86' title="bbox 2161 3715 3795 3794; baseline -0.005 -18"><span class='ocrx_word' id='word_1_573' title='bbox 2161 3719 2338 3777; x_wconf 74' lang='grc' dir='ltr'>ἄλλου</span> <span class='ocrx_word' id='word_1_574' title='bbox 2362 3721 2578 3782; x_wconf 81' lang='grc' dir='ltr'>πεύσεις</span> <span class='ocrx_word' id='word_1_575' title='bbox 2602 3763 2614 3777; x_wconf 93' lang='grc'><strong>.</strong></span> <span class='ocrx_word' id='word_1_576' title='bbox 2645 3720 2716 3774; x_wconf 88' lang='grc' dir='ltr'>Τὸ</span> <span class='ocrx_word' id='word_1_577' title='bbox 2749 3718 2940 3774; x_wconf 84' lang='grc' dir='ltr'>λοιπὸν</span> <span class='ocrx_word' id='word_1_578' title='bbox 2973 3717 3284 3794; x_wconf 88' lang='grc' dir='ltr'>προσεύχου</span> <span class='ocrx_word' id='word_1_579' title='bbox 3310 3715 3435 3791; x_wconf 84' lang='grc' dir='ltr'>περὶ</span> <span class='ocrx_word' id='word_1_580' title='bbox 3463 3718 3565 3784; x_wconf 78' lang='grc' dir='ltr'><strong>τῆς</strong></span> <span class='ocrx_word' id='word_1_581' title='bbox 3614 3734 3795 3770; x_wconf 80' lang='grc' dir='ltr'>ταπει-</span> 
     </span>
    </p>
   </div>
   <div class='ocr_carea' id='block_1_87' title="bbox 2160 3802 3794 3884">
    <p class='ocr_par' dir='ltr' id='par_1_87' title="bbox 2160 3802 3794 3884">
     <span class='ocr_line' id='line_1_87' title="bbox 2160 3802 3794 3884; baseline -0.006 -18"><span class='ocrx_word' id='word_1_582' title='bbox 2160 3812 2374 3872; x_wconf 83' lang='grc' dir='ltr'>νώσεώς</span> <span class='ocrx_word' id='word_1_583' title='bbox 2429 3831 2532 3882; x_wconf 87' lang='grc' dir='ltr'><strong>μου</strong></span> <span class='ocrx_word' id='word_1_584' title='bbox 2558 3829 2573 3842; x_wconf 86' lang='grc'>·</span> <span class='ocrx_word' id='word_1_585' title='bbox 2627 3810 2844 3884; x_wconf 79' lang='grc' dir='ltr'>βοηθῶν</span> <span class='ocrx_word' id='word_1_586' title='bbox 2888 3809 2950 3862; x_wconf 86' lang='grc' dir='ltr'>τὸ</span> <span class='ocrx_word' id='word_1_587' title='bbox 2999 3805 3134 3862; x_wconf 72' lang='grc' dir='ltr'>κατὰ</span> <span class='ocrx_word' id='word_1_588' title='bbox 3173 3802 3400 3878; x_wconf 81' lang='grc' dir='ltr'>δύναμιν</span> <span class='ocrx_word' id='word_1_589' title='bbox 3438 3809 3556 3866; x_wconf 86' lang='grc' dir='ltr'>τοῖς</span> <span class='ocrx_word' id='word_1_590' title='bbox 3619 3804 3693 3864; x_wconf 81' lang='grc' dir='ltr'>εἷς</span> <span class='ocrx_word' id='word_1_591' title='bbox 3736 3803 3794 3858; x_wconf 78' lang='grc' dir='ltr'><strong>τὰ</strong></span> 
     </span>
    </p>
   </div>
   <div class='ocr_carea' id='block_1_88' title="bbox 2161 3890 3796 3970">
    <p class='ocr_par' dir='ltr' id='par_1_88' title="bbox 2161 3890 3796 3970">
     <span class='ocr_line' id='line_1_88' title="bbox 2161 3890 3796 3970; baseline -0.003 -15"><span class='ocrx_word' id='word_1_592' title='bbox 2161 3897 2430 3955; x_wconf 82' lang='grc' dir='ltr'>Στουδίου</span> <span class='ocrx_word' id='word_1_593' title='bbox 2461 3897 2803 3968; x_wconf 83' lang='grc' dir='ltr'>ἐναθλοῦσιν,</span> <span class='ocrx_word' id='word_1_594' title='bbox 2829 3895 3050 3970; x_wconf 84' lang='grc' dir='ltr'>ἐπείπερ</span> <span class='ocrx_word' id='word_1_595' title='bbox 3081 3895 3170 3950; x_wconf 80' lang='grc' dir='ltr'>καὶ</span> <span class='ocrx_word' id='word_1_596' title='bbox 3221 3895 3463 3968; x_wconf 81' lang='grc' dir='ltr'>ὅπουπερ</span> <span class='ocrx_word' id='word_1_597' title='bbox 3495 3893 3556 3948; x_wconf 79' lang='grc' dir='ltr'>ἄν</span> <span class='ocrx_word' id='word_1_598' title='bbox 3612 3890 3796 3968; x_wconf 78' lang='grc' dir='ltr'>ίσχύῃς</span> 
     </span>
    </p>
   </div>
   <div class='ocr_carea' id='block_1_89' title="bbox 2159 3982 3688 4065">
    <p class='ocr_par' dir='ltr' id='par_1_89' title="bbox 2159 3982 3688 4065">
     <span class='ocr_line' id='line_1_89' title="bbox 2159 3982 3688 4065; baseline -0.004 -19"><span class='ocrx_word' id='word_1_599' title='bbox 2159 3988 2214 4046; x_wconf 81' lang='grc' dir='ltr'>ἐν</span> <span class='ocrx_word' id='word_1_600' title='bbox 2259 3988 2442 4065; x_wconf 80' lang='grc' dir='ltr'>Κυρίῳ</span> <span class='ocrx_word' id='word_1_601' title='bbox 2467 4029 2483 4048; x_wconf 93' lang='grc'><strong><em>.</em></strong></span> <span class='ocrx_word' id='word_1_602' title='bbox 2509 3988 2571 4045; x_wconf 89' lang='grc' dir='ltr'>Ὁ</span> <span class='ocrx_word' id='word_1_603' title='bbox 2600 3984 2836 4063; x_wconf 61' lang='grc' dir='ltr'>ἀδελφὸς</span> <span class='ocrx_word' id='word_1_604' title='bbox 2869 3983 3143 4046; x_wconf 81' lang='grc' dir='ltr'>Νικόλαος</span> <span class='ocrx_word' id='word_1_605' title='bbox 3174 3982 3564 4058; x_wconf 85' lang='grc' dir='ltr'>προσαγορεύει</span> <span class='ocrx_word' id='word_1_606' title='bbox 3597 4002 3653 4038; x_wconf 89' lang='grc' dir='ltr'><strong>σε</strong></span> <span class='ocrx_word' id='word_1_607' title='bbox 3674 4024 3688 4040; x_wconf 90' lang='grc'><strong>.</strong></span> 
     </span>
    </p>
   </div>
   <div class='ocr_carea' id='block_1_90' title="bbox 2344 4239 3616 4324">
    <p class='ocr_par' dir='ltr' id='par_1_90' title="bbox 2344 4239 3616 4324">
     <span class='ocr_line' id='line_1_90' title="bbox 2344 4239 3616 4324; baseline -0.005 -22"><span class='ocrx_word' id='word_1_608' title='bbox 2344 4251 2475 4306; x_wconf 83' lang='lat' dir='ltr'><strong>MA&#39;.</strong></span> <span class='ocrx_word' id='word_1_609' title='bbox 2515 4278 2585 4290; x_wconf 90' lang='lat'><strong>-—</strong></span> <span class='ocrx_word' id='word_1_610' title='bbox 2616 4243 2918 4324; x_wconf 72' lang='grc' dir='ltr'>Θεοφίλῳ</span> <span class='ocrx_word' id='word_1_611' title='bbox 2945 4248 3062 4313; x_wconf 86' lang='grc' dir='ltr'><strong>τῆς</strong></span> <span class='ocrx_word' id='word_1_612' title='bbox 3091 4239 3365 4316; x_wconf 51' lang='grc' dir='ltr'>Ἐρέσου</span> <span class='ocrx_word' id='word_1_613' title='bbox 3392 4282 3403 4294; x_wconf 94' lang='grc'>.</span> <span class='ocrx_word' id='word_1_614' title='bbox 3441 4241 3616 4314; x_wconf 73' lang='grc' dir='ltr'><strong>[τιζ¹.]</strong></span> 
     </span>
    </p>
   </div>
   <div class='ocr_carea' id='block_1_91' title="bbox 1397 4345 2820 4415">
    <p class='ocr_par' dir='ltr' id='par_1_91' title="bbox 1397 4345 2820 4415">
     <span class='ocr_line' id='line_1_91' title="bbox 1397 4345 2820 4415; baseline -0.005 -15"><span class='ocrx_word' id='word_1_615' title='bbox 1397 4352 1470 4400; x_wconf 83' lang='lat' dir='ltr'><strong>Ds</strong></span> <span class='ocrx_word' id='word_1_616' title='bbox 1493 4350 1694 4400; x_wconf 86' lang='lat' dir='ltr'><strong>sanctis</strong></span> <span class='ocrx_word' id='word_1_617' title='bbox 1725 4350 2073 4412; x_wconf 77' lang='lat' dir='ltr'><strong>imaginibus.</strong></span> <span class='ocrx_word' id='word_1_618' title='bbox 2106 4351 2321 4415; x_wconf 89' lang='lat' dir='ltr'><strong>(Baron.</strong></span> <span class='ocrx_word' id='word_1_619' title='bbox 2356 4361 2450 4400; x_wconf 88' lang='lat' dir='ltr'><strong>an.</strong></span> <span class='ocrx_word' id='word_1_620' title='bbox 2482 4346 2594 4404; x_wconf 89' lang='grc'>816,</span> <span class='ocrx_word' id='word_1_621' title='bbox 2632 4359 2687 4397; x_wconf 90' lang='lat' dir='ltr'><strong>n.</strong></span> <span class='ocrx_word' id='word_1_622' title='bbox 2716 4345 2820 4407; x_wconf 75' lang='grc'><strong>41.)</strong></span> 
     </span>
    </p>
   </div>
   <div class='ocr_carea' id='block_1_92' title="bbox 476 4425 2135 4505">
    <p class='ocr_par' dir='ltr' id='par_1_92' title="bbox 476 4425 2135 4505">
     <span class='ocr_line' id='line_1_92' title="bbox 476 4425 2135 4505; baseline 0.005 -25"><span class='ocrx_word' id='word_1_623' title='bbox 476 4425 548 4482; x_wconf 89' lang='lat' dir='ltr'><strong>Et</strong></span> <span class='ocrx_word' id='word_1_624' title='bbox 576 4441 800 4482; x_wconf 87' lang='lat' dir='ltr'><strong>sacram</strong></span> <span class='ocrx_word' id='word_1_625' title='bbox 847 4427 1151 4498; x_wconf 88' lang='lat' dir='ltr'><strong>epistolam</strong></span> <span class='ocrx_word' id='word_1_626' title='bbox 1199 4433 1360 4486; x_wconf 89' lang='lat' dir='ltr'><strong>tuam</strong></span> <span class='ocrx_word' id='word_1_627' title='bbox 1405 4431 1596 4504; x_wconf 88' lang='lat' dir='ltr'><strong>accepi</strong></span> <span class='ocrx_word' id='word_1_628' title='bbox 1649 4440 1923 4505; x_wconf 86' lang='lat' dir='ltr'><strong>tanquam</strong></span> <span class='ocrx_word' id='word_1_629' title='bbox 1964 4432 2058 4487; x_wconf 82' lang='lat' dir='ltr'><strong>di-</strong></span> <span class='ocrx_word' id='word_1_630' title='bbox 2091 4434 2135 4500; x_wconf 89' lang='lat' dir='ltr'><strong>D</strong></span> 
     </span>
    </p>
   </div>
   <div class='ocr_carea' id='block_1_93' title="bbox 408 4514 2057 4591">
    <p class='ocr_par' dir='ltr' id='par_1_93' title="bbox 408 4514 2057 4591">
     <span class='ocr_line' id='line_1_93' title="bbox 408 4514 2057 4591; baseline 0.005 -23"><span class='ocrx_word' id='word_1_631' title='bbox 408 4514 627 4570; x_wconf 86' lang='lat' dir='ltr'><strong>viuitus</strong></span> <span class='ocrx_word' id='word_1_632' title='bbox 668 4517 953 4587; x_wconf 89' lang='lat' dir='ltr'><strong>scriptum</strong></span> <span class='ocrx_word' id='word_1_633' title='bbox 988 4517 1274 4586; x_wconf 88' lang='lat' dir='ltr'><strong>libellum,</strong></span> <span class='ocrx_word' id='word_1_634' title='bbox 1306 4523 1362 4575; x_wconf 85' lang='lat' dir='ltr'><strong>et</strong></span> <span class='ocrx_word' id='word_1_635' title='bbox 1391 4520 1681 4591; x_wconf 85' lang='lat' dir='ltr'><strong>eulogiam</strong></span> <span class='ocrx_word' id='word_1_636' title='bbox 1713 4522 1888 4577; x_wconf 86' lang='lat' dir='ltr'><strong>simul</strong></span> <span class='ocrx_word' id='word_1_637' title='bbox 1920 4538 2057 4578; x_wconf 90' lang='lat' dir='ltr'><strong>sus-</strong></span> 
     </span>
    </p>
   </div>
   <div class='ocr_carea' id='block_1_94' title="bbox 407 4604 2052 4682">
    <p class='ocr_par' dir='ltr' id='par_1_94' title="bbox 407 4604 2052 4682">
     <span class='ocr_line' id='line_1_94' title="bbox 407 4604 2052 4682; baseline 0.005 -25"><span class='ocrx_word' id='word_1_638' title='bbox 407 4604 534 4675; x_wconf 88' lang='lat' dir='ltr'><strong>cepi</strong></span> <span class='ocrx_word' id='word_1_639' title='bbox 565 4605 740 4659; x_wconf 85' lang='lat' dir='ltr'><strong>veluti</strong></span> <span class='ocrx_word' id='word_1_640' title='bbox 772 4606 987 4662; x_wconf 86' lang='lat' dir='ltr'><strong>amoris</strong></span> <span class='ocrx_word' id='word_1_641' title='bbox 1019 4608 1480 4666; x_wconf 84' lang='lat' dir='ltr'><strong>incitamentum.</strong></span> <span class='ocrx_word' id='word_1_642' title='bbox 1520 4610 1579 4665; x_wconf 88' lang='lat' dir='ltr'><strong>EI</strong></span> <span class='ocrx_word' id='word_1_643' title='bbox 1616 4611 1750 4681; x_wconf 90' lang='lat' dir='ltr'><strong>quis</strong></span> <span class='ocrx_word' id='word_1_644' title='bbox 1781 4626 1887 4682; x_wconf 86' lang='lat' dir='ltr'><strong>ego</strong></span> <span class='ocrx_word' id='word_1_645' title='bbox 1919 4627 2052 4667; x_wconf 91' lang='lat' dir='ltr'><strong>sum</strong></span> 
     </span>
    </p>
   </div>
   <div class='ocr_carea' id='block_1_95' title="bbox 409 4693 2057 4772">
    <p class='ocr_par' dir='ltr' id='par_1_95' title="bbox 409 4693 2057 4772">
     <span class='ocr_line' id='line_1_95' title="bbox 409 4693 2057 4772; baseline 0.004 -25"><span class='ocrx_word' id='word_1_646' title='bbox 409 4693 605 4760; x_wconf 88' lang='lat' dir='ltr'><strong>miser,</strong></span> <span class='ocrx_word' id='word_1_647' title='bbox 635 4693 791 4765; x_wconf 88' lang='lat' dir='ltr'><strong>quia</strong></span> <span class='ocrx_word' id='word_1_648' title='bbox 808 4701 1010 4751; x_wconf 85' lang='lat' dir='ltr'><strong>sancto</strong></span> <span class='ocrx_word' id='word_1_649' title='bbox 1029 4713 1128 4753; x_wconf 91' lang='lat' dir='ltr'><strong>ore</strong></span> <span class='ocrx_word' id='word_1_650' title='bbox 1148 4706 1252 4754; x_wconf 89' lang='lat' dir='ltr'><strong>tuo</strong></span> <span class='ocrx_word' id='word_1_651' title='bbox 1282 4701 1366 4755; x_wconf 91' lang='lat' dir='ltr'><strong>sic</strong></span> <span class='ocrx_word' id='word_1_652' title='bbox 1384 4701 1608 4766; x_wconf 88' lang='lat' dir='ltr'><strong>lauder,</strong></span> <span class='ocrx_word' id='word_1_653' title='bbox 1632 4701 1732 4772; x_wconf 94' lang='lat' dir='ltr'><strong>qui</strong></span> <span class='ocrx_word' id='word_1_654' title='bbox 1756 4717 1862 4755; x_wconf 91' lang='lat' dir='ltr'><strong>nec</strong></span> <span class='ocrx_word' id='word_1_655' title='bbox 1885 4699 2057 4756; x_wconf 88' lang='lat' dir='ltr'><strong>corri-</strong></span> 
     </span>
    </p>
   </div>
   <div class='ocr_carea' id='block_1_96' title="bbox 409 4783 2054 4861">
    <p class='ocr_par' dir='ltr' id='par_1_96' title="bbox 409 4783 2054 4861">
     <span class='ocr_line' id='line_1_96' title="bbox 409 4783 2054 4861; baseline 0.005 -25"><span class='ocrx_word' id='word_1_656' title='bbox 409 4783 565 4854; x_wconf 89' lang='lat' dir='ltr'><strong>giam</strong></span> <span class='ocrx_word' id='word_1_657' title='bbox 597 4783 972 4840; x_wconf 88' lang='lat' dir='ltr'><strong>calceamenti</strong></span> <span class='ocrx_word' id='word_1_658' title='bbox 996 4787 1083 4841; x_wconf 90' lang='lat' dir='ltr'><strong>tui</strong></span> <span class='ocrx_word' id='word_1_659' title='bbox 1118 4787 1338 4845; x_wconf 90' lang='lat' dir='ltr'><strong>solvere</strong></span> <span class='ocrx_word' id='word_1_660' title='bbox 1369 4790 1583 4861; x_wconf 90' lang='lat' dir='ltr'><strong>dignus</strong></span> <span class='ocrx_word' id='word_1_661' title='bbox 1613 4805 1745 4844; x_wconf 90' lang='lat' dir='ltr'><strong>sum</strong></span> <span class='ocrx_word' id='word_1_662' title='bbox 1770 4789 1799 4844; x_wconf 83' lang='lat'><strong><em>?</em></strong></span> <span class='ocrx_word' id='word_1_663' title='bbox 1825 4789 1909 4845; x_wconf 89' lang='lat' dir='ltr'><strong>En</strong></span> <span class='ocrx_word' id='word_1_664' title='bbox 1940 4789 2054 4845; x_wconf 85' lang='lat' dir='ltr'><strong>hu-</strong></span> 
     </span>
    </p>
   </div>
   <div class='ocr_carea' id='block_1_97' title="bbox 409 4871 2054 4950">
    <p class='ocr_par' dir='ltr' id='par_1_97' title="bbox 409 4871 2054 4950">
     <span class='ocr_line' id='line_1_97' title="bbox 409 4871 2054 4950; baseline 0.005 -26"><span class='ocrx_word' id='word_1_665' title='bbox 409 4871 668 4926; x_wconf 87' lang='lat' dir='ltr'><strong>militatis</strong></span> <span class='ocrx_word' id='word_1_666' title='bbox 725 4872 908 4929; x_wconf 91' lang='lat' dir='ltr'><strong>Deum</strong></span> <span class='ocrx_word' id='word_1_667' title='bbox 968 4877 1298 4933; x_wconf 71' lang='lat' dir='ltr'><strong>aemulantis</strong></span> <span class='ocrx_word' id='word_1_668' title='bbox 1355 4878 1700 4950; x_wconf 80' lang='lat' dir='ltr'><strong>proprietas.</strong></span> <span class='ocrx_word' id='word_1_669' title='bbox 1759 4878 1870 4945; x_wconf 90' lang='lat' dir='ltr'><strong>Tu,</strong></span> <span class='ocrx_word' id='word_1_670' title='bbox 1921 4877 2054 4932; x_wconf 89' lang='lat' dir='ltr'><strong>bea-</strong></span> 
     </span>
    </p>
   </div>
   <div class='ocr_carea' id='block_1_98' title="bbox 408 4959 2053 5038">
    <p class='ocr_par' dir='ltr' id='par_1_98' title="bbox 408 4959 2053 5038">
     <span class='ocr_line' id='line_1_98' title="bbox 408 4959 2053 5038; baseline 0.004 -25"><span class='ocrx_word' id='word_1_671' title='bbox 408 4959 636 5015; x_wconf 87' lang='lat' dir='ltr'><strong>tissime</strong></span> <span class='ocrx_word' id='word_1_672' title='bbox 675 4960 862 5030; x_wconf 88' lang='lat' dir='ltr'><strong>Pater,</strong></span> <span class='ocrx_word' id='word_1_673' title='bbox 897 4963 999 5036; x_wconf 91' lang='lat' dir='ltr'><strong>qui</strong></span> <span class='ocrx_word' id='word_1_674' title='bbox 1031 4969 1088 5021; x_wconf 86' lang='lat' dir='ltr'><strong>et</strong></span> <span class='ocrx_word' id='word_1_675' title='bbox 1118 4981 1362 5038; x_wconf 83' lang='lat' dir='ltr'><strong>magnus</strong></span> <span class='ocrx_word' id='word_1_676' title='bbox 1393 4967 1624 5032; x_wconf 89' lang='lat' dir='ltr'><strong>diceris,</strong></span> <span class='ocrx_word' id='word_1_677' title='bbox 1656 4973 1710 5022; x_wconf 88' lang='lat' dir='ltr'><strong>et</strong></span> <span class='ocrx_word' id='word_1_678' title='bbox 1742 4963 2053 5032; x_wconf 85' lang='lat' dir='ltr'><strong>extolleris,</strong></span> 
     </span>
    </p>
   </div>
   <div class='ocr_carea' id='block_1_99' title="bbox 407 5049 2054 5126">
    <p class='ocr_par' dir='ltr' id='par_1_99' title="bbox 407 5049 2054 5126">
     <span class='ocr_line' id='line_1_99' title="bbox 407 5049 2054 5126; baseline 0.005 -25"><span class='ocrx_word' id='word_1_679' title='bbox 407 5063 472 5102; x_wconf 89' lang='lat' dir='ltr'><strong>ac</strong></span> <span class='ocrx_word' id='word_1_680' title='bbox 494 5049 822 5118; x_wconf 67' lang='lat' dir='ltr'><strong>praedicaris</strong></span> <span class='ocrx_word' id='word_1_681' title='bbox 851 5053 1073 5110; x_wconf 89' lang='lat' dir='ltr'><strong>Orienti</strong></span> <span class='ocrx_word' id='word_1_682' title='bbox 1098 5061 1272 5126; x_wconf 90' lang='lat' dir='ltr'><strong>atque</strong></span> <span class='ocrx_word' id='word_1_683' title='bbox 1303 5055 1624 5122; x_wconf 82' lang='lat' dir='ltr'><strong>Occidenti,</strong></span> <span class='ocrx_word' id='word_1_684' title='bbox 1645 5053 1884 5108; x_wconf 81' lang='lat' dir='ltr'><strong>maximi</strong></span> <span class='ocrx_word' id='word_1_685' title='bbox 1906 5069 2054 5124; x_wconf 82' lang='lat' dir='ltr'><strong>apo-</strong></span> 
     </span>
    </p>
   </div>
   <div class='ocr_carea' id='block_1_100' title="bbox 408 5135 2058 5215">
    <p class='ocr_par' dir='ltr' id='par_1_100' title="bbox 408 5135 2058 5215">
     <span class='ocr_line' id='line_1_100' title="bbox 408 5135 2058 5215; baseline 0.002 -23"><span class='ocrx_word' id='word_1_686' title='bbox 408 5135 564 5204; x_wconf 87' lang='lat' dir='ltr'><strong>stoli,</strong></span> <span class='ocrx_word' id='word_1_687' title='bbox 597 5140 960 5208; x_wconf 68' lang='lat' dir='ltr'><strong>evangelista:</strong></span> <span class='ocrx_word' id='word_1_688' title='bbox 996 5159 1063 5199; x_wconf 91' lang='lat' dir='ltr'><strong>ac</strong></span> <span class='ocrx_word' id='word_1_689' title='bbox 1093 5143 1347 5215; x_wconf 89' lang='lat' dir='ltr'><strong>theologi</strong></span> <span class='ocrx_word' id='word_1_690' title='bbox 1399 5143 1674 5198; x_wconf 90' lang='lat' dir='ltr'><strong>thronum</strong></span> <span class='ocrx_word' id='word_1_691' title='bbox 1717 5141 1890 5212; x_wconf 87' lang='lat' dir='ltr'><strong>digne</strong></span> <span class='ocrx_word' id='word_1_692' title='bbox 1914 5157 2058 5198; x_wconf 93' lang='lat' dir='ltr'><strong>con-</strong></span> 
     </span>
    </p>
   </div>
   <div class='ocr_carea' id='block_1_101' title="bbox 408 5225 2054 5304">
    <p class='ocr_par' dir='ltr' id='par_1_101' title="bbox 408 5225 2054 5304">
     <span class='ocr_line' id='line_1_101' title="bbox 408 5225 2054 5304; baseline 0.004 -25"><span class='ocrx_word' id='word_1_693' title='bbox 408 5225 692 5283; x_wconf 88' lang='lat' dir='ltr'><strong>decorans</strong></span> <span class='ocrx_word' id='word_1_694' title='bbox 725 5244 826 5301; x_wconf 87' lang='lat' dir='ltr'><strong>per</strong></span> <span class='ocrx_word' id='word_1_695' title='bbox 854 5246 920 5286; x_wconf 89' lang='lat' dir='ltr'><strong>ea</strong></span> <span class='ocrx_word' id='word_1_696' title='bbox 951 5247 1078 5303; x_wconf 63' lang='lat' dir='ltr'><strong>qua:</strong></span> <span class='ocrx_word' id='word_1_697' title='bbox 1127 5247 1338 5304; x_wconf 85' lang='lat' dir='ltr'><strong>passus</strong></span> <span class='ocrx_word' id='word_1_698' title='bbox 1386 5248 1468 5299; x_wconf 86' lang='lat' dir='ltr'><strong>es,</strong></span> <span class='ocrx_word' id='word_1_699' title='bbox 1519 5235 1576 5286; x_wconf 90' lang='lat' dir='ltr'><strong>et</strong></span> <span class='ocrx_word' id='word_1_700' title='bbox 1617 5231 1830 5302; x_wconf 85' lang='lat' dir='ltr'><strong>pateris</strong></span> <span class='ocrx_word' id='word_1_701' title='bbox 1879 5231 2054 5286; x_wconf 87' lang='lat' dir='ltr'><strong>etiam</strong></span> 
     </span>
    </p>
   </div>
   <div class='ocr_carea' id='block_1_102' title="bbox 411 5318 2053 5392">
    <p class='ocr_par' dir='ltr' id='par_1_102' title="bbox 411 5318 2053 5392">
     <span class='ocr_line' id='line_1_102' title="bbox 411 5318 2053 5392; baseline 0.004 -25"><span class='ocrx_word' id='word_1_702' title='bbox 411 5329 585 5381; x_wconf 88' lang='lat' dir='ltr'><strong>nunc,</strong></span> <span class='ocrx_word' id='word_1_703' title='bbox 613 5322 826 5372; x_wconf 66' lang='lat' dir='ltr'><strong>sancta:l</strong></span> <span class='ocrx_word' id='word_1_704' title='bbox 860 5324 1051 5374; x_wconf 88' lang='lat' dir='ltr'><strong>carnis</strong></span> <span class='ocrx_word' id='word_1_705' title='bbox 1082 5325 1194 5375; x_wconf 69' lang='lat' dir='ltr'><strong>tum</strong></span> <span class='ocrx_word' id='word_1_706' title='bbox 1212 5319 1492 5392; x_wconf 86' lang='lat' dir='ltr'><strong>sanguine</strong></span> <span class='ocrx_word' id='word_1_707' title='bbox 1526 5318 1698 5374; x_wconf 85' lang='lat' dir='ltr'><strong>vitam</strong></span> <span class='ocrx_word' id='word_1_708' title='bbox 1731 5318 2053 5386; x_wconf 86' lang='lat' dir='ltr'><strong>illustrans,</strong></span> 
     </span>
    </p>
   </div>
   <div class='ocr_carea' id='block_1_103' title="bbox 410 5400 2058 5476">
    <p class='ocr_par' dir='ltr' id='par_1_103' title="bbox 410 5400 2058 5476">
     <span class='ocr_line' id='line_1_103' title="bbox 410 5400 2058 5476; baseline 0.003 -21"><span class='ocrx_word' id='word_1_709' title='bbox 410 5401 467 5455; x_wconf 90' lang='lat' dir='ltr'><strong>et</strong></span> <span class='ocrx_word' id='word_1_710' title='bbox 515 5400 674 5471; x_wconf 89' lang='lat' dir='ltr'><strong>pingi</strong></span> <span class='ocrx_word' id='word_1_711' title='bbox 725 5400 1023 5460; x_wconf 88' lang='lat' dir='ltr'><strong>Christum</strong></span> <span class='ocrx_word' id='word_1_712' title='bbox 1073 5405 1356 5463; x_wconf 83' lang='lat' dir='ltr'><strong>conﬁtens</strong></span> <span class='ocrx_word' id='word_1_713' title='bbox 1407 5411 1473 5463; x_wconf 92' lang='lat' dir='ltr'><strong>ut</strong></span> <span class='ocrx_word' id='word_1_714' title='bbox 1514 5421 1876 5476; x_wconf 89' lang='lat' dir='ltr'><strong>corporeum,</strong></span> <span class='ocrx_word' id='word_1_715' title='bbox 1913 5421 2058 5472; x_wconf 87' lang='lat' dir='ltr'><strong>non,</strong></span> 
     </span>
    </p>
   </div>
   <div class='ocr_carea' id='block_1_104' title="bbox 486 5575 820 5636">
    <p class='ocr_par' dir='ltr' id='par_1_104' title="bbox 486 5575 820 5636">
     <span class='ocr_line' id='line_1_104' title="bbox 486 5575 820 5636; baseline 0.015 -5"><span class='ocrx_word' id='word_1_716' title='bbox 486 5575 530 5611; x_wconf 81' lang='lat'>&quot;</span> <span class='ocrx_word' id='word_1_717' title='bbox 557 5577 698 5633; x_wconf 87' lang='lat' dir='ltr'><strong>Can.</strong></span> <span class='ocrx_word' id='word_1_718' title='bbox 727 5578 820 5636; x_wconf 80' lang='grc'><strong>74.</strong></span> 
     </span>
    </p>
   </div>
   <div class='ocr_carea' id='block_1_105' title="bbox 2240 4413 3790 4501">
    <p class='ocr_par' dir='ltr' id='par_1_105' title="bbox 2240 4413 3790 4501">
     <span class='ocr_line' id='line_1_105' title="bbox 2240 4413 3790 4501; baseline -0.01 -15"><span class='ocrx_word' id='word_1_719' title='bbox 2240 4428 2338 4486; x_wconf 82' lang='grc' dir='ltr'><strong>Καὶ</strong></span> <span class='ocrx_word' id='word_1_720' title='bbox 2367 4429 2466 4497; x_wconf 75' lang='grc' dir='ltr'><strong>τήν</strong></span> <span class='ocrx_word' id='word_1_721' title='bbox 2494 4425 2641 4501; x_wconf 79' lang='grc' dir='ltr'>ἱεράν</span> <span class='ocrx_word' id='word_1_722' title='bbox 2691 4445 2786 4481; x_wconf 93' lang='grc' dir='ltr'><strong>σου</strong></span> <span class='ocrx_word' id='word_1_723' title='bbox 2831 4417 3112 4492; x_wconf 70' lang='grc' dir='ltr'>συλλαϐὴν</span> <span class='ocrx_word' id='word_1_724' title='bbox 3159 4418 3423 4494; x_wconf 75' lang='grc' dir='ltr'>ἐδεξάμην</span> <span class='ocrx_word' id='word_1_725' title='bbox 3461 4420 3536 4482; x_wconf 86' lang='grc' dir='ltr'>ὡς</span> <span class='ocrx_word' id='word_1_726' title='bbox 3590 4413 3790 4494; x_wconf 86' lang='grc' dir='ltr'>βιϐλίον</span> 
     </span>
    </p>
   </div>
   <div class='ocr_carea' id='block_1_106' title="bbox 2165 4505 3789 4594">
    <p class='ocr_par' dir='ltr' id='par_1_106' title="bbox 2165 4505 3789 4594">
     <span class='ocr_line' id='line_1_106' title="bbox 2165 4505 3789 4594; baseline -0.007 -22"><span class='ocrx_word' id='word_1_727' title='bbox 2165 4516 2486 4594; x_wconf 79' lang='grc' dir='ltr'>θεόγραφον,</span> <span class='ocrx_word' id='word_1_728' title='bbox 2560 4514 2649 4571; x_wconf 84' lang='grc' dir='ltr'><strong>καὶ</strong></span> <span class='ocrx_word' id='word_1_729' title='bbox 2732 4515 2830 4584; x_wconf 73' lang='grc' dir='ltr'>τήν</span> <span class='ocrx_word' id='word_1_730' title='bbox 2907 4509 3161 4586; x_wconf 83' lang='grc' dir='ltr'>εὐλογίαν</span> <span class='ocrx_word' id='word_1_731' title='bbox 3233 4507 3669 4582; x_wconf 76' lang='grc' dir='ltr'>συναπεδεξάμην</span> <span class='ocrx_word' id='word_1_732' title='bbox 3725 4505 3789 4566; x_wconf 82' lang='grc' dir='ltr'><strong>ὡς</strong></span> 
     </span>
    </p>
   </div>
   <div class='ocr_carea' id='block_1_107' title="bbox 2161 4597 3792 4679">
    <p class='ocr_par' dir='ltr' id='par_1_107' title="bbox 2161 4597 3792 4679">
     <span class='ocr_line' id='line_1_107' title="bbox 2161 4597 3792 4679; baseline -0.009 -18"><span class='ocrx_word' id='word_1_733' title='bbox 2161 4605 2334 4661; x_wconf 88' lang='grc' dir='ltr'>πόθου</span> <span class='ocrx_word' id='word_1_734' title='bbox 2366 4604 2688 4679; x_wconf 84' lang='grc' dir='ltr'>ἐμπύρευμα</span> <span class='ocrx_word' id='word_1_735' title='bbox 2713 4647 2727 4660; x_wconf 92' lang='grc'><strong>.</strong></span> <span class='ocrx_word' id='word_1_736' title='bbox 2761 4603 2860 4657; x_wconf 82' lang='grc' dir='ltr'><strong>Καὶ</strong></span> <span class='ocrx_word' id='word_1_737' title='bbox 2891 4600 2973 4663; x_wconf 89' lang='grc' dir='ltr'><strong>τίς</strong></span> <span class='ocrx_word' id='word_1_738' title='bbox 3014 4599 3129 4674; x_wconf 79' lang='grc' dir='ltr'>είμι</span> <span class='ocrx_word' id='word_1_739' title='bbox 3165 4597 3276 4676; x_wconf 80' lang='grc' dir='ltr'><strong>ἐγὼ</strong></span> <span class='ocrx_word' id='word_1_740' title='bbox 3307 4600 3335 4653; x_wconf 90' lang='lat'><strong>6</strong></span> <span class='ocrx_word' id='word_1_741' title='bbox 3362 4597 3530 4660; x_wconf 78' lang='grc' dir='ltr'>τάλας</span> <span class='ocrx_word' id='word_1_742' title='bbox 3583 4598 3792 4651; x_wconf 81' lang='grc' dir='ltr'>ναιαῦτα</span> 
     </span>
    </p>
   </div>
   <div class='ocr_carea' id='block_1_108' title="bbox 2165 4679 3790 4769">
    <p class='ocr_par' dir='ltr' id='par_1_108' title="bbox 2165 4679 3790 4769">
     <span class='ocr_line' id='line_1_108' title="bbox 2165 4679 3790 4769; baseline -0.01 -18"><span class='ocrx_word' id='word_1_743' title='bbox 2165 4695 2311 4768; x_wconf 84' lang='grc' dir='ltr'>παρὰ</span> <span class='ocrx_word' id='word_1_744' title='bbox 2339 4693 2436 4750; x_wconf 79' lang='grc' dir='ltr'>τοῦ</span> <span class='ocrx_word' id='word_1_745' title='bbox 2466 4695 2629 4769; x_wconf 83' lang='grc' dir='ltr'>ἁγίου</span> <span class='ocrx_word' id='word_1_746' title='bbox 2662 4712 2757 4747; x_wconf 91' lang='grc' dir='ltr'><strong>σου</strong></span> <span class='ocrx_word' id='word_1_747' title='bbox 2807 4691 3076 4762; x_wconf 82' lang='grc' dir='ltr'>στόματος</span> <span class='ocrx_word' id='word_1_748' title='bbox 3130 4686 3572 4764; x_wconf 81' lang='grc' dir='ltr'>εὐφημούμενος,</span> <span class='ocrx_word' id='word_1_749' title='bbox 3605 4687 3632 4740; x_wconf 84' lang='lat'><strong>6</strong></span> <span class='ocrx_word' id='word_1_750' title='bbox 3663 4679 3790 4756; x_wconf 72' lang='grc' dir='ltr'>μηδὲ</span> 
     </span>
    </p>
   </div>
   <div class='ocr_carea' id='block_1_109' title="bbox 2163 4774 3788 4854">
    <p class='ocr_par' dir='ltr' id='par_1_109' title="bbox 2163 4774 3788 4854">
     <span class='ocr_line' id='line_1_109' title="bbox 2163 4774 3788 4854; baseline -0.006 -14"><span class='ocrx_word' id='word_1_751' title='bbox 2163 4788 2260 4840; x_wconf 78' lang='grc' dir='ltr'><strong>τοῦ</strong></span> <span class='ocrx_word' id='word_1_752' title='bbox 2294 4783 2452 4840; x_wconf 79' lang='grc' dir='ltr'>λῦσαι</span> <span class='ocrx_word' id='word_1_753' title='bbox 2481 4783 2573 4838; x_wconf 87' lang='grc' dir='ltr'><strong>τὸν</strong></span> <span class='ocrx_word' id='word_1_754' title='bbox 2623 4781 2824 4854; x_wconf 80' lang='grc' dir='ltr'>ἱμάντα</span> <span class='ocrx_word' id='word_1_755' title='bbox 2865 4783 2962 4835; x_wconf 71' lang='grc' dir='ltr'><strong>τοῦ</strong></span> <span class='ocrx_word' id='word_1_756' title='bbox 3008 4774 3364 4850; x_wconf 76' lang='grc' dir='ltr'>ὑποδήματός</span> <span class='ocrx_word' id='word_1_757' title='bbox 3413 4796 3508 4830; x_wconf 91' lang='grc' dir='ltr'><strong>σου</strong></span> <span class='ocrx_word' id='word_1_758' title='bbox 3555 4774 3788 4842; x_wconf 74' lang='grc' dir='ltr'>ἐπάξιοςζ</span> 
     </span>
    </p>
   </div>
   <div class='ocr_carea' id='block_1_110' title="bbox 2164 4859 3788 4950">
    <p class='ocr_par' dir='ltr' id='par_1_110' title="bbox 2164 4859 3788 4950">
     <span class='ocr_line' id='line_1_110' title="bbox 2164 4859 3788 4950; baseline -0.01 -22"><span class='ocrx_word' id='word_1_759' title='bbox 2164 4869 2273 4928; x_wconf 81' lang='grc' dir='ltr'>’Ίδε</span> <span class='ocrx_word' id='word_1_760' title='bbox 2322 4872 2825 4950; x_wconf 73' lang='grc' dir='ltr'>ταπεινοφροσύνης</span> <span class='ocrx_word' id='word_1_761' title='bbox 2882 4868 3224 4940; x_wconf 77' lang='grc' dir='ltr'>θεομιμήτου</span> <span class='ocrx_word' id='word_1_762' title='bbox 3273 4861 3570 4936; x_wconf 79' lang='grc' dir='ltr'>ἲδιώματα.</span> <span class='ocrx_word' id='word_1_763' title='bbox 3612 4863 3704 4930; x_wconf 75' lang='grc' dir='ltr'><strong>Σὺ,</strong></span> <span class='ocrx_word' id='word_1_764' title='bbox 3748 4859 3788 4911; x_wconf 82' lang='grc' dir='ltr'>ὦ</span> 
     </span>
    </p>
   </div>
   <div class='ocr_carea' id='block_1_111' title="bbox 2169 4951 3789 5039">
    <p class='ocr_par' dir='ltr' id='par_1_111' title="bbox 2169 4951 3789 5039">
     <span class='ocr_line' id='line_1_111' title="bbox 2169 4951 3789 5039; baseline -0.007 -23"><span class='ocrx_word' id='word_1_765' title='bbox 2169 4962 2550 5034; x_wconf 69' lang='grc' dir='ltr'>μηκαριώτατε</span> <span class='ocrx_word' id='word_1_766' title='bbox 2580 4958 2882 5039; x_wconf 77' lang='grc' dir='ltr'>προπάτορ,</span> <span class='ocrx_word' id='word_1_767' title='bbox 2940 4957 3107 5032; x_wconf 76' lang='grc' dir='ltr'>μέγας</span> <span class='ocrx_word' id='word_1_768' title='bbox 3163 4953 3252 5010; x_wconf 86' lang='grc' dir='ltr'><strong>καὶ</strong></span> <span class='ocrx_word' id='word_1_769' title='bbox 3302 4951 3666 5026; x_wconf 83' lang='grc' dir='ltr'>λαλούμενος,</span> <span class='ocrx_word' id='word_1_770' title='bbox 3714 4966 3789 5039; x_wconf 46' lang='lat' dir='ltr'><strong>ut:</strong></span> 
     </span>
    </p>
   </div>
   <div class='ocr_carea' id='block_1_112' title="bbox 2163 5034 3786 5126">
    <p class='ocr_par' dir='ltr' id='par_1_112' title="bbox 2163 5034 3786 5126">
     <span class='ocr_line' id='line_1_112' title="bbox 2163 5034 3786 5126; baseline -0.009 -22"><span class='ocrx_word' id='word_1_771' title='bbox 2163 5048 2531 5126; x_wconf 87' lang='grc' dir='ltr'>γαλυνόμενός</span> <span class='ocrx_word' id='word_1_772' title='bbox 2581 5070 2639 5105; x_wconf 90' lang='grc' dir='ltr'><strong>τε</strong></span> <span class='ocrx_word' id='word_1_773' title='bbox 2686 5047 2779 5104; x_wconf 82' lang='grc' dir='ltr'><strong>καὶ</strong></span> <span class='ocrx_word' id='word_1_774' title='bbox 2837 5041 3217 5118; x_wconf 63' lang='grc' dir='ltr'>ἐπαινούμενος</span> <span class='ocrx_word' id='word_1_775' title='bbox 3273 5040 3544 5115; x_wconf 83' lang='grc' dir='ltr'>’Λνατολῇ</span> <span class='ocrx_word' id='word_1_776' title='bbox 3600 5060 3657 5096; x_wconf 90' lang='grc' dir='ltr'><strong>τε</strong></span> <span class='ocrx_word' id='word_1_777' title='bbox 3707 5034 3786 5090; x_wconf 74' lang='grc' dir='ltr'><strong>καὶ</strong></span> 
     </span>
    </p>
   </div>
   <div class='ocr_carea' id='block_1_113' title="bbox 2167 5123 3786 5213">
    <p class='ocr_par' dir='ltr' id='par_1_113' title="bbox 2167 5123 3786 5213">
     <span class='ocr_line' id='line_1_113' title="bbox 2167 5123 3786 5213; baseline -0.009 -20"><span class='ocrx_word' id='word_1_778' title='bbox 2167 5123 2320 5193; x_wconf 73' lang='grc' dir='ltr'>Ᾱύσει</span> <span class='ocrx_word' id='word_1_779' title='bbox 2350 5157 2364 5170; x_wconf 88' lang='grc'><strong>·</strong></span> <span class='ocrx_word' id='word_1_780' title='bbox 2399 5139 2426 5191; x_wconf 86' lang='grc' dir='ltr'>ὁ</span> <span class='ocrx_word' id='word_1_781' title='bbox 2454 5142 2552 5193; x_wconf 75' lang='grc' dir='ltr'><strong>τοῦ</strong></span> <span class='ocrx_word' id='word_1_782' title='bbox 2607 5137 2865 5213; x_wconf 88' lang='grc' dir='ltr'>μεγίστου</span> <span class='ocrx_word' id='word_1_783' title='bbox 2913 5130 3273 5200; x_wconf 82' lang='grc' dir='ltr'>Ἀποστόλου,</span> <span class='ocrx_word' id='word_1_784' title='bbox 3326 5123 3703 5206; x_wconf 78' lang='grc' dir='ltr'>εὐαγγελιποῦ</span> <span class='ocrx_word' id='word_1_785' title='bbox 3736 5141 3786 5213; x_wconf 70' lang='grc' dir='ltr'><strong>τε</strong></span> 
     </span>
    </p>
   </div>
   <div class='ocr_carea' id='block_1_114' title="bbox 2163 5212 3783 5300">
    <p class='ocr_par' dir='ltr' id='par_1_114' title="bbox 2163 5212 3783 5300">
     <span class='ocr_line' id='line_1_114' title="bbox 2163 5212 3783 5300; baseline -0.007 -19"><span class='ocrx_word' id='word_1_786' title='bbox 2163 5226 2254 5281; x_wconf 85' lang='grc' dir='ltr'>καὶ</span> <span class='ocrx_word' id='word_1_787' title='bbox 2311 5224 2572 5300; x_wconf 87' lang='grc' dir='ltr'>θεολόγου</span> <span class='ocrx_word' id='word_1_788' title='bbox 2611 5212 2902 5298; x_wconf 70' lang='grc' dir='ltr'>κοσμήσας</span> <span class='ocrx_word' id='word_1_789' title='bbox 2955 5222 3046 5277; x_wconf 85' lang='grc' dir='ltr'>τὸν</span> <span class='ocrx_word' id='word_1_790' title='bbox 3097 5220 3286 5292; x_wconf 88' lang='grc' dir='ltr'>θρόνον</span> <span class='ocrx_word' id='word_1_791' title='bbox 3350 5216 3564 5289; x_wconf 72' lang='grc' dir='ltr'>ἐπάξια,</span> <span class='ocrx_word' id='word_1_792' title='bbox 3610 5213 3676 5270; x_wconf 88' lang='grc' dir='ltr'><strong>δι’</strong></span> <span class='ocrx_word' id='word_1_793' title='bbox 3719 5212 3783 5300; x_wconf 78' lang='grc' dir='ltr'>ὧν</span> 
     </span>
    </p>
   </div>
   <div class='ocr_carea' id='block_1_115' title="bbox 2167 5299 3783 5384">
    <p class='ocr_par' dir='ltr' id='par_1_115' title="bbox 2167 5299 3783 5384">
     <span class='ocr_line' id='line_1_115' title="bbox 2167 5299 3783 5384; baseline -0.005 -16"><span class='ocrx_word' id='word_1_794' title='bbox 2167 5312 2436 5384; x_wconf 76' lang='grc' dir='ltr'>ἤθληκας,</span> <span class='ocrx_word' id='word_1_795' title='bbox 2492 5299 2586 5370; x_wconf 82' lang='grc' dir='ltr'><strong>καί</strong></span> <span class='ocrx_word' id='word_1_796' title='bbox 2633 5313 2713 5370; x_wconf 82' lang='grc' dir='ltr'>ἔτι</span> <span class='ocrx_word' id='word_1_797' title='bbox 2757 5309 2959 5378; x_wconf 84' lang='grc' dir='ltr'>ἀθλεῖς,</span> <span class='ocrx_word' id='word_1_798' title='bbox 3009 5309 3206 5383; x_wconf 74' lang='grc' dir='ltr'>α’ίμασι</span> <span class='ocrx_word' id='word_1_799' title='bbox 3257 5305 3454 5382; x_wconf 88' lang='grc' dir='ltr'>σαρκός</span> <span class='ocrx_word' id='word_1_800' title='bbox 3503 5325 3596 5360; x_wconf 90' lang='grc' dir='ltr'><strong>σου</strong></span> <span class='ocrx_word' id='word_1_801' title='bbox 3643 5299 3783 5375; x_wconf 74' lang='grc' dir='ltr'>ἁγίας</span> 
     </span>
    </p>
   </div>
   <div class='ocr_carea' id='block_1_116' title="bbox 2169 5387 3784 5480">
    <p class='ocr_par' dir='ltr' id='par_1_116' title="bbox 2169 5387 3784 5480">
     <span class='ocr_line' id='line_1_116' title="bbox 2169 5387 3784 5480; baseline -0.022 -6"><span class='ocrx_word' id='word_1_802' title='bbox 2169 5401 2488 5480; x_wconf 78' lang='grc' dir='ltr'>λαμπρύνας</span> <span class='ocrx_word' id='word_1_803' title='bbox 2539 5404 2632 5460; x_wconf 83' lang='grc' dir='ltr'>τὸν</span> <span class='ocrx_word' id='word_1_804' title='bbox 2681 5403 2824 5478; x_wconf 79' lang='grc' dir='ltr'>βίον,</span> <span class='ocrx_word' id='word_1_805' title='bbox 2865 5399 2954 5454; x_wconf 78' lang='grc' dir='ltr'><strong>καὶ</strong></span> <span class='ocrx_word' id='word_1_806' title='bbox 3001 5397 3236 5473; x_wconf 81' lang='grc' dir='ltr'>Χριστὸν</span> <span class='ocrx_word' id='word_1_807' title='bbox 3283 5393 3576 5470; x_wconf 82' lang='grc' dir='ltr'>ὁμολογῶν</span> <span class='ocrx_word' id='word_1_808' title='bbox 3616 5387 3784 5465; x_wconf 81' lang='grc' dir='ltr'>ἐγγρά-</span> 
     </span>
    </p>
   </div>
  </div>
