4062 6280
283 391 429 459 l241

1534 399 2097 464 EPISTOLARUM
2142 401 2287 464 LlB.
2335 400 2409 462 II.

3520 396 3676 461 1242

281 533 468 608 φεσθαι
502 530 574 593 ὡς
624 531 953 603 ἒνσώματον,
987 527 1112 585 ἀλλ’
1158 530 1285 607 οὐχὶ
1316 532 1391 594 ὡς
1432 533 1483 588 οἱ
1531 528 1740 597 ἀσεϐεῖς
1767 534 1915 610 έξαρυ

2030 536 2181 593 sicut
2220 536 2385 608 impii
2432 535 2670 603 faciunt,
2713 550 2953 607 negans,
2993 533 3226 606 quando
3269 534 3503 606 depingi
3541 551 3672 590 eum

285 637 585 691 νουμενος’
627 618 711 674 ἐπ’
758 618 817 674 ἃν
876 621 941 675 οὐ
993 617 1245 695 δέχονται
1293 621 1452 676 αὐτὸν
1502 622 1924 697 εἰκονιζὸμενον.

280 709 345 762 Ὅ
376 708 481 783 γὰρ
516 707 616 762 οὐκ
659 708 998 779 εἰκονίζεται,
1048 708 1171 764 οόδέ
1222 708 1560 783 ἐνσώματον.
1604 713 1712 767 Ἐῶ
1747 711 1924 789 λέγειν

281 798 470 873 ὅτιπερ
500 798 590 853 καὶ
632 795 864 874 ἅγγελος
916 798 986 854 ὢν
1038 800 1351 874 ἀσώματος,
1401 802 1682 871 αἰσθηταῖς
1732 802 1929 858 εἰκόσιν

293 887 397 943 ὑπὸ
426 892 533 943 τῶν
571 887 846 963 θεολόγων
900 889 1297 966 ἀναγράφεσθαι
1344 890 1728 966 παραδέδοται.
1756 894 1825 951 Οἱ
1872 891 1929 948 δὲ

280 977 373 1031 καὶ
402 977 493 1031 τὸν
524 976 832 1050 ένσώματον
867 976 1155 1050 δεσπότην,
1185 981 1273 1034 καὶ
1322 981 1412 1035 τὸν
1460 982 1746 1054 ἀσώματον
1797 980 1929 1036 δοῦ-

285 1065 409 1132 λον,
441 1065 661 1140 προσέτι
691 1066 780 1121 καὶ
819 1068 917 1138 τήν
950 1089 1006 1122 τε
1045 1072 1141 1124 τοῦ
1190 1074 1323 1124 Θεοῦ
1371 1070 1614 1143 Μητέρα,
1661 1073 1751 1126 σὺν
1796 1077 1928 1126 πᾶσι

284 1155 482 1229 Κυρίου
537 1156 883 1231 θεράπουσιν,
941 1161 1205 1232 ἤρνηνται
1252 1158 1628 1236 ἐγγεγράφθαι,
1689 1160 1777 1216 διὰ
1821 1167 1926 1217 τῶν

286 1244 510 1299 εἰκόνων
559 1242 843 1319 ἀριδήλως
904 1249 1395 1322 συναπαρνοῦμενοι
1451 1252 1518 1305 τὰ
1573 1253 1923 1325 πρωτὸτυπα.

281 1332 413 1391 Οὐδ’
446 1334 574 1390 αὐτὸ
605 1340 766 1391 τοῦτο
798 1335 1120 1407 έννοονντες,
1153 1338 1235 1395 ὅτι
1268 1345 1336 1415 τῇ
1369 1339 1661 1416 παραδοχῇ
1709 1345 1805 1395 τοῦ
1837 1344 1926 1396 0".-

280 1423 435 1478 κείου
467 1432 819 1498 χαρακτῆρος
848 1426 912 1481 τὸ
943 1434 1155 1502 κρατεῖν
1187 1425 1404 1505 ἔχουσιν
1431 1446 1445 1461 ο
1481 1430 1580 1485 οὐκ
1610 1429 1930 1508 ἀφαιρεθέν-

279 1528 374 1569 τος
413 1509 447 1579 ἦ
504 1511 918 1584 ἀτιμασθέντας,
968 1513 1246 1594 ἀφῄρηται
1278 1514 1535 1587 δηλονότι
1581 1517 1671 1572 καὶ
1720 1517 1930 1590 ἠτίμω-

277 1619 369 1653 ται
425 1600 600 1656 αὐτῶν
654 1601 715 1657 τὸ
773 1603 992 1676 κράτος.
1055 1604 1212 1662 Ἀλλ’
1271 1608 1423 1679 ὅμως
1492 1608 1555 1662 οὐ
1637 1606 1926 1682 βούλονται

278 1690 514 1746 συνιέναι
556 1689 652 1746 τοῦ
691 1692 967 1766 ἀγαθῦναι.
1015 1697 1273 1758 Ἐκείνοις
1323 1699 1415 1769 μὲν
1463 1697 1554 1751 οὖν
1605 1696 1681 1758 εἷς
1735 1696 1928 1768 κέντρα

282 1778 556 1849 λακτίζειν
615 1778 748 1839 ἔστι.
808 1784 877 1838 Σὲ
934 1780 992 1839 δὲ
1020 1787 1054 1853 ἡ
1087 1787 1320 1860 κραταιά
1362 1787 1488 1864 χεὶρ
1516 1785 1925 1862 περιφυλάξειεν

275 1868 352 1930 εἰς
407 1868 568 1933 κλέος
620 1878 722 1941 τῆς
780 1874 970 1928 ἑαυτοῦ
1031 1874 1378 1945 Ἐκκλησίας,
1441 1876 1515 1938 ὡς
1581 1874 1796 1945 στύλον,
1850 1877 1923 1937 ὡς

2035 643 2148 681 non
2171 627 2509 681 admittunt.
2533 625 2689 688 Quod
2716 627 2871 681 enim
2892 641 3004 680 non
3029 624 3374 695 exprimitur
3396 624 3673 697 imagine,

2033 733 2139 773 nec
2168 732 2505 786 corporeum
2539 716 2776 787 quidem
2808 720 2913 770 est.
2948 714 3116 771 Mitto
3146 714 3339 770 dicere
3372 715 3528 786 quod
3552 732 3677 770 cum

2035 805 2272 876 angelus
2300 806 2675 878 incorporeus
2706 806 2801 872 sit,
2835 822 2934 877 per
2972 804 3278 860 sensibiles
3326 805 3613 876 imagines
3644 822 3678 860 a

2030 895 2314 969 theologis
2360 895 2601 963 exprimi
2655 895 2929 949 traditum
2980 899 3087 950 est.
3136 895 3201 949 Hi
3235 898 3429 949 autem
3463 912 3676 964 corpo-

2034 1001 2193 1042 reum
2242 986 2568 1053 Dominum,
2630 989 2687 1039 et
2729 985 3134 1057 incorpoerum
3186 983 3497 1053 famulum,
3548 984 3677 1045 Ma_

2036 1083 2295 1146 tremque
2339 1073 2435 1129 Dei
2467 1073 2707 1145 insuper
2742 1089 2876 1129 cum
2926 1072 3200 1128 omnibus
3233 1073 3465 1128 Domini
3500 1075 3677 1129 mini-

2034 1165 2173 1221 stris
2205 1165 2438 1237 depingi
2472 1169 2776 1236 negarunt,
2800 1181 2900 1235 per
2930 1164 3218 1236 imagines
3244 1162 3515 1220 videlicet
3548 1180 3674 1235 pro-

2032 1260 2229 1327 totypa
2267 1255 2394 1327 ipsa
2440 1253 2616 1310 simul
2649 1259 2948 1325 negantes.
2981 1254 3177 1325 Neque
3206 1254 3315 1309 hoc
3342 1253 3673 1326 intelligen-

2032 1348 2139 1409 tes,
2176 1359 2242 1398 ea
2288 1341 2530 1413 propriae
2572 1342 2766 1411 ﬁguras
2808 1345 2865 1396 et
2911 1341 3259 1396 characteris
3307 1342 3679 1411 susceptione

2032 1432 2147 1487 vim
2181 1447 2347 1487 suam
2379 1439 2432 1485 et
2461 1436 2676 1486 statum
2700 1431 2990 1485 obtinere:
3026 1446 3140 1501 quo
3180 1429 3431 1499 sublato,
3460 1430 3545 1483 vel
3578 1431 3681 1484 de-

2033 1522 2240 1577 decore
2269 1522 2491 1589 effecto,
2524 1520 2747 1576 tollitur
2776 1520 2975 1593 procul
3025 1520 3226 1585 dubio,
3286 1526 3344 1574 et
3399 1518 3679 1575 dedecore

2032 1609 2280 1664 afticitur
2318 1624 2518 1663 eorum
2568 1609 2655 1663 vis
2712 1610 2905 1663 omnis
2957 1613 3015 1662 et
3069 1606 3348 1678 dignitas.
3413 1609 3679 1660 Attamen

2035 1698 2352 1768 intelligere
2387 1698 2592 1753 nolunt
2643 1702 2708 1752 ut
2756 1697 2900 1752 bene
2952 1700 3148 1768 agant.
3194 1695 3315 1750 Illis
3356 1700 3550 1750 autem
3582 1694 3680 1750 ad-

2039 1805 2241 1843 versus
2298 1788 2604 1843 stimulum
2663 1786 2960 1841 calcitrare
3008 1786 3169 1841 libet.
3200 1786 3279 1841 Te
3311 1801 3442 1841 vero
3474 1789 3678 1856 potens

2039 1893 2249 1932 manus
2296 1877 2583 1932 custodiat
2631 1877 2700 1930 ad
2729 1874 2972 1945 gloriam
3016 1875 3284 1930 Ecclesia
3307 1890 3451 1943 sum,
3478 1878 3541 1929 ut
3580 1889 3677 1928 co-

274 1956 580 2033 ἑδραίωμα,
613 1962 687 2023 ὡς
718 1963 1033 2041 πρόμαχον.
1071 1964 1169 2019 Καὶ
1201 1962 1409 2038 ἴδωμέν
1453 1986 1510 2018 σε
1559 1966 1611 2019 οἱ
1656 1967 1919 2035 ταπεινοὶ,

2038 1964 2315 2030 lumnam,
2370 1970 2431 2019 ut
2487 1929 2952 2029 fundamentum,
3014 1967 3077 2017 ut
3129 1929 3677 2034 propugnaculum:

274 2046 311 2117 ἢ
343 2043 487 2102 ἔνθεν
550 2049 638 2105 ἐπὶ
694 2052 795 2120 τὴν
855 2052 1134 2108 Ἀσιάτιδα
1183 2055 1355 2128 χθόνα
1412 2052 1876 2129 ἓπαναστρέφοντα
1909 2073 1922 2088 ·

275 2137 353 2197 ὡς
385 2137 437 2191 οἱ
497 2136 668 2194 πάλαι
725 2139 833 2194 ἀπὸ
886 2147 986 2211 τῆς
1044 2141 1095 2196 ἐν
1147 2142 1355 2215 Πάτμῳ
1404 2142 1654 2219 φυλακῆς
1698 2143 1790 2198 τὸν
1830 2147 1927 2198 τοῦ

275 2225 616 2302 Εὐαγγελίου
643 2227 805 2297 ἥλιον
837 2249 851 2263 ο
886 2230 920 2299 ἢ
955 2230 1005 2284 έν
1037 2230 1288 2305 οὐρανοῖς
1318 2230 1499 2286 ἐπάνω
1541 2229 1666 2286 δέκα
1713 2229 1928 2286 πόλεων

277 2316 612 2391 ἱεραρχικῶς
648 2315 1031 2391 δοξαζόμενον.

564 2407 691 2463 MP'.
723 2439 792 2449 -
817 2406 1174 2481 Θαλελαίῳ
1203 2407 1427 2483 τέκνῳ.
1462 2412 1644 2486 [τκγ’.]

2035 2052 2454 2123 videamusque
2509 2057 2565 2106 te
2607 2051 2885 2116 humiles,
2943 2056 3045 2105 aut
3082 2050 3217 2106 inde
3268 2052 3327 2105 in
3367 2051 3679 2106 Asiaticum

2037 2147 2250 2198 terram
2291 2144 2653 2208 redeuntem,
2697 2141 2847 2196 sicut
2874 2140 2957 2195 illi
2989 2139 3125 2196 olim
3160 2157 3228 2196 ex
3259 2140 3441 2196 Patmi
3473 2149 3677 2195 custo—

2037 2233 2132 2286 dia
2175 2231 2355 2287 solem
2417 2229 2748 2301 Evangelii;
2780 2236 2878 2284 aut
2924 2229 2982 2283 in
3037 2229 3197 2285 cmlis
3247 2246 3423 2301 supra
3479 2230 3677 2286 decem

2038 2320 2291 2377 civitates
2323 2319 2371 2354 ‘3
2400 2318 2695 2391 pontiﬁcis
2724 2318 2903 2388 gloria
2933 2319 3286 2374 decoratum.

2493 2408 2659 2464 XLII.
2703 2438 2769 2450 —
2802 2406 3068 2463 Thaletem
3090 2407 3228 2477 ﬁlio.

273 2523 601 2587 Dogmatica.
662 2526 734 2575 De
773 2527 973 2576 sanctis
1037 2528 1384 2590 imaginibus.
1433 2530 1702 2579 Adversus
1748 2529 2059 2592 Gregorium
2115 2526 2548 2592 Adelphiensem,
2611 2526 2701 2588 qui
2768 2524 3137 2574 Iconomachis
3177 2523 3492 2575 adhaeserat.
3550 2526 3681 2575 Tum

1545 2591 1907 2655 Cbrysostomi
1929 2591 2075 2641 locus
2106 2591 2415 2653 explicatur.

346 2678 416 2731 Ἀ
449 2677 542 2749 μὲν
584 2677 673 2730 οὖν
726 2675 1000 2749 ἐσήμανας
1048 2676 1139 2733 διά
1172 2686 1272 2749 τῆς
1324 2678 1620 2749 ἐπιστολῆς
1672 2677 1926 2754 ἐπέγνων,

271 2765 460 2819 τέκνον
486 2784 499 2799 °
534 2765 566 2820 ἃ
595 2763 651 2820 δὲ
682 2767 786 2841 ἐγὼ
807 2767 1206 2842 ἀποκρινοῦμαί
1230 2790 1336 2839 σοι,
1366 2771 1534 2825 ταῦτά
1565 2769 1693 2826 ἐστι’
1726 2777 1811 2825 Στ
1832 2769 1925 2824 έλ-

276 2854 511 2909 λεσθαι
566 2857 739 2927 ἡμᾶς
788 2855 913 2911 ἀπὸ
966 2858 1212 2921 παντὸς
1262 2857 1554 2937 ἀδελφοῦ
1620 2861 1924 2921 ἀτάπτως

276 2947 840 3017 περιπατοῦντος,
874 2942 1238 3000 διακελεύεται
1288 2948 1316 3000 ὁ
1372 2948 1517 3020 ἱερὸς
1567 2947 1922 3009 Ἀπόστολος.

278 3039 404 3095 Πῶς
436 3032 526 3088 οὖν
558 3033 706 3109 λέγει
760 3036 1061 3110 Γρηγόριος
1112 3038 1138 3090 ὁ
1170 3041 1276 3090 τῶν
1336 3035 1662 3114 Ἀδελφίων,
1704 3038 1922 3114 ἀλόγως

280 3124 424 3195 ὑμᾶς
475 3121 632 3178 αὐτὸν
682 3125 1133 3199 ἀποστρέφεσθαι,
1166 3125 1327 3180 ὁπότε
1376 3125 1535 3187 αὐτὸς
1578 3127 1685 3201 οὐχ
1732 3126 1922 3189 ἁπλῶς

271 3211 551 3278 ἀτάκτως,
592 3210 911 3285 ὁλοτρὸπως
962 3210 1019 3268 δέ
1066 3216 1400 3292 συνππήχθη
1445 3221 1564 3277 τοῖς
1618 3216 1922 3289 Εἰκονομάο

2105 2682 2242 2746 Quae
2298 2678 2535 2749 quidem
2587 2694 2688 2749 per
2717 2677 2943 2733 litteras
2981 2676 3347 2748 signiﬁcasti,
3382 2676 3520 2745 haec,
3553 2676 3678 2742 ﬁlii,

2033 2768 2283 2839 perlegi:
2311 2783 2434 2839 quae
2471 2767 2726 2823 vicissim
2781 2766 2961 2821 habeo
2994 2766 3101 2822 tibi
3137 2766 3345 2832 dicere,
3378 2765 3497 2820 haec
3519 2774 3676 2821 sunt.

2035 2857 2284 2913 Sanctus
2324 2855 2637 2927 Apostolus
2697 2856 3046 2925 pracipit,ut
3082 2855 3468 2909 subtrahamus
3497 2871 3594 2910 nos
3614 2856 3681 2910 ab

2028 2949 2179 3004 omni
2202 2949 2380 3013 fratre
2411 2946 2729 3000 ambulante
2762 2946 3083 3000 inordinate
3124 2942 3187 2999 ‘9.
3219 2944 3516 3009 Quomodo
3547 2960 3680 3014 ergo

2027 3037 2168 3092 dicit
2215 3035 2532 3107 Gregorius
2579 3033 3012 3103 Adelpbiensis,
3056 3049 3155 3087 vos
3186 3033 3380 3102 ipsum
3422 3035 3675 3088 aversari

2027 3125 2155 3180 sine
2211 3140 2429 3180 causa:
2491 3124 2721 3194 quando
2754 3123 2876 3192 ipse
2922 3139 3036 3177 non
3070 3126 3294 3176 tantum
3346 3120 3676 3177 inordinate

2031 3213 2308 3281 ambulat,
2356 3213 2451 3268 sed
2496 3213 2566 3267 ad
2600 3211 2827 3267 eosdem
2853 3209 3021 3281 plane
3077 3226 3269 3266 mores
3300 3225 3431 3265 cum
3474 3210 3676 3265 Icono-

270 3320 426 3377 χοις,
474 3300 787 3375 ὒπογράψας
834 3307 903 3376 τῇ
954 3302 1174 3376 αἱρέσει,
1210 3304 1495 3358 συνεσθίων
1543 3326 1601 3359 τε
1648 3305 1737 3360 καὶ
1779 3327 1916 3377 συμ-

2033 3302 2254 3359 machis
2312 3302 2520 3356 abduci
2553 3317 2615 3356 se
2655 3317 2864 3371 passus
2893 3305 3002 3366 est,
3046 3299 3416 3355 subscribens
3443 3300 3672 3369 haeresi,

271 3389 450 3446 πίνων
500 3388 590 3444 καί
657 3393 1216 3471 συναναστρεφόμενος
1265 3393 1500 3463 αὐτοῖς;
1546 3392 1611 3450 Εἰ
1662 3392 1718 3448 δὲ
1767 3394 1917 3467 λέγοι

272 3480 752 3553 μετανενοηκέναι,
784 3483 873 3536 καί
896 3479 1141 3554 ἐπιτίμια
1171 3488 1385 3550 κρατεῖν
1421 3503 1433 3515 ·
1486 3480 1708 3552 δειξάτω
1756 3488 1917 3539 τοῦτο

269 3567 348 3623 δι’
399 3567 666 3645 ἐγγράφου
716 3568 1048 3647 ὁμολογίας,
1097 3572 1499 3644 ἀναθεματίζων
1548 3593 1606 3628 τε
1662 3573 1790 3635 τοὺς
1835 3574 1918 3627 αἱ-

268 3656 523 3734 ρετικοὺς
556 3658 646 3712 σὺν
697 3662 765 3730 τῇ
816 3660 1040 3731 αἱρέσει,
1072 3661 1163 3715 καὶ
1207 3658 1477 3736 μηδαμῶς
1523 3662 1920 3735 συναπτόμενος

266 3744 484 3807 αὐτοῖς.
516 3748 662 3808 Ἕως
709 3744 753 3801 δ’
805 3747 865 3802 ἂν
892 3753 1054 3803 τοῦτο
1095 3750 1159 3804 οὐ
1199 3753 1355 3823 ποιῇ,
1381 3750 1751 3823 ἀποτρόπαιος
1791 3752 1918 3820 ὑμῖν

266 3835 414 3890 ἔστω
442 3839 558 3896 τοῖς
592 3831 953 3914 φοϐουμένοις
984 3838 1075 3892 τὸν
1119 3838 1335 3912 Κύριον.
1372 3839 1575 3905 Δόλιος
1623 3842 1725 3914 γὰρ
1775 3839 1917 3895 ἐστιν

265 3925 327 3979 ἐν
381 3926 744 3998 προσποιήσει
801 3923 1130 4003 ἐπιστροφῆς
1201 3927 1570 4006 ὑφελκὸμενυς
1629 3931 1788 3998 ὑμᾶς,
1827 3930 1917 3985 καὶ

264 4012 619 4087 ὑποσπείρων
654 4013 851 4088 λόγους
894 4013 1216 4087 λοιμώδεις,
1239 4017 1314 4079 ὡς
1346 4016 1405 4071 ἐκ
1433 4019 1728 4091 προσώπου
1762 4019 1917 4087 δῆθεν

263 4108 382 4159 τῶν
440 4103 719 4162 ἐναντίων.
766 4106 919 4159 ’Ὀθεν
976 4104 1038 4160 σὺ
1098 4108 1171 4168 ὡς
1235 4106 1584 4182 ἀτελέστερος
1659 4109 1919 4184 ἐμπαρεῖς

260 4196 342 4266 τῇ
376 4190 605 4264 διαλέξει
637 4193 804 4249 αὐτοῦ
841 4194 1130 4268 ἡπόρηκας
1161 4196 1236 4258 εἷς
1275 4200 1436 4251 τοῦτο
1468 4197 1705 4254 κάκεῖνο.
1740 4198 1914 4269 Ἀλλ’,

266 4278 463 4352 ἐπειδὴ
513 4278 722 4356 ᾔτησας
769 4285 869 4353 τὴν
912 4283 1092 4353 λύσιν,
1144 4283 1320 4356 δέξαιο
1372 4291 1623 4350 συνετῶς.
1657 4289 1724 4342 Τὸ
1764 4286 1914 4362 εἷ’ρη-

261 4373 423 4429 κέναι
475 4374 567 4427 τὸν
623 4376 1008 4449 Χρυσόστομον
1066 4397 1079 4409 ·
1143 4400 1173 4428 ‹‹
1232 4378 1292 4433 Ὀ
1350 4376 1614 4452 ἡμέτερος
1684 4379 1915 4454 Χριστὸς

259 4461 488 4535 τοίχοις
521 4462 582 4517 οὐ
624 4463 1011 4541 περιγράφεται
1045 4483 1058 4497 ’
1096 4489 1124 4517 ››
1169 4468 1579 4540 ὲγκωμιάζοντα
1616 4468 1708 4522 τὸν
1759 4470 1911 4545 ἅγιον

258 4549 551 4622 Ῥωμανόν
587 4568 599 4582 ⁸
636 4552 744 4626 οὐχ
774 4551 965 4615 ἁπλῶς
999 4549 1357 4627 ἐκλαμϐάνειν
1389 4551 1490 4626 δεῖ,
1520 4554 1669 4610 άλλά
1718 4562 1915 4630 γνῶναι

256 4638 376 4695 τίνι
423 4636 811 4713 διαλεγόμενος
862 4641 1073 4716 εἴρηκεν
1106 4663 1118 4675 '

262 4729 689 4802 παρατηρητέον
743 4731 834 4785 καὶ
885 4732 1108 4805 χρόνον,
1158 4735 1248 4787 καὶ
1300 4734 1616 4807 πρόσωπον,
1648 4735 1737 4789 καὶ
1791 4736 1915 4810 τρό-

264 4838 399 4873 πον.
434 4818 661 4891 Χρὸσον,
696 4816 783 4873 διὰ
813 4820 875 4873 τὸ
909 4842 983 4892 μη
1025 4821 1089 4876 τὰ
1133 4821 1266 4877 αὐτὰ
1305 4825 1763 4895 νενομοθετῆσθαι
1795 4829 1912 4887 τοῖς

261 4902 441 4959 πάλαι
470 4904 605 4978 πρὸς
634 4904 761 4968 τοὺς
795 4906 846 4961 ἐν
887 4912 956 4982 τῇ
1009 4910 1218 4982 χάριτι.
1280 4911 1604 4985 Πρόσωπον,
1635 4911 1716 4965 ὅτι
1771 4912 1912 4968 ἄλλο

260 4993 558 5066 αἱρετικὸν,
587 4993 675 5048 καὶ
711 4992 894 5069 ἓτερον
950 4995 1264 5070 ὀρθοδὸξου.
1317 5000 1558 5073 Τρόπον,
1608 4998 1792 5070 ἐπειδὴ
1846 5003 1911 5057 οὐ

256 5081 456 5138 ταυτόν
499 5081 610 5138 ἐστι
670 5081 1017 5162 δογματίκῶς
1079 5084 1445 5160 διαλέγεσθαι,
1478 5089 1567 5143 καὶ
1628 5089 1914 5145 ἁπλοϊκώ-

255 5192 416 5246 τερον
473 5173 774 5246 προτείνειν
832 5176 924 5230 τὸν
985 5174 1169 5231 λόνον.
1230 5175 1345 5230 Τίνι
1405 5175 1497 5231 οὖν
1547 5175 1911 5235 διελέλεκτοὸ

256 5262 700 5335 Χρυσὸστομος;
753 5262 855 5337 ἆρά
918 5284 979 5338 γε
1039 5260 1314 5337 ὀρθοδόξῳ
1365 5264 1759 5336 ἆναστηλοῦντι
1809 5271 1907 5337 τὴν

256 5350 441 5406 εἰκόνα
460 5354 703 5425 Χριστοῦ
729 5370 741 5420 ;
777 5348 1031 5423 οὒδαμῶς
1056 5372 1069 5385 ⁸
1099 5350 1247 5407 ἀλλά
1274 5374 1381 5407 τινι
1409 5353 1649 5424 ’Έλληνι
1684 5375 1698 5389 ο
1733 5358 1789 5419 ὃς
1814 5359 1911 5425 τήν

254 5440 475 5495 πάντων
537 5439 928 5514 ὑπερκειμένην
992 5439 1187 5509 αἰτίαν,
1245 5440 1337 5496 καὶ
1408 5441 1470 5496 ἐκ
1525 5447 1631 5497 τῶν
1686 5444 1739 5499 έν
1794 5452 1911 5508 τοῖς

257 5528 407 5582 οὖσιν
435 5526 683 5603 ἐσχάτων
736 5529 1149 5606 χαρακτηρίζει,
1199 5531 1273 5593 ὥς
1329 5552 1490 5605 φησιν
1522 5534 1549 5588 ὁ
1594 5535 1741 5595 θεῖος
1781 5543 1909 5589 Διο-

256 5617 443 5679 νύσιος
480 5634 493 5647 ⁸
523 5617 613 5672 καὶ
644 5614 799 5673 οὐδὲν
847 5618 1016 5689 αὐτὴν
1052 5619 1332 5694 ὑπερέχειν
1380 5622 1514 5701 φησὶ
1561 5626 1667 5677 τῶν
1730 5621 1905 5678 πλατ-

345 5744 389 5783 ιδ
421 5744 537 5803 Luc
564 5763 680 5819 xxx,
715 5747 803 5818 19,
848 5748 935 5806 17.
1014 5750 1060 5786 ¹⁹
1086 5747 1129 5804 ll
1160 5747 1363 5806 Thess.
1386 5764 1473 5820 ιιι,
1502 5751 1556 5807 6.

2027 3408 2158 3449 cum
2220 3392 2363 3462 ipsis
2419 3392 2571 3460 cibo,
2605 3394 2764 3462 potu,
2811 3388 3233 3445 consuetudine
3280 3390 3669 3459 conjunctae!

2028 3480 2187 3546 Quod
2221 3482 2268 3535 si
2321 3479 2529 3535 dixerit
2588 3477 2899 3550 resipuisse
2956 3493 3032 3543 se,
3076 3494 3141 3533 ac
3198 3476 3389 3533 delicti
3439 3495 3671 3550 pmnam

2028 3570 2356 3635 exsolvere;
2389 3569 2497 3623 hoc
2547 3568 2671 3639 ipsa
2724 3567 3055 3638 subscripta
3085 3566 3450 3623 confessione
3492 3568 3671 3637 signi-

2028 3659 2179 3727 ﬁcet,
2215 3659 2515 3714 haereticos
2547 3674 2678 3713 cum
2713 3657 2919 3713 haeresi
2954 3657 3481 3724 anathematizans,
3510 3659 3670 3713 omni

2028 3766 2162 3804 cum
2220 3750 2362 3820 ipsis
2392 3748 2658 3804 amicitias
2702 3748 3111 3817 conjunctione
3144 3748 3402 3817 praecisa.
3454 3750 3513 3802 Id
3540 3764 3671 3803 vero

2028 3841 2210 3895 donec
2240 3839 2509 3902 effecerit,
2544 3839 2622 3893 sit
2646 3838 2743 3893 ille
2763 3838 3296 3893 detestabilisvobis
3327 3839 3424 3908 qui
3458 3838 3672 3893 timetis

2029 3930 2362 3985 Dominum.
2399 3928 2583 3984 Nectit
2612 3929 2769 3983 enim
2804 3928 2990 3993 dolos,
3020 3928 3159 3982 dum
3203 3927 3666 3998 resipiscentiam

2026 4017 2281 4085 simulat,
2310 4017 2578 4073 irretiens
2611 4033 2732 4084 vos,
2769 4021 2821 4071 et
2854 4016 3159 4086 pestiferos
3189 4015 3409 4071 occulte
3448 4032 3667 4071 sermo-

2028 4123 2132 4163 nes
2178 4123 2392 4173 serens,
2450 4112 2731 4175 tanquam
2772 4121 2841 4160 ex
2872 4121 3119 4177 persona
3167 4105 3428 4160 videlicet
3459 4106 3669 4161 adver-

2027 4196 3203 4271 sariorum.Undetu,utpoteimbecillior,
3236 4196 3667 4255 illiusoratione

2026 4288 2221 4354 laesus,
2270 4289 2422 4343 circa
2479 4287 2587 4343 hoc
2617 4292 2676 4343 et
2724 4286 2869 4342 illud
2921 4286 3131 4343 haesisti
3189 4287 3369 4342 animi
3433 4288 3664 4342 dubius.

2026 4378 2137 4433 Sed
2171 4378 2639 4449 quandoquidem
2694 4375 3041 4431 solutionem
3083 4375 3415 4431 sciscitatus
3437 4393 3517 4443 es,
3573 4394 3667 4432 so-

2025 4465 2196 4522 lerter
2227 4466 2440 4537 accipe.
2492 4466 2650 4531 Quod
2682 4465 3132 4537 Chrysostomus
3171 4465 3337 4532 dixit,
3369 4466 3430 4520 in
3462 4465 3666 4521 lauda-

2024 4556 2180 4611 tione
2210 4557 2394 4612 sancti
2419 4554 2682 4621 Romani,
2731 4576 2757 4604 «
2787 4553 3058 4610 Christus
3107 4560 3304 4609 noster
3344 4555 3666 4622 parietibus

1173 4642 1360 4712 ἐπειδὴ
1407 4643 1459 4699 ἐν
1498 4649 1617 4707 ταῖς
1652 4644 1914 4714 amissam
1948 4661 1993 4723 D
2027 4662 2138 4700 non
2181 4646 2679 4701 circumscribitur
2710 4644 2773 4704 9°,
2800 4665 2827 4693 »
2879 4659 2995 4699 non
3027 4648 3113 4698 est
3142 4643 3490 4714 simpliciter
3509 4643 3669 4699 acci-

2026 4735 2302 4805 piendum
2330 4735 2460 4789 :sed
2477 4732 2891 4804 explorandum
2917 4748 3089 4803 quem
3123 4738 3252 4787 tum
3272 4732 3666 4803 alloqueretur

2022 4840 2154 4880 cum
2208 4825 2326 4879 haec
2385 4824 2630 4879 diceret:
2680 4822 3142 4893 quandoquidem
3198 4823 3256 4876 in
3316 4823 3667 4879 sermocina-

2020 4913 2176 4968 tione
2198 4913 2485 4968 observari
2522 4928 2758 4968 necesse
2785 4916 2873 4967 est
2898 4918 2955 4966 et
2987 4919 3237 4981 tempus,
3271 4919 3326 4967 et
3358 4929 3663 4982 personam

2021 5012 2074 5058 et
2132 5003 2390 5057 modum.
2451 5002 2731 5073 Tempus,
2791 5001 2944 5071 quod
2982 5016 3094 5055 non
3128 5000 3328 5055 eadem
3384 5006 3666 5072 praecepta

2020 5092 2305 5147 veteribus
2337 5094 2569 5161 dantur,
2596 5097 2766 5162 atque
2786 5090 2860 5145 iis
2887 5091 2986 5160 qui
3009 5093 3149 5144 sunt
3168 5090 3278 5144 sub
3299 5089 3418 5159 lege
3436 5092 3664 5161 gratiis.

2021 5180 2354 5245 Personam,
2388 5182 2539 5252 quod
2592 5178 2705 5233 alia
2745 5179 2821 5233 sit
2876 5177 3154 5246 haeretici,
3187 5177 3492 5233 orthodoxi
3526 5179 3660 5235 alia.

2022 5270 2275 5332 Modum,
2317 5268 2789 5340 quandoquidem
2823 5265 2979 5321 aliud
3014 5271 3104 5321 est
3129 5266 3457 5337 dogmatice
3479 5268 3663 5325 disse-

2019 5374 2165 5428 rere,
2198 5358 2353 5413 aliud
2388 5358 2743 5428 simpliciore
2766 5356 2864 5411 ﬁlo
2896 5355 3211 5411 orationem
3238 5360 3445 5411 texere.
3480 5357 3657 5419 Quem

2016 5446 2191 5515 igitur
2208 5447 2659 5519 Chrysostomus
2687 5450 2775 5502 est
2805 5446 3089 5502 allocutus
3112 5444 3139 5499 ?
3170 5447 3252 5499 An
3277 5445 3659 5502 orthodoxum

2018 5537 2116 5608 qui
2150 5536 2375 5593 Christo
2423 5538 2740 5610 imaginem
2788 5537 3039 5592 statuit?
3074 5535 3343 5603 Minime;
3378 5538 3479 5591 sed
3520 5554 3656 5604 gen-

2014 5626 2177 5681 tilem
2217 5626 2575 5697 quempiam,
2628 5625 2729 5695 qui
2797 5640 3130 5695 supremam
3171 5638 3362 5679 rerum
3395 5623 3657 5678 omnium

1635 5750 1682 5787 ²⁰
1709 5750 1875 5809 Hom.
1901 5750 1989 5821 il,
2017 5752 2087 5809 de
2115 5751 2173 5807 S.
2206 5753 2487 5807 Romano.
