  <div class='ocr_page' id='page_1' title='image "/cluster/home/n/w/nwhite01/storage/ocr_20150623/99/mdp.39015005675577/627.png"; bbox 0 0 4062 6280; ppageno 0'>
   <div class='ocr_carea' id='block_1_1' title="bbox 467 378 623 444">
    <p class='ocr_par' dir='ltr' id='par_1_1' title="bbox 467 378 623 444">
     <span class='ocr_line' id='line_1_1' title="bbox 467 378 623 444; baseline 0 -2"><span class='ocrx_word' id='word_1_1' title='bbox 467 378 623 444; x_wconf 69' lang='grc'>1243</span> 
     </span>
    </p>
   </div>
   <div class='ocr_carea' id='block_1_2' title="bbox 1713 372 2637 440">
    <p class='ocr_par' dir='ltr' id='par_1_2' title="bbox 1713 372 2637 440">
     <span class='ocr_line' id='line_1_2' title="bbox 1713 372 2637 440; baseline -0.006 0"><span class='ocrx_word' id='word_1_2' title='bbox 1713 380 1778 440; x_wconf 91' lang='lat' dir='ltr'>S.</span> <span class='ocrx_word' id='word_1_3' title='bbox 1827 375 2234 438; x_wconf 81' lang='lat' dir='ltr'>THEODORI</span> <span class='ocrx_word' id='word_1_4' title='bbox 2275 372 2637 438; x_wconf 69' lang='lat' dir='ltr'>STUDITIE</span> 
     </span>
    </p>
   </div>
   <div class='ocr_carea' id='block_1_3' title="bbox 3701 379 3831 438">
    <p class='ocr_par' dir='ltr' id='par_1_3' title="bbox 3701 379 3831 438">
     <span class='ocr_line' id='line_1_3' title="bbox 3701 379 3831 438; baseline 0 0"><span class='ocrx_word' id='word_1_5' title='bbox 3701 379 3831 438; x_wconf 72' lang='lat' dir='ltr'>12M</span> 
     </span>
    </p>
   </div>
   <div class='ocr_carea' id='block_1_4' title="bbox 463 505 2108 586">
    <p class='ocr_par' dir='ltr' id='par_1_4' title="bbox 463 512 2106 585">
     <span class='ocr_line' id='line_1_4' title="bbox 463 512 2106 585; baseline -0.004 -12"><span class='ocrx_word' id='word_1_6' title='bbox 463 531 703 578; x_wconf 86' lang='lat' dir='ltr'>causam</span> <span class='ocrx_word' id='word_1_7' title='bbox 739 517 811 572; x_wconf 90' lang='lat' dir='ltr'>ad</span> <span class='ocrx_word' id='word_1_8' title='bbox 843 516 1088 571; x_wconf 87' lang='lat' dir='ltr'>formam</span> <span class='ocrx_word' id='word_1_9' title='bbox 1118 513 1536 570; x_wconf 88' lang='lat' dir='ltr'>vilissimarum</span> <span class='ocrx_word' id='word_1_10' title='bbox 1571 529 1697 585; x_wconf 76' lang='lat' dir='ltr'>quae</span> <span class='ocrx_word' id='word_1_11' title='bbox 1712 512 1944 584; x_wconf 88' lang='lat' dir='ltr'>quidem</span> <span class='ocrx_word' id='word_1_12' title='bbox 1960 512 2106 566; x_wconf 88' lang='lat' dir='ltr'>exsi-</span> 
     </span>
    </p>
   </div>
   <div class='ocr_carea' id='block_1_5' title="bbox 2218 505 3834 586">
    <p class='ocr_par' dir='ltr' id='par_1_5' title="bbox 2218 505 3834 586">
     <span class='ocr_line' id='line_1_5' title="bbox 2218 505 3834 586; baseline 0.004 -25"><span class='ocrx_word' id='word_1_13' title='bbox 2218 505 2460 580; x_wconf 80' lang='grc' dir='ltr'>τομένων</span> <span class='ocrx_word' id='word_1_14' title='bbox 2518 505 2665 578; x_wconf 83' lang='grc' dir='ltr'>αὖτῷ</span> <span class='ocrx_word' id='word_1_15' title='bbox 2722 506 2890 562; x_wconf 81' lang='grc' dir='ltr'>ἀθέων</span> <span class='ocrx_word' id='word_1_16' title='bbox 2947 505 3036 563; x_wconf 77' lang='grc' dir='ltr'>καὶ</span> <span class='ocrx_word' id='word_1_17' title='bbox 3081 505 3388 563; x_wconf 74' lang='grc' dir='ltr'>πολυειδῶν</span> <span class='ocrx_word' id='word_1_18' title='bbox 3449 511 3834 586; x_wconf 69' lang='grc' dir='ltr'>μορφωμὰτων.</span> 
     </span>
    </p>
   </div>
   <div class='ocr_carea' id='block_1_6' title="bbox 464 602 2116 678">
    <p class='ocr_par' dir='ltr' id='par_1_6' title="bbox 464 602 2116 678">
     <span class='ocr_line' id='line_1_6' title="bbox 464 602 2116 678; baseline -0.004 -16"><span class='ocrx_word' id='word_1_19' title='bbox 464 611 643 673; x_wconf 82' lang='lat' dir='ltr'><strong>stant,</strong></span> <span class='ocrx_word' id='word_1_20' title='bbox 689 605 977 678; x_wconf 80' lang='lat' dir='ltr'>depingit,</span> <span class='ocrx_word' id='word_1_21' title='bbox 1011 609 1075 662; x_wconf 88' lang='lat' dir='ltr'>ut</span> <span class='ocrx_word' id='word_1_22' title='bbox 1119 605 1201 660; x_wconf 88' lang='lat' dir='ltr'>ait</span> <span class='ocrx_word' id='word_1_23' title='bbox 1247 605 1479 659; x_wconf 87' lang='lat' dir='ltr'>divinus</span> <span class='ocrx_word' id='word_1_24' title='bbox 1537 602 1890 673; x_wconf 78' lang='lat' dir='ltr'>Dionysius:</span> <span class='ocrx_word' id='word_1_25' title='bbox 1925 617 2116 672; x_wconf 88' lang='lat' dir='ltr'>neque</span> 
     </span>
    </p>
   </div>
   <div class='ocr_carea' id='block_1_7' title="bbox 463 691 2112 767">
    <p class='ocr_par' dir='ltr' id='par_1_7' title="bbox 463 691 2112 767">
     <span class='ocr_line' id='line_1_7' title="bbox 463 691 2112 767; baseline -0.004 -17"><span class='ocrx_word' id='word_1_26' title='bbox 463 696 651 767; x_wconf 88' lang='lat' dir='ltr'>ipsam</span> <span class='ocrx_word' id='word_1_27' title='bbox 685 701 847 766; x_wconf 84' lang='lat' dir='ltr'>putat</span> <span class='ocrx_word' id='word_1_28' title='bbox 879 694 995 750; x_wconf 89' lang='lat' dir='ltr'>ulla</span> <span class='ocrx_word' id='word_1_29' title='bbox 1027 710 1086 750; x_wconf 88' lang='lat' dir='ltr'>re</span> <span class='ocrx_word' id='word_1_30' title='bbox 1125 698 1395 766; x_wconf 63' lang='lat' dir='ltr'>praeters</span> <span class='ocrx_word' id='word_1_31' title='bbox 1437 693 1638 748; x_wconf 80' lang='lat' dir='ltr'>formis</span> <span class='ocrx_word' id='word_1_32' title='bbox 1670 692 1786 747; x_wconf 86' lang='lat' dir='ltr'>illis</span> <span class='ocrx_word' id='word_1_33' title='bbox 1818 691 2112 762; x_wconf 91' lang='lat' dir='ltr'>multipli-</span> 
     </span>
    </p>
   </div>
   <div class='ocr_carea' id='block_1_8' title="bbox 463 780 2115 854">
    <p class='ocr_par' dir='ltr' id='par_1_8' title="bbox 463 780 2115 854">
     <span class='ocr_line' id='line_1_8' title="bbox 463 780 2115 854; baseline -0.004 -14"><span class='ocrx_word' id='word_1_34' title='bbox 463 785 627 840; x_wconf 86' lang='lat' dir='ltr'>cibus</span> <span class='ocrx_word' id='word_1_35' title='bbox 656 801 721 839; x_wconf 90' lang='lat' dir='ltr'>ac</span> <span class='ocrx_word' id='word_1_36' title='bbox 751 783 1076 840; x_wconf 73' lang='lat' dir='ltr'>divinitatis</span> <span class='ocrx_word' id='word_1_37' title='bbox 1096 783 1432 854; x_wconf 77' lang='lat' dir='ltr'>expertibus</span> <span class='ocrx_word' id='word_1_38' title='bbox 1463 797 1610 853; x_wconf 90' lang='lat' dir='ltr'>quas</span> <span class='ocrx_word' id='word_1_39' title='bbox 1629 780 1728 836; x_wconf 90' lang='lat' dir='ltr'>illa</span> <span class='ocrx_word' id='word_1_40' title='bbox 1749 782 1927 838; x_wconf 84' lang='lat' dir='ltr'>ﬁnxit.</span> <span class='ocrx_word' id='word_1_41' title='bbox 1946 782 2115 852; x_wconf 79' lang='lat' dir='ltr'>Egre-</span> 
     </span>
    </p>
   </div>
   <div class='ocr_carea' id='block_1_9' title="bbox 460 870 2109 945">
    <p class='ocr_par' dir='ltr' id='par_1_9' title="bbox 460 870 2109 945">
     <span class='ocr_line' id='line_1_9' title="bbox 460 870 2109 945; baseline -0.002 -16"><span class='ocrx_word' id='word_1_42' title='bbox 460 873 549 945; x_wconf 85' lang='lat' dir='ltr'>gie</span> <span class='ocrx_word' id='word_1_43' title='bbox 594 874 773 944; x_wconf 78' lang='lat' dir='ltr'>igitur</span> <span class='ocrx_word' id='word_1_44' title='bbox 829 884 882 930; x_wconf 89' lang='lat' dir='ltr'>et</span> <span class='ocrx_word' id='word_1_45' title='bbox 937 873 1103 929; x_wconf 82' lang='lat' dir='ltr'>valde</span> <span class='ocrx_word' id='word_1_46' title='bbox 1134 873 1396 944; x_wconf 90' lang='lat' dir='ltr'>apposite</span> <span class='ocrx_word' id='word_1_47' title='bbox 1446 873 1614 927; x_wconf 88' lang='lat' dir='ltr'>Pater</span> <span class='ocrx_word' id='word_1_48' title='bbox 1674 870 2109 941; x_wconf 79' lang='lat' dir='ltr'>pronuntiavit:</span> 
     </span>
    </p>
   </div>
   <div class='ocr_carea' id='block_1_10' title="bbox 466 958 2108 1034">
    <p class='ocr_par' dir='ltr' id='par_1_10' title="bbox 466 958 2108 1034">
     <span class='ocr_line' id='line_1_10' title="bbox 466 958 2108 1034; baseline -0.003 -22"><span class='ocrx_word' id='word_1_49' title='bbox 466 982 493 1012; x_wconf 80' lang='grc' dir='ltr'><strong><em>σ</em></strong></span> <span class='ocrx_word' id='word_1_50' title='bbox 524 961 790 1017; x_wconf 88' lang='lat' dir='ltr'>Christus</span> <span class='ocrx_word' id='word_1_51' title='bbox 817 969 1012 1017; x_wconf 88' lang='lat' dir='ltr'>noster</span> <span class='ocrx_word' id='word_1_52' title='bbox 1039 961 1359 1034; x_wconf 88' lang='lat' dir='ltr'>parietibus</span> <span class='ocrx_word' id='word_1_53' title='bbox 1390 977 1504 1016; x_wconf 92' lang='lat' dir='ltr'>non</span> <span class='ocrx_word' id='word_1_54' title='bbox 1528 958 2058 1016; x_wconf 90' lang='lat' dir='ltr'>circumscribitur:</span> <span class='ocrx_word' id='word_1_55' title='bbox 2079 979 2108 1007; x_wconf 82' lang='lat'>»</span> 
     </span>
    </p>
   </div>
   <div class='ocr_carea' id='block_1_11' title="bbox 461 1047 2108 1122">
    <p class='ocr_par' dir='ltr' id='par_1_11' title="bbox 461 1047 2108 1122">
     <span class='ocr_line' id='line_1_11' title="bbox 461 1047 2108 1122; baseline -0.002 -16"><span class='ocrx_word' id='word_1_56' title='bbox 461 1050 1042 1122; x_wconf 89' lang='lat' dir='ltr'>subintelligsndum,</span> <span class='ocrx_word' id='word_1_57' title='bbox 1084 1051 1404 1106; x_wconf 90' lang='lat' dir='ltr'>secundum</span> <span class='ocrx_word' id='word_1_58' title='bbox 1443 1054 1716 1104; x_wconf 88' lang='lat' dir='ltr'>naturam</span> <span class='ocrx_word' id='word_1_59' title='bbox 1761 1047 2108 1116; x_wconf 81' lang='lat' dir='ltr'>divinitatis,</span> 
     </span>
    </p>
   </div>
   <div class='ocr_carea' id='block_1_12' title="bbox 465 1137 2110 1209">
    <p class='ocr_par' dir='ltr' id='par_1_12' title="bbox 465 1137 2110 1209">
     <span class='ocr_line' id='line_1_12' title="bbox 465 1137 2110 1209; baseline -0.001 -13"><span class='ocrx_word' id='word_1_60' title='bbox 465 1145 530 1196; x_wconf 90' lang='lat' dir='ltr'>ut</span> <span class='ocrx_word' id='word_1_61' title='bbox 578 1140 793 1197; x_wconf 85' lang='lat' dir='ltr'>ethnici</span> <span class='ocrx_word' id='word_1_62' title='bbox 843 1140 1003 1196; x_wconf 87' lang='lat' dir='ltr'>illius</span> <span class='ocrx_word' id='word_1_63' title='bbox 1049 1141 1151 1208; x_wconf 89' lang='lat' dir='ltr'>dii,</span> <span class='ocrx_word' id='word_1_64' title='bbox 1189 1140 1285 1206; x_wconf 87' lang='lat' dir='ltr'>qui</span> <span class='ocrx_word' id='word_1_65' title='bbox 1338 1140 1490 1194; x_wconf 86' lang='lat' dir='ltr'>intra</span> <span class='ocrx_word' id='word_1_66' title='bbox 1527 1139 1769 1209; x_wconf 82' lang='lat' dir='ltr'>parietes</span> <span class='ocrx_word' id='word_1_67' title='bbox 1799 1137 2020 1202; x_wconf 82' lang='lat' dir='ltr'>sedent,</span> <span class='ocrx_word' id='word_1_68' title='bbox 2045 1154 2110 1194; x_wconf 91' lang='lat' dir='ltr'>eo</span> 
     </span>
    </p>
   </div>
   <div class='ocr_carea' id='block_1_13' title="bbox 463 1226 2112 1301">
    <p class='ocr_par' dir='ltr' id='par_1_13' title="bbox 463 1226 2112 1301">
     <span class='ocr_line' id='line_1_13' title="bbox 463 1226 2112 1301; baseline -0.001 -17"><span class='ocrx_word' id='word_1_69' title='bbox 463 1231 647 1301; x_wconf 86' lang='lat' dir='ltr'>spatio</span> <span class='ocrx_word' id='word_1_70' title='bbox 676 1229 958 1298; x_wconf 86' lang='lat' dir='ltr'>conclusi,</span> <span class='ocrx_word' id='word_1_71' title='bbox 991 1247 1093 1286; x_wconf 89' lang='lat' dir='ltr'>nec</span> <span class='ocrx_word' id='word_1_72' title='bbox 1125 1230 1285 1285; x_wconf 85' lang='lat' dir='ltr'>aliud</span> <span class='ocrx_word' id='word_1_73' title='bbox 1315 1229 1529 1284; x_wconf 88' lang='lat' dir='ltr'>habent</span> <span class='ocrx_word' id='word_1_74' title='bbox 1575 1229 1724 1299; x_wconf 90' lang='lat' dir='ltr'>quod</span> <span class='ocrx_word' id='word_1_75' title='bbox 1756 1226 2112 1296; x_wconf 85' lang='lat' dir='ltr'>intelligatur</span> 
     </span>
    </p>
   </div>
   <div class='ocr_carea' id='block_1_14' title="bbox 463 1317 2109 1390">
    <p class='ocr_par' dir='ltr' id='par_1_14' title="bbox 463 1317 2109 1390">
     <span class='ocr_line' id='line_1_14' title="bbox 463 1317 2109 1390; baseline -0.003 -15"><span class='ocrx_word' id='word_1_76' title='bbox 463 1320 683 1388; x_wconf 89' lang='lat' dir='ltr'>animo,</span> <span class='ocrx_word' id='word_1_77' title='bbox 743 1336 923 1390; x_wconf 89' lang='lat' dir='ltr'>quam</span> <span class='ocrx_word' id='word_1_78' title='bbox 955 1319 1108 1387; x_wconf 89' lang='lat' dir='ltr'>quod</span> <span class='ocrx_word' id='word_1_79' title='bbox 1159 1321 1419 1375; x_wconf 89' lang='lat' dir='ltr'>cernitur</span> <span class='ocrx_word' id='word_1_80' title='bbox 1477 1317 1858 1373; x_wconf 85' lang='lat' dir='ltr'>intuentibus.</span> <span class='ocrx_word' id='word_1_81' title='bbox 1901 1317 2109 1372; x_wconf 89' lang='lat' dir='ltr'>Oculos</span> 
     </span>
    </p>
   </div>
   <div class='ocr_carea' id='block_1_15' title="bbox 463 1406 2110 1472">
    <p class='ocr_par' dir='ltr' id='par_1_15' title="bbox 463 1406 2110 1472">
     <span class='ocr_line' id='line_1_15' title="bbox 463 1406 2110 1472; baseline -0.001 -11"><span class='ocrx_word' id='word_1_82' title='bbox 463 1406 680 1462; x_wconf 78' lang='lat' dir='ltr'>habent</span> <span class='ocrx_word' id='word_1_83' title='bbox 736 1415 791 1463; x_wconf 93' lang='lat' dir='ltr'>et</span> <span class='ocrx_word' id='word_1_84' title='bbox 840 1424 952 1463; x_wconf 91' lang='lat' dir='ltr'>non</span> <span class='ocrx_word' id='word_1_85' title='bbox 983 1410 1213 1463; x_wconf 90' lang='lat' dir='ltr'>vident:</span> <span class='ocrx_word' id='word_1_86' title='bbox 1239 1423 1428 1472; x_wconf 88' lang='lat' dir='ltr'>aures,</span> <span class='ocrx_word' id='word_1_87' title='bbox 1452 1411 1508 1461; x_wconf 91' lang='lat' dir='ltr'>et</span> <span class='ocrx_word' id='word_1_88' title='bbox 1549 1423 1662 1461; x_wconf 91' lang='lat' dir='ltr'>non</span> <span class='ocrx_word' id='word_1_89' title='bbox 1696 1406 1968 1470; x_wconf 90' lang='lat' dir='ltr'>audiunt;</span> <span class='ocrx_word' id='word_1_90' title='bbox 1995 1422 2110 1460; x_wconf 86' lang='lat' dir='ltr'>ma-</span> 
     </span>
    </p>
   </div>
   <div class='ocr_carea' id='block_1_16' title="bbox 466 1493 2105 1567">
    <p class='ocr_par' dir='ltr' id='par_1_16' title="bbox 466 1493 2105 1567">
     <span class='ocr_line' id='line_1_16' title="bbox 466 1493 2105 1567; baseline -0.001 -17"><span class='ocrx_word' id='word_1_91' title='bbox 466 1512 598 1562; x_wconf 89' lang='lat' dir='ltr'>nus,</span> <span class='ocrx_word' id='word_1_92' title='bbox 631 1501 688 1552; x_wconf 90' lang='lat' dir='ltr'>et</span> <span class='ocrx_word' id='word_1_93' title='bbox 709 1513 823 1553; x_wconf 93' lang='lat' dir='ltr'>non</span> <span class='ocrx_word' id='word_1_94' title='bbox 840 1496 1116 1567; x_wconf 82' lang='lat' dir='ltr'>palpent:</span> <span class='ocrx_word' id='word_1_95' title='bbox 1145 1497 1406 1567; x_wconf 85' lang='lat' dir='ltr'>pedes.et</span> <span class='ocrx_word' id='word_1_96' title='bbox 1429 1512 1539 1550; x_wconf 91' lang='lat' dir='ltr'>non</span> <span class='ocrx_word' id='word_1_97' title='bbox 1564 1493 1864 1550; x_wconf 88' lang='lat' dir='ltr'>ambulant</span> <span class='ocrx_word' id='word_1_98' title='bbox 1886 1511 1899 1549; x_wconf 86' lang='lat'>:</span> <span class='ocrx_word' id='word_1_99' title='bbox 1919 1510 2105 1558; x_wconf 88' lang='lat' dir='ltr'>nares,</span> 
     </span>
    </p>
   </div>
   <div class='ocr_carea' id='block_1_17' title="bbox 466 1584 2107 1654">
    <p class='ocr_par' dir='ltr' id='par_1_17' title="bbox 466 1584 2107 1654">
     <span class='ocr_line' id='line_1_17' title="bbox 466 1584 2107 1654; baseline 0 -14"><span class='ocrx_word' id='word_1_100' title='bbox 466 1589 522 1640; x_wconf 89' lang='lat' dir='ltr'>et</span> <span class='ocrx_word' id='word_1_101' title='bbox 581 1602 694 1640; x_wconf 86' lang='lat' dir='ltr'>non</span> <span class='ocrx_word' id='word_1_102' title='bbox 746 1587 1022 1641; x_wconf 87' lang='lat' dir='ltr'>odorant:</span> <span class='ocrx_word' id='word_1_103' title='bbox 1057 1585 1208 1640; x_wconf 86' lang='lat' dir='ltr'>sicut</span> <span class='ocrx_word' id='word_1_104' title='bbox 1241 1602 1275 1640; x_wconf 86' lang='lat' dir='ltr'>a</span> <span class='ocrx_word' id='word_1_105' title='bbox 1303 1585 1586 1654; x_wconf 89' lang='lat' dir='ltr'>Propheta</span> <span class='ocrx_word' id='word_1_106' title='bbox 1639 1585 2018 1654; x_wconf 82' lang='lat' dir='ltr'>exprobratur</span> <span class='ocrx_word' id='word_1_107' title='bbox 2038 1584 2107 1640; x_wconf 67' lang='lat'>3‘.</span> 
     </span>
    </p>
   </div>
   <div class='ocr_carea' id='block_1_18' title="bbox 545 1674 2111 1742">
    <p class='ocr_par' dir='ltr' id='par_1_18' title="bbox 545 1674 2111 1742">
     <span class='ocr_line' id='line_1_18' title="bbox 545 1674 2111 1742; baseline -0.001 -13"><span class='ocrx_word' id='word_1_108' title='bbox 545 1677 618 1729; x_wconf 86' lang='lat' dir='ltr'>At</span> <span class='ocrx_word' id='word_1_109' title='bbox 653 1674 914 1730; x_wconf 89' lang='lat' dir='ltr'>Christus</span> <span class='ocrx_word' id='word_1_110' title='bbox 947 1680 1145 1730; x_wconf 87' lang='lat' dir='ltr'>noster</span> <span class='ocrx_word' id='word_1_111' title='bbox 1174 1690 1288 1729; x_wconf 90' lang='lat' dir='ltr'>non</span> <span class='ocrx_word' id='word_1_112' title='bbox 1310 1676 1629 1728; x_wconf 88' lang='lat' dir='ltr'>secundum</span> <span class='ocrx_word' id='word_1_113' title='bbox 1660 1682 1951 1728; x_wconf 88' lang='lat' dir='ltr'>externam</span> <span class='ocrx_word' id='word_1_114' title='bbox 1984 1689 2111 1742; x_wconf 88' lang='lat' dir='ltr'>spe-</span> 
     </span>
    </p>
   </div>
   <div class='ocr_carea' id='block_1_19' title="bbox 466 1761 2106 1834">
    <p class='ocr_par' dir='ltr' id='par_1_19' title="bbox 466 1761 2106 1834">
     <span class='ocr_line' id='line_1_19' title="bbox 466 1761 2106 1834; baseline -0.001 -15"><span class='ocrx_word' id='word_1_115' title='bbox 466 1763 614 1819; x_wconf 88' lang='lat' dir='ltr'>ciem</span> <span class='ocrx_word' id='word_1_116' title='bbox 657 1765 849 1830; x_wconf 91' lang='lat' dir='ltr'>modo,</span> <span class='ocrx_word' id='word_1_117' title='bbox 906 1768 995 1818; x_wconf 85' lang='lat' dir='ltr'>est</span> <span class='ocrx_word' id='word_1_118' title='bbox 1035 1763 1210 1818; x_wconf 92' lang='lat' dir='ltr'>homo</span> <span class='ocrx_word' id='word_1_119' title='bbox 1244 1764 1474 1834; x_wconf 88' lang='lat' dir='ltr'>proprie</span> <span class='ocrx_word' id='word_1_120' title='bbox 1521 1778 1587 1818; x_wconf 89' lang='lat' dir='ltr'>ao</span> <span class='ocrx_word' id='word_1_121' title='bbox 1621 1777 1766 1827; x_wconf 82' lang='lat' dir='ltr'>vere,</span> <span class='ocrx_word' id='word_1_122' title='bbox 1815 1761 2106 1832; x_wconf 85' lang='lat' dir='ltr'>siquidem</span> 
     </span>
    </p>
   </div>
   <div class='ocr_carea' id='block_1_20' title="bbox 467 1851 2106 1924">
    <p class='ocr_par' dir='ltr' id='par_1_20' title="bbox 467 1851 2106 1924">
     <span class='ocr_line' id='line_1_20' title="bbox 467 1851 2106 1924; baseline -0.001 -16"><span class='ocrx_word' id='word_1_123' title='bbox 467 1851 678 1908; x_wconf 87' lang='lat' dir='ltr'>similis</span> <span class='ocrx_word' id='word_1_124' title='bbox 731 1853 898 1908; x_wconf 89' lang='lat' dir='ltr'>nobis</span> <span class='ocrx_word' id='word_1_125' title='bbox 930 1868 1030 1924; x_wconf 88' lang='lat' dir='ltr'>per</span> <span class='ocrx_word' id='word_1_126' title='bbox 1062 1851 1260 1908; x_wconf 89' lang='lat' dir='ltr'>omnia</span> <span class='ocrx_word' id='word_1_127' title='bbox 1289 1851 1492 1919; x_wconf 86' lang='lat' dir='ltr'>audiit,</span> <span class='ocrx_word' id='word_1_128' title='bbox 1525 1856 1581 1906; x_wconf 89' lang='lat' dir='ltr'>et</span> <span class='ocrx_word' id='word_1_129' title='bbox 1605 1867 1862 1921; x_wconf 90' lang='lat' dir='ltr'>corpore,</span> <span class='ocrx_word' id='word_1_130' title='bbox 1895 1858 1952 1906; x_wconf 91' lang='lat' dir='ltr'>et</span> <span class='ocrx_word' id='word_1_131' title='bbox 1979 1852 2106 1906; x_wconf 87' lang='lat' dir='ltr'>ani-</span> 
     </span>
    </p>
   </div>
   <div class='ocr_carea' id='block_1_21' title="bbox 467 1941 2102 2012">
    <p class='ocr_par' dir='ltr' id='par_1_21' title="bbox 467 1941 2102 2012">
     <span class='ocr_line' id='line_1_21' title="bbox 467 1941 2102 2012; baseline -0.001 -17"><span class='ocrx_word' id='word_1_132' title='bbox 467 1957 585 2007; x_wconf 91' lang='lat' dir='ltr'>ma,</span> <span class='ocrx_word' id='word_1_133' title='bbox 609 1945 666 1996; x_wconf 90' lang='lat' dir='ltr'>et</span> <span class='ocrx_word' id='word_1_134' title='bbox 699 1952 878 2002; x_wconf 62' lang='lat' dir='ltr'>aetate,</span> <span class='ocrx_word' id='word_1_135' title='bbox 922 1945 979 1996; x_wconf 90' lang='lat' dir='ltr'>et</span> <span class='ocrx_word' id='word_1_136' title='bbox 1008 1941 1456 2012; x_wconf 88' lang='lat' dir='ltr'>quibuscunque</span> <span class='ocrx_word' id='word_1_137' title='bbox 1487 1941 1678 2009; x_wconf 85' lang='lat' dir='ltr'>rebus,</span> <span class='ocrx_word' id='word_1_138' title='bbox 1712 1957 1838 2011; x_wconf 71' lang='lat' dir='ltr'>quae</span> <span class='ocrx_word' id='word_1_139' title='bbox 1859 1955 1928 1995; x_wconf 87' lang='lat' dir='ltr'>ex</span> <span class='ocrx_word' id='word_1_140' title='bbox 1965 1955 2102 1995; x_wconf 90' lang='lat' dir='ltr'>con-</span> 
     </span>
    </p>
   </div>
   <div class='ocr_carea' id='block_1_22' title="bbox 466 2028 2104 2100">
    <p class='ocr_par' dir='ltr' id='par_1_22' title="bbox 466 2028 2104 2100">
     <span class='ocr_line' id='line_1_22' title="bbox 466 2028 2104 2100; baseline 0 -16"><span class='ocrx_word' id='word_1_141' title='bbox 466 2030 614 2085; x_wconf 85' lang='lat' dir='ltr'>fesso</span> <span class='ocrx_word' id='word_1_142' title='bbox 664 2030 929 2084; x_wconf 68' lang='lat' dir='ltr'>humanm</span> <span class='ocrx_word' id='word_1_143' title='bbox 977 2035 1196 2086; x_wconf 61' lang='lat' dir='ltr'>natura;</span> <span class='ocrx_word' id='word_1_144' title='bbox 1242 2035 1600 2100; x_wconf 89' lang='lat' dir='ltr'>competunt,</span> <span class='ocrx_word' id='word_1_145' title='bbox 1637 2032 1872 2100; x_wconf 85' lang='lat' dir='ltr'>dempto</span> <span class='ocrx_word' id='word_1_146' title='bbox 1912 2028 2104 2084; x_wconf 88' lang='lat' dir='ltr'>solum</span> 
     </span>
    </p>
   </div>
   <div class='ocr_carea' id='block_1_23' title="bbox 468 2120 2103 2193">
    <p class='ocr_par' dir='ltr' id='par_1_23' title="bbox 468 2120 2103 2193">
     <span class='ocr_line' id='line_1_23' title="bbox 468 2120 2103 2193; baseline -0.001 -17"><span class='ocrx_word' id='word_1_147' title='bbox 468 2126 740 2193; x_wconf 85' lang='lat' dir='ltr'>peccato:</span> <span class='ocrx_word' id='word_1_148' title='bbox 773 2121 872 2176; x_wconf 89' lang='lat' dir='ltr'>sed</span> <span class='ocrx_word' id='word_1_149' title='bbox 906 2125 963 2177; x_wconf 91' lang='lat' dir='ltr'>et</span> <span class='ocrx_word' id='word_1_150' title='bbox 989 2121 1143 2177; x_wconf 88' lang='lat' dir='ltr'>Deus</span> <span class='ocrx_word' id='word_1_151' title='bbox 1196 2131 1416 2176; x_wconf 74' lang='lat' dir='ltr'>naturae</span> <span class='ocrx_word' id='word_1_152' title='bbox 1457 2137 1522 2175; x_wconf 85' lang='lat' dir='ltr'>ac</span> <span class='ocrx_word' id='word_1_153' title='bbox 1563 2120 1826 2187; x_wconf 88' lang='lat' dir='ltr'>veritate,</span> <span class='ocrx_word' id='word_1_154' title='bbox 1867 2124 1924 2175; x_wconf 90' lang='lat' dir='ltr'>et</span> <span class='ocrx_word' id='word_1_155' title='bbox 1953 2120 2103 2175; x_wconf 88' lang='lat' dir='ltr'>idem</span> 
     </span>
    </p>
   </div>
   <div class='ocr_carea' id='block_1_24' title="bbox 468 2209 2100 2282">
    <p class='ocr_par' dir='ltr' id='par_1_24' title="bbox 468 2209 2100 2282">
     <span class='ocr_line' id='line_1_24' title="bbox 468 2209 2100 2282; baseline 0 -17"><span class='ocrx_word' id='word_1_156' title='bbox 468 2214 716 2280; x_wconf 89' lang='lat' dir='ltr'>utroque</span> <span class='ocrx_word' id='word_1_157' title='bbox 762 2217 1056 2266; x_wconf 86' lang='lat' dir='ltr'>constans.</span> <span class='ocrx_word' id='word_1_158' title='bbox 1116 2210 1376 2280; x_wconf 81' lang='lat' dir='ltr'>Exempli</span> <span class='ocrx_word' id='word_1_159' title='bbox 1433 2212 1622 2281; x_wconf 89' lang='lat' dir='ltr'>gratia</span> <span class='ocrx_word' id='word_1_160' title='bbox 1655 2209 1782 2265; x_wconf 91' lang='lat' dir='ltr'>dico</span> <span class='ocrx_word' id='word_1_161' title='bbox 1823 2209 2100 2282; x_wconf 82' lang='lat' dir='ltr'>quemad-</span> 
     </span>
    </p>
   </div>
   <div class='ocr_carea' id='block_1_25' title="bbox 467 2299 2106 2372">
    <p class='ocr_par' dir='ltr' id='par_1_25' title="bbox 467 2299 2106 2372">
     <span class='ocr_line' id='line_1_25' title="bbox 467 2299 2106 2372; baseline 0.001 -18"><span class='ocrx_word' id='word_1_162' title='bbox 467 2299 934 2360; x_wconf 71' lang='lat' dir='ltr'>modumalicubi</span> <span class='ocrx_word' id='word_1_163' title='bbox 958 2300 1111 2354; x_wconf 90' lang='lat' dir='ltr'>idem</span> <span class='ocrx_word' id='word_1_164' title='bbox 1137 2299 1855 2372; x_wconf 84' lang='lat' dir='ltr'>Chrysostomusloquitur</span> <span class='ocrx_word' id='word_1_165' title='bbox 1875 2316 1889 2355; x_wconf 88' lang='lat'><strong>:</strong></span> <span class='ocrx_word' id='word_1_166' title='bbox 1912 2301 2106 2356; x_wconf 79' lang='lat' dir='ltr'>«Infra</span> 
     </span>
    </p>
   </div>
   <div class='ocr_carea' id='block_1_26' title="bbox 467 2388 2100 2460">
    <p class='ocr_par' dir='ltr' id='par_1_26' title="bbox 467 2388 2100 2460">
     <span class='ocr_line' id='line_1_26' title="bbox 467 2388 2100 2460; baseline 0 -16"><span class='ocrx_word' id='word_1_167' title='bbox 467 2389 757 2460; x_wconf 88' lang='lat' dir='ltr'>fatigatur,</span> <span class='ocrx_word' id='word_1_168' title='bbox 794 2405 974 2459; x_wconf 88' lang='lat' dir='ltr'>supra</span> <span class='ocrx_word' id='word_1_169' title='bbox 1011 2393 1338 2445; x_wconf 76' lang='lat' dir='ltr'>commovet</span> <span class='ocrx_word' id='word_1_170' title='bbox 1366 2388 1688 2452; x_wconf 88' lang='lat' dir='ltr'>elementa;</span> <span class='ocrx_word' id='word_1_171' title='bbox 1727 2389 1876 2444; x_wconf 86' lang='lat' dir='ltr'>infra</span> <span class='ocrx_word' id='word_1_172' title='bbox 1904 2390 2100 2450; x_wconf 88' lang='lat' dir='ltr'>esurit,</span> 
     </span>
    </p>
   </div>
   <div class='ocr_carea' id='block_1_27' title="bbox 466 2477 2101 2547">
    <p class='ocr_par' dir='ltr' id='par_1_27' title="bbox 466 2477 2101 2547">
     <span class='ocr_line' id='line_1_27' title="bbox 466 2477 2101 2547; baseline -0.001 -14"><span class='ocrx_word' id='word_1_173' title='bbox 466 2492 644 2547; x_wconf 88' lang='lat' dir='ltr'>supra</span> <span class='ocrx_word' id='word_1_174' title='bbox 689 2477 905 2532; x_wconf 89' lang='lat' dir='ltr'>emittit</span> <span class='ocrx_word' id='word_1_175' title='bbox 950 2477 1191 2545; x_wconf 88' lang='lat' dir='ltr'>imbres;</span> <span class='ocrx_word' id='word_1_176' title='bbox 1252 2477 1404 2531; x_wconf 87' lang='lat' dir='ltr'>infra</span> <span class='ocrx_word' id='word_1_177' title='bbox 1462 2481 1648 2547; x_wconf 83' lang='lat' dir='ltr'>pavet,</span> <span class='ocrx_word' id='word_1_178' title='bbox 1693 2493 1870 2546; x_wconf 90' lang='lat' dir='ltr'>supra</span> <span class='ocrx_word' id='word_1_179' title='bbox 1899 2481 2101 2545; x_wconf 89' lang='lat' dir='ltr'>tonat;</span> 
     </span>
    </p>
   </div>
   <div class='ocr_carea' id='block_1_28' title="bbox 463 2564 2105 2637">
    <p class='ocr_par' dir='ltr' id='par_1_28' title="bbox 463 2564 2105 2637">
     <span class='ocr_line' id='line_1_28' title="bbox 463 2564 2105 2637; baseline 0 -17"><span class='ocrx_word' id='word_1_180' title='bbox 463 2565 614 2621; x_wconf 88' lang='lat' dir='ltr'>infra</span> <span class='ocrx_word' id='word_1_181' title='bbox 656 2581 850 2621; x_wconf 89' lang='lat' dir='ltr'>coram</span> <span class='ocrx_word' id='word_1_182' title='bbox 911 2564 1184 2622; x_wconf 89' lang='lat' dir='ltr'>tribunali</span> <span class='ocrx_word' id='word_1_183' title='bbox 1224 2573 1392 2632; x_wconf 87' lang='lat' dir='ltr'>astat,</span> <span class='ocrx_word' id='word_1_184' title='bbox 1425 2582 1602 2636; x_wconf 89' lang='lat' dir='ltr'>supra</span> <span class='ocrx_word' id='word_1_185' title='bbox 1659 2566 1935 2637; x_wconf 90' lang='lat' dir='ltr'>prospicit</span> <span class='ocrx_word' id='word_1_186' title='bbox 1966 2566 2105 2620; x_wconf 87' lang='lat' dir='ltr'>uni-</span> 
     </span>
    </p>
   </div>
   <div class='ocr_carea' id='block_1_29' title="bbox 463 2653 2107 2727">
    <p class='ocr_par' dir='ltr' id='par_1_29' title="bbox 463 2653 2107 2727">
     <span class='ocr_line' id='line_1_29' title="bbox 463 2653 2107 2727; baseline 0.001 -17"><span class='ocrx_word' id='word_1_187' title='bbox 463 2670 648 2710; x_wconf 83' lang='lat' dir='ltr'>versa.</span> <span class='ocrx_word' id='word_1_188' title='bbox 684 2676 712 2704; x_wconf 85' lang='lat'><strong>»</strong></span> <span class='ocrx_word' id='word_1_189' title='bbox 771 2655 985 2711; x_wconf 88' lang='lat' dir='ltr'>Eadem</span> <span class='ocrx_word' id='word_1_190' title='bbox 1020 2655 1199 2727; x_wconf 78' lang='lat' dir='ltr'>igitur</span> <span class='ocrx_word' id='word_1_191' title='bbox 1229 2655 1516 2710; x_wconf 87' lang='lat' dir='ltr'>sententia</span> <span class='ocrx_word' id='word_1_192' title='bbox 1545 2653 1817 2726; x_wconf 88' lang='lat' dir='ltr'>gentilem</span> <span class='ocrx_word' id='word_1_193' title='bbox 1842 2661 1932 2710; x_wconf 89' lang='lat' dir='ltr'>est</span> <span class='ocrx_word' id='word_1_194' title='bbox 1963 2655 2107 2712; x_wconf 89' lang='lat' dir='ltr'>allo-</span> 
     </span>
    </p>
   </div>
   <div class='ocr_carea' id='block_1_30' title="bbox 463 2743 2106 2815">
    <p class='ocr_par' dir='ltr' id='par_1_30' title="bbox 463 2743 2106 2815">
     <span class='ocr_line' id='line_1_30' title="bbox 463 2743 2106 2815; baseline 0.001 -15"><span class='ocrx_word' id='word_1_195' title='bbox 463 2749 727 2801; x_wconf 65' lang='lat' dir='ltr'>cutusza</span> <span class='ocrx_word' id='word_1_196' title='bbox 778 2745 1037 2802; x_wconf 91' lang='lat' dir='ltr'>Christus</span> <span class='ocrx_word' id='word_1_197' title='bbox 1085 2749 1278 2801; x_wconf 86' lang='lat' dir='ltr'>noster</span> <span class='ocrx_word' id='word_1_198' title='bbox 1323 2743 1640 2815; x_wconf 87' lang='lat' dir='ltr'>parietibus</span> <span class='ocrx_word' id='word_1_199' title='bbox 1705 2761 1821 2800; x_wconf 93' lang='lat' dir='ltr'>non</span> <span class='ocrx_word' id='word_1_200' title='bbox 1855 2745 2106 2801; x_wconf 87' lang='lat' dir='ltr'>circum-</span> 
     </span>
    </p>
   </div>
   <div class='ocr_carea' id='block_1_31' title="bbox 463 2833 2106 2907">
    <p class='ocr_par' dir='ltr' id='par_1_31' title="bbox 463 2833 2106 2907">
     <span class='ocr_line' id='line_1_31' title="bbox 463 2833 2106 2907; baseline -0.001 -17"><span class='ocrx_word' id='word_1_201' title='bbox 463 2833 760 2890; x_wconf 87' lang='lat' dir='ltr'>scribitur.</span> <span class='ocrx_word' id='word_1_202' title='bbox 793 2856 822 2884; x_wconf 88' lang='lat'>»</span> <span class='ocrx_word' id='word_1_203' title='bbox 861 2835 974 2890; x_wconf 85' lang='lat' dir='ltr'>Nec</span> <span class='ocrx_word' id='word_1_204' title='bbox 1005 2837 1144 2906; x_wconf 85' lang='lat' dir='ltr'>puta</span> <span class='ocrx_word' id='word_1_205' title='bbox 1169 2835 1518 2890; x_wconf 88' lang='lat' dir='ltr'>sententiam</span> <span class='ocrx_word' id='word_1_206' title='bbox 1559 2834 1887 2891; x_wconf 89' lang='lat' dir='ltr'>accuratius</span> <span class='ocrx_word' id='word_1_207' title='bbox 1917 2836 2106 2907; x_wconf 88' lang='lat' dir='ltr'>expri-</span> 
     </span>
    </p>
   </div>
   <div class='ocr_carea' id='block_1_32' title="bbox 465 2924 2103 2996">
    <p class='ocr_par' dir='ltr' id='par_1_32' title="bbox 465 2924 2103 2996">
     <span class='ocr_line' id='line_1_32' title="bbox 465 2924 2103 2996; baseline 0.003 -17"><span class='ocrx_word' id='word_1_208' title='bbox 465 2926 739 2981; x_wconf 87' lang='lat' dir='ltr'>mendam</span> <span class='ocrx_word' id='word_1_209' title='bbox 811 2929 1045 2996; x_wconf 83' lang='lat' dir='ltr'>prOpter</span> <span class='ocrx_word' id='word_1_210' title='bbox 1126 2924 1391 2981; x_wconf 69' lang='lat' dir='ltr'>haeresim</span> <span class='ocrx_word' id='word_1_211' title='bbox 1467 2941 1623 2980; x_wconf 87' lang='lat' dir='ltr'>nunc</span> <span class='ocrx_word' id='word_1_212' title='bbox 1694 2925 2103 2984; x_wconf 86' lang='lat' dir='ltr'>insanientem.</span> 
     </span>
    </p>
   </div>
   <div class='ocr_carea' id='block_1_33' title="bbox 467 3013 2108 3086">
    <p class='ocr_par' dir='ltr' id='par_1_33' title="bbox 467 3013 2108 3086">
     <span class='ocr_line' id='line_1_33' title="bbox 467 3013 2108 3086; baseline 0.001 -18"><span class='ocrx_word' id='word_1_213' title='bbox 467 3013 840 3070; x_wconf 83' lang='lat' dir='ltr'>Manifestum</span> <span class='ocrx_word' id='word_1_214' title='bbox 859 3019 1053 3070; x_wconf 90' lang='lat' dir='ltr'>autem</span> <span class='ocrx_word' id='word_1_215' title='bbox 1071 3019 1158 3069; x_wconf 91' lang='lat' dir='ltr'>est</span> <span class='ocrx_word' id='word_1_216' title='bbox 1170 3014 1325 3086; x_wconf 91' lang='lat' dir='ltr'>quod</span> <span class='ocrx_word' id='word_1_217' title='bbox 1352 3019 1408 3070; x_wconf 92' lang='lat' dir='ltr'>et</span> <span class='ocrx_word' id='word_1_218' title='bbox 1432 3015 1750 3085; x_wconf 80' lang='lat' dir='ltr'>fatigatum,</span> <span class='ocrx_word' id='word_1_219' title='bbox 1774 3021 1831 3070; x_wconf 90' lang='lat' dir='ltr'>et</span> <span class='ocrx_word' id='word_1_220' title='bbox 1847 3014 2108 3070; x_wconf 85' lang='lat' dir='ltr'>esurien-</span> 
     </span>
    </p>
   </div>
   <div class='ocr_carea' id='block_1_34' title="bbox 463 3104 2105 3173">
    <p class='ocr_par' dir='ltr' id='par_1_34' title="bbox 463 3104 2105 3173">
     <span class='ocr_line' id='line_1_34' title="bbox 463 3104 2105 3173; baseline 0.001 -16"><span class='ocrx_word' id='word_1_221' title='bbox 463 3105 602 3170; x_wconf 88' lang='lat' dir='ltr'>tem,</span> <span class='ocrx_word' id='word_1_222' title='bbox 654 3106 712 3158; x_wconf 87' lang='lat' dir='ltr'>et</span> <span class='ocrx_word' id='word_1_223' title='bbox 762 3109 1090 3173; x_wconf 87' lang='lat' dir='ltr'>paventem,</span> <span class='ocrx_word' id='word_1_224' title='bbox 1122 3108 1179 3160; x_wconf 90' lang='lat' dir='ltr'>et</span> <span class='ocrx_word' id='word_1_225' title='bbox 1234 3108 1524 3159; x_wconf 88' lang='lat' dir='ltr'>astantem</span> <span class='ocrx_word' id='word_1_226' title='bbox 1585 3120 1771 3159; x_wconf 90' lang='lat' dir='ltr'>coram</span> <span class='ocrx_word' id='word_1_227' title='bbox 1827 3104 2105 3160; x_wconf 88' lang='lat' dir='ltr'>tribunali</span> 
     </span>
    </p>
   </div>
   <div class='ocr_carea' id='block_1_35' title="bbox 460 3191 2100 3266">
    <p class='ocr_par' dir='ltr' id='par_1_35' title="bbox 460 3191 2100 3266">
     <span class='ocr_line' id='line_1_35' title="bbox 460 3191 2100 3266; baseline 0.002 -20"><span class='ocrx_word' id='word_1_228' title='bbox 460 3192 610 3247; x_wconf 90' lang='lat' dir='ltr'>vidit</span> <span class='ocrx_word' id='word_1_229' title='bbox 664 3191 820 3248; x_wconf 89' lang='lat' dir='ltr'>haud</span> <span class='ocrx_word' id='word_1_230' title='bbox 869 3193 1046 3248; x_wconf 89' lang='lat' dir='ltr'>dubie</span> <span class='ocrx_word' id='word_1_231' title='bbox 1075 3195 1162 3248; x_wconf 92' lang='lat' dir='ltr'>vir</span> <span class='ocrx_word' id='word_1_232' title='bbox 1199 3198 1438 3248; x_wconf 89' lang='lat' dir='ltr'>sanctus</span> <span class='ocrx_word' id='word_1_233' title='bbox 1484 3194 1675 3266; x_wconf 77' lang='lat' dir='ltr'>efﬁgie</span> <span class='ocrx_word' id='word_1_234' title='bbox 1704 3193 1963 3264; x_wconf 83' lang='lat' dir='ltr'>corporis</span> <span class='ocrx_word' id='word_1_235' title='bbox 1993 3193 2100 3249; x_wconf 90' lang='lat' dir='ltr'>cir-</span> 
     </span>
    </p>
   </div>
   <div class='ocr_carea' id='block_1_36' title="bbox 2223 596 3831 676">
    <p class='ocr_par' dir='ltr' id='par_1_36' title="bbox 2223 596 3831 676">
     <span class='ocr_line' id='line_1_36' title="bbox 2223 596 3831 676; baseline 0.002 -26"><span class='ocrx_word' id='word_1_236' title='bbox 2223 596 2418 658; x_wconf 78' lang='grc' dir='ltr'>Καλῶς</span> <span class='ocrx_word' id='word_1_237' title='bbox 2477 597 2567 651; x_wconf 74' lang='grc' dir='ltr'>οὖν</span> <span class='ocrx_word' id='word_1_238' title='bbox 2625 599 2716 652; x_wconf 83' lang='grc' dir='ltr'>καί</span> <span class='ocrx_word' id='word_1_239' title='bbox 2771 597 2910 652; x_wconf 82' lang='grc' dir='ltr'>πάνυ</span> <span class='ocrx_word' id='word_1_240' title='bbox 2963 596 3186 658; x_wconf 79' lang='grc' dir='ltr'>εἰκότως</span> <span class='ocrx_word' id='word_1_241' title='bbox 3245 596 3345 676; x_wconf 69' lang='grc' dir='ltr'>ἔφη</span> <span class='ocrx_word' id='word_1_242' title='bbox 3406 598 3434 652; x_wconf 98' lang='lat'>6</span> <span class='ocrx_word' id='word_1_243' title='bbox 3476 601 3753 673; x_wconf 72' lang='grc' dir='ltr'>Πατήρυα</span> <span class='ocrx_word' id='word_1_244' title='bbox 3780 603 3831 660; x_wconf 85' lang='lat'>&#39;0</span> 
     </span>
    </p>
   </div>
   <div class='ocr_carea' id='block_1_37' title="bbox 2222 684 3832 765">
    <p class='ocr_par' dir='ltr' id='par_1_37' title="bbox 2222 684 3832 765">
     <span class='ocr_line' id='line_1_37' title="bbox 2222 684 3832 765; baseline 0.002 -25"><span class='ocrx_word' id='word_1_245' title='bbox 2222 684 2492 759; x_wconf 82' lang='grc' dir='ltr'>ἡμέτερος</span> <span class='ocrx_word' id='word_1_246' title='bbox 2524 687 2756 760; x_wconf 86' lang='grc' dir='ltr'>Χριστὸς</span> <span class='ocrx_word' id='word_1_247' title='bbox 2781 686 2997 765; x_wconf 86' lang='grc' dir='ltr'>τοίχοις</span> <span class='ocrx_word' id='word_1_248' title='bbox 3031 687 3094 741; x_wconf 80' lang='grc' dir='ltr'>οὗ</span> <span class='ocrx_word' id='word_1_249' title='bbox 3146 687 3528 765; x_wconf 73' lang='grc' dir='ltr'>περιγράφεται</span> <span class='ocrx_word' id='word_1_250' title='bbox 3562 706 3578 722; x_wconf 76' lang='grc' dir='ltr'><strong>ο</strong></span> <span class='ocrx_word' id='word_1_251' title='bbox 3609 711 3637 740; x_wconf 76' lang='grc' dir='ltr'>ιι</span> <span class='ocrx_word' id='word_1_252' title='bbox 3684 709 3832 762; x_wconf 83' lang='grc' dir='ltr'>προσ-</span> 
     </span>
    </p>
   </div>
   <div class='ocr_carea' id='block_1_38' title="bbox 2221 775 3833 853">
    <p class='ocr_par' dir='ltr' id='par_1_38' title="bbox 2221 775 3833 853">
     <span class='ocr_line' id='line_1_38' title="bbox 2221 775 3833 853; baseline 0.004 -24"><span class='ocrx_word' id='word_1_253' title='bbox 2221 775 2589 830; x_wconf 76' lang='grc' dir='ltr'>υπακουστέον</span> <span class='ocrx_word' id='word_1_254' title='bbox 2620 779 2690 849; x_wconf 74' lang='grc' dir='ltr'>τῇ</span> <span class='ocrx_word' id='word_1_255' title='bbox 2718 783 2819 844; x_wconf 75' lang='grc' dir='ltr'>τῆς</span> <span class='ocrx_word' id='word_1_256' title='bbox 2851 777 3104 846; x_wconf 76' lang='grc' dir='ltr'>θεότητος</span> <span class='ocrx_word' id='word_1_257' title='bbox 3134 775 3287 853; x_wconf 78' lang='grc' dir='ltr'>φύσει</span> <span class='ocrx_word' id='word_1_258' title='bbox 3321 796 3334 810; x_wconf 90' lang='grc'><strong>·</strong></span> <span class='ocrx_word' id='word_1_259' title='bbox 3386 777 3462 838; x_wconf 85' lang='grc' dir='ltr'>ὡς</span> <span class='ocrx_word' id='word_1_260' title='bbox 3506 783 3613 833; x_wconf 84' lang='grc' dir='ltr'>τῶν</span> <span class='ocrx_word' id='word_1_261' title='bbox 3658 776 3833 835; x_wconf 68' lang='grc' dir='ltr'>ἐκείνου</span> 
     </span>
    </p>
   </div>
   <div class='ocr_carea' id='block_1_39' title="bbox 2219 863 3830 942">
    <p class='ocr_par' dir='ltr' id='par_1_39' title="bbox 2219 863 3830 942">
     <span class='ocr_line' id='line_1_39' title="bbox 2219 863 3830 942; baseline 0.001 -24"><span class='ocrx_word' id='word_1_262' title='bbox 2219 865 2353 918; x_wconf 79' lang='grc' dir='ltr'>θεῶν</span> <span class='ocrx_word' id='word_1_263' title='bbox 2390 863 2442 919; x_wconf 84' lang='grc' dir='ltr'>ἐν</span> <span class='ocrx_word' id='word_1_264' title='bbox 2500 865 2715 939; x_wconf 85' lang='grc' dir='ltr'>τοίχοις</span> <span class='ocrx_word' id='word_1_265' title='bbox 2775 863 3100 937; x_wconf 73' lang='grc' dir='ltr'>ἱδρυμένων,</span> <span class='ocrx_word' id='word_1_266' title='bbox 3158 866 3311 921; x_wconf 82' lang='grc' dir='ltr'>κάκεῖ</span> <span class='ocrx_word' id='word_1_267' title='bbox 3366 868 3830 942; x_wconf 74' lang='grc' dir='ltr'>περιωρισμίνων·</span> 
     </span>
    </p>
   </div>
   <div class='ocr_carea' id='block_1_40' title="bbox 2220 952 3832 1031">
    <p class='ocr_par' dir='ltr' id='par_1_40' title="bbox 2220 952 3832 1031">
     <span class='ocr_line' id='line_1_40' title="bbox 2220 952 3832 1031; baseline 0.001 -23"><span class='ocrx_word' id='word_1_268' title='bbox 2220 953 2319 1008; x_wconf 80' lang='grc' dir='ltr'>οὐκ</span> <span class='ocrx_word' id='word_1_269' title='bbox 2375 952 2618 1031; x_wconf 78' lang='grc' dir='ltr'>ἐχόντων</span> <span class='ocrx_word' id='word_1_270' title='bbox 2663 975 2715 1008; x_wconf 89' lang='grc' dir='ltr'>τι</span> <span class='ocrx_word' id='word_1_271' title='bbox 2766 952 2906 1009; x_wconf 75' lang='grc' dir='ltr'>ἄλλο</span> <span class='ocrx_word' id='word_1_272' title='bbox 2951 954 3244 1027; x_wconf 76' lang='grc' dir='ltr'>νοούμενον</span> <span class='ocrx_word' id='word_1_273' title='bbox 3302 956 3430 1030; x_wconf 86' lang='grc' dir='ltr'>παρ’</span> <span class='ocrx_word' id='word_1_274' title='bbox 3471 956 3499 1010; x_wconf 80' lang='lat'>&#39;6</span> <span class='ocrx_word' id='word_1_275' title='bbox 3569 956 3832 1031; x_wconf 78' lang='grc' dir='ltr'>βλὲπονται</span> 
     </span>
    </p>
   </div>
   <div class='ocr_carea' id='block_1_41' title="bbox 2221 1041 3834 1120">
    <p class='ocr_par' dir='ltr' id='par_1_41' title="bbox 2221 1041 3834 1120">
     <span class='ocr_line' id='line_1_41' title="bbox 2221 1041 3834 1120; baseline 0.001 -22"><span class='ocrx_word' id='word_1_276' title='bbox 2221 1045 2284 1115; x_wconf 66' lang='grc' dir='ltr'>[Γ.</span> <span class='ocrx_word' id='word_1_277' title='bbox 2323 1041 2599 1118; x_wconf 66' lang='grc' dir='ltr'>βλέπεται]</span> <span class='ocrx_word' id='word_1_278' title='bbox 2632 1047 2740 1098; x_wconf 78' lang='grc' dir='ltr'>τῶν</span> <span class='ocrx_word' id='word_1_279' title='bbox 2791 1045 3008 1118; x_wconf 79' lang='grc' dir='ltr'>ὁρῶσιν,</span> <span class='ocrx_word' id='word_1_280' title='bbox 3056 1044 3363 1120; x_wconf 77' lang='grc' dir='ltr'>Ὀφθαλμοὶ</span> <span class='ocrx_word' id='word_1_281' title='bbox 3401 1043 3608 1112; x_wconf 66' lang='grc' dir='ltr'>αὺτοῖς,</span> <span class='ocrx_word' id='word_1_282' title='bbox 3655 1045 3741 1101; x_wconf 76' lang='grc' dir='ltr'>καί</span> <span class='ocrx_word' id='word_1_283' title='bbox 3781 1046 3834 1100; x_wconf 69' lang='grc' dir='ltr'>οὔ</span> 
     </span>
    </p>
   </div>
   <div class='ocr_carea' id='block_1_42' title="bbox 2225 1129 3832 1210">
    <p class='ocr_par' dir='ltr' id='par_1_42' title="bbox 2225 1129 3832 1210">
     <span class='ocr_line' id='line_1_42' title="bbox 2225 1129 3832 1210; baseline 0.002 -24"><span class='ocrx_word' id='word_1_284' title='bbox 2225 1129 2518 1207; x_wconf 75' lang='grc' dir='ltr'>βλέπουσιν</span> <span class='ocrx_word' id='word_1_285' title='bbox 2547 1152 2559 1166; x_wconf 76' lang='grc' dir='ltr'><strong>ο</strong></span> <span class='ocrx_word' id='word_1_286' title='bbox 2599 1131 2732 1203; x_wconf 84' lang='grc' dir='ltr'>ὦτα,</span> <span class='ocrx_word' id='word_1_287' title='bbox 2791 1134 2880 1187; x_wconf 85' lang='grc' dir='ltr'>καὶ</span> <span class='ocrx_word' id='word_1_288' title='bbox 2937 1134 3039 1189; x_wconf 83' lang='grc' dir='ltr'>οὐκ</span> <span class='ocrx_word' id='word_1_289' title='bbox 3075 1133 3331 1188; x_wconf 78' lang='grc' dir='ltr'>ἀκούουσι</span> <span class='ocrx_word' id='word_1_290' title='bbox 3366 1152 3382 1168; x_wconf 78' lang='grc'><strong><em>⁸</em></strong></span> <span class='ocrx_word' id='word_1_291' title='bbox 3439 1140 3639 1210; x_wconf 81' lang='grc' dir='ltr'>χεῖρες,</span> <span class='ocrx_word' id='word_1_292' title='bbox 3668 1136 3750 1189; x_wconf 84' lang='grc' dir='ltr'>καὶ</span> <span class='ocrx_word' id='word_1_293' title='bbox 3782 1136 3832 1189; x_wconf 70' lang='grc' dir='ltr'>οὐ</span> 
     </span>
    </p>
   </div>
   <div class='ocr_carea' id='block_1_43' title="bbox 2221 1219 3834 1297">
    <p class='ocr_par' dir='ltr' id='par_1_43' title="bbox 2221 1219 3834 1297">
     <span class='ocr_line' id='line_1_43' title="bbox 2221 1219 3834 1297; baseline 0 -21"><span class='ocrx_word' id='word_1_294' title='bbox 2221 1219 2538 1296; x_wconf 78' lang='grc' dir='ltr'>ψηλαφῶσι.</span> <span class='ocrx_word' id='word_1_295' title='bbox 2600 1219 2795 1291; x_wconf 81' lang='grc' dir='ltr'>Πόδες,</span> <span class='ocrx_word' id='word_1_296' title='bbox 2853 1222 2943 1277; x_wconf 84' lang='grc' dir='ltr'>καὶ</span> <span class='ocrx_word' id='word_1_297' title='bbox 3001 1221 3062 1277; x_wconf 82' lang='grc' dir='ltr'>οὐ</span> <span class='ocrx_word' id='word_1_298' title='bbox 3118 1226 3519 1296; x_wconf 69' lang='grc' dir='ltr'>περιπατοῦσιο</span> <span class='ocrx_word' id='word_1_299' title='bbox 3572 1225 3726 1297; x_wconf 82' lang='grc' dir='ltr'>ῥινες,</span> <span class='ocrx_word' id='word_1_300' title='bbox 3761 1224 3834 1278; x_wconf 72' lang='grc' dir='ltr'>καὶ</span> 
     </span>
    </p>
   </div>
   <div class='ocr_carea' id='block_1_44' title="bbox 2222 1309 3832 1390">
    <p class='ocr_par' dir='ltr' id='par_1_44' title="bbox 2222 1309 3832 1390">
     <span class='ocr_line' id='line_1_44' title="bbox 2222 1309 3832 1390; baseline 0.001 -26"><span class='ocrx_word' id='word_1_301' title='bbox 2222 1309 2319 1364; x_wconf 82' lang='grc' dir='ltr'>οὐκ</span> <span class='ocrx_word' id='word_1_302' title='bbox 2377 1310 2754 1389; x_wconf 75' lang='grc' dir='ltr'>ὀσφραίνονται</span> <span class='ocrx_word' id='word_1_303' title='bbox 2802 1328 2816 1346; x_wconf 79' lang='grc' dir='ltr'><strong>ο</strong></span> <span class='ocrx_word' id='word_1_304' title='bbox 2875 1312 3015 1366; x_wconf 82' lang='grc' dir='ltr'>καθὰ</span> <span class='ocrx_word' id='word_1_305' title='bbox 3078 1316 3438 1390; x_wconf 74' lang='grc' dir='ltr'>προφητικῶς</span> <span class='ocrx_word' id='word_1_306' title='bbox 3493 1317 3832 1389; x_wconf 76' lang='grc' dir='ltr'>κατηγοροῦν-</span> 
     </span>
    </p>
   </div>
   <div class='ocr_carea' id='block_1_45' title="bbox 2220 1419 2330 1456">
    <p class='ocr_par' dir='ltr' id='par_1_45' title="bbox 2220 1419 2330 1456">
     <span class='ocr_line' id='line_1_45' title="bbox 2220 1419 2330 1456; baseline 0.018 -2"><span class='ocrx_word' id='word_1_307' title='bbox 2220 1419 2330 1456; x_wconf 82' lang='grc' dir='ltr'>ται.</span> 
     </span>
    </p>
   </div>
   <div class='ocr_carea' id='block_1_46' title="bbox 2289 1667 3837 1746">
    <p class='ocr_par' dir='ltr' id='par_1_46' title="bbox 2289 1667 3837 1746">
     <span class='ocr_line' id='line_1_46' title="bbox 2289 1667 3837 1746; baseline 0.002 -22"><span class='ocrx_word' id='word_1_308' title='bbox 2289 1670 2346 1724; x_wconf 85' lang='lat'>&#39;0</span> <span class='ocrx_word' id='word_1_309' title='bbox 2377 1667 2434 1724; x_wconf 75' lang='grc' dir='ltr'>δὲ</span> <span class='ocrx_word' id='word_1_310' title='bbox 2472 1669 2739 1745; x_wconf 73' lang='grc' dir='ltr'>ἡμέτερος</span> <span class='ocrx_word' id='word_1_311' title='bbox 2788 1671 3018 1744; x_wconf 81' lang='grc' dir='ltr'>Χριστὸς</span> <span class='ocrx_word' id='word_1_312' title='bbox 3069 1671 3130 1726; x_wconf 79' lang='grc' dir='ltr'>οὗ</span> <span class='ocrx_word' id='word_1_313' title='bbox 3179 1671 3315 1726; x_wconf 86' lang='grc' dir='ltr'>κατὰ</span> <span class='ocrx_word' id='word_1_314' title='bbox 3360 1672 3423 1727; x_wconf 82' lang='grc' dir='ltr'>τὸ</span> <span class='ocrx_word' id='word_1_315' title='bbox 3454 1673 3723 1746; x_wconf 83' lang='grc' dir='ltr'>ὁρώμενον</span> <span class='ocrx_word' id='word_1_316' title='bbox 3753 1674 3837 1744; x_wconf 73' lang='grc' dir='ltr'>μό-</span> 
     </span>
    </p>
   </div>
   <div class='ocr_carea' id='block_1_47' title="bbox 2215 1756 3834 1836">
    <p class='ocr_par' dir='ltr' id='par_1_47' title="bbox 2215 1756 3834 1836">
     <span class='ocr_line' id='line_1_47' title="bbox 2215 1756 3834 1836; baseline 0.004 -26"><span class='ocrx_word' id='word_1_317' title='bbox 2215 1776 2308 1811; x_wconf 90' lang='grc' dir='ltr'>νον</span> <span class='ocrx_word' id='word_1_318' title='bbox 2337 1756 2627 1832; x_wconf 80' lang='grc' dir='ltr'>ὄίνθρωπος</span> <span class='ocrx_word' id='word_1_319' title='bbox 2671 1758 2872 1834; x_wconf 84' lang='grc' dir='ltr'>κυρίως</span> <span class='ocrx_word' id='word_1_320' title='bbox 2915 1759 3006 1814; x_wconf 88' lang='grc' dir='ltr'>καὶ</span> <span class='ocrx_word' id='word_1_321' title='bbox 3063 1757 3287 1830; x_wconf 81' lang='grc' dir='ltr'>ἀληθῶς</span> <span class='ocrx_word' id='word_1_322' title='bbox 3317 1775 3332 1792; x_wconf 77' lang='grc'><strong><em>⁸</em></strong></span> <span class='ocrx_word' id='word_1_323' title='bbox 3390 1759 3610 1836; x_wconf 82' lang='grc' dir='ltr'>ἐπείπερ</span> <span class='ocrx_word' id='word_1_324' title='bbox 3666 1760 3834 1834; x_wconf 76' lang='grc' dir='ltr'>ὅμοιος</span> 
     </span>
    </p>
   </div>
   <div class='ocr_carea' id='block_1_48' title="bbox 2215 1847 3835 1923">
    <p class='ocr_par' dir='ltr' id='par_1_48' title="bbox 2215 1847 3835 1923">
     <span class='ocr_line' id='line_1_48' title="bbox 2215 1847 3835 1923; baseline 0.002 -24"><span class='ocrx_word' id='word_1_325' title='bbox 2215 1847 2350 1917; x_wconf 75' lang='grc' dir='ltr'>ἡμῖν</span> <span class='ocrx_word' id='word_1_326' title='bbox 2403 1848 2538 1902; x_wconf 82' lang='grc' dir='ltr'>κατὰ</span> <span class='ocrx_word' id='word_1_327' title='bbox 2586 1847 2759 1903; x_wconf 76' lang='grc' dir='ltr'>πάντα</span> <span class='ocrx_word' id='word_1_328' title='bbox 2815 1848 3186 1923; x_wconf 79' lang='grc' dir='ltr'>χρηματίσας,</span> <span class='ocrx_word' id='word_1_329' title='bbox 3241 1850 3331 1904; x_wconf 84' lang='grc' dir='ltr'>καὶ</span> <span class='ocrx_word' id='word_1_330' title='bbox 3390 1849 3717 1922; x_wconf 80' lang='grc' dir='ltr'>ἐνσώματος,</span> <span class='ocrx_word' id='word_1_331' title='bbox 3761 1850 3835 1904; x_wconf 76' lang='grc' dir='ltr'>καὶ</span> 
     </span>
    </p>
   </div>
   <div class='ocr_carea' id='block_1_49' title="bbox 2218 1933 3838 2014">
    <p class='ocr_par' dir='ltr' id='par_1_49' title="bbox 2218 1933 3838 2014">
     <span class='ocr_line' id='line_1_49' title="bbox 2218 1933 3838 2014; baseline 0.002 -26"><span class='ocrx_word' id='word_1_332' title='bbox 2218 1933 2479 2006; x_wconf 82' lang='grc' dir='ltr'>ἔμπνους,</span> <span class='ocrx_word' id='word_1_333' title='bbox 2509 1937 2600 1991; x_wconf 86' lang='grc' dir='ltr'>καὶ</span> <span class='ocrx_word' id='word_1_334' title='bbox 2654 1934 2860 2010; x_wconf 78' lang='grc' dir='ltr'>ἑνῆλιξ,</span> <span class='ocrx_word' id='word_1_335' title='bbox 2904 1938 2996 1992; x_wconf 86' lang='grc' dir='ltr'>καὶ</span> <span class='ocrx_word' id='word_1_336' title='bbox 3043 1937 3144 1993; x_wconf 74' lang='grc' dir='ltr'>ὅσα</span> <span class='ocrx_word' id='word_1_337' title='bbox 3193 1937 3340 1994; x_wconf 78' lang='grc' dir='ltr'>ἄλλὰ</span> <span class='ocrx_word' id='word_1_338' title='bbox 3387 1940 3644 2014; x_wconf 84' lang='grc' dir='ltr'>γνώριμα</span> <span class='ocrx_word' id='word_1_339' title='bbox 3677 1943 3738 2013; x_wconf 80' lang='grc' dir='ltr'>τῇ</span> <span class='ocrx_word' id='word_1_340' title='bbox 3767 1940 3838 1994; x_wconf 81' lang='grc' dir='ltr'>ἆν-</span> 
     </span>
    </p>
   </div>
   <div class='ocr_carea' id='block_1_50' title="bbox 2218 2024 3836 2102">
    <p class='ocr_par' dir='ltr' id='par_1_50' title="bbox 2218 2024 3836 2102">
     <span class='ocr_line' id='line_1_50' title="bbox 2218 2024 3836 2102; baseline 0.003 -25"><span class='ocrx_word' id='word_1_341' title='bbox 2218 2024 2460 2098; x_wconf 77' lang='grc' dir='ltr'>Θρωπείᾳ</span> <span class='ocrx_word' id='word_1_342' title='bbox 2511 2024 2687 2102; x_wconf 79' lang='grc' dir='ltr'>φύσει,</span> <span class='ocrx_word' id='word_1_343' title='bbox 2745 2024 2893 2095; x_wconf 76' lang='grc' dir='ltr'>πλὴν</span> <span class='ocrx_word' id='word_1_344' title='bbox 2950 2028 3123 2099; x_wconf 83' lang='grc' dir='ltr'>μόνης</span> <span class='ocrx_word' id='word_1_345' title='bbox 3188 2029 3452 2102; x_wconf 83' lang='grc' dir='ltr'>ἁμαρτίας</span> <span class='ocrx_word' id='word_1_346' title='bbox 3508 2048 3522 2062; x_wconf 76' lang='grc' dir='ltr'>ο</span> <span class='ocrx_word' id='word_1_347' title='bbox 3574 2027 3712 2084; x_wconf 68' lang='grc' dir='ltr'>ἀλλὰ</span> <span class='ocrx_word' id='word_1_348' title='bbox 3761 2029 3836 2082; x_wconf 82' lang='grc' dir='ltr'>καὶ</span> 
     </span>
    </p>
   </div>
   <div class='ocr_carea' id='block_1_51' title="bbox 2217 2113 3835 2195">
    <p class='ocr_par' dir='ltr' id='par_1_51' title="bbox 2217 2113 3835 2195">
     <span class='ocr_line' id='line_1_51' title="bbox 2217 2113 3835 2195; baseline 0.001 -27"><span class='ocrx_word' id='word_1_349' title='bbox 2217 2113 2346 2174; x_wconf 89' lang='grc' dir='ltr'>Θεὸς</span> <span class='ocrx_word' id='word_1_350' title='bbox 2377 2114 2532 2192; x_wconf 80' lang='grc' dir='ltr'>φύσει</span> <span class='ocrx_word' id='word_1_351' title='bbox 2560 2113 2651 2169; x_wconf 83' lang='grc' dir='ltr'>καὶ</span> <span class='ocrx_word' id='word_1_352' title='bbox 2683 2113 2914 2186; x_wconf 82' lang='grc' dir='ltr'>ἀληθείᾳ</span> <span class='ocrx_word' id='word_1_353' title='bbox 2944 2132 2958 2146; x_wconf 90' lang='grc'><strong>·</strong></span> <span class='ocrx_word' id='word_1_354' title='bbox 2991 2116 3082 2170; x_wconf 85' lang='grc' dir='ltr'>καὶ</span> <span class='ocrx_word' id='word_1_355' title='bbox 3114 2117 3142 2171; x_wconf 91' lang='lat'>6</span> <span class='ocrx_word' id='word_1_356' title='bbox 3192 2117 3350 2180; x_wconf 81' lang='grc' dir='ltr'>αὐτὸς</span> <span class='ocrx_word' id='word_1_357' title='bbox 3395 2119 3696 2195; x_wconf 80' lang='grc' dir='ltr'>ἀμφότερα.</span> <span class='ocrx_word' id='word_1_358' title='bbox 3725 2119 3835 2172; x_wconf 80' lang='grc' dir='ltr'>Οἷόν</span> 
     </span>
    </p>
   </div>
   <div class='ocr_carea' id='block_1_52' title="bbox 2213 2202 3835 2282">
    <p class='ocr_par' dir='ltr' id='par_1_52' title="bbox 2213 2202 3835 2282">
     <span class='ocr_line' id='line_1_52' title="bbox 2213 2202 3835 2282; baseline 0.002 -24"><span class='ocrx_word' id='word_1_359' title='bbox 2213 2224 2264 2258; x_wconf 89' lang='grc' dir='ltr'>τι</span> <span class='ocrx_word' id='word_1_360' title='bbox 2298 2202 2446 2278; x_wconf 79' lang='grc' dir='ltr'>λέγω</span> <span class='ocrx_word' id='word_1_361' title='bbox 2480 2224 2494 2239; x_wconf 78' lang='grc' dir='ltr'><strong><em>ο</em></strong></span> <span class='ocrx_word' id='word_1_362' title='bbox 2527 2202 2602 2266; x_wconf 80' lang='grc' dir='ltr'>ὥς</span> <span class='ocrx_word' id='word_1_363' title='bbox 2636 2205 2768 2280; x_wconf 82' lang='grc' dir='ltr'>φησί</span> <span class='ocrx_word' id='word_1_364' title='bbox 2800 2225 2904 2259; x_wconf 88' lang='grc' dir='ltr'>που</span> <span class='ocrx_word' id='word_1_365' title='bbox 2931 2206 2960 2259; x_wconf 93' lang='lat'>6</span> <span class='ocrx_word' id='word_1_366' title='bbox 2991 2205 3153 2268; x_wconf 83' lang='grc' dir='ltr'>αὐτὸς</span> <span class='ocrx_word' id='word_1_367' title='bbox 3185 2207 3579 2282; x_wconf 78' lang='grc' dir='ltr'>Χρυσόπομος</span> <span class='ocrx_word' id='word_1_368' title='bbox 3611 2228 3624 2241; x_wconf 78' lang='grc' dir='ltr'><strong>ο</strong></span> <span class='ocrx_word' id='word_1_369' title='bbox 3672 2232 3699 2260; x_wconf 76' lang='grc' dir='ltr'>ιι</span> <span class='ocrx_word' id='word_1_370' title='bbox 3744 2207 3835 2262; x_wconf 71' lang='grc' dir='ltr'>Κά-</span> 
     </span>
    </p>
   </div>
   <div class='ocr_carea' id='block_1_53' title="bbox 2213 2295 3834 2376">
    <p class='ocr_par' dir='ltr' id='par_1_53' title="bbox 2213 2295 3834 2376">
     <span class='ocr_line' id='line_1_53' title="bbox 2213 2295 3834 2376; baseline 0.002 -29"><span class='ocrx_word' id='word_1_371' title='bbox 2213 2314 2291 2347; x_wconf 90' lang='grc' dir='ltr'>τω</span> <span class='ocrx_word' id='word_1_372' title='bbox 2342 2298 2528 2363; x_wconf 81' lang='grc' dir='ltr'>κοπιᾷ,</span> <span class='ocrx_word' id='word_1_373' title='bbox 2578 2295 2666 2348; x_wconf 84' lang='grc' dir='ltr'>καὶ</span> <span class='ocrx_word' id='word_1_374' title='bbox 2718 2295 2824 2348; x_wconf 80' lang='grc' dir='ltr'>ἄνω</span> <span class='ocrx_word' id='word_1_375' title='bbox 2885 2301 3172 2371; x_wconf 77' lang='grc' dir='ltr'>συγκροτεῖ</span> <span class='ocrx_word' id='word_1_376' title='bbox 3229 2298 3298 2352; x_wconf 89' lang='grc' dir='ltr'>τὰ</span> <span class='ocrx_word' id='word_1_377' title='bbox 3357 2303 3612 2376; x_wconf 87' lang='grc' dir='ltr'>στοιχεῖα</span> <span class='ocrx_word' id='word_1_378' title='bbox 3649 2316 3663 2330; x_wconf 71' lang='grc'><em>⁸</em></span> <span class='ocrx_word' id='word_1_379' title='bbox 3711 2298 3834 2353; x_wconf 74' lang='grc' dir='ltr'>κὰνω</span> 
     </span>
    </p>
   </div>
   <div class='ocr_carea' id='block_1_54' title="bbox 2214 2382 3833 2461">
    <p class='ocr_par' dir='ltr' id='par_1_54' title="bbox 2214 2382 3833 2461">
     <span class='ocr_line' id='line_1_54' title="bbox 2214 2382 3833 2461; baseline 0.001 -23"><span class='ocrx_word' id='word_1_380' title='bbox 2214 2388 2392 2454; x_wconf 84' lang='grc' dir='ltr'>πεινᾷ,</span> <span class='ocrx_word' id='word_1_381' title='bbox 2423 2383 2514 2438; x_wconf 87' lang='grc' dir='ltr'>καὶ</span> <span class='ocrx_word' id='word_1_382' title='bbox 2543 2382 2743 2439; x_wconf 76' lang='grc' dir='ltr'>ἄνωθεν</span> <span class='ocrx_word' id='word_1_383' title='bbox 2800 2384 2987 2446; x_wconf 79' lang='grc' dir='ltr'>ὑετοὺς</span> <span class='ocrx_word' id='word_1_384' title='bbox 3019 2392 3259 2461; x_wconf 83' lang='grc' dir='ltr'>χορηγεῖ</span> <span class='ocrx_word' id='word_1_385' title='bbox 3289 2405 3304 2420; x_wconf 80' lang='grc'><strong>’</strong></span> <span class='ocrx_word' id='word_1_386' title='bbox 3351 2389 3504 2442; x_wconf 71' lang='grc' dir='ltr'>κάτω</span> <span class='ocrx_word' id='word_1_387' title='bbox 3544 2385 3733 2458; x_wconf 75' lang='grc' dir='ltr'>δειλιᾳ,</span> <span class='ocrx_word' id='word_1_388' title='bbox 3760 2388 3833 2440; x_wconf 73' lang='grc' dir='ltr'>καὶ</span> 
     </span>
    </p>
   </div>
   <div class='ocr_carea' id='block_1_55' title="bbox 2215 2471 3834 2550">
    <p class='ocr_par' dir='ltr' id='par_1_55' title="bbox 2215 2471 3834 2550">
     <span class='ocr_line' id='line_1_55' title="bbox 2215 2471 3834 2550; baseline 0 -20"><span class='ocrx_word' id='word_1_389' title='bbox 2215 2473 2323 2530; x_wconf 74' lang='grc' dir='ltr'>ἅνω</span> <span class='ocrx_word' id='word_1_390' title='bbox 2359 2474 2562 2548; x_wconf 82' lang='grc' dir='ltr'>βροντᾷ</span> <span class='ocrx_word' id='word_1_391' title='bbox 2596 2490 2609 2505; x_wconf 86' lang='grc'>⁶</span> <span class='ocrx_word' id='word_1_392' title='bbox 2654 2475 2802 2529; x_wconf 80' lang='grc' dir='ltr'>κάτω</span> <span class='ocrx_word' id='word_1_393' title='bbox 2837 2471 3173 2550; x_wconf 78' lang='grc' dir='ltr'>δικαστηρίῳ</span> <span class='ocrx_word' id='word_1_394' title='bbox 3209 2476 3555 2550; x_wconf 85' lang='grc' dir='ltr'>παρίσταται,</span> <span class='ocrx_word' id='word_1_395' title='bbox 3588 2479 3672 2533; x_wconf 78' lang='grc' dir='ltr'>καὶ</span> <span class='ocrx_word' id='word_1_396' title='bbox 3712 2479 3834 2533; x_wconf 78' lang='grc' dir='ltr'>ἄνω·-</span> 
     </span>
    </p>
   </div>
   <div class='ocr_carea' id='block_1_56' title="bbox 2215 2563 3831 2642">
    <p class='ocr_par' dir='ltr' id='par_1_56' title="bbox 2215 2563 3831 2642">
     <span class='ocr_line' id='line_1_56' title="bbox 2215 2563 3831 2642; baseline 0.002 -25"><span class='ocrx_word' id='word_1_397' title='bbox 2215 2565 2300 2617; x_wconf 81' lang='grc' dir='ltr'>θεν</span> <span class='ocrx_word' id='word_1_398' title='bbox 2352 2563 2520 2617; x_wconf 78' lang='grc' dir='ltr'>πάντα</span> <span class='ocrx_word' id='word_1_399' title='bbox 2569 2565 2781 2637; x_wconf 86' lang='grc' dir='ltr'>θεωρεῖ.</span> <span class='ocrx_word' id='word_1_400' title='bbox 2837 2587 2864 2615; x_wconf 86' lang='grc'><strong>››</strong></span> <span class='ocrx_word' id='word_1_401' title='bbox 2916 2565 3059 2619; x_wconf 80' lang='grc' dir='ltr'>Κατὰ</span> <span class='ocrx_word' id='word_1_402' title='bbox 3089 2568 3266 2627; x_wconf 72' lang='grc' dir='ltr'>,τοῦτο</span> <span class='ocrx_word' id='word_1_403' title='bbox 3308 2565 3398 2620; x_wconf 80' lang='grc' dir='ltr'>οὖν</span> <span class='ocrx_word' id='word_1_404' title='bbox 3451 2565 3666 2642; x_wconf 64' lang='grc' dir='ltr'>εἴρηται</span> <span class='ocrx_word' id='word_1_405' title='bbox 3709 2566 3831 2636; x_wconf 68' lang='grc' dir='ltr'>αότῷ</span> 
     </span>
    </p>
   </div>
   <div class='ocr_carea' id='block_1_57' title="bbox 2213 2651 3834 2730">
    <p class='ocr_par' dir='ltr' id='par_1_57' title="bbox 2213 2651 3834 2730">
     <span class='ocr_line' id='line_1_57' title="bbox 2213 2651 3834 2730; baseline 0.002 -24"><span class='ocrx_word' id='word_1_406' title='bbox 2213 2653 2350 2724; x_wconf 87' lang='grc' dir='ltr'>πρὸς</span> <span class='ocrx_word' id='word_1_407' title='bbox 2374 2652 2465 2708; x_wconf 88' lang='grc' dir='ltr'>τὸν</span> <span class='ocrx_word' id='word_1_408' title='bbox 2505 2651 2748 2722; x_wconf 83' lang='grc' dir='ltr'>Ἕλληνα</span> <span class='ocrx_word' id='word_1_409' title='bbox 2781 2673 2798 2688; x_wconf 77' lang='grc' dir='ltr'>ο</span> <span class='ocrx_word' id='word_1_410' title='bbox 2843 2674 2865 2702; x_wconf 82' lang='grc' dir='ltr'>ι</span> <span class='ocrx_word' id='word_1_411' title='bbox 2924 2654 2984 2711; x_wconf 79' lang='grc' dir='ltr'><strong>Ὀ</strong></span> <span class='ocrx_word' id='word_1_412' title='bbox 3041 2655 3307 2729; x_wconf 68' lang='grc' dir='ltr'>ἡμέτερος</span> <span class='ocrx_word' id='word_1_413' title='bbox 3355 2658 3589 2730; x_wconf 82' lang='grc' dir='ltr'>Χριστὸς</span> <span class='ocrx_word' id='word_1_414' title='bbox 3644 2656 3834 2730; x_wconf 78' lang='grc' dir='ltr'>τοίχοις</span> 
     </span>
    </p>
   </div>
   <div class='ocr_carea' id='block_1_58' title="bbox 2216 2739 3835 2820">
    <p class='ocr_par' dir='ltr' id='par_1_58' title="bbox 2216 2739 3835 2820">
     <span class='ocr_line' id='line_1_58' title="bbox 2216 2739 3835 2820; baseline 0.002 -24"><span class='ocrx_word' id='word_1_415' title='bbox 2216 2742 2280 2796; x_wconf 80' lang='grc' dir='ltr'>οὗ</span> <span class='ocrx_word' id='word_1_416' title='bbox 2319 2739 2728 2819; x_wconf 75' lang='grc' dir='ltr'>περιγράφεται.</span> <span class='ocrx_word' id='word_1_417' title='bbox 2763 2767 2791 2793; x_wconf 85' lang='grc'><strong>››</strong></span> <span class='ocrx_word' id='word_1_418' title='bbox 2835 2743 2934 2798; x_wconf 82' lang='grc' dir='ltr'>Καὶ</span> <span class='ocrx_word' id='word_1_419' title='bbox 2986 2743 3094 2818; x_wconf 84' lang='grc' dir='ltr'>οὐχ</span> <span class='ocrx_word' id='word_1_420' title='bbox 3143 2746 3333 2819; x_wconf 79' lang='grc' dir='ltr'>ἡγεῖτο</span> <span class='ocrx_word' id='word_1_421' title='bbox 3385 2748 3596 2820; x_wconf 81' lang='grc' dir='ltr'>χρῇναι</span> <span class='ocrx_word' id='word_1_422' title='bbox 3631 2740 3835 2819; x_wconf 78' lang='grc' dir='ltr'>ἄκριϐο-</span> 
     </span>
    </p>
   </div>
   <div class='ocr_carea' id='block_1_59' title="bbox 2216 2832 3833 2908">
    <p class='ocr_par' dir='ltr' id='par_1_59' title="bbox 2216 2832 3833 2908">
     <span class='ocr_line' id='line_1_59' title="bbox 2216 2832 3833 2908; baseline 0.001 -19"><span class='ocrx_word' id='word_1_423' title='bbox 2216 2832 2500 2908; x_wconf 83' lang='grc' dir='ltr'>λογεῖσθαι</span> <span class='ocrx_word' id='word_1_424' title='bbox 2538 2833 2780 2906; x_wconf 77' lang='grc' dir='ltr'>περὶτὴν</span> <span class='ocrx_word' id='word_1_425' title='bbox 2810 2835 3078 2907; x_wconf 76' lang='grc' dir='ltr'>ἀπόφασιν</span> <span class='ocrx_word' id='word_1_426' title='bbox 3111 2832 3285 2890; x_wconf 76' lang='grc' dir='ltr'>ε’ίνεκα</span> <span class='ocrx_word' id='word_1_427' title='bbox 3330 2843 3432 2904; x_wconf 83' lang='grc' dir='ltr'>τῆς</span> <span class='ocrx_word' id='word_1_428' title='bbox 3480 2837 3597 2892; x_wconf 83' lang='grc' dir='ltr'>νυνὶ</span> <span class='ocrx_word' id='word_1_429' title='bbox 3643 2835 3833 2892; x_wconf 62' lang='grc' dir='ltr'>λυττώά</span> 
     </span>
    </p>
   </div>
   <div class='ocr_carea' id='block_1_60' title="bbox 2218 2919 3831 2996">
    <p class='ocr_par' dir='ltr' id='par_1_60' title="bbox 2218 2919 3831 2996">
     <span class='ocr_line' id='line_1_60' title="bbox 2218 2919 3831 2996; baseline 0.002 -22"><span class='ocrx_word' id='word_1_430' title='bbox 2218 2941 2316 2990; x_wconf 86' lang='grc' dir='ltr'>σης</span> <span class='ocrx_word' id='word_1_431' title='bbox 2347 2919 2627 2996; x_wconf 75' lang='grc' dir='ltr'>αἱρέσεως.</span> <span class='ocrx_word' id='word_1_432' title='bbox 2665 2921 2851 2990; x_wconf 80' lang='grc' dir='ltr'>Δῆλον</span> <span class='ocrx_word' id='word_1_433' title='bbox 2883 2920 2940 2977; x_wconf 74' lang='grc' dir='ltr'>δὲ</span> <span class='ocrx_word' id='word_1_434' title='bbox 2977 2923 3060 2978; x_wconf 76' lang='grc' dir='ltr'>ὅτι</span> <span class='ocrx_word' id='word_1_435' title='bbox 3103 2923 3196 2978; x_wconf 89' lang='grc' dir='ltr'>τὸν</span> <span class='ocrx_word' id='word_1_436' title='bbox 3253 2929 3530 2980; x_wconf 82' lang='grc' dir='ltr'>κοπιῶντα</span> <span class='ocrx_word' id='word_1_437' title='bbox 3593 2925 3680 2980; x_wconf 74' lang='grc' dir='ltr'>καὶ</span> <span class='ocrx_word' id='word_1_438' title='bbox 3733 2945 3831 2980; x_wconf 80' lang='grc' dir='ltr'>πει-</span> 
     </span>
    </p>
   </div>
   <div class='ocr_carea' id='block_1_61' title="bbox 2215 3007 3835 3090">
    <p class='ocr_par' dir='ltr' id='par_1_61' title="bbox 2215 3007 3835 3090">
     <span class='ocr_line' id='line_1_61' title="bbox 2215 3007 3835 3090; baseline 0.001 -25"><span class='ocrx_word' id='word_1_439' title='bbox 2215 3014 2407 3078; x_wconf 80' lang='grc' dir='ltr'>νῶντα,</span> <span class='ocrx_word' id='word_1_440' title='bbox 2469 3007 2758 3066; x_wconf 76' lang='grc' dir='ltr'>δειλιῶντά</span> <span class='ocrx_word' id='word_1_441' title='bbox 2825 3031 2884 3066; x_wconf 88' lang='grc' dir='ltr'>τε</span> <span class='ocrx_word' id='word_1_442' title='bbox 2966 3011 3055 3066; x_wconf 81' lang='grc' dir='ltr'>καὶ</span> <span class='ocrx_word' id='word_1_443' title='bbox 3125 3013 3523 3088; x_wconf 72' lang='grc' dir='ltr'>παριστάμενον</span> <span class='ocrx_word' id='word_1_444' title='bbox 3591 3012 3835 3090; x_wconf 84' lang='grc' dir='ltr'>κριτηρίῳ</span> 
     </span>
    </p>
   </div>
   <div class='ocr_carea' id='block_1_62' title="bbox 2217 3097 3832 3179">
    <p class='ocr_par' dir='ltr' id='par_1_62' title="bbox 2217 3097 3832 3179">
     <span class='ocr_line' id='line_1_62' title="bbox 2217 3097 3832 3179; baseline 0.001 -25"><span class='ocrx_word' id='word_1_445' title='bbox 2217 3097 2360 3154; x_wconf 80' lang='grc' dir='ltr'>οἶδεν</span> <span class='ocrx_word' id='word_1_446' title='bbox 2388 3097 2649 3177; x_wconf 78' lang='grc' dir='ltr'>ἀσφαλῶς</span> <span class='ocrx_word' id='word_1_447' title='bbox 2678 3100 2706 3154; x_wconf 87' lang='lat'>6</span> <span class='ocrx_word' id='word_1_448' title='bbox 2738 3101 2914 3175; x_wconf 79' lang='grc' dir='ltr'>ἅγιος,</span> <span class='ocrx_word' id='word_1_449' title='bbox 2957 3102 3211 3174; x_wconf 87' lang='grc' dir='ltr'>σώματος</span> <span class='ocrx_word' id='word_1_450' title='bbox 3243 3110 3556 3178; x_wconf 73' lang='grc' dir='ltr'>χαρακτῆρι</span> <span class='ocrx_word' id='word_1_451' title='bbox 3602 3102 3832 3179; x_wconf 80' lang='grc' dir='ltr'>περιγρᾶ-</span> 
     </span>
    </p>
   </div>
   <div class='ocr_carea' id='block_1_63' title="bbox 2217 3187 3833 3264">
    <p class='ocr_par' dir='ltr' id='par_1_63' title="bbox 2217 3187 3833 3264">
     <span class='ocr_line' id='line_1_63' title="bbox 2217 3187 3833 3264; baseline 0 -21"><span class='ocrx_word' id='word_1_452' title='bbox 2217 3190 2425 3262; x_wconf 76' lang='grc' dir='ltr'>φεσθαι,</span> <span class='ocrx_word' id='word_1_453' title='bbox 2452 3187 2558 3243; x_wconf 66' lang='grc' dir='ltr'>εἴτε</span> <span class='ocrx_word' id='word_1_454' title='bbox 2592 3187 2643 3243; x_wconf 75' lang='grc' dir='ltr'>ἐν</span> <span class='ocrx_word' id='word_1_455' title='bbox 2675 3189 2852 3264; x_wconf 81' lang='grc' dir='ltr'>τοίχῷ</span> <span class='ocrx_word' id='word_1_456' title='bbox 2887 3190 3194 3264; x_wconf 83' lang='grc' dir='ltr'>χρώμασιέ,</span> <span class='ocrx_word' id='word_1_457' title='bbox 3230 3190 3338 3247; x_wconf 69' lang='grc' dir='ltr'>εἴτε</span> <span class='ocrx_word' id='word_1_458' title='bbox 3382 3190 3436 3246; x_wconf 84' lang='grc' dir='ltr'>ἐν</span> <span class='ocrx_word' id='word_1_459' title='bbox 3493 3192 3700 3251; x_wconf 87' lang='grc' dir='ltr'>πίνακι.</span> <span class='ocrx_word' id='word_1_460' title='bbox 3755 3191 3833 3246; x_wconf 71' lang='grc' dir='ltr'>Καὶ</span> 
     </span>
    </p>
   </div>
   <div class='ocr_carea' id='block_1_64' title="bbox 463 3263 2108 3358">
    <p class='ocr_par' dir='ltr' id='par_1_64' title="bbox 463 3281 2100 3353">
     <span class='ocr_line' id='line_1_64' title="bbox 463 3281 2100 3353; baseline 0.002 -17"><span class='ocrx_word' id='word_1_461' title='bbox 463 3282 799 3347; x_wconf 90' lang='lat' dir='ltr'>cumscribi,</span> <span class='ocrx_word' id='word_1_462' title='bbox 831 3281 948 3337; x_wconf 86' lang='lat' dir='ltr'>sive</span> <span class='ocrx_word' id='word_1_463' title='bbox 978 3283 1037 3337; x_wconf 91' lang='lat' dir='ltr'>in</span> <span class='ocrx_word' id='word_1_464' title='bbox 1071 3282 1286 3352; x_wconf 89' lang='lat' dir='ltr'>pariete</span> <span class='ocrx_word' id='word_1_465' title='bbox 1316 3283 1626 3353; x_wconf 87' lang='lat' dir='ltr'>coloribus,</span> <span class='ocrx_word' id='word_1_466' title='bbox 1658 3285 1777 3340; x_wconf 89' lang='lat' dir='ltr'>sive</span> <span class='ocrx_word' id='word_1_467' title='bbox 1799 3285 1856 3338; x_wconf 92' lang='lat' dir='ltr'>in</span> <span class='ocrx_word' id='word_1_468' title='bbox 1880 3284 2100 3340; x_wconf 88' lang='lat' dir='ltr'>tabula.</span> 
     </span>
    </p>
   </div>
   <div class='ocr_carea' id='block_1_65' title="bbox 2218 3263 3832 3358">
    <p class='ocr_par' dir='ltr' id='par_1_65' title="bbox 2218 3275 3832 3358">
     <span class='ocr_line' id='line_1_65' title="bbox 2218 3275 3832 3358; baseline 0.002 -26"><span class='ocrx_word' id='word_1_469' title='bbox 2218 3277 2267 3332; x_wconf 81' lang='grc' dir='ltr'>ἐν</span> <span class='ocrx_word' id='word_1_470' title='bbox 2319 3283 2437 3340; x_wconf 85' lang='grc' dir='ltr'>τοῖς</span> <span class='ocrx_word' id='word_1_471' title='bbox 2493 3275 2764 3352; x_wconf 79' lang='grc' dir='ltr'>ἐναργέσιν</span> <span class='ocrx_word' id='word_1_472' title='bbox 2821 3279 2920 3332; x_wconf 82' lang='grc' dir='ltr'>οὐκ</span> <span class='ocrx_word' id='word_1_473' title='bbox 2975 3282 3040 3348; x_wconf 77' lang='grc' dir='ltr'>ἧν</span> <span class='ocrx_word' id='word_1_474' title='bbox 3072 3277 3235 3356; x_wconf 86' lang='grc' dir='ltr'>λόγος</span> <span class='ocrx_word' id='word_1_475' title='bbox 3283 3281 3428 3352; x_wconf 84' lang='grc' dir='ltr'>αὐτῷ</span> <span class='ocrx_word' id='word_1_476' title='bbox 3459 3278 3832 3358; x_wconf 69' lang='grc' dir='ltr'>διασαφῆσεως.</span> 
     </span>
    </p>
   </div>
   <div class='ocr_carea' id='block_1_66' title="bbox 464 3370 2110 3444">
    <p class='ocr_par' dir='ltr' id='par_1_66' title="bbox 464 3370 2110 3444">
     <span class='ocr_line' id='line_1_66' title="bbox 464 3370 2110 3444; baseline 0.001 -19"><span class='ocrx_word' id='word_1_477' title='bbox 464 3370 533 3425; x_wconf 89' lang='lat' dir='ltr'>Et</span> <span class='ocrx_word' id='word_1_478' title='bbox 577 3387 709 3426; x_wconf 90' lang='lat' dir='ltr'>vero</span> <span class='ocrx_word' id='word_1_479' title='bbox 758 3371 816 3426; x_wconf 91' lang='lat' dir='ltr'>in</span> <span class='ocrx_word' id='word_1_480' title='bbox 868 3371 1038 3427; x_wconf 89' lang='lat' dir='ltr'>rebus</span> <span class='ocrx_word' id='word_1_481' title='bbox 1082 3373 1407 3444; x_wconf 88' lang='lat' dir='ltr'>perspicuis</span> <span class='ocrx_word' id='word_1_482' title='bbox 1438 3373 1902 3444; x_wconf 79' lang='lat' dir='ltr'>explanationem</span> <span class='ocrx_word' id='word_1_483' title='bbox 1935 3391 2110 3429; x_wconf 76' lang='lat' dir='ltr'>causa</span> 
     </span>
    </p>
   </div>
   <div class='ocr_carea' id='block_1_67' title="bbox 465 3459 2104 3534">
    <p class='ocr_par' dir='ltr' id='par_1_67' title="bbox 465 3459 2104 3534">
     <span class='ocr_line' id='line_1_67' title="bbox 465 3459 2104 3534; baseline 0.003 -20"><span class='ocrx_word' id='word_1_484' title='bbox 465 3459 630 3515; x_wconf 86' lang='lat' dir='ltr'>nulla</span> <span class='ocrx_word' id='word_1_485' title='bbox 663 3460 946 3529; x_wconf 88' lang='lat' dir='ltr'>poscebat.</span> <span class='ocrx_word' id='word_1_486' title='bbox 976 3460 1118 3515; x_wconf 85' lang='lat' dir='ltr'>Nam</span> <span class='ocrx_word' id='word_1_487' title='bbox 1155 3463 1203 3515; x_wconf 89' lang='lat' dir='ltr'>si</span> <span class='ocrx_word' id='word_1_488' title='bbox 1230 3462 1492 3533; x_wconf 90' lang='lat' dir='ltr'>corporis</span> <span class='ocrx_word' id='word_1_489' title='bbox 1522 3468 1810 3534; x_wconf 84' lang='lat' dir='ltr'>expertem</span> <span class='ocrx_word' id='word_1_490' title='bbox 1836 3464 2104 3533; x_wconf 85' lang='lat' dir='ltr'>angelum</span> 
     </span>
    </p>
   </div>
   <div class='ocr_carea' id='block_1_68' title="bbox 465 3549 2108 3622">
    <p class='ocr_par' dir='ltr' id='par_1_68' title="bbox 465 3549 2108 3622">
     <span class='ocr_line' id='line_1_68' title="bbox 465 3549 2108 3622; baseline 0.002 -19"><span class='ocrx_word' id='word_1_491' title='bbox 465 3549 652 3604; x_wconf 89' lang='lat' dir='ltr'>visum</span> <span class='ocrx_word' id='word_1_492' title='bbox 670 3566 701 3603; x_wconf 91' lang='lat' dir='ltr'>a</span> <span class='ocrx_word' id='word_1_493' title='bbox 729 3565 790 3604; x_wconf 93' lang='lat' dir='ltr'>se</span> <span class='ocrx_word' id='word_1_494' title='bbox 808 3556 1007 3604; x_wconf 89' lang='lat' dir='ltr'>narrat</span> <span class='ocrx_word' id='word_1_495' title='bbox 1029 3551 1084 3604; x_wconf 89' lang='lat' dir='ltr'>in</span> <span class='ocrx_word' id='word_1_496' title='bbox 1109 3551 1386 3621; x_wconf 88' lang='lat' dir='ltr'>imagine,</span> <span class='ocrx_word' id='word_1_497' title='bbox 1421 3551 1713 3607; x_wconf 87' lang='lat' dir='ltr'>Christum</span> <span class='ocrx_word' id='word_1_498' title='bbox 1737 3557 2108 3622; x_wconf 84' lang='lat' dir='ltr'>cerporatum</span> 
     </span>
    </p>
   </div>
   <div class='ocr_carea' id='block_1_69' title="bbox 466 3638 2109 3711">
    <p class='ocr_par' dir='ltr' id='par_1_69' title="bbox 466 3638 2109 3711">
     <span class='ocr_line' id='line_1_69' title="bbox 466 3638 2109 3711; baseline 0.002 -18"><span class='ocrx_word' id='word_1_499' title='bbox 466 3654 582 3693; x_wconf 89' lang='lat' dir='ltr'>non</span> <span class='ocrx_word' id='word_1_500' title='bbox 623 3639 776 3694; x_wconf 91' lang='lat' dir='ltr'>idem</span> <span class='ocrx_word' id='word_1_501' title='bbox 808 3638 866 3693; x_wconf 91' lang='lat' dir='ltr'>in</span> <span class='ocrx_word' id='word_1_502' title='bbox 899 3638 1172 3710; x_wconf 91' lang='lat' dir='ltr'>imagine,</span> <span class='ocrx_word' id='word_1_503' title='bbox 1198 3640 1444 3695; x_wconf 83' lang='lat' dir='ltr'>viderit?</span> <span class='ocrx_word' id='word_1_504' title='bbox 1477 3641 1770 3697; x_wconf 86' lang='lat' dir='ltr'>Dementia</span> <span class='ocrx_word' id='word_1_505' title='bbox 1800 3641 1998 3711; x_wconf 91' lang='lat' dir='ltr'>utique</span> <span class='ocrx_word' id='word_1_506' title='bbox 2020 3645 2109 3697; x_wconf 90' lang='lat' dir='ltr'>est</span> 
     </span>
    </p>
   </div>
   <div class='ocr_carea' id='block_1_70' title="bbox 466 3727 2108 3803">
    <p class='ocr_par' dir='ltr' id='par_1_70' title="bbox 466 3727 2108 3803">
     <span class='ocr_line' id='line_1_70' title="bbox 466 3727 2108 3803; baseline 0.004 -22"><span class='ocrx_word' id='word_1_507' title='bbox 466 3727 537 3781; x_wconf 90' lang='lat' dir='ltr'>de</span> <span class='ocrx_word' id='word_1_508' title='bbox 566 3728 684 3782; x_wconf 90' lang='lat' dir='ltr'>viro</span> <span class='ocrx_word' id='word_1_509' title='bbox 714 3734 919 3783; x_wconf 88' lang='lat' dir='ltr'>sancta</span> <span class='ocrx_word' id='word_1_510' title='bbox 951 3727 1060 3782; x_wconf 81' lang='lat' dir='ltr'>tale</span> <span class='ocrx_word' id='word_1_511' title='bbox 1079 3728 1302 3799; x_wconf 91' lang='lat' dir='ltr'>aliquid</span> <span class='ocrx_word' id='word_1_512' title='bbox 1328 3729 1633 3799; x_wconf 91' lang='lat' dir='ltr'>suspicari.</span> <span class='ocrx_word' id='word_1_513' title='bbox 1657 3731 1710 3784; x_wconf 90' lang='lat' dir='ltr'>Si</span> <span class='ocrx_word' id='word_1_514' title='bbox 1747 3731 1927 3803; x_wconf 87' lang='lat' dir='ltr'>igitur</span> <span class='ocrx_word' id='word_1_515' title='bbox 1958 3732 2108 3788; x_wconf 87' lang='lat' dir='ltr'>hunc</span> 
     </span>
    </p>
   </div>
   <div class='ocr_carea' id='block_1_71' title="bbox 466 3817 2104 3890">
    <p class='ocr_par' dir='ltr' id='par_1_71' title="bbox 466 3817 2104 3890">
     <span class='ocr_line' id='line_1_71' title="bbox 466 3817 2104 3890; baseline 0.002 -19"><span class='ocrx_word' id='word_1_516' title='bbox 466 3820 674 3872; x_wconf 89' lang='lat' dir='ltr'>testem</span> <span class='ocrx_word' id='word_1_517' title='bbox 731 3817 1014 3871; x_wconf 88' lang='lat' dir='ltr'>advocant</span> <span class='ocrx_word' id='word_1_518' title='bbox 1035 3818 1122 3872; x_wconf 87' lang='lat' dir='ltr'>sui</span> <span class='ocrx_word' id='word_1_519' title='bbox 1152 3818 1310 3888; x_wconf 89' lang='lat' dir='ltr'>pravi</span> <span class='ocrx_word' id='word_1_520' title='bbox 1363 3819 1671 3890; x_wconf 86' lang='lat' dir='ltr'>dogmatis,</span> <span class='ocrx_word' id='word_1_521' title='bbox 1705 3835 1807 3875; x_wconf 89' lang='lat' dir='ltr'>cur</span> <span class='ocrx_word' id='word_1_522' title='bbox 1835 3820 2104 3876; x_wconf 86' lang='lat' dir='ltr'>eumdem</span> 
     </span>
    </p>
   </div>
   <div class='ocr_carea' id='block_1_72' title="bbox 467 3905 2107 3979">
    <p class='ocr_par' dir='ltr' id='par_1_72' title="bbox 467 3905 2107 3979">
     <span class='ocr_line' id='line_1_72' title="bbox 467 3905 2107 3979; baseline 0.004 -21"><span class='ocrx_word' id='word_1_523' title='bbox 467 3905 759 3968; x_wconf 90' lang='lat' dir='ltr'>rejiciunt,</span> <span class='ocrx_word' id='word_1_524' title='bbox 792 3922 857 3960; x_wconf 89' lang='lat' dir='ltr'>ac</span> <span class='ocrx_word' id='word_1_525' title='bbox 906 3906 991 3961; x_wconf 87' lang='lat' dir='ltr'>vel</span> <span class='ocrx_word' id='word_1_526' title='bbox 1022 3906 1313 3975; x_wconf 73' lang='lat' dir='ltr'>angelum,</span> <span class='ocrx_word' id='word_1_527' title='bbox 1360 3906 1450 3961; x_wconf 90' lang='lat' dir='ltr'>vel</span> <span class='ocrx_word' id='word_1_528' title='bbox 1507 3923 1537 3962; x_wconf 87' lang='lat' dir='ltr'>e</span> <span class='ocrx_word' id='word_1_529' title='bbox 1595 3911 1810 3963; x_wconf 87' lang='lat' dir='ltr'>sanctis</span> <span class='ocrx_word' id='word_1_530' title='bbox 1853 3909 2107 3979; x_wconf 88' lang='lat' dir='ltr'>aliquem</span> 
     </span>
    </p>
   </div>
   <div class='ocr_carea' id='block_1_73' title="bbox 467 3993 2104 4068">
    <p class='ocr_par' dir='ltr' id='par_1_73' title="bbox 467 3993 2104 4068">
     <span class='ocr_line' id='line_1_73' title="bbox 467 3993 2104 4068; baseline 0.003 -20"><span class='ocrx_word' id='word_1_531' title='bbox 467 3993 622 4064; x_wconf 76' lang='lat' dir='ltr'>pingi</span> <span class='ocrx_word' id='word_1_532' title='bbox 638 4009 787 4064; x_wconf 65' lang='lat' dir='ltr'>aagre</span> <span class='ocrx_word' id='word_1_533' title='bbox 810 3995 998 4049; x_wconf 84' lang='lat' dir='ltr'>ferunt</span> <span class='ocrx_word' id='word_1_534' title='bbox 1019 3994 1046 4047; x_wconf 75' lang='lat' dir='ltr'>‘I</span> <span class='ocrx_word' id='word_1_535' title='bbox 1059 3995 1198 4051; x_wconf 89' lang='lat' dir='ltr'>Cum</span> <span class='ocrx_word' id='word_1_536' title='bbox 1215 3996 1369 4051; x_wconf 90' lang='lat' dir='ltr'>dicat</span> <span class='ocrx_word' id='word_1_537' title='bbox 1386 3995 1532 4050; x_wconf 87' lang='lat' dir='ltr'>aliou</span> <span class='ocrx_word' id='word_1_538' title='bbox 1543 3997 1596 4050; x_wconf 92' lang='lat' dir='ltr'>bi</span> <span class='ocrx_word' id='word_1_539' title='bbox 1615 3997 1692 4051; x_wconf 90' lang='lat' dir='ltr'>Ch</span> <span class='ocrx_word' id='word_1_540' title='bbox 1705 4003 2064 4068; x_wconf 88' lang='lat' dir='ltr'>rysostomus</span> <span class='ocrx_word' id='word_1_541' title='bbox 2091 4014 2104 4053; x_wconf 94' lang='lat'>:</span> 
     </span>
    </p>
   </div>
   <div class='ocr_carea' id='block_1_74' title="bbox 469 4084 2106 4154">
    <p class='ocr_par' dir='ltr' id='par_1_74' title="bbox 469 4084 2106 4154">
     <span class='ocr_line' id='line_1_74' title="bbox 469 4084 2106 4154; baseline 0.006 -21"><span class='ocrx_word' id='word_1_542' title='bbox 469 4105 497 4132; x_wconf 84' lang='lat'><strong>«</strong></span> <span class='ocrx_word' id='word_1_543' title='bbox 536 4084 696 4148; x_wconf 87' lang='lat' dir='ltr'>Quod</span> <span class='ocrx_word' id='word_1_544' title='bbox 737 4084 919 4154; x_wconf 90' lang='lat' dir='ltr'>igitur</span> <span class='ocrx_word' id='word_1_545' title='bbox 948 4084 1007 4138; x_wconf 93' lang='lat' dir='ltr'>in</span> <span class='ocrx_word' id='word_1_546' title='bbox 1041 4085 1374 4139; x_wconf 89' lang='lat' dir='ltr'>nominibus</span> <span class='ocrx_word' id='word_1_547' title='bbox 1420 4085 1659 4154; x_wconf 87' lang='lat' dir='ltr'>fecistis,</span> <span class='ocrx_word' id='word_1_548' title='bbox 1693 4086 1801 4142; x_wconf 86' lang='lat' dir='ltr'>hoc</span> <span class='ocrx_word' id='word_1_549' title='bbox 1829 4085 2021 4154; x_wconf 90' lang='lat' dir='ltr'>ipsum</span> <span class='ocrx_word' id='word_1_550' title='bbox 2047 4089 2106 4143; x_wconf 92' lang='lat' dir='ltr'>in</span> 
     </span>
    </p>
   </div>
   <div class='ocr_carea' id='block_1_75' title="bbox 467 4171 2109 4244">
    <p class='ocr_par' dir='ltr' id='par_1_75' title="bbox 467 4171 2109 4244">
     <span class='ocr_line' id='line_1_75' title="bbox 467 4171 2109 4244; baseline 0.003 -18"><span class='ocrx_word' id='word_1_551' title='bbox 467 4171 725 4240; x_wconf 78' lang='lat' dir='ltr'>ejusdem</span> <span class='ocrx_word' id='word_1_552' title='bbox 757 4172 1009 4244; x_wconf 89' lang='lat' dir='ltr'>imagine</span> <span class='ocrx_word' id='word_1_553' title='bbox 1068 4174 1421 4242; x_wconf 67' lang='lat' dir='ltr'>prestitistis</span> <span class='ocrx_word' id='word_1_554' title='bbox 1479 4173 1601 4243; x_wconf 64' lang='lat'>&#39;2,»</span> <span class='ocrx_word' id='word_1_555' title='bbox 1657 4175 1838 4230; x_wconf 88' lang='lat' dir='ltr'>sancti</span> <span class='ocrx_word' id='word_1_556' title='bbox 1896 4176 2109 4231; x_wconf 82' lang='lat' dir='ltr'>Meletii</span> 
     </span>
    </p>
   </div>
   <div class='ocr_carea' id='block_1_76' title="bbox 467 4260 2109 4334">
    <p class='ocr_par' dir='ltr' id='par_1_76' title="bbox 467 4260 2109 4334">
     <span class='ocr_line' id='line_1_76' title="bbox 467 4260 2109 4334; baseline 0.003 -18"><span class='ocrx_word' id='word_1_557' title='bbox 467 4260 707 4316; x_wconf 86' lang='lat' dir='ltr'>scilicet.</span> <span class='ocrx_word' id='word_1_558' title='bbox 740 4283 768 4310; x_wconf 90' lang='lat'><strong>«</strong></span> <span class='ocrx_word' id='word_1_559' title='bbox 801 4265 946 4316; x_wconf 81' lang='lat' dir='ltr'>Nam</span> <span class='ocrx_word' id='word_1_560' title='bbox 972 4267 1029 4316; x_wconf 90' lang='lat' dir='ltr'>et</span> <span class='ocrx_word' id='word_1_561' title='bbox 1053 4262 1108 4318; x_wconf 90' lang='lat' dir='ltr'>io</span> <span class='ocrx_word' id='word_1_562' title='bbox 1134 4261 1484 4318; x_wconf 89' lang='lat' dir='ltr'>annulorum</span> <span class='ocrx_word' id='word_1_563' title='bbox 1521 4263 1684 4334; x_wconf 84' lang='lat' dir='ltr'>palis,</span> <span class='ocrx_word' id='word_1_564' title='bbox 1715 4264 1850 4318; x_wconf 89' lang='lat' dir='ltr'>etin</span> <span class='ocrx_word' id='word_1_565' title='bbox 1883 4267 2109 4334; x_wconf 89' lang='lat' dir='ltr'>poculis</span> 
     </span>
    </p>
   </div>
   <div class='ocr_carea' id='block_1_77' title="bbox 467 4349 2111 4424">
    <p class='ocr_par' dir='ltr' id='par_1_77' title="bbox 467 4349 2111 4424">
     <span class='ocr_line' id='line_1_77' title="bbox 467 4349 2111 4424; baseline 0.005 -22"><span class='ocrx_word' id='word_1_566' title='bbox 467 4349 834 4420; x_wconf 88' lang='lat' dir='ltr'>paterisque,</span> <span class='ocrx_word' id='word_1_567' title='bbox 867 4355 924 4404; x_wconf 91' lang='lat' dir='ltr'>et</span> <span class='ocrx_word' id='word_1_568' title='bbox 954 4349 1012 4404; x_wconf 89' lang='lat' dir='ltr'>in</span> <span class='ocrx_word' id='word_1_569' title='bbox 1043 4349 1441 4406; x_wconf 91' lang='lat' dir='ltr'>cubiculorum</span> <span class='ocrx_word' id='word_1_570' title='bbox 1464 4352 1794 4422; x_wconf 82' lang='lat' dir='ltr'>parietibus,</span> <span class='ocrx_word' id='word_1_571' title='bbox 1820 4361 1877 4407; x_wconf 88' lang='lat' dir='ltr'>et</span> <span class='ocrx_word' id='word_1_572' title='bbox 1893 4354 2111 4424; x_wconf 85' lang='lat' dir='ltr'>ubique</span> 
     </span>
    </p>
   </div>
   <div class='ocr_carea' id='block_1_78' title="bbox 466 4438 2107 4516">
    <p class='ocr_par' dir='ltr' id='par_1_78' title="bbox 466 4438 2107 4516">
     <span class='ocr_line' id='line_1_78' title="bbox 466 4438 2107 4516; baseline 0.005 -25"><span class='ocrx_word' id='word_1_573' title='bbox 466 4438 685 4508; x_wconf 87' lang='lat' dir='ltr'>passim</span> <span class='ocrx_word' id='word_1_574' title='bbox 729 4445 986 4493; x_wconf 84' lang='lat' dir='ltr'>sanctam</span> <span class='ocrx_word' id='word_1_575' title='bbox 1031 4439 1191 4494; x_wconf 89' lang='lat' dir='ltr'>illam</span> <span class='ocrx_word' id='word_1_576' title='bbox 1222 4440 1536 4511; x_wconf 85' lang='lat' dir='ltr'>imaginem</span> <span class='ocrx_word' id='word_1_577' title='bbox 1577 4442 1746 4497; x_wconf 90' lang='lat' dir='ltr'>multi</span> <span class='ocrx_word' id='word_1_578' title='bbox 1778 4443 2107 4516; x_wconf 86' lang='lat' dir='ltr'>insculpse-</span> 
     </span>
    </p>
   </div>
   <div class='ocr_carea' id='block_1_79' title="bbox 466 4527 2102 4603">
    <p class='ocr_par' dir='ltr' id='par_1_79' title="bbox 466 4527 2102 4603">
     <span class='ocr_line' id='line_1_79' title="bbox 466 4527 2102 4603; baseline 0.005 -21"><span class='ocrx_word' id='word_1_579' title='bbox 466 4533 601 4582; x_wconf 89' lang='lat' dir='ltr'>runt</span> <span class='ocrx_word' id='word_1_580' title='bbox 632 4527 729 4599; x_wconf 77' lang='grc'>(1).</span> <span class='ocrx_word' id='word_1_581' title='bbox 763 4550 791 4578; x_wconf 78' lang='grc'>››</span> <span class='ocrx_word' id='word_1_582' title='bbox 841 4527 957 4583; x_wconf 92' lang='lat' dir='ltr'>Nec</span> <span class='ocrx_word' id='word_1_583' title='bbox 996 4532 1192 4584; x_wconf 89' lang='lat' dir='ltr'>tamen</span> <span class='ocrx_word' id='word_1_584' title='bbox 1224 4546 1391 4586; x_wconf 91' lang='lat' dir='ltr'>aures</span> <span class='ocrx_word' id='word_1_585' title='bbox 1424 4531 1472 4586; x_wconf 91' lang='lat' dir='ltr'>ei</span> <span class='ocrx_word' id='word_1_586' title='bbox 1508 4537 1756 4603; x_wconf 79' lang='lat' dir='ltr'>praebere</span> <span class='ocrx_word' id='word_1_587' title='bbox 1787 4537 2102 4590; x_wconf 88' lang='lat' dir='ltr'>sustinent.</span> 
     </span>
    </p>
   </div>
   <div class='ocr_carea' id='block_1_80' title="bbox 465 4615 2188 4707">
    <p class='ocr_par' dir='ltr' id='par_1_80' title="bbox 465 4615 2188 4707">
     <span class='ocr_line' id='line_1_80' title="bbox 465 4615 2188 4707; baseline 0.006 -35"><span class='ocrx_word' id='word_1_588' title='bbox 465 4615 546 4707; x_wconf 81' lang='lat' dir='ltr'>De</span> <span class='ocrx_word' id='word_1_589' title='bbox 567 4616 804 4672; x_wconf 87' lang='lat' dir='ltr'>historia</span> <span class='ocrx_word' id='word_1_590' title='bbox 836 4619 1022 4674; x_wconf 89' lang='lat' dir='ltr'>sancti</span> <span class='ocrx_word' id='word_1_591' title='bbox 1053 4619 1333 4675; x_wconf 86' lang='lat' dir='ltr'>Pancratii</span> <span class='ocrx_word' id='word_1_592' title='bbox 1369 4623 1523 4692; x_wconf 91' lang='lat' dir='ltr'>quod</span> <span class='ocrx_word' id='word_1_593' title='bbox 1561 4638 1670 4678; x_wconf 91' lang='lat' dir='ltr'>non</span> <span class='ocrx_word' id='word_1_594' title='bbox 1703 4621 1921 4694; x_wconf 87' lang='lat' dir='ltr'>liqueat</span> <span class='ocrx_word' id='word_1_595' title='bbox 1949 4642 1978 4678; x_wconf 88' lang='lat' dir='ltr'>a</span> <span class='ocrx_word' id='word_1_596' title='bbox 1999 4641 2110 4694; x_wconf 90' lang='lat' dir='ltr'>quo</span> <span class='ocrx_word' id='word_1_597' title='bbox 2142 4645 2188 4707; x_wconf 70' lang='grc' dir='ltr'>ι)</span> 
     </span>
    </p>
   </div>
   <div class='ocr_carea' id='block_1_81' title="bbox 464 4706 2110 4785">
    <p class='ocr_par' dir='ltr' id='par_1_81' title="bbox 464 4706 2110 4785">
     <span class='ocr_line' id='line_1_81' title="bbox 464 4706 2110 4785; baseline 0.004 -24"><span class='ocrx_word' id='word_1_598' title='bbox 464 4706 540 4762; x_wconf 90' lang='lat' dir='ltr'>sit</span> <span class='ocrx_word' id='word_1_599' title='bbox 570 4713 822 4772; x_wconf 87' lang='lat' dir='ltr'>exarata,</span> <span class='ocrx_word' id='word_1_600' title='bbox 863 4708 1003 4778; x_wconf 89' lang='lat' dir='ltr'>quid</span> <span class='ocrx_word' id='word_1_601' title='bbox 1061 4708 1232 4765; x_wconf 80' lang='lat' dir='ltr'>tum?</span> <span class='ocrx_word' id='word_1_602' title='bbox 1287 4709 1606 4782; x_wconf 80' lang='lat' dir='ltr'>Martyrum</span> <span class='ocrx_word' id='word_1_603' title='bbox 1640 4717 1806 4783; x_wconf 90' lang='lat' dir='ltr'>gesta</span> <span class='ocrx_word' id='word_1_604' title='bbox 1836 4711 2110 4785; x_wconf 85' lang='lat' dir='ltr'>pleraque</span> 
     </span>
    </p>
   </div>
   <div class='ocr_carea' id='block_1_82' title="bbox 464 4795 2105 4870">
    <p class='ocr_par' dir='ltr' id='par_1_82' title="bbox 464 4795 2105 4870">
     <span class='ocr_line' id='line_1_82' title="bbox 464 4795 2105 4870; baseline 0.005 -20"><span class='ocrx_word' id='word_1_605' title='bbox 464 4795 658 4850; x_wconf 91' lang='lat' dir='ltr'>omnia</span> <span class='ocrx_word' id='word_1_606' title='bbox 709 4796 870 4852; x_wconf 92' lang='lat' dir='ltr'>nullo</span> <span class='ocrx_word' id='word_1_607' title='bbox 901 4801 1040 4852; x_wconf 90' lang='lat' dir='ltr'>sunt</span> <span class='ocrx_word' id='word_1_608' title='bbox 1068 4798 1346 4870; x_wconf 87' lang='lat' dir='ltr'>inscripta</span> <span class='ocrx_word' id='word_1_609' title='bbox 1377 4802 1541 4855; x_wconf 91' lang='lat' dir='ltr'>titulo</span> <span class='ocrx_word' id='word_1_610' title='bbox 1569 4816 1582 4856; x_wconf 90' lang='lat'><strong>:</strong></span> <span class='ocrx_word' id='word_1_611' title='bbox 1647 4807 1706 4856; x_wconf 92' lang='lat' dir='ltr'>at</span> <span class='ocrx_word' id='word_1_612' title='bbox 1735 4809 1872 4857; x_wconf 90' lang='lat' dir='ltr'>sunt</span> <span class='ocrx_word' id='word_1_613' title='bbox 1904 4804 2105 4858; x_wconf 88' lang='lat' dir='ltr'>eadem</span> 
     </span>
    </p>
   </div>
   <div class='ocr_carea' id='block_1_83' title="bbox 467 4885 2109 4961">
    <p class='ocr_par' dir='ltr' id='par_1_83' title="bbox 467 4885 2109 4961">
     <span class='ocr_line' id='line_1_83' title="bbox 467 4885 2109 4961; baseline 0.005 -22"><span class='ocrx_word' id='word_1_614' title='bbox 467 4891 658 4939; x_wconf 88' lang='lat' dir='ltr'>tamen</span> <span class='ocrx_word' id='word_1_615' title='bbox 717 4885 997 4942; x_wconf 84' lang='lat' dir='ltr'>sincera:</span> <span class='ocrx_word' id='word_1_616' title='bbox 1048 4892 1220 4957; x_wconf 86' lang='lat' dir='ltr'>atque</span> <span class='ocrx_word' id='word_1_617' title='bbox 1249 4888 1382 4943; x_wconf 93' lang='lat' dir='ltr'>inde</span> <span class='ocrx_word' id='word_1_618' title='bbox 1439 4891 1701 4945; x_wconf 89' lang='lat' dir='ltr'>doctores</span> <span class='ocrx_word' id='word_1_619' title='bbox 1761 4893 2109 4961; x_wconf 87' lang='lat' dir='ltr'>depromunt</span> 
     </span>
    </p>
   </div>
   <div class='ocr_carea' id='block_1_84' title="bbox 465 4973 2110 5048">
    <p class='ocr_par' dir='ltr' id='par_1_84' title="bbox 465 4973 2110 5048">
     <span class='ocr_line' id='line_1_84' title="bbox 465 4973 2110 5048; baseline 0.005 -20"><span class='ocrx_word' id='word_1_620' title='bbox 465 4979 803 5044; x_wconf 87' lang='lat' dir='ltr'>argumenta</span> <span class='ocrx_word' id='word_1_621' title='bbox 833 4973 891 5030; x_wconf 91' lang='lat' dir='ltr'>in</span> <span class='ocrx_word' id='word_1_622' title='bbox 926 4982 1247 5048; x_wconf 81' lang='lat' dir='ltr'>martyrum</span> <span class='ocrx_word' id='word_1_623' title='bbox 1279 4976 1530 5034; x_wconf 87' lang='lat' dir='ltr'>laudem.</span> <span class='ocrx_word' id='word_1_624' title='bbox 1565 4977 1784 5034; x_wconf 90' lang='lat' dir='ltr'>Colitur</span> <span class='ocrx_word' id='word_1_625' title='bbox 1813 4981 1870 5035; x_wconf 90' lang='lat' dir='ltr'>in</span> <span class='ocrx_word' id='word_1_626' title='bbox 1913 4981 2110 5036; x_wconf 85' lang='lat' dir='ltr'>Sicilia</span> 
     </span>
    </p>
   </div>
   <div class='ocr_carea' id='block_1_85' title="bbox 462 5065 2112 5138">
    <p class='ocr_par' dir='ltr' id='par_1_85' title="bbox 462 5065 2112 5138">
     <span class='ocr_line' id='line_1_85' title="bbox 462 5065 2112 5138; baseline 0.004 -20"><span class='ocrx_word' id='word_1_627' title='bbox 462 5069 701 5120; x_wconf 87' lang='lat' dir='ltr'>sanctus</span> <span class='ocrx_word' id='word_1_628' title='bbox 756 5065 1244 5131; x_wconf 75' lang='lat' dir='ltr'>Pancratius,a-de</span> <span class='ocrx_word' id='word_1_629' title='bbox 1269 5069 1539 5134; x_wconf 86' lang='lat' dir='ltr'>maxima,</span> <span class='ocrx_word' id='word_1_630' title='bbox 1566 5068 1640 5122; x_wconf 85' lang='lat' dir='ltr'>ﬁn</span> <span class='ocrx_word' id='word_1_631' title='bbox 1685 5084 1801 5138; x_wconf 84' lang='lat' dir='ltr'>qua</span> <span class='ocrx_word' id='word_1_632' title='bbox 1840 5077 1893 5123; x_wconf 90' lang='lat' dir='ltr'>et</span> <span class='ocrx_word' id='word_1_633' title='bbox 1937 5071 2112 5124; x_wconf 85' lang='lat' dir='ltr'>mira-</span> 
     </span>
    </p>
   </div>
   <div class='ocr_carea' id='block_1_86' title="bbox 465 5152 2109 5226">
    <p class='ocr_par' dir='ltr' id='par_1_86' title="bbox 465 5152 2109 5226">
     <span class='ocr_line' id='line_1_86' title="bbox 465 5152 2109 5226; baseline 0.002 -19"><span class='ocrx_word' id='word_1_634' title='bbox 465 5152 594 5207; x_wconf 88' lang='lat' dir='ltr'>cula</span> <span class='ocrx_word' id='word_1_635' title='bbox 617 5153 704 5207; x_wconf 88' lang='lat' dir='ltr'>edi</span> <span class='ocrx_word' id='word_1_636' title='bbox 737 5159 998 5210; x_wconf 87' lang='lat' dir='ltr'>narrant.</span> <span class='ocrx_word' id='word_1_637' title='bbox 1023 5154 1130 5220; x_wconf 86' lang='lat' dir='ltr'>Qui</span> <span class='ocrx_word' id='word_1_638' title='bbox 1164 5155 1336 5226; x_wconf 89' lang='lat' dir='ltr'>igitur</span> <span class='ocrx_word' id='word_1_639' title='bbox 1354 5155 1650 5209; x_wconf 87' lang='lat' dir='ltr'>historiam</span> <span class='ocrx_word' id='word_1_640' title='bbox 1687 5173 1802 5211; x_wconf 90' lang='lat' dir='ltr'>non</span> <span class='ocrx_word' id='word_1_641' title='bbox 1833 5157 2109 5225; x_wconf 87' lang='lat' dir='ltr'>admittit,</span> 
     </span>
    </p>
   </div>
   <div class='ocr_carea' id='block_1_87' title="bbox 465 5245 2106 5318">
    <p class='ocr_par' dir='ltr' id='par_1_87' title="bbox 465 5245 2106 5318">
     <span class='ocr_line' id='line_1_87' title="bbox 465 5245 2106 5318; baseline 0.003 -20"><span class='ocrx_word' id='word_1_642' title='bbox 465 5248 776 5315; x_wconf 82' lang='lat' dir='ltr'>martyrem</span> <span class='ocrx_word' id='word_1_643' title='bbox 837 5260 954 5298; x_wconf 90' lang='lat' dir='ltr'>una</span> <span class='ocrx_word' id='word_1_644' title='bbox 1001 5245 1270 5300; x_wconf 89' lang='lat' dir='ltr'>videlicet</span> <span class='ocrx_word' id='word_1_645' title='bbox 1294 5250 1657 5316; x_wconf 86' lang='lat' dir='ltr'>aspernatur.</span> <span class='ocrx_word' id='word_1_646' title='bbox 1702 5249 1832 5301; x_wconf 72' lang='lat' dir='ltr'>Haec</span> <span class='ocrx_word' id='word_1_647' title='bbox 1873 5247 2106 5318; x_wconf 90' lang='lat' dir='ltr'>quidem</span> 
     </span>
    </p>
   </div>
   <div class='ocr_carea' id='block_1_88' title="bbox 533 5385 1110 5454">
    <p class='ocr_par' dir='ltr' id='par_1_88' title="bbox 533 5385 1110 5454">
     <span class='ocr_line' id='line_1_88' title="bbox 533 5385 1110 5454; baseline 0.003 -12"><span class='ocrx_word' id='word_1_648' title='bbox 533 5387 577 5423; x_wconf 84' lang='grc'>²¹</span> <span class='ocrx_word' id='word_1_649' title='bbox 610 5385 762 5443; x_wconf 87' lang='lat' dir='ltr'>Psal.</span> <span class='ocrx_word' id='word_1_650' title='bbox 786 5403 946 5454; x_wconf 86' lang='lat' dir='ltr'>cxm,</span> <span class='ocrx_word' id='word_1_651' title='bbox 966 5389 1025 5453; x_wconf 87' lang='lat'>6,</span> <span class='ocrx_word' id='word_1_652' title='bbox 1056 5389 1110 5444; x_wconf 93' lang='lat'>7.</span> 
     </span>
    </p>
   </div>
   <div class='ocr_carea' id='block_1_89' title="bbox 2218 3366 3834 3449">
    <p class='ocr_par' dir='ltr' id='par_1_89' title="bbox 2218 3366 3834 3449">
     <span class='ocr_line' id='line_1_89' title="bbox 2218 3366 3834 3449; baseline -0.001 -25"><span class='ocrx_word' id='word_1_653' title='bbox 2218 3366 2279 3424; x_wconf 85' lang='grc' dir='ltr'>Εἰ</span> <span class='ocrx_word' id='word_1_654' title='bbox 2333 3369 2434 3442; x_wconf 76' lang='grc' dir='ltr'>γὰρ</span> <span class='ocrx_word' id='word_1_655' title='bbox 2490 3367 2583 3422; x_wconf 91' lang='grc' dir='ltr'>τὸν</span> <span class='ocrx_word' id='word_1_656' title='bbox 2641 3367 2931 3440; x_wconf 82' lang='grc' dir='ltr'>ἀσώματον</span> <span class='ocrx_word' id='word_1_657' title='bbox 2988 3367 3216 3444; x_wconf 76' lang='grc' dir='ltr'>ἄγγελον</span> <span class='ocrx_word' id='word_1_658' title='bbox 3271 3367 3400 3425; x_wconf 85' lang='grc' dir='ltr'>ἰδεῖν</span> <span class='ocrx_word' id='word_1_659' title='bbox 3430 3369 3534 3449; x_wconf 70' lang='grc' dir='ltr'>ἔφη</span> <span class='ocrx_word' id='word_1_660' title='bbox 3586 3371 3638 3427; x_wconf 73' lang='grc' dir='ltr'>ἑν</span> <span class='ocrx_word' id='word_1_661' title='bbox 3671 3370 3834 3436; x_wconf 69' lang='grc' dir='ltr'>εῗκόνι,</span> 
     </span>
    </p>
   </div>
   <div class='ocr_carea' id='block_1_90' title="bbox 2214 3457 3833 3534">
    <p class='ocr_par' dir='ltr' id='par_1_90' title="bbox 2214 3457 3833 3534">
     <span class='ocr_line' id='line_1_90' title="bbox 2214 3457 3833 3534; baseline 0.001 -23"><span class='ocrx_word' id='word_1_662' title='bbox 2214 3458 2304 3511; x_wconf 88' lang='grc' dir='ltr'>τὸν</span> <span class='ocrx_word' id='word_1_663' title='bbox 2348 3457 2656 3528; x_wconf 75' lang='grc' dir='ltr'>ἐνσώματον</span> <span class='ocrx_word' id='word_1_664' title='bbox 2720 3458 2946 3530; x_wconf 87' lang='grc' dir='ltr'>Χριστὸν</span> <span class='ocrx_word' id='word_1_665' title='bbox 3016 3459 3077 3513; x_wconf 81' lang='grc' dir='ltr'>οὐ</span> <span class='ocrx_word' id='word_1_666' title='bbox 3140 3457 3328 3534; x_wconf 75' lang='grc' dir='ltr'>βλέπει</span> <span class='ocrx_word' id='word_1_667' title='bbox 3405 3459 3833 3533; x_wconf 79' lang='grc' dir='ltr'>εἷκυνιζόμενον;</span> 
     </span>
    </p>
   </div>
   <div class='ocr_carea' id='block_1_91' title="bbox 2218 3543 3834 3622">
    <p class='ocr_par' dir='ltr' id='par_1_91' title="bbox 2218 3543 3834 3622">
     <span class='ocr_line' id='line_1_91' title="bbox 2218 3543 3834 3622; baseline 0.001 -24"><span class='ocrx_word' id='word_1_668' title='bbox 2218 3543 2435 3613; x_wconf 80' lang='grc' dir='ltr'>ἠλίθιον</span> <span class='ocrx_word' id='word_1_669' title='bbox 2494 3544 2585 3599; x_wconf 78' lang='grc' dir='ltr'>οὖν</span> <span class='ocrx_word' id='word_1_670' title='bbox 2630 3545 2878 3600; x_wconf 82' lang='grc' dir='ltr'>τοιοῦτόν</span> <span class='ocrx_word' id='word_1_671' title='bbox 2935 3566 2987 3600; x_wconf 91' lang='grc' dir='ltr'>τι</span> <span class='ocrx_word' id='word_1_672' title='bbox 3019 3546 3142 3621; x_wconf 83' lang='grc' dir='ltr'>περὶ</span> <span class='ocrx_word' id='word_1_673' title='bbox 3172 3553 3270 3602; x_wconf 80' lang='grc' dir='ltr'>τοῦ</span> <span class='ocrx_word' id='word_1_674' title='bbox 3315 3547 3477 3622; x_wconf 87' lang='grc' dir='ltr'>ἁγίου</span> <span class='ocrx_word' id='word_1_675' title='bbox 3532 3543 3834 3621; x_wconf 64' lang='grc' dir='ltr'>ὑπολαμϐά-</span> 
     </span>
    </p>
   </div>
   <div class='ocr_carea' id='block_1_92' title="bbox 2216 3633 3833 3712">
    <p class='ocr_par' dir='ltr' id='par_1_92' title="bbox 2216 3633 3833 3712">
     <span class='ocr_line' id='line_1_92' title="bbox 2216 3633 3833 3712; baseline 0.002 -25"><span class='ocrx_word' id='word_1_676' title='bbox 2216 3655 2342 3689; x_wconf 85' lang='grc' dir='ltr'>νειν.</span> <span class='ocrx_word' id='word_1_677' title='bbox 2377 3633 2440 3688; x_wconf 86' lang='grc' dir='ltr'>Εἰ</span> <span class='ocrx_word' id='word_1_678' title='bbox 2471 3634 2564 3689; x_wconf 76' lang='grc' dir='ltr'>οὖν</span> <span class='ocrx_word' id='word_1_679' title='bbox 2598 3634 2673 3696; x_wconf 80' lang='grc' dir='ltr'>εἰς</span> <span class='ocrx_word' id='word_1_680' title='bbox 2697 3635 2992 3708; x_wconf 85' lang='grc' dir='ltr'>μαρτυρίαν</span> <span class='ocrx_word' id='word_1_681' title='bbox 3023 3636 3183 3690; x_wconf 80' lang='grc' dir='ltr'>αὐτὸν</span> <span class='ocrx_word' id='word_1_682' title='bbox 3235 3634 3424 3712; x_wconf 79' lang='grc' dir='ltr'>ἔχουσι</span> <span class='ocrx_word' id='word_1_683' title='bbox 3473 3643 3574 3694; x_wconf 81' lang='grc' dir='ltr'>τοῦ</span> <span class='ocrx_word' id='word_1_684' title='bbox 3620 3640 3833 3710; x_wconf 82' lang='grc' dir='ltr'>πονηροῦ</span> 
     </span>
    </p>
   </div>
   <div class='ocr_carea' id='block_1_93' title="bbox 2218 3720 3832 3801">
    <p class='ocr_par' dir='ltr' id='par_1_93' title="bbox 2218 3720 3832 3801">
     <span class='ocr_line' id='line_1_93' title="bbox 2218 3720 3832 3801; baseline 0.002 -24"><span class='ocrx_word' id='word_1_685' title='bbox 2218 3721 2393 3777; x_wconf 69' lang='grc' dir='ltr'>αὗτῶν</span> <span class='ocrx_word' id='word_1_686' title='bbox 2425 3720 2695 3796; x_wconf 83' lang='grc' dir='ltr'>δόγματος</span> <span class='ocrx_word' id='word_1_687' title='bbox 2730 3745 2742 3756; x_wconf 94' lang='grc'><strong>·</strong></span> <span class='ocrx_word' id='word_1_688' title='bbox 2775 3723 2830 3778; x_wconf 89' lang='grc' dir='ltr'>τί</span> <span class='ocrx_word' id='word_1_689' title='bbox 2859 3726 2950 3781; x_wconf 81' lang='grc' dir='ltr'>τὸν</span> <span class='ocrx_word' id='word_1_690' title='bbox 2983 3723 3144 3781; x_wconf 78' lang='grc' dir='ltr'>αὐτὸν</span> <span class='ocrx_word' id='word_1_691' title='bbox 3195 3723 3630 3798; x_wconf 78' lang='grc' dir='ltr'>ἆποϐἀλλονται,</span> <span class='ocrx_word' id='word_1_692' title='bbox 3666 3731 3733 3801; x_wconf 80' lang='grc' dir='ltr'>μή</span> <span class='ocrx_word' id='word_1_693' title='bbox 3765 3724 3832 3781; x_wconf 76' lang='grc' dir='ltr'>διο</span> 
     </span>
    </p>
   </div>
   <div class='ocr_carea' id='block_1_94' title="bbox 2217 3811 3831 3889">
    <p class='ocr_par' dir='ltr' id='par_1_94' title="bbox 2217 3811 3831 3889">
     <span class='ocr_line' id='line_1_94' title="bbox 2217 3811 3831 3889; baseline 0.001 -23"><span class='ocrx_word' id='word_1_694' title='bbox 2217 3812 2446 3886; x_wconf 85' lang='grc' dir='ltr'>χόμενοι</span> <span class='ocrx_word' id='word_1_695' title='bbox 2477 3811 2712 3889; x_wconf 80' lang='grc' dir='ltr'>ἄγγελον</span> <span class='ocrx_word' id='word_1_696' title='bbox 2736 3812 3110 3882; x_wconf 71' lang='grc' dir='ltr'>εἴκονίζεσθαι,</span> <span class='ocrx_word' id='word_1_697' title='bbox 3147 3812 3277 3887; x_wconf 78' lang='grc' dir='ltr'>μηδ’</span> <span class='ocrx_word' id='word_1_698' title='bbox 3307 3814 3373 3869; x_wconf 74' lang='grc' dir='ltr'>αὖ</span> <span class='ocrx_word' id='word_1_699' title='bbox 3419 3835 3542 3871; x_wconf 89' lang='grc' dir='ltr'>τινα</span> <span class='ocrx_word' id='word_1_700' title='bbox 3586 3822 3689 3872; x_wconf 85' lang='grc' dir='ltr'>τῶν</span> <span class='ocrx_word' id='word_1_701' title='bbox 3735 3817 3831 3868; x_wconf 75' lang='lat' dir='ltr'>Oeo-</span> 
     </span>
    </p>
   </div>
   <div class='ocr_carea' id='block_1_95' title="bbox 2217 3900 3830 3980">
    <p class='ocr_par' dir='ltr' id='par_1_95' title="bbox 2217 3900 3830 3980">
     <span class='ocr_line' id='line_1_95' title="bbox 2217 3900 3830 3980; baseline 0.002 -25"><span class='ocrx_word' id='word_1_702' title='bbox 2217 3903 2399 3978; x_wconf 78' lang='grc' dir='ltr'>φόρων</span> <span class='ocrx_word' id='word_1_703' title='bbox 2432 3923 2447 3973; x_wconf 87' lang='grc'><strong>;</strong></span> <span class='ocrx_word' id='word_1_704' title='bbox 2481 3900 2733 3974; x_wconf 78' lang='grc' dir='ltr'>λὲγοντος</span> <span class='ocrx_word' id='word_1_705' title='bbox 2765 3900 2873 3957; x_wconf 78' lang='grc' dir='ltr'><strong>ὥδέ</strong></span> <span class='ocrx_word' id='word_1_706' title='bbox 2902 3924 3007 3957; x_wconf 87' lang='grc' dir='ltr'>που</span> <span class='ocrx_word' id='word_1_707' title='bbox 3038 3907 3134 3957; x_wconf 79' lang='grc' dir='ltr'>τοῦ</span> <span class='ocrx_word' id='word_1_708' title='bbox 3173 3906 3578 3980; x_wconf 85' lang='grc' dir='ltr'>Χρυσοστόμου</span> <span class='ocrx_word' id='word_1_709' title='bbox 3602 3923 3615 3939; x_wconf 84' lang='lat'><strong><em>°</em></strong></span> <span class='ocrx_word' id='word_1_710' title='bbox 3639 3929 3667 3959; x_wconf 77' lang='grc' dir='ltr'>α</span> <span class='ocrx_word' id='word_1_711' title='bbox 3689 3909 3830 3973; x_wconf 77' lang='grc' dir='ltr'>Ὅπερ</span> 
     </span>
    </p>
   </div>
   <div class='ocr_carea' id='block_1_96' title="bbox 2215 3993 3832 4066">
    <p class='ocr_par' dir='ltr' id='par_1_96' title="bbox 2215 3993 3832 4066">
     <span class='ocr_line' id='line_1_96' title="bbox 2215 3993 3832 4066; baseline 0.001 -20"><span class='ocrx_word' id='word_1_712' title='bbox 2215 3997 2347 4066; x_wconf 79' lang='grc' dir='ltr'>γοῦν</span> <span class='ocrx_word' id='word_1_713' title='bbox 2407 3993 2457 4046; x_wconf 83' lang='grc' dir='ltr'>ἐν</span> <span class='ocrx_word' id='word_1_714' title='bbox 2505 3993 2761 4065; x_wconf 80' lang='grc' dir='ltr'>ὀνόμασιν</span> <span class='ocrx_word' id='word_1_715' title='bbox 2820 3993 3130 4063; x_wconf 75' lang='grc' dir='ltr'>ἐποιήσατε,</span> <span class='ocrx_word' id='word_1_716' title='bbox 3170 3999 3332 4051; x_wconf 81' lang='grc' dir='ltr'>τοῦτο</span> <span class='ocrx_word' id='word_1_717' title='bbox 3379 3995 3466 4051; x_wconf 82' lang='grc' dir='ltr'>ἐπὶ</span> <span class='ocrx_word' id='word_1_718' title='bbox 3514 4004 3614 4066; x_wconf 82' lang='grc' dir='ltr'>τῆς</span> <span class='ocrx_word' id='word_1_719' title='bbox 3652 3996 3832 4053; x_wconf 81' lang='grc' dir='ltr'>εἰκόνος</span> 
     </span>
    </p>
   </div>
   <div class='ocr_carea' id='block_1_97' title="bbox 2217 4079 3826 4159">
    <p class='ocr_par' dir='ltr' id='par_1_97' title="bbox 2217 4079 3826 4159">
     <span class='ocr_line' id='line_1_97' title="bbox 2217 4079 3826 4159; baseline 0.001 -25"><span class='ocrx_word' id='word_1_720' title='bbox 2217 4079 2476 4154; x_wconf 75' lang='grc' dir='ltr'>ἰπράξατε</span> <span class='ocrx_word' id='word_1_721' title='bbox 2502 4088 2601 4150; x_wconf 78' lang='grc' dir='ltr'>τῆς</span> <span class='ocrx_word' id='word_1_722' title='bbox 2633 4080 2836 4136; x_wconf 80' lang='grc' dir='ltr'>ἐκείνου</span> <span class='ocrx_word' id='word_1_723' title='bbox 2869 4099 2884 4116; x_wconf 74' lang='grc'><strong><em>⁸</em></strong></span> <span class='ocrx_word' id='word_1_724' title='bbox 2920 4105 2948 4133; x_wconf 86' lang='grc'><strong>››</strong></span> <span class='ocrx_word' id='word_1_725' title='bbox 2977 4082 3145 4156; x_wconf 77' lang='grc' dir='ltr'>ἤγουν</span> <span class='ocrx_word' id='word_1_726' title='bbox 3197 4081 3468 4140; x_wconf 86' lang='grc' dir='ltr'>Μελετίου</span> <span class='ocrx_word' id='word_1_727' title='bbox 3528 4090 3624 4140; x_wconf 78' lang='grc' dir='ltr'>τοῦ</span> <span class='ocrx_word' id='word_1_728' title='bbox 3653 4085 3790 4159; x_wconf 81' lang='grc' dir='ltr'>ἁγίου</span> <span class='ocrx_word' id='word_1_729' title='bbox 3817 4099 3826 4113; x_wconf 91' lang='grc'><strong>·</strong></span> 
     </span>
    </p>
   </div>
   <div class='ocr_carea' id='block_1_98' title="bbox 2217 4167 3831 4252">
    <p class='ocr_par' dir='ltr' id='par_1_98' title="bbox 2217 4167 3831 4252">
     <span class='ocr_line' id='line_1_98' title="bbox 2217 4167 3831 4252; baseline 0.002 -30"><span class='ocrx_word' id='word_1_730' title='bbox 2217 4169 2369 4224; x_wconf 81' lang='grc' dir='ltr'>«Καὶ</span> <span class='ocrx_word' id='word_1_731' title='bbox 2399 4170 2502 4244; x_wconf 79' lang='grc' dir='ltr'>γὰρ</span> <span class='ocrx_word' id='word_1_732' title='bbox 2561 4170 2652 4225; x_wconf 78' lang='grc' dir='ltr'>καὶ</span> <span class='ocrx_word' id='word_1_733' title='bbox 2702 4170 2754 4225; x_wconf 86' lang='grc' dir='ltr'>ἐν</span> <span class='ocrx_word' id='word_1_734' title='bbox 2805 4167 3107 4227; x_wconf 83' lang='grc' dir='ltr'>δακτυλίων</span> <span class='ocrx_word' id='word_1_735' title='bbox 3162 4171 3496 4252; x_wconf 74' lang='grc' dir='ltr'>σφενδόναις,</span> <span class='ocrx_word' id='word_1_736' title='bbox 3543 4175 3631 4230; x_wconf 80' lang='grc' dir='ltr'>καὶ</span> <span class='ocrx_word' id='word_1_737' title='bbox 3674 4173 3723 4229; x_wconf 83' lang='grc' dir='ltr'>ἐν</span> <span class='ocrx_word' id='word_1_738' title='bbox 3767 4173 3831 4226; x_wconf 80' lang='grc' dir='ltr'>ἐκ·</span> 
     </span>
    </p>
   </div>
   <div class='ocr_carea' id='block_1_99' title="bbox 2215 4259 3827 4338">
    <p class='ocr_par' dir='ltr' id='par_1_99' title="bbox 2215 4259 3827 4338">
     <span class='ocr_line' id='line_1_99' title="bbox 2215 4259 3827 4338; baseline 0.001 -26"><span class='ocrx_word' id='word_1_739' title='bbox 2215 4260 2426 4330; x_wconf 82' lang='grc' dir='ltr'>πόμασι</span> <span class='ocrx_word' id='word_1_740' title='bbox 2482 4260 2573 4314; x_wconf 84' lang='grc' dir='ltr'>καὶ</span> <span class='ocrx_word' id='word_1_741' title='bbox 2613 4259 2856 4338; x_wconf 70' lang='grc' dir='ltr'>φιάλαις,</span> <span class='ocrx_word' id='word_1_742' title='bbox 2912 4261 3000 4315; x_wconf 83' lang='grc' dir='ltr'>καὶ</span> <span class='ocrx_word' id='word_1_743' title='bbox 3059 4264 3111 4316; x_wconf 79' lang='grc' dir='ltr'>ἐν</span> <span class='ocrx_word' id='word_1_744' title='bbox 3173 4261 3434 4336; x_wconf 80' lang='grc' dir='ltr'>θαλάμων</span> <span class='ocrx_word' id='word_1_745' title='bbox 3475 4265 3708 4338; x_wconf 80' lang='grc' dir='ltr'>τοίχοις,</span> <span class='ocrx_word' id='word_1_746' title='bbox 3756 4261 3827 4316; x_wconf 71' lang='grc' dir='ltr'>καὶ</span> 
     </span>
    </p>
   </div>
   <div class='ocr_carea' id='block_1_100' title="bbox 2215 4349 3826 4428">
    <p class='ocr_par' dir='ltr' id='par_1_100' title="bbox 2215 4349 3826 4428">
     <span class='ocr_line' id='line_1_100' title="bbox 2215 4349 3826 4428; baseline 0.001 -25"><span class='ocrx_word' id='word_1_747' title='bbox 2215 4352 2496 4424; x_wconf 77' lang='grc' dir='ltr'>πανταχοῦ</span> <span class='ocrx_word' id='word_1_748' title='bbox 2543 4351 2642 4416; x_wconf 78' lang='grc' dir='ltr'>τὴν</span> <span class='ocrx_word' id='word_1_749' title='bbox 2695 4349 2875 4405; x_wconf 76' lang='grc' dir='ltr'>εἰκόνα</span> <span class='ocrx_word' id='word_1_750' title='bbox 2922 4353 3023 4419; x_wconf 80' lang='grc' dir='ltr'>τήν</span> <span class='ocrx_word' id='word_1_751' title='bbox 3072 4351 3227 4424; x_wconf 81' lang='grc' dir='ltr'>ἁγίαν</span> <span class='ocrx_word' id='word_1_752' title='bbox 3275 4353 3484 4423; x_wconf 74' lang='grc' dir='ltr'>ἐκείνην</span> <span class='ocrx_word' id='word_1_753' title='bbox 3536 4351 3826 4428; x_wconf 76' lang='grc' dir='ltr'>διεχὰραξαν</span> 
     </span>
    </p>
   </div>
   <div class='ocr_carea' id='block_1_101' title="bbox 2215 4439 3826 4520">
    <p class='ocr_par' dir='ltr' id='par_1_101' title="bbox 2215 4439 3826 4520">
     <span class='ocr_line' id='line_1_101' title="bbox 2215 4439 3826 4520; baseline 0 -25"><span class='ocrx_word' id='word_1_754' title='bbox 2215 4439 2442 4496; x_wconf 87' lang='grc' dir='ltr'>πολλοί.</span> <span class='ocrx_word' id='word_1_755' title='bbox 2477 4441 2682 4498; x_wconf 84' lang='grc' dir='ltr'>»Ἀλλ’</span> <span class='ocrx_word' id='word_1_756' title='bbox 2715 4443 2868 4515; x_wconf 84' lang='grc' dir='ltr'>ὅμως</span> <span class='ocrx_word' id='word_1_757' title='bbox 2902 4440 3026 4498; x_wconf 80' lang='grc' dir='ltr'>οὐδὲ</span> <span class='ocrx_word' id='word_1_758' title='bbox 3067 4444 3288 4500; x_wconf 79' lang='grc' dir='ltr'>ἀκοῦσαι</span> <span class='ocrx_word' id='word_1_759' title='bbox 3329 4445 3491 4501; x_wconf 83' lang='grc' dir='ltr'>αὐτοῦ</span> <span class='ocrx_word' id='word_1_760' title='bbox 3547 4445 3826 4520; x_wconf 79' lang='grc' dir='ltr'>ἀνέχονται.</span> 
     </span>
    </p>
   </div>
   <div class='ocr_carea' id='block_1_102' title="bbox 2219 4529 3830 4608">
    <p class='ocr_par' dir='ltr' id='par_1_102' title="bbox 2219 4529 3830 4608">
     <span class='ocr_line' id='line_1_102' title="bbox 2219 4529 3830 4608; baseline 0 -23"><span class='ocrx_word' id='word_1_761' title='bbox 2219 4529 2350 4605; x_wconf 86' lang='grc' dir='ltr'>Περί</span> <span class='ocrx_word' id='word_1_762' title='bbox 2397 4538 2496 4600; x_wconf 82' lang='grc' dir='ltr'>τῆς</span> <span class='ocrx_word' id='word_1_763' title='bbox 2541 4531 2782 4606; x_wconf 75' lang='grc' dir='ltr'>ἱστορίας</span> <span class='ocrx_word' id='word_1_764' title='bbox 2822 4536 2919 4588; x_wconf 81' lang='grc' dir='ltr'>τοῦ</span> <span class='ocrx_word' id='word_1_765' title='bbox 2968 4533 3120 4608; x_wconf 81' lang='grc' dir='ltr'>ἁγίου</span> <span class='ocrx_word' id='word_1_766' title='bbox 3163 4535 3525 4608; x_wconf 83' lang='grc' dir='ltr'>Παγκρατίου,</span> <span class='ocrx_word' id='word_1_767' title='bbox 3558 4534 3720 4590; x_wconf 78' lang='grc' dir='ltr'>ὅτιού</span> <span class='ocrx_word' id='word_1_768' title='bbox 3747 4529 3830 4598; x_wconf 78' lang='grc' dir='ltr'>δη·</span> 
     </span>
    </p>
   </div>
   <div class='ocr_carea' id='block_1_103' title="bbox 2217 4617 3828 4699">
    <p class='ocr_par' dir='ltr' id='par_1_103' title="bbox 2217 4617 3828 4699">
     <span class='ocr_line' id='line_1_103' title="bbox 2217 4617 3828 4699; baseline 0.001 -25"><span class='ocrx_word' id='word_1_769' title='bbox 2217 4617 2312 4675; x_wconf 87' lang='grc' dir='ltr'>λοῖ</span> <span class='ocrx_word' id='word_1_770' title='bbox 2366 4622 2501 4694; x_wconf 89' lang='grc' dir='ltr'>πρὸς</span> <span class='ocrx_word' id='word_1_771' title='bbox 2550 4620 2694 4684; x_wconf 88' lang='grc' dir='ltr'>τίνος</span> <span class='ocrx_word' id='word_1_772' title='bbox 2742 4621 3069 4698; x_wconf 77' lang='grc' dir='ltr'>συνεγρὰφη,</span> <span class='ocrx_word' id='word_1_773' title='bbox 3101 4623 3153 4676; x_wconf 90' lang='grc' dir='ltr'>τί</span> <span class='ocrx_word' id='word_1_774' title='bbox 3196 4627 3406 4694; x_wconf 72' lang='grc' dir='ltr'>τοῦτος</span> <span class='ocrx_word' id='word_1_775' title='bbox 3458 4621 3654 4699; x_wconf 84' lang='grc' dir='ltr'>σχεδὸν</span> <span class='ocrx_word' id='word_1_776' title='bbox 3681 4623 3828 4678; x_wconf 75' lang='grc' dir='ltr'>πάντα</span> 
     </span>
    </p>
   </div>
   <div class='ocr_carea' id='block_1_104' title="bbox 2215 4709 3827 4790">
    <p class='ocr_par' dir='ltr' id='par_1_104' title="bbox 2215 4709 3827 4790">
     <span class='ocr_line' id='line_1_104' title="bbox 2215 4709 3827 4790; baseline 0.006 -26"><span class='ocrx_word' id='word_1_777' title='bbox 2215 4710 2283 4764; x_wconf 76' lang='grc' dir='ltr'>τὰ</span> <span class='ocrx_word' id='word_1_778' title='bbox 2317 4711 2784 4790; x_wconf 79' lang='grc' dir='ltr'>μαρτυρογράφια,</span> <span class='ocrx_word' id='word_1_779' title='bbox 2816 4711 3158 4788; x_wconf 80' lang='grc' dir='ltr'>ἀνεπίγραφὰ</span> <span class='ocrx_word' id='word_1_780' title='bbox 3187 4713 3319 4768; x_wconf 81' lang='grc' dir='ltr'>εἰσιν</span> <span class='ocrx_word' id='word_1_781' title='bbox 3353 4730 3367 4744; x_wconf 91' lang='grc'><strong>·</strong></span> <span class='ocrx_word' id='word_1_782' title='bbox 3417 4713 3547 4770; x_wconf 80' lang='grc' dir='ltr'>ἀλλ’</span> <span class='ocrx_word' id='word_1_783' title='bbox 3581 4715 3724 4786; x_wconf 78' lang='grc' dir='ltr'>ὅμως</span> <span class='ocrx_word' id='word_1_784' title='bbox 3754 4709 3827 4784; x_wconf 64' lang='grc' dir='ltr'>βά·</span> 
     </span>
    </p>
   </div>
   <div class='ocr_carea' id='block_1_105' title="bbox 2218 4795 3827 4881">
    <p class='ocr_par' dir='ltr' id='par_1_105' title="bbox 2218 4795 3827 4881">
     <span class='ocr_line' id='line_1_105' title="bbox 2218 4795 3827 4881; baseline -0.001 -28"><span class='ocrx_word' id='word_1_785' title='bbox 2218 4795 2346 4854; x_wconf 77' lang='grc' dir='ltr'>ϐαιὰ</span> <span class='ocrx_word' id='word_1_786' title='bbox 2399 4800 2499 4854; x_wconf 86' lang='grc' dir='ltr'>εἰσι</span> <span class='ocrx_word' id='word_1_787' title='bbox 2543 4819 2556 4832; x_wconf 91' lang='grc'><strong>·</strong></span> <span class='ocrx_word' id='word_1_788' title='bbox 2613 4802 2854 4856; x_wconf 72' lang='grc' dir='ltr'>κάκεῖθεν</span> <span class='ocrx_word' id='word_1_789' title='bbox 2941 4802 2992 4856; x_wconf 82' lang='grc' dir='ltr'>οἱ</span> <span class='ocrx_word' id='word_1_790' title='bbox 3076 4800 3393 4858; x_wconf 76' lang='grc' dir='ltr'>διδάσκαλοι</span> <span class='ocrx_word' id='word_1_791' title='bbox 3467 4805 3827 4881; x_wconf 79' lang='grc' dir='ltr'>ἀφορμίζονται</span> 
     </span>
    </p>
   </div>
   <div class='ocr_carea' id='block_1_106' title="bbox 2217 4891 3827 4967">
    <p class='ocr_par' dir='ltr' id='par_1_106' title="bbox 2217 4891 3827 4967">
     <span class='ocr_line' id='line_1_106' title="bbox 2217 4891 3827 4967; baseline 0.003 -21"><span class='ocrx_word' id='word_1_792' title='bbox 2217 4895 2392 4946; x_wconf 87' lang='grc' dir='ltr'>ποιεῖν</span> <span class='ocrx_word' id='word_1_793' title='bbox 2458 4891 2523 4946; x_wconf 80' lang='grc' dir='ltr'>τὰ</span> <span class='ocrx_word' id='word_1_794' title='bbox 2579 4896 2688 4947; x_wconf 81' lang='grc' dir='ltr'>τῶν</span> <span class='ocrx_word' id='word_1_795' title='bbox 2749 4894 3208 4967; x_wconf 78' lang='grc' dir='ltr'>μαρτυρησάντων</span> <span class='ocrx_word' id='word_1_796' title='bbox 3267 4894 3529 4967; x_wconf 84' lang='grc' dir='ltr'>ἐγκώμια.</span> <span class='ocrx_word' id='word_1_797' title='bbox 3590 4895 3649 4950; x_wconf 89' lang='grc' dir='ltr'>Ὁ</span> <span class='ocrx_word' id='word_1_798' title='bbox 3703 4891 3827 4963; x_wconf 77' lang='grc' dir='ltr'>ἅγιος</span> 
     </span>
    </p>
   </div>
   <div class='ocr_carea' id='block_1_107' title="bbox 2223 4975 3827 5057">
    <p class='ocr_par' dir='ltr' id='par_1_107' title="bbox 2223 4975 3827 5057">
     <span class='ocr_line' id='line_1_107' title="bbox 2223 4975 3827 5057; baseline 0 -24"><span class='ocrx_word' id='word_1_799' title='bbox 2223 4979 2560 5055; x_wconf 73' lang='grc' dir='ltr'>Παγκράτιος</span> <span class='ocrx_word' id='word_1_800' title='bbox 2612 4979 2663 5035; x_wconf 75' lang='grc' dir='ltr'>ἐν</span> <span class='ocrx_word' id='word_1_801' title='bbox 2703 4980 2926 5052; x_wconf 78' lang='grc' dir='ltr'>Σικελίᾳ</span> <span class='ocrx_word' id='word_1_802' title='bbox 2970 4987 3212 5057; x_wconf 84' lang='grc' dir='ltr'>τιμᾶται,</span> <span class='ocrx_word' id='word_1_803' title='bbox 3244 4981 3358 5054; x_wconf 82' lang='grc' dir='ltr'>ναῷ</span> <span class='ocrx_word' id='word_1_804' title='bbox 3393 4981 3624 5057; x_wconf 85' lang='grc' dir='ltr'>μεγίστῳ</span> <span class='ocrx_word' id='word_1_805' title='bbox 3655 4998 3668 5013; x_wconf 92' lang='grc'><strong>·</strong></span> <span class='ocrx_word' id='word_1_806' title='bbox 3714 4977 3759 5033; x_wconf 82' lang='grc' dir='ltr'>ἐν</span> <span class='ocrx_word' id='word_1_807' title='bbox 3790 4975 3827 5044; x_wconf 82' lang='grc' dir='ltr'>ᾧ</span> 
     </span>
    </p>
   </div>
   <div class='ocr_carea' id='block_1_108' title="bbox 2219 5068 3828 5146">
    <p class='ocr_par' dir='ltr' id='par_1_108' title="bbox 2219 5068 3828 5146">
     <span class='ocr_line' id='line_1_108' title="bbox 2219 5068 3828 5146; baseline 0.001 -24"><span class='ocrx_word' id='word_1_808' title='bbox 2219 5089 2352 5142; x_wconf 77' lang='grc' dir='ltr'>φασι</span> <span class='ocrx_word' id='word_1_809' title='bbox 2383 5070 2471 5123; x_wconf 82' lang='grc' dir='ltr'>καὶ</span> <span class='ocrx_word' id='word_1_810' title='bbox 2531 5075 2730 5143; x_wconf 88' lang='grc' dir='ltr'>σημεῖα</span> <span class='ocrx_word' id='word_1_811' title='bbox 2779 5074 3120 5146; x_wconf 79' lang='grc' dir='ltr'>γεγενῆσθαι.</span> <span class='ocrx_word' id='word_1_812' title='bbox 3173 5076 3234 5129; x_wconf 91' lang='grc' dir='ltr'>Ὁ</span> <span class='ocrx_word' id='word_1_813' title='bbox 3291 5071 3384 5126; x_wconf 75' lang='grc' dir='ltr'>οὖν</span> <span class='ocrx_word' id='word_1_814' title='bbox 3438 5074 3511 5142; x_wconf 74' lang='grc' dir='ltr'><strong>μή</strong></span> <span class='ocrx_word' id='word_1_815' title='bbox 3561 5068 3828 5144; x_wconf 76' lang='grc' dir='ltr'>δεχόμενος</span> 
     </span>
    </p>
   </div>
   <div class='ocr_carea' id='block_1_109' title="bbox 2217 5158 3825 5238">
    <p class='ocr_par' dir='ltr' id='par_1_109' title="bbox 2217 5158 3825 5238">
     <span class='ocr_line' id='line_1_109' title="bbox 2217 5158 3825 5238; baseline -0.002 -24"><span class='ocrx_word' id='word_1_816' title='bbox 2217 5160 2314 5227; x_wconf 76' lang='grc' dir='ltr'>τὴν</span> <span class='ocrx_word' id='word_1_817' title='bbox 2349 5160 2613 5236; x_wconf 72' lang='grc' dir='ltr'>ἱστορίαν,</span> <span class='ocrx_word' id='word_1_818' title='bbox 2665 5158 3066 5218; x_wconf 78' lang='grc' dir='ltr'>συναπεϐἀλετο</span> <span class='ocrx_word' id='word_1_819' title='bbox 3121 5164 3211 5219; x_wconf 87' lang='grc' dir='ltr'>τὸν</span> <span class='ocrx_word' id='word_1_820' title='bbox 3276 5164 3516 5238; x_wconf 72' lang='grc' dir='ltr'>μάρτυρα</span> <span class='ocrx_word' id='word_1_821' title='bbox 3573 5158 3825 5231; x_wconf 78' lang='grc' dir='ltr'>δηλονότι.</span> 
     </span>
    </p>
   </div>
   <div class='ocr_carea' id='block_1_110' title="bbox 2220 5250 3825 5327">
    <p class='ocr_par' dir='ltr' id='par_1_110' title="bbox 2220 5250 3825 5327">
     <span class='ocr_line' id='line_1_110' title="bbox 2220 5250 3825 5327; baseline 0 -24"><span class='ocrx_word' id='word_1_822' title='bbox 2220 5251 2399 5304; x_wconf 78' lang='grc' dir='ltr'>Ταῦτα</span> <span class='ocrx_word' id='word_1_823' title='bbox 2435 5251 2528 5323; x_wconf 74' lang='grc' dir='ltr'>μὲν</span> <span class='ocrx_word' id='word_1_824' title='bbox 2592 5251 2669 5314; x_wconf 85' lang='grc' dir='ltr'>ὡς</span> <span class='ocrx_word' id='word_1_825' title='bbox 2724 5250 2776 5307; x_wconf 78' lang='grc' dir='ltr'>ἐν</span> <span class='ocrx_word' id='word_1_826' title='bbox 2828 5251 3058 5327; x_wconf 82' lang='grc' dir='ltr'>ὀλίγοις.</span> <span class='ocrx_word' id='word_1_827' title='bbox 3095 5253 3169 5308; x_wconf 78' lang='grc' dir='ltr'>Σὺ</span> <span class='ocrx_word' id='word_1_828' title='bbox 3219 5251 3297 5325; x_wconf 80' lang='grc' dir='ltr'>δὲ,</span> <span class='ocrx_word' id='word_1_829' title='bbox 3333 5253 3537 5322; x_wconf 77' lang='grc' dir='ltr'>τέκνον,</span> <span class='ocrx_word' id='word_1_830' title='bbox 3570 5250 3755 5327; x_wconf 73' lang='grc' dir='ltr'>ὕγίαινέ</span> <span class='ocrx_word' id='word_1_831' title='bbox 3780 5264 3825 5300; x_wconf 79' lang='grc' dir='ltr'>τε</span> 
     </span>
    </p>
   </div>
   <div class='ocr_carea' id='block_1_111' title="bbox 1190 5387 2412 5458">
    <p class='ocr_par' dir='ltr' id='par_1_111' title="bbox 1190 5387 2412 5458">
     <span class='ocr_line' id='line_1_111' title="bbox 1190 5387 2412 5458; baseline 0.007 -15"><span class='ocrx_word' id='word_1_832' title='bbox 1190 5387 1237 5422; x_wconf 75' lang='grc'><strong>²²</strong></span> <span class='ocrx_word' id='word_1_833' title='bbox 1268 5387 1436 5444; x_wconf 88' lang='lat' dir='ltr'>Hom.</span> <span class='ocrx_word' id='word_1_834' title='bbox 1469 5389 1561 5458; x_wconf 80' lang='grc'>45,</span> <span class='ocrx_word' id='word_1_835' title='bbox 1593 5389 1662 5445; x_wconf 89' lang='lat' dir='ltr'>de</span> <span class='ocrx_word' id='word_1_836' title='bbox 1692 5389 1751 5445; x_wconf 92' lang='lat' dir='ltr'>S.</span> <span class='ocrx_word' id='word_1_837' title='bbox 1785 5389 2018 5448; x_wconf 90' lang='lat' dir='ltr'>Meletio</span> <span class='ocrx_word' id='word_1_838' title='bbox 2039 5393 2412 5451; x_wconf 81' lang='lat' dir='ltr'>Antiocheno.</span> 
     </span>
    </p>
   </div>
   <div class='ocr_carea' id='block_1_112' title="bbox 2046 5539 2279 5596">
    <p class='ocr_par' dir='ltr' id='par_1_112' title="bbox 2046 5539 2279 5596">
     <span class='ocr_line' id='line_1_112' title="bbox 2046 5539 2279 5596; baseline 0.004 -1"><span class='ocrx_word' id='word_1_839' title='bbox 2046 5539 2279 5596; x_wconf 77' lang='lat' dir='ltr'>NOT/E.</span> 
     </span>
    </p>
   </div>
   <div class='ocr_carea' id='block_1_113' title="bbox 533 5675 2165 5754">
    <p class='ocr_par' dir='ltr' id='par_1_113' title="bbox 533 5675 2165 5754">
     <span class='ocr_line' id='line_1_113' title="bbox 533 5675 2165 5754; baseline 0.007 -24"><span class='ocrx_word' id='word_1_840' title='bbox 533 5676 613 5748; x_wconf 90' lang='grc'>(1)</span> <span class='ocrx_word' id='word_1_841' title='bbox 639 5675 906 5734; x_wconf 85' lang='lat' dir='ltr'>Meminit</span> <span class='ocrx_word' id='word_1_842' title='bbox 932 5677 1112 5750; x_wconf 86' lang='lat' dir='ltr'>hujus</span> <span class='ocrx_word' id='word_1_843' title='bbox 1139 5678 1502 5754; x_wconf 87' lang='lat' dir='ltr'>Nicephorus</span> <span class='ocrx_word' id='word_1_844' title='bbox 1536 5679 1597 5738; x_wconf 90' lang='lat' dir='ltr'>in</span> <span class='ocrx_word' id='word_1_845' title='bbox 1627 5681 2018 5740; x_wconf 84' lang='lat' dir='ltr'>Antirrhetico</span> <span class='ocrx_word' id='word_1_846' title='bbox 2050 5699 2165 5741; x_wconf 89' lang='lat' dir='ltr'>ms.</span> 
     </span>
    </p>
   </div>
  </div>
