4062 6280
286 436 439 496 1245

1549 422 2110 485 EPlSTOLARUM
2150 422 2300 482 LIB.
2348 422 2425 482 II.

3538 427 3693 488 1246

283 561 373 617 καὶ
433 559 634 627 σώζοιο
664 575 677 588 ·
728 556 818 610 καὶ
878 557 975 609 τοῦ
1018 553 1328 629 Γρηγορίου
1378 550 1586 625 μακρὰν
1617 548 1922 620 ἀπόστηθι·

2048 551 2269 621 paucis.
2309 550 2391 605 Tu
2443 565 2596 619 vero,
2636 549 2741 616 fili,
2791 552 2988 607 salvus
3027 551 3110 609 sis
3148 558 3201 609 et
3238 551 3552 611 incolumis
3584 572 3599 611 ε
3636 556 3693 610 et

290 651 365 724 μὴ
398 669 455 704 σε
486 645 651 721 ὀλέσῃ
685 646 736 717 ἐξ
768 642 1107 721 ἀπροσεξίασ.

662 827 791 882 MI".
826 858 891 868 —
921 821 1350 902 Ἐγκλείστῃ.
1386 824 1557 896 [τκε¹.]

2036 656 2071 693 a
2099 639 2369 711 Gregorio
2401 640 2649 696 abscede
2681 640 2904 713 procul,
2943 657 3012 696 ne
3043 642 3403 714 imprudenti
3436 644 3538 699 tibi
3564 644 3691 701 exi—

2037 732 2185 785 tium
2219 728 2440 785 afferat.

2568 819 2770 875 XLIII.
2796 850 2862 861 —
2894 821 3153 878 Inclusas.

607 925 878 988 Praecepta
906 925 1214 974 monasticae
1249 924 1368 974 vita:
1400 921 1595 971 tradit:
1625 921 1781 970 simul
1813 934 1935 984 quae
1964 918 2032 969 ad
2064 918 2416 968 constantiam
2448 916 2504 966 in
2536 917 2795 967 catholica
2828 918 2928 968 ﬂde
2959 919 3355 971 adhortaretur.

353 1007 616 1081 Ἀνέγνιυν
650 1026 746 1059 σου
775 1007 838 1061 τὸ
867 1006 1094 1079 γράμμα
1140 1010 1240 1073 τῆς
1295 996 1579 1063 εὐλαϐείας
1603 1020 1615 1033 ·
1651 999 1796 1055 ἀλλὰ
1841 1003 1928 1062 τίς

286 1097 314 1151 6
346 1093 563 1157 ἔπαινος
594 1095 651 1149 ’ὸν
682 1093 941 1163 ἐποίησας
971 1095 1107 1166 ἡμῖν
1158 1091 1324 1162 ξένοις
1376 1088 1495 1145 οὖσι
1542 1090 1745 1150 παντὸς
1793 1088 1931 1162 ἀγα-

287 1187 384 1240 θοῦ
408 1204 423 1254 ;
446 1182 528 1245 τίς
559 1181 615 1238 δὲ
647 1181 713 1252 δὴ
745 1183 835 1237 καὶ
875 1184 909 1252 ἡ
936 1182 1255 1252 ἐπιζήτησις
1282 1184 1378 1236 τοῦ
1408 1176 1795 1234 διδασκαλικοῦ
1829 1176 1928 1232 λό-

285 1296 410 1351 γου,
447 1275 522 1349 μή
568 1268 789 1352 ἔχουσιν
818 1272 1201 1342 οἶκειοποτεῖν,
1232 1273 1342 1347 οὐχ
1372 1272 1453 1326 ὅτι
1486 1292 1545 1346 γε
1587 1270 1677 1325 καὶ
1726 1267 1928 1340 ἑτέροις

286 1361 465 1436 ἄρδειν
503 1361 715 1436 νάματα
743 1384 756 1422 :
789 1360 944 1435 ὅμως
997 1358 1186 1429 ἐπειδὴ
1234 1360 1553 1434 γέγραπται,
1600 1356 1801 1413 Παντὶ
1841 1360 1931 1425 τῷ

286 1451 588 1509 αἰτοῦντί
630 1473 697 1507 σε
736 1449 962 1507 δίδουο
1002 1448 1178 1522 δέξαιο
1233 1449 1610 1529 βραχυλογίαν
1660 1446 1783 1504 τινὰ
1831 1449 1931 1512 τῇς

284 1540 691 1616 πανιχρότητος
721 1544 904 1616 ἡμῶν.
938 1545 1053 1595 Τῶν
1086 1538 1137 1596 ἐν
1164 1544 1243 1612 τῷ
1271 1544 1438 1611 κοινῷ
1471 1538 1572 1613 βίῳ
1606 1540 1929 1613 ἀναστρεφο-

288 1633 459 1705 μένων
496 1629 602 1706 ούχ
633 1630 803 1692 οὕτως
834 1628 1037 1685 δύναιτ’
1068 1628 1127 1684 ἂν
1153 1630 1181 1684 6
1209 1633 1309 1695 τῆς
1347 1628 1590 1689 διανοίας
1644 1624 1932 1701 ὀφθαλμὸς

282 1721 653 1795 κεκαθᾶρθαι,
726 1723 799 1781 ὡς
872 1719 1184 1790 ἐνατενίζειν
1270 1715 1764 1794 ἀπαρεμποδίστως
1849 1718 1929 1787 τῷ

282 1807 478 1864 κάλλει
525 1817 626 1880 τῆς
676 1806 835 1880 δόξης
883 1814 981 1864 τοῦ
1034 1813 1203 1865 Θεοῦ·
1240 1809 1348 1864 οἷόν
1396 1830 1504 1863 τινι
1554 1806 1703 1880 λύμῃ
1731 1808 1800 1878 τῇ
1829 1810 1929 1873 τῆς

284 1897 481 1973 σαρκὸς
538 1899 875 1973 προσπαθείᾳ
935 1897 1263 1972 μυωπάζων.
1296 1899 1457 1971 Ἡμῖν
1519 1894 1577 1952 6‘s
1634 1898 1717 1959 οἷς
1767 1897 1925 1948 πᾶσιν

281 1987 641 2059 ἀποτακτέον,
694 1988 784 2042 καὶ
838 1990 1000 2062 μόνον
1051 1989 1142 2043 τὸν
1194 1991 1428 2062 Χριστοῦ
1474 1987 1703 2062 σταυρὸν
1755 1983 1924 2058 αἴρειν

284 2076 755 2154 ἐγκελευομένοις,
788 2077 1015 2146 εὐπετὴς
1048 2079 1081 2146 ἠ
1116 2078 1337 2133 θεοπτία
1367 2095 1382 2111 ⁸
1421 2077 1590 2154 ἤγουν
1640 2072 1702 2130 τὸ
1756 2070 1924 2147 μηδὲν

283 2162 427 2221 ἄλλο
456 2166 544 2221 καὶ
579 2164 723 2241 ἔχειν
776 2165 865 2221 καὶ
914 2164 1138 2235 ἐννοεῖν,
1170 2168 1204 2237 ἢ
1262 2166 1324 2221 τὸ
1373 2170 1491 2229 πῶς
1542 2165 1928 2239 εὐαρεστήσοι-

288 2275 383 2329 μεν
428 2260 509 2327 τῷ
558 2254 776 2330 Κυρίῳ·
827 2256 1034 2330 καθαρᾷ
1081 2253 1276 2331 καρδία
1325 2254 1602 2330 λατρεύειν
1649 2254 1818 2326 αὐτῷ,
1871 2253 1922 2307 ἐν

282 2342 579 2420 ἀπορῥήξει
611 2346 788 2414 πάσης
819 2344 1054 2421 σχέσεως
1096 2353 1378 2420 σαρκικῆς.
1412 2347 1590 2400 Ἔστω
1633 2343 1724 2399 οὖν
1771 2343 1924 2416 ὑμῶν

282 2437 317 2504 ἠ
351 2440 450 2504 τῆς
492 2432 810 2510 ἐγκλείσεως
842 2438 1107 2513 περιοχὴ,
1134 2434 1297 2498 πόλις
1344 2440 1477 2491 Θεοῦ
1516 2432 1922 2506 πεποικιλμένη

283 2520 538 2597 χρυσέοις
570 2525 990 2598 κατορθώμασι*
1027 2526 1103 2596 μὴ
1136 2523 1286 2586 κλεῖς
1332 2524 1457 2599 περὶ
1502 2524 1565 2579 τὸ
1604 2529 1764 2597 σῶμα
1822 2522 1926 2596 μό-

279 2632 396 2681 νον,
429 2610 575 2668 ἄλλά
630 2614 733 2690 γὰρ
792 2613 887 2668 καὶ
937 2613 1074 2669 κατᾶ
1128 2618 1361 2687 πνεῦμα.
1418 2619 1702 2689 Προσῆκον
1747 2613 1923 2667 τοίνυν

282 2701 495 2778 φεύγειν
545 2701 683 2773 ὑμᾶς
738 2702 833 2762 τὰς
880 2706 988 2756 τῶν
1033 2699 1242 2777 ἀνδρῶν
1293 2700 1468 2777 ὄψεις,
1498 2702 1592 2764 τὰς
1632 2702 1766 2775 πρὸς
1797 2698 1924 2762 τοὺς

280 2789 372 2867 ἀφ’
404 2788 638 2864 α’ίματος
671 2791 905 2866 σχέσεις,
937 2792 1034 2853 τὰς
1090 2792 1226 2867 πρὸς
1276 2791 1406 2847 ὅλον
1455 2793 1546 2847 τὸν
1599 2792 1807 2863 κόσμον
1842 2811 1926 2867 ιρι-

285 2878 446 2940 λίαις⁹
506 2879 672 2941 αὐτὰς
750 2877 806 2934 δὲ
879 2878 960 2957 ἐφ’
1008 2880 1199 2943 ἑαυτὰς
1274 2881 1729 2957 συνανεστράιρθαι
1763 2899 1776 2914 ο
1834 2878 1924 2934 καὶ

284 2961 429 3042 ἔχειν
476 2966 599 3039 μίαν
657 2970 845 3043 ψυχὴν
902 2971 992 3024 καί
1048 2967 1293 3041 καρδίαν,
1334 2971 1468 3025 κατὰ
1531 2970 1762 3044 μίμησιν
1815 2974 1922 3023 τῶν

284 3058 521 3132 ἀρχῆθεν
554 3056 641 3111 ἐπὶ
672 3062 780 3113 τῶν
822 3058 1149 3114 ἀποστόλων
1201 3060 1658 3116 πεπιστευκότων.
1691 3060 1753 3115 Ἠ
1791 3060 1925 3113 καθ-

279 3146 562 3221 ηγουμένη
624 3144 769 3202 οὕτω
826 3150 1173 3225 καθηγείσθω
1230 3149 1303 3212 ὡς
1365 3151 1605 3223 Χριστοῦ
1655 3148 1926 3224 ἐπέχουσα

282 3243 628 3310 χαρακτῆρα,
657 3239 888 3292 ποιοῦσα
926 3242 1167 3312 πρῶτον,
1200 3239 1291 3293 εἶθ’
1342 3240 1516 3302 οὕτως
1560 3234 1885 3293 διδάσκουσα
1909 3254 1922 3268 ·

284 3321 455 3397 μηδὲν
513 3322 933 3399 ἐλλιμπάνουσα
988 3331 1095 3380 τῶν
1159 3328 1277 3381 κατ’
1332 3326 1555 3395 ἐντολήν
1616 3330 1927 3402 πρακτικῶς

285 3410 687 3474 ὑποδεικνύναι.
747 3419 809 3470 Ἡ
861 3416 1377 3486 καθυποτασσομένη
1449 3417 1592 3471 οὕτω
1650 3417 1925 3471 πείθεσθαι

278 3503 375 3558 καὶ
413 3502 672 3571 ὑπείκειν,
705 3503 780 3567 ὡς
827 3504 979 3576 αύτῷ
1027 3510 1244 3579 Χριστῷ
1289 3506 1388 3575 τήν
1437 3505 1678 3574 ὑπακοὴν
1725 3505 1926 3559 ἀνύου-

280 3613 370 3649 σα.
405 3594 578 3647 Ὅπου
638 3591 695 3646 δὲ
748 3597 937 3663 ταῦτα,
990 3593 1099 3648 ἐκεῖ
1153 3596 1332 3666 πάσης
1396 3595 1744 3671 ἂγαθοεργίας
1795 3613 1918 3668 καρ-

279 3679 424 3742 πός’
488 3680 548 3734 οὗ
607 3677 663 3735 δὲ
737 3682 801 3736 οὐ
877 3686 1068 3753 ταῦτα,
1114 3681 1225 3737 ἐκεῖ
1289 3684 1503 3746 πάντως
1568 3686 1634 3738 τὰ
1690 3684 1925 3751 ἐναντία,

282 3770 535 3845 ὲταιρίαι,
614 3770 964 3850 φιλονεικίαι,
1035 3773 1382 3851 ψιθυρισμοί,
1453 3772 1969 3848 ἰδιοκτημοσύναιπ

282 3861 595 3938 ῳυσιώσεις,
676 3865 1062 3937 προσπάθειαι,
1149 3864 1287 3940 πρός
1364 3884 1424 3919 τε
1508 3864 1760 3935 ἀλλήλας
1836 3864 1926 3919 καὶ

280 3951 421 4024 πρὸς
474 3952 600 4014 τοὺς
659 3946 868 4023 ἔξωθεν,
916 3951 1021 4009 εἷ’τε
1078 3952 1136 4009 ἐκ
1191 3954 1398 4031 γένους,
1459 3952 1566 4010 εἷ’τε
1624 3954 1685 4009 ἐκ
1739 3952 1925 4033 φιλίας

284 4037 485 4109 ἄλλης.

356 4126 509 4184 Οὕτω
544 4131 636 4200 μὲν
670 4129 760 4185 οὖν
794 4133 867 4194 ὡς
909 4130 960 4188 ἐν
1013 4132 1189 4208 ὀλίγῳ
1228 4135 1263 4203 ἡ
1316 4134 1439 4208 περῖ
1475 4131 1633 4189 τοῦδε
1682 4132 1928 4209 ὑπόμνη-

286 4237 390 4279 σις.
423 4220 569 4285 Ἐγὼ
601 4218 658 4274 δὲ
688 4222 716 4276 6
744 4221 994 4283 ταπεινὸς
1046 4220 1372 4296 παρακαλῶ,
1407 4220 1499 4277 σὺν
1550 4228 1628 4295 τῷ
1678 4225 1781 4297 βίῳ
1837 4222 1926 4277 καί

278 4308 381 4377 τήν
432 4310 615 4364 πίστιν
664 4310 1036 4387 ἠγλαισμένην
1087 4314 1381 4383 κεκτῆσθαι
1433 4312 1570 4385 ὑμᾶς
1605 4330 1618 4345 ⁸
1657 4312 1926 4386 μηδαμῶς

279 4400 350 4471 τῇ
397 4400 769 4475 Χριστομάχῳ
825 4401 1024 4477 αἱρέσει
1075 4407 1379 4473 κοινωνεῖν,
1413 4403 1534 4471 ἥτις
1583 4398 1927 4475 Ἰουδαῖσμοῦ

284 4484 442 4542 οὐδὲν
475 4486 780 4566 διενήνοχε,
825 4493 924 4561 τήν
977 4496 1245 4567 σωτήριον
1297 4498 1534 4569 Χριστοῦ
1584 4491 1922 4564 οἰκονομίαν,

2110 1000 2243 1072 Legi
2274 1000 2577 1071 epistolam
2604 1001 2833 1071 pietatis
2870 1006 3004 1066 tuae,
3046 1001 3150 1056 sed
3185 1019 3313 1074 quae
3340 1002 3467 1059 laus
3492 1020 3559 1060 ea
3578 1008 3689 1073 est,

2040 1107 2153 1161 qua
2184 1107 2287 1144 nos
2318 1084 2559 1145 affecisti
2591 1090 2685 1159 qui
2720 1106 2926 1145 sumus
2958 1091 3028 1145 ab
3060 1094 3219 1146 omni
3254 1092 3402 1147 bono
3434 1093 3634 1164 inopes
3661 1093 3689 1149 ?

2040 1184 2140 1235 aut
2186 1178 2320 1249 quid
2356 1194 2388 1232 a
2417 1178 2583 1234 nobis
2628 1178 2890 1250 magistri
2933 1180 3153 1234 monita
3175 1180 3428 1252 ﬂagitas,
3458 1185 3556 1254 qui
3589 1183 3684 1238 vix

2039 1286 2247 1325 sumus
2270 1270 2511 1340 prapriaa
2535 1268 2628 1323 siti
2659 1267 2955 1339 explendae
2990 1285 3176 1340 pares,
3213 1270 3428 1326 nedum
3462 1281 3520 1326 ut
3554 1272 3686 1327 aliis

2040 1360 2201 1431 rigua
2234 1359 2637 1429 praebeamus?
2663 1358 2949 1422 Quoniam
3004 1369 3194 1414 tamen
3242 1360 3522 1430 scriptum
3559 1367 3683 1417 est:

2037 1452 2204 1507 Omni
2233 1451 2433 1519 petenti
2465 1457 2514 1502 te
2536 1447 2713 1502 tribue
2743 1446 2821 1502 ’δε
2856 1448 3122 1519 exiguam
3166 1465 3266 1520 pro
3311 1457 3510 1506 nostra
3554 1452 3691 1506 ino-

2042 1541 2133 1611 pia
2158 1539 2479 1595 orationem
2511 1539 2726 1609 accipe.
2761 1537 2869 1603 Qui
2902 1537 2959 1591 iu
2995 1538 3253 1593 saeculari
3296 1539 3416 1595 vita
3444 1540 3686 1611 degunt,

2040 1628 2199 1685 haud
2231 1627 2477 1701 proclive
2508 1633 2594 1682 est
2638 1632 2698 1681 ut
2740 1625 2831 1681 hic
2868 1628 3082 1683 mentis
3111 1626 3316 1683 oculus
3348 1628 3429 1683 ita
3478 1645 3689 1700 purga-

2038 1726 2132 1776 tus
2158 1721 2251 1790 sit,
2274 1724 2332 1773 ut
2361 1717 2489 1773 sine
2528 1717 2690 1773 obice
2730 1717 2996 1773 intendat
3039 1718 3218 1774 aciem
3268 1720 3327 1773 in
3360 1720 3687 1790 pulchritu-

2039 1811 2230 1865 dinem
2280 1809 2476 1879 gloriss
2521 1806 2619 1862 Dei
2665 1824 2678 1863 :
2729 1806 2895 1877 quasi
2966 1807 3222 1880 quadam
3311 1806 3680 1880 lippitudine,

2037 1900 2231 1955 carnis
2252 1899 2455 1953 aﬂ‘ectu
2472 1896 2800 1953 cascutiens.
2817 1896 2995 1953 Nobis
3009 1913 3139 1952 vero
3159 1914 3306 1967 quos
3323 1899 3680 1965 renuntiare,

2035 1989 2308 2045 omnibus
2330 1988 2503 2042 rebus
2526 1992 2774 2058 oportet,
2800 1987 2895 2057 qui
2919 1991 2988 2057 ,et
3008 1985 3191 2042 solam
3214 1986 3428 2043 Christi
3449 2000 3678 2044 crucem

2032 2078 2399 2147 tollere-iussi
2433 2094 2664 2143 sumus,
2706 2077 2873 2133 facile
2922 2083 3009 2133 est
3065 2077 3249 2134 Deum
3280 2078 3538 2135 intueri:
3575 2081 3680 2137 hoc

2033 2169 2319 2238 est,aliud
2344 2168 2487 2224 nihil
2510 2172 2770 2239 spectare
2794 2166 2875 2223 vel
2896 2170 3150 2239 cogitare
3188 2182 3365 2240 quam
3406 2166 3680 2240 quemad-

2033 2260 2272 2316 modum
2306 2259 2554 2315 Domino
2601 2256 2932 2329 placeamus
2964 2276 2977 2313 :
3013 2258 3231 2314 mundo
3264 2257 3433 2315 corde
3471 2260 3521 2315 ei
3555 2276 3677 2315 ser-

2031 2352 2169 2420 vire,
2206 2350 2445 2423 praeciso
2469 2348 2627 2404 omni
2670 2350 2860 2403 carnis
2882 2348 3111 2404 aﬂectu.
3152 2348 3237 2403 Sit
3265 2360 3401 2419 ergo
3433 2348 3675 2405 claustri

2030 2441 2203 2496 vestri
2236 2437 2515 2507 ambitus,
2546 2437 2745 2494 civitas
2786 2438 2905 2505 Dei,
2946 2436 3260 2494 virtutibus
3326 2438 3491 2509 quasi
3534 2456 3675 2495 auro

2029 2529 2303 2586 distincta
2327 2544 2341 2584 :
2365 2544 2465 2584 nec
2498 2544 2708 2598 corpus
2740 2528 2910 2583 modo
2958 2526 3241 2594 clavibus,
3275 2529 3375 2584 sed
3416 2533 3473 2583 et
3503 2530 3678 2599 spiri-

2029 2626 2123 2676 tus
2146 2618 2503 2675 cohibeatur.
2529 2618 2628 2672 Est
2649 2618 2824 2687 igitur
2842 2624 3292 2674 consentaneum
3328 2624 3389 2674 ut
3419 2620 3673 2676 virorum

2028 2708 2398 2779 conspectum
2431 2707 2682 2776 fugiatis,
2716 2706 2987 2762 affectum
3019 2723 3152 2778 erga
3183 2709 3673 2779 consanguineos,

2029 2798 2320 2854 amicitias
2366 2814 2503 2869 erga
2552 2797 2838 2852 mundum
2890 2797 3223 2853 universum
3276 2812 3290 2853 :
3339 2803 3491 2852 etut
3523 2797 3675 2854 inter

2030 2906 2131 2945 vos
2177 2889 2335 2960 ipsas
2374 2886 2623 2959 degatis,
2654 2885 3037 2957 habeatisque
3084 2887 3342 2942 animam
3387 2903 3564 2942 unam
3618 2890 3678 2943 et

2030 2995 2129 3035 cor
2159 2994 2362 3047 unum,
2398 2976 2468 3031 ad
2518 2975 2846 3045 exemplum
2897 2990 3095 3030 eorum
3150 2975 3248 3046 qui
3307 2975 3425 3045 iam
3474 2975 3677 3031 olima

2032 3068 2333 3141 principio,
2385 3066 2776 3137 apostolorum
2856 3066 3214 3134 temporibus
3278 3064 3677 3120 crediderunt.

2040 3157 2352 3228 Praeposita
2400 3155 2483 3212 sic
2532 3158 2694 3226 rogat
2767 3158 3044 3225 tanquam
3114 3153 3326 3209 Christi
3371 3170 3676 3223 personam

2041 3246 2357 3314 sustinens,
2390 3244 2643 3315 primum
2680 3241 2915 3309 faciens,
2959 3242 3167 3297 deinde
3218 3242 3303 3298 sic
3345 3243 3560 3297 docens
3588 3240 3675 3297 2‘z

2037 3333 2179 3390 nihil
2218 3334 2659 3404 praetermittens
2702 3346 2900 3386 eorum
2965 3347 3092 3403 quas
3170 3335 3309 3387 sunt
3368 3331 3667 3401 imperata,

2034 3423 2290 3494 exemplo
2335 3426 2679 3476 monstrare.
2730 3421 2863 3485 Quae
2914 3417 3150 3474 subdita
3179 3427 3287 3488 est,
3328 3418 3411 3474 ita
3449 3419 3676 3474 obtem-

2036 3528 2234 3585 perare
2263 3526 2328 3568 ac
2362 3526 2560 3583 parere
2598 3515 2962 3575 consuescat,
3002 3520 3278 3580 tanquam
3312 3508 3535 3564 Christo
3564 3509 3677 3579 ipsi

2033 3614 2250 3659 morem
2279 3605 2457 3673 gerat.
2483 3599 2623 3654 Nam
2648 3600 2763 3653 haec
2795 3597 2895 3654 ubi
2916 3598 3205 3665 alfuerlnt,
3227 3598 3305 3653 ibi
3331 3599 3520 3653 omnis
3542 3598 3681 3653 boni

2035 3698 2226 3767 operis
2278 3696 2495 3749 [ructus
2543 3691 2691 3746 :ubi
2748 3708 2863 3746 non
2916 3692 3113 3747 adsint
3161 3689 3282 3757 illa,
3316 3690 3392 3745 ibi
3438 3691 3678 3746 omnino

2036 3785 2344 3853 contraria,
2395 3781 2819 3850 conventicula,
2868 3781 3295 3849 contentiones,
3345 3796 3676 3835 murmura-

2034 3877 2239 3943 tiones,
2304 3874 2521 3945 privata
2563 3871 2806 3944 peculia,
2850 3875 3046 3925 tumor
3075 3869 3286 3935 animi;
3317 3868 3510 3925 vitiosi
3542 3868 3683 3925 εσθ-

2033 3968 2166 4021 ctus
2195 3968 2317 4020 tum
2362 3978 2499 4033 erga
2552 3977 2613 4017 se
2662 3960 2931 4024 invicem,
2972 3965 3097 4015 tum
3154 3976 3292 4030 erga
3348 3963 3674 4025 extraneos,

2033 4056 2152 4111 sive
2173 4055 2244 4109 ob
2277 4053 2695 4126 cognationem,
2722 4055 2840 4106 sive
2861 4051 2932 4105 ob
2957 4051 3132 4105 aliam
3161 4050 3674 4104 necessitudinem.

2106 4143 2310 4199 Paucis
2340 4142 2536 4211 itaque
2563 4140 2752 4195 verbis
2772 4138 2891 4194 haec
2915 4140 2985 4193 de
3006 4138 3116 4193 isto
3140 4143 3484 4209 argumento
3511 4152 3678 4191 com-

2036 4234 2278 4289 monitio
2312 4232 2392 4286 fit.
2426 4230 2544 4298 Ego
2580 4228 2818 4284 humilis
2849 4229 3111 4297 obsecro,
3145 4236 3205 4280 ut
3254 4241 3384 4281 cum
3419 4228 3673 4281 moribus

2036 4323 2318 4379 illibatam
2352 4320 2525 4376 ﬁdem
2563 4316 2865 4386 tueamini,
2913 4315 3073 4371 nullo
3131 4314 3299 4371 modo
3349 4316 3680 4371 communi-

2037 4417 2237 4469 cantes
2279 4408 2857 4466 Christomachorum
2905 4406 3131 4473 haeresi,
3164 4418 3287 4475 quae
3342 4404 3483 4459 nihil
3518 4422 3549 4459 a
3578 4403 3678 4459 Ju-

2035 4501 2252 4555 daismo
2270 4499 2577 4569 discrepat,
2601 4498 2915 4551 salutarem
2937 4493 3149 4548 Christi
3175 4492 3674 4563 dispensationem

283 4574 373 4631 διὰ
429 4584 527 4647 τῆς
581 4581 945 4655 καθαιρέσεως
996 4587 1102 4638 τῶν
1158 4587 1364 4638 σεπτῶν
1404 4582 1621 4638 εἰκόνων
1652 4581 1814 4636 αὐτοῦ
1863 4601 1921 4635 τε

2037 4607 2271 4662 negans,
2304 4588 2552 4644 sublatis
2584 4602 2613 4640 e
2646 4587 2839 4641 modio
2868 4585 3212 4639 venerandis
3234 4584 3421 4654 ipsius
3442 4584 3675 4655 Christi,

280 4671 543 4741 Χριστοῦ,
574 4672 671 4734 τῆς
724 4691 783 4725 τε
840 4673 1102 4727 Θεοτόκου
1160 4672 1249 4726 καὶ
1307 4672 1522 4727 πάντων
1572 4675 1678 4727 τῶν
1730 4670 1918 4747 ἁγίων,

281 4756 588 4833 ἀρνουμένῃ
616 4777 629 4791 ⁸
666 4758 957 4836 ἐπειδήπερ
989 4764 1023 4831 ἡ
1066 4762 1224 4818 εἶκὼν
1253 4763 1446 4817 ταυτόν
1476 4761 1587 4817 ἐστι
1646 4765 1724 4833 τῷ
1770 4780 1921 4834 πρω-

279 4848 501 4921 τοτύπῳ
528 4853 665 4923 τιμῇ
705 4871 762 4905 τε
791 4852 879 4905 καὶ
910 4855 1271 4925 προσκυνήσει
1294 4872 1309 4885 ⁸
1344 4855 1459 4908 οἷον
1507 4852 1590 4909 ἐπ’
1620 4852 1786 4907 αύσοῦ
1828 4854 1924 4907 τοῦ

285 4941 562 5007 ζωοποιοῦ
591 4939 863 5013 [σταυροῦ]
884 4942 971 4996 καὶ
1002 4946 1099 4995 τοῦ
1127 4943 1432 5012 τύπου,Μή
1467 4941 1532 5012 δὴ
1568 4943 1662 4997 οὖν
1694 4943 1923 5016 ἀρνήση-

284 5029 375 5083 σθε
401 5028 493 5081 τὸν
525 5028 753 5103 Χριστὸν
788 5030 840 5083 αἱ
864 5032 1330 5107 Χριστοφόροιτῷ
1352 5032 1493 5105 ἁγίῳ
1514 5027 1887 5107 περιϐλήματι
1904 5049 1918 5063 ·

285 5118 424 5190 μήτε
451 5117 578 5179 τοὺς
608 5120 899 5180 τοσούτους
928 5118 1152 5189 κόπους,
1177 5121 1270 5181 οὓς
1291 5120 1555 5175 ἀνατλᾶτε
1583 5122 1673 5175 τὸν
1699 5121 1749 5175 ἐν
1782 5141 1920 5195 παρα

282 5207 429 5278 θενίᾳ
475 5206 592 5281 βίον
648 5207 782 5279 μετὰ
827 5209 1146 5283 καθείρξεως
1178 5208 1506 5282 διάνύουσαι,
1538 5206 1677 5266 ἔνθεν
1710 5209 1920 5280 ὀλέσαι,

279 5298 368 5353 καὶ
426 5306 528 5369 τῆς
575 5298 948 5371 ἀντικειμένης
1011 5297 1254 5374 μερίδος,
1303 5302 1433 5376 ὅπερ
1481 5303 1638 5373 ἀπείη
1690 5304 1777 5357 καὶ
1838 5301 1922 5356 ἐν-

279 5393 422 5442 νοεῖν
482 5388 571 5442 καὶ
630 5385 833 5464 λέγειν,
865 5390 1185 5462 γινόμεναιο
1219 5389 1347 5445 ἀλλ’
1402 5388 1597 5445 εἰδυῖαι
1657 5390 1738 5447 ὅτι
1800 5391 1923 5447 οὔτε

284 5477 402 5552 βίος
462 5476 593 5551 δίχα
649 5477 879 5539 πίστεως
927 5478 1114 5552 ὀρθῆς,
1148 5476 1260 5534 οὔτ’
1291 5478 1355 5534 αὖ
1410 5480 1590 5541 πίστις
1621 5478 1750 5556 δίχα
1781 5482 1921 5555 πρά-

281 5567 411 5638 ξεως
469 5565 614 5629 θείας
670 5566 861 5637 σώζειν
912 5565 1153 5637 δύναιτο,
1203 5567 1586 5645 ἀμφοτέρωθεν
1647 5570 1794 5641 εἴητε
1839 5567 1919 5625 δι-

392 5747 439 5783 ”
468 5748 606 5806 Luc.
636 5764 715 5818 vr,
745 5748 835 5807 30.
913 5751 936 5786 ³
987 5752 1113 5809 Act.
1145 5764 1186 5824 ι,
1217 5750 1274 5810 1.

2033 4685 2157 4735 turn
2191 4679 2467 4749 Deipsrie,
2500 4675 2883 4745 omniumque
2904 4679 3238 4728 sanctorum
3273 4674 3674 4743 imaginibus:

2036 4768 2507 4841 quandoquidem
2558 4766 2749 4836 imago
2799 4764 2954 4818 idem
3018 4768 3107 4817 est
3169 4778 3301 4816 cum
3350 4768 3674 4834 prototypo,

2036 4858 2254 4913 honore
2282 4864 2340 4913 et
2386 4855 2754 4910 sdoratione:
2791 4857 2854 4906 ut
2900 4851 2958 4904 in
3009 4850 3231 4904 viviﬁca
3277 4850 3460 4920 ipsius
3509 4866 3681 4906 cruce

2037 4947 2342 5016 contingit,
2373 4950 2429 4999 et
2458 4943 2517 4998 in
2549 4942 2813 5011 ejusdem
2845 4939 3056 5007 efﬁgie.
3095 4938 3286 4995 Nolite
3318 4938 3498 5009 igitur
3518 4938 3680 4993 Chri-

2038 5042 2192 5091 stum
2225 5050 2451 5103 negare,
2485 5032 2585 5104 qui
2633 5046 2796 5087 sacro
2829 5028 3029 5084 habitu
3062 5026 3354 5082 Christum
3389 5028 3674 5098 gestatis:

2040 5142 2143 5181 nec
2174 5130 2467 5180 tantorum
2499 5123 2781 5184 laborum,
2814 5134 2961 5189 quos
2996 5121 3284 5171 transacto
3337 5116 3397 5170 in
3444 5116 3675 5185 virgini-

2034 5220 2151 5271 tate
2192 5231 2308 5269 δενο
2375 5214 2525 5268 intra
2572 5209 2824 5267 claustra
2883 5206 3165 5280 perfertis,
3206 5205 3341 5261 inde
3384 5206 3674 5274 jacturam

2036 5305 2226 5371 facite,
2276 5308 2334 5358 in
2382 5301 2839 5357 adversariorum
2887 5301 3098 5364 castra,
3149 5295 3300 5367 quod
3350 5296 3437 5349 vel
3483 5297 3675 5351 dicere

2033 5394 2119 5449 vel
2174 5392 2423 5459 cogitare
2482 5391 2643 5446 nefas
2678 5393 2786 5455 est,
2829 5386 3293 5442 transvolantes:
3347 5384 3447 5439 sed
3500 5384 3673 5453 probe

2032 5482 2444 5553 intelligentes,
2478 5495 2582 5536 nec
2604 5494 2793 5533 mores
2812 5478 2939 5533 sine
2962 5482 3119 5531 recte
3143 5474 3274 5539 ﬁde,
3301 5488 3403 5527 nec
3435 5489 3670 5528 rursum

2034 5572 2208 5653 fidem
2239 5572 2367 5627 sine
2394 5568 2610 5626 divinis
2639 5566 2931 5638 operibus,
2965 5563 3163 5621 efferre
3192 5563 3441 5619 salutem
3472 5577 3669 5633 posse,
