4062 6280
464 392 617 458 1247

1695 400 1759 462 S.
1806 397 2205 462 TllEODORI
2244 397 2607 463 ΒΤΠΒΙΤᾹΕ

3687 400 3823 463 1248

464 535 711 603 utraque
742 531 872 588 dote
903 529 1169 604 fulgentis
1217 533 1286 588 ad
1318 533 1558 602 gloriam
1591 535 1710 601 Dei,
1743 537 1816 592 ad
1837 535 2097 593 Ecclesia:

2217 534 2554 608 ηυγασμέναι
2604 533 2679 596 εἰς
2727 529 2880 603 δόξαν
2928 535 3083 600 Θεοῦ,
3127 531 3202 594 εἷς
3259 529 3418 594 κλέος
3474 539 3572 603 τῆς
3613 535 3825 606 Ἐκκλη.

463 619 853 692 splendorem,
879 623 944 676 ad
961 621 1427 678 consecutionem
1445 630 1794 681 aeternorum
1822 628 2104 682 bonorum

464 725 590 780 quae
622 710 908 782 promissa
939 719 1115 765 sunt:
1149 715 1379 768 orantes
1427 713 1601 769 etiam
1642 731 1745 786 pro
1778 715 1944 771 nobis
1978 731 2106 788 pec-

461 799 772 869 catoribus,
805 804 869 857 ut
897 801 1038 855 salvi
1073 801 1284 857 simus.

905 890 1101 948 XLIV.
1135 922 1202 934 —
1239 895 1484 951 Simeom'
1510 893 1652 966 ﬁlio.

2216 623 2354 692 σίας,
2387 623 2462 684 εἰς
2494 622 2756 693 ἐπίτευξιν
2805 625 2915 678 τῶν
2961 622 3014 676 ἐν
3061 619 3412 696 ἐπαγγελίαις
3456 622 3683 677 αἰωνίων
3709 626 3823 701 ἆγαο

2214 713 2317 766 θῶν
2345 731 2358 746 ο
2391 711 2831 790 προσευχόμεναι
2864 711 2953 767 καί
2983 710 3108 788 περὶ
3139 712 3173 780 ἡ
3185 714 3300 787 μῶν
3330 715 3437 766 τῶν
3485 711 3822 786 ἁμαρτωλῶν,

2213 803 2288 865 ὡς
2321 801 2378 859 ἂν
2411 803 2720 876 σωζοίμεθα
2734 846 2746 860 .

2497 897 2630 950 MA'.
2674 926 2738 937 -—
2779 893 3044 966 Συμεὼν
3083 891 3319 964 τέκνῳ.
3361 892 3544 966 [τκζ’.]

852 1015 983 1065 Cum
1016 1016 1134 1066 aliis
1163 1029 1357 1067 novem
1383 1017 1594 1084 latenti,
1627 1019 1692 1069 de
1721 1020 1787 1070 iis
1817 1021 1910 1084 qui
1939 1021 2192 1086 martyrio
2215 1034 2269 1069 se
2300 1021 2412 1084 ipse
2447 1020 2727 1084 objiciunt.
2759 1021 2975 1082 (Baron.
3008 1032 3097 1070 an.
3132 1018 3242 1074 818,
3275 1033 3328 1068 n.
3367 1019 3468 1082 18.)

537 1122 674 1178 Sero
715 1122 969 1197 quidem,
1040 1124 1140 1179 sed
1196 1126 1392 1179 tamen
1437 1124 1662 1181 litteras
1709 1130 1843 1183 tuas
1880 1128 2098 1199 accepi,

464 1210 565 1277 ﬁli,
599 1215 655 1267 et
701 1212 910 1283 gratias
959 1212 1049 1283 egi
1106 1212 1354 1268 Domino
1404 1217 1525 1269 tum
1578 1215 1651 1271 ob
1701 1215 2098 1272 defensionem

461 1304 648 1370 tuam,
682 1309 801 1356 tum
834 1302 906 1356 ob
937 1299 1228 1356 solertiam
1262 1307 1318 1358 et
1360 1319 1559 1359 curam
1601 1322 1714 1376 qua
1761 1309 1847 1362 tot
1896 1306 2099 1363 fratres

463 1394 618 1446 tutos
678 1395 915 1461 praestas
982 1391 1054 1446 ab
1121 1391 1458 1448 hareticum
1523 1393 1770 1466 laqueis,
1831 1395 1931 1468 qui
1981 1412 2097 1451 non

464 1496 701 1550 corpora
748 1481 845 1535 sed
908 1482 1134 1536 animos
1195 1481 1533 1551 discerpunt
1584 1499 1598 1538 :
1649 1500 1977 1555 quanquam
2043 1490 2100 1542 et

463 1585 721 1636 corpora,
775 1568 957 1642 plagis
1024 1571 1419 1642 mortibusque
1478 1571 1678 1629 illatis.
1730 1578 1861 1629 Esto
1909 1581 2100 1632 mente

2282 1124 2411 1197 Ὀψέ
2443 1124 2563 1197 μὲν,
2605 1122 2757 1196 ὅμως
2809 1120 3072 1196 ἐδεξάμην
3128 1123 3194 1178 τὰ
3240 1123 3543 1203 ἀντίγραφά
3600 1144 3710 1190 σου,
3758 1122 3827 1178 τὲ-

2207 1233 2331 1268 κνον
2357 1230 2371 1244 ·
2404 1213 2494 1267 καὶ
2526 1211 2908 1288 ηὐχαρίστησα
2961 1216 3041 1284 τῷ
3092 1210 3273 1286 Κυρίῳ
3332 1210 3420 1268 ἐπὶ
3465 1234 3534 1285 τῃ
3575 1211 3825 1288 ἀπολογίᾳ

2210 1321 2326 1373 σου,
2355 1304 2423 1374 τῇ
2475 1321 2535 1358 τε
2591 1301 2795 1356 συνέσει
2835 1301 2925 1358 καὶ
2972 1297 3260 1357 διασώσει·
3297 1300 3484 1375 ὅτιπερ
3533 1301 3623 1355 καὶ
3651 1301 3824 1356 τοσού-

2203 1410 2333 1453 τους
2384 1387 2652 1468 ἀδελφοὺς
2703 1388 2849 1464 ἔχεις
2895 1387 3364 1468 συνδιαφυλάττων
3414 1389 3521 1449 ἀπὸ
3551 1396 3649 1458 τῆς
3678 1391 3827 1461 θήρας

2204 1485 2312 1535 τῶν
2362 1481 2763 1556 αἱρετιζὸντων,
2794 1479 2883 1535 καὶ
2925 1478 2990 1538 οὗ
3038 1481 3259 1556 σάρκας,
3293 1477 3438 1536 ἀλλὰ
3476 1481 3655 1554 ψυχὰς
3707 1499 3829 1534 σπα-

2211 1569 2545 1646 ρασσόντων⁶
2579 1569 2725 1639 πλὴν
2768 1569 2851 1624 ὅτι
2897 1570 2986 1624 καὶ
3027 1569 3274 1642 σώματα,
3307 1566 3378 1624 δι’
3409 1569 3483 1626 ὧν
3535 1569 3825 1648 ἐπιφέρουσι

464 1658 709 1730 integra,
761 1658 843 1714 ﬁli
892 1659 969 1715 mi
1004 1660 1233 1727 dilecte,
1265 1665 1532 1718 strenuus
1555 1673 1692 1731 esto,
1728 1665 1932 1720 fratres
1969 1671 2097 1721 tuos

2209 1662 2438 1736 πληγῶν
2503 1663 2591 1718 καὶ
2660 1663 2919 1718 θανάτων.
2971 1661 3222 1736 Ὑγίαινε,
3281 1661 3362 1715 υίέ
3413 1682 3523 1734 μου
3583 1661 3826 1734 ἀγαπητὶ,

462 1763 614 1820 rege,
667 1747 755 1802 iac
800 1763 927 1803 esse
974 1765 1072 1804 eos
1129 1749 1326 1805 animo
1375 1750 1570 1813 alacri.
1622 1769 1748 1824 quae
1807 1754 2104 1810 veritatem

464 1838 713 1893 attinent
759 1836 986 1902 exhibe.
1039 1839 1110 1894 ad
1157 1842 1494 1912 martyrium
1538 1841 1790 1912 impelle.
1842 1843 2103 1913 Tempus

463 1929 619 1986 enim
643 1929 713 1984 ad
730 1929 984 2000 postulat
1012 1934 1544 2003 :quanquamjuste
1561 1934 1812 1990 latebras
1830 1935 2100 2006 petiistis.

461 2018 750 2089 Projicere
773 2018 924 2074 enim
975 2020 1233 2091 seipsum
1281 2022 1770 2090 intentationem,
1816 2024 2104 2095 quemad-

463 2107 696 2162 modum
739 2110 803 2161 ut
833 2107 1120 2164 docereris
1159 2109 1400 2180 rogasti,
1441 2109 1580 2166 illud
1612 2120 1719 2182 est,
1747 2111 1964 2182 impelli
1995 2129 2103 2169 sua

463 2201 668 2269 sponte
701 2199 1078 2268 quemduam,
1112 2202 1175 2254 ut
1203 2215 1262 2255 se
1298 2200 1422 2269 ipse
1468 2200 1938 2258 interfectoribus
1969 2219 2102 2274 pro-

460 2288 576 2342 dat.
611 2288 772 2354 Quod
824 2287 874 2342 si
915 2293 1152 2344 sanctus
1193 2288 1460 2356 Gordius,
1512 2292 2011 2361 quemadmodum
2044 2277 2102 2348 et

460 2375 558 2431 alii
587 2375 851 2432 nonnulli
883 2393 914 2433 e
961 2378 1341 2450 martyribus,
1374 2379 1632 2435 obtulere
1665 2380 1814 2436 ultro
1864 2397 1992 2437 sese
2022 2381 2096 2450 95;

460 2465 542 2520 sic
573 2468 898 2536 temporum
932 2466 1076 2522 ratio
1099 2467 1405 2538 poscebat:
1429 2468 1688 2536 nemine,
1721 2473 1784 2524 ut
1813 2469 1898 2536 ﬁt,
1924 2470 2103 2526 libere

458 2554 753 2626 loquente,
790 2559 850 2610 et
896 2554 1299 2612 vehementius
1329 2557 1740 2613 exardescente
1783 2558 2100 2629 impietate.

462 2643 678 2699 Deinde
706 2642 784 2698 illi
820 2647 877 2698 et
909 2643 1052 2712 puro
1096 2646 1268 2700 corde
1299 2649 1478 2701 Deum
1508 2645 1706 2702 intuiti
1736 2645 1910 2709 clare,
1943 2652 2002 2704 et
2030 2647 2102 2704 ab

462 2734 661 2789 eodem
683 2733 923 2789 incitati.
945 2734 1087 2792 Nam
1120 2739 1177 2791 et
1198 2752 1446 2807 magnus
1464 2737 1793 2794 Precursor
1812 2738 2100 2808 intrepido

463 2825 658 2880 animo
721 2827 1001 2882 Herodem
1085 2827 1368 2896 coarguit.
1432 2828 1752 2885 Novissime
1814 2845 1949 2886 vero
1996 2829 2098 2887 Dei

461 2916 737 2972 beneﬁcio
763 2917 1020 2972 restitere
1040 2916 1205 2972 multi
1223 2923 1278 2974 et
1302 2919 1643 2992 martyrium
1665 2918 2092 2977 sustinuerunt.

459 3006 632 3062 Nefas
681 3006 896 3078 alioqui
963 3009 1022 3061 in
1091 3007 1349 3078 pericula
1400 3023 1528 3064 sese
1576 3009 1807 3064 inferre.
1850 3009 2094 3065 Gavisus
2130 3045 2172 3110 Ο

460 3100 652 3151 autem
680 3110 806 3149 sum
837 3093 1222 3164 vehementer,
1270 3097 1420 3168 quod
1454 3098 1639 3154 caeteri
1668 3102 1862 3154 tecum
1905 3099 2100 3154 Patres

465 3186 820 3255 conspirant,
873 3186 1116 3254 Quorum
1153 3189 1378 3242 nomina
1424 3196 1552 3243 sunt
1587 3190 1644 3242 in
1678 3188 1818 3245 libro
1855 3189 1989 3247 vitae
2019 3190 2098 3244 ²⁸ε

467 3292 610 3346 quos
658 3279 716 3330 et
766 3291 862 3345 per
908 3281 964 3331 te
1012 3276 1224 3343 saluto,
1274 3294 1521 3348 quorum
1571 3279 1786 3333 sanctis
1833 3279 2101 3350 precibus

463 3379 601 3436 egeo
641 3366 711 3419 ad
765 3363 970 3420 salutis
1011 3365 1361 3421 subsidium.
1403 3366 1586 3422 Valde
1614 3382 1698 3422 me
1720 3367 1911 3437 juvat,
1945 3368 2098 3438 quod

463 3453 536 3508 ab
584 3454 830 3525 Hypatio
863 3454 1035 3510 fratre
1067 3455 1203 3510 boni
1237 3455 1455 3526 aliquid
1500 3456 1855 3526 impetraris.
1891 3457 2102 3512 Fratres

458 3546 517 3599 in
539 3545 1263 3615 angustiisfcompreboniur
1291 3547 1357 3614 ’⁷,
1404 3551 1464 3602 ut
1511 3563 1682 3602 sacris
1728 3547 1957 3617 paginae
2005 3548 2098 3601 ad-

457 3642 716 3689 monent.
767 3635 814 3688 A
864 3641 1065 3689 nostra
1115 3634 1268 3690 enim
1318 3634 1597 3691 tenuitate
1655 3635 1815 3690 nulla
1880 3636 2100 3691 utilitas

455 3721 728 3792 cuiquam
762 3727 883 3778 est:
928 3738 1267 3795 quanquam
1307 3723 1431 3796 ipse
1486 3727 1556 3780 de
1587 3724 1756 3780 nobis
1789 3725 2096 3794 magniﬁce

456 3811 712 3882 loqueris
743 3828 812 3868 ex
843 3812 1142 3870 charitate.
1176 3815 1460 3880 Quoniam
1492 3831 1622 3871 vero
1661 3819 1718 3870 et
1747 3814 2098 3871 catechesim

454 3903 669 3973 rogasti
718 3919 894 3974 quam
949 3903 1128 3960 habui
1171 3904 1243 3960 ad
1279 3903 1576 3960 universos
1627 3905 1858 3973 fratres,
1912 3921 2099 3975 nuper

457 3992 524 4045 ad
567 3994 624 4047 te
654 3992 810 4050 misi.
841 3991 923 4049 Tu
976 3993 1118 4048 mihi
1152 4010 1322 4065 porro
1366 3993 1601 4049 assidua
1652 4010 1817 4063 prece
1847 3992 2096 4049 salutem

453 4096 644 4136 exora.
670 4081 870 4153 Accepi
893 4083 1194 4154 "poculum
1218 4099 1498 4154 servoque
1521 4087 1584 4138 ut
1605 4083 1682 4138 sit
1719 4082 1884 4138 obvia
1906 4081 2097 4152 magis

450 4170 535 4224 tui
602 4171 944 4227 recordatio.
1024 4176 1238 4228 Novem
1293 4173 1497 4226 fratres
1579 4187 1737 4227 meos
1831 4171 2099 4242 ﬁliosque

450 4263 673 4316 salvere
700 4261 897 4331 jubeo,
949 4263 1114 4318 enixe
1164 4279 1362 4332 preces
1418 4262 1764 4333 implorans.
1815 4261 2096 4318 Nicolaus

452 4350 630 4404 irater
654 4352 756 4421 qui
788 4367 1015 4406 mecum
1066 4357 1154 4407 est
1184 4352 1471 4419 inclusus,
1501 4351 1608 4407 tibi
1652 4368 1786 4408 cum
1817 4353 2092 4408 omnibus

450 4438 699 4495 salutem
740 4439 900 4496 dicit.
935 4441 1126 4496 Gratia
1155 4440 1479 4498 vobiscum.
1515 4441 1726 4498 Amen.

833 4528 995 4586 XLV.
1031 4561 1096 4572 -—
1145 4530 1352 4586 Basilio
1387 4534 1694 4602 praeposito.

2210 1751 2472 1824 ἆρίστευε,
2529 1753 2667 1827 ἡγου
2740 1755 2844 1806 τῶν
2917 1748 3166 1828 ἂδελιρῶν
3244 1770 3361 1815 σου,
3431 1748 3826 1822 προθυμοποίει,

2209 1840 2562 1917 παραδείκνυε
2613 1843 2682 1899 τὰ
2725 1849 2824 1910 τῆς
2873 1840 3153 1912 ἀληθείας,
3185 1841 3463 1914 παράθηγε
3522 1841 3599 1900 εἰς
3652 1859 3829 1913 μαρτυ-

2209 1931 2350 2006 ρίαν.
2383 1933 2439 1985 Ὀ
2485 1931 2589 2006 γὰρ
2628 1931 2817 2003 καιρὸς
2863 1933 3109 1992 τοιοῦτος
3143 1946 3158 1959 °
3199 1929 3296 1984 κᾶν
3348 1923 3714 2003 ὓποκρύῦεσθε
3756 1926 3827 1982 ἐν-

2207 2022 2415 2094 νόμως.
2446 2022 2514 2077 Τὸ
2563 2021 2664 2096 γὰρ
2713 2019 2995 2095 ἐπιῤῥίψαι
3041 2016 3227 2074 ἐαυτδν
3279 2016 3330 2073 ἐν
3371 2022 3684 2092 πειρασμῷ,
3711 2018 3830 2073 καθα

2209 2111 2478 2182 ἐζήτησας
2536 2113 2746 2184 μαθεῖν,
2775 2109 2935 2165 τοῦτό
2994 2108 3129 2178 ἐστι,
3159 2109 3220 2163 τὸ
3262 2110 3351 2184 αφ’
3382 2108 3577 2163 ἑαυτοῦ
3623 2109 3828 2176 κινηθῇς

2208 2200 2294 2255 ναί
2338 2221 2477 2270 τινα,
2515 2200 2602 2255 καὶ
2653 2203 2955 2277 φανερῶσαι
3004 2199 3192 2254 ἑαυτὸν
3239 2203 3356 2258 τοῖς
3415 2196 3745 2272 φονεύουσιν.
3775 2193 3829 2252 Εἰ

2211 2286 2267 2343 δὲ
2299 2289 2382 2344 ὅτι
2422 2290 2450 2344 ὁ
2486 2285 2636 2365 ἅγιος
2696 2285 2942 2363 Γόρδιος,
2973 2285 3154 2362 ὥσπερ
3209 2285 3300 2342 καί
3335 2305 3471 2347 τινες
3529 2283 3695 2340 ἄλλοι
3737 2289 3826 2339 τῶν

2213 2380 2524 2453 μαρτύρων,
2555 2376 2886 2449 αὺτόκλητοι
2915 2379 3048 2447 ἧκον
3071 2394 3086 2406 ·
3120 2377 3148 2432 ὁ
3176 2374 3378 2452 τρόπος
3408 2374 3586 2436 οὕτως
3615 2375 3828 2449 ἀπῄτει·

2210 2466 2424 2530 οὐδενὸς
2463 2469 2536 2531 ὡς
2584 2464 2746 2547 ἔτυχε
2792 2466 3321 2544 παρρησιαζομένου,
3362 2465 3452 2520 καὶ
3507 2464 3833 2533 ἀναπτούσης

2207 2565 2308 2628 τῆς
2359 2557 2538 2620 ἆθεΐας
2597 2556 2978 2637 σφοδρότερον.
3005 2558 3233 2613 Ἔπειτα
3277 2554 3367 2611 καὶ
3415 2556 3627 2624 καθαρᾷ
3658 2550 3834 2628 καρδίᾳ

2210 2649 2336 2704 Θεὸν
2393 2646 2859 2724 ἐνοπτρισάμενοι,
2919 2648 3007 2700 καί
3090 2645 3225 2720 πρὸς
3299 2642 3462 2700 αύτοῦ
3549 2644 3832 2719 νυχθέντες.

2209 2735 2355 2792 Ἐπεὶ
2405 2737 2495 2792 καὶ
2540 2737 2568 2790 ὁ
2611 2735 2778 2812 μέγας
2837 2731 3161 2806 Πρὸδρομος
3217 2729 3615 2809 ῥιψοκινδύνως
3663 2730 3835 2803 ἤλεγξε

2205 2825 2297 2880 τὸν
2328 2821 2599 2898 Ἡρώδην.
2634 2825 2794 2896 Ἀρτι
2829 2821 2883 2879 δὲ
2911 2822 3117 2878 πολλοὶ
3147 2823 3333 2898 χάριτι
3373 2824 3508 2876 Θεοῦ
3563 2818 3835 2891 ἐνιστάμε-

2209 2934 2288 2968 νοι
2327 2911 2416 2968 καί
2465 2916 2860 2987 μαρτυροῦντες
2886 2929 2902 2944 ⁸
2945 2911 3034 2966 καὶ
3067 2910 3165 2966 οὐκ
3194 2906 3414 2983 ἔννομον
3455 2910 3519 2964 τὸ
3554 2908 3834 2984 ἐπιρῥίψαι.

2214 3003 2456 3078 Ἐχάρην
2495 3000 2552 3057 δὲ
2597 3000 2718 3057 λίαν
2760 3001 2843 3057 δτι
2881 3001 2968 3056 καὶ
3015 2997 3189 3072 ἕτεροι
3241 3000 3472 3073 Πατέρες
3527 2995 3836 3071 συμπνέονσί

2213 3113 2319 3161 σοι,
2352 3098 2460 3146 Ὠν
2491 3090 2565 3147 τὰ
2597 3092 2890 3164 ὀνόματα
2915 3090 2973 3144 ἐν
3012 3085 3229 3164 βίϐλῳ
3262 3085 3551 3157 ζωῆς-οὖς
3581 3088 3671 3143 καὶ
3700 3106 3839 3162 προσ.

2205 3181 2452 3257 αγορεύω
2503 3179 2592 3236 διὰ
2639 3186 2758 3249 σοῦ,
2797 3180 2887 3235 καὶ
2933 3177 3194 3252 δεδέημαι
3234 3182 3340 3232 τῶν
3389 3177 3562 3251 ἁγίων
3616 3195 3837 3252 προσευ-

2205 3276 2323 3347 χῶν
2352 3270 2428 3334 εἷς
2459 3268 2769 3344 ἐπικουρίαν
2823 3269 3118 3342 σωτηρίας.
3148 3264 3381 3344 Ὤιρελον
3435 3265 3522 3321 ὅτι
3574 3265 3715 3340 παρᾶ
3756 3267 3837 3319 τοῦ

2207 3359 2446 3435 ἀδελφοῦ
2479 3359 2732 3415 Ὑπατίου
2765 3359 2914 3433 εὗρες
2944 3379 2995 3413 τι
3024 3361 3130 3412 τῶν
3181 3355 3386 3412 καλῶν.
3421 3356 3488 3409 Ἀ
3509 3352 3744 3432 δελφοὶ
3789 3352 3838 3407 ἐν

2206 3449 2526 3526 ἀνάγκαις
2566 3445 2851 3504 ἔστωσαν
2897 3449 3235 3526 χρήσιμοι
3261 3447 3330 3513 ’ἡ
3364 3446 3551 3520 Γραφή
3581 3442 3839 3520 ἐγκελεύε-

2204 3561 2312 3596 ται.
2340 3538 2492 3612 Παρὰ
2519 3541 2620 3613 γὰρ
2648 3545 2749 3607 τῆς
2799 3537 2938 3611 ἐμῆς
2975 3535 3352 3596 ταπεινώσεως
3403 3531 3560 3588 οὐδὲν
3613 3529 3828 3604 ὄφελοςο

2204 3627 2299 3684 κᾶν
2351 3628 2508 3690 αὐτὸς
2570 3626 2923 3704 μεγαλαυχῇς
2979 3625 3129 3698 ἡμᾶς
3184 3621 3235 3694 ἐξ
3293 3621 3533 3698 ἅγάπης.
3587 3621 3736 3678 Ἐπεὶ
3785 3617 3834 3673 δῖ

2205 3715 2470 3786 ἐζήτησας
2503 3716 2592 3769 καὶ
2621 3717 2951 3788 κατήχησιν,
2975 3713 3036 3782 ἦν
3073 3711 3208 3785 πρὸς
3249 3712 3450 3771 πάντας
3499 3710 3630 3771 τοὺς
3679 3706 3829 3763 ἀδελ-

2205 3806 2339 3882 φοῦς
2397 3803 2648 3874 ἐποίησα,
2695 3800 2812 3876 ἄρτι
2869 3798 3152 3856 ἐπέστειλα
3189 3800 3280 3854 καὶ
3337 3798 3471 3873 πρός
3531 3819 3608 3854 σε.
3673 3798 3742 3852 Σύ
3784 3815 3832 3849 τε

2204 3893 2515 3968 προσεύχου
2571 3890 2934 3952 ἀδιαλείπτως
2991 3891 3092 3960 τήν
3145 3888 3418 3964 σωτηρίαν
3463 3909 3583 3959 μοι.
3616 3887 3685 3940 Τὸ
3728 3905 3829 3939 κισ·

2205 3980 2388 4038 σύϐιον
2443 3981 2744 4055 ἐδεξάμην
2797 3981 2886 4035 καὶ
2954 3977 3092 4034 ἔστω
3151 3998 3245 4032 σου
3317 3980 3394 4038 εἴς
3470 3973 3831 4051 ἐναργεστέραν

2207 4076 2450 4148 μνήμην.
2483 4073 2586 4140 Τὴν
2631 4067 2847 4126 ἐννεάδα
2889 4072 2997 4124 τῶν
3047 4065 3296 4144 ἀδελφῶν
3351 4086 3455 4140 μου
3509 4067 3600 4120 καὶ
3651 4064 3828 4119 τέκνων

2202 4163 2612 4238 προσαγορεύω,
2670 4157 2900 4214 πλεῖστα
2967 4155 3220 4228 δεόμενος
3298 4155 3386 4210 καὶ
3468 4158 3575 4220 τῆς
3657 4154 3829 4230 εὐχῆς.

2201 4256 2258 4309 Ὀ
2316 4250 2548 4330 ἁδελφὸς
2623 4246 2899 4310 Νικόλαος
2958 4247 2985 4301 ὁ
3043 4246 3136 4302 σὺν
3203 4245 3328 4320 ἐμοὶ
3398 4244 3830 4317 ἐγκεκλεισμένος

2203 4341 2590 4418 προσαγορεύει
2651 4358 2707 4393 σε
2765 4339 2856 4392 σὺν
2911 4339 3087 4393 πᾶσιν.
3140 4337 3206 4391 Ἢ
3265 4334 3426 4409 χάρις
3496 4333 3617 4407 μεθ’
3676 4331 3828 4404 ὑμῶν.

2119 4401 2167 4464 Ι)
2199 4401 2399 4507 ui...va

2401 4523 2535 4578 ME'.
2567 4550 2637 4562 —
2669 4514 3001 4589 Βασιλείῳ
3037 4513 3415 4592 ἡγουμένῳ.
3454 4511 3643 4587 [τλς’.]

1071 4649 1144 4698 De
1175 4645 1504 4711 recipiendis
1538 4647 1702 4710 lapsis
1733 4647 1908 4710 deque
1939 4657 2124 4695 eorum
2156 4640 2493 4700 paenitentia.
2527 4637 2742 4701 (Baron.
2771 4649 2858 4685 an.
2889 4633 3002 4696 817,
3032 4648 3088 4683 n.
3124 4631 3226 4694 19.)

518 4748 752 4804 Brevem
785 4745 1090 4818 epistolam
1130 4751 1314 4813 tuam,
1347 4745 1518 4800 Pater
1547 4748 1765 4812 sancte,
1799 4743 1910 4813 legi
1954 4758 2090 4798 cum

447 4835 742 4906 voluptate
774 4840 1054 4906 tanquam
1099 4850 1168 4890 ex
1217 4850 1360 4906 puro
1398 4835 1568 4890 corde
1598 4833 1950 4903 profectam:
1985 4846 2089 4885 nec

451 4924 721 4978 laudibus
771 4929 966 4978 tamen
1029 4922 1342 4978 delectatus
1400 4938 1554 4989 sum,
1622 4921 1838 4992 quippe
1884 4934 2090 4990 expers

449 5029 648 5068 earum
706 5029 855 5084 quas
921 5013 1416 5068 commemorasti.
1467 5011 1580 5066 Sed
1629 5016 1713 5077 tu,
1767 5010 1816 5065 si
1867 5011 1946 5064 ita
1984 5008 2089 5075 vis,

449 5102 644 5174 ptoius
683 5119 783 5158 ora
832 5106 896 5158 ut
962 5107 1181 5172 partem
1231 5117 1299 5156 ac
1349 5105 1563 5155 statum
1622 5104 1788 5154 tuum
1832 5098 2092 5169 proxime

447 5193 752 5261 attingam.
796 5191 905 5246 Sed
951 5192 1056 5246 bac
1105 5192 1175 5245 de
1223 5205 1284 5245 re
1314 5189 1619 5243 hactenus.
1662 5185 1897 5242 Utinam
1931 5201 2090 5253 vero,

447 5279 940 5350 quemadmodum
973 5278 1082 5345 ais,
1134 5279 1296 5332 utilis
1341 5277 1456 5331 Deo
1501 5276 1580 5329 sit
1628 5273 1854 5345 Hypalii
1895 5273 2089 5327 fratris

448 5385 644 5442 opera,
682 5369 993 5425 alteriusve
1037 5366 1355 5436 cujuslibet
1385 5381 1580 5420 eorum
1611 5364 1708 5434 qui
1740 5363 2039 5418 decertant
2072 5379 2085 5416 :

449 5468 510 5514 ut
532 5458 617 5514 vel
641 5474 738 5528 per
758 5458 913 5527 ipsos
942 5456 1261 5510 habeamus
1285 5461 1342 5510 et
1364 5470 1468 5509 nos
1498 5452 1750 5508 humiles
1774 5451 2086 5524 propitium

447 5549 698 5605 Numen.
723 5545 1105 5616 Interrogatio
1141 5545 1212 5600 de
1237 5543 1326 5601 his
1348 5543 1450 5616 qui
1472 5541 1730 5615 prolapsi
1751 5546 1890 5598 sunt
1926 5540 1986 5597 in
2021 5532 2111 5596 ea

549 5735 596 5769 ²⁵
628 5733 805 5793 Basil.
836 5731 1004 5807 Hom,
1036 5733 1188 5809 inmS.
1215 5733 1497 5794 Gordium
1522 5734 1850 5802 martyrem.

1931 5729 1976 5764 εδ
2007 5727 2258 5800 Philipp.
2296 5743 2373 5797 Iv,
2395 5726 2450 5784 3.

2268 4733 2473 4796 Ἢδὲως
2524 4753 2619 4787 σου
2677 4730 2912 4808 ὰνέγνων
2969 4730 3031 4784 τὸ
3090 4733 3488 4806 γραμματεῖον,
3539 4728 3587 4782 ὦ
3644 4724 3831 4799 πατρό-

2202 4847 2304 4896 της
2339 4823 2482 4894 ἁγία,
2505 4823 2582 4883 ὡς
2611 4821 2719 4876 ἀπὸ
2756 4817 2980 4896 καρδίας
3021 4823 3255 4889 καθαρᾶς
3301 4819 3792 4892 προσενηνεγμένον
3814 4833 3827 4846 ·

2203 4915 2265 4970 ού
2320 4913 2425 4986 μὴν
2483 4911 2536 4966 ἐν
2585 4917 2699 4972 τοῖς
2751 4909 2990 4971 ἐπαίνοις
3029 4907 3226 4978 ἥσθην,
3266 4909 3342 4969 ὡς
3367 4907 3512 4976 ξὲνος
3541 4911 3650 4962 τῶν
3689 4904 3829 4960 λελε-

2201 5002 2433 5078 γμένων.
2465 4999 2625 5056 Ἀλλ’
2657 4999 2840 5068 αὐτὸς,
2891 4998 2936 5052 εἰ
2987 4997 3200 5072 βούλει,
3255 4996 3472 5069 μᾶλλον
3530 4996 3824 5071 προσεύχου

2198 5099 2298 5161 τῆς
2362 5088 2583 5165 μερίδος
2633 5089 2722 5143 καὶ
2770 5088 3005 5149 στάσεώς
3063 5107 3160 5142 σου
3216 5084 3444 5162 ἐγγύθεν
3497 5082 3822 5159 παραθίγείν.

2201 5184 2374 5238 Τοῦτο
2403 5180 2498 5254 μὲν
2525 5183 2795 5235 τοιοῦτον.
2822 5178 2922 5246 Εῗη
2958 5174 3014 5232 δὲ
3043 5176 3178 5231 κατᾶ
3206 5175 3268 5230 τὸ
3310 5174 3463 5249 ῥῆμά
3518 5195 3616 5228 σου
3643 5191 3824 5246 χρησιο

2206 5270 2381 5342 μεύειν
2439 5273 2519 5341 τῷ
2579 5272 2694 5339 Θεῷ
2716 5267 2967 5322 Ύπατιὸν
3012 5286 3071 5320 τε
3112 5265 3204 5320 τὸν
3237 5261 3498 5338 ἀδελιρὸν,
3529 5264 3616 5317 καί
3659 5260 3826 5314 ὅντινα

2201 5359 2373 5416 ἄλλον
2419 5364 2527 5414 τῶν
2567 5356 2934 5413 ἐναθλούντων
2961 5375 2973 5389 ο
3007 5357 3080 5417 ὡς
3127 5353 3188 5408 ἃν
3243 5350 3310 5408 δι’
3342 5350 3513 5408 αὓτῶν
3573 5348 3821 5424 σχοίημεν

2198 5450 2290 5504 καὶ
2320 5452 2484 5520 ἡμεῖς
2541 5447 2592 5502 οἳ
2649 5447 2892 5502 ταπεινοὶ
2924 5444 3137 5518 εὐμενὲς
3168 5444 3229 5498 τὸ
3261 5447 3437 5499 Θεῖον.
3469 5441 3536 5496 Τὸ
3586 5439 3824 5507 ἐρώτημα

2196 5543 2306 5593 τῶν
2348 5536 2700 5613 ἐμπαρέντων
2749 5534 2800 5590 ἐν
2845 5539 2962 5597 τοῖς
3002 5533 3143 5589 κατᾶ
3189 5530 3346 5608 φύσιν
3397 5530 3433 5600 ἢ
3484 5528 3629 5602 παρᾶ
3683 5525 3823 5602 φύσιν

2527 5724 2574 5761 ²⁷
2604 5725 2771 5779 Prov.
2807 5724 2940 5791 xvii,
2974 5719 3062 5774 17.
