4062 6280
461 297 609 360 1251

457 528 735 595 tanquam
805 524 957 595 regis
1011 520 1394 594 mancipium,
1443 519 1639 575 desine
1671 517 1869 574 mirari
1912 535 2096 576 :nam

457 615 596 671 talia
643 617 861 674 sanctis
907 615 1253 684 contingunt
1303 629 1316 669 :
1373 613 1582 668 deinde
1629 610 1717 666 vel
1770 611 1935 667 inviti
1969 627 2097 667 vere

455 707 834 761 ostenderunt
861 706 1104 772 mundo,
1129 713 1180 760 te
1206 703 1490 760 famulum
1515 717 1640 757 esse
1663 699 2096 773 regiscmlestis,

453 795 784 866 exemplum
833 793 1087 849 obeundi
1138 810 1240 866 pro
1288 791 1401 848 Deo
1451 790 1730 863 martyrii,
1778 789 2096 862 reprehen-

451 899 642 938 sorem
692 883 1028 954 impietatis.
1075 885 1272 954 Itaque
1307 887 1397 937 sta
1437 881 1573 936 forti
1623 879 1835 947 animo,
1877 879 2093 934 Christi

450 973 618 1028 miles
641 988 656 1028 :
681 981 803 1030 esto
821 991 885 1028 ex
919 972 1078 1029 omni
1111 977 1275 1044 parte
1333 975 1597 1026 strenua:
1676 969 1891 1024 Labora
1913 985 1932 1022 :
1963 983 2096 1039 opus

443 1063 535 1132 fac
566 1062 914 1132 evangelista:
942 1064 1029 1126 33;
1070 1059 1497 1117 confessionem
1530 1065 1693 1114 tuam
1729 1057 1926 1125 imple,
1960 1073 2094 1112 cum
2125 1111 2136 1120 .

446 1149 630 1210 Deum
663 1151 888 1207 occulte
941 1151 1157 1206 habeas
1203 1150 1571 1220 edjutorem;
1623 1146 1924 1202 custodem
1969 1147 2097 1201 vita:

446 1241 557 1294 tuae
588 1240 885 1312 angelum,
919 1239 1018 1310 qui
1048 1244 1102 1294 te
1137 1244 1322 1293 totum
1356 1235 1776 1306 complectatur
1797 1251 1860 1290 ac
1883 1237 2092 1304 foveat,

447 1330 542 1400 qui
573 1331 644 1385 de
675 1335 730 1385 te
761 1331 927 1386 valde
960 1331 1201 1398 laetetur,
1238 1329 1336 1402 qui
1374 1343 1571 1397 preces
1605 1334 1735 1380 luas
1785 1327 1854 1380 ad
1908 1325 2088 1380 Deum

445 1417 665 1474 deferat
708 1419 766 1475 in
818 1421 1049 1476 odorem
1087 1418 1414 1485 suavitatis,
1469 1417 1526 1472 in
1560 1416 1776 1489 quibus
1816 1420 1872 1470 et
1913 1415 2093 1471 nostri

445 1513 750 1577 memento,
798 1511 899 1582 qui
960 1507 1223 1582 quamvis
1271 1511 1602 1581 peccatores
1659 1503 1975 1579 plurimum
2035 1510 2091 1560 te

441 1615 740 1660 amamus.

925 1689 1153 1746 XLVII.
1196 1721 1263 1730 ——
1294 1688 1610 1762 Praeposito.

1710 295 1774 356 s.
1824 275 2214 366 resonos!
2261 278 2624 372 s'runira

457 434 616 499 Quod
667 451 800 492 vero
848 439 905 491 te
953 450 1068 490 una
1115 449 1240 490 cum
1266 429 1583 487 textoribus
1613 429 2082 498 adnumerarunt,

2209 431 2494 506 θαυμάσῃς
2527 451 2540 465 ·
2575 436 2796 489 τοιαῦτα
2843 435 2948 510 γὰρ
2977 440 3093 500 τοῖς
3137 435 3314 512 ἁγίοις
3348 456 3362 471 ·

3685 304 3813 386 1232

3414 436 3593 498 ἔπειτα
3637 444 3712 499 ὅτι
3738 446 3813 500 καὶ

2214 521 2291 592 μὴ
2330 518 2683 596 βουλόμενοι,
2710 523 2784 586 ὡς
2816 521 3039 594 ἀληθῶς
3078 523 3352 598 ὑπέδειξαν
3386 534 3464 602 τῷ
3490 532 3676 608 κόσμῳ
3705 530 3814 592 δοῦ-

2207 608 2303 664 λόν
2355 631 2413 673 σε
2463 611 2594 665 εἶναι
2642 616 2738 666 τοῦ
2791 611 3061 687 βασιλέως
3105 621 3211 670 τῶν
3273 616 3534 692 οὐρανῶν,
3593 615 3816 698 ἔνδειγμα

2214 698 2509 774 μαρτυρίας
2559 706 2716 770 Θεοῦ,
2748 695 2980 779 ἔλεγχον
3029 701 3298 770 ἀσεϐείας.
3344 711 3515 777 Στῆθι
3563 709 3668 773 οὖν,
3710 695 3813 787 γεν-

2209 793 2324 842 ναῖε
2355 794 2660 863 στρατιῶτα
2709 791 2947 865 Χριστοῦ
2983 813 2995 826 ·
3044 794 3356 870 ἀρίστευσον
3388 796 3610 859 τελείως
3642 818 3656 833 ⁸
3709 807 3812 856 Κα-

2207 879 2591 947 ποπαθησον
2643 872 2832 954 ἔργον
2879 879 3163 952 ποίησον
3209 883 3814 967 εὐαγγελιστοῦοτήν

2207 963 2508 1043 ὁμολογίαν
2562 987 2659 1022 σου
2707 965 3137 1050 πληροφόρησον
3171 991 3183 1006 ·
3235 963 3665 1048 ἔχωνάορςίτως
3708 977 3814 1032 Θεὸν

2206 1053 2512 1131 ἐπίκουρον,
2562 1057 2654 1112 τὸν
2705 1057 2919 1132 φύλακα
2965 1067 3064 1129 τῆς
3119 1066 3265 1131 ζωῆς
3317 1083 3412 1118 σου
3460 1061 3684 1140 ἄγγελον
3731 1087 3812 1120 κυυ

2203 1141 2443 1199 κλοῦντά
2491 1166 2570 1218 σε,
2609 1148 2937 1221 περίέποντά
2989 1170 3066 1220 σε,
3097 1149 3360 1226 χαίροντα
3410 1149 3556 1219 λίαν,
3605 1155 3687 1209 καὶ
3732 1156 3811 1220 τὰς

2203 1235 2511 1310 προσευχάς
2562 1257 2658 1292 σου
2705 1237 3032 1315 ἀναφέροντα
3083 1239 3156 1304 εἷς
3207 1241 3336 1298 Θεὸν
3396 1241 3472 1306 εἷς
3530 1243 3695 1318 ὀσμήν
3738 1245 3812 1300 εὖ.

2204 1320 2370 1386 ωδίας
2406 1342 2418 1354 ο
2453 1322 2504 1378 ἐν
2545 1327 2628 1387 αἷς
2687 1325 2935 1399 μέμνησο
2985 1328 3074 1384 καὶ
3133 1329 3294 1402 ἡμῶν
3339 1334 3446 1389 τῶν
3498 1332 3810 1407 ἁμαρτωλῶν

2207 1411 2326 1484 μὲν,
2357 1411 2665 1469 ποθούντων
2697 1412 2754 1470 δὲ
2784 1436 2841 1470 σε
2871 1415 3016 1474 λίαν.

2553 1688 2680 1741 ΜΖ’.
2723 1719 2791 1731 —-
2833 1687 3238 1764 Ἠγουμένῳ.
3281 1694 3484 1767 [τμη’.]

1678 1787 1966 1837 Conﬁrmat
1993 1783 2187 1836 Christi
2219 1782 2602 1838 confessorem.

507 1871 589 1928 Ex
619 1887 735 1943 quo
765 1874 820 1926 te
844 1869 1095 1928 intellexi
1115 1871 1462 1928 damnatum
1493 1869 1552 1926 in
1573 1869 1822 1942 judicio,
1845 1873 1902 1925 et
1921 1867 2083 1923 Chri-
2115 1867 2162 1934 Β

439 1959 513 2017 sti
545 1977 720 2016 causa
749 1976 988 2027 caesum,
1030 1977 1062 2016 ο
1106 1959 1535 2028 amantissime,
1579 1959 1820 2031 gaudeo,
1870 1962 1928 2013 et
1969 1955 2077 2011 tibi

438 2049 716 2122 gratulor.
750 2050 867 2106 Hoc
895 2050 1048 2106 enim
1082 2049 1362 2122 gaudium
1399 2056 1454 2105 et
1484 2046 1794 2106 exsultatio
1826 2051 1932 2114 est,
1967 2062 2081 2100 non

433 2139 604 2210 juxta
634 2141 839 2195 mundi
893 2140 1145 2195 laetitiam
1177 2156 1191 2194 :
1226 2140 1345 2195 haec
1376 2139 1532 2195 enim
1570 2136 1919 2194 illastabilis:
1959 2151 2081 2206 quas

436 2245 570 2286 cum
603 2247 727 2286 esse
757 2230 957 2286 laetitia
987 2230 1274 2296 videatur,
1309 2247 1420 2285 non
1453 2234 1539 2284 est
1580 2227 1789 2300 reipsa,
1821 2228 2082 2299 quando-

433 2321 666 2390 quidem
699 2318 914 2375 labitur
940 2319 1038 2376 illa
1063 2336 1166 2375 nec
1188 2325 1343 2375 stare
1368 2323 1578 2390 potest,
1606 2317 1926 2388 eademque
1947 2331 2081 2370 cum

433 2409 672 2475 desinit,
703 2415 950 2464 mortem
985 2414 1299 2480 operatur:
1332 2408 1429 2463 sed
1463 2423 1589 2468 eam
1622 2407 1774 2475 dico,
1806 2422 1934 2476 qua;
1957 2406 2082 2460 sola

433 2499 759 2553 secundum
818 2497 996 2553 Deum
1048 2502 1182 2554 est:
1235 2497 1364 2567 ipsa
1411 2497 1566 2554 enim
1609 2497 1845 2552 unicum
1895 2493 2078 2549 animi

434 2587 922 2644 oblectamentum
956 2594 1061 2650 est,
1101 2592 1158 2642 et
1193 2592 1466 2658 perpetuo
1498 2585 1610 2641 sibi
1641 2590 1938 2650 constans,
1973 2600 2077 2638 cu-

424 2677 528 2748 jus
560 2677 694 2731 finis
724 2677 843 2733 vita
872 2675 1250 2746 sempiterna.
1287 2676 1678 2742 Quamobrem
1704 2675 1834 2743 jure
1856 2673 2076 2744 gaudeo

433 2771 491 2823 et
529 2767 789 2840 gratulor
819 2767 945 2837 tibi,
986 2768 1154 2823 Pater
1185 2767 1685 2822 reverendissime.
1719 2769 1857 2824 Nam
1900 2763 2077 2835 quod,

435 2864 494 2911 ut
529 2858 714 2925 aiunt,
748 2862 1003 2917 centum,
1047 2855 1198 2912 nivis
1238 2856 1374 2924 ritu,
1408 2857 1677 2926 impactus
1706 2859 1845 2909 sunt
1875 2855 2078 2924 plagae,

432 2946 646 3018 quibus
677 2947 907 3002 concisa
937 2946 1124 3014 cutis;
1157 2946 1279 3002 haec
1311 2961 1441 3001 vero
1473 2961 1623 3000 nova
1661 2943 1851 3015 gaudii
1883 2958 2075 2998 acces-

431 3035 519 3092 sio
550 3041 659 3092 est.
695 3037 855 3092 Istud
883 3038 1118 3106 quidem
1153 3053 1268 3092 non
1293 3036 1419 3092 sine
1443 3034 1641 3107 aliquo
1665 3033 1880 3089 doloris
1900 3049 2074 3089 sensu

431 3124 567 3181 licet
597 3127 811 3182 absens
843 3126 1057 3198 accepi.
1101 3127 1208 3182 Sed
1260 3125 1375 3182 Deo
1409 3131 1605 3181 tamen
1645 3123 1848 3197 gloria,
1892 3122 2077 3195 quite

433 3215 801 3313 gloriﬁcavit.
835 3215 978 3271 Nam
1027 3217 1181 3288 quod
1218 3215 1499 3272 immania
1530 3215 1770 3313 vulnera
1799 3215 1970 3270 dorso
2002 3213 2074 3313 ab
2105 3242 2148 3310 α

432 3303 630 3376 impiis
653 3305 949 3376 excepisti,
977 3305 1107 3361 laus
1138 3311 1240 3362 tua
1269 3303 1615 3360 immortalis
1645 3309 1755 3369 est,
1782 3303 2076 3373 perpessio

434 3398 661 3459 sancta,
694 3395 1128 3450 firmamentum
1161 3409 1359 3450 eorum
1394 3393 1492 3464 qui
1543 3393 1762 3466 pariter
1791 3392 2084 3448 conﬁten-

434 3485 550 3550 tur,
587 3480 854 3536 alacritas
900 3482 1380 3551 orthodoxorum,
1435 3483 1831 3540 haereticorum
1883 3479 2081 3536 fremi-

435 3576 553 3638 tus,
588 3569 890 3626 aediﬁcatio
920 3571 1186 3628 Ecclesiae
1213 3572 1334 3628 Dei.
1382 3571 1609 3642 Lapides
1649 3569 1830 3627 sancti
1858 3571 2083 3624 volvun-

433 3665 528 3718 tur
547 3678 710 3733 super
732 3675 936 3718 terram
963 3663 1030 3731 ³⁸,
1060 3668 1123 3718 ut
1144 3663 1224 3719 ait
1244 3663 1542 3735 pr0pheta.
1569 3665 1857 3729 Quorsum
1884 3661 2038 3716 istud
2054 3659 2082 3714 ?

437 3752 509 3807 ad
544 3751 996 3823 aequabilitatem
1032 3751 1283 3824 pietatis,
1307 3753 1377 3806 ad
1418 3751 1684 3808 Ecclesia;
1705 3754 2082 3806 structuram.

437 3841 567 3912 Ipse
599 3842 780 3914 igitur
811 3857 961 3896 unus
992 3843 1255 3898 omnium
1281 3858 1313 3894 a
1331 3841 1549 3912 Spiritu
1573 3847 1798 3906 sancto,
1822 3835 2083 3908 angulari

432 3929 612 4003 lapidi
646 3936 949 4002 coaptatus
979 3947 1042 3986 es
1073 3937 1128 3986 et
1157 3935 1622 4001 coagmentatus.
1658 3931 1768 3986 Sed
1792 3935 1848 3984 et
1872 3928 2078 3990 nostri,

434 4022 532 4091 qui
591 4024 916 4092 peccatores
948 4036 1173 4084 sumus,
1207 4028 1516 4090 memento,
1543 4037 1576 4076 ο
1600 4018 1984 4085 sanctissime,
2020 4016 2080 4072 in

436 4109 833 4166 orationibus:
867 4127 938 4166 ne
970 4128 1003 4165 a
1033 4115 1328 4166 structura
1358 4110 1710 4180 excidemus,
1736 4110 1834 4165 sed
1867 4106 2081 4163 alicubi

431 4199 519 4255 vel
556 4208 832 4270 tanquam
876 4198 1018 4255 silex
1056 4199 1448 4268 inveniamur,
1489 4199 1672 4272 gratia
1706 4215 1772 4254 ac
1815 4195 2078 4267 benigni-

436 4289 557 4340 tate
588 4286 793 4354 optimi
828 4285 926 4341 Dei
959 4287 1164 4342 nostri.

432 4373 666 4430 XLVIII.
717 4405 786 4416 —
845 4375 1145 4433 Theodorus
1192 4375 1453 4447 dispersis
1500 4376 1697 4448 ubique
1751 4374 2082 4430 Fraternita-

430 4462 572 4518 tibus
629 4479 754 4520 cum
807 4465 882 4520 iis
928 4467 1024 4538 qui
1079 4465 1141 4522 in
1197 4466 1537 4537 confessione
1592 4465 1794 4522 Christi
1845 4469 2075 4532 certant,

428 4553 687 4612 salutem.

2110 4538 2157 4605 D

2264 1861 2486 1935 Ἐπειδή
2532 1864 2732 1938 ἔμαθον
2781 1867 3148 1948 εἷσαγώγιμόν
3207 1893 3263 1927 σε
3319 1875 3583 1948 γενέσθαι,
3615 1875 3700 1930 καὶ
3742 1897 3814 1932 τε·

2191 1952 2387 2032 τύφθαι
2423 1954 2556 2028 ὑπὲρ
2605 1957 2862 2028 Χριστοῦ,
2895 1958 2940 2012 ὦ
2991 1961 3308 2036 τριπόθητε,
3339 1965 3527 2040 χαίρω
3573 1965 3658 2027 καὶ
3699 1986 3813 2040 συγρ

2191 2043 2372 2119 χαίρω
2399 2065 2502 2100 σοι.
2539 2048 2710 2102 Τοῦτο
2743 2047 2845 2122 γὰρ
2875 2047 3020 2123 χαρὰ
3049 2049 3134 2104 καὶ
3170 2050 3498 2126 ἀγαλλίασις
3538 2073 3549 2084 ο
3587 2053 3646 2109 οὗ
3695 2054 3816 2108 κατᾶ

2192 2135 2291 2200 τὴν
2339 2138 2436 2188 τοῦ
2493 2134 2705 2208 κόσμου
2759 2137 2933 2212 χαρὰν
2995 2138 3235 2214 (ἀχαρὴς
3291 2143 3392 2217 γὰρ
3451 2141 3574 2212 ἥδε,
3609 2141 3814 2198 δοκοῦσα

2195 2222 2313 2296 μὲν,
2347 2223 2446 2278 οὐκ
2485 2221 2616 2278 οὖσα
2663 2221 2741 2293 δὲ,
2789 2223 3009 2300 ἐπείπερ
3060 2228 3256 2302 ῥέουσα
3299 2230 3409 2309 οὐχ
3449 2229 3692 2299 ἵσταται,
3738 2232 3812 2286 καὶ

2189 2311 2505 2376 τελευτῶσα
2567 2314 2794 2370 θάνατον
2851 2317 3284 2392 κατεργάζεται),
3343 2318 3490 2376 ἀλλὰ
3548 2323 3646 2392 τὴν
3701 2323 3815 2376 κατὰ

2188 2401 2316 2455 Θεόν
2352 2420 2366 2433 ·
2414 2401 2549 2472 αὕτη
2596 2405 2697 2478 γαρ
2746 2404 2834 2458 καὶ
2893 2405 3031 2478 μόνη
3085 2407 3245 2479 [Reg
3295 2412 3423 2466 cod.
3469 2411 3657 2484 μόνον]
3703 2411 3816 2483 θυμ-

2190 2487 2340 2560 ηδία,
2370 2492 2458 2545 καὶ
2498 2491 2758 2555 ὡσαύτως
2791 2490 3014 2568 ἔχουσα,
3047 2497 3114 2564 ἧς
3141 2497 3203 2550 τὸ
3229 2496 3386 2561 τέλος
3422 2501 3570 2568 ζωήν
3602 2500 3812 2561 αἰώνιος.

2193 2578 2435 2642 Εἰκότως
2469 2579 2565 2634 οὖν
2614 2583 2766 2656 γήθω
2815 2583 2904 2636 καί
2949 2587 3202 2661 συγγῆοω
3246 2607 3354 2642 σοι.
3403 2588 3581 2661 Πάτερ
3627 2589 3813 2657 τιμιώφ

2190 2668 2499 2725 τατε.Ἀλλ’
2529 2669 2635 2739 ὅτι,
2661 2669 2735 2726 ὥς
2767 2693 2917 2748 φασι,
2942 2673 3362 2730 ἓκατοστεύουσα
3394 2678 3428 2744 ἡ
3453 2679 3636 2754 νιφὰς,
3656 2677 3740 2732 καί
3764 2697 3814 2751 γε

2196 2756 2553 2833 βαρύδαρτοςο
2589 2757 2667 2816 ἴδε
2698 2763 2762 2834 [Γ.
2796 2759 2918 2836 ἥδε]
2941 2761 3106 2820 πάλιν
3140 2762 3414 2827 ἐπίστασις
3443 2773 3549 2836 τῆς
3582 2766 3815 2846 ευφροσὸ·

2191 2869 2309 2918 νης.
2343 2849 2456 2904 Οὐκ
2503 2849 2721 2912 ἀπαθῶς
2753 2849 2957 2925 ἤνεγκα
2985 2854 3084 2921 τήν
3127 2853 3300 2924 ἀκοήν
3331 2856 3421 2909 καὶ
3469 2855 3646 2914 ἀπών.
3679 2855 3814 2912 Ἀλλ’

2188 2935 2340 3008 ὅμως
2371 2934 2497 3009 δόξα
2524 2943 2602 3010 τῷ
2637 2937 2723 3012 δοξ
2741 2939 2922 2996 ἀσαντί
2954 2961 3011 2997 σε
3041 2947 3176 3016 Θεῷ.
3214 2942 3335 2997 Ἐπὶ
3365 2945 3550 3000 νώτου
3577 2966 3634 3000 τε
3679 2965 3815 3000 κταν-

2190 3028 2346 3094 θῆναι
2380 3027 2482 3081 ὑπὸ
2513 3032 2622 3082 τῶν
2654 3024 2883 3097 ἀσεϐῶν,
2927 3026 3181 3086 ἄσϐεστόν
3228 3053 3322 3086 σου
3362 3036 3424 3088 τὸ
3474 3032 3658 3104 κλέος,
3689 3033 3812 3108 ἱερὸν

2189 3137 2285 3171 σου
2317 3117 2379 3172 τὸ
2411 3117 2601 3188 πάθος,
2636 3121 2910 3194 στήριγμα
2947 3127 3054 3176 τῶν
3109 3123 3654 3200 συνομολογούντων,
3697 3145 3816 3200 προ-

2187 3205 2352 3280 θυμία
2390 3211 2497 3262 τῶν
2549 3206 3002 3284 ὀρθοδοξούντων,
3049 3209 3330 3286 διάῥρηξις
3371 3217 3477 3268 τῶν
3535 3215 3812 3292 αἱρετιζὸν·

2189 3294 2599 3371 των,οἷκοδομή
2629 3301 2729 3362 τῆς
2758 3303 2855 3354 τοῦ
2886 3305 3020 3356 Θεοῦ
3041 3301 3393 3371 Ἐκκλησίας.
3426 3311 3468 3358 Λ
3489 3304 3624 3362 ίθοι
3654 3306 3813 3380 ἅγιοι

2192 3383 2543 3442 κυλίονται
2586 3385 2693 3441 ἐπὶ
2741 3393 2856 3458 τῆς
2892 3395 3038 3462 γῆς,
3069 3387 3142 3453 ὥς
3177 3411 3339 3469 φησιν
3372 3393 3399 3446 ὁ
3429 3395 3735 3470 προφήτης.
3762 3387 3812 3445 Τί

2193 3478 2391 3544 τοῦτος
2445 3475 2522 3538 εἷς
2573 3473 2884 3550 ὁμαλισμὸν
2921 3473 3216 3548 εὐσεϐείας,
3263 3482 3338 3544 εἰς
3389 3479 3682 3557 ἒνδόμησιν
3726 3487 3810 3548 τῆς

2193 3562 2537 3636 Ἐκκλησίας.
2570 3570 2687 3620 Τῶν
2731 3566 2979 3624 ἁπάντων
3014 3565 3104 3623 οὖν
3138 3567 3215 3631 είς
3258 3570 3348 3624 καὶ
3379 3569 3539 3634 αὐτὸς
3591 3572 3689 3627 ὑπὸ
3732 3573 3814 3626 τοῦ

2193 3652 2352 3728 ἁγίου
2385 3652 2694 3726 Πνεύματος
2735 3659 2815 3726 τῷ
2867 3655 3246 3733 ἀκρογωνιαίῳ
3293 3657 3434 3731 λίθῳ
3486 3660 3812 3736 συναρμολο-

2193 3740 2458 3819 γούμενος
2510 3744 2600 3798 καὶ
2661 3740 3158 3818 συμϐιϐαζόμενος.
3203 3747 3378 3804 Ἀλλά
3436 3749 3685 3824 μέμνησο
3737 3745 3812 3804 καὶ

2193 3833 2353 3902 ἡμῶν
2408 3836 2512 3887 τῶν
2570 3833 2940 3908 ἁμαρτωλῶν,
2988 3837 3280 3911 ἁγιώτατε,
3320 3837 3370 3892 ἐν
3427 3845 3552 3902 ταῖς
3606 3859 3812 3914 προσευ-

2191 3927 2346 3996 χαῖς,
2381 3925 2457 3995 μὴ
2513 3922 2802 3980 ἀποπεσεῖν
2845 3929 2945 3992 τῆς
2995 3923 3365 4000 ἐνδομήσεως,
3396 3927 3528 3984 ἀλλ’
3576 3927 3679 3985 ὡδέ
3720 3949 3812 3983 που

2190 4007 2285 4065 κᾶν
2317 4009 2391 4072 ὡς
2429 4010 2595 4086 χάλιξ
2625 4013 2922 4088 εὑρεθῆναι,
2954 4034 3140 4091 χαριτι
3187 4017 3276 4073 καὶ
3311 4017 3692 4096 φιλανθρωπίᾳ
3732 4016 3812 4073 τοῦ

2195 4101 2398 4177 ἀγαθοῦ
2429 4106 2563 4157 Θεοῦ
2592 4105 2776 4178 ἡμῶν.

2190 4371 2328 4428 MH'.
2369 4403 2441 4414 —
2478 4365 2821 4448 Θεόδωρος
2857 4375 3008 4441 ταῖς
3054 4371 3810 4452 πανταχοῦξδιεσπαρμέο

2261 4479 2404 4523 ναις
2454 4458 2869 4538 ἂδελφότησι
2899 4467 3009 4524 σὺν
3055 4473 3196 4529 τοῖς
3224 4465 3621 4529 ἐναλθοῦσιν
3652 4465 3709 4520 ἐν
3747 4464 3810 4534 τῇ

2260 4551 2604 4628 ὁμολογίᾳ
2631 4557 2956 4631 Χριστοῦ,
2985 4558 3269 4634 χαίρειν.
3300 4558 3478 4630 [τνα’.]

1244 4657 1322 4708 Ad
1357 4657 1685 4720 patientiam,
1717 4650 1912 4706 Christi
1949 4665 2206 4715 amorem,
2244 4657 2298 4705 et
2328 4656 2784 4720 perseverantiam
2815 4660 3022 4714 excitat.

502 4735 688 4790 Omne
735 4735 1013 4808 gaudium
1065 4736 1398 4794 existimare
1446 4738 1686 4810 debetis,
1736 4741 1965 4808 fratres,
2013 4742 2075 4798 in

429 4824 700 4894 praesenti
769 4825 1144 4882 tribulatione
1200 4840 1216 4883 :
1299 4827 1774 4901 quandoquidem
1842 4835 2076 4902 propter

425 4911 718 4969 Christum
757 4918 814 4969 et
861 4915 1190 4984 persecutio
1238 4920 1330 4972 est
1379 4932 1580 4973 eorum
1621 4917 1722 4990 qui
1773 4923 2073 4985 vexantur,

427 5007 715 5058 eteorum
755 5018 951 5059 carcer
998 5005 1098 5076 qui
1149 5005 1526 5064 detinentur:
1578 5005 1754 5076 adjici
1786 5015 1986 5076 potest,
2018 5011 2077 5063 et

425 5108 626 5148 eorum
661 5094 895 5152 verbera
946 5096 1048 5166 qui
1079 5097 1402 5152 caeduntur.
1444 5095 1568 5152 Non
1621 5095 1798 5167 igitur
1837 5096 2074 5154 cessabo

421 5187 479 5238 et
507 5199 712 5238 omnes
743 5185 1101 5254 conjunctim
1133 5189 1190 5240 et
1221 5183 1470 5240 seorsim
1523 5183 1784 5256 singulos
1813 5186 2079 5257 compel—

417 5267 557 5340 lare,
605 5272 820 5328 hortari
871 5289 1277 5330 commonere:
1325 5272 1594 5344 quamvis
1643 5289 1756 5328 non
1814 5275 1923 5329 sim
1973 5291 2077 5338 ne-

420 5361 577 5417 scius
643 5379 772 5418 esse
821 5378 924 5418 vos
981 5363 1042 5419 in
1103 5365 1216 5418 ﬁde
1271 5361 1528 5430 stabiles,
1562 5369 1621 5418 et
1677 5361 1889 5420 habere
1917 5364 2075 5419 domi

421 5451 888 5507 adhortationem
921 5467 986 5507 ac
1015 5453 1460 5509 documentum.
1495 5451 1604 5508 Sed
1639 5459 1826 5508 tamen
1851 5453 2078 5510 debitor

490 5629 538 5666 ³³
570 5629 619 5684 ΙΙ
650 5629 904 5694 Timoth.
943 5645 1017 5696 ιν,
1048 5629 1103 5686 5.
1183 5629 1234 5666 3‘
1265 5631 1437 5689 Zaoh.
1473 5648 1552 5700 lx,
1596 5631 1666 5692 16
1695 5647 1808 5689 sec.
1847 5634 2021 5691 LXX.

2263 4739 2440 4790 Πᾶσαν
2469 4737 2643 4812 χαρὰν
2693 4737 2955 4812 ἡγητέον,
2987 4735 3221 4819 ἀδελφοί
3271 4760 3400 4813 μου,
3431 4736 3486 4794 ἐν
3532 4743 3648 4801 τοῖς
3689 4754 3811 4810 παρ-

2191 4827 2310 4879 οῦσι
2336 4819 2635 4900 θλιϐεροῖς.
2667 4825 2926 4901 Ἐπείπερ
2957 4823 3046 4882 διὰ
3088 4826 3315 4903 Χριστὸν
3367 4825 3461 4882 καὶ
3511 4828 3540 4881 ὁ
3587 4824 3809 4899 διωγμὸς

2191 4916 2295 4970 τῶν
2325 4910 2697 4988 διωκομένων,
2728 4916 2818 4971 καὶ
2865 4917 2922 4970 αἱ
2953 4914 3191 4995 φυλακαὶ
3239 4920 3347 4972 τῶν
3375 4916 3765 4992 καθειργμένων
3795 4931 3806 4944 ⁸

2189 5000 2482 5075 προσθείην
2525 4998 2569 5055 δ’
2617 4999 2701 5066 ἂν,
2751 5003 2842 5059 καί
2891 5005 2946 5058 αἱ
2996 5024 3258 5080 μαστιγις
3306 5007 3414 5060 τῶν
3465 4998 3809 5079 μαστιγουμὲ-

2187 5111 2317 5152 νων.
2351 5090 2461 5146 Οὐκ
2505 5089 2882 5172 ἀποπαύσοιμι
2923 5097 3210 5170 τοιγαροῦν
3238 5093 3330 5149 καὶ
3375 5096 3534 5167 κοινῇ
3563 5095 3690 5148 πᾶσι
3729 5088 3803 5143 καὶ

2189 5180 2302 5255 ἰδίᾳ
2357 5180 2564 5256 ἑκάστῳ
2638 5190 2998 5262 προσφωνεῖν,
3072 5183 3429 5256 παρακαλεῖν,
3507 5180 3808 5258 ὑπομιμνή-

2189 5292 2330 5328 σκειν
2359 5291 2375 5306 ο
2423 5271 2616 5347 καίπερ
2669 5271 2828 5337 εἰδὼς
2875 5272 3295 5350 ἐστηριγμένους
3345 5275 3483 5347 ὑμᾶς
3525 5273 3577 5330 ἐν
3621 5279 3685 5340 τῆ
3728 5266 3806 5324 πί-

2188 5381 2322 5430 στει,
2354 5361 2443 5416 καὶ
2484 5359 2696 5416 οἷ’κοθεν
2747 5361 2974 5440 ἔχοντας
3002 5364 3064 5419 τὸ
3111 5361 3514 5439 παρακλητικὸν
3565 5361 3654 5415 καὶ
3695 5379 3806 5416 νου·

2191 5450 2494 5520 θετητικόν.
2530 5448 2684 5505 Ἀλλ’
2729 5451 2882 5526 ὅμως
2935 5451 3223 5530 ὀφειλέτης
3265 5450 3378 5526 εἰμὶ
3430 5452 3458 5507 ὁ
3500 5444 3806 5524 ἁμαρτωλὸς
