4062 6280
271 347 433 416 1953

1560 317 2115 410 EPISTOLARUM
2159 333 2308 406 ιλιι.
2354 323 2433 400 ιι.

3525 329 3677 406 1234

266 486 361 542 καὶ
392 483 455 542 τδ
484 483 611 558 παρ’
643 480 877 554 ἐμαυτοῦ
907 474 1252 553 προστιθέναι
1293 475 1460 548 [Reg.
1505 473 1633 528 cod.
1684 489 1910 558 προστι-

2031 485 2176 537 sum,
2209 468 2317 523 etsi
2351 472 2638 540 peccator,
2671 475 2733 526 ut
2763 473 2820 526 et
2846 469 3068 544 aliquid
3095 473 3167 532 de
3200 488 3328 531 meo
3359 476 3674 539 conferam.

269 577 429 647 θεῖν],
462 557 650 632 ἄλλως
680 591 738 626 τε
784 568 876 625 καὶ
925 577 1022 623 τοϋ
1069 565 1233 620 πόθον
1265 558 1650 631 ἐκϐιαζομένου
1681 600 1692 612 .
1728 557 1922 647 Ζηλῷ

271 644 404 740 γὰρ
431 662 602 736 ὑμᾶς
641 657 824 731 ζήλῳ
868 660 1029 712 Θεοῦ
1051 674 1065 687 ’
1099 649 1590 728 ἐγκαλλωπίζομαι
1615 648 1642 703 6
1665 644 1922 740 ἀκαλλώφ

274 735 613 813 πιστοςταῖς
644 748 1082 825 ὁμολογητικαῖς
1126 744 1278 817 ὑμῶν
1329 741 1546 816 ἀρεταῖς
1574 780 1587 794 .
1637 735 1787 807 Χαρά
1829 756 1924 810 μοι

275 842 369 896 καὶ
441 841 696 918 στέφανος
766 838 946 910 ὑμεῖς,
1014 827 1237 912 ἔρεισμα
1315 829 1406 884 καὶ
1482 825 1921 901 ἀκαταγώνιστον

278 913 639 1004 κραταίωμα.
691 925 792 982 Ναὶ
852 924 1039 999 ἐρωτῶ
1093 920 1184 977 καὶ
1237 917 1538 994 παρακαλῶ
1596 913 1923 976 ἀσαλεύτους

285 1001 560 1093 διαμένειν
606 1017 845 1080 ἅπαντας
895 1013 945 1069 ἐν
996 1011 1139 1086 πάσῃ
1194 1008 1424 1082 εὐθυμία
1469 1007 1559 1062 καὶ
1608 1001 1924 1093 προθυμίᾳ.

283 1091 601 1176 Πάντοτε,
635 1127 800 1186 φησιν
824 1107 851 1161 6
875 1107 1016 1166 θεῖος
1040 1097 1401 1168 ’Λπόστολος,
1432 1095 1731 1172 χαίρετε·
1757 1091 1828 1148 ἀδ
1849 1113 1928 1147 ια-

281 1198 572 1261 λείπτως
602 1193 1062 1274 προσεύχεσθε
1084 1211 1098 1226 ’
1131 1189 1190 1246 ἐν
1219 1187 1415 1245 παντὶ
1439 1186 1922 1264 εὐχαριστεῖτε·

279 1291 386 1344 Καὶ
420 1288 480 1343 οὐ
515 1287 660 1363 χαρά
686 1291 854 1343 ταῦτα
884 1284 977 1339 καὶ
1011 1280 1337 1360 ἀγαλλίασις
1365 1299 1379 1350 ;
1412 1279 1494 1333 ὅτι
1535 1276 1738 1350 Εἴπερ
1779 1293 1849 1326 συ
1868 1294 1930 1346 μ-

274 1362 650 1455 πάσχομεν,
692 1375 798 1430 καὶ
845 1367 1557 1443 συνδοξασθησόμεθα¹
1592 1364 1646 1419 εί
1686 1362 1924 1455 ἀποθαίῗ

271 1451 518 1536 νωμνενν,
557 1464 666 1519 καὶ
703 1465 1118 1535 συζήσομενο
1164 1459 1223 1514 εἱ
1269 1455 1777 1532 ὑπομείνωμεν,
1816 1451 1923 1507 καὶ

277 1577 350 1611 συ
369 1552 948 1630 μϐασιλεύσομεν,
981 1553 1055 1615 ὡς
1085 1550 1425 1628 γέγραπται.
1453 1543 1656 1616 Ἥλίκη
1689 1546 1724 1614 ἡ
1757 1543 1926 1620 ἐπαγ-

273 1644 453 1722 γελία,
476 1644 751 1721 ἀγαπητοί
778 1645 790 1702 l
827 1643 887 1701 Ei
909 1643 1012 1718 γὰρ
1036 1641 1112 1704 εἰς
1135 1644 1240 1714 πῦρ
1264 1632 1924 1722 ἐμϐληθῶμεν.οἷ’σωμεν·

275 1721 322 1790 εἰ
349 1734 438 1790 καὶ
457 1733 644 1809 θηρσὶν
669 1730 1000 1805 ἐκδοθῶμεν,
1024 1731 1324 1804 ἐνέγκωμεν
1345 1771 1358 1785 .
1379 1725 1538 1785 Οὕτω
1563 1726 1666 1802 γὰρ
1694 1721 1922 1799 ἤνεγκαν

2038 557 2165 628 ipso
2218 557 2434 630 alioqui
2475 574 2672 614 amore
2721 560 3080 634 impellente.
3113 563 3372 622 «Emulor
3419 568 3569 622 enim
3591 581 3678 623 vos

2033 647 2132 702 Dei
2164 646 2557 704 mutatione“
2584 663 2604 700 :
2627 651 2683 702 et
2712 663 2843 702 cum
2880 649 3022 703 nihil
3063 651 3306 707 habeam
3363 653 3516 712 unde
3546 654 3674 726 glo-

2031 734 2168 791 riari
2219 735 2460 808 possim,
2509 736 2890 792 confessionis
2945 743 3148 794 vestra:
3199 740 3510 797 virtutibus
3559 744 3678 815 glo-

2032 823 2168 880 rior.
2204 823 2492 879 Gaudium
2555 824 2696 880 mihi
2731 831 2786 879 et
2843 841 3054 888 corona
3103 845 3206 884 vos
3251 829 3456 897 estis”,
3511 831 3677 886 fulci-

2033 917 2294 968 mentum
2316 920 2372 968 et
2398 914 2570 969 robur
2593 914 2893 969 invictum.
2933 914 3136 986 Utique
3160 935 3360 988 precor
3379 926 3436 975 et
3457 920 3676 990 hortor,

2034 1007 2095 1057 ut
2115 1018 2315 1058 omnes
2348 1003 2500 1057 ﬁrmi
2535 1004 2816 1058 maneatis
2847 1003 2904 1059 in
2938 1008 3093 1062 omni
3128 1007 3342 1079 gaudio
3393 1013 3448 1065 et
3468 1010 3678 1064 alacri-

2035 1097 2168 1148 tate.
2234 1092 2459 1162 Semper
2519 1093 2770 1162 gaudete,
2823 1090 3011 1165 inquit
3061 1097 3292 1153 divinus
3341 1099 3676 1169 Apostolus,

2031 1183 2152 1236 sine
2178 1181 2582 1237 intermissione
2609 1190 2760 1238 orate
2785 1201 2806 1240 :
2833 1187 2893 1239 in
2922 1186 3176 1240 omnibus
3212 1191 3418 1255 gratius
3447 1188 3594 1258 agite
3607 1187 3675 1244 ⁵⁷.

2033 1276 2242 1325 Annon
2275 1269 2430 1324 istud
2473 1273 2748 1341 gaudium
2781 1280 2871 1329 est
2895 1280 2951 1328 et
2971 1276 3594 1341 exultatio?Quoniam
3624 1277 3679 1333 si

2031 1363 2420 1428 compatimur,
2499 1371 2550 1418 et
2615 1363 3165 1435 congloriﬁcabimur
3208 1383 3228 1420 :
3259 1368 3307 1421 si.
3352 1367 3678 1423 commortui

2028 1449 2321 1520 fuerimus,
2389 1456 2444 1506 et
2497 1453 2840 1509 convivemus
2871 1452 2920 1487 ³⁸
2977 1471 2998 1510 :
3060 1456 3109 1508 si
3139 1457 3589 1526 sustinuerimus,
3621 1466 3673 1512 et

2031 1541 2556 1612 conregnabimus”,
2617 1542 2767 1598 sicut
2823 1543 3102 1616 scriptum
3153 1551 3258 1601 est.
3318 1545 3493 1610 Quale
3541 1563 3674 1618 pro-

2033 1629 2304 1700 missum,
2328 1629 2562 1685 dilecti?
2593 1632 2778 1703 Igitur
2805 1631 2892 1688 vel
2915 1632 2964 1688 si
2986 1633 3371 1704 conjiciamur
3402 1636 3460 1690 in
3485 1635 3669 1707 ignes,

2032 1718 2330 1776 feramus:
2397 1718 2484 1775 vel
2526 1719 2576 1777 si
2614 1723 2917 1777 tradamur
2960 1721 3184 1792 bestiis,
3228 1724 3545 1796 patiamur.
3585 1726 3676 1782 Sic

279 1825 332 1880 οἱ
367 1825 456 1879 ἀπ’
488 1823 684 1886 αἰῶνος
726 1817 1183 1899 ἀθλοφοροῦντες,
1218 1815 1407 1892 ἄνδρες
1438 1835 1494 1870 τε
1528 1814 1618 1871 καὶ
1649 1818 1918 1890 γυναῖκες,

2033 1809 2188 1863 enim
2215 1809 2402 1866 tulere
2430 1810 2525 1880 qui
2560 1811 2632 1866 ab
2665 1810 2824 1866 omni
2858 1828 2974 1867 aevo
3006 1812 3270 1868 vicerunt
3299 1812 3406 1868 viri
3433 1830 3499 1869 ac
3541 1830 3678 1870 mu-

273 1915 341 1968 τά
403 1912 598 1969 ἐκεῖθεν
658 1906 1081 1988 προὸλέποντες,
1141 1910 1230 1965 καὶ
1286 1907 1348 1964 τὸ
1404 1905 1575 1980 παρὸν
1632 1900 1916 1976 ὁδυνηρδν,

273 2009 396 2064 ταῖς
451 2003 631 2060 ἐλπίσι
683 2001 1054 2076 κουφίζοντες,
1102 2000 1190 2054 καὶ
1249 1999 1459 2075 τρυφὴν
1508 1992 1804 2071 ἡγούμενοι
1853 1992 1921 2046 τὰ

277 2089 546 2161 ἐπώδυνα,
587 2091 677 2147 καὶ
724 2088 841 2160 τῆν’
873 2090 1195 2164 προσθήκην
1247 2092 1355 2142 τῶν
1411 2084 1750 2158 παθημάτων
1800 2081 1920 2136 ἐπι-

279 2183 593 2255 θυμοῦντες,
657 2181 756 2236 οὐκ
797 2180 1244 2254 ἀποστυγοῦντες,
1292 2174 1471 2250 ὥσπερ
1531 2175 1583 2230 οἱ
1625 2175 1695 2228 τά
1740 2173 1917 2226 πλείω

275 2273 542 2346 ’χρήματα
579 2275 688 2326 τῶν
722 2267 1046 2343 συνεταίρων
1075 2269 1399 2342 ἁρπάζοντες
1425 2285 1438 2298 ·
1472 2264 1545 2327 ὡς
1594 2261 1706 2318 ἴστε
1759 2262 1914 2334 ὑμεῖς

275 2361 365 2437 ἀφ’
424 2361 628 2415 ἑαυτῶν
689 2360 1014 2434 γευσάμενοι
1070 2363 1170 2426 τῆς
1221 2355 1480 2410 ἀθανάτου
1534 2350 1915 2428 γλυκύτητος.

269 2454 339 2506 Ὠ
368 2451 540 2522 κόσμε
569 2448 778 2505 πλάνεῑ
823 2449 905 2504 ὅτι
936 2449 1130 2522 πικρόν
1173 2467 1270 2502 σου
1307 2445 1370 2501 τὸ
1420 2441 1610 2500 δοκοῦν
1655 2438 1780 2512 ἡδὺ,
1826 2439 1914 2495 καὶ

270 2539 593 2612 θανάσιμον,
624 2538 760 2594 κατὰ
788 2541 965 2593 πᾶσαν
1002 2533 1203 2606 ἡδονὴν
1250 2534 1337 2590 καὶ
1371 2531 1721 2608 περιχάρειαν
1749 2574 1764 2588 .
1817 2528 1915 2584 Καὶ

267 2626 314 2681 ὦ
342 2628 475 2682 πόθε
516 2632 772 2702 Χριστοῦ,
815 2626 899 2681 ὅτι
939 2625 1022 2680 σοί
1054 2627 1089 2694 ἡ
1130 2623 1376 2699 εὐλογία,
1417 2621 1507 2677 καὶ
1540 2625 1574 2692 ἡ
1608 2620 1774 2697 χαρὰ,
1823 2620 1914 2674 καὶ

266 2718 303 2786 ἡ
341 2713 661 2788 δεσποσύνη,
694 2717 784 2771 καὶ
816 2715 904 2770 ἐπὶ
943 2713 1070 2776 τοὺς
1106 2708 1380 2792 κατόχους
1424 2733 1518 2767 σου
1544 2728 1558 2743 ·
1601 2708 1771 2768 Ἴδετε
1808 2731 1915 2780 πη-

267 2805 447 2868 λίκοις
504 2807 642 2879 ὑμᾶς
700 2807 965 2884 φθέγμασι
1013 2801 1314 2876 παρακαλῶ
1355 2803 1382 2856 6
1425 2799 1692 2870 εὐτελήςο
1745 2799 1807 2854 οὕ
1864 2798 1916 2855 τί

272 2916 382 2950 που
411 2899 516 2951 τῶν
549 2896 888 2968 ἀξιεπαίνων,
923 2892 1052 2949 ἀλλ’
1090 2891 1172 2947 ὅτι
1205 2889 1445 2969 φιλικοῖς
1473 2912 1484 2924 ⁸
1519 2893 1671 2944 Ὅσοι
1717 2886 1916 2966 βραδύ-

272 3004 414 3054 τητα
444 2987 708 3058 ἡγοῦνται
746 2990 845 3052 τὴν
887 2982 1186 3050 ἐπισκοπὴν
1228 2979 1422 3055 Κυρίου
1457 2998 1469 3011 ’
1513 2979 1680 3034 ἐκεῖνο
1725 2977 1919 3033 ἐννοεί-

273 3093 476 3144 τωσαν,
506 3073 587 3128 ὅτι
618 3074 702 3129 Τὸ
731 3073 1024 3148 χρηστὸν
1061 3074 1174 3126 τοῦ
1217 3075 1378 3124 Θεοῦ
1421 3068 1514 3130 εἷς
1559 3069 1912 3142 μετάνοιαν

2032 1895 2220 1968 lieres.
2294 1898 2547 1955 Alterius
2594 1899 2718 1955 vitea
2778 1902 2928 1956 bona
2987 1901 3403 1972 prospicientes
3426 1919 3676 1974 praesen-

2026 1990 2262 2059 temque
2302 1987 2624 2044 molestiam
2647 2005 2747 2062 spe
2775 1989 3074 2054 lenientes,
3108 2006 3387 2047 aerumnas
3428 1991 3674 2048 delicia-

2029 2093 2160 2131 rum
2231 2078 2353 2134 loco
2405 2078 2677 2148 habuere,
2736 2087 2793 2136 et
2838 2080 3227 2136 accessionem
3263 2088 3676 2153 ex0plaverunt

2029 2165 2316 2236 dolorum,
2351 2169 2566 2224 nedum
2590 2185 2758 2241 aegre,
2793 2171 3010 2224 tulere:
3035 2171 3530 2241 quemadmodum
3573 2171 3674 2244 qui

2027 2255 2376 2327 copiosiores
2399 2274 2572 2329 quam
2605 2257 2745 2314 socii
2793 2263 3010 2330 cogunt
3056 2275 3217 2330 opes.
3260 2258 3318 2314 Id
3371 2261 3527 2331 quod
3579 2277 3677 2332 per

2027 2361 2128 2401 vos
2160 2346 2271 2418 ipsi
2333 2348 2540 2411 nostis,
2565 2347 2956 2403 immortalem
2983 2351 3130 2404 hanc
3157 2350 3374 2419 experti
3403 2349 3670 2405 dulcedi-

2029 2451 2183 2490 nem.
2212 2435 2255 2490 0
2289 2436 2506 2491 munde
2538 2437 2708 2491 fallax
2736 2435 2748 2491 ι
2779 2453 2949 2508 quam
2984 2454 3184 2492 amara
3228 2442 3312 2492 est
3342 2443 3400 2494 et
3448 2438 3675 2494 letifera

2027 2523 2124 2580 illa
2141 2529 2376 2604 tuaquae
2395 2526 2620 2581 videtur
2656 2525 2954 2582 suavitas!
3007 2544 3184 2599 quam
3207 2527 3366 2583 omni
3390 2526 3674 2598 voluptati

2027 2611 2357 2685 laetitiaeque
2389 2613 2710 2669 contraria!
2747 2614 2790 2670 Ο
2820 2614 3036 2671 Christi
3077 2633 3261 2686 amor,
3308 2616 3415 2671 tibi
3440 2617 3675 2672 benedi-

2026 2703 2160 2767 ctio,
2181 2703 2483 2774 gaudium,
2501 2703 2834 2775 imperium,
2858 2709 2914 2759 et
2940 2705 3012 2760 iis
3035 2706 3134 2778 qui
3165 2710 3303 2761 sunt
3322 2706 3406 2760 tui
3439 2722 3673 2778 compo-

2029 2797 2133 2846 tes.
2168 2791 2385 2848 Videtis
2416 2791 2629 2864 quibus
2674 2809 2800 2864 ego,
2834 2793 2933 2864 qui
2963 2794 3224 2849 tantillus
3273 2810 3426 2862 sum,
3487 2795 3676 2851 verbis

2026 2895 2127 2936 vos
2151 2881 2445 2949 adhorter,
2481 2879 2726 2936 necillis
2779 2881 3012 2950 quidem
3064 2882 3392 2955 exquisitis,
3452 2883 3553 2939 sed
3597 2893 3674 2940 ta-

2029 2985 2160 3024 men
2194 2969 2416 3025 amicis.
2452 2969 2790 3041 Quicunque
2822 2969 3052 3025 Domini
3083 2971 3469 3026 visitationem
3503 2974 3676 3028 tardi-

2026 3061 2166 3114 tatis
2193 3058 2556 3128 insimulant,
2595 3075 2789 3115 secum
2823 3059 2906 3114 illi
2945 3066 3232 3132 reputent,
3276 3061 3674 3130 benignitatem

274 3161 396 3238 ἄγει
429 3162 556 3226 τοὺς
588 3161 905 3235 διώκοντας,
938 3163 1012 3225 εἷς
1045 3160 1277 3236 δοκιμὴν
1314 3158 1370 3214 δὲ
1397 3161 1525 3222 τοὺς
1563 3161 1872 3234 πάσχοντας
1903 3205 1916 3220 .

2031 3147 2124 3204 Dei
2153 3147 2222 3202 ad
2248 3148 2628 3219 paenitentiam
2657 3149 2982 3204 adducere."o
3020 3166 3118 3205 eos
3163 3149 3260 3222 qui
3304 3166 3675 3223 persequun-

270 3250 373 3312 Καί
416 3253 492 3324 μή
531 3250 930 3324 ἀθυμείτωσαν,
985 3248 1127 3327 μηδὲ
1182 3252 1248 3305 τά
1303 3248 1537 3324 κρίματα
1587 3249 1784 3322 Κυρίου
1829 3247 1910 3320 ἐξ·

270 3343 640 3410 εταζέτωσαν.
705 3342 816 3396 Οὐκ
860 3340 1221 3414 εὐγνωμόνων
1275 3337 1486 3396 δούλων
1541 3337 1756 3413 λέγειν’
1809 3338 1914 3403 ἕως

267 3431 444 3500 πότε;
478 3429 586 3484 Οὐκ
617 3430 734 3485 εἶπε
760 3435 923 3486 τοῦτο
953 3426 1080 3487 Ἰὼϐ
1113 3431 1140 3485 6
1173 3427 1444 3502 ἀοίδιμος,
1486 3428 1594 3503 οὐχ
1626 3431 1654 3484 6
1689 3430 1913 3502 Πέτρος,

267 3517 389 3575 οὐδ’
419 3519 447 3573 ὁ
489 3517 730 3588 Παῦλος,
785 3520 841 3574 o't
895 3517 1213 3596 μυρίαθλοι,
1264 3516 1387 3573 οὐδὲ
1434 3539 1517 3581 τις
1561 3523 1666 3573 τῶν
1707 3520 1915 3594 μαρτύο

271 3629 384 3686 ρων
412 3651 426 3664 ο

347 3767 504 3825 Οἶδεν
538 3770 565 3825 6
606 3770 908 3845 ἀκοίμητος
942 3769 1229 3849 ἀφθαλμὸς
1267 3772 1330 3826 τὸ
1360 3769 1557 3845 ἀρκοῦν
1599 3770 1681 3826 ἐπ’
1729 3770 1915 3849 ἀμφο-

267 3861 452 3934 τέροις
477 3905 491 3920 .
525 3861 635 3916 Οὐκ
664 3861 856 3933 ἐλεεῖς,
890 3863 972 3916 ὅτι
1000 3860 1438 3935 Θησαυρίζεις
1470 3863 1681 3932 ἑαυτῷ
1713 3861 1916 3936 ὀργὴν

263 3948 333 4003 ἐν
365 3949 580 4026 ἡμέρᾳ
611 3952 819 4029 ὀργῆς
848 3949 956 4006 καὶ
987 3950 1470 4023 ἀποκαλύψεως
1497 3952 1605 4006 καὶ
1638 3948 1920 4006 δικαιοκ-

265 4040 492 4112 ρισίας
522 4044 637 4095 τοῦ
669 4043 860 4111 Θεοῦ,
889 4041 916 4094 ὁ
947 4043 1220 4110 τοιοῦτος,
1257 4038 1318 4095 οὐ
1349 4040 1449 4095 οὐκ
1478 4037 1590 4095 ἔστι
1621 4039 1786 4112 πέρας
1814 4047 1915 4110 τῆς

268 4125 572 4201 κολάσεως,
635 4127 758 4184 οὐδὲ
816 4128 1152 4202 ἐξαγόρευσις
1208 4133 1315 4184 τῶν
1377 4125 1428 4182 ἐν
1474 4130 1599 4205 περὶ
1672 4125 1914 4202 ἀσϐέστῳ

266 4216 611 4273 ἀνυποίστων
665 4217 874 4288 ἀνιῶν,
940 4218 1043 4276 Καὶ
1091 4216 1425 4294 παρακαλεῖν
1486 4218 1624 4292 ὑμᾶς
1686 4216 1766 4272 δεῖ
1820 4219 1918 4287 τὴν

270 4307 502 4384 ἀνοχὴν,
529 4306 654 4362 ὅσον
686 4307 750 4364 τὸ
780 4307 859 4386 ἐφ’
890 4309 1028 4380 ἡμῖν
1058 4328 1070 4340 ·
1105 4306 1151 4362 εί
1188 4308 1263 4381 μή
1294 4304 1354 4362 ἄν
1389 4303 1478 4362 διὰ
1505 4306 1631 4368 τοὺς
1681 4304 1922 4382 ὀλλυμέ-

271 4415 425 4465 νους,
465 4395 556 4451 καὶ
615 4395 1028 4460 ἐκπεπτωκότας
1085 4403 1185 4467 τῆς
1247 4396 1566 4469 ὑπομονῆς.
1617 4400 1674 4450 Ὁ
1718 4395 1922 4471 ἐπειγό-

270 4505 441 4558 μενος
470 4485 563 4540 τὸν
607 4484 830 4540 θάνατον
867 4483 1000 4540 ίδεῖν
1049 4489 1147 4540 τοῦ
1197 4481 1531 4560 ἁμαρτωλοῦ
1585 4483 1645 4540 οὐ
1696 4482 1915 4540 δύναται

267 4573 493 4648 εἰρήνην
525 4568 671 4650 ἔχειν
699 4575 836 4650 πρὸς
863 4575 954 4631 τὸν
994 4574 1123 4630 Θεόν
1150 4592 1165 4606 ·
1211 4576 1272 4630 οὗ
1322 4580 1511 4654 χεῖρον
1564 4571 1718 4629 οὐδέν
1743 4615 1758 4630 .
1808 4573 1919 4629 ’Δεὶ

272 4664 380 4740 γὰρ
439 4662 490 4718 ἐν
534 4668 752 4744 ταραχῇ
811 4665 946 4721 κατά
1004 4665 1188 4744 ψυχήν
1249 4663 1548 4737 ἐπιθυμῶν,
1599 4663 1730 4740 ὅπερ
1792 4665 1920 4726 Θεὸς

271 4753 587 4828 ἀποστυγεῖ,
619 4754 710 4808 καὶ
741 4751 914 4810 θέλων
946 4754 976 4809 ’ὀ
1006 4755 1067 4810 οὐ
1120 4753 1263 4810 θέλει
1289 4797 1302 4812 .
1354 4756 1624 4810 Ἐντεῦθεν
1676 4750 1919 4824 ἀκηδίαι,

269 4839 541 4909 ἐκλύσεις,
577 4839 952 4917 βλασφημίαι,
983 4843 1072 4898 καὶ
1103 4843 1168 4898 τά
1208 4842 1377 4899 λοιπά
1426 4843 1793 4919 βλαστήματα
1819 4849 1920 4912 τῆς

267 4930 558 5006 πονηρίας.
584 4929 1100 5011 Εἷ’πωμεν,ἀδελφοί
1120 4948 1136 4964 ⁶
1179 4934 1532 5003 Γενηθήτω
1560 4932 1631 4990 τὸ
1658 4931 1818 5004 θέλη
1839 4934 1924 5007 μά

270 5039 418 5075 σουο
454 5017 514 5075 ἐκ
540 5019 787 5096 καρδίας.
817 5019 1180 5093 Κτηνώδης
1221 5019 1546 5098 ἐγενήθην
1578 5021 1753 5098 παρά
1784 5023 1917 5092 σοὶ,

269 5109 449 5183 κάγὼ
481 5106 838 5172 διοπαντὸς
871 5111 1030 5183 μετὰ
1059 5113 1208 5166 σοῦ.
1241 5109 1344 5167 Καὶ
1367 5107 1540 5172 οὕτως
1570 5109 1922 5186 εἴρηνεύουσα

276 5201 314 5270 ἡ
377 5200 531 5274 ψυχὴ
589 5197 898 5276 παρρησίαν
957 5194 1059 5270 ἕξει
1118 5199 1254 5271 πρὸς
1315 5198 1487 5254 Θεόν’
1549 5197 1921 5257 ἐκατονταετί-

279 5295 389 5360 ζειν
450 5286 502 5343 ἐν
565 5292 681 5352 τοῖς
756 5288 886 5360 ὑπὲρ
953 5285 1125 5343 αὐτοῦ
1195 5289 1480 5361 παθήμασι
1551 5289 1920 5366 προαιρουμέ-

269 5399 336 5450 νη
365 5421 380 5437 .
430 5375 569 5436 Οὕτε
625 5379 730 5456 γὰρ
788 5377 874 5432 ἐὰν
915 5377 1293 5448 κατευξώμεθα
1337 5378 1399 5432 τὸ
1447 5377 1639 5454 τάχος,
1685 5377 1918 5456 ἐπισιεῇ⁸

277 5465 390 5524 οὔτ’
450 5465 508 5522 ὄίν
572 5465 956 5543 ἐπευξώμεθα,
1017 5464 1313 5544 βραδυνεῖ·
1373 5465 1522 5523 ἀλλά
1579 5467 1702 5524 τότε
1758 5471 1917 5542 ἣξει,

344 5621 390 5656 ⁸⁵
421 5620 470 5676 II
499 5621 627 5677 Cor.
659 5636 738 5686 xi,
761 5621 813 5673 2.
891 5616 936 5653 ³⁸
958 5617 1190 5687 Phillip.
1215 5633 1289 5683 ιν,
1324 5617 1373 5673 1.

279 5695 338 5749 4.
441 5692 482 5728 ⁴¹
518 5691 662 5748 Ibid.
691 5693 746 5746 5.
823 5689 871 5723 ⁴²
903 5691 1104 5748 Matth.
1133 5705 1213 5758 v1,
1247 5690 1336 5744 10.

1454 5614 1498 5653 ³⁸³
1531 5615 1553 5672 Ι
1583 5616 1790 5675 Thess.
1821 5621 1989 5688 ν,16.

1416 5689 1461 5725 ⁴³
1491 5688 1643 5745 Psal.
1677 5705 1846 5758 Lxxn,
1882 5692 1972 5748 23.

2029 3243 2144 3298 tur,
2177 3239 2244 3292 ad
2299 3237 2699 3308 probationem
2747 3254 2846 3294 eos
2891 3239 2986 3310 qui
3040 3239 3357 3308 patiuntur.
3410 3241 3525 3296 Nec
3575 3243 3674 3299 de-

2024 3327 2348 3399 spondeant
2377 3328 2663 3394 animum,
2698 3343 2802 3382 nec
2824 3326 3049 3398 judicia
3071 3327 3300 3383 Domini
3353 3330 3670 3402 explorent.

2023 3416 2193 3472 Nefas
2222 3422 2312 3471 est
2343 3432 2541 3471 servos
2572 3415 2853 3471 candidos
2887 3432 2951 3471 ac
3014 3421 3227 3488 probos
3260 3417 3451 3474 dicere
3495 3436 3509 3474 :
3571 3418 3665 3477 Us-

2025 3506 2296 3577 quequo?
2325 3504 2450 3560 Non
2494 3505 2551 3559 in
2587 3504 2734 3560 hanc
2770 3521 2967 3560 vocem
3003 3506 3196 3577 erupit
3237 3506 3489 3581 inclytus
3542 3509 3676 3580 Job,

2023 3612 2137 3650 non
2170 3596 2396 3664 Petrus,
2431 3610 2545 3650 non
2580 3593 2812 3658 Paulus,
2835 3594 2942 3649 viri
2977 3595 3364 3666 plurimorum
3407 3599 3679 3655 certami-

2023 3700 2188 3750 num,
2224 3699 2336 3738 non
2368 3700 2398 3738 e
2429 3684 2781 3754 martyribus
2813 3684 3140 3755 quisquam.

2095 3772 2261 3828 Novit
2292 3771 2536 3844 pervigil
2587 3771 2803 3827 oculus
2848 3771 2980 3840 quid
3043 3773 3307 3846 utrisque
3366 3781 3678 3845 competat.

2024 3861 2147 3916 Non
2179 3865 2234 3916 te
2266 3861 2350 3917 tui
2386 3862 2640 3931 miseret,
2698 3863 2795 3932 qui
2848 3862 3175 3918 thesaurilas
3206 3863 3309 3919 tibi
3337 3866 3478 3920 iram
3497 3865 3557 3920 in
3593 3866 3682 3922 die

2023 3952 2130 4006 ira?
2159 3955 2210 4004 et
2242 3949 2601 4006 reuelationis
2622 3957 2674 4006 et
2696 3950 2841 4021 justi
2869 3950 3068 4020 iudicii
3100 3950 3262 4021 Dei“,
3309 3953 3578 4026 quisquis
3629 3953 3679 4009 is

2026 4055 2111 4104 es,
2143 4039 2241 4094 ubi
2275 4038 2469 4094 nullus
2501 4040 2769 4110 supplicii
2806 4039 2960 4108 ﬁnis,
2996 4057 3100 4096 nec
3132 4041 3217 4096 fas
3250 4053 3336 4097 est
3369 4041 3561 4114 eloqui
3593 4042 3682 4096 in-

2026 4126 2356 4184 tolerabiles
2385 4128 2446 4182 in
2477 4127 2612 4200 igne
2643 4128 2992 4184 inexstincto
3030 4128 3260 4184 dolores
3280 4129 3549 4186 ?Hortari
3581 4148 3682 4188 vos

2028 4219 2228 4290 utique
2255 4221 2322 4272 ad
2349 4216 2736 4284 tolerantiam,
2771 4224 3050 4289 quantum
3083 4226 3173 4274 est
3195 4218 3368 4274 situm
3395 4221 3453 4275 in
3488 4222 3678 4289 nobis,

2027 4324 2213 4380 opera:
2249 4308 2499 4378 pretium
2538 4311 2648 4374 est,
2681 4306 2886 4362 saltem
2911 4307 2982 4363 ob
3015 4324 3110 4363 eos
3133 4310 3234 4380 qui
3268 4316 3530 4382 pereunt,
3562 4321 3614 4367 et
3647 4330 3681 4368 a

2037 4400 2293 4468 patienia
2323 4397 2680 4451 exciderunt.
2714 4394 2820 4459 Qui
2845 4401 3088 4452 mortem
3117 4399 3431 4468 peccatoris
3453 4401 3681 4457 enixius

2033 4489 2198 4556 optat
2225 4485 2462 4552 intueri,
2493 4501 2687 4555 pacem
2719 4485 2767 4539 is
2811 4485 3022 4541 habere
3055 4504 3187 4543 cum
3247 4488 3362 4545 Deo
3421 4491 3626 4562 nequit
3663 4508 3677 4547 :

2033 4593 2144 4650 quo
2184 4574 2328 4632 nihil
2362 4579 2451 4630 est
2479 4572 2704 4630 tetrius.
2738 4575 2980 4648 Semper
3003 4577 3159 4632 enim
3197 4579 3530 4649 perturbato
3563 4581 3686 4635 ani-

2036 4683 2127 4723 mo
2161 4671 2268 4732 est,
2304 4663 2537 4736 quiquis
2570 4681 2695 4736 qua
2735 4665 2885 4720 Deus
2932 4672 3231 4722 aversatur
3287 4670 3520 4739 eXpetit,
3583 4673 3684 4724 aut

2033 4773 2102 4814 ea
2131 4756 2253 4812 vult
2273 4770 2400 4826 quae
2436 4756 2584 4809 Deus
2619 4754 2780 4810 nolit.
2810 4755 2950 4810 llinc
3010 4757 3270 4828 taedium,
3318 4759 3500 4814 animi
3552 4760 3687 4816 lan-

2034 4863 2196 4917 guor,
2223 4841 2650 4911 maledicentia,
2683 4859 2748 4898 ac
2779 4844 2967 4899 caeteri
3014 4845 3238 4902 fructus
3271 4847 3682 4919 improbitatis.

2033 4933 2328 4998 Dicamus,
2392 4931 2620 4996 fratres,
2695 4931 2820 4986 Fiat
2869 4933 3126 4988 voluntas
3183 4933 3578 5008 tua“;idque
3616 4953 3685 4992 ex

2034 5024 2253 5079 animo.
2292 5022 2358 5078 Ut
2405 5023 2719 5090 iumentum
2771 5021 2953 5092 factus
3008 5038 3129 5077 sum
3181 5024 3327 5094 apud
3373 5034 3444 5093 te,
3489 5032 3543 5080 et
3591 5041 3686 5097 ego

2032 5129 2241 5182 semper
2267 5110 2515 5168 tecum".
2547 5113 2732 5182 Atque
2757 5109 2839 5164 ita
2870 5121 3099 5181 pacatus
3131 5113 3366 5171 animus
3406 5114 3686 5172 fiduciam

2036 5202 2270 5258 habebit
2325 5203 2395 5258 ad
2453 5198 2698 5269 Deum“,
2752 5207 2944 5256 certus
2972 5202 3057 5257 vel
3089 5220 3273 5259 annos
3321 5208 3555 5260 centum
3623 5206 3682 5261 in

2032 5291 2323 5348 laboribus
2353 5291 2480 5362 ejus
2510 5307 2688 5346 causa
2715 5290 2942 5362 degere.
2980 5290 3177 5364 Neque
3207 5293 3362 5350 enim
3395 5293 3441 5349 si
3475 5294 3684 5350 accele.

2034 5383 2316 5438 rationem
2350 5381 2763 5454 imprecemur,
2788 5382 3030 5437 instabit
3062 5401 3076 5440 :
3113 5400 3217 5440 nec
3239 5384 3683 5456 sideprecemur

2034 5489 2258 5529 moram
2286 5473 2478 5528 faciet.
2512 5474 2625 5529 Sed
2655 5478 2800 5532 tunc
2850 5473 3060 5542 veniet,
3121 5472 3376 5546 quando,
3413 5474 3516 5546 qui
3559 5477 3689 5531 ante

2069 5619 2119 5654 ³⁸
2150 5621 2316 5676 Rom.
2340 5635 2460 5687 vm,
2486 5624 2573 5677 17.

2083 5693 2128 5727 ⁴⁴
2160 5691 2368 5749 IJoan.
2398 5709 2493 5763 ιιι,
2531 5694 2623 5748 21.

2648 5621 2696 5657 ⁸9
2724 5621 2770 5677 ll
2801 5620 3049 5678 Timoth.
3084 5636 3147 5687 ιι,
3181 5620 3268 5675 12.
3345 5620 3393 5655 ⁸ο
3427 5619 3595 5675 Rom.
3624 5636 3689 5676 II!
