4062 6280
490 321 642 398 less

1733 322 2644 407 s.THEononisTuorhs

3709 346 3832 414 1256

487 472 692 528 mundi
746 470 1224 529 constitutionem
1266 471 1514 540 deﬁniit,
1567 475 2127 548 convenirejustum

2244 479 2480 550 ὁπηνικα
2509 481 2537 534 ὁ
2568 479 2674 555 πρό
2704 474 3018 550 καταϐολῆς
3051 475 3260 554 κόσμου
3291 477 3550 557 διορίσας,
3579 481 3637 538 τὸ
3665 484 3833 558 συμφὲ-

478 561 766 633 judicium
800 561 952 619 novit
983 564 1155 619 Deus.
1183 563 1529 634 Preoamini,
1562 581 1661 621 oro
1691 581 1812 631 vos,
1849 583 1948 639 pro
1968 568 2134 625 nobis

485 652 578 723 qui
623 656 949 722 peccatores
979 670 1206 723 sumus,
1266 659 1329 710 ut
1361 654 1611 711 salutem
1671 672 2118 728 consequamur.

485 739 756 796 Nicolaus
814 742 991 799 frater
1042 749 1236 799 vester
1265 748 1321 799 et
1381 761 1547 801 meus
1622 762 1825 802 omnes
1891 747 2122 802 salutat.

487 830 685 887 Gratia
711 831 1035 889 vobiscum.
1063 836 1263 891 Amen.

489 956 680 1014 XLIX.
715 989 780 1000 —
803 959 1097 1015 Exsulibus
1125 965 1348 1031 propter
1379 962 1672 1018 Dominum
1700 963 1904 1019 sanctis
1936 967 2125 1020 Patri-

554 1050 651 1104 bus
683 1051 818 1104 meis
839 1049 1243 1119 spirituatibus,
1271 1050 1570 1107 Theodorus
1590 1051 1854 1108 minimus
1882 1055 2113 1128 presby-

551 1145 635 1194 ter
654 1154 718 1193 ac
759 1143 1085 1211 praepositus
1117 1140 1464 1208 Studitarun,
1497 1143 1555 1196 in
1587 1143 1817 1198 Domino
1863 1143 2115 1198 salutem.

2245 588 2337 642 ρον
2395 566 2603 624 δίκαιον
2670 574 2844 643 κρῖμα
2904 568 3018 625 οἶδε
3085 571 3256 633 Θεός.
3328 570 3692 646 Προσεύχεσθε
3737 575 3835 646 περὶ

2236 661 2397 732 ἡμῶν
2463 663 2570 714 τῶν
2645 659 3006 734 ἁμαρτωλῶν,
3076 659 3414 734 παρακαλῶ,
3493 658 3587 716 ’ἕνα
3663 663 3834 732 σωζοί-

2241 750 2410 822 μεθα.
2470 751 2532 805 Ὁ
2590 745 2824 827 ἁδελφὸς
2873 749 3021 823 ὑμῶν
3089 771 3146 804 τε
3222 749 3314 805 καὶ
3399 748 3537 822 ἐμοῦ
3592 751 3827 813 Νικόλαος

2236 837 2622 914 προσαγορεύει
2654 839 2891 900 ἅπαντας
2913 882 2925 896 .
2956 843 3020 894 Ἡ
3051 839 3215 914 χάρις
3247 840 3361 912 μεθ’
3390 839 3540 911 ὑμῶν
3569 883 3580 894 .
3612 840 3766 913 Ἀμήν
3791 887 3803 898 .

2237 930 2397 983 ΜΘ’.
2448 960 2514 970 -
2574 929 2730 989 Τοῖς
2800 925 2911 982 διὰ
2968 927 3196 1003 Κύρων
3253 925 3830 1007 πεφυγαδευμένοῐς

2305 1021 2792 1088 πνευματικοῖς
2832 1015 3049 1092 ἆγίοις
3097 1037 3219 1090 μου
3261 1016 3586 1091 Πατράσι,
3625 1014 3834 1071 Θεόδω-

2307 1126 2418 1178 ρος
2447 1103 2814 1180 ἐλάχιστος
2841 1101 3323 1181 πρεσϐύτερος,
3355 1107 3460 1161 καὶ
3495 1106 3832 1181 ἡγούμενος

2301 1197 2428 1249 τῶν
2461 1191 2819 1265 Στουδίου,
2853 1193 2912 1249 ἐν
2951 1194 3169 1270 Κυρίῳ
3202 1197 3454 1270 χαίρων
3483 1240 3496 1254 .
3529 1197 3698 1271 [tv-{Ci

476 1311 626 1371 Quod
657 1312 848 1364 Christi
879 1329 1048 1379 causa,
1086 1317 1298 1379 profugi
1347 1315 1662 1366 secesserint
1691 1317 1742 1365 in
1777 1321 2032 1375 montem,
2060 1314 2353 1379 gratulatur
2386 1318 2636 1376 tanquam
2670 1315 2802 1364 caelo
2835 1329 2895 1363 ac
2929 1316 3036 1364 Deo
3068 1314 3594 1379 propioribus:_mox
3621 1314 3681 1363 ad
3701 1314 3836 1368 varia.

867 1379 1005 1426 circa
1039 1376 1310 1441 lapsorum
1344 1393 1549 1442 poenas,
1595 1380 1974 1442 vitandamque
2005 1376 2478 1428 chnomachorum
2513 1381 2833 1432 societatem,
2869 1376 3197 1440 interrogata
3230 1376 3540 1438 respondet.

547 1465 646 1520 Vel
667 1466 740 1522 ab
767 1466 1085 1521 orthoxodo
1123 1485 1237 1522 uno
1270 1469 1526 1539 accipere
1559 1467 1776 1538 aliquid
1801 1469 2123 1522 litterarum

474 1553 837 1610 difﬁcillimis
865 1555 1026 1611 hisce
1047 1556 1423 1627 temporibus,
1479 1557 1663 1611 multo
1688 1573 1820 1611 vero
1859 1557 2040 1628 magis
2091 1573 2124 1612 a

474 1643 674 1700 multis
695 1645 754 1700 in
783 1662 960 1700 unum
986 1646 1350 1718 congregatis
1376 1652 1494 1701 tam
1522 1663 1625 1717 pro
1648 1646 1756 1701 hac
1779 1649 2122 1716 tempestate

471 1749 704 1800 novum,
739 1751 910 1805 quam
944 1735 1170 1807 hyeme,
1233 1753 1361 1792 rosa
1403 1735 1554 1791 foliis
1600 1736 1782 1792 dives.
1815 1736 1884 1791 Et
1923 1739 2013 1791 est
2061 1735 2117 1789 id

2390 1463 2403 1486 ἵ
2448 1464 2527 1486 1,,9
2558 1465 2574 1486 ῑ
2623 1463 2635 1486 Ξ

2309 1463 2635 1518 Κ“””
2777 1461 3128 1518 ῖόθ“όεσ
3234 1463 3400 1510 ’Νι

2353 1485 2406 1518 αι
2439 1485 2508 1540 αφ
2558 1484 2675 1527 ενος
2710 1485 2807 1518 του
2890 1484 2917 1534 ρ
2960 1483 3018 1518 οο
3057 1486 3148 1533 ,οδ
3195 1485 3256 1518 το
3317 1466 3561 1536 οεδασθαι
3611 1484 3835 1540 γραμμα-

2233 1558 2376 1608 τεῖον
2410 1551 2462 1607 ἐν
2503 1559 2620 1614 ταῖς
2666 1552 2938 1628 χαλεπαῖς
2984 1551 3219 1628 ἡμέραις
3267 1554 3508 1620 ταύταις,
3563 1555 3634 1626 μὴ
3683 1552 3753 1607 ὅτι
3796 1572 3841 1626 γε

2233 1639 2294 1697 ἐκ
2322 1639 2549 1696 πολλῶν
2583 1639 2669 1696 ἐπὶ
2702 1643 2763 1697 τὸ
2793 1643 2928 1696 αὐτὸ
2961 1639 3433 1712 συνεληλυθότων,
3480 1642 3626 1711 ξένον
3655 1663 3756 1704 πως
3781 1646 3841 1712 τῷ

2234 1736 2428 1806 καιρῷ,
2463 1732 2537 1794 ὡς
2569 1730 2620 1786 ἒν
2655 1737 2890 1810 χειμῶνι
2922 1729 3280 1809 πολύφυλλον
3315 1729 3474 1806 ῥόδον
3501 1777 3516 1790 .
3551 1733 3646 1790 Καὶ
3675 1737 3734 1805 τῇ
3755 1730 3839 1803 ἐμῇ

470 1820 791 1878 humilitati
826 1839 967 1878 mea:
1008 1825 1341 1894 jucundum
1394 1823 1452 1879 in
1505 1824 1711 1896 primis
1746 1843 1760 1880 :
1795 1825 1878 1880 ita
1934 1828 1998 1880 ut
2029 1823 2115 1879 vel

2241 1823 2540 1877 ταπεινώσει
2566 1822 2755 1897 χάριεν
2800 1823 2884 1877 ὅτι
2932 1819 3208 1895 μάλιστα·
3251 1821 3388 1877 ὥστε
3436 1823 3531 1876 ἀπ’
3578 1821 3732 1891 αὐτῆς
3763 1828 3841 1888 τῆς

471 1903 658 1984 ipsius
688 1913 1086 1984 inscriptionis
1109 1915 1321 1970 intuitu
1348 1916 1594 1987 spiritus
1618 1915 2015 1981 exsultaverit,
2069 1918 2126 1968 et

469 2001 704 2074 gratias,
740 2007 804 2058 ut
835 2020 938 2075 par
968 2012 1070 2070 est,
1104 2005 1349 2060 Domino
1381 2006 1560 2076 egerit
1591 2021 1604 2058 :
1640 2005 1737 2076 qui
1762 2006 1820 2060 in
1857 2003 2124 2076 praesenti

469 2092 887 2162 persecutione,
913 2092 1208 2148 Achabicae
1222 2093 1425 2162 simili,
1459 2093 1684 2165 reliquit
1707 2094 1812 2148 sibi
1843 2097 1929 2149 tot
1953 2094 2126 2153 viros.

471 2180 568 2252 qui
597 2197 708 2237 non
737 2185 1104 2238 curvaverant
1138 2199 1318 2250 genua
1365 2187 1496 2238 ante
1533 2184 1670 2238 Baal
1697 2182 1764 2240 ⁴⁸.
1819 2183 1930 2239 Nec
1980 2200 2124 2254 pau-

470 2270 660 2327 ciores
683 2271 836 2326 enim
861 2287 986 2327 esse
1003 2289 1156 2326 nunc
1184 2289 1309 2328 reor
1327 2271 1426 2344 qui
1445 2273 1605 2328 fracti
1631 2290 1742 2327 non
1778 2272 1913 2339 sint,
1946 2288 2123 2344 quam

471 2363 613 2416 tunc
638 2361 796 2416 fuere
829 2377 982 2416 :non
1016 2368 1365 2432 proptereos
1423 2359 1594 2416 modo
1644 2362 1739 2432 qui
1787 2377 1854 2418 ex
1893 2361 2120 2416 confes-

473 2448 1036 2522 sioneinnotuerunt
1069 2465 1084 2505 :
1118 2466 1319 2506 verum
1351 2449 1528 2504 etiam
1556 2448 1628 2505 ob
1659 2465 1756 2504 eos
1786 2451 1886 2522 qui
1919 2451 2032 2504 huc
2074 2451 2131 2504 ct

471 2521 613 2593 illuc
643 2538 968 2594 incolumes
1020 2555 1273 2608 evasere,
1324 2541 1386 2595 in
1433 2521 1824 2596 solitudinibus
1861 2543 2128 2606 errantes,

475 2629 534 2681 in
580 2627 879 2692 montibus,
920 2631 969 2682 et
1018 2628 1314 2699 speluncis,
1355 2633 1407 2684 et
1455 2628 1701 2685 cavernis
1754 2632 1914 2686 terra:
1931 2627 2019 2692 ‘5;
2069 2631 2132 2682 ut

477 2716 735 2786 Apostoli
766 2717 955 2772 verbis
995 2722 1166 2773 utar:
1214 2719 1711 2787 quemadmodum
1765 2723 1978 2774 cretum
2037 2733 2132 2773 ve-

478 2810 667 2862 strum
702 2821 870 2861 mons
901 2805 998 2861 ille
1027 2805 1335 2876 tergemini
1358 2808 1606 2874 verticis,
1628 2812 1908 2879 tanquam
1931 2809 2129 2875 decus,

478 2895 807 2951 immortale
837 2902 1208 2962 consecutus,
1249 2901 1524 2953 ostentat.
1568 2896 1683 2953 Deo
1726 2897 1901 2969 igitur
1940 2901 2129 2968 grates

479 2985 736 3056 agendae,
761 2983 860 3056 qui
910 2986 1070 3040 dives
1099 2995 1183 3040 est
1215 2986 1273 3040 in
1297 3002 1420 3051 vos,
1453 2994 1506 3041 et
1531 2986 1588 3040 in
1612 3002 1816 3040 omnes
1839 2987 1940 3057 qui
1964 2987 2127 3040 invo-

480 3078 616 3131 cant
646 3090 852 3129 nomen
892 3072 1100 3144 ejus".
1143 3077 1377 3131 Sacram
1425 3075 1576 3130 hanc
1629 3079 1878 3130 vestram
1931 3075 2126 3146 fugam

479 3158 652 3218 laudo
673 3179 700 3255 ,ξ
721 3167 990 3255 vestrum
1013 3162 1156 3218 illud
1187 3163 1459 3255 in‘monte
1485 3163 1842 3255 domicilium
1861 3164 2126 3255 praedico,
2158 3189 2208 3255 Ο

477 3253 881 3308 calamitosum
932 3252 1074 3307 illud
1135 3253 1390 3324 quidem,
1445 3254 1545 3308 sed
1595 3261 1787 3308 tamen
1839 3253 2126 3308 divinum.

479 3342 670 3398 Moses
699 3342 758 3396 in
793 3351 983 3398 monte
1007 3341 1147 3397 Sina
1179 3359 1311 3398 cum
1346 3347 1456 3398 Deo
1497 3347 1582 3397 est
1602 3341 1940 3398 collocutos.
1973 3343 2129 3399 Elias

472 3431 532 3486 in
583 3437 778 3487 monte
808 3431 974 3486 Hore.
1012 3431 1198 3486 Deum
1261 3431 1500 3498 intueri,
1553 3437 1840 3501 quantum
1893 3433 1978 3486 fas
2013 3437 2124 3498 est,

477 3520 713 3577 meruit.
744 3519 912 3575 Jesus
950 3520 1074 3590 ipse
1110 3519 1521 3575 divinissimus
1554 3521 1608 3572 in
1643 3524 1899 3574 montem
1927 3537 2125 3576 ascen-

478 3610 564 3664 dit
585 3614 648 3665 ut
677 3609 870 3677 homo,
887 3611 956 3664 ad
977 3609 1285 3664 orandum.
1301 3608 1448 3672 Quid
1468 3609 1621 3664 istud
1639 3609 1716 3664 rei
1740 3615 1830 3664 est
1849 3609 2126 3680 ?signum

476 3715 605 3755 esse
634 3698 901 3754 existimo
926 3699 1136 3753 mentis
1169 3714 1462 3764 ascensus,
1492 3698 2002 3770 contemplandum
2028 3716 2129 3754 no-

478 3788 590 3845 bis.
621 3789 766 3843 Nam
801 3789 880 3843 uti
919 3802 1088 3844 mons
1119 3787 1324 3842 elatior
1354 3792 1444 3842 est
1472 3788 1737 3856 subjecta
1767 3787 2008 3858 planitie
2039 3787 2127 3844 lo-

479 3878 678 3949 cisque
706 3878 974 3933 concavis
1008 3893 1021 3932 :
1048 3877 1249 3932 eadem
1282 3875 1649 3947 proportione
1678 3876 1965 3947 precantis
2005 3877 2130 3932 ani-

478 3981 612 4021 mus
643 3982 710 4021 ex
741 3965 979 4021 sublimi
1002 3964 1126 4020 loco
1159 3965 1423 4020 ascendit
1470 3965 1540 4020 ad
1595 3966 1794 4020 Deum.
1836 3965 2061 4034 Videte,
2096 3982 2129 4020 o

480 4055 985 4122 desideratissimi,
1021 4055 1210 4126 qualis
1230 4059 1287 4110 et
1336 4059 1552 4126 quanta
1583 4055 1750 4110 sedes
1793 4061 1978 4112 vestra
2029 4055 2128 4109 sit.

478 4146 666 4202 Nostri
695 4162 860 4215 porro
884 4161 976 4200 me
1000 4151 1270 4212 mentote,
1295 4143 1395 4215 qui
1429 4149 1757 4216 peccatores
1780 4161 2004 4211 sumus,
2026 4142 2133 4218 qui

477 4234 572 4290 hic
606 4235 764 4290 humi
790 4234 1058 4306 degimus
1093 4251 1106 4290 :
1141 4239 1205 4288 ut
1234 4233 1638 4289 consociemur
1666 4234 1962 4306 vobis,qui
1987 4237 2128 4292 estis

476 4322 720 4380 altivolae
746 4323 969 4377 Domini
1001 4322 1228 4394 aquilae.
1261 4323 1376 4378 Sed
1413 4322 1482 4377 de
1504 4323 1598 4379 his
1649 4323 1925 4381 hactenus
1949 4343 2126 4397 quan-

479 4427 694 4484 uquam
728 4410 894 4482 plura
914 4411 1103 4468 dicere
1126 4412 1556 4467 ardetanimus.
1581 4412 1715 4475 Quae
1736 4430 1868 4469 vero
1892 4421 2009 4470 tam
2034 4417 2130 4470 de-

481 4501 657 4556 misse
713 4501 783 4555 de
803 4500 968 4555 vobis
998 4499 1209 4556 sentire
1240 4516 1416 4556 causa
1441 4500 1694 4571 impulit,
1733 4507 1796 4557 ut
1817 4521 1848 4559 a
1884 4521 1998 4572 me,
2027 4507 2122 4577 qui

478 4606 610 4645 sum
641 4589 930 4654 indoctus,
973 4605 1216 4658 reponsa
1241 4588 1481 4644 discatis
1513 4591 1583 4644 ad
1612 4590 1964 4663 interrogata
1987 4571 2123 4665 quas
2157 4571 2200 4634 D

478 4677 807 4752 protulistis
821 4678 850 4733 2
863 4695 996 4733 cum
1012 4694 1137 4748 quae
1155 4677 1365 4732 Christi
1381 4678 1565 4749 gratia
1580 4685 1665 4735 est
1678 4681 1817 4752 quid
1835 4685 2126 4754 agendum

478 4767 550 4824 sil
575 4785 676 4839 per
694 4768 937 4839 vos,ipsi
957 4767 1238 4823 teneatis:
1258 4765 1348 4821 sin
1374 4766 1589 4835 minus,
1621 4786 1722 4839 per
1742 4786 1838 4826 eos
1851 4777 2004 4827 certe
2027 4771 2128 4844 qui

477 4861 533 4912 et
558 4855 840 4927 dignitate
860 4863 917 4912 et
951 4856 1179 4911 dicendi
1200 4855 1472 4912 facultate
1495 4861 2126 4927 praestanthiuntenim

472 4945 720 5016 plurimi,
741 4951 801 5000 ut
824 4945 1220 5000 subindicavit
1250 4946 1612 5015 oratio,quos
1632 4947 1856 5002 edoceri
1891 4964 2127 5005 necesse

475 5039 584 5090 est.
616 5035 846 5089 Veritus
861 5035 1039 5105 igitur
1060 5051 1129 5089 ne
1146 5051 1241 5090 vos
1279 5035 1643 5100 contristare,
1666 5034 1954 5107 simulque
1969 5037 2127 5093 vobis

475 5124 877 5194 obtemperare
900 5123 1049 5180 nolle
1068 5125 1264 5179 videar
1295 5140 1309 5178 :
1336 5127 1552 5177 memet
1581 5122 1655 5177 ad
1688 5140 1905 5180 morem
1937 5141 2128 5197 geren-

477 5213 617 5268 dum
650 5211 910 5284 accingo.
943 5215 1013 5269 At
1059 5212 1202 5268 illud
1256 5212 1420 5284 prius
1460 5209 1648 5266 habeo
1699 5213 1932 5269 dicere:
1978 5214 2128 5272 hanc

474 5301 740 5356 heresim
783 5300 1141 5374 (quanquam
1194 5297 1512 5368 majoribus
1543 5297 1667 5354 visa
1701 5300 1846 5356 forte
1886 5306 1993 5370 est,
2034 5311 2130 5360 aut

477 5389 830 5461 quibusdam
877 5393 1193 5448 etiamnum
1227 5395 1507 5462 videatur,
1541 5412 1657 5451 non
1702 5393 1944 5450 scelesta
1985 5393 2127 5451 adeo

479 5496 582 5537 nec
631 5482 794 5536 valde
827 5485 1056 5552 gravis),
1083 5481 1221 5536 mihi
1256 5487 1430 5550 certe,
1457 5485 1551 5554 qui
1586 5486 1766 5540 hebes
1790 5499 1946 5553 sum,
1981 5484 2128 5539 nihil

476 5568 636 5626 aliud
684 5569 1086 5644 videri,quam
1135 5570 1353 5628 Christi
1405 5574 1780 5647 negationem
1848 5589 2000 5632 esse.
2068 5574 2132 5630 Si

545 5696 671 5752 4⁵111
705 5697 844 5769 Reg.
877 5715 991 5766 xxx,
1031 5699 1112 5754 18.
1191 5699 1236 5734 ‘5
1263 5699 1432 5758 Hebr.
1459 5701 1650 5770 x1,38.
1729 5704 1771 5738 ⁸⁷
1809 5701 1974 5758 Rom.
2009 5718 2067 5769 κ,
2105 5701 2193 5757 l2.

2233 1919 2554 1988 προγραφῆς
2602 1912 2888 1983 σκιρτῆσαί
2941 1932 3046 1984 μου
3090 1913 3152 1966 τὸ
3199 1915 3434 1984 πνεῦμα,
3512 1912 3598 1966 καὶ
3645 1911 3840 1983 ἀνθομο·

2235 1997 2573 2076 λογῆσασθαι
2620 2001 2797 2075 Κυρίῳ
2833 2001 2900 2056 τά
2939 2001 3121 2056 εἰκότα
3147 2022 3158 2034 ·
3201 2001 3259 2062 ’ὀς
3297 2001 3384 2056 καὶ
3435 2000 3488 2056 ἐν
3531 2005 3609 2073 τῷ
3652 1999 3841 2075 παρόντι

2236 2085 2559 2164 Ἀχαϐαϊκῷ
2583 2088 2838 2167 διωγμῷ,
2867 2089 3223 2146 κατέλιπεν
3257 2089 3466 2162 ἑαυτῷ
3485 2090 3760 2148 τοσούτους
3782 2088 3840 2160 μὴ

2235 2179 2626 2252 κάμψαντας
2662 2179 2817 2254 γόνυ
2857 2185 2934 2253 τῇ
2978 2178 3184 2236 Βάαλ.
3228 2181 3396 2250 Οἶμαι
3425 2181 3530 2255 γὰρ
3578 2183 3677 2234 τῶν
3712 2197 3843 2247 τηνι-

2233 2272 2402 2322 καῦτα
2428 2267 2745 2342 ἰσαρίθμους
2769 2267 2900 2322 εἶναι
2922 2267 3048 2330 τοὺς
3071 2265 3158 2322 νῦν
3184 2269 3450 2340 άκαμπεῖς
3471 2288 3486 2302 ⁸
3523 2269 3585 2323 οὐ
3611 2267 3760 2341 μόνον
3777 2263 3844 2319 διὰ

2236 2361 2341 2411 τῶν
2373 2356 2448 2420 εἷς
2467 2361 2742 2431 προῦπτον
2767 2356 3026 2429 κειμένων
3047 2355 3098 2428 ἐξ
3122 2356 3428 2433 ὁμολογίας
3456 2375 3470 2388 ·
3508 2355 3758 2433 ἀλλάγᾶρ
3776 2353 3844 2409 καὶ

2238 2443 2326 2500 διὰ
2351 2451 2458 2500 τῶν
2493 2443 2598 2501 ὦδέ
2627 2467 2686 2500 τε
2706 2447 2922 2501 κάκεῖσε
2945 2443 3407 2518 διασεσωσμένων,
3443 2445 3508 2501 ἐν
3541 2445 3653 2521 ἐρη
3673 2445 3845 2518 μίαις,

2236 2536 2343 2590 καὶ
2387 2532 2600 2608 ὅρεσι,
2639 2537 2751 2590 καὶ
2790 2534 3161 2605 σπηλαίοις
3198 2535 3306 2590 καὶ
3344 2541 3492 2600 ταῖς
3531 2537 3717 2596 ὀπαῖς
3755 2540 3845 2600 τῆς

2237 2645 2270 2700 γ
2290 2631 2317 2694 ἦ
2336 2646 2383 2694 ς,
2407 2623 2790 2686 ἀποστολικῶς
2819 2623 2986 2679 εἰπεῖν
3006 2642 3019 2655 ·
3044 2625 3282 2698 καθάπερ
3299 2623 3387 2678 καὶ
3409 2626 3513 2694 τήν
3535 2625 3681 2697 ὑμῶν
3704 2619 3847 2695 ὁμάδςι

2235 2715 2298 2768 τὸ
2363 2713 2697 2792 τρίκόρυφον
2766 2709 2892 2789 ὅρος
2959 2713 3032 2776 ὡς
3099 2708 3415 2788 τρισόλϐιον
3497 2712 3655 2776 κλέος
3718 2711 3844 2790 φέρον

2237 2800 2528 2877 ὡραΐζεται
2558 2847 2572 2861 .
2617 2804 2783 2878 Χάρις
2816 2803 2909 2857 οῦν
2960 2806 3041 2874 τῷ
3087 2806 3203 2874 Θεῷ
3250 2807 3329 2875 τῷ
3368 2800 3694 2858 πλοστοῦντι
3733 2801 3844 2872 ὑμᾶς

2240 2891 2331 2946 σὺν
2399 2897 2529 2946 πᾶσι
2595 2896 2711 2952 τοῖς
2776 2889 3232 2964 ἐπικαλουμένοις
3299 2892 3361 2946 τὸ
3429 2891 3608 2965 ὄνομα
3677 2889 3843 2946 αὐτοῦ’

2238 2983 2474 3036 Ἐπαινῶ
2501 2982 2599 3051 τήν
2633 2981 2780 3055 ἱεράν
2813 2978 3100 3058 φυγαδείαν
3148 2981 3299 3054 ὑμῶν
3326 2999 3338 3012 ⁶
3385 2981 3543 3054 ὑμνῶ
3591 2983 3686 3051 τὴν
3720 2979 3844 3054 ὀρει-

2235 3073 2334 3140 νὴν
2369 3069 2642 3126 συνοικίαν
2677 3071 2830 3144 ὑμῶν
2856 3089 2869 3102 ο
2905 3070 2987 3125 δτι
3020 3070 3177 3125 εἶκαὶ
3207 3068 3525 3143 τληπαθής,
3561 3071 3709 3144 ὅμως
3750 3073 3844 3123 θεο-

2236 3161 2435 3222 ποιός.
2478 3163 2678 3229 Μωσῆς
2728 3159 2778 3214 ἐν
2827 3155 2939 3235 ὄρει
2987 3165 3066 3233 τῷ
3121 3160 3320 3233 Σιναίῳ
3371 3165 3487 3232 Θεῷ
3540 3156 3844 3232 συνωμίλει.

2238 3250 2428 3312 Ἠλίας
2477 3247 2528 3304 ἐν
2585 3245 2698 3324 ὅρει
2754 3253 2834 3321 τῷ
2891 3245 3094 3321 Χωρήϐ
3152 3251 3280 3305 Θεὸν
3332 3247 3466 3304 ἰδεῖν
3528 3250 3603 3313 ὼς
3659 3247 3844 3304 ὂύνατόν

2239 3340 2503 3412 ἠξίωται.
2535 3340 2746 3408 Ἰησοῦς
2797 3337 2958 3400 αὐτὸς
2989 3339 3016 3393 ὁ
3058 3339 3501 3414 θεαρχικώτατος
3531 3339 3603 3400 εἷς
3649 3340 3707 3394 τὸ
3745 3335 3849 3410 ὄρος

2239 3429 2437 3484 ἄνεισιν
2498 3427 2978 3503 ἀνθρωποπρεπῶς
3054 3429 3488 3503 προσεύξασθαι.
3551 3429 3612 3484 Τί
3681 3430 3847 3492 τοῦτο;

2239 3518 2366 3592 ἐμοὶ
2399 3517 2550 3573 δοκεῖ
2578 3513 2855 3590 σύμϐολον
2896 3525 2996 3586 τῆς
3045 3518 3184 3572 κατὰ
3233 3519 3419 3593 ψυχὴν
3465 3514 3764 3577 ἀναϐάσεως
3802 3513 3849 3567 τὸ

2239 3609 2502 3684 θεώρημα
2551 3607 2726 3664 εἶναι.
2779 3611 2866 3668 Ὠς
2915 3606 3018 3683 γὰρ
3064 3607 3126 3661 τὸ
3167 3602 3296 3682 ὅρος
3351 3607 3713 3680 ὑπερανεστώς
3762 3604 3848 3659 ἐστι

2240 3705 2340 3766 τῆς
2377 3695 2648 3772 ὑπωρείου
2679 3693 2936 3758 πεδιάδος
2967 3697 3053 3750 καὶ
3086 3700 3184 3762 τῆς
3223 3695 3560 3767 κοιλότητος
3582 3717 3597 3731 ·
3641 3693 3848 3762 τοσούτῳ

2241 3785 2308 3856 δὴ
2363 3784 2544 3861 μέτρῳ
2595 3786 2623 3840 ὁ
2680 3789 2804 3847 νοῦς
2863 3787 2961 3840 τοῦ
3017 3783 3468 3860 προσευχομένου
3529 3787 3690 3841 ἄνεισι
3741 3783 3848 3858 πρὸς

2241 3877 2367 3932 Θεὸν
2399 3873 2486 3930 διὰ
2515 3879 2612 3930 τοῦ
2648 3875 2920 3948 μετεώρου
2951 3871 3122 3930 τόπου
3147 3915 3162 3930 .
3195 3875 3403 3942 Ὁρᾶτε,
3457 3876 3504 3930 ὧ
3541 3875 3845 3951 τριπόθητοι,

2241 3968 2354 4020 οἷον
2386 3963 2476 4020 καὶ
2526 3962 2719 4033 ἡλίκον
2773 3963 2925 4036 ὑμῶν
2973 3965 3036 4017 τὸ
3086 3958 3406 4038 ἐνδιαίτημα
3435 4008 3449 4020 .
3503 3961 3847 4037 Μιμνήσκεσθε

2239 4057 2330 4109 καὶ
2360 4057 2520 4126 ἡμῶν
2552 4057 2658 4108 τῶν
2701 4050 3045 4126 ἅμαρτωλῶν
3099 4052 3186 4107 καὶ
3237 4051 3554 4126 χαμοζώων
3604 4051 3844 4108 ἐντεῦθεν·

2241 4147 2314 4206 ὼς
2347 4143 2406 4198 ἄν
2442 4141 2832 4219 συναφθείημεν
2865 4142 2991 4215 ὑμῖν
3034 4146 3152 4206 τοῖς
3200 4141 3511 4216 ὑψιπετὲσιν
3552 4141 3723 4203 ἀετοῖς
3766 4145 3845 4194 Κυ-

2244 4235 2360 4310 ρίου
2384 4276 2398 4289 .
2432 4231 2585 4290 Ἀλλ’
2615 4231 2789 4306 ἑχέτω
2825 4231 2918 4305 μὲν
2949 4234 3114 4286 ταῦτα
3137 4228 3264 4300 ὧδε,
3299 4229 3456 4287 εἶκαὶ
3489 4234 3519 4287 ὁ
3549 4231 3708 4291 πόθος
3729 4229 3846 4299 ᾄττει

2240 4321 2405 4378 πλέον
2438 4321 2614 4397 λεγειν
2639 4366 2652 4379 .
2686 4320 2751 4378 Τί
2779 4318 2836 4374 ’δὲ
2867 4320 2941 4382 εἷς
2971 4324 3231 4375 τοσοῦτον
3266 4317 3576 4392 ἐληλύθατε
3615 4315 3845 4376 ταπεινώ-

2243 4433 2378 4473 σεως
2414 4411 2630 4488 μέτρον,
2657 4411 2783 4484 παρ’
2812 4409 2946 4482 ἐμοῦ
2975 4413 3075 4465 τοῦ
3105 4410 3353 4484 ἀμαθοῦς
3408 4415 3598 4485 μαθεῖν
3627 4409 3698 4466 ὧν
3737 4428 3846 4482 προ·

2243 4503 2472 4557 ετείνατε
2503 4499 2743 4555 πεύσεων
2779 4500 2876 4562 τὰς
2924 4499 3280 4574 ἀποκρίσειςς
3321 4499 3475 4556 αὐτοὶ
3525 4503 3705 4576 χάριτι
3749 4503 3848 4570 Χρι·

2235 4595 2362 4646 στοῦ
2403 4586 2500 4668 ’ἀφ’
2552 4591 2751 4644 ἑαυτῶν
2807 4585 3008 4650 εἰδότες
3057 4587 3116 4644 τὰ
3175 4586 3335 4644 δέον*
3389 4589 3434 4644 εἰ
3495 4588 3552 4646 δὲ
3602 4590 3698 4662 μὴ,
3740 4585 3846 4660 πρὸς

2235 4685 2344 4735 τῶν
2383 4677 2738 4755 προεχόντων
2769 4678 2857 4733 καῖ
2909 4678 3175 4750 ἀξιώματι
3224 4677 3315 4733 καὶ
3369 4679 3560 4754 λόγῳ.
3614 4676 3726 4736 Εῗσῖ
3767 4674 3843 4747 γὰρ

2237 4767 2516 4836 πλεῖστοι,
2548 4767 2622 4830 ὡς
2648 4764 2914 4837 ὑπέδειξεν
2948 4767 2975 4821 ὁ
3008 4765 3198 4844 λόγος,
3223 4767 3532 4844 ὀφείλοντες
3555 4763 3847 4839 ἐκδιδαχθῆ-

2236 4880 2323 4914 ναι
2353 4901 2366 4915 .
2397 4859 2493 4914 Ἱν’
2524 4857 2613 4912 οῦν
2647 4859 2721 4929 μή
2767 4854 2904 4930 δόξω
2957 4855 3145 4912 λυπεῖν
3193 4857 3353 4930 ὑμᾶς,
3407 4859 3520 4932 ἅμα
3556 4878 3613 4912 τε
3656 4854 3738 4910 καὶ
3780 4849 3845 4905 δε·

2239 4943 2370 5008 διὼς
2428 4946 2489 5000 τὸ
2549 4945 2802 5015 ἀνήκοον,
2863 4944 3097 5015 καθίημι
3154 4943 3386 5018 ἐμαυτὸν
3447 4947 3583 5023 πρὸς
3637 4944 3697 4999 τὸ
3749 4938 3847 4996 ἐπί·

2236 5055 2424 5111 ταγμα
2449 5077 2462 5090 .
2499 5033 2677 5091 Ἀλλά
2707 5037 2923 5110 πρῶτον
2953 5033 3124 5090 ἐκεῖνο
3157 5030 3270 5111 ἔχω
3302 5035 3476 5112 λέγειν
3505 5055 3518 5069 ·
3554 5035 3633 5091 ὅτι
3663 5036 3694 5103 ἡ
3725 5029 3846 5102 αἳρε-

2239 5145 2322 5186 σις
2366 5123 2522 5194 αὕτη.
2569 5123 2617 5178 εἴ
2664 5124 2752 5200 καὶ
2802 5129 2918 5188 τοῖς
2963 5121 3331 5196 προλαϐοῦσιν
3386 5124 3550 5206 ἐφάνη
3607 5116 3844 5186 ἄλλως,ἧ

2237 5213 2330 5269 καί
2367 5234 2478 5268 τισι
2520 5213 2768 5289 φαίνοιτο
2811 5217 2922 5277 νῦν,
2966 5215 3339 5289 μεσνπόνηρος
3380 5217 3470 5270 καὶ
3511 5216 3574 5270 οὗ
3618 5213 3729 5268 λίαν
3770 5227 3848 5283 χα-

2239 5301 2382 5380 λεπή
2414 5323 2428 5336 ⁸
2463 5303 2588 5377 ἐμοὶ
2629 5308 2760 5379 γοῦν
2799 5309 2878 5377 τῷ
2917 5302 3212 5382 ἀμύδρωπι
3261 5304 3414 5361 οὐδὲν
3459 5303 3596 5362 ἄλλο
3646 5295 3846 5370 δοκεῖ,ἤ

2238 5392 2468 5467 ἄρνησις
2527 5396 2760 5467 Χριστοῦ
2819 5393 2991 5451 εἶναι.
3051 5395 3115 5450 Εἰ
3164 5396 3267 5472 γάρ
3343 5395 3395 5451 ἐν
3466 5399 3532 5469 τῇ
3605 5391 3766 5449 εἰκόνι
3801 5384 3848 5438 τὸ

2240 5481 2554 5561 ἀρχέτυπον
2603 5481 2931 5560 ἐκφαίνεται,
2961 5483 3037 5548 ὥς
3093 5507 3256 5560 φησιν
3307 5488 3334 5542 ὁ
3383 5486 3652 5564 πάνσοφος
3693 5475 3848 5537 Διονύ·

2245 5593 2360 5635 σιος
2386 5592 2398 5606 ·
2432 5573 2524 5628 καὶ
2565 5572 2611 5628 εἰ
2651 5577 2686 5643 ἡ
2726 5581 2826 5644 τῆς
2865 5573 3076 5638 εἷ’κόνος
3115 5577 3250 5651 τιμή
3296 5576 3382 5634 ἐπὶ
3419 5575 3481 5630 τὸ
3528 5573 3846 5647 πρωτὸτυπον
