4062 6280
303 363 459 447 1257

1565 361 2107 431 EPISTOLARUM
2149 367 2297 429 LIB.
2345 367 2420 428 ΙΙ.

3541 364 3699 424 1258

299 494 589 572 διαϐαίνέι,
619 494 694 560 ὥς
742 518 904 576 φησιν
950 497 980 555 ὁ
1033 495 1201 577 μέγας
1244 495 1559 562 Βασίλειος·
1594 498 1941 571 ἐξουδένωται

2062 500 2211 557 enim
2242 501 2300 556 in
2322 498 2973 574 imagincarchetypum
2996 496 3201 566 elucet,
3236 500 3300 553 ut
3331 495 3705 567 sapientissi-

298 586 358 645 δὲ
397 594 489 645 νῦν
538 589 573 658 ἡ
626 587 783 644 εἷκὼν
828 589 1086 664 Χριστοῦ,
1130 584 1393 663 ἤρνηται,
1440 590 1746 660 πεπάτηται
1802 590 1950 665 παρά

296 683 406 734 τῶν
462 678 908 753 Χριστομάχων·
944 675 1047 752 ἄρα
1083 675 1137 731 ἐν
1188 681 1257 752 τῇ
1302 676 1468 733 εἰκόνι
1516 680 1683 734 αὐτοῦ
1725 680 1814 735 καὶ
1860 677 1949 733 διὰ

295 775 398 838 τῆς
447 767 655 829 εἰκόνος
700 769 912 844 ἠρνήθη
964 768 1217 838 Χριστὸς,
1268 769 1576 843 ἠτιμάσθη,
1609 766 1948 843 ἀπεδοκιμά-

298 860 398 927 σθη
433 853 787 918 Ἰουδαϊκῶς’
828 858 919 911 καὶ
970 854 1217 920 ἀλλοίως
1258 855 1357 911 οὐκ
1400 854 1543 913 ἔστιν
1597 858 1947 934 ὑπεξαγαγεῖν

296 947 361 1001 τὸ
410 946 691 1019 θεώρημα.
724 946 821 1000 Διά
865 944 1026 1001 τοῦτο
1067 947 1282 1019 θρήνων
1334 946 1424 1001 καὶ
1473 952 1717 1002 κοπετῶν
1762 948 1791 1001 ὃ
1822 967 1947 1001 και·-

301 1036 396 1111 ρός
421 1053 434 1067 ·
471 1032 559 1089 διὰ
579 1039 741 1089 τοῦτο
770 1035 859 1091 καὶ
889 1038 1139 1091 τοσοῦτοι
1173 1036 1225 1090 οἱ
1274 1034 1638 1109 ἐνιστάμενοι,
1670 1037 1731 1091 οὐ
1784 1037 1948 1109 μόνον

300 1123 510 1199 ἄνδρες,
545 1121 693 1179 ἀλλά
737 1124 828 1179 καὶ
859 1129 1109 1199 γυναῖκες
1134 1145 1149 1158 ·
1182 1126 1258 1183 ὡς
1292 1125 1532 1200 λογικῶς
1584 1147 1640 1181 τε
1688 1125 1775 1180 καὶ
1808 1146 1946 1200 πρα-

300 1219 587 1289 γματικῶς
618 1212 951 1287 ἀρνουμένου
982 1217 1219 1289 Χριστοῦ
1244 1235 1257 1248 ·
1292 1216 1422 1289 ὅπερ
1473 1214 1561 1269 ἐπὶ
1617 1220 1724 1271 τῶν
1776 1214 1948 1271 πάλαι

300 1303 556 1378 αἱρέσεων
588 1301 686 1357 οὐκ
714 1303 889 1358 ὦπται
914 1321 928 1337 ⁸
963 1301 1207 1381 λογικῶς
1243 1306 1360 1377 μὶν,
1394 1304 1445 1359 ἐν
1479 1309 1559 1377 τῷ
1611 1303 1784 1380 λέγειν
1822 1304 1947 1366 τοὺς

300 1387 533 1460 ἀσεϐεῖς,
569 1393 646 1464 μή
702 1391 817 1446 οἷόν
873 1413 931 1448 τε
987 1391 1345 1470 ἐγγεγράφθαι
1405 1396 1639 1469 Χριστὸν
1692 1395 1946 1468 σώματος

301 1487 611 1556 χαρακτῆρι
644 1501 659 1515 ν
707 1486 1103 1556 πραγματικῶς
1152 1479 1230 1551 δέ,
1263 1481 1348 1538 ὅτι
1399 1485 1717 1557 καθαιροῦσι
1773 1488 1945 1538 πᾶσαν

299 1569 481 1626 εἰκόνα
520 1572 672 1646 ἁγίαν
724 1576 990 1644 Χριστοῦ,
1021 1578 1124 1641 τῆς
1168 1573 1455 1642 Θεοτόκου,
1488 1572 1759 1648 ἀγγέλων,
1792 1574 1948 1647 ἁγίου

298 1661 498 1722 παντὸς
556 1660 644 1714 καὶ
704 1660 879 1728 ἀγίας,
916 1659 975 1715 ἐκ
1030 1662 1209 1732 πάσης
1238 1660 1588 1732 Ἐκκλησίας,
1645 1663 1750 1718 ἀπὸ
1808 1683 1948 1716 παν-

296 1750 389 1811 τὸς
433 1750 580 1823 ἱεροῦ
629 1748 998 1822 ἀναθήματος,
1044 1751 1175 1827 πυρὶ
1222 1748 1635 1826 παραδιδόντες,
1685 1751 1949 1806 ἐπιτωθά-

300 1844 500 1909 ζοντες,
530 1836 803 1913 γελῶντες
855 1836 917 1894 τό
975 1835 1111 1914 μέγα
1154 1845 1253 1909 τῆς
1310 1836 1583 1902 εὐσεϐείας
1626 1843 1948 1915 μυστήριον,
1986 1881 2031 1946 Β

304 1924 425 1946 Λίδη
621 1930 661 1946 ν
807 1927 821 1946 ε
887 1926 902 1946 9
1217 1930 1226 1943 .
1394 1929 1406 1946 κ
1504 1936 1550 1946 -.
1666 1930 1680 1946 ς
1805 1930 1818 1946 .
1872 1930 1897 1946 η

300 1924 593 2002 βδέλυγμα
621 1927 852 2002 Χριστόν
885 1926 1329 2005 ἐγγεγραμμένον
1360 1929 1451 1984 σὺν
1501 1930 1682 2003 Μητρὶ
1731 1930 1821 1984 καὶ
1870 1930 1954 1983 θε-

302 2016 566 2089 ράπουσιν
600 2015 1002 2080 ἀποκαλοῦντες
1029 2034 1042 2048 ·
1082 2017 1213 2092 ὅπερ
1246 2023 1460 2093 φρονεῖν
1506 2019 1598 2073 καὶ
1639 2019 1814 2093 λέγειν
1863 2017 1953 2073 καὶ

300 2107 576 2180 πράττειν,
645 2102 926 2163 Ἰουδαίων
1002 2105 1115 2162 ἐστὶ
1178 2107 1270 2162 καὶ
1332 2106 1638 2179 Ἑλλήνων.
1707 2109 1769 2162 Οἱ
1848 2111 1952 2184 γὰρ

301 2189 537 2269 Ἄραϐες
580 2193 670 2249 καὶ
723 2194 924 2249 Σκύθαι
978 2192 1127 2250 αἰδοῖ
1172 2196 1457 2270 χρώμενοι
1506 2194 1658 2252 οὐδὲν
1703 2201 1952 2252 τοιοῦτον

303 2282 570 2363 ἔφανησαν
600 2285 981 2354 πεποιηκότες.
1018 2287 1143 2347 Πῶς
1173 2283 1265 2339 οὖν
1319 2287 1423 2341 οὐκ
1462 2286 1683 2361 ἄρνησις
1729 2293 1829 2356 τῆς
1879 2285 1957 2341 οἷ-

302 2373 569 2446 κονομίας
610 2375 848 2447 Χριστοῦ
896 2378 1101 2443 ταῦτας
1134 2373 1291 2430 Ἀλλ’
1329 2373 1418 2430 ἐπὶ
1467 2375 1563 2438 τὰς
1604 2378 1890 2450 προτάσεις
1923 2376 1951 2430 ὁ

305 2462 493 2537 λόγος.
541 2463 694 2526 Τινὲς
750 2461 800 2536 ἐξ
860 2458 999 2526 ἰδίας
1058 2463 1423 2539 προαιρέσεως
1492 2464 1784 2539 ὑπέκυψαν,
1826 2463 1947 2521 ἄνευ

301 2558 407 2609 τοῦ
433 2552 940 2629 καταναγκάζοντος
964 2572 978 2587 ⁶
1012 2552 1179 2609 ἄλλοι
1213 2555 1350 2628 μετά
1377 2553 1610 2630 πληγῶν
1635 2575 1649 2589 ·
1682 2554 1845 2611 ἄλλοι
1879 2553 1950 2609 δι’

305 2640 540 2712 ἀπειλῆς
590 2642 679 2697 καὶ
732 2644 902 2715 μόνης
935 2662 947 2675 ·
977 2640 1153 2719 ἕτεροι
1191 2642 1314 2699 ἄνευ
1362 2644 1617 2715 ἀπειλῆς,
1647 2646 1736 2700 καὶ
1789 2644 1955 2720 βασά-

301 2753 433 2799 νων,
466 2730 593 2803 δέει,
623 2732 714 2786 καὶ
749 2734 909 2805 μόνον
932 2750 945 2764 ⁸
982 2731 1147 2788 ἄλλοι
1176 2730 1264 2789 διά
1310 2734 1372 2789 τὸ
1424 2735 1500 2807 μή
1556 2732 1798 2790 ἐκπεσεῖν
1845 2740 1955 2790 τῶν

306 2818 487 2881 ἰδίων.
531 2822 674 2882 Τινὲς
722 2817 779 2877 δὲ
828 2823 915 2877 καὶ
984 2822 1122 2878 κατά
1166 2820 1409 2897 ἄγνοιαν.
1459 2822 1695 2887 Τούτους
1742 2823 1959 2899 ἐπιτρέ-

310 2931 506 2989 φοντας
537 2915 653 2971 πῶς
686 2907 768 2965 δεῖ
797 2906 1197 2989 ἀποδέχεσθαι;
1226 2909 1695 2985 ἐπιδεικνυμένους
1742 2912 1955 2984 δηλαδή

308 2999 490 3071 ἀξίους
523 3000 764 3077 καρποὺς
794 3008 895 3071 τῆς
930 3000 1215 3074 μετανοίας
1254 3002 1513 3064 ἅπαντας.
1547 3004 1705 3066 Τίνες
1756 3001 1814 3059 δὲ
1862 3004 1956 3058 οὗ·

305 3109 434 3160 τοι;
468 3091 685 3164 Ἀποχὴ
738 3095 847 3146 τῶν
896 3091 1271 3167 ἀγιασμάτων,
1326 3091 1459 3165 μετά
1513 3092 1957 3166 προπλαύσεως,

304 3178 398 3232 καὶ
439 3174 696 3232 ἐπιπόνου
756 3174 992 3248 δεήσεως
1015 3194 1031 3210 ·
1063 3176 1152 3231 ἐπὶ
1204 3178 1299 3251 μὶν
1339 3182 1448 3232 τῶν
1478 3180 1730 3254 πρώτων,
1761 3180 1958 3255 τριετί-

2058 608 2188 646 mus
2218 592 2529 663 Dionysius
2560 592 2641 645 ait
2674 606 2690 644 :
2725 606 2791 645 ac
2831 588 3107 661 imaginis
3150 587 3336 643 honor
3392 586 3461 643 ad
3507 593 3702 658 proto-

2056 686 2258 752 typum
2294 680 2649 748 ascendit,ut
2672 695 2921 750 magnus
2951 676 3209 750 loquitur
3228 677 3515 732 Basilius:
3541 694 3696 733 nunc

2057 775 2252 826 autem
2286 769 2617 842 despicatui
2652 768 2848 824 habita
2872 772 2961 824 est
2989 767 3183 839 imago
3214 767 3449 832 Christi,
3474 772 3706 838 negata,

2056 860 2395 915 conculcata
2425 877 2457 913 a
2515 858 2991 929 Chrystomachis
3024 874 3038 913 :
3073 857 3274 928 utique
3321 855 3587 912 Christus
3642 856 3703 911 in

2056 947 2312 1020 imagine
2344 948 2531 1019 ipsius
2558 952 2613 1003 et
2645 963 2745 1019 per
2774 947 3089 1019 imaginem
3123 949 3368 1018 negatus
3398 949 3501 1015 est,
3534 946 3700 1017 igno-

2057 1037 2239 1093 minia
2264 1036 2519 1105 allectus,
2541 1052 2700 1093 more
2718 1036 2963 1091 Judaico
2995 1036 3335 1106 reprobatus
3368 1051 3383 1090 :
3414 1051 3518 1090 nec
3541 1034 3702 1089 colli-

2056 1143 2189 1199 gere
2216 1125 2395 1195 aliud,
2423 1142 2482 1182 re
2516 1126 2686 1197 plane
2728 1131 3047 1197 perspecta,
3082 1124 3235 1180 licet.
3270 1124 3484 1180 Idcirco
3536 1124 3703 1195 plan-

2055 1216 2225 1289 gendi
2258 1220 2313 1271 et
2342 1215 2600 1284 ejulandi
2632 1220 2864 1285 tempus
2895 1214 3048 1269 istud
3083 1218 3171 1270 est
3202 1230 3217 1269 :
3252 1213 3466 1269 idcirco
3489 1219 3544 1269 et
3583 1218 3701 1270 tam

2060 1304 2229 1360 multi
2255 1303 2635 1369 reluctantur,
2660 1320 2774 1359 non
2804 1302 2910 1358 viri
2944 1303 3135 1371 modo,
3177 1303 3278 1358 sed
3309 1307 3365 1358 et
3405 1302 3701 1370 mulieres,

2058 1411 2124 1467 eo
2157 1393 2314 1464 quod
2345 1409 2460 1449 non
2492 1409 2629 1448 voce
2655 1394 2866 1461 solum,
2901 1392 3003 1447 sed
3052 1398 3109 1447 et
3159 1407 3330 1464 opere
3371 1391 3498 1463 ipso
3545 1392 3706 1448 Chri-

2059 1491 2183 1540 stus
2207 1488 2450 1555 negatur
2483 1499 2496 1537 :
2534 1483 2683 1553 quod
2710 1483 2767 1537 in
2802 1483 3051 1538 vetustis
3098 1481 3417 1537 haeresibus
3462 1482 3703 1538 minime

2056 1573 2248 1629 visum
2281 1577 2385 1629 est.
2418 1571 2569 1627 Voce
2599 1571 2862 1643 quidem,
2895 1588 3029 1627 cum
3066 1577 3275 1643 negent
3308 1570 3472 1641 impii
3501 1588 3704 1643 corpo-

2058 1681 2156 1720 rea
2191 1664 2578 1720 similitudine
2608 1663 2771 1735 pingi
2807 1663 3105 1719 Christum
3141 1680 3303 1734 posse
3338 1680 3352 1718 :
3385 1680 3552 1734 opere
3598 1681 3705 1719 au-

2058 1762 2171 1810 tem
2228 1756 2380 1825 ipso,
2411 1770 2543 1809 cum
2596 1770 2825 1810 omnem
2868 1757 3129 1809 evertant
3184 1753 3392 1809 Christi
3442 1757 3705 1810 sanctam

2059 1844 2397 1916 imaginem,
2429 1844 2712 1915 Deiparze,
2746 1844 3108 1915 angelorum,
3145 1843 3330 1899 sancti
3381 1859 3445 1898 ac
3492 1848 3704 1900 sanctae

2062 1933 2344 2005 cujusvis.
2376 1950 2445 1989 ex
2468 1934 2628 1989 omni
2675 1932 2796 1988 sede
2833 1950 3019 2003 sacra,
3044 1951 3113 1989 ex
3161 1933 3314 1989 omni
3378 1950 3542 1989 sacro
3591 1950 3707 1989 mo-

2063 2028 2366 2093 numento,
2402 2024 2523 2096 igni
2557 2025 2871 2092 tradentes,
2906 2023 3711 2091 conviciisinsectantes,ma-

2065 2130 2244 2188 gnum
2279 2113 2511 2184 pietatis
2553 2113 2895 2185 mysterium
2927 2113 3255 2178 irridentes,
3288 2112 3584 2169 Christum
3616 2114 3711 2169 deo

2065 2202 2308 2275 pictum,
2342 2217 2475 2257 cum
2506 2207 2693 2257 matre
2714 2206 2771 2257 et
2801 2200 3058 2272 famulis,
3101 2201 3552 2257 abominandam
3585 2219 3708 2257 rem

2065 2297 2478 2363 nuncupantes
2501 2291 2688 2363 :quod
2701 2291 2933 2362 quidem
2953 2291 3225 2363 cogitare,
3250 2295 3307 2346 et
3336 2291 3525 2347 dicere
3547 2295 3604 2346 et
3619 2292 3711 2347 fa-

2066 2379 2557 2446 cere,Judae0rum
2588 2385 2677 2435 est
2708 2384 2880 2451 atque
2903 2379 3454 2451 gentilium.Arabes
3475 2379 3629 2434 enim
3647 2396 3713 2435 ac

2069 2469 2299 2541 Scythis
2334 2469 2649 2525 reverentia
2679 2468 2856 2537 ducti,
2890 2467 3035 2523 nihil
3075 2469 3191 2524 tale
3220 2468 3329 2524 visi
3352 2474 3492 2524 sunt
3514 2468 3716 2539 praeti~

2073 2559 2386 2623 tisse.Quid
2421 2564 2509 2614 est
2528 2558 2705 2630 igitur
2734 2557 3223 2629 dispensationem
3247 2557 3455 2613 Christi
3479 2574 3710 2626 negare,

2065 2650 2112 2704 si
2134 2647 2244 2703 hoc
2262 2664 2374 2703 non
2391 2647 2507 2704 est?
2518 2649 2623 2703 Sed
2641 2647 2711 2702 ad
2730 2646 3156 2718 propositiones
3171 2652 3490 2702 revertatur
3506 2648 3713 2703 oratio.

2068 2737 2315 2803 Quidam
2344 2737 2581 2809 propria
2612 2740 2820 2809 sponte
2851 2753 3061 2792 manus
3092 2737 3321 2806 dedere,
3352 2736 3582 2792 nemine
3613 2752 3713 2808 per

2067 2828 2185 2882 vim
2216 2834 2458 2897 cogente
2494 2843 2508 2881 :
2539 2826 2635 2881 alii
2666 2841 2798 2880 cum
2832 2826 3051 2897 plagis:
3094 2824 3194 2880 alii
3224 2825 3402 2881 minis
3437 2826 3715 2881 duntaxat

2068 2916 2326 2973 exterriti
2352 2930 2369 2983 ;
2398 2915 2495 2970 alii
2527 2914 2678 2970 circa
2710 2914 2895 2970 minas
2926 2930 2989 2971 ac
3021 2914 3328 2986 supplicia,
3364 2914 3486 2970 solo
3509 2919 3705 2981 metu;

2069 3006 2189 3073 alii,
2227 3022 2299 3062 ne
2328 3014 2675 3062 exuerentur
2706 3005 2914 3061 bonis:
2958 3005 3223 3060 nonnulli
3265 3014 3457 3061 autem
3492 3022 3593 3076 per
3622 3005 3716 3061 in-

2068 3095 2400 3151 scientiam.
2426 3094 2491 3149 Hi
2515 3094 2564 3149 si
2595 3093 2959 3165 resipiscant,
2992 3110 3106 3165 qua
3147 3094 3368 3148 ratione
3420 3098 3561 3149 sunt
3606 3094 3717 3148 δάι-

2070 3182 2386 3241 mittendi?
2439 3182 2645 3254 Utique
2698 3183 2747 3238 si
2810 3181 3016 3254 dignos
3072 3181 3337 3237 videlicet
3367 3181 3714 3257 paenitentia:

308 3272 513 3336 ζουσαο
554 3266 640 3321 ἐπὶ
700 3264 756 3321 δὲ
808 3271 916 3321 τῶν
973 3264 1260 3342 δευτέρων,
1310 3264 1653 3337 διετίζουσα·
1712 3254 1805 3323 ἐπὶν
1846 3273 1951 3323 τῶν

2068 3275 2293 3329 fructus
2309 3287 2513 3328 omnes
2527 3270 2906 3334 exhibeant.0
2918 3270 2971 3326 ui
2986 3275 3128 3325 sunt
3147 3269 3232 3324 illi
3267 3286 3433 3339 porro
3451 3254 3673 3325 fructus
3687 3269 3714 3325 ?

303 3355 505 3431 τρίτων
542 3357 632 3411 καὶ
686 3355 959 3431 τετάρτων
1017 3357 1107 3411 καὶ
1164 3356 1418 3430 πέμπων,
1453 3358 1490 3426 ἡ
1524 3361 1629 3412 τῶν
1683 3359 1955 3433 πρώτων.

305 3444 396 3500 ἐπὶ
449 3448 557 3499 τῶν
610 3442 805 3517 ἓκτων,
863 3443 1179 3504 ἐνιαυσιαία.
1233 3444 1384 3503 Μετά
1448 3447 1549 3515 τήν
1609 3447 1963 3521 εκπλήρωσιν

306 3538 429 3595 πῶς
461 3532 542 3589 δεῖ
589 3532 737 3612 ἔχειν
775 3534 1011 3604 αὐτούς,
1046 3532 1113 3589 Εἴ
1163 3536 1257 3608 μὲν
1317 3533 1368 3605 ἐξ
1414 3535 1691 3608 ἱερατικοῦ
1733 3534 1963 3609 πληρώ-

314 3644 512 3698 ματος,
544 3624 634 3678 καὶ
667 3624 778 3698 οὐχ
817 3623 1116 3700 ὑπέγραψε,
1153 3624 1351 3696 μηκέσι
1403 3623 1650 3699 μετέχων
1698 3631 1797 3693 τῆς
1846 3626 1963 3681 ἀσε-

313 3712 445 3777 ϐοῦς
493 3712 777 3775 κοινωνίας
828 3734 931 3777 τις,
966 3717 1054 3775 Ὡς
1104 3712 1155 3766 έν
1207 3714 1252 3784 ᾦ
1284 3713 1530 3769 ἐτέτακτο
1560 3713 1776 3787 κλήρῳο
1810 3714 1871 3769 Εἰ
1904 3712 1961 3770 δὲ

314 3802 406 3859 καὶ
458 3802 801 3879 ὑπογράψας,
860 3800 945 3873 εἷή
996 3802 1071 3866 ὡς
1127 3800 1448 3876 εἰργόμενος
1491 3806 1592 3869 τῆς
1657 3802 1958 3879 ἱερουργίας

315 3889 423 3954 ἓως
454 3890 746 3966 ὁρθοδόξου
778 3889 1041 3946 συνόδου·
1090 3894 1364 3945 κοινωνῶν
1408 3888 1454 3944 δ’
1505 3889 1594 3946 οῦν
1647 3891 1797 3965 ὅμως
1852 3897 1959 3947 τῶν

313 3981 685 4056 ἀγιασμάτων.
744 3985 867 4043 Τοῖς
924 3982 1098 4051 πάντη
1157 3974 1399 4035 ἀσεϐέσιν
1461 3980 1510 4034 εἴ
1579 3978 1745 4051 ἔξέστι
1821 3983 1959 4037 κατά

310 4072 548 4147 ἀνάγκην
581 4070 734 4134 δέους
762 4068 939 4137 ἕνεκα,
1037 4069 1126 4125 διά
1173 4069 1362 4144 λιμὸν,
1402 4070 1438 4140 ἢ
1489 4072 1577 4125 καὶ
1626 4069 1746 4127 ἄνευ
1801 4071 1959 4147 ἀνάγ-

306 4181 433 4232 κης,
475 4162 510 4232 ἢ
543 4161 632 4216 καὶ
674 4158 765 4215 διά
808 4161 930 4237 βίαν
979 4158 1176 4222 ἀλλοις
1223 4164 1592 4228 κοινωνοῦσιν,
1637 4157 1957 4234 ὀρθοδόξους

307 4249 366 4305 δὲ
394 4251 590 4313 αὐτοὺς
620 4249 978 4325 ὁμολογοῦσι,
1012 4250 1302 4305 συνεσθίειν
1331 4269 1345 4321 ;
1379 4248 1606 4324 Οὐδαμῆ
1647 4250 1903 4324 οὐδαμως
1939 4269 1952 4283 ’

304 4339 351 4395 εἰ
413 4342 488 4413 μή
541 4340 594 4396 τί
649 4360 713 4416 γε
761 4346 879 4403 τοῖς
936 4339 1211 4416 ἐσχάτοις,
1246 4340 1345 4395 οὐκ
1391 4336 1722 4419 ἀδιαφόρωςς
1751 4340 1952 4414 ἀλλ’ἐξ

302 4429 598 4504 ἀναγκαίου
642 4431 786 4493 τινὸς
833 4431 1060 4504 τρόπου,
1094 4431 1228 4500 ἅπαξ
1260 4431 1295 4499 ἢ
1339 4430 1443 4492 δίς.
1478 4430 1537 4485 Εἰ
1585 4435 1691 4486 τῶν
1740 4433 1956 4494 τούτοις

303 4516 593 4593 ἐδωδίμων
650 4519 717 4575 τά
774 4518 1003 4595 λείψανα
1058 4518 1254 4575 ἐσθίειν
1304 4519 1438 4574 κατά
1495 4520 1810 4594 ἀνάγκην,ἢ
1862 4521 1953 4576 καὶ

2068 3363 2256 3418 Dilata
2284 3359 2657 3416 Eucharistiaa
2690 3360 2999 3431 perceptio,
3026 3375 3159 3416 cum
3185 3358 3348 3427 ﬂetu,
3380 3362 3436 3413 et
3475 3358 3716 3414 assidua

2071 3451 2495 3523 deprecatione,
2516 3449 2720 3521 primis
2734 3448 2993 3520 quidem,
3021 3464 3120 3518 per
3132 3446 3449 3503 triennium
3471 3465 3484 3502 :
3506 3464 3714 3503 secun-

2071 3541 2183 3608 dis,
2218 3556 2317 3612 per
2366 3555 2555 3595 annos
2613 3539 2799 3594 duos:
2834 3538 3036 3603 tertiis,
3088 3538 3333 3609 quartis,
3366 3543 3423 3591 et
3472 3537 3717 3608 quintis,

2069 3630 2559 3700 quemadmodum
2590 3628 2825 3698 primis:
2860 3629 3038 3683 sextis
3073 3628 3340 3695 denique,
3373 3626 3548 3682 unius
3578 3625 3717 3682 anni

2069 3720 2277 3791 spatio.
2304 3720 2526 3788 Quibus
2575 3719 2670 3775 ubi
2730 3718 3017 3790 perfuncti
3060 3718 3295 3785 fuerint,
3327 3733 3444 3789 qua
3496 3716 3716 3773 ratione

2068 3817 2210 3867 sunt
2239 3809 2528 3866 habenti?
2556 3810 2613 3864 Si
2647 3809 2877 3880 quidem
2911 3811 3001 3864 est
3028 3824 3097 3863 ex
3127 3806 3467 3863 sacerdotali
3511 3805 3713 3862 ordine

2066 3899 2299 3971 aliquis,
2322 3915 2427 3955 nec
2458 3896 2829 3969 subscripsit,
2855 3913 2960 3953 nec
2992 3896 3101 3953 fuit
3132 3896 3324 3968 impiis
3346 3896 3713 3951 communio~

2067 3990 2159 4045 nis
2183 3990 2502 4062 particeps;
2526 3988 2583 4042 in
2610 4004 2725 4059 quo
2748 3987 3047 4043 ordinatus
3070 3991 3159 4042 est
3180 3986 3331 4042 clero
3355 3990 3713 4058 permaneat.

2066 4079 2165 4134 Sin
2196 4094 2331 4134 vero
2395 4078 2744 4148 subscripsit
2799 4075 2992 4145 idem;
3026 4076 3333 4131 abstentus
3378 4092 3411 4131 a
3457 4091 3517 4130 re
3548 4091 3713 4132 sacra

2065 4168 2329 4225 facienda
2367 4167 2445 4223 sit
2474 4183 2658 4236 usque
2690 4167 2759 4222 ad
2794 4165 3080 4235 synodum
3112 4165 3489 4220 orthodoxam
3517 4181 3711 4220 :com-

2064 4258 2319 4314 municet
2340 4262 2537 4312 tamen
2562 4254 2740 4311 sacris
2772 4253 3156 4323 mysteriis.Si
3188 4252 3527 4308 hominibus
3548 4252 3710 4310 omni

2063 4361 2131 4403 ex
2147 4352 2306 4418 parte
2319 4344 2540 4417 impiis.
2558 4349 2788 4416 prOpter
2804 4340 3195 4398 necessitatem
3211 4343 3513 4413 ingruente
3527 4349 3683 4397 metu
3696 4383 3709 4409 ,

2061 4436 2149 4492 vel
2172 4437 2244 4492 ob
2277 4437 2510 4502 famem,
2533 4434 2619 4491 vel
2658 4434 2830 4489 etiam
2862 4432 3003 4489 citra
3034 4433 3439 4488 necessitatem
3479 4436 3580 4487 aut
3611 4444 3712 4502 per

2061 4526 2203 4591 vim,
2223 4525 2319 4580 alii
2350 4523 2782 4580 communicent
2812 4523 2908 4594 qui
2940 4521 3293 4579 orthodoxos
3310 4536 3372 4575 se
3395 4521 3709 4591 proﬁtean-

301 4605 427 4663 ἄνευ
485 4609 747 4686 ἀνάγκης,
797 4608 935 4665 διότι
994 4610 1509 4685 προεσχημάτισται
1560 4609 1614 4665 ἐν
1676 4611 1863 4671 αὐτοῖς
1920 4610 1947 4665 ὁ

2068 4621 2260 4683 tur,an
2296 4614 2430 4669 licet
2460 4629 2592 4670 cum
2625 4612 2754 4667 istis
2777 4612 2971 4667 cibum
2997 4616 3265 4666 sumere?
3287 4609 3455 4664 Nullo
3474 4625 3710 4679 prorsus

299 4698 569 4771 σταυρός;
602 4697 670 4755 Εἴ
716 4700 811 4773 μὲν
852 4701 999 4775 παρά
1046 4700 1257 4774 ἱερέως,
1308 4698 1601 4773 οὐδαμῶς·
1634 4700 1680 4755 εἰ
1729 4698 1786 4755 δὲ
1839 4702 1942 4774 μὴ,

304 4788 680 4863 μεταληπτέον
726 4791 861 4846 κατὰ
914 4790 1054 4866 βίαν.
1090 4790 1155 4847 Εἴ
1204 4789 1261 4846 δὲ
1307 4790 1381 4853 εἷς
1426 4792 1713 4866 εὐκτὴριον
1773 4790 1948 4847 αὐτῶν

298 4877 642 4959 εἷ’σέρχεσθαι
674 4878 845 4956 εὐχῆς
877 4880 1041 4955 χάριν
1066 4899 1081 4911 ·
1114 4880 1202 4935 καὶ
1258 4878 1309 4935 εἶ’
1355 4877 1436 4935 δεῖ
1481 4881 1581 4949 τὴν
1612 4881 1765 4955 ἀγίαν
1821 4880 1950 4936 ἀνα-

300 4968 470 5044 φορὰν
525 4967 577 5023 ἐν
639 4969 789 5041 αὐτῷ
859 4967 1128 5024 ἐπιτελεῖν
1212 4969 1347 5042 μετά
1422 4966 1564 5031 ἰδίας
1636 4968 1945 5045 τραπέζηςς

297 5055 566 5132 Οὐδαμῶς
622 5060 892 5135 ἑκάτερον.
957 5060 1020 5116 Εἰ
1079 5056 1161 5115 δεῖ
1222 5060 1433 5135 χαίρειν
1483 5060 1687 5129 αὐτοῖς,
1747 5058 1946 5136 λέγειν,

297 5147 387 5202 καὶ
440 5147 804 5219 ἁσπάζεσθαις
837 5146 1131 5222 Οὐδαμῶς,
1173 5146 1247 5209 ὥς
1298 5167 1459 5224 φησιν
1507 5148 1536 5203 ὁ
1589 5148 1751 5224 μέγας
1780 5148 1950 5205 Βασί-

298 5232 467 5298 λειος.
510 5237 567 5290 Ὀ
627 5236 825 5311 Κύριος
878 5236 1120 5293 ἐκώλυσε
1192 5238 1283 5291 τὸν
1367 5237 1550 5291 κοινὸν
1645 5238 1945 5311 ἀσπασμόν.

293 5325 455 5379 Ὥστε
506 5328 668 5381 τοῦτο
725 5324 859 5380 κατά
906 5322 1219 5399 σύμϐασινο
1260 5325 1338 5388 ὡς
1384 5321 1440 5378 δὲ
1480 5322 1528 5394 ἐξ
1587 5324 1801 5400 ἀγάπης
1856 5326 1945 5381 καὶ

295 5412 503 5493 φιλίας,
536 5414 791 5492 φευκτέον
815 5433 829 5448 ο
867 5411 963 5468 ’ίνα
1000 5414 1276 5488 πληρωθῇ
1331 5412 1383 5467 ἐν
1439 5413 1636 5486 τούτῳ.
1670 5415 1781 5469 Οὐκ
1832 5414 1944 5471 ἔστι

294 5503 476 5579 λέγειν
523 5505 738 5585 χαίρειν
779 5508 895 5567 τοῖς
946 5499 1210 5562 ἀσεϐέσιν.
1244 5501 1361 5559 Εἰσί
1410 5524 1553 5564 τινες
1601 5508 1709 5559 τῶν
1775 5527 1942 5581 μονα-

296 5594 553 5668 στηρίων,
603 5595 655 5651 οἳ
703 5590 828 5651 οὔτε
885 5592 1059 5668 λόγῳ,
1108 5588 1230 5648 οὔτε
1279 5586 1427 5671 ἔργῳ
1476 5592 1745 5662 συνῆλθον
1801 5602 1941 5675 φυγῆ

615 5696 875 5757 ΡΑτιιοιι.
923 5696 1031 5759 Gn.
1066 5692 1279 5757 XCIX.

2068 4703 2241 4759 modo
2275 4719 2289 4758 :
2324 4702 2437 4759 nisi
2464 4704 2604 4758 forte
2628 4702 2746 4757 sint
2783 4717 2850 4756 ex
2906 4702 3112 4756 intima
3169 4699 3376 4771 plebe:
3428 4715 3531 4754 nec
3582 4715 3708 4768 pas-

2063 4796 2174 4850 sim
2209 4810 2273 4849 ac
2306 4793 2659 4865 promiscue,
2691 4791 2795 4848 sed
2826 4808 2960 4847 casu
2994 4793 3192 4863 aliquo
3229 4789 3577 4855 necessario,
3617 4804 3705 4843 se-

2061 4883 2171 4940 mel
2195 4887 2296 4939 aut
2335 4882 2568 4938 iterum.
2603 4889 2691 4938 An
2724 4882 2858 4938 licet
2899 4897 3096 4937 eorum
3129 4896 3303 4936 omne
3335 4878 3608 4948 reliquias
3637 4893 3704 4933 ex

2060 4971 2434 5039 necessitate,
2465 4972 2554 5028 vel
2607 4972 2745 5027 citra
2804 4971 3210 5027 necessitatem
3233 4969 3422 5033 edere,
3454 4984 3520 5023 eo
3553 4968 3702 5037 quod

2058 5064 2119 5120 in
2167 5063 2262 5119 his
2318 5063 2557 5134 signum
2611 5062 2801 5117 crucis
2860 5060 3026 5132 prius
3076 5073 3410 5129 expressum
3467 5057 3599 5112 sit?
3645 5056 3702 5110 Si

2059 5154 2295 5226 quidem
2331 5170 2363 5208 a
2393 5152 2715 5221 sacerdote,
2756 5151 3038 5206 minime:
3071 5148 3160 5204 sin
3211 5146 3430 5217 minus,
3462 5151 3701 5217 cogente

2057 5242 2107 5298 vi
2140 5243 2292 5298 sumi
2320 5245 2562 5313 oportet.
2591 5248 2676 5296 An
2699 5241 2839 5296 licet
2860 5237 3140 5294 orationis
3155 5252 3334 5293 causa
3361 5235 3699 5292 earumdem

2055 5330 2371 5388 oratiorum
2405 5329 2634 5404 ingredi
2658 5330 2687 5384 ‘I
2718 5345 2785 5386 ac
2816 5344 2954 5384 num
2985 5326 3121 5383 licet
3141 5330 3400 5381 sanctam
3433 5323 3515 5379 ibi
3535 5322 3698 5378 obla-

2053 5421 2270 5477 tionem
2307 5436 2579 5492 peragere
2609 5435 2743 5475 cum
2779 5434 2985 5473 mensa
3006 5417 3237 5488 propria
3260 5414 3288 5469 ?
3319 5413 3603 5468 Neutrum
3627 5412 3703 5467 li-

2050 5516 2165 5567 cet.
2189 5513 2271 5565 An
2298 5510 2382 5565 fas
2412 5516 2503 5565 est
2523 5508 2804 5580 gratulari
2836 5508 3001 5577 ipsis,
3035 5502 3396 5562 confabulari
3429 5517 3561 5557 cum
3599 5502 3694 5568 iis,

2051 5601 2281 5659 eosdem
2322 5599 2572 5657 salutare
2598 5598 2625 5654 ?
2653 5597 3027 5670 Neutiquam,
3052 5600 3119 5654 ut
3150 5595 3229 5652 ait
3260 5608 3511 5665 magnus
3542 5591 3706 5649 Basi-

3304 5694 3383 5754 40
