4062 6280
449 357 608 424 1259

1703 365 1766 423 s.
1811 349 2212 424 TnEononl
2257 347 2619 421 STUDITE

3683 349 3816 428 4260

446 496 583 552 lius.
636 495 946 551 Communi
1003 491 1349 549 salutatione
1405 493 1692 549 Dominus
1765 493 2083 549 interdixit.

2199 492 2298 560 τὴν
2328 491 2600 564 σωτηρίαν
2630 491 2984 565 ποριζόμενοι
3008 503 3024 524 ⁴
3065 491 3156 547 καὶ
3199 490 3364 548 πάλιν
3417 492 3548 564 μετᾶ
3575 496 3670 565 τῆν
3703 493 3816 552 ὑπο-

455 584 844 652 Quamobrem
879 583 1032 638 istud
1083 600 1150 639 ex
1198 584 1500 638 occasione
1543 583 1676 637 ﬁat:
1712 590 1775 638 ut
1829 599 1962 640 vero
2020 599 2088 638 ex

450 676 722 730 amicitiae
763 690 827 729 ac
863 671 1268 728 benevolentiae
1304 673 1756 743 signiﬁcatione,
1791 673 2084 728 declinan-

444 765 584 820 dum
621 779 636 819 :
669 769 740 818 ut
777 765 859 818 sic
891 761 1049 817 istud
1081 761 1423 832 impleatur:
1450 762 1618 818 Nefas
1647 768 1735 818 est
1766 763 1955 818 dicere
1975 764 2090 817 Ave

443 852 644 924 impiis
670 851 735 905 ιδ.
769 851 919 906 Sunt
949 850 1182 922 quidem
1231 867 1262 906 e
1306 850 1726 906 monachorum
1788 856 1936 905 coetu
1987 850 2087 922 qui

444 957 634 1013 neque
665 941 839 996 verbo
873 956 1061 1012 neque
1097 955 1266 1012 opere
1296 943 1740 1010 consenserunt,
1766 940 1899 1011 fuga
1929 939 2090 994 salu-

439 1034 552 1086 tem
591 1031 886 1086 consecuti
924 1045 937 1084 :
972 1043 1324 1100 rursumque
1383 1033 1511 1100 post
1583 1029 1965 1085 secessionem
2016 1028 2088 1083 ab

442 1119 642 1188 impiis
674 1135 736 1175 se
788 1119 1151 1174 subtraxere.
1188 1118 1364 1175 Recte
1396 1119 1589 1174 habet.
1647 1119 1704 1173 Si
1751 1123 1943 1174 autem
1984 1119 2087 1172 ab-

442 1209 644 1275 impiis
667 1225 832 1265 sacra
865 1213 1098 1280 peracta
1124 1207 1245 1264 sint
1273 1209 1330 1264 in
1373 1208 1630 1264 Ecclesia
1669 1209 1864 1278 aliqua
1905 1206 2087 1264 semel

441 1299 749 1367 duntaxat,
778 1298 836 1354 in
871 1314 995 1353 eam
1030 1300 1253 1370 ingredi
1297 1301 1570 1369 poterunt
1600 1298 1751 1355 solas
1802 1296 2086 1369 peracturi

441 1404 641 1459 preces
676 1403 689 1444 :
722 1389 768 1443 si
800 1403 931 1442 vero
954 1387 1188 1459 szepius,
1223 1389 1491 1443 secedant
1531 1389 1602 1443 ab
1635 1403 1700 1442 ea
1733 1387 2087 1459 longissime.

443 1477 762 1533 Saeculares
786 1477 1022 1548 quidam
1041 1493 1106 1531 ac
1122 1477 1388 1532 monachi
1404 1477 1761 1548 impietatem
1785 1477 2091 1532 vehemen-

439 1573 529 1624 ter
575 1569 944 1623 detestantur
973 1583 1038 1622 ac
1071 1566 1273 1636 lugent
1311 1583 1323 1623 :
1360 1575 1597 1638 propter
1640 1567 1830 1622 minas
1889 1572 2084 1621 autem

438 1657 783 1729 impiorum,
807 1658 877 1712 ad
912 1673 1114 1712 eorum
1148 1673 1209 1712 se
1236 1656 1703 1713 communionem
1736 1657 2083 1727 adjungunt,

438 1746 523 1801 ita
557 1763 654 1802 eos
677 1745 808 1802 alici
839 1763 1008 1816 posse
1041 1745 1331 1812 arbitrati,
1364 1761 1564 1817 preces
1597 1755 1786 1800 autem
1824 1744 1947 1799 ﬁeri
1982 1759 2084 1814 pro

438 1835 586 1908 ipsis
617 1853 648 1892 a
681 1835 850 1892 nobis
883 1835 1224 1906 efﬂagitant.
1247 1837 1332 1890 An
1359 1834 1494 1891 licet
1519 1835 1610 1890 his
1642 1834 1838 1890 divina
1869 1838 2083 1905 myste-

444 1927 530 1980 ria
564 1924 1110 1996 impertiri?Preces
1131 1925 1361 1994 quidem
1393 1940 1667 1996 peragere
1700 1923 1853 1991 licet,
1874 1922 2086 1993 imper-

439 2013 539 2068 tiri
581 2030 712 2069 vcro
745 2030 906 2069 sacra
936 2031 1053 2069 non
1085 2013 1242 2080 licet,
1277 2013 1561 2084 quidquid
1596 2013 1679 2068 illi
1746 2013 1942 2067 dicant
1987 2015 2089 2066 aut

443 2109 636 2173 agant.
671 2104 732 2159 Si
762 2119 930 2158 secus
959 2104 1110 2158 viam
1147 2102 1440 2173 publicam
1464 2118 1667 2158 cruces
1691 2101 1729 2156 ii
1754 2101 2083 2156 statuerint.

442 2209 514 2248 au
574 2199 710 2248 sunt
761 2191 1295 2248 adorandae?NIhil
1337 2197 1510 2247 vetat.
1568 2194 1648 2246 Au
1706 2191 1841 2246 licet
1876 2190 2083 2246 horum

443 2281 772 2338 oblationes
817 2282 1202 2337 consecrare?
1234 2281 1493 2336 Minime.
1527 2282 1656 2336 Haec
1697 2280 1876 2352 igitur
1898 2296 1999 2351 pro
2021 2295 2086 2335 eo

449 2388 514 2427 ac
547 2371 832 2427 Dominus
855 2373 911 2427 in
937 2378 1193 2426 mentem
1221 2371 1439 2440 injecit,
1473 2369 1683 2427 elocuti
1715 2385 1945 2424 sumus:
1972 2384 2086 2425 non

441 2461 608 2531 quasi
641 2461 968 2516 sancientes
999 2459 1222 2532 legem:
1257 2476 1442 2531 neque
1470 2460 1626 2514 enim
1662 2475 1730 2514 ex
1762 2457 2087 2513 antistitum

444 2567 687 2606 numero
720 2567 946 2618 sumus,
981 2566 1155 2621 penes
1189 2566 1336 2620 quos
1371 2553 1625 2620 potestas
1657 2553 1745 2604 est
1803 2547 2086 2603 condendi

443 2657 694 2695 canones
730 2656 742 2694 :
779 2641 877 2696 sed
901 2638 1213 2694 consilium
1247 2639 1470 2702 dantes,
1506 2637 1782 2711 quoniam
1829 2637 2086 2708 ejusdem

443 2729 744 2784 vobiscum
773 2729 993 2785 ordinis
1026 2745 1232 2784 sumus
1267 2743 1371 2784 :ac
1402 2737 1705 2799 propterea
1735 2728 1887 2799 quod
1913 2727 1952 2780 ii
1987 2726 2090 2782 de-

440 2823 582 2873 sunt
613 2819 714 2890 qui
745 2822 1002 2874 statuere
1042 2833 1272 2874 summo
1303 2818 1430 2888 iure
1475 2818 1746 2886 debeant,
1779 2817 1894 2872 huc
1952 2832 2085 2872 avo-

444 2906 537 2962 bis
563 2907 746 2962 coacti
780 2907 1210 2962 descendimus.
1245 2906 1359 2961 Vos
1416 2921 1570 2973 vero,
1602 2905 1797 2962 Patres
1838 2905 2091 2961 sanctis-

445 2995 578 3052 simi
609 2998 832 3052 veniam
863 2997 1016 3066 date,
1049 2997 1097 3052 si
1129 2996 1267 3068 quid
1327 2995 1386 3050 in
1447 2995 1739 3066 prmdictis
1797 2995 2086 3066 displicet.

446 3085 837 3158 Praeterquam
872 3088 1026 3158 quod
1064 3087 1322 3141 medicus
1355 3090 1476 3140 tum
1511 3084 1690 3140 animi
1724 3090 1850 3139 tum
1884 3101 2092 3156 corpo-

2199 581 2450 658 χώρησιν
2496 584 2605 634 τῶν
2655 575 2861 634 ἀσεϐῶν
2905 583 3450 659 ανθυποστρὲφσντες.
3486 581 3559 640 Εὖ
3606 583 3664 638 ἃν
3691 579 3812 661 ἔχοι.

2199 670 2263 726 Εἰ
2313 665 2371 723 δὲ
2419 668 2510 723 καὶ
2540 667 2936 745 ἐλειτουργήθη
2972 673 3007 740 ἡ
3040 669 3338 740 Ἐκκλησία
3399 671 3502 726 ὑπὸ
3550 677 3654 727 τῶν
3713 675 3814 728 ἀσε-

2199 753 2337 827 ϐῶν,
2372 759 2417 812 εἰ
2471 759 2544 831 μὴ
2597 760 2770 832 ἅπαξ·
2833 759 3115 814 είσίτωσαν
3173 757 3548 824 ἐπιτελοῦντες
3605 761 3656 816 ἐν
3697 763 3814 836 αὐτῇ

2194 845 2290 909 τὰς
2320 849 2632 923 προσευχὰς
2684 847 2852 922 μόνον
2877 865 2891 882 ο
2927 848 2973 904 εί
3022 849 3079 904 δὲ
3126 847 3422 921 πολλάκις,
3457 850 3818 928 ὑποχωρείτωο

2197 952 2288 991 σαν
2320 936 2524 1008 ταύτης
2553 935 2763 1012 πὸῤῥω.
2789 937 3061 1012 Κοσμικοί
3089 940 3228 1001 τινες
3277 938 3410 993 εἰσιν
3438 943 3474 1010 ἢ
3526 941 3616 994 καὶ
3670 958 3817 1012 μονα-

2196 1026 2314 1100 χοὶ,
2356 1023 2604 1102 σφοδρῶς
2653 1025 3072 1099 μυσαττόμενοι,
3100 1027 3135 1096 ἢ
3167 1026 3258 1081 καὶ
3296 1023 3688 1100 ἀποδυρόμενοι
3732 1029 3817 1098 τὴν

2197 1109 2440 1169 ἀσέϐειαν
2470 1133 2484 1146 ·
2520 1111 2610 1168 διὰ
2639 1111 2698 1169 δὲ
2727 1115 2824 1176 τὰς
2853 1113 3083 1179 ἀπειλὰς
3108 1119 3216 1170 τῶν
3267 1115 3435 1170 ἀθέων
3495 1119 3816 1192 προσὲρχον-

2194 1221 2283 1258 ται
2335 1208 2403 1274 τῇ
2459 1203 2958 1276 αὐτῶνκοινωνίᾳ,
3001 1204 3240 1278 οἰόμενοι
3285 1204 3456 1275 αὐτὴν
3501 1197 3816 1280 δηλητήριον

2196 1293 2350 1364 εἶναι,
2401 1293 2675 1348 αἰτοῦνται
2720 1291 2779 1348 δὲ
2828 1290 2998 1367 εὐχὴν
3048 1293 3180 1368 ὑπὲρ
3243 1295 3420 1349 αὐτῶν
3469 1297 3617 1368 ἡμᾶς
3666 1302 3818 1351 ποιεῖο

2195 1383 2336 1438 σθαι.
2380 1381 2443 1437 Ei’
2489 1376 2687 1450 ἔξεστιν
2739 1381 2922 1444 αὐτοῖς
2970 1379 3314 1456 μεταδιδόναι
3371 1388 3479 1439 τῶν
3534 1384 3686 1439 θείων
3738 1405 3820 1458 μυ-

2195 1470 2474 1543 στηρίων;
2508 1470 2690 1546 Εὐχῆν
2727 1471 2821 1544 μὲν
2851 1473 3125 1527 ποιεῖσθαι
3169 1472 3308 1542 ἐξὸν,
3341 1477 3406 1528 ού
3461 1475 3571 1546 μὴν
3623 1477 3819 1547 μεταδι-

2195 1559 2364 1632 δόναι,
2395 1561 2490 1617 κᾶν
2540 1563 2570 1616 ὅ
2616 1582 2669 1616 τι
2715 1561 2946 1638 λέγωσιν
2985 1563 3021 1634 ἢ
3072 1565 3372 1639 πράττωσι.
3425 1568 3697 1641 Σταυροῦς
3741 1565 3819 1621 ἐὰν

2193 1653 2384 1707 ἱστῶσι
2429 1652 2564 1707 κατᾶ
2611 1653 2707 1714 τὰς
2759 1651 3098 1730 λεωφόρους,
3129 1654 3174 1709 εἰ
3235 1657 3317 1709 δεῖ
3378 1660 3731 1729 προσκυνεῖν;
3759 1656 3820 1710 Οὐ

2193 1739 2491 1798 κωλυτέον.
2528 1741 2588 1798 Ei
2628 1739 2710 1796 δεῖ
2745 1746 2853 1797 τῶν
2882 1744 3150 1798 τοιούτων
3178 1745 3274 1806 τὰς
3315 1745 3630 1824 προσφορᾶς
3677 1764 3822 1820 προσ-

2191 1830 2436 1905 κομίζειν
2468 1848 2482 1902 ;
2514 1827 2812 1904 Οὐδαμῶς.
2871 1837 3044 1888 Ταῦτα
3092 1831 3184 1888 οὖν
3243 1835 3317 1895 ὡς
3385 1834 3414 1888 ὁ
3467 1834 3663 1909 Κύριος
3705 1835 3823 1889 κατὰ

2193 1923 2315 1976 νοῦν
2347 1919 2618 1996 ἐπήγαγεν
2651 1923 2807 1994 ἡμῖν,
2841 1921 3212 1999 ἐφθεγξάμεθα
3248 1939 3264 1956 ⁶
3308 1922 3370 1976 ού
3427 1927 3786 1996 νομοθετικῶς
3812 1941 3824 1957 ⁸

2197 2006 2312 2064 ἐπεὶ
2364 2007 2506 2082 μηδέ
2553 2009 2712 2084 ἐσμεν
2754 2014 2862 2066 τῶν
2908 2011 3350 2086 ἱεραρχούντων·
3397 2011 3576 2068 αὐτῶν
3629 2012 3725 2088 γὰρ
3776 2032 3827 2067 το

2194 2103 2394 2154 τυποῦν
2480 2103 2779 2162 κανονικῶς
2834 2117 2852 2136 ο
2928 2098 3075 2155 ἀλλὰ
3160 2097 3665 2174 συμϐουλευτικῶς,
3729 2101 3827 2157 ἐπεί

2196 2188 2354 2262 ἐσμεν
2389 2188 2516 2262 ὑμῖν
2547 2189 2836 2262 ὁμοταγεῖς
2865 2188 2955 2244 καὶ
2985 2186 3175 2259 ἐπειδὴ
3207 2188 3256 2263 ἔξ
3307 2189 3543 2263 ἀπορίας
3581 2197 3686 2246 τῶν
3730 2192 3826 2266 ἱερ-

2197 2282 2446 2355 αρχικῶς
2501 2277 2836 2355 ὀφειλόντων
2890 2283 3135 2332 τυπῶσαι
3187 2295 3202 2311 ο
3260 2279 3684 2354 ἀναγκασθέντες
3752 2279 3825 2357 ἄρ’

2198 2367 2351 2440 ὑμῶν
2407 2365 2758 2441 ἐληλύθαμεν
2814 2365 2892 2431 εἷς
2953 2365 3135 2423 τοῦτο.
3184 2372 3364 2443 Ὑμεῖς
3422 2367 3500 2438 δὲ,
3555 2370 3827 2445 ἁγιώτατοι

2199 2455 2453 2532 Πατὲρες,
2489 2456 2788 2534 σύγγνωτε,
2839 2455 2891 2511 εἶ’
2935 2457 2988 2512 τί
3044 2455 3186 2513 ἐστιν
3247 2457 3554 2533 ἇπαρὲσκον
3613 2460 3732 2531 ὑμῖν
3783 2457 3826 2512 ἐν

2195 2552 2311 2607 τοῖς
2361 2545 2692 2619 εἰρημένοις.
2726 2545 2881 2615 Πλήν
2935 2545 3020 2602 ὅτι
3079 2547 3108 2600 ὁ
3167 2546 3349 2621 ίατρὸς
3391 2547 3480 2602 καὶ
3535 2551 3716 2624 ψυχῆς
3753 2547 3826 2602 καὶ

2199 2637 2476 2709 σώματος,
2515 2635 2606 2691 καὶ
2645 2635 2943 2710 προσώπου
3001 2639 3291 2708 ποιότητα,
3323 2637 3415 2693 καὶ
3461 2642 3658 2712 καιροῦ
3705 2636 3827 2692 ἴδιό-

2198 2722 2492 2796 τητα,ἓξιν
2549 2745 2608 2780 τε
2654 2725 2745 2780 καὶ
2801 2725 2994 2793 πάθος,
3023 2722 3247 2798 δύναμίν
3304 2743 3361 2780 τε
3417 2726 3513 2781 καὶ
3571 2725 3828 2801 ἀδρᾶνείαν

2198 2815 2486 2889 ἐπιτηροίη
2517 2832 2532 2847 ·
2565 2815 2654 2869 καὶ
2708 2812 2852 2870 οὕτω
2901 2815 3241 2895 φαρμακεύοι
3280 2815 3370 2869 καὶ
3421 2814 3614 2871 ἰᾶται·
3669 2814 3827 2872 ἓλλεί-

2199 2906 2319 2977 ψεσι
2382 2904 2474 2958 καὶ
2547 2905 2886 2976 προσθήκαις
2961 2905 3299 2983 χρώμενος’
3366 2903 3400 2958 ἃ
3455 2903 3512 2958 ἐν
3568 2904 3828 2978 κεφαλαίῳ

2197 2988 2514 3069 περιλαϐεῖν
2553 2993 2659 3068 οὐχ
2706 2993 2820 3048 οἷόν
2851 3013 2911 3047 τε
2937 2997 3236 3056 κανονικῶς
3268 3010 3282 3026 ο
3316 2993 3390 3056 ὡς
3447 2994 3542 3048 καὶ
3590 2994 3734 3050 αὐτοὶ
3784 2993 3829 3047 οἱ

2201 3084 2347 3157 ἅγιοι
2374 3081 2605 3157 Πατὲρες
2633 3084 2798 3155 ἡμῶν
2829 3081 3116 3157 ὡρίσαντο.

440 3175 543 3248 ris,
577 3181 634 3230 et
667 3193 921 3246 persona
977 3176 1344 3247 qualitatem,
1384 3179 1442 3231 et
1494 3175 1775 3247 temporis
1823 3174 2342 3246 opportunitatem,
2409 3174 2697 3241 habitum,
2747 3173 3004 3243 atl'ectus,
3054 3176 3227 3245 vires,
3274 3171 3834 3247 imbecillitatemque

439 3265 864 3338 contemplatur
895 3282 910 3322 :
944 3272 997 3321 et
1019 3265 1102 3320 sic
1127 3266 1383 3320 remedia
1422 3265 1654 3320 coniicit
1682 3263 2077 3335 adhibetque:
2115 3262 2519 3319 medicamenti
2562 3263 2803 3318 modum
2857 3278 3011 3319 nunc
3057 3277 3277 3334 augens
3327 3280 3481 3320 nunc
3526 3265 3829 3320 minuens:

441 3370 563 3425 quae
596 3373 713 3412 uno
744 3357 929 3428 capite
956 3373 1022 3413 ac
1051 3371 1262 3428 genere
1295 3355 1710 3427 comprehendi
1735 3355 1843 3410 rite
1863 3371 1976 3410 non
2008 3358 2287 3426 possunt:
2312 3353 2797 3424 quemadmodum
2823 3352 2933 3424 ipsi
2966 3365 3194 3425 quoque
3222 3353 3404 3409 sancti
3438 3357 3647 3412 Patres
3664 3351 3830 3411 nostri

441 3444 813 3502 deﬁnierunt.

967 3537 1030 3592 L.
1062 3566 1131 3579 -
1161 3535 1406 3592 Luviano
1438 3537 1574 3607 ﬁlio.

2490 3531 2567 3588 N'.
2607 3563 2677 3575 ——-
2707 3537 3056 3606 Λουκιανῷ
3095 3532 3320 3608 τέκνῳ.
3364 3530 3546 3610 [rw/0‘2]

1248 3653 1536 3703 Pcenitenti
1568 3651 1958 3703 absolutionem
1988 3653 2310 3716 impertitur.
2341 3654 2554 3715 (Baron.
2587 3665 2674 3702 an.
2705 3652 2817 3712 816,
2849 3667 2903 3705 n.
2937 3652 3042 3716 19.)

513 3752 665 3812 Deus
695 3759 889 3813 noster
917 3757 1188 3827 optimus,
1230 3772 1362 3811 cum
1396 3755 1666 3811 humanas
1712 3761 1929 3811 naturae
1974 3755 2088 3810 im-

441 3845 814 3904 becillitatem
849 3846 1090 3911 noverit,
1125 3845 1368 3917 ﬁerique
1410 3846 1698 3900 interdum
1758 3850 1844 3912 ut,
1875 3861 2088 3916 quam-

439 3937 530 3992 vis
552 3936 836 3992 inotienso
869 3937 1013 4007 pede
1041 3933 1490 4007 ingredi‘aliquis
1513 3934 1792 4002 videatur,
1812 3934 1861 3988 is
1888 3938 2082 3989 tamen

441 4027 489 4081 si
520 4026 777 4080 remittat
810 4024 1136 4097 paululum,
1170 4041 1284 4096 quo
1322 4023 1505 4079 nescit
1536 4023 1703 4078 modo
1735 4022 2079 4092 dejiciatur:

439 4116 658 4188 insigni
700 4115 1060 4186 benignitate
1090 4113 1490 4185 paenitentiam
1531 4111 1709 4178 dedit,
1741 4129 1865 4183 quae
1896 4112 2082 4167 homi-

441 4221 574 4260 nem
623 4221 657 4258 a
695 4203 861 4274 lapsu
913 4208 1160 4266 revocet,
1218 4204 1600 4272 restituatque
1658 4201 1718 4256 in
1766 4202 2078 4272 integrum,

440 4293 922 4363 Quandoquidem
958 4292 1141 4363 igitur
1179 4301 1233 4347 et
1297 4290 1442 4362 ipse,
1476 4293 1653 4346 frater
1686 4290 1786 4359 mi,
1819 4289 2082 4345 similiter

437 4382 755 4450 offendisti,
783 4397 850 4437 ac
882 4379 1196 4436 laudabilis
1229 4379 1574 4449 poenitentia:
1626 4385 1857 4452 tempus
1887 4379 2079 4450 exple-

435 4470 544 4539 sti;
582 4470 789 4526 acerbo
818 4470 1001 4524 animi
1040 4470 1258 4535 dolore,
1293 4468 1663 4542 profusisque
1716 4469 1986 4541 lacrymis
2018 4477 2082 4525 ut

434 4562 657 4632 accepi,
677 4565 909 4615 exorato
935 4560 1050 4614 Deo
1077 4574 1092 4627 ;
1123 4575 1278 4614 nunc
1300 4575 1432 4614 vero
1472 4558 1893 4614 absolutionem
1918 4560 2079 4615 efﬂa-

433 4650 580 4721 gitas
613 4666 627 4704 :
661 4648 1256 4720 (l)quemadmodum
1317 4656 1370 4703 et
1419 4647 1488 4703 ab
1550 4664 1850 4704 oeconomo
1908 4653 1964 4704 et
2007 4650 2078 4705 ab

433 4739 716 4794 usconomi
737 4738 953 4794 vicario
985 4738 1379 4809 signiﬁcatum
1412 4736 1554 4791 mihi
1586 4737 1866 4793 estzhanc
1899 4737 2078 4794 habe-

427 4831 488 4883 to
519 4846 551 4883 a
601 4827 866 4895 Domino,
889 4833 948 4882 et
999 4827 1133 4888 eris,
1169 4826 1248 4881 fili
1307 4826 1412 4894 mi,
1442 4827 1512 4881 ab
1554 4825 1832 4882 hodierno
1863 4829 1953 4882 die
1993 4845 2079 4883 sa-

2265 3756 2320 3806 Ὁ
2369 3751 2571 3827 ἀγαθὸς
2628 3755 2791 3826 ἡμῶν
2843 3753 2995 3818 Θεὸς,
3028 3753 3186 3817 εἰδὼς
3239 3755 3302 3811 τὸ
3358 3763 3458 3826 τῆς
3491 3755 3820 3834 ἀνθρωπίνης

2192 3842 2401 3915 φύσεως
2461 3841 2767 3916 εὐόλισθον,
2798 3845 2889 3899 καὶ
2939 3843 3020 3900 ὅτι
3064 3845 3108 3900 εἰ
3139 3844 3230 3900 καὶ
3262 3843 3413 3901 δοκεῖ
3441 3867 3530 3909 τις
3564 3849 3820 3921 κατορθῶν

2187 3933 2530 4008 πορεύεσθαι,
2564 3934 2638 3996 ὡς
2670 3936 2774 3990 οὐκ
2821 3933 2934 3990 οἶδε
2985 3938 3176 4012 μικρὸν
3225 3937 3546 4010 ῥᾳθυμήσας
3609 3940 3819 3994 ὑποσκε-

2189 4019 2433 4090 λίζεταιο
2477 4021 2879 4100 φιλανθρώπως
2967 4022 3281 4100 ἐδωρήσατο
3350 4027 3451 4097 τήν
3533 4028 3820 4100 μετάνοιαν,

2188 4111 2633 4186 ἀνακαλουμένην
2685 4114 2777 4168 τὸν
2835 4113 3116 4190 ἄνθρωπον
3168 4121 3269 4184 τῆς
3322 4117 3610 4187 πτώσεως,
3642 4113 3820 4177 καὶείς

2187 4199 2248 4254 τὸ
2290 4200 2433 4275 ὑγιὲς
2482 4202 2946 4262 ἀποκαθιστῶσαν.
2979 4204 3128 4260 Ἐπεὶ
3178 4203 3270 4260 οὖν
3313 4205 3404 4260 καὶ
3452 4207 3640 4276 αὐτὸς,
3676 4203 3820 4261 ἀδελ·-

2185 4291 2250 4368 φὲ
2302 4310 2430 4364 μου,
2463 4291 2736 4356 πέπονθας
2788 4292 2816 4347 ’ὀ
2875 4296 3164 4362 πὲπονθας,
3198 4295 3288 4350 καὶ
3333 4296 3424 4350 τὸν
3474 4303 3582 4365 τῆς
3612 4293 3821 4365 ἀξιολό-

2183 4399 2282 4453 γου
2317 4379 2604 4452 μετανοίας
2635 4383 2832 4456 καιμὸν
2883 4382 3277 4455 πεπλήρωκας,
3317 4383 3508 4459 πολλῇ
3558 4383 3817 4453 κατανύξει

2181 4469 2270 4524 καὶ
2322 4469 2600 4534 πλείστοις
2640 4469 2913 4546 δάκρυσιν,
2948 4474 3022 4535 ὡς
3071 4474 3300 4546 ἀκήκοα,
3346 4474 3422 4537 ὡς
3472 4473 3820 4546 ἐξιλεωσὰμε-

2180 4579 2268 4620 νος
2299 4559 2392 4614 τὸν
2424 4560 2551 4615 Θεόν
2577 4578 2590 4589 ·
2626 4559 2947 4633 ἐπιζητοίης
2981 4559 3038 4617 δὲ
3083 4561 3204 4638 ἄρτι
3247 4559 3401 4618 λύσιν
3422 4582 3436 4597 ·
3469 4565 3612 4619 καθᾶ
3660 4560 3744 4618 διά
3769 4578 3818 4614 τε

2181 4653 2277 4703 τοῦ
2309 4649 2600 4722 οἰκονόμου
2651 4652 2741 4705 καὶ
2787 4652 2883 4706 τοῦ
2932 4654 3342 4728 παροικονόμου
3400 4650 3661 4724 ἐδηλώθη
3712 4672 3818 4725 μοι.

2183 4736 2282 4809 Εἷ¹η
2317 4759 2399 4793 σοι
2436 4738 2571 4810 αὕτη
2603 4741 2748 4815 παρὰ
2780 4739 2979 4812 Κυρίου
3004 4761 3016 4774 ο
3049 4741 3141 4800 καὶ
3191 4739 3284 4817 ἔσῃ
3328 4742 3581 4818 ὑγιαίνων
3622 4741 3682 4798 ἐκ
3731 4743 3815 4796 τοῦ

2181 4823 2362 4902 δεῦρο,
2411 4829 2494 4883 υἱέ
2553 4851 2678 4900 μου,
2725 4828 2815 4885 καὶ
2875 4830 3083 4908 χαίρων
3140 4830 3195 4887 ἐν
3250 4835 3493 4906 Χριστῷ,
3555 4831 3644 4888 καὶ
3711 4848 3816 4885 κατ-

428 4933 562 4981 nus,
595 4917 653 4972 in
686 4917 916 4972 Christo
948 4917 1235 4987 gaudens,
1268 4924 1322 4972 et
1353 4915 1410 4970 in
1445 4915 1570 4986 ipso
1593 4933 1866 4987 prospere
1895 4917 2070 4973 vitam

2194 4914 2536 4991 ευοδούμενος
2615 4918 2669 4974 ἐν
2744 4919 2934 4992 αὐτῷ·
3001 4923 3198 4994 μηκέτι
3259 4923 3587 4998 συμπίπτειν
3647 4919 3815 4982 διδους

425 5022 624 5078 agens,
660 5011 721 5061 ut
751 5023 822 5062 ne
854 5007 1094 5078 posthac
1117 5005 1354 5062 decidas
1373 5004 1625 5077 obligata
1659 5006 1897 5062 Domino
1931 5007 2065 5076 ﬁde,

429 5097 525 5152 sed
560 5111 660 5166 pro
700 5094 827 5166 ipso
847 5099 1108 5150 mortem.
1127 5094 1324 5162 obeas,
1345 5095 1837 5165 quemadmodum
1861 5101 1917 5150 et
1946 5097 2068 5167 ipse

425 5201 528 5253 pro
586 5189 641 5239 te
691 5183 946 5254 pertulit.
981 5187 1163 5239 Antea
1222 5184 1396 5252 igitur
1446 5198 1545 5252 per
1598 5181 1820 5238 litteras
1845 5183 2070 5252 ejulans

423 5273 872 5345 indignuslicet,
897 5275 980 5330 sic
1001 5282 1054 5330 te
1073 5272 1501 5346 compellabam
1529 5287 1542 5326 :
1567 5271 1759 5341 Adam,
1792 5274 1888 5329 ubi
1905 5291 1959 5330 es
1981 5274 2025 5309 ‘9
2042 5275 2070 5330 Ῡ

492 5398 537 5435 ⁸⁸
567 5398 615 5456 II
642 5399 809 5457 Joan.
844 5401 928 5456 10.
1005 5402 1052 5438 ⁸ο
1079 5401 1222 5457 Gen.
1252 5415 1338 5466 ιιι,
1360 5399 1416 5454 9.

2179 5003 2368 5082 ἐγγύας
2403 5011 2484 5079 τῷ
2525 5008 2960 5086 Δεπότῃμὶλλᾶ
3015 5014 3263 5084 θνήσκειν
3324 5013 3455 5089 ὑπὲρ
3521 5012 3705 5082 αὐτοῦ,
3742 5010 3810 5070 ὡς

2175 5097 2262 5150 καὶ
2327 5097 2490 5151 αὐτὸς
2551 5098 2684 5151 ὑπὲρ
2743 5121 2838 5151 σου
2895 5095 3078 5151 ἔπαθε-
3113 5104 3380 5151 [latinam
3439 5105 3534 5151 μὶν
3591 5102 3684 5151 οὖν
3733 5098 3804 5151 διᾶ

2251 5104 2262 5150 ἰ
2327 5104 2490 5159 αὐτὸς
2551 5104 2684 5175 ὑπὲρ
2743 5121 2838 5154 σου
2895 5104 3079 5162 ἔπαθε.
3112 5104 3380 5178 Πρότερον
3437 5105 3534 5177 μὶν
3591 5104 3684 5158 οὖν
3733 5104 3814 5155 διὰ

2177 5186 2506 5260 γράμματος
2539 5190 2566 5243 ὁ
2597 5189 2806 5260 ἀνάξιος
2866 5188 3287 5268 κλαυθμυρικῶς
3318 5189 3658 5270 ἕφθεγξάμην
3688 5191 3813 5262 πρὶς

2178 5275 2264 5332 σέο
2291 5272 2523 5353 ’Δδὰμ,
2556 5283 2680 5335 ποῦ
2713 5280 2807 5350 si;
2829 5281 2930 5352 τὴν
2963 5281 3109 5338 θείαν
3131 5285 3315 5358 φωνὴν
3346 5283 3619 5340 ὑπειπών*
3649 5278 3735 5336 διὰ
3760 5278 3815 5333 τὸ

1998 5493 2233 5554 NOTAE.

490 5601 566 5672 (4)
595 5601 761 5682 quae
787 5599 1235 5682 absolutionem,
1269 5596 1510 5682 minime
1556 5599 2035 5682 sacramentalem
2070 5605 2319 5679 explicat
2356 5606 2522 5666 Joan.
2557 5601 2858 5680 Jejunator
2905 5605 2962 5667 in
3015 5605 3212 5671 libello
3251 5609 3629 5671 Pwnilentialc‘
3669 5605 3806 5682 apud

417 5670 589 5732 Joan.
621 5673 912 5732 Morinum
944 5674 1004 5729 in
1036 5672 1438 5730 Commentario
1461 5670 1528 5729 de
1547 5675 1897 5734 Pwm'tentz'a.
