4062 6280
232 355 386 433 laet
1518 361 2075 432 EPISTOLABUM
2120 357 2269 429 LIB.
2312 362 2390 427 II.
3479 365 3632 427 1262

221 504 274 578 ιε
316 505 534 580 ὑψηλοῦ
581 520 639 560 σε
690 504 812 581 βίου
857 496 1015 561 οἱεναῖ
1059 496 1479 580 παραδεισιακοῦ
1526 503 1911 571 ἐκπεπωκὲη

2026 502 2084 559 ’θὶ
2108 516 2303 558 vocem
2337 499 2658 569 inculcans,
2692 501 2846 574 quod
2879 518 2946 557 ex
2975 500 3216 558 sublimi
3255 504 3385 557 vitae
3423 518 3634 574 genere

227 612 336 650 ναι.
366 598 480 650 Νῦν
529 593 585 650 δὲ
639 595 929 669 ἀναγκαῖον
980 592 1369 666 ἀποτολμῆσαί
1403 613 1468 667 με
1522 594 1614 648 τὸν
1670 591 1879 647 τάλανα

2026 607 2254 662 inquam
2289 609 2356 647 ex
2388 590 2652 662 paradiso
2688 591 3203 648 exoidisses.Nunc
3227 609 3359 649 vero
3393 609 3637 648 necesse

226 683 321 737 καὶ
353 682 522 738 εἷπεῖν
555 704 567 717 ⁸
587 682 797 760 Εἰρήνη
826 696 934 754 σοι,
957 684 1178 753 ἀνάστα,
1201 682 1439 757 Χριστὸς
1466 681 1676 737 κελεύει
1709 700 1721 714 ·
1759 681 1879 750 ζῆθι

2026 688 2074 738 st
2132 681 2407 737 miserum
2469 696 2560 737 me
2609 683 2887 737 audacter
2932 697 2998 737 ac
3046 680 3224 737 libere
3257 683 3485 738 dicere:
3520 684 3639 737 Pax

230 772 309 835 εις
338 772 533 830 etiam.
1988 769 2093 826 tibi
2125 786 2138 826 :
2182 785 2450 843 exsurge,
2482 770 2744 827 Christus
2768 772 2939 842 jubet
2965 770 3026 827 in
3058 777 3338 827 aeternum
3370 772 3516 831 vive.

324 899 451 956 NA'.
483 931 551 944 -—
582 893 960 973 Ἀλϐενὲκᾳ
997 895 1584 974 πρωτοσπαθαρίᾳ.
1618 894 1793 970 [τνζ.]

2310 897 2401 953 Ll.
2443 927 2513 938 —
2542 897 2824 955 Albenecae
2851 899 3342 971 protospatharz‘ae.

792 1038 1119 1089 Renuntiare
1149 1037 1345 1087 saeculo
1376 1036 1678 1099 cupientem
1705 1033 1861 1083 docet
1894 1045 2002 1095 quo
2032 1038 2185 1095 pacto
2216 1032 2271 1082 id
2301 1032 2589 1097 impetrare
2618 1049 2649 1085 a
2676 1034 2865 1086 marito
2900 1037 3086 1098 possit.

2068 1133 2156 1189 Me
2185 1133 2386 1189 litterae
2402 1134 2719 1191 nobilitatis
2744 1145 2854 1191 tuae
2877 1132 3030 1191 haud
3057 1135 3423 1192 mediocriter
3441 1150 3642 1208 percu-

1995 1221 2112 1278 lere
2146 1239 2159 1278 :
2194 1228 2333 1279 sunt
2362 1224 2517 1279 enim
2549 1229 2668 1279 tam
2711 1223 2981 1295 religioso
3012 1226 3190 1280 animi
3226 1226 3431 1280 affectu
3459 1226 3645 1280 dicta-

1994 1317 2065 1367 ιω
2099 1320 2214 1368 tam
2250 1313 2454 1368 intimo
2489 1313 2565 1385 pii
2600 1313 2816 1370 doloris
2866 1329 3038 1370 sensu
3098 1317 3398 1380 confectae,
3434 1319 3499 1370 ut
3548 1315 3650 1370 iis-

1996 1403 2129 1458 dem
2162 1404 2371 1459 iterum
2400 1404 2667 1474 perlectis
2696 1405 2753 1459 in
2800 1405 2951 1460 hanc
2996 1404 3246 1474 denique
3287 1420 3480 1461 vocem
3512 1421 3640 1459 eru-

1998 1493 2181 1564 perim
2210 1508 2223 1548 :
2257 1498 2392 1560 Quae
2424 1498 2478 1548 et
2504 1493 2712 1564 qualis,
2740 1497 2796 1549 et
2818 1500 3037 1564 quanta
3055 1496 3251 1549 anima
3282 1499 3389 1559 est,
3416 1511 3544 1564 quae
3567 1496 3638 1549 ad

1998 1598 2090 1638 me
2149 1583 2439 1637 infelicem
2489 1584 2600 1639 ista
2649 1583 2999 1654 perscribit?
3059 1582 3127 1639 Ut
3190 1599 3319 1639 vero
3394 1584 3649 1638 nuntiata

1997 1676 2137 1729 sunt
2166 1672 2307 1727 mihi
2332 1690 2365 1727 a
2396 1671 2696 1728 tabellario
2726 1688 2790 1726 ea
2821 1688 2944 1741 qua:
2970 1673 3096 1729 viva
3145 1688 3281 1728 voce
3324 1678 3387 1728 ut
3418 1687 3643 1727 mecum

310 1135 539 1207 Ἐξένισέ
573 1154 639 1210 με
669 1137 731 1191 τὸ
758 1137 986 1211 γράμμα
1022 1144 1124 1206 τῆς
1175 1134 1444 1213 εὒγενείας
1489 1150 1584 1189 σου
1617 1133 1713 1188 οὐκ
1761 1130 1884 1187 ὀλί-

234 1244 375 1302 γον·
426 1223 571 1280 οὕτω
633 1224 729 1299 μὶν
785 1222 844 1279 ἑκ
902 1223 1159 1301 φιλοθὲου
1205 1222 1431 1296 καρδίας
1477 1221 1837 1297 ὑπαγορευθὲν
1868 1236 1883 1253 ⁸

240 1316 386 1370 οὕτω
452 1312 510 1369 δὲ
568 1315 672 1370 ὑπὸ
736 1315 1200 1388 συντετριμμένης
1257 1315 1347 1369 καὶ
1414 1309 1887 1385 τεταπεινωμένης

240 1401 528 1466 διαθέσεως
554 1405 797 1479 πραχθὲν
831 1422 846 1437 ⁸
881 1404 1021 1458 ὥστε
1050 1400 1250 1465 δῖςοέπῖ
1310 1403 1372 1458 τὸ
1421 1398 1550 1457 muto
1594 1400 1887 1477 ἀναγνόντα

240 1513 309 1566 με
339 1491 633 1567 ἐπιλέγειν,
662 1492 752 1554 Τίς
782 1493 870 1547 καὶ
907 1493 1069 1547 ὁποία
1100 1493 1188 1547 καὶ
1221 1491 1390 1562 ἡλίκη
1424 1493 1459 1561 ἡ
1512 1491 1663 1567 ψυχὴ
1724 1490 1885 1559 αὕτη,

236 1582 272 1650 ἠ
304 1583 473 1636 ταῦτα
512 1579 855 1658 φθεγγομένη
909 1580 1046 1656 πρός
1099 1601 1166 1654 με
1213 1581 1304 1635 τὸν
1356 1578 1753 1649 ταλαίπωρον;
1809 1578 1885 1637 ὡς

235 1668 295 1726 δὲ
350 1670 439 1727 καὶ
491 1672 637 1746 παρὰ
699 1674 796 1725 τοῦ
850 1672 1331 1750 γραμματηφόρου
1445 1668 1725 1747 ἀνηγγέλη
1789 1688 1887 1742 μοι

235 1755 372 1835 ἅπερ
430 1761 577 1834 ζώσῃ
644 1764 796 1836 φωνῇ
877 1762 1115 1832 παρέθου
1182 1759 1332 1834 αὐτῷ
1399 1760 1622 1831 ἐξειπεῖν
1675 1774 1690 1792 ⁸
1765 1759 1890 1814 τότε

2026 1763 2094 1820 lle
2143 1763 2601 1820 communicaret
2634 1763 2960 1832 mandasti;
3004 1768 3143 1819 tunc
3181 1764 3647 1838 veronobstupui

233 1848 327 1903 καὶ
387 1849 598 1922 μᾶλλον
667 1851 910 1925 ἠγάσθην
968 1849 1113 1921 λίαν,
1170 1849 1263 1905 καὶ
1320 1846 1548 1918 ἐδόξασα
1604 1848 1695 1902 τὸν
1753 1848 1888 1923 ἁγα-

2026 1853 2185 1909 nulto
2223 1852 2650 1921 vehementius,
2684 1857 2741 1908 et
2774 1853 3000 1908 laudavi
3036 1854 3214 1909 Deum
3250 1860 3513 1911 nostrum
3539 1873 3641 1926 op-

236 1939 329 1994 θὸν
378 1940 542 2011 ἡμῶν
604 1940 752 2010 θεὸν,
807 1940 867 2002 ’ὸς
926 1938 1197 1995 ἐνέπνευσὲ
1279 1958 1363 1994 σοι
1439 1942 1688 1993 τοιοῦτον
1774 1935 1886 1993 διαί

2029 1945 2209 1999 imum
2236 1942 2337 2016 qui
2368 1942 2480 1997 tale
2510 1942 2613 1997 tibi
2656 1944 3018 2013 propositum
3052 1943 3109 1999 in
3144 1950 3395 2000 mentem
3429 1945 3647 2024 injecit,

238 2028 535 2105 λογισμέν,
591 2030 681 2084 καὶ
738 2028 815 2092 εἰς
892 2025 1050 2107 ἔργον
1127 2029 1293 2099 αὐτὴν
1376 2034 1704 2105 προαγαγεῖν
1790 2026 1884 2106 ἄφ-

2026 2036 2262 2104 demque
2292 2038 2346 2089 te
2381 2030 2715 2104 perficiendi
2740 2032 3053 2103 cupiditate
3085 2033 3359 2090 incendit.

245 2136 484 2191 ιεμενην.

318 2206 477 2284 Μέγα
502 2211 792 2282 τοιγαροῦν
818 2208 883 2263 τὸ
923 2207 1079 2283 ἔργον
1110 2206 1141 2263 b'
1179 2205 1543 2277 ἐπεπόθησας,
1589 2206 1768 2282 κυρία,
1802 2200 1891 2261 καὶ

242 2302 353 2354 τῶν
403 2295 746 2353 δυσανύστων
778 2315 792 2332 ⁸
828 2297 890 2352 οὐ
943 2300 1107 2372 μόνον
1156 2296 1245 2353 διὰ
1293 2300 1355 2353 τὸ
1409 2297 1621 2372 ὑψηλὸν
1665 2298 1755 2353 καὶ
1807 2297 1896 2352 οό-

250 2386 431 2462 ράνιον
466 2391 564 2442 τοῦ
590 2386 709 2462 βίου
731 2383 908 2459 (οὐδὲν
932 2389 1038 2463 γὰρ
1069 2386 1212 2443 ἄλλο
1259 2389 1293 2457 ἡ
1343 2389 1611 2463 ἆποταγὴ,
1646 2387 1680 2462 ᾖ
1740 2407 1897 2442 σταυ-

249 2479 347 2551 ροῦ
403 2476 491 2530 καὶ
542 2472 768 2531 θανάτου
817 2472 1121 2553 ἐπαγγελία
1173 2478 1253 2549 τῷ
1309 2497 1373 2552 γε
1420 2475 1695 2547 ἀληθινῶς
1731 2476 1894 2552 μανά-

249 2570 445 2638 σαν-τι),
478 2564 623 2620 ἀλλὰ
652 2566 742 2620 καὶ
773 2563 862 2619 διὰ
891 2565 952 2621 τὸ
985 2561 1223 2621 δεδέσθαι
1256 2585 1314 2621 σε
1343 2564 1497 2641 ἃνδρί
1530 2587 1542 2599 ·
1579 2565 1742 2641 οὗπερ
1788 2567 1900 2643 οὐχ

249 2648 327 2719 ὥς
357 2651 547 2735 ἔτυχεν
571 2651 684 2711 ἴστι
721 2648 1131 2732 διαζευχθῆναι,
1170 2655 1259 2713 διὰ
1288 2659 1349 2713 τὸ
1401 2658 1762 2715 θεοσύναπτόν
1814 2678 1898 2713 σοι

254 2738 392 2801 εἶναι
433 2743 719 2817 δηλονότι.
777 2746 866 2809 Τίς
922 2746 1015 2801 οὖν
1072 2748 1483 2822 ἀποσυνάψειεν,
1525 2750 1560 2819 ἢ
1621 2745 1837 2818 δηλαδή
1873 2748 1900 2804 ὁ

255 2836 510 2910 συνάψας,
569 2831 657 2891 Eni
714 2835 935 2909 μείζονα
992 2837 1329 2912 ἠπειγμὲνην
1393 2835 1678 2911 προελθεῖν
1744 2835 1903 2892 πολί-

259 2922 403 2980 τείαν
439 2944 453 2995 ;
488 2929 579 2980 Δεῖ
636 2923 728 2979 οὖν
787 2926 1029 2999 καθάπερ
1077 2927 1112 2995 ἡ
1164 2923 1395 2999 διαταγὴ
1426 2929 1522 2980 τοῦ
1557 2925 1708 3001 ἁγίου
1742 2934 1902 2981 Βασι-

259 3012 412 3069 λείου
443 3019 660 3088 πρῶτον
692 3014 760 3069 τὰ
806 3012 942 3089 πρδς
985 3014 1077 3069 τὸν
1118 3014 1391 3089 ὁμόζυγον
1416 3016 1472 3069 εὗ
1505 3013 1801 3073 διαθέσθαι.
1841 3015 1906 3073 Τί

255 3106 471 3172 τοῦτο;
532 3104 955 3179 Ἀπογυμνῶσαι
1010 3103 1100 3158 τὸν
1157 3102 1425 3179 λογισμὸν
1480 3111 1582 3173 τῆς
1629 3104 1858 3184 ἐφέσεως
1888 3122 1903 3141 ⁸

258 3192 538 3267 ὕποδεῖξαι
595 3196 657 3249 τὸ
710 3197 807 3249 τοῦ
862 3194 1073 3267 κόσμου
1126 3194 1353 3267 μάταιον
1409 3194 1498 3250 καὶ
1577 3193 1905 3269 όνειρῶδεςδ

2071 2214 2347 2286 Magnum
2402 2212 2603 2283 utique
2652 2210 2929 2284 quiddam
2991 2217 3081 2268 est
3130 2214 3286 2284 quod
3334 2211 3645 2285 expetiisli,

2001 2304 2263 2370 domina,
2296 2307 2351 2359 et
2392 2304 2662 2370 arduum,
2706 2319 2819 2357 non
2869 2302 3038 2358 modo
3108 2308 3340 2373 propter
3398 2303 3649 2359 caelestis

2004 2394 2183 2463 huius
2226 2394 2347 2448 vitae
2381 2392 2843 2459 sublimitatem;
2882 2390 3027 2446 nihil
3059 2391 3210 2446 enim
3241 2391 3396 2446 aliud
3438 2409 3650 2447 renun-

2006 2483 2172 2538 tiatio
2229 2488 2337 2548 est,
2397 2495 2575 2553 quam
2635 2481 2824 2536 crucis
2897 2495 2963 2536 ac
3031 2482 3234 2536 mortis
3289 2481 3651 2536 denuntiatio

2008 2572 2060 2627 ei
2118 2573 2211 2641 qui
2267 2587 2397 2626 vere
2438 2571 2756 2626 monachus
2813 2571 2942 2636 sit;
3013 2584 3211 2624 verum
3270 2572 3443 2625 etiam
3495 2572 3650 2641 quod

2012 2664 2094 2718 sis
2119 2676 2250 2716 cum
2283 2661 2405 2715 viro
2422 2661 2710 2730 copulata,
2736 2676 2765 2713 a
2790 2675 2904 2731 quo
2935 2657 3129 2714 divelli
3179 2674 3449 2730 magnum
3476 2675 3650 2730 uego-

2011 2751 2156 2806 tium
2188 2757 2291 2817 est,
2337 2754 2640 2820 propterea
2672 2747 2828 2820 quod
2876 2748 3082 2803 ambos
3142 2748 3409 2803 videlicet
3458 2763 3657 2803 conso-

2014 2838 2248 2894 ciaverlt
2278 2838 2427 2893 Deus
2474 2836 2541 2891 ⁵ο.
2570 2838 2708 2902 Quis
2740 2851 2875 2910 ergo
2930 2835 3270 2908 disjunget?
3304 2838 3431 2908 Ipse
3481 2836 3658 2891 nimi-

2016 2941 2141 2983 rum
2176 2928 2275 2998 qui
2307 2924 2628 2996 conjunxit,
2664 2925 2763 2997 qui
2798 2926 3066 2997 progredi
3098 2926 3241 2991 cogit
3273 2927 3337 2980 ad
3373 2920 3673 2997 praestan€

2015 3017 2133 3072 tius
2195 3018 2319 3070 vitae
2364 3014 2721 3071 institutum.
2756 3013 2998 3070 Necesse
3045 3020 3132 3069 est
3172 3014 3369 3086 igitur,
3401 3029 3467 3069 ex
3515 3030 3655 3085 pm-

2020 3107 2237 3178 scripto
2269 3105 2455 3160 sancti
2490 3103 2704 3163 Basilii.
2737 3118 2804 3159 ea
2828 3103 3081 3173 primum
3123 3119 3247 3175 qua:
3278 3105 3346 3158 ad
3386 3103 3657 3158 maritum

2022 3200 2284 3268 spectant
2342 3200 2494 3249 recte
2538 3195 2826 3263 componi.
2877 3194 3022 3259 Quid
3100 3195 3254 3249 istud
3314 3193 3456 3250 est?
3514 3193 3664 3257 Quid

257 3282 340 3345 ὡς
372 3281 527 3338 οὐδὲν
561 3284 792 3356 μόνιμον
826 3284 877 3339 ἐν
916 3283 1084 3355 αὐτῷ,
1117 3282 1261 3339 ἀλλά
1289 3283 1636 3359 παρατρέχον
1681 3283 1778 3340 *ίσα
1823 3286 1911 3339 καὶ

2029 3284 2253 3341 consilii
2289 3282 2533 3355 ceperis,
2564 3284 2784 3355 aperire
2818 3297 2831 3337 :
2865 3299 3038 3354 quam
3071 3284 3191 3338 sint
3230 3300 3321 3338 res
3355 3283 3663 3337 mundana:

268 3377 472 3441 σκιαῖς,
532 3368 628 3426 κᾶν
680 3372 974 3448 περιχαρὲς
1032 3392 1109 3444 τι,
1166 3372 1263 3427 κᾶν
1343 3372 1761 3443 ἀπολαυστικὸν,
1816 3371 1912 3427 κᾶν

267 3456 611 3527 πολύολϐον,
642 3459 736 3516 κᾶν
784 3458 1060 3531 ἐνήδονον,
1109 3458 1204 3516 κᾶν
1263 3461 1515 3536 βασιλεία
1561 3460 1722 3533 αὐτή.
1773 3462 1916 3517 Ὠσεί

272 3549 433 3612 ἄνθος
458 3550 561 3624 γὰρ
589 3554 690 3604 τοῦ
721 3548 888 3625 ἀγροῦ
917 3550 1092 3606 πάντα
1129 3550 1443 3628 ἀφίπταται.
1501 3551 1601 3607 Καὶ
1651 3550 1710 3606 οὐ
1754 3555 1916 3606 τοῦτο

190 3664 193 3665 ν
276 3638 444 3713 μόνον
479 3657 493 3671 ⁸
527 3635 671 3693 ἀλλὰ
708 3638 798 3693 καὶ
847 3644 1020 3714 κρῖμα
1061 3639 1430 3713 ἀπαραίτητον
1462 3640 1550 3695 ἐπὶ
1589 3644 1697 3695 τῶν
1746 3659 1919 3715 προσ-

272 3728 461 3787 παθῶς
490 3727 769 3797 ζησάντων
800 3724 853 3781 ἔν
900 3732 978 3799 τῷ
1024 3727 1252 3799 παρόντι
1300 3726 1481 3793 αἲῶνι,
1521 3728 1611 3783 καὶ
1659 3730 1733 3801 μή
1783 3729 1919 3783 κατά

271 3816 371 3878 τὰς
422 3813 649 3877 ἐντολὰς
693 3820 791 3872 τυῦ
839 3820 1084 3890 Χριστοῦ
1119 3834 1133 3850 ⁸
1186 3817 1318 3890 ὅπερ
1375 3814 1606 3892 ἱργῶδες
1644 3817 1918 3874 ἐκτελέσαι

271 3905 327 3960 ὲν
355 3906 434 3978 τῷ
472 3909 641 3975 κοινῷ
705 3905 828 3980 βίῳ.
860 3909 1028 3960 Ταῦτο
1090 3905 1356 3975 λάλησον,
1399 3907 1797 3980 παρακάλεσον,
1831 3908 1917 3964 ἐκ·

276 3993 537 4067 μείλιξαι,
589 3996 663 4056 ὡς
721 3993 778 4049 ἂν
830 3994 1067 4057 πείσειας
1135 3995 1298 4051 αὐτὸν
1354 3998 1778 4070 συναιρήσασθαί
1835 4019 1921 4052 σοι

271 4085 365 4139 τὸν
401 4085 599 4140 σκοπὸν
634 4092 731 4154 τῆς
760 4084 1041 4161 ἀποταγῆς
1074 4102 1087 4117 ⁸
1122 4086 1192 4139 Τί
1221 4085 1340 4160 γὰρ
1374 4082 1579 4155 οἶδας,
1612 4086 1766 4161 φησὶ,
1819 4088 1923 4160 γύ-

270 4194 399 4243 ναι,
451 4172 505 4227 εἰ
560 4173 670 4228 τὸν
714 4168 921 4248 ἄνδρα
968 4173 1245 4243 σώσειςς
1282 4174 1379 4230 Καὶ
1410 4177 1571 4229 τοῦτο
1604 4175 1688 4230 ἐπὶ
1723 4180 1922 4250 χρόνον

273 4266 476 4323 ἱκανόν.
512 4266 617 4321 Καὶ
649 4266 694 4320 εί
729 4266 823 4340 μὲν
859 4264 1188 4337 συνέλθοιεν,
1220 4264 1276 4321 εὖ
1308 4264 1368 4320 ἂν
1396 4262 1517 4343 ἔχοι
1550 4280 1567 4300 ⁸
1622 4266 1668 4322 εἰ
1713 4264 1769 4323 δὲ
1823 4270 1923 4341 μὴ,

276 4355 403 4410 τότε
431 4353 480 4409 εἰ
509 4358 765 4410 τοσοῦτον
804 4354 1028 4410 ἀνάπτει
1073 4370 1130 4409 σε
1178 4356 1207 4410 ὁ
1260 4360 1394 4411 Θεοῦ
1442 4356 1633 4429 πόθος,
1673 4357 1929 4430 πράττεις

277 4445 350 4500 τὰ
405 4441 629 4518 δόξαντά
673 4464 780 4515 σοι,
812 4446 903 4500 καὶ
965 4446 1041 4519 μὴ
1094 4444 1567 4520 βουλομένουστοῦ
1635 4447 1929 4524 ὁμόζυγος.

280 4531 462 4606 ’Δλλ’,
494 4532 568 4596 ὡς
598 4535 952 4610 προείρητηι,
985 4533 1367 4606 δυσεξάνυστον
1413 4537 1476 4591 τὸ
1523 4539 1747 4611 πρᾶγμα
1778 4555 1792 4571 ⁸
1838 4535 1930 4590 καὶ

286 4621 526 4695 μάλιστα
554 4621 610 4679 ἐν
642 4628 760 4687 ταῖς
785 4626 883 4679 τοῦ
915 4617 1162 4699 διωγμοῦ
1208 4625 1446 4699 ἡμέραις
1468 4642 1483 4657 ⁸
1533 4626 1621 4680 καὶ
1675 4626 1759 4680 ὅτι
1798 4624 1929 4700 οὐχί

277 4717 528 4788 τυχοῦσα
572 4712 735 4783 αὐτὴ,
765 4707 912 4769 ἀλλᾶ
968 4718 1075 4769 τῶν
1122 4713 1526 4790 ὑπερεχουσῶν,
1573 4712 1664 4769 καί
1712 4733 1772 4791 γε
1817 4718 1926 4769 τῶν

282 4801 555 4876 συναίμων
615 4805 685 4877 τῇ
758 4801 1147 4878 βασιλευούσῃ.
1204 4805 1317 4880 Ἐφ’
1377 4805 1422 4876 ᾧ
1486 4805 1575 4858 καὶ
1637 4806 1929 4875 θαυμάζειν

260 4889 393 4949 ’ἔστί
422 4910 541 4953 πως
570 4888 622 4947 ἒν
678 4895 747 4967 τῇ
793 4892 926 4969 ἄγαν
981 4891 1198 4965 εὐδοξίᾳ
1244 4896 1341 4949 τοῦ
1386 4888 1521 4968 τῇδε
1554 4896 1697 4969 βίου,
1727 4894 1927 4966 ταύτην

282 4978 719 5058 βδελυσσομάνη,
768 4983 868 5052 τὴν
933 4983 1256 5039 ταπείνωσιν
1328 4986 1574 5057 Χριστοῦ
1645 4982 1929 5045 ἐπιποθσῖς

278 5069 615 5129 ἐνδύσοσθαι.
658 5070 979 5148 Εὐλογητὸς
1029 5072 1227 5145 Κύριος
1272 5073 1302 5127 ὁ
1350 5071 1492 5127 οὕτω
1550 5073 1749 5128 πείθων
1781 5084 1797 5105 ⁸
1840 5071 1930 5127 καὶ

279 5163 385 5242 γὰρ
443 5165 580 5237 πρὸς
636 5164 740 5233 τήν
796 5164 900 5218 τοῦ
942 5168 1078 5219 Θεοῦ
1110 5160 1266 5231 δόξαν
1291 5162 1365 5223 ὡς
1392 5162 1615 5232 ἀληθῶς
1647 5161 1932 5239 βδέλυγμα

276 5253 394 5308 ἆστι
439 5252 506 5308 τὰ
556 5245 744 5321 ἔνδοξα
790 5256 885 5307 τοῦ
940 5251 1171 5325 ματαίου
1221 5249 1363 5327 βίου.
1410 5250 1583 5325 Ἐχου
1630 5254 1806 5307 τοίνυν
1834 5256 1932 5307 τοῦ

279 5340 585 5400 καλλίστου
634 5342 757 5417 βίου
808 5356 924 5397 σου.
975 5341 1191 5401 ’Δκούω
1248 5342 1355 5417 γὰρ
1406 5341 1492 5395 οἷα
1532 5343 1884 5419 ἀγαθουργεῖς
1914 5359 1931 5376 ⁸

281 5433 524 5496 καὶπῶς
555 5432 820 5509 ἀφιεμένη
869 5432 966 5494 τὰς
1019 5431 1309 5507 βασιλικὰς
1358 5424 1662 5505 διατριϐὰς,
1718 5432 1935 5509 σχολά-

287 5527 398 5594 ζεις
452 5521 506 5578 ἐν
552 5522 716 5595 ἑαυτῇ
764 5520 855 5577 καὶ
904 5520 957 5577 tv
1010 5519 1257 5602 ἀγαθοῖς.
1291 5518 1447 5578 ’Ἐστι
1495 5521 1599 5599 γὰρ
1641 5521 1731 5577 καὶ
1774 5523 1827 5578 ἐν
1856 5527 1935 5596 τῷ

360 5702 632 5774 “Matth,
660 5718 775 5776 xiv,
802 5704 856 5763 6.
934 5702 978 5740 δι
1013 5707 1037 5758 Ι
1067 5701 1194 5760 Cor.
1218 5716 1316 5771 vn,
1352 5703 1435 5759 16.

2026 3376 2230 3432 inanes
2260 3388 2325 3428 ac
2356 3372 2567 3427 somnii
2616 3370 2857 3433 similes.
2893 3386 3204 3443 suggerere
3236 3386 3251 3426 :
3286 3378 3349 3426 ut
3396 3372 3537 3428 nihil
3574 3371 3665 3426 hic

2025 3462 2617 3530 ﬁxumsitacstabile,
2650 3462 2793 3517 nihil
2818 3478 2931 3518 non
2966 3462 3147 3517 instar
3178 3460 3399 3517 umbrae
3440 3465 3667 3532 praeter-

2026 3553 2170 3618 iens,
2204 3553 2574 3624 quantumvis
2606 3552 2927 3623 jucundum
2974 3551 3113 3607 illud
3175 3561 3519 3624 gratumque
3567 3550 3664 3614 sit.

2029 3643 2461 3716 quantumlibet
2493 3642 2786 3697 felicitatis
2809 3642 3007 3697 afferat
3045 3658 3108 3696 ac
3135 3643 3464 3712 voluptatis,
3496 3644 3577 3694 vel
3615 3643 3663 3697 si

2029 3737 2285 3806 potestas
2343 3731 2499 3803 regia
2557 3732 2753 3786 fuerit.
2789 3730 2927 3787 Nam
2978 3730 3134 3786 velut
3171 3730 3276 3787 ﬂos
3310 3733 3429 3803 agri
3469 3730 3667 3784 omnia

2030 3828 2405 3879 eVanescunt.
2448 3821 2645 3894 Neque
2693 3821 2801 3877 hoc
2856 3822 3087 3877 solum:
3119 3823 3213 3877 sed
3283 3830 3337 3877 et
3378 3822 3669 3891 judicium

2028 3913 2387 3971 inexorabile
2417 3913 2525 3967 erit
2554 3928 2779 3975 eorum,
2805 3913 2905 3983 qui
2938 3912 2994 3965 in
3023 3913 3286 3982 praesenti
3311 3926 3427 3965 aevo
3448 3910 3670 3967 vitiosis

2032 4002 2332 4059 affectibus
2362 3999 2653 4071 inquinati
2685 3999 2952 4063 vixerint,
2980 4014 3082 4053 nec
3105 3999 3424 4053 secundum
3457 3997 3671 4052 Christi

2033 4100 2314 4163 prmcepta
2350 4107 2363 4145 :
2397 4091 2452 4143 id
2486 4091 2637 4160 quod
2674 4088 3009 4156 perdillicile
3039 4094 3127 4142 est
3154 4088 3210 4142 in
3246 4087 3502 4142 saeculari
3535 4090 3668 4142 vita.

2035 4181 2431 4251 Haecloquere,
2457 4180 2786 4245 adhortare,
2805 4178 3111 4232 verborum
3140 4176 3417 4232 blanditia
3440 4176 3674 4243 adhibe,

2035 4272 2103 4325 ut
2158 4269 2415 4324 animum
2466 4264 2515 4321 is
2546 4266 2784 4322 inducat
2814 4266 3265 4321 renuntiationis
3315 4266 3672 4337 propositum

2036 4374 2153 4415 una
2209 4363 2401 4414 tecum
2461 4355 2757 4426 amplecti.
2795 4355 3106 4412 Undeentm
3128 4356 3251 4423 scis,
3295 4355 3510 4428 inquit,
3558 4370 3677 4409 mu-

2039 4448 2167 4515 lier,
2198 4449 2248 4502 .ςί
2274 4448 2458 4502 virum
2487 4447 2700 4502 salvum
2727 4446 2893 4514 facies
2921 4444 2965 4481 ⁵¹
2990 4447 3018 4500 ?
3047 4445 3113 4500 Et
3151 4445 3307 4500 istud
3341 4446 3410 4500 ad
3444 4450 3677 4514 tempus

2044 4538 2186 4594 satis
2218 4541 2328 4592 est.
2360 4537 2439 4592 Ac
2470 4537 2517 4591 si
2559 4536 2795 4607 qvidem
2828 4534 2923 4591 ille
2953 4536 3335 4600 consenserit,
3368 4536 3519 4591 belle
3572 4535 3678 4589 ha-

2044 4627 2175 4682 bet:
2209 4626 2300 4681 siu
2332 4626 2548 4692 minus,
2583 4632 2721 4679 tunc
2750 4624 2793 4679 si
2826 4627 2883 4680 te
2916 4624 3017 4680 Dei
3040 4629 3238 4680 tantus
3273 4639 3440 4680 amor
3476 4625 3676 4679 incen-

2045 4715 2151 4782 dit,
2171 4714 2227 4769 id
2251 4713 2465 4770 el‘iicies
2491 4714 2644 4786 quod
2676 4713 2908 4768 libitum
2932 4713 3167 4780 erit,vel
3197 4714 3376 4769 invito
3408 4716 3677 4782 conjuge.

2038 4807 2147 4863 Sed
2206 4820 2298 4861 res
2355 4821 2443 4872 ea,
2477 4811 2541 4859 ut
2581 4804 2803 4859 dictum
2847 4808 2933 4858 est
2990 4808 3179 4871 antea,
3205 4804 3456 4858 multum
3505 4803 3682 4859 habet

2040 4894 2403 4952 difﬁcultatis
2437 4909 2502 4950 ac
2532 4894 2785 4950 laboris:
2819 4894 3135 4963 praesertim
3166 4910 3296 4948 vero
3328 4893 3680 4964 persecutio-

2042 4984 2137 5042 nis
2162 4989 2453 5056 tempore:
2485 4988 2544 5039 et
2572 4983 2725 5054 quod
2760 4998 2875 5039 non
2907 4982 3176 5054 quaelibet
3198 4997 3229 5037 ο
3260 4980 3426 5053 plebe
3454 4982 3550 5044 sis,
3580 4983 3681 5037 sed

2043 5074 2389 5147 eprimariis
2447 5079 2505 5130 et
2558 5071 2924 5145 principibus
2980 5071 3229 5139 feminis,
3281 5087 3344 5127 ac
3411 5076 3684 5143 Augustas

2041 5164 2516 5236 consanguineis.
2552 5161 2716 5218 Unde
2762 5167 2817 5218 et
2872 5162 3064 5217 mirari
3126 5161 3283 5217 subit
3313 5162 3683 5232 quemadmo-

2042 5256 2183 5310 dum
2244 5253 2304 5309 in
2363 5258 2480 5308 tam
2521 5250 2845 5307 abundanti
2876 5253 3003 5305 vitae
3047 5251 3343 5321 praesentis
3382 5250 3583 5320 gloria,
3619 5267 3685 5306 ea

2042 5343 2588 5416 repudiata,Christi
2609 5342 3000 5396 humilitatem
3026 5341 3265 5395 induere
3285 5342 3682 5410 concupiscas.

2045 5433 2397 5489 Benedictus
2426 5431 2711 5487 Dominus
2744 5447 2774 5485 a
2807 5446 2922 5502 quo
2954 5429 3074 5485 haec
3106 5431 3317 5498 iniecta
3350 5447 3515 5486 mens
3545 5434 3635 5485 est
3668 5446 3683 5485 :

2043 5537 2177 5580 vere
2227 5525 2382 5579 enim
2434 5536 2546 5594 prae
2605 5519 2707 5577 Dei
2768 5518 2973 5592 gloria,
3033 5518 3426 5577 abominanda
3473 5531 3569 5577 res
3600 5524 3690 5575 est
