4062 6280
474 365 630 427 1263

1717 359 1781 418 8ο
1827 358 2227 422 THEODORI
2271 360 2636 424 STUDITE

3703 360 3835 421 ηθι

471 495 753 570 quidquid
813 497 900 552 est
947 493 1006 548 in
1064 493 1174 549 hac
1221 491 1383 548 inani
1429 491 1545 547 vita
1585 490 1922 562 gloriosum.
1957 495 2101 550 Tene

2225 492 2333 566 βίῳ
2373 496 2638 563 σωθῆναι,
2685 492 2776 548 καὶ
2828 492 2961 568 μετὰ
3010 489 3202 570 ἀνδρός
3231 509 3247 524 θ
3293 491 3382 547 καὶ
3433 489 3597 546 πάλιν
3636 491 3760 566 πρὸς
3782 493 3833 547 τὸ

470 587 649 657 igitur
679 591 849 640 tuum
881 585 1168 656 optimum
1217 581 1346 636 vitae
1407 580 1764 636 institutum.
1798 582 1922 638 Tua
1954 583 2110 639 enim

467 676 619 731 facta
651 675 902 730 illustria
958 672 1156 740 audio,
1205 676 1262 727 et
1312 671 1807 742 quemadmodum
1849 671 2114 729 abdicata

473 764 803 836 principum
863 763 1277 831 familiaritate,
1309 761 1415 817 tibi
1451 763 1550 817 uni
1581 778 1646 817 ac
1704 763 1879 816 rebus
1949 762 2113 818 bonis

467 871 651 910 vaces.
676 853 821 908 Nam
852 859 909 908 et
929 854 989 907 in
1021 853 1130 907 isto
1155 851 1280 905 vitae
1311 865 1522 921 genere
1552 851 1802 906 salutem
1836 851 2111 922 consequi

467 950 646 1014 potes,
680 944 856 999 etiam
889 958 1022 997 cum
1055 941 1177 996 viro
1211 956 1224 994 :
1258 939 1465 995 deinde
1499 945 1694 994 autem
1729 941 2113 1012 subsequenti

467 1041 744 1104 tempore,
768 1039 830 1086 ut
863 1030 1238 1086 fortunaverit
1273 1029 1582 1097 Dominus,
1614 1029 1695 1084 sic
1725 1035 1781 1084 et
1814 1045 1971 1102 ages,
2006 1046 2110 1086 nec

463 1122 650 1176 virum
677 1120 1049 1187 contristaris,
1074 1119 1174 1175 sed
1201 1118 1394 1190 potiUs
1425 1118 1726 1174 inﬂectens
1758 1118 1954 1174 divina
1968 1135 2112 1174 con-

2221 579 2366 652 ἑξῆς,
2401 583 2476 644 ὡς
2532 584 2561 638 ὁ
2619 581 2814 658 Κύριος
2871 580 3210 652 εὐοδώσειεν,
3261 580 3404 638 οὕτω
3470 582 3560 637 καὶ
3629 579 3834 658 διαγίνῃ,

2222 673 2298 745 μὴ
2358 673 2606 728 λυποῦσα
2662 675 2754 729 τὸν
2813 674 3106 749 ὁμόζυγον,
3136 671 3280 728 ἀλλὰ
3334 669 3548 746 μᾶλλον
3580 671 3830 745 κατακάμ-

2219 781 2426 816 πτουσα
2465 758 2554 816 διὰ
2598 768 2699 831 τῆς
2758 761 2938 816 ἐνθέου
2984 759 3279 838 διαγωγῆς.
3316 760 3444 836 Περὶ
3469 764 3570 827 τῆς
3601 758 3830 839 ἂδελφὴς,

2219 847 2506 921 δεδήλωκα
2538 849 2674 924 αὐτῇ
2706 852 2769 906 τὸ
2803 851 3199 925 παριστάμενόν
3251 871 3369 923 μοι.
3413 849 3542 924 Περὶ
3585 853 3676 904 τοῦ
3716 848 3836 903 οἶκο-

2220 939 2392 1012 νόμου
2447 941 2539 996 καὶ
2607 942 2892 1015 ἀγαπητοῦ
2947 941 3157 1010 τὲκνου,
3217 938 3449 995 πλεῖστά
3501 960 3584 994 σοι
3623 940 3833 1013 ἀπευχα-

2225 1034 2412 1105 ριστῶ,
2474 1033 2772 1105 συμπαθῶς
2839 1030 3152 1106 ἐπειχθείσῃ
3215 1033 3360 1105 [σοεί⁸
3429 1035 3557 1103 Reg.
3639 1027 3833 1103 ἐπιχθέ,

2223 1122 2347 1194 στῃ]
2386 1119 2525 1195 πρὸς
2554 1115 2738 1177 αὒτόν.
2784 1117 2977 1194 Εὕροις
2997 1117 3150 1182 ἔλεος
3173 1122 3317 1195 παρά
3342 1118 3552 1195 Κυρίῳ.

464 1211 808 1267 versatione.
844 1210 922 1266 De
954 1226 1170 1274 sorore,
1197 1208 1512 1278 signiﬁcavi
1547 1209 1598 1263 ei
1629 1225 1743 1279 quo
1775 1225 1866 1264 res
1899 1225 2042 1263 meas
2073 1209 2198 1265 loco
2225 1217 2440 1266 essent.
2469 1211 2552 1267 De
2574 1226 2870 1268 moonomo
2895 1211 3132 1284 filioque
3157 1211 3558 1274 dilectissimo.
3595 1209 3840 1265 maximas

463 1302 569 1358 tibi
602 1301 824 1373 gratias
856 1316 984 1372 ego,
1008 1299 1162 1371 quod
1194 1299 1353 1355 omni
1381 1313 1513 1353 eum
1541 1297 1925 1354 humanitatis
1955 1299 2146 1355 ofﬁcio
2165 1300 2246 1356 sis
2270 1307 2591 1370 prosecuta.
2613 1303 2661 1357 A
2690 1301 2930 1357 Domino
2962 1301 3458 1358 misericordinem
3486 1315 3841 1371 consequare-

916 1389 1034 1446 LII.
1068 1419 1137 1430 —
1167 1388 1366 1446 Mariae
1392 1388 1642 1444 moniali.

2583 1395 2713 1446 NB’.
2735 1421 2804 1433 -—
2835 1391 3044 1464 Μαρίᾳ
3075 1389 3484 1463 μοναζοόσῃ.

1169 1487 1286 1536 Non
1319 1488 1602 1550 improbat,
1635 1486 1778 1552 quod
1807 1488 2193 1550 persecutionis
2222 1492 2365 1538 metu
2397 1489 2494 1539 sub
2525 1488 2764 1539 saeculari
2793 1489 2981 1539 habitu
3012 1489 3220 1540 lateret.

531 1571 668 1645 Legi
699 1569 1034 1628 reverentiae
1063 1574 1174 1626 tum
1206 1571 1574 1638 schedulam,
1606 1586 1672 1625 ac
1723 1569 1884 1642 pium
1916 1570 2105 1627 consi-

465 1661 612 1717 lium
661 1660 953 1716 intellexi:
986 1660 1135 1730 quod
1177 1659 1328 1715 idem
1378 1676 1509 1715 cum
1570 1660 1734 1715 beato
1789 1659 1886 1716 illo
1937 1661 2105 1717 Patre

461 1751 824 1823 pr0positum
882 1751 1099 1806 habeas
1157 1755 1391 1822 propter
1453 1749 1749 1805 Christum
1802 1749 2102 1822 patiendi:

461 1843 636 1912 idque
679 1841 816 1911 jure
874 1841 1093 1912 optimo
1134 1845 1243 1895 :ut
1292 1839 1479 1911 palam
1538 1840 1632 1909 sit,
1668 1856 1846 1896 unam
1869 1841 2103 1911 utrique

463 1947 694 1986 carnem
722 1935 778 1986 et
809 1936 1062 1986 mentem
1093 1946 1267 1986 unam
1318 1947 1467 1997 esse,
1494 1947 1600 1986 nec
1657 1935 1713 1986 te
1773 1932 2106 2004 discrepare

467 2021 598 2076 fide.
633 2021 746 2076 Deo
806 2020 986 2092 igitur
1043 2028 1233 2091 grates
1284 2021 1547 2091 agendas,
1587 2020 1686 2092 qui
1740 2037 1844 2076 vos
1883 2021 1988 2091 ita,
2036 2039 2105 2078 ex

462 2110 644 2180 ipsius
678 2115 832 2165 metu
857 2119 910 2165 et
940 2125 1159 2176 amore,
1182 2110 1468 2180 disjunxit
1515 2111 1761 2166 invicem
1810 2110 2104 2184 Evangelii

461 2198 668 2269 gladio,
707 2199 897 2269 quoad
945 2215 1188 2269 corpus;
1223 2214 1570 2271 rursumque
1624 2216 1738 2254 uno
1789 2200 1998 2272 spiritu
2040 2217 2105 2256 ac

462 2305 660 2355 sensu,
695 2291 884 2359 quoad
930 2288 1194 2344 animum
1241 2288 1614 2344 consociavit.
1649 2290 1876 2346 Eniterc
1908 2291 2105 2364 igitur,

465 2378 704 2433 domina
737 2394 884 2444 mea,
919 2382 983 2433 ut
1011 2376 1222 2448 aequali
1257 2393 1392 2432 cum
1432 2394 1495 2434 eo
1537 2379 1873 2435 conditione
1931 2381 2108 2451 digna

462 2466 773 2533 censearis,
808 2475 868 2521 ut
926 2467 1044 2522 illic
1103 2467 1284 2522 eidem
1337 2482 1625 2529 occurras,
1661 2472 1725 2522 ut
1775 2469 1853 2523 sis
1884 2484 2014 2524 cum
2040 2486 2106 2525 eo

463 2573 710 2628 semper,
754 2557 950 2627 ispum
1012 2555 1253 2628 eligens,
1287 2559 1352 2610 ut
1397 2557 1522 2628 ipse
1571 2562 1626 2612 te
1657 2555 1849 2629 elegit.
1883 2557 2106 2630 Insigni

465 2646 618 2700 enim
653 2645 939 2700 charitste
969 2659 1170 2700 curam
1221 2643 1319 2700 ille
1349 2645 1643 2718 ingentem
1682 2645 1742 2702 in
1789 2646 1978 2703 salute
2007 2651 2108 2704 tua

470 2735 829 2804 procuranda
862 2733 1139 2804 suscepit,
1172 2735 1666 2804 quemadmodum
1697 2740 1752 2791 et
1783 2737 1908 2808 ipse
1939 2736 2104 2794 novi:

416 2855 419 2857 >
469 2840 601 2878 nam
634 2822 684 2877 is
714 2822 1030 2878 humilitati
1063 2839 1202 2878 mean
1252 2827 1531 2894 tanquam
1579 2823 1697 2879 ﬁlio
1737 2841 1845 2880 sua
1877 2825 2108 2897 negotia

467 2911 954 2967 communicabat.
988 2910 1151 2974 Quod
1177 2917 1410 2982 propter
1432 2911 1852 2982 persecutionis
1873 2913 2108 2968 difficil-

467 2999 611 3055 lima
667 3005 944 3072 tempora,
1011 2998 1422 3055 dissimulandi
1499 3016 1699 3068 causa,
1769 3001 2106 3058 saecularem

467 3097 700 3148 externo
733 3091 932 3146 habitu
987 3099 1254 3146 ornatum
1300 3091 1474 3162 geris,
1508 3092 1684 3163 idque
1733 3095 1978 3162 modice,
2006 3111 2108 3159 nec

466 3181 614 3236 diu:
676 3185 971 3252 repertum
1031 3179 1189 3236 istud
1239 3179 1297 3234 in
1349 3181 1567 3236 sanctis
1599 3197 1666 3237 ex
1709 3198 1882 3238 causa
1913 3183 2108 3254 aliqua

469 3270 797 3326 necessaria
827 3287 841 3325 :
877 3270 935 3324 in
966 3286 1139 3325 omne
1171 3285 1303 3324 vero
1341 3275 1596 3342 tempus,
1637 3271 1912 3342 minime;
1945 3278 2110 3328 cete-

2285 1569 2550 1646 Ἀνέγνων
2584 1590 2679 1625 σου
2734 1571 2832 1638 τὴν
2883 1569 3068 1643 τιμίαν
3112 1563 3416 1639 συλλαϐὴν,
3471 1568 3566 1623 καὶ
3612 1565 3825 1643 ἐπέγνων

2214 1679 2310 1713 σου
2340 1659 2432 1714 τὸν
2471 1655 2663 1728 εὐσεϐῆ
2699 1658 2972 1734 λογισμόν
2997 1677 3011 1693 ⁶
3045 1659 3129 1714 ὅτι
3182 1665 3282 1729 τῆς
3325 1658 3496 1728 αὐτῆς
3545 1663 3622 1730 τῷ
3678 1679 3831 1730 μακα-

2214 1749 2318 1821 ρίῳ
2358 1747 2546 1821 ἐκείνῳ
2607 1750 2774 1823 Πατρὶ
2835 1747 3126 1810 διαθέσεως
3164 1745 3484 1809 ἀκολούθως
3544 1744 3686 1821 ἔχεις
3725 1747 3835 1817 ὑπὲρ

2213 1840 2450 1910 Χριστοῦ
2480 1837 2712 1915 πάσχειν
2746 1855 2762 1872 ⁶
2804 1838 2894 1892 καὶ
2925 1837 3153 1899 εἰκότως
3181 1857 3195 1870 ·
3229 1835 3324 1892 τίνα
3368 1841 3510 1910 (φανῇ
3561 1834 3644 1889 ὅτι
3682 1837 3715 1904 ὴ
3759 1834 3837 1908 μία

2137 1898 2184 1963 Β
2214 1926 2341 2000 σὰρξ
2397 1923 2452 1980 ἓν
2520 1925 2615 1981 καΐ
2678 1927 2938 2001 φρόνημα
3018 1931 3226 2002 κρατεῖ,
3290 1925 3396 2001 οὐχ
3479 1925 3841 1999 ἒτεροζυγοῦσα

2216 2015 2340 2085 περὶ
2369 2017 2471 2086 τὴν
2521 2015 2723 2071 πίστιν.
2774 2016 2943 2093 Χάρις
2993 2015 3086 2070 οὖν
3132 2019 3212 2087 τῷ
3263 2019 3380 2087 Θεῷ
3409 2017 3492 2086 τῷ
3523 2014 3693 2075 οὕτως
3723 2013 3841 2085 ὑμᾶς

2219 2101 2307 2158 διὰ
2336 2104 2426 2158 τὸν
2477 2099 2646 2183 φόϐον
2687 2105 2780 2160 καὶ
2823 2105 2997 2159 πόθον
3046 2103 3211 2159 αὐτοῦ
3263 2100 3598 2172 διαζεῦεαντι
3649 2102 3732 2156 ἀπ’
3760 2099 3835 2155 ἀλ·

2218 2191 2409 2263 λήλων
2469 2192 2718 2270 μαχαίρᾳ
2773 2193 3100 2270 εὐαγγελικῇ
3161 2189 3515 2267 σωματικῶς,
3557 2190 3648 2246 καὶ
3696 2189 3833 2244 πάλιν

2216 2286 2296 2353 τῷ
2325 2282 2405 2336 ἑνὶ
2437 2281 2700 2355 πνεύματι
2730 2281 2821 2338 καὶ
2871 2284 3180 2358 φρονήματι
3234 2281 3530 2355 συνάψαντι
3591 2283 3832 2354 ψυχικῶς.

2219 2369 2537 2427 Σπούδασον
2573 2371 2688 2444 οὖν,
2719 2372 2878 2448 κυρία
2934 2393 3062 2447 μου,
3108 2375 3208 2442 τῆς
3253 2369 3380 2442 ἶ¹σης
3437 2371 3592 2443 αὐτῷ
3643 2365 3834 2443 μερίδος

2218 2460 2535 2530 ἀξιωθῆναι,
2619 2461 2710 2516 καὶ
2804 2462 3180 2532 συντεύξασθαι
3271 2459 3402 2530 ἐκεῖ,
3445 2459 3562 2514 ’καὶ
3637 2463 3834 2512 συνεῖναι

2218 2548 2406 2616 εἰσαεὶ,
2437 2549 2766 2625 αἱρουμένην
2827 2550 2974 2623 αὖτῷ
3040 2551 3114 2613 ὡς
3164 2548 3426 2625 ’ξιρτίσατό
3471 2569 3554 2605 σε.
3607 2546 3700 2602 Καὶ
3749 2546 3834 2620 γὰρ

2215 2636 2406 2712 πολλῇ
2463 2638 2648 2716 ἀγάπῃ
2705 2637 2924 2710 πολλὴν
2992 2639 3084 2694 καὶ
3131 2635 3392 2717 φροντίδα
3447 2635 3609 2714 ἔσχεν
3682 2635 3730 2692 ἐν

2216 2727 2460 2802 σωτηρίᾳ
2510 2749 2628 2799 σου,
2689 2730 2764 2793 ὡς
2829 2727 2954 2784 οἶδα
3007 2728 3157 2804 κάγώ
3188 2745 3204 2762 ⁸
3254 2726 3441 2783 καθότι
3502 2731 3761 2783 κοινωνῶν
3781 2724 3833 2793 ἦν

2215 2819 2283 2891 τῇ
2326 2818 2646 2872 ταπεινώσει
2699 2838 2804 2891 μου
2852 2817 2918 2872 τὰ
2965 2819 3082 2872 καθ’
3119 2816 3278 2872 αὑτὸν
3327 2817 3402 2878 ὡς
3427 2815 3557 2888 ῦὶῳ.
3600 2814 3725 2886 Περὶ
3756 2819 3838 2882 τῆς

2215 2907 2352 2961 κατά
2403 2905 2634 2982 ἀνάγκην
2677 2912 2774 2962 τοῦ
2824 2904 3075 2983 διωγμοῦ
3115 2907 3469 2981 ὑποκριτικῆς
3532 2926 3628 2961 σου
3669 2900 3834 2975 ἔξωθεν

2215 3000 2702 3075 κοσμοφορήσεως,
2743 2997 2880 3073 πρὸς
2942 2997 3134 3070 μικρὸν
3189 2997 3394 3072 χρόνον
3449 2996 3546 3051 καὶ
3610 2993 3834 3070 τρόπον·

2219 3083 2440 3161 εὕρηται
2496 3086 2550 3142 ἐν
2611 3091 2727 3150 τοῖς
2785 3087 2961 3162 ἁγίοις
3016 3085 3151 3141 κατά
3214 3106 3336 3140 τινα
3391 3083 3678 3161 ἀναγκαίαν
3725 3081 3837 3137 61:6-

2219 3177 2362 3232 θεσιν
2395 3195 2410 3211 ο
2453 3177 2530 3239 είς
2575 3174 2633 3232 δὲ
2666 3177 2730 3231 τὸ
2768 3175 2875 3246 ἀεὶ,
2933 3173 3211 3248 οὐδαμῶς.
3245 3174 3453 3230 Λοιπὸν
3495 3173 3604 3229 οὐκ
3644 3171 3758 3228 οῖδα
3795 3169 3835 3225 τί

2221 3263 2380 3324 εἷ’πω.
2433 3266 2553 3322 Ἐἀν
2615 3265 2888 3342 ἐπιτρέψω
2948 3264 3101 3340 ῥίψαι
3159 3267 3260 3334 τήν
3323 3264 3633 3340 ὑπόκρισιν,
3689 3260 3835 3319 εἴποις

468 3376 596 3416 rum
629 3359 766 3430 quid
799 3360 1058 3414 dicturus
1088 3360 1199 3415 sim
1243 3359 1448 3415 haereo.
1484 3366 1627 3415 Nam
1659 3361 1708 3416 si
1753 3368 1957 3417 auctor
1993 3363 2101 3418 sim

2221 3354 2281 3410 ἂν
2311 3357 2386 3429 μὴ
2418 3355 2596 3436 φέρειν
2636 3357 2699 3412 τὸ
2755 3355 3048 3430 μαρτύριον
3077 3372 3095 3388 ο
3144 3354 3416 3429 ἐνεχθήσῃ
3477 3354 3584 3430 γὰρ
3639 3352 3723 3406 καὶ
3773 3348 3834 3408 εἰς

451 3456 518 3504 ut
550 3450 748 3504 ﬁcium
809 3448 1068 3504 habitum
1117 3449 1392 3516 deponas,
1432 3448 1715 3521 imparem
1747 3459 1799 3506 te
1832 3452 2102 3524 martyrio

453 3539 608 3594 dices
633 3554 646 3593 :
670 3540 963 3594 vocaberis
995 3539 1151 3592 enim
1175 3542 1234 3593 et
1285 3539 1357 3593 ad
1408 3554 1629 3609 pmnas.
1662 3538 1724 3594 Si
1781 3556 2015 3596 rursum
2050 3551 2102 3597 te

457 3628 546 3684 sic
597 3627 907 3695 dimittam,
960 3628 1177 3698 scripta
1232 3626 1396 3682 nulla
1453 3628 1768 3684 auctoritas
1827 3639 1914 3684 est
1972 3647 2097 3702 quae

456 3717 824 3788 suffragetur.
850 3717 1081 3773 Duobus
1105 3717 1283 3789 igitur
1305 3717 1618 3789 propositis
1649 3716 1838 3786 malis,
1874 3725 2103 3787 praesta-

456 3806 636 3862 bilius
685 3813 776 3863 est
832 3807 986 3862 clam
1041 3806 1353 3862 monialem
1403 3823 1548 3873 esse,
1585 3824 1784 3878 quam,
1816 3809 1865 3863 si
1898 3808 2096 3879 plagas

454 3897 676 3968 perpeti
725 3893 998 3970 nequeas,
1055 3897 1336 3968 perduelli
1385 3897 1820 3954 communicare
1867 3898 2094 3968 haeresi,

453 3990 679 4058 atquea
725 3985 953 4043 Christo
995 3988 1340 4052 desciscere,
1371 3985 1432 4041 in
1464 4002 1580 4059 quo
1615 4003 1742 4044 sors
1774 3995 1872 4044 tua
1904 3988 2097 4046 futura

453 4079 540 4130 est
563 4074 943 4145 sempiterna.

1020 4163 1163 4221 LIII.
1198 4194 1260 4208 -
1291 4164 1532 4221 Martiali.

2215 3445 2438 3520 βάσανα,
2473 3446 2596 3500 Ἐάν
2644 3464 2702 3499 τε
2745 3441 2909 3499 πάλιν
2961 3442 3302 3520 ἐπαφήσαιμι
3351 3443 3551 3514 οὕτως,
3592 3443 3690 3497 οὐκ
3739 3437 3834 3516 ἔχω

2212 3536 2490 3609 Γραφικὴν
2549 3533 2873 3608 μαρτυρίαν.
2933 3535 3037 3588 Δύο
3108 3533 3288 3588 τοίνυν
3371 3536 3555 3586 κακῶν
3639 3548 3836 3605 προκει-

2213 3625 2413 3697 μένων,
2457 3622 2701 3698 κρεῖττόν
2757 3622 2870 3680 ἐστι
2938 3623 3400 3698 κρυπτομόναχον
3467 3623 3623 3690 εἶναι,
3669 3620 3702 3689 ἢ
3769 3618 3831 3690 μὴ

2209 3714 2438 3793 φέροντα
2493 3713 2590 3778 τὰς
2643 3711 2883 3789 πληγὰς,
2932 3715 3264 3778 κοινωνῆσαι
3319 3714 3389 3785 τῇ
3457 3713 3721 3787 ἂρνητικῇ
3767 3707 3834 3761 αἱ·

2209 3803 2372 3878 ρέσει,
2429 3804 2518 3858 καὶ
2569 3803 2871 3874 ἀποστῆναι
2917 3805 3178 3878 Χριστοῦ,
3236 3800 3318 3878 ἐφ’
3365 3800 3411 3872 ᾧ
3464 3797 3615 3856 ἔσται
3679 3796 3753 3853 ἀεὶ
3803 3795 3830 3862 ἡ

2211 3893 2367 3969 μερίς
2397 3914 2515 3952 σου.

2580 4163 2704 4222 NI".
2739 4194 2807 4206 -—-
2835 4166 3264 4236 Μοναζοὺσῃ.
3307 4163 3484 4236 [τξα’.]

1263 4262 1582 4313 Hortatoria.
1615 4263 1680 4313 Ut
1709 4276 1803 4326 pro
1835 4266 1980 4314 recta
2008 4262 2112 4312 ﬁde
2141 4260 2454 4327 martyrium
2484 4263 2722 4328 perferre
2754 4269 2933 4327 parata
2961 4263 3048 4312 sit.

523 4341 596 4398 Ea
651 4342 935 4414 temporis
982 4343 1233 4414 hujusce
1273 4344 1526 4400 conditio
1585 4353 1690 4414 est,
1740 4349 1805 4399 ut
1860 4346 1930 4400 de
1967 4345 2096 4401 aliis

451 4448 567 4487 non
589 4448 716 4488 esse
737 4432 1010 4488 sollicitos
1041 4439 1301 4504 Oporteat
1324 4451 1338 4489 :
1362 4450 1496 4490 cum
1530 4433 1654 4506 pari
1685 4434 1881 4490 animo
1911 4434 2096 4492 simus

451 4537 518 4576 ac
550 4521 673 4592 pari
705 4521 818 4576 fide
851 4522 1116 4591 praediti:
1149 4524 1623 4594 quandoquidem
1664 4522 1836 4579 veluti
1884 4524 1942 4578 in
1985 4528 2097 4582 Ec—

451 4611 686 4666 clesiam
745 4627 921 4666 unam
973 4610 1096 4666 sive
1154 4619 1364 4667 emtum
1417 4614 1746 4668 convocavit
1786 4613 1940 4669 Deus
1995 4629 2094 4671 eos

453 4716 656 4756 omnes
686 4700 786 4771 qui
817 4716 915 4769 pro
939 4701 1178 4756 veritate
1200 4701 1502 4768 dimicant,
1536 4702 1594 4756 in
1634 4719 1818 4774 eaque
1848 4719 2092 4759 consen-

2275 4344 2332 4398 Ὀ
2393 4344 2587 4419 Παρὼν
2646 4343 2837 4418 καιρὸς
2890 4346 3161 4412 τοιοῦτος,
3218 4341 3276 4403 ’ὸς
3339 4341 3633 4416 ἀναγκάζει
3700 4341 3823 4412 ἡμᾶς

2207 4438 2470 4508 μεριμνᾷν
2519 4435 2648 4508 ὑπὲρ
2715 4431 2982 4505 ἀλλήλων
3012 4451 3027 4466 ⁸
3080 4431 3170 4487 διὰ
3213 4431 3276 4486 τὸ
3304 4437 3406 4500 τῆς
3441 4431 3725 4506 ἰσοψυχίας
3753 4426 3823 4480 καὶ

2205 4523 2530 4598 ὁμοπιστίας
2583 4523 2800 4598 ἀξίωμα
2857 4542 2871 4555 ·
2923 4520 3110 4593 ἐπειδὴ
3170 4521 3245 4585 ὡς
3322 4520 3447 4595 μίαν
3529 4516 3823 4589 Ἐκκλησίαν

2201 4613 2374 4692 ἤγουν
2434 4612 2677 4670 συνοδίαν
2738 4611 3127 4669 συνεκαλέσατο
3175 4613 3203 4666 ὁ
3253 4611 3382 4673 Θεὸς
3439 4610 3670 4672 ἅπαντας
3718 4609 3824 4663 τοὺς

2203 4704 2602 4782 ἀντεχομένους
2654 4711 2756 4774 τῆς
2813 4701 3100 4774 ἀληθείας,
3155 4701 3246 4755 καὶ
3303 4699 3356 4756 ἐν
3412 4701 3553 4775 αὐτῇ
3631 4695 3822 4771 ὁμολο-

451 4790 625 4843 tiunt.
659 4790 1166 4854 Quemadmodum
1201 4791 1381 4862 igitur
1411 4791 1566 4847 circa
1595 4790 1827 4848 oﬂ‘ensze
1858 4793 2089 4864 pericu-

2215 4798 2443 4868 (οῦντας.
2509 4793 2756 4869 Καθάπερ
2811 4791 2902 4848 οὖν
2957 4792 3062 4847 υύκ
3102 4787 3385 4846 ἀκίνδυνον
3427 4794 3507 4862 τῷ
3552 4795 3650 4858 τῆς
3677 4785 3822 4852 αὐτῆς

451 4877 568 4933 lum
603 4895 716 4933 non
738 4883 825 4933 est
849 4881 948 4950 qui
986 4895 1119 4935 cum
1150 4880 1413 4950 ejusdem
1447 4881 1786 4937 monasterii
1817 4881 1912 4950 sit,
1948 4881 2094 4937 nihil

453 4965 524 5022 de
565 4967 981 5039 condiscipulis
1023 4976 1208 5037 curet;
1255 4974 1354 5025 aut
1401 4972 1751 5042 praepositus
1791 4971 1890 5042 qui
1933 4969 2095 5026 nulla

450 5057 669 5128 pariter
695 5058 769 5112 de
797 5058 1520 5128 discipulis'sollicitudine
1549 5059 1628 5115 sit
1661 5076 1674 5114 :
1703 5060 1785 5114 sic
1839 5065 1928 5116 est
1960 5077 2093 5130 pro-

451 5149 599 5202 iecto
631 5149 702 5204 de
733 5149 899 5206 nobis
921 5150 1228 5206 omnibus:
1261 5150 1752 5222 quandoquidem,
1777 5155 1840 5204 ut
1872 5150 2091 5205 dictum

453 5241 560 5305 est,
594 5237 849 5294 Ecclesia
901 5256 1014 5294 una
1064 5239 1357 5294 coenobica
1401 5255 1629 5294 sumus.
1676 5238 1872 5294 Inviso
1909 5243 1962 5295 te
1991 5255 2094 5310 per

452 5327 780 5397 epistolam,
832 5334 890 5384 et
939 5346 1074 5397 rogo
1133 5329 1426 5400 quomodo
1476 5329 1672 5397 utique
1728 5328 1785 5382 in
1845 5329 2090 5385 Domino

451 5416 664 5485 valeas,
697 5434 859 5474 soror
888 5418 1166 5490 spiritalis
1201 5434 1214 5472 :
1247 5423 1441 5472 utrum
1495 5417 1554 5472 in
1603 5418 1836 5491 egregia
1872 5418 2089 5474 Christi

450 5506 810 5562 confessione
843 5523 1188 5579 permaneas
1220 5521 1236 5561 :
1269 5523 1346 5562 an
1377 5507 1706 5578 depositum
1750 5507 1888 5564 fidei
1949 5509 2091 5565 inte—

453 5611 625 5667 grum
649 5612 842 5652 serves
865 5612 972 5668 ope
1019 5595 1268 5667 Spiritus
1329 5597 1560 5652 sancti:
1593 5614 1664 5654 an
1723 5597 1805 5654 sis
1864 5599 1924 5654 in
1978 5601 2087 5658 Deo

459 5687 847 5755 corroborata,
880 5702 985 5742 nec
1011 5686 1226 5759 impios
1256 5703 1626 5761 expavescas.

2207 4889 2381 4956 μονῆς
2410 4878 2542 4952 ὅντι,
2588 4884 2664 4956 μὴ
2712 4883 2843 4956 ὑπὲρ
2897 4885 3004 4936 τῶν
3055 4881 3430 4955 συμμαθητῶν
3478 4879 3818 4957 φροντιοῦντι,

2203 4971 2238 5042 ἢ
2270 4972 2688 5048 καθηγουμένῳ,
2727 4973 2789 5028 τὸ
2823 4972 2899 5044 μή
2956 4971 3080 5046 περὶ
3110 4973 3217 5024 τῶν
3268 4972 3542 5048 φοιτητῶν
3587 4963 3818 5021 ὡσαύτως

2204 5058 2547 5136 φροντίζειν·
2607 5059 2750 5116 οὕτω
2802 5058 2869 5128 δὴ
2926 5059 3017 5115 καὶ
3059 5059 3191 5132 ἡμῖν
3250 5057 3412 5113 πΞισιν
3462 5074 3477 5088 ·
3529 5053 3818 5125 ἐπειδήπερ.

2201 5151 2279 5212 ὡς
2314 5149 2548 5224 εἴρηται,
2583 5151 2680 5224 μία
2728 5149 3026 5220 Ἐκκλησία
3071 5143 3395 5219 κοινοϐιακή
3456 5147 3633 5219 ἔσμεν.
3687 5146 3817 5198 Ἐπι-

2202 5239 2504 5314 σκὲπτομαί
2563 5261 2620 5296 σε
2675 5240 2766 5296 διὰ
2817 5245 2914 5297 τοῦ
2965 5240 3311 5317 γράμματος,
3353 5238 3445 5293 καὶ
3489 5237 3671 5312 ἐρωτῶ
3715 5236 3816 5290 πῶς

2195 5330 2268 5400 δή
2325 5330 2472 5408 ἔχεις
2525 5332 2576 5389 ἐν
2635 5333 2837 5409 Κυρίῳ,
2869 5334 2915 5387 ὦ
2964 5330 3174 5412 ἀδελφὴ
3224 5331 3559 5404 πνευματική
3593 5345 3610 5363 ο
3657 5325 3698 5381 εί
3731 5322 3816 5394 ἒμ-

2203 5421 2376 5496 μένεις
2407 5421 2459 5479 ἐν
2504 5428 2573 5499 τῇ
2621 5423 2766 5502 καλῇ
2818 5421 3095 5498 ὁμολογίᾳ
3126 5420 3367 5496 Χριστοῦ
3401 5420 3495 5502 ’.εἰ
3521 5421 3698 5491 τηρεῖς
3724 5413 3814 5502 τήν

2197 5515 2661 5586 παρακαταθήκην
2716 5501 2818 5582 λιτῆς
2871 5511 3105 5574 πίστεως
3162 5507 3251 5566 διὰ
3324 5501 3628 5582 Πνεῦματος
3676 5501 3813 5577 ἁγίου

2196 5600 2412 5679 ἀσφαλῆ
2449 5621 2464 5636 ⁸
2505 5601 2555 5658 εἷ’
2607 5601 2839 5679 κρατύνῃ
2879 5601 2931 5658 ἐν
2962 5605 3080 5675 Θεῷ
3112 5602 3190 5676 μή
3241 5603 3543 5674 πτυρομὲνη
3578 5596 3678 5650 ἀπὸ
3721 5594 3811 5646 τῶν

2198 5687 2432 5751 ἀσεϐῶν.
