4062 6280
242 380 398 443 1265

1488 384 2047 448 EPISTOLARUM
2093 383 2240 445 LIB.
2288 384 2360 444 II.

3483 378 3637 440 1266

312 513 468 589 Εὖγε,
529 513 649 591 εὖγε
683 533 696 548 ·
750 514 1109 590 στηριχθείης
1155 511 1234 571 ἔτι
1282 512 1596 580 πλειόνως·
1654 519 1743 573 καὶ
1797 539 1872 572 το·

2068 518 2245 589 Euge,
2286 532 2430 590 euge
2463 535 2477 573 :
2508 516 2693 573 adhuc
2725 516 2980 589 amplius
3028 517 3352 571 confortare
3382 532 3394 570 :
3430 517 3543 571 imo
3576 516 3634 570 in

239 604 430 658 σοῦτον
462 604 535 666 ὡς
568 605 628 659 ἂν
662 601 807 676 ᾅδειν
844 626 900 661 σε
948 604 1039 659 σὺν
1066 610 1145 678 τῷ
1190 606 1330 680 ἁγίῳ
1378 601 1544 661 Δαϐὶδ
1580 625 1592 638 ·
1640 609 1727 664 Οὐ
1778 628 1884 685 φο-

239 685 631 765 ϐηθήσομαι
685 694 746 749 ἰν
789 698 876 765 τῷ
922 695 1359 763 ταράσσεσθαι
1407 697 1525 765 τὴν
1574 700 1717 772 γῆν,
1778 696 1886 751 καὶ

245 782 715 853 μετατίθεσθαι
761 783 877 859 ὄρη
913 783 973 839 ἐν
1023 783 1331 859 καρδίαις
1381 785 1750 842 θαλασσῶν.
1788 788 1885 841 Καὶ

241 871 348 945 γὰρ
397 873 423 926 ὁ
475 872 551 933 ὡς
594 872 817 939 άληθῶς
875 869 1280 949 βεϐαιόπιστος,
1331 875 1724 947 ἆμετακίνητός
1774 875 1887 931 ἐστι

240 960 469 1033 πάμπαν
502 968 602 1030 τῆς
631 960 847 1036 ἀγάπης
876 964 1112 1037 Χριστοῦ
1144 984 1158 997 ·
1200 967 1268 1031 ἧς
1299 965 1363 1019 οὗ
1406 963 1613 1038 θλίψις,
1646 966 1708 1020 ού
1762 986 1888 1020 στε-

239 1047 512 1124 νοχωρία,
572 1050 633 1104 ού
694 1050 878 1124 λιμὸς,
936 1051 997 1106 ὀύ
1057 1050 1327 1127 διωγμὸς,
1387 1052 1449 1108 ού
1506 1052 1776 1123 κίνδυνος,
1822 1054 1885 1109 οὐ

245 1139 491 1214 μάχαιρα
538 1140 797 1213 χωρίζειν
848 1138 1088 1198 δύναται.
1129 1140 1311 1216 Ταύτῃ
1362 1145 1429 1213 τῇ
1480 1144 1801 1213 πεποιθήσει
1832 1145 1885 1198 οἱ

241 1228 605 1303 ἅγιοιπάντες
656 1228 1047 1299 ἐτελειώθησαν
1078 1238 1093 1265 ‘
1147 1234 1217 1305 τῇ
1269 1232 1408 1305 αὐτῇ
1458 1242 1550 1286 καί
1597 1235 1632 1302 ἡ
1690 1234 1756 1301 σὴ
1806 1255 1885 1287 τι-

242 1317 441 1390 μιότης
490 1316 603 1388 ε’ίη.
652 1317 725 1372 Ού
777 1320 881 1395 γὰρ
922 1321 973 1375 εἴ
1028 1320 1342 1397 ἀγενεστέρα
1383 1319 1613 1391 Θέκλης,
1658 1318 1882 1399 (βεϐρω-

236 1408 379 1474 νίας,
408 1407 498 1463 καὶ
544 1412 640 1462 τοῦ
671 1409 792 1484 περὶ
842 1408 1003 1472 αὑτᾶς
1056 1411 1324 1485 μακαρίου
1364 1415 1542 1486 χοροῦ
1575 1430 1589 1445 ·
1646 1412 1881 1488 θυγάτηρ

234 1501 392 1564 Θεοῦ,
468 1498 654 1574 νύμφη
730 1500 989 1572 Χριστοῦ,
1075 1500 1149 1562 ὡς
1225 1501 1484 1570 κάκεῖναι,
1550 1502 1638 1556 καὶ
1716 1502 1876 1573 αὐτή.

232 1587 394 1659 Ὑπὲρ
422 1587 482 1641 οὔ
530 1586 621 1642 καὶ
658 1592 815 1642 τανῦν
860 1590 923 1642 τὸ
980 1588 1276 1663 μαρτύριον
1333 1588 1513 1665 ὥσπερ
1557 1596 1874 1661 τηνικαῦτα.

232 1677 640 1751 Ὑπομείνωμεν
693 1677 808 1748 οὗν,
840 1678 1162 1753 παρακαλῶ,
1195 1679 1304 1759 οὐχ
1352 1679 1433 1735 ὅτι
1487 1682 1539 1737 ἐν
1587 1684 1670 1743 οἷς
1720 1683 1877 1755 ἐσμεν

234 1765 599 1829 θλιπτικοῖς·
675 1765 819 1823 ἀλλὰ
892 1768 990 1823 κᾶν
1063 1770 1131 1823 τὰ
1203 1770 1572 1844 προειρημένα
1666 1772 1877 1827 ἅπαντα

235 1855 450 1930 ἐπιστῇ.
486 1857 1143 1929 Ἀπροσωπόληπτος
1177 1860 1203 1913 ὁ
1236 1859 1391 1921 Θεός
1422 1878 1435 1892 ·
1473 1864 1542 1935 τῇ
1574 1859 1708 1933 αὐτῇ
1742 1862 1873 1934 ἀγά-

232 1966 307 2018 πῃ
340 1943 560 2021 ἄγαπῶν
590 1948 759 2019 ἡμᾶς,
872 1948 1125 2024 ἠγάπησε
1178 1949 1267 2003 καὶ
1312 1950 1438 2010 τοὺς
1479 1948 1671 2008 πάλαι.
1702 1953 1877 2006 Ταῦτα

232 2035 307 2095 ὡς
338 2034 390 2089 ἐν
446 2033 659 2109 ὀλίγοις
689 2054 705 2068 ⁶
759 2032 919 2097 εἰδὼς
953 2038 1036 2091 ὅτι
1088 2036 1304 2093 σ’ίκοθεν
1336 2038 1425 2093 καὶ
1472 2037 1523 2109 ἒξ
1563 2037 1749 2094 ἄλλων
1781 2042 1877 2103 τὰς

228 2122 602 2198 παρακλήσεις
659 2121 775 2198 ἔχει
833 2146 930 2179 σου
976 2128 1010 2195 ἡ
1072 2127 1464 2200 σεμνοπρέπεια
1498 2144 1513 2161 ⁸
1573 2127 1729 2202 ὅμως
1785 2128 1875 2184 καὶ

228 2214 355 2287 παρ’
386 2215 570 2285 ἡμῶν,
600 2211 693 2268 ’ίνα
739 2214 927 2289 γνοίης
958 2214 1040 2270 ὅτι
1087 2216 1536 2291 οἰκειοπαθοῦμέν
1583 2239 1667 2272 σοι
1719 2219 1877 2295 ὀφει-

225 2300 474 2375 λομένως
506 2320 523 2335 ·
553 2304 643 2357 καὶ
677 2302 825 2366 ὅπως
857 2304 1161 2380 προσεύχῃ,
1191 2310 1289 2360 τοῦ
1330 2305 1676 2381 στηρίζεσθαι
1724 2310 1872 2383 ἡμᾶς

223 2390 354 2455 τους
387 2391 777 2467 ἁμαρτωλούς.

438 2483 563 2539 ΝΔ’.
602 2515 669 2525 -
708 2482 1046 2558 Βασιλείῳ
1085 2484 1443 2559 πατρικίῳ.
1486 2486 1656 2560 [ρξε’,]

2000 614 2225 666 tantum
2270 614 2335 664 ut
2399 624 2531 663 cum
2591 612 2792 663 sancto
2850 607 3026 663 David
3087 608 3275 678 possis
3326 607 3633 664 accinere:

1996 698 2335 756 Nontimebo
2380 701 2516 753 dum
2560 698 2871 753 turbabitur
2920 702 3089 763 terra,
3131 701 3181 751 et
3231 696 3637 768 transferentur

1995 796 2208 845 montes
2224 788 2286 843 in
2301 804 2392 843 cor
2420 789 2593 842 maris
2616 787 2684 842 ⁵2.
2719 787 3026 841 Enimvero
3059 786 3158 857 qui
3200 802 3434 856 prorsus
3468 787 3638 841 firma

1998 882 2108 937 ﬁde
2139 886 2241 947 est,
2273 881 2545 935 dimoveri
2578 879 2814 934 omnino
2849 879 3049 949 nequit
3092 896 3124 932 a
3164 878 3441 933 charitate
3468 878 3631 933 Chri-

1995 973 2067 1027 sti
2100 987 2113 1024 :
2175 987 2208 1025 a
2264 987 2378 1040 qua
2439 986 2551 1023 non
2602 968 2925 1034 tribulatio,
2950 985 3064 1023 non
3096 968 3386 1036 angustia,
3414 984 3525 1021 non
3552 969 3633 1023 fa-

1996 1075 2140 1128 mes,
2193 1075 2307 1113 non
2345 1058 2691 1129 persecutio,
2726 1074 2839 1112 non
2891 1058 3239 1127 periculum,
3264 1073 3375 1111 non
3406 1056 3632 1126 gladius

1993 1155 2185 1223 potest
2206 1166 2475 1222 separare
2504 1148 2573 1204 53.
2607 1149 2722 1204 Hac
2756 1149 2971 1203 ﬁducia
2999 1164 3203 1203 omnes
3261 1149 3441 1203 sancti
3495 1164 3631 1203 con-

1992 1239 2273 1296 summati
2297 1243 2471 1294 sunt:
2505 1238 2708 1293 eadem
2754 1238 3131 1292 reverentiam
3165 1246 3321 1291 tuam
3355 1253 3628 1292 consum-

1993 1334 2131 1384 met.
2148 1328 2346 1399 Neque
2361 1326 2514 1382 enim
2530 1344 2590 1383 es
2619 1326 2831 1383 Thecla
2858 1326 3189 1394 ignobilior,
3207 1330 3307 1380 aut
3329 1326 3629 1391 Febronia,

1993 1424 2092 1474 aut
2123 1418 2275 1474 felici
2332 1417 2563 1472 illarum
2605 1422 2755 1472 cmtu
2784 1433 2798 1471 :
2833 1432 2965 1471 cum
2998 1415 3075 1470 sis
3122 1416 3216 1470 Dei
3250 1414 3389 1483 filia,
3422 1414 3632 1470 Christi

1991 1508 2237 1577 Sponsa,
2278 1506 2769 1578 quemadmodum
2804 1505 2936 1570 illas,
2969 1505 3049 1560 sic
3083 1509 3141 1559 et
3180 1505 3339 1573 ipsa:
3364 1521 3539 1575 quam
3560 1503 3630 1557 ob

1996 1614 2230 1653 causam
2263 1613 2417 1651 nunc
2459 1611 2688 1667 quoque
2746 1594 3087 1665 martyrium
3118 1594 3322 1657 instat,
3355 1592 3436 1647 uti
3468 1592 3628 1647 olim.

1992 1687 2402 1742 Sustineamus
2430 1686 2626 1757 igitur,
2661 1685 2921 1747 obsecro,
2946 1700 3061 1738 non
3094 1684 3266 1738 modo
3296 1699 3392 1737 eas
3417 1682 3630 1753 quibus

1990 1772 2312 1844 permimur
2343 1771 2667 1835 molestias,
2699 1771 2799 1826 sed
2831 1770 2919 1825 vel
2951 1770 3000 1824 si
3030 1784 3206 1838 supra
3254 1767 3405 1822 dicta
3435 1769 3629 1822 omnia

1990 1863 2280 1934 ingruant.
2331 1865 2449 1918 Non
2496 1866 2573 1915 cst
2616 1876 2980 1932 personarum
3035 1864 3283 1928 acceptor
3328 1858 3465 1912 Deus
3515 1855 3560 1890 ⁶⁴
3611 1873 3624 1911 :

1988 1954 2188 2009 eadem
2223 1970 2325 2008 nos
2357 1952 2636 2007 charitate
2667 1952 2858 2023 diligit
2887 1969 3003 2022 qua
3033 1955 3090 2006 ct
3129 1950 3376 2019 majores
3404 1947 3624 2004 dilexit.

1986 2043 2097 2099 Sed
2141 2044 2260 2098 haec
2305 2042 2507 2115 paucis
2558 2058 2572 2097 :
2625 2058 2754 2097 cum
2807 2042 2985 2111 probe
3042 2040 3220 2095 sciam
3281 2038 3623 2109 gravitatem

1983 2137 2146 2188 tuam
2209 2132 2366 2187 domi
2427 2136 2602 2201 atque
2634 2130 2705 2185 ab
2752 2130 2881 2185 aliis
2915 2129 3125 2183 habere
3154 2128 3356 2183 solatia
3388 2144 3401 2181 :
3436 2133 3623 2182 tamen

1983 2228 2040 2277 et
2077 2239 2111 2278 a
2142 2221 2305 2278 nobis
2323 2221 2442 2276 haec
2466 2220 2645 2277 habe:
2672 2226 2734 2276 ut
2764 2218 3054 2290 intelligas
3071 2235 3173 2273 nos
3204 2220 3318 2272 tuis
3345 2217 3539 2281 rebus,
3562 2220 3627 2271 ut

1983 2328 2087 2383 par
2105 2317 2215 2377 est,
2245 2309 2399 2365 afﬁci
2433 2327 2447 2365 :
2479 2315 2538 2364 et
2587 2312 2649 2365 ut
2697 2308 2863 2364 nobis
2908 2306 3309 2378 peccatoribus
3356 2305 3504 2361 vires
3558 2322 3623 2359 ac

1981 2402 2159 2458 robur
2192 2401 2463 2473 precibus
2494 2400 2795 2471 impetres.

2442 2489 2671 2563 LlV.j—
2697 2488 2904 2544 Basilio
2930 2490 3161 2560 patrico.

1558 2587 1877 2637 Consolatur
1906 2589 1961 2638 in
1992 2593 2159 2639 morte
2189 2589 2306 2646 ﬁlii,

299 2668 408 2730 Τῆς
462 2664 803 2735 θεομιμήτου
877 2684 973 2718 σου
1052 2658 1499 2737 συγκαταϐάσεως
1554 2660 1733 2742 ἔργον,
1812 2665 1873 2721 ού

236 2748 400 2825 μόνον
436 2751 511 2815 εἷς
546 2752 668 2827 ὄψιν
712 2774 810 2807 σου
862 2755 1009 2828 ἰερὰν
1043 2754 1270 2829 ἐνεγκεῖν
1303 2756 1395 2810 τὸν
1444 2752 1678 2829 ἀδελφὸν
1712 2759 1871 2829 ἡμῶν

234 2841 285 2896 ἐν
332 2840 616 2910 πνεύματι,
668 2842 937 2914 ὁμιλῆσαί
983 2864 1042 2899 τε
1087 2843 1155 2899 τὰ
1204 2841 1447 2915 δόξαντα,
1498 2844 1641 2899 οὕτω
1703 2866 1874 2920 προσ-

234 2934 376 2999 ηνῶς
414 2931 503 2984 καὶ
537 2929 770 3003 μετρίως
806 2950 818 2962 ·
852 2929 982 2986 ἀλλ’
1011 2933 1094 2987 ὅτι
1124 2931 1214 2987 καὶ
1261 2934 1360 3002 τὴν
1390 2931 1576 3007 κυρίαν
1608 2933 1698 2988 καὶ
1747 2932 1869 3006 ἐμοὶ

229 3013 523 3091 σεϐασμίαν
584 3019 891 3093 πατρικίαν,
953 3020 1066 3095 ἅμα
1120 3026 1236 3083 τοῖς
1301 3022 1701 3097 εὐγενεστάτοις
1778 3044 1874 3076 σου

2054 2671 2183 2726 Fuit
2238 2669 2447 2725 divinas
2496 2669 2801 2739 cujusdam
2861 2666 3254 2725 demissionis.
3301 2666 3452 2734 quod
3513 2681 3629 2719 non

1984 2761 2159 2816 modo
2191 2765 2247 2815 in
2288 2775 2523 2816 sacrum
2564 2762 2938 2824 conspectum
2972 2762 3139 2812 tuum
3194 2755 3388 2811 venire
3420 2770 3629 2825 passus

1983 2850 2066 2906 sis
2101 2851 2328 2905 fratrem
2363 2853 2628 2904 nostrum
2654 2846 2999 2917 spiritalem,
3031 2859 3213 2916 eaque
3247 2843 3463 2915 profari
3495 2858 3622 2913 quas

1983 2939 2209 3005 liberet,
2243 2942 2361 2993 tam
2426 2937 2629 2992 leniter
2685 2953 2748 2991 ac
2807 2936 3107 2991 moderate
3143 2951 3156 2988 :
3189 2949 3388 2987 verum
3448 2933 3623 2987 etiam

1984 3029 2278 3085 dominam
2312 3028 2574 3098 mihique
2594 3027 2979 3081 venerandam
3018 3023 3319 3095 patriciam
3352 3037 3485 3076 cum
3519 3039 3621 3077 no-

232 3106 493 3183 βλαστοῖς
540 3107 785 3186 ἀγαγὼν,
815 3107 995 3165 κλῖναί
1045 3131 1103 3164 τε
1134 3110 1196 3165 ού
1243 3110 1511 3187 κεφαλὴν,
1543 3109 1689 3167 ἀλλὰ
1738 3112 1869 3188 γόνυ

1986 3118 2269 3173 bilissima
2307 3122 2408 3172 tua
2439 3116 2637 3172 sobole
2698 3113 3034 3181 adduxeris,
3086 3113 3472 3183 jusserisque,
3508 3127 3622 3164 non

222 3196 567 3272 πρὸς.αύτὸν
614 3196 990 3276 ἐπιτὲτραφας.
1034 3204 1097 3253 Ὠ
1152 3206 1252 3269 τῆς
1311 3200 1568 3273 μεγίστης
1627 3222 1721 3255 σου
1776 3222 1872 3256 τα·

222 3288 700 3363 πεινοφροσύνηςί
751 3286 794 3342 ὣ
852 3296 950 3358 τῆς
1009 3288 1269 3362 φιλοθέου
1328 3290 1625 3352 συνέσεωςί
1679 3289 1723 3345 ὣ
1771 3298 1870 3361 τῆς

227 3374 689 3453 ὑπερϐαλλούσης
745 3401 839 3434 σου
901 3379 955 3435 ἒν
1014 3380 1369 3455 ἁμαρτωλοῖς
1434 3381 1704 3443 πίστεωςί
1768 3382 1866 3438 Καὶ

226 3467 333 3525 οὐκ
362 3468 623 3542 ἂποτεύξῃ
648 3467 746 3523 τοῦ
776 3476 875 3538 τῆς
917 3469 1261 3544 εὖαποδεξίας
1312 3473 1527 3544 μισθοῦ.
1561 3473 1658 3526 Διά
1703 3470 1869 3526 ταῦτά

228 3581 320 3615 σοι
350 3560 523 3614 πάντα
556 3581 569 3594 ·
603 3559 691 3614 καὶ
740 3557 816 3615 ἔτι
846 3560 1011 3616 πλέον
1068 3560 1145 3625 εἰς
1187 3562 1383 3634 ἀρετῆς
1430 3562 1615 3635 λόγον,
1648 3562 1871 3625 εἰκότως

228 3652 261 3706 ὁ
314 3647 443 3723 ἒμὸς
500 3647 767 3719 δεσπότης
814 3652 903 3705 καὶ
961 3648 1153 3725 α’ἰματι
1208 3652 1296 3707 καὶ
1357 3651 1624 3724 πνεύματι
1682 3652 1872 3726 φιλού-

234 3759 400 3812 μενος
444 3739 671 3814 γέγονας
727 3741 865 3816 πρὸς
918 3740 1132 3795 πάντων
1181 3745 1289 3796 τῶν
1348 3742 1731 3818 Ῥωρισάντων
1778 3741 1870 3797 καὶ

229 3829 484 3903 ὁρώντων
537 3850 613 3887 σε.
668 3830 764 3884 Καὶ
830 3828 1095 3904 μάρτυρες
1135 3835 1232 3884 τοῦ
1277 3829 1445 3905 λόγου
1486 3832 1540 3885 αἱ
1589 3830 1723 3885 κατᾶ
1775 3832 1869 3895 τὰς

225 3918 378 3988 ἀξίας
443 3919 708 3994 δπεροχαί
778 3940 895 3986 σου,
955 3920 1153 3995 ἀρετῆς
1210 3916 1445 3975 ἔπαθλον
1524 3920 1819 3995 ὑπάρξασαι
1854 3941 1867 3956 ·

224 4010 311 4086 ἐφ’
417 4010 508 4064 σὺν
559 4015 639 4082 τῷ
675 4016 774 4079 τῆς
825 4011 1036 4087 φύσεως
1067 4011 1223 4083 νόμῳ
1272 4012 1564 4087 μορφώσας
1610 4010 1765 4073 υἱούς
1813 4032 1871 4067 τε

218 4099 316 4153 καὶ
379 4099 694 4174 θυγατέρας,
750 4100 862 4172 ἅμα
918 4104 986 4173 τῇ
1045 4099 1306 4175 ὁμοζύγῳ
1340 4120 1353 4134 ·
1414 4100 1624 4162 εἰκόνας
1699 4095 1872 4165 ὅντως

220 4190 462 4262 ἕναργεῖς
518 4189 617 4251 τῆς
673 4183 947 4249 εὐσεϐείας
1006 4208 1101 4242 σου
1179 4186 1562 4258 ἐναπέόειξας·
1636 4189 1696 4244 ἐκ
1769 4196 1869 4258 τῆς

218 4278 361 4352 πρὸς
413 4278 469 4331 σὲ
514 4275 939 4355 ἐπιφαινομένης
988 4274 1174 4339 αυτοῖς
1226 4278 1561 4352 ὁμοιότητος
1609 4277 1867 4356 ἐπιγινω-

221 4387 321 4423 σκο
330 4366 523 4438 μένους
556 4364 941 4439 ἀψευδέστατα.

1982 3212 2177 3278 caput,
2219 3206 2321 3261 sed
2355 3222 2505 3277 genu
2539 3209 2672 3260 ante
2705 3206 2896 3275 ipsum
2938 3199 3619 3269 inﬂectere.0insignem

1986 3298 2165 3353 animi
2193 3297 2604 3352 demissionem
2632 3295 2643 3349 ί
2668 3312 2699 3349 o
2725 3294 2947 3363 plenam
2974 3292 3189 3362 pietate
3211 3288 3615 3359 prudentiain!

1984 3405 2016 3444 ο
2085 3387 2326 3443 nimiam
2386 3395 2542 3441 tuam
2578 3386 2635 3440 in
2669 3382 3069 3455 peccatoribus
3100 3378 3624 3448 ﬁduciamlNeque

1983 3494 2117 3533 vero
2161 3475 2536 3533 admissionis
2602 3474 2776 3543 hujus
2820 3471 3050 3541 prtemio
3124 3468 3480 3523 fraudabere.
3539 3467 3621 3521 En

1979 3573 2217 3640 pr0pter
2236 3564 2342 3620 tibi
2381 3564 2578 3619 omnia
2607 3562 2850 3617 insunt:
2880 3578 2946 3615 ac
2988 3557 3177 3629 magis
3200 3558 3374 3612 etiam
3408 3556 3479 3611 ob
3507 3554 3624 3608 vir-

1979 3661 2183 3723 tutem,
2220 3655 2423 3711 merito
2452 3652 2729 3708 Dominus
2751 3667 2913 3706 meus
2938 3654 2994 3705 et
3023 3649 3305 3720 sanguine
3329 3650 3383 3701 et
3415 3646 3625 3715 spiritu

1979 3748 2193 3803 charus
2232 3762 2293 3801 es
2334 3743 2604 3799 omnibus
2635 3741 2733 3812 qui
2772 3745 2827 3795 te
2884 3743 3170 3794 noverunt
3217 3743 3273 3791 et
3326 3735 3615 3789 viderunt.

1979 3835 2165 3903 Atque
2194 3832 2403 3886 harum
2438 3844 2627 3884 rerum
2663 3832 2843 3882 testes
2888 3833 3019 3881 sunt
3052 3823 3163 3877 illa
3224 3838 3327 3891 pro
3395 3820 3619 3874 meritis

1981 3921 2373 3994 praerogativa!
2406 3918 2759 3988 tuae,quippe
2789 3916 3032 3970 totidem
3067 3912 3303 3984 praemia
3332 3909 3564 3964 virtutis
3595 3925 3608 3961 :

1979 4013 2049 4067 ad
2081 4027 2251 4082 quam
2284 4026 2440 4075 cum,
2467 4014 2528 4062 tu
2563 4005 2739 4062 simul
2771 4021 2902 4059 cum
2946 4019 3141 4070 uxore,
3163 4003 3336 4072 juxta
3392 4003 3611 4054 natura)

1978 4101 2164 4172 legem
2225 4100 2371 4153 filios
2402 4098 2672 4168 filiasque
2712 4093 3073 4159 informasti;
3106 4106 3238 4144 vere
3269 4088 3616 4158 conspicuas

1980 4189 2208 4262 pietatis
2238 4194 2349 4243 tua:
2388 4187 2676 4257 imagines
2707 4184 3009 4247 effinxisti,
3042 4197 3169 4252 quae.
3199 4196 3267 4235 ex
3299 4178 3613 4232 indiscreta

1978 4284 2173 4335 tecum
2222 4294 2288 4333 ac
2318 4276 2630 4333 manifesta
2659 4272 3043 4330 similitudine
3064 4269 3385 4325 certissime
3414 4265 3617 4337 digno-

1978 4374 2235 4425 scantur.

296 4453 452 4513 Ἀλλ’
484 4456 512 4509 ὁ
549 4456 644 4529 μὲν
693 4455 816 4533 περῖ
863 4454 1060 4511 τούτου
1111 4455 1279 4531 λόγος
1325 4461 1595 4519 τοιοῦτος.
1638 4458 1763 4513 Τίνα
1812 4456 1869 4513 δὲ

2047 4458 2157 4513 Sed
2182 4458 2252 4513 de
2279 4457 2386 4511 hoc
2418 4457 2759 4520 argumento
2792 4452 3094 4508 hactenus.
3124 4450 3306 4513 Quam
3347 4462 3478 4501 vero
3510 4459 3614 4515 ego

223 4548 389 4622 λόγον
440 4544 888 4619 παραμυθητικὸν
931 4543 1018 4600 ἐπί
1064 4550 1143 4617 τῷ
1186 4545 1341 4601 πάθει
1389 4552 1487 4602 τοῦ
1542 4544 1865 4622 Προδρόμου

222 4635 528 4710 ὁμωνύμου
556 4633 742 4710 ἔρνους
791 4655 884 4689 σου
916 4633 1334 4711 παγκαλλίστου
1382 4633 1657 4709 ὲξεύροιμι
1701 4638 1727 4691 ὁ
1775 4657 1865 4691 τα-

220 4724 427 4791 πεινὸς,
475 4722 755 4779 λεαίνοντα
807 4725 1000 4799 μικρόν
1051 4746 1105 4780 τι
1151 4726 1214 4779 τὸ
1266 4728 1374 4779 τῶν
1421 4724 1621 4797 τιμίων
1665 4729 1859 4799 ψυχῶν

222 4814 376 4885 ὑμῶν
408 4805 700 4883 θλιόερόνς
748 4811 863 4867 ἐπεὶ
896 4812 1188 4889 ἂπηγγέλη
1242 4834 1335 4886 μοι
1374 4814 1510 4888 πρὸς
1559 4812 1722 4868 αὒτοῦ
1768 4818 1865 4868 τοῦ

218 4900 460 4979 ἃδελφοῦ
492 4902 683 4956 ὁποῖον
712 4903 774 4956 τὸ
805 4901 973 4978 ἄλγος
994 4921 1007 4933 ’
1045 4904 1138 4958 οἶα
1166 4904 1232 4957 τὰ
1262 4900 1464 4978 δάκρυα
1493 4902 1863 4972 ἆποστάζοντα

220 4992 395 5065 θερμᾶ
436 4990 487 5061 ἐξ
537 4989 835 5068 ὀφθαλμῶν
870 5010 883 5023 ο
934 4992 1029 5055 τάς
1073 5012 1131 5046 τε
1180 4991 1527 5061 ἀνακλήσεις,
1561 4992 1865 5048 ἐλεεινολο-

214 5080 337 5157 γίας
373 5101 431 5135 τε
458 5080 548 5135 καὶ
582 5083 941 5157 στοναχῆσεις
973 5100 986 5113 ο
1020 5081 1097 5141 ὡς
1128 5080 1414 5135 ἀκούσαντι
1442 5080 1639 5135 ἕκαστα
1668 5083 1734 5137 τὰ
1764 5086 1863 5136 τοῦ

216 5166 411 5231 παιδὸς
444 5168 917 5240 πλεονεκτήματα,
951 5170 1137 5223 παθεῖν
1174 5190 1227 5223 τι
1277 5174 1478 5242 μικροῦ
1509 5167 1617 5224 δεῖν
1668 5172 1860 5243 ὁμοιο-

218 5260 384 5321 παθές
415 5259 563 5331 ὓμῖν.
596 5258 659 5312 Ὢ
705 5261 822 5319 πῶς
863 5257 1236 5329 ὡμοιώθημεν
1286 5262 1365 5328 τῷ
1396 5252 1562 5312 Δαϐὶδ
1610 5262 1857 5334 πενθήρη

217 5347 437 5422 ψαλμὸν
472 5346 558 5401 ἐπὶ
591 5350 671 5417 τῷ
702 5346 809 5417 υἱῷ
845 5343 1037 5416 «iiscum
1067 5347 1079 5402 ί
1131 5345 1197 5403 Εἰ
1229 5342 1286 5400 δὲ
1317 5344 1519 5407 ἐκεῖνος
1569 5349 1741 5412 οὕτως
1774 5349 1863 5404 ἐπὶ

218 5436 505 5510 ἀτασθάλῳ
551 5437 641 5491 καὶ
684 5435 968 5510 ἀντάραντι
1016 5434 1107 5491 καί
1160 5433 1371 5491 δικαίαν
1420 5432 1575 5507 δίκην
1621 5442 1719 5504 τῆς
1763 5460 1862 5494 πα-

211 5525 473 5603 τραλοίας
519 5523 750 5581 δώσαντι
782 5543 797 5557 ·
829 5524 883 5581 τί
933 5522 1015 5580 δεῖ
1045 5525 1263 5581 ἐνταῦθα
1310 5525 1480 5581 εἰπεῖν
1514 5544 1529 5595 ;
1578 5528 1664 5582 καὶ
1697 5527 1861 5599 πηλί-

1429 5707 1477 5742 ⁵δ
1504 5710 1631 5765 Act.
1664 5724 1718 5775 κ,
1751 5708 1839 5764 34.

287 5709 333 5744 ⁸³
366 5706 513 5765 Psal.
548 5724 673 5778 va,
706 5707 761 5763 3.
840 5708 884 5744 ⁵³
922 5707 1088 5767 Rom.
1112 5724 1231 5777 vm,
1265 5708 1355 5765 35.

1976 4545 2219 4602 humilis
2276 4544 2722 4601 consolatoriam
2794 4543 3116 4599 orationem
3184 4538 3476 4594 inveniam
3555 4537 3613 4591 in

1975 4635 2354 4707 pulcherrimi
2386 4633 2505 4689 nati
2528 4634 2612 4688 tui
2646 4636 2845 4700 morte,
2880 4632 2979 4703 qui
3031 4628 3369 4686 Praecursori
3398 4642 3614 4696 cogno-

1981 4726 2155 4781 minis
2198 4726 2349 4780 fuit?
2388 4739 2640 4795 quanam
2700 4729 2822 4778 arte
2873 4722 2955 4777 vel
3003 4719 3298 4776 tantillum
3333 4715 3611 4785 mitigaho

1972 4816 2427 4871 venerandarum
2446 4815 2776 4870 animarum
2809 4815 3135 4866 vestrarum
3167 4803 3611 4877 aegritudinem?

1974 4905 2115 4959 Mihi
2155 4906 2306 4961 enim
2338 4907 2408 4961 ab
2432 4907 2632 4961 eodem
2657 4906 2833 4960 fratre
2854 4902 3186 4958 nuntiatum
3220 4903 3329 4959 est,
3356 4902 3610 4968 quantus

1973 4995 2050 5050 sit
2078 4999 2262 5051 vester
2290 4995 2475 5061 dolor,
2506 4994 2732 5066 quales,
2770 5008 2943 5065 quain
2978 4991 3257 5046 ferventes
3305 5004 3373 5042 ex
3428 4984 3611 5039 oculis

1968 5084 2237 5157 lacrymae
2270 5089 2504 5139 manent
2536 5101 2550 5140 :
2585 5100 2710 5154 quis
2742 5082 2949 5137 deinde
2980 5077 3616 5150 implorationes,quam

1970 5174 2238 5246 lugubris
2306 5175 2511 5244 oratio,
2544 5192 2669 5245 quas
2719 5172 3015 5243 suspiria:
3050 5177 3112 5224 ut
3169 5185 3300 5224 cum
3352 5164 3614 5235 singulas

1972 5266 2136 5335 pueri
2168 5267 2334 5320 dotes
2365 5266 2651 5333 audirem,
2685 5265 2806 5333 pari
2838 5259 3259 5332 propemodum
3308 5256 3608 5309 vobiscum

1972 5353 2186 5408 doloris
2218 5354 2425 5408 affectu
2450 5368 2864 5407 commoverer.
2894 5349 3036 5415 Heu,
3071 5363 3243 5418 quam
3290 5344 3487 5399 Davidi
3529 5342 3617 5395 si-

1976 5442 2141 5496 miles
2173 5444 2753 5501 ell'eclisumus,cum
2780 5440 3107 5493 luctuosum
3142 5438 3212 5489 de
3244 5434 3360 5488 filio
3380 5447 3612 5487 carmen

1971 5532 2291 5589 accineret!
2323 5534 2483 5597 Quod
2516 5533 2559 5588 si
2589 5531 2685 5587 ille
2715 5532 2799 5587 sic
2831 5530 3073 5585 affectus
3099 5531 3183 5583 est
3206 5541 3343 5596 erga
3366 5524 3613 5594 impium
