4062 6280
335 372 490 436 1269

1583 377 2128 441 EPISTOLARUM
2176 381 2317 447 LIB.
2369 381 2442 443 li.

3580 376 3735 436 1270

336 513 482 578 ζωῆς
512 510 697 580 ἡμῶν,
737 509 814 572 ὡς
858 510 927 582 τῇ
977 507 1147 585 ἄγαθῇ
1202 508 1293 565 καὶ
1350 508 1690 587 φιλαλλήλῳ
1740 508 1969 577 διαθέσει

2094 514 2255 572 vitam
2281 520 2564 587 spectant,
2589 515 3086 586 quemadmodum
3109 529 3178 569 ex
3198 512 3423 569 sincera
3443 528 3509 568 ac
3530 515 3733 568 mutua

333 599 625 673 χρώμενος
658 594 879 673 εἷ’ρηκας
904 618 915 631 ·
970 600 1137 655 πόσον
1191 599 1302 674 ἐγὼ
1334 600 1361 654 6
1392 602 1642 663 ταπειιὸς
1691 602 1979 675 προθυμη-

337 687 486 757 θείην
536 686 877 744 ἐπιστέλλειν
935 694 1002 764 τῇ
1063 685 1463 763 ἀνυπερϐλήτῳ
1538 711 1634 745 σου
1692 691 1975 766 ὑπεροχῇ·

336 776 468 833 αὐτὸ
533 782 695 833 τοῦτο
768 779 1044 851 μανθάνων
1112 779 1209 842 τὰς
1274 778 1521 841 εὐκταίας
1588 780 1767 853 ὑγείας
1832 801 1927 834 σου
1961 799 1975 814 ο

336 867 425 923 καὶ
458 863 634 923 δοκῶν
676 866 803 940 ὁρᾷν
860 888 956 921 συυ
1003 868 1065 922 τὸ
1123 865 1456 941 φιλούμενον
1506 868 1838 941 πρόσωπον·
1889 869 1979 925 καὶ

340 957 557 1013 ἀκούειν
588 978 685 1015 σου
714 965 814 1028 τῆς
845 956 1119 1029 ἣδυτάτης
1150 965 1336 1035 φωνῆς
1359 979 1372 991 ο
1406 962 1475 1031 τῇ
1507 958 1643 1032 πρὸς
1671 960 1762 1013 τὸν
1795 979 1982 1033 γραμ-

342 1048 663 1125 ματηφόροι»
715 1043 1147 1122 συγκάταϐατικῇ
1193 1047 1390 1123 ὁμιλίῃ
1446 1050 1534 1104 καὶ
1594 1048 1793 1119 θεωρίᾳ
1846 1050 1977 1105 sou!

337 1136 484 1209 Δέχῃ
536 1134 640 1208 γὰρ
687 1131 775 1189 διὰ
832 1134 959 1190 Θεὸν
1016 1133 1394 1206 εὐμενὲστατα.
1456 1136 1545 1189 καὶ
1610 1133 1827 1205 ὁμιλεῖς
1888 1136 1976 1190 εύο

338 1227 573 1299 πρόσιτα
627 1224 717 1278 καὶ
772 1227 852 1294 τῷ
906 1224 1172 1297 τυχόντι.
1228 1226 1325 1287 "Oc
1383 1225 1472 1279 καὶ
1529 1222 1825 1299 ἀπήγγειλέ
1883 1246 1976 1296 μοι

338 1311 487 1375 ὅπως
538 1310 935 1384 ἐπισευγνάζεις
987 1317 1108 1374 τοῖς
1173 1310 1282 1383 ἢδη
1351 1312 1487 1368 κατά
1550 1313 1645 1373 τὰς
1712 1313 1979 1387 ἁμαρτίας

338 1408 501 1477 ἡμῶν
534 1404 1010 1476 τετολμημένοις*
1074 1402 1289 1474 στένων,
1339 1405 1428 1461 καὶ
1474 1404 1654 1479 ἀλγῶν
1701 1406 1797 1474 τήν
1847 1425 1979 1479 καρ-

341 1494 457 1550 δίαν
491 1493 570 1569 ἔφ’
604 1494 811 1566 ἑκάστῳ
840 1497 947 1547 τῶν
978 1493 1315 1568 γιγνομὲνων
1340 1537 1353 1551 .
1390 1496 1485 1551 Καὶ
1529 1495 1750 1559 εἰκότως
1777 1536 1790 1550 .
1851 1497 1979 1551 Ἀν-

339 1586 556 1660 θρωπος
585 1584 688 1659 γὰρ
718 1581 771 1636 εἷ’
798 1587 952 1652 Θεοῦ,
985 1580 1107 1637 νοῦν
1136 1580 1280 1664 ἔχων
1323 1584 1487 1658 ἱερὸν,
1518 1587 1701 1658 ψυχὴν
1742 1590 1976 1657 Χριστο·

335 1671 496 1750 φιλῇ,
523 1676 714 1746 γνῶσιν
762 1673 1011 1739 θεοτελῆ,
1054 1669 1292 1727 διάνοιαν
1342 1672 1582 1744 ἐμμελῆ,
1634 1671 1787 1743 δόξαν
1840 1674 1976 1731 εἴλι-

332 1768 537 1836 κρινῆο
588 1760 640 1816 ἒν
702 1763 786 1823 οἷς
849 1759 1153 1838 σφαδάζεις,
1216 1763 1293 1833 μή
1354 1759 1646 1833 δυνάμενος
1709 1765 1980 1836 βοηθῆσαι

2087 606 2371 661 charitate
2393 605 2735 676 signiﬁcasti
2762 621 2774 660 :
2794 611 3011 675 quanta
3030 620 3117 659 me
3138 602 3418 659 humilem
3440 604 3734 657 alacritate

2089 711 2192 764 par
2221 700 2308 751 est
2339 697 2409 750 ad
2441 697 2795 750 eminentem
2854 700 3014 749 tuam
3058 693 3456 750 excellentiam
3510 692 3732 747 litteras

2087 785 2415 841 darezcum
2459 784 2563 839 hoc
2594 784 2790 854 ipsum
2849 785 2919 840 de
2948 788 3004 839 te
3056 783 3301 850 discam,
3362 782 3513 837 belle
3541 786 3618 847 te,
3670 785 3734 836 ut

2088 872 2463 942 cupidissime
2503 877 2662 943 opto,
2722 872 2914 929 valere
2953 887 2967 926 :
3016 888 3148 927 cum
3212 870 3620 927 suavissimum
3667 886 3733 925 os

2089 970 2257 1017 tuum
2324 962 2517 1017 videar
2574 961 2808 1029 intueri,
2870 978 2934 1016 ac
2982 960 3473 1030 jucundissimam
3532 975 3732 1015 vocem

2088 1052 2310 1119 audire,
2334 1052 2430 1106 ubi
2450 1051 2872 1107 humanissimo
2888 1056 2985 1105 tuo
3006 1050 3263 1121 alloquio
3278 1054 3335 1105 et
3356 1054 3591 1120 aspectu
3617 1049 3729 1105 frui

2093 1141 2390 1200 tabellario
2425 1146 2621 1201 nostro
2679 1140 2850 1196 licet!
2886 1141 3113 1211 Excipis
3162 1140 3317 1196 enim
3353 1139 3732 1195 blandissime

2092 1236 2324 1303 propter
2353 1230 2557 1295 Deum,
2608 1246 2675 1284 ac
2714 1229 2987 1285 benevole
3063 1229 3259 1284 aliaris
3302 1228 3388 1284 vel
3449 1229 3732 1297 privatum

2092 1321 2423 1393 quemlibet.
2468 1320 2550 1374 Ad
2581 1335 2669 1374 me
2708 1329 2898 1375 autem
2940 1318 3035 1373 ille
3067 1318 3284 1385 retulit,
3317 1334 3494 1389 quam
3527 1317 3731 1375 acerbo

2092 1412 2288 1467 animo
2319 1426 2384 1465 ea
2408 1409 2554 1465 feras
2580 1425 2709 1479 quas
2730 1409 2855 1479 jam
2874 1408 2979 1476 illi,
2996 1414 3231 1479 propter
3254 1414 3490 1478 peccata
3510 1412 3730 1475 nostra,

2089 1500 2215 1557 ausi
2239 1504 2375 1555 sunt
2407 1497 2660 1554 facinora
2690 1515 2705 1555 :
2765 1497 3178 1569 ingemiscens,
3212 1514 3277 1552 ac
3308 1496 3556 1570 singulis
3605 1513 3731 1566 quis

2090 1591 2366 1647 accidunt
2399 1588 2567 1643 malis
2599 1588 2876 1654 offensus,
2902 1604 3034 1642 cum
3060 1588 3264 1643 intimo
3296 1602 3467 1643 sensu
3493 1586 3731 1642 doloris.

2091 1684 2158 1738 Et
2187 1682 2410 1739 merito.
2442 1682 2583 1737 Nam
2623 1685 2678 1735 et
2708 1680 2879 1735 homo
2903 1679 3000 1734 Dei
3022 1696 3107 1747 es,
3166 1679 3260 1734 cui
3317 1694 3483 1733 sacra
3541 1693 3730 1742 mens,

2088 1773 2282 1831 anima
2310 1772 2518 1828 Christi
2550 1787 2774 1838 amans,
2807 1769 2999 1824 divina
3047 1768 3272 1840 peritia,
3316 1768 3731 1837 circumspecta

334 1856 453 1913 τοῖς
502 1850 811 1925 πράγμασι,
859 1851 995 1905 κατὰ
1047 1850 1109 1904 τὸ
1163 1850 1390 1913 εἰωθός.
1452 1850 1579 1907 ἀλλ’
1640 1853 1780 1927 ὁρῶν
1837 1852 1979 1908 οὕτω

2094 1862 2382 1932 cogitatio,
2444 1876 2637 1917 rerum
2704 1860 3056 1915 existimatio
3141 1858 3417 1924 sincera;
3458 1857 3732 1927 quocirca

334 1937 744 1998 κινδυνεύουσαν
775 1940 874 2008 τήν
926 1938 1277 2010 Ἐκκλησίαν,
1326 1938 1401 2009 ἢν
1450 1943 1978 2012 περιεποιήσατο

336 2029 582 2103 Κύριος
614 2025 719 2083 διὰ
747 2031 863 2082 τοῦ
897 2026 1153 2082 οἰκείου
1184 2025 1510 2100 α’ίματος.
1542 2030 1607 2084 Ὠ
1630 2026 1880 2092 δέσποτα,
1905 2029 1980 2092 εἰς

337 2121 427 2174 οἷα
484 2117 631 2173 δεινὰ
686 2115 1026 2194 ἐφθάσαμεν⁹
1085 2116 1174 2172 καὶ
1232 2115 1401 2186 ἡλίκα
1456 2120 1595 2173 κακά
1639 2121 1976 2190 τεθεάμεθαί

336 2202 602 2279 Ἀμοιϐαὶ
631 2210 800 2262 ταῦτα
830 2200 1223 2278 προλαϐόντων
1256 2207 1662 2279 ἁμαρτημάτων
1691 2251 1703 2265 .
1757 2207 1975 2278 Ἐπειδή

336 2298 437 2374 γὰρ
480 2295 595 2351 οὐκ
635 2292 1137 2368 ἐδοκιμάσαμεν
1168 2296 1276 2350 τὸν
1311 2298 1465 2351 Θεὸν
1503 2293 1682 2371 ἔχειν
1725 2296 1785 2351 ἐν
1835 2298 1978 2354 ἐπι·-

334 2387 605 2460 γνώσει,
639 2382 727 2439 διὰ
758 2383 1008 2460 φυλακῆς
1038 2388 1148 2438 τῶν
1177 2382 1413 2439 ἐντολῶν
1443 2384 1605 2439 αὐτοῦ
1627 2404 1639 2417 ·
1673 2385 1800 2441 ἀλλ’
1849 2386 1979 2443 ἐλύ-

340 2496 509 2548 σαμεν
540 2474 601 2529 οὐ
636 2476 782 2546 μίαν,
829 2471 975 2529 ἀλλὰ
1022 2473 1113 2528 καὶ
1163 2472 1398 2540 πολλάς,
1448 2474 1535 2528 καὶ
1586 2473 1697 2546 ἰδίᾳ
1739 2476 1828 2531 καὶ
1881 2474 1980 2546 δη-

342 2564 507 2637 μοσίᾳ
528 2564 816 2637 σχίσαντες
845 2563 907 2616 τὸ
958 2561 1284 2636 Εὐαγγὲλιω
1332 2568 1428 2617 τοῦ
1479 2565 1751 2637 Χριστοῦ⁶
1802 2568 1979 2636 οἶσθα,

338 2655 367 2709 ὁ
408 2655 593 2730 σοφὸς,
652 2649 685 2706 ἃ
730 2650 924 2727 λὲγωο
976 2648 1282 2726 παρέδωκεν
1333 2654 1481 2724 ἡμᾶς
1534 2654 1562 2707 6
1607 2655 1735 2716 Θεὸς
1786 2653 1836 2710 ἐν
1897 2656 1981 2717 οἷς

340 2743 667 2816 πάσχομενο
702 2738 810 2794 ’ίνα
860 2741 947 2812 μὴ
994 2738 1103 2794 σὺν
1152 2745 1240 2811 τῷ
1279 2740 1506 2815 κόσμῳ
1562 2746 1977 2817 κατακριθῶ-

345 2849 485 2906 μεν·
517 2830 669 2905 καίγε
698 2830 751 2886 οἱ
784 2826 1064 2891 δοκοῦντες
1098 2829 1237 2885 εἷναί
1264 2850 1316 2884 τι
1343 2870 1355 2884 .
1388 2832 1548 2886 Ὥστε
1600 2833 1684 2904 μή
1738 2832 1981 2906 ὑψούσ-

341 2924 546 2976 θωσαν
581 2918 643 2975 ἐν
673 2919 941 2980 ἐαυτοῖς
973 2918 1025 2972 οἱ
1058 2914 1394 2988 ἀσεϐοῦντες,
1428 2919 1504 2980 ὡς
1552 2919 1654 2995 ἆρα
1702 2917 1980 2977 εὐσεϐοῦνο

338 3031 450 3077 τες,
472 3009 620 3065 ἀλλὰ
649 3009 737 3064 καὶ
770 3007 890 3064 λίαν
915 3008 1327 3083 γινωσκέτωσαν
1361 3010 1584 3082 Χριστον
1620 3012 1891 3083 ἀρνεῖσθαι
1911 3019 1980 3088 τῇ

338 3100 591 3169 ἀθετήσει
627 3105 731 3167 τῆς
777 3099 976 3166 σιπτῆς
1022 3098 1186 3153 αὐτοῦ
1235 3096 1464 3168 εἰκόνος,
1511 3100 1570 3160 ὃς
1620 3098 1695 3155 ἔτι
1746 3097 1982 3157 ἀναϐάλ-

341 3190 496 3246 λεται
526 3187 809 3267 ἐπαφεῖναι
857 3188 956 3258 τήν
1002 3184 1302 3257 ἐκδίκησιν,
1350 3186 1528 3265 φειδοῖ
1564 3190 1654 3244 καὶ
1706 3190 1844 3264 ἐλέῳ
1889 3214 1979 3268 φι-

342 3275 690 3351 λανθρωπίας
727 3277 816 3331 καὶ
861 3274 1147 3349 μετανοίας
1174 3293 1187 3307 ·
1223 3273 1340 3331 οέδε
1393 3274 1449 3331 δὲ
1496 3276 1546 3332 ἐν
1592 3276 1735 3334 τέλει
1786 3281 1986 3353 ἀμύνα-

343 3388 471 3444 σφαι
510 3368 636 3427 τοὺς
678 3361 1110 3441 άνεπιστρόφους
1135 3407 1151 3426 .
1191 3366 1365 3428 Αὐτὸς
1410 3367 1499 3422 οῦν
1547 3370 1879 3443 προσεύχου,
1913 3372 1989 3435 ὡς

342 3456 626 3534 θεοφιλὴς,
655 3458 753 3526 τήν
796 3460 902 3510 τῶν
942 3453 1220 3530 δυσχερῶν
1260 3456 1414 3511 λύσιν
1439 3502 1455 3517 .
1508 3458 1680 3515 Ἀλλᾶ
1722 3462 1796 3533 μὴ
1848 3462 1985 3532 ἡμῖν

342 3546 633 3621 ἐπίτρεπε·
682 3544 734 3600 ο⁹ί
793 3543 892 3602 οὒκ
946 3545 1217 3621 ἀρκοῦμεν
1270 3543 1367 3601 κᾶίν
1428 3547 1553 3621 περὶ
1604 3552 1710 3602 τῶν
1771 3550 1984 3605 οἰκείων

345 3638 629 3711 ἁμαρτιῶν
660 3634 994 3706 ἒξιλεοῦσθαι
1046 3633 1139 3691 τόν
1189 3636 1386 3709 ἀγαθὸν
1435 3636 1599 3695 Θεόν.
1660 3640 1845 3710 Ὅμως
1903 3642 1988 3696 ὅτι

341 3727 432 3780 καὶ
463 3727 626 3797 ἡμεῖς
658 3725 954 3798 αἰτούμεθα
978 3767 993 3782 .

2091 1953 2457 2008 vehementer
2498 1950 2728 2021 angeris
2760 1948 2913 2019 quod
2947 1964 3111 2016 opem
3164 1948 3308 2002 ferre
3365 1963 3480 2002 non
3513 1946 3727 2017 possis,

2090 2046 2155 2097 ut
2175 2042 2325 2097 soles
2356 2057 2370 2096 :
2422 2039 2733 2096 Ecclesium
2784 2046 2973 2093 autem
3006 2037 3083 2091 ita
3116 2036 3534 2107 periclitantem
3569 2035 3733 2090 intel-

2088 2131 2259 2203 ligas,
2282 2148 2447 2202 quam
2506 2132 2765 2186 Dominus
2820 2126 3114 2199 acquisivit
3155 2129 3422 2194 sanguine
3464 2141 3567 2180 suo
3587 2125 3652 2180 ⁸⁵.
3685 2125 3728 2180 Ο

2090 2220 2351 2287 Domine,
2385 2221 2445 2276 in
2495 2236 2642 2290 quas
2698 2219 3032 2273 devenimus
3081 2213 3475 2270 calamitates!
3512 2220 3729 2283 quanta

2090 2311 2339 2365 vidimus
2395 2308 2581 2364 malal
2643 2308 2817 2363 Pcena
2866 2306 2985 2361 hinc
3028 2305 3191 2374 justa
3237 2305 3553 2360 criminum
3601 2319 3728 2373 qua

2088 2403 2524 2470 praecesserunt.
2549 2396 3029 2465 Quandoquidem
3061 2394 3217 2449 enim
3238 2408 3348 2448 non
3378 2392 3729 2461 probavimus

2092 2488 2261 2542 Deum
2289 2488 2485 2542 habere
2532 2484 2590 2540 in
2650 2483 2849 2540 notitia
2876 2482 2942 2543 ⁵⁸,
3009 2485 3283 2537 mandata
3338 2480 3499 2537 illius
3529 2481 3730 2535 obser-

2086 2582 2322 2643 vantes;
2356 2574 2455 2629 sed
2481 2590 2592 2627 non
2627 2587 2807 2626 unum
2832 2571 3026 2636 modo,
3052 2585 3251 2624 verum
3267 2584 3333 2623 ex
3363 2568 3453 2622 his
3484 2566 3735 2635 plurima

2090 2665 2469 2734 negleximus,
2508 2670 2564 2718 et
2628 2660 2890 2732 privatim
2950 2664 3007 2714 et
3063 2658 3293 2729 publice
3360 2656 3732 2727 Evangelium

2089 2753 2303 2810 Christi
2355 2753 2721 2809 scindentes:
2783 2748 3083 2819 intelligis,
3133 2748 3218 2803 vir
3287 2747 3541 2818 sapiens.
3591 2745 3730 2815 quid

2089 2844 2297 2911 velim;
2331 2842 2549 2898 idcirco
2578 2840 2813 2897 tradidit
2846 2856 2952 2894 nos
2983 2838 3136 2894 Deus
3181 2836 3271 2893 his
3298 2853 3421 2907 quae
3455 2835 3731 2907 patimur,

2087 2937 2151 2989 ut
2177 2948 2289 2989 non
2316 2948 2441 2987 cum
2470 2931 2570 2986 hoc
2598 2930 2800 2984 mundo
2829 2929 3156 2983 damnamur
3183 2926 3228 2961 ⁵⁷
3262 2942 3275 2980 :
3309 2930 3365 2982 et
3384 2926 3432 2982 si
3468 2925 3737 2980 videmur

2089 3022 2309 3093 aliquid
2338 3037 2484 3078 esse.
2520 3022 2902 3086 Quamobrem
2931 3033 3041 3071 non
3085 3017 3404 3072 excitentur
3442 3016 3503 3069 in
3532 3020 3734 3070 semet-

2088 3112 2220 3181 ipsis
2240 3112 2283 3146 ⁵⁸
2316 3109 2499 3180 impii,
2532 3114 2813 3179 tanquam
2854 3107 2973 3162 sint
3032 3106 3234 3176 utique
3266 3105 3343 3174 pii
3377 3120 3391 3159 :
3423 3104 3524 3159 sed
3569 3103 3739 3172 plane

2094 3198 2422 3263 intelligant
2479 3198 2674 3268 negari
2729 3196 3050 3261 Christum,
3095 3195 3188 3250 ubi
3238 3193 3569 3248 veneranda
3607 3192 3739 3258 eius

2098 3288 2282 3357 imago
2322 3289 2632 3357 abrogatur
2665 3303 2678 3341 :
2713 3286 2812 3357 qui
2848 3284 3250 3346 nihilominus,
3287 3283 3496 3341 inferre
3513 3296 3739 3351 poenam

2095 3380 2402 3433 cunctatur
2426 3392 2494 3431 ex
2536 3375 2889 3446 benignitate
2934 3389 3070 3444 erga
3097 3372 3360 3427 homines
3400 3387 3465 3426 ac
3511 3370 3744 3424 miseri-

2096 3468 2311 3531 cordia,
2342 3472 2523 3537 utque
2553 3465 2684 3521 illos
2716 3466 2785 3521 ad
2823 3465 3215 3531 paenitentiam
3256 3463 3508 3518 adducat
3540 3477 3551 3516 :
3583 3461 3742 3515 novit

2095 3561 2289 3612 autem
2324 3554 2476 3611 male
2508 3554 2739 3611 demum
2762 3554 2989 3610 afﬁcere
3009 3552 3219 3623 eosqui
3239 3568 3353 3606 non
3382 3550 3740 3620 resipiciunt.

2100 3646 2186 3700 Tu
2228 3644 2429 3715 igitur,
2463 3643 2679 3715 quippe
2709 3642 2825 3697 Deo
2856 3646 3079 3712 gratus,
3103 3655 3495 3695 aerumnarum
3538 3638 3747 3692 libera-

2100 3732 2309 3789 tionem
2334 3733 2598 3802 precibus
2633 3747 2824 3786 exora.
2859 3731 2969 3785 Sed
3028 3728 3145 3785 noli
3204 3728 3308 3784 has
3364 3727 3534 3782 nobis
3590 3726 3745 3780 vices

345 3817 645 3879 mandare,
679 3816 778 3884 qui
806 3816 900 3872 vix
923 3832 1092 3887 pares
1132 3830 1337 3873 sumus
1400 3816 1684 3888 placando
1749 3821 1838 3875 vel
1894 3838 1998 3893 pro
2048 3821 2299 3893 peccatis
2358 3821 2606 3893 propriis
2655 3821 2769 3876 Deo
2817 3818 3059 3890 optimo.
3105 3816 3492 3873 Nihilominus
3523 3813 3665 3869 illud
3688 3819 3749 3870 et

345 3922 452 3963 nos
472 3905 584 3977 ipsi
627 3904 972 3975 ﬂagitamus.

410 4001 527 4053 NZ’.
560 4026 630 4040 --
664 3993 1053 4069 Δναστασίῲ
1084 3998 1703 4073 πρωτοσπαθαρίῳ.
1737 4000 1919 4075 [τπγ’.]

2383 4002 2551 4059 LVII.
2584 4031 2654 4042 —
2680 4001 2981 4065 Anastasio
3010 3997 3459 4068 prolospathario.

826 4097 1016 4148 Grates
1052 4112 1152 4161 pro
1185 4099 1355 4161 ipsius
1386 4112 1510 4162 erga
1540 4114 1595 4149 se
1625 4101 1805 4151 studio
1834 4103 1945 4163 agit
1979 4117 1991 4152 :
2024 4105 2135 4153 tum
2166 4103 2362 4166 quibus
2390 4103 2647 4153 (erumnis
2681 4102 3016 4151 conﬂictatur
3043 4098 3281 4161 exponit.

415 4180 504 4240 Ὡς
549 4177 695 4246 καλή
737 4178 772 4246 ἡ
822 4176 1001 4253 φιλία,
1052 4178 1120 4232 τά
1167 4198 1227 4233 τε
1269 4176 1434 4247 ἄλλα,
1493 4180 1579 4235 καὶ
1632 4178 1715 4235 ὅτι
1776 4181 1985 4236 ἀποῦσα

346 4269 422 4330 ὡς
476 4270 724 4341 παροῦσα
776 4267 908 4329 τοὺς
966 4264 1343 4342 ψιλουμένους
1426 4266 1722 4341 εὗεργετεῖν
1789 4268 1987 4329 εἷ’ωθε.

344 4357 577 4426 Τοιαύτη
639 4352 707 4424 δὴ
766 4358 800 4425 ἡ
857 4357 1155 4432 περιφανής
1212 4377 1309 4411 σου
1364 4356 1455 4411 καὶ
1514 4357 1692 4433 ἀγάπη
1752 4359 1842 4414 καὶ
1902 4359 1992 4415 εὖ-

348 4442 528 4501 σὲϐεια
555 4444 691 4519 πρός
727 4464 792 4517 με
818 4444 912 4500 τὸν
954 4441 1215 4516 δύστηνον
1263 4440 1494 4501 ἔκπαλαι
1540 4447 1631 4501 καὶ
1684 4446 1848 4521 μέχρι
1895 4453 1992 4503 τοῦ

348 4532 505 4607 δεῦρο
534 4553 548 4567 ⁸
578 4534 667 4589 καὶ
700 4538 943 4608 παροῦσα
972 4534 1087 4589 κατ’
1129 4532 1468 4606 ὀφθαλμοὺς,
1508 4537 1595 4591 καὶ
1649 4536 1700 4590 ἐν
1745 4537 1992 4611 τοσούτῳ

2169 4183 2454 4239 Eximium
2486 4183 2766 4254 quiddam
2801 4180 3054 4237 amicitia
3083 4186 3190 4247 est,
3229 4195 3363 4234 cum
3396 4180 3468 4235 ob
3501 4181 3738 4234 caeteras

2099 4290 2329 4340 causas,
2370 4278 2490 4329 tum
2523 4273 2673 4341 quod
2707 4273 2777 4326 de
2818 4270 3161 4325 absentibus
3202 4284 3364 4339 usque
3403 4285 3468 4323 ac
3496 4284 3747 4338 praesen-

2101 4363 2257 4417 tibus
2281 4361 2484 4418 amicis
2513 4360 2660 4416 bene
2692 4359 2899 4415 mereri
2938 4358 3105 4415 solet.
3138 4357 3298 4413 Talis
3361 4358 3563 4428 utique
3595 4359 3741 4413 insi-

2100 4453 2229 4523 gnis
2254 4452 2354 4507 illa
2383 4455 2484 4506 tua
2516 4449 2915 4506 benevolentia
2946 4449 3245 4519 pietasque
3293 4465 3431 4519 erga
3466 4464 3558 4503 me
3587 4448 3744 4502 infe-

2103 4541 2270 4596 licem
2295 4540 2647 4611 jamdudum
2664 4555 2849 4610 usque
2879 4539 2951 4593 ad
2970 4536 3315 4594 hodiernum
3332 4538 3506 4603 diem,
3531 4542 3587 4591 et
3609 4554 3743 4594 cum

347 4621 747 4699 ἀπειροπληθεῖ
805 4625 970 4695 μήκει
1037 4621 1299 4680 διεστῶσα
1331 4643 1345 4658 ο
1421 4624 1526 4681 ἀπὸ
1602 4626 1853 4689 Σικελίας
1916 4649 1982 4700 με

2099 4637 2152 4686 te
2181 4646 2375 4686 coram
2408 4634 2728 4699 spectarem
2761 4626 2964 4693 oculis,
2995 4635 3047 4682 et
3078 4644 3232 4682 nunc
3256 4626 3394 4681 dum
3419 4631 3573 4681 tanto
3595 4625 3746 4683 loco-

348 4712 697 4789 εὐεργετοῦσά
754 4710 805 4767 ἐν
860 4717 941 4784 τῷ
1010 4712 1287 4786 Βυζαντίῳ
1364 4708 1511 4784 ὅντα,
1582 4716 1672 4768 καὶ
1731 4715 1835 4770 ἀπὸ
1892 4720 1991 4771 τοῦ

348 4801 640 4872 Βυζαντίου
706 4799 812 4858 ὦδε
874 4804 1087 4861 κάκεῖσε
1142 4804 1592 4878 περιωρισμὲνον,
1653 4802 1833 4880 ὥσπερ
1898 4807 1983 4862 καῖ

347 4896 505 4948 τανῦν
532 4934 546 4951 .
582 4891 677 4947 Καὶ
725 4892 778 4947 τί
823 4896 1005 4961 τοῦτο,
1066 4891 1149 4949 ὅτι
1192 4894 1269 4957 εἰς
1322 4890 1601 4967 ἄνθρωπον
1658 4894 1987 4969 ἁμαρτωλὸν

346 4981 440 5037 καὶ
469 4980 682 5049 ἀνάξιον
712 4982 811 5049 τῆς
860 4981 1123 5056 εὐγενείας
1168 5003 1265 5037 σου
1314 4981 1456 5039 οὕτω
1499 4984 1790 5058 πράττεις·
1839 4984 1988 5054 πλὴν

347 5071 431 5126 ὅτι
460 5071 752 5145 άγαπῶντά
792 5091 849 5125 σε
885 5069 1007 5125 λίαν
1042 5068 1130 5126 διά
1159 5072 1257 5139 τὴν
1312 5072 1364 5126 ἐν
1412 5069 1605 5128 ἅπασιν
1654 5073 1847 5147 ἀρετὴν
1897 5074 1988 5130 καὶ

347 5158 629 5239 φιλοθεῖαν
679 5177 811 5213 σου·
863 5159 929 5227 ἥν
980 5158 1094 5229 ᾅδει
1175 5160 1238 5215 οὐ
1292 5160 1455 5232 μόνον
1518 5161 1763 5229 Σικελία,
1813 5164 1903 5219 καὶ
1951 5166 1985 5233 ἡ

344 5246 493 5305 τίσδε
523 5248 681 5322 χώρα
719 5248 806 5302 καὶ
841 5248 963 5309 τίς’
1016 5246 1161 5303 ἀλλᾶ
1207 5249 1297 5304 καὶ
1349 5248 1484 5318 αὗτή
1535 5252 1569 5319 ἡ
1627 5252 1987 5324 βασιλεύουσα

345 5338 509 5395 πόλις
535 5353 549 5367 ⁸
584 5336 683 5391 Διὰ
712 5340 874 5390 τοῦτο
903 5337 993 5391 καὶ
1027 5335 1309 5409 βασιλεῦσι
1342 5337 1402 5391 σὺ
1436 5337 1693 5414 φιλητὸς,
1731 5341 1819 5396 καὶ
1872 5348 1989 5406 τοῖς

348 5428 398 5482 ἐν
429 5426 573 5482 τέλει
602 5445 616 5458 ·
661 5424 749 5479 καί
777 5424 831 5479 αἱ
865 5425 1005 5493 ἀξίαι
1046 5446 1131 5480 σοι
1182 5427 1272 5481 ἀπ’
1321 5426 1514 5497 ἀρετῆς
1541 5471 1554 5483 .
1606 5429 1758 5484 Οὕτω
1808 5429 1984 5507 φιλῶν

344 5519 434 5571 τὸν
464 5514 614 5583 Θεὸν,
645 5510 946 5589 πεφίλησαι
987 5513 1079 5568 καὶ
1111 5514 1200 5570 ὑπ’
1230 5514 1395 5571 αὒτύῦ
1443 5518 1531 5571 καὶ
1565 5518 1709 5591 παρὰ
1738 5523 1846 5574 τῶν
1896 5520 1988 5574 αὐ-

422 5700 468 5734 ³⁵
496 5702 619 5754 Act.
659 5714 755 5766 xx,
784 5699 874 5755 28.

952 5699 1000 5734 ⁵⁸
1021 5703 1183 5757 Hom.
1208 5718 1248 5768 ῐ,
1271 5702 1361 5756 28.
1440 5702 1529 5755 ⁵⁷1
1561 5702 1789 5769 Cor.x1,
1817 5704 1904 5761 32.

2101 4736 2228 4774 rum
2260 4716 2563 4773 intervallo
2596 4718 2878 4772 dissides:
2910 4731 3043 4771 cum
3061 4731 3127 4771 ex
3147 4715 3347 4770 Sicilia
3370 4731 3463 4769 me
3488 4716 3743 4786 Byzantii

2100 4812 2577 4873 commorantcm,
2627 4811 2683 4861 et
2713 4824 2748 4861 a
2776 4805 3050 4878 Byzantio
3083 4804 3175 4859 hic
3205 4804 3291 4858 vel
3322 4804 3443 4859 illic
3471 4804 3749 4858 exsulan-

2099 4906 2233 4965 tem,
2257 4897 2553 4952 beneﬁciis
2583 4912 2810 4963 oneras,
2835 4896 2983 4949 sicut
3013 4898 3071 4948 et
3101 4910 3275 4947 nunc.
3309 4892 3533 4964 Ecquid
3582 4893 3738 4948 istud

2097 4987 2179 5043 rei
2209 4990 2317 5055 est,
2352 4985 2509 5059 quod
2541 5002 2677 5057 erga
2706 4985 3003 5040 hominem
3047 4985 3428 5053 peccatorem,
3459 4998 3525 5037 ac
3552 4998 3738 5053 gene-

2099 5077 2335 5132 rositate
2367 5084 2464 5131 tua
2500 5075 2831 5145 indignum,
2866 5074 2949 5129 sic
2979 5089 3038 5128 es
3068 5072 3366 5127 animatus
3400 5088 3416 5126 :
3447 5072 3560 5126 nisi
3584 5072 3740 5143 quod

2098 5169 2196 5224 ille
2217 5173 2271 5224 te
2283 5167 2655 5223 vehementer
2669 5166 2857 5235 diligit
2871 5172 3099 5235 propter
3115 5162 3439 5217 absolutam
3464 5164 3736 5218 virtutem

2097 5273 2163 5312 ac
2200 5257 2463 5328 pietatem
2504 5259 2690 5320 tuam,
2733 5269 2909 5323 quam
2963 5250 3159 5306 Sicilia
3212 5252 3405 5318 modo,
3457 5254 3558 5304 aut
3618 5250 3738 5304 hazc

2095 5346 2181 5401 vel
2216 5347 2329 5400 ista
2358 5346 2516 5415 regio
2547 5342 2927 5405 concelebrat,
2971 5341 3070 5395 sed
3104 5344 3161 5394 et
3194 5340 3319 5410 ipsa
3360 5340 3734 5411 imperatoria

2097 5436 2321 5490 civitas.
2363 5436 2720 5503 Quapropter
2748 5437 2806 5486 et
2839 5430 3071 5502 regibus
3126 5430 3266 5498 ipsis
3316 5433 3377 5483 tu
3437 5428 3650 5482 charus
3682 5433 3740 5483 et

2096 5523 2479 5594 optimatibus
2514 5538 2528 5577 :
2562 5537 2628 5576 ac
2660 5523 2971 5591 dignitates
2998 5517 3107 5573 tibi
3139 5519 3211 5573 ob
3241 5517 3512 5573 virtutem
3563 5518 3736 5573 datas.

1982 5704 2028 5740 ⁸⁸
2060 5690 2209 5761 Psal.
2236 5718 2361 5763 va,
2387 5703 2443 5758 7.
