4062 6280
435 363 583 424 1271

1680 367 1745 425 S.
1791 364 2190 427 THEODORI
2234 367 2594 430 STUDlT/E

3679 366 3824 430 12⁸72

425 500 519 555 Sic
547 516 680 558 cum
715 501 898 558 Deum
923 500 1151 570 diligas,
1176 503 1235 555 et
1289 499 1362 556 ab
1409 499 1538 571 ipso
1579 497 1862 570 diligeris,
1891 503 1949 554 et
2004 499 2063 554 at

2187 501 2290 553 τοῦ
2311 539 2326 554 .
2363 499 2508 574 Ἐγὼ
2540 495 2596 554 δὲ
2627 499 2768 572 ὁμοῦ
2802 497 2896 572 μὶν
2928 496 3224 568 ἀπόθητος,
3260 497 3402 570 ὁμοῦ
3432 492 3490 551 δὲ
3526 497 3615 552 καὶ
3665 497 3822 573 ὀρφα-

429 590 510 646 eis
541 591 641 663 qui
675 597 816 647 sunt
845 594 996 662 ejus.
1041 591 1155 662 Ego
1184 605 1315 645 vero
1360 605 1466 646 nec
1524 590 1797 660 cuiquam
1842 589 2078 659 charus,

427 687 482 736 et
512 680 664 736 idem
710 681 1048 752 parentibus
1069 679 1411 736 destitutus.
1452 679 1772 749 Dereliquit
1801 679 1955 735 enim
1985 696 2074 735 me

430 774 596 840 pater
627 786 796 826 meus
829 770 1088 842 migrans
1117 771 1186 824 ad
1231 769 1546 824 Dominum
1579 769 2076 838 quemadmodum

430 863 489 916 et
517 859 642 931 ipse
667 859 906 916 omnino
939 859 1112 916 nosti.
1133 857 1416 915 Similiter
1445 863 1498 913 et
1527 857 1860 929 Calogerus.
1885 858 2078 914 Archi-

429 949 737 1020 episcopus
767 955 824 1004 et
851 949 1004 1004 idem
1042 949 1238 1014 frater,
1273 947 1432 1003 solus
1460 951 1518 1003 et
1575 947 1832 1002 relictus.
1866 947 2074 1003 Verum

429 1041 486 1094 et
516 1038 906 1110 ipse,propter
934 1052 998 1092 ea
1019 1054 1145 1109 qua:
1178 1053 1286 1092 nos
1311 1035 1877 1108 comprehenderunt
1899 1035 2072 1103 mala,

426 1125 771 1196 longissimo
821 1132 1109 1182 terrarum
1167 1127 1354 1196 spatio
1410 1125 1728 1180 dirimitur.
1778 1124 2074 1196 Angustias

429 1216 576 1272 mihi
609 1216 918 1288 utrinque;
951 1232 1077 1287 quae
1106 1220 1300 1270 tamen
1332 1214 1547 1270 Christi
1579 1231 1749 1270 causa
1774 1213 2073 1270 latissima

429 1321 494 1361 ac
524 1304 885 1363 suavissimae
917 1311 1074 1361 sunt.
1109 1305 1218 1361 Sed
1241 1304 1379 1376 quid
1412 1304 1484 1360 ad
1541 1303 1905 1359 infidelitatis
1929 1307 2076 1359 tem-

422 1400 738 1465 pestatem:
787 1395 848 1449 in
916 1411 1032 1467 qua
1064 1394 1367 1449 universus
1407 1393 1824 1462 propemodum
1883 1392 2065 1460 orbis,

423 1487 519 1555 qui
554 1483 689 1538 huic
721 1487 886 1556 paret
942 1482 1211 1554 imperio,
1270 1481 1641 1554 naufragium
1684 1481 1867 1538 facit?
1905 1480 2070 1549 Vide,

421 1574 678 1640 domine,
712 1575 780 1628 ad
805 1590 934 1644 quae
965 1573 1117 1630 mala
1160 1573 1435 1629 reservati
1471 1589 1675 1628 sumus
1709 1590 1722 1628 :
1765 1590 1894 1644 quae
1925 1572 2070 1628 nihil

419 1663 506 1719 vel
538 1680 742 1736 parum
763 1665 1084 1720 admodum
1117 1681 1150 1719 a
1174 1663 1480 1720 Judaismo
1501 1665 1868 1734 discrepent:
1893 1681 2074 1734 quan-

421 1753 730 1823 doquidem
781 1753 1017 1822 Christi,
1098 1753 1611 1826 sanctissimeque
1663 1752 1941 1824 Deipare,
2017 1761 2074 1810 et

2186 587 2278 650 νός
2306 632 2318 645 .
2381 589 2442 646 Ὀ
2485 591 2666 663 πατήρ
2713 609 2821 661 μου
2872 585 3197 662 ἐγκατέλιπὲ
3251 608 3336 661 με,
3383 589 3647 662 χωρήσας
3694 590 3822 665 πρὸς

2185 677 2407 753 Κύριον,
2456 678 2591 734 καθᾶ
2636 679 2850 740 πάντως
2899 675 3127 755 διὲγνως
3163 677 3253 733 καὶ
3302 677 3505 740 αὐτός.
3552 677 3820 741 Ὡσαύτως

2183 768 2273 822 καὶ
2307 770 2334 822 6
2365 766 2702 843 Καλὸγηρως
2729 814 2743 828 ,
2774 773 2829 823 Ὀ
2858 764 3091 844 ἀδελφὸς
3120 767 3210 822 καὶ
3257 766 3691 845 ἀρχιεπίσκοπος
3723 770 3820 840 μό-

2184 877 2274 919 νος
2310 879 2408 931 μοι
2441 856 2958 932 ἐγκαταλέλειπται.
2991 856 3172 914 Ἀλλά
3192 857 3280 912 καὶ
3316 855 3497 919 οὗτος.
3530 854 3620 912 8ιά
3639 859 3706 912 τὰ
3731 862 3816 912 νῦν

2182 947 2548 1024 καεειληιρότα
2588 948 2736 1020 ἡμᾶς
2778 944 2946 1018 δεινά,
2999 944 3385 1017 διεσπασμένος
3426 945 3546 1001 λίαν
3595 943 3818 1020 πόρρω.

2184 1035 2354 1089 Στενά
2388 1056 2482 1106 μοι
2512 1033 2841 1110 ἑκατέρωθεν
2875 1054 2888 1069 ν
2916 1033 3068 1108 ὅμως
3101 1031 3184 1088 ὅτι
3215 1030 3304 1087 διὰ
3331 1035 3558 1100 Χριστὸν
3579 1032 3673 1088 καὶ
3705 1032 3817 1088 λίαν

2181 1121 2386 1198 γλυκέα
2414 1124 2507 1178 καὶ
2537 1122 2798 1199 εὒρύτατα
2816 1166 2828 1179 .
2863 1120 3041 1179 ’Δλλᾶ
3070 1123 3124 1178 τί
3153 1123 3289 1197 πρὸς
3328 1122 3420 1178 τὸν
3451 1119 3710 1178 κλύδωνα
3727 1129 3819 1192 τῆς

2181 1211 2470 1276 ἀπιστίας’
2530 1211 2612 1288 ἔφ’
2675 1214 2721 1286 ᾧ
2763 1213 2826 1268 τὸ
2870 1212 3214 1290 παγκόσμιον
3263 1209 3386 1266 ὅσον
3432 1210 3496 1266 τὸ
3543 1210 3681 1265 κατά
3725 1211 3816 1279 τήν

2179 1302 2299 1356 καθ’
2331 1304 2478 1375 ἡμᾶς
2519 1299 2762 1374 ἱξουσίαν
2814 1301 3114 1376 ναυάγιονς
3159 1298 3272 1355 ἴδε·
3324 1298 3582 1368 δέσποτα,
3631 1298 3709 1362 εἷς
3739 1301 3819 1354 οἱα

2178 1392 2394 1467 πονηρά
2442 1391 2869 1466 ἐταμιούθημεν,
2919 1388 3075 1447 οὐδὲν
3116 1391 3151 1460 ἢ
3189 1389 3380 1464 μικρόν
3426 1411 3478 1446 τι
3528 1387 3820 1445 ἀποδέοντα

2181 1479 2562 1554 Ἰουδαϊσμοῦο
2614 1480 2777 1550 ἡνίκα
2814 1483 2850 1550 ἡ
2884 1480 3043 1535 εἰκὼν
3095 1481 3362 1555 Χριστοῦ,
3407 1486 3509 1548 τῆς
3562 1500 3626 1534 τε
3674 1477 3818 1554 άγίας

2179 1570 2470 1640 Θεοτὸκου,
2518 1569 2606 1625 καὶ
2656 1570 2854 1632 παντὸς
2894 1570 3077 1646 ἁγίου,
3123 1568 3405 1639 ἠθέτηται,
3446 1565 3819 1638 ἐξουδένωται,

2179 1655 2549 1735 ἐνυϐρίζεται.
2621 1661 2796 1722 Αὐτὸς
2861 1659 2967 1736 γὰρ
3033 1658 3269 1734 Χριστὸς
3346 1657 3436 1713 σὺν
3509 1657 3680 1732 μητρὶ
3734 1657 3817 1713 καί

2176 1748 2497 1824 θεράπουσίν
2531 1749 2672 1804 ἐστιν
2710 1751 2738 1804 6
2777 1752 2948 1804 ταῦτα
2986 1746 3340 1827 ὑφισνάμενος
3366 1765 3382 1781 ο
3431 1745 3528 1802 κέν
3575 1745 3640 1802 οὐ
3689 1744 3817 1819 δοκῇ

418 1843 604 1899 sancti
636 1844 896 1914 cujusvis
922 1843 1115 1914 imago
1161 1848 1374 1912 spreta,
1435 1841 1600 1898 nihili
1636 1843 1854 1912 habita,
1892 1843 2063 1898 dede-

2178 1845 2296 1903 τοῖς
2327 1840 2678 1915 ἀρνουμένοις
2707 1882 2720 1896 .
2773 1836 2947 1894 Ἀλλά
2996 1858 3053 1892 σε
3092 1837 3288 1912 Κύριος
3319 1833 3600 1916 φυλάξειεν
3648 1835 3703 1890 ’ἐν
3744 1841 3816 1908 τῷ

421 1949 553 1990 core
582 1933 786 1988 affecta
816 1937 921 1986 est.
965 1931 1092 2002 Ipse
1107 1932 1262 1986 enim
1293 1931 1581 2000 Christus,
1613 1948 1747 1986 cum
1804 1940 1983 1987 matre
2014 1936 2071 1987 et

420 2020 676 2091 famulis,
726 2021 841 2077 ista
890 2022 1207 2093 perpetitur
1259 2039 1273 2075 :
1333 2021 1437 2076 etsi
1497 2021 1845 2089 negantibus
1902 2021 2071 2077 aliter

416 2111 660 2169 videtur.
724 2113 936 2166 Verum
986 2110 1271 2166 custodiat
1353 2113 1409 2166 te
1467 2109 1749 2166 Dominus
1797 2112 1856 2166 in
1917 2115 2073 2166 recta

420 2200 727 2268 sententia,
753 2206 1055 2270 servetque
1084 2215 1117 2253 a
1150 2197 1453 2272 naufragio
1478 2216 1493 2266 ;
1527 2215 1863 2270 quanquam
1888 2198 2071 2255 here-

419 2287 790 2345 sisfluctibus
804 2289 1165 2344 extrinsecus
1181 2288 1569 2359 respergaris:
1594 2289 2069 2359 quandoquidem

420 2379 714 2436 declinare
743 2378 800 2433 id
851 2378 1091 2433 minime
1151 2382 1331 2448 potes,
1356 2378 1417 2433 in
1468 2377 1668 2434 media
1724 2383 2073 2448 tempestate

2179 1928 2325 2003 ὀρθῷ
2369 1931 2677 2002 φρονήματι
2718 1922 3190 1982 ἀκαταϐάπτιστον
3219 1942 3233 1956 ⁶
3281 1924 3328 1979 εί
3366 1925 3456 1979 καί
3505 1929 3624 1986 τοῖς
3681 1926 3819 1998 αἱρε-

2177 2022 2352 2080 τικοῖς
2411 2017 2616 2091 κύμασι
2663 2013 3220 2090 καταρῥαντιζὸμενον
3274 2011 3500 2084 ἔξωθεν*
3555 2013 3672 2069 ἐπεὶ
3718 2014 3817 2089 οὐχ

2181 2108 2298 2162 οἷόν
2343 2127 2402 2162 τε
2444 2104 2720 2184 διαφυγεῖν
2777 2125 2834 2160 σε
2889 2103 3224 2160 παντάπασιν
3282 2101 3333 2157 ἐν
3389 2102 3540 2176 μέσῳ
3600 2103 3816 2179 στρεφό-

2185 2218 2381 2270 μενον.
2427 2197 2526 2251 Καὶ
2567 2195 2657 2251 τὸν
2698 2195 2828 2269 ὑπὲρ
2867 2200 2968 2264 τῆς
3017 2192 3157 2267 ἐμῆς
3199 2193 3579 2256 ταπεινώσεως
3638 2192 3818 2264 μισθόν

2184 2309 2269 2342 σοι
2297 2288 2576 2365 παράσχοι
2619 2282 3053 2353 πολυπλασίονα,
3102 2280 3210 2337 ὦδέ
3247 2303 3306 2337 τε
3343 2281 3432 2337 καὶ
3477 2279 3532 2337 ἐν
3582 2286 3665 2355 τῷ
3697 2281 3817 2359 μὲλ-

2185 2376 2334 2432 λοντι
2365 2375 2522 2431 αἰῶνι
2549 2417 2564 2432 .

419 2466 672 2540 pcsitus.
715 2466 874 2522 Idem
914 2470 971 2520 et
994 2465 1346 2521 humilitatis
1364 2481 1502 2521 mete
1534 2466 1656 2521 vice
1686 2464 2070 2538 multiplicem
2096 2466 2203 2523 tibi
2237 2465 2524 2538 persolvat
2570 2464 2918 2532 mercedem,
2950 2466 3078 2520 tum
3105 2463 3166 2520 in
3192 2463 3330 2532 isto,
3368 2466 3492 2518 tum
3537 2461 3601 2518 in
3641 2462 3815 2518 futuro

422 2553 654 2611 saeculo.

784 2643 980 2699 LVIII.
1005 2674 1073 2685 --
1103 2643 1383 2700 Fratribus
1414 2643 1726 2700 Studianis.

2185 2648 2323 2703 ΕΗΖ
2357 2676 2426 2688 -
2453 2648 2609 2707 Τοῖς
2647 2640 2742 2705 εἷς
2784 2643 2861 2698 τὰ
2899 2639 3220 2697 Στουδίου
3265 2638 3625 2722 ἀδελφοῖς.
3678 2639 3813 2713 [υς’.]

927 2742 1218 2792 Monachos
1245 2741 1534 2792 Studianos
1559 2742 1614 2792 in
1643 2742 1842 2792 Christi
1875 2743 2213 2794 confessione
2244 2743 2539 2793 conﬁrmat.
2574 2743 2785 2806 (Barcn.
2818 2755 2911 2792 an.
2940 2741 3063 2806 818,
3092 2754 3154 2792 n.
3187 2741 3290 2804 20.)

490 2819 713 2877 Salvete
752 2819 812 2876 in
857 2821 1122 2889 Domino,
1167 2822 1376 2877 fratres
1405 2837 1472 2876 ac
1519 2821 1714 2878 Patres
1751 2838 1766 2880 :
1826 2822 2062 2892 salvete,

415 2909 631 2966 milites
687 2910 899 2966 Christi
956 2927 970 2965 :
1052 2909 1233 2978 salve,
1308 2911 1555 2966 fratrum
1613 2911 1776 2980 trias,
1847 2919 2066 2968 sancta

412 2999 716 3056 Trinitatis
744 3000 930 3072 gratia
960 3000 1144 3068 dives,
1167 3016 1297 3056 vere
1327 3001 1486 3071 digni
1518 3001 1731 3056 talibus
1762 3001 2064 3058 salutatio-

413 3089 607 3156 nibus,
641 3090 779 3160 quia
802 3095 1036 3161 propter
1055 3089 1352 3145 Christum
1376 3106 1652 3161 generose
1677 3091 2058 3147 durissimum

412 3195 704 3236 carcerem
761 3179 1049 3250 patimini,
1109 3197 1143 3234 a
1201 3180 1434 3235 Leontio
1488 3181 1706 3237 nefario
1764 3180 1974 3237 vexati.
2018 3181 2064 3235 0

2197 2866 2212 2878 .
2248 2822 2470 2896 Χαίρετε
2501 2820 2556 2877 ἐν
2594 2820 2799 2896 Κυρίῳ,
2839 2819 3067 2899 ἀδελφοὶ
3115 2820 3207 2874 καὶ
3249 2819 3480 2891 Πατέρες
3511 2837 3526 2852 ·
3583 2821 3812 2896 χαίρετε,

2177 2916 2509 2987 στρατιῶται
2553 2915 2653 2966 τοῦ
2707 2912 2984 2985 Χριστοῦο
3044 2909 3284 2984 χαίρετε,
3333 2910 3487 2984 τριάς
3532 2908 3813 2987 ἆδελφικῆ,

2172 3007 2278 3069 τῆς
2335 3000 2492 3074 ἁγίας
2548 2997 2778 3074 Τριάδος
2829 2999 2930 3068 τήν
2989 3000 3152 3074 χάριν
3235 2997 3812 3070 καταπλουτήσαντεςο

2176 3087 2344 3152 ὅντως
2376 3087 2515 3162 ἄξιοι
2555 3087 2817 3145 τοιούτων
2858 3092 3268 3163 χαιρετισμῶν·
3319 3087 3405 3143 ὅτι
3454 3085 3546 3143 διά
3595 3088 3814 3162 Χριστὸν

2180 3179 2363 3257 φέρετε
2383 3180 2642 3254 γενναίως
2670 3179 2772 3249 τὴν
2815 3176 3123 3248 δεινοτάτην
3175 3175 3449 3255 φυλακήν,
3494 3178 3598 3233 ὑπό
3650 3187 3810 3238 Λεον.

413 3268 720 3325 Judaicam
739 3267 1088 3340 apostasiam
1113 3268 1127 3323 ι
1152 3268 1208 3322 Si
1242 3269 1488 3336 agrestis
1522 3270 1640 3325 fera
1669 3275 1845 3335 esset,
1861 3270 2061 3325 satiari

2175 3268 2296 3323 τίου
2324 3271 2420 3324 τοῦ
2450 3267 2757 3337 ἀλάστορος
2789 3265 3152 3338 κολαζόμεναι
3174 3308 3192 3323 .
3244 3269 3313 3320 ’Ὠ
3341 3272 3440 3334 τῆς
3489 3264 3809 3322 ἀποστασία(

415 3359 611 3428 utique
671 3358 784 3424 iam
843 3363 1060 3428 posset,
1111 3357 1452 3427 sanguinem
1519 3365 1781 3415 vestrum
1858 3360 2060 3415 tandiu

409 3446 595 3517 pinnis
631 3447 875 3501 fundens
903 3457 961 3502 et
1006 3446 1306 3502 hauriens.
1362 3450 1438 3503 At
1496 3463 1653 3504 nunc
1709 3449 2062 3505 insatiabilis

406 3540 600 3590 manet
615 3535 916 3605 sanguinis
941 3544 1102 3602 potor
1121 3536 1539 3604 daemoniacus,
1567 3537 1793 3593 nullum
1825 3553 2059 3594 sensum

408 3623 1068 3690 misericordiae,nullam
1083 3625 1463 3680 humanitatis
1478 3627 2059 3682 commiserationem

409 3728 545 3784 erga
576 3729 672 3768 vos
729 3713 1057 3784 suscipiens
1109 3729 1292 3784 agnos
1348 3714 1578 3779 Christi,
1619 3717 1718 3771 sed
1794 3715 2060 3787 afﬂigens

414 3804 692 3871 omnique
725 3802 896 3857 modo
928 3801 1206 3858 devorare
1237 3818 1337 3858 vos
1368 3819 1504 3858 cum
1537 3803 1752 3860 Satana
1785 3805 2054 3864 moliens:

414 3895 476 3944 ut
503 3889 786 3960 glorietur
817 3890 1028 3945 draco:
1063 3895 1127 3945 ut
1157 3906 1255 3962 per
1298 3908 1418 3951 vos.
1481 3909 1586 3947 nos
1617 3909 1821 3950 omnes
1879 3894 2055 3950 etiam

410 3979 863 4050 perterrefaciat.
894 3981 1002 4035 Sed
1053 3979 1270 4036 frustra
1317 3980 1517 4036 Fidelis
1555 3983 1704 4038 enim
1776 3986 1933 4054 Deus,
1965 3986 2060 4057 qui

409 4085 519 4124 non
546 4072 796 4140 patietur
849 4085 941 4126 vos
991 4071 1195 4126 tentari
1245 4087 1412 4143 supra
1461 4089 1626 4143 quam
1672 4077 1917 4145 potestis,
1967 4076 2059 4133 sed

409 4157 575 4228 faciet
596 4161 766 4214 etiam
812 4175 932 4214 cum
995 4162 1298 4215 tentatione
1350 4165 1693 4232 proventum,
1725 4171 1789 4218 ut
1844 4169 2058 4236 possitis

409 4249 676 4303 sustinere
701 4247 767 4304 5’.
803 4247 1209 4304 Recordamini
1248 4255 1581 4307 sanctorum
1629 4252 1730 4323 qui
1763 4269 1797 4308 a
1845 4255 2055 4312 saeculo

410 4335 667 4402 fuerunt,
693 4337 825 4407 quia
857 4352 1030 4392 nemo
1064 4338 1456 4394 tentationum
1506 4345 1564 4396 et
1611 4340 2054 4400 tribulationum

410 4440 612 4494 eXpers
644 4424 862 4495 placuit
907 4425 1042 4481 Deo.
1094 4428 1199 4482 Hic
1257 4428 1491 4499 quidem
1559 4439 1750 4487 sectus
1798 4439 1884 4489 est
1916 4451 1930 4502 ;
1959 4433 2058 4489 ille

409 4511 738 4582 lapidatus:
796 4513 945 4568 alius
1001 4514 1137 4586 igne
1182 4523 1618 4588 consumptus;
1663 4521 1761 4576 alii
1817 4521 2054 4579 distenti

2170 3362 2269 3414 τοῦ
2329 3354 2804 3433 Ἰουδαιόιρρονοςί
2866 3355 2932 3412 Ei.
2989 3357 3092 3431 θὴρ
3140 3356 3208 3424 ἦν
3256 3351 3465 3432 ἄγριος,
3533 3355 3806 3415 τοσούτοις

2171 3447 2390 3522 χρόνως
2447 3445 2676 3502 ἐκκενῶν
2743 3449 2812 3520 τῇ
2864 3445 3098 3500 κακώσει
3156 3445 3247 3498 καὶ
3323 3442 3494 3499 πίνων
3559 3447 3625 3500 τὸ
3681 3447 3806 3517 αἷμα

2171 3536 2350 3608 ὑμῶν,
2382 3533 2639 3609 ἐκορέσθη
2674 3531 2770 3592 ἄν.
2820 3535 2882 3590 Ὀ
2934 3531 2991 3588 δὲ
3037 3533 3180 3605 μὲνει
3240 3530 3531 3608 ἀκόρεστος
3586 3535 3804 3605 αἳματος

2167 3623 2342 3697 πότης
2379 3624 2733 3700 ἀγριούμενος
2765 3623 2793 3678 6
2831 3621 3128 3697 δαιμονῶν,
3170 3623 3234 3678 οὐ
3277 3618 3577 3697 λαμϐάνων
3624 3624 3801 3692 αἴσθη-

2165 3735 2250 3770 σιΛ
2301 3713 2510 3783 ἐλέους,
2568 3713 2667 3769 οὐκ
2736 3712 3021 3787 οίκτιρμὸν
3077 3710 3485 3791 φιλανθρωπίας
3543 3715 3620 3776 εἰς
3671 3713 3801 3785 ὑμᾶς

2161 3805 2230 3860 τὰ
2285 3802 2441 3864 ἀρνία
2497 3807 2594 3858 τοῦ
2652 3806 2909 3876 Χριστοῦ.
2967 3799 3098 3856 ἀλλ’
3175 3794 3469 3874 ίκθλίϐων,
3504 3803 3598 3857 καί
3653 3802 3797 3856 παντὶ

2163 3893 2350 3968 τρόπῳ
2394 3896 2795 3968 μηχανουργῶν
2837 3891 2929 3946 σὺν
2965 3893 3045 3961 τῷ
3085 3894 3258 3944 Σατᾶν
3309 3897 3592 3946 καταπιεῖν
3628 3891 3794 3964 ὑμᾶς’

2158 3982 2250 4038 ’ίνά
2289 3981 2698 4058 ἐγκαυχήσηται
2746 3983 2774 4036 6
2824 3978 3033 4054 δράκων
3063 4000 3074 4013 ·
3120 3979 3210 4035 ’ίνα
3258 3982 3475 4054 πτοήσῃ
3529 3977 3601 4035 δι’
3657 3981 3793 4053 ὑμῶν

2185 4071 2445 4145 καὶὴμᾶς
2481 4071 2720 4133 πάντας*
2773 4066 2900 4125 ἀλλ’
2957 4066 3214 4142 οὕόαμῶς
3241 4114 3255 4128 .
3305 4067 3555 4131 Πιστὸς
3611 4067 3729 4144 γάρ
3767 4067 3792 4120 6

2165 4161 2340 4226 Θεὸς,
2381 4160 2448 4221 ’ὀς
2490 4157 2606 4212 οὐκ
2656 4157 2831 4212 ἐάσει
2879 4157 3046 4230 ὕμᾶς
3081 4157 3524 4230 πειρασθῆναι
3579 4153 3790 4228 ὑπέρὸ

2165 4247 2476 4304 δύνασθε·
2504 4245 2677 4302 ἀλλά
2704 4247 2978 4317 ποιήσει
3017 4245 3129 4300 σὺν
3168 4249 3258 4317 τῷ
3294 4249 3647 4319 πειρασμῷ
3693 4241 3790 4298 καὶ

2161 4339 2278 4408 τὴν
2311 4335 2601 4403 ἔκϐασιν,
2641 4340 2753 4392 νοῦ
2794 4333 3110 4391 δύνασθαι
3153 4336 3570 4409 ὑπενεγκεῖν,
3611 4336 3793 4404 Ἀναμ-

2159 4429 2394 4499 νήσθητε
2421 4431 2532 4482 τῶν
2564 4426 2656 4481 ἀπ’
2685 4425 2883 4487 αἰῶνος
2911 4424 3102 4500 ἁγίων,
3135 4424 3219 4480 ὅτι
3251 4423 3428 4486 οὐδεὶς
3460 4421 3584 4480 ἄνευ
3614 4442 3789 4497 πειρα-

2160 4517 2364 4592 τηρίων
2387 4517 2476 4572 καὶ
2507 4513 2734 4572 πολλῶν
2773 4513 3011 4589 θλίψεων
3053 4513 3380 4588 εύηρέστησε
3417 4517 3499 4585 τῷ
3543 4517 3656 4585 Θεῷ
3680 4556 3694 4570 .
3734 4512 3787 4568 Ὀ

409 4608 547 4657 sunt
574 4601 640 4656 ⁸ο.
673 4603 740 4657 Et
770 4604 921 4674 quod
952 4609 1185 4671 tempus
1217 4605 1472 4662 sufﬁciat
1495 4611 1859 4666 recensende
1885 4613 2053 4669 nobis

2172 4608 2258 4681 μὲν
2318 4607 2592 4682 ἐπρίσθηο
2651 4605 2679 4659 6
2737 4601 2793 4659 δὲ
2850 4603 3150 4673 ἐλιθάσθη’
3209 4602 3383 4666 ἄλλος
3440 4603 3784 4676 πυρίκαυστος

410 4689 834 4761 circumposita:
867 4691 1007 4746 nubi
1057 4699 1420 4763 martyrum;
1482 4713 1729 4768 quorum
1766 4717 1871 4756 vos
1917 4718 2048 4757 cum

408 4777 718 4848 participes
775 4779 907 4834 sitis
965 4784 1020 4834 et
1095 4781 1482 4840 certaminum
1561 4787 1725 4853 socii,
1804 4789 2054 4859 gaudete

408 4868 617 4923 fratres
647 4868 782 4938 mei,
825 4869 1038 4939 gaudio
1082 4869 1384 4938 ineﬂ'abili,
1417 4889 1662 4946 regnum
1725 4877 2052 4933 obtinentes

404 4961 609 5012 contra
638 4956 925 5022 haeresim,
961 4963 1162 5014 contra
1207 4960 1470 5018 affectus.
1506 4964 1618 5031 Tu,
1653 4965 1878 5021 nomini
1910 4983 2046 5022 con-

405 5049 698 5116 gruenter,
750 5045 887 5101 forti
925 5063 986 5103 es
1011 5049 1228 5115 animo,
1277 5050 1565 5107 Carterius
1594 5069 1608 5108 :
1636 5058 1696 5108 tu
1729 5055 1785 5109 in
1821 5056 2051 5126 patien-

403 5134 487 5189 tia
518 5133 698 5202 dives,
753 5135 1236 5207 opulentissimus
1279 5139 1646 5209 Aphthonius
1678 5159 1690 5196 :
1717 5151 1775 5197 tu
1822 5143 2048 5198 divinas

404 5223 686 5280 charitate
708 5225 1136 5294 corroboratus,
1168 5226 1472 5282 verissime
1493 5229 1768 5300 Agapius.
1795 5230 2048 5288 Carceris

2160 4698 2376 4773 γέγονεν
2412 4717 2426 4730 ·
2481 4693 2665 4771 ’ἔτερος
2719 4693 3206 4768 ἀπετυμπανίσθη,
3265 4694 3365 4748 Καὶ
3438 4697 3544 4748 ποῦ
3613 4690 3786 4766 καιρὸς

2161 4785 2463 4860 ἐξαριθμεῖν
2520 4784 2583 4840 τὸ
2641 4783 3013 4858 περικείμενον
3069 4786 3205 4856 ἡμῖν
3273 4782 3433 4862 νέφος
3489 4787 3596 4837 τῶν
3659 4799 3780 4854 μαρ-

2157 4875 2336 4949 τύρων
2366 4893 2380 4943 ;
2412 4872 2485 4928 ὧν
2542 4872 2690 4936 ὄντες
2737 4871 2826 4929 καὶ
2881 4874 3034 4946 ὑμεῖς
3077 4873 3334 4928 κοινωνοὶ
3381 4873 3470 4926 καὶ
3519 4869 3780 4933 σύναθλοι,

2158 4964 2399 5044 χαίρετε,
2459 4961 2687 5042 ἀδελφοί
2759 4983 2884 5036 μου,
2963 4967 3110 5037 χαρᾷ
3175 4959 3580 5034 ἀνεκλαλήτῳ·
3640 4959 3778 5030 βασι·

2159 5053 2408 5116 λεύοντες
2447 5053 2584 5108 κατά
2629 5058 2731 5123 τῆς
2780 5051 3059 5128 αἱρέσεως,
3109 5052 3244 5107 κατὰ
3288 5055 3396 5106 τῶν
3442 5051 3662 5106 παθῶν.
3713 5044 3778 5100 Σὺ

2157 5142 2186 5196 ὁ
2227 5140 2564 5218 φερωνύμως
2603 5139 3016 5216 καρτερόψυχός
3067 5161 3171 5213 μου
3221 5140 3545 5213 Καρτὲριοςο
3591 5136 3652 5190 σὺ
3679 5135 3705 5188 6
3732 5131 3777 5186 ἐν

2159 5232 2412 5304 ὑπομονῇ
2472 5227 2950 5304 δεδαψιλευμένος,
3019 5229 3400 5306 ἀφθονώτατος
3469 5224 3774 5303 ’Δφθόνιος’

401 5313 726 5370 obscuritas
753 5319 979 5370 internas
1010 5314 1175 5370 vobis
1221 5320 1278 5370 et
1308 5315 1731 5374 inaccessibilis
1752 5318 1898 5376 lucis
1957 5325 2048 5378 est

2172 5318 2216 5374 τὺ
2273 5321 2302 5374 6
2371 5318 2755 5394 εὖσθενημὲνος
2828 5323 2896 5391 τῇ
2967 5319 3083 5392 θείᾳ
3159 5319 3381 5395 ἀγάπῃ,
3453 5313 3774 5384 ἀληθέστατα

400 5403 808 5460 conciliatrix:
865 5404 1046 5460 fames
1088 5403 1342 5475 paradisi
1371 5403 1749 5474 deliciarum;
1787 5410 2040 5478 nuditas,

2155 5409 2447 5482 Ἀγάπιος.
2489 5409 2568 5466 Τὸ
2629 5404 2871 5485 ζοφῶδες
2925 5415 3026 5479 τῆς
3073 5413 3316 5484 φρουρᾶς
3363 5405 3609 5481 πρόξενον
3659 5401 3772 5472 ὑμῖν

401 5492 562 5566 pallii
602 5491 1098 5562 immortalitatis;
1156 5492 1436 5562 solitudo,
1469 5497 1867 5555 conversionis
1907 5515 2044 5556 cum

2172 5501 2246 5554 τοῦ
2293 5497 2517 5554 αίωνίου
2573 5498 2668 5553 καὶ
2716 5496 3016 5572 ἀπροσίτου
3064 5497 3281 5578 φωτόςο
3312 5498 3348 5567 ἠ
3383 5492 3770 5568 λιμοκτόνησις,

400 5584 516 5640 Dec
539 5601 554 5651 ;
577 5598 746 5639 coma
773 5579 1024 5652 intonsa,
1056 5582 1274 5638 decore
1299 5584 1658 5643 venustatis:
1697 5591 1763 5644 ut
1794 5588 2043 5647 revelata

2172 5594 2249 5659 ῖῆς
2304 5594 2512 5668 τρυφῆς
2566 5590 2666 5645 τοῦ
2723 5584 3093 5663 παραδείσουο
3153 5589 3190 5660 ἡ
3248 5585 3630 5666 γυμνήτευσις,
3681 5579 3768 5632 τοῦ

467 5710 518 5747 ⁸9
548 5709 573 5768 ι
603 5708 729 5768 Cor.
754 5727 812 5780 ι,
844 5710 933 5769 14.
1007 5707 1057 5744 ⁸ο
1077 5707 1249 5767 Hebr.
1282 5725 1382 5780 xu,
1401 5709 1492 5770 35.
