4062 6280
267 355 468 455 ’1273

304 525 404 587 τῆς
454 521 735 584 ἀθανασίας
778 513 1138 594 περιϐολαίου
1172 538 1186 555 ο

302 616 436 667 Θεοῦ
476 610 750 689 διαγωγῆς
785 630 798 644 ·
847 613 883 680 ἡ
934 617 1034 679 τῆς
1084 607 1265 682 κόμης
1316 608 1559 681 ἄκαρσις,
1590 615 1689 678 τῆς
1750 607 1938 685 εὐπρε-

300 702 436 762 ποῦς
485 698 853 776 θεομορφίας’
887 697 964 760 εἷς
1010 698 1073 752 τὸ
1124 693 1618 768 ἀνακεκαλυμμένῳ
1656 700 1938 772 προσώπῳ

297 790 399 857 τὴν
454 784 608 858 δόξαν
669 788 872 860 Κυρίου
932 785 1400 860 κατοπτρίζεσθαι.
1463 785 1573 843 Οὐκ
1645 783 1716 841 ἔνι
1793 789 1937 864 χαρά

297 881 503 946 ταῦτα;
562 876 667 932 οὒκ
755 875 831 933 ἔνι
918 875 1236 952 ἀγαλλίασις
1301 877 1478 944 πάσης
1562 875 1937 951 ἀγαλλιάσεως

301 965 696 1040 ὑπεραίρουσα;
745 966 900 1041 Τάχα
944 963 1234 1047 ὀφείλομεν
1277 962 1365 1020 καὶ
1413 965 1679 1035 ἀνιᾶσθαι,
1715 966 1795 1025 ὅτι
1858 967 1934 1038 μὴ

295 1046 387 1112 καῖ
428 1055 501 1119 εἰς
547 1053 706 1128 ξύλον
755 1056 784 1109 ὁ
825 1046 995 1123 ποῦς,
1023 1054 1112 1113 καὶ
1144 1051 1332 1117 ἅλυσις
1363 1054 1738 1130 περικειμένη.
1771 1057 1932 1110 Ὅσον

294 1144 396 1220 γάρ
426 1142 709 1214 πλεονάζει
751 1145 819 1199 τά
866 1145 1183 1215 παθήματα,
1215 1147 1476 1200 τοσοῦτον
1523 1144 1613 1200 καὶ
1667 1147 1703 1214 ἡ
1758 1146 1934 1220 παρά-

293 1234 492 1306 κλησις
538 1237 637 1299 τῆς
682 1230 841 1306 δόξης
880 1237 982 1289 τοῦ
1012 1237 1166 1294 Θεοῦ.
1198 1238 1373 1291 Ταῦτα
1409 1231 1462 1288 ἔν
1494 1231 1707 1308 ὀλίγοις
1728 1254 1742 1269 ο
1773 1232 1931 1299 εἰδὼς

293 1324 378 1379 ὅτι
419 1321 625 1378 ο⁹ίκοθεν
682 1319 835 1398 ἔχετε
891 1325 992 1392 τήν
1045 1324 1355 1396 ὑπομονὴν,
1383 1322 1724 1400 παρεκάλεσα
1765 1325 1927 1392 ὑμᾶς,

1549 385 2111 452 EPISTOLARUM
2154 388 2302 451 LIB.
2347 387 2423 448 11.

1239 519 1274 588 ἡ
1337 518 1597 590 μόνωσις,
1644 524 1746 588 τῆς
1808 517 1931 592 μετᾶ

2056 520 2204 576 facie
2231 520 2334 576 Dei
2364 519 2610 590 gloriam
2640 515 3033 589 conspiciatis.
3066 516 3189 571 Non
3241 515 3518 588 gaudium
3561 519 3699 570 sunt

3547 372 3702 443 12⁸14

2053 611 2213 669 ista?
2270 611 2392 668 Non
2452 609 2756 668 exsultatio
2827 608 2985 664 omni
3017 606 3402 664 exsultatione
3467 604 3695 677 major?

2046 701 2212 766 JEare
2252 702 2444 759 forsan
2475 700 2650 755 laturi
2684 714 2926 767 sumus;
2960 697 3114 769 quod
3161 713 3276 752 non
3320 696 3544 752 inditus
3595 711 3694 767 pes

2045 791 2227 863 ligno,
2249 808 2358 846 non
2394 789 2666 862 imposita
2697 798 2919 844 catena.
2944 789 3065 854 Quo
3104 786 3261 842 enim
3301 785 3490 855 magis
3513 785 3694 842 abunu

2046 879 2187 936 dant
2217 895 2510 946 aerumnae,
2539 883 2697 934 tanto
2729 877 3117 932 abundantior
3146 874 3468 930 consolatio
3499 873 3692 944 gloria:

2045 969 2165 1024 Dei.
2203 968 2331 1023 Haec
2363 968 2564 1040 paucis
2596 983 2611 1022 :
2646 967 2838 1023 sciens
2865 981 2966 1022 vos
2997 983 3031 1020 a
3086 964 3250 1025 vobis
3291 963 3436 1034 ipsis
3484 962 3693 1018 habere

2045 1057 2413 1131 patientiam,
2462 1057 2726 1113 hortatus
2793 1071 2946 1122 sum,
2998 1053 3346 1110 cbarissimi.
3396 1056 3512 1109 Vos
3559 1069 3690 1108 vero

2042 1147 2342 1220 rependite
2375 1146 2537 1216 mihi,
2570 1145 2864 1217 simulque
2892 1143 3126 1200 Nicolao
3177 1142 3279 1215 qui
3323 1159 3548 1199 mecum
3603 1147 3690 1198 est

2041 1237 2201 1293 fratri
2241 1245 2460 1304 nostro,
2510 1235 2608 1307 qui
2667 1251 2764 1290 vos
2820 1242 2873 1290 et
2929 1233 3160 1300 salutat,
3227 1249 3423 1292 sacras
3479 1249 3678 1304 preces

2040 1333 2282 1395 vestras,
2309 1331 2372 1384 ut
2398 1326 2539 1384 salvi
2573 1326 2781 1384 simus.

292 1411 569 1494 φίλτατοι.
622 1417 804 1486 Ὑμεῖς
865 1410 921 1467 δὲ
975 1405 1282 1482 ἀντιδοίητέ
1339 1435 1456 1487 μοι,
1500 1435 1592 1469 συν
1642 1418 1721 1486 τῷ
1772 1414 1976 1471 συνόντι
2025 1412 2281 1488 Νικολάῳ
2330 1418 2408 1488 τῷ
2454 1411 2674 1492 ἀδελφῷ
2723 1415 2909 1486 ἡμῶν,
2953 1414 3012 1475 ’ὸς
3062 1414 3200 1486 ὑμᾶς
3256 1413 3346 1468 καὶ
3416 1431 3692 1491 προσαγο-ν

295 1503 461 1581 ρεύει,
491 1503 587 1567 τὰς
614 1503 760 1578 ἱερᾶς
789 1502 1100 1583 προσευχὰς
1135 1502 1210 1565 εἷς
1239 1503 1301 1559 τὸ
1335 1504 1596 1576 σώζεσθαι
1626 1506 1796 1579 ἡμᾶς.

648 1629 774 1686 ΝΘ’.
801 1661 870 1672 -
908 1626 1394 1698 Μοναζοόσαις.
1436 1631 1584 1704 [υκ’.]

2556 1631 2697 1688 LIX.
2731 1661 2794 1673 —
2825 1630 3173 1686 Monialibus.

288 1754 528 1817 Triginta
559 1753 816 1804 moniales
845 1767 968 1818 quas
996 1767 1099 1814 pro
1130 1753 1342 1806 Christo
1372 1757 2609 1889 carcerentBegrggrbg-aSpgrtuleggn)t,'laudat,
2641 1762 2693 1809 et
2731 1757 2796 1807 ad
2843 1756 3302 1824 perseverantiam
3352 1753 3688 1809 adhortatur.

1831 1856 1843 1869 .
1952 1858 1964 1870 .
2096 1857 2108 1880 ,
2143 1835 2198 1872 n.
2307 1860 2317 1871 .

1831 1856 1843 1869 .
1876 1835 1964 1870 an.
1995 1835 2108 1880 διο,
2143 1835 2198 1872 n.
2238 1835 2317 1872 κυ.

359 1933 527 2006 Χρέος
576 1929 726 2006 εἴπερ
775 1930 916 1988 ἄλλο
964 1953 1016 1988 τι
1070 1932 1196 2008 ἐμοὶ
1243 1939 1321 2007 τῷ
1361 1939 1612 2008 ταπειιῷ,
1646 1936 1786 2009 ὑμᾶς
1842 1935 1931 1997 τάς

2117 1941 2322 2011 Debeo,
2354 1943 2403 1998 si
2451 1941 2589 2014 quid
2635 1941 2815 2008 aliud,
2850 1938 3090 1994 humilis
3139 1954 3244 2010 ego
3295 1954 3418 2004 vos,
3450 1937 3684 1994 Domlui

285 2025 382 2078 τοῦ
417 2021 614 2097 Κυρίου
673 2020 909 2100 ἀδελφὰς
962 2025 1053 2078 καὶ
1115 2025 1350 2101 μητέρας
1406 2027 1543 2081 κατά
1589 2027 1650 2081 τὸ
1707 2025 1931 2096 ἀληθὲς,

287 2111 364 2176 ὡς
420 2109 580 2174 αὑτὸς
637 2110 831 2187 ἔφησεν
862 2115 897 2183 ἡ
951 2111 1203 2185 ἀλήσεια,
1251 2114 1400 2191 λόγῳ
1457 2116 1811 2191 παρακαλεῖν,
1842 2117 1930 2172 καὶ

284 2200 595 2275 παραινέσει
653 2199 930 2279 ἀλείφειν·
999 2203 1375 2276 ὑπομενούσας
1419 2202 1510 2262 ὂιά
1561 2205 1792 2280 Χριστὸν
1840 2207 1929 2261 καὶ

290 2290 540 2365 στέρησιν
614 2293 824 2366 μητρὸς
872 2301 1264 2367 πνευματικῆς,
1309 2295 1399 2350 καί
1450 2292 1712 2365 διάζευξιν
1755 2294 1930 2367 ἀλλή-

282 2381 423 2451 λων,
454 2381 544 2435 καί
596 2387 770 2453 μονῆς
821 2381 1048 2456 εὐαγοῦς
1104 2381 1406 2462 ἀφαίρεσιν,
1437 2385 1529 2439 καί
1580 2405 1642 2458 γε
1681 2383 1931 2462 φυλακῆς

283 2471 541 2542 τήρησιν⁹
599 2466 705 2541 ἤδη
765 2473 1271 2551 προμαστιχθείσας
1323 2471 1593 2549 ὁμολογίᾳ
1648 2473 1930 2542 ἀληθείας.

284 2557 467 2617 Ἀλλά
496 2561 548 2613 τί
583 2563 841 2614 τοσοῦτον
872 2558 1013 2615 ε’ίπω
1049 2559 1291 2634 ἐπαίρων
1325 2563 1478 2636 ὑμῶν
1523 2563 1585 2618 τὸ
1628 2563 1929 2639 ἀξιόχρεων

287 2648 602 2726 ὲγκώμιοη
655 2653 796 2723 uta;
851 2657 1020 2724 μονῆς
1084 2650 1190 2722 ὅλη
1267 2650 1573 2729 ἀδελφότης
1645 2672 1934 2726 τριακοντ-

287 2737 520 2812 άριθμος
547 2741 600 2794 ἐν
627 2742 707 2811 τῷ
746 2735 972 2812 παρόντι
1015 2741 1221 2816 χρόνῳ,
1257 2741 1348 2799 ὅτε
1395 2741 1758 2816 ἐξετράπησαν
1789 2743 1930 2816 ὁμοῦ

291 2825 387 2899 μὲν
430 2825 694 2903 ἄρχοντες
739 2828 830 2883 καὶ
878 2828 1198 2906 ἀρχόμενοι,
1232 2827 1339 2886 δέει
1369 2832 1600 2888 Θανάτου
1631 2851 1933 2908 παρακρουο

289 2916 508 2990 σάμενοι
566 2917 658 2972 τὸν
715 2921 810 2972 τοῦ
869 2920 1068 2993 Κυρίου
1100 2918 1262 2994 λόγον
1289 2941 1302 2954 ο
1343 2921 1484 2995 ὁμοῦ
1516 2919 1572 2976 δὲ
1604 2924 1933 2993 μονάζοντες

288 3007 378 3060 καί
407 3006 753 3078 μονάζουσαι,
788 3006 833 3061 εἷ
866 3006 955 3061 καί
984 3027 1127 3070 τινες
1159 3006 1440 3084 ὀλιγοστοὶ
1489 3010 1888 3082 ὑπελείφθησαν
1915 3030 1928 3044 ·

286 3095 645 3171 ὁμοψυχῆσαι
703 3093 899 3166 οὕτως,
942 3097 1032 3152 καὶ
1087 3097 1182 3153 τὸν
1244 3099 1376 3173 ὑπὲρ
1434 3101 1677 3174 Χριστοῦ
1735 3100 1929 3156 ἄεθλον

285 3184 679 3256 ἀναδήσασθαι,
709 3191 870 3242 τοῦτο
901 3193 1021 3252 τοῖς
1047 3189 1217 3244 πάλαι
1262 3190 1488 3266 χρόνοις
1525 3187 1930 3266 παραϐλητέον.

2041 2046 2237 2088 revera
2287 2050 2510 2090 sorores
2561 2036 2912 2102 matresque,
2968 2035 3032 2084 ut
3073 2027 3299 2084 Veritas
3348 2029 3478 2099 ipsa
3517 2027 3681 2099 dixit,

2041 2121 2226 2177 verbis
2258 2123 2500 2192 hortari,
2533 2129 2590 2178 et
2620 2120 2857 2177 monitis
2907 2121 3238 2186 accendere,
3271 2134 3398 2190 quas
3449 2121 3682 2189 propter

2039 2210 2356 2282 Christum,
2389 2221 2444 2268 et
2476 2210 2788 2282 spiritualis
2819 2208 3019 2264 matris
3053 2207 3450 2279 privationem,
3473 2211 3529 2262 et
3551 2222 3680 2261 mu-

2039 2304 2198 2355 tuam
2225 2319 2256 2356 a
2279 2300 2438 2358 vobis
2461 2303 2911 2372 separationem,
2936 2307 2990 2355 et
3009 2297 3196 2353 sancti
3221 2296 3467 2353 casnobii
3487 2296 3682 2351 adem-

2040 2389 2317 2460 ptionem,
2352 2400 2403 2448 et
2432 2389 2680 2447 carceris
2711 2388 3038 2445 custodiam
3089 2385 3410 2450 sustinetis,
3443 2385 3682 2440 verbera

2033 2481 2324 2550 jam'ante
2377 2497 2478 2553 pro
2526 2479 2781 2535 veritatis
2828 2475 3192 2534 confessione
3237 2490 3545 2548 perpessa.
3576 2473 3682 2528 Sed

2041 2569 2180 2641 quid
2213 2570 2356 2625 satis
2389 2585 2669 2642 magnum
2714 2569 2928 2634 dicam,
2964 2565 3302 2637 praeclarum
3350 2562 3682 2621 encomium

2039 2663 2294 2714 vestrum
2326 2659 2608 2715 extollens
2630 2657 2657 2713 ?
2696 2657 2880 2713 Unius
2911 2654 3248 2711 monasterii
3281 2653 3685 2726 congregatio-

2039 2763 2173 2804 nem
2208 2749 2555 2814 universam,
2578 2763 2844 2804 sororum
2870 2760 3114 2801 numero
3136 2743 3396 2814 triginta,
3417 2743 3524 2798 hoc
3544 2746 3686 2797 tem-

2038 2854 2176 2910 pore
2207 2854 2337 2894 cum
2398 2854 2514 2893 una
2557 2835 2924 2892 desciverunt
2981 2835 3273 2907 principes
3330 2838 3387 2889 et
3442 2831 3682 2897 subditi,

2039 2928 2281 2983 verbum
2310 2926 2543 2982 Domini
2577 2927 2780 2981 mortis
2831 2933 2988 2981 metu
3035 2923 3384 2991 rejicientes,
3417 2920 3682 2977 monachi

2040 3018 2216 3073 etiam
2249 3016 2360 3087 ipsi
2419 3022 2476 3071 et
2526 3013 2822 3081 monialcs,
2853 3013 2989 3069 licet
3046 3013 3213 3082 pauci
3271 3009 3506 3082 quidam
3563 3008 3683 3064 sint

2041 3104 2290 3176 reliqui;
2324 3105 2407 3161 sic
2456 3104 2672 3161 animis
2719 3103 3104 3175 conspirasse,
3136 3104 3547 3169 certamenque
3579 3114 3684 3168 pro

2038 3194 2262 3251 Christo
2293 3193 2640 3263 suscepisse,
2676 3192 2784 3248 hoc
2833 3208 2963 3248 vero
2993 3207 3126 3248 cum
3169 3188 3376 3261 priscis
3407 3191 3494 3243 est
3533 3192 3682 3242 tem-

283 3279 400 3332 Τῶν
433 3276 597 3350 ἁγίων
627 3279 1023 3351 τεσσαράκοντα
1129 3280 1420 3353 ὁμοίωσις,
1545 3302 1684 3337 τισιν
1736 3281 1929 3344 ἄλλοις

2045 3284 2280 3355 poribus
2303 3283 2781 3353 comparandum.
2797 3276 3541 3350 Sanctorumquadraginta
3563 3275 3682 3332 haec

281 3368 393 3418 τῶν
443 3363 722 3440 μακαρίων
779 3365 1099 3445 ἀθλοφόρων
1160 3367 1637 3443 ἐξεικονιζόμενον.
1689 3375 1776 3433 Ὠς
1834 3391 1932 3443 μα-

283 3453 471 3528 κάριαι
503 3454 684 3526 ὑμεῖς,
720 3456 818 3527 μία
847 3462 948 3524 τῆς
983 3463 1112 3526 μιᾶς
1139 3463 1220 3532 τῷ
1253 3455 1502 3535 διαπύρῳ
1561 3460 1718 3533 ζήλῳ
1768 3459 1932 3535 ὑπερ-

285 3538 620 3612 ϐάλλουσαι,
649 3543 739 3598 καὶ
771 3548 933 3599 πᾶσαι
966 3547 1108 3618 ὁμοῦ
1139 3546 1394 3618 ἀλλήλας
1432 3549 1802 3620 παραθήξασαι
1858 3549 1932 3611 εἰς

283 3630 352 3685 τὸ
386 3637 484 3699 τῆς
543 3629 847 3708 ὁμολογίας
904 3630 1138 3689 στάδιον.
1171 3636 1354 3708 Ἄξιον
1407 3635 1579 3708 θέαμα
1637 3635 1932 3710 ἀγγελικῆς

289 3719 554 3793 χορείας·
617 3729 955 3794 μαρτυρικῆς
1040 3722 1364 3797 ὑμηγὺρεως
1435 3721 1726 3799 ἐπέραστον
1795 3731 1933 3798 Θεῷ,

287 3807 424 3881 ὑπὲρ
457 3808 519 3862 οὗ
575 3809 662 3864 καὶ
711 3811 779 3865 τά
819 3813 1134 3886 παθήματα.
1170 3816 1334 3886 Δεῦρο
1378 3811 1442 3884 δὴ
1492 3813 1608 3884 οὖν,
1648 3814 1933 3890 θυγατέρες

283 3902 390 3966 τῆς
427 3894 538 3952 ἅνω
566 3899 950 3975 Ἰερουσαλήμ,
981 3902 1241 3976 κλήματα
1285 3909 1384 3972 τῆς
1435 3901 1702 3973 ἀληθινῆς
1759 3904 1934 3978 ἀμπε-

289 3987 414 4048 λου,
449 3988 744 4064 μαθήτριαι
776 3988 1024 4063 ἀψευδῶς
1071 3995 1166 4045 τοῦ
1214 3990 1393 4067 Λόγου
1421 4010 1435 4023 ⁶
1471 3990 1936 4067 ἀγαλλιασώμεθα

287 4077 606 4150 θεοπρεπῶς
645 4099 659 4112 ·
735 4078 1321 4154 ἀνθομολογησώμεθα
1403 4081 1482 4154 τῷ
1562 4079 1934 4155 δυναμώσαντι

288 4164 434 4236 ὑμᾶς
485 4171 700 4240 Χριστῷ
757 4168 973 4224 ὑποῖσαι
1033 4171 1100 4224 τά
1131 4169 1402 4248 φθάσαντα
1432 4192 1447 4205 ο
1480 4172 1592 4227 εἶτα
1658 4174 1749 4227 καὶ
1799 4173 1934 4246 πρὸς

286 4253 356 4307 τά
437 4253 708 4326 μέλλοντα
780 4258 1336 4332 παρασκευασώμεθα.
1411 4262 1478 4317 Τί
1558 4265 1764 4331 τοῦτος
1824 4261 1932 4318 Κᾶν

288 4341 444 4404 αὖθις
505 4345 782 4420 μάστιγες,
835 4345 931 4400 κᾶν
998 4344 1191 4420 δεσμά,
1249 4347 1344 4403 κᾶν
1397 4353 1527 4425 πῦρ,
1581 4349 1676 4405 κᾶν
1736 4351 1882 4430 ξίφος
1919 4372 1933 4386 ⁸

291 4427 568 4506 μηδαμῶς
652 4431 973 4505 ἀναδυῆναι,
1023 4434 1169 4492 ἀλλά
1246 4437 1421 4494 πάντα
1511 4427 1932 4514 προθυμηθῆναι

289 4518 522 4594 ἐνεγκεῖν
610 4521 702 4576 σὺν
788 4529 1025 4597 Χριστῷ.
1105 4525 1424 4602 ’ἰσχύσομεν
1510 4527 1657 4605 γάρ’
1717 4529 1934 4605 ἐπείπερ

288 4607 476 4683 ε’ίρηκε
509 4629 523 4644 ο
572 4616 668 4683 Τῷ
727 4633 1118 4670 πιστευοντι
1173 4613 1382 4671 πάντα
1429 4616 1687 4674 δυνατά.
1748 4624 1932 4694 Ὁρᾶτε

288 4699 381 4753 οἷα
436 4699 502 4754 τά
559 4699 845 4775 ἒγκώμια;
877 4702 936 4757 Τί
994 4701 1216 4774 λοιπὸν,
1245 4706 1312 4760 τὰ
1368 4704 1644 4778 μέλλοντα
1702 4707 1930 4766 ἀνταποο
1964 4677 2010 4740 D

289 4783 523 4860 δόματα,
574 4787 824 4863 βασιλεία
882 4790 1151 4865 οὐρανῶν,
1198 4793 1343 4868 χαρά
1391 4794 1796 4868 ἀνεκλαλητοςς
1838 4799 1926 4870 Μή

286 4896 372 4938 τις
431 4874 521 4931 οὖν
585 4878 966 4936 ὑποπίπτουσα
1015 4887 1094 4954 τῷ
1127 4887 1371 4954 Σατανᾷ·
1411 4886 1485 4957 μή
1518 4906 1599 4948 τις
1631 4886 1928 4964 φιλόζωος,

286 4967 363 5028 ὡς
394 4969 471 5028 εἷς
517 4970 624 5022 τῶν
673 4971 1095 5043 τεσσαράκοντα,
1127 4971 1187 5026 ἐκ
1222 4976 1333 5027 τῶν
1363 4973 1668 5043 τριάκοντα.
1703 4977 1930 5032 Ἐκεῖνοι

281 5061 385 5124 τῆς
443 5053 751 5131 ἐγκρατείας
806 5079 869 5114 το
929 5061 1335 5134 ἀπεικόνισμα’
1395 5062 1551 5135 ὑμεῖς
1619 5067 1716 5133 τῆς
1773 5067 1930 5142 ἆγίας

283 5141 511 5218 Τριάδος
581 5146 644 5200 τὸ
722 5147 1084 5222 ὑποτύπωμα,
1137 5148 1430 5226 τριαδικῶς
1513 5141 1924 5226 δεκατοῦμενον.

284 5233 516 5304 Τοιαύτη
579 5236 613 5303 ἡ
675 5233 952 5310 οὐδαμική
1012 5241 1172 5312 ἡμῶν
1223 5237 1591 5314 παράκλησις.
1630 5242 1812 5315 Ὑμεῖς
1872 5241 1928 5298 δὲ

283 5320 594 5394 ἀντιδοίητέ
626 5344 720 5397 μοι
758 5326 855 5388 τὰς
886 5330 1220 5404 προσευχὰς,
1253 5329 1298 5384 ῶ
1331 5331 1564 5404 μητέρες
1593 5328 1924 5406 τρισόλϐιοι,

286 5407 358 5472 εἴς
393 5412 670 5486 σωτηρίας
699 5411 936 5488 ἐφόδιον.

354 5689 399 5737 θι
434 5689 607 5749 Marc.
642 5707 720 5767 rx,
749 5692 842 5752 2.2.

2044 3372 2385 3433 similitudo,
2419 3371 2735 3428 aliorumve
2765 3371 3174 3443 quorumpiam
3206 3383 3236 3422 e
3284 3366 3466 3422 beatis
3511 3365 3681 3421 victo-

2044 3461 2204 3517 ribus
2235 3478 2509 3532 expressa
2538 3461 2807 3516 imitatio.
2835 3461 3016 3526 Quam
3047 3459 3226 3513 beatas
3249 3473 3348 3512 vos
3382 3454 3546 3522 estis,
3572 3453 3684 3508 alia

2044 3551 2218 3605 aliam
2251 3551 2472 3606 ardenti
2512 3551 2632 3605 zelo
2665 3565 2971 3618 superans,
3004 3552 3061 3602 et
3106 3561 3310 3602 omnes
3354 3544 3569 3616 pariter
3610 3540 3685 3598 ad

2041 3640 2425 3696 confessionis
2447 3639 2704 3694 stadium
2719 3655 2818 3694 vos
2846 3637 3088 3692 invicem
3114 3632 3408 3689 acuentes!
3439 3631 3684 3702 Dignum

2044 3731 2320 3802 angelicis
2349 3729 2543 3786 choris
2578 3735 3009 3800 martyrumque
3057 3730 3208 3780 coetu
3263 3721 3684 3794 spectaculum,

2044 3819 2159 3875 Deo
2191 3819 2480 3892 imprimis
2527 3828 2776 3888 gratum,
2811 3821 2980 3885 cujus
3009 3830 3186 3869 causa
3217 3815 3496 3880 susceptae
3527 3809 3681 3864 ami-

2046 3911 2288 3965 ctiones.
2321 3909 2533 3966 Adeste
2555 3905 2891 3975 igitur,iilize
2913 3903 3158 3960 ccelestis
3179 3899 3519 3964 Jerusalem,
3539 3913 3681 3952 veras

2044 3999 2181 4055 vitis
2214 3999 2504 4068 palmites,
2535 3995 2708 4052 Verbi
2741 3995 2892 4050 haud
2926 3992 3111 4048 dubiae
3142 3988 3441 4056 discipulae
3473 4003 3487 4042 :
3521 3987 3677 4041 divi-

2045 4103 2187 4142 num
2222 4086 2280 4140 in
2317 4102 2532 4141 morem
2563 4084 2923 4140 exsullemus
2968 4098 2982 4137 :
3017 4079 3243 4134 Christo
3274 4077 3681 4144 conﬁteamur,

2046 4176 2143 4249 qui
2173 4192 2274 4231 vos
2304 4177 2374 4231 ad
2409 4173 2704 4231 toleranda
2751 4187 2874 4245 quae
2927 4167 3324 4242 praeterierunt
3369 4164 3685 4222 conﬁrma-

2044 4265 2122 4320 vit
2156 4281 2171 4320 :
2205 4264 2417 4320 deinde
2458 4267 2526 4319 ad
2562 4264 2755 4317 futura
2801 4274 3034 4332 quoque
3078 4255 3469 4326 accingamur.
3504 4252 3684 4316 Quid-

2046 4371 2178 4410 nam
2200 4353 2309 4409 hoc
2342 4354 2418 4408 rei
2452 4353 2580 4408 est?
2604 4351 2720 4406 Etsi
2754 4364 2990 4404 rursum
3017 4343 3394 4412 verbera,ctsi
3427 4341 3682 4408 vincula,

2046 4442 2152 4498 etsi
2185 4441 2479 4510 ignis,etsi
2503 4439 2766 4511 gladius:
2798 4436 2956 4492 nullo
2977 4435 3148 4490 modo
3181 4431 3569 4504 reiugere,sed
3597 4431 3688 4486 lae-

2043 4534 2114 4592 tis
2129 4534 2341 4589 animis
2357 4532 2605 4603 perferre
2621 4530 2815 4585 omnia
2842 4543 3051 4599 cupere
3083 4542 3214 4581 cum
3231 4524 3310 4580 Ch
3321 4523 3687 4579 risto.Enim-

2043 4639 2172 4678 vero
2205 4621 2566 4694 poterimus:
2593 4619 3063 4691 quandoquidem
3093 4615 3272 4670 dixit:
3297 4614 3493 4669 Omnia
3511 4610 3686 4681 possi-

2042 4711 2179 4766 bilia
2207 4719 2334 4766 sunt
2359 4708 2608 4765 credenti
2637 4709 2704 4760 σί.
2734 4706 2980 4762 Cernitis
3011 4703 3207 4775 qualia
3238 4701 3351 4757 sint
3378 4699 3685 4767 encomia?

2043 4802 2184 4866 Quid
2244 4801 2482 4856 demum
2532 4797 2737 4852 futurae
2771 4795 3205 4856 retributiones,
3237 4805 3475 4861 regnum
3505 4787 3686 4843 cmlo-

2042 4905 2192 4956 rum,
2226 4889 2502 4961 gaudium
2536 4884 2848 4942 ineffabile.
2877 4881 3050 4937 Nulla
3096 4896 3234 4951 ergo
3283 4880 3505 4934 Satanas
3554 4893 3685 4931 suc-

2040 4979 2346 5046 cumbens,
2382 4977 2542 5032 nulla
2600 4975 2724 5030 vitae
2775 4987 3001 5037 amans,
3038 4971 3191 5024 sicut
3244 4967 3342 5022 ille
3403 4981 3556 5020 unus
3615 4979 3685 5020 ex

2037 5067 2442 5139 quadraginta,
2474 5066 2531 5120 in
2565 5064 2659 5120 bis
2691 5062 2933 5134 triginta
2982 5057 3321 5129 reperiatur.
3365 5055 3452 5112 Illi
3492 5054 3683 5110 absti-

2037 5160 2246 5212 nentiae
2275 5155 2603 5227 symbolum
2637 5171 2651 5207 :
2685 5168 2785 5207 vos
2825 5157 3035 5205 sancta:
3088 5143 3388 5201 Trinitatis
3435 5140 3676 5197 simula-

2037 5262 2198 5302 crum
2257 5245 2558 5316 triplictter
2588 5243 2984 5298 decumatum.
3017 5234 3174 5292 Talis
3231 5237 3324 5289 est
3380 5231 3586 5287 inﬁma
3628 5233 3686 5284 et

2036 5335 2203 5390 nihili
2234 5333 2557 5390 exhortatio
2609 5339 2823 5387 nostra.
2865 5327 2982 5382 Vos
3030 5341 3165 5381 vero
3213 5337 3406 5394 preces
3454 5318 3618 5384 mihi,
3651 5333 3682 5372 ο

2034 5430 2250 5478 matres
2291 5428 2376 5478 ter
2433 5423 2633 5488 beata,
2693 5426 2763 5474 ad
2817 5415 3018 5474 salutis
3092 5415 3204 5469 iter
3271 5408 3682 5483 perﬁciendum

2034 5511 2359 5583 rependite.
