4062 6280
342 371 493 441 £377

1578 371 2138 443 EPISTOLARUM
2178 375 2322 447 LIB.
2374 377 2451 440 II.

3575 362 3733 429 1278

336 508 417 575 τῷ
443 502 626 579 Κυρίῳ
657 523 670 535 ⁸
705 503 751 561 εἰ
799 506 889 563 καὶ
937 506 1019 562 ὅτι
1053 504 1216 569 εἰσαεὶ
1266 504 1354 563 διὰ
1400 506 1490 563 τὸν
1539 505 1771 587 ἀδελφὸν
1820 511 1980 568 Ἐπι-

2105 518 2361 586 etgrates
2397 512 2642 577 Domino
2691 512 2919 586 egimus
2954 529 2966 567 :
3012 525 3351 584 quanquam
3399 522 3631 580 semper
3659 505 3732 563 oh

339 593 546 669 φοίνιον,
597 594 732 652 καθὰ
787 592 1181 670 προεδήλωσας
1258 594 1597 670 ἐμμέριμνοί
1653 598 1834 671 ἐσμεν,
1892 598 1983 655 καὶ

339 679 738 755 ἐμπαράσκευοι
819 684 953 757 πρὸς
1044 685 1364 757 πειρασμὸν,
1439 684 1832 759 ὑπονοούμενοι
1917 687 1983 745 τὰ

344 772 696 847 ὑφορμῶντα,
753 774 890 829 κατᾶ
943 774 1005 829 τὸ
1063 774 1225 843 εἰκός,
1258 778 1402 845 ’Όπη
1438 772 1494 831 δὲ
1540 777 1619 848 τῷ
1652 780 1765 848 Θεῴ
1797 775 1984 853 φίλον,

342 860 520 935 ἐχέτω
570 866 738 917 ταῦτα
784 868 875 919 καῖ
930 862 1143 938 ἀγέσθω
1177 882 1192 896 ⁸
1249 866 1406 926 Τοῖς
1458 863 1755 940 ἀγαπῶσι
1831 865 1983 922 Οεὸν

342 951 555 1009 πάντα
582 956 892 1027 συνεργεῖ
920 952 1012 1015 εἱς
1043 952 1116 1007 τὸ
1164 952 1402 1027 ἀγαθόν
1438 971 1453 989 ⁸
1487 952 1561 1019 ὥς
1593 974 1754 1031 φησιν
1787 954 1814 1009 6
1846 955 1989 1030 ἱερὸς

348 1035 530 1111 λόγος.
574 1039 867 1104 Τοιούτους
900 1042 1069 1113 ἡμᾶς,
1101 1038 1320 1116 ἀδελφὶ,
1350 1041 1664 1117 προσεύχου
1697 1041 1938 1118 γενέσθαι
1969 1059 1986 1077 ⁸

345 1126 445 1183 κᾶν
477 1129 685 1203 μακράν
710 1127 866 1202 ἐσμεν
920 1128 1024 1185 ἀπὸ
1078 1135 1240 1193 Θεοῦς
1284 1136 1403 1199 ταῖς
1434 1131 1725 1206 ἁμαρτίαις
1754 1151 1767 1164 ⁸
1801 1133 1891 1187 καὶ
1923 1134 1987 1201 οὐ

348 1211 780 1292 φοϐηθησόμεθα
831 1217 884 1274 τί
941 1220 1217 1288 ποιήσειεν
1279 1221 1413 1292 ἡμῖν
1465 1216 1768 1294 ἅνθρωπος.
1825 1219 1988 1277 Οὐδὲν

380 1302 409 1321 ν
480 1326 525 1327 77
596 1309 677 1327 νγ,
806 1308 832 1321 ν
932 1307 959 1327 γ

349 1309 440 1361 οὖν
472 1309 741 1373 τοιοῦτον,
774 1309 891 1362 οἷον
924 1309 1061 1382 ᾖσας
1109 1310 1245 1381 ἡμῖν
1293 1309 1640 1389 καταστέφων
1671 1316 1788 1375 τοῖς
1840 1310 1990 1369 ἐπαί-

345 1415 481 1461 νοις,
518 1396 853 1467 ὑπέστημεν.
887 1395 951 1453 Εἰ
985 1395 1043 1451 δὶ
1070 1398 1160 1452 καί
1190 1419 1241 1452 τι
1278 1398 1466 1471 δεξιὸν,
1498 1397 1646 1455 ἀλλᾶ
1692 1400 1780 1455 καὶ
1828 1406 1990 1457 τοῦτο

348 1481 417 1540 δι’
452 1485 591 1557 ὑμᾶς
637 1483 726 1539 καὶ
788 1486 873 1564 ὑφ’
928 1485 1080 1559 ὑμῶν
1115 1505 1130 1520 ⁸
1188 1492 1305 1550 ταῖς
1356 1486 1542 1563 εὐχαῖς
1590 1486 1992 1563 δυναμωθὲντες

346 1572 439 1628 καὶ
496 1572 813 1643 ἁζωθέντες.
848 1574 947 1645 Εἴη
989 1574 1081 1631 καὶ
1139 1578 1275 1650 πρὸς
1323 1577 1386 1632 τὸ
1441 1578 1561 1648 ἑξῆς
1610 1581 1671 1634 τὸ
1711 1578 1870 1651 ἕλεος
1896 1585 1992 1647 106

348 1664 546 1739 Κυρίου
578 1664 658 1745 ἐφ’
687 1669 835 1738 ἡμᾶς
884 1668 1012 1732 τοὺς
1058 1668 1328 1742 ἀναξίους.
1378 1673 1585 1742 Ἣσθην
1638 1673 1721 1727 ὅτι
1781 1693 1994 1746 συμπε-

350 1754 652 1829 ριηνέχθης
682 1759 749 1829 τῇ
783 1758 1038 1830 πατρικίᾳ
1067 1757 1118 1812 ἐν
1153 1758 1358 1833 Κυρίῳ,
1391 1760 1481 1815 καὶ
1528 1766 1689 1817 τοῦτο
1722 1759 1790 1819 δι’
1821 1765 1992 1835 ἡμᾶς.

350 1844 450 1900 Καὶ
494 1844 596 1919 γαρ
654 1846 875 1915 κάκείνη
932 1845 1063 1902 αὐτὸ
1118 1846 1278 1903 τοῦτό
1338 1870 1429 1921 μοι
1487 1846 1767 1921 δεδήλωκε
1825 1872 1840 1889 ⁸

350 1932 647 2006 προσετέθη
729 1934 941 2007 μᾶλλον
1022 1936 1399 2010 ἀγαθοποιεῖν.
1489 1941 1567 1993 Δι’
1647 1944 1793 2013 ἡμᾶς

348 2020 551 2096 ἁδελφὲ
583 2042 597 2056 ⁸
629 2022 776 2079 ἀλλὰ
821 2025 910 2080 καὶ
964 2026 1117 2098 ὑμεῖς
1177 2025 1247 2081 δι’
1300 2028 1459 2101 ὑμᾶς.
1506 2031 1593 2099 Μὴ
1639 2031 1880 2103 θαύμαζε
1910 2031 1993 2087 ὅτι

349 2106 773 2187 κορυϐαντιῶσιν
825 2114 875 2168 οἱ
926 2112 1385 2189 Χριστοδιῶκται,
1434 2115 1565 2189 μηδ’
1613 2118 1696 2174 ὅτι
1744 2119 1993 2192 ἀνέχεται

350 2201 604 2275 Χριστός.
639 2207 727 2257 Δεῖ
759 2203 931 2260 πάντα
960 2205 1280 2275 τελεσθῆναι
1313 2224 1325 2239 ⁸
1372 2203 1462 2261 ’ίνα
1517 2208 1608 2262 καὶ
1663 2210 1715 2263 οἱ
1775 2182 1993 2282 δόκιμοι

351 2289 717 2364 φανερώτεροι
761 2289 1087 2367 ἐκλάμψωσι
1130 2311 1145 2325 ⁸
1177 2293 1268 2353 καὶ
1322 2295 1375 2349 οἱ
1431 2295 1756 2368 ἀνομοῦντες
1812 2293 1997 2353 τέλεον

349 2377 681 2435 ἀποτίσουσιν
751 2381 823 2437 ὧν
895 2380 1208 2457 εἰργάσαντο
1282 2385 1381 2453 τήν
1459 2383 1814 2458 ἀντιμισθίαν.
1861 2390 1993 2445 Ἀπρ

350 2468 582 2525 ἑσταλκά
611 2491 695 2525 σοι
728 2466 1098 2545 βιϐλιδαὶκιον,
1130 2471 1219 2527 καὶ
1249 2471 1509 2547 τετράδας
1561 2473 1947 2552 δεκατέσσαρας
1977 2494 1994 2512 ⁸

350 2558 431 2635 ἐφ’
460 2561 547 2623 οἷς
578 2559 677 2615 εἰσι
712 2559 869 2637 λογοι
918 2562 1009 2619 καὶ
1064 2560 1175 2637 βίοι
1231 2567 1338 2617 τῶν
1402 2561 1649 2645 ἀδελφῶν
1700 2565 1997 2641 ἐμμέτροις

353 2648 567 2722 στίχοις
601 2670 615 2685 ⁸
650 2651 783 2725 ἅπερ
816 2651 1078 2725 ἀναγνοὺς
1120 2652 1281 2715 αὐτός
1326 2674 1385 2709 τε
1437 2654 1524 2710 καί
1572 2676 1710 2718 τινες
1749 2661 1857 2713 τῶν
1904 2678 1999 2713 πιε-

356 2743 495 2801 στῶν
551 2735 826 2818 ἀδελφῶν,
892 2740 1147 2816 ἀσφαλῶς
1219 2742 1581 2816 κατάκρυψον.
1659 2743 1823 2801 Οὐδὲν
1906 2744 1999 2802 οὖν

356 2831 522 2893 ποιῶ,
552 2824 775 2905 ἀδελφέ,
807 2829 951 2901 ἄξιον
981 2827 1153 2904 λόγου
1189 2849 1204 2864 ⁸
1236 2829 1366 2887 ἀλλ’
1393 2830 1574 2907 ἔρειδή
1620 2834 1873 2909 εὐκαιρῶ,
1907 2837 1994 2893 καὶ

358 2913 543 2984 ἐπειδὴ
590 2916 858 2989 νόσσομαι
919 2918 993 2981 ὡς
1054 2919 1156 2975 ὑπὸ
1212 2923 1309 2977 τοῦ
1365 2921 1523 2995 ἁγίου
1583 2944 1689 2995 μου
1734 2924 1996 2999 Πατρόςο

359 3006 568 3061 ἀκούων
628 3027 688 3062 τε
742 3006 907 3062 πάλιν
962 3012 1063 3063 τοῦ
1120 3008 1264 3067 θείου
1316 3010 1533 3071 Παύλου
1592 3011 1847 3088 λέγοντος
1918 3019 1999 3089 τῷ

352 3096 498 3170 ἁγίῳ
526 3095 775 3170 Τιμοθέῳ
809 3119 821 3130 ·
855 3098 953 3166 Μή
983 3097 1361 3171 ἀμελειτοῦ
1405 3099 1466 3157 ἐν
1520 3103 1619 3159 σοὶ
1668 3103 2002 3177 χαρίσμα-

350 3206 464 3247 τος
489 3205 502 3217 ⁸
534 3186 608 3247 ὡς
641 3187 851 3255 ἀνάξιος
890 3189 1024 3259 μετά
1054 3183 1229 3267 φόϐου
1258 3189 1347 3244 καὶ
1369 3190 1577 3262 τρόμου
1602 3198 1748 3249 ποιῶ
1772 3192 1801 3247 ἃ
1830 3199 1993 3257 ποιῶ,

1871 1947 1992 2015 ζῇς.

1900 1852 1990 1917 καὶ
2024 1893 2069 1963 Β

2093 605 2323 662 fratrem
2356 606 2770 679 Epiphaniam,
2800 601 3300 675 quemadmodum
3334 604 3467 665 ante
3506 595 3733 671 signiti-

2092 694 2260 761 casti,
2291 694 2521 751 solliciti
2551 700 2609 750 et
2638 694 3015 751 anxiisumus
3033 694 3090 745 et
3120 690 3190 747 ad
3226 686 3602 751 tentationcm
3632 700 3729 755 pa-

2094 785 2220 851 rati,
2254 785 2513 848 adversa,
2538 789 2604 839 ut
2636 800 2737 852 par
2757 788 2864 851 est,
2886 780 3079 836 animo
3114 784 3552 853 praesumentes.
3578 775 3731 839 Quo,

2096 890 2325 945 cunque
2353 879 2547 940 autem
2600 873 2770 929 modo
2807 871 2919 928 Deo
2954 868 3204 935 libuerit,
3252 868 3462 925 cedant
3518 863 3631 925 ista
3676 865 3734 917 et

2096 965 2381 1019 evadant:
2414 963 2773 1034 Diligentibus
2823 961 2991 1019 Deum
3030 959 3215 1021 omnia
3263 957 3621 1028 cooperantur
3671 953 3732 1007 in

2099 1053 2299 1108 bonum
2328 1051 2397 1122 ⁸⁸³,
2426 1057 2490 1109 ut
2519 1056 2683 1113 aiunt
2720 1066 2897 1111 sacrm
2942 1048 3185 1121 paginae.
3218 1045 3389 1105 Tales
3432 1059 3539 1101 nos
3583 1041 3732 1113 ﬁeri,

2100 1143 2291 1209 frater,
2324 1157 2533 1201 exora:
2566 1156 2908 1225 quanquam
2955 1139 3027 1194 ob
3059 1140 3293 1210 peccata
3325 1131 3525 1207 procul
3557 1149 3589 1191 a
3620 1131 3733 1187 Deo

2099 1233 2416 1287 absumus:
2452 1247 2557 1286 nec
2579 1219 2916 1291 timebimus
2934 1228 3072 1300 quid
3096 1226 3268 1287 faciat
3286 1223 3453 1280 nobis
3476 1219 3735 1277 homo“.

2099 1321 2256 1377 Nihil
2314 1320 2519 1392 utique
2575 1318 2691 1374 tale
2751 1316 3005 1389 perpessi
3080 1331 3283 1371 sumus
3351 1312 3524 1383 quale
3581 1324 3736 1363 com-

2102 1410 2461 1477 memorasti,
2508 1408 2776 1463 laudibus
2807 1423 2913 1461 nos
2947 1420 3251 1460 exornans.
3284 1403 3342 1458 Si
3375 1401 3514 1472 quid
3546 1404 3734 1454 autem

2100 1505 2186 1557 est
2214 1502 2456 1570 dignum
2498 1498 2693 1564 laude,
2741 1496 2898 1554 istud
2933 1512 3065 1555 vero
3108 1494 3301 1566 ipsum
3357 1496 3590 1562 prepter
3636 1505 3738 1544 vos

2100 1596 2157 1646 et
2188 1607 2220 1646 a
2249 1589 2411 1647 vobis
2441 1596 2525 1643 est
2558 1605 2571 1643 :
2609 1586 2877 1659 precibus
2918 1586 3123 1645 vestris
3155 1582 3426 1649 roborali,
3459 1578 3738 1651 dignique

2099 1679 2284 1735 habiti
2330 1694 2557 1736 sumus.
2591 1676 2820 1732 Utinam
2852 1679 2909 1732 et
2938 1674 3210 1744 deinceps
3244 1670 3525 1726 Dominus
3563 1667 3735 1722 missa

2100 1769 2408 1827 ricordiam
2458 1768 2627 1823 nobis
2666 1766 2801 1821 licet
2839 1762 3098 1833 indignis
3149 1760 3435 1818 exhibeat.
3489 1756 3736 1812 Gavisus

2102 1876 2227 1916 sum
2255 1859 2409 1931 quod
2444 1873 2575 1915 cum
2608 1855 2851 1926 patricia
2868 1852 3106 1910 comiter
3125 1850 3184 1906 in
3209 1848 3448 1905 Domino
3467 1851 3524 1903 et
3551 1845 3739 1905 indul-

2102 1956 2305 2022 genter
2335 1948 2540 2021 egeris,
2568 1947 2743 2017 idque
2783 1950 3014 2016 propter
3044 1959 3170 1999 nos.
3204 1941 3347 1997 Nam
3378 1944 3434 1994 et
3464 1937 3563 1995 illa
3595 1934 3738 1997 mihi

2104 2038 2260 2093 istud
2280 2038 2475 2107 ipsum
2492 2034 2863 2105 significavit:
2880 2029 3251 2098 decrevitque
3264 2027 3396 2099 plus
3410 2024 3579 2080 solito
3593 2025 3740 2080 bene

2104 2128 2312 2185 facere.
2345 2126 2580 2195 Pr0pter
2613 2140 2717 2178 nos
2746 2122 2907 2181 vivis.
2944 2121 3152 2177 frater:
3178 2117 3274 2177 sed
3308 2122 3365 2173 et
3421 2131 3529 2171 nos
3577 2128 3739 2186 asque

2108 2221 2338 2290 propter
2387 2230 2509 2273 vos.
2569 2211 2694 2271 Noli
2750 2207 2944 2265 mirari
2993 2207 3147 2277 quod
3197 2203 3410 2261 Christi
3472 2218 3739 2274 persecu-

2104 2313 2257 2363 tores
2290 2304 2604 2369 insaniant,
2653 2308 2754 2357 aut
2803 2299 2957 2373 quod
3003 2297 3269 2353 Christus
3313 2294 3529 2350 tacitus
3575 2294 3738 2359 ferat,

2105 2397 2335 2467 Oportet
2350 2393 2548 2450 omnia
2561 2388 2954 2448 consummari
2968 2385 3109 2455 5“,ut
3123 2386 3220 2454 qui
3238 2383 3464 2456 probati
3478 2386 3616 2441 sunt
3632 2396 3743 2447 ma-

2108 2484 2376 2541 nifestius
2408 2482 2762 2553 fulgeant,et
2786 2476 2971 2547 iniqui
2995 2475 3230 2535 tandem
3255 2487 3454 2529 eorum
3487 2486 3610 2542 quae
3649 2485 3742 2536 pa-e

2107 2574 2526 2644 trarintpmnas
2550 2570 2734 2635 luant.
2756 2566 2881 2622 Misi
2897 2566 2967 2623 ad
2989 2562 3318 2621 telibellum
3338 2568 3396 2615 et
3416 2557 3745 2630 quaternio-

2108 2680 2209 2719 nes
2230 2658 2689 2734 quatuordecim,
2713 2657 2770 2712 in
2796 2655 3012 2733 quibus
3032 2654 3507 2717 suntsermones,
3526 2650 3581 2703 et
3602 2645 3742 2711 Vitta

2108 2754 2351 2808 fratrum
2403 2747 2639 2805 metrico
2668 2744 2926 2802 carmine
2959 2757 2974 2798 :
3006 2758 3131 2813 quae
3170 2754 3303 2794 cum
3332 2742 3394 2792 tu
3428 2734 3657 2807 legeris,
3688 2737 3746 2789 et

2106 2859 2136 2898 ο
2184 2841 2317 2896 fidis
2363 2838 2641 2899 fratribus
2690 2832 2988 2901 nonnulli;
3025 2829 3332 2901 diligenter
3379 2823 3744 2885 abscondito.

2105 2928 2259 2985 Nihil
2293 2926 2562 2999 equidem
2598 2938 2728 2994 ago,
2764 2923 2958 2985 frater,
2989 2918 3137 2990 quod
3181 2915 3363 2972 ulluis
3403 2912 3566 2984 pretii
3616 2911 3695 2967 sit
3726 2924 3742 2977 ξ

2106 3020 2206 3075 sed
2235 3018 2512 3090 quoniam
2561 3012 2703 3069 mihi
2734 3013 2987 3083 suppetit
3016 3008 3222 3073 otium,
3253 3020 3316 3059 ac
3346 3002 3520 3060 veluti
3566 3000 3743 3060 exsti-

2107 3108 2302 3165 mulor
2332 3124 2398 3163 ac
2427 3112 2627 3162 sancto
2659 3103 2824 3157 Patre
2855 3116 3002 3164 meo,
3038 3109 3385 3166 rursumque
3416 3091 3587 3148 audio
3612 3090 3748 3145 divi~

2109 3215 2249 3254 num
2292 3196 2534 3252 Paulum
2568 3201 2619 3248 et
2652 3198 2919 3247 sanctum
2967 3186 3333 3243 Timotheum
3368 3183 3446 3237 ita
3484 3181 3743 3236 scriben-

352 3274 459 3335 Τὸν
492 3271 724 3351 ἀδελφὸν
754 3276 1068 3337 Ἀθανασιον
1102 3276 1195 3332 σὺν
1242 3282 1323 3350 τῷ
1371 3280 1756 3354 παροικονόμῳ
1814 3280 1993 3337 ἄσπα-

2109 3294 2222 3346 tem
2251 3304 2264 3344 :
2300 3286 2422 3342 Noli
2448 3284 2727 3353 negligere
2754 3281 2995 3349 gratiam
3039 3290 3164 3348 qua:
3191 3277 3247 3330 in
3282 3278 3331 3329 te
3368 3285 3445 3328 eu
3470 3268 3518 3304 ⁸⁵
3550 3286 3566 3338 ;
3614 3273 3747 3325 tan-

352 3384 464 3421 σαι.
527 3362 590 3419 Εἰ
638 3364 724 3419 καὶ
785 3360 1015 3440 ἔγραψα,
1074 3366 1148 3430 ὡς
1205 3365 1289 3423 ὅτι
1341 3367 1590 3438 εἰσῆλθεν
1661 3371 1689 3427 6
1764 3368 2000 3440 ἀδελφὸς

352 3448 662 3524 ’Δδριανὸς,
700 3452 909 3527 ἀγνοῶν
957 3454 1107 3510 εἷπον
1146 3475 1158 3487 ⁸
1211 3454 1430 3530 ὕστερον
1481 3458 1664 3527 μαθὼν
1714 3458 1797 3515 ὅτι
1846 3432 1998 3515 οὔπω

352 3537 576 3617 ἔφθασεν
633 3542 792 3609 ἡνίκα
861 3541 1194 3608 ἐπέστειλας.
1270 3546 1332 3602 Ὁ
1413 3544 1644 3627 ἀδελφὸς
1724 3546 1997 3621 Νικόλαος

354 3628 588 3685 πλεῖστά
647 3650 703 3685 σε
760 3632 1176 3708 προσαγορεύει,
1239 3632 1561 3707 αἰδούμενος
1613 3637 1738 3700 τοὺς
1799 3638 1997 3715 λόγους

359 3737 477 3774 σου.
531 3722 587 3773 Ὁ
635 3719 836 3794 Κύριος
898 3721 1032 3794 μετὰ
1086 3726 1184 3777 τοῦ
1248 3723 1554 3796 πνεύματός
1614 3748 1730 3797 σου,
1762 3725 1996 3808 ἀδελφό-

357 3825 547 3881 πατερ.

720 4084 846 4139 ΞΒ’.
880 4116 948 4127 --
980 4086 1395 4160 Κατήχησις.
1427 4088 1606 4163 [υλς’.]

2108 3393 2279 3449 quam
2312 3375 2590 3444 indignus
2621 3387 2751 3427 cum
2793 3369 2998 3425 timore
3029 3382 3097 3422 ac
3126 3370 3375 3419 tremore
3420 3359 3567 3416 facio
3618 3374 3749 3431 qua

2108 3447 2272 3521 facio.
2316 3467 2572 3521 Fratrem
2604 3458 2991 3519 Athanasium
3024 3469 3152 3513 cum
3198 3449 3481 3509 meonomi
3530 3447 3744 3503 vicario

2107 3554 2316 3612 saluta.
2351 3553 2418 3609 Et
2447 3553 2490 3608 si
2524 3549 2730 3620 scripsi
2766 3548 3001 3604 fratrem
3053 3542 3374 3599 Adrianum
3410 3540 3518 3593 iter
3548 3538 3745 3593 confe-

2108 3645 2275 3712 cisse,
2331 3644 2609 3715 ignorans
2669 3638 2826 3703 dixi:
2881 3634 3254 3708 postmodum
3303 3627 3559 3686 intellexi
3610 3641 3744 3682 eum

2109 3734 2370 3793 nondum
2404 3729 2741 3804 pervenisse
2784 3740 2918 3781 cum
2951 3724 3023 3779 ad
3057 3738 3151 3778 me
3192 3718 3495 3790 scripsisti.
3550 3715 3748 3789 Frater

2107 3827 2378 3883 Nicolaus
2412 3821 2725 3893 plurimam
2746 3815 2991 3873 salutem
3016 3813 3173 3880 dicit,
3194 3827 3261 3869 ac
3297 3822 3593 3866 sermones
3612 3810 3745 3861 tuos

2108 3915 2423 3970 admodum
2458 3912 2769 3965 reveretur.
2803 3903 3085 3960 Dominus
3106 3916 3236 3957 cum
3262 3896 3467 3971 spiritu
3491 3900 3611 3969 tuo,
3636 3893 3749 3949 fra-

2106 4010 2194 4062 ter
2217 4003 2295 4061 mi
2318 4017 2384 4061 ac
2406 4003 2585 4071 pater.

2606 4085 2773 4143 LXII.
2815 4116 2886 4125 —
2927 4079 3250 4138 Catechesis.

842 4182 883 4233 E
912 4182 1222 4246 Smyrneusi
1246 4200 1476 4243 carcere.
1509 4189 1780 4254 dispersos
1810 4193 1998 4245 fratres
2026 4208 2151 4245 suos
2180 4192 2509 4242 cohortatur.
2536 4185 2751 4248 (Barca.
2786 4195 2875 4233 an.
2907 4180 3023 4244 819,
3056 4193 3108 4229 n.
3142 4176 3251 4238 22.)

427 4263 623 4334 Πρώην
678 4265 804 4335 ὑμῖν
853 4262 904 4334 ἐξ
969 4264 1335 4321 Ἀνατολικῶν
1421 4268 1995 4345 ἀναγινωσισκόμενος,

348 4356 438 4408 νῦν
480 4353 586 4408 ἀπὸ
627 4351 946 4423 Θρᾳκησίων
994 4352 1366 4433 ἐπιφαίνομαι.
1414 4359 1504 4415 Ἑν
1543 4360 1647 4432 γαρ
1677 4365 1744 4433 τῇ
1776 4364 1993 4436 Σμύρνῃ

354 4440 725 4516 μεθωρίσαντο
770 4444 919 4514 ἡμᾶς
966 4444 1017 4497 οἱ
1075 4442 1337 4520 ἄρχοντες
1386 4450 1484 4503 τοῦ
1523 4448 1719 4511 αἰῶνος
1747 4420 1993 4508 106160.-

348 4532 441 4586 καὶ
496 4528 710 4603 μᾶλλον
752 4536 855 4600 τῆς
894 4532 1159 4605 προτί-,ρας
1205 4531 1452 4609 φυλακῆς
1498 4536 1893 4614 ἀσφαλέστερόν
1939 4562 1997 4598 τε

2177 4274 2374 4345 Nuper
2396 4288 2428 4324 a
2456 4268 2616 4324 vobis
2657 4267 2839 4321 lectus
2868 4281 2936 4319 ex
2966 4262 3219 4328 Oriente,
3265 4273 3420 4315 nunc
3449 4272 3517 4312 ex
3556 4256 3747 4311 Thra-

2108 4364 2197 4420 cia
2252 4360 2514 4418 advenio.
2566 4357 2873 4424 Smyrnam
2946 4350 3101 4415 enim
3163 4365 3267 4406 nos
3323 4346 3749 4403 transtulerunt

2107 4452 2398 4526 principes
2429 4446 2621 4504 seaculi
2655 4445 2853 4513 hujus,
2875 4448 2934 4498 et
2964 4440 3180 4498 arctius
3228 4454 3405 4511 quam
3455 4436 3515 4493 in
3568 4435 3744 4507 priori

2106 4525 2334 4599 carcere
2398 4538 2773 4606 severiusque
2824 4531 3181 4589 custodiunt.
3233 4527 3333 4583 Sed
3379 4526 3603 4582 verbum
3652 4525 3748 4581 Dei

348 4620 441 4675 καὶ
472 4618 1207 4693 πειραστικώτερον.Ἀλλ’
1238 4624 1265 4677 6
1298 4622 1503 4697 λόγος
1551 4613 1667 4683 τοῦ
1707 4634 1868 4685 Θεοῦ
1918 4632 1994 4687 οὔ

2108 4647 2216 4686 non
2253 4628 2649 4698 estalligatum
2697 4624 2763 4688 ⁸⁸,
2819 4637 2923 4677 nec
2980 4618 3230 4692 quiescit
3261 4632 3444 4684 amor,
3504 4631 3610 4670 nec
3666 4613 3746 4669 si-

351 4705 619 4767 δέδεται
651 4725 667 4740 ⁸
701 4706 814 4763 οὐδ’
845 4709 873 4763 ὁ
919 4709 1085 4772 πόθος
1134 4713 1352 4784 ἠρεμεῖ,
1383 4712 1508 4769 οὐδὲ
1530 4718 1565 4785 ἡ
1599 4715 1793 4787 ἐντολή
1827 4740 1995 4795 παρα-

350 4801 551 4867 σιωπᾷ.
612 4798 709 4852 Διά
763 4802 928 4853 10610
987 4799 1015 4853 6
1078 4802 1325 4864 ταπεινὸς
1382 4802 1547 4859 πάλιν
1616 4806 1914 4880 φθέγγομαι
1974 4827 1991 4857 °.

349 4884 575 4959 Χαίρετε
621 4883 673 4939 ἐν
726 4886 929 4961 Κυρίῳ,
974 4886 1209 4961 Πατέρες
1251 4890 1339 4945 καὶ
1389 4888 1642 4970 ἀδελφοὶ,
1674 4895 1913 4969 χαίρετε,
1945 4896 1996 4951 οἱ

351 4972 704 5051 δεδιωγμένοι
736 4972 910 5031 ἕνεκεν
947 4974 1293 5049 δικαιοσύνης
1327 4999 1340 5012 ⁸
1383 4982 1621 5056 χαίρετε,
1656 4986 1707 5039 οἱ
1753 4986 1804 5041 ἐν
1851 4983 1998 5057 ὄρεσι

348 5067 438 5123 καὶ
492 5065 788 5137 σπηλαίοις
834 5065 1288 5140 ἐνδιαιτώμενοι·
1345 5070 1490 5128 ἆλλά
1538 5077 1647 5146 μὴν
1700 5078 1787 5132 καὶ
1840 5079 1891 5133 οἱ
1944 5077 1996 5132 ἐν

354 5153 573 5223 πόλεσι,
642 5157 729 5211 καὶ
802 5156 1233 5233 ἐρημικωτέροις
1292 5162 1484 5224 τόποις
1543 5166 2000 5239 κρυπαζόμενοι.

357 5246 420 5301 Εἰ
474 5245 574 5321 γὰρ
632 5245 865 5301 πάντοτε
922 5245 1031 5303 δεῖν
1099 5250 1249 5319 ἡμᾶς
1326 5251 1545 5325 χαίροιν
1621 5252 2002 5330 ἐπιτέτραπται

348 5333 494 5408 παρᾶ
541 5338 620 5404 τῷ
671 5334 997 5409 Ἀποστόλῳ
1031 5357 1044 5370 ⁸
1096 5337 1249 5393 πόσω
1293 5359 1355 5413 γε
1407 5340 1618 5413 μᾶλλον
1650 5342 1790 5416 ἄρτι,
1842 5345 2004 5400 ὁπότε

358 5423 491 5497 ὑπερ
539 5427 777 5498 Χριστοῦ
814 5424 880 5479 τὰ
930 5427 1229 5499 παθήματα
1296 5433 1393 5485 τοῦ
1453 5430 1865 5508 ἐγγραφομένου
1924 5437 2005 5505 τῷ

348 5512 529 5568 πίνακι
562 5530 574 5544 ⁸
608 5516 709 5568 106
750 5512 1164 5591 ἐμφαινομὲνου
1214 5516 1267 5573 ἐν
1317 5522 1385 5585 τῆ
1428 5520 1604 5594 οἰκείᾳ
1649 5522 1815 5581 εἰκόνι
1849 5544 1862 5558 ⁸
1905 5526 2003 5578 106

2103 4722 2179 4776 let
2212 4720 2574 4774 mandatum.
2610 4716 2918 4785 PrOpterea
2960 4709 3204 4764 humilis
3242 4708 3452 4762 iterum
3495 4705 3741 4776 loquor:

2103 4809 2358 4865 Gaudete
2384 4808 2442 4863 in
2476 4805 2743 4871 Domino,
2773 4804 2971 4858 Patres
3000 4804 3058 4855 et
3089 4798 3292 4854 fratres
3324 4812 3339 4854 :
3368 4796 3613 4868 gaudete
3647 4798 3747 4863 qui

2104 4896 2563 4969 persecutionem
2597 4897 2827 4966 propter
2849 4889 3148 4961 justitiam
3182 4884 3448 4958 patimini
3475 4881 3523 4919 ⁸⁷
3551 4900 3564 4939 :
3598 4900 3748 4956 gau-

2106 4988 2234 5043 dete
2263 4985 2363 5057 qui
2398 4986 2457 5041 in
2508 4981 2806 5041 montibus
2836 4988 2891 5035 et
2920 4977 3215 5052 speluncis
3247 4974 3599 5030 versamini:
3646 4972 3747 5028 sed

2105 5083 2163 5133 et
2193 5076 2294 5147 qui
2327 5075 2386 5130 in
2420 5072 2680 5139 urbibus,
2712 5075 2769 5125 et
2798 5069 2896 5139 qui
2921 5065 3331 5123 desertioribus
3361 5063 3421 5120 in
3474 5063 3617 5123 locis
3644 5061 3748 5118 ab-

2109 5166 2211 5221 diti
2245 5163 2460 5220 latetis.
2494 5161 2552 5218 Si
2584 5160 2739 5216 enim
2772 5174 3005 5230 semper
3034 5155 3284 5226 gaudere
3336 5169 3441 5209 nos
3484 5158 3750 5221 oportere

2113 5256 2338 5312 monuit
2365 5256 2675 5323 Apostolus
2705 5250 2785 5319 ‘3;
2822 5250 3041 5320 quanto
3076 5247 3263 5316 magis
3295 5259 3451 5298 nunc
3480 5257 3612 5297 cum
3649 5256 3748 5312 pro

2109 5345 2338 5401 Christo
2372 5342 2657 5416 patimini,
2691 5340 2787 5410 qui
2820 5336 3102 5393 intaliula
3128 5333 3394 5403 depictus
3424 5337 3533 5397 est,
3567 5331 3664 5399 qui
3688 5329 3748 5383 in

2109 5434 2361 5505 imagine
2409 5449 2519 5487 sua
2581 5430 2857 5495 cernitur,
2898 5424 2999 5497 qui
3050 5439 3148 5494 per
3195 5438 3321 5479 eam
3383 5416 3749 5476 honoratur?

2112 5523 2237 5580 Non
2272 5538 2401 5577 mea
2432 5527 2568 5576 sunt
2618 5516 2817 5575 miseri
2870 5514 3125 5571 hominis
3174 5512 3296 5575 haec
3343 5512 3554 5570 verba;
3612 5506 3743 5563 Dio-

416 5657 663 5740 f’ﬁom.
695 5660 937 5740 vm,A28.
1012 5660 1059 5695 ⁸³
1088 5661 1238 5719 Psal.
1270 5679 1442 5737 cxvu,
1472 5666 1529 5724 6.
1602 5665 1651 5703 ⁸⁸
1680 5665 1807 5724 Cor.
1840 5683 1919 5740 ιι,
1954 5669 1994 5724 ιε

2115 5666 2164 5700 ⁸⁵
2194 5666 2217 5722 I
2247 5665 2398 5721 Tim.
2423 5678 2498 5731 ιν,
2532 5661 2619 5716 14.
2695 5660 2741 5695 ⁶⁸
2772 5659 2821 5714 ll
2842 5657 2996 5712 Tim.
3030 5672 3092 5711 ιι.
3115 5656 3171 5711 9.
3247 5654 3293 5689 ⁸⁷
3323 5654 3524 5711 Matth.
3552 5665 3633 5719 ιιι,
3660 5650 3742 5704 10.

348 5728 394 5763 ⁸⁸
419 5729 443 5783 Ι
473 5729 679 5785 Thess.
708 5746 766 5799 ν,
794 5731 882 5786 16.
