4062 6280
419 357 574 435 1279

1657 375 1720 437 S.
1765 372 2164 437 THEODORI
2209 372 2566 436 STUDITE

3645 368 3781 429 1280

416 509 569 582 nysii
599 508 1012 579 sapientissimi
1045 511 1201 577 sunt,
1233 510 1290 564 et
1320 509 1515 582 magni
1542 508 1759 565 Basilii.
1792 509 1908 566 Nec
1928 509 2039 578 jam

2162 504 2476 579 τιμωμένου
2533 503 2606 561 δι’
2654 505 2866 576 aii-cie;
2926 507 3016 575 Μὴ
3073 504 3175 580 γὰρ
3223 503 3330 578 ἐμὰ
3358 501 3424 558 τὰ
3455 500 3668 577 ῥήματα
3690 521 3778 556 του

415 601 652 670 tempus
683 611 763 654 est
784 598 1032 654 aliorum
1051 604 1384 654 sanctorum
1402 598 1830 654 sententiashis
1850 597 2051 653 litteris

414 703 722 758 apponere.
767 687 924 754 Audi,
965 688 1182 754 caelum,
1216 694 1268 744 et
1297 689 1525 744 auribus
1549 691 1764 760 percipe
1799 694 1952 744 terra
1979 686 2048 743 ⁸9.

416 775 585 832 Moab
628 778 863 850 sprevit,
914 777 1216 833 Bizantina
1262 779 1442 850 regio,
1485 778 1707 834 scilicet
1747 777 2046 850 Evangeli-

414 883 546 923 cum
573 869 778 937 jugum
802 868 1059 924 excussit
1087 893 1100 934 ;
1129 867 1284 923 velut
1304 867 1485 924 vitula
1513 868 1834 931 insaniens,
1869 868 2046 923 habe-

413 972 519 1011 nas
547 956 908 1012 detrectavit.
938 957 1067 1013 Vias
1098 961 1231 1012 tuas
1261 956 1409 1012 scire
1438 956 1593 1028 nolo,
1628 957 1792 1013 factis
1825 957 2046 1012 verbis-

413 1059 526 1115 que
577 1044 977 1116 pronuntiavit
1027 1044 1094 1099 ⁷ο.
1152 1046 1547 1118 Corybantum
1600 1061 1758 1101 more
1805 1045 2047 1117 agitur:

413 1133 665 1190 insanit:
698 1134 1041 1206 sanguinem
1072 1133 1220 1190 bibit
1248 1139 1307 1189 ut
1337 1134 1554 1190 leaena:
1585 1138 1650 1190 ut
1680 1133 1838 1207 aspis
1878 1150 2046 1191 aures

411 1223 680 1280 obturat:
715 1224 1060 1297 reprehensa
1091 1223 1426 1282 reluctatur.

479 1487 648 1544 Venit
683 1489 756 1544 ad
799 1505 928 1544 eam
982 1503 1088 1545 vox
1138 1489 1579 1546 commonitoria
1635 1489 1789 1545 velut
1845 1503 1876 1545 e
1905 1485 2048 1544 coelo

410 1579 615 1647 missa,
645 1596 678 1634 a
709 1595 1003 1650 supremo,
1035 1599 1068 1634 a
1115 1583 1372 1636 Romano
1421 1579 1627 1635 throno
1661 1595 1678 1634 :
1718 1579 1868 1644 Quid
1917 1576 2049 1632 feci-

409 1667 529 1724 sti?
549 1669 846 1735 clamans;
878 1669 1173 1726 Christum
1221 1670 1459 1741 negasti,
1491 1669 1706 1726 Christi
1756 1669 2047 1741 abrogans

408 1756 754 1826 imaginem;
791 1760 1142 1830 Deiparae,et
1179 1767 1516 1816 sanctorum
1548 1759 1840 1815 omnium.
1871 1756 2047 1830 Aperi

404 1846 766 1902 obedientem
781 1863 1002 1916 aurem,
1022 1849 1156 1904 audi
1189 1847 1536 1919 evangelica,
1567 1847 1904 1920 apostolica,
1922 1864 2047 1919 pro-

407 1933 657 2005 phetica,
690 1940 929 2006 paterna
973 1938 1168 1993 verba.
1204 1936 1268 1992 Et
1308 1953 1420 1993 non
1452 1937 1714 2005 admisit,
1748 1953 1860 1992 non
1908 1953 2044 1992 sus-

406 2024 584 2092 cepit:
619 2027 714 2080 sed
748 2025 1004 2081 avellens
1027 2025 1278 2098 seipsam
1307 2043 1341 2082 a
1360 2026 1524 2098 quini
1557 2025 1787 2082 verticis
1805 2041 2046 2098 corpore

404 2110 706 2180 Ecclesiae;
740 2113 1212 2185 quandoquidem
1245 2115 1566 2170 etiamnum
1599 2115 1738 2170 vivit
1771 2121 1827 2169 et
1882 2113 2044 2169 Nice-

404 2201 623 2273 phorus
655 2217 849 2270 sacer;
887 2203 1164 2258 adversus
1195 2204 1376 2259 Deum
1421 2203 1881 2272 omnipotentem
1914 2219 2046 2259 cer-

401 2291 558 2346 vices
587 2289 772 2359 erigit,
804 2289 1034 2346 Christo
1065 2291 1378 2357 insultans,
1427 2297 1624 2347 sancta
1672 2291 2040 2364 proculcans.

403 2379 567 2436 Talia
617 2384 758 2435 sunt
814 2381 941 2450 ejus
990 2381 1264 2447 facinora,
1327 2397 1360 2436 ο
1411 2380 1915 2436 desideratissimi.
1975 2381 2044 2437 Et

404 2468 705 2525 nobiscum
726 2469 900 2536 Deus,
924 2470 1144 2537 Oriens,
1178 2469 1481 2537 Occidens,
1510 2469 1740 2542 Aquilo,
1775 2486 1953 2527 mare.
1976 2475 2040 2527 In

403 2556 496 2612 his
522 2558 800 2628 gaudium
824 2557 945 2612 :sin
977 2557 1166 2613 luctus
1182 2559 1379 2626 etiam,
1413 2566 1648 2630 propter
1669 2575 1769 2615 eos
1800 2558 1898 2631 qui
1922 2575 2044 2630 per-

403 2648 561 2700 eunt.
594 2647 714 2718 Age
743 2661 876 2717 ergo
911 2649 1058 2702 state
1087 2647 1281 2716 fortes,
1325 2647 1504 2719 gratis
1535 2649 1748 2703 animis
1797 2648 1902 2704 has
1937 2665 2039 2720 pro

398 2733 629 2791 Christo
672 2751 980 2803 aerumnas,
1030 2737 1196 2807 quasi
1264 2735 1591 2806 thesauros,
1662 2737 2036 2809 abripientes.

401 2827 584 2892 Quam
635 2830 1027 2897 opportunum
1078 2832 1312 2899 tempus
1359 2829 1743 2890 certantibus.
1784 2829 2040 2885 suaviter

399 2916 652 2987 spirans,
693 2916 1009 2988 unguentis
1055 2917 1497 2973 tribulationum
1557 2920 1819 2989 fragrans
1861 2934 2040 2990 supra

399 3005 599 3062 omnia
628 3013 877 3060 aromata
904 3005 918 3060 l
942 3005 1094 3061 Fluit
1121 3015 1444 3078 martyrum
1473 3007 1716 3079 sanguis
1746 3007 1804 3062 in
1839 3008 2032 3064 Eccle-

398 3096 569 3163 siam;
604 3096 855 3167 irrigans
874 3111 1002 3150 eam
1043 3095 1197 3151 ultra
1218 3113 1395 3167 quam
1431 3102 1603 3153 Estem
1631 3097 2035 3168 quadruplicis

398 3184 659 3240 ﬂuminis
690 3184 846 3240 fonte
878 3185 1192 3256 perfusam.
1227 3187 1519 3242 Accedunt
1541 3195 1858 3257 martyrum
1873 3186 2032 3242 chori

2160 594 2381 670 οίκτροῦ
2414 614 2426 628 ⁸
2461 595 2739 650 Διονυσίου
2781 600 2876 650 τοῦ
2911 595 3211 673 πανσόφου,
3259 591 3351 647 καὶ
3396 587 3671 646 Βασιλὲίου
3697 594 3782 644 τοῦ

2163 684 2423 760 μεγάλου.
2460 684 2560 741 Καί
2593 681 2745 740 οὔπω
2775 685 2963 758 καιρὸς
3007 688 3115 738 τῶν
3162 681 3348 738 ἄλλων
3397 679 3667 757 θεοφόρων
3695 679 3781 739 τὰς

2159 776 2387 849 χρήσεις
2419 773 2649 851 εἰσάγειν
2680 773 2731 829 ἐν
2763 771 2905 845 τῷδε
2934 777 3014 844 τῷ
3052 771 3354 846 γράμματι.
3403 771 3664 832 "Axovs,
3693 766 3784 823 οὖ-

2156 864 2300 937 ρανέ,
2334 863 2423 919 καὶ
2453 862 2728 934 ἐνωτίζου,
2777 870 2870 937 γῆ.
2904 857 3077 919 Μωὰϐ
3125 861 3410 932 ἡθέτησεν,
3458 861 3494 928 ἡ
3547 857 3781 932 βυζαντὶς

2157 949 2416 1023 δηλονότι
2457 970 2474 985 ⁸
2523 953 2614 1008 τὸν
2667 950 3020 1027 εὖαγγελικὸν
3082 952 3233 1025 ζυγὸν
3304 947 3618 1004 ἀπεσείσατο
3651 965 3667 980 ⁸
3715 946 3784 1007 ὡς

2158 1039 2395 1114 δάμαλις
2423 1046 2808 1117 παροιστρῶσα
2846 1041 3166 1117 ἠφηνίασεν.
3213 1036 3405 1100 Ὀδοῦς
3456 1057 3552 1092 σου
3601 1033 3782 1090 εἰδέναι

2156 1130 2221 1186 οὐ
2257 1129 2556 1206 βούλομαι,
2586 1134 2980 1206 πραγματικῶς
3009 1149 3068 1184 τε
3095 1129 3187 1184 καὶ
3233 1128 3474 1204 λογικῶς
3522 1125 3780 1201 ἀπενρθάγ-

2155 1221 2304 1291 ξατο.
2363 1216 2719 1296 Κορυϐαντιᾷ,
2782 1218 3050 1293 μαίνεται,
3102 1219 3397 1290 αἱμοποτεῖ
3425 1215 3500 1276 ὡς
3559 1210 3780 1268 λέαινα⁸

2158 1310 2233 1373 ὡς
2281 1310 2442 1374 ἀσπὶς
2491 1308 2613 1384 μύει
2664 1308 2761 1370 τὰς
2834 1309 3020 1376 ἀκοὰς,
3094 1304 3428 1386 ἱλεγχομένη
3503 1301 3784 1358 ἀποτινάσ-

2159 1420 2328 1458 σεται.

2226 1491 2388 1545 ’Πκεν
2439 1489 2576 1563 αὐτῇ
2635 1489 2788 1566 τρωνὴ
2850 1486 3235 1560 ὑπομνηστική
3282 1483 3358 1547 ὡς
3412 1482 3506 1536 ἀπ’
3546 1479 3785 1554 οὐρανοῦ,

2156 1579 2216 1634 ἐκ
2241 1583 2339 1634 τοῦ
2389 1579 2846 1655 κορυπαιοτάτου,
2881 1575 2938 1632 ἔκ
2985 1579 3082 1630 τοῦ
3122 1575 3440 1646 Ῥωμαϊκοῦ
3470 1569 3658 1641 θρόνου
3689 1587 3707 1606 ⁸
3733 1568 3786 1623 Τί

2156 1668 2446 1748 πὲπραχας
2508 1669 2689 1741 βοῶσα
2781 1665 3014 1742 Χριστὸν
3069 1665 3326 1739 ἤρνησαι,
3391 1663 3627 1735 Χριστοῦ
3696 1659 3789 1728 τὴν

2157 1757 2337 1813 εἰκόνα
2390 1757 2673 1826 ἀθετοῦσα,
2720 1761 2822 1825 τῆς
2879 1753 3163 1821 Θεοτόκου,
3214 1757 3322 1808 τῶν
3365 1749 3583 1806 πάντων
3611 1748 3787 1822 ἁγίων.

2157 1847 2402 1917 νΑνοιξον
2433 1845 2659 1916 εὐήκοον
2693 1845 2786 1906 οὖς
2821 1863 2834 1876 ⁸
2868 1843 3115 1899 ἒνώτισαι
3147 1841 3343 1916 λόγους
3395 1837 3786 1914 εὐαγγελικοὺς,

2156 1934 2579 2003 ἀποστολικοὺςς
2663 1932 3062 2010 προφητικοὺς,
3139 1928 3456 2002 πατρικοός.
3537 1926 3634 1981 Καὶ
3731 1925 3786 1980 οὗ

2155 2029 2494 2101 προσήκατο,
2535 2023 2634 2081 οὒκ
2683 2023 2897 2095 tatem
2930 2042 2943 2055 °
3007 2021 3152 2079 ἀλλά
3209 2019 3548 2096 διαῤῥήξασα
3605 2018 3786 2084 ἑαυτήν

2154 2121 2252 2173 τοῦ
2294 2115 2704 2191 πεντακορύφου
2747 2114 3002 2186 σώματος
3035 2117 3138 2180 τῆς
3186 2109 3522 2178 Ἑκκλησίας
3556 2125 3570 2135 ⁸
3612 2101 3784 2173 ἔπειΞή

2153 2200 2235 2262 ἔτι
2268 2209 2332 2280 ζῇ
2363 2205 2450 2260 καὶ
2484 2203 2796 2280 Νικηφόρος
2845 2204 2872 2257 ὁ
2903 2203 3051 2276 ἱερός
3079 2216 3096 2233 ⁸
3149 2197 3434 2275 τραχηλίᾷ
3481 2197 3622 2252 κατά
3668 2197 3787 2250 Θεοῦ

2153 2295 2594 2369 παντοκράτορος
2652 2311 2666 2326 ⁸
2726 2287 3077 2368 ἐνυϐρίζουσα
3131 2289 3384 2365 Χριστὸν,
3430 2289 3676 2342 πατοῦσα
3729 2283 3790 2339 τὰ

2153 2386 2302 2460 ἅγια.
2358 2387 2588 2440 Τοιαῦτα
2641 2383 2708 2437 τὰ
2745 2381 2870 2456 παρ’
2927 2381 3121 2449 αὐτῆς,
3180 2376 3226 2432 ὦ
3291 2377 3645 2450 τριπόθητοι.
3700 2371 3788 2426 Καὶ

2155 2476 2271 2548 μεθ’
2301 2477 2462 2548 ἡμῶν
2497 2474 2524 2528 ὁ
2550 2473 2702 2541 Θεὸς,
2725 2468 3019 2540 Ἀνατολή,
3054 2467 3236 2538 Δόσις,
3270 2465 3472 2544 Bassa,
3534 2463 3785 2521 θάλασσα.

2149 2567 2238 2622 Ἐν
2295 2562 2509 2625 τούτοις
2566 2565 2602 2632 ἡ
2656 2562 2847 2636 χαρά⁸
2910 2559 2955 2615 εἰ
3014 2557 3071 2613 δὲ
3119 2557 3209 2613 καὶ
3261 2558 3477 2626 θρῆνος,
3542 2553 3632 2609 διὰ
3674 2553 3789 2612 τοὺς

2151 2652 2592 2726 ἀπολλυμένους.
2645 2656 2813 2726 Δεῦρο
2854 2647 2920 2720 δὴ
2973 2649 3134 2719 στῆτὲ
3187 2667 3281 2721 μοι
3334 2647 3599 2720 γενναῖοι,
3634 2643 3788 2717 εὐχά-

2152 2765 2346 2819 ριστοι,
2396 2743 2729 2817 ἁρπάζοντες
2769 2739 2837 2796 τὰ
2887 2738 3019 2814 ὑπὲρ
3071 2740 3305 2812 Χριστοῦ
3352 2735 3674 2807 παθήματα,
3723 2731 3789 2792 ὠς

2150 2831 2581 2904 θησαυρίσματα,
2614 2833 2739 2892 Οἷος
2772 2829 2799 2882 ὁ
2829 2828 3018 2902 καιρὸς
3057 2826 3260 2903 ἀγαθὸς
3289 2826 3424 2899 πρὸς
3471 2824 3606 2885 τοὺς
3651 2823 3788 2898 ἀγω-

2146 2918 2486 2994 νιζομένους,
2544 2917 2840 2989 ἡδόπνους,
2915 2915 3153 2990 μυρίςων
3225 2914 3292 2968 τὰ
3361 2912 3789 2989 ἀθλοφορήματα

2149 3012 2280 3087 ὑπὲρ
2336 3009 2508 3065 πάντα
2553 3008 2622 3064 τά
2677 3007 2975 3082 ἇρώματαί
3026 3006 3174 3077 Αἷμα
3225 3005 3307 3077 ῥεῖ
3348 3001 3681 3077 μαρτυρικὸν
3709 2999 3784 3054 ἐπὶ

2143 3103 2244 3171 τήν
2281 3098 2634 3168 Ἐκκλησίαν,
2689 3094 2852 3172 ἕρδον
2903 3095 3069 3162 αὐτήν
3122 3093 3253 3167 ὑπὲρ
3297 3089 3466 3164 Ἐὃέμ
3519 3091 3580 3146 ἐκ
3607 3108 3788 3160 τετρα-

2147 3190 2404 3263 ποτάμου
2451 3190 2661 3261 κρήνης
2711 3185 3098 3258 ποτιουμένην.
3133 3179 3519 3257 Προστίθενται
3553 3181 3602 3234 οἱ
3636 3176 3786 3252 χοροὶ

397 3273 497 3345 qui
527 3274 683 3329 omni
731 3279 893 3328 aetate
931 3275 1210 3330 fuerunt:
1253 3291 1382 3347 quas
1433 3275 1569 3331 olim
1633 3277 2033 3332 confessorum

2153 3285 2256 3336 τῶν
2286 3279 2374 3334 ἀπ’
2413 3278 2610 3338 αἲῶνος
2646 3275 2931 3350 μαρτύρων
2963 3291 2979 3306 ⁸
3023 3276 3129 3327 τῶν
3169 3268 3541 3346 ὅμολογητῶν
3593 3269 3659 3322 τὰ
3696 3267 3788 3322 πά-

397 3361 698 3418 felicitates
747 3362 1228 3432 praedicabantur,
1269 3380 1424 3420 nunc
1454 3364 1642 3420 oculis
1691 3371 2031 3420 cernuntur.

397 3455 485 3507 An
514 3450 686 3521 igitur
716 3467 832 3506 non
865 3450 1106 3508 festines
1155 3455 1222 3507 ad
1257 3457 1546 3509 certamen
1597 3453 1719 3510 haec
1767 3455 2033 3522 audiens,

396 3539 699 3596 fasttdiens
723 3541 1438 3610 montanam,autdeserti,
1455 3542 2036 3615 autqualemcunque

400 3628 885 3686 occultationem?
930 3631 1202 3685 Attamen
1243 3647 1413 3686 mane
1457 3631 1556 3687 ubi
1585 3648 1686 3699 es;
1755 3632 1932 3688 habes
1981 3637 2038 3688 et

399 3722 463 3773 tu
497 3716 916 3772 beatitudinem
938 3719 1254 3789 ingentem.
1281 3718 1412 3787 Ora,
1438 3727 1494 3774 et
1522 3721 1696 3776 lauda
1713 3721 2036 3789 beatiores;

400 3811 637 3880 percute
658 3804 1294 3879 mihiinaspectabilem
1327 3809 1636 3865 draconem
1665 3827 1679 3878 ;
1711 3809 1934 3866 debella
1957 3811 2039 3866 in-

399 3899 678 3953 testinum
730 3901 922 3952 carnis
962 3897 1231 3967 bellum;
1282 3899 1474 3955 vincat
1520 3900 1780 3970 spiritus,
1829 3901 2040 3956 serviat

399 4003 646 4057 corpus:
684 3993 744 4042 ut
770 3986 1036 4043 libertate
1069 3991 1289 4044 fruatur
1319 3989 1516 4043 anima
1561 3994 1852 4061 ,tanquam
1907 3989 2038 4045 hera

400 4093 466 4132 ac
498 4079 754 4144 domina,
805 4093 1001 4149 pacem
1051 4076 1276 4133 habens
1319 4094 1453 4133 cum
1503 4078 1640 4135 Deo.
1685 4079 1883 4144 Hoclsi
1915 4079 2034 4145 fiat,

400 4167 808 4238 quotidianum
840 4167 1203 4238 martyrium,
1236 4184 1270 4223 a
1299 4167 1414 4224 Deo
1443 4173 1610 4224 textas
1641 4167 1895 4226 coroilie.

470 4346 550 4402 De
582 4345 747 4401 nobis
781 4347 1180 4416 peccatoribus
1201 4363 1272 4403 ne
1302 4348 1432 4404 sitis
1457 4349 1631 4417 anxii,
1667 4349 1820 4417 licet,
1845 4349 2040 4405 audie-

399 4435 526 4492 ritis
557 4443 610 4490 et
633 4452 738 4491 nos
765 4435 1005 4506 flagellis
1045 4450 1230 4492 cassos
1276 4438 1485 4494 iterum
1538 4439 1740 4495 fuisse.
1775 4439 2039 4495 Tulimns

399 4542 507 4597 ope
537 4531 858 4581 vestrarum
892 4542 1127 4595 precum
1154 4542 1288 4584 cum
1331 4530 1646 4599 gratiarum
1679 4531 1924 4598 actione,
1950 4533 2036 4587 hi-

2145 3369 2238 3426 λαι
2274 3366 2702 3442 μσκαριζόμενα,
2733 3363 2784 3420 ἓν
2818 3362 3131 3440 ἀφθαλμοῖς
3162 3365 3253 3415 νῦν
3299 3361 3514 3433 ὁρᾶται.
3547 3358 3669 3432 ’Ἆρ’
3698 3355 3784 3411 οὖν

2145 3460 2244 3514 οὐκ
2274 3457 2464 3531 ἐπείγῃ
2499 3456 2636 3529 πρὸς
2679 3456 2778 3523 τὴν
2827 3451 3057 3520 ἄθλησιν
3093 3451 3121 3504 ὁ
3161 3447 3396 3517 ἀκούων,
3420 3444 3784 3520 δυσχεραίνων

2144 3551 2244 3617 τήν
2280 3547 2518 3621 ὀρεινὴν,
2549 3546 2584 3614 ἢ
2615 3545 2714 3612 τήν
2741 3541 2987 3618 ἐρημίαν,
3019 3541 3054 3610 ἢ
3093 3541 3193 3608 τήν
3245 3538 3496 3592 ὁπωσοῦν
3549 3553 3784 3608 κρυπτα-

2146 3639 2258 3694 δίαν
2291 3657 2305 3707 ;
2353 3634 2516 3692 Ἀλλ’
2569 3632 2724 3705 ὅμως
2775 3633 2900 3704 μὲνε
2947 3629 2998 3686 ἐν
3053 3632 3135 3690 οἷς
3168 3629 3217 3683 εἶ
3244 3646 3256 3659 ·
3310 3624 3458 3704 ἔχεις
3489 3625 3672 3680 καὶσὺ
3700 3623 3781 3679 τὸν

2149 3724 2492 3802 μακαρισμὸν
2556 3721 2770 3793 ἡλίκον.
2831 3717 3172 3795 Προσεῦχου,
3230 3715 3322 3771 καὶ
3400 3714 3609 3770 ἐπαίνει
3665 3713 3780 3772 τοὺς

2144 3801 2660 3890 πλεομακαρίστους
2693 3831 2711 3845 ⁸
2746 3809 2918 3885 βάλλε
2953 3829 3046 3881 μοι
3076 3808 3168 3862 τὸν
3208 3805 3437 3880 ἀόρατον
3471 3801 3736 3878 δράκοντα
3765 3819 3780 3835 ⁸

2144 3900 2308 3981 τρέπε
2342 3925 2434 3978 μοι
2463 3903 2556 3957 τὸν
2589 3895 2856 3978 ἕμφύλιον
2887 3901 2986 3963 τῆς
3017 3896 3212 3970 σαρκὸς
3243 3892 3492 3965 πόλεμον
3528 3912 3542 3924 ·
3593 3890 3779 3945 νίκὰτω

2146 3979 2208 4051 τὸ
2273 3998 2521 4066 πνεῦμα·
2586 3989 2868 4046 δουλοῦτω
2921 3987 2985 4042 τὸ
3043 3990 3244 4058 σῶμα·
3303 3984 3377 4044 ὡς
3436 3980 3497 4036 ἂν
3546 3979 3778 4066 ἡγψυχή

2148 4065 2528 4159 ἐλευθεριάζει,
2561 4083 2595 4151 ἡ
2645 4079 2804 4154 κυρία
2857 4077 2948 4132 καὶ
2998 4072 3270 4141 δέσποινα,
3313 4072 3541 4144 εἰρήνην
3594 4065 3781 4144 ἔχουσα

2146 4173 2284 4248 πρὸς
2313 4173 2405 4227 τὸν
2461 4166 2608 4226 Θεὸν.
2642 4169 2762 4224 Ἐὰν
2824 4165 2988 4236 οὕτω,
3051 4163 3344 4239 μαρτύριον
3403 4159 3774 4229 λαθεκᾶστην·

2149 4263 2399 4338 στέφανοι
2431 4258 2746 4316 θεὸπλοκοι.
3724 4333 3743 4346 ﬂ

2222 4351 2350 4425 Περὶ
2407 4352 2568 4422 ἡμῶν
2625 4351 2733 4402 τῶν
2795 4341 3140 4420 ἁμαρτωλῶν
3199 4341 3275 4413 μὴ
3336 4339 3558 4394 ἀνιᾶσθε
3608 4379 3623 4396 .
3690 4339 3776 4389 κᾶν

2150 4442 2418 4511 ἀκηκόατε
2447 4437 2530 4494 ὅτι
2585 4436 2674 4493 καὶ
2733 4436 2885 4498 αὖθις
2935 4430 3410 4508 ἒμαστιγώθημεν.
3456 4428 3777 4503 Ἢνὲγκαμεν

2150 4531 2339 4610 εὐχαῖς
2401 4530 2555 4602 ὑμῶν
2605 4525 2968 4602 εὐχαρίστως,
3017 4526 3333 4598 περιχαρῶς
3384 4538 3402 4554 ⁸
3471 4521 3572 4574 κᾶν
3644 4516 3778 4610 ,πρὸς

399 4614 638 4671 lariter:
671 4613 780 4670 etsi
813 4614 1091 4672 diuturna
1140 4634 1254 4673 non
1305 4618 1415 4674 fuit
1464 4620 1744 4676 acerbitas
1793 4621 2030 4679 doloris.

2153 4607 2331 4698 ὀλίγον
2360 4624 2395 4689 ἡ
2428 4616 2701 4694 δρίμυξις.
2737 4616 2913 4672 Μόνον
2951 4615 3026 4684 μή
3073 4613 3236 4682 ἀνῆτε
3273 4612 3364 4672 τὰς
3421 4609 3576 4702 ὁσίας
3628 4607 3776 4702 ,ὑμιῖξν

401 4703 654 4760 Tantum
690 4722 759 4760 ne
790 4710 1018 4760 sanctas
1056 4723 1269 4763 manus
1300 4723 1520 4764 vestras
1569 4710 1862 4766 extindere
1905 4728 2036 4768 ces-

398 4797 544 4860 sate,
577 4793 892 4865 Speramus
921 4796 1076 4851 enim
1101 4797 1370 4868 quamvis
1400 4797 1563 4853 valde
1593 4799 1933 4864 imbecilles,
1967 4803 2037 4856 de

395 4882 629 4938 Amalec
661 4883 772 4938 isto
804 4891 1084 4956 tropaaum
1117 4891 1434 4943 erecturos.
1466 4886 1691 4941 Salutat
1715 4903 1816 4942 vos
1849 4890 2039 4958 pluri-

398 4987 556 5026 mum
598 4972 870 5028 Nicolaus
921 4975 1095 5030 frater
1135 4981 1346 5032 vester.
1395 4974 1642 5031 Salutate
1691 4978 1926 5032 invicem
1975 4981 2038 5034 in

396 5061 582 5117 osculo
620 5068 807 5118 sancto
837 5064 902 5131 '“,
935 5064 1076 5120 socii
1109 5065 1320 5130 socios,
1349 5065 1506 5136 parvi
1563 5082 1827 5137 magnos,
1863 5075 2037 5141 atque

394 5153 661 5222 inprimis
683 5153 903 5209 vicinos
925 5154 1142 5209 Patres.
1175 5154 1434 5225 Cumque
1464 5172 1497 5210 a
1526 5156 1688 5211 vobis
1740 5157 1884 5214 lecta
1909 5161 2033 5214 fue-

395 5241 471 5297 rit
497 5241 760 5312 epistola,
796 5260 867 5297 ne
893 5244 1086 5314 pigeat
1107 5247 1164 5299 et
1192 5244 1346 5315 apud
1370 5242 1500 5298 illos
1521 5244 1655 5316 legi,
1689 5247 1739 5302 si
1758 5248 1929 5302 modo
1949 5247 2034 5302 di-

392 5345 509 5403 gna
566 5332 737 5387 fuerit
780 5349 795 5387 :
848 5333 1322 5402 quandoquidem
1373 5335 1670 5389 unanimes
1717 5351 1943 5402 omnes,
1983 5346 2037 5392 et

391 5436 576 5474 unum
609 5437 846 5493 corpus,
880 5421 1143 5488 quamvis
1174 5421 1405 5478 diversa
1439 5424 1720 5480 membra.
1755 5423 2036 5482 Dominus

387 5507 563 5564 Jesus
592 5509 860 5564 Christus
882 5508 1184 5566 vobiscum
1207 5519 1261 5566 et
1282 5509 1586 5568 nobiscum
1610 5514 2034 5584 peccatoribus.

388 5601 600 5654 Amen.

456 5725 506 5765 δ’
531 5727 642 5784 lsa.
675 5726 717 5797 Ι,
749 5727 804 5782 2.
904 5727 954 5764 7°
980 5729 1111 5787 Job.
1143 5747 1260 5804 xxi,
1292 5733 1379 5790 14.
1483 5734 1526 5769 ⁷¹
1559 5733 1608 5789 ΙΙ
1639 5733 1764 5795 Cor.
1796 5752 1915 5806 xm,
1940 5735 2027 5793 12.

2147 4716 2340 4785 χεῖρας
2395 4707 2734 4768 ἐκτείνοντες.
2780 4704 3112 4777 Πιστεύομεν
3143 4702 3270 4779 γὰρ,
3309 4700 3354 4754 εἰ
3403 4699 3493 4754 καὶ
3552 4698 3776 4755 ἀσθενεῖς

2147 4801 2290 4867 λίαν,
2345 4797 2396 4854 ἐν
2442 4797 2622 4868 τούτῳ
2654 4795 2746 4850 τὸν
2777 4791 3039 4866 Ἀμαλὴκ
3083 4791 3484 4866 τροπώσασθαι.
3523 4787 3776 4854 Ἀσπάζεο

2145 4909 2235 4943 ται
2265 4885 2454 4942 πολλά
2485 4883 2756 4947 Νικόλαος
2787 4884 2815 4938 ὁ
2856 4880 3090 4958 ἀδελφὸς
3143 4881 3312 4952 ὑμῶν.
3374 4875 3776 4936 Ἀσπάσασθε

2148 4976 2492 5046 ἀλλήλους
2523 4975 2584 5029 ὲν
2625 4974 2965 5052 φιλήματι
3024 4971 3196 5048 ἁγίῳ
3229 4987 3245 5002 ⁸
3294 4969 3349 5022 αἱ
3393 4964 3636 5023 συνοδίαι
3687 4962 3774 5052 τάξ

2147 5064 2398 5127 συνοδίας
2429 5085 2443 5099 ⁸
2480 5065 2530 5119 οἰ
2566 5064 2752 5137 μικροὶ
2781 5062 2910 5124 τοὺς
2947 5059 3219 5136 μεγάλους
3253 5079 3266 5091 ⁸
3301 5056 3392 5113 καὶ
3428 5055 3612 5130 μέντοι
3657 5049 3774 5109 τοὺς

2146 5155 2546 5227 πλησιάζοντας
2604 5154 2864 5228 Πατέρας.
2917 5152 3012 5206 Καὶ
3088 5148 3211 5205 ὅταν
3286 5146 3600 5222 ἀναγνωσθῆ
3661 5138 3776 5228 παρ’

2149 5225 2275 5315 ὑμῖν
2326 5245 2362 5313 ἡ
2415 5239 2675 5311 ἐπιστολή
2711 5259 2724 5272 ⁸
2751 5225 2759 5228 Ἴ
2789 5242 2864 5315 μὴ
2915 5237 3325 5312 παραιτήσησθε
3365 5235 3457 5289 καὶ
3491 5232 3619 5305 παρ’
3649 5225 3777 5284 ἐκεί-

2145 5354 2259 5395 νοις
2311 5332 2717 5409 ἀναγνωσθῆναι
2751 5350 2763 5364 ·
2812 5331 2900 5384 ἐὰν
2943 5329 2980 5404 ᾗ
3027 5327 3148 5400 ἀξία
3185 5325 3350 5400 μόνον
3386 5343 3399 5356 ⁸
3437 5317 3622 5383 ἐπειδή
3653 5318 3773 5373 πάν·

2144 5444 2234 5485 τες
2292 5407 2596 5498 ὁμόῴυχοι,
2626 5421 2716 5475 καὶ
2770 5416 2826 5475 ἓν
2875 5420 3056 5492 σῶμα,
3098 5416 3194 5472 κ’ἀν
3244 5413 3472 5493 διάφορα
3511 5407 3676 5483 μέλη.
3723 5409 3773 5456 Ὅ

2146 5512 2344 5588 Κύριος
2391 5513 2604 5582 Ἰησοῦς
2653 5509 2885 5584 Χριστὸς
2935 5509 3049 5583 μεθ’
3102 5509 3254 5581 ὑμῶν
3302 5501 3392 5560 καί
3462 5501 3579 5575 μεθ’
3624 5497 3773 5569 ἡμῶν

2145 5605 2252 5661 τῶν
2281 5600 2649 5678 ἁμαρτωλῶν.
2669 5601 2866 5674 Ἀμήν.
