4062 6280
325 409 474 472 1281

561 540 692 600 El".
732 572 802 585 -
840 538 1245 616 Ναυκρατίῳ
1281 537 1508 612 τέκνῳ.
1551 536 1737 612 [υλζ’.]

1592 383 2141 468 EPISTOLARUM
2185 384 2335 465 LIB.
2381 386 2459 464 Il.

3570 388 3723 463 1282

2511 535 2699 591 LXIII.
2733 564 2802 575 ι-
2831 536 3131 591 Naucralio
3159 536 3295 606 ﬁlio.

320 649 547 699 Romani
577 647 834 711 episc0pi,
867 645 1652 711 aliorumqueOccidentalium
1699 644 1958 711 adversus
2002 641 2387 711 Iconomachos
2415 639 2666 704 suffragia
2692 640 2987 711 praedicat.
3022 641 3216 711 Postea
3240 656 3399 711 suum
3425 656 3553 711 cum
3578 644 3724 696 Cho-

602 704 1083 775 narnn'J,Phrygim
1114 704 1278 771 urbis,
1310 709 1575 773 praelecto,
1608 709 1823 759 homine
1855 707 2123 761 hmretico,
2153 718 2495 767 congressum
2526 708 2727 754 narrat.
2756 704 2970 759 (Baron.
3001 718 3090 753 an.
3118 704 3229 765 819,
3258 719 3310 755 n.
3341 706 3440 765 25.)

392 810 465 866 O6
522 812 896 881 πλησθήσεται
969 810 1032 865 τὸ
1107 807 1197 871 οῦς
1259 829 1362 881 μου
1440 808 1546 863 ἀπὸ
1604 811 1794 885 φωνῶν
1866 827 1963 861 σου

2148 805 2272 861 Non
2302 804 2609 860 satiabitur
2638 805 2797 860 auris
2840 821 2965 860 mea
2994 820 3199 861 vocum
3231 810 3459 863 tuarum
3492 809 3719 864 auditu.

321 899 655 976 ἀκροάσεως.
689 905 894 962 Φωνεῖς
923 901 1028 977 γὰρ
1059 900 1327 974 ἀναγκαῖα
1354 899 1446 953 καὶ
1498 897 1916 973 κατεπείγνοντα
1943 914 1962 932 ⁸

322 987 356 1043 δι
402 989 494 1045 καὶ
544 993 636 1044 νῦν
688 988 1013 1053 ἐνωτισθείς,
1060 988 1105 1043 ὦ
1154 988 1243 1044 καὶ
1291 990 1447 1057 καλὲ,
1486 987 1591 1062 ﬁeri
1638 988 1667 1042 6
1713 987 1967 1049 ταπεινὸς

323 1081 699 1154 χαριστήριον
754 1079 827 1141 ὡς
858 1078 919 1135 06
968 1077 1337 1134 καταλέλοιπε
1383 1076 1571 1134 τὲλεον
1614 1077 1819 1153 Κύριος
1864 1079 1963 1148 τήν

324 1168 653 1240 Ἐκκλησίαν
684 1170 852 1225 αὐτοῦ
885 1188 899 1203 ·
945 1166 1074 1224 ἀλλ’
1113 1166 1306 1239 ἔδειξεν
1353 1163 1431 1223 ἔτι
1462 1162 1608 1243 ἔχειν
1653 1168 1753 1238 τήν
1804 1167 1963 1246 ἶσχὺν

323 1259 495 1329 αὐτῆς
526 1277 541 1290 '
593 1260 818 1329 κινήσας
863 1258 990 1319 τοὺς
1051 1257 1155 1313 ἀπὸ
1208 1259 1418 1320 Δῦσεως
1460 1255 1730 1337 ἀδελφοὺς
1781 1259 1967 1330 ἡμῶν,

322 1344 552 1424 ἔλεγχον
585 1354 685 1417 τῆς
734 1347 1017 1423 παροίνιας
1060 1351 1168 1403 τῶν
1214 1345 1368 1421 τῇδε,
1398 1348 1489 1401 καὶ
1528 1348 1808 1424 φωτισμὸν
1857 1350 1965 1401 τῶν

320 1436 817 1510 νυκτομαχούντων
874 1440 944 1510 τῇ
1021 1437 1245 1512 αἳρὲσει.
1310 1433 1415 1490 Κᾶν
1492 1435 1844 1491 ἀπεσείσαντο
1915 1435 1969 1490 οἱ

320 1526 652 1601 ἀτεράμονες
684 1544 700 1559 ·
760 1523 856 1580 κᾶν
916 1523 1237 1604 ὀφθαλμοὺς
1292 1523 1515 1600 καρδίας
1576 1523 1674 1580 οὐκ
1729 1525 1967 1595 ἤνοιξαν.

323 1618 595 1691 Μαρτυρῶ
652 1614 776 1691 ἄρτι
851 1613 1187 1670 κατενώπιον
1248 1618 1382 1669 Θεοῦ
1450 1616 1541 1669 καὶ
1618 1614 1918 1689 ἀνθρώπων
1952 1633 1966 1647 ·

321 1703 544 1766 ἑαυτοὺς
600 1702 904 1780 ἀπέῥρηξαν
959 1707 1055 1759 τοῦ
1116 1703 1373 1776 σώματοσ
1413 1708 1511 1759 τοῦ
1568 1706 1824 1779 Χριστοῦ,
1873 1707 1969 1759 τοῦ

321 1797 654 1871 κορυφιακοῦ
685 1792 906 1868 θρόνου,
933 1792 985 1848 ἐν
1018 1792 1064 1865 ᾧ
1096 1792 1327 1867 Χριστὸς
1366 1788 1517 1848 ἔθετο
1547 1793 1644 1855 τὰς
1673 1792 1824 1856 κλεῖς
1870 1800 1971 1863 τῆς

320 1882 604 1944 πίστεως·
662 1885 729 1952 ἧς
786 1882 848 1937 οὐ
908 1881 1238 1961 κατίσχυσαν
1297 1881 1392 1936 ἀπ’
1446 1882 1665 1954 αἰῶνος,
1727 1880 1837 1937 οὐδ’
1908 1883 1968 1938 ἂν

320 1970 694 2047 κατισχύσωσι
750 1973 918 2047 μέχρι
968 1969 1275 2033 συντελείας
1323 1969 1492 2026 πύλαι
1542 1966 1701 2041 ᾅδου,
1750 1970 1816 2026 τά
1860 1975 1969 2027 τῶν

327 2062 613 2135 αἱρετικῶν
644 2058 859 2131 δηλαδὴ
894 2060 1139 2133 στόματα
1170 2078 1184 2091 ·
1221 2060 1297 2122 ὡς
1327 2062 1361 2130 ἡ
1393 2064 1491 2115 τοῦ
1538 2058 1804 2135 ἀψευδοῦς
1838 2060 1970 2116 ὑπό-

328 2171 534 2227 σχεσις.
585 2151 831 2224 Χαιρέτω
864 2148 954 2204 οὗν
1006 2151 1034 2204 6
1078 2151 1490 2225 μακαριώτατος
1535 2151 1624 2205 καὶ
1673 2150 1970 2206 ἀποστολι-

328 2240 423 2300 κὸς
454 2239 547 2294 καὶ
577 2238 895 2316 φερώνυμος
944 2237 1264 2313 Πασχάλιος
1296 2257 1312 2271 ·
1346 2237 1430 2293 ὅτι
1470 2239 1533 2293 τὸ
1566 2237 1723 2312 ἔργον
1758 2238 1966 2312 Πὲτρου

331 2326 696 2403 ἐξεπλήρωσε.
742 2326 1027 2403 Σκιρτάτω
1076 2333 1181 2390 πᾶς
1229 2324 1532 2400 ὃρθοδόξων
1593 2329 1820 2391 θίασος⁶
1883 2330 1966 2385 ὅτι

329 2419 447 2473 κατ’
496 2417 816 2495 ὀφθαλμοὺς
863 2415 973 2473 εἶδε
1019 2419 1120 2486 τήν
1171 2416 1472 2485 ἔπισκοπὴν
1524 2421 1784 2492 Χριστοῦ,
1832 2421 1968 2473 κατὰ

328 2506 454 2569 τοὺς
486 2505 657 2562 πάλαι
687 2508 877 2582 ἁγίους
931 2506 1166 2582 Πατὲρας
1208 2512 1382 2580 ἡμῶν.
1423 2508 1501 2565 Τά
1529 2507 1631 2584 γὰρ
1684 2505 1827 2563 ἄλλα
1858 2508 1965 2575 ὅπη

329 2600 407 2668 τῷ
436 2600 551 2667 Θεῷ
580 2595 715 2674 φίλα
740 2596 970 2670 ἀγέσθω.
1006 2593 1301 2670 Ἀρδευέτω
1342 2597 1406 2651 τὸ
1452 2597 1778 2671 μαρτυρικὸν
1827 2599 1969 2670 αἷμα

330 2686 429 2754 τήν
458 2685 783 2756 Ἐκκλησίαν
818 2705 834 2721 ο
886 2684 1190 2756 αὖξανέσθω
1240 2687 1267 2740 ὁ
1309 2686 1479 2761 χορὸς
1523 2690 1630 2740 τῶν
1680 2684 1969 2760 ὁμολογη-

332 2778 438 2830 τῶν
470 2793 483 2807 ο
516 2779 675 2829 τοῦτο
724 2772 944 2830 εὐδοκία
974 2779 1107 2829 Θεοῦ
1139 2792 1155 2807 ·
1188 2778 1354 2830 τοῦτο
1384 2774 1531 2850 χαρὰ
1562 2775 1650 2830 καὶ
1698 2774 1967 2851 ἀγαλλία-

334 2884 417 2926 σις
449 2881 463 2896 ⁸
494 2863 590 2919 κᾶν
623 2861 714 2918 διὰ
742 2863 870 2928 τοὺς
894 2861 1315 2937 ἀπολλυμένους
1348 2862 1734 2921 ἐλεεινότατον.

401 3044 466 3101 Τί
504 3045 725 3121 φήσαιεν
785 3044 841 3097 οἱ
899 3042 1174 3111 turrim;
1217 3041 1521 3114 Ἀνατολήν
1576 3043 1673 3098 οῦκ
1728 3039 1916 3119 ἔχουσι
1952 3064 1965 3079 ·

328 3133 539 3193 Δύσεως
569 3130 883 3205 ἐστέρηνται
918 3153 933 3167 ο
981 3136 1079 3187 τοῦ
1127 3133 1533 3209 πεντακορύφου
1582 3131 1969 3202 ἐκκλησιαστι-

324 3225 425 3277 κοῦ
473 3223 727 3295 σώματος
775 3224 865 3297 (ζῇ
915 3221 1019 3298 γὰρ
1078 3217 1156 3277 ἔτι
1203 3223 1291 3277 καὶ
1352 3221 1663 3301 Νικηφόρος
1720 3224 1747 3276 6
1800 3223 1968 3297 ἱερὸς)

327 3307 749 3382 διεσπάσθησαν.
808 3311 1012 3367 Οὐκοῦν
1070 3310 1476 3387 ἠλλοτρίωνται
1535 3313 1801 3387 Χριστῷ·
1869 3310 1971 3385 ἄρα

328 3397 703 3475 ἐνεκρώθησαν
735 3417 752 3433 ο
803 3399 905 3473 ἄρα
963 3400 1016 3455 ἐν
1075 3400 1252 3456 σκότει
1304 3398 1738 3476 διαπορεύονται.
1788 3402 1854 3458 Εἰ
1913 3399 1970 3456 δὲ

331 3486 417 3543 ὅτι
462 3486 725 3563 ἄρχουσιν
780 3488 863 3543 ἐπ’
921 3488 1130 3564 ἐρήμου
1190 3489 1467 3563 αἱρέσεως.
1513 3494 1674 3545 τοῦτο
1725 3490 1816 3545 καὶ
1870 3489 1971 3561 λῃ-

330 3577 453 3632 σταί
488 3595 501 3610 ⁸
536 3576 649 3631 ἐπεὶ
681 3579 767 3632 καὶ
801 3580 1125 3644 κτείνουσιν,
1161 3577 1339 3654 ὥσπερ
1389 3578 1478 3635 καὶ
1522 3579 1676 3634 οὗτοι
1711 3600 1726 3614 ·
1771 3576 1975 3653 α’ίματα

329 3669 625 3736 κενοῦντες,
702 3667 776 3729 ὡς
853 3665 983 3731 ἔπος
1066 3667 1256 3737 εἰπεῖν,
1327 3668 1678 3741 καθεκάστην.
1767 3668 1976 3743 Ἐχέτω

329 3753 497 3811 ταῦτα
548 3754 674 3813 ὧδε.
732 3755 952 3812 Ἦλίκον
1013 3754 1070 3812 δὲ
1122 3755 1323 3830 ᾄσομαι
1382 3756 1471 3813 ἐπὶ
1545 3762 1615 3833 τῇ
1693 3753 1974 3833 μεταϐολῇ

327 3843 627 3913 Λεοντίου;
676 3846 741 3899 Ὠ
799 3850 905 3899 τῶν
966 3846 1237 3919 μεγίστων
1292 3849 1390 3900 τοῦ
1444 3850 1579 3902 Θεοῦ
1636 3848 1972 3920 τεραστίωνῑ

330 3932 409 3988 Σὺ
462 3934 580 4007 μὶν,
627 3932 671 3988 ὦ
717 3939 836 4005 τᾶν,
886 3933 965 3998 εἷς
1012 3939 1175 3989 τοῦτο
1227 3934 1441 3990 κάκεῖνο
1496 3937 1975 4013 μετεσχημάτισας

329 4023 422 4077 τὸν
452 4020 801 4098 δύσχριστον.
852 4022 999 4100 Ἐγὼ
1050 4020 1108 4078 δὲ
1162 4023 1539 4099 Κυπριανίζειν
1589 4024 1750 4081 αὐτὸν
1796 4025 1849 4079 ἐν
1896 4029 1977 4097 τῷ

330 4112 608 4186 πράγματι
661 4112 851 4185 ᾠήθην
881 4130 898 4147 ο
955 4113 1395 4188 ἀποκρουσθέντα
1450 4113 1597 4189 παρά
1652 4119 1750 4170 τοῦ
1817 4117 1975 4190 βασι-

333 4199 471 4263 λέως
502 4198 840 4276 προδραμεῖν
889 4206 1004 4263 τοῖς
1053 4200 1423 4278 ἀθλοφοροῦσι
1454 4202 1542 4257 καὶ
1593 4202 1979 4277 ἐναγωνιζομὲ-

329 4309 446 4351 νοις
480 4308 495 4322 ·
525 4291 643 4345 κατ’
691 4290 987 4346 Ἰουστίναν
1020 4291 1119 4360 τήν
1170 4290 1442 4366 ἀοίδιμον.
1496 4292 1619 4365 Δῴη
1663 4291 1859 4367 Κύριος
1887 4292 1975 4349 τέ-

331 4378 456 4435 λεον
486 4378 570 4435 ἐπὶ
622 4380 825 4453 ἀμφοῖν
874 4382 943 4436 τὰ
983 4380 1261 4458 ἀμφότερα
1314 4380 1709 4460 ἀποφανθῆναι.
1759 4383 1823 4438 Ἡ
1873 4404 1972 4459 φυ-

332 4465 476 4537 λακή
510 4490 606 4524 σου
638 4469 723 4524 ὅτι
772 4466 1050 4543 ἐνδότερον
1098 4468 1328 4546 ἐγένετο,
1360 4470 1608 4545 λυπηρόν
1646 4491 1742 4543 μοι
1794 4468 1884 4526 διὰ
1912 4473 1975 4528 τὸ

332 4557 542 4621 ἀσθενές
592 4579 709 4615 σου.
765 4558 916 4629 Πλὴν
965 4556 1128 4633 ’ίσχυε
1178 4558 1269 4613 καὶ
1317 4563 1598 4633 κραταιοῦ,
1648 4558 1974 4634 ὁμολογητὰ

327 4651 590 4720 Χριστοῦ,
647 4647 721 4711 ὡς
791 4648 1263 4722 προεσημάναμεν.
1320 4651 1440 4704 ’Ίνα
1512 4646 1570 4703 δὲ
1639 4652 1830 4726 γνοίης
1893 4645 1971 4706 ἔτι

329 4734 669 4811 λευκότερον,
702 4739 1041 4810 προστίθημι
1084 4738 1174 4793 καὶ
1217 4742 1386 4794 ταῦτα
1415 4756 1433 4774 ⁶
1484 4741 1559 4800 ὼς
1609 4736 1689 4794 ἔτι
1736 4740 1974 4817 ἀσφαλί-

326 4832 474 4895 ζεται
522 4829 671 4901 ἡμᾶς
722 4828 751 4882 6
798 4828 1171 4906 φρούραρχος.
1222 4828 1320 4885 Διά
1360 4826 1439 4895 τί,
1488 4829 1577 4884 καὶ
1622 4833 1780 4899 πῶς;
1842 4833 1974 4887 Επεὶ

2074 894 2409 950 Necessaria
2445 895 2603 950 enim
2648 893 2900 966 loqueris
2943 900 3001 950 et
3036 901 3364 966 opportuna
3393 912 3410 952 :
3436 897 3632 969 qualia
3662 902 3720 954 et

2077 1000 2233 1039 nunc
2264 983 2528 1049 audiens,
2562 1000 2594 1038 ο
2635 983 2717 1037 fili
2779 983 3031 1055 egregie,
3076 984 3421 1042 charisteria
3478 986 3722 1042 humilis

2077 1073 2380 1128 decantavi
2413 1071 2732 1143 :quoniam
2761 1089 2875 1128 non
2915 1072 3228 1145 dereliquit
3270 1076 3326 1129 in
3378 1076 3553 1131 ﬁnem
3604 1076 3721 1132 Do-

2078 1162 2273 1218 minus
2309 1162 2621 1218 Ecclesiam
2664 1178 2871 1219 suam:
2903 1164 3003 1219 sed
3047 1163 3203 1219 illam
3235 1166 3384 1220 vires
3433 1182 3569 1245 suas
3616 1165 3719 1221 ad-

2076 1250 2191 1307 huc
2222 1251 2437 1307 habere
2477 1250 2674 1307 docuit
2709 1252 2912 1309 fratres
2945 1262 3174 1309 nostros
3205 1254 3461 1310 excitans
3493 1255 3564 1310 ab
3621 1270 3721 1311 oc-

2077 1357 2212 1396 casu
2246 1341 2314 1396 ad
2345 1340 2849 1411 reprehensionem
2886 1341 3231 1397 temulentize
3264 1344 3633 1412 nostratium,
3664 1347 3722 1399 et

2076 1428 2568 1485 illuminationem
2602 1428 2841 1485 haeresis
2865 1438 3040 1485 noctu
3070 1431 3504 1487 dimicantium.
3537 1433 3725 1497 Quan-

2078 1534 2256 1589 quam
2317 1519 2640 1590 rejecerunt
2697 1520 3081 1590 praefracti,et
3118 1520 3307 1575 cordis
3365 1523 3565 1577 oculos
3606 1538 3720 1577 non

2077 1612 2450 1679 aperuerunt.
2479 1608 2686 1663 Testor
2717 1624 2868 1664 nunc
2897 1624 3091 1663 coram
3121 1612 3229 1665 Deo
3256 1614 3312 1665 et
3342 1609 3718 1667 hominibus:

2078 1698 2303 1769 seipsos
2354 1696 2695 1753 avulserunt
2722 1714 2755 1752 a
2784 1714 3023 1769 corpore
3071 1698 3303 1768 Christi,
3335 1704 3393 1755 et
3446 1717 3719 1772 supremo

2078 1786 2329 1843 verticali
2360 1787 2591 1855 throno,
2626 1788 2685 1841 in
2736 1803 2852 1858 quo
2894 1786 3157 1843 Christus
3201 1789 3390 1845 claves
3423 1790 3618 1861 posuit
3648 1791 3720 1845 ti-

2079 1875 2170 1931 dei
2196 1891 2211 1930 :
2243 1877 2523 1932 adversus
2553 1892 2729 1946 quam
2764 1892 2878 1932 non
2911 1877 3261 1947 praevaluere
3292 1877 3593 1947 hactenus,
3614 1895 3720 1934 nec

2080 1966 2465 2036 przevalebunt
2518 1982 2707 2038 usque
2770 1966 2843 2021 ad
2920 1968 3485 2024 consummationem
3543 1978 3718 2040 portas

2079 2054 2245 2110 inferi
2276 2054 2342 2124 ⁷³,
2377 2071 2476 2111 ora
2504 2055 2728 2110 scilicet
2748 2054 3151 2111 haereticorum
3190 2073 3203 2112 :
3237 2057 3391 2112 sicut
3422 2056 3717 2125 pollicitus

2079 2153 2163 2202 est
2195 2144 2293 2217 qui
2323 2162 2437 2201 non
2480 2144 2779 2202 mentitur.
2811 2145 3068 2201 Gaudeat
3124 2145 3304 2218 igitur
3350 2147 3721 2203 beatissimus

2081 2239 2137 2289 et
2166 2232 2521 2300 apostolicus
2541 2239 2597 2289 et
2617 2233 2853 2289 nomine
2870 2249 2974 2289 suo
3006 2234 3220 2307 dignus
3252 2233 3562 2304 Paschalis,
3579 2253 3723 2308 quo-

2081 2323 2236 2378 niam
2269 2323 2419 2379 Petri
2453 2340 2600 2393 opus
2625 2322 2977 2393 adimplevit.
3011 2323 3268 2378 Exsultet
3295 2328 3487 2380 omnis
3515 2325 3720 2381 ortho-

2082 2415 2363 2469 doxorum
2398 2413 2630 2478 chorus,
2663 2413 2798 2484 quia
2820 2413 2892 2468 ob
2923 2413 3121 2468 oculos
3150 2412 3293 2468 vidit
3322 2414 3720 2485 episcopatum

2084 2504 2314 2571 Christi,
2356 2504 2678 2559 secundum
2730 2510 2963 2559 sanctos
3022 2502 3162 2559 olim
3212 2504 3407 2561 Patres
3465 2512 3720 2561 nostros.

2081 2592 2295 2648 Caetera
2316 2592 2468 2648 enim
2503 2598 2566 2647 ut
2598 2592 2713 2649 Deo
2744 2594 2931 2648 visum
2988 2592 3163 2648 fuerit
3207 2594 3486 2650 ferantur.
3522 2594 3725 2667 Irriget

2085 2690 2403 2752 martyrum
2437 2682 2681 2753 sanguis
2728 2682 3069 2752 Ecclesiam,
3100 2691 3372 2755 augescat
3429 2685 3723 2741 confesso-

2082 2789 2214 2828 rum
2242 2773 2492 2829 chorus:
2524 2772 2633 2828 hoc
2664 2773 2778 2828 Deo
2807 2783 3034 2844 gratum
3059 2790 3073 2841 ;
3102 2774 3210 2829 hoc
3233 2775 3516 2846 gaudium
3547 2783 3602 2830 et
3630 2792 3725 2831 ex-

2083 2860 2321 2918 sultatio
2354 2877 2369 2916 :
2404 2861 2670 2934 quamvis
2702 2867 2935 2934 propter
2964 2879 3063 2919 eos
3101 2863 3201 2934 qui
3237 2869 3479 2934 pereunt
3517 2864 3723 2920 miser-

2084 2952 2321 3007 rimum.

2156 3042 2302 3106 Quid
2359 3041 2551 3098 dicere
2610 3040 2841 3114 possint
2897 3041 3580 3098 adversarii?0rientum
3607 3059 3723 3100 non

2086 3128 2337 3198 habent;
2371 3129 2679 3186 Occidente
2730 3130 2937 3200 privati
2977 3134 3163 3186 sunt:
3196 3149 3228 3186 a
3276 3131 3436 3203 quini
3489 3133 3723 3188 verticis

2083 3235 2321 3290 corpore
2391 3220 2784 3276 ecclesiastico
2866 3220 3051 3276 avulsi
3118 3227 3313 3290 sunt;
3365 3221 3503 3277 vivit
3568 3223 3722 3278 enim

2084 3311 2407 3366 etiamnum
2439 3315 2497 3365 et
2525 3310 2881 3381 Nicephorus
2931 3326 3147 3366 sacrer.
3182 3311 3366 3382 Igitur
3408 3328 3443 3367 a
3496 3311 3724 3367 Christo

2084 3399 2315 3455 alienati
2369 3399 2750 3471 suntzigitur
2801 3400 3013 3455 mortui
3064 3416 3080 3455 :
3132 3400 3308 3472 igitur
3348 3400 3408 3457 in
3474 3400 3725 3457 tenebris

2085 3487 2409 3542 ambulant.
2444 3490 2607 3555 Quod
2648 3488 2695 3543 si
2731 3489 3120 3559 principatum
3151 3497 3341 3545 tenent
3373 3491 3431 3546 in
3489 3489 3725 3545 haresis

2007 3565 2048 3631 C
2088 3575 2333 3646 deserto,
2368 3577 2475 3633 hoc
2508 3577 2725 3633 faciunt
2759 3581 2814 3634 et
2845 3576 3096 3633 latrones
3128 3593 3143 3631 :
3176 3577 3390 3650 quippe
3440 3582 3540 3649 qui
3573 3577 3727 3634 occi-

2085 3665 2236 3720 dunt
2292 3666 2486 3733 etiam,
2521 3665 2675 3721 sicut
2723 3665 2860 3722 isti:
2893 3666 3261 3737 sanguinem,
3294 3675 3359 3722 ut
3415 3684 3531 3723 uno
3553 3668 3725 3724 verbo

2086 3754 2296 3822 dicam,
2331 3754 2590 3826 quotidie
2622 3755 2952 3811 fundentes.
2980 3755 3060 3811 De
3099 3756 3189 3811 his
3234 3765 3430 3812 autem
3467 3757 3537 3812 ad
3573 3758 3726 3812 hunc

2084 3848 2347 3899 modum.
2371 3848 2665 3910 Quantum
2699 3861 2830 3901 vero
2870 3846 3175 3901 concinam
3198 3845 3256 3901 in
3288 3845 3509 3902 Leontii
3542 3855 3730 3902 muta-

2082 3935 2241 3989 tione
2270 3934 2298 3989 ?
2320 3933 2364 3989 Ο
2388 3935 2640 3990 maxima
2657 3935 2761 3991 Dei
2791 3935 3079 4007 prodigia!
3115 3936 3201 3991 Tu
3234 3937 3492 4008 quidem,
3518 3938 3725 4008 amice,

2085 4021 2144 4077 in
2177 4022 2285 4078 hoc
2316 4030 2373 4079 et
2402 4024 2545 4080 illud
2579 4024 2792 4080 Christi
2846 4024 3074 4080 hostem
3129 4026 3576 4082 transformasti.
3608 4029 3726 4101 Ego

2082 4127 2215 4167 vero
2243 4112 2650 4185 Cyprianizare
2679 4112 2847 4169 illum
2880 4113 2937 4168 in
2961 4115 3194 4186 negotio
3214 4115 3529 4171 arbitratus
3559 4132 3722 4173 sum:

2084 4207 2382 4259 extrusum
2416 4205 2488 4259 ab
2517 4203 2887 4275 imperatore,
2910 4206 2981 4260 ad
3023 4210 3309 4262 certantes
3349 4211 3405 4262 et
3434 4206 3493 4262 in
3543 4222 3727 4280 agone

2083 4298 2385 4349 versantes
2417 4309 2739 4362 accurrere,
2764 4293 2937 4364 juxta
2967 4294 3249 4351 celebrem
3280 4295 3592 4352 Justinam.
3626 4296 3729 4353 Det

2084 4382 2369 4438 Dominus
2384 4389 2446 4437 ut
2475 4382 2533 4438 in
2557 4385 2818 4454 utrisque
2840 4384 3075 4439 tandem
3109 4386 3728 4456 utraqueconspician-

2084 4476 2201 4527 tur.
2235 4471 2509 4527 Custodia
2539 4480 2637 4528 tua
2672 4476 2823 4545 quod
2867 4473 3113 4529 interius
3144 4479 3383 4529 reducta
3411 4481 3520 4539 est,
3555 4491 3728 4546 grave

2085 4560 2230 4616 mihi
2260 4566 2350 4615 est
2380 4564 2613 4632 propter
2642 4560 3037 4618 inﬁrmitatem
3071 4568 3252 4618 tuam.
3285 4563 3565 4618 Caeterum
3590 4580 3727 4620 con-

2087 4654 2297 4709 fortare
2326 4658 2382 4708 et
2407 4657 2648 4722 susdne,
2682 4658 2980 4711 confessor
3023 4656 3254 4725 Christi,
3289 4662 3353 4712 ut
3396 4660 3528 4712 ante
3560 4656 3731 4729 signi-

2085 4742 2410 4798 ficavimus.
2449 4742 2518 4798 Ut
2538 4754 2732 4800 autem
2769 4744 2985 4801 clarius
3017 4745 3206 4800 adhuc
3237 4761 3577 4817 cognoscas,
3611 4746 3729 4801 haec

2084 4831 2235 4886 addo
2272 4846 2285 4887 :
2319 4830 2551 4888 clausos
2583 4849 2738 4889 nunc
2768 4834 2943 4889 etiam
2980 4851 3083 4890 nos
3108 4839 3268 4891 tenet
3307 4835 3552 4890 carceris
3584 4851 3727 4907 pra-

324 4915 426 4991 γὰρ
476 4914 558 4971 δεῖ
607 4916 900 4990 οἰκονομίᾳ
955 4920 1261 4996 κεχρῆσθαι
1319 4917 1371 4973 ἐν
1430 4923 1547 4982 τοῖς
1602 4918 1919 4995 ἀναγκαίοις
1951 4941 1964 4954 ·

2084 4918 2285 4974 fectus.
2320 4919 2533 4987 Quare,
2574 4926 2630 4977 et
2660 4923 2951 4992 quomodo
2974 4922 3002 4977 ?
3032 4923 3319 4988 Quoniam
3361 4929 3588 4996 oportet
3608 4924 3730 4979 dis-

326 5005 565 5076 ὁπηνίκα
613 5005 1029 5080 συνωψίσθημεν
1076 5012 1156 5079 τῷ
1212 5012 1417 5063 Χωνῶν
1475 5008 1802 5084 αἱρεσιάρχῃ
1837 5009 1969 5083 (ἐκεῖ

324 5096 430 5171 γὰρ
487 5099 704 5167 πρῶτον
748 5095 1083 5175 ἀπήχθημεν
1133 5096 1237 5152 ὑπὸ
1282 5095 1393 5153 τῶν
1443 5096 1550 5152 ἀπὸ
1602 5099 1962 5156 ’Δνατολικῶν

323 5184 568 5257 ἀράντων
618 5186 810 5253 ἡμᾶς),
840 5186 931 5239 καὶ
987 5186 1116 5260 γόνυ
1177 5183 1487 5258 ἐκλίναμεν,
1540 5188 1968 5262 συγγονυκλιτή-

326 5292 516 5335 σαντος
594 5272 891 5327 κάκείνου·
977 5273 1069 5329 καὶ
1151 5274 1516 5345 ἠσπασάμεθα
1591 5274 1772 5334 αὐτόν.
1863 5280 1963 5334 Καὶ

322 5355 509 5426 ἐπειδὴ
552 5356 726 5412 ε’ίασεν
773 5357 848 5420 εἰς
886 5360 1080 5413 ταύτὸν
1128 5356 1301 5414 ἐλθεῖν
1348 5357 1447 5433 ἐμέ
1487 5380 1546 5415 τε
1591 5361 1680 5414 καὶ
1727 5363 1820 5417 τὸν
1865 5362 1963 5417 κύ-

324 5467 440 5523 ριον
498 5448 814 5505 Ἀθανοὶσιον
852 5464 868 5479 ⁶
926 5448 1017 5503 καὶ
1076 5447 1393 5521 συνεπίομεν
1454 5448 1602 5521 αὖτῷ
1663 5450 1796 5520 ἅπαξ
1866 5452 1963 5508 καὶ

322 5534 451 5602 δίς·
512 5536 573 5591 οὐ
632 5536 812 5610 μέντοι
872 5536 1242 5614 συνεφάγομεν
1277 5557 1291 5572 ·
1370 5536 1795 5610 ἐκλιπαροῦντος
1863 5546 1962 5597 τοῦ

322 5622 521 5703 ὄφεως,
550 5625 641 5680 καὶ
688 5625 1067 5698 ψιθυρίζοντος
1112 5622 1387 5698 ἀπατηλά.
1420 5625 1605 5700 Τοὺτῳ
1645 5632 1725 5701 τῷ
1775 5627 1961 5705 μέτρῳ

390 5757 438 5792 ⁷³
469 5756 673 5814 Matth.
696 5772 813 5824 xw,
845 5756 933 5811 18.

2080 5009 2425 5079 pensatione
2470 5010 2553 5066 uti
2611 5010 2672 5066 in
2723 5012 2897 5067 rebus
2948 5012 3345 5069 necessariis:
3394 5013 3624 5084 quando
3656 5013 3738 5068 ci-

2076 5097 2219 5153 bum
2246 5100 2611 5171 sumpsimus
2641 5118 2773 5157 cum
2805 5102 3135 5157 Chonorum
3170 5102 3729 5159 haeresiarchaJlluc

2075 5187 2293 5259 quippe
2322 5189 2555 5246 deducti
2616 5191 2874 5262 primum
2936 5192 3159 5248 fuimus
3189 5194 3261 5247 ab
3292 5193 3363 5247 iis
3397 5192 3497 5264 qui
3522 5208 3627 5247 nos
3658 5208 3728 5247 ex

2073 5275 2304 5333 Oriente
2335 5279 2727 5335 abduxerant:
2750 5285 2807 5335 et
2834 5281 3278 5352 genufleximus,
3297 5281 3727 5351 genuﬂectente

2072 5368 2290 5437 pariter
2318 5368 2416 5423 illo
2451 5385 2467 5424 :
2499 5376 2557 5425 et
2582 5370 2826 5442 amplexi
2863 5388 2998 5428 eum
3050 5388 3274 5427 sumus.
3310 5371 3375 5426 Et
3425 5377 3728 5441 postquam

2072 5457 2339 5525 permisit
2370 5462 2434 5512 ut
2484 5475 2668 5513 unum
2707 5460 2764 5514 in
2821 5460 3012 5517 locum
3067 5461 3511 5516 conveniremus
3543 5475 3648 5530 ego
3680 5461 3738 5513 et

2072 5541 2348 5601 dominus
2377 5546 2756 5613 Athanasius,
2789 5549 3047 5606 bibimus
3079 5566 3198 5605 una
3256 5566 3387 5605 cum
3423 5565 3488 5604 eo
3550 5543 3737 5602 semel

2073 5634 2253 5702 atque
2277 5632 2535 5693 iterum:
2569 5652 2936 5709 nequaquam
2989 5643 3189 5696 tamen
3246 5636 3629 5704 comedimus,
3659 5633 3731 5690 ob
