  <div class='ocr_page' id='page_1' title='image "/cluster/home/n/w/nwhite01/storage/ocr_20150623/99/mdp.39015005675577/647.png"; bbox 0 0 4062 6280; ppageno 0'>
   <div class='ocr_carea' id='block_1_1' title="bbox 413 384 570 451">
    <p class='ocr_par' dir='ltr' id='par_1_1' title="bbox 413 384 570 451">
     <span class='ocr_line' id='line_1_1' title="bbox 413 384 570 451; baseline -0.006 -2"><span class='ocrx_word' id='word_1_1' title='bbox 413 384 570 451; x_wconf 71' lang='grc'><strong>1283</strong></span> 
     </span>
    </p>
   </div>
   <div class='ocr_carea' id='block_1_2' title="bbox 1660 360 2571 443">
    <p class='ocr_par' dir='ltr' id='par_1_2' title="bbox 1660 360 2571 443">
     <span class='ocr_line' id='line_1_2' title="bbox 1660 360 2571 443; baseline -0.001 -2"><span class='ocrx_word' id='word_1_2' title='bbox 1660 362 1722 443; x_wconf 80' lang='lat' dir='ltr'><strong>S.</strong></span> <span class='ocrx_word' id='word_1_3' title='bbox 1769 360 2167 440; x_wconf 65' lang='lat' dir='ltr'><strong>renonum</strong></span> <span class='ocrx_word' id='word_1_4' title='bbox 2211 360 2571 441; x_wconf 67' lang='lat' dir='ltr'><strong>s&#39;runi&#39;m&#39;e</strong></span> 
     </span>
    </p>
   </div>
   <div class='ocr_carea' id='block_1_3' title="bbox 3644 374 3779 444">
    <p class='ocr_par' dir='ltr' id='par_1_3' title="bbox 3644 374 3779 444">
     <span class='ocr_line' id='line_1_3' title="bbox 3644 374 3779 444; baseline -0.022 0"><span class='ocrx_word' id='word_1_5' title='bbox 3644 374 3779 444; x_wconf 63' lang='grc'><strong>1284</strong></span> 
     </span>
    </p>
   </div>
   <div class='ocr_carea' id='block_1_4' title="bbox 412 513 2057 593">
    <p class='ocr_par' dir='ltr' id='par_1_4' title="bbox 412 516 2055 591">
     <span class='ocr_line' id='line_1_4' title="bbox 412 516 2055 591; baseline -0.004 -14"><span class='ocrx_word' id='word_1_6' title='bbox 412 524 662 578; x_wconf 79' lang='lat' dir='ltr'><strong>testante</strong></span> <span class='ocrx_word' id='word_1_7' title='bbox 683 522 970 591; x_wconf 81' lang='lat' dir='ltr'><strong>serpente,</strong></span> <span class='ocrx_word' id='word_1_8' title='bbox 988 521 1045 575; x_wconf 89' lang='lat' dir='ltr'><strong>et</strong></span> <span class='ocrx_word' id='word_1_9' title='bbox 1075 519 1482 575; x_wconf 87' lang='lat' dir='ltr'><strong>insusurrante</strong></span> <span class='ocrx_word' id='word_1_10' title='bbox 1521 518 1913 574; x_wconf 80' lang='lat' dir='ltr'><strong>fraudulenta.</strong></span> <span class='ocrx_word' id='word_1_11' title='bbox 1938 516 2055 571; x_wconf 83' lang='lat' dir='ltr'><strong>Hac</strong></span> 
     </span>
    </p>
   </div>
   <div class='ocr_carea' id='block_1_5' title="bbox 2175 513 3780 593">
    <p class='ocr_par' dir='ltr' id='par_1_5' title="bbox 2175 513 3780 593">
     <span class='ocr_line' id='line_1_5' title="bbox 2175 513 3780 593; baseline 0.003 -26"><span class='ocrx_word' id='word_1_12' title='bbox 2175 513 2545 591; x_wconf 73' lang='grc' dir='ltr'>ἐχρησάμεθα,</span> <span class='ocrx_word' id='word_1_13' title='bbox 2597 515 2932 589; x_wconf 68' lang='grc' dir='ltr'>ἀπαχθέντες</span> <span class='ocrx_word' id='word_1_14' title='bbox 2980 513 3147 586; x_wconf 74' lang='grc' dir='ltr'>ἔνθεν,</span> <span class='ocrx_word' id='word_1_15' title='bbox 3193 518 3284 573; x_wconf 67' lang='grc' dir='ltr'><strong>καὶ</strong></span> <span class='ocrx_word' id='word_1_16' title='bbox 3332 518 3466 593; x_wconf 86' lang='grc' dir='ltr'>πρὸς</span> <span class='ocrx_word' id='word_1_17' title='bbox 3513 519 3602 574; x_wconf 79' lang='grc' dir='ltr'>τὸν</span> <span class='ocrx_word' id='word_1_18' title='bbox 3651 518 3697 574; x_wconf 80' lang='grc' dir='ltr'>ἐν</span> <span class='ocrx_word' id='word_1_19' title='bbox 3741 520 3780 590; x_wconf 80' lang='grc' dir='ltr'>ᾧ</span> 
     </span>
    </p>
   </div>
   <div class='ocr_carea' id='block_1_6' title="bbox 414 606 2059 666">
    <p class='ocr_par' dir='ltr' id='par_1_6' title="bbox 414 606 2059 666">
     <span class='ocr_line' id='line_1_6' title="bbox 414 606 2059 666; baseline -0.004 0"><span class='ocrx_word' id='word_1_20' title='bbox 414 610 805 666; x_wconf 77' lang='lat' dir='ltr'><strong>moderatione</strong></span> <span class='ocrx_word' id='word_1_21' title='bbox 829 609 917 663; x_wconf 91' lang='lat' dir='ltr'><strong>usi</strong></span> <span class='ocrx_word' id='word_1_22' title='bbox 950 622 1153 663; x_wconf 86' lang='lat' dir='ltr'><strong>sumus</strong></span> <span class='ocrx_word' id='word_1_23' title='bbox 1185 622 1315 662; x_wconf 90' lang='lat' dir='ltr'><strong>cum</strong></span> <span class='ocrx_word' id='word_1_24' title='bbox 1379 607 1617 663; x_wconf 90' lang='lat' dir='ltr'><strong>abducti</strong></span> <span class='ocrx_word' id='word_1_25' title='bbox 1658 606 1793 662; x_wconf 91' lang='lat' dir='ltr'><strong>inde</strong></span> <span class='ocrx_word' id='word_1_26' title='bbox 1853 606 2059 660; x_wconf 82' lang='lat' dir='ltr'><strong>fuisse-</strong></span> 
     </span>
    </p>
   </div>
   <div class='ocr_carea' id='block_1_7' title="bbox 415 693 2055 765">
    <p class='ocr_par' dir='ltr' id='par_1_7' title="bbox 415 693 2055 765">
     <span class='ocr_line' id='line_1_7' title="bbox 415 693 2055 765; baseline -0.002 -12"><span class='ocrx_word' id='word_1_27' title='bbox 415 715 547 754; x_wconf 88' lang='lat' dir='ltr'><strong>mus</strong></span> <span class='ocrx_word' id='word_1_28' title='bbox 576 698 648 753; x_wconf 88' lang='lat' dir='ltr'><strong>ad</strong></span> <span class='ocrx_word' id='word_1_29' title='bbox 680 696 1011 765; x_wconf 74' lang='lat' dir='ltr'><strong>draconem,</strong></span> <span class='ocrx_word' id='word_1_30' title='bbox 1037 711 1283 765; x_wconf 90' lang='lat' dir='ltr'><strong>quocum</strong></span> <span class='ocrx_word' id='word_1_31' title='bbox 1320 693 1410 753; x_wconf 86' lang='lat' dir='ltr'><strong>hic</strong></span> <span class='ocrx_word' id='word_1_32' title='bbox 1433 704 1754 752; x_wconf 81' lang='lat' dir='ltr'><strong>versamur.</strong></span> <span class='ocrx_word' id='word_1_33' title='bbox 1789 694 2055 759; x_wconf 88' lang='lat' dir='ltr'><strong>Quicum</strong></span> 
     </span>
    </p>
   </div>
   <div class='ocr_carea' id='block_1_8' title="bbox 414 781 2056 856">
    <p class='ocr_par' dir='ltr' id='par_1_8' title="bbox 414 781 2056 856">
     <span class='ocr_line' id='line_1_8' title="bbox 414 781 2056 856; baseline -0.004 -13"><span class='ocrx_word' id='word_1_34' title='bbox 414 788 622 843; x_wconf 89' lang='lat' dir='ltr'><strong>seriem</strong></span> <span class='ocrx_word' id='word_1_35' title='bbox 647 792 779 843; x_wconf 82' lang='lat' dir='ltr'><strong>ante</strong></span> <span class='ocrx_word' id='word_1_36' title='bbox 809 786 1137 851; x_wconf 78' lang='lat' dir='ltr'><strong>didicisset,</strong></span> <span class='ocrx_word' id='word_1_37' title='bbox 1171 785 1316 840; x_wconf 89' lang='lat' dir='ltr'><strong>nihil</strong></span> <span class='ocrx_word' id='word_1_38' title='bbox 1369 785 1624 856; x_wconf 76' lang='lat' dir='ltr'><strong>amplius</strong></span> <span class='ocrx_word' id='word_1_39' title='bbox 1668 783 1831 851; x_wconf 89' lang='lat' dir='ltr'><strong>ursit,</strong></span> <span class='ocrx_word' id='word_1_40' title='bbox 1866 788 1931 839; x_wconf 91' lang='lat' dir='ltr'><strong>ut</strong></span> <span class='ocrx_word' id='word_1_41' title='bbox 1957 781 2056 854; x_wconf 89' lang='lat' dir='ltr'><strong>qui</strong></span> 
     </span>
    </p>
   </div>
   <div class='ocr_carea' id='block_1_9' title="bbox 419 873 2055 949">
    <p class='ocr_par' dir='ltr' id='par_1_9' title="bbox 419 873 2055 949">
     <span class='ocr_line' id='line_1_9' title="bbox 419 873 2055 949; baseline -0.004 -17"><span class='ocrx_word' id='word_1_42' title='bbox 419 877 768 949; x_wconf 90' lang='lat' dir='ltr'><strong>persuadere</strong></span> <span class='ocrx_word' id='word_1_43' title='bbox 799 892 912 931; x_wconf 89' lang='lat' dir='ltr'><strong>non</strong></span> <span class='ocrx_word' id='word_1_44' title='bbox 947 880 1173 947; x_wconf 78' lang='lat' dir='ltr'><strong>posset:</strong></span> <span class='ocrx_word' id='word_1_45' title='bbox 1203 875 1405 945; x_wconf 82' lang='lat' dir='ltr'><strong>injecit</strong></span> <span class='ocrx_word' id='word_1_46' title='bbox 1429 880 1645 944; x_wconf 88' lang='lat' dir='ltr'><strong>tamen,</strong></span> <span class='ocrx_word' id='word_1_47' title='bbox 1678 883 1737 929; x_wconf 90' lang='lat' dir='ltr'><strong>ut</strong></span> <span class='ocrx_word' id='word_1_48' title='bbox 1766 873 1907 928; x_wconf 82' lang='lat' dir='ltr'><strong>vidit</strong></span> <span class='ocrx_word' id='word_1_49' title='bbox 1928 887 2055 938; x_wconf 91' lang='lat' dir='ltr'><strong>nos,</strong></span> 
     </span>
    </p>
   </div>
   <div class='ocr_carea' id='block_1_10' title="bbox 412 962 2057 1036">
    <p class='ocr_par' dir='ltr' id='par_1_10' title="bbox 412 962 2057 1036">
     <span class='ocr_line' id='line_1_10' title="bbox 412 962 2057 1036; baseline -0.003 -14"><span class='ocrx_word' id='word_1_50' title='bbox 412 966 483 1023; x_wconf 89' lang='lat' dir='ltr'><strong>de</strong></span> <span class='ocrx_word' id='word_1_51' title='bbox 514 969 856 1036; x_wconf 79' lang='lat' dir='ltr'><strong>argumento</strong></span> <span class='ocrx_word' id='word_1_52' title='bbox 887 977 1239 1029; x_wconf 90' lang='lat' dir='ltr'><strong>sermonem,</strong></span> <span class='ocrx_word' id='word_1_53' title='bbox 1265 964 1402 1034; x_wconf 86' lang='lat' dir='ltr'><strong>quia</strong></span> <span class='ocrx_word' id='word_1_54' title='bbox 1423 963 1565 1019; x_wconf 91' lang='lat' dir='ltr'><strong>nihil</strong></span> <span class='ocrx_word' id='word_1_55' title='bbox 1588 969 1700 1031; x_wconf 89' lang='lat' dir='ltr'><strong>est,</strong></span> <span class='ocrx_word' id='word_1_56' title='bbox 1724 962 1932 1034; x_wconf 87' lang='lat' dir='ltr'><strong>inquit,</strong></span> <span class='ocrx_word' id='word_1_57' title='bbox 1957 969 2057 1017; x_wconf 89' lang='lat' dir='ltr'><strong>aut</strong></span> 
     </span>
    </p>
   </div>
   <div class='ocr_carea' id='block_1_11' title="bbox 411 1052 1565 1126">
    <p class='ocr_par' dir='ltr' id='par_1_11' title="bbox 411 1052 1565 1126">
     <span class='ocr_line' id='line_1_11' title="bbox 411 1052 1565 1126; baseline -0.003 -15"><span class='ocrx_word' id='word_1_58' title='bbox 411 1056 811 1126; x_wconf 83' lang='lat' dir='ltr'><strong>perexiguum,</strong></span> <span class='ocrx_word' id='word_1_59' title='bbox 845 1054 902 1108; x_wconf 89' lang='lat' dir='ltr'><strong>id</strong></span> <span class='ocrx_word' id='word_1_60' title='bbox 936 1054 1006 1108; x_wconf 87' lang='lat' dir='ltr'><strong>de</strong></span> <span class='ocrx_word' id='word_1_61' title='bbox 1040 1068 1155 1124; x_wconf 92' lang='lat' dir='ltr'><strong>quo</strong></span> <span class='ocrx_word' id='word_1_62' title='bbox 1187 1060 1271 1108; x_wconf 89' lang='lat' dir='ltr'><strong>est</strong></span> <span class='ocrx_word' id='word_1_63' title='bbox 1295 1052 1565 1123; x_wconf 82' lang='lat' dir='ltr'><strong>quaestio.</strong></span> 
     </span>
    </p>
   </div>
   <div class='ocr_carea' id='block_1_12' title="bbox 481 1140 2054 1214">
    <p class='ocr_par' dir='ltr' id='par_1_12' title="bbox 481 1140 2054 1214">
     <span class='ocr_line' id='line_1_12' title="bbox 481 1140 2054 1214; baseline -0.001 -16"><span class='ocrx_word' id='word_1_64' title='bbox 481 1144 560 1198; x_wconf 82' lang='lat' dir='ltr'><strong>Ad</strong></span> <span class='ocrx_word' id='word_1_65' title='bbox 594 1160 720 1214; x_wconf 66' lang='lat' dir='ltr'><strong>quae</strong></span> <span class='ocrx_word' id='word_1_66' title='bbox 750 1141 1277 1214; x_wconf 80' lang='lat' dir='ltr'><strong>respondimus,vel</strong></span> <span class='ocrx_word' id='word_1_67' title='bbox 1313 1156 1383 1197; x_wconf 84' lang='lat' dir='ltr'><strong>ex</strong></span> <span class='ocrx_word' id='word_1_68' title='bbox 1412 1141 1584 1213; x_wconf 80' lang='lat' dir='ltr'><strong>longe</strong></span> <span class='ocrx_word' id='word_1_69' title='bbox 1611 1140 1880 1196; x_wconf 85' lang='lat' dir='ltr'><strong>maximis</strong></span> <span class='ocrx_word' id='word_1_70' title='bbox 1904 1155 2054 1196; x_wconf 86' lang='lat' dir='ltr'><strong>esse.</strong></span> 
     </span>
    </p>
   </div>
   <div class='ocr_carea' id='block_1_13' title="bbox 412 1227 2055 1302">
    <p class='ocr_par' dir='ltr' id='par_1_13' title="bbox 412 1227 2055 1302">
     <span class='ocr_line' id='line_1_13' title="bbox 412 1227 2055 1302; baseline -0.002 -15"><span class='ocrx_word' id='word_1_71' title='bbox 412 1232 573 1297; x_wconf 87' lang='lat' dir='ltr'><strong>Quod</strong></span> <span class='ocrx_word' id='word_1_72' title='bbox 606 1233 653 1286; x_wconf 90' lang='lat' dir='ltr'><strong>si</strong></span> <span class='ocrx_word' id='word_1_73' title='bbox 679 1231 877 1302; x_wconf 87' lang='lat' dir='ltr'><strong>jubes,</strong></span> <span class='ocrx_word' id='word_1_74' title='bbox 910 1230 1177 1301; x_wconf 88' lang='lat' dir='ltr'><strong>inquam,</strong></span> <span class='ocrx_word' id='word_1_75' title='bbox 1211 1230 1325 1297; x_wconf 90' lang='lat' dir='ltr'><strong>dic,</strong></span> <span class='ocrx_word' id='word_1_76' title='bbox 1348 1235 1404 1285; x_wconf 88' lang='lat' dir='ltr'><strong>et</strong></span> <span class='ocrx_word' id='word_1_77' title='bbox 1451 1227 1704 1285; x_wconf 83' lang='lat' dir='ltr'><strong>vicissim</strong></span> <span class='ocrx_word' id='word_1_78' title='bbox 1763 1230 1922 1283; x_wconf 87' lang='lat' dir='ltr'><strong>audi.</strong></span> <span class='ocrx_word' id='word_1_79' title='bbox 1949 1228 2055 1284; x_wconf 90' lang='lat' dir='ltr'><strong>Sed</strong></span> 
     </span>
    </p>
   </div>
   <div class='ocr_carea' id='block_1_14' title="bbox 412 1320 2058 1392">
    <p class='ocr_par' dir='ltr' id='par_1_14' title="bbox 412 1320 2058 1392">
     <span class='ocr_line' id='line_1_14' title="bbox 412 1320 2058 1392; baseline -0.003 -13"><span class='ocrx_word' id='word_1_80' title='bbox 412 1323 758 1379; x_wconf 87' lang='lat' dir='ltr'><strong>omittamus</strong></span> <span class='ocrx_word' id='word_1_81' title='bbox 790 1324 847 1376; x_wconf 93' lang='lat' dir='ltr'><strong>in</strong></span> <span class='ocrx_word' id='word_1_82' title='bbox 891 1322 1212 1390; x_wconf 64' lang='lat' dir='ltr'><strong>praesentia,</strong></span> <span class='ocrx_word' id='word_1_83' title='bbox 1247 1322 1401 1392; x_wconf 90' lang='lat' dir='ltr'><strong>quod</strong></span> <span class='ocrx_word' id='word_1_84' title='bbox 1433 1325 1489 1375; x_wconf 89' lang='lat' dir='ltr'><strong>et</strong></span> <span class='ocrx_word' id='word_1_85' title='bbox 1522 1321 1735 1375; x_wconf 83' lang='lat' dir='ltr'><strong>factum</strong></span> <span class='ocrx_word' id='word_1_86' title='bbox 1773 1325 1881 1375; x_wconf 90' lang='lat' dir='ltr'><strong>est.</strong></span> <span class='ocrx_word' id='word_1_87' title='bbox 1932 1320 2058 1374; x_wconf 88' lang='lat' dir='ltr'><strong>Alia</strong></span> 
     </span>
    </p>
   </div>
   <div class='ocr_carea' id='block_1_15' title="bbox 413 1409 2058 1485">
    <p class='ocr_par' dir='ltr' id='par_1_15' title="bbox 413 1409 2058 1485">
     <span class='ocr_line' id='line_1_15' title="bbox 413 1409 2058 1485; baseline -0.004 -18"><span class='ocrx_word' id='word_1_88' title='bbox 413 1413 646 1485; x_wconf 88' lang='lat' dir='ltr'><strong>quidem</strong></span> <span class='ocrx_word' id='word_1_89' title='bbox 679 1411 866 1466; x_wconf 85' lang='lat' dir='ltr'><strong>dicere</strong></span> <span class='ocrx_word' id='word_1_90' title='bbox 895 1410 1136 1482; x_wconf 82' lang='lat' dir='ltr'><strong>longum</strong></span> <span class='ocrx_word' id='word_1_91' title='bbox 1190 1410 1266 1464; x_wconf 90' lang='lat' dir='ltr'><strong>sit</strong></span> <span class='ocrx_word' id='word_1_92' title='bbox 1303 1411 1410 1466; x_wconf 89' lang='lat' dir='ltr'><strong>:ad</strong></span> <span class='ocrx_word' id='word_1_93' title='bbox 1456 1411 1627 1465; x_wconf 80' lang='lat' dir='ltr'><strong>finem</strong></span> <span class='ocrx_word' id='word_1_94' title='bbox 1662 1410 1842 1465; x_wconf 90' lang='lat' dir='ltr'><strong>tendit</strong></span> <span class='ocrx_word' id='word_1_95' title='bbox 1874 1409 2058 1464; x_wconf 83' lang='lat' dir='ltr'><strong>oratio</strong></span> 
     </span>
    </p>
   </div>
   <div class='ocr_carea' id='block_1_16' title="bbox 414 1499 2058 1574">
    <p class='ocr_par' dir='ltr' id='par_1_16' title="bbox 414 1499 2058 1574">
     <span class='ocr_line' id='line_1_16' title="bbox 414 1499 2058 1574; baseline -0.002 -17"><span class='ocrx_word' id='word_1_96' title='bbox 414 1502 584 1574; x_wconf 89' lang='lat' dir='ltr'><strong>cujus</strong></span> <span class='ocrx_word' id='word_1_97' title='bbox 616 1500 798 1569; x_wconf 79' lang='lat' dir='ltr'><strong>gratia</strong></span> <span class='ocrx_word' id='word_1_98' title='bbox 832 1516 1069 1556; x_wconf 72' lang='lat' dir='ltr'><strong>exorsus</strong></span> <span class='ocrx_word' id='word_1_99' title='bbox 1103 1515 1254 1555; x_wconf 87' lang='lat' dir='ltr'><strong>sum.</strong></span> <span class='ocrx_word' id='word_1_100' title='bbox 1290 1499 1535 1555; x_wconf 83' lang='lat' dir='ltr'><strong>Putabat</strong></span> <span class='ocrx_word' id='word_1_101' title='bbox 1585 1499 1829 1555; x_wconf 89' lang='lat' dir='ltr'><strong>callidus</strong></span> <span class='ocrx_word' id='word_1_102' title='bbox 1859 1514 1922 1555; x_wconf 87' lang='lat' dir='ltr'><strong>se</strong></span> <span class='ocrx_word' id='word_1_103' title='bbox 1952 1515 2058 1554; x_wconf 90' lang='lat' dir='ltr'><strong>nos</strong></span> 
     </span>
    </p>
   </div>
   <div class='ocr_carea' id='block_1_17' title="bbox 416 1588 2058 1661">
    <p class='ocr_par' dir='ltr' id='par_1_17' title="bbox 416 1588 2058 1661">
     <span class='ocr_line' id='line_1_17' title="bbox 416 1588 2058 1661; baseline -0.002 -14"><span class='ocrx_word' id='word_1_104' title='bbox 416 1591 633 1647; x_wconf 87' lang='lat' dir='ltr'><strong>sensim</strong></span> <span class='ocrx_word' id='word_1_105' title='bbox 670 1590 1076 1660; x_wconf 88' lang='lat' dir='ltr'><strong>pellecturum,</strong></span> <span class='ocrx_word' id='word_1_106' title='bbox 1107 1604 1219 1644; x_wconf 92' lang='lat' dir='ltr'><strong>non</strong></span> <span class='ocrx_word' id='word_1_107' title='bbox 1254 1603 1571 1645; x_wconf 88' lang='lat' dir='ltr'><strong>sermonem</strong></span> <span class='ocrx_word' id='word_1_108' title='bbox 1596 1588 1667 1644; x_wconf 91' lang='lat' dir='ltr'><strong>de</strong></span> <span class='ocrx_word' id='word_1_109' title='bbox 1697 1588 2058 1661; x_wconf 83' lang='lat' dir='ltr'><strong>imaginibus</strong></span> 
     </span>
    </p>
   </div>
   <div class='ocr_carea' id='block_1_18' title="bbox 420 1677 2059 1746">
    <p class='ocr_par' dir='ltr' id='par_1_18' title="bbox 420 1677 2059 1746">
     <span class='ocr_line' id='line_1_18' title="bbox 420 1677 2059 1746; baseline -0.002 -10"><span class='ocrx_word' id='word_1_110' title='bbox 420 1681 791 1746; x_wconf 83' lang='lat' dir='ltr'><strong>conferendo,</strong></span> <span class='ocrx_word' id='word_1_111' title='bbox 845 1680 941 1735; x_wconf 86' lang='lat' dir='ltr'><strong>sed</strong></span> <span class='ocrx_word' id='word_1_112' title='bbox 1002 1677 1416 1735; x_wconf 80' lang='lat' dir='ltr'><strong>benefaciendo</strong></span> <span class='ocrx_word' id='word_1_113' title='bbox 1474 1679 1741 1746; x_wconf 84' lang='lat' dir='ltr'><strong>fortasse,</strong></span> <span class='ocrx_word' id='word_1_114' title='bbox 1774 1683 1831 1732; x_wconf 85' lang='lat' dir='ltr'><strong>et</strong></span> <span class='ocrx_word' id='word_1_115' title='bbox 1878 1679 2059 1732; x_wconf 89' lang='lat' dir='ltr'><strong>amice</strong></span> 
     </span>
    </p>
   </div>
   <div class='ocr_carea' id='block_1_19' title="bbox 416 1767 2059 1840">
    <p class='ocr_par' dir='ltr' id='par_1_19' title="bbox 416 1767 2059 1840">
     <span class='ocr_line' id='line_1_19' title="bbox 416 1767 2059 1840; baseline -0.003 -14"><span class='ocrx_word' id='word_1_116' title='bbox 416 1768 825 1840; x_wconf 87' lang='lat' dir='ltr'><strong>colloquendo,</strong></span> <span class='ocrx_word' id='word_1_117' title='bbox 877 1773 934 1823; x_wconf 90' lang='lat' dir='ltr'><strong>et</strong></span> <span class='ocrx_word' id='word_1_118' title='bbox 993 1768 1344 1839; x_wconf 72' lang='lat' dir='ltr'><strong>praefecturae</strong></span> <span class='ocrx_word' id='word_1_119' title='bbox 1404 1768 1760 1822; x_wconf 89' lang='lat' dir='ltr'><strong>mentionem</strong></span> <span class='ocrx_word' id='word_1_120' title='bbox 1820 1767 2059 1822; x_wconf 81' lang='lat' dir='ltr'><strong>interse-</strong></span> 
     </span>
    </p>
   </div>
   <div class='ocr_carea' id='block_1_20' title="bbox 2165 600 3781 681">
    <p class='ocr_par' dir='ltr' id='par_1_20' title="bbox 2165 600 3781 681">
     <span class='ocr_line' id='line_1_20' title="bbox 2165 600 3781 681; baseline 0.003 -26"><span class='ocrx_word' id='word_1_121' title='bbox 2165 601 2323 675; x_wconf 85' lang='grc' dir='ltr'>ἐσμεν</span> <span class='ocrx_word' id='word_1_122' title='bbox 2378 600 2663 677; x_wconf 80' lang='grc' dir='ltr'>δράκοντα.</span> <span class='ocrx_word' id='word_1_123' title='bbox 2715 605 2813 665; x_wconf 87' lang='grc' dir='ltr'>Ὃς</span> <span class='ocrx_word' id='word_1_124' title='bbox 2861 606 3161 681; x_wconf 86' lang='grc' dir='ltr'>προμαθὼν</span> <span class='ocrx_word' id='word_1_125' title='bbox 3224 608 3316 662; x_wconf 88' lang='grc' dir='ltr'>τὸν</span> <span class='ocrx_word' id='word_1_126' title='bbox 3385 606 3590 681; x_wconf 73' lang='grc' dir='ltr'>εἱρμὸν,</span> <span class='ocrx_word' id='word_1_127' title='bbox 3647 606 3781 662; x_wconf 69' lang='grc' dir='ltr'>οὐδὲν</span> 
     </span>
    </p>
   </div>
   <div class='ocr_carea' id='block_1_21' title="bbox 2164 691 3784 768">
    <p class='ocr_par' dir='ltr' id='par_1_21' title="bbox 2164 691 3784 768">
     <span class='ocr_line' id='line_1_21' title="bbox 2164 691 3784 768; baseline 0.004 -23"><span class='ocrx_word' id='word_1_128' title='bbox 2164 691 2332 745; x_wconf 70' lang='grc' dir='ltr'>πλέον</span> <span class='ocrx_word' id='word_1_129' title='bbox 2365 691 2681 765; x_wconf 71' lang='grc' dir='ltr'>ἠνάγκασεν,</span> <span class='ocrx_word' id='word_1_130' title='bbox 2715 692 2789 756; x_wconf 81' lang='grc' dir='ltr'>ὡς</span> <span class='ocrx_word' id='word_1_131' title='bbox 2842 695 2917 766; x_wconf 79' lang='grc' dir='ltr'>μὴ</span> <span class='ocrx_word' id='word_1_132' title='bbox 2961 693 3171 768; x_wconf 86' lang='grc' dir='ltr'>ίσχύων</span> <span class='ocrx_word' id='word_1_133' title='bbox 3219 702 3397 751; x_wconf 80' lang='grc' dir='ltr'>πεῖσαι</span> <span class='ocrx_word' id='word_1_134' title='bbox 3433 713 3446 727; x_wconf 76' lang='grc'><strong>⁸</strong></span> <span class='ocrx_word' id='word_1_135' title='bbox 3498 696 3784 767; x_wconf 77' lang='grc' dir='ltr'>συνεκίνησε</span> 
     </span>
    </p>
   </div>
   <div class='ocr_carea' id='block_1_22' title="bbox 2167 776 3783 859">
    <p class='ocr_par' dir='ltr' id='par_1_22' title="bbox 2167 776 3783 859">
     <span class='ocr_line' id='line_1_22' title="bbox 2167 776 3783 859; baseline 0.004 -25"><span class='ocrx_word' id='word_1_136' title='bbox 2167 776 2215 834; x_wconf 88' lang='grc' dir='ltr'>δ’</span> <span class='ocrx_word' id='word_1_137' title='bbox 2255 780 2346 834; x_wconf 73' lang='grc' dir='ltr'>οὖν</span> <span class='ocrx_word' id='word_1_138' title='bbox 2375 779 2530 852; x_wconf 77' lang='grc' dir='ltr'>ὅμως</span> <span class='ocrx_word' id='word_1_139' title='bbox 2573 780 2771 855; x_wconf 80' lang='grc' dir='ltr'>λόγους</span> <span class='ocrx_word' id='word_1_140' title='bbox 2802 782 2856 837; x_wconf 79' lang='grc' dir='ltr'>ἰν</span> <span class='ocrx_word' id='word_1_141' title='bbox 2887 787 2969 855; x_wconf 80' lang='grc' dir='ltr'>τῷ</span> <span class='ocrx_word' id='word_1_142' title='bbox 3007 783 3140 839; x_wconf 78' lang='grc' dir='ltr'>ἰδεῖν</span> <span class='ocrx_word' id='word_1_143' title='bbox 3171 787 3317 859; x_wconf 72' lang='grc' dir='ltr'>ἡμᾶς</span> <span class='ocrx_word' id='word_1_144' title='bbox 3359 785 3485 859; x_wconf 85' lang='grc' dir='ltr'>περὶ</span> <span class='ocrx_word' id='word_1_145' title='bbox 3530 792 3626 855; x_wconf 84' lang='grc' dir='ltr'>τῆς</span> <span class='ocrx_word' id='word_1_146' title='bbox 3670 786 3783 841; x_wconf 76' lang='grc' dir='ltr'>ὓπο-</span> 
     </span>
    </p>
   </div>
   <div class='ocr_carea' id='block_1_23' title="bbox 2167 867 3786 953">
    <p class='ocr_par' dir='ltr' id='par_1_23' title="bbox 2167 867 3786 953">
     <span class='ocr_line' id='line_1_23' title="bbox 2167 867 3786 953; baseline 0.005 -31"><span class='ocrx_word' id='word_1_147' title='bbox 2167 867 2364 953; x_wconf 55' lang='grc' dir='ltr'>θεξσεως</span> <span class='ocrx_word' id='word_1_148' title='bbox 2392 886 2409 904; x_wconf 79' lang='grc'><strong><em>⁸</em></strong></span> <span class='ocrx_word' id='word_1_149' title='bbox 2441 870 2529 931; x_wconf 80' lang='grc' dir='ltr'>Ὧς</span> <span class='ocrx_word' id='word_1_150' title='bbox 2571 868 2725 926; x_wconf 73' lang='grc' dir='ltr'>οὐδὲν</span> <span class='ocrx_word' id='word_1_151' title='bbox 2775 872 2911 944; x_wconf 82' lang='grc' dir='ltr'>ἐστι,</span> <span class='ocrx_word' id='word_1_152' title='bbox 2943 873 3097 949; x_wconf 78' lang='grc' dir='ltr'>φησὶ,</span> <span class='ocrx_word' id='word_1_153' title='bbox 3129 873 3218 929; x_wconf 82' lang='grc' dir='ltr'><strong>καὶ</strong></span> <span class='ocrx_word' id='word_1_154' title='bbox 3269 875 3497 950; x_wconf 84' lang='grc' dir='ltr'>σμικρὸν</span> <span class='ocrx_word' id='word_1_155' title='bbox 3524 875 3585 930; x_wconf 87' lang='grc' dir='ltr'>τὸ</span> <span class='ocrx_word' id='word_1_156' title='bbox 3632 876 3786 953; x_wconf 69' lang='grc' dir='ltr'>ἀμφι·</span> 
     </span>
    </p>
   </div>
   <div class='ocr_carea' id='block_1_24' title="bbox 2167 952 2564 1033">
    <p class='ocr_par' dir='ltr' id='par_1_24' title="bbox 2167 952 2564 1033">
     <span class='ocr_line' id='line_1_24' title="bbox 2167 952 2564 1033; baseline 0.013 -21"><span class='ocrx_word' id='word_1_157' title='bbox 2167 952 2564 1033; x_wconf 74' lang='grc' dir='ltr'>σϐητούμενονι</span> 
     </span>
    </p>
   </div>
   <div class='ocr_carea' id='block_1_25' title="bbox 2240 1139 3786 1220">
    <p class='ocr_par' dir='ltr' id='par_1_25' title="bbox 2240 1139 3786 1220">
     <span class='ocr_line' id='line_1_25' title="bbox 2240 1139 3786 1220; baseline 0.007 -27"><span class='ocrx_word' id='word_1_158' title='bbox 2240 1140 2380 1214; x_wconf 86' lang='grc' dir='ltr'>Πρὸς</span> <span class='ocrx_word' id='word_1_159' title='bbox 2411 1139 2445 1194; x_wconf 77' lang='grc' dir='ltr'>ἃ</span> <span class='ocrx_word' id='word_1_160' title='bbox 2487 1140 2884 1216; x_wconf 77' lang='grc' dir='ltr'><strong>ἀπεκρινάμην,</strong></span> <span class='ocrx_word' id='word_1_161' title='bbox 2916 1142 3002 1199; x_wconf 84' lang='grc' dir='ltr'><strong>ὅτι</strong></span> <span class='ocrx_word' id='word_1_162' title='bbox 3052 1141 3156 1200; x_wconf 77' lang='grc' dir='ltr'>Καὶ</span> <span class='ocrx_word' id='word_1_163' title='bbox 3202 1148 3310 1200; x_wconf 80' lang='grc' dir='ltr'>τῶν</span> <span class='ocrx_word' id='word_1_164' title='bbox 3365 1145 3630 1220; x_wconf 74' lang='grc' dir='ltr'><strong>μεγίστων</strong></span> <span class='ocrx_word' id='word_1_165' title='bbox 3659 1140 3786 1205; x_wconf 80' lang='grc' dir='ltr'>λίαν.</span> 
     </span>
    </p>
   </div>
   <div class='ocr_carea' id='block_1_26' title="bbox 2168 1228 3790 1307">
    <p class='ocr_par' dir='ltr' id='par_1_26' title="bbox 2168 1228 3790 1307">
     <span class='ocr_line' id='line_1_26' title="bbox 2168 1228 3790 1307; baseline 0.004 -24"><span class='ocrx_word' id='word_1_166' title='bbox 2168 1228 2297 1296; x_wconf 81' lang='grc' dir='ltr'>Καὶ,</span> <span class='ocrx_word' id='word_1_167' title='bbox 2328 1228 2373 1282; x_wconf 83' lang='grc' dir='ltr'><strong>εἰ</strong></span> <span class='ocrx_word' id='word_1_168' title='bbox 2418 1228 2684 1300; x_wconf 74' lang='grc' dir='ltr'>κελεύεις,</span> <span class='ocrx_word' id='word_1_169' title='bbox 2734 1230 2863 1305; x_wconf 74' lang='grc' dir='ltr'>λέγε</span> <span class='ocrx_word' id='word_1_170' title='bbox 2901 1232 2989 1286; x_wconf 84' lang='grc' dir='ltr'><strong>καὶ</strong></span> <span class='ocrx_word' id='word_1_171' title='bbox 3038 1231 3320 1293; x_wconf 77' lang='grc' dir='ltr'>ἀντάκουε.</span> <span class='ocrx_word' id='word_1_172' title='bbox 3367 1232 3524 1290; x_wconf 82' lang='grc' dir='ltr'>Ἀλλ’</span> <span class='ocrx_word' id='word_1_173' title='bbox 3571 1234 3790 1307; x_wconf 75' lang='grc' dir='ltr'>ἐάσωμεν</span> 
     </span>
    </p>
   </div>
   <div class='ocr_carea' id='block_1_27' title="bbox 2164 1316 3787 1396">
    <p class='ocr_par' dir='ltr' id='par_1_27' title="bbox 2164 1316 3787 1396">
     <span class='ocr_line' id='line_1_27' title="bbox 2164 1316 3787 1396; baseline 0.005 -27"><span class='ocrx_word' id='word_1_174' title='bbox 2164 1316 2227 1370; x_wconf 86' lang='grc' dir='ltr'><strong>τὸ</strong></span> <span class='ocrx_word' id='word_1_175' title='bbox 2256 1321 2367 1386; x_wconf 86' lang='grc' dir='ltr'>νῦν,</span> <span class='ocrx_word' id='word_1_176' title='bbox 2414 1318 2442 1372; x_wconf 85' lang='grc' dir='ltr'><strong>’ὁ</strong></span> <span class='ocrx_word' id='word_1_177' title='bbox 2474 1319 2563 1372; x_wconf 86' lang='grc' dir='ltr'><strong>καὶ</strong></span> <span class='ocrx_word' id='word_1_178' title='bbox 2593 1319 2798 1394; x_wconf 76' lang='grc' dir='ltr'>γέγονε.</span> <span class='ocrx_word' id='word_1_179' title='bbox 2832 1318 3020 1375; x_wconf 82' lang='grc' dir='ltr'>Τᾶλλα</span> <span class='ocrx_word' id='word_1_180' title='bbox 3074 1321 3170 1393; x_wconf 79' lang='grc' dir='ltr'>μὶν</span> <span class='ocrx_word' id='word_1_181' title='bbox 3211 1320 3427 1378; x_wconf 89' lang='grc' dir='ltr'>πολλοῦ</span> <span class='ocrx_word' id='word_1_182' title='bbox 3473 1323 3537 1378; x_wconf 85' lang='grc' dir='ltr'>τὸ</span> <span class='ocrx_word' id='word_1_183' title='bbox 3586 1323 3751 1396; x_wconf 75' lang='grc' dir='ltr'>λέγειν</span> <span class='ocrx_word' id='word_1_184' title='bbox 3776 1341 3787 1357; x_wconf 76' lang='grc' dir='ltr'><strong><em>ο</em></strong></span> 
     </span>
    </p>
   </div>
   <div class='ocr_carea' id='block_1_28' title="bbox 2166 1403 3791 1487">
    <p class='ocr_par' dir='ltr' id='par_1_28' title="bbox 2166 1403 3791 1487">
     <span class='ocr_line' id='line_1_28' title="bbox 2166 1403 3791 1487; baseline 0.005 -28"><span class='ocrx_word' id='word_1_185' title='bbox 2166 1404 2252 1459; x_wconf 66' lang='grc' dir='ltr'><strong>ἐπὶ</strong></span> <span class='ocrx_word' id='word_1_186' title='bbox 2287 1403 2344 1460; x_wconf 83' lang='grc' dir='ltr'>δὶ</span> <span class='ocrx_word' id='word_1_187' title='bbox 2374 1407 2436 1461; x_wconf 90' lang='grc' dir='ltr'>τὸ</span> <span class='ocrx_word' id='word_1_188' title='bbox 2491 1406 2820 1481; x_wconf 77' lang='grc' dir='ltr'><strong>τελεώτερον</strong></span> <span class='ocrx_word' id='word_1_189' title='bbox 2851 1410 2878 1462; x_wconf 87' lang='grc' dir='ltr'><strong>ὁ</strong></span> <span class='ocrx_word' id='word_1_190' title='bbox 2926 1407 3121 1487; x_wconf 81' lang='grc' dir='ltr'><strong>λόγος,</strong></span> <span class='ocrx_word' id='word_1_191' title='bbox 3155 1409 3224 1466; x_wconf 86' lang='grc' dir='ltr'><strong>δι’</strong></span> <span class='ocrx_word' id='word_1_192' title='bbox 3255 1412 3283 1466; x_wconf 87' lang='grc' dir='ltr'><strong>’ὀ</strong></span> <span class='ocrx_word' id='word_1_193' title='bbox 3339 1410 3429 1466; x_wconf 83' lang='grc' dir='ltr'><strong>καὶ</strong></span> <span class='ocrx_word' id='word_1_194' title='bbox 3460 1411 3791 1487; x_wconf 79' lang='grc' dir='ltr'><strong>ἀπηρξάμην.</strong></span> 
     </span>
    </p>
   </div>
   <div class='ocr_carea' id='block_1_29' title="bbox 2167 1492 3794 1571">
    <p class='ocr_par' dir='ltr' id='par_1_29' title="bbox 2167 1492 3794 1571">
     <span class='ocr_line' id='line_1_29' title="bbox 2167 1492 3794 1571; baseline 0.006 -24"><span class='ocrx_word' id='word_1_195' title='bbox 2167 1495 2323 1571; x_wconf 81' lang='grc' dir='ltr'>ᾪετο</span> <span class='ocrx_word' id='word_1_196' title='bbox 2355 1495 2383 1549; x_wconf 89' lang='grc' dir='ltr'>ὁ</span> <span class='ocrx_word' id='word_1_197' title='bbox 2415 1492 2588 1557; x_wconf 88' lang='grc' dir='ltr'>δεινὸς</span> <span class='ocrx_word' id='word_1_198' title='bbox 2620 1498 2755 1551; x_wconf 82' lang='grc' dir='ltr'><strong>κατά</strong></span> <span class='ocrx_word' id='word_1_199' title='bbox 2800 1498 2992 1571; x_wconf 83' lang='grc' dir='ltr'>μικρὸν</span> <span class='ocrx_word' id='word_1_200' title='bbox 3022 1500 3171 1571; x_wconf 80' lang='grc' dir='ltr'>ἡμᾶς</span> <span class='ocrx_word' id='word_1_201' title='bbox 3216 1495 3396 1555; x_wconf 71' lang='grc' dir='ltr'>ἕλκειν</span> <span class='ocrx_word' id='word_1_202' title='bbox 3430 1518 3445 1535; x_wconf 74' lang='grc' dir='ltr'><strong><em>ο</em></strong></span> <span class='ocrx_word' id='word_1_203' title='bbox 3481 1500 3584 1555; x_wconf 78' lang='grc' dir='ltr'>οὐκ</span> <span class='ocrx_word' id='word_1_204' title='bbox 3612 1499 3669 1556; x_wconf 77' lang='grc' dir='ltr'>ἐκ</span> <span class='ocrx_word' id='word_1_205' title='bbox 3708 1503 3794 1555; x_wconf 80' lang='grc' dir='ltr'><strong>τοῦ</strong></span> 
     </span>
    </p>
   </div>
   <div class='ocr_carea' id='block_1_30' title="bbox 2168 1581 3792 1665">
    <p class='ocr_par' dir='ltr' id='par_1_30' title="bbox 2168 1581 3792 1665">
     <span class='ocr_line' id='line_1_30' title="bbox 2168 1581 3792 1665; baseline 0.005 -29"><span class='ocrx_word' id='word_1_206' title='bbox 2168 1581 2434 1659; x_wconf 79' lang='grc' dir='ltr'>συναίρειν</span> <span class='ocrx_word' id='word_1_207' title='bbox 2470 1585 2637 1661; x_wconf 85' lang='grc' dir='ltr'>λόγον</span> <span class='ocrx_word' id='word_1_208' title='bbox 2684 1586 2810 1661; x_wconf 85' lang='grc' dir='ltr'>περὶ</span> <span class='ocrx_word' id='word_1_209' title='bbox 2855 1586 3079 1642; x_wconf 78' lang='grc' dir='ltr'>εἰκόνων</span> <span class='ocrx_word' id='word_1_210' title='bbox 3116 1607 3129 1623; x_wconf 80' lang='grc' dir='ltr'><strong><em>ο</em></strong></span> <span class='ocrx_word' id='word_1_211' title='bbox 3181 1585 3307 1644; x_wconf 80' lang='grc' dir='ltr'><strong>ἄλλ’</strong></span> <span class='ocrx_word' id='word_1_212' title='bbox 3359 1588 3418 1645; x_wconf 64' lang='lat' dir='ltr'><strong>in</strong></span> <span class='ocrx_word' id='word_1_213' title='bbox 3467 1594 3567 1644; x_wconf 86' lang='grc' dir='ltr'><strong>τοῦ</strong></span> <span class='ocrx_word' id='word_1_214' title='bbox 3612 1590 3792 1665; x_wconf 81' lang='grc' dir='ltr'>ἀγαθο-</span> 
     </span>
    </p>
   </div>
   <div class='ocr_carea' id='block_1_31' title="bbox 2167 1673 3795 1751">
    <p class='ocr_par' dir='ltr' id='par_1_31' title="bbox 2167 1673 3795 1751">
     <span class='ocr_line' id='line_1_31' title="bbox 2167 1673 3795 1751; baseline 0.005 -23"><span class='ocrx_word' id='word_1_215' title='bbox 2167 1678 2342 1728; x_wconf 87' lang='grc' dir='ltr'>ποιεῖν</span> <span class='ocrx_word' id='word_1_216' title='bbox 2369 1673 2537 1748; x_wconf 87' lang='grc' dir='ltr'>τυχόν</span> <span class='ocrx_word' id='word_1_217' title='bbox 2572 1693 2585 1707; x_wconf 72' lang='grc'>⁸</span> <span class='ocrx_word' id='word_1_218' title='bbox 2620 1680 2721 1730; x_wconf 87' lang='grc' dir='ltr'><strong>τοῦ</strong></span> <span class='ocrx_word' id='word_1_219' title='bbox 2767 1696 2825 1731; x_wconf 84' lang='grc' dir='ltr'><strong>τε</strong></span> <span class='ocrx_word' id='word_1_220' title='bbox 2856 1676 3048 1749; x_wconf 71' lang='grc' dir='ltr'>φιλικὰ</span> <span class='ocrx_word' id='word_1_221' title='bbox 3094 1678 3311 1751; x_wconf 83' lang='grc' dir='ltr'>ὁμιλεῖν</span> <span class='ocrx_word' id='word_1_222' title='bbox 3343 1680 3435 1734; x_wconf 85' lang='grc' dir='ltr'><strong>καὶ</strong></span> <span class='ocrx_word' id='word_1_223' title='bbox 3473 1680 3795 1736; x_wconf 76' lang='grc' dir='ltr'>ἀνατίθεσθαι</span> 
     </span>
    </p>
   </div>
   <div class='ocr_carea' id='block_1_32' title="bbox 2170 1760 3794 1845">
    <p class='ocr_par' dir='ltr' id='par_1_32' title="bbox 2170 1760 3794 1845">
     <span class='ocr_line' id='line_1_32' title="bbox 2170 1760 3794 1845; baseline 0.007 -31"><span class='ocrx_word' id='word_1_224' title='bbox 2170 1760 2292 1823; x_wconf 73' lang='grc' dir='ltr'>τοὺς</span> <span class='ocrx_word' id='word_1_225' title='bbox 2321 1768 2421 1831; x_wconf 78' lang='grc' dir='ltr'>τῆς</span> <span class='ocrx_word' id='word_1_226' title='bbox 2472 1762 2728 1841; x_wconf 79' lang='grc' dir='ltr'>ἐξαρχίας</span> <span class='ocrx_word' id='word_1_227' title='bbox 2780 1764 2977 1841; x_wconf 83' lang='grc' dir='ltr'>λόγους</span> <span class='ocrx_word' id='word_1_228' title='bbox 3029 1765 3137 1837; x_wconf 83' lang='grc' dir='ltr'>(ἐπὶ</span> <span class='ocrx_word' id='word_1_229' title='bbox 3192 1769 3294 1845; x_wconf 71' lang='grc' dir='ltr'><strong>γὰρ</strong></span> <span class='ocrx_word' id='word_1_230' title='bbox 3349 1774 3457 1824; x_wconf 80' lang='grc' dir='ltr'><strong>τῶν</strong></span> <span class='ocrx_word' id='word_1_231' title='bbox 3511 1772 3665 1825; x_wconf 75' lang='grc' dir='ltr'>πίντε</span> <span class='ocrx_word' id='word_1_232' title='bbox 3709 1777 3794 1825; x_wconf 75' lang='grc' dir='ltr'><strong>Θεο</strong></span> 
     </span>
    </p>
   </div>
   <div class='ocr_carea' id='block_1_33' title="bbox 419 1850 2057 1965">
    <p class='ocr_par' dir='ltr' id='par_1_33' title="bbox 419 1856 2056 1929">
     <span class='ocr_line' id='line_1_33' title="bbox 419 1856 2056 1929; baseline -0.004 -14"><span class='ocrx_word' id='word_1_233' title='bbox 419 1857 599 1915; x_wconf 88' lang='lat' dir='ltr'><strong>rendo</strong></span> <span class='ocrx_word' id='word_1_234' title='bbox 630 1856 1039 1929; x_wconf 86' lang='lat' dir='ltr'><strong>(&#39;I‘bematibus</strong></span> <span class='ocrx_word' id='word_1_235' title='bbox 1065 1856 1218 1911; x_wconf 89' lang='lat' dir='ltr'><strong>enim</strong></span> <span class='ocrx_word' id='word_1_236' title='bbox 1279 1856 1542 1927; x_wconf 91' lang='lat' dir='ltr'><strong>quinque</strong></span> <span class='ocrx_word' id='word_1_237' title='bbox 1592 1857 1896 1928; x_wconf 72' lang='lat' dir='ltr'><strong>praefectus</strong></span> <span class='ocrx_word' id='word_1_238' title='bbox 1926 1856 2056 1924; x_wconf 88' lang='lat' dir='ltr'><strong>cst),</strong></span> 
     </span>
    </p>
   </div>
   <div class='ocr_carea' id='block_1_34' title="bbox 2175 1850 3795 1965">
    <p class='ocr_par' dir='ltr' id='par_1_34' title="bbox 2175 1850 3795 1965">
     <span class='ocr_line' id='line_1_34' title="bbox 2175 1850 3795 1933; baseline 0.006 -28"><span class='ocrx_word' id='word_1_239' title='bbox 2175 1850 2353 1923; x_wconf 78' lang='grc' dir='ltr'>μάτων</span> <span class='ocrx_word' id='word_1_240' title='bbox 2413 1851 2689 1923; x_wconf 79' lang='grc' dir='ltr'>τέθειται),</span> <span class='ocrx_word' id='word_1_241' title='bbox 2748 1856 2837 1909; x_wconf 76' lang='grc' dir='ltr'><strong>καὶ</strong></span> <span class='ocrx_word' id='word_1_242' title='bbox 2898 1858 3006 1927; x_wconf 75' lang='grc' dir='ltr'>μὴν</span> <span class='ocrx_word' id='word_1_243' title='bbox 3065 1857 3156 1911; x_wconf 90' lang='grc' dir='ltr'>καὶ</span> <span class='ocrx_word' id='word_1_244' title='bbox 3213 1858 3278 1911; x_wconf 78' lang='grc' dir='ltr'><strong>τὰ</strong></span> <span class='ocrx_word' id='word_1_245' title='bbox 3333 1862 3431 1913; x_wconf 88' lang='grc' dir='ltr'><strong>τοῦ</strong></span> <span class='ocrx_word' id='word_1_246' title='bbox 3488 1863 3795 1933; x_wconf 78' lang='grc' dir='ltr'>κρατοῦντος</span> 
     </span>
     <span class='ocr_line' id='line_1_35' title="bbox 2175 1938 3793 1965; baseline 0 0"><span class='ocrx_word' id='word_1_247' title='bbox 2175 1938 2461 1965; x_wconf 45' lang='grc' dir='ltr'><strong>λυομξίμμ</strong></span> <span class='ocrx_word' id='word_1_248' title='bbox 2547 1943 2705 1965; x_wconf 32' lang='lat' dir='ltr'><strong>usus,</strong></span> <span class='ocrx_word' id='word_1_249' title='bbox 2793 1942 2807 1965; x_wconf 69' lang='lat'><strong>9</strong></span> <span class='ocrx_word' id='word_1_250' title='bbox 2859 1943 2871 1965; x_wconf 73' lang='grc' dir='ltr'><strong>ι</strong></span> <span class='ocrx_word' id='word_1_251' title='bbox 2988 1962 2999 1965; x_wconf 76' lang='lat'><strong>-</strong></span> <span class='ocrx_word' id='word_1_252' title='bbox 3100 1947 3112 1960; x_wconf 71' lang='grc' dir='ltr'><strong>ι</strong></span> <span class='ocrx_word' id='word_1_253' title='bbox 3349 1946 3362 1965; x_wconf 78' lang='grc' dir='ltr'><strong>ι</strong></span> <span class='ocrx_word' id='word_1_254' title='bbox 3553 1949 3565 1965; x_wconf 72' lang='grc' dir='ltr'><strong>ε</strong></span> <span class='ocrx_word' id='word_1_255' title='bbox 3642 1947 3696 1965; x_wconf 65' lang='lat' dir='ltr'><strong>\v</strong></span> <span class='ocrx_word' id='word_1_256' title='bbox 3782 1963 3793 1965; x_wconf 69' lang='lat'><strong><em>_</em></strong></span> 
     </span>
    </p>
   </div>
   <div class='ocr_carea' id='block_1_35' title="bbox 413 1944 2061 2019">
    <p class='ocr_par' dir='ltr' id='par_1_35' title="bbox 413 1944 2061 2019">
     <span class='ocr_line' id='line_1_36' title="bbox 413 1944 2061 2019; baseline -0.001 -18"><span class='ocrx_word' id='word_1_257' title='bbox 413 1948 553 2019; x_wconf 90' lang='lat' dir='ltr'><strong>quin</strong></span> <span class='ocrx_word' id='word_1_258' title='bbox 584 1946 1074 2017; x_wconf 88' lang='lat' dir='ltr'><strong>etimperatorem</strong></span> <span class='ocrx_word' id='word_1_259' title='bbox 1134 1944 1346 2000; x_wconf 88' lang='lat' dir='ltr'><strong>divinis</strong></span> <span class='ocrx_word' id='word_1_260' title='bbox 1378 1944 1655 2000; x_wconf 87' lang='lat' dir='ltr'><strong>laudibus</strong></span> <span class='ocrx_word' id='word_1_261' title='bbox 1713 1944 2061 2000; x_wconf 79' lang='lat' dir='ltr'><strong>extollendo.</strong></span> 
     </span>
    </p>
   </div>
   <div class='ocr_carea' id='block_1_36' title="bbox 414 2033 2063 2105">
    <p class='ocr_par' dir='ltr' id='par_1_36' title="bbox 414 2033 2063 2105">
     <span class='ocr_line' id='line_1_37' title="bbox 414 2033 2063 2105; baseline -0.001 -15"><span class='ocrx_word' id='word_1_262' title='bbox 414 2036 607 2105; x_wconf 84' lang='lat' dir='ltr'><strong>Venit,</strong></span> <span class='ocrx_word' id='word_1_263' title='bbox 656 2034 997 2102; x_wconf 78' lang='lat' dir='ltr'><strong>huiusmodi</strong></span> <span class='ocrx_word' id='word_1_264' title='bbox 1046 2033 1335 2105; x_wconf 88' lang='lat' dir='ltr'><strong>colloquia</strong></span> <span class='ocrx_word' id='word_1_265' title='bbox 1396 2040 1587 2089; x_wconf 89' lang='lat' dir='ltr'><strong>movet</strong></span> <span class='ocrx_word' id='word_1_266' title='bbox 1622 2049 1637 2091; x_wconf 87' lang='lat'><strong>:</strong></span> <span class='ocrx_word' id='word_1_267' title='bbox 1672 2038 1752 2101; x_wconf 87' lang='lat' dir='ltr'><strong>et,</strong></span> <span class='ocrx_word' id='word_1_268' title='bbox 1786 2034 1937 2104; x_wconf 87' lang='lat' dir='ltr'><strong>quod</strong></span> <span class='ocrx_word' id='word_1_269' title='bbox 1989 2050 2063 2090; x_wconf 89' lang='lat' dir='ltr'><strong>ne</strong></span> 
     </span>
    </p>
   </div>
   <div class='ocr_carea' id='block_1_37' title="bbox 414 2123 2057 2196">
    <p class='ocr_par' dir='ltr' id='par_1_37' title="bbox 414 2123 2057 2196">
     <span class='ocr_line' id='line_1_38' title="bbox 414 2123 2057 2196; baseline -0.004 -13"><span class='ocrx_word' id='word_1_270' title='bbox 414 2129 587 2183; x_wconf 85' lang='lat' dir='ltr'><strong>semel</strong></span> <span class='ocrx_word' id='word_1_271' title='bbox 616 2125 850 2196; x_wconf 85' lang='lat' dir='ltr'><strong>quidem</strong></span> <span class='ocrx_word' id='word_1_272' title='bbox 879 2127 1089 2180; x_wconf 81' lang='lat' dir='ltr'><strong>fecerat</strong></span> <span class='ocrx_word' id='word_1_273' title='bbox 1126 2124 1182 2177; x_wconf 91' lang='lat' dir='ltr'><strong>in</strong></span> <span class='ocrx_word' id='word_1_274' title='bbox 1242 2138 1493 2190; x_wconf 80' lang='lat' dir='ltr'><strong>carcere,</strong></span> <span class='ocrx_word' id='word_1_275' title='bbox 1530 2129 1731 2194; x_wconf 89' lang='lat' dir='ltr'><strong>potum</strong></span> <span class='ocrx_word' id='word_1_276' title='bbox 1794 2123 2057 2191; x_wconf 63' lang='lat' dir='ltr'><strong>praebuit.</strong></span> 
     </span>
    </p>
   </div>
   <div class='ocr_carea' id='block_1_38' title="bbox 410 2212 2058 2284">
    <p class='ocr_par' dir='ltr' id='par_1_38' title="bbox 410 2212 2058 2284">
     <span class='ocr_line' id='line_1_39' title="bbox 410 2212 2058 2284; baseline -0.004 -11"><span class='ocrx_word' id='word_1_277' title='bbox 410 2217 630 2273; x_wconf 82' lang='lat' dir='ltr'><strong>Anxius</strong></span> <span class='ocrx_word' id='word_1_278' title='bbox 659 2212 1041 2284; x_wconf 89' lang='lat' dir='ltr'><strong>accepi,ebibi</strong></span> <span class='ocrx_word' id='word_1_279' title='bbox 1068 2216 1154 2269; x_wconf 89' lang='lat' dir='ltr'><strong>ter</strong></span> <span class='ocrx_word' id='word_1_280' title='bbox 1183 2212 1755 2283; x_wconf 79' lang='lat' dir='ltr'><strong>obsignans,factum</strong></span> <span class='ocrx_word' id='word_1_281' title='bbox 1799 2214 2058 2268; x_wconf 83' lang='lat' dir='ltr'><strong>extimui.</strong></span> 
     </span>
    </p>
   </div>
   <div class='ocr_carea' id='block_1_39' title="bbox 410 2302 2058 2374">
    <p class='ocr_par' dir='ltr' id='par_1_39' title="bbox 410 2302 2058 2374">
     <span class='ocr_line' id='line_1_40' title="bbox 410 2302 2058 2374; baseline -0.001 -15"><span class='ocrx_word' id='word_1_282' title='bbox 410 2304 571 2361; x_wconf 87' lang='lat' dir='ltr'><strong>Vah!</strong></span> <span class='ocrx_word' id='word_1_283' title='bbox 608 2303 783 2360; x_wconf 86' lang='lat' dir='ltr'><strong>Paulo</strong></span> <span class='ocrx_word' id='word_1_284' title='bbox 839 2306 969 2374; x_wconf 85' lang='lat' dir='ltr'><strong>post</strong></span> <span class='ocrx_word' id='word_1_285' title='bbox 1020 2303 1166 2357; x_wconf 88' lang='lat' dir='ltr'><strong>clam</strong></span> <span class='ocrx_word' id='word_1_286' title='bbox 1228 2302 1481 2358; x_wconf 88' lang='lat' dir='ltr'><strong>abducit.</strong></span> <span class='ocrx_word' id='word_1_287' title='bbox 1515 2302 1691 2374; x_wconf 88' lang='lat' dir='ltr'><strong>Injeci</strong></span> <span class='ocrx_word' id='word_1_288' title='bbox 1737 2317 2058 2358; x_wconf 89' lang='lat' dir='ltr'><strong>sermonem</strong></span> 
     </span>
    </p>
   </div>
   <div class='ocr_carea' id='block_1_40' title="bbox 410 2390 2058 2451">
    <p class='ocr_par' dir='ltr' id='par_1_40' title="bbox 410 2390 2058 2451">
     <span class='ocr_line' id='line_1_41' title="bbox 410 2390 2058 2451; baseline -0.003 0"><span class='ocrx_word' id='word_1_289' title='bbox 410 2396 480 2451; x_wconf 90' lang='lat' dir='ltr'><strong>de</strong></span> <span class='ocrx_word' id='word_1_290' title='bbox 517 2396 779 2449; x_wconf 89' lang='lat' dir='ltr'><strong>veritate.</strong></span> <span class='ocrx_word' id='word_1_291' title='bbox 808 2393 1169 2448; x_wconf 87' lang='lat' dir='ltr'><strong>incitabatur</strong></span> <span class='ocrx_word' id='word_1_292' title='bbox 1185 2397 1241 2447; x_wconf 90' lang='lat' dir='ltr'><strong>et</strong></span> <span class='ocrx_word' id='word_1_293' title='bbox 1281 2391 1397 2447; x_wconf 92' lang='lat' dir='ltr'><strong>ille.</strong></span> <span class='ocrx_word' id='word_1_294' title='bbox 1423 2391 1740 2447; x_wconf 79' lang='lat' dir='ltr'><strong>Sententiis</strong></span> <span class='ocrx_word' id='word_1_295' title='bbox 1772 2393 1922 2447; x_wconf 92' lang='lat' dir='ltr'><strong>ultro</strong></span> <span class='ocrx_word' id='word_1_296' title='bbox 1978 2390 2058 2446; x_wconf 86' lang='lat' dir='ltr'><strong>oi-</strong></span> 
     </span>
    </p>
   </div>
   <div class='ocr_carea' id='block_1_41' title="bbox 413 2480 2059 2554">
    <p class='ocr_par' dir='ltr' id='par_1_41' title="bbox 413 2480 2059 2554">
     <span class='ocr_line' id='line_1_42' title="bbox 413 2480 2059 2554; baseline -0.003 -15"><span class='ocrx_word' id='word_1_297' title='bbox 413 2488 622 2554; x_wconf 90' lang='lat' dir='ltr'><strong>troque</strong></span> <span class='ocrx_word' id='word_1_298' title='bbox 653 2481 1143 2554; x_wconf 66' lang='lat' dir='ltr'><strong>depugnavimus;</strong></span> <span class='ocrx_word' id='word_1_299' title='bbox 1171 2481 1266 2535; x_wconf 92' lang='lat' dir='ltr'><strong>illo</strong></span> <span class='ocrx_word' id='word_1_300' title='bbox 1298 2480 1531 2549; x_wconf 77' lang='lat' dir='ltr'><strong>quidem</strong></span> <span class='ocrx_word' id='word_1_301' title='bbox 1562 2482 1735 2551; x_wconf 90' lang='lat' dir='ltr'><strong>pleno</strong></span> <span class='ocrx_word' id='word_1_302' title='bbox 1776 2497 1874 2537; x_wconf 91' lang='lat' dir='ltr'><strong>ore</strong></span> <span class='ocrx_word' id='word_1_303' title='bbox 1919 2480 2059 2535; x_wconf 83' lang='lat' dir='ltr'><strong>ridi-</strong></span> 
     </span>
    </p>
   </div>
   <div class='ocr_carea' id='block_1_42' title="bbox 413 2572 2058 2641">
    <p class='ocr_par' dir='ltr' id='par_1_42' title="bbox 413 2572 2058 2641">
     <span class='ocr_line' id='line_1_43' title="bbox 413 2572 2058 2641; baseline -0.002 -11"><span class='ocrx_word' id='word_1_304' title='bbox 413 2574 544 2631; x_wconf 90' lang='lat' dir='ltr'><strong>cule</strong></span> <span class='ocrx_word' id='word_1_305' title='bbox 591 2574 904 2636; x_wconf 83' lang='lat' dir='ltr'><strong>eti&#39;utiente,</strong></span> <span class='ocrx_word' id='word_1_306' title='bbox 952 2587 1047 2627; x_wconf 91' lang='lat' dir='ltr'><strong>me</strong></span> <span class='ocrx_word' id='word_1_307' title='bbox 1120 2584 1253 2627; x_wconf 86' lang='lat' dir='ltr'><strong>vero</strong></span> <span class='ocrx_word' id='word_1_308' title='bbox 1304 2572 1546 2627; x_wconf 88' lang='lat' dir='ltr'><strong>remisse</strong></span> <span class='ocrx_word' id='word_1_309' title='bbox 1605 2574 1665 2627; x_wconf 91' lang='lat' dir='ltr'><strong>in</strong></span> <span class='ocrx_word' id='word_1_310' title='bbox 1711 2573 2058 2641; x_wconf 86' lang='lat' dir='ltr'><strong>quibusdam</strong></span> 
     </span>
    </p>
   </div>
   <div class='ocr_carea' id='block_1_43' title="bbox 416 2662 2062 2737">
    <p class='ocr_par' dir='ltr' id='par_1_43' title="bbox 416 2662 2062 2737">
     <span class='ocr_line' id='line_1_44' title="bbox 416 2662 2062 2737; baseline -0.001 -18"><span class='ocrx_word' id='word_1_311' title='bbox 416 2664 760 2737; x_wconf 85' lang='lat' dir='ltr'><strong>procedente</strong></span> <span class='ocrx_word' id='word_1_312' title='bbox 793 2676 808 2716; x_wconf 88' lang='lat'><strong>:</strong></span> <span class='ocrx_word' id='word_1_313' title='bbox 839 2677 905 2717; x_wconf 92' lang='lat' dir='ltr'><strong>eo</strong></span> <span class='ocrx_word' id='word_1_314' title='bbox 936 2662 1088 2732; x_wconf 92' lang='lat' dir='ltr'><strong>quod</strong></span> <span class='ocrx_word' id='word_1_315' title='bbox 1123 2662 1192 2716; x_wconf 92' lang='lat' dir='ltr'><strong>ad</strong></span> <span class='ocrx_word' id='word_1_316' title='bbox 1220 2662 1628 2732; x_wconf 84' lang='lat' dir='ltr'><strong>imperatorem</strong></span> <span class='ocrx_word' id='word_1_317' title='bbox 1652 2663 1909 2717; x_wconf 85' lang='lat' dir='ltr'><strong>tenderet</strong></span> <span class='ocrx_word' id='word_1_318' title='bbox 1940 2678 2062 2717; x_wconf 87' lang='lat' dir='ltr'><strong>ser-</strong></span> 
     </span>
    </p>
   </div>
   <div class='ocr_carea' id='block_1_44' title="bbox 419 2750 2061 2823">
    <p class='ocr_par' dir='ltr' id='par_1_44' title="bbox 419 2750 2061 2823">
     <span class='ocr_line' id='line_1_45' title="bbox 419 2750 2061 2823; baseline -0.002 -14"><span class='ocrx_word' id='word_1_319' title='bbox 419 2768 534 2821; x_wconf 89' lang='lat' dir='ltr'><strong>mo,</strong></span> <span class='ocrx_word' id='word_1_320' title='bbox 566 2756 624 2808; x_wconf 91' lang='lat' dir='ltr'><strong>et</strong></span> <span class='ocrx_word' id='word_1_321' title='bbox 681 2766 754 2806; x_wconf 91' lang='lat' dir='ltr'><strong>ne</strong></span> <span class='ocrx_word' id='word_1_322' title='bbox 783 2766 917 2806; x_wconf 89' lang='lat' dir='ltr'><strong>cum</strong></span> <span class='ocrx_word' id='word_1_323' title='bbox 966 2750 1217 2806; x_wconf 89' lang='lat' dir='ltr'><strong>tumultu</strong></span> <span class='ocrx_word' id='word_1_324' title='bbox 1252 2753 1714 2823; x_wconf 75' lang='lat' dir='ltr'><strong>sejungeremur.</strong></span> <span class='ocrx_word' id='word_1_325' title='bbox 1749 2751 2061 2822; x_wconf 86' lang='lat' dir='ltr'><strong>Postquam</strong></span> 
     </span>
    </p>
   </div>
   <div class='ocr_carea' id='block_1_45' title="bbox 419 2842 2059 2915">
    <p class='ocr_par' dir='ltr' id='par_1_45' title="bbox 419 2842 2059 2915">
     <span class='ocr_line' id='line_1_46' title="bbox 419 2842 2059 2915; baseline 0.001 -16"><span class='ocrx_word' id='word_1_326' title='bbox 419 2860 561 2900; x_wconf 86' lang='lat' dir='ltr'><strong>sane</strong></span> <span class='ocrx_word' id='word_1_327' title='bbox 592 2842 1047 2915; x_wconf 88' lang='lat' dir='ltr'><strong>propositionem</strong></span> <span class='ocrx_word' id='word_1_328' title='bbox 1091 2858 1277 2897; x_wconf 89' lang='lat' dir='ltr'><strong>meam</strong></span> <span class='ocrx_word' id='word_1_329' title='bbox 1319 2848 1375 2898; x_wconf 92' lang='lat' dir='ltr'><strong>et</strong></span> <span class='ocrx_word' id='word_1_330' title='bbox 1419 2844 1541 2915; x_wconf 87' lang='lat' dir='ltr'><strong>ipse</strong></span> <span class='ocrx_word' id='word_1_331' title='bbox 1571 2844 1778 2915; x_wconf 81' lang='lat' dir='ltr'><strong>objeci,</strong></span> <span class='ocrx_word' id='word_1_332' title='bbox 1811 2859 1923 2899; x_wconf 91' lang='lat' dir='ltr'><strong>non</strong></span> <span class='ocrx_word' id='word_1_333' title='bbox 1960 2842 2059 2900; x_wconf 85' lang='lat' dir='ltr'><strong>ha-</strong></span> 
     </span>
    </p>
   </div>
   <div class='ocr_carea' id='block_1_46' title="bbox 416 2932 2061 3004">
    <p class='ocr_par' dir='ltr' id='par_1_46' title="bbox 416 2932 2061 3004">
     <span class='ocr_line' id='line_1_47' title="bbox 416 2932 2061 3004; baseline 0 -15"><span class='ocrx_word' id='word_1_334' title='bbox 416 2933 539 2989; x_wconf 89' lang='lat' dir='ltr'><strong>buit</strong></span> <span class='ocrx_word' id='word_1_335' title='bbox 572 2932 724 3004; x_wconf 91' lang='lat' dir='ltr'><strong>quod</strong></span> <span class='ocrx_word' id='word_1_336' title='bbox 762 2932 1156 3002; x_wconf 88' lang='lat' dir='ltr'><strong>responderet.</strong></span> <span class='ocrx_word' id='word_1_337' title='bbox 1198 2932 1263 2986; x_wconf 89' lang='lat' dir='ltr'><strong>Et</strong></span> <span class='ocrx_word' id='word_1_338' title='bbox 1304 2932 1421 2987; x_wconf 83' lang='lat' dir='ltr'><strong>dixi</strong></span> <span class='ocrx_word' id='word_1_339' title='bbox 1457 2949 1470 2987; x_wconf 92' lang='lat'><strong>:</strong></span> <span class='ocrx_word' id='word_1_340' title='bbox 1503 2932 1775 2996; x_wconf 74' lang='lat' dir='ltr'><strong>Quaenam</strong></span> <span class='ocrx_word' id='word_1_341' title='bbox 1821 2939 1911 2989; x_wconf 87' lang='lat' dir='ltr'><strong>est</strong></span> <span class='ocrx_word' id='word_1_342' title='bbox 1939 2933 2061 2990; x_wconf 60' lang='lat' dir='ltr'><strong>hac</strong></span> 
     </span>
    </p>
   </div>
   <div class='ocr_carea' id='block_1_47' title="bbox 414 3019 2061 3092">
    <p class='ocr_par' dir='ltr' id='par_1_47' title="bbox 414 3019 2061 3092">
     <span class='ocr_line' id='line_1_48' title="bbox 414 3019 2061 3092; baseline 0 -13"><span class='ocrx_word' id='word_1_343' title='bbox 414 3021 777 3092; x_wconf 87' lang='lat' dir='ltr'><strong>blasphemia</strong></span> <span class='ocrx_word' id='word_1_344' title='bbox 792 3021 1061 3077; x_wconf 78' lang='lat' dir='ltr'><strong>‘?P‘ateret</strong></span> <span class='ocrx_word' id='word_1_345' title='bbox 1093 3019 1344 3091; x_wconf 86' lang='lat' dir='ltr'><strong>Spiritus</strong></span> <span class='ocrx_word' id='word_1_346' title='bbox 1386 3023 1895 3077; x_wconf 89' lang='lat' dir='ltr'><strong>communicarunt</strong></span> <span class='ocrx_word' id='word_1_347' title='bbox 1911 3024 1962 3077; x_wconf 87' lang='lat' dir='ltr'><strong>in</strong></span> <span class='ocrx_word' id='word_1_348' title='bbox 1988 3024 2061 3079; x_wconf 89' lang='lat' dir='ltr'><strong>iis</strong></span> 
     </span>
    </p>
   </div>
   <div class='ocr_carea' id='block_1_48' title="bbox 413 3109 2063 3184">
    <p class='ocr_par' dir='ltr' id='par_1_48' title="bbox 413 3109 2063 3184">
     <span class='ocr_line' id='line_1_49' title="bbox 413 3109 2063 3184; baseline -0.001 -17"><span class='ocrx_word' id='word_1_349' title='bbox 413 3128 542 3184; x_wconf 77' lang='lat' dir='ltr'><strong>qute</strong></span> <span class='ocrx_word' id='word_1_350' title='bbox 572 3109 843 3167; x_wconf 82' lang='lat' dir='ltr'><strong>Christus</strong></span> <span class='ocrx_word' id='word_1_351' title='bbox 878 3110 1218 3166; x_wconf 81' lang='lat' dir='ltr'><strong>humanitus</strong></span> <span class='ocrx_word' id='word_1_352' title='bbox 1249 3110 1663 3183; x_wconf 80' lang='lat' dir='ltr'><strong>gessit,annon</strong></span> <span class='ocrx_word' id='word_1_353' title='bbox 1687 3111 1715 3165; x_wconf 85' lang='lat'><strong>?</strong></span> <span class='ocrx_word' id='word_1_354' title='bbox 1744 3111 1813 3166; x_wconf 90' lang='lat' dir='ltr'><strong>Et</strong></span> <span class='ocrx_word' id='word_1_355' title='bbox 1843 3111 1940 3166; x_wconf 87' lang='lat' dir='ltr'><strong>ille</strong></span> <span class='ocrx_word' id='word_1_356' title='bbox 1962 3128 2063 3167; x_wconf 89' lang='lat' dir='ltr'><strong>an-</strong></span> 
     </span>
    </p>
   </div>
   <div class='ocr_carea' id='block_1_49' title="bbox 408 3199 2062 3271">
    <p class='ocr_par' dir='ltr' id='par_1_49' title="bbox 408 3199 2062 3271">
     <span class='ocr_line' id='line_1_50' title="bbox 408 3199 2062 3271; baseline -0.001 -13"><span class='ocrx_word' id='word_1_357' title='bbox 408 3202 557 3269; x_wconf 92' lang='lat' dir='ltr'><strong>nuit,</strong></span> <span class='ocrx_word' id='word_1_358' title='bbox 592 3207 649 3257; x_wconf 89' lang='lat' dir='ltr'><strong>et</strong></span> <span class='ocrx_word' id='word_1_359' title='bbox 677 3201 988 3256; x_wconf 78' lang='lat' dir='ltr'><strong>afﬁrmavit</strong></span> <span class='ocrx_word' id='word_1_360' title='bbox 1015 3201 1094 3254; x_wconf 90' lang='lat' dir='ltr'><strong>ita</strong></span> <span class='ocrx_word' id='word_1_361' title='bbox 1123 3215 1244 3256; x_wconf 88' lang='lat' dir='ltr'><strong>rem</strong></span> <span class='ocrx_word' id='word_1_362' title='bbox 1287 3200 1519 3257; x_wconf 85' lang='lat' dir='ltr'><strong>habere.</strong></span> <span class='ocrx_word' id='word_1_363' title='bbox 1547 3199 1785 3271; x_wconf 89' lang='lat' dir='ltr'><strong>Propter</strong></span> <span class='ocrx_word' id='word_1_364' title='bbox 1815 3201 1933 3255; x_wconf 65' lang='lat' dir='ltr'><strong>haec</strong></span> <span class='ocrx_word' id='word_1_365' title='bbox 1966 3216 2062 3256; x_wconf 87' lang='lat' dir='ltr'><strong>re-</strong></span> 
     </span>
    </p>
   </div>
   <div class='ocr_carea' id='block_1_50' title="bbox 2172 1938 3795 2020">
    <p class='ocr_par' dir='ltr' id='par_1_50' title="bbox 2172 1938 3795 2020">
     <span class='ocr_line' id='line_1_51' title="bbox 2172 1938 3795 2020; baseline 0.004 -26"><span class='ocrx_word' id='word_1_366' title='bbox 2172 1938 2486 2010; x_wconf 72' lang='grc' dir='ltr'>ἆκθειαςειν.</span> <span class='ocrx_word' id='word_1_367' title='bbox 2547 1943 2731 2009; x_wconf 80' lang='grc' dir='ltr'>Ἦκεν,</span> <span class='ocrx_word' id='word_1_368' title='bbox 2790 1942 3006 2015; x_wconf 74' lang='grc' dir='ltr'>ἐκίνησε</span> <span class='ocrx_word' id='word_1_369' title='bbox 3059 1947 3155 2008; x_wconf 77' lang='grc' dir='ltr'><strong>τας</strong></span> <span class='ocrx_word' id='word_1_370' title='bbox 3211 1946 3465 2011; x_wconf 80' lang='grc' dir='ltr'>τοιαύτας</span> <span class='ocrx_word' id='word_1_371' title='bbox 3545 1947 3795 2020; x_wconf 75' lang='grc' dir='ltr'>ὁμιλίας·</span> 
     </span>
    </p>
   </div>
   <div class='ocr_carea' id='block_1_51' title="bbox 2173 2024 3798 2113">
    <p class='ocr_par' dir='ltr' id='par_1_51' title="bbox 2173 2024 3798 2113">
     <span class='ocr_line' id='line_1_52' title="bbox 2173 2024 3798 2113; baseline 0.005 -29"><span class='ocrx_word' id='word_1_372' title='bbox 2173 2024 2251 2085; x_wconf 76' lang='grc' dir='ltr'>ἔτι</span> <span class='ocrx_word' id='word_1_373' title='bbox 2317 2031 2347 2085; x_wconf 80' lang='grc' dir='ltr'><strong>’ὀ</strong></span> <span class='ocrx_word' id='word_1_374' title='bbox 2398 2028 2510 2085; x_wconf 76' lang='grc' dir='ltr'>οὐδ’</span> <span class='ocrx_word' id='word_1_375' title='bbox 2561 2026 2698 2103; x_wconf 77' lang='grc' dir='ltr'>ἅπαξ</span> <span class='ocrx_word' id='word_1_376' title='bbox 2747 2030 3001 2103; x_wconf 80' lang='grc' dir='ltr'>ἐποίησεν</span> <span class='ocrx_word' id='word_1_377' title='bbox 3050 2033 3103 2090; x_wconf 74' lang='grc' dir='ltr'>ἐν</span> <span class='ocrx_word' id='word_1_378' title='bbox 3160 2037 3230 2107; x_wconf 79' lang='grc' dir='ltr'>τῇ</span> <span class='ocrx_word' id='word_1_379' title='bbox 3278 2036 3520 2113; x_wconf 66' lang='grc' dir='ltr'>φυλακῇ,</span> <span class='ocrx_word' id='word_1_380' title='bbox 3581 2034 3798 2091; x_wconf 67' lang='grc' dir='ltr'>ἐπέδωκε</span> 
     </span>
    </p>
   </div>
   <div class='ocr_carea' id='block_1_52' title="bbox 2174 2114 3796 2203">
    <p class='ocr_par' dir='ltr' id='par_1_52' title="bbox 2174 2114 3796 2203">
     <span class='ocr_line' id='line_1_53' title="bbox 2174 2114 3796 2203; baseline 0.003 -29"><span class='ocrx_word' id='word_1_381' title='bbox 2174 2124 2335 2178; x_wconf 88' lang='grc' dir='ltr'>πιεῖν.</span> <span class='ocrx_word' id='word_1_382' title='bbox 2366 2114 2604 2177; x_wconf 76' lang='grc' dir='ltr'>Ἔλαϐον</span> <span class='ocrx_word' id='word_1_383' title='bbox 2656 2118 2879 2197; x_wconf 82' lang='grc' dir='ltr'>δαχθείς</span> <span class='ocrx_word' id='word_1_384' title='bbox 2913 2143 2924 2155; x_wconf 91' lang='grc'>·</span> <span class='ocrx_word' id='word_1_385' title='bbox 2972 2121 3123 2179; x_wconf 76' lang='grc' dir='ltr'>ἔπιον</span> <span class='ocrx_word' id='word_1_386' title='bbox 3168 2125 3609 2203; x_wconf 75' lang='grc' dir='ltr'>κατασφραγίσας</span> <span class='ocrx_word' id='word_1_387' title='bbox 3648 2125 3755 2201; x_wconf 81' lang='grc' dir='ltr'>τρίς</span> <span class='ocrx_word' id='word_1_388' title='bbox 3784 2143 3796 2158; x_wconf 85' lang='grc'><strong>·</strong></span> 
     </span>
    </p>
   </div>
   <div class='ocr_carea' id='block_1_53' title="bbox 2173 2203 3797 2289">
    <p class='ocr_par' dir='ltr' id='par_1_53' title="bbox 2173 2203 3797 2289">
     <span class='ocr_line' id='line_1_54' title="bbox 2173 2203 3797 2289; baseline 0.004 -28"><span class='ocrx_word' id='word_1_389' title='bbox 2173 2203 2454 2286; x_wconf 74' lang='grc' dir='ltr'>ἆφοϐήθην</span> <span class='ocrx_word' id='word_1_390' title='bbox 2481 2211 2546 2264; x_wconf 79' lang='grc' dir='ltr'>τὸ</span> <span class='ocrx_word' id='word_1_391' title='bbox 2593 2207 2795 2284; x_wconf 79' lang='grc' dir='ltr'>δρᾶμα.</span> <span class='ocrx_word' id='word_1_392' title='bbox 2828 2210 2979 2269; x_wconf 77' lang='grc' dir='ltr'><strong>Ούάί</strong></span> <span class='ocrx_word' id='word_1_393' title='bbox 3029 2214 3172 2269; x_wconf 66' lang='grc' dir='ltr'>Κατὰ</span> <span class='ocrx_word' id='word_1_394' title='bbox 3227 2215 3431 2289; x_wconf 76' lang='grc' dir='ltr'>βραχὺ,</span> <span class='ocrx_word' id='word_1_395' title='bbox 3485 2214 3797 2284; x_wconf 72' lang='grc' dir='ltr'>ἀνεπαισθή-</span> 
     </span>
    </p>
   </div>
   <div class='ocr_carea' id='block_1_54' title="bbox 2170 2300 3797 2378">
    <p class='ocr_par' dir='ltr' id='par_1_54' title="bbox 2170 2300 3797 2378">
     <span class='ocr_line' id='line_1_55' title="bbox 2170 2300 3797 2378; baseline 0.004 -27"><span class='ocrx_word' id='word_1_396' title='bbox 2170 2316 2281 2360; x_wconf 82' lang='grc' dir='ltr'><strong>τως</strong></span> <span class='ocrx_word' id='word_1_397' title='bbox 2309 2302 2574 2369; x_wconf 78' lang='grc' dir='ltr'>κατασπᾷ.</span> <span class='ocrx_word' id='word_1_398' title='bbox 2612 2305 2828 2373; x_wconf 80' lang='grc' dir='ltr'>Συνῆρα</span> <span class='ocrx_word' id='word_1_399' title='bbox 2866 2300 3036 2377; x_wconf 90' lang='grc' dir='ltr'>λόγον</span> <span class='ocrx_word' id='word_1_400' title='bbox 3079 2302 3205 2372; x_wconf 77' lang='grc' dir='ltr'>περὶ</span> <span class='ocrx_word' id='word_1_401' title='bbox 3235 2304 3516 2374; x_wconf 79' lang='grc' dir='ltr'>ἀληθείας.</span> <span class='ocrx_word' id='word_1_402' title='bbox 3552 2302 3797 2378; x_wconf 74' lang='grc' dir='ltr'>Ὠτρύνθη</span> 
     </span>
    </p>
   </div>
   <div class='ocr_carea' id='block_1_55' title="bbox 2173 2387 3800 2466">
    <p class='ocr_par' dir='ltr' id='par_1_55' title="bbox 2173 2387 3800 2466">
     <span class='ocr_line' id='line_1_56' title="bbox 2173 2387 3800 2466; baseline 0.004 -26"><span class='ocrx_word' id='word_1_403' title='bbox 2173 2387 2443 2450; x_wconf 80' lang='grc' dir='ltr'>κάκεῖνος.</span> <span class='ocrx_word' id='word_1_404' title='bbox 2475 2388 2959 2463; x_wconf 82' lang='grc' dir='ltr'>Ἀντετοξευσαμεν</span> <span class='ocrx_word' id='word_1_405' title='bbox 2992 2395 3253 2466; x_wconf 77' lang='grc' dir='ltr'>χρήσεσιν</span> <span class='ocrx_word' id='word_1_406' title='bbox 3280 2392 3573 2464; x_wconf 78' lang='grc' dir='ltr'>ἀλλήλους</span> <span class='ocrx_word' id='word_1_407' title='bbox 3609 2413 3623 2427; x_wconf 76' lang='grc' dir='ltr'><strong>ο</strong></span> <span class='ocrx_word' id='word_1_408' title='bbox 3654 2393 3800 2447; x_wconf 80' lang='grc' dir='ltr'><strong>αὐτοῦ</strong></span> 
     </span>
    </p>
   </div>
   <div class='ocr_carea' id='block_1_56' title="bbox 2175 2476 3802 2561">
    <p class='ocr_par' dir='ltr' id='par_1_56' title="bbox 2175 2476 3802 2561">
     <span class='ocr_line' id='line_1_57' title="bbox 2175 2476 3802 2561; baseline 0.004 -32"><span class='ocrx_word' id='word_1_409' title='bbox 2175 2476 2272 2547; x_wconf 80' lang='grc' dir='ltr'>μὶν</span> <span class='ocrx_word' id='word_1_410' title='bbox 2324 2476 2862 2549; x_wconf 81' lang='grc' dir='ltr'>ἀποστοματίζοντος</span> <span class='ocrx_word' id='word_1_411' title='bbox 2916 2479 3317 2555; x_wconf 82' lang='grc' dir='ltr'>χλευαστικῶς,</span> <span class='ocrx_word' id='word_1_412' title='bbox 3362 2483 3549 2556; x_wconf 66' lang='grc' dir='ltr'>κάμοῦ</span> <span class='ocrx_word' id='word_1_413' title='bbox 3601 2481 3802 2561; x_wconf 69' lang='grc' dir='ltr'>ὑφειμί-</span> 
     </span>
    </p>
   </div>
   <div class='ocr_carea' id='block_1_57' title="bbox 2171 2563 3802 2640">
    <p class='ocr_par' dir='ltr' id='par_1_57' title="bbox 2171 2563 3802 2640">
     <span class='ocr_line' id='line_1_58' title="bbox 2171 2563 3802 2640; baseline 0.004 -22"><span class='ocrx_word' id='word_1_414' title='bbox 2171 2585 2277 2625; x_wconf 89' lang='grc' dir='ltr'><strong>νως</strong></span> <span class='ocrx_word' id='word_1_415' title='bbox 2319 2563 2626 2640; x_wconf 78' lang='grc' dir='ltr'>ἐρχομένου</span> <span class='ocrx_word' id='word_1_416' title='bbox 2674 2563 2727 2622; x_wconf 79' lang='grc' dir='ltr'>ἔν</span> <span class='ocrx_word' id='word_1_417' title='bbox 2778 2590 2889 2624; x_wconf 88' lang='grc' dir='ltr'>τισι</span> <span class='ocrx_word' id='word_1_418' title='bbox 2920 2588 2935 2603; x_wconf 70' lang='grc'>⁸</span> <span class='ocrx_word' id='word_1_419' title='bbox 2987 2567 3079 2625; x_wconf 70' lang='grc' dir='ltr'><strong>διὰ</strong></span> <span class='ocrx_word' id='word_1_420' title='bbox 3133 2572 3195 2626; x_wconf 88' lang='grc' dir='ltr'>τὸ</span> <span class='ocrx_word' id='word_1_421' title='bbox 3248 2571 3639 2627; x_wconf 81' lang='grc' dir='ltr'>ἀποτείνασθαι</span> <span class='ocrx_word' id='word_1_422' title='bbox 3692 2569 3802 2631; x_wconf 68' lang='grc' dir='ltr'>τοὺς</span> 
     </span>
    </p>
   </div>
   <div class='ocr_carea' id='block_1_58' title="bbox 2176 2650 3803 2737">
    <p class='ocr_par' dir='ltr' id='par_1_58' title="bbox 2176 2650 3803 2737">
     <span class='ocr_line' id='line_1_59' title="bbox 2176 2650 3803 2737; baseline 0.004 -29"><span class='ocrx_word' id='word_1_423' title='bbox 2176 2650 2377 2730; x_wconf 83' lang='grc' dir='ltr'>λόγους</span> <span class='ocrx_word' id='word_1_424' title='bbox 2406 2656 2542 2731; x_wconf 88' lang='grc' dir='ltr'>πρὸς</span> <span class='ocrx_word' id='word_1_425' title='bbox 2591 2657 2683 2712; x_wconf 86' lang='grc' dir='ltr'>τὸν</span> <span class='ocrx_word' id='word_1_426' title='bbox 2720 2656 2948 2730; x_wconf 72' lang='grc' dir='ltr'>βασιλέα</span> <span class='ocrx_word' id='word_1_427' title='bbox 2979 2679 2994 2693; x_wconf 86' lang='grc'>·</span> <span class='ocrx_word' id='word_1_428' title='bbox 3042 2660 3132 2715; x_wconf 84' lang='grc' dir='ltr'><strong>καὶ</strong></span> <span class='ocrx_word' id='word_1_429' title='bbox 3161 2661 3225 2715; x_wconf 85' lang='grc' dir='ltr'>τὸ</span> <span class='ocrx_word' id='word_1_430' title='bbox 3278 2664 3353 2732; x_wconf 79' lang='grc' dir='ltr'><strong>μή</strong></span> <span class='ocrx_word' id='word_1_431' title='bbox 3403 2664 3627 2737; x_wconf 78' lang='grc' dir='ltr'>ταραχῇ</span> <span class='ocrx_word' id='word_1_432' title='bbox 3656 2678 3803 2715; x_wconf 86' lang='grc' dir='ltr'>κατα-</span> 
     </span>
    </p>
   </div>
   <div class='ocr_carea' id='block_1_59' title="bbox 2176 2739 3804 2824">
    <p class='ocr_par' dir='ltr' id='par_1_59' title="bbox 2176 2739 3804 2824">
     <span class='ocr_line' id='line_1_60' title="bbox 2176 2739 3804 2824; baseline 0.006 -27"><span class='ocrx_word' id='word_1_433' title='bbox 2176 2739 2459 2809; x_wconf 84' lang='grc' dir='ltr'>διασθῆναι</span> <span class='ocrx_word' id='word_1_434' title='bbox 2493 2744 2784 2817; x_wconf 79' lang='grc' dir='ltr'>ἀλλήλων.</span> <span class='ocrx_word' id='word_1_435' title='bbox 2818 2746 3040 2819; x_wconf 79' lang='grc' dir='ltr'>Ἐπειδὴ</span> <span class='ocrx_word' id='word_1_436' title='bbox 3090 2749 3179 2804; x_wconf 72' lang='grc' dir='ltr'><strong>καὶ</strong></span> <span class='ocrx_word' id='word_1_437' title='bbox 3219 2750 3484 2823; x_wconf 82' lang='grc' dir='ltr'>πρότασίν</span> <span class='ocrx_word' id='word_1_438' title='bbox 3543 2771 3648 2823; x_wconf 84' lang='grc' dir='ltr'><strong>μου</strong></span> <span class='ocrx_word' id='word_1_439' title='bbox 3679 2769 3804 2824; x_wconf 79' lang='grc' dir='ltr'>προ-</span> 
     </span>
    </p>
   </div>
   <div class='ocr_carea' id='block_1_60' title="bbox 2173 2833 3801 2917">
    <p class='ocr_par' dir='ltr' id='par_1_60' title="bbox 2173 2833 3801 2917">
     <span class='ocr_line' id='line_1_61' title="bbox 2173 2833 3801 2917; baseline 0.004 -30"><span class='ocrx_word' id='word_1_440' title='bbox 2173 2833 2447 2895; x_wconf 84' lang='grc' dir='ltr'>τείναντος</span> <span class='ocrx_word' id='word_1_441' title='bbox 2478 2833 2745 2909; x_wconf 80' lang='grc' dir='ltr'>ἠπόρησε.</span> <span class='ocrx_word' id='word_1_442' title='bbox 2790 2838 2890 2893; x_wconf 79' lang='grc' dir='ltr'><strong>Καὶ</strong></span> <span class='ocrx_word' id='word_1_443' title='bbox 2924 2839 3072 2893; x_wconf 76' lang='grc' dir='ltr'>εἶπον</span> <span class='ocrx_word' id='word_1_444' title='bbox 3107 2857 3120 2871; x_wconf 86' lang='grc'>⁶</span> <span class='ocrx_word' id='word_1_445' title='bbox 3156 2837 3491 2917; x_wconf 71' lang='grc' dir='ltr'>Βλασφημία</span> <span class='ocrx_word' id='word_1_446' title='bbox 3528 2839 3614 2902; x_wconf 85' lang='grc' dir='ltr'><strong>τίς</strong></span> <span class='ocrx_word' id='word_1_447' title='bbox 3645 2838 3801 2907; x_wconf 66' lang='grc' dir='ltr'>αὕτης</span> 
     </span>
    </p>
   </div>
   <div class='ocr_carea' id='block_1_61' title="bbox 2173 2921 3803 3000">
    <p class='ocr_par' dir='ltr' id='par_1_61' title="bbox 2173 2921 3803 3000">
     <span class='ocr_line' id='line_1_62' title="bbox 2173 2921 3803 3000; baseline 0.002 -24"><span class='ocrx_word' id='word_1_448' title='bbox 2173 2921 2231 2977; x_wconf 86' lang='grc' dir='ltr'>Ὃ</span> <span class='ocrx_word' id='word_1_449' title='bbox 2263 2924 2449 2995; x_wconf 80' lang='grc' dir='ltr'>Πατὴρ</span> <span class='ocrx_word' id='word_1_450' title='bbox 2482 2925 2566 2978; x_wconf 68' lang='grc' dir='ltr'><strong>καί</strong></span> <span class='ocrx_word' id='word_1_451' title='bbox 2612 2924 2674 2979; x_wconf 87' lang='grc' dir='ltr'>τὸ</span> <span class='ocrx_word' id='word_1_452' title='bbox 2724 2930 2940 2999; x_wconf 78' lang='grc' dir='ltr'>Πνεῦμα</span> <span class='ocrx_word' id='word_1_453' title='bbox 2968 2929 3361 2997; x_wconf 79' lang='grc' dir='ltr'>κεκοινώνηκεν</span> <span class='ocrx_word' id='word_1_454' title='bbox 3397 2927 3448 2983; x_wconf 79' lang='grc' dir='ltr'>ἐν</span> <span class='ocrx_word' id='word_1_455' title='bbox 3500 2930 3590 2991; x_wconf 83' lang='grc' dir='ltr'>οἷς</span> <span class='ocrx_word' id='word_1_456' title='bbox 3635 2925 3803 3000; x_wconf 81' lang='grc' dir='ltr'>ἔνδρα-</span> 
     </span>
    </p>
   </div>
   <div class='ocr_carea' id='block_1_62' title="bbox 2176 3012 3803 3089">
    <p class='ocr_par' dir='ltr' id='par_1_62' title="bbox 2176 3012 3803 3089">
     <span class='ocr_line' id='line_1_63' title="bbox 2176 3012 3803 3089; baseline 0.004 -24"><span class='ocrx_word' id='word_1_457' title='bbox 2176 3031 2262 3066; x_wconf 83' lang='grc' dir='ltr'><strong>σεν</strong></span> <span class='ocrx_word' id='word_1_458' title='bbox 2294 3012 2645 3086; x_wconf 78' lang='grc' dir='ltr'>ἀνθρωπίνως</span> <span class='ocrx_word' id='word_1_459' title='bbox 2673 3014 2702 3067; x_wconf 84' lang='grc' dir='ltr'>ὁ</span> <span class='ocrx_word' id='word_1_460' title='bbox 2732 3015 2983 3089; x_wconf 82' lang='grc' dir='ltr'>Χριστὸς,</span> <span class='ocrx_word' id='word_1_461' title='bbox 3012 3016 3096 3071; x_wconf 80' lang='grc' dir='ltr'><strong>ναὶ</strong></span> <span class='ocrx_word' id='word_1_462' title='bbox 3127 3016 3163 3086; x_wconf 77' lang='grc' dir='ltr'><strong>ἢ</strong></span> <span class='ocrx_word' id='word_1_463' title='bbox 3196 3014 3257 3072; x_wconf 76' lang='grc' dir='ltr'><strong>οὕ</strong></span> <span class='ocrx_word' id='word_1_464' title='bbox 3284 3036 3298 3086; x_wconf 91' lang='grc'>;</span> <span class='ocrx_word' id='word_1_465' title='bbox 3332 3019 3393 3075; x_wconf 80' lang='lat'><strong>&#39;0</strong></span> <span class='ocrx_word' id='word_1_466' title='bbox 3426 3014 3487 3072; x_wconf 67' lang='grc' dir='ltr'>δὲ</span> <span class='ocrx_word' id='word_1_467' title='bbox 3515 3018 3803 3084; x_wconf 80' lang='grc' dir='ltr'>κατένευσε,</span> 
     </span>
    </p>
   </div>
   <div class='ocr_carea' id='block_1_63' title="bbox 2174 3100 3803 3188">
    <p class='ocr_par' dir='ltr' id='par_1_63' title="bbox 2174 3100 3803 3188">
     <span class='ocr_line' id='line_1_64' title="bbox 2174 3100 3803 3188; baseline 0.003 -31"><span class='ocrx_word' id='word_1_468' title='bbox 2174 3103 2263 3157; x_wconf 68' lang='lat' dir='ltr'><strong>vui</strong></span> <span class='ocrx_word' id='word_1_469' title='bbox 2294 3100 2665 3179; x_wconf 82' lang='grc' dir='ltr'>διισχυρίζετο</span> <span class='ocrx_word' id='word_1_470' title='bbox 2697 3106 2871 3167; x_wconf 74' lang='grc' dir='ltr'>οὕτως</span> <span class='ocrx_word' id='word_1_471' title='bbox 2901 3103 3075 3183; x_wconf 66' lang='grc' dir='ltr'>ἔχεεν.</span> <span class='ocrx_word' id='word_1_472' title='bbox 3100 3109 3195 3163; x_wconf 74' lang='grc' dir='ltr'><strong>Διά</strong></span> <span class='ocrx_word' id='word_1_473' title='bbox 3226 3130 3312 3164; x_wconf 80' lang='grc' dir='ltr'><strong>τοι</strong></span> <span class='ocrx_word' id='word_1_474' title='bbox 3344 3113 3516 3165; x_wconf 84' lang='grc' dir='ltr'>ταῦτα</span> <span class='ocrx_word' id='word_1_475' title='bbox 3547 3110 3583 3178; x_wconf 75' lang='grc' dir='ltr'><strong>ἡ</strong></span> <span class='ocrx_word' id='word_1_476' title='bbox 3616 3109 3803 3188; x_wconf 71' lang='grc' dir='ltr'>ὕφεσις,</span> 
     </span>
    </p>
   </div>
   <div class='ocr_carea' id='block_1_64' title="bbox 2176 3192 3803 3277">
    <p class='ocr_par' dir='ltr' id='par_1_64' title="bbox 2176 3192 3803 3277">
     <span class='ocr_line' id='line_1_65' title="bbox 2176 3192 3803 3277; baseline 0.004 -31"><span class='ocrx_word' id='word_1_477' title='bbox 2176 3193 2265 3247; x_wconf 86' lang='grc' dir='ltr'><strong>καὶ</strong></span> <span class='ocrx_word' id='word_1_478' title='bbox 2298 3195 2333 3262; x_wconf 78' lang='grc' dir='ltr'><strong>ἡ</strong></span> <span class='ocrx_word' id='word_1_479' title='bbox 2367 3192 2441 3256; x_wconf 82' lang='grc' dir='ltr'><strong>ὡς</strong></span> <span class='ocrx_word' id='word_1_480' title='bbox 2473 3193 2525 3249; x_wconf 71' lang='grc' dir='ltr'>ἐν</span> <span class='ocrx_word' id='word_1_481' title='bbox 2578 3195 2732 3270; x_wconf 80' lang='grc' dir='ltr'>μάχῃ</span> <span class='ocrx_word' id='word_1_482' title='bbox 2766 3194 3061 3260; x_wconf 77' lang='grc' dir='ltr'>διάστασις.</span> <span class='ocrx_word' id='word_1_483' title='bbox 3095 3200 3158 3256; x_wconf 82' lang='lat'><strong>&#39;0</strong></span> <span class='ocrx_word' id='word_1_484' title='bbox 3198 3196 3256 3254; x_wconf 75' lang='grc' dir='ltr'>δὲ</span> <span class='ocrx_word' id='word_1_485' title='bbox 3305 3196 3567 3272; x_wconf 79' lang='grc' dir='ltr'>ἐξελθὼν,</span> <span class='ocrx_word' id='word_1_486' title='bbox 3608 3196 3763 3277; x_wconf 71' lang='grc' dir='ltr'>φησίν</span> <span class='ocrx_word' id='word_1_487' title='bbox 3791 3215 3803 3228; x_wconf 90' lang='grc'><strong>·</strong></span> 
     </span>
    </p>
   </div>
   <div class='ocr_carea' id='block_1_65' title="bbox 411 3268 2057 3361">
    <p class='ocr_par' dir='ltr' id='par_1_65' title="bbox 411 3268 2057 3361">
     <span class='ocr_line' id='line_1_66' title="bbox 411 3268 2057 3361; baseline -0.002 -15"><span class='ocrx_word' id='word_1_488' title='bbox 411 3268 596 3347; x_wconf 85' lang='lat' dir='ltr'><strong>missa</strong></span> <span class='ocrx_word' id='word_1_489' title='bbox 626 3289 939 3357; x_wconf 82' lang='lat' dir='ltr'><strong>contentio,</strong></span> <span class='ocrx_word' id='word_1_490' title='bbox 967 3294 1025 3344; x_wconf 91' lang='lat' dir='ltr'><strong>et</strong></span> <span class='ocrx_word' id='word_1_491' title='bbox 1056 3290 1224 3361; x_wconf 89' lang='lat' dir='ltr'><strong>quasi</strong></span> <span class='ocrx_word' id='word_1_492' title='bbox 1276 3304 1310 3344; x_wconf 92' lang='lat' dir='ltr'><strong>a</strong></span> <span class='ocrx_word' id='word_1_493' title='bbox 1366 3304 1563 3361; x_wconf 81' lang='lat' dir='ltr'><strong>pugna</strong></span> <span class='ocrx_word' id='word_1_494' title='bbox 1592 3268 1912 3345; x_wconf 76' lang='lat' dir='ltr'><strong>discessum</strong></span> <span class='ocrx_word' id='word_1_495' title='bbox 1949 3294 2057 3345; x_wconf 86' lang='lat' dir='ltr'><strong>est.</strong></span> 
     </span>
    </p>
   </div>
   <div class='ocr_carea' id='block_1_66' title="bbox 2175 3268 3807 3361">
    <p class='ocr_par' dir='ltr' id='par_1_66' title="bbox 2175 3268 3807 3359">
     <span class='ocr_line' id='line_1_67' title="bbox 2175 3268 3807 3359; baseline 0 -20"><span class='ocrx_word' id='word_1_496' title='bbox 2175 3281 2433 3339; x_wconf 85' lang='grc' dir='ltr'>Ἐδὸκουν</span> <span class='ocrx_word' id='word_1_497' title='bbox 2465 3283 2548 3339; x_wconf 77' lang='grc' dir='ltr'><strong>ὅτι</strong></span> <span class='ocrx_word' id='word_1_498' title='bbox 2581 3268 2781 3359; x_wconf 87' lang='grc' dir='ltr'><strong>τι</strong></span> <span class='ocrx_word' id='word_1_499' title='bbox 2816 3283 2930 3341; x_wconf 84' lang='grc' dir='ltr'>οὐδ’</span> <span class='ocrx_word' id='word_1_500' title='bbox 2961 3285 3107 3350; x_wconf 78' lang='grc' dir='ltr'>ὅλως</span> <span class='ocrx_word' id='word_1_501' title='bbox 3139 3305 3154 3321; x_wconf 82' lang='grc'><em>’</em></span> <span class='ocrx_word' id='word_1_502' title='bbox 3186 3268 3352 3343; x_wconf 24' lang='grc' dir='ltr'>ἀλλὰ*</span> <span class='ocrx_word' id='word_1_503' title='bbox 3371 3287 3465 3342; x_wconf 81' lang='grc' dir='ltr'><strong>καὶ</strong></span> <span class='ocrx_word' id='word_1_504' title='bbox 3514 3268 3807 3359; x_wconf 63' lang='grc' dir='ltr'>ἀπεστομᾶ-</span> 
     </span>
    </p>
   </div>
   <div class='ocr_carea' id='block_1_67' title="bbox 412 3378 2059 3450">
    <p class='ocr_par' dir='ltr' id='par_1_67' title="bbox 412 3378 2059 3450">
     <span class='ocr_line' id='line_1_68' title="bbox 412 3378 2059 3450; baseline -0.002 -13"><span class='ocrx_word' id='word_1_505' title='bbox 412 3383 482 3437; x_wconf 84' lang='lat' dir='ltr'><strong>At</strong></span> <span class='ocrx_word' id='word_1_506' title='bbox 515 3379 614 3436; x_wconf 91' lang='lat' dir='ltr'><strong>ille</strong></span> <span class='ocrx_word' id='word_1_507' title='bbox 671 3379 975 3435; x_wconf 76' lang='lat' dir='ltr'><strong>discedens</strong></span> <span class='ocrx_word' id='word_1_508' title='bbox 1010 3394 1024 3436; x_wconf 90' lang='lat'><strong>:</strong></span> <span class='ocrx_word' id='word_1_509' title='bbox 1054 3380 1138 3434; x_wconf 88' lang='lat' dir='ltr'><strong>Ita</strong></span> <span class='ocrx_word' id='word_1_510' title='bbox 1192 3379 1493 3450; x_wconf 83' lang='lat' dir='ltr'><strong>putabam,</strong></span> <span class='ocrx_word' id='word_1_511' title='bbox 1528 3378 1737 3449; x_wconf 87' lang='lat' dir='ltr'><strong>inquit,</strong></span> <span class='ocrx_word' id='word_1_512' title='bbox 1774 3379 1930 3435; x_wconf 91' lang='lat' dir='ltr'><strong>hunc</strong></span> <span class='ocrx_word' id='word_1_513' title='bbox 1963 3394 2059 3449; x_wconf 88' lang='lat' dir='ltr'><strong>pe-</strong></span> 
     </span>
    </p>
   </div>
   <div class='ocr_carea' id='block_1_68' title="bbox 417 3466 2059 3539">
    <p class='ocr_par' dir='ltr' id='par_1_68' title="bbox 417 3466 2059 3539">
     <span class='ocr_line' id='line_1_69' title="bbox 417 3466 2059 3539; baseline 0 -15"><span class='ocrx_word' id='word_1_514' title='bbox 417 3468 578 3524; x_wconf 83' lang='lat' dir='ltr'><strong>nitus</strong></span> <span class='ocrx_word' id='word_1_515' title='bbox 627 3467 771 3522; x_wconf 90' lang='lat' dir='ltr'><strong>nihil</strong></span> <span class='ocrx_word' id='word_1_516' title='bbox 832 3468 975 3523; x_wconf 88' lang='lat' dir='ltr'><strong>scire</strong></span> <span class='ocrx_word' id='word_1_517' title='bbox 1009 3482 1024 3522; x_wconf 88' lang='lat'><strong>:</strong></span> <span class='ocrx_word' id='word_1_518' title='bbox 1057 3468 1155 3522; x_wconf 89' lang='lat' dir='ltr'><strong>sed</strong></span> <span class='ocrx_word' id='word_1_519' title='bbox 1212 3472 1268 3523; x_wconf 90' lang='lat' dir='ltr'><strong>et</strong></span> <span class='ocrx_word' id='word_1_520' title='bbox 1324 3466 1617 3539; x_wconf 78' lang='lat' dir='ltr'><strong>elinguem</strong></span> <span class='ocrx_word' id='word_1_521' title='bbox 1651 3482 1782 3523; x_wconf 89' lang='lat' dir='ltr'><strong>eum</strong></span> <span class='ocrx_word' id='word_1_522' title='bbox 1816 3468 2059 3524; x_wconf 87' lang='lat' dir='ltr'><strong>reddidi.</strong></span> 
     </span>
    </p>
   </div>
   <div class='ocr_carea' id='block_1_69' title="bbox 418 3554 2063 3629">
    <p class='ocr_par' dir='ltr' id='par_1_69' title="bbox 418 3554 2063 3629">
     <span class='ocr_line' id='line_1_70' title="bbox 418 3554 2063 3629; baseline 0.001 -17"><span class='ocrx_word' id='word_1_523' title='bbox 418 3555 537 3629; x_wconf 81' lang='lat' dir='ltr'><strong>Ego</strong></span> <span class='ocrx_word' id='word_1_524' title='bbox 561 3572 690 3611; x_wconf 78' lang='lat' dir='ltr'><strong>vero</strong></span> <span class='ocrx_word' id='word_1_525' title='bbox 717 3571 918 3610; x_wconf 89' lang='lat' dir='ltr'><strong>noram</strong></span> <span class='ocrx_word' id='word_1_526' title='bbox 953 3555 1183 3627; x_wconf 87' lang='lat' dir='ltr'><strong>quidem</strong></span> <span class='ocrx_word' id='word_1_527' title='bbox 1217 3554 1383 3609; x_wconf 91' lang='lat' dir='ltr'><strong>illum</strong></span> <span class='ocrx_word' id='word_1_528' title='bbox 1418 3556 1641 3611; x_wconf 89' lang='lat' dir='ltr'><strong>ratione</strong></span> <span class='ocrx_word' id='word_1_529' title='bbox 1671 3562 2063 3626; x_wconf 89' lang='lat' dir='ltr'><strong>earentem,et</strong></span> 
     </span>
    </p>
   </div>
   <div class='ocr_carea' id='block_1_70' title="bbox 420 3644 2058 3718">
    <p class='ocr_par' dir='ltr' id='par_1_70' title="bbox 420 3644 2058 3718">
     <span class='ocr_line' id='line_1_71' title="bbox 420 3644 2058 3718; baseline 0.001 -18"><span class='ocrx_word' id='word_1_530' title='bbox 420 3660 596 3718; x_wconf 89' lang='lat' dir='ltr'><strong>quam</strong></span> <span class='ocrx_word' id='word_1_531' title='bbox 630 3645 879 3700; x_wconf 86' lang='lat' dir='ltr'><strong>maxime</strong></span> <span class='ocrx_word' id='word_1_532' title='bbox 910 3646 1133 3700; x_wconf 83' lang='lat' dir='ltr'><strong>fatuum</strong></span> <span class='ocrx_word' id='word_1_533' title='bbox 1158 3658 1292 3699; x_wconf 92' lang='lat' dir='ltr'><strong>cum</strong></span> <span class='ocrx_word' id='word_1_534' title='bbox 1350 3644 1674 3716; x_wconf 88' lang='lat' dir='ltr'><strong>impietate.</strong></span> <span class='ocrx_word' id='word_1_535' title='bbox 1707 3644 1899 3701; x_wconf 89' lang='lat' dir='ltr'><strong>Unum</strong></span> <span class='ocrx_word' id='word_1_536' title='bbox 1952 3661 2058 3701; x_wconf 88' lang='lat' dir='ltr'><strong>au-</strong></span> 
     </span>
    </p>
   </div>
   <div class='ocr_carea' id='block_1_71' title="bbox 418 3733 2062 3807">
    <p class='ocr_par' dir='ltr' id='par_1_71' title="bbox 418 3733 2062 3807">
     <span class='ocr_line' id='line_1_72' title="bbox 418 3733 2062 3807; baseline -0.001 -15"><span class='ocrx_word' id='word_1_537' title='bbox 418 3740 532 3792; x_wconf 86' lang='lat' dir='ltr'><strong>tem</strong></span> <span class='ocrx_word' id='word_1_538' title='bbox 567 3734 828 3807; x_wconf 74' lang='lat' dir='ltr'><strong>quaesivi,</strong></span> <span class='ocrx_word' id='word_1_539' title='bbox 853 3733 1227 3789; x_wconf 87' lang='lat' dir='ltr'><strong>uttictionem</strong></span> <span class='ocrx_word' id='word_1_540' title='bbox 1252 3734 1627 3805; x_wconf 87' lang='lat' dir='ltr'><strong>deponerem,</strong></span> <span class='ocrx_word' id='word_1_541' title='bbox 1652 3738 1709 3789; x_wconf 90' lang='lat' dir='ltr'><strong>et</strong></span> <span class='ocrx_word' id='word_1_542' title='bbox 1737 3733 1910 3789; x_wconf 89' lang='lat' dir='ltr'><strong>aliam</strong></span> <span class='ocrx_word' id='word_1_543' title='bbox 1937 3751 2062 3805; x_wconf 92' lang='lat' dir='ltr'><strong>per-</strong></span> 
     </span>
    </p>
   </div>
   <div class='ocr_carea' id='block_1_72' title="bbox 408 3822 2054 3896">
    <p class='ocr_par' dir='ltr' id='par_1_72' title="bbox 408 3822 2054 3896">
     <span class='ocr_line' id='line_1_73' title="bbox 408 3822 2054 3896; baseline -0.001 -14"><span class='ocrx_word' id='word_1_544' title='bbox 408 3841 617 3882; x_wconf 88' lang='lat' dir='ltr'><strong>sonam</strong></span> <span class='ocrx_word' id='word_1_545' title='bbox 651 3839 902 3896; x_wconf 80' lang='lat' dir='ltr'><strong>agerem,</strong></span> <span class='ocrx_word' id='word_1_546' title='bbox 937 3823 1166 3894; x_wconf 88' lang='lat' dir='ltr'><strong>qualem</strong></span> <span class='ocrx_word' id='word_1_547' title='bbox 1198 3824 1360 3879; x_wconf 90' lang='lat' dir='ltr'><strong>decet</strong></span> <span class='ocrx_word' id='word_1_548' title='bbox 1389 3822 1671 3879; x_wconf 90' lang='lat' dir='ltr'><strong>adversus</strong></span> <span class='ocrx_word' id='word_1_549' title='bbox 1702 3824 1908 3879; x_wconf 87' lang='lat' dir='ltr'><strong>ducem</strong></span> <span class='ocrx_word' id='word_1_550' title='bbox 1942 3824 2054 3880; x_wconf 90' lang='lat' dir='ltr'><strong>im-</strong></span> 
     </span>
    </p>
   </div>
   <div class='ocr_carea' id='block_1_73' title="bbox 410 3912 2056 3985">
    <p class='ocr_par' dir='ltr' id='par_1_73' title="bbox 410 3912 2056 3985">
     <span class='ocr_line' id='line_1_74' title="bbox 410 3912 2056 3985; baseline 0.001 -18"><span class='ocrx_word' id='word_1_551' title='bbox 410 3913 670 3985; x_wconf 88' lang='lat' dir='ltr'><strong>pietatis:</strong></span> <span class='ocrx_word' id='word_1_552' title='bbox 712 3912 850 3985; x_wconf 84' lang='lat' dir='ltr'><strong>quia</strong></span> <span class='ocrx_word' id='word_1_553' title='bbox 880 3912 1043 3967; x_wconf 83' lang='lat' dir='ltr'><strong>net‘as</strong></span> <span class='ocrx_word' id='word_1_554' title='bbox 1066 3916 1156 3967; x_wconf 90' lang='lat' dir='ltr'><strong>est</strong></span> <span class='ocrx_word' id='word_1_555' title='bbox 1186 3917 1321 3967; x_wconf 86' lang='lat' dir='ltr'><strong>ante</strong></span> <span class='ocrx_word' id='word_1_556' title='bbox 1347 3928 1545 3983; x_wconf 83' lang='lat' dir='ltr'><strong>porcos</strong></span> <span class='ocrx_word' id='word_1_557' title='bbox 1602 3912 1834 3968; x_wconf 87' lang='lat' dir='ltr'><strong>mittere</strong></span> <span class='ocrx_word' id='word_1_558' title='bbox 1893 3929 2056 3969; x_wconf 89' lang='lat' dir='ltr'><strong>mar-</strong></span> 
     </span>
    </p>
   </div>
   <div class='ocr_carea' id='block_1_74' title="bbox 405 4000 2053 4073">
    <p class='ocr_par' dir='ltr' id='par_1_74' title="bbox 405 4000 2053 4073">
     <span class='ocr_line' id='line_1_75' title="bbox 405 4000 2053 4073; baseline -0.001 -16"><span class='ocrx_word' id='word_1_559' title='bbox 405 4001 622 4073; x_wconf 79' lang='lat' dir='ltr'><strong>garitas</strong></span> <span class='ocrx_word' id='word_1_560' title='bbox 656 4000 719 4056; x_wconf 80' lang='grc'><strong>⁷³.</strong></span> <span class='ocrx_word' id='word_1_561' title='bbox 756 4003 901 4056; x_wconf 86' lang='lat' dir='ltr'><strong>Hinc</strong></span> <span class='ocrx_word' id='word_1_562' title='bbox 952 4016 1163 4073; x_wconf 85' lang='lat' dir='ltr'><strong>magna</strong></span> <span class='ocrx_word' id='word_1_563' title='bbox 1210 4000 1488 4056; x_wconf 78' lang='lat' dir='ltr'><strong>custodiae</strong></span> <span class='ocrx_word' id='word_1_564' title='bbox 1514 4016 1675 4069; x_wconf 80' lang='lat' dir='ltr'><strong>cura,</strong></span> <span class='ocrx_word' id='word_1_565' title='bbox 1704 4008 1758 4056; x_wconf 91' lang='lat' dir='ltr'><strong>et</strong></span> <span class='ocrx_word' id='word_1_566' title='bbox 1809 4001 2053 4057; x_wconf 86' lang='lat' dir='ltr'><strong>interdi-</strong></span> 
     </span>
    </p>
   </div>
   <div class='ocr_carea' id='block_1_75' title="bbox 402 4090 2057 4147">
    <p class='ocr_par' dir='ltr' id='par_1_75' title="bbox 402 4090 2057 4147">
     <span class='ocr_line' id='line_1_76' title="bbox 402 4090 2057 4147; baseline 0 -1"><span class='ocrx_word' id='word_1_567' title='bbox 402 4097 562 4147; x_wconf 89' lang='lat' dir='ltr'><strong>ctum</strong></span> <span class='ocrx_word' id='word_1_568' title='bbox 597 4107 667 4147; x_wconf 89' lang='lat' dir='ltr'><strong>ne</strong></span> <span class='ocrx_word' id='word_1_569' title='bbox 698 4090 992 4146; x_wconf 88' lang='lat' dir='ltr'><strong>hominem</strong></span> <span class='ocrx_word' id='word_1_570' title='bbox 1029 4091 1209 4145; x_wconf 92' lang='lat' dir='ltr'><strong>ullum</strong></span> <span class='ocrx_word' id='word_1_571' title='bbox 1235 4090 1536 4146; x_wconf 82' lang='lat' dir='ltr'><strong>videamus</strong></span> <span class='ocrx_word' id='word_1_572' title='bbox 1569 4106 1583 4144; x_wconf 94' lang='lat'>:</span> <span class='ocrx_word' id='word_1_573' title='bbox 1616 4091 1849 4147; x_wconf 86' lang='lat' dir='ltr'><strong>tametsi</strong></span> <span class='ocrx_word' id='word_1_574' title='bbox 1883 4092 2057 4147; x_wconf 88' lang='lat' dir='ltr'><strong>aliter</strong></span> 
     </span>
    </p>
   </div>
   <div class='ocr_carea' id='block_1_76' title="bbox 401 4179 2053 4252">
    <p class='ocr_par' dir='ltr' id='par_1_76' title="bbox 401 4179 2053 4252">
     <span class='ocr_line' id='line_1_77' title="bbox 401 4179 2053 4252; baseline 0.001 -16"><span class='ocrx_word' id='word_1_575' title='bbox 401 4180 698 4252; x_wconf 86' lang='lat' dir='ltr'><strong>dispenset</strong></span> <span class='ocrx_word' id='word_1_576' title='bbox 727 4182 898 4236; x_wconf 86' lang='lat' dir='ltr'><strong>Deus.</strong></span> <span class='ocrx_word' id='word_1_577' title='bbox 949 4181 1080 4235; x_wconf 69' lang='lat' dir='ltr'><strong>Htec</strong></span> <span class='ocrx_word' id='word_1_578' title='bbox 1130 4179 1259 4235; x_wconf 88' lang='lat' dir='ltr'><strong>licet</strong></span> <span class='ocrx_word' id='word_1_579' title='bbox 1315 4195 1418 4252; x_wconf 90' lang='lat' dir='ltr'><strong>per</strong></span> <span class='ocrx_word' id='word_1_580' title='bbox 1475 4179 1916 4252; x_wconf 81' lang='lat' dir='ltr'><strong>digressionem,</strong></span> <span class='ocrx_word' id='word_1_581' title='bbox 1952 4196 2053 4238; x_wconf 89' lang='lat' dir='ltr'><strong>ne-</strong></span> 
     </span>
    </p>
   </div>
   <div class='ocr_carea' id='block_1_77' title="bbox 2170 3371 3803 3452">
    <p class='ocr_par' dir='ltr' id='par_1_77' title="bbox 2170 3371 3803 3452">
     <span class='ocr_line' id='line_1_78' title="bbox 2170 3371 3803 3452; baseline 0.002 -26"><span class='ocrx_word' id='word_1_582' title='bbox 2170 3389 2294 3427; x_wconf 85' lang='grc' dir='ltr'>τισα</span> <span class='ocrx_word' id='word_1_583' title='bbox 2350 3372 2524 3428; x_wconf 83' lang='grc' dir='ltr'>αὐτόν.</span> <span class='ocrx_word' id='word_1_584' title='bbox 2572 3374 2719 3449; x_wconf 85' lang='grc' dir='ltr'><strong>Ἐγὼ</strong></span> <span class='ocrx_word' id='word_1_585' title='bbox 2764 3372 2818 3429; x_wconf 79' lang='grc' dir='ltr'>δὶ</span> <span class='ocrx_word' id='word_1_586' title='bbox 2868 3371 3041 3450; x_wconf 79' lang='grc' dir='ltr'>ἔγνων</span> <span class='ocrx_word' id='word_1_587' title='bbox 3102 3377 3197 3450; x_wconf 70' lang='grc' dir='ltr'>μὶν</span> <span class='ocrx_word' id='word_1_588' title='bbox 3247 3375 3408 3433; x_wconf 74' lang='grc' dir='ltr'>αὐτὸν</span> <span class='ocrx_word' id='word_1_589' title='bbox 3468 3374 3674 3452; x_wconf 76' lang='grc' dir='ltr'>ἄλογον</span> <span class='ocrx_word' id='word_1_590' title='bbox 3730 3374 3803 3430; x_wconf 78' lang='grc' dir='ltr'><strong>ὅτι</strong></span> 
     </span>
    </p>
   </div>
   <div class='ocr_carea' id='block_1_78' title="bbox 2175 3459 3801 3541">
    <p class='ocr_par' dir='ltr' id='par_1_78' title="bbox 2175 3459 3801 3541">
     <span class='ocr_line' id='line_1_79' title="bbox 2175 3459 3801 3541; baseline 0.001 -25"><span class='ocrx_word' id='word_1_591' title='bbox 2175 3460 2413 3534; x_wconf 78' lang='grc' dir='ltr'>μάλιστα</span> <span class='ocrx_word' id='word_1_592' title='bbox 2444 3461 2535 3518; x_wconf 74' lang='grc' dir='ltr'>σὺν</span> <span class='ocrx_word' id='word_1_593' title='bbox 2582 3459 2815 3535; x_wconf 78' lang='grc' dir='ltr'>ἀσεϐείᾳ.</span> <span class='ocrx_word' id='word_1_594' title='bbox 2846 3467 2941 3522; x_wconf 80' lang='grc' dir='ltr'>Ἓν</span> <span class='ocrx_word' id='word_1_595' title='bbox 2991 3463 3049 3521; x_wconf 79' lang='grc' dir='ltr'>δὶ</span> <span class='ocrx_word' id='word_1_596' title='bbox 3088 3465 3347 3538; x_wconf 74' lang='grc' dir='ltr'>ἐζήτησα,</span> <span class='ocrx_word' id='word_1_597' title='bbox 3377 3467 3479 3537; x_wconf 83' lang='grc' dir='ltr'><strong>τήν</strong></span> <span class='ocrx_word' id='word_1_598' title='bbox 3534 3467 3801 3541; x_wconf 78' lang='grc' dir='ltr'>ὓπόκρισιν</span> 
     </span>
    </p>
   </div>
   <div class='ocr_carea' id='block_1_79' title="bbox 2170 3551 3801 3631">
    <p class='ocr_par' dir='ltr' id='par_1_79' title="bbox 2170 3551 3801 3631">
     <span class='ocr_line' id='line_1_80' title="bbox 2170 3551 3801 3631; baseline 0.001 -23"><span class='ocrx_word' id='word_1_599' title='bbox 2170 3551 2463 3608; x_wconf 79' lang='grc' dir='ltr'>ἂποθέσθαι</span> <span class='ocrx_word' id='word_1_600' title='bbox 2496 3573 2584 3626; x_wconf 82' lang='grc' dir='ltr'><strong>με,</strong></span> <span class='ocrx_word' id='word_1_601' title='bbox 2614 3555 2703 3609; x_wconf 76' lang='grc' dir='ltr'><strong>καὶ</strong></span> <span class='ocrx_word' id='word_1_602' title='bbox 2748 3553 2888 3611; x_wconf 78' lang='grc' dir='ltr'>ἄλλο</span> <span class='ocrx_word' id='word_1_603' title='bbox 2929 3557 3221 3631; x_wconf 85' lang='grc' dir='ltr'>πρόσωπον</span> <span class='ocrx_word' id='word_1_604' title='bbox 3271 3555 3536 3630; x_wconf 80' lang='grc' dir='ltr'>ἐπιδεῖξαι</span> <span class='ocrx_word' id='word_1_605' title='bbox 3568 3577 3583 3592; x_wconf 88' lang='grc'>·</span> <span class='ocrx_word' id='word_1_606' title='bbox 3635 3561 3706 3618; x_wconf 86' lang='grc' dir='ltr'>ὡς</span> <span class='ocrx_word' id='word_1_607' title='bbox 3734 3554 3801 3611; x_wconf 75' lang='grc' dir='ltr'>ὃεῖ</span> 
     </span>
    </p>
   </div>
   <div class='ocr_carea' id='block_1_80' title="bbox 2167 3638 3801 3721">
    <p class='ocr_par' dir='ltr' id='par_1_80' title="bbox 2167 3638 3801 3721">
     <span class='ocr_line' id='line_1_81' title="bbox 2167 3638 3801 3721; baseline 0.001 -25"><span class='ocrx_word' id='word_1_608' title='bbox 2167 3640 2305 3715; x_wconf 75' lang='grc' dir='ltr'>πρὸς</span> <span class='ocrx_word' id='word_1_609' title='bbox 2357 3638 2669 3718; x_wconf 76' lang='grc' dir='ltr'>ἀσεϐἀρχην</span> <span class='ocrx_word' id='word_1_610' title='bbox 2703 3660 2718 3677; x_wconf 84' lang='grc'>⁶</span> <span class='ocrx_word' id='word_1_611' title='bbox 2770 3643 2887 3700; x_wconf 70' lang='grc' dir='ltr'>ἕπεὶ</span> <span class='ocrx_word' id='word_1_612' title='bbox 2927 3645 2989 3699; x_wconf 83' lang='grc' dir='ltr'><strong>ού</strong></span> <span class='ocrx_word' id='word_1_613' title='bbox 3038 3648 3255 3720; x_wconf 83' lang='grc' dir='ltr'>θεμιτὸν</span> <span class='ocrx_word' id='word_1_614' title='bbox 3307 3647 3384 3708; x_wconf 80' lang='grc' dir='ltr'><strong>εἰς</strong></span> <span class='ocrx_word' id='word_1_615' title='bbox 3439 3647 3541 3709; x_wconf 77' lang='grc' dir='ltr'><strong>ὕας</strong></span> <span class='ocrx_word' id='word_1_616' title='bbox 3592 3645 3801 3721; x_wconf 64' lang='grc' dir='ltr'>βάλλειν</span> 
     </span>
    </p>
   </div>
   <div class='ocr_carea' id='block_1_81' title="bbox 2168 3730 3798 3813">
    <p class='ocr_par' dir='ltr' id='par_1_81' title="bbox 2168 3730 3798 3813">
     <span class='ocr_line' id='line_1_82' title="bbox 2168 3730 3798 3813; baseline 0.002 -28"><span class='ocrx_word' id='word_1_617' title='bbox 2168 3730 2296 3792; x_wconf 77' lang='grc' dir='ltr'>τοὺς</span> <span class='ocrx_word' id='word_1_618' title='bbox 2331 3732 2662 3807; x_wconf 81' lang='grc' dir='ltr'>μαργαρίτας</span> <span class='ocrx_word' id='word_1_619' title='bbox 2692 3752 2706 3766; x_wconf 91' lang='grc'><strong>·</strong></span> <span class='ocrx_word' id='word_1_620' title='bbox 2737 3736 3009 3791; x_wconf 79' lang='grc' dir='ltr'>Ἐντεῦθεν</span> <span class='ocrx_word' id='word_1_621' title='bbox 3061 3736 3097 3805; x_wconf 78' lang='grc' dir='ltr'>ἠ</span> <span class='ocrx_word' id='word_1_622' title='bbox 3148 3734 3334 3803; x_wconf 89' lang='grc' dir='ltr'>πολλή</span> <span class='ocrx_word' id='word_1_623' title='bbox 3384 3735 3679 3813; x_wconf 75' lang='grc' dir='ltr'>ἀσφάλεια,</span> <span class='ocrx_word' id='word_1_624' title='bbox 3723 3733 3798 3789; x_wconf 77' lang='grc' dir='ltr'><strong>καί</strong></span> 
     </span>
    </p>
   </div>
   <div class='ocr_carea' id='block_1_82' title="bbox 2167 3820 3800 3899">
    <p class='ocr_par' dir='ltr' id='par_1_82' title="bbox 2167 3820 3800 3899">
     <span class='ocr_line' id='line_1_83' title="bbox 2167 3820 3800 3899; baseline 0.002 -25"><span class='ocrx_word' id='word_1_625' title='bbox 2167 3820 2514 3895; x_wconf 78' lang='grc' dir='ltr'>παραγγελία</span> <span class='ocrx_word' id='word_1_626' title='bbox 2542 3825 2639 3876; x_wconf 85' lang='grc' dir='ltr'><strong>τοῦ</strong></span> <span class='ocrx_word' id='word_1_627' title='bbox 2674 3823 2751 3895; x_wconf 79' lang='grc' dir='ltr'>μὴ</span> <span class='ocrx_word' id='word_1_628' title='bbox 2785 3821 2917 3877; x_wconf 76' lang='grc' dir='ltr'>ἰδεῖν</span> <span class='ocrx_word' id='word_1_629' title='bbox 2950 3826 3097 3896; x_wconf 78' lang='grc' dir='ltr'>ἡμᾶς</span> <span class='ocrx_word' id='word_1_630' title='bbox 3128 3820 3440 3899; x_wconf 72' lang='grc' dir='ltr'>ἄνθρωπον,</span> <span class='ocrx_word' id='word_1_631' title='bbox 3475 3826 3576 3880; x_wconf 72' lang='grc' dir='ltr'><strong>κᾶν</strong></span> <span class='ocrx_word' id='word_1_632' title='bbox 3629 3823 3800 3885; x_wconf 80' lang='grc' dir='ltr'>ἄλλως</span> 
     </span>
    </p>
   </div>
   <div class='ocr_carea' id='block_1_83' title="bbox 2167 3912 3798 3991">
    <p class='ocr_par' dir='ltr' id='par_1_83' title="bbox 2167 3912 3798 3991">
     <span class='ocr_line' id='line_1_84' title="bbox 2167 3912 3798 3991; baseline 0.001 -26"><span class='ocrx_word' id='word_1_633' title='bbox 2167 3912 2436 3986; x_wconf 82' lang='grc' dir='ltr'>οἶκονομῇ</span> <span class='ocrx_word' id='word_1_634' title='bbox 2496 3912 2648 3974; x_wconf 84' lang='grc' dir='ltr'>Θεός.</span> <span class='ocrx_word' id='word_1_635' title='bbox 2709 3918 2888 3969; x_wconf 86' lang='grc' dir='ltr'>Ταῦτα</span> <span class='ocrx_word' id='word_1_636' title='bbox 2962 3915 3010 3969; x_wconf 88' lang='grc' dir='ltr'><strong>εί</strong></span> <span class='ocrx_word' id='word_1_637' title='bbox 3073 3914 3162 3970; x_wconf 77' lang='grc' dir='ltr'><strong>καὶ</strong></span> <span class='ocrx_word' id='word_1_638' title='bbox 3239 3912 3798 3991; x_wconf 76' lang='grc' dir='ltr'>παρεκϐατικώτερον,</span> 
     </span>
    </p>
   </div>
   <div class='ocr_carea' id='block_1_84' title="bbox 2167 3999 3798 4078">
    <p class='ocr_par' dir='ltr' id='par_1_84' title="bbox 2167 3999 3798 4078">
     <span class='ocr_line' id='line_1_85' title="bbox 2167 3999 3798 4078; baseline 0.002 -23"><span class='ocrx_word' id='word_1_639' title='bbox 2167 4000 2324 4073; x_wconf 77' lang='grc' dir='ltr'>ὅμως</span> <span class='ocrx_word' id='word_1_640' title='bbox 2365 3999 2674 4077; x_wconf 81' lang='grc' dir='ltr'>ἀναγκαίως</span> <span class='ocrx_word' id='word_1_641' title='bbox 2700 4001 2912 4078; x_wconf 81' lang='grc' dir='ltr'>εἷ’ρηται</span> <span class='ocrx_word' id='word_1_642' title='bbox 2945 4020 2959 4038; x_wconf 79' lang='grc'><strong><em>⁸</em></strong></span> <span class='ocrx_word' id='word_1_643' title='bbox 3010 4005 3148 4078; x_wconf 84' lang='grc' dir='ltr'>πρὸς</span> <span class='ocrx_word' id='word_1_644' title='bbox 3173 4006 3238 4060; x_wconf 81' lang='grc' dir='ltr'>τὸ</span> <span class='ocrx_word' id='word_1_645' title='bbox 3278 4008 3499 4077; x_wconf 79' lang='grc' dir='ltr'>θερμῶς</span> <span class='ocrx_word' id='word_1_646' title='bbox 3549 4006 3798 4062; x_wconf 72' lang='grc' dir='ltr'>αἱνεῖσθαί</span> 
     </span>
    </p>
   </div>
   <div class='ocr_carea' id='block_1_85' title="bbox 2165 4091 3800 4172">
    <p class='ocr_par' dir='ltr' id='par_1_85' title="bbox 2165 4091 3800 4172">
     <span class='ocr_line' id='line_1_86' title="bbox 2165 4091 3800 4172; baseline 0.004 -27"><span class='ocrx_word' id='word_1_647' title='bbox 2165 4112 2226 4146; x_wconf 85' lang='grc' dir='ltr'><strong>σε</strong></span> <span class='ocrx_word' id='word_1_648' title='bbox 2254 4092 2509 4166; x_wconf 78' lang='grc' dir='ltr'>ῥυσθῆναι</span> <span class='ocrx_word' id='word_1_649' title='bbox 2566 4095 2714 4165; x_wconf 78' lang='grc' dir='ltr'>ἡμᾶς</span> <span class='ocrx_word' id='word_1_650' title='bbox 2760 4093 2868 4148; x_wconf 83' lang='grc' dir='ltr'>ἀπὸ</span> <span class='ocrx_word' id='word_1_651' title='bbox 2910 4102 3010 4164; x_wconf 84' lang='grc' dir='ltr'><strong>τῆς</strong></span> <span class='ocrx_word' id='word_1_652' title='bbox 3059 4091 3276 4172; x_wconf 74' lang='grc' dir='ltr'>ἰνίδρας</span> <span class='ocrx_word' id='word_1_653' title='bbox 3323 4099 3420 4151; x_wconf 87' lang='grc' dir='ltr'><strong>τοῦ</strong></span> <span class='ocrx_word' id='word_1_654' title='bbox 3470 4093 3719 4158; x_wconf 83' lang='grc' dir='ltr'>ἀσεϐοῦς.</span> <span class='ocrx_word' id='word_1_655' title='bbox 3749 4097 3800 4152; x_wconf 89' lang='grc' dir='ltr'>Ὁ</span> 
     </span>
    </p>
   </div>
   <div class='ocr_carea' id='block_1_86' title="bbox 2165 4178 3062 4260">
    <p class='ocr_par' dir='ltr' id='par_1_86' title="bbox 2165 4178 3062 4260">
     <span class='ocr_line' id='line_1_87' title="bbox 2165 4178 3062 4260; baseline 0.004 -25"><span class='ocrx_word' id='word_1_656' title='bbox 2165 4178 2402 4255; x_wconf 72' lang='grc' dir='ltr'>ἀδελφός</span> <span class='ocrx_word' id='word_1_657' title='bbox 2434 4202 2531 4236; x_wconf 85' lang='grc' dir='ltr'><strong>σου</strong></span> <span class='ocrx_word' id='word_1_658' title='bbox 2560 4183 2953 4260; x_wconf 80' lang='grc' dir='ltr'>προσαγορεύει</span> <span class='ocrx_word' id='word_1_659' title='bbox 2984 4204 3062 4244; x_wconf 86' lang='grc' dir='ltr'><strong>σε.</strong></span> 
     </span>
    </p>
   </div>
   <div class='ocr_carea' id='block_1_87' title="bbox 399 4262 3798 4345">
    <p class='ocr_par' dir='ltr' id='par_1_87' title="bbox 399 4262 3798 4345">
     <span class='ocr_line' id='line_1_88' title="bbox 399 4262 3798 4345; baseline 0.003 -20"><span class='ocrx_word' id='word_1_660' title='bbox 399 4270 654 4327; x_wconf 88' lang='lat' dir='ltr'><strong>cessario</strong></span> <span class='ocrx_word' id='word_1_661' title='bbox 688 4278 876 4326; x_wconf 89' lang='lat' dir='ltr'><strong>tamen</strong></span> <span class='ocrx_word' id='word_1_662' title='bbox 907 4269 1065 4326; x_wconf 87' lang='lat' dir='ltr'><strong>dicta</strong></span> <span class='ocrx_word' id='word_1_663' title='bbox 1094 4275 1250 4338; x_wconf 89' lang='lat' dir='ltr'><strong>sunt,</strong></span> <span class='ocrx_word' id='word_1_664' title='bbox 1283 4286 1398 4340; x_wconf 89' lang='lat' dir='ltr'><strong>quo</strong></span> <span class='ocrx_word' id='word_1_665' title='bbox 1428 4270 1595 4326; x_wconf 85' lang='lat' dir='ltr'><strong>enixe</strong></span> <span class='ocrx_word' id='word_1_666' title='bbox 1626 4269 1881 4341; x_wconf 86' lang='lat' dir='ltr'><strong>postules</strong></span> <span class='ocrx_word' id='word_1_667' title='bbox 1920 4276 1984 4327; x_wconf 89' lang='lat' dir='ltr'><strong>ut</strong></span> <span class='ocrx_word' id='word_1_668' title='bbox 2030 4273 2101 4329; x_wconf 91' lang='lat' dir='ltr'><strong>ab</strong></span> <span class='ocrx_word' id='word_1_669' title='bbox 2163 4271 2331 4345; x_wconf 86' lang='lat' dir='ltr'><strong>impii</strong></span> <span class='ocrx_word' id='word_1_670' title='bbox 2368 4272 2601 4332; x_wconf 89' lang='lat' dir='ltr'><strong>insidiis</strong></span> <span class='ocrx_word' id='word_1_671' title='bbox 2639 4275 2959 4334; x_wconf 89' lang='lat' dir='ltr'><strong>liberemur.</strong></span> <span class='ocrx_word' id='word_1_672' title='bbox 2995 4262 3191 4335; x_wconf 80' lang='lat' dir='ltr'><strong>Frater</strong></span> <span class='ocrx_word' id='word_1_673' title='bbox 3221 4282 3358 4335; x_wconf 90' lang='lat' dir='ltr'><strong>tuus</strong></span> <span class='ocrx_word' id='word_1_674' title='bbox 3408 4278 3516 4336; x_wconf 86' lang='lat' dir='ltr'><strong>tibi</strong></span> <span class='ocrx_word' id='word_1_675' title='bbox 3568 4280 3798 4337; x_wconf 83' lang='lat' dir='ltr'><strong>salutem</strong></span> 
     </span>
    </p>
   </div>
   <div class='ocr_carea' id='block_1_88' title="bbox 400 4359 565 4417">
    <p class='ocr_par' dir='ltr' id='par_1_88' title="bbox 400 4359 565 4417">
     <span class='ocr_line' id='line_1_89' title="bbox 400 4359 565 4417; baseline -0.012 0"><span class='ocrx_word' id='word_1_676' title='bbox 400 4359 565 4417; x_wconf 89' lang='lat' dir='ltr'><strong>dicit.</strong></span> 
     </span>
    </p>
   </div>
   <div class='ocr_carea' id='block_1_89' title="bbox 958 4502 3249 4583">
    <p class='ocr_par' dir='ltr' id='par_1_89' title="bbox 958 4502 3249 4583">
     <span class='ocr_line' id='line_1_90' title="bbox 958 4502 3249 4583; baseline 0.008 -32"><span class='ocrx_word' id='word_1_677' title='bbox 958 4503 1061 4556; x_wconf 91' lang='lat' dir='ltr'><strong>Pro</strong></span> <span class='ocrx_word' id='word_1_678' title='bbox 1092 4502 1302 4555; x_wconf 89' lang='lat' dir='ltr'><strong>Christo</strong></span> <span class='ocrx_word' id='word_1_679' title='bbox 1337 4507 1601 4556; x_wconf 83' lang='lat' dir='ltr'><strong>certantes</strong></span> <span class='ocrx_word' id='word_1_680' title='bbox 1630 4502 1886 4568; x_wconf 67' lang='lat' dir='ltr'><strong>praedicat</strong></span> <span class='ocrx_word' id='word_1_681' title='bbox 1929 4507 2316 4573; x_wconf 85' lang='lat' dir='ltr'><strong>conﬁrmatque</strong></span> <span class='ocrx_word' id='word_1_682' title='bbox 2347 4514 2617 4576; x_wconf 85' lang='lat' dir='ltr'><strong>proposito</strong></span> <span class='ocrx_word' id='word_1_683' title='bbox 2648 4519 2945 4581; x_wconf 80' lang='lat' dir='ltr'><strong>martyrum</strong></span> <span class='ocrx_word' id='word_1_684' title='bbox 2985 4518 3249 4583; x_wconf 83' lang='lat' dir='ltr'><strong>exemplo.</strong></span> 
     </span>
    </p>
   </div>
   <div class='ocr_carea' id='block_1_90' title="bbox 476 4622 2057 4713">
    <p class='ocr_par' dir='ltr' id='par_1_90' title="bbox 476 4622 2047 4696">
     <span class='ocr_line' id='line_1_91' title="bbox 476 4622 2047 4696; baseline 0.001 -15"><span class='ocrx_word' id='word_1_685' title='bbox 476 4623 669 4682; x_wconf 81' lang='lat' dir='ltr'><strong>LXIV.</strong></span> <span class='ocrx_word' id='word_1_686' title='bbox 703 4622 1003 4679; x_wconf 80' lang='lat' dir='ltr'><strong>Theodorus</strong></span> <span class='ocrx_word' id='word_1_687' title='bbox 1051 4630 1302 4695; x_wconf 82' lang='lat' dir='ltr'><strong>peccator</strong></span> <span class='ocrx_word' id='word_1_688' title='bbox 1343 4622 1668 4690; x_wconf 78' lang='lat' dir='ltr'><strong>monachus,</strong></span> <span class='ocrx_word' id='word_1_689' title='bbox 1698 4625 2047 4696; x_wconf 74' lang='lat' dir='ltr'><strong>spiritalibus</strong></span> 
     </span>
    </p>
   </div>
   <div class='ocr_carea' id='block_1_91' title="bbox 2175 4622 3799 4713">
    <p class='ocr_par' dir='ltr' id='par_1_91' title="bbox 2175 4626 3799 4713">
     <span class='ocr_line' id='line_1_92' title="bbox 2175 4626 3799 4713; baseline 0.009 -31"><span class='ocrx_word' id='word_1_690' title='bbox 2175 4626 2283 4684; x_wconf 72' lang='lat' dir='ltr'><strong>EA&#39;.</strong></span> <span class='ocrx_word' id='word_1_691' title='bbox 2316 4660 2384 4671; x_wconf 88' lang='lat'><strong>-</strong></span> <span class='ocrx_word' id='word_1_692' title='bbox 2412 4626 2756 4706; x_wconf 80' lang='grc' dir='ltr'>Θεόδωρος</span> <span class='ocrx_word' id='word_1_693' title='bbox 2804 4634 2835 4688; x_wconf 85' lang='grc' dir='ltr'><strong>ὁ</strong></span> <span class='ocrx_word' id='word_1_694' title='bbox 2872 4633 3274 4710; x_wconf 81' lang='grc' dir='ltr'>ἁμαρτωλὸς</span> <span class='ocrx_word' id='word_1_695' title='bbox 3318 4637 3646 4713; x_wconf 81' lang='grc' dir='ltr'>μοναχὸς,</span> <span class='ocrx_word' id='word_1_696' title='bbox 3674 4636 3799 4696; x_wconf 80' lang='grc' dir='ltr'>τοῖς</span> 
     </span>
    </p>
   </div>
   <div class='ocr_carea' id='block_1_92' title="bbox 400 4714 2047 4787">
    <p class='ocr_par' dir='ltr' id='par_1_92' title="bbox 400 4714 2047 4787">
     <span class='ocr_line' id='line_1_93' title="bbox 400 4714 2047 4787; baseline -0.001 -15"><span class='ocrx_word' id='word_1_697' title='bbox 400 4718 533 4772; x_wconf 77' lang='lat' dir='ltr'><strong>meis</strong></span> <span class='ocrx_word' id='word_1_698' title='bbox 559 4715 818 4771; x_wconf 78' lang='lat' dir='ltr'><strong>Patrilms</strong></span> <span class='ocrx_word' id='word_1_699' title='bbox 833 4731 898 4770; x_wconf 87' lang='lat' dir='ltr'><strong>ac</strong></span> <span class='ocrx_word' id='word_1_700' title='bbox 906 4714 1181 4783; x_wconf 70' lang='lat' dir='ltr'><strong>fratribus</strong></span> <span class='ocrx_word' id='word_1_701' title='bbox 1201 4716 1296 4787; x_wconf 79' lang='lat' dir='ltr'><strong>qui</strong></span> <span class='ocrx_word' id='word_1_702' title='bbox 1314 4716 1552 4783; x_wconf 74' lang='lat' dir='ltr'><strong>confessi</strong></span> <span class='ocrx_word' id='word_1_703' title='bbox 1567 4724 1718 4776; x_wconf 71' lang='lat' dir='ltr'><strong>sunt.</strong></span> <span class='ocrx_word' id='word_1_704' title='bbox 1734 4716 2047 4772; x_wconf 80' lang='lat' dir='ltr'><strong>decertant-</strong></span> 
     </span>
    </p>
   </div>
   <div class='ocr_carea' id='block_1_93' title="bbox 402 4801 2045 4877">
    <p class='ocr_par' dir='ltr' id='par_1_93' title="bbox 402 4801 2045 4877">
     <span class='ocr_line' id='line_1_94' title="bbox 402 4801 2045 4877; baseline 0.001 -16"><span class='ocrx_word' id='word_1_705' title='bbox 402 4821 509 4877; x_wconf 82' lang='lat' dir='ltr'><strong>que</strong></span> <span class='ocrx_word' id='word_1_706' title='bbox 565 4806 628 4859; x_wconf 80' lang='lat' dir='ltr'><strong>in</strong></span> <span class='ocrx_word' id='word_1_707' title='bbox 674 4803 1027 4861; x_wconf 78' lang='lat' dir='ltr'><strong>carceribus:</strong></span> <span class='ocrx_word' id='word_1_708' title='bbox 1061 4820 1298 4874; x_wconf 76' lang='lat' dir='ltr'><strong>quorum</strong></span> <span class='ocrx_word' id='word_1_709' title='bbox 1343 4805 1581 4861; x_wconf 75' lang='lat' dir='ltr'><strong>nomina</strong></span> <span class='ocrx_word' id='word_1_710' title='bbox 1625 4808 1754 4859; x_wconf 70' lang='lat' dir='ltr'><strong>sunt</strong></span> <span class='ocrx_word' id='word_1_711' title='bbox 1800 4801 1861 4860; x_wconf 77' lang='lat' dir='ltr'><strong>in</strong></span> <span class='ocrx_word' id='word_1_712' title='bbox 1906 4806 2045 4863; x_wconf 80' lang='lat' dir='ltr'><strong>libro</strong></span> 
     </span>
    </p>
   </div>
   <div class='ocr_carea' id='block_1_94' title="bbox 402 4896 553 4951">
    <p class='ocr_par' dir='ltr' id='par_1_94' title="bbox 402 4896 553 4951">
     <span class='ocr_line' id='line_1_95' title="bbox 402 4896 553 4951; baseline -0.02 -2"><span class='ocrx_word' id='word_1_713' title='bbox 402 4896 553 4951; x_wconf 71' lang='lat' dir='ltr'><strong>vitae.</strong></span> 
     </span>
    </p>
   </div>
   <div class='ocr_carea' id='block_1_95' title="bbox 474 4998 2051 5072">
    <p class='ocr_par' dir='ltr' id='par_1_95' title="bbox 474 4998 2051 5072">
     <span class='ocr_line' id='line_1_96' title="bbox 474 4998 2051 5072; baseline -0.001 -16"><span class='ocrx_word' id='word_1_714' title='bbox 474 5000 583 5056; x_wconf 92' lang='lat' dir='ltr'><strong>Ubi</strong></span> <span class='ocrx_word' id='word_1_715' title='bbox 616 4999 834 5072; x_wconf 88' lang='lat' dir='ltr'><strong>accepi,</strong></span> <span class='ocrx_word' id='word_1_716' title='bbox 866 5014 898 5056; x_wconf 91' lang='grc' dir='ltr'><strong>ο</strong></span> <span class='ocrx_word' id='word_1_717' title='bbox 938 4998 1448 5069; x_wconf 86' lang='lat' dir='ltr'><strong>desideratissimi,</strong></span> <span class='ocrx_word' id='word_1_718' title='bbox 1480 5001 1885 5057; x_wconf 87' lang='lat' dir='ltr'><strong>testimonium</strong></span> <span class='ocrx_word' id='word_1_719' title='bbox 1925 5002 2051 5057; x_wconf 80' lang='lat' dir='ltr'><strong>exi-</strong></span> 
     </span>
    </p>
   </div>
   <div class='ocr_carea' id='block_1_96' title="bbox 406 5090 2053 5163">
    <p class='ocr_par' dir='ltr' id='par_1_96' title="bbox 406 5090 2053 5163">
     <span class='ocr_line' id='line_1_97' title="bbox 406 5090 2053 5163; baseline 0 -16"><span class='ocrx_word' id='word_1_720' title='bbox 406 5091 536 5147; x_wconf 66' lang='lat' dir='ltr'><strong>mia:</strong></span> <span class='ocrx_word' id='word_1_721' title='bbox 565 5096 767 5147; x_wconf 67' lang='lat' dir='ltr'><strong>vestras</strong></span> <span class='ocrx_word' id='word_1_722' title='bbox 818 5090 1201 5146; x_wconf 80' lang='lat' dir='ltr'><strong>confessionis</strong></span> <span class='ocrx_word' id='word_1_723' title='bbox 1250 5106 1351 5163; x_wconf 89' lang='lat' dir='ltr'><strong>pro</strong></span> <span class='ocrx_word' id='word_1_724' title='bbox 1412 5090 1687 5159; x_wconf 81' lang='lat' dir='ltr'><strong>Christo;</strong></span> <span class='ocrx_word' id='word_1_725' title='bbox 1739 5092 1798 5146; x_wconf 90' lang='lat' dir='ltr'><strong>in</strong></span> <span class='ocrx_word' id='word_1_726' title='bbox 1848 5090 2053 5147; x_wconf 85' lang='lat' dir='ltr'><strong>laudes</strong></span> 
     </span>
    </p>
   </div>
   <div class='ocr_carea' id='block_1_97' title="bbox 403 5178 2055 5252">
    <p class='ocr_par' dir='ltr' id='par_1_97' title="bbox 403 5178 2055 5252">
     <span class='ocr_line' id='line_1_98' title="bbox 403 5178 2055 5252; baseline -0.001 -16"><span class='ocrx_word' id='word_1_727' title='bbox 403 5179 567 5249; x_wconf 87' lang='lat' dir='ltr'><strong>erupi</strong></span> <span class='ocrx_word' id='word_1_728' title='bbox 601 5194 616 5236; x_wconf 89' lang='lat'><strong>:</strong></span> <span class='ocrx_word' id='word_1_729' title='bbox 645 5178 961 5247; x_wconf 70' lang='lat' dir='ltr'><strong>glorificavi</strong></span> <span class='ocrx_word' id='word_1_730' title='bbox 996 5179 1179 5235; x_wconf 89' lang='lat' dir='ltr'><strong>Deum</strong></span> <span class='ocrx_word' id='word_1_731' title='bbox 1214 5182 1314 5252; x_wconf 91' lang='lat' dir='ltr'><strong>qui</strong></span> <span class='ocrx_word' id='word_1_732' title='bbox 1348 5196 1448 5235; x_wconf 92' lang='lat' dir='ltr'><strong>vos</strong></span> <span class='ocrx_word' id='word_1_733' title='bbox 1497 5196 1565 5235; x_wconf 87' lang='lat' dir='ltr'><strong>ex</strong></span> <span class='ocrx_word' id='word_1_734' title='bbox 1616 5180 1920 5251; x_wconf 84' lang='lat' dir='ltr'><strong>peregrina</strong></span> <span class='ocrx_word' id='word_1_735' title='bbox 1976 5194 2055 5235; x_wconf 85' lang='lat' dir='ltr'><strong>re-</strong></span> 
     </span>
    </p>
   </div>
   <div class='ocr_carea' id='block_1_98' title="bbox 2228 4720 3797 4803">
    <p class='ocr_par' dir='ltr' id='par_1_98' title="bbox 2228 4720 3797 4803">
     <span class='ocr_line' id='line_1_99' title="bbox 2228 4720 3797 4803; baseline 0.01 -31"><span class='ocrx_word' id='word_1_736' title='bbox 2228 4726 2723 4792; x_wconf 80' lang='grc' dir='ltr'>πνευματικοῖς</span> <span class='ocrx_word' id='word_1_737' title='bbox 2773 4742 2899 4796; x_wconf 88' lang='grc' dir='ltr'><strong>μου</strong></span> <span class='ocrx_word' id='word_1_738' title='bbox 2950 4726 3243 4797; x_wconf 81' lang='grc' dir='ltr'>Πατράσι</span> <span class='ocrx_word' id='word_1_739' title='bbox 3299 4726 3410 4780; x_wconf 80' lang='grc' dir='ltr'><strong>καί</strong></span> <span class='ocrx_word' id='word_1_740' title='bbox 3466 4720 3797 4803; x_wconf 72' lang='grc' dir='ltr'>ἀδελφοῖς,</span> 
     </span>
    </p>
   </div>
   <div class='ocr_carea' id='block_1_99' title="bbox 2230 4803 3798 4889">
    <p class='ocr_par' dir='ltr' id='par_1_99' title="bbox 2230 4803 3798 4889">
     <span class='ocr_line' id='line_1_100' title="bbox 2230 4803 3798 4889; baseline 0.01 -28"><span class='ocrx_word' id='word_1_741' title='bbox 2230 4803 2735 4885; x_wconf 74' lang='grc' dir='ltr'>ὀμολογήσασι,</span> <span class='ocrx_word' id='word_1_742' title='bbox 2765 4812 2879 4868; x_wconf 79' lang='grc' dir='ltr'><strong>καὶ</strong></span> <span class='ocrx_word' id='word_1_743' title='bbox 2916 4812 3317 4870; x_wconf 83' lang='grc' dir='ltr'>ἐναλθοῦσιν</span> <span class='ocrx_word' id='word_1_744' title='bbox 3354 4813 3416 4869; x_wconf 81' lang='grc' dir='ltr'>ἐν</span> <span class='ocrx_word' id='word_1_745' title='bbox 3456 4813 3798 4889; x_wconf 78' lang='grc' dir='ltr'>εἰρκταϊς’</span> 
     </span>
    </p>
   </div>
   <div class='ocr_carea' id='block_1_100' title="bbox 2233 4894 3602 4979">
    <p class='ocr_par' dir='ltr' id='par_1_100' title="bbox 2233 4894 3602 4979">
     <span class='ocr_line' id='line_1_101' title="bbox 2233 4894 3602 4979; baseline 0.009 -30"><span class='ocrx_word' id='word_1_746' title='bbox 2233 4894 2317 4950; x_wconf 83' lang='grc' dir='ltr'>ὧν</span> <span class='ocrx_word' id='word_1_747' title='bbox 2356 4897 2433 4951; x_wconf 80' lang='grc' dir='ltr'><strong>τὰ</strong></span> <span class='ocrx_word' id='word_1_748' title='bbox 2472 4899 2770 4974; x_wconf 82' lang='grc' dir='ltr'>ὀνόματα</span> <span class='ocrx_word' id='word_1_749' title='bbox 2808 4900 2873 4956; x_wconf 81' lang='grc' dir='ltr'>ἐν</span> <span class='ocrx_word' id='word_1_750' title='bbox 2915 4897 3133 4977; x_wconf 79' lang='grc' dir='ltr'>βίϐλῳ</span> <span class='ocrx_word' id='word_1_751' title='bbox 3173 4908 3367 4973; x_wconf 77' lang='grc' dir='ltr'>ζωῆς.</span> <span class='ocrx_word' id='word_1_752' title='bbox 3404 4900 3602 4979; x_wconf 79' lang='grc' dir='ltr'>[υλη’.]</span> 
     </span>
    </p>
   </div>
   <div class='ocr_carea' id='block_1_101' title="bbox 2234 4988 3797 5067">
    <p class='ocr_par' dir='ltr' id='par_1_101' title="bbox 2234 4988 3797 5067">
     <span class='ocr_line' id='line_1_102' title="bbox 2234 4988 3797 5067; baseline 0.003 -23"><span class='ocrx_word' id='word_1_753' title='bbox 2234 4988 2543 5058; x_wconf 85' lang='grc' dir='ltr'>Ἀκηκοὼς,</span> <span class='ocrx_word' id='word_1_754' title='bbox 2577 4989 2623 5043; x_wconf 83' lang='grc' dir='ltr'><strong>ὧ</strong></span> <span class='ocrx_word' id='word_1_755' title='bbox 2665 4991 3012 5066; x_wconf 84' lang='grc' dir='ltr'>τριπόθητοι,</span> <span class='ocrx_word' id='word_1_756' title='bbox 3043 4993 3109 5048; x_wconf 86' lang='grc' dir='ltr'>τὸ</span> <span class='ocrx_word' id='word_1_757' title='bbox 3161 4990 3456 5067; x_wconf 85' lang='grc' dir='ltr'>μαρτύριον</span> <span class='ocrx_word' id='word_1_758' title='bbox 3497 5000 3603 5063; x_wconf 76' lang='grc' dir='ltr'><strong>τῆς</strong></span> <span class='ocrx_word' id='word_1_759' title='bbox 3634 4991 3797 5060; x_wconf 72' lang='grc' dir='ltr'>καλῆς</span> 
     </span>
    </p>
   </div>
   <div class='ocr_carea' id='block_1_102' title="bbox 2165 5076 3799 5157">
    <p class='ocr_par' dir='ltr' id='par_1_102' title="bbox 2165 5076 3799 5157">
     <span class='ocr_line' id='line_1_103' title="bbox 2165 5076 3799 5157; baseline 0.001 -26"><span class='ocrx_word' id='word_1_760' title='bbox 2165 5076 2323 5150; x_wconf 62' lang='lat' dir='ltr'><strong>epam</strong></span> <span class='ocrx_word' id='word_1_761' title='bbox 2378 5076 2686 5156; x_wconf 82' lang='grc' dir='ltr'>ὁμολογίας</span> <span class='ocrx_word' id='word_1_762' title='bbox 2751 5081 2883 5154; x_wconf 66' lang='grc' dir='ltr'>ὑπερ</span> <span class='ocrx_word' id='word_1_763' title='bbox 2944 5085 3203 5157; x_wconf 78' lang='grc' dir='ltr'>Χριστοῦ,</span> <span class='ocrx_word' id='word_1_764' title='bbox 3264 5080 3528 5157; x_wconf 74' lang='grc' dir='ltr'>ὕμνησαο</span> <span class='ocrx_word' id='word_1_765' title='bbox 3591 5079 3799 5151; x_wconf 77' lang='grc' dir='ltr'>ἐδόξασα</span> 
     </span>
    </p>
   </div>
   <div class='ocr_carea' id='block_1_103' title="bbox 2160 5167 3795 5244">
    <p class='ocr_par' dir='ltr' id='par_1_103' title="bbox 2160 5167 3795 5244">
     <span class='ocr_line' id='line_1_104' title="bbox 2160 5167 3795 5244; baseline 0.005 -22"><span class='ocrx_word' id='word_1_766' title='bbox 2160 5167 2255 5222; x_wconf 82' lang='grc' dir='ltr'>τὸν</span> <span class='ocrx_word' id='word_1_767' title='bbox 2285 5167 2415 5223; x_wconf 82' lang='grc' dir='ltr'>Θεὸν</span> <span class='ocrx_word' id='word_1_768' title='bbox 2451 5168 2543 5224; x_wconf 79' lang='grc' dir='ltr'>τὸν</span> <span class='ocrx_word' id='word_1_769' title='bbox 2593 5168 2891 5227; x_wconf 67' lang='grc' dir='ltr'>καλέσαντα</span> <span class='ocrx_word' id='word_1_770' title='bbox 2939 5170 3082 5244; x_wconf 74' lang='grc' dir='ltr'>ὑμᾶς</span> <span class='ocrx_word' id='word_1_771' title='bbox 3124 5170 3184 5228; x_wconf 74' lang='grc' dir='ltr'>ἔκ</span> <span class='ocrx_word' id='word_1_772' title='bbox 3229 5179 3330 5242; x_wconf 74' lang='grc' dir='ltr'>τῆς</span> <span class='ocrx_word' id='word_1_773' title='bbox 3380 5168 3707 5241; x_wconf 75' lang='grc' dir='ltr'>ἀλλοδαπῆς</span> <span class='ocrx_word' id='word_1_774' title='bbox 3750 5167 3795 5223; x_wconf 69' lang='grc' dir='ltr'>ἓν</span> 
     </span>
    </p>
   </div>
   <div class='ocr_carea' id='block_1_104' title="bbox 404 5254 2057 5340">
    <p class='ocr_par' dir='ltr' id='par_1_104' title="bbox 404 5268 2057 5340">
     <span class='ocr_line' id='line_1_105' title="bbox 404 5268 2057 5340; baseline 0.001 -18"><span class='ocrx_word' id='word_1_775' title='bbox 404 5268 576 5339; x_wconf 80' lang='lat' dir='ltr'><strong>gione</strong></span> <span class='ocrx_word' id='word_1_776' title='bbox 607 5270 665 5323; x_wconf 90' lang='lat' dir='ltr'><strong>in</strong></span> <span class='ocrx_word' id='word_1_777' title='bbox 698 5270 909 5339; x_wconf 80' lang='lat' dir='ltr'><strong>regiam</strong></span> <span class='ocrx_word' id='word_1_778' title='bbox 945 5269 1240 5324; x_wconf 85' lang='lat' dir='ltr'><strong>civitatem</strong></span> <span class='ocrx_word' id='word_1_779' title='bbox 1293 5269 1536 5337; x_wconf 89' lang='lat' dir='ltr'><strong>vocavit,</strong></span> <span class='ocrx_word' id='word_1_780' title='bbox 1581 5276 1861 5340; x_wconf 88' lang='lat' dir='ltr'><strong>tanquam</strong></span> <span class='ocrx_word' id='word_1_781' title='bbox 1921 5282 2057 5324; x_wconf 88' lang='lat' dir='ltr'><strong>oves</strong></span> 
     </span>
    </p>
   </div>
   <div class='ocr_carea' id='block_1_105' title="bbox 2175 5254 3797 5340">
    <p class='ocr_par' dir='ltr' id='par_1_105' title="bbox 2175 5254 3797 5339">
     <span class='ocr_line' id='line_1_106' title="bbox 2175 5254 3797 5339; baseline -0.002 -24"><span class='ocrx_word' id='word_1_782' title='bbox 2175 5260 2234 5333; x_wconf 76' lang='grc' dir='ltr'><strong>τῇ</strong></span> <span class='ocrx_word' id='word_1_783' title='bbox 2272 5254 2514 5335; x_wconf 78' lang='grc' dir='ltr'>βασιλίδι</span> <span class='ocrx_word' id='word_1_784' title='bbox 2546 5266 2658 5318; x_wconf 81' lang='grc' dir='ltr'><strong>τῶν</strong></span> <span class='ocrx_word' id='word_1_785' title='bbox 2687 5259 2928 5331; x_wconf 84' lang='grc' dir='ltr'>πόλεων,</span> <span class='ocrx_word' id='word_1_786' title='bbox 2962 5262 3131 5317; x_wconf 73' lang='grc' dir='ltr'>οἱονεί</span> <span class='ocrx_word' id='word_1_787' title='bbox 3161 5260 3324 5339; x_wconf 76' lang='grc' dir='ltr'>ἄρνας</span> <span class='ocrx_word' id='word_1_788' title='bbox 3361 5261 3640 5339; x_wconf 77' lang='grc' dir='ltr'>λῦτικοὺς,</span> <span class='ocrx_word' id='word_1_789' title='bbox 3674 5262 3797 5331; x_wconf 76' lang='grc' dir='ltr'>αἷμα</span> 
     </span>
    </p>
   </div>
   <div class='ocr_carea' id='block_1_106' title="bbox 405 5344 2057 5433">
    <p class='ocr_par' dir='ltr' id='par_1_106' title="bbox 405 5357 2054 5430">
     <span class='ocr_line' id='line_1_107' title="bbox 405 5357 2054 5430; baseline 0 -17"><span class='ocrx_word' id='word_1_790' title='bbox 405 5358 824 5422; x_wconf 85' lang='lat' dir='ltr'><strong>rationales,ad</strong></span> <span class='ocrx_word' id='word_1_791' title='bbox 852 5358 1321 5430; x_wconf 83' lang='lat' dir='ltr'><strong>profundendum</strong></span> <span class='ocrx_word' id='word_1_792' title='bbox 1348 5358 1693 5429; x_wconf 87' lang='lat' dir='ltr'><strong>sanguinem</strong></span> <span class='ocrx_word' id='word_1_793' title='bbox 1724 5357 1782 5412; x_wconf 89' lang='lat' dir='ltr'><strong>in</strong></span> <span class='ocrx_word' id='word_1_794' title='bbox 1816 5358 2054 5415; x_wconf 89' lang='lat' dir='ltr'><strong>odorem</strong></span> 
     </span>
    </p>
   </div>
   <div class='ocr_carea' id='block_1_107' title="bbox 2175 5344 3797 5433">
    <p class='ocr_par' dir='ltr' id='par_1_107' title="bbox 2175 5344 3797 5433">
     <span class='ocr_line' id='line_1_108' title="bbox 2175 5344 3797 5433; baseline -0.002 -28"><span class='ocrx_word' id='word_1_795' title='bbox 2175 5354 2391 5406; x_wconf 74' lang='grc' dir='ltr'>κενῶσαι</span> <span class='ocrx_word' id='word_1_796' title='bbox 2425 5350 2503 5415; x_wconf 81' lang='grc' dir='ltr'><strong>εἷς</strong></span> <span class='ocrx_word' id='word_1_797' title='bbox 2534 5351 2712 5426; x_wconf 77' lang='grc' dir='ltr'>ὀσμὴν</span> <span class='ocrx_word' id='word_1_798' title='bbox 2746 5344 2973 5416; x_wconf 77' lang='grc' dir='ltr'>εὐωδίας</span> <span class='ocrx_word' id='word_1_799' title='bbox 3022 5353 3169 5426; x_wconf 81' lang='grc' dir='ltr'>αὐτῷ</span> <span class='ocrx_word' id='word_1_800' title='bbox 3203 5371 3218 5387; x_wconf 78' lang='grc' dir='ltr'><strong>ο</strong></span> <span class='ocrx_word' id='word_1_801' title='bbox 3250 5357 3365 5433; x_wconf 72' lang='grc' dir='ltr'><strong>φῶς</strong></span> <span class='ocrx_word' id='word_1_802' title='bbox 3393 5357 3499 5409; x_wconf 81' lang='grc' dir='ltr'><strong>τῶν</strong></span> <span class='ocrx_word' id='word_1_803' title='bbox 3544 5350 3598 5408; x_wconf 74' lang='grc' dir='ltr'>ἐν</span> <span class='ocrx_word' id='word_1_804' title='bbox 3630 5351 3797 5407; x_wconf 83' lang='grc' dir='ltr'>σκότει</span> 
     </span>
    </p>
   </div>
   <div class='ocr_carea' id='block_1_108' title="bbox 403 5438 2057 5520">
    <p class='ocr_par' dir='ltr' id='par_1_108' title="bbox 403 5446 2057 5520">
     <span class='ocr_line' id='line_1_109' title="bbox 403 5446 2057 5520; baseline -0.001 -15"><span class='ocrx_word' id='word_1_805' title='bbox 403 5449 713 5505; x_wconf 88' lang='lat' dir='ltr'><strong>suavitatis</strong></span> <span class='ocrx_word' id='word_1_806' title='bbox 745 5448 856 5519; x_wconf 88' lang='lat' dir='ltr'><strong>ipsi</strong></span> <span class='ocrx_word' id='word_1_807' title='bbox 890 5463 905 5504; x_wconf 87' lang='lat'><strong>:</strong></span> <span class='ocrx_word' id='word_1_808' title='bbox 942 5455 1219 5519; x_wconf 87' lang='lat' dir='ltr'><strong>tanquam</strong></span> <span class='ocrx_word' id='word_1_809' title='bbox 1250 5447 1435 5503; x_wconf 91' lang='lat' dir='ltr'><strong>lucem</strong></span> <span class='ocrx_word' id='word_1_810' title='bbox 1470 5460 1667 5504; x_wconf 83' lang='lat' dir='ltr'><strong>eorum</strong></span> <span class='ocrx_word' id='word_1_811' title='bbox 1702 5446 1799 5520; x_wconf 86' lang='lat' dir='ltr'><strong>qui</strong></span> <span class='ocrx_word' id='word_1_812' title='bbox 1824 5448 1879 5502; x_wconf 89' lang='lat' dir='ltr'><strong>ln</strong></span> <span class='ocrx_word' id='word_1_813' title='bbox 1904 5453 2057 5504; x_wconf 79' lang='lat' dir='ltr'><strong>tene-</strong></span> 
     </span>
    </p>
   </div>
   <div class='ocr_carea' id='block_1_109' title="bbox 2175 5438 3798 5520">
    <p class='ocr_par' dir='ltr' id='par_1_109' title="bbox 2175 5438 3798 5519">
     <span class='ocr_line' id='line_1_110' title="bbox 2175 5438 3798 5519; baseline -0.003 -20"><span class='ocrx_word' id='word_1_814' title='bbox 2175 5448 2265 5512; x_wconf 74' lang='grc' dir='ltr'>τῆς</span> <span class='ocrx_word' id='word_1_815' title='bbox 2322 5443 2603 5518; x_wconf 79' lang='grc' dir='ltr'>αίρετικῆς</span> <span class='ocrx_word' id='word_1_816' title='bbox 2655 5442 3051 5519; x_wconf 73' lang='grc' dir='ltr'>νυκτομαχίαις.</span> <span class='ocrx_word' id='word_1_817' title='bbox 3110 5443 3245 5500; x_wconf 76' lang='grc' dir='ltr'>Εἶτα</span> <span class='ocrx_word' id='word_1_818' title='bbox 3302 5441 3563 5517; x_wconf 68' lang='grc' dir='ltr'>ἐπιθυμίᾳ</span> <span class='ocrx_word' id='word_1_819' title='bbox 3618 5438 3798 5497; x_wconf 55' lang='lat' dir='ltr'><strong>tmte.</strong></span> 
     </span>
    </p>
   </div>
   <div class='ocr_carea' id='block_1_110' title="bbox 399 5530 2057 5610">
    <p class='ocr_par' dir='ltr' id='par_1_110' title="bbox 399 5536 2057 5610">
     <span class='ocr_line' id='line_1_111' title="bbox 399 5536 2057 5610; baseline -0.001 -13"><span class='ocrx_word' id='word_1_820' title='bbox 399 5537 523 5597; x_wconf 85' lang='lat' dir='ltr'><strong>bris</strong></span> <span class='ocrx_word' id='word_1_821' title='bbox 554 5537 833 5594; x_wconf 86' lang='lat' dir='ltr'><strong>dimicant</strong></span> <span class='ocrx_word' id='word_1_822' title='bbox 854 5536 1138 5595; x_wconf 60' lang='lat' dir='ltr'><strong>haeretica;</strong></span> <span class='ocrx_word' id='word_1_823' title='bbox 1157 5536 1424 5610; x_wconf 78' lang='lat' dir='ltr'><strong>caliginis</strong></span> <span class='ocrx_word' id='word_1_824' title='bbox 1448 5536 1461 5593; x_wconf 90' lang='lat' dir='ltr'><strong>l</strong></span> <span class='ocrx_word' id='word_1_825' title='bbox 1489 5536 1825 5596; x_wconf 87' lang='lat' dir='ltr'><strong>Incredibili</strong></span> <span class='ocrx_word' id='word_1_826' title='bbox 1849 5537 2057 5596; x_wconf 90' lang='lat' dir='ltr'><strong>deinde</strong></span> 
     </span>
    </p>
   </div>
   <div class='ocr_carea' id='block_1_111' title="bbox 2175 5530 3797 5610">
    <p class='ocr_par' dir='ltr' id='par_1_111' title="bbox 2175 5530 3797 5608">
     <span class='ocr_line' id='line_1_112' title="bbox 2175 5530 3797 5608; baseline -0.002 -20"><span class='ocrx_word' id='word_1_827' title='bbox 2175 5552 2320 5608; x_wconf 81' lang='grc' dir='ltr'>μησα</span> <span class='ocrx_word' id='word_1_828' title='bbox 2351 5534 2381 5588; x_wconf 83' lang='grc' dir='ltr'><strong>ό</strong></span> <span class='ocrx_word' id='word_1_829' title='bbox 2411 5533 2662 5595; x_wconf 78' lang='grc' dir='ltr'>ταπεινὸς</span> <span class='ocrx_word' id='word_1_830' title='bbox 2694 5530 2826 5589; x_wconf 84' lang='grc' dir='ltr'>ίδεῖν</span> <span class='ocrx_word' id='word_1_831' title='bbox 2876 5531 3018 5607; x_wconf 74' lang='grc' dir='ltr'>ὑμᾶς</span> <span class='ocrx_word' id='word_1_832' title='bbox 3045 5532 3173 5596; x_wconf 77' lang='grc' dir='ltr'>τοὺς</span> <span class='ocrx_word' id='word_1_833' title='bbox 3220 5531 3484 5605; x_wconf 77' lang='grc' dir='ltr'>ἀθλητὰς,</span> <span class='ocrx_word' id='word_1_834' title='bbox 3512 5530 3605 5588; x_wconf 72' lang='grc' dir='ltr'><strong>καὶ</strong></span> <span class='ocrx_word' id='word_1_835' title='bbox 3652 5547 3797 5605; x_wconf 80' lang='grc' dir='ltr'>περι-</span> 
     </span>
    </p>
   </div>
   <div class='ocr_carea' id='block_1_112' title="bbox 470 5723 968 5789">
    <p class='ocr_par' dir='ltr' id='par_1_112' title="bbox 470 5723 968 5789">
     <span class='ocr_line' id='line_1_113' title="bbox 470 5723 968 5789; baseline -0.014 -3"><span class='ocrx_word' id='word_1_836' title='bbox 470 5727 515 5763; x_wconf 79' lang='grc'>⁷⁸</span> <span class='ocrx_word' id='word_1_837' title='bbox 543 5723 750 5785; x_wconf 87' lang='lat' dir='ltr'><strong>Matth.</strong></span> <span class='ocrx_word' id='word_1_838' title='bbox 782 5741 882 5789; x_wconf 83' lang='lat' dir='ltr'><strong>v11,</strong></span> <span class='ocrx_word' id='word_1_839' title='bbox 915 5726 968 5780; x_wconf 89' lang='grc'><strong>6.</strong></span> 
     </span>
    </p>
   </div>
  </div>
