4062 6280
262 348 419 422 ηδε

1522 336 2077 419 EPISTOLARUM
2124 336 2271 416 Lis.
2320 332 2399 416 li.

3510 360 3667 424 1286

255 494 554 567 πτύξασθαι
599 489 692 548 ἕνα
740 493 857 548 καθ’
902 489 1014 560 ἵνα,
1064 491 1219 559 πόθῳ
1269 487 1515 562 διαπύρῳ
1560 487 1855 561 ἑλκόμενος
1885 529 1935 556 ,ί

2049 488 2329 556 upiditate
2359 486 2547 543 exarsi
2563 502 2667 559 ego
2700 488 3077 556 humilis,vos
3100 489 3354 548 athletas
3374 492 3663 565 intuendi,

260 583 425 641 Ἀλλ’
463 579 653 651 ἔπειδή
702 586 863 637 τοῦτο
924 582 1252 655 σωματικῶς
1313 576 1611 633 ἀδύνατον·
1674 576 1764 633 διὰ
1818 580 1915 632 τοῦ

259 673 587 749 γράμματος
638 669 920 746 ἀρπαγεὶς,
970 669 1058 724 καὶ
1113 669 1273 743 μέσος
1307 668 1501 735 ἑστὼς,
1550 667 1640 723 καὶ
1680 669 1916 737 ἀσπάζο-

271 784 371 837 μαι
398 762 466 816 τὰ
496 763 625 836 ἅγια
667 760 819 833 ὑμῶν
850 761 1006 836 ἱχνη,
1037 760 1129 815 καὶ
1166 757 1313 838 φιλῶ
1345 756 1622 837 φλιήματι
1672 757 1813 832 ἁγίῳ
1843 757 1919 810 πὶ

266 851 391 926 ἱερά
424 852 575 923 ὑμῶν
619 849 924 925 πρόσωπα.
982 849 1044 903 Ὠ
1089 845 1251 902 καλοὶ
1286 850 1609 921 στρατιῶται
1652 849 1917 919 Χριστοῦ,

272 940 348 1002 ὡς
378 940 469 995 ἀπ’
528 938 786 1012 οὐρανίου
836 936 1229 1014 στρατολογίας
1276 934 1646 1007 κεκλημένου
1680 935 1724 989 ὦ
1771 933 1920 989 ἀστέ-

272 1049 361 1105 ρες
414 1029 621 1107 φαεινοὶ
667 1026 717 1082 ἐν
767 1027 918 1082 νυκτὶ
965 1022 1207 1088 ἀσεϐείας
1259 1022 1639 1101 διαυγάζοντες
1689 1020 1920 1099 ὁρθοδο-

272 1118 420 1190 ξίανι
486 1117 620 1191 ὑπὶρ
677 1116 902 1194 χρυσίον
980 1114 1435 1190 τιμαλφέστεροι,
1518 1114 1650 1187 ὑπὲρ
1718 1113 1922 1187 σμάρα-

267 1206 397 1285 γδον
454 1208 541 1263 καὶ
605 1208 883 1282 μάργαρον
946 1203 1423 1280 ἐκλαμπρότεροιί
1488 1201 1730 1265 Πολλοῖς
1782 1203 1922 1276 ὑμᾶς

269 1297 505 1372 ὂνὸμασι
546 1296 895 1375 καταστέφειν
947 1294 1252 1371 ἀξιολόγως
1301 1294 1605 1372 ἐφήμενος,
1639 1293 1703 1347 οὐ
1752 1309 1924 1366 παρα-

280 1394 579 1466 χωροῦμαι
605 1394 683 1461 τῷ
718 1389 899 1463 μέτρῳ
926 1389 1024 1459 τῆς
1054 1386 1353 1455 ἐπιπολῆς
1386 1384 1923 1460 στενοχωρούμενος.

896 1482 921 1492 -
1280 1477 1291 1493 .
1452 1473 1461 1491 .
1722 1472 1736 1489 ο

273 1478 386 1537 Ἐνί
439 1476 495 1534 δὲ
544 1477 699 1554 λόγῳ
746 1479 808 1533 τὸ
851 1499 955 1533 παν
1025 1471 1341 1551 περιλαϐων
1402 1475 1658 1551 λεγοιμι·
1720 1494 1802 1529 οτι
1862 1470 1925 1528 τδ

279 1568 579 1644 μαρτύριον
644 1568 795 1640 ὑμῶν
858 1566 1164 1621 ἰσοστάσιον
1219 1570 1335 1627 τοῖς
1385 1564 1497 1619 ἄνω
1556 1562 1924 1639 μαρτυρίοιςυ

276 1658 502 1734 ἰπείπερ
555 1656 851 1732 τηλαυγῶς
909 1655 1136 1731 Χριστὸν
1198 1652 1470 1728 ὁμολογεῖ
1517 1654 1545 1707 ὁ
1591 1654 1690 1721 τὴν
1748 1651 1929 1707 εἰκόνα

278 1750 523 1817 Χριστοῦ
572 1746 863 1821 ὁμολογῶν
912 1742 1206 1833 δέχεσθαι·
1257 1744 1331 1808 ὡς
1377 1742 1482 1833 καὶ-
1516 1744 1577 1833 τὸ
1617 1749 1718 1833 τῆς
1766 1742 1929 1833 ἀργή-
1960 1766 2007 1833 Β

280 1857 416 1898 σεως
446 1832 601 1910 ἔχει.
634 1840 693 1890 Ἡ
733 1834 835 1909 γὰρ
879 1839 979 1902 τῆς
1030 1832 1239 1895 εἰκόνος
1279 1832 1416 1904 τιμή
1467 1830 1555 1886 ἐπὶ
1601 1831 1663 1885 τὸ
1711 1830 1929 1904 πρωτό-

276 1946 448 1981 τυπον
489 1920 783 1992 ἀναϐαίνει,
828 1923 903 1985 ὡς
935 1924 963 1977 6
1008 1922 1173 1998 μέγας
1217 1920 1498 1983 Βασίλειος
1547 1915 1684 1998 ἔφη·
1736 1918 1826 1975 καὶ
1870 1919 1931 1973 τὸ

278 2014 591 2090 ἀρχέτυπον
621 2011 673 2068 ἐν
714 2016 782 2083 τῇ
838 2010 1009 2067 έῖκόνι
1070 2010 1403 2088 ἐκφαίνεται,
1461 2009 1535 2072 ὡς
1595 2010 1745 2071 αὖθις
1798 2017 1931 2064 Διο-

279 2104 462 2164 νύσιος
504 2104 532 2156 ὁ
574 2104 848 2179 πάνσοφος
898 2102 1054 2157 εἶπε.
1111 2100 1208 2154 Καὶ
1254 2098 1369 2154 ἐπεὶ
1428 2098 1663 2173 Χριστὸς
1722 2097 1934 2172 ἄνθρω-

286 2212 389 2253 πος
434 2192 669 2258 τέλειος,
731 2188 899 2264 μηδὲν
954 2187 1293 2250 ἐκλελοιπὼς
1350 2192 1456 2243 τῶν
1515 2186 1566 2242 ἐν
1618 2187 1931 2263 ἀνθρώποις

284 2280 678 2356 θεωρουμένων
706 2301 718 2312 ·
759 2276 877 2354 ἔχει
916 2279 979 2333 τὸ
1008 2276 1415 2347 ἐξεικονίζεσθαι
1455 2277 1529 2337 ὡς
1584 2280 1686 2337 πᾶς
1737 2276 1937 2350 ἄνθρω-

280 2388 427 2431 πος·
476 2370 657 2444 ὥσπερ
707 2364 824 2442 ἔχει
884 2368 947 2422 τὸ
1010 2369 1086 2440 μὴ
1146 2368 1594 2445 περιγράφεσθαι,
1652 2366 1786 2419 καθὸ
1843 2364 1933 2418 καὶ

284 2460 413 2521 Θεὸς
442 2460 469 2514 6
506 2459 665 2520 αὐτὸς
713 2458 923 2518 τὲλειος
952 2498 965 2513 .
1020 2456 1081 2511 Εἰ
1123 2454 1169 2510 δ’
1220 2456 1323 2511 οὐκ
1370 2454 1695 2533 ἐγγράφοιτο
1746 2474 1935 2527 σωμα-

285 2554 423 2621 τικῷ
477 2551 810 2624 χαρακτῆρι,
871 2545 1100 2601 οὐτίπου
1144 2543 1467 2620 ἅτθρωπος.
1534 2548 1775 2617 Σημεῖον
1832 2543 1933 2619 γὰρ

289 2642 503 2710 πρῶτον
553 2636 643 2692 καὶ
691 2635 895 2707 ἀληθὶς
945 2636 1029 2689 ὅτι
1080 2634 1388 2709 ἄνθρωπος,
1437 2634 1480 2688 εἰ
1541 2631 1887 2703 ἐξεικὸνισται
1918 2652 1933 2667 ο

293 2726 396 2782 Καὶ
426 2723 575 2781 οὔπω
601 2726 724 2799 περὶ
765 2732 864 2794 τῆς
917 2722 1207 2794 δεσποίνης
1250 2728 1349 2779 τοῦ
1398 2723 1595 2784 παντὸς
1644 2722 1933 2793 Θεοτὸκου,

291 2815 384 2871 καὶ
416 2814 560 2869 ὅλων
593 2809 917 2885 συλλήϐδην
947 2817 1052 2867 τῶν
1102 2813 1274 2888 ἁγίων
1299 2830 1312 2844 ’
1348 2810 1421 2866 ὧν
1476 2810 1725 2882 ἀθέτησις
1757 2813 1792 2879 ἡ
1825 2816 1932 2865 τῶν

2026 593 2091 633 an
2146 577 2515 649 amplexandi
2577 579 3342 649 unumquemque,incenso
3403 583 3665 640 omnium

2030 682 2224 721 amore
2258 669 2605 737 pertractus.
2631 666 2744 722 Sed
2776 667 3053 737 quoniam
3088 667 3213 724 ﬂeri
3247 685 3359 726 non
3400 678 3585 744 potest
3608 678 3670 730 ut

2029 771 2221 813 coram
2281 755 2467 812 adsim
2528 772 2765 828 corpore
2797 774 2811 825 ;
2848 774 2947 827 per
3003 758 3227 814 litteras
3272 763 3569 834 abreptus,
3603 777 3670 819 ac

2029 844 2204 900 veluti
2265 856 2427 900 stans
2469 846 2527 901 in
2580 847 2791 915 medio,
2820 853 2878 902 et
2932 848 3297 905 sanctissima
3353 851 3672 922 amplector

2028 933 2273 1004 vestigia
2300 943 2510 999 vestra,
2542 939 2599 989 et
2629 951 2729 989 ora
2770 951 2933 991 sacra
2963 937 3161 993 osculo
3192 944 3392 995 sancto
3434 956 3670 997 exoscu-

2028 1020 2195 1079 lor.0
2233 1023 2455 1079 strenui
2500 1024 2708 1080 milites
2745 1026 3162 1098 Christi,qussi
3193 1028 3407 1085 caelesti
3443 1029 3671 1087 delectu

2030 1112 2377 1181 conscripti!
2411 1112 2653 1169 osidera
2681 1113 2873 1171 lucida
2904 1131 3005 1187 per
3061 1118 3384 1190 impietatis
3442 1126 3671 1177 noctem

2030 1212 2196 1257 rectae
2218 1201 2352 1257 ﬁdei
2387 1202 2699 1274 splendore
2730 1204 3049 1277 fulgentia!
3082 1208 3242 1263 omni
3291 1224 3427 1265 auro
3459 1211 3677 1281 pretio-

2031 1290 2182 1345 siora
2208 1289 2222 1345 ι
2245 1294 2549 1362 smaragdo
2581 1296 2637 1347 et
2666 1292 2884 1349 unione
2930 1296 3308 1352 micantioral
3335 1298 3479 1353 Cum
3514 1299 3674 1355 mul-

2032 1381 2109 1436 tis
2139 1397 2236 1435 vos
2268 1396 2545 1436 exornare
2577 1383 2935 1449 nominibus,
2961 1394 3019 1439 ut
3052 1400 3154 1455 par
3182 1392 3290 1453 est,
3316 1388 3672 1459 desiderem;

2036 1484 2150 1525 non
2183 1468 2390 1525 sinunt
2427 1470 2685 1541 epistolae
2718 1471 2894 1527 unius
2915 1477 3199 1545 angustiae
3239 1477 3450 1547 quibus
3483 1477 3678 1534 inclu-

2039 1561 2163 1616 dor.
2196 1558 2321 1615 Uno
2344 1565 2536 1616 autem
2568 1562 2742 1617 verbo
2798 1563 3064 1618 universa
3121 1564 3452 1636 complexus
3514 1568 3682 1623 dixe-

2038 1650 2170 1717 rim,
2197 1650 2558 1721 superiorum
2586 1655 2913 1723 temporum
2950 1654 3245 1726 martyriis
3275 1662 3532 1712 vestrum
3557 1673 3681 1715 esse

2040 1756 2145 1810 par
2172 1744 2230 1794 et
2288 1739 2512 1811 aequale
2558 1740 2896 1813 martyrium
2930 1744 3439 1816 :quanduquidem
3491 1748 3682 1803 mani-

2038 1827 2182 1883 feste
2210 1827 2502 1884 Christum
2535 1830 2862 1898 confitetur,
2883 1832 2981 1902 qui
3012 1846 3074 1886 se
3105 1832 3315 1889 Christi
3364 1835 3680 1908 imaginem

2039 1917 2352 1974 conﬁtetur
2383 1918 2691 1974 admittere
2723 1934 2737 1974 :
2763 1920 3030 1993 idemque
3061 1921 3133 1978 de
3183 1924 3485 1993 negatione
3517 1924 3683 1980 vicis-

2038 2007 2151 2063 sim
2186 2007 2882 2080 sentiendumeaginia
2911 2011 3069 2067 enim
3114 2012 3298 2069 honos
3323 2015 3389 2069 ad
3426 2019 3683 2088 prototy-

2044 2113 2185 2168 pum
2218 2100 2452 2165 transit,
2487 2103 2824 2169 utmagnus
2857 2100 3001 2156 dixit
3042 2101 3288 2157 Basilius
3325 2108 3416 2159 :et
3445 2104 3502 2158 in
3536 2104 3687 2159 ima-

2041 2185 2176 2255 gine
2199 2184 2574 2256 archetypum
2606 2188 2884 2253 cernitur,
2918 2194 2980 2242 ut
3002 2205 3231 2245 rursum
3265 2190 3346 2246 ait
3380 2190 3687 2262 sapientis-

2043 2274 2236 2327 simus
2272 2273 2595 2345 Dionysius.
2620 2274 2683 2329 Et
2716 2276 2990 2344 quoniam
3039 2277 3302 2334 Christus
3346 2280 3517 2336 homo
3556 2296 3687 2351 per-

2048 2361 2233 2417 fectus
2256 2366 2361 2430 est,
2389 2365 2481 2417 cui
2508 2361 2653 2417 nihil
2693 2379 2891 2420 eorum
2916 2366 3095 2421 defuit
3118 2384 3239 2438 quea
3270 2368 3327 2424 in
3352 2368 3689 2427 hominibus

2042 2454 2381 2508 intuemur:
2420 2458 2629 2508 natura
2652 2454 2848 2523 habet,
2875 2456 3108 2525 perinde
3159 2474 3225 2514 ao
3277 2460 3465 2529 quivis
3506 2462 3689 2516 homi-

2042 2559 2209 2609 num,
2242 2547 2306 2597 ut
2334 2542 2614 2599 delineari
2648 2547 2861 2616 possit:
2896 2548 3392 2617 quemadmodum
3417 2548 3589 2606 habet
3626 2554 3691 2606 ut

2043 2632 2446 2687 circumscribi
2502 2648 2613 2688 non
2668 2637 2870 2706 possit,
2915 2642 3208 2705 quatenus
3252 2638 3404 2693 idem
3448 2656 3481 2693 a
3538 2640 3689 2695 Deus

2043 2722 2325 2791 perfectus
2385 2726 2494 2777 est.
2544 2722 2706 2786 Quod
2756 2723 2807 2778 si
2865 2738 3136 2794 corporea
3170 2726 3556 2782 similitudine
3586 2731 3693 2784 de-

2042 2811 2204 2881 pingi
2226 2827 2344 2865 non
2397 2818 2603 2883 potest,
2629 2811 2830 2884 utique
2862 2828 2964 2869 nec
3025 2814 3193 2871 homo
3232 2823 3341 2873 est.
3369 2819 3694 2887 Argumen-

293 2906 500 2958 σεπτῶν
559 2903 735 2958 αὐτῶν
793 2898 1015 2955 εἰκόνων
1077 2900 1386 2975 ἀναίρεσις.
1447 2898 1596 2955 ’Δλλ’
1650 2900 1677 2953 ὁ
1737 2899 1933 2953 συνιὼν

2047 2904 2172 2955 tum
2204 2900 2360 2955 enim
2396 2902 2651 2971 primum
2695 2907 2784 2957 est
2843 2919 2910 2959 ac
2955 2918 3182 2971 verum,
3216 2905 3369 2975 quod
3392 2907 3564 2962 homo
3595 2907 3691 2978 sit,

292 2996 496 3047 συνιεῖ·
530 2992 621 3047 καὶ
671 2991 698 3045 ὁ
749 2991 948 3044 ἀθετων
994 2988 1173 3044 ἀθετεῖ
1219 2988 1513 3061 ὀλεθρίως·
1563 2993 1679 3049 τοῖς
1730 2985 1937 3062 λογίοις

286 3076 785 3158 ἀντιῷθεγγόμενος
812 3122 825 3136 .
873 3081 971 3135 Καὶ
1002 3082 1038 3148 ἡ
1077 3077 1289 3152 ἐξουσία
1329 3075 1427 3151 δρᾷ
1474 3076 1557 3132 ἀεὶ
1609 3076 1938 3149 ἒξουσιαστι-

288 3177 440 3234 κῶς·
472 3172 561 3226 καὶ
613 3171 665 3225 οἱ
713 3174 809 3225 τοῦ
868 3172 1003 3224 Θεοῦ
1055 3167 1259 3245 ὀλίγοι,
1310 3167 1356 3221 εί
1402 3168 1492 3222 καὶ
1542 3165 1737 3229 πάντες
1795 3161 1940 3220 πλά-

286 3280 505 3336 σματα·
548 3262 639 3315 καὶ
678 3260 835 3321 τέλος
866 3262 935 3331 τῇ
969 3256 1264 3331 θεοκλήτῳ
1301 3258 1471 3332 πέτρᾳ
1508 3254 1709 3311 ἄνωθεν
1760 3254 1849 3309 καὶ
1890 3254 1939 3327 ἐξ

293 3352 478 3430 ἀρχῆς
536 3350 707 3406 πύλαι
772 3345 904 3419 ᾅδου
961 3350 1431 3424 προσρήγνυνται·
1495 3346 1622 3403 ἀλλ’
1688 3344 1942 3419 οὐδαμῶς

291 3443 652 3515 κατίσχυσαν,
696 3436 809 3494 οὐδ’
843 3436 901 3493 ἄν
950 3437 1352 3513 κατισχύσωσιν
1403 3436 1570 3507 αὐτῆς
1598 3455 1612 3469 ·
1671 3436 1747 3497 ὡς
1778 3438 1813 3505 ἡ
1847 3438 1943 3489 τοῦ

300 3527 569 3605 ἀψευδοῦς
604 3528 927 3602 ὑπόσχεσις.
960 3528 1076 3596 Διὸ,
1118 3529 1349 3600 Πατίρες
1395 3548 1500 3599 μου
1554 3526 1639 3581 καὶ
1691 3522 1941 3601 ἀδελφοὶ,

302 3624 582 3690 στήκετε
611 3617 675 3672 ἐν
700 3622 779 3691 τῇ
813 3617 1058 3688 πίστει,
1091 3614 1514 3690 ἀνδρίζεσθε,
1545 3618 1947 3691 κραταιοῦσ-

304 3713 375 3765 θε
418 3708 478 3763 ἐν
521 3706 737 3779 Κυρίῳ
761 3751 777 3765 .
810 3708 871 3762 Οἱ
904 3706 1068 3781 χοροὶ
1101 3710 1207 3760 τῶν
1241 3705 1529 3779 μαρτύρων
1559 3706 1694 3779 πρὸς
1723 3703 1943 3764 ἑαυτοὺς

307 3800 448 3873 ὑμᾶς
480 3795 865 3873 ἓγκαλοῦνταιο
897 3800 1005 3851 τῶν
1038 3794 1402 3869 ὁμολογητῶν
1434 3794 1693 3857 ὡσαύτως
1719 3837 1732 3851 .
1772 3798 1947 3848 Ταῦτα

306 3891 379 3952 ὡς
411 3888 462 3944 ἐν
514 3889 726 3965 ὀλίγοις
753 3931 766 3945 .
805 3887 1173 3949 Συνάπτοντες
1224 3886 1352 3958 ὑμῖν
1403 3885 1623 3947 ἑαυτοὺς
1656 3885 1707 3940 οἱ
1746 3882 1945 3959 ἐλάχι-

302 4000 443 4046 στοι,
473 3980 560 4033 καὶ
620 3978 868 4038 ἀπόντες,
913 3981 990 4049 τῷ
1038 3973 1339 4049 πνεύματιο
1375 3975 1449 4037 ὡς
1482 3972 1542 4028 ἄν
1592 3973 1813 4048 γνοίητε
1863 3974 1947 4027 ὅτι

300 4063 459 4142 ἔχετε
490 4066 657 4141 μὲλος
686 4064 917 4144 ἔσχατον
958 4062 1065 4118 ὧδὲ
1112 4085 1217 4119 που
1266 4065 1697 4139 περιωρισμένον
1744 4061 1832 4117 ἐπὶ
1877 4066 1946 4135 τῇ

302 4157 437 4230 αὐτῇ
496 4152 810 4234 ὁμολογίᾳ’
865 4154 955 4209 καὶ
1002 4151 1185 4208 αἱτοῦν
1230 4152 1369 4225 ὑμᾶς
1432 4146 1835 4225 συλλαμϐάνειν
1893 4150 1947 4207 ἐν

297 4252 419 4308 ταῖς
477 4246 655 4321 ἁγίαις
710 4249 1067 4319 προσευχαῖς,
1119 4242 1348 4298 κατόπιν
1398 4242 1532 4297 ἰέναι
1581 4247 1693 4298 τῶν
1744 4240 1945 4316 τιμίων

302 4338 456 4411 ὑμῶν
491 4334 660 4410 ἰχνῶν
685 4376 701 4392 .

2051 2990 2097 3046 si
2120 2995 2211 3045 est
2248 2992 2535 3059 ejusmodi
2585 2996 2647 3047 ut
2677 2992 2802 3063 ejus
2842 2995 3032 3066 imago
3077 2996 3409 3068 el’fingatur.
3434 2997 3692 3053 Necdum

2054 3081 2261 3151 loquor
2287 3082 2358 3135 de
2381 3081 2582 3151 regina
2610 3084 2861 3138 universi
2898 3085 3141 3154 Deipara
3168 3100 3182 3142 :
3206 3092 3306 3141 aut
3334 3088 3403 3143 de
3424 3088 3696 3143 omnibus

2052 3171 2269 3226 sanctis
2296 3173 2619 3241 generatim
2663 3187 2677 3227 :
2711 3188 2960 3243 quorum
2993 3180 3366 3246 contemptus
3397 3186 3504 3244 est,
3528 3191 3697 3233 vene-

2052 3260 2369 3314 randarum
2409 3259 2667 3329 ipsorum
2711 3261 3032 3330 imaginum
3065 3264 3307 3320 eversio.
3332 3264 3440 3321 Sed
3475 3263 3575 3337 qui
3606 3268 3693 3322 inc

2055 3347 2325 3419 telligens
2356 3352 2463 3417 est,
2500 3348 2776 3420 intelligit
2804 3365 2818 3407 :
2860 3358 2918 3407 et
2946 3351 3042 3422 qui
3086 3358 3312 3423 spretor
3340 3359 3448 3421 est,
3481 3355 3695 3411 damno

2054 3453 2161 3494 suo
2190 3438 2430 3509 spernit,
2453 3439 2634 3494 sacris
2659 3439 2885 3512 paginis
2906 3443 3333 3498 contradicens.
3360 3444 3427 3499 Et
3449 3444 3697 3499 abutun-

2055 3532 2153 3581 tur
2183 3527 2423 3597 quidem
2457 3527 2703 3600 imperio
2736 3533 3054 3600 potestates
3082 3547 3097 3585 :
3129 3537 3185 3588 et
3211 3532 3308 3604 qui
3334 3548 3435 3605 pro
3470 3532 3583 3589 Deo
3603 3534 3696 3589 di-

2057 3615 2279 3671 micant
2302 3617 2466 3685 pauci
2491 3624 2659 3673 sunt:
2679 3635 3013 3692 quanquam
3034 3638 3235 3677 omnes
3259 3623 3331 3677 ab
3355 3639 3421 3679 eo
3442 3622 3655 3678 conditi
3679 3628 3695 3681 ἶ

2055 3704 2305 3776 denique
2326 3704 2402 3761 ad
2434 3712 2679 3777 petram,
2704 3709 2788 3763 sic
2837 3710 2992 3764 enim
3038 3709 3194 3766 Deus
3251 3710 3525 3782 appellat,
3550 3711 3700 3783 jam-

2058 3795 2282 3868 pridem
2316 3802 2491 3870 atque
2513 3816 2545 3854 a
2577 3799 2863 3872 principio
2910 3807 3084 3871 portas
3120 3802 3289 3858 inferi
3328 3803 3651 3859 alliduntur
3681 3818 3696 3858 :

2059 3887 2158 3945 sed
2226 3888 2991 3960 nequaquamprmvaiuere
3050 3907 3065 3946 :
3127 3907 3230 3947 nec
3307 3892 3706 3963 praevalebunt

2062 3979 2347 4034 adversus
2374 3993 2501 4033 eam
2533 3978 2600 4045 7‘,
2636 3986 2698 4033 ut
2728 3978 3020 4049 pollicitus
3048 3987 3139 4036 est
3165 3984 3213 4037 is
3245 3980 3347 4053 qui
3395 3995 3567 4038 verax
3597 3986 3705 4038 est.

2060 4066 2476 4133 Quamobrem,
2512 4072 2707 4121 Patres
2739 4068 2852 4123 mei
2902 4068 3223 4141 fratresque
3255 4087 3268 4126 :
3306 4072 3453 4127 State
3494 4074 3556 4127 in
3601 4075 3709 4145 ﬁde

2060 4157 2301 4212 viriliter
2329 4158 2481 4224 agite
2508 4159 2906 4226 con/ortamim’
2935 4159 2995 4212 in
3050 4160 3274 4216 Domina
3302 4161 3366 4214 ⁸³⁵.
3399 4161 3515 4217 Vos
3547 4162 3621 4217 ad
3650 4179 3711 4218 se

2063 4245 2225 4301 chori
2248 4251 2572 4318 martyrum
2602 4246 2847 4302 invitant
2877 4260 3038 4319 aeque
3068 4263 3136 4305 ac
3158 4252 3711 4308 confessorum.Sed

1976 4318 2021 4384 D
2058 4335 2172 4390 ista
2213 4334 2415 4406 paucis
2443 4350 2457 4389 :
2484 4350 2727 4406 nosque,
2760 4337 2860 4408 qui
2910 4318 3139 4393 minimi
3190 4354 3422 4402 sumus,
3456 4344 3514 4396 et
3557 4341 3711 4398 loco-

300 4443 432 4483 rum
460 4426 647 4498 spatio
678 4424 1098 4497 disiungimur,
1132 4423 1342 4497 spiritu
1366 4424 1531 4481 vobis
1581 4422 1984 4480 consociamus
2008 4440 2023 4480 :
2050 4428 2112 4480 ut
2156 4423 2520 4496 intelligatus
2566 4424 2781 4480 habere
2824 4442 2924 4482 vos
2974 4428 3302 4484 membrum
3337 4429 3709 4504 vilissimum,

298 4516 459 4591 quod
489 4515 701 4571 alicubi
735 4532 833 4587 pro
859 4515 1058 4571 eadem
1091 4515 1457 4570 confessione
1494 4515 1716 4570 exsulat
1743 4530 1756 4569 :
1791 4530 1857 4570 ac
1888 4514 2077 4586 poscit
2109 4519 2170 4570 ut
2199 4513 2341 4570 illud
2372 4530 2605 4588 quoque
2635 4515 2852 4572 sanctis
2893 4516 3163 4588 precibus
3193 4520 3398 4577 vestris
3437 4522 3706 4593 exoratis,

300 4612 368 4663 ut
390 4608 475 4660 fas
506 4605 584 4661 sit
605 4605 932 4659 veneranda
955 4604 1201 4676 vestigia
1228 4608 1420 4659 vestra
1449 4602 1747 4673 subsequi.

514 4711 647 4768 EE'.
688 4743 758 4754 -—-
805 4710 1199 4786 Ναυκρατίῳ
1245 4710 1496 4783 τέκνῳ.
1542 4709 1726 4784 [υλθ’.]

2499 4707 2665 4769 LXV.
2700 4738 2767 4756 -
2796 4712 3092 4772 Naucratio
3123 4716 3259 4785 ﬁlio.

300 4816 627 4895 Dogmatica,
665 4826 717 4895 et
745 4820 901 4895 valde
935 4822 1252 4895 occesserita,
1284 4821 1349 4872 de
1392 4833 1544 4895 sacra
1594 4820 1810 4894 Christi.
1834 4818 2069 4895 imagine
2101 4830 2115 4870 :
2146 4820 2733 4895 expoqenshquomnodo
2776 4822 3005 4895 intelligi
3048 4830 3294 4895 oporteat
3340 4827 3482 4891 quod
3531 4826 3711 4895 imago

368 4882 559 4950 Christi
592 4882 827 4950 perinde
842 4896 907 4950 ac
944 4887 1054 4948 ipse
1082 4885 1327 4935 Christus
1359 4886 1611 4935 adoretur
1642 4895 1656 4933 :
1682 4882 2174 4936 nimirum‘ratione
2199 4882 2560 4935 similitudinis
2590 4885 2701 4935 sive
2731 4882 3029 4950 relationis,
3060 4882 3171 4939 n'on
3212 4882 3387 4940 autem
3422 4882 3713 4943 conﬁrma-

364 4948 468 4997 ti've
499 4952 590 4997 aut
620 4947 957 4997 naturaliter.

375 5049 596 5122 Ἐπειδή
643 5044 843 5125 ἔμαθον
884 5051 1029 5127 παρὰ
1066 5056 1164 5109 τοῦ
1214 5051 1715 5130 γραμματηφόρου,
1746 5046 1792 5107 ὠ
1817 5052 1953 5109 καλὲ

300 5140 526 5219 ἀδελφὶ,
560 5144 642 5197 ὅτι
673 5135 847 5214 ἔριδες
876 5141 927 5195 ἐν
959 5142 1085 5214 ὑμῖν
1116 5141 1418 5218 ἅνεςρύησαν
1459 5142 1631 5217 (λέγω
1662 5138 1719 5197 δὲ
1765 5146 1951 5212 τοῦτο,

300 5232 385 5288 ὅτι
417 5233 445 5287 ὁ
482 5231 579 5305 μὶν
614 5229 799 5306 λέγει’
834 5231 976 5308 Ἐγὼ
1013 5233 1112 5301 τήν
1165 5230 1347 5285 εἶ’κόνα
1397 5233 1633 5303 Χριστοῦ
1673 5230 1747 5296 ὡς
1788 5232 1951 5287 αὐτὸν

295 5323 388 5378 τὸν
450 5319 690 5395 Χριστὸν
759 5325 1086 5397 προσκυνῶο
1143 5321 1171 5375 6
1230 5318 1288 5375 δὲ
1357 5319 1752 5394 ἀπαναίνεται),
1830 5318 1953 5377 οὔτε

300 5411 529 5475 ἀλύπως
589 5409 893 5487 ἐδεξάμην·
955 5408 1114 5472 εἰδὼς
1170 5409 1253 5467 ὅτι
1312 5411 1369 5465 αἱ
1428 5409 1739 5485 ἆρεσχελίαι
1798 5410 1951 5467 αὗται

303 5504 447 5578 παρὰ
484 5506 582 5559 τοῦ
620 5497 886 5557 διαϐόλου
930 5500 1415 5575 ὓποσπειρόμεναι,
1464 5499 1682 5575 τέμνειν
1734 5500 1952 5556 εἰώθασι

370 5681 418 5721 ’⁷⁸
461 5684 660 5742 Matth.
696 5700 836 5755 xvn,
877 5684 959 5739 18.
1037 5682 1083 5719 7"
1116 5682 1288 5740 lCor.
1312 5698 1425 5753 xu,
1459 5683 1544 5739 13.

2132 5057 2450 5127 Postquam
2508 5071 2541 5111 a
2591 5054 2893 5113 tabellario
2949 5057 3151 5125 didici,
3211 5059 3389 5116 frater
3460 5062 3710 5135 egregie,

2061 5153 2288 5202 exortae
2318 5147 2472 5201 inter
2487 5160 2589 5201 vos
2610 5161 2739 5202 esse
2770 5148 3168 5203 contentiones
3199 5150 3330 5216 (hoc
3362 5156 3556 5206 autem
3583 5153 3713 5209 dico

2064 5234 2221 5305 quod
2258 5248 2465 5306 nempe
2515 5234 2665 5290 alius
2721 5236 2918 5291 dicat:
2954 5235 3070 5307 Ego
3134 5237 3449 5310 imaginem
3500 5240 3714 5297 Christi

2063 5327 2218 5380 sicut
2276 5324 2471 5394 ipsum
2518 5323 2819 5380 Christum
2876 5325 3074 5394 adoro,
3109 5327 3259 5383 alius
3290 5332 3478 5384 dicere
3530 5331 3713 5387 detre-

2064 5415 2235 5483 ctet);
2275 5428 2387 5468 non
2416 5412 2541 5467 sine
2566 5428 2812 5468 mmrore
2843 5412 2900 5467 id
2944 5416 3159 5485 accepi,
3193 5416 3381 5473 sciens
3414 5418 3569 5475 rixas
3602 5418 3715 5475 bu-

2061 5498 2345 5573 jusmodi,
2377 5515 2507 5571 qum
2538 5518 2571 5557 a
2604 5500 2837 5557 diabolo
2870 5502 3257 5572 suscitantur,
3291 5504 3493 5563 solitas
3526 5507 3711 5580 ipsam
