4062 6280
460 330 614 405 12287

1698 348 1764 408 s.
1809 331 2203 408 THEODOBI
2248 335 2612 409 s'rUDiM:

3672 347 3798 412 {288

450 493 684 549 quoque
713 491 915 532 sanam
949 479 1171 548 partem
1223 476 1673 535 orthodoxorum
1723 479 2093 537 discindere:

2209 477 2300 533 καὶ
2331 477 2464 533 αὐτὸ
2493 477 2555 534 τὸ
2588 479 2829 555 ὑγιαῖνον
2864 477 3029 554 μέρος
3055 485 3158 550 τῆς
3190 477 3535 555 ὀρθοδοξίας·
3572 482 3688 558 ὅπερ
3709 482 3800 542 ﬁeri.

449 581 573 635 quae
605 581 697 621 res
731 564 987 620 laetitiam
1019 565 1185 620 aﬁ'ert
1212 567 1578 634 adversariis,
1610 583 1679 622 ex
1735 567 2100 624 inﬁrmitati-

451 653 562 710 bus
596 655 809 711 nostris
840 671 1003 710 suam
1035 653 1298 727 ipsorum
1343 655 1694 727 impietatem
1726 658 1916 714 valere
1955 675 2100 715 con~

449 742 842 801 firmantibus.
871 747 986 798 Nec
1018 759 1151 800 vero
1185 746 1490 802 convenire
1522 746 1782 816 judicavi
1825 753 1889 802 ut
1915 748 2094 804 silen-

452 834 533 889 tio
569 849 891 906 premerem
917 836 1070 906 quod
1102 835 1416 903 audieram,
1440 837 1540 891 sed
1575 841 1639 890 ut
1667 837 1900 908 aliquod
1925 837 2097 893 etiam

455 922 581 992 ipse
610 921 932 979 curationis
977 923 1292 979 remedium
1326 923 1440 979 Deo
1509 932 1802 980 annuente
1860 925 2096 982 adhibe-

452 1025 604 1065 rem.
637 1011 978 1082 Argumenti
1002 1028 1138 1083 ergo
1161 1028 1395 1077 summa
1421 1012 1555 1068 talis
1577 1018 1684 1069 est.
1709 1013 2001 1068 Penicule
2021 1011 2097 1072 ὡς

447 1099 506 1155 in
541 1101 740 1157 divina
770 1101 1069 1171 Scriptura
1099 1103 1394 1158 interdum
1438 1103 1686 1159 sumitur
1744 1105 1815 1159 ad
1871 1103 2097 1176 signifi-

448 1191 692 1246 candam
737 1191 1182 1248 similitudinem
1218 1208 1235 1247 :
1293 1193 1584 1248 interdum
1617 1193 2094 1248 al'lirmationem.

445 1278 641 1334 Priore
669 1280 845 1335 modo
878 1297 891 1335 :
921 1281 1114 1336 Factus
1142 1297 1264 1336 sum
1301 1282 1441 1336 sicut
1498 1280 1623 1352 (ὡς)
1653 1298 1840 1349 passer
1894 1283 2095 1338 solita-

445 1370 564 1426 rius
619 1373 677 1425 in
737 1378 875 1428 tecto
927 1373 993 1426 ⁷⁸.
1021 1372 1084 1428 Et
1132 1387 1146 1426 :
1201 1374 1307 1442 Ego
1363 1375 1502 1427 sicut
1552 1371 1673 1444 (ὡς)
1711 1373 1853 1428 oliva
1902 1375 2094 1443 fructi-

443 1461 569 1531 fera
596 1460 662 1513 ".
695 1462 1046 1517 Posteriore:
1080 1463 1253 1529 Quam
1283 1460 1403 1533 (ὡς)
1436 1464 1603 1518 bonus
1643 1463 1811 1518 Israel
1853 1463 1991 1518 Deus
2011 1462 2090 1517 7‘!

443 1549 514 1604 Et
543 1565 560 1605 :
591 1554 774 1620 Quam
799 1548 920 1621 (ὡς)
950 1550 1145 1605 dilecta
1177 1551 1529 1606 tabernacula
1559 1558 1672 1617 tua,
1709 1552 1940 1607 Domine
1967 1555 2096 1608 cir-

445 1644 624 1694 tulum
653 1638 737 1695 7°!
770 1640 895 1696 Non
922 1641 1076 1696 enim
1119 1642 1443 1696 secundum
1489 1640 1956 1707 similitudinem,
1991 1642 2092 1698 sed

2212 567 2515 644 χαροποιὸν
2543 572 2658 629 τοῖς
2687 566 2963 638 ἐναντίοις,
2997 568 3056 625 ἐκ
3083 575 3190 625 τῶν
3229 569 3509 646 ἡμετέρων
3553 569 3801 645 ἆῤῥωστη-

2213 658 2398 730 μάτων
2451 657 2513 712 τὸ
2564 658 2762 712 οἰκεῖον
2808 653 3057 732 ἀσίϐημα
3105 655 3514 733 βεϐαιουμὲνοις
3551 661 3603 714 εὗ
3645 654 3798 734 ἔχειν.

2211 743 2345 801 Οῦτε
2379 747 2485 820 μὴν
2542 750 2724 822 σιωπῇ
2771 748 2833 803 τὸ
2885 747 3142 803 ἀκουσθὲν
3191 756 3482 825 κατασχεῖν
3527 746 3679 805 καλὸν
3718 749 3806 803 ἐνὸ-

2213 857 2364 908 μισα,
2415 835 2559 891 ἀλλά
2585 857 2636 890 τι
2689 837 2778 891 καὶ
2829 838 2957 914 παρ’
3006 835 3245 910 ἒμαυτοῦ
3295 841 3574 916 φάρμακον
3615 835 3805 914 ἐξευρεῖν

2209 925 2525 1000 Θεραπείας.
2571 929 2705 980 Θεοῦ
2745 922 3107 988 οὐδοκοῦντος
3135 969 3148 982 .
3191 929 3374 983 Ἔστιν
3417 926 3505 982 οῦν
3534 928 3593 982 τὸ
3639 925 3806 1000 λῆμμα

2205 1018 2456 1069 τοιοῦτον
2487 1055 2501 1071 .
2543 1015 2636 1085 Τὸ,
2680 1015 2777 1083 ὡς,
2818 1021 2893 1084 πῆ
2947 1016 3039 1088 μὲν
3091 1015 3178 1071 ἐπὶ
3219 1017 3539 1089 ὁμοιώσεως
3585 1014 3806 1086 εἴληπται

2207 1105 2353 1178 παρὰ
2379 1107 2450 1177 τῇ
2482 1103 2819 1178 θεοπνεύστῳ
2860 1107 3046 1180 Γραφῇ
3067 1125 3083 1139 ο
3115 1112 3190 1175 πῆ
3226 1102 3284 1160 δὲ
3321 1104 3411 1160 ἐπὶ
3465 1101 3806 1180 βεϐαιώσεως.

2207 1193 2275 1248 Τὸ
2308 1197 2523 1266 πρῶτον
2551 1212 2565 1226 ⁸
2597 1194 2959 1269 Ἐγενόμην
3003 1194 3088 1256 ὡς
3135 1193 3524 1266 στρουθίον’
3561 1194 3808 1268 μονάζον

2206 1279 2312 1336 ἐπὶ
2361 1279 2600 1357 δόματι
2627 1325 2638 1337 .
2675 1281 2810 1338 Καί.
2846 1282 3003 1357 Ἐγὼ
3043 1283 3127 1344 ὡς
3167 1281 3362 1338 ἐλαία
3399 1281 3809 1358 κατάκαρπος.

2205 1373 2280 1430 Τὸ
2305 1369 2580 1444 δεύτερον.
2613 1372 2712 1435 Ὠς
2742 1372 2993 1445 ἀγαθὸς
3023 1373 3050 1426 6
3083 1379 3238 1436 Θεος
3262 1376 3376 1427 τοῦ
3408 1370 3810 1448 ἸσραήλΣΚαί.

2207 1465 2306 1525 Ὠς
2355 1459 2664 1537 ἀγαπητὰ
2709 1460 2788 1516 τὰ
2834 1461 3249 1532 σκηνώματα
3295 1481 3442 1531 σου,
3489 1459 3671 1535 Κύριε
3707 1464 3810 1515 τῶν

2209 1547 2590 1623 δυνάμεωνῑ
2645 1549 2722 1607 Οὐ
2754 1549 2857 1625 γὰρ
2896 1551 3015 1604 καθ’
3046 1549 3338 1622 ὁμοίωσιν,
3377 1549 3526 1606 ἀλλὰ
3561 1545 3814 1624 βεϐαίωσιν

2206 1639 2433 1694 ἐνταῦθα
2464 1641 2492 1694 6
2525 1637 2690 1713 λόγος
2717 1683 2732 1696 .
2782 1638 2844 1694 Εἰ
2886 1637 2978 1693 οῦν
3020 1636 3165 1694 οὕτω
3207 1637 3360 1714 λέγοι
3401 1659 3487 1701 τις
3534 1643 3811 1705 προσκυνεῖν

444 1731 517 1786 ad
549 1731 998 1787 afﬁrmationem
1021 1731 1115 1786 hic
1147 1747 1335 1787 sermo
1373 1735 1478 1788 est.
1533 1731 1811 1797 Quocirca
1841 1734 1888 1787 si
1949 1734 2083 1804 quis

2206 1730 2305 1798 τήν
2339 1728 2522 1784 εἰκόνα
2565 1733 2829 1803 Χριστοῦ,
2871 1729 2945 1791 ὡς
2995 1729 3158 1784 αὐτὸν
3191 1728 3450 1803 Χριστὸν,
3497 1724 3715 1804 ἕῤῥωται
3755 1730 3816 1796 τῷ

445 1818 546 1875 illo
576 1821 746 1875 modo
778 1819 932 1876 dicat
957 1837 1020 1876 se
1049 1821 1290 1876 adorare
1324 1820 1640 1892 imaginem
1694 1820 1910 1876 Christi
1942 1821 2098 1878 sicut

445 1907 639 1980 ipsum
668 1907 962 1963 Christum
994 1917 1146 1963 recte
1175 1909 1349 1964 sentit
1383 1926 1396 1964 :
1430 1909 1521 1964 sin
1577 1913 1773 1965 autem
1833 1910 2094 1966 afﬁrma—

451 1996 586 2064 tive,
620 2013 1008 2070 nequaquam.
1041 1997 1235 2069 Neque
1292 1998 1447 2053 enim
1503 2003 1710 2053 natura
1759 1998 1912 2054 idem
1956 2004 2092 2054 sunt

449 2086 831 2160 archetypum
859 2091 915 2142 et
944 2086 1158 2158 imago,
1177 2088 1274 2142 sed
1292 2087 1444 2144 idem
1474 2087 1886 2143 similitudine.
1908 2089 2094 2144 Ambo

445 2175 601 2232 enim
662 2192 790 2247 qua:
841 2177 1042 2232 eodem
1111 2179 1282 2232 modo
1348 2177 1693 2244 efferuntur,
1759 2179 2096 2234 substantia

446 2281 689 2337 prorsus
740 2264 1034 2321 differunt.
1077 2265 1156 2321 De
1223 2265 1584 2338 imaginibus
1635 2267 1836 2338 utique
1893 2266 2098 2338 loquor

446 2370 573 2427 quae
604 2360 728 2410 arte
766 2353 936 2410 ﬁunt.
972 2355 1102 2424 Quo
1141 2353 1324 2426 igitur
1378 2361 1544 2426 pacto
1589 2355 1907 2427 imaginem
1937 2355 2090 2411 sicut

444 2443 638 2514 ipsum
673 2443 968 2499 Christum
1009 2444 1376 2506 afﬁrmative.
1419 2444 1686 2500 adorabit
1723 2460 1856 2500 cum
1907 2445 1968 2499 in
2027 2460 2095 2500 ea

453 2532 721 2588 Christus
777 2533 1013 2604 physice
1068 2550 1184 2589 non
1240 2533 1336 2602 sit,
1368 2534 1464 2589 sed
1521 2533 1774 2602 relative,
1820 2536 1941 2590 sive
1994 2550 2096 2606 per

452 2622 901 2678 similitudinem
935 2621 1214 2694 ?Alioqui
1245 2639 1446 2678 verum
1481 2640 1594 2679 non
1617 2624 1787 2678 fuerit
1817 2624 1971 2694 quod
2005 2625 2095 2680 di-

447 2711 600 2768 citur
631 2726 646 2766 :
680 2711 1074 2784 Archetypum
1134 2714 1192 2767 in
1246 2711 1501 2784 imagine
1548 2713 1926 2782 conspicitur,
1948 2718 2006 2768 et
2036 2715 2093 2769 in

450 2798 708 2870 imagine
765 2801 1036 2855 adorator
1077 2799 1362 2856 Christus.
1412 2799 1666 2856 Dicendo
1751 2799 1970 2872 itaque,
2036 2804 2096 2857 in

447 2890 715 2958 imagine,
754 2887 997 2944 alterum
1048 2889 1108 2945 in
1164 2888 1340 2944 altero
1391 2891 1852 2945 demonstratum
1901 2895 2008 2960 est,
2039 2898 2093 2946 et

455 2978 612 3034 aliud
673 2993 775 3048 per
845 2977 1003 3033 aliud
1075 2979 1367 3034 adoratur.
1415 2977 1572 3033 Vidit
1638 2978 2090 3048 Chrysostomus

449 3065 722 3138 angelum
772 3065 834 3122 in
898 3066 1153 3138 imagine
1205 3083 1219 3122 :
1269 3067 1574 3122 Cornelius
1626 3083 1760 3123 vero
1818 3068 2091 3140 angelum

448 3155 643 3227 ipsum
701 3157 765 3208 ⁸ο.
801 3156 1106 3213 Cernimus
1162 3173 1268 3212 nos
1309 3156 1605 3213 Christum
1668 3158 1724 3212 in
1792 3157 2092 3230 imagine:

449 3245 697 3317 apostoli
745 3262 882 3301 vero
932 3246 1228 3302 Christum
1274 3246 1488 3318 ipsum.
1529 3246 1765 3302 Vidimus
1794 3247 1972 3316 enim,
2005 3248 2098 3304 in-

448 3334 575 3406 quit
614 3334 910 3390 Dominum
938 3334 1002 3389 δι.
1032 3334 1357 3390 Adoramus
1388 3335 1550 3390 illum
1587 3337 1644 3390 in
1685 3337 1921 3408 propria
1949 3336 2097 3390 ima-

447 3423 583 3496 gine
615 3440 630 3479 :
665 3423 747 3479 illi
773 3441 904 3480 vero
934 3440 1067 3480 eum
1107 3426 1324 3496 ipsum.
1358 3427 1428 3480 Et
1459 3424 1703 3481 videntes
1728 3441 1883 3492 eum;
1909 3426 2099 3497 inquit

447 3512 819 3568 adoraverunt
841 3513 905 3568 ⁸².
928 3514 1262 3569 Secundum
1296 3513 1743 3570 similitudinem
1777 3530 1915 3586 ergo
1967 3516 2099 3570 ado-

449 3606 613 3658 ratur
661 3603 722 3657 in
808 3602 1062 3674 imagine
1122 3603 1409 3672 Christus,
1468 3604 1588 3659 sive
1655 3603 1912 3672 relative,
1979 3606 2097 3659 sive

446 3691 830 3760 homonyme;
877 3708 1012 3746 nam
1060 3691 1262 3748 eodem
1340 3694 1607 3749 recidunt
1673 3695 1846 3750 ambo
1903 3709 1919 3749 :
1981 3710 2095 3750 non

2125 3029 2174 3094 C

2207 1820 2518 1895 φρονήματι
2549 1837 2562 1853 ο
2624 1817 2670 1873 εἰ
2721 1816 2779 1873 δὲ
2831 1813 3234 1891 βεϐαιωτικῶς,
3288 1814 3584 1890 οὐδαμῶς.
3630 1815 3695 1870 O6
3737 1817 3816 1890 γὰρ

2203 1908 2396 1962 ταυτὸν
2442 1907 2602 1962 εἰκὼν
2643 1909 2730 1962 καὶ
2779 1906 3089 1982 ἀρχέτυπον
3129 1910 3200 1981 τῇ
3244 1906 3420 1982 ιρύσει,
3469 1905 3615 1961 ἀλλὰ
3655 1904 3818 1960 ταυτὸν

2202 2001 2271 2070 τῇ
2303 1997 2572 2070 ὁμοιώσει
2597 2039 2612 2053 .
2652 1997 3023 2070 Ταυτιζὸμενα
3059 1997 3163 2072 γὰρ
3211 1994 3398 2074 ἄμφω,
3429 1999 3501 2069 τῇ
3535 1994 3683 2064 οὐσία
3717 1991 3817 2048 δια-

2206 2091 2454 2164 φορεῖται
2491 2087 2824 2140 παντάπασιν
2849 2106 2862 2120 ο
2903 2084 2992 2141 ἐπὶ
3029 2091 3136 2140 τῶν
3179 2088 3466 2163 τεχνητῶν
3512 2083 3720 2139 εἰκόνων
3761 2080 3815 2149 δὴ

2207 2172 2355 2248 λέγω
2381 2218 2394 2231 .
2432 2179 2554 2238 Πῶς
2594 2173 2685 2229 οῦν
2721 2174 2819 2242 τήν
2860 2173 3042 2229 εἰκόνα
3084 2174 3162 2236 ὡς
3203 2173 3363 2229 αὐτὸν
3401 2173 3631 2247 Χριστὸν
3675 2191 3818 2244 προσ-

2203 2265 2426 2334 κυνήσει
2462 2259 2839 2338 βεϐαιωτικῶς
2861 2281 2874 2294 °
2919 2262 3018 2318 οὐκ
3048 2261 3100 2316 ἐν
3137 2262 3273 2336 αὐτῇ
3305 2256 3458 2324 ὄντος
3490 2265 3591 2316 τοῦ
3623 2262 3822 2334 Χριστοῦ

2207 2356 2468 2430 φυσικῶς,
2537 2349 2682 2407 ἀλλᾶ
2749 2356 3043 2426 σχετικῶς,
3144 2352 3315 2426 ἤγουν
3383 2351 3822 2423 ὁμοιωματικῶςς

2207 2443 2522 2516 Διέψευσται
2558 2448 2659 2510 τῆς
2707 2439 2965 2511 ἀληθείας
3023 2441 3115 2496 καὶ
3165 2439 3352 2503 ἄλλως
3402 2441 3464 2494 τὸ
3518 2438 3822 2514 λεγόμενον

2206 2533 2294 2590 Ἑν
2354 2530 2517 2587 εἰκόνι
2575 2528 2879 2608 ἐκφαίνεται
2939 2531 3002 2585 τὸ
3051 2530 3399 2606 ἀρχέτυπονθ
3452 2529 3549 2584 καὶ
3590 2527 3641 2583 ἐν
3683 2526 3823 2582 εἰκόνι

2203 2625 2583 2695 προσκυνεῖται
2613 2619 2848 2694 Χριστός
2876 2663 2890 2677 .
2925 2620 2994 2674 Τὸ
3042 2618 3132 2673 οῦν
3179 2619 3370 2688 εἰπεῖν,
3419 2616 3483 2674 ἑν
3538 2615 3825 2683 εἷκόνιρν

2204 2706 2373 2785 ἑτέρῳ
2402 2705 2584 2783 ἕτερον
2615 2705 2924 2778 δεδήλωται
2948 2726 2962 2741 ⁸
2996 2707 3086 2762 καὶ
3121 2705 3195 2763 δι’
3225 2705 3401 2763 ἄλλου
3431 2705 3581 2762 ἄλλο
3619 2725 3829 2780 προσκυ-

2202 2804 2372 2854 νεῖται
2399 2845 2412 2857 .
2458 2795 2607 2853 Εἶδεν
2641 2799 2669 2852 6
2701 2798 3094 2873 Χρυσὸστομος
3142 2794 3380 2872 ἄγγελον
3415 2793 3468 2850 ἐν
3501 2795 3667 2852 εἰκόνι
3691 2813 3702 2826 ·
3733 2795 3758 2849 6
3784 2789 3829 2848 δὶ

2204 2885 2509 2962 Κορνήλιος
2556 2887 2715 2942 αὐτὸν
2747 2885 2839 2941 τὸν
2873 2885 3114 2964 ἄγγελον
3146 2927 3160 2943 .
3214 2885 3498 2959 Βλέπομεν
3540 2885 3757 2960 Χριστὸν
3790 2881 3830 2936 ἐν

2203 2976 2404 3031 εἰκόνι·
2437 2977 2488 3030 οἱ
2521 2973 2578 3030 δὲ
2608 2973 2909 3031 ἀπόστολοι
2943 2974 3102 3029 αὐτὸν
3132 2974 3225 3030 τὸν
3278 2973 3513 3047 Χριστόν
3545 3015 3558 3030 .
3612 2971 3831 3043 Ἐωριὶ-

2204 3086 2408 3140 καμεν
2437 3065 2587 3140 γὰρ,
2613 3064 2801 3142 φησὶ,
2831 3065 2939 3118 τὸν
2976 3060 3830 3138 Κύριον.ῐ]ροσκυνοῦμεναύτὸν

2207 3153 2258 3210 ἐν
2285 3158 2354 3228 τῇ
2387 3153 2562 3224 οἰκείᾳ
2591 3152 2758 3208 εἰκόνι
2783 3171 2797 3186 ο
2822 3153 2874 3208 οἱ
2900 3150 2957 3207 δὲ
2986 3153 3150 3207 αὐτὸν
3187 3151 3389 3207 ἐκεῖνον
3409 3196 3422 3208 .
3445 3153 3567 3208 Καὶ
3600 3149 3828 3210 ἰδόντες

2207 3243 2429 3314 αὐτὸν,
2461 3241 2652 3319 φησί,
2683 3241 3196 3318 προσεκύνησαν
3219 3280 3236 3299 .
3271 3243 3732 3314 Ὀμοιωματικῶς
3759 3236 3834 3293 οὖν

2206 3337 2590 3408 προσκυνεῖται
2621 3330 2672 3387 ἐν
2716 3331 2906 3400 εἰκόνι,
2968 3330 3062 3386 εἴτ’
3121 3329 3212 3385 οῦν
3261 3335 3561 3406 σχετικῶς,
3620 3329 3716 3385 εἴτ’
3756 3325 3834 3380 οὖν

2209 3422 2545 3496 ὁμωνύμως,
2606 3422 2635 3476 6
2692 3420 2960 3495 Χριστός·
3022 3420 3097 3482 εἰς
3157 3421 3352 3476 ταυτὸν
3409 3420 3516 3493 γὰρ
3577 3418 3838 3495 ἀμφότερα

2209 3510 2524 3589 συντρέχει·
2576 3509 2676 3565 οὐκ
2731 3509 3074 3573 αὐτοπτικῶς
3105 3552 3118 3567 .
3165 3509 3263 3564 Καὶ
3321 3505 3454 3584 δίχα
3501 3507 3594 3564 οὖν
3652 3507 3831 3566 εἰκόνος

2209 3599 2323 3655 ἐστὶ
2370 3599 2845 3674 προσκυνούμενος
2893 3603 3092 3676 νοερῶς
3121 3641 3134 3655 .
3187 3596 3248 3652 οὗ
3292 3598 3394 3672 γὰρ
3440 3598 3658 3659 πάντως
3707 3595 3823 3649 πάνυ

2214 3709 2338 3745 τοτε
2369 3688 2601 3762 αἰσθητῇ
2630 3687 2795 3742 εἶ’κόνι
2829 3687 3092 3763 βλέποιτο
3117 3732 3132 3746 .

448 3791 638 3840 autem
669 3783 823 3852 quod
853 3781 977 3854 ipse
1002 3787 1292 3838 cernatur.
1326 3782 1389 3837 Et
1416 3783 1544 3839 sine
1571 3782 1826 3856 imagine
1873 3799 2074 3840 rursus
2105 3785 2296 3838 mente
2333 3785 2389 3836 et
2445 3780 2796 3852 cogitatione
2851 3781 3147 3849 adoretur,
3174 3793 3308 3834 cum
3361 3777 3566 3835 sensili
3627 3788 3832 3848 semper

446 3870 699 3942 imagine
728 3871 887 3927 cerni
917 3871 1156 3928 omnino
1187 3887 1302 3927 non
1336 3874 1538 3941 possit.

519 3961 682 4025 Quod
732 3960 783 4015 si
829 3961 964 4032 quis
1018 3959 1220 4016 dicat:
1254 3961 1424 4033 Ergo,
1475 3962 1948 4034 quandoquidem
1999 3977 2097 4031 per

444 4051 856 4122 cogitationem
905 4053 1142 4106 adorare
1190 4049 1333 4106 mihi
1374 4049 1530 4117 licet,
1581 4067 2092 4122 supervacaneum

444 4145 535 4196 est
591 4145 652 4197 ut
709 4140 769 4195 in
817 4139 1068 4211 imagine
1103 4156 1117 4194 :
1150 4139 1316 4207 sciat,
1349 4138 1613 4210 quisquis
1658 4145 1769 4208 est,
1820 4150 2092 4213 negatum

448 4228 625 4284 etiam
658 4228 742 4284 sic
764 4244 890 4284 esse
921 4229 1077 4300 quod
1102 4227 1362 4284 Christus
1403 4233 1596 4284 mente
1645 4230 1937 4286 adoretur.
1969 4229 2094 4284 Nisi

450 4316 604 4372 enim
638 4333 805 4372 mens
847 4317 1235 4387 contemplata
1294 4317 1469 4372 fuerit
1507 4317 1674 4372 illum
1733 4317 1792 4372 in
1840 4317 2093 4374 hominis

2280 3956 2343 4012 Ei‘
2373 3955 2431 4012 δέ
2460 3978 2542 4023 τις
2590 3958 2762 4034 φαίη·
2815 3957 3046 4026 Οὐκοῦν,
3095 3953 3283 4026 ἐπειδὴ
3333 3950 3447 4010 ἔστι
3502 3976 3598 4028 μοι
3653 3955 3830 4028 νοερῶς

2205 4054 2551 4122 προσκυνεῖν,
2609 4046 2880 4123 παρὲλκον
2941 4046 2993 4102 ἐν
3042 4045 3251 4101 εἰκόνιο
3303 4043 3438 4100 ἴστω
3493 4047 3522 4100 6
3573 4042 3833 4101 τοιοῦτος.

2209 4139 2478 4210 ἠρνῆσθαι
2506 4137 2597 4191 καὶ
2645 4137 2706 4191 τὸ
2736 4140 2939 4211 νοερῶς
2986 4139 3305 4210 προσκυνεῖν
3356 4135 3595 4208 Χριστόν
3620 4176 3634 4190 .
3685 4130 3740 4187 Εἰ
3772 4129 3832 4201 μή

2205 4228 2307 4305 γὰρ
2339 4229 2366 4282 6
2395 4232 2522 4288 νοῦς
2556 4225 2930 4302 ἐνοπτρισθείη
2978 4223 3030 4280 ἐν
3074 4224 3390 4298 ὁμοιώματι
3441 4224 3728 4295 ἀνθρώπου
3759 4218 3832 4272 αὖ·

2421 4313 2445 4333 ἢ

2202 4317 2294 4372 τὸν
2332 4315 2382 4371 ἐν
2418 4313 2561 4387 δεξιᾷ
2608 4319 2704 4370 τοῦ
2754 4318 2887 4370 Θεοῦ
2935 4314 3021 4368 καὶ
3074 4313 3279 4388 Πατρὸς
3328 4313 3711 4380 κεκαθῆσθαιο
3755 4305 3836 4360 οὐκ

441 4405 835 4474 similitudine
865 4405 938 4460 ad
969 4405 1264 4460 dexteram
1297 4407 1391 4462 Dei
1422 4412 1482 4462 et
1511 4406 1698 4462 Patris
1730 4408 2088 4475 consedisse,

2206 4406 2421 4462 εἰσοίσει
2451 4408 2551 4476 τὴν
2593 4404 2961 4480 προσκύνησιν
2987 4423 3001 4438 ο
3045 4401 3092 4457 εἷ
3135 4404 3211 4476 μή
3254 4423 3308 4458 τι
3348 4400 3454 4475 ἄρα
3493 4398 3833 4465 ἆποσκευᾶζει

449 4496 845 4551 adorationem
878 4511 993 4549 non
1030 4495 1233 4551 inferet
1268 4511 1281 4551 ε
1318 4496 1427 4551 nisi
1484 4496 1632 4552 forte
1677 4496 1926 4554 Verbum
1972 4514 2094 4553 car-

447 4600 580 4641 nem
613 4587 826 4640 l'actum
877 4599 1006 4640 esse
1057 4593 1242 4654 neget.
1277 4585 1437 4650 Quod
1479 4593 1670 4641 autem
1725 4585 1935 4642 similis
1987 4586 2090 4642 ho-

447 4674 592 4730 mini
627 4677 814 4730 l'actus
846 4675 942 4740 sit,
977 4673 1088 4728 ﬁde
1146 4674 1320 4745 digna
1379 4676 1546 4731 testis
1595 4681 1680 4733 est
1711 4676 1901 4748 imago
1932 4692 1945 4730 :
1979 4694 2093 4748 qua

445 4770 717 4833 suscepta
781 4771 835 4819 et
877 4764 1134 4831 adorata,
1195 4771 1502 4836 susceptus
1550 4771 1640 4821 est
1696 4765 2092 4838 adoraturque

440 4851 708 4909 Christus
740 4869 754 4908 ι
791 4852 948 4908 sicut
977 4869 1007 4908 e
1029 4853 1318 4909 contrario
1349 4853 1400 4908 si
1458 4859 1790 4926 respuatur.
1826 4856 2093 4911 Adoravit

441 4943 742 5013 Abgarus,
772 4941 888 4996 ﬁde
920 4945 1211 5012 suscepta,
1244 4941 1715 4999 intellectualiter
1737 4944 2034 4999 Christum
2073 4969 2084 5000 :

441 5031 708 5086 adoravit
759 5038 817 5086 et
874 5029 1054 5086 multo
1115 5031 1479 5087 manifestius
1541 5032 1602 5087 in
1663 5031 1917 5103 imagine
1976 5049 2091 5088 non

443 5120 784 5176 manufacta
814 5119 885 5174 ab
943 5118 1068 5190 ipso
1093 5119 1321 5176 Christo
1381 5121 1452 5176 ad
1493 5137 1626 5175 eum
1671 5121 1872 5176 missa.
1905 5121 2094 5184 Quare

438 5208 501 5264 in
531 5207 634 5263 illa
654 5214 712 5265 et
767 5209 1089 5264 secundum
1139 5208 1612 5277 similitudinem,
1661 5212 1720 5263 et
1762 5209 1936 5264 simul
1994 5226 2095 5281 per

437 5297 820 5367 intellectum,
853 5298 1128 5354 adoratus
1176 5305 1262 5354 est
1315 5297 1620 5352 Christus:
1650 5315 1807 5354 nunc
1857 5297 2092 5369 quidem

437 5385 625 5454 sic,in
660 5387 855 5441 futuro
904 5394 1100 5443 autem
1151 5386 1368 5443 saeculo
1419 5387 1705 5443 intuitive.
1736 5390 1817 5446 Ac
1846 5387 2092 5445 visibilis

439 5476 676 5549 quidem
702 5477 886 5549 ipsius
916 5477 1014 5533 Dei
1073 5477 1472 5548 apparitionis,
1507 5483 1569 5534 ut
1617 5477 2094 5550 sapientissimus

505 5627 550 5662 ’⁷⁸
583 5625 734 5682 Peal.
767 5643 841 5694 c1,
877 5625 930 5679 8.

434 5714 633 5768 xxvm,
662 5699 748 5756 17.

1008 5624 1050 5659 ⁷⁷
1082 5623 1232 5680 Psal.
1270 5640 1340 5692 Li,
1372 5625 1461 5681 10.
1537 5621 1581 5659 ⁷⁸
1605 5623 1757 5682 Psal.
1792 5641 1960 5693 ωιτη,
1990 5627 2036 5681 l.

2117 5623 2163 5662 7°
2193 5641 2388 5693 LXXIII,
2417 5625 2473 5678 2.

2203 4498 2375 4570 σάρκα
2402 4497 2644 4572 γενέσθαι
2693 4495 2783 4550 τὸν
2825 4493 2998 4568 Λόγον
3025 4534 3038 4548 .
3079 4497 3182 4548 Τοῦ
3225 4490 3281 4548 δὲ
3328 4493 3656 4566 ὡμοιῶσθαι
3693 4485 3829 4543 αὑτὸν

2201 4585 2492 4660 ἀνθρώπῳ,
2539 4585 2744 4659 μάρτυς
2781 4585 2816 4652 ἡ
2849 4581 3007 4637 εἷ’κὼν
3045 4580 3210 4636 αὐτοῦ
3253 4583 3418 4650 πιστή
3447 4623 3461 4637 .
3515 4581 3609 4635 καὶ
3648 4581 3712 4642 τῆ
3749 4573 3830 4660 αὐτ

2201 4680 2302 4743 τῆς
2359 4670 2656 4751 παραδοχῇ
2713 4671 2806 4726 καὶ
2862 4671 3251 4742 προσκυνήσει,
3303 4665 3698 4742 παραδέδεκται
3752 4657 3827 4716 καὶ

2200 4767 2575 4838 προσκυνεῖται
2634 4759 2910 4836 Χριστός.
2968 4760 3044 4821 ὡς
3088 4754 3326 4831 ἔμπαλιν
3377 4756 3465 4812 ἐπὶ
3515 4763 3616 4825 τῆς
3659 4751 3830 4819 ἀθετή-

2202 4873 2374 4915 σεως.
2436 4851 2875 4925 Προσεκύνησεν.
2933 4845 3204 4924 Αὕγαρος,
3282 4845 3573 4919 δεξάμενος
3652 4844 3826 4906 πίστιν,

2201 4944 2402 5015 νοερῶς
2444 4938 2708 5014 Χριστόν·
2759 4935 3129 5014 προσεκύνησε
3169 4935 3226 4992 δὲ
3273 4935 3487 5008 μᾶλλον
3543 4932 3700 4989 αὐτὸν
3741 4929 3829 5002 ἐμ·-

2201 5030 2521 5109 φανέστερον
2580 5029 2633 5084 ἐν
2689 5031 2759 5102 τῇ
2827 5028 2962 5103 πρὸς
3020 5027 3184 5082 αὐτοῦ
3249 5027 3486 5101 Χριστοῦ
3539 5019 3825 5101 πεμφθείς-ῃ

2201 5116 2348 5190 αὕτῴ
2377 5118 2796 5193 ἀχειροποιήτῳ
2825 5115 2990 5172 εἶκόνι
3017 5159 3030 5172 .
3078 5117 3238 5171 Ὥστε
3268 5113 3319 5169 ἐν
3354 5112 3488 5187 αὐτῇ
3542 5114 3794 5186 ὁμοιωμα
3814 5123 3826 5137 '

2201 5212 2369 5272 τικῶς
2409 5209 2550 5280 ὁμοῦ
2597 5227 2656 5262 τε
2703 5208 2789 5261 καὶ
2841 5209 3044 5282 νοερῶς
3093 5203 3526 5282 προσκεκῦνηται
3577 5193 3826 5274 Χριστὸς⁸

2201 5303 2292 5352 νῦν
2330 5299 2424 5371 μὲν
2457 5295 2630 5360 οὕτως
2652 5317 2665 5330 ο
2697 5294 2750 5352 ἒν
2780 5293 2837 5351 δὲ
2867 5301 2947 5368 τῷ
2980 5293 3244 5368 μέλλοντι
3275 5293 3430 5348 αἰῶνι
3451 5291 3790 5348 αὑτοπτικῶς
3811 5302 3823 5314 ‘

2199 5389 2300 5452 τῆς
2333 5387 2426 5460 μὲν
2456 5387 2656 5460 ὁρατῆς
2701 5384 2868 5440 αὐτοῦ
2899 5383 3236 5458 Θεοφανείας,
3284 5381 3358 5444 ὥς
3409 5400 3572 5457 φησιν
3606 5380 3634 5432 ὁ
3666 5371 3825 5460 πολῆ-

2203 5498 2368 5554 σοφος
2408 5459 2704 5545 Διονύσιος,
2747 5475 2798 5531 ἐν
2840 5476 3142 5551 παναγνοις
3187 5471 3435 5546 θεωρίαις
3483 5459 3826 5539 ἀποπληροῦ-

2550 5622 2598 5658 ⁸⁰
2617 5624 2742 5679 Act.
2764 5637 2821 5694 κ,
2846 5621 2933 5677 30.
3012 5617 3250 5677 8'Joan.
3282 5632 3374 5683 xx,
3407 5615 3493 5668 25.
3572 5604 3821 5666 "Ma'tb.
