4062 6280
246 252 386 317 1289

1514 245 2032 322 EPISTOLARUM
2071 244 2209 321 LIB.
2254 256 2325 323 II.

3455 252 3594 326 1290

241 388 404 441 μενοι,
482 370 795 441 φανοτάταις
867 371 1002 442 ἡμᾶς
1075 378 1443 445 μαρμαρυγαῖς
1519 392 1837 447 περιαστρά-

1953 373 2026 430 ait
2079 373 2399 445 Dionysius
2453 374 2520 438 ⁸³.
2581 366 2935 431 castissimis
2984 376 3593 448 contemplationibus

239 460 478 519 πτούσης
509 476 522 488 ·
581 462 651 521 ὡς
710 463 830 522 τοὺς
878 461 1119 531 μαθητὰς
1169 462 1217 512 ἑν
1272 462 1437 534 ἐκείνῃ
1489 470 1551 533 τῇ
1596 463 1833 535 θειοτάτῃ

240 552 634 622 μεταμορφώσει
669 567 681 580 ·
714 558 808 611 τῆς
865 545 925 602 δὲ
962 558 1153 611 νοητῆς
1201 549 1359 601 αὐτοῦ
1407 547 1735 622 φωτοδοσίας
1788 550 1836 601 ἐν

243 634 432 688 ἀπαθεῖ
487 641 575 687 καὶ
650 635 786 708 ἀῦλῳ
861 645 933 707 τῷ
988 646 1057 708 νῷ
1112 643 1436 709 μετέχοντες.
1474 646 1672 703 Ταῦτα,
1740 642 1837 691 εἴτε

241 723 477 791 ἐλλιπῶς,
510 728 609 777 εἴτε
655 725 969 797 ἀρκούντως,
1018 730 1150 799 πρὸς
1180 730 1345 799 ἡμῶν.
1380 734 1533 799 Ὑμάς
1577 725 1636 779 δὲ
1665 747 1836 800 παρα-

240 813 381 865 καλῶ
411 818 458 866 ἐν
510 822 614 875 τοῖς
654 820 771 889 περὶ
820 823 953 868 Θεοῦ
1005 816 1175 888 λόγοις
1209 816 1434 878 εὐλαϐῶς
1485 835 1539 868 τε
1590 816 1701 887 οἶμα
1748 820 1837 868 καὶ

244 912 593 975 προσεκτικῶς
639 906 733 965 τὰς
786 904 1122 966 ἐπιζητήσας
1169 908 1435 958 ποιεῖσθαι
1469 925 1481 936 ·
1515 910 1604 957 καὶ
1652 906 1682 963 ἦ
1714 905 1836 977 παρ’

242 992 457 1056 ἑαυτῶν,
507 994 536 1052 ἣ
573 993 694 1068 παρ’
724 993 904 1066 ἐτέρων
936 999 993 1047 τό
1047 994 1233 1057 ἀληθὴς
1282 995 1614 1069 ἐξευρίσκειν,
1662 994 1837 1069 πόρρω

242 1080 460 1152 ἀφέντας
488 1084 545 1133 τό
577 1081 867 1155 ἓρεσχελεῖν
902 1101 914 1113 ·
950 1083 1008 1136 οῦ
1040 1090 1143 1155 μὴν
1174 1083 1304 1136 ἀλλὰ
1335 1088 1422 1136 καὶ
1473 1087 1518 1136 εἴ
1554 1103 1605 1136 τι
1648 1084 1838 1156 ἐσφαλ-

240 1173 389 1241 μένον
418 1172 467 1222 ἓν
514 1177 622 1230 τοῖς
648 1170 952 1242 εἰρημένοις,
987 1168 1309 1245 διορθώσεως
1355 1179 1536 1244 τυχεῖν
1570 1191 1582 1205 ·

240 1258 499 1331 όλιγόνους
528 1264 617 1312 καὶ
649 1260 957 1334 ἁμαρτωλὸς

1630 1171 1835 1245 ἐπείπερ

593 1544 709 1610 Eg’.
741 1574 808 1586 —
842 1551 1253 1617 Κατὴχησις.
1295 1545 1481 1619 [υμε’.]

1946 463 2129 533 pleni,
2176 463 2560 518 lucidissimis
2605 464 3026 536 splendoribus
3073 481 3185 521 nos
3234 467 3595 536 irradiantis,

1948 552 2193 623 perinde
2213 568 2283 608 ac
2312 552 2642 624 discipulos
2670 554 2728 608 in
2752 555 3129 610 divinissima
3151 555 3248 611 illa
3266 555 3594 626 transﬁgu-

1948 641 2173 695 ratione
2241 655 2254 705 ;
2318 640 2700 709 intelligibilis
2765 657 2903 696 vero
2970 643 3098 712 ejus
3162 642 3592 712 illustrationis,

1947 730 2281 784 secundum
2312 720 2573 784 mentem
2614 731 2993 801 passionibus
3018 732 3069 786 ei
3100 732 3347 787 materia
3384 748 3593 788 caren-

1947 823 2086 883 tem,
2150 819 2470 889 participes
2531 819 2773 874 erimus.
2830 822 3020 890 Atque
3071 825 3220 886 haec,
3286 821 3413 876 sive
3469 836 3594 877 non

1949 905 2139 977 plene,
2196 907 2319 961 siue
2369 906 2748 971 sufﬁcienter,
2790 924 2825 963 a
2865 908 3039 964 nobis
3098 909 3367 981 accipite.
3429 913 3593 980 Rogo

1946 1002 2143 1051 autem
2186 1011 2288 1049 vos
2323 1002 2402 1063 ut,
2431 1011 2569 1050 cum
2600 996 2673 1051 de
2716 999 2831 1051 Deo
2861 1012 3059 1055 sermo
3089 1002 3198 1064 est,
3229 998 3505 1067 religiose
3533 1002 3594 1057 et

1947 1086 2164 1139 attente
2216 1084 2579 1155 quaastiones
2621 1086 2929 1151 moveatis,
2956 1086 3385 1158 veritatemque
3424 1091 3529 1142 aut
3558 1103 3595 1143 a

1948 1174 2115 1228 vobis
2152 1173 2318 1244 ipsis,
2343 1180 2445 1229 aut
2473 1172 2550 1227 ab
2593 1172 2723 1229 aliis
2768 1174 3106 1246 inquiratis,
3138 1174 3343 1246 procul
3373 1176 3594 1246 rejecta

1946 1262 2324 1317 contentione
2365 1278 2378 1315 :
2421 1262 2526 1317 sed
2564 1267 2619 1317 et
2651 1262 2699 1315 si
2738 1262 2881 1334 quid
2928 1264 2990 1318 in
3038 1265 3109 1318 iis
3160 1279 3297 1336 quas
3328 1264 3592 1320 diximus

1946 1356 2206 1407 erratum
2237 1355 2343 1414 est,
2376 1351 2683 1420 corrigatis
2716 1367 2730 1406 :
2764 1367 2901 1407 cum
2951 1352 3149 1422 exigui
3202 1353 3313 1408 sim
3345 1352 3593 1424 ingenii,

1948 1444 2004 1496 et
2023 1443 2320 1512 peccator.

2445 1546 2623 1601 LXVI.
2648 1576 2713 1585 —
2742 1546 3094 1604 Catechesis.

237 1643 475 1707 Primum
505 1642 684 1707 aliqua
706 1642 772 1707 de
807 1644 918 1692 suis
945 1645 1103 1694 rebus
1138 1644 1320 1694 scribit
1356 1659 1369 1692 :
1396 1644 1590 1693 deinde
1613 1644 1872 1695 adversus
1890 1642 2291 1707 Iconomachos.
2311 1643 2535 1693 Romani
2554 1644 2715 1693 etiam
2735 1645 3000 1707 pontiﬁcis
3019 1645 3285 1695 sententia
3304 1645 3591 1697 damnatos

300 1719 418 1773 esse
444 1705 831 1773 lmtatur._Suos
852 1707 925 1773 ad
944 1708 1398 1773 perseverantiam
1434 1707 1681 1773 hortatur
1705 1709 1955 1773 :‘piarum
1979 1705 2302 1756 feminarmu
2328 1719 2513 1755 curam
2534 1705 2880 1756 commendat
2903 1723 2913 1755 :
2942 1708 3161 1757 demum
3209 1709 3444 1772 patiendi
3494 1723 3594 1773 pro

299 1768 508 1818 Christo
545 1768 783 1818 studium
817 1768 1034 1819 excit—at.
1074 1770 1291 1831 (Baron.
1331 1784 1418 1818 an.
1455 1770 1565 1825 818,
1595 1785 1647 1816 η.
1687 1768 1799 1832 13ζ)

258 1914 263 1919 ,
309 1861 379 1910 Τό
429 1862 592 1929 παρὸν
637 1866 819 1920 κοινῶς
867 1864 999 1910 πᾶσι
1058 1864 1149 1911 καὶ
1178 1862 1271 1911 οὑκ
1317 1855 1433 1930 ἰδίᾳ
1486 1857 1689 1929 ἑκάστῳ
1718 1861 1835 1910 ἐπι-

2014 1858 2272 1913 Praesens
2304 1857 2586 1928 temporis
2612 1857 2876 1913 conditio
2905 1861 3112 1929 poscit,
3131 1864 3194 1915 ut
3223 1861 3592 1931 conjunctim

238 1945 440 1998 στεῖλαί
478 1965 542 2018 με
570 1966 583 1978 ·
644 1946 737 1998 οὐκ
786 1946 842 1998 ἐκ
896 1951 1343 2021 καταφρονήσεως,
1392 1943 1513 1999 οῦδὲ
1544 1946 1597 2009 ἐξ
1650 1946 1831 2019 ὀλιγω-

234 2040 377 2107 ρίας,
414 2036 585 2106 ἄπαγε
615 2053 626 2065 ·
658 2044 765 2095 πῶς
802 2038 902 2107 γὰρ
956 2034 1015 2087 ἆν
1066 2040 1523 2108 καταφρονήσαιμι
1578 2044 1675 2087 τῶν
1703 2038 1833 2107 ἐμῶν

238 2115 559 2196 σπλάγχνων
617 2130 705 2176 και
738 2124 1066 2196 όμολογητῶν
1116 2132 1370 2197 Χριστοῦ,
1424 2129 1495 2197 μὴ
1548 2125 1675 2197 οὐχὶ
1701 2125 1832 2197 μᾶλ-

234 2213 322 2265 λον
360 2220 449 2265 καὶ
503 2218 561 2265 τὸ
611 2214 743 2285 αἷμά
797 2233 896 2284 μου
949 2222 1122 2265 κενοῦν
1174 2212 1285 2265 ἀντὶ
1336 2213 1563 2285 μέλανος,
1622 2218 1712 2265 καὶ
1743 2216 1835 2274 τὰς

240 2304 437 2373 σάρκας
464 2307 714 2376 παρέχειν
746 2300 862 2354 ἀντὶ
891 2305 1096 2375 χάρτου
1126 2320 1139 2332 ⁸
1173 2303 1240 2363 εἰς
1286 2306 1343 2355 τό
1394 2305 1744 2369 καθεκάστην,
1792 2303 1835 2355 εὶ

236 2392 344 2444 οἷον
375 2410 427 2444 τε
479 2388 560 2458 ἦν,
599 2392 816 2464 γράφειν
863 2397 951 2443 καὶ
1008 2399 1325 2465 προσφωνεῖν
1373 2394 1544 2463 ὑμᾶς;
1582 2398 1682 2444 Καὶ
1729 2392 1835 2463 οὐχ

235 2480 318 2533 ὅτι
348 2480 441 2532 οῦκ
484 2483 598 2533 ἐστε
643 2479 732 2552 ἀφ’
763 2479 957 2532 ἑαυτῶν
1002 2484 1382 2554 ἑστηριγμένοι.
1418 2476 1559 2534 Οἶδα
1595 2484 1695 2554 γὰρ
1747 2487 1833 2533 καὶ

242 2572 524 2640 πέπεισμαι
576 2572 672 2628 ὅση
720 2570 843 2640 ὑμῖν
898 2571 927 2627 ἡ
980 2573 1124 2643 παρὰ
1182 2578 1314 2623 Θεοῦ
1375 2566 1591 2643 δύναμις
1642 2588 1654 2598 ·
1711 2568 1839 2619 ἀλλὰ

239 2661 328 2710 τόν
378 2659 603 2729 ἔμαυτοῦ
660 2660 818 2711 πόθον
875 2661 1184 2733 θεραπέυων,
1246 2662 1436 2711 καὶτὸ
1494 2668 1590 2720 τῆς
1635 2658 1837 2718 ἐντολῆς

243 2745 554 2821 ἀποπληρῶν
603 2755 775 2820 χρέος.
812 2750 983 2798 Αἴτιον
1024 2744 1083 2800 δὲ
1131 2751 1188 2799 τό
1238 2756 1327 2809 τῆς
1360 2748 1606 2819 φυλακῆς,
1648 2747 1836 2819 μᾶλλον

244 2833 624 2909 ἀσφαλέστερον
661 2850 673 2863 ⁸
733 2838 1144 2909 μεθορισθέντων
1196 2839 1339 2910 ἡμῶν
1370 2838 1512 2911 ἄρτι,
1550 2839 1725 2898 καθὼς
1754 2840 1838 2888 καὶ

242 2926 622 2997 προηκούσατε,
697 2923 751 2987 ἐξ
824 2924 1173 2979 Ἀνατολικῶν
1243 2925 1314 2985 εἰς
1379 2931 1716 2999 Θρᾳκησίους
1789 2927 1837 2976 ἐν

240 3014 446 3084 Σμύρνῃ
476 3029 488 3042 ·
524 3020 595 3083 τῷ
623 3031 677 3064 τε
705 3017 776 3085 μὴ
813 3010 1069 3076 δέξασθαι
1119 3012 1411 3089 ἀντίγραφα
1454 3012 1553 3065 ἀπὸ
1596 3020 1790 3087 χρόνου
1821 3030 1834 3043 ⁸

237 3108 329 3153 καὶ
360 3101 522 3162 ἄλλως
569 3103 649 3154 ὃτι
691 3110 798 3164 τοῖς
845 3105 984 3164 ἴσοις
1017 3102 1336 3175 ἀγωνισταῖς
1367 3106 1395 3161 ἡ
1432 3103 1556 3161 αῦτη
1588 3102 1833 3161 ἐπιστολὴ

237 3189 503 3263 ἀρκεσειεν
533 3191 637 3265 ἄρα
649 3233 661 3246 .

314 3374 469 3438 Δεῦρο
502 3363 569 3426 δὴ
625 3364 734 3436 οὖν,
767 3364 983 3440 ἀδελφοί
1028 3389 1150 3439 μου,
1193 3370 1399 3442 ᾄσωμεν
1429 3373 1518 3420 καὶ
1550 3375 1637 3419 νῦν
1674 3387 1838 3442 χαρι-

242 3461 460 3529 στήρια,
496 3458 574 3508 ὅτι
604 3457 900 3529 ἠξιώθημεν
952 3454 1211 3511 δουλεύειν
1244 3466 1356 3529 Θεῷ
1389 3459 1546 3518 ζῶντι
1576 3462 1665 3509 καὶ
1719 3456 1841 3514 ἀλη-

242 3547 368 3617 θινῷ
398 3563 410 3575 ⁸
446 3546 503 3597 οῦ
535 3551 661 3618 μὴν,
694 3544 820 3598 ἀλλὰ
853 3551 1020 3599 καὶτὸ
1068 3547 1192 3623 ὑπὲρ
1226 3547 1384 3599 αὐτοῦ
1417 3548 1644 3619 πάσχειν
1677 3567 1690 3579 ο
1720 3548 1840 3621 ὅπερ

239 3636 357 3689 ἐστι
405 3631 565 3698 δόξης
618 3634 825 3697 ἀπάσης
883 3632 1227 3709 ἐνδοξότερον,
1280 3642 1366 3689 καὶ
1405 3642 1581 3710 χαρᾶς
1635 3635 1845 3696 ἁπάσης

238 3728 586 3799 χαριέστερον
612 3742 623 3753 ·
659 3724 744 3779 Ἐν
792 3730 890 3777 τίνι
917 3728 1017 3797 γὰρ
1060 3729 1117 3777 τό
1168 3727 1331 3787 πάθος
1361 3726 1481 3797 ὑμῖν
1510 3742 1522 3791 ;
1572 3725 1709 3779 Ἀλλ’
1741 3724 1846 3796 οὐχ

240 3816 370 3887 ὑπὲρ
428 3822 519 3866 τοῦ
576 3822 854 3885 Χριστοῦ;
894 3820 1123 3887 Χριστόν
1181 3815 1520 3887 ὁμολογοῦσιν
1578 3816 1846 3887 ἄνθρωπον

239 3907 512 3975 γεγονότα,
562 3902 818 3964 ἀληθινῶς
874 3908 1032 3975 σαρκὶ
1079 3905 1491 3976 περιγράφεσθαι
1546 3924 1558 3936 ο
1616 3903 1708 3955 εἴτ’
1761 3899 1848 3954 οὖν

244 3991 647 4054 ἐξεικονίζεσθαι
682 4010 694 4021 ⁶
726 3997 814 4045 καὶ
868 3997 956 4051 τὴν
1003 3993 1100 4054 τῆς
1138 3993 1331 4053 εἰκόνος
1384 3988 1708 4066 παραδοχὴν
1754 4000 1849 4053 τῆς

246 4080 681 4154 ἓνανθρωπήσεως
741 4081 901 4134 αὑτοῦ
956 4079 1082 4133 εἶναι
1134 4086 1436 4133 πίστωσιν·
1493 4080 1553 4141 ἧς
1605 4082 1851 4152 ἀναιρου-

247 4174 407 4242 μένης
462 4176 550 4222 καὶ
627 4169 990 4243 ἀθετουμένης,
1060 4167 1301 4227 δηλονότι
1349 4174 1705 4244 συνανῄρηται
1761 4173 1850 4221 καὶ

250 4261 602 4318 πνηθέτηται
631 4266 721 4311 καὶ
770 4262 800 4317 ἡ
848 4261 1258 4332 ἑνανθρώπησις.
1304 4259 1445 4313 Ἀλλ’
1478 4256 1657 4317 ἐπειδὴ
1718 4261 1849 4311 ἐτύ-

249 4347 493 4420 φλωσεν
525 4350 549 4400 ό
584 4352 745 4410 Θεὸς
778 4356 888 4400 τοῦ
928 4348 1154 4410 αἰῶνος
1195 4354 1426 4400 τούτου
1456 4351 1530 4400 τὰ
1561 4354 1853 4420 νοήματα

248 4446 349 4488 τῶν
392 4437 786 4509 Εἰκονομάχων,
842 4440 971 4510 πρὸς
1027 4441 1084 4489 τὸ
1116 4442 1187 4510 μὴ
1248 4437 1482 4509 αὐγάσαι
1535 4437 1708 4499 αὐτοῖς
1763 4441 1852 4489 τόν

251 4530 518 4599 φωτισμὸν
573 4535 669 4589 τῆς
725 4526 916 4589 εἰκόνος
967 4525 1128 4579 αὐτοῦ
1163 4542 1175 4554 ·
1226 4523 1320 4578 διὰ
1366 4535 1519 4579 τοῦτο
1571 4529 1620 4579 ἑν
1680 4532 1852 4579 σκότει

253 4611 684 4689 διαπορευόμενοι
733 4615 1009 4689 ἀρνοῦνται
1061 4618 1314 4689 Χριστὸν,
1359 4615 1662 4688 ἀρνούμενοι
1691 4619 1851 4668 αὐτοῦ

250 4708 343 4763 τὴν
378 4704 548 4757 εἰκόνα
582 4721 595 4734 ⁸
647 4708 737 4757 καὶ
778 4704 1127 4777 φιλονεικοῦσι
1184 4707 1382 4766 πάντας
1434 4705 1851 4777 συνεκτυφλωθῆ-

251 4812 337 4845 ναι
370 4793 435 4845 αὖ
470 4800 548 4856 οῖς
582 4811 593 4823 ·
649 4790 944 4859 διώκοντες,
978 4794 1287 4863 αἰκίζοντες,
1323 4795 1707 4866 φυλακίξοντες,
1763 4800 1853 4847 καὶ

254 4882 327 4942 ὡς
389 4882 545 4934 εἰπεῖν
606 4881 683 4934 ἀεὶ
738 4882 1109 4944 ἀποκτένοντες,
1143 4883 1282 4938 Ἀλλ’
1338 4883 1444 4955 οὐχ
1495 4884 1699 4946 ἔλξουσι
1734 4886 1854 4945 τούς

256 4966 635 5045 βεϐαιωθέν-τας
716 4976 806 5023 καὶ
895 4971 1297 5047 ἐστηριγμένους
1371 4982 1430 5045 τῇ
1504 4972 1854 5047 ἀμεταπτώτῳ

257 5060 493 5133 ἀληθείᾳ.
530 5058 661 5114 Οὐδ’
694 5061 752 5112 οῦ
784 5066 885 5134 μήν
940 5059 1185 5133 διέφυγον
1230 5067 1301 5133 μὴ
1339 5062 1467 5133 οὐχὶ
1515 5070 1601 5114 και
1632 5063 1730 5115 ὑπὸ
1762 5070 1853 5116 τοῦ

257 5153 545 5225 κορυφαίου
624 5152 806 5223 θρόνου
885 5159 971 5210 τῆς
1068 5150 1381 5210 Ἐκκλησίας
1458 5147 1852 5223 διελεγχθῆναι,

257 5241 426 5302 καθὼς
465 5242 553 5293 καὶ
584 5239 799 5311 ἐγένετο,
854 5243 943 5291 καὶ
987 5236 1185 5293 οἴδατε.
1232 5245 1332 5292 Καὶ
1382 5236 1441 5297 ἧν
1497 5244 1585 5312 μὲν
1635 5242 1759 5313 ἡμῖν
1798 5244 1856 5293 τό

260 5329 538 5405 κορυφαλες
585 5348 675 5383 και
730 5329 1015 5404 εἰλικρινὲς,
1069 5333 1159 5381 καὶ
1208 5332 1311 5405 πρὸ
1343 5337 1431 5393 τῆς
1478 5338 1577 5381 τῶν
1627 5336 1854 5383 Δυτικῶν

258 5417 523 5480 ἕλεύσεως.
586 5422 925 5492 Προσεγίνετο
991 5414 1051 5472 δὲ
1100 5417 1249 5472 πλέον
1290 5419 1389 5472 ’ὅτι
1442 5418 1678 5493 μάλιστα
1735 5419 1855 5474 κάν-

334 5544 383 5581 ⁸³
413 5544 485 5602 de
517 5544 649 5601 Div.
673 5544 1028 5611 nominibus,
1059 5558 1196 5617 cap.
1224 5544 1272 5602 ι.
1340 5544 1423 5588 ιει
1448 5545 1493 5604 II
1522 5543 1651 5604 Cor.
1674 5533 1750 5620 iv,
1783 5548 1851 5607 4.

553 5648 792 5709 Parnm.
833 5648 936 5708 Gn.
978 5648 1166 5709 XCIX.

1942 1947 2226 2002 omnibus
2259 1961 2376 2001 non
2398 1946 2645 2016 singulis
2666 1945 2941 2017 privatim
2968 1948 3192 2004 litteras
3212 1949 3503 2014 dem,non
3521 1965 3593 2005 ex

1941 2041 2288 2114 contemptu
2347 2034 2437 2089 vel
2491 2035 2783 2104 neglectu,
2842 2035 2996 2092 absit
3035 2054 3049 2092 :
3091 2052 3236 2093 nam
3278 2039 3588 2110 quomodo

1942 2125 2165 2179 viscera
2204 2139 2337 2177 mea
2377 2139 2659 2194 spernam
2698 2131 2755 2179 et
2791 2124 3167 2181 confessores
3208 2126 3435 2190 Christi,
3480 2142 3590 2183 nec

1941 2215 2138 2285 potius
2161 2213 2514 2282 sanguinem
2550 2212 2674 2268 vice
2704 2216 3017 2269 atramenti
3041 2215 3314 2281 fundam,
3347 2215 3595 2288 pellem-

1940 2319 2057 2374 que
2084 2317 2193 2373 pro
2232 2302 2435 2356 charta
2492 2302 2818 2372 praebeam,
2856 2309 2916 2357 ut
2971 2304 3227 2373 singulis
3270 2304 3507 2371 diebus,
3543 2305 3593 2361 si

1942 2390 2065 2446 ﬁeri
2096 2391 2301 2462 possit,
2331 2406 2434 2445 vos
2456 2391 2688 2461 scriptis
2716 2390 2923 2446 litteris
2955 2392 3227 2464 alloquar
3253 2393 3280 2449 ?
3306 2399 3374 2450 At
3399 2410 3593 2466 neque

1942 2479 2161 2536 idcirco
2190 2479 2354 2551 quod
2388 2494 2489 2549 per
2508 2495 2609 2534 vos
2648 2480 2759 2550 ipsi
2790 2481 2959 2535 firmo
2986 2482 3172 2537 animi
3205 2482 3417 2538 robore
3448 2499 3595 2554 prae-

1944 2568 2049 2623 diti
2088 2584 2209 2622 non
2264 2566 2409 2621 sitis.
2466 2569 2611 2623 Novi
2664 2569 2823 2623 enim
2867 2585 2933 2625 ac
2981 2585 3339 2641 persuasum
3395 2571 3590 2628 habeo

1945 2664 2172 2729 quanta
2202 2658 2271 2711 sit
2304 2656 2473 2711 vobis
2513 2672 2549 2712 a
2578 2659 2693 2712 Deo
2737 2657 2917 2712 virtus
2951 2674 2963 2710 :
2995 2658 3100 2714 sed
3130 2659 3432 2716 desiderio
3457 2676 3594 2716 meo

1946 2746 2387 2814 obsecundans,
2421 2762 2489 2800 ac
2515 2746 2787 2802 mandati
2812 2746 3081 2804 debitum
3099 2749 3430 2805 exsolvens.
3449 2751 3597 2807 Scri-

1945 2834 2125 2889 bendi
2147 2839 2346 2889 autem
2376 2841 2682 2901 causaest,
2716 2835 3055 2904 diligentior
3082 2837 3269 2892 multo
3287 2836 3591 2893 custodia:

1945 2924 2108 2996 quod
2164 2922 2409 2977 Laducti
2466 2939 2695 2990 sumus,
2753 2925 3272 2995 quemadmodum
3329 2932 3384 2982 et
3428 2926 3596 2998 prius

1948 3011 2341 3081 inaudivistis,
2413 3027 2485 3066 ex
2536 3012 2785 3068 Orientis
2839 3018 3029 3069 tractu
3073 3014 3131 3069 in
3191 3014 3595 3071 Thracensem

1944 3101 2266 3172 Smyrnam
2295 3117 2306 3155 :
2337 3105 2466 3155 tum
2492 3116 2633 3155 vero
2663 3101 2829 3171 quod
2863 3102 3209 3171 jamdulum
3252 3104 3329 3159 ad
3371 3121 3480 3161 nos
3508 3120 3597 3160 re-

1864 3217 1910 3276 c
1947 3192 2169 3262 scripta
2210 3205 2330 3244 non
2366 3189 2742 3261 perferuntur
2779 3206 2792 3245 :
2822 3190 3060 3258 deinde,
3091 3192 3257 3264 quod
3304 3209 3377 3248 ex
3421 3210 3596 3265 sequo

1948 3278 2376 3334 dimicantibus
2406 3277 2657 3350 epistola
2686 3294 2805 3334 una
2833 3279 3076 3337 abunde
3101 3280 3298 3338 futura
3338 3286 3453 3339 est.

2020 3370 2184 3438 Agite
2233 3367 2456 3439 itaque,
2502 3367 2710 3424 fratres
2768 3368 2883 3423 mei
2916 3386 2929 3423 :
2960 3385 3120 3426 nunc
3176 3387 3420 3443 quoque
3476 3387 3598 3428 non

1952 3459 2077 3513 sine
2103 3463 2278 3512 cantu
2310 3462 2506 3528 grates
2523 3472 2795 3527 agamus,
2817 3457 2983 3530 quod
2996 3459 3160 3528 digni
3178 3460 3365 3516 habiti
3384 3478 3598 3517 sumus

1952 3548 2057 3620 qui
2087 3547 2205 3602 Deo
2239 3546 2369 3601 vivo
2386 3562 2455 3601 ac
2476 3562 2611 3602 vero
2643 3547 3005 3603 serviamus:
3025 3564 3221 3621 neque
3246 3550 3359 3605 hoc
3373 3549 3594 3620 solum,

1956 3636 2059 3691 sed
2097 3642 2153 3689 et
2180 3635 2283 3707 qui
2311 3650 2419 3706 pro
2444 3636 2579 3707 ipso
2611 3635 2914 3707 patiamur
2944 3656 2957 3695 :
2989 3639 3154 3709 quod
3188 3654 3433 3695 omnem
3478 3639 3603 3709 glo-

1954 3725 2106 3779 riam
2174 3728 2435 3794 superat,
2490 3740 2855 3796 omnemque
2904 3723 3194 3783 laetitiam.
3263 3730 3408 3783 Nam
3465 3744 3601 3800 quas

1957 3814 2127 3868 vobis
2165 3828 2351 3869 causa
2382 3814 2647 3884 patiendi
2678 3814 2706 3870 ?
2732 3820 2945 3870 Annon
2978 3823 3218 3888 propter
3247 3816 3542 3872 Christum
3573 3818 3603 3871 ‘I

1955 3901 2121 3974 quod
2141 3901 2435 3957 Christum
2466 3902 2773 3958 hominem
2807 3904 3025 3959 factum
3067 3904 3427 3960 conﬁtemini
3468 3922 3600 3962 vere

1957 4007 2134 4048 carne
2152 3992 2575 4062 circumscribi,
2612 3999 2790 4064 atque
2832 3993 2982 4047 adeo
3011 3992 3295 4049 delineari
3328 3996 3553 4066 pictura
3586 4012 3603 4063 ;

1961 4096 2030 4137 ac
2052 4080 2320 4151 ejusdem
2351 4081 2629 4149 imaginis
2647 4082 3111 4152 susceptionem,
3147 4082 3299 4138 illius
3329 4084 3601 4156 incorpo-

1958 4169 2206 4226 rationis
2267 4170 2448 4223 tidem
2503 4185 2628 4223 esse
2660 4185 2676 4224 :
2709 4186 2830 4241 qua
2864 4171 3098 4227 sublata
3122 4178 3179 4227 et
3223 4178 3590 4244 contempta,

1961 4258 2180 4314 tollitur
2225 4260 2475 4313 omnino
2502 4265 2558 4313 et
2581 4260 2982 4313 contemnitur
3028 4260 3451 4332 incorporatio.
3490 4260 3603 4318 Sed

1959 4348 2244 4421 quoniam
2280 4348 2433 4403 Deus
2460 4348 2638 4417 hujus
2663 4348 2867 4403 saeculi
2891 4350 3209 4405 excaecauit
3247 4357 3469 4407 mentes
3490 4354 3609 4406 lco-

1961 4436 2397 4492 nomachorum
2429 4436 2498 4504 3‘,
2526 4443 2583 4490 ut
2615 4452 2687 4491 ne
2710 4435 3017 4506 atfulgeret
3038 4438 3108 4492 iis
3126 4438 3409 4510 splendor
3424 4439 3612 4510 ipsius

1960 4526 2238 4595 imaginis
2278 4524 2535 4580 :idcirco
2581 4525 2643 4579 in
2696 4525 2955 4580 tenebris
3016 4527 3395 4582 ambulanles
3452 4528 3611 4583 Chri-

1962 4620 2116 4670 stum
2132 4613 2989 4685 abnegant,ipsiusimaginem
3004 4614 3371 4686 abnegantes
3393 4632 3403 4671 :
3430 4622 3610 4688 atque

1962 4704 2128 4759 omni
2158 4718 2271 4775 ope
2295 4702 2665 4758 contendunt
2697 4709 2756 4758 ut
2804 4719 3016 4759 omnes
3049 4721 3187 4760 cum
3208 4707 3393 4777 ipsius
3424 4722 3612 4762 caecu-

1965 4794 2111 4848 tiant
2142 4814 2154 4847 :
2181 4797 2618 4863 persequentes,
2651 4792 2971 4858 caedentes,
2997 4794 3218 4849 carceri
3254 4795 3603 4867 mancipan-

1965 4888 2070 4947 tes,
2102 4896 2172 4936 ac
2223 4880 2658 4952 propemodum
2710 4896 2948 4953 semper
2999 4882 3357 4938 occidentes.
3386 4888 3451 4937 At
3499 4899 3621 4939 non

1965 4970 2300 5043 pertrahent
2325 4985 2426 5025 eos
2457 4971 2558 5041 qui
2602 4970 2941 5042 cupﬁrmati
2975 4978 3112 5027 sunt
3136 4988 3205 5026 ac
3236 4970 3611 5029 corroborati

1964 5058 2322 5116 immutabili
2355 5056 2613 5114 veritate.
2650 5062 2801 5115 Sane
2834 5076 2953 5115 non
3009 5059 3365 5129 effugerunt,
3391 5062 3537 5133 quin
3579 5078 3615 5117 a

1967 5165 2248 5221 supremo
2280 5148 2551 5203 Ecclesiae
2578 5148 2788 5204 throno
2801 5150 3619 5218 arguerentur,sicutfactum

1967 5246 2075 5305 est,
2109 5243 2167 5293 et
2190 5236 2302 5309 ipsi
2334 5238 2517 5292 scitis.
2554 5240 2614 5292 Et
2644 5238 2820 5294 nobis
2847 5237 3095 5309 quidem
3136 5244 3260 5294 tuta
3287 5246 3342 5294 et
3386 5239 3620 5295 sincera

1968 5334 2136 5384 erant
2167 5327 2393 5395 omnia,
2418 5327 2599 5384 etiam
2617 5334 2751 5383 ante
2779 5326 3250 5384 Occidentalium
3268 5328 3618 5395 adventum,

1970 5418 2295 5476 Plurimum
2325 5431 2464 5476 vero
2505 5416 2689 5475 etiam
2716 5412 2852 5473 inde
2886 5415 3167 5487 accessit,
3200 5421 3266 5473 ut
3294 5430 3627 5488 cognosca-

3287 5645 3353 5708 41
