4062 6280
549 239 682 316 4291

1812 245 1874 314 S.
1919 255 2286 314 THEODORI
2327 241 2653 313 STUDITE

3738 229 3860 308 £292

544 395 703 450 mus,
733 384 814 440 uti
845 379 1186 455 superiores
1213 382 1440 440 aetates.
1471 384 1554 438 sic
1569 386 1625 439 et
1655 388 1926 440 nostram
1952 399 2189 457 quoque

2303 385 2499 449 τεῦθεν,
2539 384 2608 444 ὡς
2635 379 2695 432 ἀν
2732 386 2931 452 γνῶμεν
2984 379 3065 432 ὄτι
3095 377 3353 431 ἀκόλουθα
3397 383 3512 439 ταῖς
3537 377 3642 430 ἄνω
3669 385 3863 450 γενεαῖς,

547 472 668 529 Deo
707 489 865 528 curas
886 487 1036 539 esse,
1064 476 1243 544 atque
1271 471 1350 528 ab
1375 472 1510 544 ipso
1531 478 1668 528 ante
1701 473 1970 528 omnium
1990 473 2196 528 oculos

544 562 819 618 constitui
858 561 1287 625 testimonium,
1315 560 1480 632 quod
1508 560 1586 616 ab
1624 577 1694 617 eo
1734 561 1908 617 alieni
1949 563 2066 616 sint
2092 562 2195 634 qui

542 651 870 721 imaginem
911 656 1151 720 negant.
1204 649 1264 704 Si
1304 649 1461 705 enim
1510 666 1544 704 a
1584 653 1910 722 coryphaeo
1957 651 2195 722 abrupti

543 744 703 806 sunt,
734 743 790 796 et
853 740 931 794 ab
971 738 1098 795 aliis
1159 738 1344 794 tribus
1391 739 1742 810 patriarchis
1777 756 1790 806 ;
1827 739 2030 812 utique
2083 746 2196 796 eta

543 829 798 896 Christo,
840 831 942 900 qui
991 833 1174 900 caput
1229 833 1318 883 est
1366 828 1788 900 praedictorum
1834 835 1937 884 :et
1992 829 2194 899 lugere

539 917 775 975 illorum
806 933 993 973 causa
1017 923 1071 972 et
1100 931 1348 972 moerere
1372 917 1671 982 convenit,
1700 923 1905 973 nostra
1929 933 2070 974 vero
2097 919 2195 974 lae-

541 1007 653 1066 tari
676 1023 858 1080 supra
889 1005 1160 1062 modum.

615 1096 903 1168 Deinceps
933 1096 1156 1166 itaque,
1189 1092 1405 1159 dilecti,
1439 1095 1692 1150 carceris
1728 1095 2032 1152 molestias
2064 1113 2187 1168 per-

543 1185 828 1251 feramus,
891 1200 961 1240 ac
1001 1182 1357 1239 tentationes
1411 1199 1546 1255 quae
1603 1184 1992 1256 impendent:
2029 1185 2190 1241 istud

541 1276 762 1348 ipsum,
783 1271 1050 1346 quotidie
1076 1271 1247 1341 mori,
1267 1271 1676 1328 testimonium
1697 1273 1964 1340 reddere,
1987 1274 2192 1330 decer-

540 1370 666 1421 tare
692 1361 894 1436 quoad
929 1376 1116 1434 usque
1152 1361 1319 1433 pacis
1365 1365 1604 1433 tempus
1657 1361 1937 1418 adveniat
1970 1381 1982 1418 :
2025 1364 2188 1436 quod

542 1454 831 1509 Dominus
866 1451 1154 1523 judicavit
1187 1452 1329 1506 satis
1361 1465 1490 1504 esse
1525 1450 1599 1504 ad
1643 1466 1848 1506 eorum
1893 1452 2191 1522 probatio-

539 1558 679 1598 nem
710 1541 813 1614 qui
862 1539 1239 1604 conﬁtentur,
1271 1543 1326 1594 et
1379 1538 1456 1594 ad
1499 1539 1785 1595 ultionem
1846 1556 2053 1596 eorum
2085 1543 2190 1614 qui

538 1632 721 1688 ﬁdem
752 1630 978 1686 veritati
1017 1629 1330 1697 abrogant.
1367 1628 1496 1683 Dies
1517 1628 1673 1682 diem
1709 1629 1908 1684 trudat
1955 1646 2060 1700 per
2090 1647 2193 1703 pa-

2303 476 2392 524 καὶ
2422 476 2515 529 τὴν
2545 470 2662 523 καθ’
2692 471 2825 542 ἡμᾶς
2865 470 2890 521 6
2944 471 3076 530 Θεὸς
3113 470 3408 521 ἐπισκοπῶν
3459 468 3723 519 ἐπισκοπεῖ
3748 486 3760 499 ·
3791 472 3867 518 καὶ
3941 537 3948 542 ᾗ

2303 562 2390 614 ὑπ’
2465 559 2584 631 ὄψιν
2658 563 2826 630 ἤγαγε
2886 561 2945 610 τό
3008 559 3315 631 μαρτύριον,
3382 557 3462 608 ὃτι
3525 555 3868 630 ἠλλοτρίωνται

2303 658 2395 702 τοῦ
2443 652 2492 702 οὶ
2539 649 2632 710 τῆς
2664 648 2854 709 εἰκόνος
2898 646 3138 721 ἀρνηταί.
3189 646 3248 700 Εἰ
3309 647 3410 720 γάρ
3464 652 3554 696 τοῦ
3609 650 3865 719 κορυφαίου

2303 739 2405 792 εἰσί
2439 735 2820 813 διεῤῥηγμένοι,
2853 745 2953 788 τῶν
2996 755 3050 789 τε
3099 735 3279 810 ἑτέρων
3311 742 3465 807 τριῶν
3504 742 3828 808 πατριαρχῶν
3854 751 3865 765 ⁸

2303 824 2512 886 δηλαδὴ
2554 832 2644 879 καὶ
2687 833 2778 880 τοῦ
2810 833 3064 898 Χριστοῦ,
3097 826 3154 887 ὃς
3202 823 3392 896 κεφαλὴ
3431 830 3528 874 τῶν
3585 829 3868 895 προειρημέ-

2299 938 2396 970 νων
2430 935 2443 948 ’
2471 921 2561 969 καὶ
2617 918 2813 968 πενθεῖν
2846 917 2960 968 ἔστι
3008 919 3098 967 καὶ
3131 913 3526 988 σκυθρωπάζειν
3565 911 3641 965 ἐπ’
3673 911 3864 973 αὐτοῖς’

2300 1009 2424 1079 ἡμῖν
2460 1003 2518 1059 δε
2544 1009 2756 1078 χαίρειν
2782 1008 2919 1078 μέγα
2948 1008 3037 1056 καὶ
3065 1005 3336 1078 ὑπερφυές.

2370 1097 2685 1167 Ἐνέγκωμεν
2735 1093 2823 1147 οὖν
2895 1093 3095 1158 λοιπόν,
3177 1091 3464 1163 ἀγαπητοὶ,
3520 1091 3588 1142 τὰ
3655 1089 3869 1141 θλιπτικά

2299 1185 2394 1245 τῆς
2425 1184 2657 1257 φυλακῆς
2692 1199 2704 1213 ·
2739 1185 2805 1235 τά
2832 1178 3250 1255 προσδοκώμενα
3279 1183 3354 1232 ἔτι
3378 1182 3693 1255 πειρατήρια
3717 1195 3729 1208 ·
3761 1179 3866 1230 αύτό

2298 1281 2471 1340 τοῦτο,
2545 1272 2892 1329 ἀποθνήσκειν
2968 1273 3288 1346 καθημέραν,
3365 1274 3665 1342 μαρτυρεῖν,
3723 1265 3867 1319 ἀθλεῖν

2297 1373 2390 1433 ἕως
2442 1369 2502 1423 ἂν
2553 1372 2741 1442 ἐπιστῇ
2784 1370 2811 1422 6
2859 1372 3038 1442 καιρός
3097 1375 3194 1430 τῆς
3246 1366 3488 1442 εἰρήνης’
3522 1365 3577 1418 ὃν
3619 1368 3645 1418 ό
3705 1369 3866 1438 Κύριος

2300 1457 2646 1533 δεδοκίμακεν
2679 1457 2967 1534 ἀρκούντως
2999 1461 3140 1530 ἔχειν
3195 1456 3261 1518 εἰς
3295 1453 3538 1528 δοκίμιον
3569 1462 3666 1508 τῶν
3716 1456 3868 1526 ὁμολο-

2297 1552 2546 1623 γούντων,
2623 1553 2710 1602 καὶ
2789 1545 3134 1619 ἀνταπόδομα
3222 1554 3321 1599 τῶν
3395 1545 3756 1599 ἀπειθούντων.
3820 1545 3865 1597 Ἠ

2301 1642 2467 1714 ἡμέρα
2528 1643 2624 1697 τὴν
2689 1640 2882 1712 ἡμέραν
2949 1632 3305 1696 διαϐιϐαςέτω
3368 1630 3440 1687 δι’
3507 1634 3759 1706 ὑπομονῆς
3795 1639 3868 1685 καὶ

540 1721 806 1777 tientiam
830 1726 885 1774 et
915 1717 1279 1774 alacritatem
1306 1733 1317 1770 :
1345 1732 1562 1772 manus
1593 1721 2010 1790 qualecunque
2037 1736 2189 1792 opus

2303 1731 2595 1802 προθυμίας
2628 1747 2640 1760 ·
2677 1729 2706 1786 ἠ
2759 1731 2882 1801 χεὶρ
2931 1725 3230 1798 ἓργαζέσθω
3281 1719 3654 1780 οἱονδηποτοῦν
3702 1726 3864 1798 ἔργον·

539 1815 816 1881 operetur
859 1823 872 1859 :
915 1807 1124 1877 lingua
1164 1804 1419 1877 psallat:
1455 1821 1674 1877 corpus
1731 1807 1790 1861 in
1845 1809 2189 1865 servitutem

536 1898 843 1968 redigatur
887 1913 900 1951 :
945 1895 1058 1950 sibi
1121 1895 1248 1966 ipse
1300 1894 1568 1949 attendat
1615 1897 1871 1967 animus,
1917 1912 1990 1952 ne
2039 1898 2193 1955 vitiis

539 1987 770 2060 pandat
799 1984 954 2041 fores
986 2001 998 2040 :
1035 1989 1098 2039 ut
1124 1999 1195 2039 eo
1226 1992 1401 2054 pacto
1441 1985 1707 2054 spatiosa
1745 1984 1848 2039 ﬁat
1898 1987 2192 2058 custodia,

540 2075 826 2148 gratiosa,
846 2072 1137 2145 jucunda.
1168 2071 1373 2127 Christi
1432 2071 1718 2143 palatium
1752 2090 1770 2127 :
1803 2090 1948 2129 nam
1987 2091 2080 2130 res
2108 2077 2200 2131 vi-

538 2163 712 2220 detur
741 2171 950 2219 contra
980 2177 1042 2217 se
1090 2161 1332 2216 habere.
1366 2161 1550 2215 Penes
1581 2177 1688 2216 vos
1716 2167 1805 2217 est
1847 2162 2068 2220 ﬁducia
2101 2180 2196 2221 eo-

538 2269 670 2310 rum
695 2253 796 2324 qui
823 2251 964 2306 foris
997 2256 1154 2312 sunt.
1189 2251 1452 2304 virorum
1483 2265 1553 2304 ac
1595 2250 1936 2318 mulierum,
1967 2255 2193 2310 monia-

539 2342 684 2398 lium
737 2356 806 2396 ac
848 2340 1079 2411 plebis:
1111 2346 1167 2394 et
1204 2339 1338 2410 jure
1390 2339 1658 2410 optimo:
1693 2341 2190 2414 quandoquidem

540 2431 747 2486 Christi
773 2429 1065 2484 beneficio
1096 2428 1196 2483 lux
1228 2428 1365 2482 estis
1394 2427 1679 2501 Byzantii,
1708 2444 1781 2483 ne
1800 2431 1996 2486 dicam
2029 2432 2191 2486 orbis

541 2521 740 2575 totius.
763 2518 875 2574 Sed
907 2518 1218 2573 diabolum
1237 2518 1578 2572 intueamur
1598 2518 2042 2574 interserentem
2070 2519 2193 2576 fru-

538 2612 740 2663 mento
794 2607 1062 2662 zizania:
1103 2612 1159 2662 et
1214 2605 1462 2678 spiritali
1507 2606 1704 2662 cribro
1749 2607 1928 2662 ﬁdem
1988 2611 2191 2681 utique

539 2695 1367 2767 admittamuos,excutiamus
1399 2700 1596 2749 autem
1615 2694 1862 2750 atfectus
1887 2714 1900 2752 :
1928 2713 2000 2752 ne
2025 2699 2194 2769 spiri-

543 2787 676 2842 talis
699 2801 842 2855 ager
867 2785 1309 2851 pessumdatur.
1339 2783 1555 2838 Habuit
1581 2788 1638 2838 et
1678 2800 1935 2855 magnus
1977 2787 2191 2842 Paulus

541 2875 942 2940 charissimas,
971 2873 1225 2946 Appiam
1265 2873 1333 2934 ⁸⁵,
1361 2872 1653 2927 Persidem
1689 2873 1772 2928 8‘z
1809 2881 1864 2928 et
1909 2876 2193 2931 Evodiam

542 2970 733 3034 rogat,
763 2970 817 3019 et
844 2962 1185 3036 Syntychen
1207 2962 1580 3033 deprecatur.
1609 2962 1872 3032 Idipsum
1894 2980 2102 3034 sapere
2129 2965 2193 3020 in

2302 1823 2359 1872 τό
2393 1823 2564 1890 στόμα
2586 1816 2822 1888 ψαλλέτω
2854 1833 2866 1846 ⁸
2900 1819 2958 1868 τό
2991 1823 3145 1886 σῶμα
3171 1810 3611 1884 δουλαγωγείσθω
3656 1829 3669 1842 ⁸
3723 1813 3746 1862 6
3773 1819 3870 1872 νοῦς

2303 1911 2610 1980 προσεχέτω
2664 1905 2831 1974 ἐαυτῷ
2866 1923 2878 1936 ·
2923 1909 2994 1976 μὴ
3035 1903 3257 1975 ἀνοίγειν
3288 1905 3446 1976 θύραν
3473 1908 3586 1962 τοῖς
3631 1902 3829 1953 πάθεσιν
3854 1916 3868 1930 ·

2304 1998 2369 2057 ὡς
2417 1995 2477 2047 ἄν
2517 1997 2546 2053 ἡ
2607 1993 2808 2066 φυλακὴ
2870 1992 3170 2066 εὐρύχωρος
3217 1987 3333 2052 εἷεν,
3388 1989 3723 2065 εὐχάριστός,
3771 1989 3871 2060 γλυ·

2303 2093 2437 2150 κεῖα,
2488 2083 2736 2136 παλάτιον
2786 2089 3041 2155 Χριστοῦ.
3093 2084 3162 2134 T6
3192 2083 3293 2154 γὰρ
3346 2081 3574 2131 ἐναντίον
3617 2074 3868 2151 πρόδηλον.

2306 2177 2496 2234 Πίστις
2543 2175 2686 2247 παρά
2728 2179 2826 2224 τῶν
2879 2169 3059 2233 ἔξωθεν
3101 2188 3226 2243 προς
3263 2169 3420 2241 ὑμᾶς,
3474 2164 3679 2243 ἀνδρῶν
3708 2185 3756 2219 τε
3799 2171 3868 2218 καὶ

2301 2269 2561 2333 γυναικῶν
2617 2278 2629 2290 ’
2684 2260 3022 2333 μοναξουσῶν
3047 2278 3098 2312 τε
3150 2263 3239 2311 καὶ
3290 2253 3556 2331 μιγάδων.
3621 2261 3716 2309 Καὶ
3762 2256 3871 2307 εἰκό·

2302 2369 2400 2411 τως
2440 2365 2452 2378 ·
2514 2353 2620 2402 ἐπεὶ
2652 2358 2750 2422 φῶς
2779 2352 2894 2402 ἐστε
2923 2351 3113 2422 χάριτι
3146 2349 3372 2420 Χριστοῦ
3413 2353 3509 2406 τῆς
3539 2342 3834 2406 Βυζαντίδος
3854 2360 3866 2373 ·

2305 2438 2388 2490 ἵνα
2436 2443 2509 2510 μὴ
2551 2442 2698 2503 εἴπω,
2749 2438 2866 2490 ὅλου
2898 2445 2994 2489 τοῦ
3040 2442 3264 2507 κόσμου.
3290 2434 3450 2488 Ἀλλα
3500 2432 3760 2507 βλέπωμεν
3800 2438 3869 2484 τόν

2304 2526 2670 2600 έπισπείροντα
2697 2535 2770 2598 τῷ
2797 2531 2925 2598 σίτῳ
2977 2526 3186 2588 ζιζανια
3215 2521 3458 2593 διῃϐολον
3493 2543 3512 2557 ο
3540 2529 3630 2575 καὶ
3659 2532 3726 2594 τῷ
3770 2518 3872 2574 δια-

2304 2625 2528 2688 νοητικῷ
2577 2621 2804 2687 κοσκίνῳ
2835 2619 2925 2675 τὴν
2983 2617 3073 2686 μὲν
3101 2618 3280 2666 πίστιν
3319 2614 3645 2685 προσιέμεθα
3674 2627 3687 2641 ⁸
3722 2613 3800 2669 τὰς
3825 2607 3870 2663 δε

2307 2710 2519 2778 σχέσεις
2550 2703 2952 2777 ἀποσεισωμεθα
2979 2721 2991 2733 ·
3025 2705 3106 2756 ἶνα
3135 2707 3206 2775 μὴ
3237 2704 3267 2761 ἡ
3299 2701 3514 2774 ψυχικὴ
3562 2707 3714 2774 χώρα
3735 2699 3870 2772 λυμή-

2304 2814 2475 2852 νηται.
2531 2792 2661 2866 Εἶχε
2706 2797 2793 2846 καὶ
2851 2791 3054 2854 Παῦλος
3112 2794 3138 2843 6
3192 2796 3355 2863 μέγας
3406 2789 3686 2861 ἀγαπητάς
3738 2807 3748 2817 ·
3797 2793 3867 2845 τὴν

2305 2882 2546 2956 Ἀπφίαν,
2593 2887 2685 2941 τὴν
2740 2878 2998 2954 Περσίδα,
3051 2885 3135 2933 καὶ
3172 2876 3408 2933 Εύωδίαν
3462 2878 3866 2953 παρακαλεῖ,καί

2305 2975 2575 3045 Συντύχην
2614 2971 2899 3045 παρακαλεῖ
2945 2973 3002 3021 τό
3055 2969 3181 3020 αύτό
3226 2976 3425 3043 φρονεῖν
3465 2966 3516 3019 έν
3545 2972 3736 3040 ιΚυρίῳ
3766 2984 3778 2998 ο
3819 2968 3868 3025 ὡς

539 3054 789 3111 Domino
819 3053 861 3087 ³⁷
899 3071 912 3108 :
941 3059 1233 3124 tanquam
1264 3051 1539 3106 laborum
1562 3053 2082 3125 certaminumque
2102 3070 2189 3109 so-

2305 3066 2678 3133 συγκοπιωσας
2706 3065 2796 3112 καὶ
2837 3057 3191 3119 συναθλούσας
3238 3062 3328 3109 καὶ
3356 3053 3743 3128 μδιακονούσας.
3791 3059 3863 3108 Καὶ

540 3144 664 3199 cias
705 3149 761 3198 et
800 3142 1140 3213 adjutrices.
1173 3144 1237 3196 Et
1267 3140 1489 3195 habere
1533 3139 1784 3196 omnino
1813 3157 2052 3196 necesse
2081 3151 2189 3209 est,

539 3231 646 3288 sed
697 3230 1216 3304 quemadmodum
1248 3228 1342 3284 ille
1373 3229 1600 3284 habuit.
1629 3230 1850 3284 Deinde
1897 3231 2089 3301 inquit
2118 3231 2192 3287 de

535 3321 799 3376 Priscilla
829 3326 885 3375 et
909 3319 1128 3391 Aquila
1160 3334 1174 3373 :
1207 3318 1510 3392 Siquidem
1536 3334 1651 3389 pro
1690 3321 1893 3375 anima
1917 3335 2046 3376 mea
2072 3336 2192 3377 cer-

539 3413 694 3466 vices
725 3423 860 3465 suas
894 3415 1328 3478 supposuerunt
1363 3408 1430 3463 ⁸⁸.

613 3498 782 3554 Vides
811 3500 1035 3552 amoris
1067 3497 1366 3563 ardorem,
1409 3501 1464 3551 et
1502 3495 1764 3567 Apostoli
1805 3498 2191 3555 commenda-

541 3586 820 3644 tionem?
851 3588 963 3651 Sic,
1010 3586 1222 3641 fratres
1271 3585 1408 3651 mei,
1453 3590 1509 3640 et
1567 3601 1677 3640 nos
1709 3590 1765 3640 et
1811 3601 1934 3651 vos,
1971 3588 2190 3657 pariter

536 3677 873 3733 habeamus
903 3683 958 3730 et
988 3675 1425 3748 amplectamur
1456 3690 1556 3729 eas
1587 3690 1722 3744 quae
1753 3675 2023 3744 ejusdem
2049 3692 2187 3731 con-

535 3765 778 3823 ditionis
803 3781 873 3820 ac
900 3766 1111 3829 meriti,
1145 3762 1316 3819 nobis
1344 3763 1643 3835 adjunctae
1674 3769 1812 3818 sunt
1841 3779 1911 3818 ac
1932 3765 2146 3820 deditae
2171 3782 2183 3820 :

539 3861 605 3912 ut
647 3861 704 3910 et
748 3853 1110 3926 gloriﬁcetur
1161 3853 1334 3917 Deus,
1364 3857 1422 3907 et
1464 3868 1571 3907 nos
1612 3851 2036 3921 illuminemur,
2066 3869 2186 3911 non

540 3945 927 4016 inquinemur
952 3950 1152 3998 autem
1205 3948 1263 3998 et
1297 3941 1735 4012 perturbemur.
1768 3942 1847 3997 De
1885 3943 2052 3998 vobis
2093 3945 2186 3999 tri-

539 4033 656 4090 bus
696 4033 773 4088 ad
805 4047 900 4087 me
931 4030 1228 4104 perlatum
1267 4030 1759 4094 est,consociatos
1785 4047 1889 4086 vos
1919 4047 2051 4086 eese
2084 4049 2189 4103 per

537 4121 948 4194 paenitentiam
1013 4127 1069 4174 et
1123 4119 1518 4174 mutationem
1571 4119 1845 4174 Leontii:
1890 4126 1945 4174 et
2003 4122 2186 4175 Deum

535 4210 862 4282 glorificavi
899 4225 1008 4279 ego
1051 4213 1345 4280 peccator,
1378 4214 1504 4262 tum
1545 4210 1623 4263 ob
1676 4207 1830 4263 illius
1871 4209 2189 4278 mitigatio-

532 4313 693 4363 nem,
725 4299 770 4352 si
809 4298 988 4352 modo
1019 4300 1375 4368 perseveret,
1404 4303 1528 4351 tum
1574 4297 1653 4352 ob
1700 4304 1959 4352 vestrum
2000 4304 2186 4353 certa-

537 4403 672 4442 men
715 4403 727 4440 :
770 4385 955 4458 quod,
1004 4392 1294 4456 tanquam
1333 4400 1364 4440 e
1393 4386 1633 4440 camino
1664 4387 1817 4456 ignis
1853 4391 1967 4440 tres
2001 4387 2187 4442 sancti

536 4475 725 4548 pueri,
785 4478 867 4530 sic
916 4480 973 4529 et
1024 4474 1139 4545 ipsi
1170 4489 1200 4528 e
1242 4479 1388 4528 tetro
1438 4490 1671 4529 carcere
1730 4473 1893 4529 illaesi
1943 4475 2186 4543 exiistis,

537 4569 794 4638 tyranno
824 4563 1149 4636 perterrito.
1182 4563 1295 4618 Sed
1322 4563 1541 4628 adhuc,
1589 4563 1693 4618 viri
1740 4565 1985 4630 strenui,
2019 4564 2190 4620 dimi-

535 4662 685 4719 cate,
715 4662 893 4709 etvos
924 4653 1002 4708 ad
1056 4653 1442 4707 tentationem
1487 4659 1832 4723 comparate
1887 4669 2078 4724 usque
2110 4655 2186 4712 ad

535 4743 913 4813 sanguinem.
948 4742 1082 4796 Hinc
1135 4741 1295 4796 enim
1343 4740 1437 4795 lex
1478 4741 1743 4812 martyrii
1784 4747 1889 4797 est.
1923 4741 2050 4797 Sint
2107 4741 2186 4799 illi

531 4832 829 4889 benedicti
882 4832 983 4905 qui
1038 4847 1144 4885 vos
1210 4828 1620 4896 corroborant,
1678 4845 1784 4885 seu
1835 4830 2023 4898 domi,
2083 4847 2187 4888 seu

537 4921 700 4978 foris.
727 4925 841 4978 Nos
871 4920 1068 4975 miseri
1092 4934 1329 4974 rursum
1365 4918 1557 4989 plagis
1612 4921 1748 4974 caesi
1784 4936 1995 4974 sumus
2029 4937 2042 4975 :
2078 4923 2182 4977 sed

536 5027 673 5068 cum
691 5013 1018 5081 gratiarum
1036 5009 1264 5064 actione
1289 5008 1636 5078 excepimus
1669 5023 1681 5064 :
1713 5016 1768 5063 et
1799 5024 1958 5063 nunc
1993 5010 2186 5082 magis

534 5102 714 5157 etiam
746 5100 920 5155 nobis
948 5099 1282 5170 placemus.
1299 5097 1489 5161 Quare
1508 5112 1614 5150 nec
1631 5112 1738 5152 vos
1756 5099 2186 5155 contristemini

531 5188 595 5248 in
635 5188 965 5245 humilitate
995 5195 1197 5243 nostra
1232 5185 1370 5249 ;sed
1409 5186 1665 5254 gaudete
1689 5186 1909 5258 potius,
1939 5193 1994 5242 et
2020 5197 2184 5244 orate

537 5285 602 5336 ut
630 5279 938 5334 valeamus
973 5277 1166 5331 adhuc
1189 5275 1249 5332 in
1280 5275 1643 5341 omnibus,et
1673 5289 1744 5330 ea
1771 5273 2023 5332 tolerare
2044 5293 2178 5350 quae

533 5385 570 5429 ο.
610 5366 1002 5444 potestatibus
1031 5364 1383 5432 inferuntur,
1411 5371 1468 5422 et
1503 5379 1576 5422 ea
1614 5364 1902 5422 sustinere
1931 5381 2067 5442 quis
2099 5366 2179 5426 ab

607 5530 656 5569 ⁸⁸
681 5529 924 5587 Philem.
957 5545 996 5597 ι,
1026 5530 1074 5584 1.
1179 5529 1226 5565 ⁸⁸
1257 5531 1424 5586 Rom.
1449 5544 1566 5597 xvi,
1605 5533 1688 5586 t2.

1781 5528 1824 5567 ⁸⁷
1852 5528 2102 5604 Philipp.
2149 5547 2223 5601 tv,
2253 5535 2306 5600 2,

2303 3147 2580 3222 ἀναγκαῖον
2613 3151 2816 3210 πάντως
2855 3150 2994 3220 ἔχειν
3027 3165 3039 3178 ·
3076 3146 3182 3198 ἀλλ’
3213 3149 3374 3218 ἔχειν,
3417 3148 3485 3206 ὡς
3516 3142 3658 3217 εἶχεν
3684 3143 3860 3201 ἐκεῖνος.

2302 3240 2444 3292 Ἐπεί
2495 3257 2626 3311 φησι
2668 3243 2784 3311 περὶ
2838 3236 3155 3310 Πρισκίλλης
3207 3241 3296 3288 καὶ
3345 3235 3543 3288 Ἀκύλα
3586 3252 3598 3264 °
3649 3235 3864 3292 Οἱτινις

2301 3331 2458 3403 ύπὶρ
2497 3336 2616 3390 τῆς
2679 3328 2908 3400 ψυχῆς
2963 3345 3080 3399 μου
3121 3328 3226 3378 τόν
3281 3323 3512 3376 ἑαυτὸν
3571 3321 3866 3397 τράχηλον

2300 3419 2650 3476 ὑπέθηκαν.

2366 3506 2520 3580 Ὀρᾷς
2578 3509 2637 3557 τό
2670 3505 2852 3579 θερμόν
2897 3511 2993 3565 τῆς
3042 3500 3269 3573 ἀγάπης,
3323 3505 3413 3553 καὶ
3471 3505 3569 3558 τὴν
3625 3498 3868 3553 ἀποστολι-

2298 3599 2393 3654 κὴν
2442 3590 2760 3666 ἀποδοχήν;
2807 3591 3001 3662 Οὕτως,
3048 3587 3263 3664 ἀδελφοί
3305 3609 3428 3662 μου,
3471 3593 3565 3642 καὶ
3613 3593 3753 3662 ἡμεῖς
3795 3591 3866 3639 καὶ

2298 3685 2463 3757 ὑμεῖς,
2537 3688 2626 3735 καὶ
2674 3685 2875 3754 ἔχωμεν
2953 3686 3042 3733 καὶ
3101 3679 3461 3751 ἀσπαζώμεθα
3514 3683 3606 3742 τὰς
3656 3683 3703 3732 ἓν
3750 3677 3864 3738 τάξει

2298 3782 2398 3825 τῶν
2451 3775 2696 3825 τοιούτων
2747 3771 2872 3842 ἡμῖν
2923 3772 3323 3842 καθισταμένας.
3353 3767 3440 3830 Ὠς
3492 3767 3554 3820 ἂν
3606 3765 3862 3830 δοξάζηται

2298 3863 2324 3914 6
2351 3865 2502 3928 Θεὸς,
2533 3866 2624 3913 καὶ
2660 3863 2958 3932 φωτίζωμεν
3007 3879 3020 3892 δ
3058 3857 3187 3910 ἀλλά
3233 3862 3304 3929 μὴ
3340 3858 3608 3929 θολὼμεθα
3651 3862 3734 3908 καὶ
3762 3874 3861 3924 συγ·

2296 3953 2562 4024 χεὼμεθα.
2613 3948 2910 4001 Ἦκουσταί
2953 3967 3044 4021 μοι
3093 3951 3211 4020 περὶ
3264 3948 3406 4018 ὑμῶν
3445 3955 3548 3999 τῶν
3601 3953 3762 4020 τριῶν,
3799 3945 3861 3994 ὅτι

2297 4041 2528 4098 ἠνώθητε
2570 4039 2669 4090 ύπό
2723 4036 3057 4109 μεταμελείας
3095 4043 3188 4088 τοῦ
3243 4043 3488 4087 ταπεινοῦ
3547 4035 3707 4110 [Reg.
3753 4033 3858 4088 cod.

2297 4128 2524 4198 ἑλεεινοῦ]
2583 4130 2847 4192 Λεοντίου,
2897 4130 2985 4177 καὶ
3043 4128 3128 4178 τὸν
3183 4127 3309 4178 Θεὸν
3365 4121 3599 4187 ἐδόξασα
3649 4126 3672 4175 6
3727 4122 3859 4194 ἁμαρ.

2296 4216 2477 4283 τωλός,
2510 4215 2593 4268 ἐπί
2646 4235 2698 4268 τε
2728 4222 2790 4288 τῇ
2842 4214 3152 4287 μετοκλάσει
3199 4213 3392 4266 ἐκείνου
3417 4231 3429 4244 ·
3489 4217 3628 4288 εῖπερ
3660 4217 3742 4264 καὶ
3766 4207 3858 4263 δια·

2296 4310 2462 4380 μείνοι
2516 4324 2528 4337 ’
2580 4309 2668 4357 καὶ
2722 4299 2783 4376 τῇ
2841 4305 3064 4376 ὑμετέρᾳ
3137 4301 3410 4361 έναθλήσει
3463 4320 3476 4332 ·
3535 4304 3616 4355 ὃτι
3670 4304 3732 4363 ὡς
3778 4298 3856 4350 ἀπό

2296 4399 2516 4465 καμίνου
2547 4397 2706 4465 πυρός
2736 4393 2784 4444 οἱ
2813 4391 2955 4464 ἅγιοι
2985 4398 3121 4464 τρεῖς
3172 4388 3380 4456 παῖδες,
3412 4392 3600 4443 καύτοὶ
3630 4398 3723 4442 τῶν
3772 4383 3856 4438 δειο

2296 4492 2393 4534 νῶν
2468 4481 2702 4554 φυλακῶν
2778 4481 2974 4542 ἀσινεῖς
3047 4479 3402 4547 έξεληλύθατε,
3477 4477 3856 4539 καταπλήξαντες

2297 4575 2384 4625 τὸν
2407 4575 2668 4646 τύραννον.
2702 4569 2838 4622 Ἀλλ’
2891 4571 2987 4638 ἔτι,
3039 4573 3264 4641 γενναῖοί
3291 4588 3412 4642 μου,
3448 4569 3701 4622 έναθλοῖτε
3731 4583 3741 4594 °
3785 4566 3854 4615 καὶ

2297 4663 2356 4714 τό
2399 4662 2746 4736 πειρασθῆναι
2795 4657 3134 4732 ἑτοιμάζεσθε
3175 4662 3368 4732 μέχρις
3423 4659 3660 4732 αἳματος.
3707 4659 3853 4708 Tma-

2297 4769 2383 4813 τος
2435 4753 2534 4823 γὰρ
2579 4749 2604 4802 6
2643 4753 2798 4822 νόμος
2861 4757 2955 4811 τῆς
3008 4752 3319 4821 μαρτυρίας.
3375 4746 3778 4820 Εὖλογηθείησαν
3814 4740 3852 4792 οἱ

2297 4838 2536 4892 ἀλεῖπται
2591 4840 2756 4911 ὑμῶν,
2814 4839 2864 4890 οἱ
2913 4833 3116 4891 ἔνδοθεν
3171 4842 3263 4889 καὶ
3335 4835 3538 4900 ἔξωθεν,
3607 4842 3765 4908 Ἡμεῖς
3814 4828 3850 4880 οἱ

2294 4927 2614 5001 ταλαίπωροι
2713 4931 2803 4978 καὶ
2899 4925 3046 4987 αὖθις
3156 4925 3589 4999 έμαστιγώθημεν
3655 4943 3668 4956 ο
3762 4917 3848 4971 ἀλλ’

2295 5019 2627 5089 εὐχαρίστως
2654 5012 2942 5087 ἐδεξάμεθα
2963 5029 2977 5045 ⁸
3003 5020 3092 5068 καὶ
3122 5011 3436 5088 εὐδοκοῦμεν
3466 5013 3652 5088 μᾶλλον
3671 5016 3749 5063 καὶ
3767 5010 3845 5060 Eri.

2290 5110 2465 5158 Ὦστε¹
2506 5105 2654 5177 ὑμεῖς
2712 5108 2783 5176 μὴ
2837 5103 3052 5156 ἀνιᾶσθε
3120 5101 3169 5155 έν
3220 5099 3284 5176 τῇ
3345 5109 3646 5156 ταπεινώσει
3704 5100 3846 5169 ἡμῶν,

2295 5190 2422 5245 ἀλλὰ
2473 5192 2663 5266 μᾶλλον
2697 5197 2930 5268 χαίρετε,
2964 5197 3053 5246 καὶ
3090 5194 3456 5269 προσεύχεσθε
3501 5191 3698 5262 ἰσχύειν
3734 5188 3847 5257 ἡμᾶς

2293 5283 2368 5334 ἔτι
2393 5282 2443 5335 έν
2473 5289 2634 5336 πᾶσιν
2663 5299 2675 5313 ·
2725 5286 2886 5336 οῖσειν
2927 5301 2982 5336 τε
3009 5288 3098 5336 καὶ
3127 5285 3192 5335 τὰ
3242 5283 3386 5358 παρὰ
3416 5290 3514 5334 τῶν
3556 5275 3845 5342 6501;010:669-

2291 5389 2392 5424 των
2437 5369 2730 5447 έπαγόμενα
2765 5391 2780 5406 ·
2830 5375 2995 5449 φέρειν
3045 5390 3100 5426 τε
3147 5375 3236 5425 καὶ
3276 5373 3343 5426 τὰ
3373 5372 3516 5449 παρὰ
3541 5376 3629 5424 τοῦ
3653 5365 3841 5443 ἀοράτον

2411 5533 2462 5578 ⁸⁸
2493 5536 2661 5600 Rom.
2695 5547 2813 5606 xu,
2855 5537 2914 5601 4.
