4062 6280
269 227 403 304 i293

192 368 688 446 ~1t'6).¢y.iou[Reg.
748 372 879 429 cod.
934 360 1205 444 πολέμου]
1260 372 1682 446 συμϐαλλόμενα,
1740 376 1834 427 σὺν

229 469 302 532 τῷ
367 458 571 535 ἀδελφῷ
626 462 908 533 Νικολάῳ’
960 463 1016 523 6;
1084 467 1175 514 καὶ
1244 466 1622 536 προσαγορεύει
1706 464 1839 536 ὑμᾶς

233 552 540 623 θερμότατα.
615 551 968 622 Μνημονεύετέ
1039 570 1140 622 μου
1219 561 1316 604 τὼν
1389 560 1711 624 στεναγμῶν.
1780 552 1838 605 'H

232 642 396 714 χάρις
423 642 535 712 μεθ’
562 642 723 713 ὑμῶν.
761 641 945 712 Ἀμήν.

468 727 579 782 ΞΖ.
613 759 681 770 -
710 733 1099 803 Ναυκρατίῳ
1137 733 1354 801 τέκνῳ.
1386 728 1610 802 [υμξ’.]

1532 236 2040 306 EPISTOLARUM
2080 249 2215 307 LIB.
2262 240 2331 305 ῘΙ.

3465 226 3606 309 1294

1948 374 2228 431 invisibili
2250 376 2417 431 hoste
2438 370 2837 447 conjiciuntur
2870 392 2884 442 ;
2913 390 3037 431 una
3071 386 3210 431 cum
3233 375 3410 433 fratre
3436 374 3606 432 Nico-

1949 464 2047 521 lao
2067 466 2169 537 qui
2194 482 2294 520 vos
2316 470 2696 536 peramanter
2725 466 2960 522 salutat.
3018 467 3364 522 Mementote
3405 466 3603 539 suspi-

1950 552 2177 609 riorum
2197 569 2488 610 meorum.
2520 552 2725 609 Gratia
2755 553 3089 609 vobiscum.
3146 558 3354 611 Amen.

2378 730 2542 784 LVII.
2574 759 2641 771 -
2669 730 3004 788 Naucratio
3027 731 3177 800 ﬁlio.

231 825 514 889 Captivum
532 840 627 890 pro
656 826 862 877 Christo
893 826 1098 876 solatur
1130 826 1521 900 conﬁrmatque
1545 841 1639 900 spe
1676 826 1987 899 praamii.De
2014 827 2383 900 quorumdam
2398 828 2675 891 lapsorum
2705 829 3021 892 poenitentia
3049 829 3370 893 respondet:
3398 843 3609 880 necnon

1335 890 1401 939 de
1417 889 1689 953 aliquibus
1740 889 2041 953 imaginum
2057 889 2491 953 incriptionibus.

311 974 659 1051 ΠαρἼλπίδα
688 981 800 1050 μὶν,
860 976 936 1030 ἐπ’
965 974 1143 1030 ἑλπίδι
1170 975 1229 1031 δε
1267 980 1425 1051 ὅμως,
1462 976 1718 1049 ἐδεξάμην
1751 997 1846 1031 σου

234 1070 329 1125 τὴν
376 1066 673 1133 ἐπιστολὴν,
725 1072 897 1139 τίμιον
946 1071 1119 1119 τέκνον
1151 1087 1163 1099 ν
1222 1072 1280 1120 τὸ
1333 1076 1557 1142 πρῶτον,
1612 1064 1706 1119 διὰ
1756 1072 1849 1125 τὴν

238 1154 536 1226 ἐπίσφιγξιν
584 1163 674 1216 τῆς
718 1156 952 1227 φυλακῆς
980 1155 1035 1219 ἐξ
1084 1155 1369 1230 ἐπιτροπῆς
1399 1164 1490 1209 τοῦ
1545 1154 1803 1228 βασιλέως
1833 1173 1845 1186 ·

238 1248 298 1297 τὸ
331 1240 589 1316 δεύτερον,
624 1241 718 1297 διὰ
742 1250 836 1303 τὴν
883 1246 1226 1318 ὑπεράπειρον
1255 1246 1563 1319 ἂγαθότητα
1592 1253 1683 1297 τοῦ
1741 1246 1851 1317 φιλ-

240 1335 516 1406 ανθρώπου
548 1341 681 1387 Θεοῦ
707 1351 719 1364 ·
780 1331 854 1386 δι’
880 1335 1017 1406 ὑμᾶς
1071 1339 1193 1397 τοῦς
1219 1338 1397 1407 ἁγίους
1458 1340 1547 1388 καὶ
1576 1338 1639 1388 τὰ
1704 1337 1849 1406 ἡμῶν

239 1431 343 1475 τῶν
386 1422 701 1497 ἁμαρτωλῶν
758 1418 810 1475 εὖ
869 1419 1267 1495 διατιθεμένου·
1328 1426 1423 1477 κᾶν
1481 1426 1530 1476 οἱ
1586 1426 1850 1498 ἄνθρωποι

240 1507 665 1573 δυσδιεξὸδευτα
714 1520 994 1585 πειρῶνται
1046 1516 1233 1585 φέρειν.
1288 1519 1387 1567 Καὶ
1435 1517 1484 1565 τί
1528 1516 1673 1575 εἴπω,
1720 1517 1749 1571 ἤ
1800 1518 1851 1565 τί

241 1595 798 1669 διωοηθὼὁτάλαωῆ
824 1603 1133 1654 ὄτιΠάντα
1164 1605 1238 1654 τὰ
1267 1602 1430 1654 ὀστᾶ
1455 1622 1571 1674 μου
1605 1601 1849 1674 ἐροῦσι,

242 1692 462 1762 Κύριε,
535 1693 745 1763 Κύριε,
836 1710 930 1751 τις
999 1693 1224 1762 ὅμοιός
1303 1711 1441 1763 aet;
1521 1691 1852 1762 Ῥυόμενος

239 1780 511 1849 πτωχὸν
551 1777 614 1830 ἐκ
675 1782 898 1851 χειρὸς
963 1784 1403 1854 στερεωτέρων
1441 1780 1655 1833 αὐτοῦ.
1710 1779 1851 1835 Αύτη

237 1887 344 1941 μου
366 1868 395 1924 ἡ
425 1874 604 1941 πρώτη
638 1874 773 1938 φωνὴ
799 1876 889 1920 τοῦ
912 1868 1122 1943 οἰκτροῦ
1148 1889 1158 1900 ·
1190 1871 1285 1921 κοῖν
1312 1869 1365 1921 ἐκ
1385 1876 1662 1929 Δαυῑτικῆς
1688 1865 1855 1938 ᾠδῆς.

241 1959 508 2029 Δεύτερον,
532 1958 611 2007 ὅτι
642 1961 731 2008 καὶ
762 1954 1080 2028 ἀδολεσχίας
1104 1958 1308 2016 ἁνείθην
1324 1957 1578 2029 ἀναγνοὺς
1603 1960 1659 2009 τὸ
1690 1958 1856 2029 γράμ-

243 2065 324 2118 μα
348 2063 359 2074 ·
394 2045 501 2097 ἐπεὶ
522 2045 666 2117 εὗρον
692 2050 785 2103 τὴν
807 2047 1065 2119 μέθειρξίν
1098 2066 1192 2098 σου
1227 2047 1385 2108 οὕτως
1406 2050 1636 2117 ἔχουσαν
1657 2049 1724 2107 ὡς
1754 2042 1859 2097 ἐδί-

247 2132 437 2196 δαξας.
498 2133 673 2206 ⁴Ημην
726 2138 827 2206 γὰρ
892 2141 1174 2209 προμαθὼν
1232 2139 1313 2190 ὃτι
1367 2142 1518 2208 μόνον
1586 2153 1861 2207 μετεφρου-

243 2225 438 2297 ρήθης.
475 2222 735 2294 Εύψύχει,
792 2220 997 2296 ἁδελφὲ,
1058 2231 1148 2277 καὶ
1192 2226 1490 2298 εὐφραίνου,
1558 2226 1637 2276 ὃτι
1689 2226 1861 2282 καθὼς

244 2311 521 2371 πλεονάζει
550 2314 617 2363 τὰ
656 2313 949 2383 παθήματα
994 2321 1086 2365 τοῦ
1137 2322 1369 2388 Χριστοῦ
1397 2314 1467 2375 εἰς
1522 2316 1597 2381 σὲ,
1652 2316 1738 2363 καὶ
1792 2311 1864 2373 εἰς

245 2404 369 2459 τοὺς
395 2401 681 2471 ὁμόφρονας
712 2420 807 2452 σου
838 2406 926 2453 καὶ
983 2403 1302 2473 ὁμοτρόπους
1336 2422 1420 2455 σοι
1446 2420 1457 2433 ⁸
1511 2400 1645 2454 οὓτω
1683 2405 1773 2452 καὶ
1828 2402 1858 2458 ἡ

246 2489 611 2561 παράκλησις,
642 2494 730 2541 καὶ
761 2492 786 2541 6
831 2493 1045 2563 μισθὸς,
1078 2498 1163 2545 καὶ
1223 2497 1282 2545 τὸ
1313 2493 1472 2553 κλέος.
1511 2496 1610 2544 Καὶ
1647 2498 1753 2549 πῶς
1802 2492 1863 2540 οἶν

252 2574 403 2649 εἶχεν
460 2577 531 2638 εἰς
581 2578 862 2650 τούμφανὲς
928 2579 1085 2633 ἐλθεῖν
1138 2585 1203 2633 τὰ
1257 2584 1414 2639 σκεύη
1482 2589 1577 2642 τῆς
1630 2580 1860 2648 ἐκλογῆς,

253 2666 302 2720 εἰ
355 2671 429 2737 μὴ
494 2675 663 2741 παρῆν
718 2671 785 2720 τὰ
843 2667 1135 2736 σκάνδαλα,
1193 2678 1641 2744 παραχωροῦντος
1715 2672 1861 2734 Θεοῦ,

251 2760 381 2815 τοὺς
446 2754 534 2826 μέν
586 2764 858 2820 ποιοῦντας
916 2759 1050 2811 αὐτὰ
1109 2756 1398 2820 δεικνύντος
1454 2760 1556 2811 οἶοι
1612 2756 1728 2823 εἶεν,
1797 2760 1871 2818 ὡς

254 2846 477 2909 ζιζάνια
522 2849 809 2919 τηρούμενα
865 2848 935 2909 εἰς
988 2856 1176 2901 καῦσιν
1228 2851 1393 2921 πυρὸς
1450 2849 1690 2900 αἰωνίου·
1746 2850 1867 2906 τοὺς

2029 979 2245 1035 Praeter
2272 995 2441 1049 spem
2490 979 2755 1051 quidem,
2824 986 2883 1035 at
2943 980 3115 1052 juxta
3169 996 3339 1052 spem
3384 986 3613 1046 tamen,

1959 1069 2159 1139 accepi
2187 1068 2406 1123 litteras
2440 1074 2590 1133 tuas,
2622 1067 2703 1123 ﬁli
2734 1069 3059 1125 reverende
3094 1085 3106 1123 :
3142 1069 3416 1135 alterum,
3445 1071 3613 1142 quod

1955 1158 2130 1227 jussu
2157 1156 2315 1226 regis
2347 1158 2562 1211 arctior
2616 1157 2689 1210 sit
2740 1158 3058 1213 custodia:
3120 1155 3392 1222 alterum,
3448 1158 3615 1229 quod

1959 1245 2258 1300 immensa
2285 1244 2729 1300 clementissimi
2762 1246 2861 1300 Dei
2890 1246 3228 1315 benignitas
3259 1246 3355 1313 sit,
3376 1250 3620 1318 propter

1962 1350 2068 1389 vos
2094 1336 2194 1405 qui
2220 1335 2406 1389 sancti
2435 1335 2597 1399 estis,
2639 1349 2732 1388 res
2762 1350 3005 1405 quoque
3041 1339 3308 1399 nostras,
3341 1335 3443 1406 qui
3476 1350 3619 1406 pec-

1961 1428 2189 1479 catores
2221 1439 2453 1487 sumus,
2486 1422 2725 1490 egregie
2792 1422 3147 1477 fortunantis
3176 1441 3189 1479 :
3233 1423 3500 1494 quamvis
3527 1440 3620 1478 co-

1962 1519 2175 1568 nentur
2200 1511 2476 1566 homines
2524 1510 2768 1566 diﬁcilia
2822 1526 3024 1565 creare
3089 1512 3348 1579 negotia.
3395 1512 3621 1583 Ecquid

1964 1617 2143 1672 porro
2173 1600 2395 1663 dicam,
2424 1606 2526 1655 aut
2551 1599 2698 1672 quid
2725 1600 3003 1668 cogitabo
3030 1604 3222 1666 miser,
3259 1602 3368 1655 nisi
3403 1601 3561 1656 istud
3590 1600 3620 1655 7

1967 1690 2174 1745 Omnia
2203 1704 2332 1744 ossa
2365 1703 2493 1744 mea
2523 1689 2718 1743 dicent
2753 1705 2769 1742 :
2800 1688 3062 1755 Domine,
3101 1690 3364 1754 Domine,
3387 1690 3518 1762 quis
3545 1690 3619 1745 εἱ-

1966 1778 2614 1848 πιίιὶείίὸἱῩΕνίρὶθηε
2646 1780 2879 1844 inopem
2932 1778 3004 1833 de
3064 1792 3249 1834 manu
3300 1778 3621 1847 fortiorum

1965 1870 2093 1938 ejus
2125 1868 2192 1920 3°.
2229 1869 2390 1922 Hanc
2423 1868 2676 1938 primam
2702 1881 2905 1921 vocem
2943 1866 3118 1921 miser
3134 1866 3380 1934 emittot,
3424 1884 3623 1939 quan-

1967 1972 2150 2028 quam
2192 1972 2264 2011 ex
2299 1955 2577 2010 Davidico
2609 1957 2891 2010 carmine.
2948 1956 3079 2010 Haec
3146 1954 3363 2011 deinde
3394 1956 3621 2023 altera;

1967 2045 2132 2118 quod
2165 2044 2393 2100 solutus
2422 2061 2556 2099 sum
2579 2044 2784 2100 labore
2808 2044 3146 2116 prolixioris
3179 2046 3490 2109 sermonis,
3520 2045 3623 2102 ubi

1969 2134 2229 2190 libellum
2270 2135 2385 2203 legi
2419 2133 2949 2206 :quandoquidem
3002 2132 3261 2188 intellexi
3294 2134 3377 2188 sic
3421 2150 3485 2191 se
3516 2135 3619 2191 ha-

1974 2224 2111 2280 bere
2143 2224 2541 2295 captivitatem
2571 2229 2731 2278 tuam
2747 2221 3623 2294 quemadmoduminsinuaras

1974 2314 2138 2368 Prius
2169 2313 2331 2367 enim
2366 2311 2688 2367 didiceram
2725 2317 2777 2366 te
2811 2327 2998 2366 unum
3030 2312 3090 2366 in
3138 2326 3373 2369 carcere
3416 2314 3624 2369 deten-

1974 2407 2120 2457 tum.
2146 2402 2298 2456 Forti
2331 2408 2387 2455 et
2419 2416 2640 2469 magno
2668 2400 2870 2455 animo
2896 2406 3041 2467 esto,
3094 2400 3291 2465 frater,
3325 2406 3380 2456 et
3425 2402 3622 2472 gaude

1973 2491 2135 2562 quod
2151 2489 2669 2562 quemadmodum
2685 2489 2924 2543 abunde
2937 2494 2999 2544 nt
3012 2492 3325 2559 passiones
3341 2491 3546 2546 Christi
3564 2492 3623 2546 in

1976 2584 2050 2645 te,
2098 2585 2154 2634 et
2193 2579 2252 2635 in
2296 2595 2400 2634 eos
2449 2579 2669 2650 quibus
2698 2578 2881 2633 iidem
2942 2592 3156 2634 sensus
3207 2579 3627 2653 assimilesque

1977 2683 2173 2723 mores
2206 2684 2220 2733 ;
2259 2668 2343 2722 sic
2375 2668 2483 2723 erit
2515 2673 2571 2722 et
2597 2666 2944 2730 consolatio,
2969 2671 3026 2721 et
3053 2683 3300 2732 merces,
3330 2673 3385 2723 et
3410 2669 3621 2737 gloria.

1976 2760 2123 2813 Nam
2149 2772 2270 2828 quo
2300 2762 2474 2827 pacto
2517 2755 2830 2811 manifesta
2870 2755 3077 2811 ﬁerent
3108 2771 3258 2812 vasa
3302 2756 3629 2827 electionis,

1976 2846 2086 2900 nisi
2119 2846 2408 2901 scandala
2461 2846 2835 2910 interessent,
2863 2844 2962 2899 Dei
3019 2846 3335 2915 permissu,
3386 2847 3629 2902 manife-

252 2931 319 2988 δὲ
397 2935 814 3005 ύπομονητικοὺς
895 2946 992 2988 τῶν
1085 2946 1387 3009 πειρασμῶν
1465 2934 1863 3008 δοκιμάζοντος,

1979 2934 2184 2989 stantis
2222 2933 2466 3005 quidem
2495 2933 2703 3004 quales
2732 2933 2766 2987 ii
2797 2935 2915 2988 sint
2941 2935 3043 3003 qui
3069 2933 3212 2990 talia
3237 2940 3444 3003 agunt,
3469 2951 3625 3007 quos

252 3019 542 3086 ἡλιοειδώς
584 3023 940 3097 ἐκλάμψοντας
965 3024 1013 3077 ἐν
1044 3034 1103 3098 τῇ
1158 3024 1401 3099 βασιλείᾳ
1442 3033 1541 3077 τῶν
1594 3024 1863 3098 ούρανῶν;

1979 3028 2270 3093 tanquam
2300 3022 2527 3078 zizania
2556 3025 2752 3077 servat
2780 3020 2857 3075 ad
2895 3020 3274 3077 exustionem
3296 3023 3448 3092 ignis
3474 3041 3627 3080 sem-

244 3113 474 3186 piterni
512 3127 525 3167 :
556 3113 868 3184 probantis
926 3120 1129 3171 autem
1156 3130 1284 3171 eos
1340 3116 1443 3187 qui
1475 3114 1857 3171 tentationem
1890 3111 2205 3181 sustinent,
2236 3110 2376 3166 solis
2403 3111 2589 3167 instar
2614 3109 2962 3182 splendidos
3008 3109 3070 3164 in
3108 3111 3398 3167 caelorum
3442 3127 3628 3183 regno

245 3200 501 3260 futuros
522 3200 552 3253 ?

313 3287 491 3343 Ὣστε
542 3293 612 3361 μή
661 3308 718 3341 σε
770 3289 1007 3352 ξενιζέτω
1046 3294 1113 3345 τὰ
1167 3296 1447 3364 γιγνόμενα
1500 3292 1861 3349 καθεκάστην·

243 3380 292 3435 εἰ
356 3382 386 3432 6
420 3382 517 3451 μὲν
571 3379 730 3450 ἣρθη,
782 3380 807 3430 6
856 3376 916 3432 δὲ
964 3377 1215 3435 δέδεται·
1276 3387 1366 3434 καὶ
1419 3382 1547 3439 ἄλλη
1596 3385 1865 3441 τέτυπται,

237 3471 404 3544 ἑτέρα
437 3465 503 3521 δὲ
557 3468 913 3540 ὑπερώρισται
935 3487 948 3499 ·
1007 3476 1097 3523 καὶ
1127 3471 1228 3524 ὃσα
1251 3470 1381 3523 ἄλλα
1410 3471 1568 3531 οὕτως
1628 3473 1658 3529 ἦ
1690 3469 1871 3542 ἑτέρως

237 3562 389 3633 ἔχει,
470 3555 620 3619 Ἥξει
688 3561 875 3632 μικρὸν
954 3559 1171 3633 ὕστερον
1236 3562 1262 3611 ὀ
1322 3568 1413 3621 τῆς
1480 3555 1872 3619 ἁνταποδόσεως

231 3651 460 3723 καιρὸς.
545 3645 796 3716 Ἀνέγνων
875 3648 901 3698 ὃ
957 3652 1228 3720 πέπομφας
1283 3648 1395 3719 (καὶ
1460 3647 1699 3717 ἐπιγνοὺς
1783 3652 1873 3699 καὶ

232 3738 663 3810 εὐχαριστήσας
727 3743 800 3805 τῷ
867 3741 1062 3807 Κυρίῳ,
1133 3734 1283 3799 αὖθις
1361 3736 1681 3808 ἀπέπεμψα)
1756 3741 1873 3808 περὶ

229 3836 334 3881 τοῦ
370 3823 527 3878 ἀϐϐᾶ
564 3822 821 3895 Ἰγνατίου
844 3842 854 3854 ·
917 3826 1094 3896 οἶμοει
1156 3828 1237 3877 ὅτι
1284 3826 1415 3878 ἑάλω
1439 3842 1451 3855 ·
1515 3825 1621 3877 ἐπεὶ
1653 3825 1793 3897 φίλος
1848 3825 1873 3875 ὁ

233 3917 378 3990 ἀνὴρ
473 3910 850 3986 διαφερόντως.
940 3913 1078 3968 Ἀλλ’
1166 3910 1281 3985 εὖγε
1364 3919 1673 3978 πεποίηκας,
1752 3910 1874 3973 δοὺς

230 4010 601 4082 μετανοοῦντι
655 4008 750 4061 τὴν
808 4002 1056 4076 ἰατρείαν.
1108 4003 1326 4073 Ἱκανὸν,
1377 4008 1574 4067 τέκνον,
1618 4008 1675 4056 τὸ
1733 4006 1877 4075 παρά

235 4104 342 4150 σοῦ
375 4091 542 4146 δοθέν
574 4109 587 4121 ⁸
635 4090 780 4163 κάγὼ
812 4093 837 4143 6
894 4092 1047 4152 τάλας
1103 4095 1330 4164 εὔχομαι
1359 4095 1499 4163 αύτῷ
1530 4096 1623 4150 τὴν
1675 4094 1875 4144 ἀναπά-

232 4187 472 4239 λαισιν·
527 4180 589 4232 οὗ
655 4186 745 4232 καὶ
804 4176 1060 4251 δέδεγμαι
1114 4184 1206 4243 τὰς
1266 4184 1591 4255 προσφοράς.
1651 4181 1733 4241 Εἰς
1790 4185 1875 4233 τὸν

236 4271 486 4343 ἀδελφὸν
544 4270 843 4321 Ἀνατόλιον
896 4270 1329 4342 σπλαγχνίζομαι
1370 4272 1396 4322 6
1452 4275 1717 4331 ταπεινός·
1769 4270 1877 4323 ἐπεὶ

236 4356 599 4437 φιλαδελφεῖς
645 4363 735 4411 καὶ
764 4358 947 4421 αὐτὸς.
1012 4362 1107 4412 Διὰ
1150 4368 1304 4412 τοῦτο
1343 4359 1513 4431 τολμώ
1561 4364 1650 4412 καὶ
1708 4360 1874 4430 λέγω⁸

240 4449 623 4521 Κουφισθὴτω
653 4447 794 4518 αύτῷ
833 4453 922 4501 καὶ
975 4448 1145 4520 ἔτερος
1175 4453 1367 4522 χρόνος
1398 4470 1411 4483 ·
1460 4450 1592 4501 ὥστε
1644 4449 1880 4519 πληρου-

239 4542 420 4612 μένης
485 4542 582 4595 τῆς
635 4532 853 4601 διετίας,
912 4542 1175 4609 μετεχέτω
1226 4546 1325 4589 τῶν
1391 4537 1753 4609 ἁγιασμάτων.
1815 4539 1881 4589 Οἱ

239 4626 603 4699 κοιμηθέντες
659 4633 759 4677 τῶν
813 4622 1070 4697 ἀδελφῶν,
1141 4630 1308 4699 φωτὸς
1363 4628 1469 4677 υἱοὶ
1528 4627 1654 4698 ὑπὲρ
1714 4629 1882 4698 φωτὸς

240 4723 326 4787 τῷ
390 4709 627 4783 διωγμῷ
684 4713 1047 4779 τελειωθέντες,
1104 4715 1468 4789 προσεύξοιντο
1538 4720 1655 4787 περὶ
1710 4717 1877 4787 ἡμῶν.

241 4804 318 4859 Οἱ
386 4800 567 4859 ἄλλως
622 4802 932 4866 τεθνηκότες,
990 4802 1186 4855 ἐλεεινοὶ
1251 4812 1339 4864 τῆς
1405 4800 1685 4875 ἐκδημίας,
1746 4808 1882 4857 κατὰ

238 4896 371 4958 τὰς,
430 4891 572 4961 ἐμὰς
616 4889 893 4965 ἁμαρτίας,
926 4893 995 4952 ὡς
1050 4876 1287 4964 λέλεχας,
1340 4899 1583 4954 Τοιοῦτος
1614 4897 1704 4945 καὶ
1751 4894 1879 4967 ύπερ

239 4984 270 5039 ὁ
334 4981 693 5052 Σευηριανὸς,
748 4979 885 5037 Πλὴν
940 4984 1030 5032 καὶ
1095 4978 1149 5032 ἐκ
1201 4990 1297 5034 τῶν
1359 4977 1746 5054 ἐνδιαστρόφων
1798 4983 1882 5034 εύ-

241 5073 499 5147 στροφία
555 5074 661 5129 τοῖς
718 5067 991 5140 ἐμμελέσι·
1047 5074 1136 5121 καὶ
1195 5072 1220 5122 6
1278 5071 1425 5141 λόγος
1484 5068 1755 5141 βαλλίσθω
1812 5071 1884 5132 εἰς

242 5165 503 5227 ζήτησιν
566 5156 752 5219 ὁσάκις
805 5162 1039 5231 προσίοι,
1088 5157 1182 5209 κᾶν
1210 5158 1264 5210 ἑκ
1321 5168 1420 5211 τῶν
1475 5158 1750 5212 ἐναντίων·
1821 5162 1885 5221 ὡς

241 5254 297 5309 ἄν
355 5259 427 5325 τῇ
510 5243 753 5321 βασάνῳ,
827 5249 1059 5321 καθάπερ
1108 5246 1158 5300 ἕν
1210 5248 1530 5323 παρατρίψει
1594 5249 1772 5318 λίθων,
1824 5253 1885 5303 τὸ

241 5350 361 5420 πῦρ
396 5338 680 5405 ἓξοέλλοιτο
727 5344 818 5398 τῆς
843 5335 1106 5402 ἀληθείας.
1139 5342 1241 5394 Καὶ
1297 5334 1364 5400 δὴ
1413 5344 1504 5393 καὶ
1531 5346 1619 5391 νῦν
1665 5341 1881 5400 τοιαύτη

325 5535 384 5575 ⁸⁸
420 5526 596 5591 Psal.
620 5518 821 5594 xxnv.
864 5532 951 5601 ιο,
983 5532 1068 5587 ti.

2048 3288 2453 3355 Quamobrem
2472 3303 2545 3343 ne
2561 3292 2612 3344 te
2635 3303 2699 3342 ea
2712 3291 2970 3343 terreant
2983 3303 3119 3361 quas
3132 3289 3402 3361 quotidie
3418 3305 3634 3361 gerun-

1978 3384 2071 3435 tur
2103 3393 2115 3433 :
2143 3378 2188 3432 si
2214 3384 2423 3449 raptus
2462 3376 2556 3432 ille
2601 3376 2845 3448 quidem
2893 3383 3003 3443 est,
3055 3378 3163 3433 iste
3212 3378 3522 3450 conjectus
3574 3380 3637 3437 in

1978 3482 2278 3524 carcerem
2309 3466 2462 3532 ;hasc
2491 3465 2742 3521 verbera
2773 3466 3028 3536 pertulit,
3048 3466 3227 3523 illain
3246 3469 3525 3525 exsilium
3557 3469 3636 3527 ab

1980 3556 2175 3625 legata
2202 3571 2215 3621 ;
2245 3561 2299 3611 et
2323 3569 2702 3627 quaecunque
2727 3553 2842 3609 hoc
2869 3554 2959 3610 vel
2973 3555 3071 3611 illo
3088 3560 3262 3628 pacto
3296 3573 3357 3613 se
3386 3558 3634 3615 habent.

1982 3646 2182 3701 Veniet
2204 3644 2385 3716 paulo
2422 3652 2552 3716 post
2580 3645 3079 3701 remunerationis
3120 3652 3377 3718 tempus.
3414 3649 3546 3719 Legi
3567 3664 3640 3706 ea

1981 3749 2118 3805 quin
2148 3734 2352 3789 misisti
2388 3751 2401 3799 ;
2446 3740 2626 3805 atque
2661 3734 2759 3788 ubi
2792 3749 2863 3789 ea
2893 3733 3172 3801 intellexi,
3201 3737 3344 3791 actis
3383 3736 3639 3794 Domino

1984 3823 2207 3893 gratiis,
2240 3823 2450 3878 iterum
2484 3824 2563 3878 ad
2610 3830 2665 3878 te
2720 3824 2942 3881 remisi.
3004 3823 3082 3878 De
3130 3824 3349 3880 abbate
3385 3827 3635 3895 lgnatio,

1983 3912 2077 3967 hei
2102 3912 2244 3967 mihi
2273 3913 2414 3984 quia
2442 3912 2612 3983 periit
2640 3928 2650 3965 :
2680 3912 2977 3983 siquidem
3030 3912 3263 3968 amicus
3296 3914 3389 3969 ille
3424 3916 3510 3969 vir
3541 3933 3637 3970 su-

1982 4016 2090 4072 pra
2113 4008 2375 4056 cmteros.
2410 4000 2521 4055 Sed
2547 4007 2701 4055 recte
2737 4002 2931 4070 egisti,
2967 4002 3069 4073 qui
3112 4005 3416 4072 pmnitenti
3445 4003 3633 4059 dede-

1984 4090 2066 4145 ris
2101 4091 2481 4146 medicinam.
2526 4089 2771 4154 Sufﬁcit,
2804 4090 2906 4155 ﬁli,
2940 4090 3104 4161 quod
3137 4091 3350 4146 dedisti
3382 4109 3393 4146 :
3430 4099 3485 4147 et
3530 4108 3641 4163 ego

1986 4179 2166 4233 miser
2194 4180 2388 4233 eidem
2420 4194 2713 4249 apprecor
2759 4193 2979 4250 pugnae
3021 4178 3588 4249 redintegrationem
3624 4198 3639 4236 :

1987 4282 2130 4323 nam
2161 4274 2216 4322 et
2244 4268 2372 4336 ejus
2398 4267 2726 4321 oblationes
2756 4267 2983 4338 accepi.
3011 4267 3161 4336 Erga
3190 4268 3432 4325 fratrem
3472 4273 3641 4329 Ana-

1989 4357 2192 4412 tolium
2224 4355 2633 4410 misericordia
2650 4355 2893 4411 humilis
2917 4371 3304 4412 commoveor
3332 4375 3345 4413 :
3371 4360 3645 4430 quando-

1986 4445 2233 4518 quidem
2264 4450 2321 4500 et
2351 4452 2410 4499 tu
2441 4460 2577 4499 eum
2608 4444 2865 4500 fraterne
2911 4445 3131 4517 diligis.
3196 4447 3419 4501 Idcirco
3450 4449 3645 4505 dicere

1989 4534 2180 4591 audeo
2215 4550 2227 4588 :
2265 4535 2541 4589 Dematur
2566 4534 2691 4587 eiet
2717 4534 2861 4589 alter
2877 4549 3069 4589 annus
3104 4551 3116 4601 ;
3153 4539 3217 4589 ut
3245 4543 3453 4591 exacto
3483 4539 3645 4592 bien-

1990 4625 2093 4684 nio
2121 4624 2198 4678 sit
2227 4622 2604 4678 Eucharistias
2638 4624 2952 4692 particeps.
3003 4625 3079 4678 Ex
3128 4622 3416 4678 fratribus
3460 4626 3495 4679 ii
3540 4628 3647 4696 qui

1990 4713 2151 4769 diem
2188 4714 2406 4775 obiere,
2464 4711 2563 4765 ﬁlii
2593 4712 2740 4765 lucis
2775 4727 2880 4781 pro
2920 4711 3049 4767 luce
3092 4713 3145 4767 vi
3189 4715 3644 4784 persecutionis,

1990 4800 2391 4857 consummati
2426 4815 2533 4870 pro
2560 4799 2735 4854 nobis
2774 4800 3186 4871 deprecentur.
3222 4801 3333 4866 Qui
3362 4801 3529 4859 aliter
3557 4804 3652 4860 in-

1991 4894 2216 4955 teriere,
2251 4891 2469 4946 horum
2485 4889 2835 4945 miserabilis
2849 4889 3061 4956 exitus,
3094 4892 3173 4945 ob
3204 4898 3450 4962 peccata
3483 4910 3646 4966 mea,

1991 4980 2511 5053 quemadmodum
2568 4978 2786 5033 dixisti.
2826 4979 2979 5034 Talis
3023 4994 3094 5034 ac
3151 4980 3340 5035 multo
3393 4980 3650 5041 deterior

1994 5070 2344 5127 Severianus
2373 5075 2479 5124 est.
2517 5070 2935 5124 Verumtamen
2961 5074 3018 5124 et
3048 5084 3079 5124 e
3101 5071 3421 5140 perversis,
3456 5087 3648 5128 rever-

1993 5160 2178 5215 sionis
2211 5174 2349 5231 spes
2374 5163 2468 5213 est
2496 5158 2565 5213 iis
2588 5158 2809 5230 quibus
2858 5158 2917 5212 id
2941 5174 3097 5214 curas
3132 5164 3219 5214 est
3250 5174 3264 5214 :
3298 5175 3489 5232 eaque
3521 5164 3645 5232 agi-

1994 5248 2177 5305 tanda
2204 5249 2264 5303 in
2277 5263 2551 5303 sermone
2572 5247 2811 5319 quastio,
2826 5248 3059 5320 quoties
3088 5252 3407 5305 accesserit
3422 5250 3639 5323 aliquis

1996 5338 2095 5397 vel
2121 5353 2193 5395 ex
2208 5337 2562 5396 adversariis
2596 5342 2691 5394 :ut
2714 5337 2776 5395 in
2806 5338 3102 5406 examine,
3128 5343 3415 5414 tanquam
3445 5343 3650 5403 attritu
