4062 6280
508 263 652 336 1295

1771 262 1834 332 s.
1875 264 2240 330 THEODORI
2283 263 2608 331 STUDITE

3734 271 3858 330 4296

503 402 798 476 lapidum,
827 401 1087 457 veritatis
1133 397 1286 470 ignis
1315 397 1569 454 exsiliat.
1621 399 1685 454 Et
1730 414 1890 455 nunc
1914 399 2158 472 quidem

2275 400 2585 474 ἣπρότασίς
2639 418 2754 454 σου.
2804 399 2890 454 Ἐν
2948 419 3086 453 τισιν
3137 400 3390 472 ἱστορίαις
3440 397 3686 472 εὕρηνται
3742 400 3860 452 εἰκό-

504 491 960 564 hujusmodiest
991 486 1320 562 propositio
1351 492 1472 542 tua.
1503 489 1562 542 In
1579 488 1945 558 quibusdam
1977 488 2164 546 histo-

502 583 607 639 riis
632 585 872 653 repertaa
904 577 1346 648 suntimagines
1363 577 1445 631 sic
1475 577 1774 648 inscriptae
1803 591 1814 631 :
1847 577 2160 646 Divinitas,

509 669 870 734 Dominatio,
892 668 1071 738 Regia
1100 669 1386 738 potestas.
1415 664 1616 721 Palam
1638 673 1727 722 est
1738 667 1892 737 quod
1909 667 1982 722 de
2005 669 2162 723 Chri-

506 759 580 816 sti
603 759 862 830 imagine
885 757 1000 812 boc
1049 755 1238 811 dicas.
1278 754 1340 809 ld
1396 769 1536 809 vero
1566 770 1690 826 quo
1733 761 1909 826 pacto
1938 756 1967 807 ‘?
1995 758 2161 812 Tales

507 847 937 921 appellationes
959 845 1031 900 de
1045 843 1328 898 Trinitate
1349 844 1408 898 in
1422 858 1766 909 commune,
1799 861 1916 900 non
1934 845 2008 900 de
2041 861 2163 902 una

508 951 768 1009 persona
790 931 1553 1006 separatimintelliguntur.
1591 931 1707 986 Etsi
1739 933 1898 988 enim
1932 932 2086 988 Deus
2108 939 2162 990 et

510 1025 798 1081 Dominus
833 1035 1212 1094 unaquaeque
1226 1019 1744 1092 personadicatur,
1777 1027 1838 1076 at
1864 1037 1980 1077 non
2017 1025 2161 1078 sim-

507 1114 737 1188 pliciter
760 1111 1042 1168 divinitas
1084 1116 1185 1166 aut
1235 1109 1588 1164 dominatio.
1624 1110 1883 1182 Exempli
1927 1113 2159 1181 gratia:

508 1204 636 1274 Ego
668 1204 818 1258 Deus
837 1200 1032 1271 patris
1050 1198 1155 1264 tui,
1189 1199 1383 1270 inquit
1413 1199 1480 1263 9°,
1517 1213 1656 1264 non,
1685 1199 2000 1255 Divinitas.
2035 1203 2162 1272 Ego

506 1308 637 1348 sum
662 1291 769 1362 qui
797 1306 926 1345 sum
957 1289 1002 1325 θί
1037 1307 1052 1359 ;
1088 1303 1207 1342 non
1241 1302 1253 1341 :
1284 1287 1412 1357 Ego
1467 1302 1596 1342 sum
1647 1288 2009 1345 exsislentia.
2051 1293 2114 1346 Et
2147 1307 2157 1345 :

511 1382 679 1436 Pluit
703 1379 987 1434 Dominus
1007 1377 1201 1447 ignem
1217 1390 1253 1431 a
1270 1376 1518 1430 Domino
1532 1379 1601 1439 θ’,
1619 1392 1759 1443 non,
1779 1379 2113 1435 Dominatio
2128 1396 2164 1437 a

511 1469 942 1525 Dominatione.
980 1467 1035 1522 Si
1071 1465 1249 1534 igitur
1286 1466 1344 1519 in
1391 1465 1569 1519 rebus
1595 1465 1810 1520 divinis
1859 1467 1940 1520 sic
1975 1483 2038 1521 se
2070 1485 2162 1524 res

507 1558 727 1615 habet:
771 1556 955 1610 multo
986 1555 1188 1626 utique
1208 1553 1473 1622 magisin
1498 1556 1779 1625 mysterio
1806 1555 2163 1612 incarnatio-

507 1649 601 1704 nis
636 1645 802 1702 nefas
841 1650 928 1700 est
958 1643 1205 1713 imagini
1248 1642 1458 1698 Christi
1499 1642 1818 1699 subscribi.
1859 1645 2162 1714 Divinitas,

509 1742 611 1794 aut
641 1733 995 1791 Dominatio.
1032 1735 1184 1788 Deus
1208 1731 1454 1803 quidem
1486 1732 1722 1786 dicatur
1753 1749 1822 1787 ac
1852 1733 2162 1803 Dominus,
2196 1764 2236 1818 Β

510 1831 614 1882 aut
643 1839 848 1880 eorum
881 1822 1089 1893 aliquit
1133 1837 1269 1892 quas
1300 1828 1440 1875 sunt
1489 1820 1759 1892 ejusdem
1808 1825 2114 1893 potestatis
2147 1839 2161 1889 ;

511 1921 687 1986 atque
700 1912 1024 1983 hocipsum
1048 1912 1416 1982 homonyme
1445 1926 1461 1962 :
1480 1925 1600 1964 non
1625 1911 1828 1982 utique
1858 1911 2164 1982 Diviuitas,

514 2017 584 2060 ac
619 1999 974 2058 Dominatio.
1010 1999 1084 2063 Si,
1106 1999 1362 2069 exempli
1390 1999 1620 2068 ggratia,
1653 1998 1838 2054 homo
1856 2001 1939 2054 sic
1977 2001 2166 2072 pictus

513 2092 610 2160 sit,
645 2091 828 2146 homo
852 2103 998 2143 sane
1027 2087 1278 2151 dicatur,
1313 2101 1434 2150 non
1459 2087 1805 2143 humanitas
1832 2105 1844 2142 :
1875 2095 2167 2144 terrenus-

509 2195 628 2252 que
676 2195 801 2242 rex,
827 2193 948 2232 non
996 2184 1149 2232 certe
1195 2181 1453 2249 potestas
1492 2178 1676 2246 regia.
1705 2177 1910 2248 Itaque
1958 2180 2168 2235 vitiosa

508 2268 629 2334 illa,
663 2274 724 2324 ut
759 2267 904 2322 mihi
937 2266 1184 2329 videtur.
1218 2266 1526 2336 inscriptio
1567 2274 1656 2320 est
1687 2283 1699 2320 :
1734 2266 2169 2324 circumscribit

508 2359 668 2414 enim
699 2362 752 2412 et
779 2359 1009 2412 Patrem
1042 2361 1096 2411 et
1139 2355 1445 2425 Spiritum,
1473 2354 1640 2425 quod
1668 2360 1760 2409 est
1797 2355 2157 2413 absurdum.

509 2451 696 2519 Atque
728 2446 854 2500 haec
884 2443 1128 2517 quidem
1154 2443 1412 2498 breviter
1443 2444 1813 2515 strictimque
1839 2443 2000 2500 dicta
2029 2447 2162 2500 sint.

507 2539 590 2592 'l'u
612 2550 751 2590 vero
766 2551 874 2606 pro
889 2549 1025 2588 mea
1042 2533 1618 2602 humilitateenixius
1637 2549 1878 2603 precare
1907 2549 1920 2586 :
1959 2551 2163 2590 verum

510 2624 689 2680 etiam
722 2631 777 2679 et
810 2639 916 2694 pro
935 2621 1132 2688 fratre,
1165 2623 1267 2692 qui
1300 2628 1353 2676 te
1385 2630 1760 2692 peramenter
1792 2623 2028 2678 salutat.
2069 2625 2167 2680 Ve-

509 2719 658 2768 stem
692 2711 893 2782 accepi
916 2716 1001 2765 :et
1028 2724 1346 2781 quousque
1374 2724 1492 2764 non
1521 2711 1790 2765 cessabis
1814 2711 2169 2768 indumenta

509 2801 684 2857 nobis
713 2799 1116 2872 suppeditare,
1149 2797 1530 2853 dilectissime
1552 2799 1579 2853 ?
1606 2799 1871 2854 Vicissim
1898 2806 1950 2855 te
1976 2801 2164 2856 Domi-

511 2891 696 2947 nusin
719 2890 928 2961 spiritu
941 2888 1153 2944 foveat.
1176 2888 1398 2944 Caetera
1419 2887 1758 2944 tabellarius
1771 2889 2158 2960 significabit.

513 2980 686 3036 Omni
716 2995 788 3034 ex
818 2985 983 3050 parte
1009 2976 1158 3033 vale.

917 3066 1140 3122 LXVlll.
1167 3094 1237 3105 —-
1264 3065 1454 3121 Irenw
1469 3066 1766 3136 patricias.

2270 508 2344 550 νες
2424 488 2844 563 ἐπιγράφουσαν
2919 494 3155 556 Θειότης,
3236 494 3512 561 Κυριότης,
3599 488 3850 546 Βασιλεία.

2271 578 2514 637 Δηλονότι
2566 577 2645 632 ini
2689 588 2781 642 τῆς
2825 587 3060 654 Χριστοῦ
3118 578 3309 641 εἰκόνος
3334 585 3485 631 τοῦτο
3533 578 3719 650 λέγοις.
3770 583 3861 632 Καὶ

2269 676 2380 728 πῶς
2453 674 2638 736 τοῦτο;
2697 671 2759 722 Αἱ
2820 676 3057 720 τοιαῦται
3130 672 3291 739 φωναὶ
3371 675 3556 730 κοινῶς
3621 671 3704 720 ἰπὶ
3780 675 3862 730 τῆς

2270 754 2534 832 Τριάδος·
2596 757 2689 809 οὐκ
2749 756 2820 827 ἐφ’
2859 758 2963 819 ένὸς
3007 761 3290 831 προσώπου
3345 753 3750 833 διακεκριμένως
3795 778 3860 811 νι-

2270 851 2500 905 νὸηνται.
2542 846 2606 902 Εἰ
2648 849 2750 921 γὰρ
2778 851 2867 899 καὶ
2911 851 3030 908 Θεὸς
3073 852 3161 901 καὶ
3212 850 3400 922 Κύριος
3452 849 3673 901 ἕκαστον
3717 853 3861 921 πρόσ-

2271 955 2407 988 ωπον
2473 935 2712 1007 λέγοιτο⁹
2780 935 2886 988 ἀλλ’
2956 936 3061 1008 οὐχ
3127 936 3301 999 ἁπλῶς
3389 943 3479 990 καὶ
3533 942 3724 999 Θεότης
3783 944 3860 992 καὶ

2274 1028 2553 1099 Κυριότης.
2582 1025 2728 1090 Οἶον,
2763 1024 2912 1096 Ἐγὼ
2973 1027 2999 1077 ό
3060 1030 3214 1087 Θεὸς
3271 1033 3380 1080 τοῦ
3437 1033 3690 1103 Πατρός
3742 1046 3860 1093 σου,

2272 1113 2612 1187 φησίν·ούχ,
2681 1115 2711 1172 ἡ
2791 1119 3059 1177 Θεότης.
3119 1115 3270 1187 Ἐγὼ
3311 1117 3447 1190 εἰμὶ
3514 1118 3540 1169 ὀ
3583 1121 3689 1183 ὧν,
3727 1118 3858 1190 οὐχὶ,

2273 1203 2558 1265 όντότης.
2651 1207 2796 1255 Καί·
2859 1202 3114 1279 Ἐϐρεξε
3201 1208 3441 1279 Κύριος
3499 1214 3626 1280 πῦρ
3711 1212 3862 1281 παρὰ

2274 1296 2540 1368 Κυρίου⁹
2575 1289 2723 1363 οὐχὶ,
2759 1297 3080 1368 Κυριότης
3118 1298 3290 1370 παρά
3327 1301 3754 1372 κυριότητος.
3809 1299 3862 1353 Εἰ

2279 1378 2365 1434 οὖν
2391 1384 2472 1433 ἐπὶ
2494 1388 2588 1441 τῆς
2620 1380 2878 1452 θεολογίας
2909 1383 3098 1445 οὕτως’
3127 1384 3296 1457 πολλῷ
3327 1382 3414 1438 οὖν
3445 1387 3640 1459 μᾶλλον
3665 1391 3745 1440 ἐπὶ
3784 1397 3864 1450 τῆς

2272 1471 2569 1543 οἰκονομίας
2598 1469 2692 1522 ούκ
2722 1472 2831 1542 ἔχει
2864 1470 3014 1543 λόγον
3045 1475 3137 1529 τὴν
3163 1469 3334 1525 εἰκόνα
3367 1477 3634 1545 Χριστοῦ,
3669 1477 3863 1532 Θειότης

2274 1559 2593 1634 ἐπιγράφειν,
2625 1563 2655 1617 ἦ
2721 1564 2998 1632 Κυριότης,
3035 1564 3163 1620 Θεὸς
3201 1562 3291 1632 μεν
3345 1562 3446 1632 γὰρ
3512 1561 3741 1633 λέγοιτο,
3788 1564 3864 1611 καὶ

2275 1652 2485 1724 Κύριος,
2545 1653 2576 1706 ἧ
2639 1668 2692 1701 τι
2742 1657 2840 1700 τῶν
2897 1645 3242 1721 όμοδυνάμων
3302 1653 3547 1712 τούτοιςο
3607 1650 3738 1703 ἀλλά
3791 1656 3867 1702 καὶ

2273 1746 2426 1791 τοῦτο
2472 1739 2755 1809 ὁμωνύμως
2783 1756 2796 1769 °
2857 1737 2917 1790 ού
2933 1743 3036 1808 μὴν
3097 1746 3291 1799 Θεοτης
3334 1743 3364 1796 ἦ
3432 1746 3722 1812 Κυριότης.
3770 1736 3865 1803 Ὧς,

2273 1831 2390 1900 φέρε
2451 1827 2626 1891 εἰπεῖν,
2693 1832 2782 1878 καὶ
2843 1825 2926 1878 έπί
2993 1834 3084 1879 τοῦ
3149 1834 3510 1903 γεγραμμένου
3583 1829 3865 1905 ἀνθρώπου,

2273 1915 2544 1989 ἄνθρωπος
2606 1919 2695 1986 μὲν
2760 1915 2980 1987 λέγοιτο,
3042 1917 3100 1968 ού
3162 1922 3266 1989 μὴν
3334 1918 3675 1991 ἀνθρωπὸτης
3711 1936 3724 1949 ⁸
3790 1922 3868 1970 καὶ

2274 2001 2518 2076 βασιλεὺς
2565 2012 2664 2055 τῶν
2717 2005 2800 2056 ἐπὶ
2852 2013 2968 2076 γῆς,
3010 2005 3070 2056 ού
3113 2011 3216 2076 μὴν
3271 2003 3541 2079 βασιλεία.
3597 2008 3865 2080 1632:1511-

2272 2113 2370 2153 νως
2403 2089 2490 2145 οὖν
2547 2095 2679 2164 ἔχει,
2718 2096 2787 2156 ὡς
2842 2092 2956 2166 ἐμοὶ
2983 2091 3153 2163 δοκεῖ,
3185 2098 3215 2154 ἡ
3268 2100 3529 2170 ἐπιγραφὴ
3565 2118 3579 2131 ο
3638 2117 3870 2170 συμπερι-

2273 2185 2460 2255 γράφει
2510 2185 2611 2256 γὰρ
2665 2187 2753 2234 καὶ
2810 2186 2901 2235 τὸν
2957 2188 3162 2257 Πατέρα
3209 2190 3300 2238 καὶ
3357 2189 3414 2238 τό
3475 2193 3705 2259 Πνεῦμα,
3762 2187 3868 2261 ὅπερ

2274 2268 2486 2324 ἄτοπον,
2544 2274 2790 2319 Τοσαῦτα
2837 2271 2927 2340 μὲν
2979 2271 3044 2329 ὡς
3097 2269 3211 2322 κατ’
3267 2270 3543 2344 ἐπιτομὴν.
3605 2272 3763 2332 Αύτὸς
3819 2267 3871 2323 δι

2274 2359 2576 2430 προσεύχου
2635 2362 2751 2428 περὶ
2805 2365 2901 2419 τῆς
2949 2364 3306 2422 ταπεινώσεώς
3361 2380 3462 2433 μου
3528 2364 3864 2435 θερμότερον’

2278 2443 2406 2496 ἀλλὰ
2432 2446 2530 2519 γὰρ
2570 2449 2658 2496 καὶ
2696 2447 2821 2519 ὑπὲρ
2862 2454 2954 2498 τοῦ
2997 2445 3246 2520 ἀδελφοῦ,
3289 2450 3338 2509 ὃς
3377 2457 3467 2502 καὶ
3510 2453 3871 2524 προσαγορεύει

2273 2539 2645 2608 γνησιώτερον.
2701 2539 2771 2586 Τὸ
2818 2536 3021 2607 ἱμάτιον
3065 2534 3322 2609 ἐδεξάμην
3348 2556 3359 2568 ν
3397 2545 3490 2591 καὶ
3542 2539 3635 2601 ἓως
3679 2558 3796 2591 ποτε
3823 2538 3871 2590 οὗ

2274 2626 2450 2695 παύσῃ
2525 2619 2852 2675 ένδιδύσκων
2933 2627 3094 2697 ἡμᾶς,
3171 2625 3444 2698 ἀγαπητὴ
3532 2627 3873 2700 Ἀντιθάλψειε

2277 2729 2334 2763 σε
2399 2712 2594 2784 Κύριος
2643 2711 2690 2762 ἐν
2751 2716 3022 2786 πνεύματι,
3078 2718 3156 2766 Τὰ
3207 2715 3505 2770 ἐλλείποντα
3560 2720 3586 2769 ὁ
3645 2737 3873 2790 γραμμα-

2273 2805 2500 2873 τηφόρος
2530 2799 2834 2873 ἀπαγγελεῖ.
2867 2801 3106 2878 Ἓρῥωσο
3135 2804 3183 2856 έν
3221 2811 3404 2862 πᾶσιν.

2516 3064 2638 3120 ΞΗ’.
2673 3096 2740 3106 -
2773 3066 3009 3141 Εἰρήνῃ
3051 3077 3388 3146 πατρικίᾳ.
3429 3069 3664 3146 [υοα’.]

511 3158 646 3208 Cum
666 3157 818 3221 lapsa
839 3154 1402 3218 fuisset,postmodum
1432 3153 1813 3213 confessam,et
1829 3169 2020 3219 graves
2045 3166 2316 3268 aagqgnnas
2322 3154 2814 3278 1iisaj.sam,bortatar
2835 3161 2894 3206 ut
2911 3157 2963 3205 in
2987 3158 3322 3210 confessione
3339 3168 3652 3225 perseveret
3670 3164 3872 3226 (Baron.

1967 3233 2058 3272 an.
2195 3255 2206 3275 ,
2236 3232 2286 3266 n.
2386 3252 2396 3263 .

1967 3233 2058 3272 an.
2097 3232 2206 3275 διδ,
2236 3232 2286 3266 n.
2322 3232 2396 3264 ιδ.

587 3308 887 3380 Superiori
916 3312 1203 3379 tempore,
1226 3305 1392 3379 quod
1416 3307 1774 3378 paenitentia;
1797 3307 2172 3380 luit,pigebat

514 3399 771 3454 scribere
803 3397 881 3452 ad
908 3398 1301 3452 reverentiam
1329 3402 1492 3450 tuam
1517 3412 1528 3450 :
1552 3412 1710 3450 nunc
1729 3411 1869 3452 vero
1895 3404 1950 3452 et
1968 3397 2170 3469 impri-

517 3486 632 3543 mis
678 3486 1038 3558 jucundum,
1072 3491 1398 3557 postquam
1457 3486 1864 3551 exsurrexisti,
1910 3489 2170 3558 exceptis

512 3575 694 3633 etiam
715 3575 1054 3630 venerando
1082 3580 1180 3629 tuo
1206 3588 1453 3645 corpore
1480 3589 1586 3644 pro
1606 3574 1816 3629 Christi
1837 3574 2170 3631 confessio-

513 3681 588 3721 ne
625 3665 990 3720 verberibus.
1020 3663 1137 3718 Sed
1165 3677 1333 3732 euge,
1371 3676 1543 3731 euge,
1576 3664 1724 3718 virili
1767 3667 2024 3720 maxime
2050 3667 2171 3720 ani-

513 3769 615 3809 mo
651 3753 890 3819 femina,
913 3752 1359 3824 quod,accepta
1399 3752 2172 3822 clade,redintegrationem

511 3857 732 3914 pugna:
763 3842 1229 3914 splendidiorem
1255 3839 1518 3895 eﬁ‘eceris
1551 3858 1564 3895 :
1604 3839 2170 3914 Deumangelosque

515 3931 936 3998 exbilarans,et
963 3947 1035 3986 ex
1057 3930 1404 3986 hominibus
1434 3929 1880 3985 amantissimos
1902 3931 2160 4001 pietatis.

515 4025 595 4078 Ac
628 4026 689 4077 tu
723 4037 856 4076 vere
887 4019 1090 4092 utique
1122 4016 1816 4082 nobis,ex0rientalibus
1832 4026 2029 4073 ortum
2056 4027 2169 4076 tra-

518 4113 668 4168 hens
693 4127 705 4165 :
741 4116 803 4165 tu
819 4110 916 4165 Dei
937 4126 1006 4166 ac
1021 4109 1248 4163 virtutis
1261 4123 1506 4162 amans:
1528 4116 1588 4160 tu
1605 4107 1882 4162 Vitiorum
1898 4108 2172 4166 domina-

518 4201 711 4268 trix,et
734 4199 943 4254 mundi
964 4197 1226 4253 inimica.
1244 4198 1572 4262 Quantatui
1599 4196 2169 4254 uomiuiscommen-

514 4290 680 4345 datio
727 4288 854 4343 est!
887 4303 1068 4359 quam
1103 4287 1279 4341 estin
1326 4301 1427 4341 ore
1479 4301 1549 4341 ac
1579 4300 1856 4340 sermone
1899 4288 2169 4342 omnium

517 4376 907 4449 martryrium
937 4383 1105 4431 tuum
1131 4375 1142 4429 l
1179 4374 1328 4440 Quid
1364 4376 1522 4429 enim
1540 4372 1567 4428 i’
1587 4373 2007 4444 Evangelicum
2031 4377 2172 4431 arri-

519 4468 696 4538 puisti
728 4466 1018 4536 gladium,
1049 4464 1340 4520 utChristi
1373 4463 1542 4519 miles
1567 4479 1582 4518 :
1603 4465 1660 4518 in
1688 4465 1903 4518 mentis
1921 4479 2170 4521 excessu

517 4554 764 4614 affectus
777 4553 1043 4626 corporis
1060 4553 1666 4626 praecidisti,demisso
1678 4554 1869 4624 capite
1885 4553 2172 4626 dirempta

517 4661 581 4702 es
605 4647 682 4702 ab
717 4645 895 4700 unica
936 4642 1057 4698 ﬁlia
1085 4659 1097 4697 :
1134 4643 1330 4698 valere
1353 4642 1574 4713 jubens
1594 4644 1818 4712 regiam
1849 4643 2167 4710 civitatem,

513 4735 804 4792 illustrem
824 4734 1189 4806 prosapiam,
1217 4738 1568 4804 praestantes
1595 4733 1846 4802 amicos,
1879 4732 2171 4791 familiam

514 4824 915 4896 splendidam,
944 4823 1225 4878 eximiam
1275 4822 1647 4891 dignitatem,
1685 4823 2041 4878 terrestrium
2068 4824 2174 4880 do-

511 4913 898 4971 mesticorum
927 4915 1229 4982 ingentem
1261 4926 1603 4975 numerum,
1617 4911 1971 4982 omnigenas
1984 4911 2171 4969 facul-

512 5002 802 5068 tates,alia
829 5001 1088 5073 denique
1109 5015 1244 5071 quas
1274 5015 1750 5077 commemorare
1783 5001 1876 5054 vix
1909 5003 2165 5072 possim:

510 5099 744 5164 arrepto
778 5092 909 5145 vitae
980 5091 1271 5153 instituto,
1301 5090 1361 5144 in
1408 5103 1534 5160 quo
1569 5088 1645 5144 sit
1683 5105 1825 5144 crux
1860 5089 2120 5146 tollenda
2151 5109 2165 5148 :

508 5181 685 5250 longe
721 5181 1011 5252 quopiam
1036 5178 1316 5250 ablegata
1347 5192 1431 5241 es,
1469 5185 1529 5232 ut
1559 5177 1763 5241 didici,
1790 5179 1851 5233 in
1880 5177 2164 5237 insulam.

513 5271 827 5326 Benedicta
859 5277 940 5332 tu,
963 5275 1019 5324 et
1048 5268 1398 5324 benedictus
1421 5266 1642 5322 fructus
1669 5268 1940 5339 martyrii
1974 5270 2075 5324 tui.
2101 5273 2166 5327 Et

508 5359 670 5417 unde
702 5357 804 5414 tibi
836 5363 1022 5414 totum
1053 5358 1164 5414 hoc
1189 5356 1486 5430 quidquid
1515 5360 1606 5412 est
1633 5355 2012 5429 boni,ingens
2043 5359 2164 5428 glo-

503 5450 616 5520 ria,
650 5464 894 5506 summa
934 5447 1400 5514 commendatio,
1433 5446 1546 5503 nisi
1579 5461 1650 5504 ex
1691 5447 2006 5504 virtutibus
2041 5449 2156 5507 illis

576 5556 619 5594 °°
643 5554 826 5614 Exod.
861 5572 938 5624 ιιι,
967 5559 1017 5612 6.
1095 5555 1138 5592 ⁹¹
1174 5553 1321 5613 Ibid.
1359 5559 1442 5612 14.
1520 5557 1562 5593 ⁸⁸
1590 5559 1731 5615 Gen.
1763 5566 1892 5626 XIX,
1926 5560 2014 5614 24.

2353 3309 2606 3380 Πρότερον
2671 3307 2825 3365 ἡνίκα
2887 3311 2916 3367 ἠ
2987 3310 3314 3376 ύπόπτωσις,
3380 3313 3617 3390 λυπηρόν
3681 3336 3769 3389 μοι
3825 3320 3873 3367 τό

2278 3397 2500 3467 γράμμα
2528 3399 2659 3470 πρὸς
2713 3401 2805 3454 τὴν
2866 3401 3148 3469 τιμιότητά
3212 3417 3343 3454 ιιόυ⁸
3406 3409 3494 3454 νῦν
3529 3402 3591 3457 δὲ
3635 3412 3725 3458 καὶ
3774 3405 3870 3457 λίαν

2282 3488 2562 3560 περιχαρες
2615 3481 2709 3537 διὰ
2767 3490 2859 3544 τὴν
2926 3486 3288 3556 έξανάστασιν,
3349 3496 3440 3543 καὶ
3500 3497 3593 3554 τὰς
3645 3493 3727 3546 έπὶ
3781 3502 3868 3546 τῶν

2279 3578 2464 3644 τιμίων
2517 3592 2610 3625 σου
2661 3583 2867 3647 σαρκῶν
2916 3577 3042 3650 ὑπὲρ
3075 3579 3355 3650 ὁμολογίας
3405 3588 3649 3654 Χριστοῦ
3701 3585 3872 3656 μάστι-

2279 3682 2397 3734 γας.
2455 3667 2554 3714 Καὶ
2606 3659 2742 3734 εὖγε,
2797 3660 2932 3736 εὖγε,
2991 3664 3328 3740 ἀνδρειοτάτη
3383 3671 3432 3722 ἐν
3491 3672 3749 3742 γυναιξίν,
3803 3674 3868 3723 ὅτι

2279 3759 2372 3813 τῆς
2441 3754 2605 3813 ἣττης
2667 3759 3100 3828 περιφανεστέραν
3149 3761 3243 3814 τὴν
3290 3756 3650 3814 ἀναπάλαισιν
3714 3760 3869 3834 ἀπειρ·

2279 3842 2467 3911 γάσω’
2522 3841 2818 3912 εὐφράνασα
2866 3846 2986 3894 Θεὸν
3053 3863 3106 3896 τε
3160 3851 3250 3898 καὶ
3304 3846 3577 3919 ἀγγελους,
3646 3856 3734 3904 καὶ
3784 3858 3867 3902 τῶν

2281 3929 2560 4003 ἀνθρώπων
2621 3934 2740 3994 τοὺς
2795 3932 3218 3998 εύσεϐεστάτους.
3281 3943 3381 3990 Καὶ
3440 3942 3510 3990 σὺ
3571 3944 3724 4001 ὅντως
3765 3939 3868 3997 ἀλη-

2283 4022 2384 4081 θῶς
2442 4019 2670 4091 εὐγενὴς,
2741 4029 2840 4072 τῶν
2895 4023 2980 4094 ἀφ’
3037 4023 3188 4081 ἡλίου
3260 4023 3517 4079 ἀνατολῶν
3575 4031 3863 4102 ὁρμωμέιη⁹

2283 4113 2348 4160 σὺ
2423 4108 2651 4180 φιλόθεος
2725 4115 2816 4162 καὶ
2879 4112 3188 4185 ιιμονλάρετος⁸
3291 4120 3356 4166 σὺ
3408 4119 3728 4180 παθοκτονος
3795 4123 3866 4169 καί

2281 4199 2656 4271 έχθροκοσμος.
2701 4198 2783 4260 Ὠς
2829 4200 3026 4254 αἰνετόν
3072 4221 3167 4254 σου
3208 4207 3266 4255 τὸ
3298 4208 3462 4277 ὄνομα
3495 4225 3510 4237 ο
3558 4213 3649 4260 καὶ
3707 4205 3866 4260 διαλα-

2279 4285 2408 4344 λητὴ
2479 4305 2573 4339 σου
2636 4289 2666 4346 ἡ
2721 4290 3020 4364 μαρτυρίαι
3085 4297 3148 4345 Τί
3200 4301 3405 4365 nam;
3489 4295 3710 4357 Ἐλαϐες
3789 4299 3866 4352 τὴν

2281 4374 2614 4446 εύαγγελικὴν
2697 4380 2992 4452 μάχαιραν,
3059 4382 3130 4441 ὡς
3207 4391 3522 4455 στρατιῶτις
3613 4392 3861 4459 Χριστοῦ·

2281 4459 2539 4534 διέκοψας
2602 4463 2650 4516 ἐν
2711 4468 2956 4520 έκστάσει
3015 4471 3109 4531 τὰς
3172 4475 3384 4542 σχέσεις
3443 4480 3535 4525 τοῦ
3608 4481 3859 4547 σώματος’

2279 4549 2482 4624 ἀπετμή
2493 4555 2554 4611 θη
2565 4573 2586 4614 ς
2649 4556 2836 4627 κεφαλῆ
2847 4577 2868 4618 ς
2925 4558 3225 4611 ύποκυπτού
3234 4577 3298 4617 tm
3310 4580 3332 4621 ς
3401 4563 3630 4636 θυγατρὸ
3640 4582 3661 4624 ς
3731 4581 3863 4635 μονο-

2279 4638 2618 4703 κλαδούσης·
2677 4643 2936 4718 ἑῤῥώσθαι
2990 4650 3240 4720 φράσασα
3292 4649 3436 4702 πόλει
3495 4650 3857 4723 βασιλευούσῃ,

2279 4734 2412 4801 γένει
2475 4730 2811 4804 περιϐλέπτῳ,
2868 4735 3029 4806 φίλοις
3083 4737 3456 4810 ὑπερέχουσιν,
3512 4740 3656 4814 οἰκίᾳ
3719 4742 3858 4812 ύπερ·

2278 4819 2521 4894 λάμπρῳ,
2606 4820 2724 4895 ἀξίᾳ
2803 4824 3224 4900 ύπερφυεστάτῃ,
3313 4837 3413 4880 τῶν
3493 4834 3627 4883 κατὰ
3710 4831 3859 4901 χθόνα

2279 4909 2482 4962 οἰκετῶν
2538 4910 2741 4978 πλήθει,
2817 4914 3034 4986 ὑπάρξει
3100 4912 3437 4990 παντοδαπῇ,
3499 4925 3610 4982 τοῖς
3687 4919 3856 4980 ἄλλοις,

2278 5000 2349 5060 οἷς
2378 5001 2473 5051 οὐκ
2519 5001 2730 5076 εὐμαρές
2775 5021 2864 5074 μοι
2916 5003 3112 5074 λέγειν·
3171 5010 3261 5058 καὶ
3320 5005 3549 5080 ἀραμένη
3579 5011 3666 5060 τὸν
3719 5024 3857 5059 σταν-

2275 5093 2497 5163 ροφόρον
2549 5087 2697 5163 βίον·
2753 5090 3084 5165 ἀπεωρίσθης
3141 5115 3240 5148 που
3299 5101 3527 5172 μακρὰν,
3586 5100 3652 5160 ὡς
3705 5096 3852 5169 μεμά-

2279 5179 2430 5246 θηκα,
2481 5177 2528 5230 έν
2575 5186 2739 5252 νήσῳ,
2790 5181 3122 5256 Εὐλογημένη
3182 5189 3270 5251 σὺ,
3329 5190 3420 5238 καὶ
3467 5185 3789 5258 εὐλογημένος
3831 5182 3852 5232 ό

2274 5273 2473 5342 καρπὸς
2536 5277 2626 5331 τῆς
2675 5276 2964 5346 μαρτυρίας
3022 5291 3138 5328 σου.
3207 5279 3307 5327 Καὶ
3367 5276 3520 5328 πόθεν
3585 5293 3667 5327 σοι
3721 5278 3852 5324 τοῦτο

2273 5359 2384 5412 ὅλον
2415 5362 2472 5413 τὸ
2517 5357 2730 5432 ἀγαθὸν,
2784 5365 2842 5415 τὸ
2892 5366 3029 5435 μέγα
3049 5363 3212 5431 κλέος,
3264 5365 3294 5424 ἡ
3351 5369 3578 5438 μεγίστη
3631 5362 3852 5436 εύφημίιι,

2273 5449 2378 5503 ἀλλ’
2437 5453 2468 5512 ἦ
2517 5447 2575 5503 έκ
2627 5457 2727 5503 τῶν
2785 5457 3241 5530 προϋπηργμένων
3302 5471 3390 5508 σοι
3438 5453 3851 5530 κατορθωμάτων,
