4062 6280
376 340 512 399 1297

1650 340 2163 400 EPISTOLAHUM
2203 340 2340 401 LIB.
2382 329 2453 401 Il.

3593 335 3729 401 1298

346 470 402 524 ἔκ
443 480 537 535 τῆς
578 470 774 534 πολλῆς
815 489 909 524 σου
963 467 1229 534 ἐντεύξεως
1266 474 1356 523 καὶ
1398 478 1728 544 προσευχῆς,
1761 468 1816 522 ἐκ
1853 478 1948 533 τῆς

2069 473 2206 538 tuis,
2236 490 2371 546 quae
2388 486 2743 546 praecessere
2771 487 2784 529 :
2818 485 2891 528 ex
2910 468 3169 544 plurima
3190 466 3623 543 supplicatione
3653 486 3726 527 ac

348 560 771 635 ὑπερϐαλλούσης
871 579 966 613 σου
1046 559 1365 632 φιλευποιίας
1436 564 1525 612 καὶ
1599 560 1949 632 φιλομονάχου

347 647 611 724 καρδίας;
661 650 771 702 Ούκ
819 649 1007 701 ὤλοντο
1090 651 1138 701 οἱ
1199 653 1410 723 καρποὶ,
1471 648 1565 700 κᾶν
1619 648 1702 701 ἐπὶ
1765 653 1950 721 μικρὸν

351 735 729 796 διεσείσθησαν
760 756 772 769 ·
821 738 880 791 ού
910 739 1124 801 κατέαξέ
1180 757 1274 791 σου
1327 742 1413 790 τὸν
1468 738 1650 813 ἀρετῆς
1690 742 1887 811 πύργον
1923 739 1949 789 6

356 827 699 901 ἀντικείμενος
751 833 884 901 ὄφις,
965 828 1009 881 εἰ
1064 834 1153 881 καὶ
1208 825 1448 880 δίδακεν.
1507 827 1951 901 Ἀποκέκρουσται

354 920 535 990 φθόνος
600 926 697 969 τῶν
738 919 1207 970 ἓπιτωθασάντων·
1277 921 1538 970 πέπτωκεν
1593 914 1948 978 ὀνειδιζόντων

349 1006 498 1068 ὒθλος
540 1024 552 1036 ⁸
613 1011 845 1065 νενίκηκε
893 1010 1126 1080 Χριστὸς
1176 1010 1227 1058 ἓν
1297 1011 1400 1071 σοὶ,
1452 1012 1541 1059 καὶ
1603 1003 1696 1059 διὰ
1754 1015 1868 1072 σοῦ,
1911 1007 1949 1059 ὧ

349 1095 674 1167 καλλίγυναι,
716 1094 756 1149 ὦ
809 1095 1128 1169 φιλόμαρτυς
1158 1112 1169 1124 '
1226 1101 1335 1161 καὶ,
1399 1099 1456 1148 τὸ
1486 1100 1679 1170 τρίτον,
1722 1094 1761 1147 ὦ
1790 1104 1948 1169 μῆτερ

349 1184 446 1256 ἒμή
481 1202 492 1214 ·
551 1184 691 1237 καλῶ
747 1187 845 1257 γὰρ
900 1192 1050 1237 τοῦτο
1112 1186 1160 1237 ἓν
1226 1188 1496 1257 πνεύματι,
1553 1188 1621 1247 ὡς
1679 1185 1946 1251 σύναθλον,

349 1279 439 1327 καὶ
471 1282 567 1326 τῶν
612 1272 713 1326 ἀπὸ
756 1275 949 1346 σαρκὸς
1006 1273 1395 1347 γνωριζομένων
1455 1274 1770 1346 σπλάγχνων
1802 1274 1949 1346 ἐγγύ-

350 1382 518 1437 τερον.
579 1363 729 1415 Ούτω
783 1364 882 1434 γὰρ
942 1358 1055 1415 οἶδε
1113 1366 1171 1415 τὸ
1238 1371 1439 1435 πνεῦμα
1500 1366 1774 1415 συνάπτειν
1829 1367 1952 1425 τούς

350 1451 443 1505 ἀπ’
476 1456 637 1504 αὑτοῦ
684 1456 1149 1525 κυοφορουμένους.
1206 1448 1345 1505 Οἶδά
1400 1472 1492 1504 σου
1545 1456 1667 1515 τοὺς
1714 1458 1902 1514 πόνους
1934 1469 1947 1482 ·

1377 1544 1546 1594 πάντα
1584 1544 1685 1595 ὅσα
1732 1543 1951 1615 ῥαγεῑσα

349 1634 552 1703 κόσμου
610 1631 833 1684 ύποίσω.
895 1630 1054 1685 Ἀ).λά
1102 1633 1281 1703 θάρσει
1327 1650 1338 1661 ·
1372 1632 1531 1693 πολύς
1580 1651 1674 1685 σου
1705 1634 1730 1684 6
1761 1635 1952 1704 μισθὸς

351 1719 401 1771 ἐν
434 1719 668 1795 οὐρανοῖς
701 1735 714 1749 ⁸
762 1722 933 1792 νύμφη
996 1728 1231 1792 Χριστοῦ
1284 1722 1658 1795 χρηματίζεις,
1709 1723 1805 1773 κᾶν
1849 1719 1949 1774 ἀπὸ

351 1537 477 1594 οἶδα
498 1542 590 1602 τὰς
634 1541 894 1601 ἰνοκοπίας
934 1549 1027 1605 τῆς
1076 1541 1259 1615 ψυχῆς
1308 1557 1320 1569 ⁸

2062 578 2235 634 prece
2262 580 2273 619 :
2309 581 2380 619 ex
2400 563 2935 619 beneﬁcentissima
2955 571 3056 619 tua
3087 577 3229 631 erga
3257 560 3587 617 monachos
3614 575 3715 615 vo-

2062 653 2284 709 luntate
2307 654 2335 711 7
2364 656 2489 709 Non
2521 655 2742 724 periere
2764 654 3014 717 fructus,
3047 652 3156 708 etsi
3192 651 3466 706 concussi
3499 648 3711 720 paulu-

2058 742 2183 798 lum
2213 761 2225 798 :
2261 749 2425 797 tuam
2456 742 2617 799 illam
2642 742 2871 798 virtutis
2903 742 3109 797 turrim
3139 757 3259 797 non
3288 740 3714 795 subvertitser-

2063 849 2208 903 pens
2232 833 2530 897 inimicus,
2554 847 2908 905 quanquam
2933 847 3199 886 morsum
3220 828 3434 884 intulit.
3465 826 3723 899 Repulsa

2060 922 2369 977 irrisorum
2418 924 2643 978 invidia
2663 927 2796 977 est:
2844 920 3193 977 exciderunt
3244 918 3717 973 conviciatorum

2061 1027 2236 1081 nugas
2267 1029 2279 1066 :
2304 1012 2440 1067 vicit
2469 1011 2735 1067 Christus
2756 1011 2815 1066 in
2838 1015 2891 1066 te
2922 1015 2979 1066 et
3008 1024 3112 1082 per
3137 1015 3208 1074 te,
3241 1024 3277 1065 ο
3300 1007 3526 1063 femina
3553 1019 3716 1075 egre-

2061 1101 2178 1168 gia,
2210 1118 2246 1156 o
2276 1101 2541 1172 martyrii
2561 1100 2800 1171 cupida,
2834 1104 2911 1165 et,
2940 1098 3103 1171 quod
3128 1098 3359 1155 tertium
3395 1101 3504 1162 est,
3533 1112 3568 1152 ο
3593 1111 3719 1152 ma-

2063 1195 2146 1246 ter
2177 1206 2347 1246 mea:
2384 1206 2523 1245 nam
2554 1205 2626 1244 eo
2659 1195 2709 1245 te
2743 1189 2985 1246 nomine
3014 1187 3257 1259 appello
3297 1187 3355 1241 in
3390 1184 3619 1257 spiritu,
3655 1190 3718 1239 ut

2061 1280 2402 1335 certaminis
2426 1282 2671 1343 sociam,
2699 1284 2754 1334 et
2772 1277 3252 1347 conjunctiorem
3274 1276 3344 1331 iis
3360 1291 3497 1346 quas
3520 1273 3714 1329 carnis

2061 1375 2199 1424 sunt
2226 1369 2567 1425 visceribus.
2605 1370 2693 1426 Sic
2724 1369 2878 1424 enim
2919 1383 3022 1423 eos
3054 1366 3298 1436 spiritus
3329 1366 3493 1419 novit
3521 1378 3711 1434 copu-

2059 1456 2202 1523 lare,
2243 1475 2396 1530 quos
2429 1458 2556 1529 ipse
2583 1457 2869 1528 genuerit.
2907 1456 3049 1513 Novi
3083 1454 3320 1510 labores
3351 1458 3485 1507 tuos
3515 1470 3531 1507 :
3573 1450 3713 1507 novi

2059 1553 2205 1618 quot
2222 1548 2425 1604 animo
2450 1548 2749 1603 molestias
2770 1545 3059 1612 hauseris,
3083 1560 3241 1617 quae,
3266 1560 3402 1597 cum
3423 1559 3458 1597 a
3480 1539 3709 1596 mundo

2060 1636 2264 1691 avulsa
2287 1652 2368 1701 es,
2387 1636 2678 1691 toleraris.
2701 1635 2812 1693 Sed
2832 1635 3141 1692 conﬁdito:
3169 1632 3427 1704 plurima
3444 1630 3714 1686 tibimet-

2060 1741 2157 1781 ces
2190 1726 2246 1780 in
2278 1726 2429 1781 caelo
2461 1741 2476 1780 :
2509 1724 2720 1781 Christi
2746 1740 2971 1795 sponsa
2999 1722 3232 1787 diceris,
3264 1720 3371 1776 etsi
3407 1725 3542 1790 post
3572 1733 3714 1774 con-

350 1805 542 1881 ἀνδρός
571 1826 582 1838 '
647 1808 956 1880 συμπολίτις
1006 1818 1104 1861 τῶν
1167 1806 1388 1861 δικαίων
1428 1814 1517 1862 καὶ
1569 1810 1729 1882 ἁγίων
1762 1826 1775 1838 ·
1810 1813 1949 1883 εἰπερ

2060 1815 2291 1884 jugium
2307 1832 2319 1869 :
2335 1815 2631 1886 justorum
2654 1831 2723 1869 ac
2742 1820 3085 1869 sanctorum
3100 1811 3267 1879 civis,
3293 1809 3339 1864 si
3364 1807 3611 1880 quidem
3633 1807 3713 1864 ad

350 1897 661 1971 ἐμμενοῦμεν
720 1906 831 1959 ταῖς
892 1900 1051 1961 θείαις
1112 1898 1409 1971 ὁμολογίαις
1471 1901 1565 1960 ἕως
1605 1900 1797 1962 τέλους.
1842 1908 1949 1953 Νῦν

351 1984 411 2039 δὲ
473 1985 674 2062 λιπαρῶ
730 1993 817 2039 καὶ
848 1996 1102 2062 παραινῶ,
1172 1990 1568 2061 ύπομονητικῶς
1623 2009 1680 2041 σε
1733 1988 1950 2060 ἐνεγκεῖν

353 2080 446 2133 τὴν
487 2075 691 2149 ἐξορίαν
737 2081 827 2130 καὶ
879 2078 1100 2150 ἐρημίαν
1162 2080 1388 2143 πάντων,
1442 2076 1833 2153 ἀναθεωροῦσαν
1886 2077 1952 2131 τά

354 2165 570 2238 οὐράνια
602 2184 614 2195 ⁸
646 2162 847 2218 εἰδυῖαν
892 2170 947 2219 τὸ
980 2169 1063 2219 ini.
1107 2176 1203 2239 γῆς
1240 2172 1479 2238 παίγνιον
1529 2172 1619 2219 καὶ
1659 2169 1948 2242 ὠκύμορον.

349 2257 493 2309 Μετὰ
543 2263 639 2308 σοῦ
674 2256 699 2307 6
733 2255 896 2327 φύλαξ
941 2276 1034 2308 σου
1088 2264 1183 2318 τῆς
1239 2261 1372 2319 ζωῆς
1415 2256 1628 2328 οἰγγελος
1660 2278 1672 2289 ·
1726 2261 1951 2331 Χριστός

351 2343 526 2408 αύτός,
555 2346 579 2396 6
609 2343 763 2397 εἰπών
804 2362 819 2375 ·
856 2344 1005 2415 Ἐγὼ
1049 2350 1156 2397 καὶ
1203 2347 1228 2397 6
1282 2350 1496 2419 Πατὴρ
1536 2345 1949 2416 ἐλευσόμεθα,

350 2438 457 2485 καὶ
505 2437 698 2505 μονὴν
747 2433 887 2506 παρ’
956 2434 1120 2505 αύτῷ
1159 2440 1535 2507 ποιήσομεν.
1566 2433 1653 2487 Ἐν
1677 2431 1734 2487 δὲ
1766 2436 1954 2507 ὑπομι-

351 2527 568 2592 μνήσκω
593 2540 605 2553 '
630 2527 856 2581 σεαυτὴν
881 2530 1170 2596 περιποιοῡ,
1197 2519 1403 2576 δίαιταν
1426 2523 1953 2598 παρακλητικωτέραν

354 2609 717 2683 ἀσπαζομένη.
777 2612 852 2664 Ού
919 2615 1018 2687 γὰρ
1087 2616 1267 2686 καιρός
1320 2615 1621 2687 ἐγκρατείας
1683 2614 1806 2687 οἷρτι
1872 2632 1954 2665 το-

356 2702 583 2766 σοεύτον,
638 2702 759 2753 ὅσον
818 2706 876 2752 τό
944 2707 1212 2774 πρότερον.

350 2793 469 2863 περὶ
521 2788 644 2860 ἐμοῦ
698 2797 789 2841 τοῦ
841 2789 1147 2864 ἀμαρτωλού

356 2876 472 2950 βίον
515 2883 918 2951 συναρμόσοιμι,

1300 2708 1401 2756 Καὶ
1450 2702 1608 2773 τέλος,
1675 2710 1952 2775 προσύχου

1197 2806 1208 2817 '
1249 2793 1316 2852 ὡς
1370 2790 1428 2843 ἂν
1482 2798 1590 2853 τοῖς
1640 2791 1810 2863 λόγοις
1856 2794 1945 2844 τόν

562 2985 685 3040 ΞΘ’.
726 3018 795 3027 -
825 2986 1123 3059 Εύφημίᾳ
1152 2985 1515 3060 ἐγκλείστη.
1549 2987 1735 3061 [υογ¹.]

2061 1904 2240 1960 ﬁnem
2267 1921 2458 1976 usque
2481 1905 2540 1959 in
2562 1901 3152 1959 divinacont‘essione
3177 1899 3709 1971 perstemus.Nuuc

2061 2008 2203 2048 vero
2231 1993 2484 2048 obsecro
2506 1998 2562 2048 et
2587 1993 2789 2047 hortor
2814 1996 2875 2046 ut
2902 2005 3074 2061 aequo
3097 1988 3303 2044 animo
3333 1985 3606 2041 exsilium
3634 1984 3714 2040 fe-

2060 2097 2176 2148 ras,
2211 2097 2529 2153 rerumque
2555 2080 2829 2136 omnium
2853 2078 3188 2150 penuriam,
3216 2075 3545 2132 caelestium
3573 2089 3713 2129 con-

2062 2170 2445 2242 templatione
2469 2187 2481 2224 :
2507 2186 2643 2225 cum
2671 2168 2855 2241 probe
2877 2166 3189 2237 intelligas,
3218 2163 3515 2236 quidquid
3538 2168 3714 2218 terre-

2062 2276 2208 2315 num
2240 2265 2341 2323 est,
2382 2258 2679 2314 ludicrum
2712 2274 2839 2313 esse
2869 2261 2927 2312 et
2957 2259 3069 2312 cito
3112 2254 3462 2327 periturum.
3495 2255 3711 2308 Tecum

2061 2353 2260 2403 custos
2288 2350 2415 2404 vitae
2457 2354 2570 2404 tum
2602 2348 2877 2416 angelus,
2921 2346 3183 2401 Christus
3212 2343 3338 2414 ipse
3377 2342 3480 2414 qui
3515 2341 3661 2397 dixit
3695 2356 3709 2397 :

2059 2438 2189 2507 Ego
2210 2444 2263 2493 et
2283 2440 2465 2494 Pater
2488 2439 2802 2502 veniemus,
2831 2439 2884 2492 ét
2904 2436 3267 2492 mansionem
3286 2432 3451 2503 apud
3467 2447 3598 2487 eum
3615 2432 3716 2501 fa-

2062 2527 2277 2583 ciemus
2290 2528 2357 2582 ”.
2374 2528 2569 2582 Unum
2586 2542 2725 2582 vero
2741 2542 2975 2582 moneo:
2988 2531 3048 2579 ut
3061 2522 3385 2579 valetudini
3405 2519 3710 2585 consulas,

2064 2616 2397 2671 suaviorem
2430 2615 2709 2686 amplexa
2732 2614 2966 2670 vivendi
3000 2628 3297 2668 normam.
3324 2613 3525 2681 Neque
3551 2608 3713 2663 enim

2062 2721 2223 2762 nunc
2246 2710 2481 2776 tempus
2506 2704 2881 2761 abstinentiae
2903 2709 3025 2759 tam
3047 2700 3253 2771 rigidae
3276 2704 3381 2765 est,
3402 2714 3584 2771 quam
3610 2712 3715 2753 an-

2064 2800 2156 2851 tea
2172 2794 2399 2851 exstitit.
2425 2794 2686 2865 Denique
2708 2810 2816 2866 pro
2840 2809 2933 2848 me
2951 2795 3261 2863 peccatore
3276 2803 3480 2861 preces
3503 2786 3712 2852 funde,

2063 2889 2128 2939 ut
2153 2900 2289 2940 cum
2329 2883 2709 2941 sermonibus
2742 2883 2839 2939 via
2868 2897 3005 2937 mea
3036 2878 3390 2937 consentiat.

2420 2993 2594 3047 LXIX.
2617 3022 2686 3031 —
2715 2990 3061 3058 Euphemiaz
3086 2988 3355 3044 inclusas.

1375 3094 1443 3143 Ut
1471 3093 1677 3143 Christo
1713 3107 1913 3157 sponso
1951 3107 2069 3157 suo,
2105 3099 2219 3147 tota
2252 3100 2429 3146 mente
2465 3096 2679 3145 serviat.

424 3171 483 3223 Εἰ
545 3176 635 3224 καὶ
691 3171 979 3243 ἐλλείπομεν
1035 3177 1349 3248 συχνότερον
1419 3182 1480 3246 τῇ
1537 3178 1804 3246 τιμιότητί
1853 3193 1947 3226 σου
1981 3155 2022 3212 C

350 3259 663 3314 ἐπιστέλλειν
697 3278 710 3290 ·
765 3260 874 3313 ἀλλ’
908 3259 995 3312 οὖν
1035 3268 1126 3313 τοῦ
1188 3266 1486 3335 μεμνῆσθαι
1542 3269 1706 3324 αὐτῆς
1750 3261 1798 3314 ἓν
1851 3270 1951 3315 Κυ-

348 3353 465 3421 ρίῳ,
505 3349 599 3401 ούκ
642 3350 1020 3422 ἐπιλελήσμεθα
1049 3365 1061 3377 ⁸
1122 3348 1217 3404 διὰ
1276 3355 1333 3403 1'6
1373 3355 1671 3403 κοινωνικόν
1701 3360 1797 3413 τῆς
1827 3371 1950 3424 προ-

352 3439 555 3504 θέσεως,
587 3443 677 3491 καὶ
728 3442 785 3491 1'6
835 3436 1135 3491 ἑπιδοτικόν
1190 3448 1287 3502 τῆς
1323 3445 1697 3514 προαιρέσεως,
1736 3439 1802 3492 Ὀ
1834 3443 1952 3492 ἱκα-

348 3532 446 3588 νῶς
474 3529 607 3598 ἔχει,
653 3529 717 3588 ὡς
752 3529 1015 3599 μανθάνω,
1050 3527 1150 3579 ἀπὸ
1199 3528 1411 3602 πρώτης
1459 3529 1666 3590 ἡλικίας
1722 3531 1951 3601 ᾑρετίσω

350 3618 438 3667 τόν
469 3620 823 3689 σταυροφόρον
855 3613 968 3688 βίον
1002 3634 1015 3646 ο
1064 3622 1154 3668 καὶ
1184 3619 1259 3668 ἔτι
1290 3622 1384 3675 τὴν
1436 3622 1787 3691 φρουρητικὴν
1834 3615 1951 3669 δια-

352 3702 555 3758 ϐίωσιν.
590 3710 691 3757 Καὶ
722 3704 900 3762 ἡλίκον
932 3723 1026 3756 σου
1074 3708 1133 3756 τὸ
1180 3704 1455 3778 ἐγκώμιον,
1492 3709 1663 3778 νύμφη
1690 3713 1946 3780 Χριστοῦ.

352 3792 489 3846 Ἀλλ’
545 3797 929 3865 ὑπομιμνῄσκω
998 3798 1251 3867 περιέπων
1313 3814 1369 3846 σε
1444 3804 1825 3866 πνευματικῶς,
1881 3799 1951 3858 ὡς

352 3879 596 3955 ἀδελφήν.
654 3884 987 3954 Ἐπείχθητι,
1047 3887 1225 3956 κυρία,
1280 3882 1557 3955 ἐπείχθητι
1634 3886 1950 3956 θεραπεῦσαί

354 3990 448 4023 σου
506 3976 591 4023 τὸν
638 3976 895 4043 Νυμφίον.
952 3970 1010 4023 Ἦ
1054 3973 1424 4043 νυμφευθεῖσα,
1475 3974 1651 4033 πάσης
1714 3978 1950 4043 σχέσεως

352 4059 540 4118 ἑαυτὴν
581 4056 959 4124 ἀποδιὶστασο,
994 4059 1114 4116 ὃλην
1174 4065 1269 4119 τὴν
1298 4058 1546 4133 καρδίαν,
1599 4065 1688 4112 καὶ
1739 4060 1945 4132 ψυχὴν,

349 4155 438 4201 καὶ
495 4149 615 4206 ὃλην
667 4154 757 4208 τὴν
809 4144 1044 4201 διάνοιαν
1104 4148 1357 4220 ἐρωτικῶς
1420 4152 1550 4221 πρὸς
1606 4152 1692 4201 τὸν
1766 4149 1948 4210 ἑαυτῆς

349 4243 586 4309 Νυμφίον
626 4241 851 4310 ἔχουσα.
886 4237 944 4290 Εἰ
973 4246 1124 4289 τοῦτο
1163 4238 1249 4290 ἐπὶ
1304 4245 1395 4290 τού
1426 4240 1655 4310 φθαρτοῦ
1694 4242 1779 4291 καὶ
1811 4240 1945 4312 ῥέον.

349 4346 435 4388 τος
476 4330 588 4397 ἔχει
617 4347 629 4360 ·
695 4332 845 4398 πόσῳ
893 4322 980 4379 οὖν
1020 4326 1209 4398 μᾶλλον
1249 4326 1332 4379 ἐπὶ
1387 4335 1477 4379 τού
1537 4328 1800 4402 ἀφθάρτου
1858 4336 1947 4381 καὶ

351 4414 654 4483 ἀθανάτου;
733 4416 911 4477 Ούτως
975 4415 1235 4487 ὀφείλομεν
1303 4417 1499 4485 (κοινὸς
1550 4418 1574 4468 6
1630 4417 1804 4488 λόγος)
1859 4422 1947 4469 καὶ

2129 3177 2241 3231 Etsi
2281 3176 2594 3231 omisimus
2633 3174 2963 3231 crebriores
2996 3173 3074 3228 ad
3115 3169 3508 3226 reverentiam
3539 3172 3709 3224 tuam

2056 3265 2276 3321 litteras
2316 3266 2575 3330 mittere;
2611 3269 2671 3320 at
2705 3279 2827 3320 non
2858 3262 3148 3317 desiimus
3196 3260 3466 3331 ejusdem
3499 3257 3712 3312 memi-

2058 3355 2219 3410 nisse
2254 3354 2313 3408 in
2339 3354 2609 3419 Domino,
2639 3356 2767 3407 tum
2794 3351 2873 3407 ob
2903 3349 3150 3405 instituti
3191 3346 3708 3410 communionem,

2056 3450 2181 3498 tum
2208 3442 2287 3498 ob
2326 3441 2725 3497 voluntariam
2767 3440 2909 3495 novi
2948 3437 3236 3510 propositi
3279 3436 3707 3492 accessionem.

2058 3532 2228 3598 Quod
2256 3546 2359 3601 per
2393 3546 2453 3585 se
2488 3530 2818 3585 maximum
2848 3532 2953 3592 est,
3000 3543 3036 3583 a
3066 3526 3262 3596 prima
3304 3527 3494 3587 estate,
3524 3525 3587 3577 ut
3624 3522 3709 3576 in-

2057 3620 2275 3691 telligo,
2313 3620 2444 3674 vitae
2487 3634 2762 3674 normam
2815 3616 3140 3687 arripuisti,
3181 3614 3241 3669 in
3283 3628 3405 3685 qua
3448 3610 3714 3668 tollenda

2058 3725 2246 3764 crux:
2299 3724 2367 3763 ac
2416 3711 2702 3777 praeterea
2745 3709 2955 3776 sponte
2998 3703 3228 3759 inclusa
3274 3702 3441 3771 degis
3490 3714 3706 3755 aevum.

2059 3798 2208 3853 Proh
2250 3800 2477 3869 quanta
2516 3802 2617 3852 tua
2648 3794 3091 3850 commendatio
3123 3796 3231 3859 est,
3280 3793 3512 3862 Sponsa
3547 3788 3706 3843 Chri-

2057 3887 2164 3942 sti!
2213 3889 2405 3942 Unum
2455 3890 2655 3941 tamen
2688 3899 2944 3953 suggero
2984 3882 3067 3937 tui
3111 3879 3451 3952 spiritaliter
3499 3893 3705 3933 curam

2057 3991 2290 4046 gerens,
2317 3982 2608 4046 tanquam
2640 3974 2879 4029 sororis.
2914 3971 3214 4035 Adnitere,
3238 3969 3506 4033 domina,
3541 3967 3731 4022 adni-.

2057 4070 2175 4121 tere
2229 4066 2530 4135 Sponsum
2558 4069 2727 4117 tuum
2767 4061 3078 4116 demereri.
3130 4062 3441 4129 Tanquam
3495 4059 3706 4126 nupta,

2055 4169 2298 4209 omnem
2329 4168 2477 4208 exue
2509 4150 2809 4215 affectum,
2843 4153 3049 4220 pectus
3073 4162 3273 4212 omne,
3308 4161 3547 4201 omnem
3577 4145 3708 4199 ani-

2054 4258 2244 4307 mum,
2268 4241 2688 4312 cogitationem
2721 4254 2962 4294 omnem
2989 4237 3210 4292 amoris
3230 4234 3491 4306 impulsu
3518 4238 3709 4289 trans-

2052 4330 2248 4386 ferens
2294 4332 2351 4385 in
2399 4332 2699 4401 Sponsum
2730 4332 2920 4382 tuum.
2957 4326 3127 4392 Quod
3168 4326 3217 4381 si
3254 4324 3314 4378 in
3355 4322 3592 4379 mortali
3637 4336 3707 4377 ac

2054 4420 2315 4491 perituro
2340 4418 2399 4473 id
2418 4417 2651 4481 accidit,
2683 4420 2910 4488 quanto
2944 4415 3134 4483 magis
3166 4414 3227 4468 in
3254 4411 3618 4481 sempiterno
3649 4415 3705 4466 et

352 4507 503 4575 ἡμεῖς
541 4502 845 4558 διακεῖσθαι
877 4508 1007 4579 πρὸς
1057 4508 1143 4556 τόν
1205 4508 1393 4579 Κύριον
1423 4512 1511 4558 καὶ
1543 4512 1825 4571 Δεσπότην,
1857 4511 1947 4558 καὶ

2060 4507 2380 4563 immortali
2406 4508 2417 4562 l
2457 4508 2547 4562 Sic
2572 4505 2885 4564 debemus.
2914 4504 3039 4575 pari
3064 4503 3312 4565 ratione,
3340 4506 3396 4555 et
3427 4516 3537 4555 nos
3565 4513 3709 4569 erga

353 4598 424 4663 μὴ
466 4592 742 4665 λαμϐάνειν
776 4598 926 4669 κόρον
966 4602 1057 4645 τοῦ
1098 4596 1261 4645 πόθου
1302 4595 1463 4647 αὐτοῦ
1488 4612 1499 4624 '
1556 4601 1644 4647 καὶ
1692 4595 1740 4647 ἐν
1779 4598 1945 4667 τούτῳ

353 4681 661 4744 ἐξίστασθαι
706 4684 877 4743 πάσης
906 4679 1099 4743 ἡδονῆς
1128 4685 1458 4757 φθοροποιού.
1509 4684 1629 4737 Ὀτι
1656 4690 1745 4736 καὶ
1792 4685 1947 4744 αὐτὸς

352 4771 612 4845 ἐρωτικῶς
640 4776 763 4844 πρὸς
811 4774 951 4843 ἡμᾶς
990 4774 1170 4843 ἔχεται
1204 4789 1215 4801 ⁸
1258 4778 1346 4825 καὶ
1380 4776 1533 4825 οἱονεὶ
1585 4774 1852 4836 ἐξίσταται
1882 4782 1942 4846 τῇ

351 4860 678 4933 ύπεραπείρῳ
706 4859 989 4931 ἀγαπήσει.
1035 4864 1120 4917 Μὴ
1176 4861 1274 4934 γὰρ
1317 4860 1374 4912 ού
1417 4858 1509 4913 διὰ
1562 4865 1639 4929 σε,
1680 4867 1810 4924 Θεὸς
1856 4867 1943 4927 ῶν,

353 4944 544 5001 δούλου
614 4954 813 5022 μορφὴν
889 4948 1144 5012 ἀνέλαϐεν,
1206 4952 1265 5006 ἣν
1329 4958 1416 5001 νῦν
1493 4949 1841 5022 ἀτιμάζουσιν
1899 4953 1947 5002 οἱ

1870 5059 1941 5111 μη

349 5127 455 5199 οὐχ
512 5130 746 5201 ὑπέμεινε
794 5133 861 5182 τὰ
931 5128 1141 5201 θλιϐερά
1209 5130 1431 5193 ἅπαντα,
1501 5126 1695 5201 ὕϐρεις,
1755 5128 1946 5199 ἐμπτύ-

352 5038 753 5110 Εὶκονομάχοι;
814 5045 885 5113 μὴ
935 5041 1030 5092 ούκ
1084 5040 1383 5111 ἐπτώχευσε
1424 5039 1672 5099 πλούσιος
1701 5041 1766 5090 ὠν
1804 5056 1815 5105 ;

353 5235 548 5288 σματα,
607 5218 939 5292 ῥαπίσματα,
1007 5222 1289 5290 μάστιγας,
1359 5219 1582 5290 σταυρὸν
1647 5221 1735 5269 καὶ
1794 5219 1945 5268 θάνα-

350 5324 476 5373 τον;
520 5307 700 5369 Ούτως
742 5308 932 5380 ὀφείλει
976 5309 1171 5366 ἑκάστη
1225 5308 1377 5379 ψυχὴ
1437 5304 1767 5359 διατίθεσθαι
1799 5323 1811 5336 '

350 5396 477 5468 ὑπὲρ
536 5397 701 5457 αὐτῆς
748 5402 928 5468 μόνης,
984 5395 1077 5448 κᾶν
1117 5398 1242 5468 ὑπὲρ
1291 5398 1482 5459 πάσης,
1524 5397 1589 5445 τὰ
1636 5396 1941 5466 παθήματα,

348 5466 432 5537 έαὶ
492 5489 721 5558 στέργειν
778 5490 868 5538 καὶ
919 5485 1145 5559 ἀγαπᾷν,
1206 5491 1296 5539 καὶ
1335 5485 1570 5559 ἐφίεσθαι
1601 5483 1774 5550 ἐξίσου
1807 5482 1943 5537 ἀντι·

1877 5309 1944 5367 ὡς

422 5639 468 5699 .”
493 5638 668 5697 Joan.
695 5652 817 5707 xu,
850 5640 936 5695 23.

2060 4597 2379 4651 Dominum
2392 4600 2447 4650 et
2461 4594 2805 4665 magistrum
2819 4592 2995 4656 afﬁci,
3013 4608 3122 4647 nec
3137 4590 3487 4647 ullamillius
3501 4603 3708 4643 aman-

2058 4685 2117 4739 di
2146 4685 2478 4739 satietatem
2509 4698 2753 4754 capere;
2784 4689 2961 4752 atque
2990 4696 3123 4735 eam
3154 4679 3233 4735 ob
3262 4695 3389 4733 rem
3418 4666 3582 4754 omni
3609 4691 3706 4731 ca-

2058 4789 2184 4828 rere
2240 4773 2494 4828 exitiosa
2532 4752 2855 4841 voluptate.
2902 4773 3047 4825 Nam
3102 4773 3157 4824 et
3210 4768 3335 4839 ipse
3386 4752 3709 4837 peramans

2057 4861 2241 4917 nostri
2271 4865 2376 4926 est,
2403 4877 2472 4916 ac
2499 4860 2673 4915 veluti
2705 4863 2871 4914 extra
2901 4874 2963 4912 se
2993 4858 3175 4912 fertur
3202 4854 3534 4911 incredibili
3566 4852 3705 4909 cha-

2058 4951 2251 5006 ritate.
2314 4956 2526 5005 Annon
2572 4949 2731 5004 enim
2779 4953 3018 5018 propter
3045 4950 3119 5011 te,
3166 4961 3304 5000 cum
3336 4948 3486 4999 Deus
3530 4946 3705 5005 esset,

2058 5041 2210 5095 servi
2237 5039 2489 5094 formam
2514 5036 2765 5107 accepit,
2798 5051 2983 5108 quam
3018 5050 3176 5090 nunc
3199 5031 3579 5089 lconomachi
3610 5030 3710 5085 de-

2056 5129 2269 5183 decore
2290 5125 2603 5182 afﬁciunt?
2632 5141 2750 5180 non
2778 5124 3130 5194 vixitinops,
3156 5138 3292 5177 cum
3317 5121 3485 5176 dives
3502 5118 3706 5174 esset?

2056 5232 2177 5273 non
2203 5232 2491 5287 perpessu
2514 5230 2728 5284 aspera
2744 5212 2949 5269 omnia
2966 5209 3245 5282 pertulit?
3268 5206 3661 5265 contumelias
3678 5205 3705 5260 Τ

2057 5305 2281 5377 sputa‘?
2305 5304 2510 5375 alapas
2530 5304 2559 5355 ?
2598 5299 2892 5357 verbera?
2941 5315 3177 5355 crucem
3207 5314 3276 5354 ac
3317 5312 3524 5352 necem
3546 5296 3574 5351 ?
3612 5295 3723 5350 Sic-

2056 5394 2384 5466 quamlibet
2400 5392 2666 5449 animam
2689 5404 2820 5445 esse
2841 5389 3115 5444 aﬁectam
3138 5387 3305 5442 decet
3321 5385 3569 5458 (quippe
3597 5398 3705 5454 pro

2057 5483 2192 5559 ipsa
2217 5481 2365 5546 sola,
2391 5479 2636 5555 perinde
2653 5494 2723 5534 ac
2746 5492 2853 5549 pro
2875 5476 3156 5535 omnibus
3177 5475 3269 5533 hie
3291 5473 3701 5548 perpessiones
