4062 6280
362 283 506 344 1299

363 518 534 574 aequo
558 504 678 574 pati
707 504 967 560 vicissim
999 507 1230 576 gestiat.
1266 509 1346 562 Ac
1364 507 1410 562 si
1442 507 1696 564 fortasse
1721 507 1920 564 nullus
1942 508 2020 563 sit

363 593 474 648 ista
503 591 837 662 perferendi
869 593 1058 661 locus,
1091 597 1465 668 propositum
1498 597 1689 652 vicem
1722 599 1919 668 operis
1949 613 2021 653 ac

362 679 604 737 laudem
641 682 841 750 habet,
868 685 986 740 Deo
1023 685 1254 755 optimo
1287 685 1371 741 sic
1400 691 1843 743 remunerante.
1886 688 2021 741 Haec

366 775 505 826 sunt
531 787 566 828 a
598 787 692 828 me
727 772 980 844 prolata,
1013 789 1135 829 non
1163 776 1335 847 quasi
1362 791 1484 831 non
1514 781 1651 832 ante
1683 776 1890 832 oculos
1919 777 2023 832 ha-

366 858 536 924 beas,
569 859 672 917 sed
697 861 863 935 quod
897 862 1046 918 mihi
1081 868 1277 920 tecum
1310 863 1370 919 in
1407 865 1659 921 Domino
1707 880 1876 920 mens
1904 881 2025 922 una

368 947 462 1006 sit.

781 1042 928 1100 LXX.
953 1071 1022 1083 —
1061 1042 1343 1112 Teophilo
1381 1043 1625 1114 Ephesi.

1635 289 1696 350 S.
1741 292 2108 352 THEODORI
2152 294 2483 355 STUDIT/E

363 417 658 486 susceptas
704 414 888 486 sunt),
916 418 979 471 ut
1015 419 1073 472 et
1102 417 1507 492 concupiscat,
1537 423 1596 475 et
1627 425 1807 486 amet,
1839 423 1898 475 et
1940 435 2014 476 ex

2146 425 2448 479 πεπονθέναι.

3588 297 3728 358 i300

2538 426 2645 480 Κᾶν
2690 429 2856 498 τυχὸν
2906 425 2968 480 ού
3051 433 3448 501 παραχωρῆται
3504 427 3729 480 ύποῖσαι

2128 519 2295 565 ταῦτα
2329 530 2339 542 ·
2368 518 2458 566 καὶ
2505 515 2534 573 ἠ
2580 517 2827 587 πρόθεσις
2884 512 3237 569 ἀποδέδεκται
3265 515 3334 576 εἰς
3363 518 3510 590 ἔργον
3543 534 3558 548 ο
3591 515 3730 569 οὓτω

2130 608 2222 654 τοῦ
2267 601 2466 672 ἀγαθοῦ
2520 608 2647 658 Θεοῦ
2709 605 3161 678 φιλοτιμουμένου.
3230 611 3411 658 Ταῦτα
3485 604 3590 677 οὐχ
3658 608 3730 668 ὡς

2131 689 2225 742 ούκ
2277 689 2505 763 ἐχούσης
2561 711 2655 746 σου
2707 693 2895 747 ἔναυλα
2932 708 2945 722 ⁶
2999 693 3105 746 ἀλλ’
3135 696 3199 754 ὡς
3231 693 3531 765 συμψυχῶν
3565 712 3648 746 σοι
3679 693 3731 747 έν

2132 781 2332 854 Κυρίῳ.

2349 1041 2429 1095 Ο¹.
2455 1071 2521 1083 -—
2562 1041 2848 1115 Θεοφίλῳ
2887 1049 2998 1105 τῆς
3032 1042 3312 1115 Ἐφέσου.
3341 1042 3533 1118 [υος-’.]

1017 1168 1344 1225 Gratulatur,
1379 1173 1636 1234 tanquam
1672 1168 1964 1219 confessori
1994 1166 2308 1231 perillustri.
2353 1165 2561 1230 (Baron.
2599 1179 2686 1216 an.
2723 1167 2832 1222 816,
2868 1181 2928 1220 n.
2967 1167 3068 1226 42.)

443 1285 586 1340 Cum
607 1285 916 1356 epistolam
945 1285 1134 1342 fenori
1163 1287 1485 1348 dedissem.
1511 1285 1934 1358 exspectabam
1960 1286 2022 1339 ut

369 1370 643 1429 debitum
666 1373 966 1430 charitatis
995 1375 1348 1447 reciperem:
1375 1375 1478 1430 sed
1493 1376 1634 1446 quia
1652 1390 1771 1429 non
1795 1372 2018 1443 accepi,

371 1460 551 1533 cupio
577 1465 633 1516 et
681 1462 893 1518 iterum
924 1463 1198 1520 fenerari.
1256 1463 1430 1518 Dulce
1462 1464 1622 1518 enim
1657 1463 1800 1517 mihi
1849 1460 2022 1516 valde

369 1548 485 1605 hoc
515 1549 708 1617 fenus,
755 1551 814 1606 id
855 1557 961 1617 est,
990 1568 1126 1606 cum
1158 1568 1328 1607 sacro
1378 1552 1569 1622 capite
1600 1557 1701 1606 tuo
1741 1549 2021 1622 colloqui,

374 1638 580 1695 Christi
629 1655 813 1696 causa
888 1641 1170 1711 patiente,
1243 1641 1330 1696 vel
1393 1641 1594 1712 potius
1669 1637 2025 1695 confessoris

371 1727 555 1784 instar
583 1733 870 1785 coronato
891 1734 948 1786 et
975 1735 1280 1786 exornato.
1311 1733 1435 1786 Non
1455 1729 1613 1784 enim
1637 1728 1858 1802 quibus
1888 1743 2027 1781 ocu-

371 1814 444 1871 lis
489 1816 651 1872 videt
698 1817 984 1882 mundus,
1035 1817 1250 1874 iisdem
1283 1833 1452 1873 mens
1501 1819 1703 1888 cernit,
1741 1819 1926 1872 Deum
1957 1829 2027 1870 ac

372 1904 576 1960 divina
615 1906 1014 1978 conspiciens.
1058 1906 1154 1962 Ille
1199 1907 1494 1979 siquidem
1533 1905 1944 1978 corruptibilla
1972 1909 2029 1960 et

373 1995 682 2065 pereuntia
717 2010 938 2050 nomen
973 1995 1273 2051 bonorum
1311 1995 1576 2052 obtinere
1617 1999 1836 2059 censet,
1873 1992 2028 2048 male

370 2082 652 2154 judicans
687 2088 744 2139 et
793 2100 1116 2155 perverse:
1163 2085 1290 2140 haec
1334 2100 1476 2140 vero
1526 2083 1688 2139 illam
1721 2099 1790 2139 ac
1835 2083 2027 2138 solam

373 2171 721 2229 beatitatem
743 2179 962 2238 censet,
997 2190 1132 2246 quas
1154 2190 1274 2230 non
1301 2175 1424 2229 istis
1445 2173 1669 2230 ﬁnibus
1699 2173 1906 2230 deﬁnit
1929 2187 2030 2227 vo-

375 2259 689 2333 luptatem,
723 2263 824 2317 sed
852 2267 1172 2318 venturum
1209 2263 1266 2318 in
1300 2279 1496 2320 aevum
1524 2263 1785 2335 reposita
1813 2266 1919 2328 est,
1952 2259 2028 2316 ad

374 2348 772 2406 interminata:
804 2350 1062 2407 fructum
1089 2351 1503 2422 jucunditatis.
1534 2355 1653 2407 Hoc
1679 2350 1862 2407 modo
1891 2366 2030 2406 san-

378 2437 593 2494 ctitatis
625 2444 740 2495 tum
771 2456 863 2495 res
902 2441 1138 2496 intuens
1170 2442 1368 2506 miser,
1395 2441 1632 2512 gaudeo
1661 2444 1717 2496 et
1742 2439 2026 2509 gratulor,

375 2526 896 2583 desideratissime.
933 2529 1350 2599 Contempsisti
1392 2528 1641 2601 gloriam
1683 2533 1976 2584 terrenam
2012 2544 2026 2579 :

373 2615 596 2684 elegisti
619 2632 756 2671 cum
785 2616 1012 2672 Christo
1036 2617 1290 2673 humilia
1311 2622 1366 2672 et
1388 2616 1882 2689 contemptibilia,
1907 2617 2029 2672 imo

374 2719 512 2759 vero
535 2703 978 2761 tribulationem
1005 2711 1063 2762 et
1086 2707 1414 2776 angustias,
1439 2705 1689 2762 verbera
1719 2714 1774 2761 et
1803 2705 2026 2761 exsilia.

377 2794 569 2857 Quam
609 2793 786 2849 beata
823 2800 964 2851 sunt
1001 2811 1136 2868 quas
1173 2795 1406 2864 gessisti
1437 2795 1450 2850 l
1489 2799 1680 2860 Quam
1722 2795 2031 2850 laudanda

375 2897 512 2951 qua:
558 2883 810 2952 passus!
866 2884 1084 2940 Orienti
1134 2884 1557 2955 Occidentique
1595 2883 1912 2949 celebrata,
1967 2883 2029 2939 in

375 2969 540 3026 caelis
564 2971 882 3044 descripta,
925 2973 1172 3041 angelos
1213 2972 1622 3038 exhilarantia,
1657 2973 2029 3028 confessores

376 3075 446 3114 ac
468 3063 758 3132 martyres
787 3061 1166 3126 oblectantia,
1191 3062 1518 3127 daamones,
1551 3067 1608 3117 et
1633 3061 1724 3117 his
1749 3077 1928 3117 sensu
1959 3077 2029 3117 ac

375 3148 648 3204 moribus
684 3149 906 3205 similes
941 3151 1393 3217 lconomachos,
1432 3151 1797 3222 pungential
1832 3151 2028 3207 Merito

377 3235 557 3306 igitur
585 3237 686 3293 tibi
717 3240 1000 3306 gratulor,
1043 3239 1321 3310 princeps
1352 3239 1608 3295 Patrum.
1643 3239 1758 3295 Sed
1787 3243 1928 3310 peto
1970 3244 2032 3295 ut

377 3341 488 3398 pro
516 3341 612 3382 me
637 3326 818 3382 etiam
844 3343 977 3383 ores
1005 3329 1227 3383 misero
1251 3327 1675 3401 undequaque,
1711 3333 1772 3384 ut
1795 3344 1831 3384 a
1860 3329 2032 3383 vesti-

377 3414 498 3486 giis
529 3416 739 3473 vestris
764 3417 1183 3473 consectandis
1211 3431 1334 3472 non
1357 3417 1650 3474 aberrem.

795 3595 970 3652 LXXI.
1003 3625 1072 3636 —
1103 3595 1435 3651 Naucratio
1464 3595 1613 3664 ﬁlio.

2204 1286 2451 1345 Δανείσας
2504 1286 2562 1334 τό
2616 1285 2856 1357 γράμμα,
2899 1278 3327 1356 ἁπεκαραδόκουν
3383 1280 3648 1352 λήψεσθαι
3674 1284 3734 1332 τό

2132 1375 2290 1444 χρέος
2334 1380 2428 1433 τῆς
2481 1369 2689 1442 ἀγάπης
2723 1392 2736 1404 ο
2795 1369 2900 1423 ἀλλ’
2957 1369 3064 1422 ἐπεὶ
3096 1370 3188 1422 ούκ
3231 1369 3434 1443 εἴληφα,
3485 1369 3615 1442 φιλῶ
3645 1374 3737 1422 xui

2133 1456 2279 1520 αὖθις
2310 1456 2570 1515 δανεῖσαι.
2601 1457 2733 1512 Ἡδὺ
2762 1463 2864 1534 γὰρ
2918 1479 3007 1533 μοι
3045 1463 3102 1511 τὸ
3139 1457 3341 1514 δάνειον
3369 1459 3483 1510 λίαν
3513 1478 3524 1491 ·
3573 1459 3735 1530 ἤγουν

2132 1557 2194 1622 τῇ
2255 1557 2318 1621 σῇ
2374 1552 2486 1623 ἱερᾴ
2542 1557 2742 1624 κορυφῇ
2790 1546 3145 1621 διαλέγεσθαι,
3197 1545 3292 1602 διὰ
3352 1551 3581 1622 Χριστόν
3638 1567 3738 1600 πα-

2138 1641 2376 1710 σχούσῃ,
2440 1638 2631 1710 μᾶλλον
2692 1634 2751 1691 δὲ
2814 1638 3201 1710 όμολογητικῶς
3258 1641 3635 1711 στεφανουμένη
3682 1655 3740 1688 τε

2134 1733 2225 1780 xui
2268 1727 2715 1800 καλλωπιζομένῃ.
2777 1728 2851 1780 Ού
2900 1731 3001 1802 γὰρ
3068 1726 3142 1790 οἷς
3203 1727 3482 1801 ὀφθαλμοῖς
3560 1724 3741 1800 βλέπει

2137 1821 2352 1889 κόσμος,
2402 1819 2602 1878 τούτοις
2651 1815 2797 1890 ἀθρεῖ
2853 1822 2942 1869 xui
2995 1826 3112 1880 νοῦς
3140 1819 3271 1893 όρῶν
3321 1821 3449 1871 Θεὸν
3479 1822 3568 1869 καὶ
3600 1819 3738 1871 θεῖα.

2133 1904 2253 1958 Ὀτι
2299 1906 2325 1957 ό
2379 1908 2468 1978 μὲν
2525 1908 2590 1958 τὰ
2667 1908 2974 1979 φθειρόμενα
3035 1912 3122 1959 καὶ
3200 1905 3524 1979 ἀπολλύμενα
3573 1909 3742 1958 οῖεται

2136 2003 2236 2047 τῶν
2295 1992 2504 2067 ἀγαθῶν
2559 2002 2746 2070 μοῖραν
2817 1997 3120 2068 τυγχάνειν,
3203 2005 3375 2057 κακῶς
3427 1991 3581 2056 εἰδὼς
3643 1999 3738 2046 καὶ

2136 2083 2530 2156 πεπλανημένως
2563 2103 2575 2116 ·
2629 2086 2654 2136 ό
2683 2081 2742 2137 δὲ
2780 2083 2938 2137 ἐκεῖνο
2995 2091 3085 2138 καὶ
3129 2089 3281 2156 μόνον
3327 2090 3512 2159 κρίνων
3564 2085 3742 2156 μακά-

2138 2193 2266 2248 ριον,
2321 2175 2346 2226 ὃ
2389 2173 2483 2225 ούκ
2536 2172 2758 2226 ένταύθα
2814 2178 2907 2232 τὴν
2958 2174 3231 2227 εύπάθειαν
3281 2176 3446 2248 ὁρίςοι
3480 2191 3491 2202 ⁸
3527 2173 3634 2225 ἀλλ’
3666 2172 3741 2234 εἰς

2138 2265 2224 2314 τόν
2275 2261 2522 2335 μέλλοντα
2566 2263 2728 2314 αἰῶνα
2765 2261 3390 2336 ἓναποθησαυριζόμενον,
3447 2263 3516 2324 εἰς
3563 2264 3739 2335 χαρὰν

2140 2351 2422 2426 ἀπέραντον
2474 2349 2760 2424 θυμηδίας.
2815 2353 2966 2405 Ούτω
3018 2357 3082 2406 τὰ
3121 2355 3255 2405 κατὰ
3292 2358 3384 2411 τήν
3441 2353 3739 2424 ἁγιωσύνην

2141 2461 2236 2493 σου
2267 2439 2365 2512 ἐγὼ
2418 2441 2443 2492 ό
2494 2442 2658 2502 τάλας
2688 2443 2837 2515 ὀρῶν,
2872 2446 3050 2517 χαίρω
3092 2447 3181 2496 καὶ
3218 2447 3519 2516 συγχαίρω,
3559 2445 3739 2513 τριπό⁹

2141 2532 2283 2588 θητε.
2364 2535 2780 2602 Περιεφρόνησας
2856 2528 3019 2594 δόξης
3096 2533 3372 2601 έπιγείου⁶

2138 2627 2354 2694 Χριστῷ
2415 2621 2480 2671 τὰ
2527 2622 2745 2672 ταπεινὰ
2793 2624 2882 2672 xui
2966 2619 3371 2693 ἐξουθενημένα·
3443 2619 3634 2692 μᾶλλον
3684 2615 3745 2671 δε

2141 2707 2314 2779 θλίψιν
2393 2712 2482 2759 καὶ
2561 2713 2936 2783 στενοχωρίαν,
3001 2709 3205 2780 πληγὰς
3259 2714 3348 2762 καὶ
3393 2709 3610 2783 ἐξορίας.
3654 2707 3744 2769 Ὡς

2138 2797 2374 2869 μακάριά
2427 2815 2521 2848 σου
2574 2800 2638 2849 τὰ
2697 2798 2978 2870 πρακτέαε
3035 2801 3103 2858 ὡς
3144 2798 3319 2850 αἰνετά
3351 2817 3445 2850 σου
3475 2800 3541 2849 τὰ
3574 2799 3746 2854 παθή-

2139 2884 2325 2957 ματαῙ
2369 2883 2613 2958 Ἀνατολῇ
2679 2892 2768 2938 καὶ
2813 2889 2966 2939 Δύσει
3015 2883 3362 2958 διαϐοώμενα,
3422 2885 3469 2938 έν
3509 2886 3745 2960 οὐρανοῖς

2142 2973 2544 3048 ἀπογραφόμενοι
2634 2973 2852 3047 ἀγγέλου
2864 2997 2884 3037 ς

3446 2531 3580 2584 εἵλου
3645 2533 3742 2582 σύν

2985 2976 3342 3048 εύφραίνοντα,
3419 2975 3745 3046 όμολογητάς

2141 3066 2231 3114 καὶ
2281 3064 2550 3138 μάρτυρας
2607 3060 2888 3128 ἡδύνοντα,
2939 3061 3196 3136 δαίμονας
3252 3068 3496 3126 καὶτοὺς
3543 3067 3746 3124 τούτοις

2142 3154 2432 3224 ὁμόφρονάς
2487 3171 2540 3204 τε
2569 3157 2656 3205 xui
2717 3155 3042 3228 ὁμοτρόπους
3091 3154 3479 3226 Εἱκονομάχους
3536 3154 3749 3213 στίζον-

2141 3241 2249 3295 rul
2305 3241 2523 3302 Εἰκότως
2583 3237 2672 3294 οὖν
2758 3261 2842 3294 σοι
2895 3242 3306 3315 συναγάλ).ομαι,
3381 3245 3745 3315 πρωτοπάτορ.

2143 3329 2283 3384 Ἀλλ’
2314 3329 2441 3381 αἰτῶ
2473 3326 2688 3383 δέεσθαί
2742 3350 2799 3384 σε
2854 3335 2937 3382 xui
2995 3335 3110 3405 περὶ
3144 3329 3268 3404 ἐμοῦ
3297 3339 3388 3383 τοῦ
3413 3333 3549 3382 κατὰ
3576 3333 3753 3382 πάντα

2143 3419 2398 3492 οἰκτροῦ⁶
2462 3422 2526 3479 ὡς
2582 3421 2644 3472 ἄν
2695 3425 2766 3492 μὴ
2839 3419 3121 3472 ἀποπεσεῖν
3169 3441 3232 3493 με
3289 3431 3380 3482 τῆς
3426 3420 3540 3473 κατ’
3589 3424 3750 3492 ἴχνος

2143 3509 2287 3580 ὑμῶν
2325 3510 2726 3579 παραστάσεως.

2359 3595 2488 3654 ΟΔ’.
2535 3627 2606 3637 --
2644 3603 3032 3671 Ναυκρατίῳ
3071 3602 3286 3669 τέκνῳ.
3341 3596 3535 3672 [υπγ’.]

380 3703 545 3768 Impie
565 3707 616 3754 et
641 3703 928 3755 crudeliter
949 3705 1016 3754 ab
1044 3704 1412 3754 Iconomachis
1433 3707 1586 3768 gesta
1603 3707 1948 3816 exponungur
1966 3704 2424 3827 zaggtbodqxprum
2447 3705 2500 3753 in
2518 3705 2581 3754 iis
2599 3703 2830 3754 ferendis
2853 3707 3156 3756 constantia
3177 3705 3514 3770 praedicatur.
3536 3704 3748 3768 (Baron.

1877 3781 1936 3819 n.
2072 3805 2087 3824 ,
2115 3781 2174 3818 n.
2247 3806 2258 3817 .

1877 3781 1936 3819 Π.
1977 3781 2087 3824 δΖυ,
2115 3781 2174 3818 n.
2209 3781 2258 3817 1.

452 3884 647 3940 Serius
674 3884 749 3941 ad
799 3889 854 3942 te
899 3885 1272 3958 scripsimus,
1316 3883 1527 3940 dilecte
1567 3884 1704 3939 ﬁlii:
1739 3883 1846 3939 sed
1891 3883 2039 3956 quia

379 3973 566 4030 fervet
593 3974 689 4030 hic
711 3975 889 4030 etiam
923 3975 1280 4047 persecutio,
1312 3973 1522 4047 plagae,
1552 3973 1809 4038 vincula,
1840 3988 2033 4028 carce-

381 4078 474 4117 res
502 4082 514 4122 :
548 4062 630 4119 ita
663 4062 758 4119 ille
787 4064 889 4136 qui
921 4079 1034 4118 nos
1062 4063 1307 4128 detinet,
1338 4062 1524 4135 spirat
1556 4062 1813 4118 furorem
1844 4067 1899 4117 et
1925 4061 2039 4116 mi-

381 4167 517 4220 nas,
550 4153 716 4208 ethic
748 4158 850 4208 aut
877 4152 992 4208 illic
1023 4154 1297 4208 inventos
1331 4152 1461 4222 pios
1493 4151 1948 4223 comprehendit
1969 4166 2040 4204 ac

381 4241 637 4297 divexat.
691 4242 799 4308 Qui
842 4241 1090 4313 quidem
1141 4241 1203 4296 in
1247 4241 1456 4296 urbem
1489 4240 1907 4311 proﬁciscens;
1959 4240 2038 4294 ibi

2223 3884 2550 3957 Ὠψίσθημεν
2607 3883 2897 3937 ἐπιστεῖλαί
2967 3904 3070 3950 σοι,
3130 3889 3300 3937 τέκνον
3361 3885 3699 3955 ἠμαπημένον
3735 3903 3748 3916 ο

2151 3972 2257 4024 ἀλλ’
2288 3974 2368 4025 ὅτι
2409 3977 2498 4025 καὶ
2552 3974 2773 4026 ἐνταῦθα
2828 3969 3062 4045 διωθμὸς
3095 3973 3240 4036 ζέων,
3280 3972 3495 4043 πληγαὶ,
3553 3968 3748 4043 δεσμὰ,

2151 4061 2377 4135 φυλακαί
2406 4079 2418 4092 ·
2469 4061 2602 4114 οὕτω
2651 4069 2743 4114 τοῦ
2802 4067 3118 4133 κατέχοντος
3185 4063 3325 4133 ἡμᾶς
3390 4066 3623 4121 πνέοντος
3666 4062 3755 4112 6v-

2149 4158 2249 4224 μοῡ
2297 4157 2385 4204 καὶ
2434 4150 2669 4213 ἀπειλῆς,
2719 4155 2809 4202 xui
2867 4155 2982 4212 τούς
3036 4147 3138 4204 ὧδε
3195 4153 3406 4203 κάκεῖσε
3441 4151 3755 4222 εὑρισκομέ-

2148 4259 2267 4302 νους
2315 4239 2542 4301 εὐσεϐεῖς
2624 4238 3070 4311 συλλαμϐάνοντός
3135 4259 3188 4292 τε
3267 4243 3356 4291 καὶ
3418 4237 3750 4300 κολάζοντος.

382 4329 540 4384 enim
581 4345 744 4384 nunc
784 4307 932 4401 agit;
983 4329 1179 4384 dicere
1231 4345 1353 4384 non
1401 4307 1742 4384 dubitavit:
1794 4330 2032 4398 Rogabo

2147 4329 2241 4390 ⁴Ος
2289 4348 2345 4401 γε
2395 4333 2484 4380 καὶ
2530 4327 2764 4402 ἀπαίρων
2796 4329 2845 4380 ἐν
2871 4329 3054 4381 ἄστει·
3104 4328 3288 4380 αύτόθι
3339 4330 3439 4399 γὰρ
3491 4335 3578 4378 νύν
3625 4323 3753 4378 δια-

382 4418 827 4488 imperatorem,
849 4423 910 4473 ut
927 4434 1163 4473 mecum
1185 4418 1404 4473 ducam
1432 4418 1663 4487 regium
1681 4417 2039 4480 ministrum,

383 4507 487 4579 qui
516 4514 617 4562 aut
651 4507 845 4578 capite
875 4507 1115 4578 penitus
1141 4507 1478 4573 obtruncet,
1508 4512 1607 4563 aut
1633 4507 1902 4576 linguam
1934 4506 2043 4561 ab-

384 4596 639 4657 scindat.
667 4597 955 4668 Equidem
989 4597 1190 4653 nescio
1221 4613 1298 4652 an
1326 4597 1506 4652 verba
1552 4597 1624 4652 ad
1659 4598 1880 4652 exitum
1914 4612 2045 4669 per-

384 4687 674 4742 venerint.
705 4685 791 4742 Ob
817 4685 976 4740 hanc
1001 4685 1246 4757 quidem
1273 4702 1516 4742 causam
1551 4701 1658 4741 nos
1680 4688 1886 4742 omnia
1919 4685 2041 4754 iam

385 4773 816 4845 disposuimus,
841 4775 1247 4845 conjecturam
1273 4791 1344 4830 ex
1367 4775 1482 4831 alio
1508 4775 1689 4831 etiam
1717 4777 2039 4845 capientes,

384 4863 646 4919 hominis
667 4863 890 4919 scilicet
919 4864 1302 4935 perversitate
1328 4869 1386 4920 et
1406 4879 1701 4919 concursu
1733 4863 2044 4935 episcOpo-

385 4967 562 5009 rum:
604 4952 1102 5026 quandoquidem
1144 4953 1387 5019 adsunt,
1443 4957 1505 5007 ut
1528 4951 1727 5017 fertur,
1771 4967 1893 5024 quo
1930 4951 2043 5006 tale

388 5039 615 5112 aliquid
656 5039 1016 5112 perﬁciatur.
1060 5041 1318 5097 Minister
1357 5056 1498 5095 vero
1537 5040 1744 5094 timore
1786 5046 1838 5095 et
1885 5045 2044 5094 metu

391 5128 699 5199 perculsus
730 5129 961 5200 (graves
974 5130 1134 5185 enim
1162 5137 1338 5185 antea
1360 5129 1554 5183 minas
1574 5127 1894 5198 impiorum
1921 5128 2044 5183 dux

387 5217 728 5282 intentarat,
767 5224 956 5273 morte
992 5218 1301 5288 proposita
1341 5216 1388 5270 si
1424 5215 1515 5270 vel
1549 5215 1827 5270 levissimi
1867 5217 2042 5271 errati

387 5320 525 5362 reus
557 5305 832 5360 inventus
861 5307 1040 5377 esset)
1064 5305 1329 5361 chartam
1352 5311 1408 5360 et
1438 5309 1840 5360 atramentum
1871 5305 2042 5360 nobis

389 5396 533 5450 dare
563 5395 808 5450 omnino
838 5394 1274 5450 reformidavit.
1311 5393 1451 5448 Hinc
1485 5392 1754 5450 tarditas.
1786 5394 2043 5449 Accessit

391 5484 468 5541 ad
507 5481 1026 5553 impedimentum,
1058 5481 1225 5554 quod
1259 5481 1568 5536 audieram
1607 5487 1660 5536 te
1700 5497 1772 5537 ex
1806 5498 2042 5538 carcere

392 5571 675 5631 eductum
707 5585 877 5632 esse:
913 5569 1020 5628 sed
1051 5573 1107 5626 et
1140 5569 1522 5638 Sardensem,
1555 5569 1749 5648 qualis
1783 5586 1904 5628 non
1936 5571 2042 5631 de-

2150 4415 2358 4490 τρίϐει.
2419 4417 2514 4469 ούκ
2568 4417 2796 4474 ὤκνησεν
2867 4417 3047 4482 εἰπεῖν,
3121 4419 3298 4492 ὅτιπερ
3375 4416 3755 4488 Ἐξαιτήσομαι

2151 4509 2238 4558 τόν
2291 4503 2528 4580 βασιλέα,
2602 4503 2876 4579 βασιλικὸν
2947 4511 3253 4578 συνεπᾶραι,
3316 4505 3381 4565 εἰς
3437 4508 3494 4556 τό
3547 4506 3754 4565 πάντως

2154 4593 2558 4668 ἀποκεφαλίσαι,
2599 4597 2629 4654 ἦ
2664 4599 2752 4647 xui
2779 4594 3124 4667 γλωσσόκοπῆ
3138 4615 3247 4648 σαι.
3274 4593 3384 4647 Ούκ
3419 4590 3545 4646 οἶδα
3571 4597 3662 4665 μεν
3711 4593 3754 4646 εί

2152 4685 2178 4736 ό
2210 4684 2360 4756 λόγος
2401 4683 2468 4744 εἰς
2507 4687 2661 4757 πέρας
2703 4684 2861 4736 ἔλθοι.
2919 4683 3025 4756 Ἐφ’
3169 4686 3315 4755 ἡμεῖς
3371 4686 3462 4755 μεν
3515 4685 3582 4734 τὰ
3635 4701 3755 4734 συν-

2152 4777 2416 4846 τακτήρια
2460 4768 2566 4830 ἢδη
2618 4773 2980 4844 έποιησάμεθα
3013 4792 3026 4804 ·
3079 4777 3168 4824 καὶ
3221 4771 3382 4832 ἄλλως
3423 4774 3730 4843 στοχαζόμε

2152 4880 2231 4913 νοι
2289 4864 2343 4912 ἔκ
2391 4879 2442 4913 τε
2489 4868 2585 4921 τῆς
2629 4863 2942 4923 κακοηθείας
2997 4869 3085 4912 τοῦ
3141 4857 3354 4922 ἀνδαὸς,
3384 4864 3472 4911 καὶ
3505 4868 3598 4921 τῆς
3633 4879 3754 4911 συν-

2157 4946 2363 5024 δρομῆς
2392 4957 2488 5002 τῶν
2542 4950 2722 5003 αύτόθι
2779 4948 3115 5002 ἐπισκόπων·
3178 4948 3404 5021 ἐπείπερ,
3474 4951 3542 5011 ὡς
3600 4967 3756 5021 φασι,

2153 5040 2415 5112 πάρεισιν,
2470 5040 2551 5091 ὅτι
2599 5043 2832 5091 τοιοῦτόν
2871 5059 2922 5090 τι
2995 5037 3381 5094 ἀποτελεσθείη.
3432 5035 3490 5087 ³0
3551 5033 3609 5089 δε
3659 5037 3759 5088 ύπ-

2155 5132 2344 5200 ηρέτης
2390 5127 2605 5200 ἔμφοϐος
2657 5133 2742 5179 καὶ
2797 5131 3035 5201 ἔντρομος
3090 5132 3359 5200 γενόμενος
3388 5143 3401 5156 °
3441 5125 3644 5198 ἐπείπερ
3693 5125 3757 5184 ἦν

2153 5223 2242 5268 καὶ
2290 5216 2757 5290 προαπειλούμενος
2812 5213 3019 5290 σφόδρα
3069 5219 3194 5290 πρὸς
3239 5215 3398 5267 αὐτοῦ
3455 5223 3545 5266 τοῦ
3602 5213 3760 5266 ἀσεϐ-

2154 5308 2350 5378 άρχου,
2406 5306 2448 5359 εἰ
2506 5307 2732 5380 εὑρεθείη
2784 5308 2879 5357 κάν
2933 5326 2982 5358 τι
3035 5309 3222 5380 μικρὸν
3276 5306 3534 5364 ύπαίτιος,
3570 5307 3757 5375 μηκέτὶ

2155 5395 2287 5467 ζῇν·
2349 5391 2516 5447 ἔδεισε
2565 5397 2894 5448 παντάπασιν
2951 5391 3225 5446 ἐπιδοῦναι
3276 5395 3400 5456 ἡμῖν
3427 5394 3636 5466 χάρτην
3666 5405 3766 5449 και

2153 5483 2329 5554 μέλαν.
2387 5485 2643 5537 Ἐντεῦθεν
2702 5485 2731 5542 ἡ
2787 5480 3081 5560 βραδυτής.
3151 5482 3368 5536 ⁴Ἐπειτα
3416 5485 3758 5555 προσεγένετο

2154 5572 2225 5639 εἰς
2255 5570 2504 5652 ἐμπόδιον
2557 5577 2646 5630 καὶ
2702 5571 2832 5637 ἀκοὴ
2879 5575 3096 5634 τοιαύτη
3127 5590 3139 5603 ⁸
3175 5573 3256 5627 ὅτι
3307 5591 3360 5629 τι
3400 5571 3561 5637 αὐτὸς
3599 5569 3758 5645 Enip-
