4062 6280
366 362 501 427 i301

1637 364 2151 427 EPISTOLABUM
2190 366 2326 428 LIB.
2368 366 2451 428 ΙΙ.

3579 364 3718 427 1302

364 495 460 555 Θης
498 501 595 555 τῆς
639 492 870 566 φυλακῆς
900 511 912 525 ⁸
945 492 1051 547 ἀλλ’
1082 495 1163 548 ὅτι
1212 497 1303 548 καὶ
1334 491 1407 548 δι’
1445 494 1812 568 ἂνοσιουργίαν
1841 496 1958 548 τινὰ

2073 496 2401 564 ﬁniebatur,
2450 496 2529 553 ob
2585 496 2880 555 nefarium
2924 494 3173 569 aliquod
3227 492 3459 551 facinus
3522 493 3715 566 capite

360 585 387 637 6
442 581 669 655 Σάρδης,
720 591 886 651 ποῖος,
931 585 1036 656 οῦχ
1071 588 1388 658 ὡρισμένως,
1436 584 1826 660 ἐκαρατομήθη.
1871 584 1958 648 Ἐξ

359 670 659 747 ἀμφοτέρων
708 670 795 725 οὖν
844 676 873 731 ἡ
926 675 1307 747 ύποκράτησις.
1357 672 1536 747 Ὅμως
1591 676 1671 726 ὃτι
1725 673 1955 736 ἠξιώθη-

359 782 449 834 μεν
502 765 551 815 οἱ
606 768 838 815 ταπεινοὶ
886 768 975 816 καὶ
1015 760 1168 825 αὖθις
1223 763 1379 838 ῥῆξαι
1419 767 1588 836 φωνὴν
1637 763 1708 823 εἰς
1748 760 1856 814 ὦτὰ
1894 764 1958 813 τόι

362 871 478 919 σου,
530 856 870 925 γνωρίζοντές
924 873 1009 907 σοι
1051 855 1132 907 ὅτι
1182 853 1447 929 ἆρῥώμεθα
1497 859 1724 925 σώματι,
1775 856 1852 910 εἴη
1900 847 1958 904 δε

358 940 516 994 εἰπεῖν
568 945 657 993 καὶ
711 944 986 1015 πνεύματι,
1034 946 1221 1015 εὐχαῖς
1273 944 1414 1015 ὑμῶν
1469 947 1664 1013 ἁγίαις,
1719 945 1812 995 σύν
1867 948 1957 994 τοῦ

357 1034 619 1103 μακαρίου
650 1049 750 1101 μου
782 1035 999 1103 Πατρός.

431 1122 566 1190 Πρός
616 1118 650 1171 ἃ
700 1116 758 1172 δε
817 1120 974 1181 αὐτὸς
1035 1119 1317 1193 ἐσήμανας,
1363 1124 1415 1172 τί
1456 1124 1602 1184 εἴπω,
1647 1125 1735 1173 καὶ
1775 1124 1825 1171 τί
1866 1120 1960 1172 λα-

355 1207 520 1275 λήσω,
569 1209 598 1267 ἦ
653 1210 732 1261 ὅτι
782 1212 919 1261 κατὰ
954 1212 1012 1261 τό
1056 1210 1285 1281 χαλεπόν
1330 1216 1421 1270 τῆς
1460 1212 1703 1281 αἱρέσεως
1746 1207 1960 1261 ἀκόλου-

360 1298 446 1357 θος
488 1302 577 1349 καὶ⁹
616 1298 642 1349 6
667 1300 854 1369 πικρός
890 1294 1161 1369 διωγμός;
1202 1303 1265 1351 Τί
1294 1300 1395 1371 γὰρ
1443 1295 1617 1371 βούλει
1650 1299 1795 1369 ὁρᾷν,
1834 1295 1958 1349 ἕπάν

354 1388 380 1438 6
427 1389 655 1459 Χριστός
702 1390 927 1457 ἤρνηται
970 1383 1043 1439 δι’
1094 1385 1291 1460 ὕϐρεως
1337 1396 1431 1448 τῆς
1471 1387 1626 1459 ἁγίας
1679 1386 1838 1439 αὐτοῦ
1881 1386 1958 1438 εἱ-

354 1478 544 1543 κόνος;
610 1474 755 1547 Ούχὶ
805 1478 1006 1547 αῖματα
1057 1478 1354 1547 κενούμενα,
1409 1480 1498 1527 καὶ
1549 1478 1747 1549 σάρκας
1788 1494 1959 1547 τεμνο-

353 1567 556 1635 μένας;
608 1564 666 1616 οῦ
711 1563 912 1635 θλίψεις
961 1569 1050 1617 καὶ
1111 1569 1467 1637 στενοχωρίας
1495 1581 1508 1631 ;
1540 1565 1599 1617 οῦ
1652 1562 1825 1636 δεσμὰ
1869 1568 1959 1616 καὶ

355 1652 607 1723 φυλακὰς,
639 1659 727 1705 καὶ
767 1654 927 1712 ἄλλην
981 1659 1230 1707 παντοίαν
1274 1656 1547 1722 κάκωσιν;
1597 1654 1725 1725 οῦχὶ
1765 1656 1955 1710 σκεύη

353 1740 550 1815 ὀργῆς
587 1748 1083 1816 κατηρτισμένα
1122 1743 1210 1804 εἰς
1250 1742 1587 1807 ἀπώλειαν,
1629 1744 1696 1795 ὧν
1718 1744 1788 1805 εἷς
1813 1743 1866 1795 ὃν
1893 1741 1958 1795 εἶ·

2066 586 2308 658 plexum
2336 588 2534 643 fuisse.
2559 590 2816 661 Utraque
2845 587 3023 657 igitur
3038 602 3109 642 ex
3132 601 3315 642 causa
3343 583 3712 640 distulimus.

2067 677 2400 732 Humilibus
2426 685 2625 733 tamen
2655 677 2831 733 nobis
2861 692 3209 733 concessum
3238 679 3343 741 est,
3380 679 3441 729 ut
3466 672 3713 729 auribus

2068 766 2183 822 tuis
2204 782 2316 821 vox
2338 772 2539 821 nostra
2554 781 2794 822 rursum
2816 767 3071 830 insonet,
3096 764 3445 837 signiﬁcans
3473 762 3578 818 tibi
3601 778 3713 817 nos

2066 871 2316 924 corpore
2341 855 2559 923 valere;
2591 855 2786 911 dicere
2826 860 3022 911 autem
3052 854 3246 919 liceat,
3275 854 3454 908 etiam
3480 851 3710 923 spiritu,

2068 944 2286 1000 sanctis
2317 945 2591 1017 precibus
2616 944 2821 1001 vestris
2851 961 2987 1000 cum
3017 944 3195 999 beato
3223 958 3355 998 meo
3388 943 3569 998 Patre.

2139 1122 2225 1177 Ad
2260 1138 2330 1178 ea
2364 1137 2496 1178 vero
2521 1137 2657 1194 quae
2682 1120 2981 1186 indicasti,
3013 1120 3161 1192 quid
3179 1120 3400 1185 dicam,
3435 1124 3538 1176 aut
3565 1118 3712 1191 quid

2066 1209 2298 1283 loquar,
2345 1211 2457 1265 nisi
2506 1211 2667 1283 quod
2726 1211 3022 1267 haereseos
3070 1209 3364 1265 atrocitati
3420 1211 3716 1281 congruat

2068 1299 2358 1355 acerbitas
2396 1300 2829 1371 persecutionis
2856 1299 2884 1354 ?
2922 1299 3075 1365 Quid
3110 1298 3271 1354 enim
3305 1298 3504 1353 videre
3547 1297 3714 1361 velis,

2066 1390 2313 1461 quando
2332 1390 2596 1445 Christus
2627 1395 2878 1459 negatur
2909 1406 3013 1461 per
3043 1395 3265 1443 sanctas
3290 1387 3569 1457 imaginis
3591 1402 3714 1441 sum

2068 1478 2539 1535 contumeliam?
2577 1484 2788 1535 Annon
2836 1479 3117 1535 ﬂuentem
3164 1478 3542 1547 sanguinem,
3591 1491 3719 1531 car-

2070 1582 2297 1639 nesque
2316 1568 2587 1625 concisas
2602 1568 2630 1624 ‘i
2652 1584 2772 1625 non
2786 1568 3137 1625 aﬂlictiones
3160 1571 3215 1621 et
3239 1567 3515 1636 angustia
3537 1567 3564 1623 ?
3594 1579 3716 1620 non

2069 1654 2307 1710 vincula
2343 1660 2400 1711 et
2436 1672 2723 1722 carceres,
2752 1663 2809 1711 et
2843 1657 2988 1713 alias
3029 1656 3226 1711 omnis
3267 1655 3500 1725 generis
3533 1670 3718 1711 vexa-

2071 1742 2259 1797 tiones
2281 1741 2310 1797 ?
2334 1758 2453 1799 non
2477 1760 2620 1801 vasa
2644 1746 2751 1801 ira
2767 1749 3117 1817 praeparata
3137 1745 3199 1801 in
3219 1743 3610 1811 interitum“,
3644 1757 3717 1797 ex

350 1836 625 1898 πας;Καὶ
677 1834 753 1883 ἔτι
791 1831 927 1902 ὄψει,
982 1828 1190 1905 ἀδελφε,
1254 1828 1545 1906 δεινότερα,
1600 1831 1725 1885 ἐπὰν
1766 1852 1958 1904 μακρο-

2073 1831 2289 1902 quibus
2330 1848 2483 1888 unus
2512 1839 2599 1890 est
2635 1850 2817 1907 quem
2846 1834 3100 1891 dixisti?
3139 1838 3202 1890 Et
3240 1834 3492 1900 videbis,
3521 1832 3716 1896 frater,

349 1921 809 1994 χρονῇὴαῖρεσις.
833 1920 1017 1974 Ἀλλὰ
1054 1924 1380 1994 μακάριοι
1422 1925 1480 1975 οἱ
1519 1924 1957 1995 ὑπομένοντες⁸

350 2010 447 2061 ὃτι
499 2009 705 2062 αὐτῶν
772 2012 950 2063 ἔστιν
1018 2013 1048 2069 ἡ
1113 2008 1426 2085 βασιλεία
1479 2020 1595 2064 τῶν
1657 2011 1960 2086 οὐρανῶν,

351 2094 458 2150 Ἠδ
462 2118 491 2156 η
518 2101 566 2149 οἱ
587 2103 745 2171 χοροὶ
767 2107 866 2150 τῶν
891 2099 1247 2171 ὁμολογητῶν,
1281 2108 1379 2151 τῶν
1403 2103 1700 2173 μαρτύρων,
1725 2099 1966 2171 ἀγάλλον-

349 2207 453 2253 ται,
487 2187 848 2260 εὐφραίνονται
886 2204 898 2215 '
940 2187 1028 2251 οῦς
1077 2192 1166 2260 μεν
1226 2186 1321 2240 διὰ
1362 2190 1583 2241 θανάτου
1628 2190 1805 2242 αἰσίου
1844 2191 1969 2242 ύπο-

351 2271 670 2348 δεχόμενοιο
722 2276 807 2337 οῦς
867 2273 930 2329 δέ
986 2275 1351 2349 ἕπαλείφοντες
1405 2276 1634 2350 ἀοράτως
1687 2286 1796 2339 ταῖς
1857 2277 1970 2331 ἕπο-

353 2364 596 2436 σκέψεσι.
648 2370 750 2419 Καὶ
807 2370 858 2418 τί
914 2366 1042 2438 λέγω
1099 2369 1422 2442 μάρτυρας;
1470 2366 1633 2429 αὐτὸς
1690 2370 1972 2442 Χριστὸςό

349 2456 791 2529 μαρτυρούμενος,
844 2458 1048 2526 χαίρων
1105 2475 1159 2508 τε
1220 2461 1317 2508 καὶ
1372 2456 1638 2509 συναθλῶν
1704 2455 1844 2509 ἐστιν
1897 2457 1967 2518 ἑνὶ

350 2542 552 2614 ἑκάστῳ
604 2552 702 2595 τῶν
757 2542 1169 2616 ὁμολογούντων.
1228 2545 1289 2597 Εἰ
1364 2549 1434 2617 μὴ
1478 2547 1580 2619 γὰρ
1642 2546 1820 2614 οὕτως,
1873 2546 1967 2601 οῦκ

350 2634 411 2684 οἷν
460 2635 633 2706 ἔφερον
679 2634 728 2684 οἱ
781 2636 1012 2705 φέροντες
1048 2635 1116 2685 τὰ
1166 2638 1398 2706 παρόντα
1438 2638 1681 2705 γενναίως
1713 2653 1726 2665 ’
1773 2636 1866 2687 οῦκ
1906 2636 1966 2688 ἆν

350 2726 439 2773 καὶ
468 2728 711 2792 γυναῖκες
747 2718 1057 2792 ἠνδρίζοντο
1106 2726 1248 2774 κατὰ
1301 2725 1391 2783 τὰς
1437 2723 1599 2775 πάλαι
1640 2724 1790 2795 ἁγίας
1818 2742 1830 2754 ⁸
1873 2725 1965 2777 οῦκ

350 2809 411 2861 ἂν
458 2814 547 2862 καὶ
584 2809 754 2863 λαῐκοὶ
801 2815 891 2863 καὶ
941 2810 1289 2882 συγκλητικοὶ
1340 2808 1629 2864 ἀπεδύοντο
1678 2817 1808 2883 πρὸς
1844 2818 1966 2879 τοὺς

352 2898 554 2970 ἀγῶνας
590 2920 601 2933 ·
659 2899 752 2951 οῦκ
805 2898 865 2951 ἂν
910 2905 1000 2953 καὶ
1056 2906 1208 2974 κόραι
1272 2906 1619 2976 κατεφρόνουν
1671 2902 1834 2973 ὂψεως
1877 2902 1964 2979 ἆῤ·

348 2989 503 3062 ῥένων
544 2987 863 3041 ἀσεϐούντων
895 3008 908 3020 ·
965 2989 1058 3041 οῦκ
1098 2989 1157 3041 ἂν
1213 2986 1517 3043 ἐδείκνυντο
1552 2999 1825 3063 πανταχοῦ
1867 2989 1964 3050 δη·

349 3081 532 3148 μόσιοι
588 3078 833 3149 φυλακαὶ,
886 3083 976 3131 καὶ
1024 3078 1338 3153 ἐπληροῦντο
1397 3082 1600 3154 ἔρημοι,
1638 3084 1730 3153 ὅρη
1779 3101 1831 3133 τε
1873 3090 1961 3137 καὶ

349 3170 511 3218 νάπαι
567 3166 659 3218 καί
707 3167 961 3233 σπήλαια,
1015 3177 1113 3219 τῶν
1170 3165 1265 3220 διὰ
1328 3172 1516 3242 Κύριον
1564 3166 1961 3242 πεφυγαδευμέ-

349 3277 446 3307 νων
482 3276 493 3287 ·
533 3256 627 3307 οῦκ
680 3256 739 3307 ἂν
766 3253 1079 3309 ἐκωδωνεῖτο
1105 3259 1134 3315 ἡ
1178 3259 1265 3309 ὑπ’
1307 3258 1550 3333 ούρανόν,
1600 3258 1741 3319 τέλος
1779 3259 1957 3314 εἰπεῖν.

347 3344 511 3396 ’Ὥστε
567 3348 903 3397 πιστεύονται
951 3344 1176 3419 ἐναργῶς
1224 3348 1304 3398 ὅτι
1362 3350 1595 3419 Χριστὸς
1633 3342 1956 3400 δεδίωκται⁸

350 3434 486 3485 ὥστε
516 3432 781 3485 ὶλπιστέον
812 3434 941 3505 ὁμοῦ
987 3439 1076 3487 καὶ
1126 3437 1509 3510 προθυμητέον,
1571 3437 1647 3487 ὅτι
1676 3439 1832 3489 οἵσειε
1861 3443 1962 3499 πᾶς

348 3543 432 3585 τις
483 3521 532 3574 ἔν
581 3523 797 3595 ἀληθείᾳ
846 3527 1106 3576 πιστεύων
1150 3531 1252 3577 πᾶν
1293 3530 1475 3577 ὁτιοῦν
1513 3525 1823 3577 κολαστικὸν
1870 3544 1960 3598 με-

349 3615 416 3664 τὰ
445 3614 672 3684 Χριστοῦ
722 3617 811 3665 καὶ
864 3616 957 3665 σὺν
994 3620 1227 3687 Χριστῷ.
1265 3621 1508 3667 Τοιαῦτα
1536 3617 1602 3667 τὰ
1628 3617 1854 3686 ἡμέτερα
1882 3612 1962 3667 δι-

351 3707 619 3773 ηγήματα.
656 3701 1159 3755 Ἀκουσάτωσαν
1199 3710 1427 3775 πραεῖς
1466 3708 1573 3755 καὶ
1618 3704 1960 3777 εὐφρανθή-

349 3809 579 3844 τωσαν.
614 3792 870 3843 Ἀκουέτω
896 3789 1146 3850 Ἀνατολὴ
1182 3797 1271 3844 καὶ
1301 3795 1469 3854 Δύσις
1498 3795 1563 3845 τὰ
1587 3792 1638 3843 ἐν
1672 3794 1958 3867 Βυζαντιῳ,

350 3887 440 3931 καὶ
507 3879 730 3933 αἰνείτω.
790 3879 987 3932 Ὀπου
1073 3879 1464 3933 ἐπλεόνασεν
1531 3883 1559 3939 ἡ
1655 3880 1959 3957 ἁμαρτία,

352 3969 505 4041 ὑπερ
524 3969 1044 4040 επερίσσευσεν¹ἡ
1068 3971 1286 4043 χάρις.
1333 3966 1464 4022 Ὧδε
1485 3972 1727 4032 ἔνστασις
1758 3969 1965 4029 ἀθλητι.

350 4062 413 4115 κή
438 4076 450 4088 '
485 4053 589 4108 ὧδε
618 4057 750 4129 αἷμα
776 4057 855 4131 ῥεῖ
880 4053 1044 4127 ἄρδον
1082 4061 1176 4116 τὴν
1206 4057 1533 4114 Ἐκκλησίαν
1570 4064 1806 4132 Χριστοῦ
1835 4060 1961 4131 ὑπερ

351 4148 433 4198 τόν
465 4148 720 4217 ποτισμόν
742 4154 833 4197 τοῦ
860 4142 1079 4218 ἐνἙδὶμ
1101 4143 1470 4215 παραδείσου.
1492 4154 1583 4199 Ζῶ
1622 4149 1759 4220 ἐγὼ,
1798 4148 1962 4219 λέγει

353 4238 611 4307 Κύριος,
653 4234 782 4288 ἀλλ’
823 4236 851 4295 ἦ
897 4239 1037 4297 τοὺς
1077 4233 1489 4299 δοξάζοντάς
1548 4255 1621 4309 με
1660 4233 1913 4300 δοξάσω
1945 4254 1957 4267 ·

351 4328 461 4375 καὶ
503 4325 527 4375 6
568 4324 912 4387 ἐξουθενῶν
951 4344 1023 4397 με
1062 4323 1626 4397 ἀτιμασθὴσεται.
1665 4325 1963 4398 Ἀπόγραφε

353 4416 443 4464 καὶ
475 4416 540 4464 σὺ
571 4414 713 4474 ὅστις
760 4412 821 4464 ἂν
871 4416 980 4475 εἴης
1028 4414 1197 4474 ζηλῶν
1245 4421 1318 4484 τῷ
1363 4419 1564 4487 Κυρίῳ,
1613 4417 1678 4466 τὰ
1718 4418 1957 4487 νεουργὰ,

355 4499 545 4571 μᾶλλον
592 4497 651 4553 δε
700 4504 940 4574 θεουργὰ,
991 4506 1258 4577 μαρτύρια
1288 4521 1299 4533 ·
1353 4506 1420 4565 ὡς
1473 4501 1533 4554 ἂν
1568 4500 1747 4555 εἰδεῖεν
1778 4505 1828 4556 οἱ
1873 4524 1960 4575 με-

2071 1920 2250 1976 etiam
2276 1923 2565 1991 graviora,
2595 1924 2642 1979 si
2672 1924 2896 1980 diutius
2924 1924 3098 1980 duret
3125 1924 3379 1979 ἣξει-θεῖε.
3412 1922 3527 1979 Sed
3562 1918 3716 1977 beati

2071 2010 2175 2080 qui
2200 2012 2511 2077 sustinent,
2542 2014 2821 2084 quoniam
2845 2014 3106 2084 ipsorum
3145 2018 3229 2071 est
3257 2028 3507 2083 regnum
3537 2011 3720 2067 caelo-

2072 2100 2286 2154 rum”.
2321 2100 2453 2155 Jam
2484 2101 2645 2156 chori
2687 2101 3119 2167 confessorum,
3148 2105 3479 2172 martyrum
3518 2095 3718 2154 exsul-

2076 2191 2221 2253 tant,
2253 2187 2547 2256 ltetantur,
2580 2189 2727 2246 alios
2774 2190 3020 2263 quidem
3048 2206 3152 2261 per
3190 2189 3518 2259 legitimam
3563 2201 3721 2242 mor-

2074 2280 2195 2331 tem
2223 2278 2631 2350 suscipientes,
2659 2279 2809 2335 alios
2848 2279 3223 2335 invisibiliter
3255 2276 3634 2334 consolantes
3658 2277 3717 2331 et

2074 2365 2515 2423 conﬁrmantes.
2571 2371 2635 2423 Et
2665 2368 2811 2440 quid
2864 2375 3155 2440 martyres
3193 2368 3327 2424 dico
3374 2366 3402 2422 ?
3450 2366 3715 2421 Christus

2072 2453 2221 2525 ipse,
2251 2472 2433 2529 quem
2470 2463 2759 2529 martyres
2790 2457 3164 2527 conﬁtentur,
3202 2456 3473 2527 gaudens
3497 2459 3553 2510 et
3599 2467 3719 2509 una

2074 2548 2307 2599 certans
2353 2544 2523 2601 adest
2569 2546 2890 2618 unicuique
2920 2545 3353 2603 conﬁtentium.
3400 2544 3516 2601 Nisi
3554 2541 3719 2597 enim

2074 2632 2155 2687 ita
2166 2649 2259 2687 res
2274 2634 2935 2708 esset,haudquaquam
2948 2635 3271 2707 perferrent
3283 2632 3385 2706 qui
3402 2632 3720 2704 praesentia

2076 2727 2314 2779 strenue
2328 2724 2657 2795 perferunt:
2689 2724 3167 2797 haudquaquam
3195 2722 3469 2779 mulieres
3490 2719 3718 2776 virilem

2074 2812 2344 2867 animum
2360 2814 2718 2881 gererentad
2732 2813 3073 2886 exemplum
3087 2812 3468 2884 antiquarum
3492 2812 3722 2865 sancta-

2071 2916 2204 2955 rum
2240 2918 2253 2956 :
2280 2901 2765 2975 haudquaquam
2794 2908 2850 2960 et
2873 2903 3006 2959 laici
3030 2908 3087 2958 et
3125 2907 3429 2957 senatores
3461 2899 3539 2957 ad
3569 2912 3719 2969 ago-

2070 3004 2177 3045 nes
2206 2991 2538 3062 prosilirent
2563 3009 2577 3047 :
2606 2992 3085 3064 haudquaquam
3108 2989 3318 3061 puellae
3344 2990 3484 3060 ipsa;
3510 2986 3722 3058 impio-

2069 3093 2204 3134 rum
2242 3080 2498 3136 marium
2537 3086 2846 3152 aspectum
2880 3084 3359 3137 contemnerent:
3406 3079 3725 3150 haudqua-

2070 3183 2257 3238 quam
2275 3171 2732 3225 ostenderentur
2754 3170 2975 3242 ubique
2999 3169 3254 3241 publicas
3276 3167 3556 3224 custodias
3570 3188 3585 3232 ;
3612 3181 3719 3222 nec

2071 3257 2295 3312 refertae
2341 3264 2539 3314 essent
2586 3258 2939 3315 solitudines
2981 3264 3037 3314 et
3079 3264 3317 3317 montes
3361 3263 3416 3313 et
3459 3256 3619 3311 silvas
3668 3259 3727 3310 et

2072 3346 2373 3419 speluncas
2387 3347 2460 3402 iis
2475 3347 2580 3419 qui
2602 3353 2843 3419 propter
2862 3349 3185 3405 Dominum
3204 3349 3371 3420 ejecti
3403 3351 3568 3404 sunt:
3599 3358 3722 3400 non

2071 3436 2599 3507 denique,utconc|
2611 3436 2813 3503 udam,
2831 3438 3103 3492 universa
3117 3440 3532 3493 concuteretur
3545 3440 3721 3490 terra.

2072 3524 2264 3592 Quare
2291 3524 2606 3580 manifesto
2638 3525 2887 3581 credunt
2907 3527 3381 3597 persecutionem
3412 3523 3537 3596 pati
3567 3522 3725 3578 Chri-

2074 3620 2262 3679 stum;
2287 3614 2777 3686 sperandumque
2808 3614 3057 3671 simulet
3082 3615 3467 3671 audendum:
3499 3616 3562 3667 ut
3587 3626 3727 3683 sup-

2073 3702 2248 3774 plicia
2276 3704 2503 3775 qumvis
2542 3702 2601 3757 in
2631 3703 2878 3760 veritate
2914 3704 3184 3769 credens,
3214 3720 3353 3759 cum
3391 3701 3639 3767 Christo,
3668 3704 3725 3756 et

2076 3792 2395 3862 adjuvante
2438 3791 2685 3856 Christo,
2744 3793 2999 3864 quisque
3047 3793 3352 3848 sustineat.
3395 3792 3531 3847 Haec
3586 3792 3726 3845 sunt

2075 3896 2212 3953 quae
2241 3897 2584 3936 narramus.
2633 3883 2908 3939 Audiant
2946 3882 3244 3940 mansueti
3272 3888 3323 3938 et
3349 3882 3628 3938 laetentur
3652 3882 3720 3936 “.

2076 3970 2513 4027 AudiatOriens
2538 3976 2592 4026 et
2619 3971 2908 4027 Occidens
2935 3987 3008 4027 ea
3032 3986 3167 4044 quin
3184 3971 3344 4042 apud
3372 3969 3721 4042 Byzantium

2075 4058 2245 4126 ﬁunt,
2300 4065 2355 4113 et
2383 4058 2627 4114 laudem
2670 4059 2848 4115 dicat.
2887 4060 2992 4117 Ubi
3042 4059 3374 4116 abundavit
3415 4058 3716 4127 delictum,

2075 4148 2582 4216 superabundavit
2593 4149 2797 4218 gratia
2808 4150 2852 4183 ’7
2864 4149 2985 4204 .Hic
2999 4148 3271 4220 pugilum
3284 4153 3606 4211 certamen,
3621 4144 3719 4201 hic

2078 4237 2325 4305 sanguis
2337 4235 2464 4291 ﬂuit
2486 4237 2807 4292 Ecclesiam
2824 4237 3030 4293 Christi
3053 4236 3255 4307 rigans
3268 4235 3510 4291 uberius
3530 4250 3719 4306 quam

2076 4325 2393 4396 paradisus
2423 4324 2603 4380 Edem
2630 4326 3007 4396 irrigabatur.
3070 4326 3206 4383 Vivo
3253 4340 3380 4396 ego,
3426 4324 3568 4381 dicit
3597 4324 3720 4380 Do-

2073 4416 2289 4479 minus,
2303 4415 2586 4485 quoniam
2599 4415 3002 4484 gloriﬁcantes
3018 4430 3108 4471 me
3134 4414 3486 4485 gloriﬁcabo
3502 4429 3523 4469 :
3548 4417 3601 4470 et
3617 4413 3720 4485 qui

2074 4519 2165 4559 me
2191 4505 2438 4572 spernit.
2463 4504 2573 4560 erit
2597 4504 2893 4573 inglorius
2920 4504 2989 4557 οδ.
3025 4502 3305 4559 Describe
3352 4507 3407 4558 et
3439 4507 3519 4567 tu,
3553 4502 3720 4573 quis-

355 4593 729 4661 ταγενέστεροι,
771 4592 850 4642 ὃτι
903 4592 928 4642 6
978 4596 1105 4652 Θεὸς
1149 4595 1304 4654 ὄντως
1370 4590 1418 4643 έν
1491 4594 1616 4663 ἡμῖν
1670 4590 1784 4644 ἐστι
1819 4610 1831 4623 ⁸
1872 4596 1960 4644 καὶ

2073 4593 2207 4664 quis
2259 4608 2320 4648 es
2350 4592 2539 4647 zelum
2600 4592 2831 4648 Domini
2872 4591 3128 4656 habens,
3155 4606 3333 4655 nova,
3387 4606 3493 4647 seu
3518 4589 3717 4662 potius

357 4677 421 4749 ζῇ
474 4680 530 4729 τό
601 4682 808 4752 σπέρμα
862 4688 961 4731 τῶν
1031 4676 1251 4732 δικαίων
1286 4699 1299 4711 ·
1352 4686 1442 4733 καὶ
1503 4688 1856 4755 Χριστοφορεῖ
1903 4684 1960 4734 τό

354 4773 595 4840 χρυσοῦν
637 4772 778 4836 γένος
825 4777 922 4820 τῶν
972 4772 1245 4844 μαρτύρων
1279 4788 1291 4800 '
1323 4769 1395 4822 οὗ
1432 4770 1628 4823 πύλαι
1688 4766 1853 4841 ᾅδου
1893 4770 1960 4824 ού

354 4860 707 4925 κατίσχυσαν,
733 4858 849 4909 οῦτε
866 4877 981 4909 κατ
998 4879 1014 4910 ι
1028 4862 1158 4930 σχύ
1178 4878 1243 4911 σε
1259 4880 1274 4910 ι
1288 4879 1356 4911 αν
1379 4878 1392 4891 ·
1418 4862 1482 4919 ὡς
1500 4861 1529 4917 ἠ
1555 4860 1853 4931 ὑπόσχεσις
1869 4866 1960 4911 τοῦ

354 4940 640 5014 ἀψευδοῦς.
675 4944 953 5019 Σκληρόν
995 4966 1117 5009 σοι,
1158 4952 1311 5019 φησὶ,
1352 4953 1508 5017 πρός
1546 4951 1777 5020 κέντρα
1816 4947 1962 5000 λακ-

355 5033 584 5097 τίζειν,
642 5037 732 5085 καὶ
778 5031 987 5096 ἀλλοίως
1033 5037 1127 5088 οῦκ
1186 5040 1345 5089 εστιν.
1400 5037 1537 5107 Ἐγὼ
1585 5040 1675 5107 μὲν
1730 5038 1755 5088 6
1804 5037 1959 5099 τάλας

352 5130 520 5175 ταῦτα
572 5131 880 5197 προσφωνῶ.
924 5128 987 5177 Σύ
1028 5122 1107 5190 δὲ,
1148 5127 1187 5176 ὦ
1232 5133 1330 5177 παῖ
1373 5127 1494 5198 ἱερε,
1543 5122 1821 5177 ἀντεδίδου
1869 5136 1960 5198 μοι

350 5231 443 5273 τας
490 5210 671 5282 εὐχάς.
719 5209 995 5264 Ἄσπασαι
1043 5216 1165 5275 τούς
1216 5212 1637 5285 συνομολογητάς
1698 5233 1795 5266 σου
1860 5234 1959 5267 κατ

352 5301 511 5372 ὄνομα
556 5306 645 5352 καὶ
704 5303 1055 5373 συμμαθητάς
1086 5320 1098 5331 ”
1150 5308 1238 5354 καὶ
1290 5302 1348 5354 οῦ
1382 5306 1534 5373 μόνον
1583 5300 1798 5368 τούσδε,
1852 5298 1959 5355 ἀλλ’

353 5388 395 5441 εἰ
443 5389 657 5461 φθάξεις
712 5395 803 5442 καὶ⁹
845 5395 966 5453 τοὺς
1014 5389 1199 5452 οῦλους
1248 5390 1475 5451 ἅπαντας
1526 5394 1647 5451 τοὺς
1696 5389 1958 5453 ἐκλεκτοὺς

352 5485 443 5531 τοῦ
475 5485 610 5532 Θεοῦ
633 5495 645 5507 '
681 5482 802 5540 τοὺς
851 5479 1301 5551 έκλελογισμένους
1340 5478 1444 5532 ἀπὸ
1489 5475 1763 5553 μυριάδων
1791 5501 1804 5513 ·
1838 5485 1957 5544 τοὺς

427 5576 475 5610 9‘
504 5578 671 5632 Rom.
697 5591 779 5644 ιι,
809 5579 898 5631 22.
976 5578 1023 5612 ³⁵
1046 5576 1244 5635 Matth.
1277 5592 1335 5645 v,
1372 5581 1457 5636 to.

362 5648 450 5705 t8.
526 5647 693 5703 ‘Act.
721 5661 885 5716 xxvn,
912 5649 1003 5707 24.

1534 5580 1582 5613 ³⁸
1604 5576 1752 5635 Psal.
1785 5593 1990 5649 xxxm,
2023 5582 2075 5635 3.

2070 4680 2275 4736 divina
2303 4681 2619 4751 martyris:
2655 4688 2716 4737 ut
2747 4680 2940 4737 sciant
2965 4680 3206 4752 posteri,
3231 4679 3374 4753 quia
3399 4682 3550 4735 Deus
3582 4692 3713 4734 vere

2068 4771 2129 4826 in
2152 4769 2325 4826 nobis
2346 4774 2453 4835 est,
2486 4769 2739 4842 vivitque
2766 4786 2973 4825 semen
2990 4771 3310 4840 justorum,
3335 4772 3393 4824 et
3410 4768 3712 4824 Christum

2069 4859 2216 4928 gerit
2235 4874 2485 4914 aureum
2505 4873 2696 4927 genus
2714 4863 3067 4931 martyrum,
3092 4858 3378 4915 adversus
3397 4856 3559 4928 quod
3578 4871 3717 4925 por-

2070 4953 2142 5003 tw
2160 4948 2347 5017 inferi
2375 4962 2493 5003 non
2536 4947 2978 5019 praavaluerunt
3007 4948 3054 4983 9°
3083 4964 3094 5001 :
3130 4962 3238 5002 nec
3276 4944 3711 5016 praevalebunt,

2067 5036 2587 5108 quemadmodum
2608 5036 2883 5107 promisit
2901 5036 3004 5108 qui
3028 5051 3205 5091 verax
3220 5039 3333 5091 est.
3354 5035 3589 5090 Durum
3610 5038 3714 5099 est,

2059 5126 2279 5198 inquit,
2311 5127 2418 5181 tibi
2445 5131 2655 5182 contra
2689 5125 2998 5182 stimulum
3039 5125 3366 5181 calcitrare
3393 5125 3433 5189 ι,
3467 5128 3523 5179 et
3547 5122 3715 5179 aliter

2065 5231 2197 5271 esse
2226 5216 2448 5286 nequit.
2483 5216 2603 5283 Ego
2625 5214 2870 5286 quidem
2889 5212 3090 5268 infelix
3113 5213 3239 5268 haec
3267 5213 3417 5269 dico.
3442 5215 3524 5267 Tu
3547 5228 3712 5279 vero,

2066 5320 2233 5360 sacer
2264 5304 2365 5367 ﬁli,
2423 5304 2684 5374 repende
2708 5302 2852 5358 mihi
2921 5307 3054 5357 tuas
3104 5318 3328 5374 preces.
3363 5302 3566 5359 Saluta
3601 5317 3703 5357 no-

2066 5392 2339 5448 minatim
2371 5391 2742 5448 confessores
2771 5390 2874 5462 qui
2898 5395 3094 5446 tecum
3140 5395 3299 5453 sunt,
3332 5395 3388 5445 et
3413 5388 3710 5445 condisci-

2065 5482 2237 5552 pulos
2270 5497 2284 5545 ;
2319 5494 2512 5552 neque
2541 5479 2650 5534 hos
2697 5483 2951 5544 tantum,
2981 5480 3084 5532 sed
3143 5478 3193 5533 si
3226 5479 3436 5550 possis,
3472 5481 3529 5533 et
3559 5477 3708 5533 alios

2151 5580 2199 5613 ’7
2229 5579 2397 5635 Rom.
2436 5592 2489 5645 ν,
2542 5579 2633 5632 20.
2710 5577 2758 5612 ’³
2787 5576 2807 5633 Ι
2838 5576 2977 5648 Reg.
3016 5594 3074 5648 ιι,
3106 5579 3194 5633 30.
3272 5578 3320 5612 ⁹⁹
3356 5574 3554 5634 Matth.
3582 5586 3704 5644 xw,
