  <div class='ocr_page' id='page_1' title='image "/cluster/home/n/w/nwhite01/storage/ocr_20150623/99/mdp.39015005675577/657.png"; bbox 0 0 4062 6280; ppageno 0'>
   <div class='ocr_carea' id='block_1_1' title="bbox 419 343 2519 406">
    <p class='ocr_par' dir='ltr' id='par_1_1' title="bbox 419 343 2519 406">
     <span class='ocr_line' id='line_1_1' title="bbox 419 343 2519 406; baseline 0 -2"><span class='ocrx_word' id='word_1_1' title='bbox 419 343 562 406; x_wconf 74' lang='lat' dir='ltr'><strong>i303</strong></span> <span class='ocrx_word' id='word_1_2' title='bbox 1678 345 1739 406; x_wconf 92' lang='lat' dir='ltr'><strong>S.</strong></span> <span class='ocrx_word' id='word_1_3' title='bbox 1780 346 2148 406; x_wconf 83' lang='lat' dir='ltr'><strong>THEODOBI</strong></span> <span class='ocrx_word' id='word_1_4' title='bbox 2189 343 2519 405; x_wconf 67' lang='lat' dir='ltr'><strong>STUDITE</strong></span> 
     </span>
    </p>
   </div>
   <div class='ocr_carea' id='block_1_2' title="bbox 415 473 2061 543">
    <p class='ocr_par' dir='ltr' id='par_1_2' title="bbox 415 473 2061 543">
     <span class='ocr_line' id='line_1_2' title="bbox 415 473 2061 543; baseline 0 -12"><span class='ocrx_word' id='word_1_5' title='bbox 415 489 626 531; x_wconf 90' lang='lat' dir='ltr'><strong>omnes</strong></span> <span class='ocrx_word' id='word_1_6' title='bbox 671 473 890 533; x_wconf 85' lang='lat' dir='ltr'><strong>electos</strong></span> <span class='ocrx_word' id='word_1_7' title='bbox 943 475 1062 543; x_wconf 89' lang='lat' dir='ltr'><strong>Dei,</strong></span> <span class='ocrx_word' id='word_1_8' title='bbox 1117 475 1336 532; x_wconf 89' lang='lat' dir='ltr'><strong>electos</strong></span> <span class='ocrx_word' id='word_1_9' title='bbox 1385 491 1458 533; x_wconf 90' lang='lat' dir='ltr'><strong>ex</strong></span> <span class='ocrx_word' id='word_1_10' title='bbox 1513 475 1800 542; x_wconf 87' lang='lat' dir='ltr'><strong>millibus,</strong></span> <span class='ocrx_word' id='word_1_11' title='bbox 1829 475 2061 532; x_wconf 88' lang='lat' dir='ltr'><strong>lumina</strong></span> 
     </span>
    </p>
   </div>
   <div class='ocr_carea' id='block_1_3' title="bbox 416 565 2060 635">
    <p class='ocr_par' dir='ltr' id='par_1_3' title="bbox 416 565 2060 635">
     <span class='ocr_line' id='line_1_3' title="bbox 416 565 2060 635; baseline 0.001 -16"><span class='ocrx_word' id='word_1_12' title='bbox 416 565 644 630; x_wconf 85' lang='lat' dir='ltr'><strong>mundi,</strong></span> <span class='ocrx_word' id='word_1_13' title='bbox 680 582 826 622; x_wconf 88' lang='lat' dir='ltr'><strong>vasa</strong></span> <span class='ocrx_word' id='word_1_14' title='bbox 848 566 1290 635; x_wconf 66' lang='lat' dir='ltr'><strong>misericordiae,</strong></span> <span class='ocrx_word' id='word_1_15' title='bbox 1322 569 1438 622; x_wconf 92' lang='lat' dir='ltr'><strong>Deo</strong></span> <span class='ocrx_word' id='word_1_16' title='bbox 1468 566 1656 631; x_wconf 85' lang='lat' dir='ltr'><strong>utiles,</strong></span> <span class='ocrx_word' id='word_1_17' title='bbox 1689 566 2060 622; x_wconf 89' lang='lat' dir='ltr'><strong>desideratos</strong></span> 
     </span>
    </p>
   </div>
   <div class='ocr_carea' id='block_1_4' title="bbox 412 654 2061 729">
    <p class='ocr_par' dir='ltr' id='par_1_4' title="bbox 412 654 2061 729">
     <span class='ocr_line' id='line_1_4' title="bbox 412 654 2061 729; baseline 0.001 -21"><span class='ocrx_word' id='word_1_18' title='bbox 412 654 708 710; x_wconf 86' lang='lat' dir='ltr'><strong>Trinitati:</strong></span> <span class='ocrx_word' id='word_1_19' title='bbox 767 672 1026 729; x_wconf 89' lang='lat' dir='ltr'><strong>quorum</strong></span> <span class='ocrx_word' id='word_1_20' title='bbox 1069 657 1347 728; x_wconf 82' lang='lat' dir='ltr'><strong>precibus</strong></span> <span class='ocrx_word' id='word_1_21' title='bbox 1394 655 1696 712; x_wconf 86' lang='lat' dir='ltr'><strong>salvemur</strong></span> <span class='ocrx_word' id='word_1_22' title='bbox 1735 660 1792 712; x_wconf 91' lang='lat' dir='ltr'><strong>et</strong></span> <span class='ocrx_word' id='word_1_23' title='bbox 1815 672 1922 711; x_wconf 89' lang='lat' dir='ltr'><strong>nos</strong></span> <span class='ocrx_word' id='word_1_24' title='bbox 1977 656 2061 709; x_wconf 90' lang='lat' dir='ltr'><strong>in-</strong></span> 
     </span>
    </p>
   </div>
   <div class='ocr_carea' id='block_1_5' title="bbox 411 742 2058 818">
    <p class='ocr_par' dir='ltr' id='par_1_5' title="bbox 411 742 2058 818">
     <span class='ocr_line' id='line_1_5' title="bbox 411 742 2058 818; baseline 0 -19"><span class='ocrx_word' id='word_1_25' title='bbox 411 742 600 815; x_wconf 88' lang='lat' dir='ltr'><strong>digni.</strong></span> <span class='ocrx_word' id='word_1_26' title='bbox 623 747 697 801; x_wconf 85' lang='lat' dir='ltr'><strong>Te</strong></span> <span class='ocrx_word' id='word_1_27' title='bbox 753 761 892 800; x_wconf 90' lang='lat' dir='ltr'><strong>cum</strong></span> <span class='ocrx_word' id='word_1_28' title='bbox 959 746 1243 802; x_wconf 89' lang='lat' dir='ltr'><strong>omnibus</strong></span> <span class='ocrx_word' id='word_1_29' title='bbox 1269 746 1484 801; x_wconf 84' lang='lat' dir='ltr'><strong>salutat</strong></span> <span class='ocrx_word' id='word_1_30' title='bbox 1527 746 1628 818; x_wconf 86' lang='lat' dir='ltr'><strong>qui</strong></span> <span class='ocrx_word' id='word_1_31' title='bbox 1675 761 1909 800; x_wconf 91' lang='lat' dir='ltr'><strong>mecum</strong></span> <span class='ocrx_word' id='word_1_32' title='bbox 1952 747 2058 800; x_wconf 90' lang='lat' dir='ltr'><strong>est.</strong></span> 
     </span>
    </p>
   </div>
   <div class='ocr_carea' id='block_1_6' title="bbox 784 853 1685 922">
    <p class='ocr_par' dir='ltr' id='par_1_6' title="bbox 784 853 1685 922">
     <span class='ocr_line' id='line_1_6' title="bbox 784 853 1685 922; baseline -0.002 -16"><span class='ocrx_word' id='word_1_33' title='bbox 784 853 982 908; x_wconf 86' lang='lat' dir='ltr'><strong>LXXII.</strong></span> <span class='ocrx_word' id='word_1_34' title='bbox 1017 883 1084 894; x_wconf 92' lang='lat'><strong>-</strong></span> <span class='ocrx_word' id='word_1_35' title='bbox 1121 853 1371 909; x_wconf 81' lang='lat' dir='ltr'><strong>Nicotao</strong></span> <span class='ocrx_word' id='word_1_36' title='bbox 1416 853 1544 920; x_wconf 75' lang='lat' dir='ltr'><strong>ﬁlio</strong></span> <span class='ocrx_word' id='word_1_37' title='bbox 1597 853 1685 922; x_wconf 87' lang='lat'><strong>(&#39;).</strong></span> 
     </span>
    </p>
   </div>
   <div class='ocr_carea' id='block_1_7' title="bbox 2169 474 3772 552">
    <p class='ocr_par' dir='ltr' id='par_1_7' title="bbox 2169 474 3772 552">
     <span class='ocr_line' id='line_1_7' title="bbox 2169 474 3772 552; baseline 0.002 -24"><span class='ocrx_word' id='word_1_38' title='bbox 2169 477 2217 528; x_wconf 74' lang='grc' dir='ltr'><strong>ἓν</strong></span> <span class='ocrx_word' id='word_1_39' title='bbox 2247 479 2429 550; x_wconf 83' lang='grc' dir='ltr'><strong>κόσμῳ</strong></span> <span class='ocrx_word' id='word_1_40' title='bbox 2461 483 2754 550; x_wconf 82' lang='grc' dir='ltr'><strong>φωστῆρας,</strong></span> <span class='ocrx_word' id='word_1_41' title='bbox 2802 477 2868 529; x_wconf 81' lang='grc' dir='ltr'><strong>τὰ</strong></span> <span class='ocrx_word' id='word_1_42' title='bbox 2897 477 3056 535; x_wconf 75' lang='grc' dir='ltr'><strong>σκεύη</strong></span> <span class='ocrx_word' id='word_1_43' title='bbox 3097 482 3190 530; x_wconf 90' lang='grc' dir='ltr'><strong>τοῦ</strong></span> <span class='ocrx_word' id='word_1_44' title='bbox 3227 474 3414 544; x_wconf 76' lang='grc' dir='ltr'><strong>ἐλέους,</strong></span> <span class='ocrx_word' id='word_1_45' title='bbox 3465 479 3583 539; x_wconf 81' lang='grc' dir='ltr'><strong>τοὺς</strong></span> <span class='ocrx_word' id='word_1_46' title='bbox 3627 498 3772 552; x_wconf 82' lang='grc' dir='ltr'><strong>χρη-</strong></span> 
     </span>
    </p>
   </div>
   <div class='ocr_carea' id='block_1_8' title="bbox 2172 563 3385 638">
    <p class='ocr_par' dir='ltr' id='par_1_8' title="bbox 2172 563 3385 638">
     <span class='ocr_line' id='line_1_8' title="bbox 2172 563 3385 638; baseline 0.001 -21"><span class='ocrx_word' id='word_1_47' title='bbox 2172 569 2355 637; x_wconf 91' lang='grc' dir='ltr'><strong>σίμους</strong></span> <span class='ocrx_word' id='word_1_48' title='bbox 2409 573 2544 635; x_wconf 84' lang='grc' dir='ltr'><strong>Θεῷ,</strong></span> <span class='ocrx_word' id='word_1_49' title='bbox 2596 569 2716 626; x_wconf 84' lang='grc' dir='ltr'><strong>τοὺς</strong></span> <span class='ocrx_word' id='word_1_50' title='bbox 2765 565 2969 638; x_wconf 76' lang='grc' dir='ltr'><strong>ἕφετοῦς</strong></span> <span class='ocrx_word' id='word_1_51' title='bbox 3021 573 3083 638; x_wconf 75' lang='grc' dir='ltr'><strong>τῇ</strong></span> <span class='ocrx_word' id='word_1_52' title='bbox 3137 563 3330 638; x_wconf 78' lang='grc' dir='ltr'><strong>Τριάδι</strong></span> <span class='ocrx_word' id='word_1_53' title='bbox 3372 582 3385 594; x_wconf 84' lang='grc'><strong>·</strong></span> 
     </span>
    </p>
   </div>
   <div class='ocr_carea' id='block_1_9' title="bbox 2174 654 3771 727">
    <p class='ocr_par' dir='ltr' id='par_1_9' title="bbox 2174 654 3771 727">
     <span class='ocr_line' id='line_1_9' title="bbox 2174 654 3771 727; baseline 0.003 -21"><span class='ocrx_word' id='word_1_54' title='bbox 2174 657 2459 726; x_wconf 70' lang='grc' dir='ltr'><strong>σωθείημεν</strong></span> <span class='ocrx_word' id='word_1_55' title='bbox 2509 660 2598 707; x_wconf 82' lang='grc' dir='ltr'><strong>καὶ</strong></span> <span class='ocrx_word' id='word_1_56' title='bbox 2641 657 2790 727; x_wconf 78' lang='grc' dir='ltr'><strong>ἡμεῖς</strong></span> <span class='ocrx_word' id='word_1_57' title='bbox 2841 657 2889 709; x_wconf 84' lang='grc' dir='ltr'><strong>οὶ</strong></span> <span class='ocrx_word' id='word_1_58' title='bbox 2933 654 3150 718; x_wconf 80' lang='grc' dir='ltr'><strong>ἀνάξιοι.</strong></span> <span class='ocrx_word' id='word_1_59' title='bbox 3199 658 3256 708; x_wconf 73' lang='grc' dir='ltr'><strong>Σε</strong></span> <span class='ocrx_word' id='word_1_60' title='bbox 3297 658 3391 709; x_wconf 85' lang='grc' dir='ltr'><strong>σὺν</strong></span> <span class='ocrx_word' id='word_1_61' title='bbox 3423 661 3558 709; x_wconf 82' lang='grc' dir='ltr'><strong>πᾶσι</strong></span> <span class='ocrx_word' id='word_1_62' title='bbox 3613 662 3704 710; x_wconf 81' lang='grc' dir='ltr'><strong>καὶ</strong></span> <span class='ocrx_word' id='word_1_63' title='bbox 3745 659 3771 711; x_wconf 84' lang='grc' dir='ltr'><strong><em>ὁ</em></strong></span> 
     </span>
    </p>
   </div>
   <div class='ocr_carea' id='block_1_10' title="bbox 2178 741 2776 815">
    <p class='ocr_par' dir='ltr' id='par_1_10' title="bbox 2178 741 2776 815">
     <span class='ocr_line' id='line_1_10' title="bbox 2178 741 2776 815; baseline 0.002 -20"><span class='ocrx_word' id='word_1_64' title='bbox 2178 745 2272 795; x_wconf 80' lang='grc' dir='ltr'><strong>σὺν</strong></span> <span class='ocrx_word' id='word_1_65' title='bbox 2306 741 2417 815; x_wconf 72' lang='grc' dir='ltr'><strong>ἐμοὶ</strong></span> <span class='ocrx_word' id='word_1_66' title='bbox 2462 741 2776 805; x_wconf 83' lang='grc' dir='ltr'><strong>ἀσπάζεται.</strong></span> 
     </span>
    </p>
   </div>
   <div class='ocr_carea' id='block_1_11' title="bbox 2457 850 3485 925">
    <p class='ocr_par' dir='ltr' id='par_1_11' title="bbox 2457 850 3485 925">
     <span class='ocr_line' id='line_1_11' title="bbox 2457 850 3485 925; baseline 0.003 -22"><span class='ocrx_word' id='word_1_67' title='bbox 2457 850 2576 904; x_wconf 90' lang='lat' dir='ltr'><strong>OB&#39;.</strong></span> <span class='ocrx_word' id='word_1_68' title='bbox 2611 881 2676 892; x_wconf 88' lang='lat'><strong>-</strong></span> <span class='ocrx_word' id='word_1_69' title='bbox 2706 850 2997 922; x_wconf 81' lang='grc' dir='ltr'><strong>Νικολάῳ</strong></span> <span class='ocrx_word' id='word_1_70' title='bbox 3034 854 3252 908; x_wconf 82' lang='grc' dir='ltr'><strong>τέκνω.</strong></span> <span class='ocrx_word' id='word_1_71' title='bbox 3305 850 3485 925; x_wconf 82' lang='grc' dir='ltr'><strong>[υπε’.]</strong></span> 
     </span>
    </p>
   </div>
   <div class='ocr_carea' id='block_1_12' title="bbox 413 956 3770 1068">
    <p class='ocr_par' dir='ltr' id='par_1_12' title="bbox 413 956 3770 1068">
     <span class='ocr_line' id='line_1_12' title="bbox 413 956 3770 1068; baseline -0 -59"><span class='ocrx_word' id='word_1_72' title='bbox 413 958 487 1009; x_wconf 89' lang='lat' dir='ltr'><strong>De</strong></span> <span class='ocrx_word' id='word_1_73' title='bbox 522 960 1086 1021; x_wconf 83' lang='lat' dir='ltr'><strong>sanctisimaginibus.</strong></span> <span class='ocrx_word' id='word_1_74' title='bbox 1111 961 1351 1019; x_wconf 80' lang='lat' dir='ltr'><strong>Quatuor</strong></span> <span class='ocrx_word' id='word_1_75' title='bbox 1376 974 1576 1019; x_wconf 84' lang='lat' dir='ltr'><strong>genera</strong></span> <span class='ocrx_word' id='word_1_76' title='bbox 1618 961 2186 1031; x_wconf 70' lang='lat' dir='ltr'><strong>argumentorumpro</strong></span> <span class='ocrx_word' id='word_1_77' title='bbox 2218 956 2482 1006; x_wconf 80' lang='lat' dir='ltr'><strong>catholica</strong></span> <span class='ocrx_word' id='word_1_78' title='bbox 2517 956 2581 1007; x_wconf 91' lang='lat' dir='ltr'><strong>de</strong></span> <span class='ocrx_word' id='word_1_79' title='bbox 2606 958 2932 1068; x_wconf 60' lang='lat' dir='ltr'><strong>imaginibus</strong></span> <span class='ocrx_word' id='word_1_80' title='bbox 2969 958 3242 1008; x_wconf 83' lang='lat' dir='ltr'><strong>doctrina:</strong></span> <span class='ocrx_word' id='word_1_81' title='bbox 3269 959 3471 1008; x_wconf 86' lang='lat' dir='ltr'><strong>Natura</strong></span> <span class='ocrx_word' id='word_1_82' title='bbox 3488 960 3770 1024; x_wconf 83' lang='lat' dir='ltr'><strong>corporis:</strong></span> 
     </span>
     <span class='ocr_line' id='line_1_13' title="bbox 753 1021 3434 1068; baseline 0 0"><span class='ocrx_word' id='word_1_83' title='bbox 753 1024 1015 1068; x_wconf 75' lang='lat' dir='ltr'><strong>Historia:</strong></span> <span class='ocrx_word' id='word_1_84' title='bbox 1049 1024 1230 1068; x_wconf 82' lang='lat' dir='ltr'><strong>Patras</strong></span> <span class='ocrx_word' id='word_1_85' title='bbox 1263 1039 1273 1068; x_wconf 94' lang='lat'>:</span> <span class='ocrx_word' id='word_1_86' title='bbox 1307 1023 1527 1068; x_wconf 89' lang='lat' dir='ltr'><strong>Svnodi.</strong></span> <span class='ocrx_word' id='word_1_87' title='bbox 1564 1023 1781 1068; x_wconf 80' lang='lat' dir='ltr'><strong>Frustra</strong></span> <span class='ocrx_word' id='word_1_88' title='bbox 1815 1022 2150 1068; x_wconf 81' lang='lat' dir='ltr'><strong>adversarios</strong></span> <span class='ocrx_word' id='word_1_89' title='bbox 2180 1025 2498 1068; x_wconf 66' lang='lat' dir='ltr'><strong>argumenta</strong></span> <span class='ocrx_word' id='word_1_90' title='bbox 2525 1035 2710 1068; x_wconf 90' lang='lat' dir='ltr'><strong>eorum</strong></span> <span class='ocrx_word' id='word_1_91' title='bbox 2752 1035 2836 1068; x_wconf 90' lang='lat' dir='ltr'><strong>em</strong></span> <span class='ocrx_word' id='word_1_92' title='bbox 2858 1035 3114 1068; x_wconf 68' lang='lat' dir='ltr'><strong>generum</strong></span> <span class='ocrx_word' id='word_1_93' title='bbox 3145 1021 3434 1068; x_wconf 79' lang='lat' dir='ltr'><strong>obtendere</strong></span> 
     </span>
    </p>
   </div>
   <div class='ocr_carea' id='block_1_13' title="bbox 753 1020 2710 1086">
    <p class='ocr_par' dir='ltr' id='par_1_13' title="bbox 753 1020 2710 1086">
     <span class='ocr_line' id='line_1_14' title="bbox 753 1020 2710 1086; baseline -0.001 -15"><span class='ocrx_word' id='word_1_94' title='bbox 753 1020 1015 1072; x_wconf 75' lang='lat' dir='ltr'><strong>Histeria:</strong></span> <span class='ocrx_word' id='word_1_95' title='bbox 1049 1024 1230 1074; x_wconf 82' lang='lat' dir='ltr'><strong>Patres</strong></span> <span class='ocrx_word' id='word_1_96' title='bbox 1263 1039 1273 1071; x_wconf 95' lang='lat'>:</span> <span class='ocrx_word' id='word_1_97' title='bbox 1307 1023 1527 1086; x_wconf 89' lang='lat' dir='ltr'><strong>Synodi.</strong></span> <span class='ocrx_word' id='word_1_98' title='bbox 1564 1020 1781 1072; x_wconf 84' lang='lat' dir='ltr'><strong>Frustra</strong></span> <span class='ocrx_word' id='word_1_99' title='bbox 1815 1020 2150 1072; x_wconf 85' lang='lat' dir='ltr'><strong>adversarios</strong></span> <span class='ocrx_word' id='word_1_100' title='bbox 2180 1025 2498 1075; x_wconf 76' lang='lat' dir='ltr'><strong>argumenta</strong></span> <span class='ocrx_word' id='word_1_101' title='bbox 2525 1035 2710 1070; x_wconf 87' lang='lat' dir='ltr'><strong>eorum</strong></span> 
     </span>
    </p>
   </div>
   <div class='ocr_carea' id='block_1_14' title="bbox 485 1110 2103 1184">
    <p class='ocr_par' dir='ltr' id='par_1_14' title="bbox 485 1110 2103 1184">
     <span class='ocr_line' id='line_1_15' title="bbox 485 1110 2103 1184; baseline -0.001 -17"><span class='ocrx_word' id='word_1_102' title='bbox 485 1111 984 1184; x_wconf 86' lang='lat' dir='ltr'><strong>Quandoquidem</strong></span> <span class='ocrx_word' id='word_1_103' title='bbox 1024 1129 1201 1169; x_wconf 89' lang='lat' dir='ltr'><strong>nosse</strong></span> <span class='ocrx_word' id='word_1_104' title='bbox 1241 1129 1403 1176; x_wconf 87' lang='lat' dir='ltr'><strong>aves,</strong></span> <span class='ocrx_word' id='word_1_105' title='bbox 1436 1111 1670 1169; x_wconf 88' lang='lat' dir='ltr'><strong>Nicolae</strong></span> <span class='ocrx_word' id='word_1_106' title='bbox 1701 1111 1900 1180; x_wconf 83' lang='lat' dir='ltr'><strong>frater,</strong></span> <span class='ocrx_word' id='word_1_107' title='bbox 1931 1110 2058 1182; x_wconf 91' lang='lat' dir='ltr'><strong>qui-</strong></span> <span class='ocrx_word' id='word_1_108' title='bbox 2095 1126 2103 1138; x_wconf 78' lang='grc'><strong>’</strong></span> 
     </span>
    </p>
   </div>
   <div class='ocr_carea' id='block_1_15' title="bbox 411 1198 2054 1272">
    <p class='ocr_par' dir='ltr' id='par_1_15' title="bbox 411 1198 2054 1272">
     <span class='ocr_line' id='line_1_16' title="bbox 411 1198 2054 1272; baseline -0.001 -18"><span class='ocrx_word' id='word_1_109' title='bbox 411 1198 526 1255; x_wconf 90' lang='lat' dir='ltr'><strong>bus</strong></span> <span class='ocrx_word' id='word_1_110' title='bbox 547 1205 811 1272; x_wconf 80' lang='lat' dir='ltr'><strong>quatuor</strong></span> <span class='ocrx_word' id='word_1_111' title='bbox 835 1203 1208 1271; x_wconf 83' lang='lat' dir='ltr'><strong>argumentis</strong></span> <span class='ocrx_word' id='word_1_112' title='bbox 1237 1202 1392 1257; x_wconf 88' lang='lat' dir='ltr'><strong>circa</strong></span> <span class='ocrx_word' id='word_1_113' title='bbox 1423 1201 1829 1256; x_wconf 87' lang='lat' dir='ltr'><strong>venerandam</strong></span> <span class='ocrx_word' id='word_1_114' title='bbox 1851 1198 2054 1256; x_wconf 87' lang='lat' dir='ltr'><strong>Christi</strong></span> 
     </span>
    </p>
   </div>
   <div class='ocr_carea' id='block_1_16' title="bbox 411 1288 2058 1359">
    <p class='ocr_par' dir='ltr' id='par_1_16' title="bbox 411 1288 2058 1359">
     <span class='ocr_line' id='line_1_17' title="bbox 411 1288 2058 1359; baseline -0.001 -15"><span class='ocrx_word' id='word_1_115' title='bbox 411 1290 738 1359; x_wconf 83' lang='lat' dir='ltr'><strong>imaginem</strong></span> <span class='ocrx_word' id='word_1_116' title='bbox 753 1292 968 1346; x_wconf 89' lang='lat' dir='ltr'><strong>veritas</strong></span> <span class='ocrx_word' id='word_1_117' title='bbox 984 1290 1396 1346; x_wconf 87' lang='lat' dir='ltr'><strong>conﬁrmetur:</strong></span> <span class='ocrx_word' id='word_1_118' title='bbox 1429 1290 1515 1344; x_wconf 89' lang='lat' dir='ltr'><strong>sic</strong></span> <span class='ocrx_word' id='word_1_119' title='bbox 1537 1289 1779 1353; x_wconf 87' lang='lat' dir='ltr'><strong>habeto,</strong></span> <span class='ocrx_word' id='word_1_120' title='bbox 1805 1288 2058 1359; x_wconf 84' lang='lat' dir='ltr'><strong>physico</strong></span> 
     </span>
    </p>
   </div>
   <div class='ocr_carea' id='block_1_17' title="bbox 411 1378 2058 1448">
    <p class='ocr_par' dir='ltr' id='par_1_17' title="bbox 411 1378 2058 1448">
     <span class='ocr_line' id='line_1_18' title="bbox 411 1378 2058 1448; baseline -0.002 -14"><span class='ocrx_word' id='word_1_121' title='bbox 411 1378 715 1448; x_wconf 81' lang='lat' dir='ltr'><strong>dogmate,</strong></span> <span class='ocrx_word' id='word_1_122' title='bbox 747 1386 938 1436; x_wconf 87' lang='lat' dir='ltr'><strong>vetere</strong></span> <span class='ocrx_word' id='word_1_123' title='bbox 970 1380 1238 1444; x_wconf 86' lang='lat' dir='ltr'><strong>historia,</strong></span> <span class='ocrx_word' id='word_1_124' title='bbox 1273 1384 1620 1435; x_wconf 89' lang='lat' dir='ltr'><strong>sanctorum</strong></span> <span class='ocrx_word' id='word_1_125' title='bbox 1652 1378 1922 1444; x_wconf 87' lang='lat' dir='ltr'><strong>vocibus,</strong></span> <span class='ocrx_word' id='word_1_126' title='bbox 1963 1392 2058 1448; x_wconf 88' lang='lat' dir='ltr'><strong>sy-</strong></span> 
     </span>
    </p>
   </div>
   <div class='ocr_carea' id='block_1_18' title="bbox 410 1468 1115 1525">
    <p class='ocr_par' dir='ltr' id='par_1_18' title="bbox 410 1468 1115 1525">
     <span class='ocr_line' id='line_1_19' title="bbox 410 1468 1115 1525; baseline -0.003 -2"><span class='ocrx_word' id='word_1_127' title='bbox 410 1468 632 1525; x_wconf 91' lang='lat' dir='ltr'><strong>nodica</strong></span> <span class='ocrx_word' id='word_1_128' title='bbox 660 1469 1115 1525; x_wconf 88' lang='lat' dir='ltr'><strong>acclamatione.</strong></span> 
     </span>
    </p>
   </div>
   <div class='ocr_carea' id='block_1_19' title="bbox 487 1556 2049 1630">
    <p class='ocr_par' dir='ltr' id='par_1_19' title="bbox 487 1556 2049 1630">
     <span class='ocr_line' id='line_1_20' title="bbox 487 1556 2049 1630; baseline -0.003 -17"><span class='ocrx_word' id='word_1_129' title='bbox 487 1558 805 1623; x_wconf 87' lang='lat' dir='ltr'><strong>Quomodo</strong></span> <span class='ocrx_word' id='word_1_130' title='bbox 827 1557 1081 1630; x_wconf 86' lang='lat' dir='ltr'><strong>physico</strong></span> <span class='ocrx_word' id='word_1_131' title='bbox 1111 1557 1396 1626; x_wconf 85' lang='lat' dir='ltr'><strong>dogmate</strong></span> <span class='ocrx_word' id='word_1_132' title='bbox 1427 1558 1455 1612; x_wconf 76' lang='lat' dir='ltr'><strong>‘I</strong></span> <span class='ocrx_word' id='word_1_133' title='bbox 1477 1558 1772 1624; x_wconf 87' lang='lat' dir='ltr'><strong>Quoniam</strong></span> <span class='ocrx_word' id='word_1_134' title='bbox 1796 1556 1925 1611; x_wconf 64' lang='lat' dir='ltr'><strong>haec</strong></span> <span class='ocrx_word' id='word_1_135' title='bbox 1957 1569 2049 1609; x_wconf 88' lang='lat' dir='ltr'><strong>na-</strong></span> 
     </span>
    </p>
   </div>
   <div class='ocr_carea' id='block_1_20' title="bbox 409 1643 2054 1720">
    <p class='ocr_par' dir='ltr' id='par_1_20' title="bbox 409 1643 2054 1720">
     <span class='ocr_line' id='line_1_21' title="bbox 409 1643 2054 1720; baseline -0.004 -17"><span class='ocrx_word' id='word_1_136' title='bbox 409 1649 543 1703; x_wconf 84' lang='lat' dir='ltr'><strong>tura</strong></span> <span class='ocrx_word' id='word_1_137' title='bbox 574 1652 661 1703; x_wconf 91' lang='lat' dir='ltr'><strong>est</strong></span> <span class='ocrx_word' id='word_1_138' title='bbox 690 1648 956 1720; x_wconf 88' lang='lat' dir='ltr'><strong>corporis</strong></span> <span class='ocrx_word' id='word_1_139' title='bbox 983 1653 1044 1702; x_wconf 89' lang='lat' dir='ltr'><strong>ut</strong></span> <span class='ocrx_word' id='word_1_140' title='bbox 1073 1651 1294 1702; x_wconf 90' lang='lat' dir='ltr'><strong>tactum</strong></span> <span class='ocrx_word' id='word_1_141' title='bbox 1356 1652 1412 1702; x_wconf 92' lang='lat' dir='ltr'><strong>et</strong></span> <span class='ocrx_word' id='word_1_142' title='bbox 1449 1648 1712 1703; x_wconf 91' lang='lat' dir='ltr'><strong>colorem</strong></span> <span class='ocrx_word' id='word_1_143' title='bbox 1743 1643 2054 1701; x_wconf 82' lang='lat' dir='ltr'><strong>admittat:</strong></span> 
     </span>
    </p>
   </div>
   <div class='ocr_carea' id='block_1_21' title="bbox 410 1732 2060 1807">
    <p class='ocr_par' dir='ltr' id='par_1_21' title="bbox 410 1732 2060 1807">
     <span class='ocr_line' id='line_1_22' title="bbox 410 1732 2060 1807; baseline -0.002 -17"><span class='ocrx_word' id='word_1_144' title='bbox 410 1735 578 1807; x_wconf 88' lang='lat' dir='ltr'><strong>quod</strong></span> <span class='ocrx_word' id='word_1_145' title='bbox 607 1751 745 1792; x_wconf 89' lang='lat' dir='ltr'><strong>vero</strong></span> <span class='ocrx_word' id='word_1_146' title='bbox 791 1741 1016 1792; x_wconf 89' lang='lat' dir='ltr'><strong>tactum</strong></span> <span class='ocrx_word' id='word_1_147' title='bbox 1056 1741 1112 1791; x_wconf 92' lang='lat' dir='ltr'><strong>et</strong></span> <span class='ocrx_word' id='word_1_148' title='bbox 1141 1736 1402 1792; x_wconf 91' lang='lat' dir='ltr'><strong>colorem</strong></span> <span class='ocrx_word' id='word_1_149' title='bbox 1433 1735 1711 1799; x_wconf 87' lang='lat' dir='ltr'><strong>admittit,</strong></span> <span class='ocrx_word' id='word_1_150' title='bbox 1754 1735 1914 1790; x_wconf 90' lang='lat' dir='ltr'><strong>idem</strong></span> <span class='ocrx_word' id='word_1_151' title='bbox 1945 1732 2060 1787; x_wconf 89' lang='lat' dir='ltr'><strong>cir-</strong></span> 
     </span>
    </p>
   </div>
   <div class='ocr_carea' id='block_1_22' title="bbox 411 1820 2058 1896">
    <p class='ocr_par' dir='ltr' id='par_1_22' title="bbox 411 1820 2058 1896">
     <span class='ocr_line' id='line_1_23' title="bbox 411 1820 2058 1896; baseline -0.001 -18"><span class='ocrx_word' id='word_1_152' title='bbox 411 1823 754 1888; x_wconf 91' lang='lat' dir='ltr'><strong>cumscribi,</strong></span> <span class='ocrx_word' id='word_1_153' title='bbox 782 1825 895 1880; x_wconf 90' lang='lat' dir='ltr'><strong>hoc</strong></span> <span class='ocrx_word' id='word_1_154' title='bbox 926 1828 1031 1890; x_wconf 90' lang='lat' dir='ltr'><strong>est,</strong></span> <span class='ocrx_word' id='word_1_155' title='bbox 1056 1823 1114 1879; x_wconf 90' lang='lat' dir='ltr'><strong>in</strong></span> <span class='ocrx_word' id='word_1_156' title='bbox 1143 1824 1338 1894; x_wconf 86' lang='lat' dir='ltr'><strong>efﬁgie</strong></span> <span class='ocrx_word' id='word_1_157' title='bbox 1366 1825 1649 1881; x_wconf 90' lang='lat' dir='ltr'><strong>delineari</strong></span> <span class='ocrx_word' id='word_1_158' title='bbox 1682 1827 1896 1896; x_wconf 83' lang='lat' dir='ltr'><strong>potest.</strong></span> <span class='ocrx_word' id='word_1_159' title='bbox 1925 1820 2058 1878; x_wconf 89' lang='lat' dir='ltr'><strong>Tale</strong></span> 
     </span>
    </p>
   </div>
   <div class='ocr_carea' id='block_1_23' title="bbox 412 1913 2059 1987">
    <p class='ocr_par' dir='ltr' id='par_1_23' title="bbox 412 1913 2059 1987">
     <span class='ocr_line' id='line_1_24' title="bbox 412 1913 2059 1987; baseline -0.001 -20"><span class='ocrx_word' id='word_1_160' title='bbox 412 1917 612 1968; x_wconf 91' lang='lat' dir='ltr'><strong>autem</strong></span> <span class='ocrx_word' id='word_1_161' title='bbox 643 1928 862 1985; x_wconf 89' lang='lat' dir='ltr'><strong>corpus</strong></span> <span class='ocrx_word' id='word_1_162' title='bbox 908 1919 996 1969; x_wconf 89' lang='lat' dir='ltr'><strong>est</strong></span> <span class='ocrx_word' id='word_1_163' title='bbox 1026 1915 1257 1978; x_wconf 86' lang='lat' dir='ltr'><strong>Christi,</strong></span> <span class='ocrx_word' id='word_1_164' title='bbox 1311 1913 1832 1987; x_wconf 87' lang='lat' dir='ltr'><strong>quemadmodum</strong></span> <span class='ocrx_word' id='word_1_165' title='bbox 1869 1916 1927 1968; x_wconf 91' lang='lat' dir='ltr'><strong>et</strong></span> <span class='ocrx_word' id='word_1_166' title='bbox 1957 1926 2059 1966; x_wconf 93' lang='lat' dir='ltr'><strong>no-</strong></span> 
     </span>
    </p>
   </div>
   <div class='ocr_carea' id='block_1_24' title="bbox 411 1999 2061 2069">
    <p class='ocr_par' dir='ltr' id='par_1_24' title="bbox 411 1999 2061 2069">
     <span class='ocr_line' id='line_1_25' title="bbox 411 1999 2061 2069; baseline 0 -13"><span class='ocrx_word' id='word_1_167' title='bbox 411 2006 625 2069; x_wconf 78' lang='lat' dir='ltr'><strong>strum,</strong></span> <span class='ocrx_word' id='word_1_168' title='bbox 659 2002 1074 2058; x_wconf 89' lang='lat' dir='ltr'><strong>contrectabile</strong></span> <span class='ocrx_word' id='word_1_169' title='bbox 1104 2008 1160 2058; x_wconf 89' lang='lat' dir='ltr'><strong>et</strong></span> <span class='ocrx_word' id='word_1_170' title='bbox 1197 2003 1550 2060; x_wconf 89' lang='lat' dir='ltr'><strong>coloratum.</strong></span> <span class='ocrx_word' id='word_1_171' title='bbox 1593 2007 1674 2058; x_wconf 85' lang='lat' dir='ltr'><strong>Ac</strong></span> <span class='ocrx_word' id='word_1_172' title='bbox 1725 2017 1871 2058; x_wconf 86' lang='lat' dir='ltr'><strong>sane</strong></span> <span class='ocrx_word' id='word_1_173' title='bbox 1919 1999 2061 2056; x_wconf 85' lang='lat' dir='ltr'><strong>scri-</strong></span> 
     </span>
    </p>
   </div>
   <div class='ocr_carea' id='block_1_25' title="bbox 410 2089 2066 2164">
    <p class='ocr_par' dir='ltr' id='par_1_25' title="bbox 410 2089 2066 2164">
     <span class='ocr_line' id='line_1_26' title="bbox 410 2089 2066 2164; baseline -0.001 -19"><span class='ocrx_word' id='word_1_174' title='bbox 410 2097 583 2162; x_wconf 91' lang='lat' dir='ltr'><strong>ptum</strong></span> <span class='ocrx_word' id='word_1_175' title='bbox 607 2097 730 2146; x_wconf 88' lang='lat' dir='ltr'><strong>est:</strong></span> <span class='ocrx_word' id='word_1_176' title='bbox 756 2093 832 2147; x_wconf 87' lang='lat' dir='ltr'><strong>Et</strong></span> <span class='ocrx_word' id='word_1_177' title='bbox 855 2092 1192 2164; x_wconf 79' lang='lat' dir='ltr'><strong>quicunque</strong></span> <span class='ocrx_word' id='word_1_178' title='bbox 1214 2095 1536 2163; x_wconf 76' lang='lat' dir='ltr'><strong>tetigerunt</strong></span> <span class='ocrx_word' id='word_1_179' title='bbox 1555 2109 1716 2158; x_wconf 90' lang='lat' dir='ltr'><strong>eum,</strong></span> <span class='ocrx_word' id='word_1_180' title='bbox 1741 2091 1899 2147; x_wconf 86' lang='lat' dir='ltr'><strong>salvi</strong></span> <span class='ocrx_word' id='word_1_181' title='bbox 1911 2089 2066 2158; x_wconf 81' lang='lat' dir='ltr'><strong>facti</strong></span> 
     </span>
    </p>
   </div>
   <div class='ocr_carea' id='block_1_26' title="bbox 408 2180 2061 2251">
    <p class='ocr_par' dir='ltr' id='par_1_26' title="bbox 408 2180 2061 2251">
     <span class='ocr_line' id='line_1_27' title="bbox 408 2180 2061 2251; baseline -0.001 -16"><span class='ocrx_word' id='word_1_182' title='bbox 408 2186 548 2235; x_wconf 84' lang='lat' dir='ltr'><strong>sunt</strong></span> <span class='ocrx_word' id='word_1_183' title='bbox 574 2186 616 2232; x_wconf 75' lang='grc'><strong>⁸.</strong></span> <span class='ocrx_word' id='word_1_184' title='bbox 654 2182 718 2235; x_wconf 88' lang='lat' dir='ltr'><strong>Et</strong></span> <span class='ocrx_word' id='word_1_185' title='bbox 758 2180 936 2236; x_wconf 89' lang='lat' dir='ltr'><strong>alibi:</strong></span> <span class='ocrx_word' id='word_1_186' title='bbox 969 2181 1048 2236; x_wconf 89' lang='lat' dir='ltr'><strong>Et</strong></span> <span class='ocrx_word' id='word_1_187' title='bbox 1095 2182 1268 2250; x_wconf 83' lang='lat' dir='ltr'><strong>facta</strong></span> <span class='ocrx_word' id='word_1_188' title='bbox 1305 2188 1390 2237; x_wconf 89' lang='lat' dir='ltr'><strong>est</strong></span> <span class='ocrx_word' id='word_1_189' title='bbox 1443 2181 1660 2251; x_wconf 85' lang='lat' dir='ltr'><strong>species</strong></span> <span class='ocrx_word' id='word_1_190' title='bbox 1691 2181 1887 2238; x_wconf 79' lang='lat' dir='ltr'><strong>vultus</strong></span> <span class='ocrx_word' id='word_1_191' title='bbox 1934 2180 2061 2248; x_wconf 86' lang='lat' dir='ltr'><strong>ejus</strong></span> 
     </span>
    </p>
   </div>
   <div class='ocr_carea' id='block_1_27' title="bbox 409 2268 2061 2342">
    <p class='ocr_par' dir='ltr' id='par_1_27' title="bbox 409 2268 2061 2342">
     <span class='ocr_line' id='line_1_28' title="bbox 409 2268 2061 2342; baseline -0.002 -17"><span class='ocrx_word' id='word_1_192' title='bbox 409 2270 603 2325; x_wconf 82' lang='lat' dir='ltr'><strong>altera</strong></span> <span class='ocrx_word' id='word_1_193' title='bbox 629 2271 671 2319; x_wconf 82' lang='grc'><strong>⁸.</strong></span> <span class='ocrx_word' id='word_1_194' title='bbox 708 2273 908 2342; x_wconf 88' lang='lat' dir='ltr'><strong>Itaque</strong></span> <span class='ocrx_word' id='word_1_195' title='bbox 929 2269 1272 2339; x_wconf 80' lang='lat' dir='ltr'><strong>depingitur</strong></span> <span class='ocrx_word' id='word_1_196' title='bbox 1287 2271 1619 2326; x_wconf 88' lang='lat' dir='ltr'><strong>secundum</strong></span> <span class='ocrx_word' id='word_1_197' title='bbox 1654 2269 1922 2342; x_wconf 85' lang='lat' dir='ltr'><strong>corporis</strong></span> <span class='ocrx_word' id='word_1_198' title='bbox 1949 2268 2061 2323; x_wconf 84' lang='lat' dir='ltr'><strong>for-</strong></span> 
     </span>
    </p>
   </div>
   <div class='ocr_carea' id='block_1_28' title="bbox 408 2358 2059 2430">
    <p class='ocr_par' dir='ltr' id='par_1_28' title="bbox 408 2358 2059 2430">
     <span class='ocr_line' id='line_1_29' title="bbox 408 2358 2059 2430; baseline 0 -18"><span class='ocrx_word' id='word_1_199' title='bbox 408 2372 573 2413; x_wconf 89' lang='lat' dir='ltr'><strong>mam</strong></span> <span class='ocrx_word' id='word_1_200' title='bbox 597 2375 610 2413; x_wconf 93' lang='lat'><strong>:</strong></span> <span class='ocrx_word' id='word_1_201' title='bbox 648 2358 832 2413; x_wconf 70' lang='lat' dir='ltr'><strong>illaesa</strong></span> <span class='ocrx_word' id='word_1_202' title='bbox 861 2359 1098 2414; x_wconf 90' lang='lat' dir='ltr'><strong>interim</strong></span> <span class='ocrx_word' id='word_1_203' title='bbox 1117 2360 1345 2415; x_wconf 87' lang='lat' dir='ltr'><strong>ratione</strong></span> <span class='ocrx_word' id='word_1_204' title='bbox 1378 2359 1896 2430; x_wconf 88' lang='lat' dir='ltr'><strong>incircumscripti,</strong></span> <span class='ocrx_word' id='word_1_205' title='bbox 1923 2373 2059 2430; x_wconf 68' lang='lat' dir='ltr'><strong>quae</strong></span> 
     </span>
    </p>
   </div>
   <div class='ocr_carea' id='block_1_29' title="bbox 409 2447 2060 2521">
    <p class='ocr_par' dir='ltr' id='par_1_29' title="bbox 409 2447 2060 2521">
     <span class='ocr_line' id='line_1_30' title="bbox 409 2447 2060 2521; baseline 0.001 -19"><span class='ocrx_word' id='word_1_206' title='bbox 409 2447 1290 2518; x_wconf 88' lang='lat' dir='ltr'><strong>ejusdemdivinitaticompetit</strong></span> <span class='ocrx_word' id='word_1_207' title='bbox 1313 2449 1840 2521; x_wconf 90' lang='lat' dir='ltr'><strong>:quandoquidem</strong></span> <span class='ocrx_word' id='word_1_208' title='bbox 1865 2462 2060 2519; x_wconf 88' lang='lat' dir='ltr'><strong>neque</strong></span> 
     </span>
    </p>
   </div>
   <div class='ocr_carea' id='block_1_30' title="bbox 408 2535 2059 2609">
    <p class='ocr_par' dir='ltr' id='par_1_30' title="bbox 408 2535 2059 2609">
     <span class='ocr_line' id='line_1_31' title="bbox 408 2535 2059 2609; baseline 0 -18"><span class='ocrx_word' id='word_1_209' title='bbox 408 2550 543 2604; x_wconf 88' lang='lat' dir='ltr'><strong>ego,</strong></span> <span class='ocrx_word' id='word_1_210' title='bbox 571 2535 705 2591; x_wconf 91' lang='lat' dir='ltr'><strong>licet</strong></span> <span class='ocrx_word' id='word_1_211' title='bbox 761 2550 1009 2606; x_wconf 88' lang='lat' dir='ltr'><strong>corpore</strong></span> <span class='ocrx_word' id='word_1_212' title='bbox 1041 2536 1551 2609; x_wconf 87' lang='lat' dir='ltr'><strong>circumscriptus,</strong></span> <span class='ocrx_word' id='word_1_213' title='bbox 1607 2537 1945 2593; x_wconf 88' lang='lat' dir='ltr'><strong>necessario</strong></span> <span class='ocrx_word' id='word_1_214' title='bbox 2001 2541 2059 2592; x_wconf 90' lang='lat' dir='ltr'><strong>et</strong></span> 
     </span>
    </p>
   </div>
   <div class='ocr_carea' id='block_1_31' title="bbox 409 2623 2058 2698">
    <p class='ocr_par' dir='ltr' id='par_1_31' title="bbox 409 2623 2058 2698">
     <span class='ocr_line' id='line_1_32' title="bbox 409 2623 2058 2698; baseline 0.002 -21"><span class='ocrx_word' id='word_1_215' title='bbox 409 2623 739 2678; x_wconf 90' lang='lat' dir='ltr'><strong>secundum</strong></span> <span class='ocrx_word' id='word_1_216' title='bbox 795 2623 1090 2690; x_wconf 91' lang='lat' dir='ltr'><strong>animum,</strong></span> <span class='ocrx_word' id='word_1_217' title='bbox 1118 2625 1222 2697; x_wconf 91' lang='lat' dir='ltr'><strong>qui</strong></span> <span class='ocrx_word' id='word_1_218' title='bbox 1279 2627 1439 2681; x_wconf 93' lang='lat' dir='ltr'><strong>cerni</strong></span> <span class='ocrx_word' id='word_1_219' title='bbox 1485 2626 1671 2682; x_wconf 91' lang='lat' dir='ltr'><strong>oculis</strong></span> <span class='ocrx_word' id='word_1_220' title='bbox 1701 2626 1925 2698; x_wconf 86' lang='lat' dir='ltr'><strong>nequit,</strong></span> <span class='ocrx_word' id='word_1_221' title='bbox 1951 2626 2058 2680; x_wconf 86' lang='lat' dir='ltr'><strong>cir-</strong></span> 
     </span>
    </p>
   </div>
   <div class='ocr_carea' id='block_1_32' title="bbox 408 2713 2056 2787">
    <p class='ocr_par' dir='ltr' id='par_1_32' title="bbox 408 2713 2056 2787">
     <span class='ocr_line' id='line_1_33' title="bbox 408 2713 2056 2787; baseline 0.002 -20"><span class='ocrx_word' id='word_1_222' title='bbox 408 2713 807 2784; x_wconf 89' lang='lat' dir='ltr'><strong>cumscriptus</strong></span> <span class='ocrx_word' id='word_1_223' title='bbox 831 2729 1003 2768; x_wconf 90' lang='lat' dir='ltr'><strong>sum:</strong></span> <span class='ocrx_word' id='word_1_224' title='bbox 1037 2729 1253 2786; x_wconf 89' lang='lat' dir='ltr'><strong>neque,</strong></span> <span class='ocrx_word' id='word_1_225' title='bbox 1304 2716 1594 2787; x_wconf 89' lang='lat' dir='ltr'><strong>quoniam</strong></span> <span class='ocrx_word' id='word_1_226' title='bbox 1652 2731 1869 2787; x_wconf 89' lang='lat' dir='ltr'><strong>corpus</strong></span> <span class='ocrx_word' id='word_1_227' title='bbox 1929 2715 2056 2787; x_wconf 89' lang='lat' dir='ltr'><strong>qui-</strong></span> 
     </span>
    </p>
   </div>
   <div class='ocr_carea' id='block_1_33' title="bbox 408 2800 2055 2874">
    <p class='ocr_par' dir='ltr' id='par_1_33' title="bbox 408 2800 2055 2874">
     <span class='ocr_line' id='line_1_34' title="bbox 408 2800 2055 2874; baseline 0.002 -19"><span class='ocrx_word' id='word_1_228' title='bbox 408 2800 548 2855; x_wconf 90' lang='lat' dir='ltr'><strong>dem</strong></span> <span class='ocrx_word' id='word_1_229' title='bbox 580 2816 779 2856; x_wconf 90' lang='lat' dir='ltr'><strong>meum</strong></span> <span class='ocrx_word' id='word_1_230' title='bbox 802 2802 1325 2874; x_wconf 88' lang='lat' dir='ltr'><strong>circumscriptum</strong></span> <span class='ocrx_word' id='word_1_231' title='bbox 1352 2809 1464 2872; x_wconf 88' lang='lat' dir='ltr'><strong>est,</strong></span> <span class='ocrx_word' id='word_1_232' title='bbox 1486 2804 1724 2860; x_wconf 88' lang='lat' dir='ltr'><strong>animus</strong></span> <span class='ocrx_word' id='word_1_233' title='bbox 1751 2810 1951 2860; x_wconf 88' lang='lat' dir='ltr'><strong>autem</strong></span> <span class='ocrx_word' id='word_1_234' title='bbox 1970 2804 2055 2858; x_wconf 92' lang='lat' dir='ltr'><strong>in-</strong></span> 
     </span>
    </p>
   </div>
   <div class='ocr_carea' id='block_1_34' title="bbox 409 2890 2054 2961">
    <p class='ocr_par' dir='ltr' id='par_1_34' title="bbox 409 2890 2054 2961">
     <span class='ocr_line' id='line_1_35' title="bbox 409 2890 2054 2961; baseline 0.002 -17"><span class='ocrx_word' id='word_1_235' title='bbox 409 2890 927 2961; x_wconf 87' lang='lat' dir='ltr'><strong>circumscriptus;</strong></span> <span class='ocrx_word' id='word_1_236' title='bbox 986 2907 1142 2946; x_wconf 89' lang='lat' dir='ltr'><strong>unus</strong></span> <span class='ocrx_word' id='word_1_237' title='bbox 1192 2892 1254 2948; x_wconf 89' lang='lat' dir='ltr'><strong>in</strong></span> <span class='ocrx_word' id='word_1_238' title='bbox 1303 2891 1458 2948; x_wconf 91' lang='lat' dir='ltr'><strong>duos</strong></span> <span class='ocrx_word' id='word_1_239' title='bbox 1509 2893 1738 2948; x_wconf 87' lang='lat' dir='ltr'><strong>divisus</strong></span> <span class='ocrx_word' id='word_1_240' title='bbox 1800 2896 1905 2948; x_wconf 91' lang='lat' dir='ltr'><strong>est.</strong></span> <span class='ocrx_word' id='word_1_241' title='bbox 1963 2893 2054 2948; x_wconf 84' lang='lat' dir='ltr'><strong>Sic</strong></span> 
     </span>
    </p>
   </div>
   <div class='ocr_carea' id='block_1_35' title="bbox 405 2977 2055 3054">
    <p class='ocr_par' dir='ltr' id='par_1_35' title="bbox 405 2977 2055 3054">
     <span class='ocr_line' id='line_1_36' title="bbox 405 2977 2055 3054; baseline 0.002 -21"><span class='ocrx_word' id='word_1_242' title='bbox 405 2977 600 3034; x_wconf 92' lang='lat' dir='ltr'><strong>multo</strong></span> <span class='ocrx_word' id='word_1_243' title='bbox 617 2979 809 3049; x_wconf 89' lang='lat' dir='ltr'><strong>magis</strong></span> <span class='ocrx_word' id='word_1_244' title='bbox 827 2994 935 3036; x_wconf 90' lang='lat' dir='ltr'><strong>nec</strong></span> <span class='ocrx_word' id='word_1_245' title='bbox 950 2980 1209 3037; x_wconf 89' lang='lat' dir='ltr'><strong>Christus</strong></span> <span class='ocrx_word' id='word_1_246' title='bbox 1226 2981 1604 3054; x_wconf 89' lang='lat' dir='ltr'><strong>partitionem</strong></span> <span class='ocrx_word' id='word_1_247' title='bbox 1620 2982 2055 3037; x_wconf 86' lang='lat' dir='ltr'><strong>divisionemve</strong></span> 
     </span>
    </p>
   </div>
   <div class='ocr_carea' id='block_1_36' title="bbox 402 3067 1874 3143">
    <p class='ocr_par' dir='ltr' id='par_1_36' title="bbox 402 3067 1874 3143">
     <span class='ocr_line' id='line_1_37' title="bbox 402 3067 1874 3143; baseline 0.001 -20"><span class='ocrx_word' id='word_1_248' title='bbox 402 3067 648 3139; x_wconf 87' lang='lat' dir='ltr'><strong>patitur,</strong></span> <span class='ocrx_word' id='word_1_249' title='bbox 681 3083 752 3124; x_wconf 93' lang='lat' dir='ltr'><strong>eo</strong></span> <span class='ocrx_word' id='word_1_250' title='bbox 780 3069 945 3139; x_wconf 89' lang='lat' dir='ltr'><strong>quod</strong></span> <span class='ocrx_word' id='word_1_251' title='bbox 972 3071 1269 3142; x_wconf 86' lang='lat' dir='ltr'><strong>corporali</strong></span> <span class='ocrx_word' id='word_1_252' title='bbox 1293 3070 1486 3127; x_wconf 87' lang='lat' dir='ltr'><strong>forma</strong></span> <span class='ocrx_word' id='word_1_253' title='bbox 1515 3071 1874 3143; x_wconf 89' lang='lat' dir='ltr'><strong>depingitur.</strong></span> 
     </span>
    </p>
   </div>
   <div class='ocr_carea' id='block_1_37' title="bbox 479 3157 2054 3227">
    <p class='ocr_par' dir='ltr' id='par_1_37' title="bbox 479 3157 2054 3227">
     <span class='ocr_line' id='line_1_38' title="bbox 479 3157 2054 3227; baseline 0.001 -16"><span class='ocrx_word' id='word_1_254' title='bbox 479 3157 794 3222; x_wconf 90' lang='lat' dir='ltr'><strong>Quomodo</strong></span> <span class='ocrx_word' id='word_1_255' title='bbox 807 3157 885 3213; x_wconf 90' lang='lat' dir='ltr'><strong>ab</strong></span> <span class='ocrx_word' id='word_1_256' title='bbox 901 3158 1145 3216; x_wconf 87' lang='lat' dir='ltr'><strong>historia</strong></span> <span class='ocrx_word' id='word_1_257' title='bbox 1165 3164 1358 3216; x_wconf 84' lang='lat' dir='ltr'><strong>vetere</strong></span> <span class='ocrx_word' id='word_1_258' title='bbox 1379 3160 1408 3215; x_wconf 79' lang='lat' dir='ltr'><strong>‘l</strong></span> <span class='ocrx_word' id='word_1_259' title='bbox 1429 3161 1724 3227; x_wconf 89' lang='lat' dir='ltr'><strong>Quoniam</strong></span> <span class='ocrx_word' id='word_1_260' title='bbox 1743 3160 2054 3216; x_wconf 87' lang='lat' dir='ltr'><strong>universus</strong></span> 
     </span>
    </p>
   </div>
   <div class='ocr_carea' id='block_1_38' title="bbox 405 3245 2052 3320">
    <p class='ocr_par' dir='ltr' id='par_1_38' title="bbox 405 3245 2052 3320">
     <span class='ocr_line' id='line_1_39' title="bbox 405 3245 2052 3320; baseline 0 -19"><span class='ocrx_word' id='word_1_261' title='bbox 405 3246 568 3302; x_wconf 91' lang='lat' dir='ltr'><strong>orbis</strong></span> <span class='ocrx_word' id='word_1_262' title='bbox 603 3247 680 3302; x_wconf 91' lang='lat' dir='ltr'><strong>ab</strong></span> <span class='ocrx_word' id='word_1_263' title='bbox 701 3246 833 3317; x_wconf 92' lang='lat' dir='ltr'><strong>ipso</strong></span> <span class='ocrx_word' id='word_1_264' title='bbox 867 3245 1080 3304; x_wconf 85' lang='lat' dir='ltr'><strong>Christi</strong></span> <span class='ocrx_word' id='word_1_265' title='bbox 1125 3264 1385 3305; x_wconf 89' lang='lat' dir='ltr'><strong>ascensu</strong></span> <span class='ocrx_word' id='word_1_266' title='bbox 1420 3249 1830 3306; x_wconf 86' lang='lat' dir='ltr'><strong>venerandam</strong></span> <span class='ocrx_word' id='word_1_267' title='bbox 1860 3248 2052 3320; x_wconf 88' lang='lat' dir='ltr'><strong>ipsius</strong></span> 
     </span>
    </p>
   </div>
   <div class='ocr_carea' id='block_1_39' title="bbox 407 3333 2054 3409">
    <p class='ocr_par' dir='ltr' id='par_1_39' title="bbox 407 3333 2054 3409">
     <span class='ocr_line' id='line_1_40' title="bbox 407 3333 2054 3409; baseline 0.002 -20"><span class='ocrx_word' id='word_1_268' title='bbox 407 3333 736 3404; x_wconf 89' lang='lat' dir='ltr'><strong>imaginem</strong></span> <span class='ocrx_word' id='word_1_269' title='bbox 765 3336 824 3390; x_wconf 92' lang='lat' dir='ltr'><strong>in</strong></span> <span class='ocrx_word' id='word_1_270' title='bbox 850 3337 1037 3392; x_wconf 89' lang='lat' dir='ltr'><strong>sacris</strong></span> <span class='ocrx_word' id='word_1_271' title='bbox 1058 3338 1294 3409; x_wconf 88' lang='lat' dir='ltr'><strong>templis</strong></span> <span class='ocrx_word' id='word_1_272' title='bbox 1319 3339 1620 3409; x_wconf 88' lang='lat' dir='ltr'><strong>depictam</strong></span> <span class='ocrx_word' id='word_1_273' title='bbox 1643 3338 1899 3394; x_wconf 79' lang='lat' dir='ltr'><strong>exhibet.</strong></span> <span class='ocrx_word' id='word_1_274' title='bbox 1925 3339 2054 3402; x_wconf 91' lang='lat' dir='ltr'><strong>Quo</strong></span> 
     </span>
    </p>
   </div>
   <div class='ocr_carea' id='block_1_40' title="bbox 401 3422 2052 3494">
    <p class='ocr_par' dir='ltr' id='par_1_40' title="bbox 401 3422 2052 3494">
     <span class='ocr_line' id='line_1_41' title="bbox 401 3422 2052 3494; baseline 0.003 -18"><span class='ocrx_word' id='word_1_275' title='bbox 401 3422 554 3493; x_wconf 92' lang='lat' dir='ltr'><strong>quid</strong></span> <span class='ocrx_word' id='word_1_276' title='bbox 574 3438 702 3478; x_wconf 89' lang='lat' dir='ltr'><strong>esse</strong></span> <span class='ocrx_word' id='word_1_277' title='bbox 727 3423 919 3494; x_wconf 88' lang='lat' dir='ltr'><strong>possit</strong></span> <span class='ocrx_word' id='word_1_278' title='bbox 942 3425 1017 3479; x_wconf 86' lang='lat' dir='ltr'><strong>ad</strong></span> <span class='ocrx_word' id='word_1_279' title='bbox 1044 3425 1579 3483; x_wconf 86' lang='lat' dir='ltr'><strong>demonstrandam</strong></span> <span class='ocrx_word' id='word_1_280' title='bbox 1599 3428 1904 3483; x_wconf 87' lang='lat' dir='ltr'><strong>veritatem</strong></span> <span class='ocrx_word' id='word_1_281' title='bbox 1921 3425 2052 3481; x_wconf 89' lang='lat' dir='ltr'><strong>illu-</strong></span> 
     </span>
    </p>
   </div>
   <div class='ocr_carea' id='block_1_41' title="bbox 407 3511 2054 3588">
    <p class='ocr_par' dir='ltr' id='par_1_41' title="bbox 407 3511 2054 3588">
     <span class='ocr_line' id='line_1_42' title="bbox 407 3511 2054 3588; baseline 0.003 -23"><span class='ocrx_word' id='word_1_282' title='bbox 407 3511 585 3567; x_wconf 90' lang='lat' dir='ltr'><strong>strius</strong></span> <span class='ocrx_word' id='word_1_283' title='bbox 607 3511 634 3567; x_wconf 67' lang='grc' dir='ltr'>Τ</span> <span class='ocrx_word' id='word_1_284' title='bbox 652 3512 946 3584; x_wconf 89' lang='lat' dir='ltr'><strong>siquidem</strong></span> <span class='ocrx_word' id='word_1_285' title='bbox 961 3515 1301 3586; x_wconf 85' lang='lat' dir='ltr'><strong>estresipsa</strong></span> <span class='ocrx_word' id='word_1_286' title='bbox 1315 3515 1500 3572; x_wconf 90' lang='lat' dir='ltr'><strong>multo</strong></span> <span class='ocrx_word' id='word_1_287' title='bbox 1513 3532 1696 3588; x_wconf 90' lang='lat' dir='ltr'><strong>quam</strong></span> <span class='ocrx_word' id='word_1_288' title='bbox 1712 3515 1903 3572; x_wconf 87' lang='lat' dir='ltr'><strong>oratio</strong></span> <span class='ocrx_word' id='word_1_289' title='bbox 1935 3530 2054 3571; x_wconf 92' lang='lat' dir='ltr'><strong>cer-</strong></span> 
     </span>
    </p>
   </div>
   <div class='ocr_carea' id='block_1_42' title="bbox 403 3601 2049 3677">
    <p class='ocr_par' dir='ltr' id='par_1_42' title="bbox 403 3601 2049 3677">
     <span class='ocr_line' id='line_1_43' title="bbox 403 3601 2049 3677; baseline 0.001 -21"><span class='ocrx_word' id='word_1_290' title='bbox 403 3601 538 3666; x_wconf 86' lang='lat' dir='ltr'><strong>tior,</strong></span> <span class='ocrx_word' id='word_1_291' title='bbox 568 3601 1041 3674; x_wconf 88' lang='lat' dir='ltr'><strong>locupletiorque</strong></span> <span class='ocrx_word' id='word_1_292' title='bbox 1075 3603 1238 3659; x_wconf 87' lang='lat' dir='ltr'><strong>testis</strong></span> <span class='ocrx_word' id='word_1_293' title='bbox 1280 3605 1441 3658; x_wconf 91' lang='lat' dir='ltr'><strong>visus</strong></span> <span class='ocrx_word' id='word_1_294' title='bbox 1466 3610 1760 3677; x_wconf 91' lang='lat' dir='ltr'><strong>estquam</strong></span> <span class='ocrx_word' id='word_1_295' title='bbox 1791 3605 2049 3661; x_wconf 89' lang='lat' dir='ltr'><strong>auditus.</strong></span> 
     </span>
    </p>
   </div>
   <div class='ocr_carea' id='block_1_43' title="bbox 480 3690 2054 3759">
    <p class='ocr_par' dir='ltr' id='par_1_43' title="bbox 480 3690 2054 3759">
     <span class='ocr_line' id='line_1_44' title="bbox 480 3690 2054 3759; baseline 0.004 -15"><span class='ocrx_word' id='word_1_296' title='bbox 480 3690 794 3755; x_wconf 86' lang='lat' dir='ltr'><strong>Quomodo</strong></span> <span class='ocrx_word' id='word_1_297' title='bbox 807 3707 842 3746; x_wconf 92' lang='lat' dir='ltr'><strong>a</strong></span> <span class='ocrx_word' id='word_1_298' title='bbox 856 3695 1202 3748; x_wconf 88' lang='lat' dir='ltr'><strong>sanctorum</strong></span> <span class='ocrx_word' id='word_1_299' title='bbox 1217 3692 1464 3748; x_wconf 89' lang='lat' dir='ltr'><strong>vocibus</strong></span> <span class='ocrx_word' id='word_1_300' title='bbox 1476 3694 1504 3750; x_wconf 81' lang='lat'><strong>?</strong></span> <span class='ocrx_word' id='word_1_301' title='bbox 1523 3695 1817 3759; x_wconf 87' lang='lat' dir='ltr'><strong>Quoniam</strong></span> <span class='ocrx_word' id='word_1_302' title='bbox 1833 3693 2054 3750; x_wconf 90' lang='lat' dir='ltr'><strong>alicubi</strong></span> 
     </span>
    </p>
   </div>
   <div class='ocr_carea' id='block_1_44' title="bbox 409 3780 2056 3852">
    <p class='ocr_par' dir='ltr' id='par_1_44' title="bbox 409 3780 2056 3852">
     <span class='ocr_line' id='line_1_45' title="bbox 409 3780 2056 3852; baseline 0.003 -19"><span class='ocrx_word' id='word_1_303' title='bbox 409 3793 554 3834; x_wconf 87' lang='lat' dir='ltr'><strong>sane</strong></span> <span class='ocrx_word' id='word_1_304' title='bbox 583 3780 941 3851; x_wconf 76' lang='lat' dir='ltr'><strong>coryphaeus</strong></span> <span class='ocrx_word' id='word_1_305' title='bbox 972 3780 1382 3852; x_wconf 86' lang='lat' dir='ltr'><strong>apostolorum</strong></span> <span class='ocrx_word' id='word_1_306' title='bbox 1417 3784 1622 3838; x_wconf 86' lang='lat' dir='ltr'><strong>Petrus</strong></span> <span class='ocrx_word' id='word_1_307' title='bbox 1657 3782 1772 3839; x_wconf 88' lang='lat' dir='ltr'><strong>ait:</strong></span> <span class='ocrx_word' id='word_1_308' title='bbox 1808 3803 1832 3834; x_wconf 75' lang='grc' dir='ltr'><em>α</em></span> <span class='ocrx_word' id='word_1_309' title='bbox 1852 3782 2056 3838; x_wconf 79' lang='lat' dir='ltr'><strong>Profer</strong></span> 
     </span>
    </p>
   </div>
   <div class='ocr_carea' id='block_1_45' title="bbox 401 3867 2054 3937">
    <p class='ocr_par' dir='ltr' id='par_1_45' title="bbox 401 3867 2054 3937">
     <span class='ocr_line' id='line_1_46' title="bbox 401 3867 2054 3937; baseline 0.004 -15"><span class='ocrx_word' id='word_1_310' title='bbox 401 3867 734 3937; x_wconf 79' lang='lat' dir='ltr'><strong>imaginem</strong></span> <span class='ocrx_word' id='word_1_311' title='bbox 777 3869 1008 3925; x_wconf 88' lang='lat' dir='ltr'><strong>Domini</strong></span> <span class='ocrx_word' id='word_1_312' title='bbox 1039 3871 1223 3926; x_wconf 87' lang='lat' dir='ltr'><strong>nostri</strong></span> <span class='ocrx_word' id='word_1_313' title='bbox 1248 3871 1386 3926; x_wconf 88' lang='lat' dir='ltr'><strong>Jesu</strong></span> <span class='ocrx_word' id='word_1_314' title='bbox 1439 3871 1667 3934; x_wconf 90' lang='lat' dir='ltr'><strong>Christi,</strong></span> <span class='ocrx_word' id='word_1_315' title='bbox 1697 3877 1753 3927; x_wconf 89' lang='lat' dir='ltr'><strong>et</strong></span> <span class='ocrx_word' id='word_1_316' title='bbox 1776 3872 2054 3928; x_wconf 82' lang='lat' dir='ltr'><strong>eamdem</strong></span> 
     </span>
    </p>
   </div>
   <div class='ocr_carea' id='block_1_46' title="bbox 411 3956 2054 4033">
    <p class='ocr_par' dir='ltr' id='par_1_46' title="bbox 411 3956 2054 4033">
     <span class='ocr_line' id='line_1_47' title="bbox 411 3956 2054 4033; baseline 0.003 -21"><span class='ocrx_word' id='word_1_317' title='bbox 411 3956 687 4029; x_wconf 88' lang='lat' dir='ltr'><strong>insculpe</strong></span> <span class='ocrx_word' id='word_1_318' title='bbox 717 3957 776 4013; x_wconf 93' lang='lat' dir='ltr'><strong>in</strong></span> <span class='ocrx_word' id='word_1_319' title='bbox 804 3958 1084 4015; x_wconf 88' lang='lat' dir='ltr'><strong>turricula</strong></span> <span class='ocrx_word' id='word_1_320' title='bbox 1114 3975 1127 4012; x_wconf 93' lang='lat'>:</span> <span class='ocrx_word' id='word_1_321' title='bbox 1162 3965 1223 4014; x_wconf 92' lang='lat' dir='ltr'><strong>ut</strong></span> <span class='ocrx_word' id='word_1_322' title='bbox 1252 3959 1587 4030; x_wconf 89' lang='lat' dir='ltr'><strong>intelligant</strong></span> <span class='ocrx_word' id='word_1_323' title='bbox 1634 3961 1838 4032; x_wconf 92' lang='lat' dir='ltr'><strong>populi</strong></span> <span class='ocrx_word' id='word_1_324' title='bbox 1867 3977 2054 4033; x_wconf 90' lang='lat' dir='ltr'><strong>quam</strong></span> 
     </span>
    </p>
   </div>
   <div class='ocr_carea' id='block_1_47' title="bbox 410 4047 2053 4120">
    <p class='ocr_par' dir='ltr' id='par_1_47' title="bbox 410 4047 2053 4120">
     <span class='ocr_line' id='line_1_48' title="bbox 410 4047 2053 4120; baseline 0.002 -16"><span class='ocrx_word' id='word_1_325' title='bbox 410 4047 512 4104; x_wconf 92' lang='lat' dir='ltr'><strong>Dei</strong></span> <span class='ocrx_word' id='word_1_326' title='bbox 538 4047 714 4104; x_wconf 84' lang='lat' dir='ltr'><strong>Filius</strong></span> <span class='ocrx_word' id='word_1_327' title='bbox 750 4049 1005 4104; x_wconf 83' lang='lat' dir='ltr'><strong>formam</strong></span> <span class='ocrx_word' id='word_1_328' title='bbox 1055 4050 1514 4120; x_wconf 72' lang='lat' dir='ltr'><strong>assumpserit‘.</strong></span> <span class='ocrx_word' id='word_1_329' title='bbox 1547 4071 1575 4100; x_wconf 86' lang='lat'><em>»</em></span> <span class='ocrx_word' id='word_1_330' title='bbox 1632 4050 1862 4107; x_wconf 84' lang='lat' dir='ltr'><strong>Alicubi</strong></span> <span class='ocrx_word' id='word_1_331' title='bbox 1913 4067 2053 4107; x_wconf 87' lang='lat' dir='ltr'><strong>vero</strong></span> 
     </span>
    </p>
   </div>
   <div class='ocr_carea' id='block_1_48' title="bbox 409 4137 2056 4210">
    <p class='ocr_par' dir='ltr' id='par_1_48' title="bbox 409 4137 2056 4210">
     <span class='ocr_line' id='line_1_49' title="bbox 409 4137 2056 4210; baseline 0.002 -18"><span class='ocrx_word' id='word_1_332' title='bbox 409 4152 668 4206; x_wconf 91' lang='lat' dir='ltr'><strong>magnus</strong></span> <span class='ocrx_word' id='word_1_333' title='bbox 703 4137 948 4193; x_wconf 90' lang='lat' dir='ltr'><strong>Basilius</strong></span> <span class='ocrx_word' id='word_1_334' title='bbox 978 4137 1159 4195; x_wconf 88' lang='lat' dir='ltr'><strong>dicit:</strong></span> <span class='ocrx_word' id='word_1_335' title='bbox 1195 4160 1215 4188; x_wconf 76' lang='grc' dir='ltr'><strong>ι</strong></span> <span class='ocrx_word' id='word_1_336' title='bbox 1243 4138 1606 4210; x_wconf 89' lang='lat' dir='ltr'><strong>Depingatur</strong></span> <span class='ocrx_word' id='word_1_337' title='bbox 1660 4139 1721 4194; x_wconf 90' lang='lat' dir='ltr'><strong>in</strong></span> <span class='ocrx_word' id='word_1_338' title='bbox 1770 4139 1974 4196; x_wconf 88' lang='lat' dir='ltr'><strong>tabula</strong></span> <span class='ocrx_word' id='word_1_339' title='bbox 1999 4146 2056 4196; x_wconf 90' lang='lat' dir='ltr'><strong>et</strong></span> 
     </span>
    </p>
   </div>
   <div class='ocr_carea' id='block_1_49' title="bbox 409 4226 2056 4297">
    <p class='ocr_par' dir='ltr' id='par_1_49' title="bbox 409 4226 2056 4297">
     <span class='ocr_line' id='line_1_50' title="bbox 409 4226 2056 4297; baseline 0.002 -16"><span class='ocrx_word' id='word_1_340' title='bbox 409 4226 807 4281; x_wconf 90' lang='lat' dir='ltr'><strong>certaminum</strong></span> <span class='ocrx_word' id='word_1_341' title='bbox 839 4242 1062 4297; x_wconf 67' lang='lat' dir='ltr'><strong>praeses</strong></span> <span class='ocrx_word' id='word_1_342' title='bbox 1090 4226 1358 4284; x_wconf 88' lang='lat' dir='ltr'><strong>Christus</strong></span> <span class='ocrx_word' id='word_1_343' title='bbox 1377 4228 1419 4279; x_wconf 77' lang='grc'><strong><em>⁵.</em></strong></span> <span class='ocrx_word' id='word_1_344' title='bbox 1451 4247 1481 4280; x_wconf 86' lang='grc'><strong>›)</strong></span> <span class='ocrx_word' id='word_1_345' title='bbox 1525 4227 1751 4292; x_wconf 90' lang='lat' dir='ltr'><strong>Quibus</strong></span> <span class='ocrx_word' id='word_1_346' title='bbox 1789 4228 2056 4285; x_wconf 89' lang='lat' dir='ltr'><strong>videlicet</strong></span> 
     </span>
    </p>
   </div>
   <div class='ocr_carea' id='block_1_50' title="bbox 403 4314 1266 4372">
    <p class='ocr_par' dir='ltr' id='par_1_50' title="bbox 403 4314 1266 4372">
     <span class='ocr_line' id='line_1_51' title="bbox 403 4314 1266 4372; baseline 0 -2"><span class='ocrx_word' id='word_1_347' title='bbox 403 4329 616 4370; x_wconf 90' lang='lat' dir='ltr'><strong>omnes</strong></span> <span class='ocrx_word' id='word_1_348' title='bbox 642 4314 833 4370; x_wconf 90' lang='lat' dir='ltr'><strong>sancti</strong></span> <span class='ocrx_word' id='word_1_349' title='bbox 863 4315 1266 4372; x_wconf 91' lang='lat' dir='ltr'><strong>consentiunt.</strong></span> 
     </span>
    </p>
   </div>
   <div class='ocr_carea' id='block_1_51' title="bbox 479 4402 2054 4475">
    <p class='ocr_par' dir='ltr' id='par_1_51' title="bbox 479 4402 2054 4475">
     <span class='ocr_line' id='line_1_52' title="bbox 479 4402 2054 4475; baseline 0.003 -17"><span class='ocrx_word' id='word_1_350' title='bbox 479 4402 795 4468; x_wconf 87' lang='lat' dir='ltr'><strong>Quomodo</strong></span> <span class='ocrx_word' id='word_1_351' title='bbox 825 4418 861 4458; x_wconf 90' lang='lat' dir='ltr'><strong>a</strong></span> <span class='ocrx_word' id='word_1_352' title='bbox 887 4404 1175 4475; x_wconf 86' lang='lat' dir='ltr'><strong>synodica</strong></span> <span class='ocrx_word' id='word_1_353' title='bbox 1240 4404 1674 4461; x_wconf 90' lang='lat' dir='ltr'><strong>acclamatione</strong></span> <span class='ocrx_word' id='word_1_354' title='bbox 1701 4406 1732 4459; x_wconf 84' lang='lat'><strong><em>?</em></strong></span> <span class='ocrx_word' id='word_1_355' title='bbox 1761 4407 2054 4472; x_wconf 89' lang='lat' dir='ltr'><strong>Quoniam</strong></span> 
     </span>
    </p>
   </div>
   <div class='ocr_carea' id='block_1_52' title="bbox 407 4494 2054 4567">
    <p class='ocr_par' dir='ltr' id='par_1_52' title="bbox 407 4494 2054 4567">
     <span class='ocr_line' id='line_1_53' title="bbox 407 4494 2054 4567; baseline 0.003 -21"><span class='ocrx_word' id='word_1_356' title='bbox 407 4507 542 4563; x_wconf 72' lang='lat' dir='ltr'><strong>quae</strong></span> <span class='ocrx_word' id='word_1_357' title='bbox 577 4497 710 4563; x_wconf 91' lang='lat' dir='ltr'><strong>post</strong></span> <span class='ocrx_word' id='word_1_358' title='bbox 750 4496 976 4547; x_wconf 82' lang='lat' dir='ltr'><strong>sextam</strong></span> <span class='ocrx_word' id='word_1_359' title='bbox 1005 4494 1438 4550; x_wconf 76' lang='lat' dir='ltr'><strong>meumenicam</strong></span> <span class='ocrx_word' id='word_1_360' title='bbox 1473 4495 1776 4567; x_wconf 85' lang='lat' dir='ltr'><strong>synodum</strong></span> <span class='ocrx_word' id='word_1_361' title='bbox 1809 4511 2054 4565; x_wconf 89' lang='lat' dir='ltr'><strong>congre-</strong></span> 
     </span>
    </p>
   </div>
   <div class='ocr_carea' id='block_1_53' title="bbox 407 4579 2053 4655">
    <p class='ocr_par' dir='ltr' id='par_1_53' title="bbox 407 4579 2053 4655">
     <span class='ocr_line' id='line_1_54' title="bbox 407 4579 2053 4655; baseline 0.003 -19"><span class='ocrx_word' id='word_1_362' title='bbox 407 4585 547 4650; x_wconf 91' lang='lat' dir='ltr'><strong>gata</strong></span> <span class='ocrx_word' id='word_1_363' title='bbox 566 4585 671 4648; x_wconf 91' lang='lat' dir='ltr'><strong>est,</strong></span> <span class='ocrx_word' id='word_1_364' title='bbox 691 4579 819 4635; x_wconf 74' lang='lat' dir='ltr'><strong>haec</strong></span> <span class='ocrx_word' id='word_1_365' title='bbox 836 4580 1019 4637; x_wconf 92' lang='lat' dir='ltr'><strong>habet</strong></span> <span class='ocrx_word' id='word_1_366' title='bbox 1043 4597 1055 4636; x_wconf 89' lang='lat'><strong>:</strong></span> <span class='ocrx_word' id='word_1_367' title='bbox 1076 4603 1104 4632; x_wconf 73' lang='grc' dir='ltr'><strong>α</strong></span> <span class='ocrx_word' id='word_1_368' title='bbox 1123 4582 1410 4638; x_wconf 86' lang='lat' dir='ltr'><strong>Jubemus</strong></span> <span class='ocrx_word' id='word_1_369' title='bbox 1430 4583 1737 4654; x_wconf 91' lang='lat' dir='ltr'><strong>deinceps,</strong></span> <span class='ocrx_word' id='word_1_370' title='bbox 1761 4584 1893 4640; x_wconf 93' lang='lat' dir='ltr'><strong>loco</strong></span> <span class='ocrx_word' id='word_1_371' title='bbox 1915 4585 2053 4655; x_wconf 92' lang='lat' dir='ltr'><strong>agni</strong></span> 
     </span>
    </p>
   </div>
   <div class='ocr_carea' id='block_1_54' title="bbox 2752 1021 3434 1084">
    <p class='ocr_par' dir='ltr' id='par_1_54' title="bbox 2752 1021 3434 1084">
     <span class='ocr_line' id='line_1_55' title="bbox 2752 1021 3434 1084; baseline 0 -14"><span class='ocrx_word' id='word_1_372' title='bbox 2752 1035 2836 1070; x_wconf 90' lang='lat' dir='ltr'><strong>em</strong></span> <span class='ocrx_word' id='word_1_373' title='bbox 2858 1035 3114 1084; x_wconf 88' lang='lat' dir='ltr'><strong>generum</strong></span> <span class='ocrx_word' id='word_1_374' title='bbox 3145 1021 3434 1071; x_wconf 83' lang='lat' dir='ltr'><strong>obtendere</strong></span> 
     </span>
    </p>
   </div>
   <div class='ocr_carea' id='block_1_55' title="bbox 3245 1106 3771 1183">
    <p class='ocr_par' dir='ltr' id='par_1_55' title="bbox 3245 1106 3771 1183">
     <span class='ocr_line' id='line_1_56' title="bbox 3245 1106 3771 1183; baseline 0.004 -21"><span class='ocrx_word' id='word_1_375' title='bbox 3245 1106 3430 1183; x_wconf 75' lang='grc' dir='ltr'><strong>ἀδελφὶ</strong></span> <span class='ocrx_word' id='word_1_376' title='bbox 3522 1118 3566 1164; x_wconf 89' lang='grc' dir='ltr'><strong>Ν</strong></span> <span class='ocrx_word' id='word_1_377' title='bbox 3573 1111 3747 1164; x_wconf 84' lang='grc' dir='ltr'><strong>ικόλαε</strong></span> <span class='ocrx_word' id='word_1_378' title='bbox 3759 1155 3771 1177; x_wconf 90' lang='grc'><strong>,</strong></span> 
     </span>
    </p>
   </div>
   <div class='ocr_carea' id='block_1_56' title="bbox 2170 1195 3767 1273">
    <p class='ocr_par' dir='ltr' id='par_1_56' title="bbox 2170 1195 3767 1273">
     <span class='ocr_line' id='line_1_57' title="bbox 2170 1195 3767 1273; baseline 0.002 -24"><span class='ocrx_word' id='word_1_379' title='bbox 2170 1195 2270 1250; x_wconf 87' lang='grc' dir='ltr'><strong>ἀπὸ</strong></span> <span class='ocrx_word' id='word_1_380' title='bbox 2325 1202 2485 1251; x_wconf 85' lang='grc' dir='ltr'><strong>ποίων</strong></span> <span class='ocrx_word' id='word_1_381' title='bbox 2530 1202 2796 1273; x_wconf 74' lang='grc' dir='ltr'><strong>τεσσάρων</strong></span> <span class='ocrx_word' id='word_1_382' title='bbox 2851 1201 3138 1253; x_wconf 77' lang='grc' dir='ltr'><strong>ὑποθέσεων</strong></span> <span class='ocrx_word' id='word_1_383' title='bbox 3188 1201 3214 1258; x_wconf 77' lang='grc' dir='ltr'><em>ἦ</em></span> <span class='ocrx_word' id='word_1_384' title='bbox 3265 1205 3385 1273; x_wconf 83' lang='grc' dir='ltr'><strong>περὶ</strong></span> <span class='ocrx_word' id='word_1_385' title='bbox 3434 1204 3530 1259; x_wconf 74' lang='grc' dir='ltr'><strong>τὴν</strong></span> <span class='ocrx_word' id='word_1_386' title='bbox 3570 1205 3767 1260; x_wconf 78' lang='grc' dir='ltr'><strong>σεπτὴν</strong></span> 
     </span>
    </p>
   </div>
   <div class='ocr_carea' id='block_1_57' title="bbox 2169 1285 3762 1362">
    <p class='ocr_par' dir='ltr' id='par_1_57' title="bbox 2169 1285 3762 1362">
     <span class='ocr_line' id='line_1_58' title="bbox 2169 1285 3762 1362; baseline 0.003 -24"><span class='ocrx_word' id='word_1_387' title='bbox 2169 1285 2338 1338; x_wconf 81' lang='grc' dir='ltr'><strong>εἰκόνα</strong></span> <span class='ocrx_word' id='word_1_388' title='bbox 2411 1294 2646 1359; x_wconf 82' lang='grc' dir='ltr'><strong>Χριστοῦ</strong></span> <span class='ocrx_word' id='word_1_389' title='bbox 2702 1287 2918 1346; x_wconf 79' lang='grc' dir='ltr'><strong>ἀλήθεια</strong></span> <span class='ocrx_word' id='word_1_390' title='bbox 2986 1290 3330 1362; x_wconf 79' lang='grc' dir='ltr'><strong>κρατύνεταιο</strong></span> <span class='ocrx_word' id='word_1_391' title='bbox 3394 1287 3580 1354; x_wconf 79' lang='grc' dir='ltr'><strong>ἰστέον,</strong></span> <span class='ocrx_word' id='word_1_392' title='bbox 3658 1288 3762 1342; x_wconf 91' lang='grc' dir='ltr'><strong>ἀπό</strong></span> 
     </span>
    </p>
   </div>
   <div class='ocr_carea' id='block_1_58' title="bbox 2168 1371 3765 1450">
    <p class='ocr_par' dir='ltr' id='par_1_58' title="bbox 2168 1371 3765 1450">
     <span class='ocr_line' id='line_1_59' title="bbox 2168 1371 3765 1450; baseline 0.002 -24"><span class='ocrx_word' id='word_1_393' title='bbox 2168 1383 2392 1446; x_wconf 78' lang='grc' dir='ltr'><strong>φυσικοῦ</strong></span> <span class='ocrx_word' id='word_1_394' title='bbox 2438 1371 2698 1447; x_wconf 79' lang='grc' dir='ltr'><strong>δόγμαςος</strong></span> <span class='ocrx_word' id='word_1_395' title='bbox 2731 1391 2745 1405; x_wconf 76' lang='grc'><strong><em>⁸</em></strong></span> <span class='ocrx_word' id='word_1_396' title='bbox 2785 1376 2886 1428; x_wconf 86' lang='grc' dir='ltr'><strong>ἀπὸ</strong></span> <span class='ocrx_word' id='word_1_397' title='bbox 2924 1375 3157 1450; x_wconf 81' lang='grc' dir='ltr'><strong>ἀρχαίας</strong></span> <span class='ocrx_word' id='word_1_398' title='bbox 3191 1379 3429 1450; x_wconf 81' lang='grc' dir='ltr'><strong>ἱστορίας</strong></span> <span class='ocrx_word' id='word_1_399' title='bbox 3462 1394 3475 1408; x_wconf 79' lang='grc'><strong><em>⁸</em></strong></span> <span class='ocrx_word' id='word_1_400' title='bbox 3517 1376 3620 1429; x_wconf 82' lang='grc' dir='ltr'><strong>ἀπὸ</strong></span> <span class='ocrx_word' id='word_1_401' title='bbox 3660 1399 3765 1449; x_wconf 81' lang='grc' dir='ltr'><strong>φω-</strong></span> 
     </span>
    </p>
   </div>
   <div class='ocr_carea' id='block_1_59' title="bbox 2166 1461 3318 1537">
    <p class='ocr_par' dir='ltr' id='par_1_59' title="bbox 2166 1461 3318 1537">
     <span class='ocr_line' id='line_1_60' title="bbox 2166 1461 3318 1537; baseline 0.002 -23"><span class='ocrx_word' id='word_1_402' title='bbox 2166 1472 2262 1514; x_wconf 88' lang='grc' dir='ltr'><strong>νῶν</strong></span> <span class='ocrx_word' id='word_1_403' title='bbox 2291 1462 2452 1534; x_wconf 79' lang='grc' dir='ltr'><strong>ἁγίων</strong></span> <span class='ocrx_word' id='word_1_404' title='bbox 2485 1481 2497 1494; x_wconf 80' lang='grc'><strong><em>⁸</em></strong></span> <span class='ocrx_word' id='word_1_405' title='bbox 2529 1468 2629 1516; x_wconf 86' lang='grc' dir='ltr'><strong>ἀπὸ</strong></span> <span class='ocrx_word' id='word_1_406' title='bbox 2663 1461 3318 1537; x_wconf 77' lang='grc' dir='ltr'><strong>συνοδικῆςὲκφωνήσεως.</strong></span> 
     </span>
    </p>
   </div>
   <div class='ocr_carea' id='block_1_60' title="bbox 2241 1551 3763 1626">
    <p class='ocr_par' dir='ltr' id='par_1_60' title="bbox 2241 1551 3763 1626">
     <span class='ocr_line' id='line_1_61' title="bbox 2241 1551 3763 1626; baseline 0.002 -22"><span class='ocrx_word' id='word_1_407' title='bbox 2241 1558 2351 1613; x_wconf 88' lang='grc' dir='ltr'><strong>Πῶς</strong></span> <span class='ocrx_word' id='word_1_408' title='bbox 2401 1551 2500 1605; x_wconf 84' lang='grc' dir='ltr'><strong>ἀπὸ</strong></span> <span class='ocrx_word' id='word_1_409' title='bbox 2573 1562 2796 1626; x_wconf 78' lang='grc' dir='ltr'><strong>φυσικοῦ</strong></span> <span class='ocrx_word' id='word_1_410' title='bbox 2873 1551 3180 1626; x_wconf 86' lang='grc' dir='ltr'><strong>δόγματος;</strong></span> <span class='ocrx_word' id='word_1_411' title='bbox 3227 1553 3346 1607; x_wconf 77' lang='grc' dir='ltr'><strong>Ὀτι</strong></span> <span class='ocrx_word' id='word_1_412' title='bbox 3405 1555 3536 1613; x_wconf 75' lang='grc' dir='ltr'><strong>αὕτη</strong></span> <span class='ocrx_word' id='word_1_413' title='bbox 3613 1557 3763 1626; x_wconf 78' lang='grc' dir='ltr'><strong>φύσις</strong></span> 
     </span>
    </p>
   </div>
   <div class='ocr_carea' id='block_1_61' title="bbox 2171 1641 3766 1717">
    <p class='ocr_par' dir='ltr' id='par_1_61' title="bbox 2171 1641 3766 1717">
     <span class='ocr_line' id='line_1_62' title="bbox 2171 1641 3766 1717; baseline 0.003 -25"><span class='ocrx_word' id='word_1_414' title='bbox 2171 1646 2411 1712; x_wconf 84' lang='grc' dir='ltr'><strong>σώματος</strong></span> <span class='ocrx_word' id='word_1_415' title='bbox 2460 1642 2558 1715; x_wconf 75' lang='grc' dir='ltr'><strong>ἀφῇ</strong></span> <span class='ocrx_word' id='word_1_416' title='bbox 2613 1648 2702 1696; x_wconf 80' lang='grc' dir='ltr'><strong>καὶ</strong></span> <span class='ocrx_word' id='word_1_417' title='bbox 2739 1650 2906 1716; x_wconf 80' lang='grc' dir='ltr'><strong>χροιᾷ</strong></span> <span class='ocrx_word' id='word_1_418' title='bbox 2956 1645 3269 1696; x_wconf 74' lang='grc' dir='ltr'><strong>ὑποπίπτει⁹</strong></span> <span class='ocrx_word' id='word_1_419' title='bbox 3302 1647 3360 1696; x_wconf 87' lang='grc' dir='ltr'><strong>τὸ</strong></span> <span class='ocrx_word' id='word_1_420' title='bbox 3411 1641 3464 1696; x_wconf 84' lang='grc' dir='ltr'><strong>δ’</strong></span> <span class='ocrx_word' id='word_1_421' title='bbox 3509 1644 3612 1717; x_wconf 71' lang='grc' dir='ltr'><strong>ἁφῇ</strong></span> <span class='ocrx_word' id='word_1_422' title='bbox 3675 1651 3766 1698; x_wconf 80' lang='grc' dir='ltr'><strong>καὶ</strong></span> 
     </span>
    </p>
   </div>
   <div class='ocr_carea' id='block_1_62' title="bbox 2239 1106 3156 1182">
    <p class='ocr_par' dir='ltr' id='par_1_62' title="bbox 2239 1106 3156 1182">
     <span class='ocr_line' id='line_1_63' title="bbox 2239 1106 3156 1182; baseline 0 -22"><span class='ocrx_word' id='word_1_423' title='bbox 2239 1106 2455 1167; x_wconf 77' lang='grc' dir='ltr'><strong>Ἐπειδή</strong></span> <span class='ocrx_word' id='word_1_424' title='bbox 2537 1110 2890 1182; x_wconf 84' lang='grc' dir='ltr'><strong>φιλοπευστεῖς</strong></span> <span class='ocrx_word' id='word_1_425' title='bbox 2955 1113 3156 1182; x_wconf 74' lang='grc' dir='ltr'><strong>μαθεῖν,</strong></span> 
     </span>
    </p>
   </div>
   <div class='ocr_carea' id='block_1_63' title="bbox 2169 1733 3767 1807">
    <p class='ocr_par' dir='ltr' id='par_1_63' title="bbox 2169 1733 3767 1807">
     <span class='ocr_line' id='line_1_64' title="bbox 2169 1733 3767 1807; baseline 0.003 -25"><span class='ocrx_word' id='word_1_426' title='bbox 2169 1737 2332 1802; x_wconf 79' lang='grc' dir='ltr'><strong>χροιᾷ</strong></span> <span class='ocrx_word' id='word_1_427' title='bbox 2382 1733 2693 1797; x_wconf 81' lang='grc' dir='ltr'><strong>ὑποπίπτον,</strong></span> <span class='ocrx_word' id='word_1_428' title='bbox 2775 1739 3124 1807; x_wconf 84' lang='grc' dir='ltr'><strong>περιγραπτόν</strong></span> <span class='ocrx_word' id='word_1_429' title='bbox 3153 1750 3165 1762; x_wconf 82' lang='lat'><strong>&#39;</strong></span> <span class='ocrx_word' id='word_1_430' title='bbox 3213 1737 3375 1804; x_wconf 75' lang='grc' dir='ltr'><strong>ἤγουν</strong></span> <span class='ocrx_word' id='word_1_431' title='bbox 3456 1733 3767 1796; x_wconf 79' lang='grc' dir='ltr'><strong>έξεικονιζό-</strong></span> 
     </span>
    </p>
   </div>
   <div class='ocr_carea' id='block_1_64' title="bbox 2169 1817 3763 1898">
    <p class='ocr_par' dir='ltr' id='par_1_64' title="bbox 2169 1817 3763 1898">
     <span class='ocr_line' id='line_1_65' title="bbox 2169 1817 3763 1898; baseline 0.004 -28"><span class='ocrx_word' id='word_1_432' title='bbox 2169 1838 2341 1890; x_wconf 84' lang='grc' dir='ltr'><strong>μενον.</strong></span> <span class='ocrx_word' id='word_1_433' title='bbox 2389 1827 2630 1873; x_wconf 88' lang='grc' dir='ltr'><strong>Τοιοῦτον</strong></span> <span class='ocrx_word' id='word_1_434' title='bbox 2689 1817 2748 1874; x_wconf 66' lang='grc' dir='ltr'><strong>δὲ</strong></span> <span class='ocrx_word' id='word_1_435' title='bbox 2784 1824 2839 1874; x_wconf 93' lang='grc' dir='ltr'><strong>τό</strong></span> <span class='ocrx_word' id='word_1_436' title='bbox 2891 1831 3042 1893; x_wconf 86' lang='grc' dir='ltr'><strong>σῶμα</strong></span> <span class='ocrx_word' id='word_1_437' title='bbox 3085 1830 3176 1874; x_wconf 91' lang='grc' dir='ltr'><strong>τοῦ</strong></span> <span class='ocrx_word' id='word_1_438' title='bbox 3220 1830 3477 1897; x_wconf 81' lang='grc' dir='ltr'><strong>Χριστοῦ,</strong></span> <span class='ocrx_word' id='word_1_439' title='bbox 3527 1825 3763 1898; x_wconf 86' lang='grc' dir='ltr'><strong>καθάπερ</strong></span> 
     </span>
    </p>
   </div>
   <div class='ocr_carea' id='block_1_65' title="bbox 2169 1910 3767 1984">
    <p class='ocr_par' dir='ltr' id='par_1_65' title="bbox 2169 1910 3767 1984">
     <span class='ocr_line' id='line_1_66' title="bbox 2169 1910 3767 1984; baseline 0.003 -25"><span class='ocrx_word' id='word_1_440' title='bbox 2169 1912 2260 1960; x_wconf 82' lang='grc' dir='ltr'><strong>καὶ</strong></span> <span class='ocrx_word' id='word_1_441' title='bbox 2309 1911 2368 1960; x_wconf 85' lang='grc' dir='ltr'><strong>τὸ</strong></span> <span class='ocrx_word' id='word_1_442' title='bbox 2417 1910 2684 1984; x_wconf 75' lang='grc' dir='ltr'><strong>ἡμέτερον,</strong></span> <span class='ocrx_word' id='word_1_443' title='bbox 2712 1912 2873 1969; x_wconf 84' lang='grc' dir='ltr'><strong>ἡπτον</strong></span> <span class='ocrx_word' id='word_1_444' title='bbox 2903 1915 2989 1963; x_wconf 82' lang='grc' dir='ltr'><strong>καὶ</strong></span> <span class='ocrx_word' id='word_1_445' title='bbox 3020 1912 3327 1983; x_wconf 85' lang='grc' dir='ltr'><strong>ὑπόχροιον.</strong></span> <span class='ocrx_word' id='word_1_446' title='bbox 3383 1916 3482 1964; x_wconf 76' lang='grc' dir='ltr'><strong>Καὶ</strong></span> <span class='ocrx_word' id='word_1_447' title='bbox 3510 1916 3767 1983; x_wconf 82' lang='grc' dir='ltr'><strong>γοῦνγέγ-</strong></span> 
     </span>
    </p>
   </div>
   <div class='ocr_carea' id='block_1_66' title="bbox 2169 1997 3762 2069">
    <p class='ocr_par' dir='ltr' id='par_1_66' title="bbox 2169 1997 3762 2069">
     <span class='ocr_line' id='line_1_67' title="bbox 2169 1997 3762 2069; baseline 0.003 -21"><span class='ocrx_word' id='word_1_448' title='bbox 2169 2015 2405 2069; x_wconf 86' lang='grc' dir='ltr'><strong>ραπται·</strong></span> <span class='ocrx_word' id='word_1_449' title='bbox 2454 2003 2570 2051; x_wconf 83' lang='grc' dir='ltr'><strong>Καὶ</strong></span> <span class='ocrx_word' id='word_1_450' title='bbox 2610 1999 2754 2051; x_wconf 82' lang='grc' dir='ltr'><strong>ὅσοι</strong></span> <span class='ocrx_word' id='word_1_451' title='bbox 2791 1997 2861 2050; x_wconf 82' lang='grc' dir='ltr'><strong>ἃν</strong></span> <span class='ocrx_word' id='word_1_452' title='bbox 2901 2001 3376 2066; x_wconf 78' lang='grc' dir='ltr'><strong>ἧπτοντοαῦτοῦ,</strong></span> <span class='ocrx_word' id='word_1_453' title='bbox 3422 1999 3762 2060; x_wconf 77' lang='grc' dir='ltr'><strong>ἐσώζοντο.</strong></span> 
     </span>
    </p>
   </div>
   <div class='ocr_carea' id='block_1_67' title="bbox 2173 2085 3764 2162">
    <p class='ocr_par' dir='ltr' id='par_1_67' title="bbox 2173 2085 3764 2162">
     <span class='ocr_line' id='line_1_68' title="bbox 2173 2085 3764 2162; baseline 0.001 -25"><span class='ocrx_word' id='word_1_454' title='bbox 2173 2089 2275 2137; x_wconf 79' lang='grc' dir='ltr'><strong>Καὶ</strong></span> <span class='ocrx_word' id='word_1_455' title='bbox 2319 2085 2556 2156; x_wconf 79' lang='grc' dir='ltr'><strong>ἑτέρωθι·</strong></span> <span class='ocrx_word' id='word_1_456' title='bbox 2587 2091 2704 2139; x_wconf 80' lang='grc' dir='ltr'><strong>Καὶ</strong></span> <span class='ocrx_word' id='word_1_457' title='bbox 2741 2090 3006 2158; x_wconf 82' lang='grc' dir='ltr'><strong>εγένετο</strong></span> <span class='ocrx_word' id='word_1_458' title='bbox 3043 2092 3108 2140; x_wconf 86' lang='grc' dir='ltr'><strong>τὸ</strong></span> <span class='ocrx_word' id='word_1_459' title='bbox 3144 2085 3318 2148; x_wconf 85' lang='grc' dir='ltr'><strong>εἶδος</strong></span> <span class='ocrx_word' id='word_1_460' title='bbox 3365 2096 3474 2140; x_wconf 92' lang='grc' dir='ltr'><strong>τοῦ</strong></span> <span class='ocrx_word' id='word_1_461' title='bbox 3523 2094 3764 2162; x_wconf 86' lang='grc' dir='ltr'><strong>προσώ-</strong></span> 
     </span>
    </p>
   </div>
   <div class='ocr_carea' id='block_1_68' title="bbox 2169 2175 3761 2251">
    <p class='ocr_par' dir='ltr' id='par_1_68' title="bbox 2169 2175 3761 2251">
     <span class='ocr_line' id='line_1_69' title="bbox 2169 2175 3761 2251; baseline 0.003 -26"><span class='ocrx_word' id='word_1_462' title='bbox 2169 2175 2489 2227; x_wconf 82' lang='grc' dir='ltr'><strong>πουαύτοῦ</strong></span> <span class='ocrx_word' id='word_1_463' title='bbox 2542 2177 2780 2250; x_wconf 81' lang='grc' dir='ltr'><strong>ἕτερον.</strong></span> <span class='ocrx_word' id='word_1_464' title='bbox 2853 2177 3054 2229; x_wconf 81' lang='grc' dir='ltr'><strong>Οὐκοῦν</strong></span> <span class='ocrx_word' id='word_1_465' title='bbox 3099 2176 3411 2251; x_wconf 75' lang='grc' dir='ltr'><strong>ἐγγράφεται</strong></span> <span class='ocrx_word' id='word_1_466' title='bbox 3481 2180 3619 2230; x_wconf 82' lang='grc' dir='ltr'><strong>αατὰ</strong></span> <span class='ocrx_word' id='word_1_467' title='bbox 3673 2180 3761 2230; x_wconf 83' lang='grc' dir='ltr'><strong>τὸν</strong></span> 
     </span>
    </p>
   </div>
   <div class='ocr_carea' id='block_1_69' title="bbox 2168 2263 3761 2340">
    <p class='ocr_par' dir='ltr' id='par_1_69' title="bbox 2168 2263 3761 2340">
     <span class='ocr_line' id='line_1_70' title="bbox 2168 2263 3761 2340; baseline 0.002 -24"><span class='ocrx_word' id='word_1_468' title='bbox 2168 2270 2263 2316; x_wconf 88' lang='grc' dir='ltr'><strong>τοῦ</strong></span> <span class='ocrx_word' id='word_1_469' title='bbox 2301 2269 2534 2335; x_wconf 84' lang='grc' dir='ltr'><strong>σώματος</strong></span> <span class='ocrx_word' id='word_1_470' title='bbox 2561 2274 2884 2340; x_wconf 76' lang='grc' dir='ltr'><strong>χαρακτῆρα</strong></span> <span class='ocrx_word' id='word_1_471' title='bbox 2916 2281 2930 2296; x_wconf 86' lang='grc'>⁶</span> <span class='ocrx_word' id='word_1_472' title='bbox 2962 2263 3128 2338; x_wconf 73' lang='grc' dir='ltr'><strong>μηδὲν</strong></span> <span class='ocrx_word' id='word_1_473' title='bbox 3159 2269 3424 2329; x_wconf 85' lang='grc' dir='ltr'><strong>πεπονθὼς</strong></span> <span class='ocrx_word' id='word_1_474' title='bbox 3449 2267 3522 2327; x_wconf 87' lang='grc' dir='ltr'><strong>εἰς</strong></span> <span class='ocrx_word' id='word_1_475' title='bbox 3549 2271 3606 2318; x_wconf 86' lang='grc' dir='ltr'><strong>τὸ</strong></span> <span class='ocrx_word' id='word_1_476' title='bbox 3641 2267 3761 2319; x_wconf 84' lang='grc' dir='ltr'><strong>ἀπε-</strong></span> 
     </span>
    </p>
   </div>
   <div class='ocr_carea' id='block_1_70' title="bbox 2168 2351 3762 2428">
    <p class='ocr_par' dir='ltr' id='par_1_70' title="bbox 2168 2351 3762 2428">
     <span class='ocr_line' id='line_1_71' title="bbox 2168 2351 3762 2428; baseline 0.002 -25"><span class='ocrx_word' id='word_1_477' title='bbox 2168 2357 2456 2426; x_wconf 86' lang='grc' dir='ltr'><strong>ρίγραπτον</strong></span> <span class='ocrx_word' id='word_1_478' title='bbox 2503 2353 2664 2406; x_wconf 80' lang='grc' dir='ltr'><strong>αὐτοῦ</strong></span> <span class='ocrx_word' id='word_1_479' title='bbox 2715 2366 2806 2415; x_wconf 88' lang='grc' dir='ltr'><strong>τῆς</strong></span> <span class='ocrx_word' id='word_1_480' title='bbox 2861 2358 3138 2416; x_wconf 90' lang='grc' dir='ltr'><strong>θεότητος·</strong></span> <span class='ocrx_word' id='word_1_481' title='bbox 3173 2357 3250 2408; x_wconf 87' lang='grc' dir='ltr'><strong>ὅτι</strong></span> <span class='ocrx_word' id='word_1_482' title='bbox 3303 2351 3444 2428; x_wconf 75' lang='grc' dir='ltr'><strong>μηδί</strong></span> <span class='ocrx_word' id='word_1_483' title='bbox 3488 2359 3586 2426; x_wconf 74' lang='grc' dir='ltr'><strong>ἐγὼ</strong></span> <span class='ocrx_word' id='word_1_484' title='bbox 3654 2362 3762 2407; x_wconf 83' lang='grc' dir='ltr'><strong>σῶ-</strong></span> 
     </span>
    </p>
   </div>
   <div class='ocr_carea' id='block_1_71' title="bbox 2168 2443 3759 2516">
    <p class='ocr_par' dir='ltr' id='par_1_71' title="bbox 2168 2443 3759 2516">
     <span class='ocr_line' id='line_1_72' title="bbox 2168 2443 3759 2516; baseline 0.003 -24"><span class='ocrx_word' id='word_1_485' title='bbox 2168 2460 2296 2512; x_wconf 85' lang='grc' dir='ltr'><strong>ματι</strong></span> <span class='ocrx_word' id='word_1_486' title='bbox 2357 2447 2816 2516; x_wconf 84' lang='grc' dir='ltr'><strong>περιγραφόμενος,</strong></span> <span class='ocrx_word' id='word_1_487' title='bbox 2873 2443 2926 2506; x_wconf 73' lang='grc' dir='ltr'><em>ἐξ</em></span> <span class='ocrx_word' id='word_1_488' title='bbox 3003 2447 3230 2515; x_wconf 76' lang='grc' dir='ltr'><strong>ἀνάγκης</strong></span> <span class='ocrx_word' id='word_1_489' title='bbox 3313 2450 3403 2497; x_wconf 84' lang='grc' dir='ltr'><strong>καὶ</strong></span> <span class='ocrx_word' id='word_1_490' title='bbox 3458 2446 3594 2496; x_wconf 84' lang='grc' dir='ltr'><strong>κοιτά</strong></span> <span class='ocrx_word' id='word_1_491' title='bbox 3663 2449 3759 2502; x_wconf 76' lang='grc' dir='ltr'><strong>τὴν</strong></span> 
     </span>
    </p>
   </div>
   <div class='ocr_carea' id='block_1_72' title="bbox 2166 2527 3756 2606">
    <p class='ocr_par' dir='ltr' id='par_1_72' title="bbox 2166 2527 3756 2606">
     <span class='ocr_line' id='line_1_73' title="bbox 2166 2527 3756 2606; baseline 0.003 -25"><span class='ocrx_word' id='word_1_492' title='bbox 2166 2527 2380 2582; x_wconf 89' lang='grc' dir='ltr'><strong>ἀθέατον</strong></span> <span class='ocrx_word' id='word_1_493' title='bbox 2437 2529 2622 2602; x_wconf 72' lang='grc' dir='ltr'><strong>ψυχὴν</strong></span> <span class='ocrx_word' id='word_1_494' title='bbox 2698 2537 3230 2606; x_wconf 87' lang='grc' dir='ltr'><strong>συμπεριγέγραμμαι</strong></span> <span class='ocrx_word' id='word_1_495' title='bbox 3261 2549 3278 2566; x_wconf 77' lang='grc'><strong><em>⁸</em></strong></span> <span class='ocrx_word' id='word_1_496' title='bbox 3353 2529 3495 2603; x_wconf 69' lang='grc' dir='ltr'><strong>οὐδὲ,</strong></span> <span class='ocrx_word' id='word_1_497' title='bbox 3573 2529 3756 2592; x_wconf 72' lang='grc' dir='ltr'><strong>ἔπειδή</strong></span> 
     </span>
    </p>
   </div>
   <div class='ocr_carea' id='block_1_73' title="bbox 2163 2619 3754 2695">
    <p class='ocr_par' dir='ltr' id='par_1_73' title="bbox 2163 2619 3754 2695">
     <span class='ocr_line' id='line_1_74' title="bbox 2163 2619 3754 2695; baseline 0.003 -25"><span class='ocrx_word' id='word_1_498' title='bbox 2163 2621 2220 2670; x_wconf 87' lang='grc' dir='ltr'><strong>τὸ</strong></span> <span class='ocrx_word' id='word_1_499' title='bbox 2293 2622 2384 2687; x_wconf 79' lang='grc' dir='ltr'><strong>μὲν</strong></span> <span class='ocrx_word' id='word_1_500' title='bbox 2459 2622 2612 2692; x_wconf 86' lang='grc' dir='ltr'><strong>σῶμά</strong></span> <span class='ocrx_word' id='word_1_501' title='bbox 2698 2640 2799 2692; x_wconf 91' lang='grc' dir='ltr'><strong>μου</strong></span> <span class='ocrx_word' id='word_1_502' title='bbox 2891 2625 3257 2695; x_wconf 87' lang='grc' dir='ltr'><strong>περιγραπτόν,</strong></span> <span class='ocrx_word' id='word_1_503' title='bbox 3337 2625 3366 2681; x_wconf 79' lang='grc' dir='ltr'>ἡ</span> <span class='ocrx_word' id='word_1_504' title='bbox 3446 2619 3505 2674; x_wconf 68' lang='grc' dir='ltr'><strong>δὲ</strong></span> <span class='ocrx_word' id='word_1_505' title='bbox 3598 2621 3754 2694; x_wconf 73' lang='grc' dir='ltr'><strong>ψυχὴ</strong></span> 
     </span>
    </p>
   </div>
   <div class='ocr_carea' id='block_1_74' title="bbox 2165 2705 3758 2782">
    <p class='ocr_par' dir='ltr' id='par_1_74' title="bbox 2165 2705 3758 2782">
     <span class='ocr_line' id='line_1_75' title="bbox 2165 2705 3758 2782; baseline 0.001 -23"><span class='ocrx_word' id='word_1_506' title='bbox 2165 2705 2550 2782; x_wconf 86' lang='grc' dir='ltr'><strong>ἀπερίγραπτος</strong></span> <span class='ocrx_word' id='word_1_507' title='bbox 2587 2725 2599 2739; x_wconf 85' lang='lat'>&#39;</span> <span class='ocrx_word' id='word_1_508' title='bbox 2640 2711 2667 2761; x_wconf 83' lang='lat'><strong><em>6</em></strong></span> <span class='ocrx_word' id='word_1_509' title='bbox 2714 2711 2785 2772; x_wconf 83' lang='grc' dir='ltr'><strong>εἷς</strong></span> <span class='ocrx_word' id='word_1_510' title='bbox 2832 2714 2906 2772; x_wconf 85' lang='grc' dir='ltr'><strong>είς</strong></span> <span class='ocrx_word' id='word_1_511' title='bbox 2945 2707 3041 2762; x_wconf 78' lang='grc' dir='ltr'><strong>δύο</strong></span> <span class='ocrx_word' id='word_1_512' title='bbox 3085 2713 3352 2772; x_wconf 81' lang='grc' dir='ltr'><strong>τέτμηται.</strong></span> <span class='ocrx_word' id='word_1_513' title='bbox 3408 2711 3559 2764; x_wconf 82' lang='grc' dir='ltr'><strong>Οὕτω</strong></span> <span class='ocrx_word' id='word_1_514' title='bbox 3591 2711 3758 2780; x_wconf 74' lang='grc' dir='ltr'><strong>πολλῷ</strong></span> 
     </span>
    </p>
   </div>
   <div class='ocr_carea' id='block_1_75' title="bbox 2164 2794 3760 2872">
    <p class='ocr_par' dir='ltr' id='par_1_75' title="bbox 2164 2794 3760 2872">
     <span class='ocr_line' id='line_1_76' title="bbox 2164 2794 3760 2872; baseline 0.002 -24"><span class='ocrx_word' id='word_1_515' title='bbox 2164 2797 2354 2868; x_wconf 88' lang='grc' dir='ltr'><strong>μᾶλλον</strong></span> <span class='ocrx_word' id='word_1_516' title='bbox 2383 2794 2509 2850; x_wconf 72' lang='grc' dir='ltr'><strong>οὐδὲ</strong></span> <span class='ocrx_word' id='word_1_517' title='bbox 2547 2801 2780 2871; x_wconf 84' lang='grc' dir='ltr'><strong>Χριστὸς</strong></span> <span class='ocrx_word' id='word_1_518' title='bbox 2799 2804 2964 2872; x_wconf 83' lang='grc' dir='ltr'><strong>τομὴν</strong></span> <span class='ocrx_word' id='word_1_519' title='bbox 2993 2800 3023 2857; x_wconf 74' lang='grc' dir='ltr'>ἡ</span> <span class='ocrx_word' id='word_1_520' title='bbox 3059 2796 3320 2872; x_wconf 77' lang='grc' dir='ltr'><strong>διαίρεσιν</strong></span> <span class='ocrx_word' id='word_1_521' title='bbox 3351 2801 3637 2872; x_wconf 76' lang='grc' dir='ltr'><strong>ὑφίσταται</strong></span> <span class='ocrx_word' id='word_1_522' title='bbox 3664 2796 3760 2852; x_wconf 75' lang='grc' dir='ltr'><strong>διὰ</strong></span> 
     </span>
    </p>
   </div>
   <div class='ocr_carea' id='block_1_76' title="bbox 2163 2883 3509 2962">
    <p class='ocr_par' dir='ltr' id='par_1_76' title="bbox 2163 2883 3509 2962">
     <span class='ocr_line' id='line_1_77' title="bbox 2163 2883 3509 2962; baseline 0.003 -24"><span class='ocrx_word' id='word_1_523' title='bbox 2163 2888 2222 2938; x_wconf 86' lang='grc' dir='ltr'><strong>τό</strong></span> <span class='ocrx_word' id='word_1_524' title='bbox 2253 2883 2656 2948; x_wconf 79' lang='grc' dir='ltr'><strong>ἓξεικονίξεσθαι</strong></span> <span class='ocrx_word' id='word_1_525' title='bbox 2681 2887 2835 2940; x_wconf 77' lang='grc' dir='ltr'><strong>αὐτὸν</strong></span> <span class='ocrx_word' id='word_1_526' title='bbox 2865 2896 3146 2960; x_wconf 80' lang='grc' dir='ltr'><strong>σωματικῷ</strong></span> <span class='ocrx_word' id='word_1_527' title='bbox 3178 2897 3509 2962; x_wconf 84' lang='grc' dir='ltr'><strong>χαρακτῆρι.</strong></span> 
     </span>
    </p>
   </div>
   <div class='ocr_carea' id='block_1_77' title="bbox 2237 3152 3754 3229">
    <p class='ocr_par' dir='ltr' id='par_1_77' title="bbox 2237 3152 3754 3229">
     <span class='ocr_line' id='line_1_78' title="bbox 2237 3152 3754 3229; baseline 0.001 -23"><span class='ocrx_word' id='word_1_528' title='bbox 2237 3160 2354 3215; x_wconf 89' lang='grc' dir='ltr'><strong>Πῶς</strong></span> <span class='ocrx_word' id='word_1_529' title='bbox 2405 3152 2505 3206; x_wconf 86' lang='grc' dir='ltr'><strong>ἀπὸ</strong></span> <span class='ocrx_word' id='word_1_530' title='bbox 2555 3152 2783 3226; x_wconf 80' lang='grc' dir='ltr'><strong>ἀρχαίας</strong></span> <span class='ocrx_word' id='word_1_531' title='bbox 2829 3153 3250 3228; x_wconf 81' lang='grc' dir='ltr'><strong>ἱστορίας;”οτι</strong></span> <span class='ocrx_word' id='word_1_532' title='bbox 3300 3156 3329 3213; x_wconf 82' lang='grc' dir='ltr'><strong>ἠ</strong></span> <span class='ocrx_word' id='word_1_533' title='bbox 3400 3157 3489 3207; x_wconf 83' lang='grc' dir='ltr'><strong>ὑπ’</strong></span> <span class='ocrx_word' id='word_1_534' title='bbox 3544 3157 3754 3229; x_wconf 74' lang='grc' dir='ltr'><strong>οὐρανὸν</strong></span> 
     </span>
    </p>
   </div>
   <div class='ocr_carea' id='block_1_78' title="bbox 2166 3240 3758 3314">
    <p class='ocr_par' dir='ltr' id='par_1_78' title="bbox 2166 3240 3758 3314">
     <span class='ocr_line' id='line_1_79' title="bbox 2166 3240 3758 3314; baseline 0.002 -20"><span class='ocrx_word' id='word_1_535' title='bbox 2166 3240 2252 3294; x_wconf 85' lang='grc' dir='ltr'><strong>ἀπ’</strong></span> <span class='ocrx_word' id='word_1_536' title='bbox 2307 3241 2470 3304; x_wconf 76' lang='grc' dir='ltr'><strong>αὐτῆς</strong></span> <span class='ocrx_word' id='word_1_537' title='bbox 2517 3241 2819 3312; x_wconf 78' lang='grc' dir='ltr'><strong>ἀναλήψεως</strong></span> <span class='ocrx_word' id='word_1_538' title='bbox 2886 3245 3136 3314; x_wconf 83' lang='grc' dir='ltr'><strong>Χριστοῦ,</strong></span> <span class='ocrx_word' id='word_1_539' title='bbox 3186 3247 3278 3302; x_wconf 77' lang='grc' dir='ltr'><strong>τὴν</strong></span> <span class='ocrx_word' id='word_1_540' title='bbox 3350 3249 3544 3302; x_wconf 77' lang='grc' dir='ltr'><strong>σεπτὴν</strong></span> <span class='ocrx_word' id='word_1_541' title='bbox 3599 3245 3758 3297; x_wconf 71' lang='grc' dir='ltr'><strong>αὑτοῦ</strong></span> 
     </span>
    </p>
   </div>
   <div class='ocr_carea' id='block_1_79' title="bbox 2164 3330 3760 3406">
    <p class='ocr_par' dir='ltr' id='par_1_79' title="bbox 2164 3330 3760 3406">
     <span class='ocr_line' id='line_1_80' title="bbox 2164 3330 3760 3406; baseline 0.003 -24"><span class='ocrx_word' id='word_1_542' title='bbox 2164 3331 2336 3383; x_wconf 88' lang='grc' dir='ltr'><strong>εἰκόνα</strong></span> <span class='ocrx_word' id='word_1_543' title='bbox 2386 3330 2434 3383; x_wconf 81' lang='grc' dir='ltr'><strong>ἐν</strong></span> <span class='ocrx_word' id='word_1_544' title='bbox 2490 3339 2596 3392; x_wconf 87' lang='grc' dir='ltr'><strong>τοῖς</strong></span> <span class='ocrx_word' id='word_1_545' title='bbox 2664 3334 2820 3406; x_wconf 86' lang='grc' dir='ltr'><strong>ἱεροῖς</strong></span> <span class='ocrx_word' id='word_1_546' title='bbox 2870 3339 3009 3392; x_wconf 85' lang='grc' dir='ltr'><strong>ναοῖς</strong></span> <span class='ocrx_word' id='word_1_547' title='bbox 3082 3331 3504 3404; x_wconf 79' lang='grc' dir='ltr'><strong>ἐγγεγραμμένην</strong></span> <span class='ocrx_word' id='word_1_548' title='bbox 3547 3333 3760 3386; x_wconf 80' lang='grc' dir='ltr'><strong>ὑποδεί-</strong></span> 
     </span>
    </p>
   </div>
   <div class='ocr_carea' id='block_1_80' title="bbox 2163 3417 3759 3494">
    <p class='ocr_par' dir='ltr' id='par_1_80' title="bbox 2163 3417 3759 3494">
     <span class='ocr_line' id='line_1_81' title="bbox 2163 3417 3759 3494; baseline 0.002 -24"><span class='ocrx_word' id='word_1_549' title='bbox 2163 3438 2364 3470; x_wconf 82' lang='grc' dir='ltr'><strong>κνυσιν.</strong></span> <span class='ocrx_word' id='word_1_550' title='bbox 2410 3419 2488 3470; x_wconf 76' lang='grc' dir='ltr'>Οὔ</span> <span class='ocrx_word' id='word_1_551' title='bbox 2516 3424 2565 3472; x_wconf 86' lang='grc' dir='ltr'><strong>τί</strong></span> <span class='ocrx_word' id='word_1_552' title='bbox 2591 3418 2651 3471; x_wconf 81' lang='grc' dir='ltr'><strong>ἂν</strong></span> <span class='ocrx_word' id='word_1_553' title='bbox 2686 3419 2886 3491; x_wconf 83' lang='grc' dir='ltr'><strong>γένοιτο</strong></span> <span class='ocrx_word' id='word_1_554' title='bbox 2935 3419 3003 3480; x_wconf 81' lang='grc' dir='ltr'><strong>εἰς</strong></span> <span class='ocrx_word' id='word_1_555' title='bbox 3035 3417 3303 3483; x_wconf 80' lang='grc' dir='ltr'><strong>ἀπόδειξιν</strong></span> <span class='ocrx_word' id='word_1_556' title='bbox 3334 3419 3579 3481; x_wconf 77' lang='grc' dir='ltr'><strong>ἀληθείας</strong></span> <span class='ocrx_word' id='word_1_557' title='bbox 3611 3424 3759 3494; x_wconf 75' lang='grc' dir='ltr'><strong>ἐναρ-</strong></span> 
     </span>
    </p>
   </div>
   <div class='ocr_carea' id='block_1_81' title="bbox 2162 3506 3764 3583">
    <p class='ocr_par' dir='ltr' id='par_1_81' title="bbox 2162 3506 3764 3583">
     <span class='ocr_line' id='line_1_82' title="bbox 2162 3506 3764 3583; baseline 0.001 -23"><span class='ocrx_word' id='word_1_558' title='bbox 2162 3513 2441 3580; x_wconf 85' lang='grc' dir='ltr'><strong>γέστερον;</strong></span> <span class='ocrx_word' id='word_1_559' title='bbox 2497 3511 2636 3580; x_wconf 80' lang='grc' dir='ltr'><strong>εἴπερ</strong></span> <span class='ocrx_word' id='word_1_560' title='bbox 2690 3510 2837 3582; x_wconf 84' lang='grc' dir='ltr'><strong>ἔργον</strong></span> <span class='ocrx_word' id='word_1_561' title='bbox 2907 3508 3062 3580; x_wconf 88' lang='grc' dir='ltr'><strong>λόγου</strong></span> <span class='ocrx_word' id='word_1_562' title='bbox 3122 3506 3472 3582; x_wconf 80' lang='grc' dir='ltr'><strong>βεϐαιότερον,</strong></span> <span class='ocrx_word' id='word_1_563' title='bbox 3524 3515 3614 3563; x_wconf 80' lang='grc' dir='ltr'><strong>καὶ</strong></span> <span class='ocrx_word' id='word_1_564' title='bbox 3671 3510 3764 3583; x_wconf 86' lang='grc' dir='ltr'><strong>ὀφ-</strong></span> 
     </span>
    </p>
   </div>
   <div class='ocr_carea' id='block_1_82' title="bbox 2166 3595 3258 3670">
    <p class='ocr_par' dir='ltr' id='par_1_82' title="bbox 2166 3595 3258 3670">
     <span class='ocr_line' id='line_1_83' title="bbox 2166 3595 3258 3670; baseline 0.005 -22"><span class='ocrx_word' id='word_1_565' title='bbox 2166 3596 2356 3668; x_wconf 72' lang='grc' dir='ltr'><strong>θαλμὸς</strong></span> <span class='ocrx_word' id='word_1_566' title='bbox 2387 3599 2585 3668; x_wconf 81' lang='grc' dir='ltr'><strong>μάρτυς</strong></span> <span class='ocrx_word' id='word_1_567' title='bbox 2627 3595 2788 3657; x_wconf 84' lang='grc' dir='ltr'><strong>ἀκοῆς</strong></span> <span class='ocrx_word' id='word_1_568' title='bbox 2817 3595 3258 3670; x_wconf 80' lang='grc' dir='ltr'><strong>ἀξιοπιστότερος.</strong></span> 
     </span>
    </p>
   </div>
   <div class='ocr_carea' id='block_1_83' title="bbox 2235 3683 3760 3761">
    <p class='ocr_par' dir='ltr' id='par_1_83' title="bbox 2235 3683 3760 3761">
     <span class='ocr_line' id='line_1_84' title="bbox 2235 3683 3760 3761; baseline 0.003 -25"><span class='ocrx_word' id='word_1_569' title='bbox 2235 3691 2346 3744; x_wconf 86' lang='grc' dir='ltr'><strong>Πῶς</strong></span> <span class='ocrx_word' id='word_1_570' title='bbox 2376 3683 2476 3736; x_wconf 86' lang='grc' dir='ltr'><strong>ἀπὸ</strong></span> <span class='ocrx_word' id='word_1_571' title='bbox 2516 3693 2688 3757; x_wconf 88' lang='grc' dir='ltr'><strong>φωνῶν</strong></span> <span class='ocrx_word' id='word_1_572' title='bbox 2735 3684 2896 3757; x_wconf 83' lang='grc' dir='ltr'><strong>ἁγίων</strong></span> <span class='ocrx_word' id='word_1_573' title='bbox 2928 3702 2942 3753; x_wconf 85' lang='grc'><strong>;</strong></span> <span class='ocrx_word' id='word_1_574' title='bbox 2971 3684 3091 3739; x_wconf 75' lang='grc' dir='ltr'><strong>Ὀτι</strong></span> <span class='ocrx_word' id='word_1_575' title='bbox 3133 3694 3233 3738; x_wconf 83' lang='grc' dir='ltr'><strong>ποῦ</strong></span> <span class='ocrx_word' id='word_1_576' title='bbox 3279 3689 3368 3759; x_wconf 76' lang='grc' dir='ltr'><strong>μεν</strong></span> <span class='ocrx_word' id='word_1_577' title='bbox 3399 3689 3424 3739; x_wconf 87' lang='grc' dir='ltr'><strong><em>ὁ</em></strong></span> <span class='ocrx_word' id='word_1_578' title='bbox 3473 3695 3760 3761; x_wconf 83' lang='grc' dir='ltr'><strong>κορυφαῖος</strong></span> 
     </span>
    </p>
   </div>
   <div class='ocr_carea' id='block_1_84' title="bbox 2162 3771 3759 3847">
    <p class='ocr_par' dir='ltr' id='par_1_84' title="bbox 2162 3771 3759 3847">
     <span class='ocr_line' id='line_1_85' title="bbox 2162 3771 3759 3847; baseline 0.001 -21"><span class='ocrx_word' id='word_1_579' title='bbox 2162 3782 2260 3826; x_wconf 88' lang='grc' dir='ltr'><strong>τῶν</strong></span> <span class='ocrx_word' id='word_1_580' title='bbox 2327 3771 2626 3826; x_wconf 87' lang='grc' dir='ltr'><strong>ἀποστόλων</strong></span> <span class='ocrx_word' id='word_1_581' title='bbox 2694 3777 2883 3846; x_wconf 78' lang='grc' dir='ltr'><strong>Πέτρος</strong></span> <span class='ocrx_word' id='word_1_582' title='bbox 2959 3774 3094 3845; x_wconf 84' lang='grc' dir='ltr'><strong>λέγει</strong></span> <span class='ocrx_word' id='word_1_583' title='bbox 3130 3792 3142 3805; x_wconf 72' lang='grc'><strong>⁸</strong></span> <span class='ocrx_word' id='word_1_584' title='bbox 3206 3795 3234 3827; x_wconf 77' lang='grc' dir='ltr'><strong>ι(</strong></span> <span class='ocrx_word' id='word_1_585' title='bbox 3299 3775 3588 3847; x_wconf 82' lang='grc' dir='ltr'><strong>Ἐξένεγκον</strong></span> <span class='ocrx_word' id='word_1_586' title='bbox 3665 3782 3759 3835; x_wconf 77' lang='grc' dir='ltr'><strong>τὴν</strong></span> 
     </span>
    </p>
   </div>
   <div class='ocr_carea' id='block_1_85' title="bbox 2163 3862 3761 3935">
    <p class='ocr_par' dir='ltr' id='par_1_85' title="bbox 2163 3862 3761 3935">
     <span class='ocr_line' id='line_1_86' title="bbox 2163 3862 3761 3935; baseline 0.001 -20"><span class='ocrx_word' id='word_1_587' title='bbox 2163 3862 2334 3915; x_wconf 82' lang='grc' dir='ltr'><strong>εἰκόνα</strong></span> <span class='ocrx_word' id='word_1_588' title='bbox 2376 3867 2466 3915; x_wconf 75' lang='grc' dir='ltr'><strong>τοῦ</strong></span> <span class='ocrx_word' id='word_1_589' title='bbox 2511 3867 2705 3935; x_wconf 80' lang='grc' dir='ltr'><strong>Κυρίου</strong></span> <span class='ocrx_word' id='word_1_590' title='bbox 2753 3865 2898 3934; x_wconf 76' lang='grc' dir='ltr'><strong>ἡμῶν</strong></span> <span class='ocrx_word' id='word_1_591' title='bbox 2948 3863 3126 3922; x_wconf 83' lang='grc' dir='ltr'><strong>Ἰησοῦ</strong></span> <span class='ocrx_word' id='word_1_592' title='bbox 3175 3866 3422 3935; x_wconf 86' lang='grc' dir='ltr'><strong>Χριστοῦ,</strong></span> <span class='ocrx_word' id='word_1_593' title='bbox 3474 3870 3564 3917; x_wconf 81' lang='grc' dir='ltr'><strong>καί</strong></span> <span class='ocrx_word' id='word_1_594' title='bbox 3615 3864 3761 3918; x_wconf 73' lang='grc' dir='ltr'><strong>ἐντύ-</strong></span> 
     </span>
    </p>
   </div>
   <div class='ocr_carea' id='block_1_86' title="bbox 2161 3951 3759 4028">
    <p class='ocr_par' dir='ltr' id='par_1_86' title="bbox 2161 3951 3759 4028">
     <span class='ocr_line' id='line_1_87' title="bbox 2161 3951 3759 4028; baseline 0.002 -24"><span class='ocrx_word' id='word_1_595' title='bbox 2161 3971 2337 4005; x_wconf 82' lang='grc' dir='ltr'><strong>πωσον</strong></span> <span class='ocrx_word' id='word_1_596' title='bbox 2390 3953 2551 4011; x_wconf 72' lang='grc' dir='ltr'><strong>αὐτὴν</strong></span> <span class='ocrx_word' id='word_1_597' title='bbox 2600 3951 2647 4004; x_wconf 79' lang='grc' dir='ltr'><strong>έν</strong></span> <span class='ocrx_word' id='word_1_598' title='bbox 2696 3961 2768 4024; x_wconf 88' lang='grc' dir='ltr'><strong>τῷ</strong></span> <span class='ocrx_word' id='word_1_599' title='bbox 2814 3958 3091 4028; x_wconf 84' lang='grc' dir='ltr'><strong>πυργίσκῳ</strong></span> <span class='ocrx_word' id='word_1_600' title='bbox 3121 3970 3132 3981; x_wconf 89' lang='grc'>·</span> <span class='ocrx_word' id='word_1_601' title='bbox 3177 3954 3261 4005; x_wconf 81' lang='grc' dir='ltr'><strong>ἶνα</strong></span> <span class='ocrx_word' id='word_1_602' title='bbox 3303 3951 3492 4006; x_wconf 79' lang='grc' dir='ltr'><strong>ἴδωσιν</strong></span> <span class='ocrx_word' id='word_1_603' title='bbox 3541 3957 3591 4007; x_wconf 86' lang='grc' dir='ltr'><strong>οἱ</strong></span> <span class='ocrx_word' id='word_1_604' title='bbox 3640 3954 3759 4007; x_wconf 83' lang='grc' dir='ltr'><strong>λαοὶ</strong></span> 
     </span>
    </p>
   </div>
   <div class='ocr_carea' id='block_1_87' title="bbox 2163 4041 3758 4116">
    <p class='ocr_par' dir='ltr' id='par_1_87' title="bbox 2163 4041 3758 4116">
     <span class='ocr_line' id='line_1_88' title="bbox 2163 4041 3758 4116; baseline 0.001 -22"><span class='ocrx_word' id='word_1_605' title='bbox 2163 4044 2274 4094; x_wconf 83' lang='grc' dir='ltr'><strong>οἰαν</strong></span> <span class='ocrx_word' id='word_1_606' title='bbox 2321 4046 2516 4116; x_wconf 79' lang='grc' dir='ltr'><strong>μορφὴν</strong></span> <span class='ocrx_word' id='word_1_607' title='bbox 2560 4041 2798 4096; x_wconf 78' lang='grc' dir='ltr'><strong>ἀνέλσϐεν</strong></span> <span class='ocrx_word' id='word_1_608' title='bbox 2849 4044 3018 4106; x_wconf 79' lang='grc' dir='ltr'><strong>ὀΥὶός</strong></span> <span class='ocrx_word' id='word_1_609' title='bbox 3060 4050 3148 4096; x_wconf 89' lang='grc' dir='ltr'><strong>τοῦ</strong></span> <span class='ocrx_word' id='word_1_610' title='bbox 3200 4044 3371 4097; x_wconf 82' lang='grc' dir='ltr'><strong>Θεοῦ·</strong></span> <span class='ocrx_word' id='word_1_611' title='bbox 3408 4064 3435 4092; x_wconf 81' lang='lat'><strong>»</strong></span> <span class='ocrx_word' id='word_1_612' title='bbox 3489 4051 3588 4096; x_wconf 87' lang='grc' dir='ltr'><strong>ποῦ</strong></span> <span class='ocrx_word' id='word_1_613' title='bbox 3629 4041 3689 4096; x_wconf 73' lang='grc' dir='ltr'><strong>δε</strong></span> <span class='ocrx_word' id='word_1_614' title='bbox 3731 4045 3758 4096; x_wconf 87' lang='grc' dir='ltr'><strong><em>ὁ</em></strong></span> 
     </span>
    </p>
   </div>
   <div class='ocr_carea' id='block_1_88' title="bbox 2161 4131 3756 4207">
    <p class='ocr_par' dir='ltr' id='par_1_88' title="bbox 2161 4131 3756 4207">
     <span class='ocr_line' id='line_1_89' title="bbox 2161 4131 3756 4207; baseline -0.001 -23"><span class='ocrx_word' id='word_1_615' title='bbox 2161 4135 2322 4205; x_wconf 84' lang='grc' dir='ltr'><strong>μέγας</strong></span> <span class='ocrx_word' id='word_1_616' title='bbox 2351 4131 2617 4194; x_wconf 86' lang='grc' dir='ltr'><strong>Βασίλειος</strong></span> <span class='ocrx_word' id='word_1_617' title='bbox 2668 4134 2856 4204; x_wconf 78' lang='grc' dir='ltr'><strong>φάσκει</strong></span> <span class='ocrx_word' id='word_1_618' title='bbox 2888 4150 2900 4162; x_wconf 91' lang='grc'>·</span> <span class='ocrx_word' id='word_1_619' title='bbox 2941 4153 2967 4185; x_wconf 76' lang='grc' dir='ltr'><strong>α</strong></span> <span class='ocrx_word' id='word_1_620' title='bbox 3017 4133 3390 4207; x_wconf 83' lang='grc' dir='ltr'><strong>Ἐγγραφέσθω</strong></span> <span class='ocrx_word' id='word_1_621' title='bbox 3447 4140 3519 4204; x_wconf 82' lang='grc' dir='ltr'><strong>τῷ</strong></span> <span class='ocrx_word' id='word_1_622' title='bbox 3575 4138 3756 4185; x_wconf 83' lang='grc' dir='ltr'><strong>πίνακι</strong></span> 
     </span>
    </p>
   </div>
   <div class='ocr_carea' id='block_1_89' title="bbox 2162 4226 3759 4302">
    <p class='ocr_par' dir='ltr' id='par_1_89' title="bbox 2162 4226 3759 4302">
     <span class='ocr_line' id='line_1_90' title="bbox 2162 4226 3759 4302; baseline 0.001 -24"><span class='ocrx_word' id='word_1_623' title='bbox 2162 4231 2248 4279; x_wconf 83' lang='grc' dir='ltr'><strong>καὶ</strong></span> <span class='ocrx_word' id='word_1_624' title='bbox 2278 4228 2304 4278; x_wconf 87' lang='grc' dir='ltr'><em>ὁ</em></span> <span class='ocrx_word' id='word_1_625' title='bbox 2351 4236 2450 4280; x_wconf 86' lang='grc' dir='ltr'><strong>τῶν</strong></span> <span class='ocrx_word' id='word_1_626' title='bbox 2498 4226 2874 4298; x_wconf 87' lang='grc' dir='ltr'><strong>παλαιαμάτων</strong></span> <span class='ocrx_word' id='word_1_627' title='bbox 2931 4227 3255 4297; x_wconf 76' lang='grc' dir='ltr'><strong>ἀγωνοθέτης</strong></span> <span class='ocrx_word' id='word_1_628' title='bbox 3315 4231 3562 4302; x_wconf 85' lang='grc' dir='ltr'><strong>Χριστός.</strong></span> <span class='ocrx_word' id='word_1_629' title='bbox 3607 4247 3634 4278; x_wconf 74' lang='grc' dir='ltr'><strong>η</strong></span> <span class='ocrx_word' id='word_1_630' title='bbox 3670 4229 3759 4288; x_wconf 83' lang='grc' dir='ltr'><strong>Οἷς</strong></span> 
     </span>
    </p>
   </div>
   <div class='ocr_carea' id='block_1_90' title="bbox 2166 4311 3319 4390">
    <p class='ocr_par' dir='ltr' id='par_1_90' title="bbox 2166 4311 3319 4390">
     <span class='ocr_line' id='line_1_91' title="bbox 2166 4311 3319 4390; baseline -0.001 -21"><span class='ocrx_word' id='word_1_631' title='bbox 2166 4324 2609 4390; x_wconf 83' lang='grc' dir='ltr'><strong>συνομοφρονουσι</strong></span> <span class='ocrx_word' id='word_1_632' title='bbox 2637 4311 2846 4375; x_wconf 78' lang='grc' dir='ltr'><strong>δηλαδὴ</strong></span> <span class='ocrx_word' id='word_1_633' title='bbox 2876 4319 3055 4377; x_wconf 84' lang='grc' dir='ltr'><strong>πάντες</strong></span> <span class='ocrx_word' id='word_1_634' title='bbox 3088 4318 3135 4368; x_wconf 86' lang='grc' dir='ltr'><strong>οἰ</strong></span> <span class='ocrx_word' id='word_1_635' title='bbox 3156 4317 3319 4387; x_wconf 77' lang='grc' dir='ltr'><strong>ἅγιοι.</strong></span> 
     </span>
    </p>
   </div>
   <div class='ocr_carea' id='block_1_91' title="bbox 2239 4401 3756 4477">
    <p class='ocr_par' dir='ltr' id='par_1_91' title="bbox 2239 4401 3756 4477">
     <span class='ocr_line' id='line_1_92' title="bbox 2239 4401 3756 4477; baseline -0.001 -19"><span class='ocrx_word' id='word_1_636' title='bbox 2239 4413 2353 4468; x_wconf 84' lang='grc' dir='ltr'><strong>Πῶς</strong></span> <span class='ocrx_word' id='word_1_637' title='bbox 2384 4407 2483 4458; x_wconf 82' lang='grc' dir='ltr'><strong>ἀπὸ</strong></span> <span class='ocrx_word' id='word_1_638' title='bbox 2539 4401 2828 4466; x_wconf 77' lang='grc' dir='ltr'><strong>συνοδικῆς</strong></span> <span class='ocrx_word' id='word_1_639' title='bbox 2856 4403 3191 4477; x_wconf 73' lang='grc' dir='ltr'><strong>ἕσφωνήσεως</strong></span> <span class='ocrx_word' id='word_1_640' title='bbox 3223 4421 3238 4471; x_wconf 86' lang='grc'>;</span> <span class='ocrx_word' id='word_1_641' title='bbox 3287 4404 3410 4457; x_wconf 79' lang='grc' dir='ltr'><strong>Ὀτι</strong></span> <span class='ocrx_word' id='word_1_642' title='bbox 3438 4407 3468 4463; x_wconf 81' lang='grc' dir='ltr'>ἡ</span> <span class='ocrx_word' id='word_1_643' title='bbox 3493 4407 3624 4476; x_wconf 83' lang='grc' dir='ltr'><strong>μετά</strong></span> <span class='ocrx_word' id='word_1_644' title='bbox 3661 4409 3756 4462; x_wconf 76' lang='grc' dir='ltr'><strong>τὴν</strong></span> 
     </span>
    </p>
   </div>
   <div class='ocr_carea' id='block_1_92' title="bbox 2163 4490 3758 4567">
    <p class='ocr_par' dir='ltr' id='par_1_92' title="bbox 2163 4490 3758 4567">
     <span class='ocr_line' id='line_1_93' title="bbox 2163 4490 3758 4567; baseline 0 -21"><span class='ocrx_word' id='word_1_645' title='bbox 2163 4495 2316 4552; x_wconf 82' lang='grc' dir='ltr'><strong>ἕκτην</strong></span> <span class='ocrx_word' id='word_1_646' title='bbox 2390 4494 2750 4565; x_wconf 75' lang='grc' dir='ltr'><strong>οἰκοῦμενικὴν</strong></span> <span class='ocrx_word' id='word_1_647' title='bbox 2809 4490 3028 4546; x_wconf 75' lang='grc' dir='ltr'><strong>σύνοδον</strong></span> <span class='ocrx_word' id='word_1_648' title='bbox 3105 4493 3566 4567; x_wconf 85' lang='grc' dir='ltr'><strong>συναθροισθεῖσα,</strong></span> <span class='ocrx_word' id='word_1_649' title='bbox 3628 4491 3758 4546; x_wconf 81' lang='grc' dir='ltr'><strong>τάδε</strong></span> 
     </span>
    </p>
   </div>
   <div class='ocr_carea' id='block_1_93' title="bbox 2165 4581 3760 4654">
    <p class='ocr_par' dir='ltr' id='par_1_93' title="bbox 2165 4581 3760 4654">
     <span class='ocr_line' id='line_1_94' title="bbox 2165 4581 3760 4654; baseline 0 -20"><span class='ocrx_word' id='word_1_650' title='bbox 2165 4587 2322 4654; x_wconf 86' lang='grc' dir='ltr'><strong>φησίν</strong></span> <span class='ocrx_word' id='word_1_651' title='bbox 2355 4599 2368 4611; x_wconf 75' lang='grc'><strong>⁸</strong></span> <span class='ocrx_word' id='word_1_652' title='bbox 2399 4582 2669 4654; x_wconf 78' lang='grc' dir='ltr'><strong>Ὀρίζομεν</strong></span> <span class='ocrx_word' id='word_1_653' title='bbox 2717 4587 2887 4634; x_wconf 86' lang='grc' dir='ltr'><strong>τοίνυν</strong></span> <span class='ocrx_word' id='word_1_654' title='bbox 2935 4581 3036 4634; x_wconf 87' lang='grc' dir='ltr'><strong>ἀπό</strong></span> <span class='ocrx_word' id='word_1_655' title='bbox 3085 4589 3173 4634; x_wconf 85' lang='grc' dir='ltr'><strong>τοῦ</strong></span> <span class='ocrx_word' id='word_1_656' title='bbox 3221 4590 3329 4648; x_wconf 90' lang='grc' dir='ltr'><strong>νῦν,</strong></span> <span class='ocrx_word' id='word_1_657' title='bbox 3376 4582 3489 4636; x_wconf 84' lang='grc' dir='ltr'><strong>ἀντὶ</strong></span> <span class='ocrx_word' id='word_1_658' title='bbox 3526 4583 3617 4635; x_wconf 76' lang='grc' dir='ltr'><strong>τοῦ</strong></span> <span class='ocrx_word' id='word_1_659' title='bbox 3662 4603 3760 4634; x_wconf 83' lang='grc' dir='ltr'><strong>πα-</strong></span> 
     </span>
    </p>
   </div>
   <div class='ocr_carea' id='block_1_94' title="bbox 407 4669 2055 4744">
    <p class='ocr_par' dir='ltr' id='par_1_94' title="bbox 407 4669 2052 4740">
     <span class='ocr_line' id='line_1_95' title="bbox 407 4669 2052 4740; baseline 0.002 -15"><span class='ocrx_word' id='word_1_660' title='bbox 407 4669 638 4733; x_wconf 88' lang='lat' dir='ltr'><strong>veteris,</strong></span> <span class='ocrx_word' id='word_1_661' title='bbox 661 4669 804 4738; x_wconf 89' lang='lat' dir='ltr'><strong>erigi</strong></span> <span class='ocrx_word' id='word_1_662' title='bbox 829 4669 1154 4740; x_wconf 88' lang='lat' dir='ltr'><strong>imaginem</strong></span> <span class='ocrx_word' id='word_1_663' title='bbox 1177 4672 1412 4728; x_wconf 90' lang='lat' dir='ltr'><strong>Domini</strong></span> <span class='ocrx_word' id='word_1_664' title='bbox 1434 4687 1504 4728; x_wconf 92' lang='lat' dir='ltr'><strong>ac</strong></span> <span class='ocrx_word' id='word_1_665' title='bbox 1523 4673 1846 4729; x_wconf 86' lang='lat' dir='ltr'><strong>Servatoris</strong></span> <span class='ocrx_word' id='word_1_666' title='bbox 1870 4673 2052 4729; x_wconf 89' lang='lat' dir='ltr'><strong>nostri</strong></span> 
     </span>
    </p>
   </div>
   <div class='ocr_carea' id='block_1_95' title="bbox 2168 4669 3758 4744">
    <p class='ocr_par' dir='ltr' id='par_1_95' title="bbox 2168 4670 3758 4744">
     <span class='ocr_line' id='line_1_96' title="bbox 2168 4670 3758 4744; baseline -0.001 -20"><span class='ocrx_word' id='word_1_667' title='bbox 2168 4671 2311 4724; x_wconf 79' lang='grc' dir='ltr'><strong>λαιοῦ</strong></span> <span class='ocrx_word' id='word_1_668' title='bbox 2359 4671 2544 4742; x_wconf 82' lang='grc' dir='ltr'><strong>ἀμνοῦ,</strong></span> <span class='ocrx_word' id='word_1_669' title='bbox 2577 4670 3002 4729; x_wconf 86' lang='grc' dir='ltr'><strong>ἀναστηλοῦσθαι</strong></span> <span class='ocrx_word' id='word_1_670' title='bbox 3054 4676 3139 4728; x_wconf 80' lang='grc' dir='ltr'><strong>τὴν</strong></span> <span class='ocrx_word' id='word_1_671' title='bbox 3188 4671 3362 4724; x_wconf 84' lang='grc' dir='ltr'><strong>εἰκόνα</strong></span> <span class='ocrx_word' id='word_1_672' title='bbox 3404 4679 3495 4724; x_wconf 84' lang='grc' dir='ltr'><strong>τοῦ</strong></span> <span class='ocrx_word' id='word_1_673' title='bbox 3561 4677 3758 4744; x_wconf 80' lang='grc' dir='ltr'><strong>Κυρίου</strong></span> 
     </span>
    </p>
   </div>
   <div class='ocr_carea' id='block_1_96' title="bbox 403 4757 863 4815">
    <p class='ocr_par' dir='ltr' id='par_1_96' title="bbox 403 4757 863 4815">
     <span class='ocr_line' id='line_1_97' title="bbox 403 4757 863 4815; baseline -0.007 0"><span class='ocrx_word' id='word_1_674' title='bbox 403 4761 543 4815; x_wconf 86' lang='lat' dir='ltr'><strong>Jesu</strong></span> <span class='ocrx_word' id='word_1_675' title='bbox 575 4757 783 4814; x_wconf 88' lang='lat' dir='ltr'><strong>Christi</strong></span> <span class='ocrx_word' id='word_1_676' title='bbox 823 4760 863 4813; x_wconf 78' lang='grc' dir='ltr'><strong>ο.</strong></span> 
     </span>
    </p>
   </div>
   <div class='ocr_carea' id='block_1_97' title="bbox 480 4846 2054 4922">
    <p class='ocr_par' dir='ltr' id='par_1_97' title="bbox 480 4846 2054 4922">
     <span class='ocr_line' id='line_1_98' title="bbox 480 4846 2054 4922; baseline 0.004 -21"><span class='ocrx_word' id='word_1_677' title='bbox 480 4846 538 4902; x_wconf 90' lang='lat' dir='ltr'><strong>Si</strong></span> <span class='ocrx_word' id='word_1_678' title='bbox 566 4861 708 4903; x_wconf 88' lang='lat' dir='ltr'><strong>vero</strong></span> <span class='ocrx_word' id='word_1_679' title='bbox 739 4847 992 4905; x_wconf 85' lang='lat' dir='ltr'><strong>dixerint</strong></span> <span class='ocrx_word' id='word_1_680' title='bbox 1022 4854 1078 4905; x_wconf 90' lang='lat' dir='ltr'><strong>et</strong></span> <span class='ocrx_word' id='word_1_681' title='bbox 1106 4849 1509 4917; x_wconf 91' lang='lat' dir='ltr'><strong>Iconomachi,</strong></span> <span class='ocrx_word' id='word_1_682' title='bbox 1553 4849 1765 4906; x_wconf 88' lang='lat' dir='ltr'><strong>iisdem</strong></span> <span class='ocrx_word' id='word_1_683' title='bbox 1796 4855 2054 4922; x_wconf 90' lang='lat' dir='ltr'><strong>quatuor</strong></span> 
     </span>
    </p>
   </div>
   <div class='ocr_carea' id='block_1_98' title="bbox 408 4937 2054 5008">
    <p class='ocr_par' dir='ltr' id='par_1_98' title="bbox 408 4937 2054 5008">
     <span class='ocr_line' id='line_1_99' title="bbox 408 4937 2054 5008; baseline 0.002 -16"><span class='ocrx_word' id='word_1_684' title='bbox 408 4937 779 5006; x_wconf 86' lang='lat' dir='ltr'><strong>argumentis</strong></span> <span class='ocrx_word' id='word_1_685' title='bbox 796 4953 971 4992; x_wconf 91' lang='lat' dir='ltr'><strong>suum</strong></span> <span class='ocrx_word' id='word_1_686' title='bbox 994 4937 1259 5008; x_wconf 86' lang='lat' dir='ltr'><strong>ipsorum</strong></span> <span class='ocrx_word' id='word_1_687' title='bbox 1284 4938 1510 5008; x_wconf 90' lang='lat' dir='ltr'><strong>dogma</strong></span> <span class='ocrx_word' id='word_1_688' title='bbox 1539 4938 1787 4994; x_wconf 86' lang='lat' dir='ltr'><strong>stabiliri</strong></span> <span class='ocrx_word' id='word_1_689' title='bbox 1813 4956 1826 5005; x_wconf 90' lang='lat'><strong>;</strong></span> <span class='ocrx_word' id='word_1_690' title='bbox 1860 4945 2054 4995; x_wconf 88' lang='lat' dir='ltr'><strong>osten-</strong></span> 
     </span>
    </p>
   </div>
   <div class='ocr_carea' id='block_1_99' title="bbox 405 5024 2051 5098">
    <p class='ocr_par' dir='ltr' id='par_1_99' title="bbox 405 5024 2051 5098">
     <span class='ocr_line' id='line_1_100' title="bbox 405 5024 2051 5098; baseline 0.002 -18"><span class='ocrx_word' id='word_1_691' title='bbox 405 5025 573 5088; x_wconf 90' lang='lat' dir='ltr'><strong>dant,</strong></span> <span class='ocrx_word' id='word_1_692' title='bbox 639 5024 895 5096; x_wconf 84' lang='lat' dir='ltr'><strong>exempli</strong></span> <span class='ocrx_word' id='word_1_693' title='bbox 952 5027 1162 5095; x_wconf 88' lang='lat' dir='ltr'><strong>gratia,</strong></span> <span class='ocrx_word' id='word_1_694' title='bbox 1222 5026 1281 5082; x_wconf 93' lang='lat' dir='ltr'><strong>in</strong></span> <span class='ocrx_word' id='word_1_695' title='bbox 1345 5027 1538 5098; x_wconf 89' lang='lat' dir='ltr'><strong>primo</strong></span> <span class='ocrx_word' id='word_1_696' title='bbox 1587 5041 1784 5082; x_wconf 85' lang='lat' dir='ltr'><strong>causae</strong></span> <span class='ocrx_word' id='word_1_697' title='bbox 1838 5028 2051 5098; x_wconf 89' lang='lat' dir='ltr'><strong>capite,</strong></span> 
     </span>
    </p>
   </div>
   <div class='ocr_carea' id='block_1_100' title="bbox 408 5113 2056 5186">
    <p class='ocr_par' dir='ltr' id='par_1_100' title="bbox 408 5113 2056 5186">
     <span class='ocr_line' id='line_1_101' title="bbox 408 5113 2056 5186; baseline 0.001 -17"><span class='ocrx_word' id='word_1_698' title='bbox 408 5113 928 5186; x_wconf 90' lang='lat' dir='ltr'><strong>quemadmodum</strong></span> <span class='ocrx_word' id='word_1_699' title='bbox 974 5113 1036 5170; x_wconf 90' lang='lat' dir='ltr'><strong>id</strong></span> <span class='ocrx_word' id='word_1_700' title='bbox 1091 5130 1298 5170; x_wconf 90' lang='lat' dir='ltr'><strong>verum</strong></span> <span class='ocrx_word' id='word_1_701' title='bbox 1331 5115 1424 5172; x_wconf 88' lang='lat' dir='ltr'><strong>sit.</strong></span> <span class='ocrx_word' id='word_1_702' title='bbox 1455 5117 1544 5169; x_wconf 81' lang='lat' dir='ltr'><strong>An</strong></span> <span class='ocrx_word' id='word_1_703' title='bbox 1569 5129 1789 5185; x_wconf 88' lang='lat' dir='ltr'><strong>corpus</strong></span> <span class='ocrx_word' id='word_1_704' title='bbox 1823 5115 1937 5170; x_wconf 88' lang='lat' dir='ltr'><strong>tale</strong></span> <span class='ocrx_word' id='word_1_705' title='bbox 1967 5115 2056 5171; x_wconf 88' lang='lat' dir='ltr'><strong>di-</strong></span> 
     </span>
    </p>
   </div>
   <div class='ocr_carea' id='block_1_101' title="bbox 409 5201 2053 5276">
    <p class='ocr_par' dir='ltr' id='par_1_101' title="bbox 409 5201 2053 5276">
     <span class='ocr_line' id='line_1_102' title="bbox 409 5201 2053 5276; baseline 0.001 -19"><span class='ocrx_word' id='word_1_706' title='bbox 409 5208 552 5258; x_wconf 90' lang='lat' dir='ltr'><strong>cunt</strong></span> <span class='ocrx_word' id='word_1_707' title='bbox 582 5201 758 5276; x_wconf 92' lang='lat' dir='ltr'><strong>quale</strong></span> <span class='ocrx_word' id='word_1_708' title='bbox 790 5202 1006 5260; x_wconf 87' lang='lat' dir='ltr'><strong>veritas</strong></span> <span class='ocrx_word' id='word_1_709' title='bbox 1036 5202 1323 5265; x_wconf 90' lang='lat' dir='ltr'><strong>exhibuit,</strong></span> <span class='ocrx_word' id='word_1_710' title='bbox 1352 5218 1554 5258; x_wconf 88' lang='lat' dir='ltr'><strong>annon</strong></span> <span class='ocrx_word' id='word_1_711' title='bbox 1583 5202 1612 5255; x_wconf 75' lang='lat' dir='ltr'><strong>‘I</strong></span> <span class='ocrx_word' id='word_1_712' title='bbox 1641 5203 1700 5257; x_wconf 86' lang='lat' dir='ltr'><strong>Si</strong></span> <span class='ocrx_word' id='word_1_713' title='bbox 1727 5203 1886 5258; x_wconf 91' lang='lat' dir='ltr'><strong>enim</strong></span> <span class='ocrx_word' id='word_1_714' title='bbox 1917 5219 2053 5260; x_wconf 86' lang='lat' dir='ltr'><strong>vero</strong></span> 
     </span>
    </p>
   </div>
   <div class='ocr_carea' id='block_1_102' title="bbox 412 5289 2050 5362">
    <p class='ocr_par' dir='ltr' id='par_1_102' title="bbox 412 5289 2050 5362">
     <span class='ocr_line' id='line_1_103' title="bbox 412 5289 2050 5362; baseline 0.002 -16"><span class='ocrx_word' id='word_1_715' title='bbox 412 5289 567 5362; x_wconf 87' lang='lat' dir='ltr'><strong>tale;</strong></span> <span class='ocrx_word' id='word_1_716' title='bbox 599 5291 688 5347; x_wconf 83' lang='lat' dir='ltr'><strong>vel</strong></span> <span class='ocrx_word' id='word_1_717' title='bbox 707 5291 869 5347; x_wconf 88' lang='lat' dir='ltr'><strong>inviti</strong></span> <span class='ocrx_word' id='word_1_718' title='bbox 901 5290 1346 5348; x_wconf 88' lang='lat' dir='ltr'><strong>conﬁtebuntur</strong></span> <span class='ocrx_word' id='word_1_719' title='bbox 1377 5290 1618 5362; x_wconf 89' lang='lat' dir='ltr'><strong>depingi</strong></span> <span class='ocrx_word' id='word_1_720' title='bbox 1647 5290 1967 5348; x_wconf 89' lang='lat' dir='ltr'><strong>Christum.</strong></span> <span class='ocrx_word' id='word_1_721' title='bbox 1995 5294 2050 5349; x_wconf 92' lang='lat' dir='ltr'>Si</span> 
     </span>
    </p>
   </div>
   <div class='ocr_carea' id='block_1_103' title="bbox 2163 4761 3174 4834">
    <p class='ocr_par' dir='ltr' id='par_1_103' title="bbox 2163 4761 3174 4834">
     <span class='ocr_line' id='line_1_104' title="bbox 2163 4761 3174 4834; baseline -0.001 -21"><span class='ocrx_word' id='word_1_722' title='bbox 2163 4767 2253 4813; x_wconf 86' lang='grc' dir='ltr'><strong>καὶ</strong></span> <span class='ocrx_word' id='word_1_723' title='bbox 2280 4767 2509 4833; x_wconf 84' lang='grc' dir='ltr'><strong>Σωτῆρος</strong></span> <span class='ocrx_word' id='word_1_724' title='bbox 2538 4765 2682 4831; x_wconf 78' lang='grc' dir='ltr'><strong>ἡμων</strong></span> <span class='ocrx_word' id='word_1_725' title='bbox 2707 4761 2886 4819; x_wconf 83' lang='grc' dir='ltr'><strong>Ἰησοῦ</strong></span> <span class='ocrx_word' id='word_1_726' title='bbox 2920 4767 3174 4834; x_wconf 83' lang='grc' dir='ltr'><strong>Χριστοῦ.</strong></span> 
     </span>
    </p>
   </div>
   <div class='ocr_carea' id='block_1_104' title="bbox 2239 4846 3755 4921">
    <p class='ocr_par' dir='ltr' id='par_1_104' title="bbox 2239 4846 3755 4921">
     <span class='ocr_line' id='line_1_105' title="bbox 2239 4846 3755 4921; baseline 0 -18"><span class='ocrx_word' id='word_1_727' title='bbox 2239 4850 2295 4903; x_wconf 85' lang='grc' dir='ltr'><strong>Εἰ</strong></span> <span class='ocrx_word' id='word_1_728' title='bbox 2325 4846 2383 4902; x_wconf 70' lang='grc' dir='ltr'><strong>δὲ</strong></span> <span class='ocrx_word' id='word_1_729' title='bbox 2410 4849 2604 4920; x_wconf 81' lang='grc' dir='ltr'><strong>λέγοιεν</strong></span> <span class='ocrx_word' id='word_1_730' title='bbox 2656 4854 2746 4902; x_wconf 87' lang='grc' dir='ltr'><strong>καὶ</strong></span> <span class='ocrx_word' id='word_1_731' title='bbox 2787 4853 2836 4902; x_wconf 86' lang='grc' dir='ltr'><strong>οἱ</strong></span> <span class='ocrx_word' id='word_1_732' title='bbox 2870 4850 3222 4921; x_wconf 84' lang='grc' dir='ltr'><strong>Εἰκονομάχοι</strong></span> <span class='ocrx_word' id='word_1_733' title='bbox 3270 4855 3386 4911; x_wconf 85' lang='grc' dir='ltr'><strong>ταῖς</strong></span> <span class='ocrx_word' id='word_1_734' title='bbox 3418 4849 3602 4912; x_wconf 72' lang='grc' dir='ltr'><strong>αὐταῖς</strong></span> <span class='ocrx_word' id='word_1_735' title='bbox 3631 4855 3755 4903; x_wconf 80' lang='grc' dir='ltr'><strong>τέσ-</strong></span> 
     </span>
    </p>
   </div>
   <div class='ocr_carea' id='block_1_105' title="bbox 2166 4935 3759 5013">
    <p class='ocr_par' dir='ltr' id='par_1_105' title="bbox 2166 4935 3759 5013">
     <span class='ocr_line' id='line_1_106' title="bbox 2166 4935 3759 5013; baseline -0.001 -22"><span class='ocrx_word' id='word_1_736' title='bbox 2166 4958 2353 5013; x_wconf 89' lang='grc' dir='ltr'><strong>σαρσιν</strong></span> <span class='ocrx_word' id='word_1_737' title='bbox 2401 4940 2681 4992; x_wconf 81' lang='grc' dir='ltr'><strong>ὑποθέσεσι</strong></span> <span class='ocrx_word' id='word_1_738' title='bbox 2724 4942 2781 4991; x_wconf 87' lang='grc' dir='ltr'><strong>τό</strong></span> <span class='ocrx_word' id='word_1_739' title='bbox 2832 4939 3025 4990; x_wconf 84' lang='grc' dir='ltr'><strong>ἑαυτῶν</strong></span> <span class='ocrx_word' id='word_1_740' title='bbox 3078 4942 3346 5011; x_wconf 87' lang='grc' dir='ltr'><strong>κρατύνειν</strong></span> <span class='ocrx_word' id='word_1_741' title='bbox 3393 4936 3571 5011; x_wconf 81' lang='grc' dir='ltr'><strong>δόγμα</strong></span> <span class='ocrx_word' id='word_1_742' title='bbox 3605 4959 3617 4971; x_wconf 93' lang='grc'>·</span> <span class='ocrx_word' id='word_1_743' title='bbox 3652 4935 3759 4991; x_wconf 80' lang='grc' dir='ltr'><strong>δει-</strong></span> 
     </span>
    </p>
   </div>
   <div class='ocr_carea' id='block_1_106' title="bbox 2164 5027 3761 5102">
    <p class='ocr_par' dir='ltr' id='par_1_106' title="bbox 2164 5027 3761 5102">
     <span class='ocr_line' id='line_1_107' title="bbox 2164 5027 3761 5102; baseline 0.003 -24"><span class='ocrx_word' id='word_1_744' title='bbox 2164 5027 2401 5090; x_wconf 85' lang='grc' dir='ltr'><strong>ξάτωσαν</strong></span> <span class='ocrx_word' id='word_1_745' title='bbox 2425 5029 2529 5080; x_wconf 81' lang='grc' dir='ltr'><strong>οἷον</strong></span> <span class='ocrx_word' id='word_1_746' title='bbox 2573 5027 2657 5080; x_wconf 75' lang='grc' dir='ltr'><strong>ἐπὶ</strong></span> <span class='ocrx_word' id='word_1_747' title='bbox 2700 5035 2790 5080; x_wconf 88' lang='grc' dir='ltr'><strong>τοῦ</strong></span> <span class='ocrx_word' id='word_1_748' title='bbox 2837 5033 3045 5102; x_wconf 83' lang='grc' dir='ltr'><strong>πρώτου</strong></span> <span class='ocrx_word' id='word_1_749' title='bbox 3081 5027 3378 5100; x_wconf 86' lang='grc' dir='ltr'><strong>κεφαλαίου,</strong></span> <span class='ocrx_word' id='word_1_750' title='bbox 3413 5029 3552 5090; x_wconf 85' lang='grc' dir='ltr'><strong>ὅπως</strong></span> <span class='ocrx_word' id='word_1_751' title='bbox 3579 5036 3761 5083; x_wconf 87' lang='grc' dir='ltr'><strong>τοῦτο.</strong></span> 
     </span>
    </p>
   </div>
   <div class='ocr_carea' id='block_1_107' title="bbox 2163 5113 3755 5192">
    <p class='ocr_par' dir='ltr' id='par_1_107' title="bbox 2163 5113 3755 5192">
     <span class='ocr_line' id='line_1_108' title="bbox 2163 5113 3755 5192; baseline 0.001 -23"><span class='ocrx_word' id='word_1_752' title='bbox 2163 5120 2383 5192; x_wconf 83' lang='grc' dir='ltr'><strong>Πότερον</strong></span> <span class='ocrx_word' id='word_1_753' title='bbox 2435 5126 2586 5189; x_wconf 89' lang='grc' dir='ltr'><strong>σῶμα</strong></span> <span class='ocrx_word' id='word_1_754' title='bbox 2639 5125 2871 5169; x_wconf 80' lang='grc' dir='ltr'><strong>τοιοῦτον</strong></span> <span class='ocrx_word' id='word_1_755' title='bbox 2942 5115 3179 5188; x_wconf 81' lang='grc' dir='ltr'><strong>λέγουσιν</strong></span> <span class='ocrx_word' id='word_1_756' title='bbox 3233 5119 3337 5170; x_wconf 87' lang='grc' dir='ltr'><strong>οἷον</strong></span> <span class='ocrx_word' id='word_1_757' title='bbox 3413 5113 3676 5180; x_wconf 76' lang='grc' dir='ltr'><strong>ὑπέδειξεν</strong></span> <span class='ocrx_word' id='word_1_758' title='bbox 3723 5119 3755 5175; x_wconf 79' lang='grc' dir='ltr'>ἡ</span> 
     </span>
    </p>
   </div>
   <div class='ocr_carea' id='block_1_108' title="bbox 2164 5205 3756 5279">
    <p class='ocr_par' dir='ltr' id='par_1_108' title="bbox 2164 5205 3756 5279">
     <span class='ocr_line' id='line_1_109' title="bbox 2164 5205 3756 5279; baseline -0.001 -21"><span class='ocrx_word' id='word_1_759' title='bbox 2164 5205 2396 5270; x_wconf 79' lang='grc' dir='ltr'><strong>ἀλήθεια,</strong></span> <span class='ocrx_word' id='word_1_760' title='bbox 2445 5207 2474 5265; x_wconf 74' lang='grc' dir='ltr'><strong>ἦ</strong></span> <span class='ocrx_word' id='word_1_761' title='bbox 2526 5209 2630 5272; x_wconf 66' lang='lat' dir='ltr'><strong>of};</strong></span> <span class='ocrx_word' id='word_1_762' title='bbox 2675 5206 2734 5259; x_wconf 84' lang='lat' dir='ltr'><strong>Ei</strong></span> <span class='ocrx_word' id='word_1_763' title='bbox 2759 5209 2848 5278; x_wconf 72' lang='grc' dir='ltr'><strong>μεν</strong></span> <span class='ocrx_word' id='word_1_764' title='bbox 2899 5214 3150 5272; x_wconf 88' lang='grc' dir='ltr'><strong>τοιοῦτον,</strong></span> <span class='ocrx_word' id='word_1_765' title='bbox 3185 5211 3277 5259; x_wconf 86' lang='grc' dir='ltr'><strong>καὶ</strong></span> <span class='ocrx_word' id='word_1_766' title='bbox 3319 5211 3390 5278; x_wconf 74' lang='grc' dir='ltr'><strong>μὴ</strong></span> <span class='ocrx_word' id='word_1_767' title='bbox 3426 5205 3756 5279; x_wconf 78' lang='grc' dir='ltr'><strong>βουλόμενοι,</strong></span> 
     </span>
    </p>
   </div>
   <div class='ocr_carea' id='block_1_109' title="bbox 2170 5291 3758 5368">
    <p class='ocr_par' dir='ltr' id='par_1_109' title="bbox 2170 5291 3758 5368">
     <span class='ocr_line' id='line_1_110' title="bbox 2170 5291 3758 5368; baseline 0 -21"><span class='ocrx_word' id='word_1_768' title='bbox 2170 5294 2681 5366; x_wconf 84' lang='grc' dir='ltr'><strong>συνομολογήσουσιν</strong></span> <span class='ocrx_word' id='word_1_769' title='bbox 2728 5294 3135 5357; x_wconf 76' lang='grc' dir='ltr'><strong>ἓξεικονίζεσθαι</strong></span> <span class='ocrx_word' id='word_1_770' title='bbox 3193 5300 3445 5368; x_wconf 85' lang='grc' dir='ltr'><strong>Χριστόν.</strong></span> <span class='ocrx_word' id='word_1_771' title='bbox 3501 5295 3560 5346; x_wconf 88' lang='grc' dir='ltr'><strong>Εἰ</strong></span> <span class='ocrx_word' id='word_1_772' title='bbox 3607 5291 3667 5348; x_wconf 67' lang='grc' dir='ltr'><strong>δὲ</strong></span> <span class='ocrx_word' id='word_1_773' title='bbox 3696 5294 3758 5347; x_wconf 83' lang='grc' dir='ltr'><strong>οὖ</strong></span> 
     </span>
    </p>
   </div>
   <div class='ocr_carea' id='block_1_110' title="bbox 482 5459 3761 5542">
    <p class='ocr_par' dir='ltr' id='par_1_110' title="bbox 482 5459 3761 5542">
     <span class='ocr_line' id='line_1_111' title="bbox 482 5459 3761 5542; baseline 0.004 -28"><span class='ocrx_word' id='word_1_774' title='bbox 482 5461 513 5542; x_wconf 57' lang='grc' dir='ltr'><strong>ξ</strong></span> <span class='ocrx_word' id='word_1_775' title='bbox 535 5459 728 5542; x_wconf 73' lang='lat' dir='ltr'><strong>matth.</strong></span> <span class='ocrx_word' id='word_1_776' title='bbox 761 5463 999 5542; x_wconf 33' lang='grc' dir='ltr'><strong>ιξιπνιθϐι</strong></span> <span class='ocrx_word' id='word_1_777' title='bbox 1073 5463 1095 5496; x_wconf 85' lang='grc'><strong><em>³</em></strong></span> <span class='ocrx_word' id='word_1_778' title='bbox 1129 5460 1266 5542; x_wconf 55' lang='lat' dir='ltr'><strong>Luc:</strong></span> <span class='ocrx_word' id='word_1_779' title='bbox 1292 5464 1376 5542; x_wconf 61' lang='lat' dir='ltr'><strong>ix,</strong></span> <span class='ocrx_word' id='word_1_780' title='bbox 1408 5462 1497 5542; x_wconf 46' lang='lat'><strong>29‘.</strong></span> <span class='ocrx_word' id='word_1_781' title='bbox 1547 5461 1597 5542; x_wconf 67' lang='lat'><strong>_‘</strong></span> <span class='ocrx_word' id='word_1_782' title='bbox 1629 5461 1698 5542; x_wconf 60' lang='lat' dir='ltr'><strong>In</strong></span> <span class='ocrx_word' id='word_1_783' title='bbox 1759 5462 1890 5519; x_wconf 88' lang='lat' dir='ltr'><strong>Vita</strong></span> <span class='ocrx_word' id='word_1_784' title='bbox 1928 5464 2009 5542; x_wconf 35' lang='lat' dir='ltr'><strong>A63.</strong></span> <span class='ocrx_word' id='word_1_785' title='bbox 2043 5464 2371 5532; x_wconf 75' lang='lat' dir='ltr'><strong>Pancratii,</strong></span> <span class='ocrx_word' id='word_1_786' title='bbox 2435 5464 2600 5542; x_wconf 87' lang='lat' dir='ltr'><strong>apud</strong></span> <span class='ocrx_word' id='word_1_787' title='bbox 2660 5463 3032 5532; x_wconf 87' lang='lat' dir='ltr'><strong>Bollandum,</strong></span> <span class='ocrx_word' id='word_1_788' title='bbox 3099 5480 3308 5521; x_wconf 88' lang='lat' dir='ltr'><strong>mense</strong></span> <span class='ocrx_word' id='word_1_789' title='bbox 3341 5464 3544 5537; x_wconf 79' lang='lat' dir='ltr'><strong>Aprili,</strong></span> <span class='ocrx_word' id='word_1_790' title='bbox 3578 5466 3675 5522; x_wconf 89' lang='lat' dir='ltr'><strong>die</strong></span> <span class='ocrx_word' id='word_1_791' title='bbox 3697 5468 3761 5526; x_wconf 83' lang='lat'><strong>3.</strong></span> 
     </span>
    </p>
   </div>
   <div class='ocr_carea' id='block_1_111' title="bbox 408 5529 2012 5619">
    <p class='ocr_par' dir='ltr' id='par_1_111' title="bbox 408 5529 2012 5619">
     <span class='ocr_line' id='line_1_112' title="bbox 408 5529 2012 5619; baseline 0.003 -35"><span class='ocrx_word' id='word_1_792' title='bbox 408 5531 436 5619; x_wconf 59' lang='grc' dir='ltr'><strong><em>ξ</em></strong></span> <span class='ocrx_word' id='word_1_793' title='bbox 469 5530 632 5586; x_wconf 82' lang='lat' dir='ltr'><strong>Orat.</strong></span> <span class='ocrx_word' id='word_1_794' title='bbox 665 5531 727 5586; x_wconf 86' lang='lat' dir='ltr'><strong>in</strong></span> <span class='ocrx_word' id='word_1_795' title='bbox 759 5533 820 5589; x_wconf 87' lang='lat' dir='ltr'><strong>S.</strong></span> <span class='ocrx_word' id='word_1_796' title='bbox 849 5531 1159 5588; x_wconf 80' lang='lat' dir='ltr'><strong>Barlaam.</strong></span> <span class='ocrx_word' id='word_1_797' title='bbox 1236 5531 1258 5568; x_wconf 87' lang='grc'><strong>⁶</strong></span> <span class='ocrx_word' id='word_1_798' title='bbox 1289 5529 1512 5606; x_wconf 81' lang='lat' dir='ltr'><strong>Synod.</strong></span> <span class='ocrx_word' id='word_1_799' title='bbox 1547 5531 1722 5590; x_wconf 88' lang='lat' dir='ltr'><strong>Trull.</strong></span> <span class='ocrx_word' id='word_1_800' title='bbox 1755 5549 1890 5598; x_wconf 87' lang='lat' dir='ltr'><strong>can.</strong></span> <span class='ocrx_word' id='word_1_801' title='bbox 1923 5537 2012 5595; x_wconf 89' lang='lat'><strong>82.</strong></span> 
     </span>
    </p>
   </div>
   <div class='ocr_carea' id='block_1_112' title="bbox 485 5627 942 5702">
    <p class='ocr_par' dir='ltr' id='par_1_112' title="bbox 485 5627 942 5702">
     <span class='ocr_line' id='line_1_113' title="bbox 485 5627 942 5702; baseline 0.009 -19"><span class='ocrx_word' id='word_1_802' title='bbox 485 5627 545 5702; x_wconf 85' lang='lat'><strong>(&#39;)</strong></span> <span class='ocrx_word' id='word_1_803' title='bbox 577 5629 942 5702; x_wconf 88' lang='lat' dir='ltr'><strong>Dogmatica.</strong></span> 
     </span>
    </p>
   </div>
   <div class='ocr_carea' id='block_1_113' title="bbox 3631 347 3775 413">
    <p class='ocr_par' dir='ltr' id='par_1_113' title="bbox 3631 347 3775 413">
     <span class='ocr_line' id='line_1_114' title="bbox 3631 347 3775 413; baseline 0.049 -7"><span class='ocrx_word' id='word_1_804' title='bbox 3631 347 3775 413; x_wconf 75' lang='grc'><strong>1304</strong></span> 
     </span>
    </p>
   </div>
   <div class='ocr_carea' id='block_1_114' title="bbox 3449 567 3775 639">
    <p class='ocr_par' dir='ltr' id='par_1_114' title="bbox 3449 567 3775 639">
     <span class='ocr_line' id='line_1_115' title="bbox 3449 567 3775 639; baseline 0.009 -22"><span class='ocrx_word' id='word_1_805' title='bbox 3449 567 3516 617; x_wconf 88' lang='grc' dir='ltr'><strong>ὧν</strong></span> <span class='ocrx_word' id='word_1_806' title='bbox 3587 567 3775 639; x_wconf 74' lang='grc' dir='ltr'><strong>εὐχαῖς</strong></span> 
     </span>
    </p>
   </div>
  </div>
