4062 6280
371 374 511 433 1305

1654 378 2161 439 EPISTOLARUM
2202 378 2340 437 LIB.
2380 380 2455 438 II.

3591 368 3727 432 1306

368 509 602 555 τοιοῦτον
631 519 644 531 ·
703 501 995 575 λειπόμενόν
1069 503 1182 557 ἐστι
1267 505 1467 567 πάντως
1537 506 1702 578 λέγειν
1776 507 1954 569 αὐτοὺς

2074 523 2219 563 vero
2250 509 2363 565 tale
2394 524 2515 566 non
2544 513 2631 565 est
2661 526 2676 576 ;
2706 508 2957 581 reliqum
3012 504 3260 563 omnino
3285 506 3375 561 est
3422 506 3486 559 ut
3525 501 3729 559 dicant

371 588 550 663 ἀναφές
597 611 649 645 τε
693 598 782 645 καὶ
838 595 1057 665 ἄχροιον
1090 614 1102 627 ·
1150 597 1343 648 τούτων
1403 599 1503 671 γὰρ
1552 600 1707 668 μέσον
1765 594 1915 650 οὐδέν
1948 614 1960 628 '

369 684 434 739 ὼς
463 677 586 732 οὐδὲ
630 680 803 735 ἐνύλου
848 689 937 737 καὶ
973 683 1152 753 ἁῦλου,
1183 687 1441 758 ὁρωμένου
1480 705 1535 739 τε
1563 692 1651 739 καὶ
1705 685 1954 760 ἀοράτου.

367 772 437 821 Τὸ
470 766 528 822 δε
557 778 788 824 τοιοῦτον
834 771 1152 846 ἀνειληφέναι
1195 778 1282 827 τόν
1314 778 1542 847 Χριστόν
1585 783 1738 848 σῶμα
1778 776 1959 847 λέγειν,

368 864 700 930 Μανιχαίων,
776 858 995 921 δοκήσει
1066 868 1155 915 καὶ
1226 869 1489 937 φαντασίᾳ
1556 870 1649 923 τὴν
1712 870 1963 937 σωτήριον

369 955 603 1019 Χριστοῦ
672 949 965 1020 οἰκονομίαν
1017 952 1411 1025 φληναφούντων
1448 956 1787 1025 γεγενῆσθαι.
1844 955 1961 1007 Ἐπὶ

366 1044 460 1090 τοῦ
506 1033 770 1112 δευτέρου,
825 1040 918 1093 κᾶν
968 1041 1115 1094 αὐτοὶ
1165 1051 1405 1095 σιωπῶσι
1457 1048 1549 1102 τὴν
1597 1042 1859 1108 ἀληθειαν,
1915 1046 1963 1096 οἱ

366 1124 502 1178 λίθοι
548 1128 903 1201 κεκράξονται,
959 1136 1053 1189 τὴν
1110 1131 1194 1203 ὑφ’
1234 1132 1364 1203 ἡλίῳ
1412 1141 1473 1205 τῇ
1524 1132 1681 1185 εἰκόνι
1728 1139 1961 1206 Χριστοῦ

365 1219 898 1290 περιαστράπτεσθαι.
924 1223 1041 1273 Ἐπὶ
1088 1228 1178 1273 τοῦ
1225 1226 1404 1293 τρίτου
1439 1244 1450 1254 ·
1482 1224 1531 1274 οί
1574 1230 1645 1291 τῷ
1696 1225 1959 1294 κορυφαίῳ

368 1309 561 1379 Πέτρῳ,
616 1312 704 1359 καὶ
754 1308 823 1377 τῷ
880 1309 1085 1381 μεγάλῳ
1152 1310 1404 1382 Βασιλείῳ
1471 1308 1957 1382 ἀντιδιατιθέμενοι,

365 1402 461 1455 τῆς
494 1393 656 1457 αὐλῆς
712 1405 947 1470 Χριστοῦ
992 1400 1317 1452 παντάπασιν
1367 1399 1645 1474 ἀλλότριοι.
1701 1399 1817 1452 Ἐπὶ
1868 1407 1960 1451 τοῦ

364 1484 612 1556 τετάρτου
649 1506 662 1519 ο
719 1486 748 1541 ἡ
801 1489 849 1539 ἓν
910 1488 1226 1559 Βλαχέρναις
1292 1489 1415 1564 παρ’
1469 1490 1647 1550 αὐτοῖς
1712 1489 1957 1561 λεγομένη

366 1569 585 1634 σύνοδος
640 1577 774 1627 κατὰ
825 1586 919 1637 τῆς
968 1577 1161 1638 εἰκόνος
1213 1586 1465 1650 Χριστοῦ,
1520 1578 1649 1631 πολὺ
1695 1597 1960 1650 μεταγενε-

366 1664 525 1733 στέρα
574 1672 670 1724 τῆς
726 1668 857 1736 μετά
915 1671 1007 1724 τὴν
1085 1668 1236 1724 ἕκτην
1314 1670 1779 1741 συναθροισθείσης
1831 1669 1957 1740 ὑπὲρ

361 1755 452 1809 τῆς
500 1750 687 1813 εἰκόνος
739 1762 995 1827 Χριστοῦ.
1047 1761 1146 1809 Καὶ
1199 1759 1229 1815 ἡ
1262 1760 1352 1830 μὲν
1383 1753 1774 1828 ἀποδεδεγμένη
1818 1758 1963 1832 παρὰ

361 1844 473 1900 τοῖς
508 1844 651 1894 πέντε
680 1847 1036 1918 πατριάρχαις
1068 1862 1081 1876 ·
1127 1848 1156 1903 ἡ
1193 1843 1251 1899 δε
1299 1844 1771 1918 ἀναθεματιζομένη
1822 1849 1965 1920 παρὰ

363 1934 473 1988 τοῖς
520 1935 806 2004 τέσσαρσιν
862 1936 927 1994 ὡς
978 1937 1381 2008 Χριστομάχος.
1431 1934 1650 1989 Ἐπειτα
1700 1941 1789 1989 καὶ
1837 1939 1866 1995 ἡ
1918 1935 1966 1987 ἐν

360 2021 559 2089 Νικαίᾳ
608 2024 666 2073 τὸ
716 2018 969 2092 δεύτερον,
1024 2027 1093 2084 ὡς
1142 2026 1379 2097 ὁμόφρων
1424 2033 1485 2096 τῇ
1527 2028 1658 2096 μετὰ
1686 2029 1772 2083 τὴν
1816 2026 1969 2081 ἕκτην

364 2103 591 2179 συνόδῳ,
650 2109 960 2184 εὐπρόσιτος
1000 2115 1142 2185 παρὰ
1171 2121 1273 2174 τοῖς
1303 2118 1448 2168 πέντε
1471 2133 1483 2146 ⁸
1514 2116 1543 2172 ἡ
1588 2110 1647 2166 δε
1675 2121 1762 2166 νῦν
1794 2112 1967 2187 ἀθροι-

365 2195 550 2246 σθεῖσα
601 2196 685 2251 ἐπὶ
737 2198 1017 2273 βεϐαιώσει
1076 2211 1170 2263 τῆς
1225 2202 1273 2254 έν
1326 2202 1647 2275 Βλαχέρναις
1693 2206 1827 2255 κατὰ
1879 2212 1967 2265 τῆς

363 2290 547 2345 είκονος
603 2294 851 2360 Χριστοῦ,
907 2290 1242 2354 ἆπόπτυστος
1288 2294 1355 2354 ὡς
1400 2291 1632 2349 κάκείνη.
1666 2293 1807 2349 Αὕτη
1860 2312 1965 2345 τοι·

359 2382 553 2444 γαροῦν
598 2380 850 2451 σύντομος
882 2378 1142 2441 ἀπόδοσις
1182 2390 1277 2443 τῆς
1326 2380 1588 2447 ἀληθείας,
1623 2386 1712 2434 καὶ
1747 2381 1963 2453 ἔλεγχος

361 2470 460 2511 τῶν
481 2470 720 2518 ἐναντίων
734 2510 745 2523 ,

2073 597 2254 654 iidem
2288 616 2301 653 :
2337 615 2458 655 non
2485 616 2613 655 esse
2644 599 2788 655 illud
2820 598 2996 653 tactui
3029 601 3131 652 aut
3160 595 3341 651 colori
3373 594 3725 660 obnoxium,

2072 702 2212 742 nam
2264 688 2413 743 inter
2449 689 2578 745 haec
2627 688 2895 743 medium
2927 685 3073 742 nihil
3127 686 3388 748 interest,
3416 688 3479 737 ut
3531 697 3726 753 neque

2072 777 2223 831 inter
2252 778 2311 832 id
2333 779 2496 850 quod
2554 780 2801 833 materia
2852 780 3107 841 constat,
3132 782 3188 830 et
3218 775 3277 829 id
3324 772 3485 846 quod
3516 786 3725 842 expers

2075 868 2338 922 materiae
2388 874 2519 923 est:
2555 868 2705 923 inter
2756 868 2814 923 id
2874 866 3037 938 quod
3066 865 3316 921 videtur.
3351 867 3409 917 et
3461 861 3519 915 id
3562 859 3725 932 quod

2072 953 2252 1009 videri
2281 955 2503 1026 nequit.
2529 955 2667 1010 Tale
2705 960 2901 1010 autem
2941 954 3137 1008 dicere
3169 968 3200 1007 a
3244 950 3468 1006 Christo
3508 964 3724 1019 corpus

2070 1051 2471 1113 assumptum,
2505 1044 2960 1100 Manichaeorum
2993 1047 3101 1107 est,
3135 1041 3329 1112 specie
3368 1046 3540 1093 tenus
3581 1042 3634 1092 et
3664 1036 3725 1091 in

2071 1131 2490 1201 phantasmate
2524 1133 2845 1188 salutarem
2880 1132 3083 1188 Christi
3116 1129 3621 1201 dispensationem
3642 1125 3725 1182 fa-

2068 1225 2226 1275 ctam
2257 1237 2389 1276 esse
2410 1221 2581 1277 stulte
2612 1222 2988 1291 nugantium.
3014 1220 3101 1276 Ad
3130 1219 3460 1274 secundum
3495 1233 3507 1271 :
3535 1230 3723 1287 quam

2070 1312 2287 1367 tumvis
2327 1311 2402 1366 illi
2437 1311 2739 1367 veritatem
2783 1310 3016 1365 silentio
3047 1312 3341 1379 premant,
3374 1304 3607 1376 lapides
3638 1305 3724 1357 in-

2068 1400 2416 1456 clamabunt
2442 1401 2788 1455 universum
2814 1399 3019 1454 orbem
3054 1397 3264 1454 Christi
3305 1395 3565 1467 imagine
3604 1391 3722 1471 col-

2067 1489 2323 1545 lustrari.
2357 1492 2443 1545 Ad
2472 1490 2707 1546 tertium
2739 1505 2751 1543 :
2785 1489 2888 1561 qui
2936 1486 3256 1559 coryphteo
3281 1486 3467 1552 Petro,
3499 1488 3555 1538 et
3599 1498 3726 1538 ma-

2069 1592 2187 1647 gno
2213 1579 2421 1634 Basilio
2461 1578 2872 1640 adversantur,
2903 1582 3039 1632 sunt
3070 1575 3150 1630 illi
3189 1591 3436 1646 prorsus
3475 1573 3552 1628 ab
3584 1571 3721 1627 ovili

2069 1667 2274 1723 Christi
2323 1668 2515 1724 alieni.
2543 1669 2630 1721 Ad
2678 1672 2957 1739 quartum
3012 1682 3026 1719 :
3079 1664 3357 1737 Synodus
3395 1662 3488 1717 illa
3536 1675 3725 1732 quam

2071 1758 2163 1811 isti
2191 1758 2252 1814 in
2286 1757 2621 1813 Blachernis
2662 1763 2899 1821 vocant,
2932 1755 3225 1811 adversus
3259 1752 3470 1810 Christi
3510 1751 3724 1818 imagi-

2076 1860 2232 1910 nem,
2276 1845 2461 1901 multo
2506 1846 2798 1917 posterior
2849 1852 2936 1900 est
2995 1860 3065 1900 ea
3115 1858 3251 1915 quae
3306 1844 3440 1912 post
3492 1844 3721 1894 sextam

2076 1940 2283 1990 coacta
2320 1940 2409 1990 est
2437 1951 2547 2007 pro
2574 1935 2780 1992 Christi
2809 1934 3089 2005 imagine.
3122 1930 3293 2003 Atqui
3326 1930 3452 1984 haec
3476 1928 3718 1999 quidem

2076 2030 2316 2096 recepta
2348 2030 2435 2079 est
2484 2042 2518 2080 a
2552 2025 2819 2096 quinque
2868 2021 3257 2094 patriarchis:
3319 2018 3418 2073 illa
3454 2021 3653 2074 autem
3685 2032 3721 2072 a

2077 2119 2292 2186 quator
2344 2114 2723 2168 anathemate
2772 2113 3081 2175 damnata,
3134 2115 3423 2179 tanquam
3480 2106 3719 2161 inimica

2077 2204 2323 2258 Christo.
2359 2202 2580 2257 Deinde
2609 2206 2665 2257 et
2714 2202 2950 2257 Nicmna
2997 2200 3203 2267 altera,
3241 2203 3438 2269 utpote
3491 2196 3540 2250 ei
3583 2210 3721 2249 con-

2073 2291 2359 2355 sentiens,
2382 2308 2518 2362 quas
2538 2297 2669 2362 post
2691 2296 2917 2346 sextam
2940 2289 3173 2353 dicitur,
3202 2286 3370 2342 facile
3390 2302 3423 2340 a
3453 2285 3719 2356 quinque

2070 2382 2437 2437 admittitur:
2473 2397 2608 2453 quae
2630 2396 2769 2435 vero
2791 2395 2950 2434 nunc
2972 2383 3334 2445 congregata
3355 2381 3444 2430 est
3481 2374 3555 2429 ad
3583 2389 3724 2429 con-

2070 2472 2474 2526 ﬁrmationem
2528 2470 2683 2524 illius
2712 2485 2847 2541 quas
2901 2469 2959 2523 in
2991 2465 3333 2522 Blachernis
3362 2461 3719 2535 appellatur,

360 2550 647 2608 adversus
684 2558 1010 2629 imaginem
1054 2560 1267 2616 Christi
1296 2576 1311 2625 ;
1343 2559 1725 2625 detestabilis,
1753 2560 1832 2614 uti
1893 2565 1949 2615 et
1996 2559 2114 2629 illa,
2174 2566 2279 2615 est.
2335 2562 2468 2614 Haec
2499 2559 2676 2629 igitur
2728 2557 3180 2628 compendiaria
3232 2553 3524 2625 expositio
3577 2550 3731 2607 veri-

361 2640 516 2703 tatis,
553 2647 609 2697 et
638 2646 1119 2703 adversariorum
1154 2649 1480 2705 confutatio
1506 2654 1618 2705 est.

602 2734 719 2788 Ol".
755 2766 821 2776 —
850 2742 1239 2811 Ναυκρατίῳ
1279 2742 1492 2809 τέκνῳ.
1527 2737 1717 2825 [υθαί]

2461 2737 2681 2791 LXXIII.
2711 2767 2775 2776 -—
2816 2737 3150 2792 Naucratio
3174 2732 3320 2801 ﬁlio.

731 2823 804 2874 De
838 2824 1030 2874 Leonis
1062 2826 1277 2876 Armeni
1318 2822 1738 2877 orthodoxorum
1774 2828 2126 2891 persecutoris
2155 2826 2532 2876 immanissimi
2571 2839 2750 2875 onere.
2783 2825 2994 2886 (Baron.
3016 2825 3124 2879 821,
3156 2837 3209 2871 n.
3245 2822 3347 2882 23.)

432 2906 499 2955 Τό
548 2906 637 2974 μεν
692 2906 823 2975 ἱερὸν
884 2908 1104 2979 γράμμα
1159 2911 1290 2978 φησί
1336 2925 1348 2939 ⁸

360 2993 670 3057 ἠκούσθη,
721 2995 941 3065 θρῆνος
980 3000 1085 3047 καὶ
1126 2993 1408 3067 ὀδυρμὸς
1446 2995 1663 3058 πολύς.
1714 2995 1949 3067 Ῥαχὴλ

358 3080 676 3134 κλαίουσα
729 3084 801 3134 τὰ
839 3088 1026 3136 τέκνα
1064 3084 1282 3150 αὐτῆς,
1328 3090 1435 3137 καὶ
1474 3084 1586 3137 οὐκ
1624 3084 1805 3143 ἤθελε
1846 3104 1951 3137 πα-

357 3169 555 3241 ρακλη
574 3173 778 3229 θῆναι.
813 3172 944 3244 Ἐγώ
973 3170 1031 3225 δε
1053 3176 1078 3225 6
1101 3174 1256 3236 τάλας
1284 3176 1617 3248 μεθαρμόσας
1642 3178 1732 3232 τὴν
1759 3178 1947 3247 φωνὴν,

358 3261 517 3311 ἰκεῐνο
560 3258 619 3311 ἂν
664 3260 874 3323 εἰκότως
912 3265 1173 3334 φράσαιμι
1205 3281 1215 3292 ·
1250 3270 1428 3335 Χαρᾶς
1474 3263 1746 3334 εὐαγγέλια
1796 3264 1950 3321 ἠκούο

359 3348 461 3404 σθη
511 3349 636 3418 ἡμῖν
686 3352 829 3420 παρὰ
870 3357 963 3409 τῆς
1015 3355 1316 3421 τιμιότητός
1366 3370 1458 3403 σου
1495 3371 1506 3383 ο
1540 3350 1613 3423 ἐφ’
1735 3356 1950 3424 σκιρτᾷν

357 3438 518 3501 ἔστιν,
552 3437 610 3488 ού
663 3442 756 3495 τὴν
808 3438 954 3489 πόλιν
998 3436 1174 3503 τήνδε,
1209 3440 1237 3497 ἣ
1273 3436 1429 3498 τήνδε
1453 3458 1464 3469 ·
1496 3438 1623 3491 ἀλλὰ
1664 3436 1862 3510 σχεδόν
1886 3440 1952 3492 εὶ-

357 3531 468 3577 πείν
520 3525 729 3577 ἅπασαν
776 3530 870 3585 τὴν
923 3527 1010 3578 ὑπ’
1060 3527 1272 3601 οὐρανόν
1310 3545 1322 3557 '
1358 3530 1438 3581 ὃτι
1484 3527 1685 3581 καθεῖλε
1740 3530 1948 3601 Κύριος,

356 3614 415 3665 ού
468 3617 551 3665 τὸν
601 3613 732 3672 Σηᾶν
782 3612 1002 3688 βασιλέα
1023 3625 1121 3668 τῶν
1152 3616 1477 3691 Ἀμορραίων
1512 3634 1524 3646 ⁶
1559 3613 1681 3669 οὐδε
1733 3619 1816 3669 τόν
1851 3616 1950 3687 Ὠγ

357 3700 578 3776 βασιλέα
637 3712 727 3765 τῆς
781 3708 970 3769 Βασὰν,
1030 3704 1263 3778 βασιλεῖς
1328 3711 1563 3779 μικροὺς,
1622 3712 1711 3758 καὶ
1767 3710 1951 3778 μικρὸν

351 3796 506 3865 μέρος
545 3802 635 3853 τῆς
666 3793 969 3863 οἰκουμένης
1015 3793 1342 3857 ἔκθλίϐοντας
1374 3815 1387 3828 ·
1424 3794 1552 3847 ἀλλὰ
1598 3799 1682 3847 τόν
1725 3804 1938 3866 νεοφοινῆ

351 3886 441 3933 καὶ
470 3886 631 3953 μέγαν
690 3878 969 3954 δράκοντα,
1020 3889 1105 3936 καὶ
1160 3884 1350 3942 πολλὴν
1409 3885 1709 3954 οἰκουμένην
1740 3884 1952 3945 ληῖζον-

353 3989 418 4021 τα
445 3991 456 4002 ·
487 3974 572 4021 τόν
635 3971 839 4023 σκολιόν
897 3976 1008 4043 ὅφιν
1057 3978 1145 4024 καὶ
1198 3974 1480 4046 συρίζοντα
1520 3971 1807 4046 βλάσφημα
1839 4012 1851 4023 .
1892 3976 1951 4024 τό

354 4056 627 4131 βδέλυγμα
653 4067 745 4121 τῆς
775 4058 1084 4133 ἐρημώσεως
1116 4078 1127 4089 ·
1160 4065 1217 4113 τό
1266 4070 1447 4124 σκεῦος
1486 4071 1577 4123 τῆς
1629 4061 1784 4135 ὀργῆς
1818 4080 1831 4092 ·
1865 4063 1951 4111 τόν

354 4149 464 4198 υἱόν
516 4157 607 4200 τοῦ
658 4148 860 4207 Ταϐεὴλ
892 4168 903 4178 ·
957 4152 1040 4202 ἱνα
1110 4155 1180 4219 μὴ
1241 4151 1373 4221 λέγω
1447 4150 1761 4205 Καϐαλλίνου
1790 4167 1801 4181 ·
1864 4153 1949 4201 τόν

1412 2911 1578 2965 Φωνὴ
1644 2910 1701 2959 ἐν
1756 2906 1948 2978 Ῥαμᾲ

2132 2909 2446 2964 Sacrarum
2476 2906 2804 2961 litterarum
2829 2905 3014 2960 verba
3054 2908 3229 2957 sunt:
3275 2904 3400 2958 Vox
3427 2901 3491 2955 in
3527 2900 3716 2955 Bama

2060 2998 2272 3053 audita
2289 3002 2394 3061 est,
2413 2997 2690 3065 ploratus
2710 3001 2767 3051 et
2782 2996 3056 3051 ululatus
3071 2994 3296 3049 multus
3318 3012 3337 3048 :
3353 2989 3579 3046 Rachel
3586 2991 3717 3059 plo-

2059 3103 2204 3143 rans
2245 3087 2400 3154 ﬁlios
2431 3102 2584 3149 suos,
2642 3092 2696 3142 et
2748 3084 2941 3139 noluit
2989 3083 3290 3139 consolari
3327 3083 3368 3135 ⁷.
3418 3083 3538 3149 Ego
3570 3095 3709 3134 vero

2061 3176 2265 3231 infelix
2281 3191 2426 3231 voce
2444 3179 2832 3238 commutata,
2850 3174 2979 3242 jure
3011 3172 3153 3227 illud
3168 3171 3419 3227 dixerim
3451 3186 3463 3223 :
3500 3170 3710 3225 Gaudii

2062 3265 2261 3321 fausta
2291 3266 2501 3320 nuntia
2528 3263 2701 3319 nobis
2727 3262 2929 3318 audita
2962 3267 3097 3316 snnt
3126 3276 3196 3315 ex
3229 3260 3559 3315 reverentia
3592 3264 3712 3324 tua,

2061 3370 2319 3425 quorum
2360 3354 2553 3423 gratia
2582 3351 2855 3415 exsultet,
2890 3365 3009 3405 non
3042 3349 3249 3405 civitas
3302 3348 3429 3404 haec
3460 3352 3559 3403 aut
3592 3347 3712 3412 illa,

2063 3442 2168 3497 sed
2201 3458 2383 3513 prope
2408 3442 2605 3497 dicam
2636 3457 2773 3512 quas
2824 3440 2936 3495 sub
2985 3440 3135 3494 ccelo
3193 3449 3332 3495 sunt
3383 3438 3713 3493 universae:

2061 3532 2203 3603 quia
2234 3531 2470 3586 sustulit
2500 3531 2803 3594 Dominus,
2837 3544 2958 3584 non
2993 3528 3187 3584 Sehon
3252 3543 3451 3598 regem
3502 3530 3715 3584 Amor-

2061 3622 2381 3686 rhaeorum,
2413 3636 2605 3692 neque
2631 3621 2718 3689 Og
2773 3635 2975 3689 regem
3014 3621 3225 3685 Basan,
3268 3631 3439 3686 reges
3473 3631 3713 3688 parvos,

2061 3715 2117 3765 et
2149 3725 2398 3781 parvam
2443 3709 2605 3764 orbis
2654 3714 2886 3780 partem
2934 3712 3216 3763 vexantes
3245 3708 3310 3769 ⁸;
3374 3706 3481 3761 sed
3527 3719 3716 3775 nuper

2061 3804 2333 3854 exortum
2351 3813 2641 3868 magnum
2656 3797 2980 3852 draconem
2993 3839 3006 3863 ,
3022 3801 3078 3851 et
3092 3810 3378 3865 magnam
3401 3794 3562 3849 orbis
3575 3808 3714 3864 par-

2061 3893 2177 3943 tem
2197 3887 2585 3959 populantem
2614 3904 2625 3942 :
2658 3892 2988 3941 tortuosum
3004 3889 3338 3955 serpentem
3355 3890 3410 3939 et
3430 3882 3713 3953 blasphe-

2064 3993 2162 4032 ma
2215 3976 2573 4039 sibilantem,
2606 3974 3121 4030 abominationem
3162 3972 3571 4036 desolationis,
3607 3987 3713 4026 vas

2061 4067 2183 4133 im,
2215 4065 2405 4120 filium
2452 4064 2683 4127 Tabeel,
2717 4080 2788 4117 ne
2842 4063 3038 4116 dicam
3077 4061 3404 4131 Caballini;
3434 4067 3712 4129 nepotem

2060 4154 2503 4219 Achab,.luliani
2518 4152 2846 4223 exemplar,
2864 4150 3382 4221 complementum
3400 4148 3715 4216 mali,con-

354 4234 604 4307 ἀπόγονον
633 4245 724 4290 τοῦ
758 4237 975 4309 Ἀχαάϐ
1012 4256 1027 4267 ·
1064 4242 1121 4291 τό
1166 4238 1498 4312 ἐξεμπλάριον
1538 4240 1818 4291 Ἰουλιανοῦ
1849 4258 1860 4270 ·
1891 4242 1947 4290 τό

2067 4244 2445 4299 tumeliosum
2474 4245 2532 4298 in
2565 4243 2883 4307 Christum,
2917 4240 3181 4311 Deiparm
3210 4239 3466 4305 hostem,
3498 4238 3714 4294 adver-

354 4324 609 4397 πλήρωμοι
658 4333 750 4377 τοῦ
806 4334 1034 4399 πονηροῦ
1062 4343 1074 4355 ·
1112 4331 1198 4379 τόν
1244 4326 1493 4399 ὑϐριστὴν
1553 4335 1787 4401 Χριστοῦ
1816 4345 1829 4357 ο
1861 4331 1948 4378 τὸν

356 4414 545 4485 ἐχθρόν
597 4421 693 4475 τῆς
752 4420 1053 4468 Θεοτόκου⁹
1094 4420 1181 4467 τὸν
1236 4416 1509 4468 ἀντίπαλον
1560 4426 1656 4468 τῶν
1710 4416 1946 4467 ἁπάντων

355 4501 533 4572 ἁγίων.
564 4502 661 4553 Ὧν
701 4507 801 4577 γὰρ
833 4509 954 4565 τοὺς
1008 4510 1222 4566 σεπτοὺς
1263 4515 1608 4580 χαρακτῆρας
1662 4502 1843 4567 ἐδίωξέ
1894 4524 1947 4556 τε

355 4594 444 4641 καὶ
500 4591 736 4662 ἠφάνισε,
793 4590 1033 4652 δηλονότι
1089 4597 1283 4647 τούτων
1334 4594 1571 4655 όλοτελῶς
1619 4594 1807 4666 ἐχθρός
1857 4599 1946 4645 καὶ

360 4675 590 4741 διώκτης
644 4683 1019 4753 ἐχρημάτισεν.
1052 4683 1634 4756 Εῦφραινέσθωσαν
1675 4686 1731 4735 οἱ
1769 4682 1949 4755 ούρα-

357 4772 471 4831 νηοὶ,
506 4773 612 4821 καὶ
651 4768 1064 4840 ἀγαλλιάσθω
1095 4774 1125 4829 ἡ
1159 4780 1266 4840 γῆ’
1302 4774 1684 4847 ῥανάτωσαν
1723 4775 1795 4824 τὰ
1834 4775 1945 4843 ὄρη

355 4855 744 4929 γλυκασμόν,
772 4864 879 4911 καὶ
920 4862 968 4912 οἱ
1002 4859 1228 4933 βουνοὶ
1269 4859 1925 4919 δικαιοσύνην.Πέπτω

354 4964 435 4997 κεν
481 4946 505 4997 ό
544 4945 730 5017 ἐχθρός
763 4964 774 4976 ·
811 4949 1085 5023 συνετρίϐη
1116 4952 1141 5001 ό
1167 4954 1365 5002 κόπτων
1410 4954 1561 5023 ἡμᾶς,
1598 4950 1944 5024 Ἐνεφράγη

357 5039 564 5106 στόμα
601 5036 826 5087 λαλοῦν
865 5035 1094 5091 οἶδικα·
1125 5038 1384 5110 ἐπεσχέθη
1415 5045 1534 5112 χεὶρ
1575 5039 1946 5112 Ἀϐεσσαλώμο

352 5126 561 5195 οἴχεται
608 5126 634 5176 6
688 5125 1101 5202 σκληροκάρδιος
1151 5134 1338 5203 Φαραώ
1368 5148 1380 5160 ·
1412 5135 1500 5181 καὶ
1546 5128 1687 5180 οὔπω
1718 5149 1807 5201 μοι
1838 5150 1951 5182 και-

350 5217 435 5287 ρός
472 5219 560 5267 καὶ
611 5219 764 5275 τόπος
813 5214 1067 5292 ἐκφράσαι
1106 5220 1171 5271 τὰ
1218 5217 1375 5279 ἀκοῆς
1422 5218 1545 5280 ἄξια
1603 5226 1693 5271 τοῦ
1748 5239 1949 5291 παγκα-

350 5308 533 5357 κίστου
561 5300 839 5379 δράκοντος
852 5349 865 5362 ,

423 5392 614 5447 Ἐκεῖνο
673 5390 731 5446 δὲ
782 5396 1065 5467 προσθείην
1128 5402 1235 5457 τοῖς
1288 5396 1606 5468 εἰρημένοις⁸
1654 5397 1735 5449 ὅτι
1784 5400 1948 5473 ἕχρῆν

353 5483 438 5533 τόν
496 5482 797 5543 ἀποστάτην
843 5488 1062 5556 τοιούτῳ
1092 5492 1266 5559 τρόπῳ
1296 5487 1433 5537 καθὰ
1460 5489 1742 5558 γέγραφας,
1791 5484 1947 5559 ἀπορ-

425 5581 682 5636 7Jerem.
731 5598 881 5646 xxxx,
928 5583 1256 5649 15;Matth.
1296 5601 1329 5636 ιι
1390 5587 1476 5639 l8.
1581 5583 1601 5617 ⁸
1646 5586 1821 5639 Num.
1878 5600 1999 5650 XXI,

356 5649 510 5709 Psal.
550 5668 701 5719 LXII,
727 5656 777 5708 3.
857 5654 901 5688 ¹¹
936 5652 1084 5713 Psal.
1118 5669 1249 5721 Lxu,
1286 5655 1369 5710 12.

2061 4332 2287 4388 sarium
2314 4338 2657 4388 sanctorum
2686 4331 2979 4385 omnium.
3016 4331 3281 4394 Quorum
3315 4328 3474 4382 enim
3505 4343 3712 4383 sacros

2059 4422 2430 4477 characteres
2486 4425 2827 4490 persecutus
2876 4423 2982 4484 est,
3043 4423 3097 4471 et
3135 4433 3166 4472 e
3198 4416 3401 4472 medio
3433 4416 3711 4482 sustulit;

2059 4527 2265 4565 eorum
2301 4509 2507 4581 procul
2558 4508 2743 4563 dubio
2774 4506 2963 4563 hostis
3014 4506 3249 4577 penitus
3288 4510 3344 4561 et
3372 4511 3714 4578 persecutor

2060 4600 2180 4654 fuit.
2205 4601 2505 4655 Lastentur
2527 4597 2654 4653 cmli
2669 4603 2723 4652 et
2753 4598 3007 4653 exsultet
3040 4602 3205 4651 terra
3230 4597 3249 4630 9
3276 4612 3291 4649 :
3328 4600 3525 4662 ﬂuant
3552 4610 3712 4649 mon-

2061 4695 2141 4744 tes
2170 4689 2542 4743 dulcedinem
2594 4690 2648 4742 et
2680 4687 2858 4741 colles
2902 4685 3207 4755 justitiam
3258 4686 3305 4720 ¹⁰
3334 4683 3561 4739 Cedidit
3588 4683 3705 4738 ho-

2061 4778 2163 4831 stis
2195 4793 2205 4831 :
2240 4773 3172 4847 contritusestquinoscaadebat:
3206 4773 3586 4828 Obstruclum
3621 4778 3702 4828 est

2060 4882 2122 4921 os
2150 4868 2391 4939 loquens
2411 4866 2621 4937 iniqua
2651 4867 2693 4901 ¹¹
2725 4884 2739 4934 ;
2774 4879 3048 4935 repressa
3078 4878 3293 4917 manus
3319 4861 3665 4916 Abessalom
3693 4877 3707 4915 :

2061 4956 2228 5027 periit
2256 4960 2443 5010 durus
2474 4955 2651 5009 corde
2684 4955 2951 5010 Pharao:
2987 4957 3043 5006 et
3072 4950 3343 5006 nondum
3386 4950 3524 5005 mihi
3550 4955 3705 5005 tem-

2060 5061 2173 5116 pus
2200 5060 2306 5099 nec
2330 5044 2520 5108 locus,
2548 5047 2609 5098 ut
2634 5041 2840 5098 auditu
2864 5042 3047 5111 digna
3073 5040 3318 5111 eloquar
3337 5039 3410 5095 de
3432 5040 3703 5111 pessimo

2061 5133 2342 5189 dracone.

2130 5402 2248 5455 Hoc
2277 5414 2415 5455 vero
2444 5398 2724 5468 adjiciam
2756 5397 2833 5453 ad
2891 5413 2961 5453 ea
3007 5412 3143 5469 quae
3183 5395 3305 5451 dixi
3332 5410 3346 5449 :
3378 5395 3710 5467 oportuisse

2056 5494 2391 5558 apostatam
2407 5503 2476 5543 eo
2490 5503 2610 5558 quo
2631 5486 2912 5557 scripsisti
2927 5486 3109 5542 modo
3124 5486 3308 5541 vitam
3322 5485 3705 5555 abrumpere.

2057 5602 2194 5640 xxiv
2252 5592 2307 5641 et
2334 5601 2536 5643 xxxw.
2614 5586 2634 5619 θ
2667 5584 2815 5641 Psal.
2840 5599 2971 5651 xcv,
3009 5589 3091 5639 Η.
3198 5585 3239 5619 ¹⁰
3301 5582 3530 5649 Joeliu,
3579 5586 3645 5637 18
3689 5598 3704 5648 ;
