4062 6280
355 316 372 368 1
383 310 486 367 307

1606 314 1665 371 S.
1706 306 2074 368 THEODORJ
2115 304 2438 366 STUDITIE

3557 293 3698 354 4308

343 437 672 510 Oportebat
719 445 898 498 noctu
935 443 1314 500 tenebrarum
1373 442 1564 499 ﬁlium
1593 438 1992 497 occumbere:

2133 435 2265 498 ιῆξαι
2306 439 2400 493 τὴν
2432 433 2590 494 ζωήν.
2622 429 2769 486 Ἐδει
2813 429 2861 483 ἓν
2890 431 3038 481 νυκτὶ
3081 430 3167 480 τὸν
3211 432 3302 479 τοῦ
3335 428 3552 484 σκότους
3588 424 3702 475 υἱὸν

342 529 658 598 oportebat
681 545 842 596 eum,
874 533 976 604 qui
1008 534 1212 590 divina
1265 533 1491 604 templa
1533 532 1891 592 devastacat,
1937 526 1999 582 in

345 617 582 672 Domini
643 620 865 692 templo
916 622 1172 679 nudatos
1231 623 1290 678 in
1348 639 1408 678 se
1438 622 1670 692 gladios
1714 630 1998 674 cernere:

345 707 661 776 oportebat
690 709 768 765 ad
826 711 1094 767 divinum
1149 713 1332 768 altare
1385 711 1826 780 contugientem
1881 719 2002 761 non

348 793 581 860 salvari,
634 798 736 870 qui
795 799 979 857 altare
1026 802 1224 873 ipsum
1284 803 1699 857 destruxerat:
1752 799 1812 853 in
1867 809 2000 851 eam

350 899 790 983 manum,-qum
815 896 1058 946 extensa
1089 893 1146 947 in
1183 897 1390 949 sancta
1423 892 1634 955 fuerat,
1679 887 2002 944 sectionem

351 974 553 1072 inferri
580 976 684 1072 :_in
719 977 920 1035 fauces
950 997 1084 1053 quas
1116 983 1302 1055 impia
1345 984 1702 1047 eructarant,
1736 976 2000 1046 gladium

349 1061 658 1135 distringi:
708 1067 767 1122 in
848 1069 1162 1127 humerum
1216 1074 1345 1144 ejus
1410 1073 1514 1145 qui
1571 1065 2002 1126 contumeliose

352 1151 583 1251 Christo
614 1155 962 1251 insultabat,
995 1167 1362 1233 oportunum
1395 1161 1610 1216 vulnus
1639 1157 1822 1225 inﬂigi
1854 1177 1866 1209 :
1892 1167 2002 1226 pro

347 1242 489 1340 justi
507 1245 818 1313 sanguinis
832 1247 1142 1314 effusione,
1158 1251 1442 1322 injustum
1469 1249 1822 1317 sanguinem
1840 1257 2004 1314 spar-

355 1335 452 1400 gi:
485 1347 593 1402 pro
652 1336 909 1392 sectione
944 1343 1000 1394 et
1046 1339 1432 1395 dilaniatione
1482 1337 1890 1392 membrorum
1923 1335 2004 1386 at-

354 1436 472 1492 que
501 1426 824 1490 tergorum,
871 1427 1059 1484 invisa
1104 1429 1223 1484 Deo
1271 1429 1542 1484 membra
1590 1424 1860 1482 concidi:
1894 1435 2004 1492 pro

357 1515 547 1565 morte
567 1519 774 1569 sancta
795 1515 1039 1587 impiam
1057 1524 1308 1574 mortem
1329 1517 1592 1573 exhiberi
1623 1539 1634 1571 ς
1668 1520 1724 1569 et
1739 1528 1848 1583 pro
1869 1525 2006 1581 pur-

358 1613 510 1670 pura
541 1603 894 1658 centonibus
925 1607 1091 1662 indui
1150 1623 1353 1663 semen
1385 1606 1726 1672 inglorium.
1763 1605 1876 1658 Nec
1907 1613 2009 1653 ve-

360 1702 424 1742 ro
452 1688 525 1742 de
556 1705 701 1745 casu
730 1693 893 1764 impii
918 1696 1208 1765 gaudens,
1237 1698 1381 1768 quin
1420 1710 1665 1766 gemens
1691 1697 1747 1748 et
1773 1691 2003 1760 lugens,

362 1778 566 1870 mortis
598 1794 788 1847 genus
816 1784 1033 1850 sugillo
1062 1801 1073 1840 :
1108 1785 1212 1841 sed
1261 1785 1406 1856 quia
1460 1783 1657 1839 malus
1693 1780 1850 1837 male
1881 1793 2009 1849 per-
2039 1814 2084 1870 B

359 1864 488 1930 ibit,
511 1873 571 1921 ut
588 1871 812 1925 veracis
828 1877 916 1927 est
935 1876 1228 1930 sententia
1249 1877 1295 1910 1³
1317 1892 1330 1930 :
1367 1879 1423 1929 et
1445 1873 1641 1929 omnis
1667 1870 1768 1943 qui
1802 1872 2009 1924 contra

363 1955 550 2010 Deum
601 1963 875 2027 proterve
920 1962 1191 2030 insurgit,
1249 1963 1551 2032 condigna
1595 1959 1766 2017 factis
1818 1955 2012 2028 capiet

363 2044 538 2099 etiam
555 2044 672 2099 hic.
691 2049 952 2105 Necdum
970 2053 1126 2106 enim
1151 2052 1286 2108 dico
1315 2053 1576 2107 futurum
1606 2055 1661 2106 et
1677 2053 2008 2104 extremum

366 2133 1462 2229 ifulfillhquoexterminabunturimpii
1489 2133 2008 2205 omnesetinjusti.

368 2219 687 2318 Quid-vero
717 2232 856 2296 post
885 2227 1011 2282 haec
1040 2229 1068 2284 ?
1107 2233 1271 2286 Novo
1300 2230 1462 2285 Josia
1491 2244 1645 2300 opus
1677 2229 1782 2287 est,
1817 2221 1929 2285 vel,
1963 2221 2010 2276 si

369 2309 476 2372 vis,
511 2311 761 2368 Joviano
815 2318 1125 2386 quopiam,
1178 2319 1270 2374 vel
1319 2319 1434 2375 alio
1466 2333 1531 2373 ex
1563 2313 1875 2377 similibus,
1908 2308 2010 2381 Qui

373 2399 601 2469 Domini
635 2401 758 2457 zelo
789 2404 1030 2473 ardens,
1082 2408 1314 2479 dejecta
1367 2409 1589 2477 erigere
1641 2403 1894 2465 studeat,
1928 2398 2013 2454 di-

371 2485 541 2584 uulsa
570 2497 868 2584 coeptare,
921 2497 1037 2550 Deo
1088 2497 1332 2552 reddere
1388 2512 1524 2566 quae
1563 2495 1656 2551 Dei
1686 2497 1823 2546 sunt
1851 2492 1920 2553 1³,
1955 2492 2014 2542 ut

373 2574 604 2640 dicitur,
635 2581 935 2637 restituere
967 2585 1293 2655 imaginem
1322 2585 1529 2642 Christi
1575 2589 1629 2638 et
1660 2581 1920 2652 Deiparaa
1945 2592 2015 2632 ac

376 2665 560 2719 sancti
619 2671 946 2742 cujusque:
977 2689 1097 2728 non
1151 2675 1316 2743 quod
1374 2672 1695 2729 conciderit
1748 2681 2013 2739 unquam

378 2752 586 2808 Christi
616 2756 835 2827 imago,
870 2761 1024 2816 absit
1055 2763 1069 2818 ι
1104 2764 1207 2818 sed
1234 2768 1297 2818 ut
1323 2779 1432 2819 nos
1463 2762 1563 2834 qui
1607 2777 1712 2833 per
1753 2757 2018 2827 impieta-

382 2843 494 2894 tem
526 2845 876 2914 cecidimus,
926 2851 1300 2907 suscitemur.
1358 2855 1502 2907 Eum
1537 2866 1645 2905 nos
1676 2851 2018 2921 peccatores

379 2935 660 2999 OP‘amus
686 2935 1104 3007 imperatorem
1130 2941 1234 3012 qui
1259 2941 1530 2997 videatur
1547 2944 1604 2995 et
1623 2939 1696 2993 sit
1713 2935 2020 3008 piissimus

378 3022 434 3073 et
459 3034 494 3072 a
523 3022 639 3075 Deo
669 3034 1002 3094 promotus.
1033 3031 1098 3084 Et
1126 3030 1172 3083 si
1203 3030 1447 3102 quidem
1494 3030 1573 3084 ita
1600 3028 1692 3093 sit,
1725 3023 2021 3096 optimum

381 3111 435 3161 et
462 3114 684 3166 aeterno
716 3117 1014 3184 praeconio
1052 3118 1503 3174 celebrandum.
1539 3118 1635 3174 Sin
1669 3115 1748 3170 ob
1781 3115 2024 3184 peccata

380 3212 516 3252 mea
545 3215 664 3255 non
691 3202 790 3268 ita,
819 3209 1082 3262 attamen
1115 3223 1226 3261 nos
1255 3209 1335 3263 ita
1363 3208 1421 3262 in
1456 3206 1662 3261 Christi
1697 3201 2028 3259 confessio-

384 3301 489 3341 ne:
523 3304 640 3343 non
675 3300 1020 3361 spernentes
1072 3311 1308 3352 sacrum
1363 3297 1492 3366 ejus
1542 3310 1863 3358 carcerem,
1920 3306 2028 3345 nec

381 3375 792 3447 formidantes,
842 3387 945 3437 aut
995 3384 1330 3456 quidquam
1373 3399 1495 3454 prae
1529 3383 1647 3439 Deo
1674 3386 2025 3444 metuentes,

388 3471 448 3520 ut
478 3466 632 3521 Deus
658 3467 783 3539 ipse
809 3471 1095 3528 hortatur.
1129 3474 1262 3528 Hth
1308 3472 1557 3528 ostende
1588 3469 2030 3526 cont‘essoribus

387 3555 562 3610 sociis
583 3558 729 3612 tuis:
762 3576 914 3630 quos
935 3565 994 3615 et
1013 3577 1083 3616 ex
1110 3561 1284 3616 nobis
1307 3562 1499 3616 saluta
1523 3579 1536 3627 ;
1570 3559 1785 3615 deinde
1810 3563 1863 3613 et
1888 3559 2032 3613 ami-

387 3659 490 3698 cos
522 3650 576 3699 et
605 3646 735 3717 pios
760 3648 862 3718 qui
890 3649 992 3704 tibi
1019 3649 1257 3720 probati
1309 3649 1543 3704 fuerint.
1603 3650 1839 3704 Utinam
1863 3647 2028 3717 digni

387 3749 654 3788 essemus
697 3737 917 3808 quibus
949 3754 1148 3794 coram
1209 3738 1492 3807 congredi
1530 3737 1748 3792 liceret.
1786 3737 1953 3802 Quod
1984 3737 2031 3792 si

393 3836 512 3876 non
543 3828 630 3877 est
660 3823 758 3878 Dei
786 3825 1083 3892 voluntas,
1114 3831 1294 3892 utere,
1352 3827 1530 3882 frater
1561 3826 1660 3889 mi,
1688 3825 1940 3897 epistola
1973 3830 2034 3882 ut

389 3909 528 3965 hinc
559 3912 765 3968 videas
798 3921 854 3969 et
884 3915 1162 3971 videaris.
1202 3918 1400 3972 Frater
1447 3922 1586 3972 tuus
1613 3915 1887 3972 Nicolaus
1917 3915 2032 3970 im-

389 4015 575 4070 pense
604 4001 838 4059 salutat.

566 4200 777 4256 LXXIV.
808 4231 876 4241 --
902 4200 1182 4258 Michaeli
1203 4201 1552 4268 imperatori
1578 4200 1861 4270 principi.

2115 523 2130 542 θ

2109 522 2502 578 ἓπικαταλαϐεἰν
2556 523 2770 576 θάνατον
2798 539 2811 553 ·
2859 516 2968 573 ἔδει
3022 520 3109 570 τὸν
3155 519 3278 578 τοὺς
3325 517 3494 574 θείους
3545 515 3706 573 ναοὺς

2109 617 2471 686 ἓρημώσαντα,
2521 611 2569 664 ἐν
2625 619 2730 680 ναῷ
2785 613 2978 681 Κυρίου
3049 603 3179 660 ἰδεῖν
3241 607 3307 657 τὰ
3357 603 3474 656 κατ’
3538 601 3703 654 αὑτοῦ

2111 703 2231 775 ξίφη
2283 704 2614 774 γυμνούμενα
2644 722 2656 734 ·
2685 696 2790 753 ἔδει
2837 713 3206 770 προσφυγόντα
3242 701 3315 764 τῷ
3349 695 3470 762 θείῳ
3516 692 3704 743 θυσια-

2112 797 2313 867 στηρίῳ
2342 797 2412 864 μὴ
2449 793 2681 848 σωθῆναι
2726 791 2811 840 τὸν
2862 794 3013 839 τοῦτο
3045 783 3369 857 ἀφανίσαντα
3398 798 3410 812 '
3445 782 3581 833 κατὰ
3610 787 3704 840 τῆς

2113 881 2182 944 εἰς
2223 883 2290 935 τὰ
2339 882 2465 953 ἅγια
2521 881 2822 938 ἑκταθείσης
2876 877 3056 949 χειρὸς
3106 876 3268 946 τομὴν
3338 871 3640 943 ἐπαχθῆναι
3679 882 3695 896 ⁶

2111 973 2246 1024 κατά
2291 977 2382 1024 τοῦ
2427 970 2688 1043 λάρυγγος
2734 974 2826 1020 τοῦ
2871 964 3204 1040 ίρευξαμίνου
3248 963 3398 1026 ἄθεα,
3430 960 3706 1032 μάχαιραν

2112 1057 2354 1114 διελάσαι
2387 1082 2398 1093 ·
2429 1060 2565 1111 κατά
2610 1063 2698 1110 τοῦ
2746 1061 2889 1129 ὤμου
2940 1060 3030 1106 τοῦ
3073 1051 3390 1123 παλλομένου
3438 1047 3511 1121 ἐφ’
3561 1045 3706 1120 ῦϐρει

2109 1157 2369 1225 Χριστοῦ,
2420 1151 2629 1222 καιρίαν
2674 1145 2881 1217 πληγὴν
2936 1138 3195 1195 ὑποδῦναι
3224 1159 3237 1172 ·
3272 1141 3399 1210 ὑπὲρ
3443 1136 3706 1208 ἐκχύσεως

2111 1242 2343 1311 αἱμάτων
2393 1235 2610 1291 δικαίων
2665 1235 2796 1306 αἷμα
2849 1229 3033 1285 ἄδικον
3077 1229 3303 1302 χεθῆναι
3337 1245 3348 1257 ·
3383 1225 3496 1278 ἀντὶ
3539 1232 3708 1285 κοπῆς

2111 1334 2200 1381 καὶ
2259 1328 2457 1399 ξεσμῶν
2515 1326 2678 1397 μελῶν
2732 1328 2821 1376 καὶ
2882 1327 3074 1385 νώτων,
3134 1319 3258 1391 με’λη
3319 1324 3545 1374 κοπῆναι
3602 1315 3709 1365 θεο-

2115 1426 2278 1489 στυγῆ
2311 1434 2324 1446 ·
2359 1415 2473 1469 ἀντὶ
2519 1417 2740 1468 θανάτου
2785 1413 2954 1475 ὁσίου,
3006 1409 3211 1462 ἀνόσιον
3241 1407 3456 1460 θάνατον
3487 1398 3709 1455 ἀποδειο

2115 1511 2334 1579 χθῆναι,
2389 1511 2477 1558 καὶ
2532 1503 2645 1556 ἀντὶ
2699 1497 3024 1576 πορφυρίδος
3067 1499 3226 1573 ῥάκος
3275 1491 3601 1547 ἐνδύσασθαι
3649 1492 3709 1543 16

2115 1598 2300 1666 ἄτιμον
2371 1598 2595 1666 σπέρμα.
2653 1595 2752 1646 Καὶ
2799 1590 2892 1642 οὑκ
2937 1588 3337 1659 ἐπιχαιρὸμενος
3364 1591 3434 1654 τῷ
3463 1586 3711 1652 πτώματι

2115 1693 2208 1738 τοῦ
2263 1683 2498 1748 ἀσεϐοῦς,
2532 1685 2639 1735 ἂπεὶ
2697 1685 2786 1732 καὶ
2844 1682 3030 1731 στένων
3058 1680 3149 1728 καὶ
3199 1673 3409 1738 κλαίων,
3467 1665 3711 1742 κωμῳδῷ

2117 1778 2203 1827 τόν
2249 1777 2435 1847 τρόπον
2473 1778 2564 1824 τοῦ
2618 1771 2838 1824 θανάτου
2874 1787 2886 1800 ·
2923 1765 3029 1819 ἀλλ’
3063 1767 3144 1818 ὅτι
3203 1765 3364 1823 κακὸς
3396 1766 3562 1819 κακῶς
3607 1756 3711 1809 ἀπ-

2119 1863 2328 1930 ολεῖται,
2378 1864 2447 1922 ὡς
2492 1863 2522 1920 ἡ
2555 1867 2645 1914 τοῦ
2693 1853 2953 1929 ἀψευδοῦς
3005 1853 3265 1926 ἀπόφασις
3293 1868 3307 1881 '
3339 1853 3428 1902 καὶ
3469 1853 3571 1908 πᾶς
3599 1865 3716 1899 νεα-

2117 1956 2406 2023 νιευὸμενος
2460 1951 2595 2002 κατὰ
2646 1954 2779 2001 Θεοῦ
2837 1943 3088 2018 ἐφάμιλλα
3137 1943 3205 1993 ὧν
3244 1936 3463 2014 ἔδρασεν
3518 1935 3716 1993 ἀπολὴ-

2117 2041 2274 2113 ψεται
2329 2038 2613 2093 κάνταῦθα.
2665 2040 2824 2090 Οὔπω
2860 2036 2961 2106 γάρ
3016 2032 3234 2104 λέγωτὸ
3285 2027 3461 2101 με’λλον
3507 2031 3595 2077 καὶ
3622 2044 3713 2077 ταο

2121 2132 2350 2184 λευταῖον
2404 2136 2529 2203 πῦρ,
2701 2123 3158 2197 δοκιμασθήσεται
3206 2123 3304 2179 πᾶς
3375 2115 3569 2177 ἀσεϐὴς
3623 2118 3715 2166 καὶ

2119 2221 2434 2291 παράνομος.
2467 2222 2530 2270 Τί
2571 2213 2657 2269 οὖν
2697 2216 2827 2287 πρὸς
2856 2220 3024 2265 ταῦτα
3051 2227 3065 2277 ;
3097 2213 3227 2264 Νέου
3259 2207 3465 2262 Ἰωσίου
3497 2208 3657 2279 χρεία
3692 2217 3705 2231 ⁶

2123 2310 2165 2363 εἰ
2191 2305 2250 2362 δὲ
2297 2305 2491 2381 βούλει,
2529 2304 2780 2359 Ἰοϐιανοῦ
2817 2322 2973 2369 τινος,
3025 2301 3055 2360 ἢ
3108 2299 3234 2352 άλου
3283 2305 3382 2349 τῶν
3413 2297 3658 2347 τοιούτων
3694 2306 3711 2322 ⁶

2123 2399 2177 2461 ὂς
2225 2395 2394 2458 ζηλῶν
2444 2403 2516 2465 τῷ
2563 2399 2758 2468 Κυρίῳ,
2819 2392 3084 2443 σπεύσειεν
3143 2386 3437 2460 ἀνορθῶσαι
3481 2385 3547 2435 τὰ
3591 2400 3717 2433 κατ-

2124 2487 2428 2562 ερῥαγμένα,
2490 2483 2722 2554 συνάψαι
2776 2483 2842 2534 τὰ
2907 2476 3190 2540 διεστῶτα,
3249 2469 3537 2527 ἀποδοῦναι
3602 2477 3719 2540 Θεῷ

2123 2579 2188 2629 τὰ
2212 2582 2302 2627 τοῦ
2333 2580 2487 2636 Θεοῦ,
2535 2576 2594 2626 τὸ
2626 2568 2695 2630 δὴ
2744 2570 3027 2642 λεγόμενον,
3088 2565 3385 2623 ἀναστῆσαι
3425 2566 3520 2619 τὴν
3549 2560 3721 2612 εἰκόνα

2125 2669 2380 2739 Χριστοῦ,
2413 2669 2508 2722 τῆς
2544 2681 2595 2714 τε
2639 2664 2916 2722 Θεοτόκου,
2948 2661 3038 2708 καὶ
3090 2655 3314 2706 ἑκάστου
3354 2657 3453 2702 τῶν
3489 2648 3648 2720 ἁγίων
3696 2662 3711 2675 ⁸

2125 2753 2231 2825 οὑχ
2282 2754 2363 2804 ὁτι
2397 2753 2628 2803 πίπτωκέ
2655 2767 2778 2802 ποτε
2806 2749 2836 2805 ἡ
2870 2751 3106 2820 Χριστοῦ
3159 2742 3326 2808 εἰκὼν,
3355 2741 3523 2810 ἄπαγε
3562 2753 3577 2766 ·
3609 2735 3718 2788 ἀλλ’

2128 2844 2212 2896 ἵνα
2255 2844 2303 2894 οἱ
2347 2845 2590 2901 πεσόντες
2648 2840 2813 2909 ἡμεῖς,
2872 2843 2932 2908 τῇ
2993 2832 3220 2903 ἀσεϐείᾳ,
3283 2829 3716 2898 ἀνασταθείημεν.

2127 2938 2368 2986 Τοιοῦτον
2428 2929 2756 3000 ἐπευχόμεθα
2807 2928 2856 2977 οἱ
2899 2921 3195 2995 ἁμαρτωλοὶ
3229 2923 3319 2971 καὶ
3371 2916 3591 2990 φανῆναι
3633 2919 3723 2966 καὶ

2131 3023 2344 3075 ἔσεσθαι
2396 3023 2481 3071 τόν
2535 3015 2896 3071 εὐσεϐέστατον
2929 3011 3151 3086 βασιλέα
3196 3013 3285 3060 καὶ
3323 3003 3717 3079 θεοπρὸϐλητον.

2136 3115 2237 3164 Καὶ
2291 3109 2333 3162 εἰ
2385 3112 2474 3180 μὶν
2527 3107 2705 3171 οὑτως,
2761 3105 2975 3177 ἄριστον
3032 3103 3122 3152 καὶ
3175 3098 3246 3160 είς
3305 3096 3489 3155 αἰῶνας
3536 3094 3726 3165 ὑμνού-

2136 3219 2302 3273 μενον.
2364 3198 2422 3250 Ei
2475 3193 2533 3250 δί
2588 3197 2724 3247 κατὰ
2779 3194 2870 3254 τὰς
2915 3191 3178 3265 ἁμαρτίας
3229 3205 3351 3259 μου,
3409 3183 3514 3255 οὐχ
3545 3183 3725 3246 οὕτως,

2138 3288 2265 3340 ἀλλά
2296 3306 2356 3359 γε
2403 3289 2554 3358 ἡμεῖς
2609 3285 2773 3345 οὑτως
2823 3280 2871 3332 ἐν
2922 3288 2984 3353 τῇ
3047 3277 3296 3350 ὁμολογίᾳ
3349 3279 3606 3346 Χριστοῦ,
3654 3273 3728 3343 μὴ

2139 3357 2503 3450 ὀλιγωροῦντες
2563 3381 2658 3433 τῆς
2719 3369 2875 3442 ἀγίας
2937 3367 3097 3420 αὑτοῦ
3163 3363 3389 3437 φυλακῆς
3420 3378 3434 3394 ο
3489 3357 3630 3432 μηδέ
3682 3377 3734 3410 τι

2139 3469 2564 3523 ὑποπτήσσοντες
2597 3478 2609 3492 ’
2640 3457 2781 3533 μηδὶ
2836 3457 3139 3531 φοϐούμενοι
3181 3454 3303 3506 ἄλλο
3335 3471 3386 3504 τι
3414 3453 3514 3525 πρὸ
3545 3455 3682 3503 Θεοῦ
3718 3469 3733 3482 ·

2140 3560 2207 3618 ὡς
2236 3555 2391 3616 αὑτὸς
2450 3555 2578 3612 Θεὸς
2613 3549 2880 3622 ἐγγυᾶται.
2936 3553 3116 3599 Ταῦτα
3173 3539 3446 3604 ὑπόδειξον
3475 3545 3584 3599 τοῖς
3615 3557 3736 3590 συν-

2140 3645 2486 3718 ομολογηταῖς
2511 3661 2604 3693 σου
2635 3655 2647 3669 ⁸
2689 3639 2779 3700 οὓς
2807 3641 2896 3689 καὶ
2922 3635 3044 3707 παρ’
3074 3637 3220 3705 ἡμῶν
3255 3633 3688 3703 πρασαγόρευσον
3722 3645 3737 3660 ο

2142 3716 2248 3787 ἐπεὶ
2303 3736 2391 3784 καὶ
2421 3730 2594 3803 φίλους
2645 3732 2734 3780 καὶ
2787 3723 3012 3785 εὐσεϐεῖς
3065 3722 3154 3784 οὓς
3185 3717 3520 3792 δοκιμάζοις.
3555 3716 3740 3779 Ἀξιω-

2145 3826 2347 3894 θείημεν
2399 3824 2488 3872 καὶ
2535 3818 2617 3872 ἐπὶ
2669 3825 2759 3877 τῆς
2805 3815 2918 3867 κατ’
2957 3812 3256 3885 ὀφθαλμοὺς
3298 3809 3503 3881 ὁμιλίας
3557 3805 3738 3859 ἔλθεῖν.

2143 3916 2203 3966 Ei
2255 3908 2314 3964 δὲ
2343 3910 2401 3963 οὑ
2443 3907 2652 3966 θελητόν
2704 3912 2841 3974 Θεῷ,
2881 3910 3018 3975 χρῶ,
3077 3896 3264 3971 ἀδελφέ
3303 3917 3423 3968 μου,
3457 3903 3531 3966 τῷ
3566 3897 3745 3966 γράμ-

2143 4020 2270 4074 ματι
2302 4022 2314 4034 ·
2344 4001 2544 4072 θεωρῶν
2594 3996 2817 4049 ἄντεῦθεν
2865 3996 2954 4044 καὶ
3006 3990 3367 4064 θεωρούμενος.
3406 3984 3466 4037 Ὀ
3523 3981 3746 4055 ἀδελφός

2147 4110 2241 4144 σου
2272 4087 2520 4146 Νικόλαος
2553 4087 2747 4157 θερμῶς
2775 4081 3171 4156 προσαγορεύει.

2182 4196 2294 4250 ΟΔ“.
2329 4227 2394 4235 —
2427 4191 2694 4266 Μιχαὴλ
2733 4187 3160 4260 αὐτοκράτορι
3201 4181 3484 4256 βασιλεῖ.
3517 4174 3712 4266 [υιῖδῖ]

689 4323 900 4372 Novum
935 4325 1314 4388 imperatorem
1350 4325 1562 4388 magnis
1593 4324 1873 4388 praeconiis
1911 4321 2132 4379 extollit,
2165 4320 2524 4372 orthodoxum
2555 4319 2728 4366 ratus.
2755 4315 2965 4376 (Baron.
2994 4324 3083 4362 an.
3120 4310 3232 4367 821,
3265 4321 3321 4357 n.
3351 4307 3452 4366 21.)

467 4430 732 4501 Equum
761 4436 850 4484 est
879 4446 1064 4500 quam
1098 4432 1359 4503 mayime
1390 4432 1502 4486 hoc
1529 4438 1796 4502 tempore
1836 4447 1909 4486 ex
1937 4446 2039 4486 ore
2081 4433 2120 4486 D

396 4519 689 4585 omnium,
739 4520 843 4590 qui
898 4521 1374 4590 persecutionem
1410 4522 1571 4590 passi
1631 4525 1792 4584 sunt,
1841 4519 2041 4590 parari

395 4605 658 4673 laudem,
715 4608 975 4679 primum
1019 4609 1263 4678 quidem
1331 4609 1558 4665 Christo
1613 4609 2041 4664 universorum

398 4709 554 4763 regi:
583 4695 800 4750 deinde
846 4704 1063 4759 vestro,
1096 4697 1379 4754 divinitus
1409 4697 1733 4753 constituto
1769 4696 2040 4767 imperio,

398 4799 505 4854 per
521 4784 683 4855 quod
706 4784 905 4855 adepti
933 4802 1143 4840 sumus
1164 4787 1586 4842 relaxationem
1614 4786 1810 4850 vincti,
1839 4785 2044 4840 dimis-

401 4873 630 4928 sionem
655 4876 958 4938 carcerati,
980 4875 1452 4930 consolationem
1479 4875 1698 4936 aﬂlicti,
1724 4875 2043 4929 sanitatem

401 4962 1059 5028 vulnerati,libertatem
1072 4965 1477 5027 condemnati,
1510 4964 1760 5018 reditum
1787 4962 2044 5018 exsules.

405 5052 721 5124 thuidem
733 5056 889 5106 recte
906 5052 1107 5107 videor
1119 5053 1464 5107 existimare
1477 5052 1871 5106 imitationem
1889 5051 2049 5105 Chri-

402 5140 472 5195 sti
526 5141 843 5212 imperium
897 5146 1155 5196 vestrum
1207 5142 1504 5196 futurum:
1543 5146 1604 5194 ut
1633 5140 1824 5194 simile
1870 5138 2048 5194 simili

404 5229 684 5296 reddens,
711 5231 868 5285 dicat
897 5246 1056 5284 nunc
1081 5236 1137 5285 et
1165 5231 1385 5300 ipsum,
1411 5245 1550 5282 cum
1576 5228 1798 5283 Christo
1831 5233 1886 5281 et
1916 5232 2051 5298 post

405 5318 722 5384 Christum,
757 5321 847 5373 his
876 5321 980 5390 qui
1010 5319 1192 5374 vincti
1215 5325 1389 5373 sunt:
1422 5318 1598 5373 Exite
1618 5331 1640 5385 ,'
1663 5321 1718 5372 et
1749 5316 1838 5372 his
1869 5318 1973 5387 qui
1989 5317 2052 5371 in

409 5408 662 5463 tenebris
683 5428 703 5464 :
728 5405 1093 5463 Reuelamini
1122 5407 1192 5476 ιι,
1222 5411 1277 5460 et
1302 5422 1320 5464 :
1377 5404 1735 5463 Benedictus
1771 5405 2053 5462 Dominus

490 5586 536 5620 ¹²
567 5583 762 5642 Matth.
795 5599 910 5648 χιι,
934 5583 1025 5638 41.
1099 5582 1146 5620 ³³
1173 5583 1372 5644 Matth.
1401 5599 1542 5654 nn,
1571 5584 1660 5642 21.

2222 4432 2430 4482 Δίκαιόν
2481 4425 2622 4477 ἐστιν
2678 4427 2759 4474 ο’τι
2819 4420 3053 4494 μάλιστα
3098 4416 3146 4470 ἓν
3194 4423 3265 4487 τῷ
3316 4417 3538 4486 παρόντι
3580 4419 3747 4484 καιρῷ

2151 4538 2182 4569 κ
2250 4521 2500 4576 στόκατος
2563 4511 2799 4564 ἀπάντων
2861 4516 2961 4561 τῶν
3019 4503 3382 4576 δεδιωγμενων
3438 4501 3749 4572 καταρτίξεο

2156 4609 2280 4659 σθαι
2329 4601 2488 4667 αἶνον,
2547 4603 2950 4674 προηγουμένως
3005 4600 3094 4669 μὶν
3152 4600 3367 4666 Χριστῷ
3417 4599 3488 4661 τῷ
3543 4587 3750 4660 παμϐα-

2155 4694 2305 4759 σιλεί,
2370 4695 2545 4744 ἔπειτα
2597 4698 2668 4761 τῷ
2721 4691 2946 4761 ὑμετέρῳ
3005 4682 3365 4757 θεοπροϐλήτῳ
3417 4681 3614 4752 κράτει,
3676 4673 3748 4731 δι’

2155 4784 2213 4836 οὗ
2259 4783 2556 4855 ἐσχήκαμεν
2598 4785 2692 4838 τὴν
2746 4775 3106 4848 ἀπολύτρωσιν
3151 4772 3198 4825 οἰ
3244 4765 3615 4840 πεπεδημένοι,
3660 4769 3752 4823 τὴν

2155 4873 2338 4944 ἄφεσιν
2394 4872 2444 4922 οἱ
2520 4868 2976 4940 πεφυλακισμένοι,
3034 4867 3128 4921 τὴν
3202 4858 3531 4932 παράκλησιν
3578 4857 3629 4908 οἱ
3678 4873 3753 4906 τε·

2156 4963 2504 5033 τρυχωμίνοι,
2579 4961 2674 5015 τὴν
2725 4957 2924 5026 ὑγίειαν
2981 4954 3030 5004 οἱ
3095 4949 3612 5022 τετραυματισμένοι,
3663 4947 3755 5000 τὴν

2159 5049 2456 5123 παρρησίαν
2521 5049 2571 5099 οἱ
2626 5045 3053 5117 κατακεκριμένοι
3130 5041 3291 5110 [389.
3342 5035 3472 5092 cod.
3543 5049 3757 5084 κατακεο

2161 5136 2495 5210 κρυμμένοι],
2561 5140 2655 5194 τὴν
2749 5135 3079 5204 ὑποστροφὴν
3163 5128 3213 5180 οἱ
3276 5119 3749 5196 πεφυγαδευμένοι.

2167 5232 2266 5280 Καὶ
2297 5246 2357 5298 γε
2385 5227 2582 5298 νομίζω
2635 5223 2804 5284 καλῶς
2856 5216 3254 5291 ὑπολαμϐάνειν,
3303 5217 3371 5275 ὡς
3422 5211 3757 5264 ὑποτύπωσιν

2161 5323 2398 5391 Χριστοῦ
2447 5319 2504 5367 τό
2533 5322 2628 5376 τῆς
2675 5314 2923 5384 ὑμετέρας
2963 5306 3234 5382 βασιλείας
3272 5304 3438 5362 πάθος
3487 5299 3758 5368 προϋπάρ-

2166 5405 2251 5468 ξαι
2293 5422 2307 5436 ο
2334 5406 2405 5467 ὡς
2442 5403 2502 5456 ἂν
2530 5411 2602 5473 τῷ
2634 5404 2795 5474 ὁμοίῳ
2851 5401 2910 5451 τὸ
2955 5399 3129 5470 ὅμοιον
3174 5390 3444 5467 δράσασα,
3497 5391 3632 5442 εἶποι
3673 5393 3760 5436 νῦν

1738 5583 1784 5621 ¹⁴
1809 5585 1920 5642 lsa.
1953 5597 2104 5650 nix,
2135 5581 2190 5640 9.
