4062 6280
320 358 462 419 1309

1602 363 2114 423 EPISTOLARUM
2156 366 2290 423 LIB.
2334 367 2401 424 II.

3542 362 3676 421 1310

313 492 404 540 καὶ
448 487 580 546 αῦτή
626 492 720 542 σὺν
786 495 999 564 Χριστῷ
1052 494 1142 543 καὶ
1178 492 1308 562 μετά
1355 498 1611 563 Χριστοῦ,
1672 500 1811 555 τοῖς
1857 491 1900 545 ίι

2028 495 2183 550 Deus
2216 496 2427 565 Israel,
2459 495 2741 567 quoniam
2758 497 2943 553 exerit
2965 510 3155 552 cornu
3182 494 3392 550 salutis
3412 493 3579 549 nobis
3605 493 3678 561 1⁵,

315 572 611 649 δεσμοῖς,
656 578 972 642 Ἐξέλθετε
1021 593 1028 607 '

312 648 891 722 ’Δνακαλύπτεσθι
962 674 1081 734 Καὶ,
1148 669 1519 740 Εὐλογητὸς
1590 648 1826 745 Κύριος
1890 671 1917 723 6

313 759 470 818 Θεὸς
499 765 616 811 τοῦ
655 758 936 830 Ἰσραήλ,
964 759 1064 811 ὃτι
1103 762 1327 831 ἤγειρε
1364 764 1549 832 κέρας
1590 766 1918 834 σωτηρίας

311 846 486 916 ἡμῖν,
544 850 632 898 τὸν
682 852 789 900 νέον
826 844 1014 910 Δαυῖδ,
1058 851 1146 900 τόν
1185 844 1423 920 δεύτερον
1448 848 1675 914 Ἰωσίαν,
1708 854 1795 902 τόν
1828 857 1917 910 τῆς

312 933 654 1010 εὶρηναρχίας
684 935 908 1009 βασιλέα
925 957 938 969 ·
964 936 1019 997 ὃς
1041 946 1201 990 ποιῶν
1221 941 1434 996 ποιήσει
1461 941 1527 990 τὰ
1553 937 1748 1010 ἀρεστὰ
1766 946 1879 1009 Θεῷ
1898 955 1915 976 ο

312 1022 371 1086 ὃς
422 1026 489 1076 τά
519 1030 831 1078 πεπτωκότα
883 1025 1194 1084 ἀναστήσεις
1245 1041 1258 1053 ·
1314 1030 1380 1079 τά
1410 1024 1767 1099 διατμηθέντα
1798 1047 1917 1080 συν-

311 1112 461 1183 άψειε
499 1128 512 1141 ⁸
574 1120 805 1185 μοτώσει
856 1118 946 1167 καὶ
993 1116 1204 1186 ύγιάσει
1238 1132 1250 1145 ’
1283 1120 1374 1169 καὶ
1416 1124 1479 1188 τῇ
1533 1121 1679 1189 τρίτῃ
1722 1119 1911 1193 ἡμέρᾳ,

309 1210 647 1274 προφητικῶς
697 1203 874 1268 εἰπεῖν,
928 1203 1287 1263 ἀναστήσειεν.
1340 1203 1556 1264 Ἐπειδὴ
1614 1201 1693 1269 δὲ,
1756 1205 1913 1277 βασι-

307 1289 393 1343 λεῦ
444 1296 865 1366 Χριστομίμητε,
923 1295 972 1345 οἱ
1033 1295 1321 1365 φθάσαντες
1372 1293 1422 1345 ἐν
1605 1297 1802 1368 αἱρέσει
1860 1315 1913 1348 τε

308 1379 560 1438 λευτῆσαι
590 1383 639 1433 ἓν
678 1379 861 1455 μερίδι
910 1381 1165 1445 ἀπωλείας
1214 1387 1438 1453 ᾤχοντο,
1493 1387 1725 1456 Χριστὸν
1756 1385 1911 1456 ἠρνή-

308 1473 454 1540 μένοι
510 1478 573 1543 τῇ
630 1478 721 1530 τῆς
766 1470 957 1533 εἰκόνος
1018 1471 1179 1524 αὑτοῦ
1234 1470 1471 1546 ἀρνήσει,
1522 1472 1615 1524 κᾶν
1656 1481 1912 1548 Χριστια-

306 1563 380 1609 νοὶ
418 1557 792 1630 ὀνομάζωνται.
848 1566 917 1612 Τό
968 1562 1069 1635 γάρ
1099 1580 1181 1613 τοι
1234 1564 1495 1613 πιστεύειν
1554 1562 1623 1624 εἰς
1682 1566 1910 1634 Χριστὸν

1106 585 1214 633 καὶ
1253 588 1390 643 τοῖς
1431 584 1487 633 ἓν
1549 590 1631 652 τῷ
1673 588 1914 648 σκότει,

308 1643 461 1699 οὐδὲν
518 1649 685 1723 ἔτερόν
763 1647 924 1715 ἔστιν,
981 1649 1010 1708 ἦ
1067 1652 1148 1702 ὅτι
1202 1651 1228 1700 6
1284 1652 1406 1711 Υἱός
1465 1659 1557 1702 τοῦ
1633 1658 1766 1703 Θεοῦ
1821 1658 1906 1703 καὶ

308 1740 533 1811 Πατρός,
566 1739 838 1812 ἄνθρωπος
874 1744 1094 1810 γεγονὼς
1130 1739 1340 1804 τέλειος,
1373 1739 1738 1802 ἐξεικονίζεται
1792 1739 1909 1793 καθ’

306 1826 559 1897 ὁμοίωσιν
614 1829 643 1885 ἡ
652 1835 761 1898 μῶν
792 1845 804 1857 '

304 1918 465 1985 μένων
521 1916 547 1966 6
599 1915 754 1978 αὐτὸς
830 1915 1216 1989 ἀπερίγραπτος
1295 1921 1387 1969 σὺν
1465 1922 1631 1991 Πατρί
1697 1937 1752 1970 τε
1816 1924 1907 1973 καὶ

306 2006 585 2074 Πνεύματι,
619 2006 751 2057 καθό
782 2003 895 2056 ἔστι
943 2009 1071 2067 Θεὸς
1098 2006 1360 2069 ἀληθινός.
1415 2007 1592 2067 Οὖτως
1619 2003 1708 2059 οὖν
1737 2014 1904 2059 νοοῖτο

305 2098 519 2165 μεσίτης
570 2101 703 2147 Θεοῦ
752 2100 840 2147 καὶ
896 2093 1176 2170 ἀνθρώπων
1211 2116 1223 2127 ·

304 2200 427 2253 τερα
466 2184 622 2254 ἔχων,
663 2188 752 2235 καὶ
802 2182 850 2234 ἐν
908 2184 1130 2255 ἑκατέρῳ
1182 2181 1297 2237 οὐδ’
1346 2186 1517 2237 ὁτιοῦν
1568 2185 1899 2257 λειπόμενος⁶

304 2273 471 2331 καθὼς
524 2271 659 2333 ἄπας
690 2273 715 2324 6
744 2280 843 2324 τῶν
900 2275 1153 2347 θεοφόρων
1200 2277 1364 2348 χορός
1395 2272 1515 2346 βοᾷ.
1572 2278 1672 2327 Καὶ
1727 2275 1900 2348 ὥσπερ

304 2358 387 2411 ἐπὶ
430 2369 523 2412 τοῦ
565 2362 811 2434 ὑμετέρου
843 2364 1121 2434 κράτουςὴ
1155 2359 1449 2435 παραδοχή
1499 2372 1591 2422 τῆς
1646 2369 1903 2435 τυπουμέ-

746 2450 995 2521 όμολογία
1051 2454 1166 2503 ἐστὶ
1218 2460 1308 2504 τοῦ
1394 2450 1690 2524 βασιλεύειν
1748 2454 1898 2523 ὑμᾶς,

1276 2100 1343 2158 ὡς
1403 2094 1699 2169 ἀμφοτέρων
1738 2098 1904 2168 ἀμφό-

304 2469 362 2505 νη
376 2468 396 2508 ς
447 2450 658 2515 εἰκόνος,

303 2540 535 2611 καθάπερ
573 2544 661 2591 καὶ
690 2542 749 2591 τό
806 2540 1023 2611 ἔμπαλιν
1057 2558 1069 2570 ’
1104 2543 1238 2592 οὕτω
1291 2545 1379 2593 καὶ
1410 2539 1493 2593 ἐπὶ
1524 2548 1757 2611 Χριστοῦ
1810 2550 1901 2594 τοῦ

306 2624 568 2698 βασιλέως
623 2630 799 2690 πάσης
850 2636 944 2690 τῆς
994 2637 1113 2699 γῆς,
1148 2634 1203 2680 τό
1234 2630 1357 2681 αύτό
1409 2632 1519 2681 ἔστι
1570 2628 1761 2696 λαϐεῖν,
1812 2636 1901 2683 καὶ

303 2714 472 2784 πολλῷ
537 2716 747 2787 μᾶλλον,
799 2718 876 2769 ὅτι
936 2726 1049 2779 τῆς
1110 2715 1455 2790 βασιλείας
1516 2718 1721 2770 αὐτοῦ
1788 2719 1899 2770 οῦκ

305 2804 487 2887 ἔσται
525 2804 717 2865 τέλος.
762 2806 826 2861 Εἰ
855 2802 942 2857 οὖν
971 2807 1019 2857 ἐν
1049 2815 1110 2878 τῇ
1153 2806 1370 2878 ἀρνήσει
1400 2815 1490 2867 τῆς
1516 2807 1707 2869 εἰκόνος
1737 2816 1898 2882 Χρισ-

303 2900 416 2955 τοῦ,
458 2893 608 2944 αὐτόν
638 2894 899 2965 ήρνῆσθσι
937 2898 1163 2969 Χριστόν
1195 2893 1569 2948 ἀποδέδεικται
1600 2899 1744 2969 πάσῃ
1774 2896 1902 2954 ἀλη-

305 2982 441 3053 θείᾳ⁶
480 2979 723 3039 δηλονότι
766 2989 855 3035 καὶ
885 2983 933 3036 ἐν
982 2993 1043 3057 τῇ
1079 2983 1322 3042 ἀθετήσει
1366 2994 1460 3045 τῆς
1498 2992 1899 3056 προσκυνήσεως

306 3069 488 3134 αὐτῆς,
540 3072 694 3131 αύτός
734 3076 960 3144 Χριστός
1012 3074 1266 3132 ἠθέτηται
1319 3077 1754 3145 προσκυνεῖσθαι.
1799 3081 1899 3128 Καὶ

301 3156 397 3211 διά
426 3168 578 3212 τοῦτο
634 3163 662 3219 ἡ
720 3162 808 3213 ὑπ’
836 3162 1049 3237 οὐρανὸν
1096 3161 1182 3215 ἀπ’
1214 3163 1377 3215 αὑτοῦ
1406 3171 1498 3214 τοῦ
1549 3163 1898 3216 ἀποστολικοῦ

299 3251 639 3320 κηρύγματος
673 3266 684 3279 ’
739 3254 808 3310 ὡς
857 3259 1114 3323 μαρτυρεῖ
1154 3256 1244 3303 καὶ
1299 3251 1480 3322 ἡὸψις
1510 3249 1581 3304 δι’
1640 3255 1896 3325 ἱστορίας,

299 3342 389 3389 καὶ
420 3340 449 3395 ἡ
487 3337 615 3396 ἀκοὴ
669 3336 761 3391 διὰ
799 3339 1147 3412 λογογραφίας
1175 3361 1189 3373 ’
1232 3346 1325 3400 τήν
1355 3340 1509 3412 ἁγίαν
1567 3342 1737 3394 εἰκόνα
1768 3350 1900 3415 Χρι-

301 3434 453 3490 στοῦ,
486 3435 576 3488 τῆς
607 3433 877 3498 Θεοτόκου,
920 3438 1019 3480 τῶν
1064 3428 1291 3501 ἀγγέλων
1350 3446 1363 3457 ·
1430 3428 1609 3490 ἐπειδὴ
1664 3452 1898 3504 σωματο-

296 3524 618 3590 γραφοῦνται
701 3522 792 3570 καὶ
842 3519 987 3571 οὗτοι
1052 3520 1439 3585 θεοκελεύστως,
1507 3526 1694 3594 καίπερ
1763 3525 1901 3583 ὅντες

298 3603 593 3676 ἀσώματοι,
622 3614 719 3658 τῶν
747 3610 880 3659 κατὰ
934 3611 1114 3681 καιρὸν
1165 3608 1344 3679 ἁγίων,
1396 3612 1444 3661 ἓν
1490 3629 1544 3662 τε
1590 3619 1700 3672 τοῖς
1749 3613 1899 3672 θείοις

295 3702 458 3759 ναοῖς,
512 3701 602 3746 καὶ
651 3697 803 3767 ἱεροῖς
850 3699 1058 3749 σκεύεσι
1100 3701 1326 3770 φέρουσά
1372 3697 1484 3750 ἐστι
1535 3704 1624 3751 καὶ
1673 3719 1900 3771 προσκυ-

297 3791 480 3839 νοῦσα.
541 3783 645 3837 Κάν
706 3786 827 3853 ἄρτι
878 3787 908 3842 ἡ
973 3786 1090 3837 καθ’
1147 3788 1283 3857 ημᾶς
1350 3786 1633 3845 Ἐκκλησία
1683 3786 1898 3863 διαῤῥα-

296 3880 453 3942 γεῖσα
478 3881 578 3924 τῶν
624 3877 894 3946 τεσσάρων
948 3883 1313 3946 πατριαρχών,
1369 3876 1601 3945 ἠνόμησε
1632 3873 1895 3939 διακενῆς,

298 3960 457 4016 Ἀλλά
510 3969 614 4014 νῦν
654 3966 877 4036 καιρὸς
916 3960 1422 4035 εὐπρόσδεκτος,
1467 3962 1703 4018 δέσποτα
1754 3966 1895 4038 φιλο-

296 4055 619 4123 χριστότατε
651 4070 665 4082 ⁸
724 4059 832 4103 νῦν
870 4053 1075 4125 ἡμέρα
1115 4057 1466 4126 σωτηρίας,
1509 4054 1897 4125 καταλλαγῆναι

296 4140 437 4211 ἡμᾶς
486 4148 718 4213 Χριστῷ,
778 4148 839 4213 τῇ
891 4146 1128 4213 μεσιτείᾳ
1173 4148 1261 4194 καὶ
1312 4139 1527 4216 εὐδοκία
1575 4152 1670 4206 τῆς
1721 4150 1884 4217 εἰρην-

296 4228 469 4301 αρχου
526 4248 619 4281 σου
666 4228 942 4301 βασιλείας
1001 4246 1014 4258 ·
1074 4230 1324 4288 ένωθῆναι
1374 4233 1512 4302 ἡμᾶς
1570 4241 1632 4305 τῇ
1693 4242 1891 4307 κορυφῇ

291 4327 390 4368 τῶν
422 4317 741 4377 Ἐκκλησιῶν
789 4327 878 4370 τοῦ
912 4327 1046 4371 Θεοῦ
1082 4318 1255 4391 Ῥώμῃ
1296 4338 1308 4350 ·
1355 4326 1442 4372 καὶ
1480 4318 1579 4372 δι”
1606 4326 1764 4382 αὐτῆς
1790 4330 1894 4382 τοῖς

2027 600 2249 640 novum
2288 585 2760 655 David,alterum
2797 583 3285 656 Josiam,paciﬁci
3317 582 3553 654 imperii
3592 597 3678 637 re-

2026 689 2194 744 gem:
2223 676 2326 746 qui
2368 675 2590 730 faciens
2631 675 2805 731 faciet
2844 691 2979 747 quae
2997 674 3369 746 placitasunt
3399 674 3517 727 Deo
3542 670 3676 743 :qui

2024 763 2195 833 lapsa
2207 764 2755 829 restituet,dissecta
2770 764 2900 834 conj
2913 769 3111 832 unget,
3128 761 3481 833 percutietet
3499 776 3674 815 sana-

2024 852 2371 917 bit,ettertia
2384 853 2500 916 die,
2518 853 2936 924 utprophetice
2954 852 3166 923 loquar
3188 854 3255 917 ¹⁶,
3273 848 3674 905 resuscitabit.

2026 942 2321 1006 Quoniam
2340 946 2561 1007 autem,
2581 942 2788 998 Christi
2832 941 3047 996 aemulo
3074 941 3419 1011 imperator,
3442 955 3596 1011 quos
3613 939 3673 994 in

2023 1030 2235 1085 haeresi
2284 1048 2445 1086 mors
2502 1032 2841 1103 occupavit,
2872 1030 2910 1086 ii
2956 1031 3014 1086 in
3060 1029 3409 1103 perditionis
3441 1033 3673 1101 partem

2025 1120 2318 1186 abierunt,
2347 1120 2647 1177 Christum
2679 1127 2968 1190 negantes
2994 1120 3140 1175 dum
3173 1120 3302 1189 ejus
3346 1118 3675 1188 imaginem

2023 1215 2337 1279 negarunt,
2369 1210 2649 1282 quamvis
2685 1209 2998 1266 Christiani
3045 1208 3510 1280 appellarentur.
3546 1209 3676 1262 Cre-

2021 1300 2161 1354 dere
2187 1300 2347 1355 enim
2378 1299 2438 1355 in
2465 1298 2767 1355 Christum
2793 1298 2936 1354 nihil
2971 1298 3134 1353 aliud
3162 1303 3267 1361 est,
3300 1313 3485 1370 quam
3508 1298 3672 1367 quod

2023 1388 2197 1443 Filius
2232 1389 2328 1443 Dei
2359 1396 2413 1442 et
2440 1389 2640 1452 Patris,
2689 1386 2983 1460 perfectus
3034 1387 3219 1442 homo
3277 1387 3491 1451 factus,
3525 1386 3675 1440 ima-

2020 1477 2155 1547 gine
2172 1478 2520 1547 exprimitur
2538 1476 2872 1531 secundum
2894 1475 3344 1531 similitudinem
3365 1480 3630 1529 nostram
3655 1491 3668 1529 :

2023 1571 2083 1621 ut
2110 1582 2229 1620 non
2263 1568 2336 1621 sit
2368 1566 2529 1621 aliud
2560 1565 2877 1638 quidpiam
2902 1581 3088 1636 quam
3123 1581 3333 1618 sumus
3364 1580 3475 1618 nos
3503 1576 3516 1615 :
3552 1579 3672 1618 ma-

2018 1671 2166 1711 nens
2198 1656 2356 1711 idem
2406 1655 2954 1724 incircumscriptus
2976 1670 3113 1709 cum
3146 1654 3311 1708 Patre
3343 1656 3400 1707 et
3427 1651 3670 1721 Spiritu,

2017 1750 2315 1816 quatenus
2346 1749 2433 1800 est
2484 1761 2659 1799 verus
2717 1748 2890 1799 Deus.
2953 1742 3044 1799 Sic
3077 1743 3276 1814 itaque
3312 1742 3674 1811 intelligatur

869 1829 954 1880 ἵνα
1001 1833 1072 1900 μὴ
1123 1829 1246 1881 ἄλλο
1300 1848 1350 1880 τι
1409 1832 1484 1886 εἴη
1549 1828 1669 1903 παρ’
1723 1831 1900 1901 ἡμᾶς·

2018 1833 2313 1889 mediator
2326 1833 2424 1887 Dei
2446 1839 2502 1888 et
2521 1832 2858 1897 hominum,
2884 1811 3507 1903 tanquamwutriusque
3521 1836 3675 1885 utra-

2015 1938 2133 1994 que
2181 1922 2432 1987 habens,
2466 1927 2521 1977 et
2550 1923 2609 1977 in
2670 1922 2896 1976 utrovis
2928 1920 3093 1975 nulla
3125 1925 3291 1992 parte
3318 1919 3669 1975 destitutus:

2016 2012 2379 2067 sicutomnis
2399 2016 2740 2067 sanctorum
2767 2011 3002 2064 Patrum
3042 2010 3261 2064 chorus
3292 2007 3669 2065 vociferatur.

2016 2103 2082 2156 Et
2133 2102 2283 2157 sicut
2338 2102 2394 2155 in
2454 2100 2705 2171 imperio
2756 2104 2972 2161 vestro,
3039 2113 3330 2166 expressae
3388 2096 3672 2165 imaginis

2012 2191 2329 2261 susceptio,
2364 2189 2663 2245 confessio
2689 2193 2776 2243 est
2802 2188 3033 2257 imperii
3084 2187 3255 2241 vestri
3280 2202 3295 2252 ;
3336 2192 3390 2241 et
3420 2190 3625 2241 contra
3655 2204 3668 2243 :

2011 2281 2092 2335 ita
2121 2285 2176 2334 et
2200 2280 2258 2334 in
2281 2278 2509 2333 Christo
2530 2293 2667 2347 rege
2702 2277 2994 2332 universae
3026 2281 3193 2331 terra:
3222 2275 3381 2330 idem
3433 2290 3671 2329 sumere

2010 2370 2163 2434 licet,
2180 2384 2248 2423 ac
2264 2367 2447 2422 multo
2464 2368 2675 2434 magis,
2690 2366 2834 2437 quia
2854 2366 3157 2435 regniejus
3178 2380 3297 2419 non
3319 2365 3429 2419 erit
3447 2364 3668 2432 ﬁnis”.

2013 2459 2068 2515 Si
2095 2473 2236 2527 ergo
2258 2458 2317 2512 in
2348 2456 2665 2525 negatione
2692 2455 2971 2524 imaginis
3001 2454 3233 2517 Christi,
3269 2453 3470 2524 negari
3506 2451 3672 2508 Chri-

2012 2552 2167 2601 stum
2185 2546 2405 2616 ipsum,
2424 2544 2588 2600 omni
2608 2544 2851 2599 veritate
2877 2543 3362 2597 demonstratum
3386 2548 3472 2594 est
3499 2557 3511 2605 ;
3542 2555 3669 2611 per-

2012 2634 2290 2706 spicuum
2340 2638 2427 2688 est
2483 2638 2537 2687 et
2588 2631 2954 2687 adorationis
3006 2631 3137 2702 ejus
3196 2629 3659 2698 improbatione,

2012 2722 2218 2779 Christi
2235 2737 2477 2795 quoque
2494 2721 2683 2791 ipsius
2705 2719 3117 2774 adorationem
3142 2717 3443 2786 abrogari.
3470 2720 3666 2787 Atque

2010 2811 2143 2866 ideo
2172 2810 2443 2865 universa
2460 2824 2591 2880 qua
2617 2807 2730 2862 sub
2762 2806 2911 2863 coelo
2934 2811 3038 2870 est,
3075 2809 3152 2861 ab
3176 2807 3307 2875 ipsa
3334 2804 3662 2877 apostolica

2008 2898 2451 2971 praedicatione,
2482 2904 2544 2952 ut
2566 2902 2811 2953 testatur
2849 2900 3194 2966 etaspectus
3220 2910 3325 2965 per
3346 2894 3666 2965 picturam,

2010 2989 2326 3043 etauditus
2357 3003 2462 3058 per
2505 2987 2725 3057 scripta
2759 2990 3172 3047 monumenta,
3213 2991 3489 3039 sanctam
3521 2984 3672 3039 ima-

2010 3078 2208 3146 ginem
2242 3077 2471 3139 Christi,
2508 3076 2791 3146 Deiparaa,
2850 3072 3201 3142 angelorum
3258 3073 3669 3143 (quandoqui-

1941 3155 1979 3210 Ο
2008 3167 2146 3221 dem
2180 3172 2234 3220 et
2258 3166 2351 3220 isti
2377 3182 2514 3219 cum
2574 3179 2822 3234 corpore
2873 3162 3201 3232 pinguntur
3234 3161 3444 3215 divino
3493 3176 3669 3215 man-

2008 3255 2171 3319 dato,
2205 3255 2337 3309 licet
2384 3254 2501 3308 sint
2544 3251 2903 3323 incorpore),
2956 3257 3011 3305 et
3058 3256 3405 3305 sanctorum
3437 3249 3538 3321 qui
3572 3249 3667 3303 di-

2008 3344 2196 3398 versis
2248 3342 2619 3413 temporibus
2678 3340 2940 3404 t'uerunt,
2971 3340 3031 3394 in
3075 3339 3291 3394 divinis
3322 3338 3555 3409 templis
3581 3354 3669 3394 sa-

2009 3432 2243 3502 crisque
2273 3432 2431 3487 vasis
2462 3431 2609 3500 gerit
2655 3436 2710 3485 et
2740 3429 2971 3485 adorat.
3023 3428 3309 3493 Quamvis
3340 3443 3531 3497 nuper
3564 3426 3662 3482 Ec-

2009 3521 2187 3577 clesia
2243 3526 2445 3575 nostra
2494 3537 2528 3574 a
2580 3524 2796 3591 quator
2847 3516 3203 3589 patriarchis
3255 3516 3508 3582 divulsa,
3562 3531 3661 3571 ne-

2008 3610 2341 3683 quidquam
2365 3608 2752 3679 prasvaricata
2782 3612 2891 3685 est.
2915 3606 3028 3662 Sed
3055 3621 3216 3661 nunc
3247 3610 3471 3673 tempus
3502 3620 3667 3662 acce-

2007 3700 2249 3769 ptabile,
2284 3698 2533 3753 Domine
2587 3695 2797 3752 Christi
2847 3695 3278 3763 amantissime,
3330 3709 3493 3750 nunc
3535 3695 3659 3751 dies

2007 3789 2220 3843 salutis
2252 3788 2336 3842 1"z
2373 3794 2434 3841 ut
2470 3785 2923 3841 reconsiliemur
2950 3800 3058 3839 nos
3108 3784 3360 3847 Christo,
3420 3783 3666 3854 auspice

2009 3882 2065 3933 et
2094 3876 2473 3932 conciliatore
2519 3880 2734 3947 pacato
2766 3874 3017 3945 imperio
3074 3878 3207 3927 tuo:
3266 3876 3328 3927 ut
3372 3872 3651 3928 uniamur

2008 3982 2120 4021 nos
2182 3965 2377 4019 vertici
2426 3964 2816 4018 Ecclesiarum
2853 3962 2949 4017 Dei
2985 3965 3203 4025 Romae,
3250 3966 3305 4014 et
3360 3976 3467 4031 per
3525 3975 3659 4015 eam

2010 4055 2197 4110 tribus
2236 4052 2620 4126 patriarchis:
2658 4056 2723 4106 ut
2770 4051 3129 4105 unanimiter
3164 4064 3281 4104 uno
3313 4064 3413 4103 ore
3445 4047 3663 4117 gloriﬁ-

2007 4161 2212 4199 ccmus
2245 4145 2427 4197 Deum
2478 4147 2534 4196 et
2559 4141 2787 4196 Patrem
2840 4139 3074 4194 Domini
3109 4138 3294 4193 nostri
3328 4140 3464 4192 Jesu
3498 4136 3666 4192 Chri-

2007 4233 2098 4298 sti,
2130 4249 2269 4287 cum
2328 4231 2465 4286 Filio
2514 4236 2569 4284 et
2624 4228 2841 4299 Spiritu
2894 4232 3126 4289 sancto,
3187 4226 3557 4281 celebrantes
3610 4230 3666 4281 et

2010 4326 2275 4377 vestrum
2311 4320 2652 4391 piissimum
2713 4324 2769 4372 et
2828 4317 3001 4372 valde
3033 4315 3296 4387 optabile
3324 4314 3662 4385 imperium.

292 4411 440 4477 τρισὶ
491 4410 854 4482 πατριάρχαις
888 4423 899 4434 ·
964 4409 1046 4460 ἵνα
1094 4406 1432 4479 ὁμοθυμαδὸν
1482 4410 1530 4461 ἐν
1584 4411 1673 4477 ἑνὶ,
1730 4416 1954 4484 στόματι
2019 4408 2320 4481 δοξάζωμεν
2371 4412 2457 4460 τόν
2506 4410 2635 4461 Θεὸν
2691 4412 2780 4460 καὶ
2830 4410 3037 4479 Πατέρα
3094 4412 3185 4457 τοῦ
3246 4409 3442 4478 Κυρίου
3522 4406 3664 4475 ἡμῶν

292 4493 468 4551 Ἰησοῦ
516 4504 770 4570 Χριστοῦ,
826 4501 922 4549 σῦν
983 4506 1054 4568 τῷ
1121 4500 1225 4567 Υὶῷ

295 4583 607 4637 πολύευκτον
634 4585 929 4658 βασιλείαν.

474 4674 593 4728 ΟΕ’.
635 4705 701 4714 -
741 4678 1030 4748 Στεφάνῳ
1069 4677 1481 4749 Ἀσηκρῆτις.
1528 4677 1703 4764 [υφη]

1317 4505 1405 4551 καὶ
1467 4503 1724 4571 Πνεύματι
1776 4501 1909 4572 ἁγίῳ
1955 4518 1967 4530 '

2038 4499 2396 4571 μεγαλύνοντες
2461 4502 2550 4549 καὶ
2624 4501 2718 4555 τήν
2786 4498 3035 4568 ὑμετέραν
3124 4493 3504 4551 εὐσεϐεστάτην
3570 4484 3663 4546 καὶ

2335 4677 2528 4731 LXXV.
2563 4706 2631 4715 --
2655 4673 2967 4745 Stephano
2994 4689 3031 4729 a
3056 4673 3332 4730 Secretis.

294 4779 363 4827 De
391 4779 580 4828 Leonis
613 4781 827 4830 Armeni
863 4795 1009 4831 nece.
1047 4782 1302 4841 Quasdam
1330 4782 1522 4847 deinde
1554 4796 1648 4846 pro
1670 4783 1984 4847 defensione
2010 4784 2340 4847 imaginum:
2370 4784 2538 4845 utque
2573 4779 2878 4845 Stephanus
2909 4779 3009 4828 iste
3043 4777 3472 4827 orthodoxorum
3490 4789 3664 4826 causes

1463 4845 1642 4895 faveat
1665 4846 1809 4909 apud
1842 4860 2041 4896 novum
2070 4845 2471 4910 iniperatorem.

363 4943 430 4992 Σὺ
480 4942 590 5012 μὲν,
649 4963 688 4993 ω
731 4941 962 5013 φιλότης,
1029 4948 1457 5015 προσηγόρευσας
1513 4946 1646 5015 ἡμας
1725 4945 1887 4997 πάλαι

2068 4948 2152 5001 Tu
2193 4944 2460 5016 quidem,
2520 4944 2731 5008 amice,
2791 4942 3021 4997 salvere
3080 4956 3192 4996 nos
3224 4940 3367 4994 olim
3421 4938 3651 5010 jussisti

293 5025 386 5081 διὰ
458 5038 624 5101 φωνῆς
670 5039 763 5083 τοῦ
832 5041 1171 5107 φρουροῦντος
1218 5035 1403 5104 ἡμᾶς·
1461 5034 1520 5085 οὗ
1572 5035 1886 5107 ῥυσθεὶημεν

289 5118 570 5192 ἀμφότεροι
632 5128 721 5181 τῆς
772 5128 975 5191 μανίας.
1044 5122 1280 5196 Ἐπείπερ
1351 5120 1492 5174 ἐστὶν
1546 5122 1886 5194 ὑπερϐαλλόν-

287 5227 386 5268 τως
440 5213 601 5260 πνέων
655 5208 864 5271 ἀπειλῆς
928 5217 1019 5262 καὶ
1078 5214 1244 5283 θυμοῦ
1302 5210 1373 5271 εἰς
1431 5215 1547 5271 τοὺς
1591 5211 1812 5272 εὐσεϐεῖς
1867 5230 1879 5242 ·

290 5293 496 5369 δεσμῶν
552 5317 605 5351 τε
660 5304 750 5352 καὶ
802 5309 1056 5374 φρουρῶν,
1128 5300 1344 5361 αἰκίζων
1413 5318 1467 5350 τε
1512 5305 1601 5351 καὶ
1681 5303 1884 5373 πορθῶν

287 5388 382 5447 τὰς
426 5388 707 5451 ἐκκλησίας
756 5397 849 5441 τοῦ
908 5396 1041 5443 Θεοῦ
1083 5393 1176 5440 σῦν
1229 5408 1374 5461 πασῃ
1432 5387 1749 5460 βλασφημίᾳ
1794 5394 1883 5441 καὶ

287 5481 534 5550 παροινίᾳ
564 5494 577 5506 ·
628 5479 699 5539 ὡς
724 5477 820 5529 οὐκ
868 5474 972 5530 οἶδ’
1018 5481 1061 5530 εἳ
1099 5496 1177 5540 τις
1225 5478 1376 5541 ἄλλος
1426 5485 1526 5530 τῶν
1575 5476 1624 5529 ἓν
1670 5475 1883 5529 ἀσεϐεὶα

368 5634 413 5669 ⁵⁸
446 5636 583 5693 Luc.
620 5654 659 5707 ι,
689 5636 759 5692 68
798 5639 888 5695 69.
966 5638 1013 5675 ³⁸
1047 5638 1178 5694 Ose.
1213 5653 1287 5704 vr,
1319 5642 1373 5706 2,
1415 5640 1471 5695 3.

1549 5639 1591 5675 ¹⁷
1630 5638 1767 5695 Luc.
1800 5655 1835 5702 ι,
1868 5638 1960 5695 33.

1996 5034 2150 5089 illius
2176 5051 2277 5090 ore
2338 5050 2517 5104 aquo
2570 5032 2788 5103 captivi
2826 5037 3129 5087 tenemur:
3166 5045 3201 5084 a
3254 5032 3427 5098 cujus
3460 5028 3659 5083 furore

1999 5125 2225 5178 utinam
2255 5122 2437 5178 ambo
2458 5122 2798 5177 liberemur.
2827 5121 3055 5191 Quippe
3088 5118 3282 5173 minas
3313 5133 3499 5189 supra
3532 5132 3655 5171 mo-

1996 5212 2141 5267 dum
2168 5213 2441 5283 iramque
2473 5211 2657 5282 spirat
2684 5210 2744 5265 in
2802 5225 2903 5265 eos
2946 5208 3051 5278 qui
3085 5208 3367 5279 pietatem
3407 5206 3647 5263 colunt:

1997 5302 2051 5355 in
2078 5299 2311 5355 vincula
2337 5300 2765 5369 custodiasque
2797 5296 3145 5367 conjiciens,
3180 5295 3439 5358 caadens,
3466 5298 3646 5365 atque

1997 5389 2283 5443 Ecclesias
2310 5388 2410 5442 Dei
2444 5394 2708 5455 vastans,
2764 5403 2901 5441 cum
2952 5385 3115 5440 omni
3172 5382 3565 5455 blasphemia:
3597 5388 3654 5438 et

1994 5477 2369 5533 contumeliae
2396 5492 2611 5546 genere
2638 5492 2650 5530 :
2686 5474 2993 5547 quomodo
3019 5472 3184 5529 haud
3244 5472 3364 5528 scio
3395 5488 3473 5528 an
3500 5471 3651 5528 alius

2039 5637 2086 5675 ¹⁸
2119 5637 2165 5695 ΙΙ
2198 5639 2327 5696 Cor.
2356 5651 2433 5702 VI,
2457 5640 2513 5695 2.
