4062 6280
510 314 640 374 1311

1765 327 1826 385 S.
1867 327 2236 388 THEODORI
2281 331 2606 390 STUDITJE

3705 337 3833 399 1312

509 465 693 535 egerit
719 481 927 525 eorum
951 470 1054 541 qui
1107 470 1411 544 impietate
1439 473 1658 531 famosi
1706 475 1999 532 exstitere.
2030 477 2146 544 Ego

2259 466 2709 535 κατεγνωσμένων.
2753 463 2885 537 Ἐγὼ
2939 461 2998 519 δέ
3046 484 3140 519 σου
3179 467 3369 519 ἓπαινῶ
3418 467 3475 518 τό
3524 465 3788 537 φιλόσοφον
3819 479 3835 496 ο

506 568 647 610 vero
675 557 945 614 animum
982 565 1146 616 tuum
1183 561 1664 635 philosophicum
1703 563 1906 632 laudo,
1939 570 1996 621 et
2017 564 2152 637 qui-

508 642 643 698 dem
663 644 795 714 jure
821 648 1068 718 optimo.
1097 653 1242 706 Nam
1268 651 1607 723 philosophi
1627 653 1754 722 fuit,
1782 670 1938 723 eam,
1965 669 2149 726 quam

509 733 642 799 scis,
662 735 826 805 apud
853 738 1275 808 imperatorem
1299 741 1555 797 edidisse
1576 759 1806 809 vocem,
1837 743 2074 815 aliaque
2095 746 2152 798 et

506 820 743 889 dixisse,
769 831 822 880 et
859 827 1130 884 molitum
1177 845 1307 885 esse
1355 847 1463 902 pro
1490 832 1854 887 restitutione
1878 832 2151 888 Ecclesiae

507 916 724 968 nostras
743 913 1040 987 collapsas.
1059 919 1120 973 Et
1141 935 1283 974 sane
1301 920 1562 990 oportuit
1579 921 1912 992 sapientem
1936 921 2150 990 virum,

507 1000 679 1072 cujus
696 1001 884 1072 pietas
917 1013 1226 1078 perspecta
1243 1014 1414 1073 esset,
1447 1009 1503 1064 id
1533 1016 1817 1082 praestare
1842 1010 2008 1082 quod
2029 1017 2153 1066 tum

506 1103 538 1143 e
595 1104 655 1143 re
707 1107 816 1147 sua
874 1099 1016 1160 erat,
1075 1101 1200 1151 tum
1255 1112 1374 1152 ere
1416 1098 1598 1154 totius
1656 1099 1892 1171 coporis
1921 1099 2153 1165 Christi,

504 1179 669 1248 quod
696 1181 875 1238 draco
924 1182 1017 1240 ille
1048 1199 1308 1254 magnus
1333 1186 1696 1252 dilaceravit,
1733 1188 1827 1243 ille
1860 1191 2152 1258 apostata,

507 1265 604 1322 ille
632 1274 937 1326 tortuosus
955 1275 1191 1343 anguis,
1218 1275 1312 1330 ille
1337 1276 1680 1331 Antichristi
1705 1292 2064 1348 praecursor,
2088 1293 2156 1332 os

506 1354 811 1428 impurum
846 1364 905 1415 et
950 1361 1280 1434 scelestum,
1335 1363 1432 1419 ille
1480 1366 1582 1436 qui
1609 1381 1792 1436 supra
1844 1380 2022 1420 omne
2055 1363 2155 1419 Dei

510 1444 797 1516 templum
825 1449 1122 1505 extollitur
1173 1453 1242 1518 ‘9,
1273 1469 1442 1507 mens
1468 1453 1569 1508 illa
1594 1453 1838 1524 Assyria
1881 1452 2156 1508 barbari-

509 1548 613 1587 cus
662 1533 756 1591 ille
800 1537 1068 1604 abortus,
1122 1556 1338 1595 manus
1390 1540 1487 1597 illa
1516 1541 1712 1611 qualis
1745 1541 1995 1613 Rapsaci
2024 1541 2150 1601 fuit.

509 1620 652 1677 illud
677 1638 780 1678 cor
814 1627 927 1681 Deo
985 1634 1380 1693 exsecratum,
1439 1630 1532 1686 ille
1566 1635 1720 1685 totus
1775 1635 2038 1702 quantus
2069 1634 2156 1684 est

512 1711 742 1766 Satanae
765 1715 1068 1783 minister;
1106 1734 1234 1783 nec,
1262 1719 1483 1791 quibus
1507 1718 1705 1774 verbis
1739 1727 1964 1791 pestem
1997 1719 2154 1796 hanc

2260 557 2349 604 καὶ
2379 552 2520 624 μάλα
2577 553 2806 616 εἰκότως.
2862 554 3142 628 Φιλόσοφον
3188 558 3288 628 γὰρ
3318 557 3375 608 τό
3429 554 3584 630 ῥῆξαί
3644 573 3697 607 σε
3745 575 3834 626 φω-

2259 647 2350 700 νὴν
2377 641 2459 696 ἐπὶ
2509 652 2600 697 τοῦ
2646 646 2866 717 κράτους
2920 645 2978 704 ἣν
3026 643 3178 707 οἶδας
3217 661 3229 674 ·
3269 646 3334 698 τά
3364 664 3416 698 τε
3443 644 3598 698 λοιπά
3633 663 3722 697 σου
3751 644 3832 696 λα·

2259 730 2465 804 λήματά
2537 753 2590 786 τε
2662 739 2750 787 καὶ
2850 731 3242 807 σπουδάσματα
3314 736 3438 807 ὑπὲρ
3514 732 3827 794 ἀνακλήσεως

2261 828 2352 882 τῆς
2414 829 2738 884 πεπτωκυίας
2805 825 2923 878 καθ’
2970 826 3110 897 ἡμᾶς
3159 824 3489 885 Ἐκκλησίας.
3543 827 3642 876 Καὶ
3689 826 3832 884 ὅντως

2263 907 2370 963 ἔδει
2416 915 2503 964 τόν
2537 916 2689 985 σοφὸν
2745 910 2934 988 ἄνδρα,
2977 920 3067 968 καὶ
3115 911 3488 986 διεγνωσμένον
3519 915 3568 964 ἑν
3599 910 3831 984 εὐσεϐείᾳ,

2263 1009 2416 1053 τοῦτο
2466 999 2596 1076 δρᾷν
2625 1020 2638 1032 ο
2682 1007 2812 1078 πρός
2857 1023 2910 1056 τε
2956 1007 3012 1057 τὸ
3059 1003 3244 1057 οἰκεῖον
3292 1006 3571 1075 συμφέρον,
3613 1021 3701 1053 και
3753 1007 3834 1053 τοῦ

2265 1090 2382 1144 ὅλου
2426 1096 2657 1164 σώματος
2685 1100 2918 1165 Χριστοῦ
2951 1113 2964 1126 ’
2993 1093 3019 1146 ὃ
3046 1090 3278 1166 διέτεμεν
3307 1094 3333 1145 6
3368 1089 3576 1168 δράκων
3605 1091 3630 1142 6
3673 1093 3830 1162 μέγας,

2267 1181 2292 1231 6
2345 1178 2662 1251 ἀποστάτης,
2719 1184 2745 1234 6
2800 1181 3006 1246 σκολιὸς
3061 1186 3194 1255 ὄφίς,
3248 1185 3305 1234 τὸ
3374 1175 3705 1252 προεισόδιον
3755 1184 3833 1230 τοῦ

2263 1267 2652 1343 ’Δντιχρίστου,
2713 1273 2742 1329 ἡ
2803 1274 2972 1344 μιαρὰ
3025 1275 3114 1324 καὶ
3173 1270 3484 1345 βλάσφημος
3535 1267 3760 1340 γλῶσσα,
3810 1267 3833 1317 ὁ

2265 1357 2662 1431 ὑπεραιρόμενος
2709 1362 2793 1412 ἐπὶ
2843 1363 3013 1413 πάντα
3057 1363 3177 1412 ναὸν
3235 1366 3390 1426 Θεοῦ,
3436 1360 3462 1411 6
3515 1365 3628 1418 νοῦς
3672 1355 3832 1425 ό,Ἀσ·

2267 1450 2465 1518 σύριος,
2543 1467 2600 1500 το
2697 1447 3017 1523 βαρϐαρικὸν
3084 1452 3320 1522 ἓκτρωμα
3382 1450 3412 1507 ἡ
3475 1441 3834 1518 Ῥαψακοειδὴς

2264 1543 2406 1608 χεὶρ,
2456 1538 2485 1594 ἡ
2539 1538 2914 1610 θεοκατάρατος
2964 1534 3182 1612 καρδία,
3239 1540 3265 1590 6
3317 1537 3577 1609 όλόσωμος
3630 1542 3716 1587 τοῦ
3757 1541 3834 1585 Σα-

2263 1632 2394 1678 τανᾶ
2440 1627 2696 1700 ὑπηρέτης
2725 1645 2738 1658 “
2768 1633 2858 1680 καὶ
2905 1627 3000 1681 οὐκ
3029 1625 3130 1680 οἶδ’
3161 1629 3187 1680 ὅ
3219 1647 3267 1680 τι
3297 1629 3480 1700 φράσω
3501 1625 3730 1688 ἓπάξειον
3757 1629 3833 1674 τοῦ

2266 1713 2535 1786 ἀλιτηρίου
2577 1713 2887 1788 κωμῴδημα
2937 1738 2949 1750 ·
2981 1713 3072 1770 διὰ
3120 1721 3213 1775 τὴν
3265 1714 3600 1786 πολυώνυμον
3640 1719 3725 1764 τού
3772 1710 3835 1773 ἒξ-

510 1800 593 1854 uti
617 1808 874 1858 meretur
897 1804 1256 1872 describam,
1285 1808 1427 1863 satis
1459 1809 1582 1864 scio
1607 1825 1620 1864 :
1656 1825 1791 1863 cum
1828 1807 2026 1863 multis
2055 1824 2146 1879 ap-

2265 1809 2480 1876 αγίστου
2511 1803 2769 1858 ἀσέϐειαν.
2822 1805 2961 1864 Πλὴν
3007 1804 3164 1858 ἄλλου
3212 1810 3409 1879 χρόνου
3436 1806 3496 1856 τὸ
3529 1809 3693 1855 ταῦτα
3736 1796 3837 1852 δια-

508 1889 714 1960 pellari
743 1893 1088 1950 nominibus
1108 1897 1294 1967 possit
1321 1897 1527 1953 nefarii
1558 1897 1819 1953 hominis
1856 1896 2152 1968 impietas.

511 1978 623 2034 Sed
678 1979 916 2036 alterius
971 1985 1254 2055 temporis
1297 1985 1471 2041 fuerit
1515 1986 1625 2041 ista
1657 2001 1954 2042 enarrare.
1990 1988 2156 2040 Nunc

511 2071 710 2123 autem
747 2070 891 2126 mihi
915 2073 1067 2127 istud
1092 2073 1258 2138 refer.
1293 2090 1329 2130 ο
1352 2074 1880 2141 desideratissime,
1903 2089 2155 2145 quomo-

509 2156 608 2222 do,
641 2163 939 2216 transacta
969 2161 1184 2230 hieme,
1215 2163 1544 2235 perfectum
1596 2180 1694 2218 ver
1747 2179 1866 2219 non
1913 2169 2020 2228 est,
2051 2162 2155 2218 sed

509 2249 741 2302 tantum
769 2248 967 2304 brevis
985 2252 1268 2322 quaedam
1302 2254 1607 2317 serenitas,
1637 2269 1706 2308 ac
1730 2268 2032 2324 prosperae
2054 2267 2156 2307 na-

509 2334 822 2402 vigationis
839 2355 976 2409 spes
1000 2340 1313 2410 aﬂulgens.
1338 2343 1494 2414 Ignis
1514 2342 1839 2398 exstinctus
1861 2347 1981 2397 est:
2007 2341 2152 2415 quid

508 2423 708 2479 adhuc
731 2425 878 2482 fumi
909 2428 1203 2500 reliquum
1233 2437 1320 2486 est
1347 2432 1373 2484 ?
1401 2434 1654 2486 Rursum
1686 2446 1958 2500 exsurge,
2005 2430 2156 2486 desi-

506 2513 739 2568 derium
775 2532 998 2583 meum,
1032 2518 1238 2574 fortius
1271 2519 1513 2586 dimica,
1547 2520 1756 2576 Christi
1790 2519 2150 2575 membrum.

507 2603 631 2656 Non
655 2603 868 2659 videtis
887 2605 1164 2676 impium,
1197 2614 1254 2663 ut
1280 2607 1416 2677 igne
1440 2613 1713 2678 torretur,
1734 2609 2043 2680 quomodo
2062 2624 2153 2664 ce-

506 2689 711 2746 ciderit
737 2698 917 2764 caput
938 2702 993 2748 et
1022 2693 1183 2750 dictu
1205 2701 1260 2750 et
1280 2696 1486 2752 auditu
1518 2696 1951 2752 exsecrandum
1984 2698 2012 2752 ?
2037 2696 2150 2751 Nisi

508 2792 616 2832 nos
648 2779 827 2852 hujus
861 2782 1102 2838 exitium
1163 2785 1556 2856 sapientiores
1587 2785 1819 2849 reddat,
1865 2785 2056 2856 inquit
2084 2801 2150 2840 os

504 2865 649 2922 illud
667 2886 938 2939 aureum,
960 2871 1096 2943 quis
1115 2874 1300 2928 nostri
1323 2873 1542 2929 deinde
1570 2874 1947 2930 miserebitur
1972 2875 2000 2931 ?
2023 2877 2147 2930 Non

504 2955 922 3028 evigilabimus
941 2959 970 3014 ?
998 2976 1115 3016 non
1141 2962 1558 3031 intelligemus,
1585 2963 1696 3018 nisi
1719 2963 1954 3018 Christu
1988 2979 2148 3034 spre-

505 3048 564 3099 ta
593 3046 782 3116 ipsius
815 3053 1025 3105 sancta
1056 3051 1320 3121 imagine
1345 3057 1680 3121 negaretur,
1714 3068 2028 3123 nunquam
2059 3051 2148 3106 fu-

2266 1898 2517 1966 στείχειν.
2548 1901 2654 1946 Νῦν
2705 1891 2763 1948 δέ
2791 1914 2882 1967 μοι
2929 1902 3080 1947 τοῦτο
3133 1894 3294 1960 λέξον,
3345 1890 3385 1945 ὦ
3417 1894 3712 1966 τριπόθητε,
3742 1897 3838 1950 πῶς

2264 1990 2356 2035 τοῦ
2407 1991 2666 2054 χειμῶνος
2716 1983 3057 2058 παρελθόντος
3119 1983 3178 2036 οῦ
3253 1982 3417 2036 τέλεον
3499 1984 3609 2056 ἔαρ,
3665 1977 3759 2031 ἀλλ’
3807 1979 3833 2036 ἧ

2265 2076 2418 2143 μόνον
2465 2072 2748 2146 καλλιωρία
2803 2092 2902 2138 τις,
2962 2077 3052 2126 καὶ
3104 2071 3454 2144 ἀπαυγασμος
3515 2069 3834 2128 εύπλοήσεως.

2264 2165 2333 2214 T6
2387 2168 2490 2234 πῦρ
2556 2160 2796 2214 ἔσϐεσται
2829 2179 2842 2192 ”
2897 2166 2948 2214 τί
2994 2164 3069 2214 ἔτι
3126 2157 3398 2222 καπνῶδες
3454 2158 3836 2220 ύπολιλειπται;

2267 2253 2524 2310 Κινὴθητι
2579 2253 2674 2317 ἔτι,
2702 2253 2917 2320 πόθημα
2963 2250 3082 2322 ἰμόν
3115 2265 3129 2279 ⁸
3160 2246 3482 2320 διαγώνισαι
3525 2247 3728 2322 μᾶλλον,

2264 2339 2350 2401 λος
2386 2347 2640 2412 Χριστοῦ.
2689 2339 2810 2412 Ούχ
2848 2341 2996 2414 ὁρᾶτε
3025 2342 3110 2392 τὸν
3160 2337 3581 2403 ἀσεϐοκαύστην,
3635 2338 3731 2388 οἷον
3759 2337 3839 2386 πέ-

2264 2448 2483 2492 πτωκεν,
2547 2429 2792 2494 έξαίσιον,
2835 2434 2924 2482 καὶ
2970 2427 3298 2500 λαλούμενον,
3354 2432 3443 2480 καὶ
3502 2425 3834 2498 ἀκουόμενον;

2261 2519 2380 2572 Ἐὰν
2429 2515 2640 2571 ότοῦδε
2690 2517 2896 2590 ὄλεθρος
2953 2518 3012 2571 ού
3073 2522 3372 2591 σωφρονίση
3427 2519 3590 2588 ἡμᾶς,
3648 2513 3834 2588 φησὶνὸ

2265 2606 2679 2682 Χρυσοῤῥήμων,
2717 2612 2797 2668 τίς
2841 2607 3017 2661 λοιπόν
3067 2605 3264 2666 ἐλεήσει
3316 2608 3502 2678 ἡμᾶς;
3558 2605 3666 2658 Οὐκ
3729 2601 3838 2653 ἀνα-

2261 2696 2530 2767 νήψομεν;
2589 2699 2683 2748 οῦκ
2735 2695 3041 2768 έννοήσομεν
3088 2698 3164 2748 ὅτι
3210 2695 3254 2748 εἰ
3295 2701 3367 2768 μὴ
3396 2697 3624 2770 Χριστὸς
3667 2694 3836 2764 ipsum

2261 2785 2600 2858 ἀθετουμένης
2665 2785 2826 2837 αὐτοῦ
2874 2793 2969 2847 τῆς
3019 2785 3170 2858 ἁγίας
3246 2783 3462 2849 εἰκόνος,
3519 2784 3610 2836 ούκ
3663 2783 3719 2833 οἶν
3763 2783 3835 2832 τόν

2261 2877 2457 2935 ταύτης
2509 2872 2761 2946 ὑϐριστὴν
2826 2875 2990 2936 οὕτως
3056 2874 3416 2948 ὠλεθρίωσεν;
3505 2872 3834 2927 Ἀκούσατε

2259 2970 2482 3030 ταῦτα,
2540 2965 2745 3015 πάντα
2791 2964 2867 3014 τὰ
2928 2965 3113 3020 ἔθνη·
3171 2961 3593 3026 ἐνωτίσασθε,
3631 2961 3833 3018 πάντες

2260 3055 2318 3105 οἱ
2363 3059 2818 3114 κατοικοῦντες
2862 3056 2974 3110 τὴν
3028 3051 3436 3124 οἰκουμένην,
3471 3055 3524 3103 τί
3559 3053 3750 3122 γέγονεν
3789 3048 3830 3097 ἓν

503 3137 701 3190 turum
735 3136 914 3192 fuisse
939 3143 1000 3193 ut
1028 3139 1308 3211 imaginis
1329 3146 1800 3211 contemptorem
1834 3141 1917 3196 sic
1945 3140 2146 3212 perde-

2261 3148 2528 3213 Γραικοῐς.
2567 3143 2676 3214 Πρὸ
2717 3148 2805 3192 τοῦ
2855 3139 3232 3216 Ἀντιχρίστον
3265 3142 3642 3213 Ἀντίχριστος
3673 3157 3684 3170 ·
3715 3135 3825 3208 ἤρθη

500 3227 588 3278 ret
612 3225 640 3281 ?
669 3226 889 3283 Audite
915 3229 1054 3294 hare,
1078 3245 1275 3286 omnes
1293 3235 1491 3300 gentes
1522 3247 1541 3283 :
1569 3231 1818 3286 auribus
1841 3231 2144 3300 percipite,

2260 3228 2343 3302 ἀφ’
2376 3231 2520 3301 ἡμῶν
2551 3232 2609 3280 τὸ
2641 3237 2855 3301 σημεῖον
2885 3238 2980 3291 τῆς
3002 3227 3272 3302 βασιλείας
3298 3235 3388 3281 τοῦ
3420 3233 3676 3303 Χριστοῦ.

501 3329 698 3370 omnes
717 3317 822 3386 qui
841 3318 1123 3375 habitatis
1143 3320 1339 3376 orbem
1362 3322 1423 3385 ³ο,
1451 3319 1596 3391 quid
1629 3320 1790 3392 apud
1819 3321 2051 3375 Graecos
2095 3317 2396 3376 acciderit.
2453 3319 2600 3374 Ante
2633 3317 3055 3374 Antichristum
3114 3317 3546 3374 Antichristus:
3583 3318 3830 3387 ereptum

501 3403 674 3458 nobis
702 3406 868 3476 regni
895 3407 1100 3463 Christi
1133 3409 1392 3477 signum.

571 3503 718 3556 Nam
750 3504 796 3558 si
845 3504 1003 3559 istud
1054 3506 1214 3576 quod
1248 3511 1334 3561 est
1366 3505 1554 3578 ipsius
1584 3505 1789 3562 formas
1842 3521 2143 3578 corporea;

500 3588 908 3656 simulacrum,
941 3594 1101 3664 apud
1136 3610 1244 3650 nos
1274 3611 1395 3668 non
1442 3599 1689 3666 apparet
1715 3594 1906 3650 crucis
1934 3601 2144 3667 typum

497 3677 689 3747 capite
716 3694 961 3748 gerens;
997 3682 1101 3736 sed
1129 3698 1314 3738 unum
1344 3683 1627 3754 rejicitur,
1657 3683 1907 3738 alterum
1932 3683 2144 3738 admit-

498 3765 674 3831 titur;
708 3767 940 3823 divisus
986 3775 1071 3825 est
1099 3771 1396 3826 Christus:
1431 3771 1522 3826 vel
1577 3772 1772 3842 potius
1816 3771 2146 3843 despicitur

496 3869 600 3910 rex
649 3858 751 3928 qui
803 3857 1112 3914 diabolum
1164 3859 1504 3926 interemit;
1540 3859 1778 3915 hastam
1836 3876 1976 3915 vero
2024 3873 2146 3931 qua

496 3945 728 4001 hostem
758 3945 1044 4011 confodit,
1071 3963 1204 4019 quae
1233 3954 1320 4004 est
1344 3949 1529 4020 ipsius
1566 3950 1846 4022 potentia,
1879 3947 2146 4018 alligavit

495 4033 653 4103 regia
683 4040 1048 4106 potestates;
1080 4052 1215 4092 eum
1250 4039 1350 4109 qui
1391 4038 1705 4102 interemit,
1741 4039 1865 4109 pari
1901 4037 2145 4092 victoria

495 4139 630 4178 cum
653 4140 724 4179 eo
750 4125 849 4195 qui
879 4132 1222 4196 peremptus
1245 4131 1354 4192 est,
1383 4132 1671 4199 tanquam
1689 4126 1923 4181 hostem
1957 4125 2145 4195 subji-

495 4211 657 4266 ciens
680 4213 1186 4282 :Audi,caetum,et
1201 4215 1448 4271 auribus
1476 4216 1902 4286 percipe.terra
1917 4217 1982 4268 ²¹.
2002 4214 2144 4280 Quis

496 4300 603 4355 iste
633 4306 842 4372 stupor
893 4305 996 4374 qui
1051 4303 1150 4358 Dei
1199 4305 1491 4375 populum
1524 4304 1936 4359 dementavit?
1967 4302 2139 4369 Audi,

496 4389 703 4444 Oriens
721 4396 776 4445 et
797 4391 1107 4459 Occidens,
1134 4393 1443 4464 quomodo
1477 4401 1774 4448 excmcata
1803 4399 1892 4448 est
1917 4393 2143 4463 Byzan-

494 4477 617 4533 tina
647 4479 845 4547 regio;
877 4481 1184 4552 quomodo
1233 4481 1565 4548 obsurduit,
1597 4497 1788 4553 neque
1819 4481 2143 4552 reprehen-

494 4567 678 4622 sionis
710 4573 921 4624 vestras
981 4585 1186 4624 vocem
1242 4570 1426 4634 audit,
1479 4587 1586 4625 nec
1614 4570 1932 4625 testimonii
1969 4571 2141 4626 vestri

492 4656 835 4726 exemplum
866 4658 1122 4729 inspicit,
1144 4660 1241 4713 sed
1267 4660 1520 4714 Jannem
1553 4667 1607 4714 et
1632 4659 1961 4724 Jambrem,
1984 4659 2140 4714 Chrio

2328 3504 2387 3556 Εἰ
2414 3507 2512 3577 γὰρ
2545 3509 2616 3576 μὴ
2657 3511 2832 3572 τοῦτο,
2885 3505 3006 3578 ὅπερ
3048 3503 3156 3557 έστὶ
3187 3507 3246 3556 τό
3284 3501 3519 3577 ἶνδαλμα
3557 3510 3644 3556 τοῦ
3675 3519 3835 3572 σωμαρ

2254 3601 2400 3645 τικοῦ
2440 3593 2600 3645 αὐτοῦ
2638 3601 2983 3667 χαρακτῆρος
3016 3613 3028 3626 ·
3083 3591 3418 3666 ἐμφανίζοιτο
3452 3591 3504 3646 έν
3533 3595 3654 3665 ἡμῖν
3691 3608 3835 3663 καρη-

2255 3690 2440 3754 φοροῦν
2479 3685 2566 3734 τὸν
2643 3685 2802 3734 τύπον
2860 3689 2950 3734 τοῦ
3005 3690 3271 3756 σταυροῦ·
3327 3680 3457 3734 ἀλλά
3487 3685 3546 3734 τό
3711 3679 3834 3749 έκρί-

2253 3789 2450 3835 πτοιτο,
2485 3773 2542 3822 τό
2603 3766 2662 3822 δὲ
2694 3770 3072 3845 προσείληπται
3100 3787 3114 3800 ⁸
3165 3776 3481 3842 μεμέρισται
3522 3773 3739 3843 Χριστός
3761 3783 3773 3796 ⁸
3802 3766 3826 3824 ἦ

2252 3859 2442 3932 μᾶλλον
2473 3860 2498 3911 6
2541 3857 2787 3931 βασιλεὺς
2815 3858 3146 3912 ἀπέπτυσται
3173 3861 3198 3912 6
3227 3864 3426 3919 κτείνας
3474 3863 3560 3912 τόν
3592 3855 3624 3911 δ
3629 3855 3827 3910 ιάϐολον.

2252 3953 2310 4001 τὸ
2340 3945 2468 4024 δόρυ
2511 3946 2570 4001 δε
2596 3946 2668 4000 δι’
2692 3945 2750 4000 οὗ
2781 3951 2868 4001 τόν
2898 3947 3089 4022 έχθρόν
3120 3950 3328 4021 ἔσφαξε,
3356 3953 3414 4001 τὸ
3446 3952 3630 4001 τούτου
3663 3947 3829 4020 κράτος

2254 4034 2547 4096 ἀνεδήσατο
2575 4034 2819 4109 διάδημα
2843 4054 2856 4069 ⁶
2909 4037 2987 4090 ἐπ’
3011 4041 3102 4096 ἴση
3135 4043 3251 4110 νίκη
3297 4045 3388 4091 τοῦ
3419 4042 3692 4110 σφαγέντος
3719 4036 3827 4086 ύπο·

2253 4127 2432 4192 τάξαν,
2487 4129 2550 4187 ὡς
2581 4125 2795 4200 ἐχθρόν,
2849 4129 2936 4180 τόν
2974 4127 3398 4199 κατασφάξαντα.
3461 4126 3698 4188 Ἀκουε,
3748 4125 3827 4173 ού-

2252 4219 2417 4288 ρανε,
2467 4220 2578 4268 καὶ
2626 4218 2955 4281 ἑνωτίςου,
3008 4225 3111 4286 γῆ.
3144 4221 3235 4279 Τίς
3284 4218 3591 4277 ἠὲκστασις
3619 4215 3739 4269 αῦτη
3770 4213 3820 4267 ἦν

2253 4303 2431 4367 ἐξέστη
2461 4307 2486 4356 6
2513 4305 2636 4367 λαός
2660 4312 2752 4357 τοῦ
2775 4312 2909 4358 Θεοῦ
2941 4322 2955 4370 ;
2989 4305 3204 4368 ”Ακουε,
3254 4304 3503 4364 Ἀνατολὴ
3559 4309 3642 4356 καὶ
3673 4305 3821 4363 Δύσις,

2252 4395 2392 4454 ὅπως
2473 4394 2790 4466 ἐξιτυφλώθη
2857 4396 2886 4452 ἢ
2948 4395 3208 4456 Βυζαντίς
3258 4411 3270 4426 ·
3323 4396 3458 4455 ὅπως
3523 4398 3820 4464 κεκώφωται.

2253 4489 2422 4554 φωνῆς
2461 4485 2600 4555 ὑμῶν
2653 4482 2949 4553 ἐλεγκτικῆς
3005 4483 3099 4536 οὐκ
3167 4483 3448 4536 ἀκούσασα
3485 4499 3497 4510 ·
3553 4477 3821 4534 ύποδεατι·

2251 4579 2348 4633 κῆς
2390 4573 2531 4644 ύμών
2587 4579 2882 4647 μαρτυρίας
2919 4573 3014 4625 οῦκ
3058 4572 3385 4644 ἂμϐλέπουσα
3427 4589 3440 4603 ⁸
3491 4571 3598 4624 ἀλλ’
3653 4571 3818 4624 Ἰαννθῦ

2251 4666 2339 4713 καὶ
2393 4661 2638 4736 Ἰαμϐροῦ
2689 4670 2787 4714 τῶν
2835 4661 3154 4715 ἀντιστατῶν
3189 4669 3446 4736 Χριστοῦ,
3482 4671 3572 4722 τῆς
3610 4659 3812 4730 ὀλεθρίου

492 4745 562 4800 sti
594 4745 847 4800 hostium
882 4726 990 4818 par
1017 4748 1338 4813 exitiabile,
1371 4749 1533 4820 quod
1561 4749 1838 4811 Trinitas,
1870 4754 1960 4804 sat
1991 4749 2136 4814 scio,

2257 4745 2467 4813 δυάδος,
2493 4753 2554 4809 ἢν
2585 4747 2637 4802 εὖ
2669 4747 2771 4803 οἶδ’
2804 4753 2884 4804 ὄτι
2921 4753 2951 4810 ἡ
2987 4752 3149 4824 Τριάς
3194 4749 3241 4802 έν
3284 4753 3440 4823 τάχει
3469 4749 3778 4802 καταλύσειεν
3802 4759 3812 4770 ⁸

491 4832 654 4888 brevi
680 4834 1002 4891 dissolvet:
1039 4843 1099 4890 ut
1145 4853 1282 4892 cum
1334 4837 1572 4893 duobus
1626 4837 1827 4907 impiis
1877 4837 1980 4910 qui
2012 4837 2138 4907 jam

493 4922 814 4993 perierunt,
866 4923 1102 4980 tollator
1149 4925 1223 4980 de
1274 4926 1472 4981 medio
1527 4926 1684 4980 istud
1738 4941 1980 4998 quoque
2008 4942 2136 4996 par,

489 5011 884 5083 quadrijugus
910 5013 1003 5069 ille
1020 5014 1240 5070 diaboli
1266 5030 1494 5070 currus.
1528 5017 1648 5069 Huc
1678 5030 1839 5082 vero,
1867 5015 1984 5070 huc
2013 5014 2135 5070 fra-

492 5105 612 5155 ter:
647 5101 858 5155 iterum
908 5104 1234 5158 certamina
1289 5119 1570 5158 consere:
1609 5104 1897 5158 Dominus
1945 5103 2132 5172 jubet.

492 5191 654 5245 Bona
679 5189 859 5245 verba
889 5191 1242 5247 venerandis
1267 5191 1513 5246 auribus
1539 5193 1740 5259 ingere
1773 5192 1852 5261 pii
1885 5192 2136 5262 impera-

488 5279 630 5333 toris
658 5277 864 5333 nostri.
890 5278 1152 5335 lmitetur
1193 5279 1558 5335 celebratum
1586 5278 1750 5334 illum
1781 5279 2028 5334 Josiam.
2056 5280 2137 5335 Sit

487 5383 679 5422 novus
727 5367 931 5433 David,
965 5369 1088 5423 sive
1143 5375 1204 5422 ut
1243 5367 1470 5422 saulem
1505 5368 1629 5422 sive
1663 5374 1723 5424 ut
1752 5371 2132 5435 Ammonem,

489 5455 698 5512 Leonis
730 5456 1080 5513 exsecrandi
1130 5462 1263 5513 acta
1322 5457 1684 5523 rescindens,
1719 5462 1776 5513 et
1804 5457 1918 5513 hoc
1952 5458 2134 5515 modo

554 5617 603 5655 1⁸
635 5617 678 5672 ll
705 5616 909 5673 Thess.
940 5633 999 5685 ιι,
1030 5619 1084 5674 4.
1164 5615 1207 5655 ³ο
1243 5616 1399 5676 Psal.
1432 5633 1620 5688 xum,
1655 5617 1716 5676 2.
1793 5620 1838 5659 ﬂ
1871 5619 1988 5680 1εᾶ.
2015 5635 2056 5693 ι,
2087 5623 2141 5680 2.

2249 4839 2318 4898 ὡς
2361 4838 2421 4889 οἶν
2489 4841 2582 4892 σύν
2638 4846 2744 4901 τοῖς
2803 4840 3158 4914 προελεσθείσι
3215 4836 3371 4892 δυσὶν
3439 4837 3670 4892 ἀσεϐέσιν
3735 4832 3814 4884 ἁπ-

2249 4929 2458 4997 αχθεῖεν
2514 4933 2602 4980 καὶ
2670 4929 2802 4986 αύτη
2871 4931 2900 4987 ἡ
2972 4925 3121 4995 δυὰς,
3207 4932 3264 4980 τὸ
3321 4927 3680 5003 οετρακέφαλον
3737 4926 3814 4972 τοῦ

2250 5011 2496 5068 διαϐόλου
2527 5017 2687 5090 ἅρμα.
2721 5025 2876 5091 Δεῦρο
2909 5014 3000 5082 δὴ,
3043 5015 3217 5091 δεῦρο,
3271 5014 3457 5090 ἀδελφέ
3489 5035 3501 5047 '
3549 5010 3812 5068 καταϐαλοῦ

2247 5105 2322 5155 ἔτι
2353 5104 2554 5175 ἀγῶνας
2585 5123 2596 5135 ·
2643 5111 2828 5179 Κύριος
2875 5108 3086 5163 κελεύει.
3147 5105 3391 5165 Λάλησον
3446 5105 3614 5177 ἀγαθά
3649 5100 3814 5161 εἰςτὰς

2245 5198 2424 5264 τιμίας
2481 5193 2635 5256 ἀκοὰς
2682 5205 2772 5249 τοῦ
2829 5195 3072 5258 εὐσεϐοῦς
3147 5195 3404 5266 βασιλέως
3443 5198 3602 5268 ἡμῶν.
3658 5195 3812 5259 Munn-

2248 5284 2431 5336 σάσθω
2487 5285 2690 5338 Ἱωθίαν
2740 5290 2828 5338 τὸν
2873 5283 3137 5358 ἀοίδιμον.
3210 5291 3409 5338 Γίνοιτο
3468 5288 3573 5345 νέος
3642 5271 3804 5338 Δαυίδ,

2245 5375 2345 5425 εἴτε
2392 5376 2461 5436 ὡς
2512 5376 2693 5444 Σαούλ,
2747 5379 2846 5428 εἴτε
2901 5379 2965 5436 ὡς
3040 5377 3231 5447 Ἀμὼν,
3285 5377 3351 5427 τὰ
3410 5381 3498 5426 τοῦ
3556 5370 3804 5440 έξαγίστον

2244 5465 2463 5526 Λέοντος
2532 5467 2882 5518 καταπτύων·
2968 5463 3233 5517 κάντεῦθεν
3313 5466 3441 5516 Θεὸν
3520 5454 3802 5531 ἐξευμενιξά·
