4062 6280
287 268 422 355 i313

1556 263 2061 354 EPISTOLARUM
2105 275 2244 353 LIB.
2288 296 2363 357 ii.

3504 270 3640 355 1314

283 445 453 498 μενος,
481 428 570 478 καὶ
616 431 688 495 τῷ
741 430 831 485 τῆς
878 423 1218 498 εἰρηναρχίας
1258 426 1462 499 στρέφει
1492 426 1551 475 τὸ
1581 432 1677 485 τῆς
1725 422 1883 497 βασι-

2012 427 2179 479 )eum
2219 422 2487 494 placans,
2520 427 2697 495 atque
2738 424 3271 480 administrationis
3305 426 3638 498 tranquillae

283 515 423 578 λείας
454 515 617 569 αὐτοῦ
646 516 833 587 κράτος
867 513 1110 571 ἀνίκητον
1134 515 1579 587 περιποιούμενος.

509 655 628 722 Ος’.
655 688 724 697 —
749 658 1034 728 Στεφάνῳ
1058 660 1420 728 μαγίστρῳ.
1456 640 1649 728 [υθς-Ἶ.

1993 528 2212 568 corona
2236 511 2420 567 robur
2445 513 2676 584 imperii
2716 514 2805 568 sui
2833 513 3090 568 reddens
3123 513 3546 585 insuperabile.

2302 653 2527 710 LXXVI.
2558 686 2628 697 —
2654 655 2952 724 Stephano
2980 656 3290 726 magistro.

615 800 829 850 Solatur
861 800 915 849 in
945 800 1124 848 uxoris
1148 798 1297 847 obitu
1330 814 1341 846 :
1378 802 1491 847 tum
1520 801 1578 848 ut
1611 812 1706 862 pro
1738 798 2062 862 imaginibus
2108 799 2249 863 apud
2298 812 2501 848 novum
2531 799 2827 863 principem
2853 801 2997 861 agat,
3036 798 3302 852 hortatur.

359 940 519 1008 Οἶδα,
590 938 854 1005 δέσποτα,
920 948 1036 1002 ταῖς
1091 941 1381 1012 ὑπεροχαῖς
1450 939 1883 1007 ὑποστέλλεσθαι,

285 1037 373 1085 καὶ
434 1031 666 1103 μάλιστα
721 1038 782 1103 τῇ
842 1038 906 1102 σῇ
982 1027 1364 1101 ἀνυπερϐλήτῳ.
1433 1028 1568 1082 Ἀλλ’
1621 1031 1759 1101 ὅμως
1828 1032 1886 1081 τὸ

288 1121 595 1194 εύπρόσιτόν
629 1138 724 1172 σου
767 1124 855 1171 καὶ
894 1123 1101 1193 μέτριον
1154 1127 1247 1171 τού
1305 1122 1653 1193 φρονήματος,
1697 1116 1887 1171 ἔδωκεν

288 1210 414 1281 ἡμῖν
464 1208 785 1283 παρρησίαν,
857 1212 947 1259 καὶ
1011 1208 1175 1259 πάλαι
1240 1211 1361 1259 ποτε
1428 1205 1732 1273 έπιστεῖλαι,
1797 1212 1887 1259 καὶ

288 1299 409 1371 ἄρτι
457 1301 514 1349 τὸ
582 1297 710 1349 αὐτὸ
766 1305 1006 1359 ποιῆσαι,
1076 1296 1353 1358 καλοῦντος
1408 1302 1500 1347 τοῦ
1550 1304 1748 1368 χρόνου
1799 1302 1888 1348 καὶ

290 1385 546 1458 ἀφεμένων
587 1386 733 1458 ἡμῶν
770 1394 872 1436 τῶν
913 1384 1227 1456 ἁμαρτωλῶν
1276 1391 1366 1444 τῆς
1416 1380 1510 1436 διὰ
1561 1387 1748 1457 Κύριον
1793 1405 1887 1456 φυ-

289 1473 419 1534 λακῇ
434 1495 473 1540 ς,
505 1477 642 1526 κατὰ
678 1478 772 1533 τὴν
811 1481 902 1525 τοῦ
953 1469 1233 1535 διώκοντος
1281 1472 1480 1525 παῦλαν
1511 1487 1525 1501 ·
1578 1475 1695 1533 ἣτις
1736 1471 1891 1525 ἀκου-

293 1565 481 1616 σθεῑσα
533 1567 714 1635 ἤχησε
761 1565 949 1623 παντὸς
1008 1560 1280 1635 ἀνθρώπου
1325 1561 1588 1634 ἀμφότερα
1629 1565 1695 1613 τὰ
1759 1560 1887 1617 ὦτα.

290 1651 396 1724 ούχ
444 1653 519 1704 ὅτι
568 1651 740 1713 ἁπλῶς
783 1653 919 1726 ἤρθη
954 1668 967 1680 ·
1017 1649 1127 1702 ἀλλ’
1173 1653 1253 1702 ὅτι
1291 1657 1694 1725 τιουτοτροπως.
1743 1651 1885 1708 Αὕτη

289 1744 381 1815 μεν
447 1738 535 1793 οὖν
591 1744 622 1798 ἡ
678 1745 945 1814 πρόφασις
996 1749 1089 1801 τῆς
1142 1740 1441 1802 ἐπιστολῆς.
1493 1741 1625 1810 Ἐγὼ
1683 1742 1741 1792 δε
1788 1743 1888 1813 πρὸ

289 1839 387 1892 τῆς
417 1832 735 1903 ὁρμηθείσης
769 1848 860 1900 μοι
913 1831 1206 1889 ὑποθέσεως
1260 1829 1334 1890 εἰς
1381 1832 1438 1881 τὸ
1476 1828 1699 1902 γράψαι,
1733 1832 1889 1881 έκεῖνο

290 1916 543 1978 ύποδηλῶ
601 1934 613 1948 ⁸
672 1921 751 1971 ὃτι
784 1922 877 1970 ούκ
924 1918 1250 1978 ἀστενάκτως
1305 1924 1394 1970 καὶ
1451 1917 1663 1979 ἀπαθῶς
1701 1922 1893 1991 ἤνεγκα

293 2014 386 2068 τὴν
443 2008 603 2066 ἀκοὴν
653 2015 744 2061 τοῦ
792 2010 1006 2060 θανάτον
1046 2016 1141 2069 τῆς
1194 2006 1394 2078 ἀγαθῆς
1439 2013 1526 2059 καὶ
1575 2006 1891 2080 ἀειμνήστου

294 2098 560 2170 ὁμοζύγου
593 2116 689 2149 σου
750 2113 762 2125 ·
814 2095 1188 2168 ἐνθυμούμενος
1225 2096 1409 2155 ἠλίκήν
1466 2096 1671 2168 πληγὴν
1718 2097 1891 2149 ἔλαϐεν

294 2188 325 2245 ἠ
354 2191 505 2259 τιμία
531 2205 626 2238 σου
653 2185 807 2257 ψυχὴ
852 2193 913 2258 τῇ
950 2183 1215 2248 διαζεύξει
1250 2207 1260 2217 ·
1296 2189 1403 2238 ἐπεὶ
1444 2183 1503 2243 ἦν
1529 2191 1765 2261 μακαρία
1794 2196 1893 2238 τῶν

296 2278 452 2336 ὄντως
483 2274 756 2328 έπαινετῶν
780 2283 1040 2347 γυναικῶν
1083 2291 1094 2303 ·
1125 2277 1245 2326 ὅσον
1285 2274 1386 2326 ἀπὸ
1436 2283 1529 2332 τῆν
1578 2275 1670 2337 ἔξω
1711 2273 1891 2344 ἀκοῆς,

296 2362 359 2426 ἧς
402 2372 582 2437 πεῖραν
638 2364 781 2436 κάγὼ
823 2366 1015 2438 μικρὰν
1064 2365 1090 2415 6
1129 2368 1389 2429 ταπεινὸς,
1429 2364 1576 2416 πλέον
1639 2361 1697 2416 δε
1763 2365 1895 2436 μᾶλ-

298 2452 384 2505 λον
432 2455 458 2504 6
523 2457 781 2528 μακάριός
830 2473 930 2525 μου
986 2458 1159 2525 πατὴρ
1248 2453 1419 2525 εἴληφε
1448 2473 1461 2486 ο
1492 2456 1557 2506 τὰ
1618 2450 1677 2505 δε
1730 2457 1897 2506 πάντα

303 2544 439 2593 κατά
497 2543 662 2594 πάντά
712 2541 865 2604 αύτός
915 2544 978 2607 εἰ,
1054 2546 1200 2616 κύριέ
1258 2562 1380 2614 μου,
1449 2540 1621 2603 εἰδὼς.
1673 2544 1898 2602 Ἐκείνης

305 2634 395 2702 μὲν
452 2630 527 2689 εἴη
585 2635 642 2683 τὸ
671 2636 1002 2704 μνημόσυνον
1060 2636 1191 2705 μετά
1243 2630 1482 2687 δικαίων.
1537 2638 1900 2707 Τεκμαίρομαι

304 2722 407 2793 γὰρ
466 2721 546 2772 ὅτι
603 2727 688 2774 καὶ
758 2721 1022 2795 ὁρθὸφρων
1094 2719 1154 2779 ἦν
1208 2721 1321 2773 λίαν
1393 2725 1526 2793 μετά
1576 2730 1671 2782 τῆς
1742 2723 1899 2783 ἄλλης

307 2806 508 2881 ἀρετῆς.

2062 944 2229 1015 Novi,
2257 944 2519 1008 domine,
2552 942 2871 1011 dignitates
2904 944 3173 1008 revereri,
3209 946 3471 1001 maxime
3503 962 3643 1002 vero

1995 1033 2290 1089 sublimen
2329 1034 2489 1088 illam
2521 1038 2706 1087 tuam.
2748 1032 2870 1086 Tua
2912 1036 3110 1087 tamen
3151 1035 3403 1089 comitas
3430 1034 3645 1089 animi-

1992 1138 2109 1193 que
2149 1123 2443 1178 modestia
2476 1119 2758 1191 loquendi
2801 1124 3159 1190 potestatem
3190 1122 3363 1177 nobis
3405 1123 3557 1190 fecit,
3590 1132 3647 1178 et

1988 1212 2352 1283 jampridem
2383 1211 2459 1266 ad
2492 1215 2547 1265 te
2588 1208 2969 1274 scribendi,et
2993 1210 3328 1266 nuncidem
3352 1212 3642 1267 faciendi:
3683 1205 3691 1216 ’

1993 1302 2282 1372 quoniam
2305 1301 2364 1355 id
2396 1307 2633 1370 tempus
2666 1297 2878 1369 poscit,
2899 1313 3127 1369 nosque
3150 1306 3490 1370 peccatores
3523 1318 3648 1357 car-

1996 1405 2126 1445 cere
2157 1398 2398 1461 propter
2426 1388 2745 1442 Dominum
2779 1386 3026 1441 tolerato
3077 1387 3254 1443 soluti
3295 1405 3504 1444 sumus
3543 1406 3650 1462 per

1997 1476 2298 1532 interitum
2315 1473 2746 1548 persequentis,
2779 1488 2793 1525 :
2828 1473 2999 1543 cujus
3017 1476 3246 1530 uttama
3261 1477 3647 1547 percrebruit,

1998 1565 2194 1622 ambae
2223 1567 2496 1621 omnium
2550 1563 2863 1617 hominum
2898 1577 3074 1617 aures
3122 1564 3485 1620 tinnierunt:
3523 1582 3647 1622 non

1998 1655 2164 1727 quod
2197 1653 2540 1725 simpliciter
2570 1651 2842 1706 sublatus
2882 1651 2956 1706 de
2983 1652 3200 1717 medio,
3226 1653 3329 1707 sed
3360 1655 3523 1725 quod
3550 1655 3651 1711 tali

2001 1744 2204 1798 modo.
2247 1746 2377 1797 Haec
2418 1756 2593 1812 porro
2636 1738 2814 1809 hujus
2862 1740 3131 1809 epistolae
3171 1742 3444 1812 prmfatio
3484 1749 3643 1805 esto.

2001 1835 2041 1888 N
2052 1847 2164 1887 unc
2202 1846 2343 1886 vero
2363 1835 2688 1900 antequam
2704 1829 2777 1883 ad
2795 1829 3171 1899 propositum
3189 1830 3334 1884 mihi
3351 1833 3655 1890 scribendi

1998 1928 2421 1989 argumentum
2444 1919 2778 1987 aggrediar,
2802 1917 2961 1971 istud
2988 1917 3177 1972 obiter
3199 1920 3471 1989 signiﬁco
3495 1938 3508 1988 ;
3531 1939 3654 1979 non

2001 2016 2126 2064 sine
2159 2012 2321 2063 luctu
2363 2008 2691 2077 intimoque
2725 2021 2905 2060 sensu
2950 2006 3176 2062 doloris
3206 2012 3507 2080 accepisse
3559 2030 3655 2068 ms

2000 2100 2278 2154 nuntium
2317 2096 2391 2151 de
2421 2094 2587 2151 obitu
2617 2096 2859 2149 odtimie
2882 2103 3222 2167 aeternaque
3254 2100 3547 2155 memoria
3568 2102 3657 2156 di-

2003 2202 2137 2258 gnas
2177 2186 2448 2256 conjugis
2483 2189 2599 2238 tute
2629 2199 2641 2236 :
2672 2199 2807 2237 cum
2841 2185 3008 2254 apud
3041 2201 3136 2239 me
3164 2194 3433 2257 reputem
3458 2206 3656 2260 quan-

2005 2283 2128 2333 tum
2148 2276 2260 2330 hac
2290 2274 2691 2344 disjunctione
2725 2274 3285 2330 venerandaanima
3309 2283 3409 2332 tua
3443 2281 3657 2334 vulnus

2006 2367 2300 2438 acceperit
2342 2383 2353 2418 :
2388 2362 2886 2436 quandoquidem
2915 2364 3050 2419 felix
3076 2364 3178 2421 illa
3211 2382 3348 2421 vere
3374 2369 3530 2423 inter
3566 2370 3656 2424 fe-

2007 2456 2202 2511 minas
2232 2452 2566 2510 laudabiles
2609 2453 2845 2518 exstitit,
2878 2462 3173 2524 quantum
3227 2455 3471 2525 quidem
3497 2458 3660 2516 fama

2007 2544 2315 2617 pupularis
2370 2541 2584 2609 retulit,
2626 2543 2799 2612 cujus
2851 2542 2978 2597 leve
3030 2546 3505 2614 experimentum
3546 2564 3659 2619 ego

2006 2633 2275 2696 humilis,
2295 2631 2483 2686 multo
2508 2646 2647 2685 vero
2675 2630 2873 2701 majus
2914 2632 3126 2686 beatus
3166 2639 3334 2703 pater
3368 2650 3536 2689 meus
3567 2652 3661 2692 ac-

2008 2723 2163 2794 cepit
2186 2721 2424 2789 ;omnia
2444 2735 2584 2775 vero
2613 2720 2864 2774 omnino
2890 2719 3043 2791 ipse,
3063 2721 3314 2776 Domine
3348 2727 3451 2789 mi,
3476 2726 3662 2796 probe

2008 2812 2183 2867 nosti.
2214 2812 2295 2865 Sit
2315 2816 2517 2865 autem
2544 2808 2701 2863 illius
2726 2811 3488 2881 memoriacumjustis.Sic
3502 2814 3663 2870 enim

2008 2900 2265 2971 conjicio
2296 2914 2311 2951 :
2346 2898 2635 2970 quoniam
2657 2905 2867 2969 printer
2902 2905 3147 2955 caeteras
3190 2901 3429 2957 virtutes
3470 2908 3664 2960 erecto

2009 2988 2363 3059 excelsaque
2404 2987 2608 3042 anima
2647 2987 2669 3040 l
2674 2986 2773 3041 uit.

326 3073 336 3083 ”
379 3073 453 3130 Οὖ
498 3072 558 3130 δὲ
610 3081 773 3153 χάριν
812 3081 871 3129 τὸ
916 3081 1157 3152 γράμμα,
1199 3073 1465 3152 πρόδηλον
1496 3074 1556 3135 τῆ
1593 3076 1900 3150 μεγαλοφυεῐ

2081 3078 2223 3141 Quis
2251 3078 2324 3131 sit
2352 3083 2551 3131 autem
2591 3076 2889 3131 scribendi
2919 3091 3125 3143 causa,
3166 3080 3503 3148 magniﬁca:
3546 3087 3661 3135 tum

309 3185 404 3219 σου
435 3167 667 3240 ἐξουσίᾳ.
707 3167 978 3228 Ἐπίζητεί
1009 3187 1065 3219 σε
1103 3169 1129 3219 6
1166 3172 1330 3241 χορὸς
1360 3176 1461 3218 τῶν
1494 3163 1853 3239 διὸιωσγμένων
1883 3184 1896 3196 ·

306 3257 627 3310 ἰπικαλείταί
655 3276 711 3309 σε
741 3258 767 3308 6
807 3256 959 3328 λόγος
1005 3257 1098 3319 τῆς
1152 3256 1397 3316 ἀληθείας
1430 3273 1443 3286 '
1478 3258 1504 3307 6
1548 3259 1639 3328 μὲν
1689 3258 1758 3317 ὡς
1787 3255 1902 3327 φιλ-

307 3365 361 3399 ευ
369 3346 491 3405 σεϐῆ
542 3351 633 3398 καὶ
688 3346 1039 3418 φιλομόναχον

306 3433 783 3509 εύπαῤῥησίαστον.

1086 3364 1098 3377 ·
1140 3348 1165 3397 6
1233 3343 1292 3397 δι
1345 3348 1413 3405 ὡς
1465 3346 1691 3416 ἐραστὴν
1738 3345 1902 3404 αὐτῆς

862 3435 985 3506 Ούχ
1051 3436 1130 3486 ὅτι
1199 3434 1293 3487 ούκ
1358 3434 1603 3494 ἐκινήθης
1662 3432 1753 3494 ἓως
1811 3440 1902 3486 τοῦ

304 3532 394 3577 νῦν
460 3533 752 3597 προμαχῶν
807 3523 1101 3597 ἀμφοτέρων
1150 3540 1163 3554 ·
1218 3522 1420 3597 ἐπείπερ
1476 3524 1771 3595 ἠκούσαμεν
1819 3523 1904 3574 οἷα

311 3616 621 3673 θεοκινώτως
677 3616 766 3664 καὶ
820 3616 1100 3685 πέπραχας
1153 3617 1241 3664 καὶ
1292 3612 1501 3685 λελεχας
1554 3632 1566 3645 ·
1608 3611 1713 3664 ἀλλ’
1772 3614 1903 3672 ὅπως

307 3708 399 3754 καὶ
447 3706 578 3774 πρὸς
616 3705 674 3753 1'6
714 3701 831 3764 ἑξῆς
890 3701 1066 3775 Ὀρᾴς,
1124 3700 1358 3754 δέσποτά
1408 3722 1530 3774 μου,
1593 3703 1698 3754 οἷον
1729 3706 1785 3753 1'6
1814 3720 1905 3753 κα-

310 3795 399 3843 κὸν
461 3799 551 3851 τῆς
606 3793 901 3867 «ipsaet-ig;
980 3788 1120 3843 Ούδε
1172 3794 1273 3863 γὰρ
1332 3792 1375 3843 εὶ
1424 3797 1495 3863 μὴ
1580 3791 1903 3857 τηλικούτον,

310 3887 548 3932 τοσοῦτοι
598 3882 647 3932 οἱ
699 3882 1020 3952 πάσχοντες,
1074 3885 1160 3932 καὶ
1209 3889 1444 3933 τοσαῦτα
1499 3883 1565 3932 τὰ
1613 3881 1908 3952 αἰκίσματα

309 3977 399 4023 καὶ
446 3970 748 4043 θλιπτήρια,
790 3970 825 4021 ἅ
880 3973 1075 4044 μέχρις
1142 3971 1385 4041 ἐσχάτων
1444 3977 1539 4031 τῆς
1603 3971 1907 4041 οἰκουμέτης

312 4056 585 4133 διέδραμε.
648 4059 853 4120 Βλέπείς
890 4065 980 4111 καὶ
1044 4062 1128 4111 τὸν
1180 4068 1271 4111 τοῦ
1331 4056 1615 4120 διώξαντος
1667 4061 1906 4115 θάνατον.

314 4150 710 4223 Παρακλήθητι,
740 4149 765 4200 6
801 4148 1206 4223 εύπαράκλητος.
1264 4151 1636 4219 Συγκινήθητι,
1677 4150 1703 4199 6
1746 4150 1909 4200 θεοκί-

310 4257 477 4298 νητος.
526 4237 740 4313 ’Ὀρεξον
797 4244 959 4310 χεῖρα
1015 4242 1191 4308 χαμαὶ
1230 4242 1433 4309 κειμένῃ
1475 4245 1535 4308 τῇ
1594 4237 1711 4288 καθ’
1768 4238 1910 4309 ἡμᾶς

312 4326 604 4398 Ἐκκλησία
658 4330 779 4379 ὅσον
832 4324 1103 4398 ἐνδέχεται
1158 4345 1172 4358 ·
1206 4326 1278 4398 ἐφ’
1308 4327 1428 4379 ὅσον
1485 4326 1646 4399 ἰσχύς
1684 4326 1909 4385 λάλησον

2010 3166 2288 3240 potestati
2318 3166 2521 3237 liquet.
2541 3166 2820 3220 Tuamim
2828 3165 3021 3237 plorat
3042 3183 3221 3239 opem
3241 3176 3427 3224 cmtus
3453 3185 3663 3224 eorum

2010 3258 2114 3328 qui
2162 3257 2632 3327 persecutionem
2692 3256 3000 3326 patiuntur
3034 3272 3045 3308 :
3081 3262 3322 3312 invocat
3384 3264 3437 3312 te
3466 3272 3664 3313 sermo

2012 3345 2306 3400 veritatis:
2344 3342 2438 3397 ille
2464 3344 2737 3414 quidem,
2790 3351 2848 3398 ut
2872 3346 3105 3414 pietatis
3145 3351 3558 3415 peramantem
3594 3360 3666 3401 ac

2012 3433 2487 3488 monachorum:
2520 3433 2648 3503 iste,
2683 3438 2743 3485 ut
2768 3432 2858 3486 sui
2883 3439 3238 3502 amatorem,
3271 3435 3331 3489 in
3360 3434 3665 3507 loquendo

2010 3522 2288 3579 lioerum.
2316 3524 2443 3577 Non
2473 3521 2640 3593 quod
2668 3537 2787 3576 non
2828 3522 2970 3577 olim
3007 3538 3197 3593 usque
3225 3525 3286 3578 in
3317 3523 3477 3579 hunc
3506 3524 3665 3578 diem

2012 3628 2123 3685 pro
2139 3613 2401 3683 utrisque
2415 3616 2626 3666 acriter
2637 3611 2939 3667 dimicaris
2953 3627 2968 3679 ;
2984 3612 3324 3668 audivimus
3344 3614 3504 3669 enim
3529 3628 3667 3668 vero

2013 3704 2218 3774 quatia
2272 3702 2372 3756 Dei
2434 3700 2700 3772 impulsu
2750 3700 2939 3769 egeris
2989 3702 3281 3756 dixerisve
3312 3719 3330 3767 ;
3364 3702 3467 3756 sed
3516 3706 3576 3756 ut
3613 3708 3670 3757 et

2015 3792 2320 3862 deinceps.
2357 3790 2547 3856 Vides,
2578 3790 2822 3845 domine
2849 3790 2949 3856 mi,
2979 3799 3209 3861 quanta
3230 3792 3526 3846 htBl'eSeOS
3555 3790 3667 3846 im~

2017 3880 2282 3953 probitas
2331 3880 2407 3934 sit
2457 3879 2485 3933 εἶ
2532 3882 2731 3951 Neque
2795 3881 2975 3944 enim,
3009 3880 3120 3934 nisi
3179 3887 3341 3935 tanta
3386 3881 3554 3943 foret,
3588 3884 3673 3935 tot
3722 3886 3723 3889 “

2017 3970 2338 4041 essentqui
2352 3975 2697 4041 paterentur
2725 3985 2737 4022 :
2771 3984 2878 4023 nec
2893 3974 2974 4023 tot
2993 3969 3368 4023 contumeliae
3389 3976 3672 4023 etasrum—

2018 4073 2133 4123 nae,
2165 4072 2301 4128 quas
2333 4061 2411 4114 ad
2438 4059 2674 4112 ultimos
2704 4058 2865 4111 orbis
2890 4065 3181 4113 terrarum
3211 4058 3431 4114 limites
3465 4072 3670 4128 perve-

2019 4162 2178 4202 nere.
2204 4148 2406 4202 Cernis
2420 4155 2475 4202 et
2488 4145 2899 4217 persequentis
2919 4145 3171 4205 obitum.
3196 4146 3483 4201 Solatium
3502 4161 3670 4217 cape,

2019 4237 2122 4307 qui
2152 4236 2322 4292 facile
2352 4235 2497 4290 illud
2535 4235 2818 4289 admittis.
2854 4232 3305 4300 Commoveare,
3336 4236 3439 4307 qui
3479 4252 3514 4290 a
3552 4236 3671 4291 Deo

2022 4327 2304 4381 moveris.
2342 4326 2579 4380 Manum
2630 4326 2864 4395 porrige
2902 4324 3072 4378 humi
3104 4326 3332 4395 jacenti
3376 4324 3672 4391 Ecclesim,

313 4415 382 4475 εἰς
416 4418 482 4467 τὰ
529 4413 637 4468 ὦτα
686 4423 776 4469 τοῦ
825 4416 1065 4477 εὐσεϐοῦς
1114 4417 1259 4488 ἡμῶν
1299 4414 1562 4489 βασιλεως
1603 4419 1674 4469 ἔτι
1715 4416 1900 4487 ἀγαθά.

2022 4422 2261 4484 nostrai,
2283 4419 2576 4485 quantum
2595 4427 2693 4466 res
2722 4414 2941 4483 patitur
2974 4429 2987 4466 :
3030 4420 3327 4484 quantum
3357 4420 3545 4484 potes,
3572 4414 3677 4468 ad-

310 4503 460 4578 'Tn'¢p
502 4511 735 4578 Χριστου
768 4524 851 4557 σοι
897 4509 952 4556 1'6
986 4504 1279 4578 ἀγώνισμα,
1320 4507 1446 4582 ὑπερ
1501 4513 1593 4567 τῆς
1634 4510 1909 4575 Θεοτοκου,

319 4591 447 4664 ύπερ
495 4599 696 4645 πάντων
740 4602 839 4645 τῶν
887 4594 1066 4666 ἁγίων.
1118 4593 1259 4648 Οὐδὲ
1304 4597 1406 4668 γὰρ
1464 4598 1508 4647 εἳ
1554 4614 1631 4656 τις
1685 4603 1774 4656 τῆς
1821 4603 1914 4646 τοῦ

318 4678 573 4751 βασιλέως
617 4683 805 4746 εἰκόνος
867 4683 1201 4757 ἀντεχόμενος
1266 4684 1398 4755 λέγει
1459 4704 1511 4737 τι
1576 4687 1605 4743 ἡ
1663 4686 1910 4760 πράσσει,

318 4767 455 4839 ἄλλῳ
493 4775 594 4822 τινὶ
648 4771 677 4830 ἢ
707 4780 779 4843 τῷ
829 4769 1039 4847 βασιλεῖ
1074 4775 1358 4847 χαρίζεναι
1433 4778 1519 4827 τὸν
1580 4773 1751 4846 λόγον.
1815 4778 1915 4826 Καὶ

316 4864 435 4930 περὶ
488 4857 596 4922 ἐνὸς
650 4860 801 4932 ἁγίου
860 4863 904 4915 εἰ
938 4860 995 4922 ἦν
1046 4870 1104 4917 1'6
1158 4864 1421 4937 λεγόμενον
1454 4883 1466 4896 ’
1537 4868 1779 4937 μέγιστόν
1832 4882 1915 4915 σοι

317 4950 379 4998 τὸ
417 4941 589 5004 ἆθλον.
638 4947 806 5003 Ὀπου
865 4948 924 5005 δε
980 4958 1223 5028 Χριστὸν,
1278 4958 1366 5005 καὶ
1414 4956 1540 5028 ὑπὲρ
1604 4961 1837 5029 Χριστοῦ
1882 4953 1911 5011 ὴ

319 5033 606 5112 διάπραξις
636 5055 648 5068 ·
683 5038 789 5116 ἄρα
833 5042 960 5114 ούχὶ
997 5043 1146 5117 ψαρὰ
1187 5062 1287 5107 σοι,
1348 5040 1480 5105 δόξα
1516 5062 1570 5095 τε
1616 5048 1705 5094 καὶ
1754 5042 1918 5113 αγαλ-

315 5126 511 5194 λίασις,
556 5134 651 5181 σύν
688 5130 847 5202 πολλῇ
888 5136 1157 5206 προθυμίᾳ
1197 5134 1309 5185 ὅλον
1348 5128 1913 5209 σεάντόνοέπιὸούναη

316 5222 443 5283 Ναὶ,
492 5224 639 5294 καριέ
688 5240 789 5293 μου
847 5223 1148 5294 ἀειπύθητε,
1210 5218 1506 5274 ἐκδυσωπῶ
1557 5219 1703 5292 κάγὼ
1746 5223 1771 5273 6
1823 5223 1915 5273 τοὶ-

317 5304 425 5368 λας.
482 5314 582 5362 Καὶ
634 5310 798 5372 ἄλλως
848 5313 928 5364 ὅτι
984 5313 1106 5384 ἡμῖν
1157 5314 1331 5374 αὐτοῖς
1391 5311 1756 5384 εὐεργετούμεν
1824 5318 1915 5363 τού

319 5394 493 5448 κοινοῦ
535 5403 887 5473 φροντίζοντες
934 5416 946 5433 ⁴
1009 5401 1208 5475 έπείπίερ
1275 5409 1619 5473 σνννοσοῦμεν
1648 5418 1660 5431 ·
1704 5399 1798 5451 κᾶν
1849 5400 1907 5453 ού

320 5492 609 5560 φρονήματι
663 5489 1080 5565 στρεϐλῷ,εὸμως
1148 5487 1197 5543 6"
1272 5487 1360 5543 οὖν
1432 5494 1769 5566 χραινὸμενοι
1834 5497 1894 5562 τῇ

317 5577 552 5652 αἰρετικῇ
610 5582 871 5632 κοινωνία.
943 5577 1081 5639 Αὕτη
1156 5584 1293 5633 εστὶν
1369 5581 1400 5639 ἡ
1472 5582 1683 5652 ταπεινῂ
1742 5578 1912 5651 ’ἡμων

2021 4504 2140 4559 huc
2162 4505 2223 4558 in
2252 4518 2459 4558 aurem
2491 4502 2573 4573 pii
2604 4503 2792 4557 nostri
2816 4503 3195 4572 imperatoris
3226 4502 3319 4557 dic
3350 4505 3533 4559 bona.
3568 4504 3677 4557 Pro

2025 4592 2249 4647 Christo
2289 4593 2394 4647 tibi
2441 4600 2763 4656 certamen,
2795 4606 2905 4662 pro
2947 4591 3224 4660 Deipara,
3285 4607 3396 4662 pro
3454 4591 3677 4645 sanctis

2022 4683 2321 4737 omnibus.
2366 4679 2568 4751 Neque
2599 4679 2765 4733 enim
2823 4681 2872 4733 si
2929 4680 3065 4750 quis
3126 4679 3504 4751 imperatoris
3554 4675 3695 4733 am-'

2025 4771 2236 4843 plexus
2267 4770 2614 4839 imaginem,
2647 4768 2870 4840 aliquid
2900 4772 3042 4825 dicit
3079 4776 3183 4825 aut
3235 4773 3392 4834 tacrt,
3424 4770 3678 4824 alterum

2024 4860 2375 4933 quempiam
2388 4873 2574 4929 quam
2587 4860 3011 4930 imperatorem
3039 4875 3131 4914 ser
3140 4874 3314 4915 mone
3328 4859 3676 4929 compellat.

2026 4958 2127 5018 Ac,
2161 4952 2211 5003 si
2240 4964 2425 5003 unum
2451 4957 2720 5003 esanctis
2747 4950 2875 5002 haec
2903 4963 3091 5004 causa
3122 4955 3438 5019 spectaret,
3468 4950 3677 5017 ingens

2027 5044 2294 5094 maneret
2344 5044 2397 5093 te
2445 5036 2783 5108 praemium.
2821 5038 2926 5091 Ubi
2962 5052 3099 5092 vero
3149 5038 3429 5100 Christus,
3490 5045 3545 5091 et
3573 5052 3680 5107 pro

2028 5128 2255 5184 Christo
2285 5128 2592 5197 negotium
2608 5139 2695 5181 est
2711 5142 2725 5192 ;
2743 5142 2861 5181 non
2891 5125 2994 5181 tibi
3012 5141 3148 5181 vero
3174 5128 3401 5190 latitia,
3418 5125 3606 5195 gloria
3623 5130 3678 5181 et

2032 5217 2344 5273 exsultatio
2373 5224 2479 5282 est,
2522 5232 2661 5271 cum
2698 5215 2925 5286 ingenti
2983 5213 3281 5271 alacritate
3314 5216 3567 5287 leipsum
3602 5222 3685 5271 to-

2028 5313 2154 5363 tum
2190 5307 2538 5379 impendere
2567 5307 2593 5361 '2
2624 5306 2852 5377 Utique,
2886 5306 3135 5360 Domine
3164 5306 3244 5359 mi
3300 5306 3687 5361 desideratis-

2027 5398 2196 5466 sime,
2226 5398 2478 5453 obsecro
2509 5403 2564 5453 et
2584 5411 2695 5468 ego
2741 5396 2940 5451 miser.
2970 5395 3331 5467 Quanquam
3376 5400 3432 5451 et
3461 5401 3678 5450 nostra:

2025 5487 2296 5561 ipsorum
2309 5486 2543 5543 utititati
2558 5487 2876 5553 servimus,
2904 5501 3044 5541 cum
3077 5484 3330 5557 publica;
3352 5485 3681 5556 reiprospi-

2025 5578 2261 5634 cimus:
2294 5575 2792 5649 quandoquidem
2838 5576 2967 5649 pari
2995 5580 3209 5633 inorbo
3260 5574 3608 5631 laboramus
3652 5588 3673 5653 δ’
