4062 6280
443 241 578 304 1315

1703 240 1764 326 s.
1805 205 2169 296 THEODORI
2209 233 2538 296 STUDITE

3653 202 3800 290 i316

438 385 562 426 non
592 367 756 442 quod
778 381 1054 440 perverse
1086 365 1439 429 sentiamus,
1475 363 1581 420 sed
1603 363 1768 436 quod
1792 363 2091 420 haeretico-

2204 362 2490 428 ἐξαίτησις,
2540 368 2693 415 τοῦτο
2750 363 2807 414 τό
2863 361 3149 432 ὑπόμνημα
3177 371 3192 389 ⁸
3243 362 3330 411 καὶ
3377 359 3458 411 ὅτι
3517 361 3608 410 καὶ
3666 357 3799 430 ὑπὲρ

437 475 571 515 rum
603 456 1145 514 communicatione
1176 453 1581 526 inquinemur.
1604 455 1812 508 Nostra
1840 453 1970 508 haec
1988 453 2094 507 hu-

442 549 598 603 milis
651 545 974 619 postulatio
1007 551 1117 608 est,
1151 544 1246 598 hic
1287 549 1487 597 noster
1523 541 1760 596 libellus
1799 557 1810 594 :
1844 548 1900 596 et
1929 541 2095 613 quod

438 637 530 694 vel
553 653 660 708 pro
685 635 846 690 bono
885 633 1177 687 duntaxat
1205 647 1479 687 sermone
1508 646 1630 686 non
1656 630 2096 686 contemnenda

439 727 540 783 tibi
571 739 797 780 merces
849 721 1114 794 reposita
1159 721 1231 775 sit
1263 738 1275 788 ;
1311 719 1499 776 multo
1545 719 1739 790 magis
1789 735 1897 792 pro
1933 724 2096 774 tanto

434 815 659 880 labore,
694 819 989 884 quantum
1040 817 1092 864 te
1134 808 1282 864 ultro
1333 811 1674 880 suscepisse
1718 808 2086 879 accepimus.

2203 451 2358 524 λόγου
2433 450 2608 511 ἁπλῶς
2685 449 2885 521 ἀγαθοῦ
2953 448 3047 501 οὐκ
3119 447 3556 520 εὐκαταφρόνητοι
3620 447 3805 518 μισθοῖ

2207 561 2291 594 σοι
2341 541 2640 593 ἀπόκεινται
2669 558 2681 571 ·
2743 545 2814 612 μὴ
2861 541 2940 592 ὅτι
2987 557 3046 610 γε
3095 541 3334 606 τοσούτῳ
3378 538 3570 608 μόχθῳ
3625 536 3804 588 ἑαυτὸν

2205 628 2546 696 έπιδώσαντι,
2605 631 2744 681 καθὰ
2795 629 3112 699 ἠκούσαμεν,
3161 625 3328 686 Σώζοι
3382 644 3440 678 σε
3494 627 3525 682 ἠ
3576 624 3806 696 κραταιὰ

2203 724 2324 792 χεὶρ
2352 727 2443 770 τοῦ
2493 726 2650 782 Θεοῦ,
2702 721 2789 770 τὸν
2819 721 2888 778 ὡς
2932 715 3135 777 ἀληθῶς
3181 713 3517 786 ἀξιάγαστον,
3566 717 3655 765 καὶ
3704 719 3804 772 τῆς

2208 807 2505 879 συγκλήτου
2532 805 2902 881 πρωτόϐαθρον
2913 844 2925 857 .

437 907 637 961 Servet
668 908 720 958 te
749 900 1106 956 incolumme
1138 905 1474 970 praepotens
1513 898 1611 953 Dei
1644 913 1881 962 manus,
1906 897 2102 952 virum
2137 898 2400 967 profecto
2422 897 2675 966 dignum
2706 894 3126 959 admiratione,
3154 893 3558 964 eumdemque
3580 890 3801 964 princi-

442 1009 578 1065 pem
603 995 868 1047 senatus.

582 1083 825 1140 LXXVII.
855 1112 914 1124 --
933 1080 1169 1138 Sanctis
1196 1079 1632 1149 confessoribus
1657 1079 1940 1136 Patribus

1030 1170 1465 1240 fratribusque.

2277 1079 2398 1135 OZ'.
2431 1111 2500 1120 —
2538 1085 2686 1139 Τοῖς
2743 1076 2963 1148 ἁγίοις
3009 1075 3454 1148 ὀμολογηταῖς
3511 1077 3806 1146 Ηατράσι

2668 1171 2776 1218 καὶ
2806 1162 3113 1236 ἀδελφοῖς
3157 1163 3340 1252 [ναζκ]

1046 1275 1119 1324 De
1141 1275 1480 1337 imperatoris
1505 1274 1844 1324 Iconomacbi
1878 1274 2046 1330 obitu,
2070 1273 2242 1337 deque
2266 1275 2653 1340 persecutionis
2685 1275 2789 1324 ﬁne
2819 1273 3144 1337 gratulatur.

510 1380 675 1433 Nunc
705 1381 942 1446 tempus
961 1374 1340 1429 exclamandi
1361 1389 1498 1428 cum
1529 1373 1768 1437 Davide,
1802 1389 1872 1428 ac
1893 1371 2092 1428 dicen-

437 1465 497 1521 di
532 1482 545 1520 :
578 1465 913 1528 Exsultate,
920 1464 1091 1532 justi,
1107 1462 1170 1517 in
1185 1461 1434 1516 Domino
1450 1481 1470 1516 :
1485 1465 1674 1516 rectos
1691 1461 1852 1517 decet
1868 1462 2091 1516 collau-

439 1557 571 1611 dati
612 1553 920 1608 “.Cantate
949 1552 1079 1615 ei,el
1101 1551 1346 1619 psallite
1371 1550 1424 1606 ei
1445 1554 1486 1591 ³³
1520 1567 1536 1604 :
1567 1551 1857 1621 quoniam
1906 1566 2093 1605 exau-

438 1644 583 1700 divit
616 1642 922 1705 Dominus,
953 1656 1091 1694 cum
1117 1645 1402 1694 omnibus
1434 1641 1536 1710 qui
1579 1645 1717 1694 sunt
1747 1639 1872 1708 pari
1904 1639 2093 1707 gloria

442 1731 692 1804 praediti.
739 1738 968 1784 vestras
1002 1727 1278 1783 assiduas
1316 1743 1541 1798 preces.
1574 1726 1794 1798 Ecquid
1836 1743 1978 1795 ergo
2006 1727 2091 1782 Ia-
2127 1725 2166 1778 Β

441 1825 604 1877 ctum
643 1828 734 1875 est
777 1819 805 1874 ‘?
856 1818 1028 1871 Periit
1059 1817 1300 1887 impius,
1350 1817 1636 1870 contritus
1695 1822 1784 1870 est
1838 1817 1940 1886 qui
1984 1833 2093 1872 nos

440 1907 1006 1966 caedebatzvicistis
1066 1905 1254 1959 ﬁlium
1317 1905 1646 1976 iniquitatis
1718 1927 1730 1959 :
1797 1901 2091 1960 furentem

440 1998 704 2054 belluain
733 1995 1150 2068 prostravistis,
1188 2001 1446 2048 tuentem
1476 2008 1840 2064 perversam.
1869 1995 1912 2049 Ο
1935 1994 2091 2048 desi-

439 2085 821 2153 deratissimi,
841 2100 1027 2155 quam
1056 2092 1268 2154 potens
1288 2088 1376 2137 est
1404 2084 1651 2150 sanguis
1672 2087 1864 2137 vester
1887 2081 1899 2133 I
1933 2083 2094 2137 Hanc

439 2176 535 2232 ille
566 2183 818 2247 pestem,
862 2176 1022 2228 hunc
1065 2170 1406 2226 carniﬁcem
1455 2170 1735 2225 exstinxit
1766 2189 1778 2228 :
1815 2171 1907 2225 ille
1939 2172 2094 2225 dete-

440 2265 722 2320 standum
776 2262 1094 2317 homicidae
1149 2260 1508 2328 sanguinem
1561 2257 1714 2314 fudit
1745 2275 1758 2313 :
1794 2259 2094 2331 siquidem

443 2353 738 2426 pollicitus
782 2359 872 2406 est
903 2350 998 2405 ille
1037 2349 1136 2422 qui
1187 2365 1368 2404 verax
1397 2355 1509 2413 est,
1543 2348 1666 2403 fore
1719 2356 1780 2402 ut
1829 2350 2096 2420 praebeat

440 2459 615 2498 aures
639 2443 709 2496 iis
739 2441 842 2512 qui
883 2440 1146 2494 clamant
1176 2438 1254 2493 ad
1283 2453 1346 2492 se
1374 2444 1545 2492 nocte
1581 2453 1651 2492 ac
1669 2437 1784 2502 die,
1821 2446 1884 2492 ut
1905 2453 2093 2494 sacrae

441 2531 1034 2604 paginaaloquuntur.
1049 2528 1238 2594 Disce,
1259 2528 1476 2582 Christi
1491 2532 1887 2597 contemptor,
1903 2543 2095 2598 quan-

445 2629 568 2677 tum
608 2619 764 2675 illius
786 2634 898 2672 vox
936 2616 1333 2686 valeat,cujus
1363 2631 1572 2670 carnes
1607 2615 2090 2682 lacerasti.Vide,

442 2706 1391 2785 perduellis,quantumavdersus
1415 2705 1713 2761 Christum
1739 2705 2083 2776 profeceris.

441 2799 736 2867 Quoniam
787 2798 1080 2852 adversus
1117 2793 1427 2849 stimulum
1451 2793 1784 2859 calcitrasti,
1831 2795 2095 2864 dejectus

440 2906 505 2946 es
532 2893 592 2944 in
625 2902 892 2960 praeceps
924 2900 1062 2939 cum
1093 2885 1337 2954 strepitu
1377 2898 1393 2937 :
1431 2897 1553 2937 non
1584 2883 1806 2938 viscera
1847 2883 2094 2954 quidem

442 2985 564 3046 tua,
587 2977 691 3032 sed
744 2976 1064 3030 sceleratus
1094 2987 1270 3027 cruor
1328 2969 1554 3026 effusus
1605 2971 1934 3040 tergemino
1963 2972 2093 3025 vul-

429 3067 822 3138 nere,quippe
855 3063 956 3135 qui
977 3060 1321 3116 Trinitatem
1356 3059 1640 3116 oﬁ'enaris
1656 3058 1730 3114 de
1747 3075 1850 3130 per
1881 3067 2092 3115 contu-

428 3157 672 3214 meliam
705 3161 927 3209 sanctae
975 3149 1224 3220 imagini
1266 3150 1479 3205 Christi
1535 3149 1786 3206 illatam.
1809 3149 1920 3204 Abi
1950 3165 2089 3205 cum

423 3247 597 3311 Juda,
639 3246 868 3315 quippe
899 3241 1004 3312 qui
1035 3242 1114 3294 sis
1142 3239 1313 3294 Iudas
1354 3245 1553 3294 mente
1579 3239 1810 3293 similis.
1835 3238 2089 3294 Obviam

429 3337 512 3393 ito
544 3333 692 3390 Patri
725 3338 828 3386 tuo
861 3328 1206 3400 Uralyphio,
1239 3327 1387 3383 cuia
1417 3327 1659 3382 Caballo
1690 3327 2088 3383 nomen.Bibe

427 3423 542 3480 hoc
564 3423 849 3494 primum,
887 3426 945 3474 ut
975 3422 1057 3474 ait
1083 3419 1376 3490 propheta
1391 3417 1437 3452 ²⁴
1455 3433 1468 3470 :
1486 3419 1615 3471 etin
1629 3417 1794 3488 quod
1811 3415 2085 3472 acerbius

434 3514 495 3570 in
523 3511 882 3568 novissimis.

505 3604 676 3666 Proh,
715 3602 818 3672 qui
883 3597 1041 3652 illius
1093 3595 1202 3650 fuit
1246 3595 1306 3650 in
1357 3595 1655 3650 Christum
1707 3594 1872 3650 furor
1902 3598 1914 3652 l
1950 3611 2085 3667 qua:

432 3698 632 3746 vestra
695 3686 990 3744 confessio
1033 3685 1046 3740 ι
1083 3687 1194 3740 Vos
1251 3685 1353 3738 viri
1408 3684 1702 3742 Christum
1759 3690 2084 3754 gestantes,

431 3779 659 3836 alumni
675 3779 928 3849 pietatis,
944 3772 1410 3829 immortalitatis
1429 3773 2088 3844 unguenta,triumpha-

431 3877 587 3926 tores
626 3867 872 3922 inimici.
919 3865 1027 3919 Vos
1075 3862 1344 3917 Ecclesia
1397 3861 1583 3926 nervi,
1636 3862 2086 3918 ﬁrmamentum

430 3958 591 4024 ﬁdei,
619 3958 781 4012 orbis
835 3954 1092 4009 universi
1131 3953 1337 4006 decus.
1369 3951 1868 4021 Auspicatissima
1914 3953 2085 4006 vestri

430 4047 724 4102 memoria
751 4049 1060 4115 est,quam
1092 4049 1147 4096 et
1171 4041 1370 4095 futura
1395 4049 1539 4094 aetas
1570 4040 2087 4110 excipiet.Coroua

433 4143 629 4192 vestra
674 4137 952 4200 GtBleSllS,
1002 4131 1342 4185 divinarum
1388 4129 1639 4186 laudum
1696 4129 1945 4190 ﬂoribus
1976 4131 2085 4186 rite

429 4229 724 4289 contexta,
776 4222 924 4287 Quid
974 4219 1190 4276 deinde
1222 4220 1518 4290 reliquum
1572 4226 1680 4285 est,
1715 4219 1829 4276 nisi
1875 4225 1938 4274 ut
1967 4221 2085 4276 Deo

430 4316 662 4379 laudes,
696 4312 794 4384 pio
831 4309 1755 4386 principigratesagantur,quod
1777 4324 2085 4364 carcerum

429 4420 500 4461 ac
551 4404 830 4459 dolorum
879 4401 1064 4455 ﬁnem
1115 4400 1375 4470 denique
1424 4395 1677 4452 fecerit?
1709 4399 2084 4469 Sperandum

431 4496 555 4550 fore
589 4499 650 4548 ut
675 4492 774 4563 qui
817 4504 1110 4564 prospera
1139 4487 1300 4542 dedit
1342 4486 1511 4542 initia
1545 4490 1716 4554 Deus,
1750 4489 1991 4558 adjiciat
2024 4497 2086 4545 ut

430 4581 834 4654 respondeant
862 4586 1126 4634 extrema
1177 4577 1404 4649 primis,
1438 4583 1494 4632 et
1533 4584 1695 4632 recta
1759 4577 1908 4633 ﬁdes
1947 4593 2086 4632 cum

431 4689 580 4746 pace
630 4671 955 4742 cpnjuncta
1017 4675 1196 4736 caput
1249 4675 1466 4722 exerat.
1509 4668 1759 4722 Tantum
1811 4669 2082 4731 obsecro,

430 4765 790 4817 mementote
824 4759 936 4812 mei
959 4756 1021 4810 in
1051 4756 1423 4811 orationibus
1449 4755 1798 4828 impensius,
1823 4771 1893 4811 ac
1912 4757 2082 4811 vobis

429 4852 576 4924 ipsis
593 4864 829 4919 semper
848 4845 1435 4910 attendite.Quandiu
1453 4847 1612 4900 enim
1628 4849 1898 4916 spiritum
1923 4845 2083 4900 hunc

433 4939 671 4996 vitalem
727 4937 1027 5005 ducimus,
1087 4939 1342 4990 tentator
1389 4936 1587 4990 instat.
1646 4936 1840 4990 Frater
1885 4941 2085 4990 vester

432 5029 706 5088 Nicolaus
724 5042 832 5098 pro
858 5040 1024 5081 more
1053 5024 1306 5080 salutem
1337 5022 1499 5080 dicit.

750 5113 1064 5172 LXXXVIII.
1086 5144 1156 5155 —
1173 5111 1392 5170 Nicetes
1428 5112 1764 5184 pi'zposito,

2274 1380 2380 1426 Νῦν
2407 1377 2584 1445 καιρός
2615 1371 2866 1431 ἐκϐοῆσαὶ
2912 1375 3043 1444 μετὰ
3083 1379 3174 1423 τοῦ
3225 1365 3415 1435 Δαυῖδ,
3467 1367 3556 1421 ϐαὶ
3587 1368 3742 1420 εἰπεῖν
3783 1385 3796 1397 ·

2203 1462 2649 1534 Ἀγαλλιᾶσθε,
2694 1458 2970 1525 δίκαιοι,
3013 1459 3070 1512 ἐν
3113 1464 3326 1532 Κυρίῳ
3357 1478 3369 1490 ·
3412 1465 3542 1519 τοῖς
3581 1459 3804 1511 εύθέσι

2204 1557 2432 1624 πρέπει
2489 1554 2760 1610 αῖνεσις.
2833 1548 3059 1622 ’ᾼσατε
3116 1548 3305 1619 αύτῷ,
3379 1551 3488 1599 καὶ
3561 1546 3805 1616 ψάλατε

2206 1642 2371 1712 αύτῷ
2406 1659 2416 1670 ·
2448 1643 2526 1692 ὃτι
2546 1640 2802 1697 ἐπακηκοε
2832 1643 3036 1712 Κύριος,
3065 1642 3158 1690 σὺν
3180 1637 3349 1689 ἅπασι
3367 1644 3474 1696 τοῖς
3499 1635 3802 1701 ἰσοκλεέσιν,

2205 1733 2346 1803 ὑμῶν
2374 1737 2465 1792 τῆς
2495 1729 2726 1790 ἐκτενοῡς
2760 1727 3040 1802 ἱκετηρίας.
3081 1728 3184 1782 Καὶ
3209 1731 3260 1779 τί
3289 1730 3531 1796 γέγονεν;
3569 1723 3749 1777 Ὠλετο
3779 1724 3805 1775 ὁ

2207 1819 2421 1888 ἀσεϐὴς,
2464 1817 2738 1890 συνετρίϐη
2800 1818 2824 1869 ὁ
2881 1822 3084 1868 κόπτων
3141 1818 3300 1887 ἡμᾶς.
3352 1819 3669 1871 Νενικηκατε
3720 1815 3807 1865 τὸν

2204 1918 2297 1971 τῆς
2325 1912 2579 1982 πονηρίας
2609 1908 2718 1959 υἱόν
2746 1924 2757 1936 ·
2817 1905 3123 1958 κατεϐάλετε
3160 1910 3214 1956 τὸ
3263 1906 3440 1977 θηρίον
3490 1911 3582 1964 τῆς
3623 1902 3804 1975 ὀργῆς,

2206 2002 2292 2051 τὸν
2344 1997 2723 2069 σκολιόγνωμον
2779 2003 2917 2047 νοῦν.
2948 1993 3037 2060 Ὦ,
3098 1991 3136 2045 ὦ
3191 1995 3503 2068 τρίπόθητοι
3533 2008 3546 2020 '
3597 1991 3684 2042 οἵα
3737 1993 3806 2042 τὰ

2207 2089 2404 2158 α’ίματά
2454 2087 2596 2158 ὑμῶν
2646 2081 2843 2138 δυνατὰ
2877 2083 2889 2137 l
2923 2079 3063 2136 Τάδε
3120 2081 3338 2156 ἓρῥαξαν
3392 2083 3477 2132 τόν
3534 2079 3807 2154 ἀλάστορα

2206 2175 2466 2233 κολαστήν
2499 2192 2510 2204 ·
2544 2182 2710 2226 ταῦτα
2765 2173 3019 2225 ὶκένωσαν
3079 2175 3137 2223 τὸ
3199 2170 3366 2242 ἐναγὲς
3410 2169 3543 2241 αἷμα
3595 2175 3686 2219 τοῦ
3721 2187 3808 2239 φο.

2206 2272 2383 2318 νευτοῡ
2419 2281 2431 2293 ·
2467 2267 2605 2336 εἰπερ
2639 2265 2919 2314 ὑπακούειν
2970 2263 2996 2313 ὁ
3036 2256 3275 2331 ἀψευδὴς
3326 2256 3670 2329 ἐπηγγείλατο
3707 2265 3806 2308 τῶν

2208 2351 2443 2427 βοώντων
2487 2356 2612 2427 πρὸς
2669 2352 2823 2404 αύτόν
2877 2355 3060 2410 νυκτός
3116 2355 3204 2402 καὶ
3246 2351 3465 2421 ἡμέρας,
3507 2349 3644 2399 καθά
3675 2364 3806 2415 φησι

2206 2445 2272 2494 τὰ
2302 2448 2492 2514 Λόγια.
2535 2443 2700 2507 Μάθε,
2751 2439 3068 2516 Χρίστυϐρι,
3111 2443 3232 2491 ὅσον
3290 2441 3515 2511 ἴσχυσεν
3563 2439 3592 2494 ἡ
3635 2432 3732 2507 βοὴ

2206 2531 2358 2605 [Ηϐθ.
2401 2531 2519 2586 cod.
2579 2528 2672 2603 ὧν]
2718 2529 2996 2592 κατέξανας
3049 2531 3141 2590 τὰς
3189 2529 3408 2600 σάρκας.
3448 2524 3612 2590 Ἰσθι,
3669 2543 3808 2597 μυσ-

2208 2620 2374 2695 ὁιρχα,
2433 2620 2610 2678 ἡλίκον
2673 2639 2758 2671 σοι
2803 2623 2860 2670 τό
2926 2621 3064 2670 κατὰ
3121 2622 3357 2689 Χριστοῦ
3413 2614 3744 2686 ἀποτέλεσμα
3789 2629 3805 2644 ·

2206 2711 2387 2771 ἐπειδὴ
2420 2716 2544 2786 πρὸς
2595 2716 2780 2785 κέντρα
2808 2713 3065 2772 λακτίζων
3116 2707 3198 2781 ἧς,
3247 2708 3510 2770 ἑλάκησας
3544 2714 3748 2781 πρηνής
3789 2728 3806 2742 ·

2206 2802 2429 2874 ἐξεχύθη
2478 2821 2593 2867 σου,
2627 2802 2670 2854 εἰ
2701 2806 2789 2854 καὶ
2815 2801 2872 2854 ού
2907 2804 2970 2853 τὰ
3003 2801 3304 2871 σπλάγχνα,
3357 2797 3485 2850 ἀλλὰ
3526 2801 3584 2849 τὸ
3631 2795 3805 2868 ἐναγὲς

2205 2893 2356 2964 άῖμα,
2424 2891 2661 2962 ἐντομαῖς
2690 2896 2885 2964 τρισὶν,
2918 2893 2989 2952 ὡς
3045 2897 3105 2962 τῇ
3155 2885 3350 2962 Τριάδι
3407 2889 3802 2961 προσκρούσαν-

2203 3001 2312 3049 τος,
2391 2979 2483 3034 διά
2536 2989 2629 3043 τῆς
2679 2980 2872 3053 ὕϐρεως
2924 2989 3020 3042 τῆς
3085 2978 3236 3050 ἁγίας
3298 2977 3488 3037 εἰκόνος
3541 2983 3796 3050 Χριστοῦ.

2140 3089 2160 3142 3
2203 3070 2388 3124 Ἀπιθι
2432 3073 2561 3143 μετὰ
2606 3077 2698 3122 του
2755 3065 2954 3135 Ἰούδα,
3006 3065 3390 3139 Ἰουδαίοφρον.
3448 3069 3678 3136 Σύντυχε
3724 3073 3794 3125 τῷ

2199 3164 2359 3233 πατρί
2434 3179 2528 3212 σου
2617 3159 2930 3234 Ούραλυφίῳ
2995 3155 3410 3228 Καϐαλλωνύμῳ.
3487 3159 3580 3207 Πίε
3651 3163 3800 3206 τοῦτο

2198 3257 2422 3324 πρῶτον,
2454 3250 2524 3310 ὥς
2544 3267 2701 3320 φησιν
2732 3248 2757 3299 ό
2803 3251 3098 3320 προφήτης,
3129 3249 3218 3298 καὶ
3267 3247 3325 3298 τό
3367 3240 3679 3318 δριμύτερον
3717 3242 3795 3296 ἐπ’

2199 3342 2442 3412 ἐσχάτων
2451 3382 2463 3394 .

2267 3611 2338 3657 Ὤ
2390 3613 2484 3666 τῆς
2543 3602 2734 3656 ἐκείνου
2798 3607 3208 3678 Χριστομανίας,
3269 3605 3359 3653 καὶ
3410 3606 3504 3662 τῆς
3558 3598 3806 3672 ὑμετέρας

2198 3694 2476 3767 ὁμολογίας
2534 3693 2547 3748 ι
2605 3692 2774 3764 Ὑμεῖς
2839 3688 3028 3766 ἄνδρες
3083 3694 3455 3764 Χριστοφόροι,
3531 3689 3806 3760 θρέμματα

2197 3783 2481 3850 εὐσεϐείας,
2542 3786 2854 3854 μυρίσματα
2910 3779 3220 3845 ἀθανασίας,
3279 3778 3663 3848 στηλιτεύματα
3709 3779 3803 3825 τοῦ

2197 3871 2414 3946 ἕχθροῡ.
2467 3870 2636 3943 Ὑμεῖς
2717 3878 2874 3945 νεῦρα
2921 3878 3014 3932 τῆς
3104 3867 3438 3937 Ἐκκλησίας,
3529 3861 3808 3937 ἑδραίωμα

2195 3967 2441 4024 πίστεως,
2494 3959 2644 4021 κλέος
2678 3967 2740 4032 τῇ
2797 3958 2878 4031 ὑφ’
2930 3957 3080 4030 ἡλίῳ.
3137 3957 3304 4028 ’Υμῶν
3357 3959 3414 4008 τὸ
3467 3958 3802 4027 μνημόσυνον

2195 4053 2390 4114 αἴσιον,
2441 4049 2466 4100 ὃ
2514 4052 2603 4100 καὶ
2644 4048 2669 4098 ό
2745 4047 2938 4118 μέλλων
2990 4043 3298 4108 ύποδέξοιτο
3364 4049 3573 4117 χρόνος.
3633 4040 3801 4114 ’Υμῶν

2195 4144 2253 4191 τό
2339 4137 2651 4209 στεφάνωμα
2709 4134 2967 4211 οὐράνιον,
3041 4141 3145 4194 τοῖς
3212 4132 3526 4206 ᾁσματικοῖς
3591 4132 3799 4182 ἄνθεσιν

2196 4227 2486 4300 ἀξιοχρέως
2550 4224 2988 4297 συμπλεκόμενον.
3063 4228 3127 4276 Τί
3179 4227 3236 4274 τό
3289 4222 3510 4290 λοιπόν;
3579 4219 3798 4272 αἰνετέον

2197 4319 2345 4381 Θεὸν,
2379 4315 2714 4388 εύχαριστέον
2774 4322 2847 4386 τῷ
2887 4311 3087 4366 εὐσεϐεῖ
3141 4308 3368 4384 βασιλεῖ,
3425 4313 3502 4363 ὃτι
3565 4317 3664 4360 τῶν
3708 4328 3799 4379 φυο

2194 4405 2362 4458 λακῶν
2413 4410 2503 4456 καὶ
2565 4399 2763 4456 ὀδυνῶν
2811 4406 2954 4456 εἴασε
3008 4408 3135 4464 τέως
3169 4417 3181 4428 ⁸
3214 4406 3304 4452 καὶ
3360 4399 3626 4452 ἕλπιστέον
3662 4399 3743 4449 ὅτι
3773 4398 3798 4448 ὁ

2197 4492 2320 4555 δοὺς
2359 4498 2483 4554 Θεὸς
2530 4497 2623 4550 τὴν
2673 4491 2923 4564 ἀπαρχὴν
2963 4486 3160 4556 δεξιὰν,
3206 4494 3510 4542 συναποίσει
3546 4494 3606 4560 τῇ
3650 4489 3793 4561 ἀρχῇ

2193 4590 2284 4636 καὶ
2317 4587 2371 4635 τό
2398 4583 2539 4643 τέλος
2571 4599 2582 4610 ·
2627 4588 2720 4643 τῆς
2754 4582 3097 4654 εἰρηνοχύτου
3135 4574 3442 4654 ὄρθοδοξίας
3481 4575 3797 4639 ἐξανατεῖλαι

2193 4678 2252 4726 τὸ
2313 4676 2481 4743 κέρας.
2542 4676 2707 4724 Μόνον
2779 4668 3065 4744 παρακαλῶ
3143 4670 3476 4740 μνημονεύειν
3560 4683 3662 4738 μου
3743 4665 3793 4715 ἕν

2193 4767 2518 4836 προσευχαῖς
2566 4761 2891 4834 θερμότερον,
2949 4764 3036 4810 καὶ
3087 4762 3371 4832 προσέχειν
3411 4755 3610 4814 ἑαυτοῖς
3664 4756 3794 4804 πάν·

2193 4869 2324 4905 τοτε.
2381 4848 2502 4902 Ὀτι
2554 4849 2647 4911 ἕως
2697 4847 2756 4900 ἂν
2804 4849 3114 4919 έμπνέωμεν,
3153 4848 3180 4898 ὁ
3215 4847 3474 4920 πειράζων
3512 4847 3792 4918 πάρεστιν.

2191 4939 2249 4992 Ὀ
2323 4934 2535 5011 ἁδελφὸς
2608 4936 2748 5011 ύμῶν
2828 4937 3082 4998 Νικόλαος
3151 4934 3449 4996 ἀσπάζεται
3518 4935 3654 4986 κατὰ
3734 4933 3791 4983 τὸ

2196 5030 2429 5090 σύνηθες.

2443 5117 2570 5174 οΗ¹.
2611 5120 2955 5176 -Νικήτα
2986 5115 3344 5188 ἡγουμένῳ.
3382 5110 3540 5188 [φδ’.]

1384 5222 1456 5270 De
1491 5223 1845 5285 persecutoris
1870 5223 2109 5284 interitu,
2141 5229 2195 5278 et
2213 5231 2400 5278 contra
2422 5225 2834 5278 Iconomachos.

495 5324 641 5383 Misit
670 5323 747 5382 ad
767 5323 1164 5380 humilitatem
1201 5336 1422 5388 meam,
1459 5327 1520 5378 ut
1547 5320 1772 5394 accepi,
1796 5325 2078 5382 sanctitas
2161 5400 2175 5415 .

483 5521 543 5614 1“
571 5515 720 5575 Psal.
747 5533 922 5584 xxxii,
961 5520 1007 5571 ι.
1109 5516 1154 5550 ³³
1184 5513 1336 5571 Psal.
1367 5529 1474 5583 civ,
1510 5521 1559 5571 2.

2260 5324 2594 5392 Ἐπέστειλεν,
2652 5326 2722 5388 ὡς
2776 5325 2999 5398 έμαθον,
3086 5324 3116 5383 ἡ
3175 5321 3444 5396 ἁγιωσύνη
3499 5338 3594 5374 σου
3647 5321 3786 5395 πρὸς

1666 5515 1712 5551 ιι
1743 5513 1854 5571 Isa.
1883 5531 1962 5581 ix,
2003 5519 2050 5584 1,
2093 5530 2211 5574 sec.
2255 5515 2416 5574 LXX.
