4062 6280
273 209 412 302 ἀείτ

1541 201 2052 297 EPlSTOLARUM
2100 240 2239 302 LIB.
2279 204 2350 295 Il.

3493 214 3627 301 1318

270 375 366 430 τὴν
431 371 741 423 ταπείνωσίν
806 366 1079 441 μουοάλλ’
1130 366 1221 420 οὐκ
1279 362 1535 439 ἐδεξάμην
1604 363 1698 419 διά
1752 386 1868 420 τινα

2002 384 2085 423 ua
2105 367 2352 423 litteras.
2401 365 2507 423 sed
2533 382 2654 423 non
2690 373 2830 423 sunt
2860 367 2934 423 ad
2976 385 3072 424 me
3097 371 3301 427 nescio
3327 387 3449 444 quo
3481 387 3627 427 casu

270 462 617 533 περιπέτειαν.
672 458 809 529 Ἐγὼ
870 453 930 510 δε
985 459 1051 518 ὡς
1112 452 1408 527 δεξάμενος,
1463 458 1728 528 χαράσσω
1787 475 1872 507 σοι

270 544 396 601 τόδε
448 552 507 599 τό
560 546 749 607 εὐτελές
792 564 891 618 μου
944 545 1274 618 γραμμάτιον
1305 561 1316 571 ·
1361 549 1723 619 προσηγορίαν
1782 564 1874 595 κο·-

271 638 426 711 μίζον
455 640 542 688 καὶ
571 641 651 701 τό,
704 642 888 708 Χαῖρε,
939 635 1303 705 φθεγγόμενον.
1346 636 1440 684 Διά
1477 638 1571 698 τί;
1625 634 1705 684 ὅτι
1756 651 1875 684 συν-

273 725 473 810 ετρίϐη,
529 724 721 797 μᾶλλον
781 721 841 776 δὲ
907 730 1166 779 κατεκόπη
1218 724 1243 773 6
1296 728 1499 773 κόπτων
1556 724 1732 793 ἡμᾶς·
1793 723 1874 774 ὅτι

272 812 491 887 δέδειχε
540 816 731 886 Κύριος
760 811 808 863 ἐν
854 810 1133 884 ὀφθαλμοῖς
1172 810 1433 875 ἁπάντων,
1490 809 1719 884 ἁρνητὴν
1775 810 1873 861 αύ-

273 912 367 957 τοῦ
421 901 549 955 εἶναι
612 905 699 953 τόν
755 908 853 963 τῆς
911 899 1066 971 ἀγίας
1121 900 1283 951 αὐτοῦ
1337 899 1530 961 εἰκόνος
1583 899 1865 958 ἁθετητήν,

271 1002 350 1055 ,Ως
393 994 492 1063 γὰρ
532 990 591 1041 ού
629 992 920 1062 χωρίζεται
968 987 1116 1049 ἀκτὶς
1170 986 1272 1039 ἀπὸ
1321 988 1471 1044 ἡλίου
1502 1005 1514 1016 ·
1558 987 1723 1048 οὕτως
1751 985 1877 1041 ούδε

275 1081 423 1134 εἰκὼν
461 1086 552 1131 τοῦ
580 1079 944 1151 πρωτοτύπου,
999 1078 1028 1135 ἣ
1064 1081 1216 1147 μόνον
1255 1078 1391 1128 κατά
1446 1080 1504 1128 τό
1551 1085 1647 1137 τῆς
1694 1076 1876 1137 ούσίας

276 1167 549 1242 διάφορον.
599 1168 715 1220 Ἐπὶ
766 1174 862 1218 τῶν
908 1174 1172 1237 τεχνητῶν
1222 1162 1289 1223 δὴ
1348 1166 1498 1237 λέγω.
1550 1166 1691 1220 Ἀλλ’
1737 1168 1878 1238 ὅμως

274 1262 366 1311 καὶ
423 1258 582 1317 οὕτως
657 1254 1011 1329 ἀστραψάσης
1069 1262 1161 1316 τῆς
1238 1252 1503 1321 ἀληθείας,
1580 1256 1675 1307 ούκ
1736 1257 1877 1307 ἔστιν

276 1349 525 1421 ἀθρησις,
576 1342 816 1417 οὐδαμοῦ
865 1342 1140 1415 ἀνάνηψις.
1208 1349 1307 1396 Καὶ
1347 1348 1428 1406 τίς
1471 1343 1529 1395 ού
1572 1344 1808 1406 στενάξοι
1860 1362 1874 1415 ;

276 1442 370 1489 καὶ
401 1441 472 1497 τίς
519 1435 612 1486 ούκ
665 1433 1092 1499 ἀποκλαύσοιτο;
1136 1432 1193 1483 ού
1233 1437 1354 1494 τοὺς
1404 1432 1816 1505 ἀθλοφοροῦντας
1855 1449 1868 1463 ⁸

277 1530 468 1599 μήτιγε
519 1544 600 1586 τις
656 1531 809 1575 τοῦτο
867 1521 1160 1575 ὑπολάϐοι·
1197 1531 1306 1583 πῶς
1358 1524 1459 1596 γὰρ
1516 1524 1565 1574 οἱ
1626 1525 1880 1595 θεομακά-

276 1633 457 1692 ριστοι
517 1613 933 1684 έπικλαύσιμοι;
985 1612 1113 1663 ἀλλά
1178 1630 1298 1673 τους
1368 1611 1743 1673 ἀϐλεπτοῦντας
1790 1617 1879 1665 καὶ

277 1712 354 1776 τῷ
406 1704 547 1774 αὐτῷ
609 1702 749 1773 ζόφῳ
804 1709 897 1763 τῆς
962 1700 1194 1761 ἀσεϐείας
1250 1698 1688 1773 ἒπερειδομένους.
1752 1703 1879 1774 Ἐγὼ

280 1797 373 1866 μεν
425 1789 513 1845 οὖν
565 1795 591 1844 6
643 1791 798 1851 τάλας
865 1790 998 1842 οὕτω
1048 1796 1139 1842 καὶ
1205 1786 1536 1862 διανοοῦμαι,
1596 1791 1729 1842 οὕτω
1790 1797 1879 1843 καὶ

282 1882 655 1954 ἀποκλαίομαι.
707 1884 773 1933 Σύ
827 1876 906 1947 δὲ,
962 1877 1001 1931 ὦ
1059 1881 1169 1952 ἱερὰ
1215 1879 1424 1952 κεφαλὴ,
1478 1884 1566 1931 καὶ
1613 1889 1708 1941 τῆς
1753 1880 1881 1953 έμῆς

280 1972 616 2032 ούθενότητος
668 1969 808 2042 φίλη⁹
844 1974 915 2041 μὴ
959 1968 1271 2031 ἀπολήξειας
1314 1972 1712 2043 προσευχομένη
1752 1989 1879 2021 κατ-

285 2061 516 2134 αλλαγήν
556 2061 755 2133 φθάσαι
803 2059 994 2110 ἄνωθεν
1054 2066 1125 2129 τῷ
1180 2057 1288 2128 λαῷ
1342 2065 1433 2110 τοῦ
1464 2065 1618 2113 Θεοῦ.
1664 2057 1883 2111 Ἔπειτα

284 2158 378 2202 τοῦ
426 2154 516 2202 καὶ
568 2150 709 2221 ἡμᾶς
771 2144 1134 2209 διασώζεσθαι
1181 2150 1298 2206 τούς
1364 2144 1620 2215 ἀναξίους,
1664 2153 1882 2199 κατόπιν

292 2242 434 2313 ὑμῶν
484 2246 582 2292 τῶν
626 2237 782 2309 ἁγίων
828 2237 1013 2296 ἰόντας.
1058 2235 1117 2288 Ὀ
1169 2240 1261 2287 σὺν
1293 2238 1405 2307 ἒμοὶ
1446 2232 1665 2309 ἀδελφός
1712 2256 1882 2311 προσ-

289 2331 546 2403 αγορεύει.
597 2331 731 2387 Τούς
782 2329 912 2398 μετὰ
958 2332 1053 2386 τῆς
1123 2324 1414 2395 ἁγιωσύνης
1465 2344 1559 2376 σου
1629 2322 1885 2397 ἀδελφούς

291 2438 391 2492 μου
456 2417 765 2488 ἀσπάζομαι
796 2435 809 2447 ·
843 2420 993 2486 καίγε
1016 2414 1247 2488 μάλιστα
1286 2418 1371 2466 τόν
1425 2416 1556 2487 ἱερὸν
1587 2415 1880 2488 Ἀρσένιον,

298 2611 546 2666 ΟΘ’.-Ν
565 2617 845 2686 ικηφόρῳ
871 2630 951 2683 τῳ
973 2610 1311 2682 ἁγιωτάτῳ
1339 2628 1499 2684 πατρ
1518 2609 1889 2685 ιάρχη[φς”].

1983 457 2243 529 perlatae.
2280 460 2446 511 Nunc
2470 472 2629 519 vero,
2659 462 2948 529 tanquam
2974 460 3338 531 accepissem
3354 461 3491 527 hoc,
3526 459 3629 516 tibi

1985 554 2157 600 tenue
2188 544 2527 617 epistolium
2557 548 2931 617 exaro.quod
2952 547 3054 602 tibi
3075 548 3496 606 salutationem
3546 549 3626 604 fe-

1982 641 2092 698 rat,
2124 640 2179 689 et
2209 633 2713 703 gauderejubeat.
2740 635 3037 698 Quorsum
3061 635 3394 709 i’quoniam
3418 639 3632 693 contri-

1984 729 2077 778 tus
2119 728 2223 787 est,
2252 723 2341 777 vel
2373 724 2568 793 potius
2598 724 2876 777 concisus
2922 732 3005 779 est
3030 726 3133 796 qui
3163 742 3273 782 nos
3301 729 3568 783 caedebat
3615 745 3629 779 :

1983 812 2270 883 quoniam
2306 811 2511 882 palam
2549 810 2682 865 fecit
2724 812 3006 867 Dominus
3048 814 3108 868 in
3140 825 3468 888 conspectu
3503 832 3635 871 om-

1984 901 2175 965 nium,
2203 907 2547 969 negatorem
2578 898 2871 969 ejusesse,
2896 904 3317 975 sancteeipsuis
3351 904 3634 975 imaginis

1983 994 2476 1059 contemptorem.
2506 988 3030 1051 Quemadmodum
3062 994 3223 1048 enim
3254 1009 3374 1048 non
3406 994 3636 1064 disjun-

1985 1079 2138 1148 gitur
2163 1094 2199 1131 a
2225 1078 2346 1131 sole
2378 1076 2612 1141 radius,
2646 1077 2730 1131 sic
2756 1092 2951 1149 neque
2982 1079 3182 1150 imago
3217 1097 3253 1136 a
3283 1090 3631 1155 prototypo,

1984 1165 2100 1222 nisi
2126 1165 2251 1220 sola
2282 1166 2633 1220 substantiae.
2657 1164 2991 1222 differentia
3027 1185 3039 1222 :
3070 1168 3144 1225 de
3170 1177 3294 1226 arte
3325 1170 3494 1227 factis
3527 1172 3636 1227 uti-

1985 1250 2101 1328 que
2130 1255 2363 1326 loquor.
2387 1253 2892 1319 Atnihilominus,
2924 1272 3064 1312 cum
3093 1265 3396 1330 tantopere
3420 1261 3636 1317 veritas

1987 1344 2226 1415 fulgeat,
2253 1358 2431 1397 nemo
2460 1350 2546 1397 est
2573 1344 2676 1413 qui
2712 1344 3010 1415 respiciat,
3032 1362 3209 1402 nemo
3232 1351 3335 1420 qui
3366 1350 3637 1421 expergi-

1987 1440 2204 1487 scatur.
2251 1434 2315 1485 Et
2341 1431 2477 1502 quis
2509 1447 2685 1502 porro
2711 1434 3200 1502 noningemiscat
3229 1438 3323 1493 ?et
3347 1444 3482 1512 quis
3514 1461 3636 1503 non

1987 1520 2204 1576 deffeat
2232 1520 2258 1573 ?
2290 1535 2411 1574 non
2434 1535 2537 1574 eos
2567 1522 2668 1591 qui
2701 1520 2922 1575 fortiter
2952 1530 3178 1579 certant
3210 1542 3223 1590 ;
3261 1543 3452 1600 neque
3497 1550 3638 1593 vero

1988 1612 2125 1683 quis
2156 1609 2216 1664 id
2246 1610 2617 1680 suspicetur:
2670 1625 2812 1664 nam
2864 1614 3174 1681 quomodo
3230 1616 3471 1686 lugendi
3523 1624 3639 1680 sint

1921 1733 1959 1785 Β
1987 1715 2135 1771 quos
2180 1698 2340 1753 Deus
2366 1699 2559 1752 beavit
2607 1695 2635 1750 7
2665 1697 2770 1752 sed
2817 1714 2918 1753 eos
2944 1703 3046 1771 qui
3077 1704 3415 1777 caacutiunt,
3456 1718 3636 1783 atque

1990 1789 2050 1842 in
2096 1789 2231 1859 ipsa
2262 1786 2581 1857 impietatis
2648 1787 2901 1856 caligine
2933 1791 3281 1858 gloriantur.
3327 1798 3446 1866 Ego
3492 1817 3637 1858 sane

1992 1879 2173 1932 miser
2202 1876 2283 1930 sic
2328 1891 2566 1930 mecum
2595 1875 2801 1931 animo
2830 1886 3063 1948 reputo,
3098 1881 3180 1935 sic
3236 1890 3291 1937 et
3318 1884 3515 1955 lugeo.
3557 1894 3641 1946 Tu

1991 1982 2152 2031 vero,
2185 1980 2423 2020 sacrum
2455 1974 2654 2035 caput,
2687 1980 2759 2020 ac
2786 1966 3084 2023 tenuitatis
3122 1976 3341 2027 nostrae
3375 1980 3641 2034 amicum

1990 2071 2064 2111 ne
2099 2056 2329 2127 precari
2357 2054 2582 2119 desine,
2619 2053 2700 2108 uti
2720 2055 2944 2126 populo
2968 2057 3066 2112 Dei
3098 2059 3327 2115 caelitus
3358 2080 3472 2135 pax
3503 2084 3643 2123 con-

1993 2146 2176 2216 tingat
2206 2161 2219 2198 :
2247 2142 2463 2198 deinde
2498 2149 2557 2197 ut
2594 2150 2649 2197 et
2681 2159 2790 2198 nos
2816 2146 3191 2213 salvisimus,
3226 2150 3451 2222 indigni
3486 2158 3642 2225 licet,

1987 2234 2237 2303 vestigia
2262 2232 2571 2303 vestraqui
2597 2232 2784 2287 sancti
2808 2234 2946 2288 estis
2960 2234 3413 2309 subsequentes.
3442 2246 3637 2303 Frater

1992 2325 2095 2395 qui
2135 2336 2371 2377 mecum
2410 2325 2515 2385 est,
2564 2322 2670 2375 tibi
2720 2322 2970 2377 salutem
2998 2325 3161 2380 dicit.
3192 2329 3417 2387 Fratres
3448 2351 3638 2402 meos,

1993 2412 2099 2485 qui
2127 2425 2267 2464 cum
2310 2408 2623 2464 sanctitate
2656 2418 2755 2465 tua
2779 2409 3023 2481 degunt,
3068 2414 3259 2471 saluto
3294 2435 3306 2472 :
3340 2420 3640 2493 imprimis

1996 2515 2136 2555 vero
2167 2514 2404 2554 sacrum
2435 2498 2774 2552 Arsenium.

2071 2606 2292 2661 LXXIX.
2324 2634 2391 2643 —
2419 2604 2756 2673 Nicephoro
2785 2606 3154 2664 sanctissimo
3175 2572 3570 2679 patriarchae.

299 2709 577 2762 Dolentem
598 2709 741 2774 quod
773 2708 1020 2759 Ecclesia:
1048 2721 1160 2757 sua:
1193 2720 1296 2771 pax
1326 2707 1517 2757 Leonis
1562 2709 1779 2827 Αῗέἒῖἓιέὶ
1814 2709 1997 2820 glorise2
2002 2702 2519 2819 1ncilndt‘tiénfenitus
2548 2701 2756 2751 reddita
2781 2706 2939 2760 esset,
2971 2718 3065 2768 spe
3097 2708 3380 2760 meliorum
3415 2713 3646 2768 solatur.

371 2852 666 2907 Ἐπέστειλα
728 2852 889 2904 πάλαι
968 2853 993 2902 6
1045 2850 1222 2917 τάλας,
1277 2851 1336 2904 ού
1418 2855 1550 2925 πρός
1628 2848 1896 2903 ἀντίδοσιν

301 2945 622 3017 γραμμάτων
706 2942 1019 2994 ἀποσκοπῶν
1063 2955 1077 2970 ⁸
1134 2942 1215 2992 ὅτι
1271 2937 1410 3012 μηδὲ
1486 2937 1689 3000 δούλοις
1756 2942 1897 3014 παρὰ

302 3029 569 3085 δεσποτῶν
602 3029 773 3103 ὀφειλὴ
807 3046 820 3059 ⁸
852 3028 984 3081 ἀλλά
1028 3034 1122 3087 τὴν
1162 3028 1386 3101 ἐμαυτου
1432 3024 1672 3080 διάθεσιν
1709 3028 1897 3100 γλέχό-

297 3139 448 3193 μενος
504 3123 831 3191 ὑπεκφάναι’
884 3118 1019 3169 ούτω
1066 3124 1158 3169 τού
1208 3119 1372 3168 πόθου
1424 3121 1514 3169 καὶ
1565 3125 1657 3168 τοῦ
1712 3124 1896 3191 καιροῦ

301 3207 646 3283 βιαζομένων,
703 3207 798 3260 οὐκ
850 3205 1153 3268 ἀπεικότως.
1205 3206 1375 3269 Αύτός
1424 3202 1501 3271 δε,
1557 3203 1596 3256 ὦ
1646 3208 1758 3258 θεία
1808 3211 1898 3257 καὶ

300 3302 563 3371 κορυφαία
640 3306 740 3349 τῶν
818 3299 961 3371 ἱερῶν
1037 3296 1264 3369 κεφαλῶν
1334 3301 1575 3368 ἀκρότης,
1629 3295 1687 3347 ού
1740 3300 1896 3368 μόνον

302 3385 689 3439 ἀντεπιστεῖλαι
730 3385 962 3448 ἠξίωσας
1015 3394 1088 3457 τῷ
1135 3384 1348 3457 ἀναξίῳ,
1410 3386 1737 3457 θεομιμητως
1796 3381 1898 3442 δη-

301 3476 471 3528 λονότι
529 3480 839 3549 φερόμενοςο
876 3473 1004 3526 ἀ).λά
1061 3478 1163 3548 γὰρ
1229 3480 1317 3526 καὶ
1396 3472 1481 3525 ἀπ’
1555 3472 1719 3533 αὐτῆς
1773 3492 1897 3546 προ-

299 3572 509 3640 γραφῆς
560 3572 807 3616 τοσοῦτον
859 3565 987 3635 ἡμῖν
1033 3567 1091 3615 τό
1148 3570 1236 3625 τῆς
1277 3566 1750 3639 ταπεινοφροσύνης
1801 3583 1894 3616 σου

304 3658 437 3709 θεῖον
497 3653 631 3725 ὕψος
686 3648 982 3720 ὑπέδειξας,
1038 3656 1102 3714 ὡς
1164 3653 1564 3725 καταπλαγῆναι
1611 3662 1719 3725 μῶν
1769 3654 1896 3712 ἰατὴν

303 3744 515 3819 οἰκτρὰν
566 3739 802 3795 διάνοιαν
858 3741 927 3794 Ὠ
969 3750 1061 3794 τοῦ
1112 3745 1371 3814 θαύματος
1404 3742 1417 3798 i
1453 3743 1513 3794 Εὶ
1571 3744 1596 3794 6
1648 3750 1897 3804 τοσοῦτος

304 3838 393 3885 καὶ
460 3833 767 3893 τηλικοῦτος
827 3836 922 3889 τὴν
975 3830 1143 3899 ἀξίαν,
1199 3838 1287 3884 καὶ
1344 3829 1474 3903 τῇδε
1523 3836 1897 3904 συνισουμένην

305 3925 443 3994 έχων
493 3926 587 3980 τὴν
646 3919 831 3996 ἀρετὴν
902 3920 1390 3993 ἀναστράπτουσαν,
1450 3924 1518 3982 ὡς
1582 3922 1719 3973 αύτά
1768 3942 1897 3994 μαρ-

306 4020 450 4084 τυρεῖ
504 4014 568 4063 τὰ
624 4012 934 4084 πράγματα,
992 4012 1101 4061 υἱόν
1147 4010 1330 4063 ἑαυτὸν
1385 4018 1476 4062 τοῦ
1528 4011 1774 4072 ἀσθενοῦς
1806 4011 1901 4063 ἀπ-

305 4102 542 4153 εκάλεσεν
574 4118 588 4130 ’
631 4102 657 4151 6
717 4100 926 4159 ούθενής
982 4104 1073 4151 καὶ
1120 4099 1313 4172 ἀφανὴς
1376 4104 1428 4150 τί
1483 4099 1662 4152 ἑαυτὸν
1712 4100 1902 4172 ὄνομά-

309 4209 414 4243 σειε
446 4206 460 4257 ;
497 4195 596 4242 Καὶ
632 4190 674 4241 εἰ
722 4189 748 4240 6
804 4197 901 4250 τῆς
938 4188 1238 4261 ἁγιωσύνης
1293 4189 1536 4263 λαμπτὴρ
1596 4190 1901 4263 ἁμαρτωλὸν

306 4279 488 4332 ἑαυτὸν
552 4280 936 4354 ὑπογράφοιεν·
973 4280 998 4331 6
1063 4278 1366 4350 ἁμαρτωλός
1429 4284 1518 4331 καὶ
1578 4279 1903 4351 ἠπορημένος

2079 2847 2294 2917 Scripsi
2324 2845 2467 2901 olim
2494 2844 2693 2912 miser;
2726 2861 2846 2901 non
2912 2854 2972 2902 ut
3017 2850 3159 2905 mihi
3194 2851 3459 2911 vicissim
3513 2860 3653 2914 scri-

2003 2937 2176 2993 beres
2208 2954 2220 2993 :
2254 2950 2364 2989 nec
2387 2936 2744 2989 enimservis
2765 2936 2994 2990 domini
3022 2939 3243 2996 debent
3270 2957 3283 3007 ;
3311 2945 3414 2997 sed
3449 2961 3651 3003 meum

2004 3027 2193 3098 ipsius
2223 3023 2499 3078 allectum
2536 3023 2839 3078 declarare
2883 3027 3155 3097 cupiens,
3198 3046 3402 3086 amore
3455 3041 3509 3089 et
3549 3052 3653 3107 op-

2010 3113 2369 3186 portunitate
2392 3112 2474 3167 ita
2490 3112 2989 3181 cogentibus,non
3006 3116 3353 3189 incongrue.
3381 3123 3463 3176 Tu
3490 3139 3650 3194 vero,

2005 3220 2042 3259 ο
2071 3203 2269 3257 divine
2296 3209 2349 3255 et
2380 3216 2659 3270 supreme
2689 3216 2998 3257 sacrorum
3020 3207 3283 3275 capitum
3304 3217 3654 3275 vertex,non

2005 3296 2199 3348 solum
2230 3292 2595 3360 respondere
2616 3290 2865 3359 indigno
2878 3292 3158 3363 dignatus
3171 3311 3252 3361 es,
3273 3298 3371 3352 Dei
3387 3300 3655 3359 videlicet

2004 3379 2283 3451 exemplo
2310 3378 2667 3442 ductus,sed
2680 3382 2824 3434 etab
2839 3379 2974 3451 ipso
2988 3382 3387 3456 inscriptionis
3404 3390 3654 3447 exordio

2004 3476 2235 3527 tantum
2247 3469 2420 3523 nobis
2435 3473 2549 3522 tua:
2561 3466 2914 3523 humilitatis
2928 3470 3197 3526 divinum
3211 3474 3448 3531 culmen
3461 3485 3658 3535 osten-

2003 3560 2164 3623 disti,
2199 3564 2587 3627 utstuporem
2618 3557 2831 3612 infelici
2866 3563 3049 3614 menti
3089 3569 3308 3618 nostrae
3348 3565 3645 3636 injeceris.

2004 3647 2051 3704 Ο
2080 3664 2207 3704 rem
2242 3646 2663 3702 admirandam
2694 3647 2707 3700 l
2740 3647 2797 3702 Si
2833 3653 3034 3703 tantus
3066 3666 3135 3705 ac
3178 3652 3310 3707 talis
3345 3654 3653 3728 dignitate,

2006 3744 2063 3795 et
2082 3738 2221 3792 huic
2250 3735 2496 3807 quidem
2516 3750 2721 3806 parem
2740 3750 2951 3805 gerens
2967 3738 3321 3797 emicantem
3360 3747 3657 3817 virtutem,

2008 3825 3413 3897 utfactaipsatestantur,tiliumsehomunciouis
3449 3836 3658 3906 appel-

2008 3917 2151 3972 lavit
2182 3932 2195 3982 ;
2227 3916 2554 3970 vilishomo
2581 3930 2650 3969 ac
2675 3915 2896 3970 nullius
2930 3920 3099 3985 pretii
3124 3921 3289 3989 quod
3305 3923 3659 3980 sibinomen

2010 4008 2279 4077 imponet
2305 4005 2333 4059 ?
2362 4007 2443 4060 Et.
2478 4020 2523 4057 Si
2556 4004 2966 4059 sanctimoniae
2994 4010 3256 4078 lampas,
3278 4021 3659 4081 peccatorem

2011 4097 2278 4167 seipsum
2301 4094 2622 4148 subscribit
2642 4112 2655 4157 ;
2674 4102 2951 4165 peccator
2974 4102 3032 4150 et
3052 4098 3227 4168 inops
3248 4102 3397 4170 quid
3413 4118 3662 4174 respon-

2011 4185 2174 4241 debit
2201 4185 2228 4240 ‘i’
2258 4183 2438 4252 Igitur
2460 4184 2507 4237 si
2538 4182 2701 4237 aliud
2739 4184 2888 4238 nihil
2936 4187 3223 4257 scriptum
3262 4189 3483 4261 fuisset,
3514 4195 3660 4248 satis

2010 4274 2126 4329 hoc
2155 4288 2341 4327 unum
2354 4278 2479 4327 erat
2492 4274 2634 4327 etad
2649 4274 2995 4343 accipientis
3010 4276 3279 4332 animum
3308 4279 3560 4352 obstupe
3581 4282 3662 4338 fa-

308 4374 361 4422 τί
387 4366 437 4420 δ’
463 4370 524 4420 ἄν
549 4374 636 4420 καὶ
667 4369 1080 4440 ἀποκριθήσεται
1112 4383 1126 4435 ;
1158 4366 1298 4440 ’Ἄρα
1327 4369 1371 4419 εἰ
1413 4372 1503 4419 καὶ
1537 4365 1702 4439 μηδὲν
1734 4368 1891 4443 ἕτεροι

2012 4364 2377 4426 ciendum,et
2406 4362 2485 4417 ad
2527 4362 2838 4416 scribentis
2890 4365 3356 4435 insuperabilem
3388 4370 3663 4428 virtutem

311 4458 594 4531 ἐγέγραπτο
646 4466 706 4530 τῇ
765 4457 1031 4530 ἐπιστολῇ,
1082 4460 1229 4532 ἤρκει
1283 4466 1433 4510 τοῦτο
1486 4464 1636 4529 μόνον
1694 4464 1786 4509 τοῦ
1851 4477 1905 4510 τε

315 4544 602 4618 δεχομένου
644 4551 730 4597 τόν
757 4554 873 4598 νοῦν
914 4545 1269 4619 ἑκθαμϐῆσαι,
1314 4552 1403 4598 καὶ
1441 4554 1532 4598 τοῦ
1581 4550 1904 4619 πεπομφότος

313 4640 372 4688 τό
414 4634 793 4710 ἀνυπέρϐλητον
832 4637 883 4687 έν
921 4634 1073 4708 ἀρετῇ
1130 4634 1500 4710 θριαμϐεῦσαι.
1529 4634 1669 4688 Ἐπεὶ
1722 4632 1779 4688 δὲ
1818 4640 1906 4688 καὶ

315 4728 374 4776 τὸ
415 4724 526 4777 ὅλον
565 4724 688 4796 ὕφος
722 4731 813 4776 τοῦ
854 4726 992 4795 ἱεροῦ
1031 4721 1235 4798 βιϐλίου
1268 4721 1548 4798 διέγνωμεν
1574 4727 1624 4777 οἱ
1651 4730 1904 4792 ταπεινοὶ,

316 4819 432 4866 τότε
467 4818 557 4865 καὶ
591 4812 783 4885 μᾶλλον
816 4816 1071 4885 ἧσθημεν,
1118 4821 1176 4887 τῇ
1218 4811 1461 4887 κεφαλίδι
1502 4817 1561 4866 τό
1602 4814 1714 4866 ὅλον
1758 4824 1910 4887 σῶμα

316 4912 413 4964 τῆς
462 4899 731 4964 διαλέξεως
780 4903 1114 4965 καταλλήλως
1160 4906 1434 4978 εὑρηκότες
1488 4903 1900 4977 ἀπηρτισμένον,

318 4989 508 5059 Οἶδας,
555 4994 581 5044 6
621 4991 764 5063 ἅγιος
799 4992 889 5045 τοῦ
930 5000 1084 5061 Θεοῦ,
1139 4994 1225 5046 οἶα
1284 4992 1513 5066 ἐφθέγξω
1562 5012 1911 5066 πνευματοκι-

316 5088 526 5151 νήτως,
559 5084 630 5144 ὡς
702 5080 993 5157 έπέῤῥωσας
1054 5085 1199 5156 ἡμῶν
1262 5087 1356 5142 τὴν
1422 5081 1609 5141 ἀσθενῆ
1675 5080 1911 5136 διάνοιαν

318 5173 539 5227 έπαίνων
633 5175 1066 5246 φαρμακεύμασιν
1112 5190 1125 5202 ·
1183 5175 1247 5234 ὡς
1346 5170 1692 5246 συνεῤῥιωσας
1760 5174 1913 5246 ἡμᾶς

318 5264 737 5337 ύπομονητικῶς,
794 5266 866 5334 μὴ
936 5266 1169 5315 έκκακείν
1232 5263 1279 5314 έν
1337 5268 1453 5323 ταῖς
1528 5259 1757 5332 θλίψεσι,
1820 5268 1910 5316 καὶ

320 5356 424 5408 ὅσα
460 5352 591 5406 ἄλλά
634 5352 1007 5426 ύπεσημήνειτο
1048 5355 1298 5425 θεοσοφία
1343 5350 1716 5425 καλλυνόμενα.
1773 5350 1907 5405 Ἀλλ’

323 5443 601 5515 εύλυγητὸς
639 5444 665 5495 6
714 5446 864 5511 Θεὸς,
895 5442 946 5505 ὃς
993 5441 1041 5495 έν
1087 5444 1334 5515 τονιούτῳ
1379 5449 1581 5513 σεισμῷ
1640 5438 1907 5512 ἀσεϐείας,

321 5533 624 5593 τηλικοῦτον
701 5532 1007 5607 ὗπέρμαχον
1069 5533 1201 5606 ὁμοῦ
1288 5534 1380 5584 καὶ
1451 5528 1769 5605 κυϐερνήτην
1842 5536 1906 5605 τῇ

2011 4452 2433 4509 extollendam.
2465 4452 2790 4523 Postquam
2833 4458 3034 4508 autme
3066 4459 3252 4509 totum
3298 4459 3449 4513 sacri
3483 4458 3667 4516 libelli

2013 4548 2357 4597 contextum
2378 4538 2632 4595 humiles
2662 4539 3024 4611 perfegimus
3059 4558 3073 4608 ;
3108 4547 3233 4599 tum
3263 4545 3448 4601 multo
3472 4550 3665 4619 magis

2014 4631 2207 4703 gavisi
2255 4646 2490 4697 sumus,
2518 4633 2708 4683 totum
2746 4629 3030 4683 orationis
3074 4647 3291 4704 corpus
3350 4652 3452 4689 suo
3486 4639 3666 4709 capiti

2016 4725 2154 4792 apte
2184 4718 2543 4790 respondere
2573 4718 3133 4775 animadvertentes.
3168 4723 3521 4787 Scis,sancte
3543 4727 3666 4795 Dei,

2016 4809 2221 4882 qualia
2250 4808 2465 4880 Spiritu
2506 4816 2778 4863 movente
2803 4807 3039 4865 lucutus
3070 4811 3148 4865 sis
3180 4827 3192 4865 :
3235 4814 3545 4884 quomodo
3577 4816 3670 4871 in-

2018 4898 2254 4954 ﬁrmam
2293 4904 2557 4952 mentem
2605 4903 2877 4952 nostram
2916 4898 3165 4955 laudum
3215 4902 3672 4961 medicamentis

2019 4987 2468 5045 confirmaveris
2492 5002 2504 5041 :
2538 4986 2847 5057 quomodo
2873 4988 2951 5042 ad
2978 4990 3328 5059 patientiam
3345 5008 3455 5048 nos
3477 5010 3674 5052 corro-

2020 5078 2354 5142 boraveris,
2389 5092 2464 5132 ne
2500 5076 2559 5131 in
2589 5076 3013 5132 afflictionibus
3040 5079 3528 5151 despondeamus
3564 5101 3578 5153 ;
3616 5091 3673 5143 et

2021 5182 2396 5242 quascunque
2412 5166 2528 5223 alia
2556 5167 2761 5221 divina
2778 5167 3069 5239 sapientia
3088 5168 3331 5240 pulchre
3349 5175 3675 5243 suggessit.

2023 5259 2139 5315 Sed
2165 5258 2515 5313 benedictus
2548 5259 2721 5322 Deus,
2750 5255 2846 5327 qui
2876 5259 2933 5310 in
2959 5262 3122 5312 tanto
3140 5258 3460 5331 impietatis
3491 5269 3671 5321 motu

2022 5353 2079 5405 et
2099 5347 2514 5410 concussione,
2540 5344 2717 5401 talem
2742 5352 3247 5417 propugnatorem
3276 5349 3454 5406 simul
3479 5366 3549 5407 ac
3563 5367 3674 5423 gu-

2018 5436 2399 5495 bernatorem
2419 5434 2687 5491 Ecclesiae
2699 5451 2821 5490 suae
2832 5436 3082 5505 largitus
3106 5439 3674 5512 est,inconcussum,

2017 5525 2414 5593 immobilem,
2447 5524 2629 5582 verba
2657 5523 2784 5580 vitai
2796 5523 3141 5596 habentem,
3172 5527 3568 5588 confessionis
3587 5531 3675 5592 lu-
