4062 6280
487 227 623 291 1319

490 387 628 427 men
661 371 937 426 universo
970 369 1096 424 orbi
1150 370 1598 425 accendentem.
1633 368 1804 437 Quod
1848 369 1898 424 si
1946 369 2134 425 hiems

482 463 752 516 nondum
785 458 1079 530 praeteriit,
1105 457 1241 513 licet
1287 473 1475 530 parva
1519 457 1800 530 quaedam
1847 459 2134 513 serenitas

483 548 766 604 affulserit
801 564 815 602 :
859 562 980 601 non
1023 546 1498 617 desperandum,
1532 561 1567 601 o
1591 550 1678 600 ter
1706 546 1897 601 beate.
1942 549 2135 601 Potest

481 654 554 693 en
633 638 774 708 iqui
809 636 1046 690 brevem
1081 635 1246 706 pacis
1277 634 1596 690 scintillam
1627 635 1920 690 concessit
1941 635 2134 690 Domi-

477 740 615 794 nus,
646 727 826 780 Deum
840 722 1214 779 ﬂectentibus
1229 722 1506 795 precibus
1534 723 1644 778 tuis
1670 723 2130 790 inﬂexus,etiam

479 819 668 872 totum
689 813 1032 869 orthodoxae
1057 812 1190 866 ﬁdei
1224 828 1324 867 ver
1351 813 1613 884 pandere
1656 829 1668 866 :
1711 820 1766 868 et
1794 820 1932 867 tunc
1956 813 2134 868 nimi-

479 919 634 967 rum,
681 902 928 974 quando
979 902 1078 956 irae
1136 904 1326 955 nubes
1380 901 1630 956 omnino
1679 901 2026 965 mutabitur,
2075 909 2132 957 et

477 994 714 1064 piorum
744 1007 814 1046 ac
842 990 1027 1045 Deum
1059 992 1390 1045 amantium
1408 1005 1578 1044 amor
1608 990 1892 1062 probatus
1915 989 2128 1046 clarius

476 1082 665 1138 fuerit.
719 1083 850 1135 llaec
905 1095 1092 1134 ausus
1140 1095 1272 1133 sum
1317 1079 1375 1133 in
1445 1080 1762 1149 praesentia
1839 1089 2125 1150 tanquam

473 1170 706 1226 catulus
736 1169 1040 1241 quispiam
1073 1168 1284 1222 mutire
1298 1168 1525 1238 optimo
1548 1183 1681 1222 meo
1710 1182 1916 1222 revera
1935 1167 2127 1242 archi:

476 1259 698 1332 pastori
755 1275 768 1313 :
819 1259 1007 1329 quiet
1046 1255 1454 1311 venerandum
1521 1256 1919 1311 enchiridium
1983 1271 2123 1312 cum

475 1348 700 1420 ingenti
720 1345 1115 1402 exsultatione
1145 1345 1405 1417 suscepi.

856 1614 1046 1668 LXXX.
1071 1643 1138 1652 —
1156 1612 1374 1667 Joanm’
1403 1611 1756 1682 Logothetae.

1721 231 1781 290 S;
1823 214 2187 290 THEODORI
2233 230 2560 290 STUDITXE

3692 239 3710 292 l
3725 232 3840 292 320

2167 371 2211 425 Α
2245 369 2428 423 ἑαυτοῦ
2477 369 2761 444 Ἐκκλησία
2806 367 3130 443 ἐδωρήσατο,
3178 371 3441 434 ἄσειστον,
3485 367 3836 442 ἀκράδαντον,

2243 457 2394 530 λόγον
2464 457 2599 520 ζωῆς
2668 457 2924 531 ἐπέχοντα
2957 469 3102 532 ’φῶς
3176 461 3457 532 ὁμολογίας
3511 461 3573 532 τῇ
3633 461 3838 532 ύφηλίῳ

2243 551 2586 623 πυρσεύοντα.
2652 549 2710 601 Εἰ
2755 545 2814 600 δὲ
2866 550 2943 600 ὅτι
2973 549 2998 600 6
3038 554 3241 621 χειμὼν
3294 549 3507 601 ούτίπου
3552 546 3837 622 παρῆλθεν,

2244 635 2287 687 εἰ
2339 641 2430 687 καί
2485 655 2564 698 τις
2614 639 2779 708 μικρά
2825 636 3006 711 αἰθρία
3058 635 3438 710 ὐπήστραψενο
3479 637 3573 689 ούκ
3631 637 3840 710 ἀθυμη-

2241 729 2372 790 τέον,
2433 722 2472 776 ὦ
2531 727 2969 800 τρισμακάριστε.
3039 730 3258 786 Δυνατός
3321 729 3424 800 γὰρ
3498 727 3524 778 ὁ
3588 723 3712 786 δοὺς
3769 731 3837 780 τὸ

2242 809 2424 885 βραχύ
2460 822 2548 875 τῆς
2597 814 2799 886 εἰρήνης
2855 816 3159 888 έμπύρευμα
3210 817 3420 890 Κύριος,
3473 822 3589 876 ταῖς
3637 815 3836 868 θεοκλι-

2239 906 2348 954 νέσι
2404 923 2497 955 σου
2547 923 2900 975 καμπτόμενος
2951 912 3301 978 προσευχαῖς,
3333 909 3424 956 καὶ
3478 908 3536 956 τό
3585 903 3696 957 ὅλον
3736 913 3834 968 τῆς

2239 989 2549 1062 ὀρθοδοξίας
2610 991 2934 1044 ἀναπετάσαι
3022 995 3110 1066 ἔαρ
3141 1009 3152 1022 ·
3208 998 3298 1045 καὶ
3380 997 3498 1046 τότε
3564 990 3834 1059 δηλονότι,

2237 1081 2390 1132 ὁπότε
2465 1087 2554 1133 καὶ
2629 1085 2688 1132 τό
2755 1089 2843 1141 τῆς
2916 1080 3072 1156 ὀργῆς
3113 1087 3258 1154 νέφος
3309 1081 3582 1154 ἀμειφθείη
3641 1083 3833 1148 τέλεον,

2235 1175 2323 1221 καί
2380 1171 2405 1220 6
2462 1171 2631 1230 πσθος
2695 1178 2793 1221 τῶν
2871 1171 3110 1242 θεοφιλῶν
3178 1168 3527 1243 ὃοκιμασθείη
3594 1171 3834 1247 λαμπρό-

2234 1277 2396 1332 τερον.
2454 1261 2632 1312 Ταῦτά
2678 1278 2768 1330 μοι
2819 1265 2906 1310 νῦν
2949 1260 3262 1332 τετόλμηται
3294 1263 3469 1335 ὧσπερ
3511 1280 3562 1312 τι
3595 1258 3834 1314 κυνίδιον

2232 1347 2421 1422 γρύξαι
2475 1355 2546 1418 τῷ
2613 1355 2838 1420 χρηστῷ
2894 1367 2994 1420 μου
3059 1351 3126 1410 ὡς
3197 1347 3402 1412 ἀληθῶς
3463 1347 3830 1424 ἀρχιποίμινι,

2233 1437 2463 1508 εἰληφότι
2539 1442 2630 1488 καὶ
2714 1439 2772 1488 τὸ
2850 1441 3210 1512 προσκυνητὼ
3295 1435 3620 1515 ἔγχειρίδιον
3715 1443 3832 1512 μεθ’

2233 1524 2552 1599 ὑπιρϐαλλού
2560 1544 2626 1583 ση
2638 1547 2659 1588 ς
2697 1524 2763 1596 ἀγ
2771 1525 3022 1578 αλλιάσεω
3032 1547 3052 1587 ς
3064 1571 3075 1582 .

2509 1615 2593 1670 Il'.
2620 1647 2687 1656 —
2711 1613 2968 1688 Ἰωάννη
3011 1618 3363 1690 Λογσθέτη.
3409 1615 3564 1690 [φζ’.]

1033 1721 1103 1769 De
1134 1719 1327 1769 Leonis
1362 1720 1583 1770 Armeni
1615 1723 1783 1769 morte
1814 1720 1982 1784 ipsius
2009 1722 2299 1772 sceleribus
2323 1723 2978 1786 congruente.(Baron.an.
3006 1724 3173 1780 821m.
3202 1724 3304 1785 24.)

549 1812 851 1868 Reseravit
881 1818 1114 1882 tempus
1123 1809 1374 1879 januam
1391 1808 1698 1874 libertatis,
1717 1816 1776 1864 ut
1806 1809 2129 1882 loquamur

476 1917 586 1958 nos
617 1917 755 1957 cum
784 1899 958 1956 bonis
988 1898 1128 1953 viris
1157 1897 1331 1952 simul
1355 1904 1408 1953 et
1444 1899 1679 1952 amicis.
1711 1898 1776 1952 In
1801 1898 1896 1953 his
1924 1905 2124 1955 autem

473 1992 609 2062 quis
635 1991 929 2062 potiorem
955 1988 1220 2043 obtineat
1270 1987 1468 2041 locum
1508 2003 1693 2058 quam
1748 1988 1937 2059 pietas
1972 1993 2071 2044 tua
2098 1987 2126 2044 7

475 2081 577 2152 qui
603 2080 681 2135 ob
710 2079 871 2134 hunc
918 2080 1115 2148 ipsum
1147 2077 1384 2148 pietatis
1423 2076 1646 2130 cultum
1700 2093 1821 2131 non
1877 2079 2125 2147 exiguas

475 2185 787 2241 perpessus
811 2183 873 2222 es
905 2165 1208 2222 molestias
1251 2181 1676 2237 aerumnasque
1705 2166 1782 2220 ab
1826 2181 1897 2221 eo
1935 2167 2036 2239 qui
2069 2174 2124 2223 et

473 2259 658 2312 Deum
681 2255 946 2319 oﬂendit,
977 2260 1035 2309 et
1093 2253 1388 2308 mundum
1430 2256 1734 2324 impietate
1785 2255 2122 2326 perdidit,et

473 2362 679 2418 parem
699 2349 1024 2416 apostasia:
1043 2343 1223 2398 vitam
1253 2343 1535 2397 violenter
1564 2343 1900 2398 ﬁnivit.non
1917 2343 2121 2400 inloco

474 2443 703 2501 sancto,
720 2435 856 2489 licet
879 2433 935 2488 id
956 2432 1240 2487 horribile
1269 2432 1427 2486 dictu
1452 2432 1714 2502 sitzquia
1735 2448 2121 2505 nequaquam

473 2524 764 2596 templum
794 2523 893 2577 Dei
925 2529 1218 2590 sanctum,
1241 2521 1398 2592 quod
1416 2521 1493 2575 ab
1525 2521 1813 2575 haereticis
1841 2523 2119 2591 profana-

474 2619 600 2670 tum
630 2618 738 2678 est,
773 2612 879 2667 sed
904 2610 1123 2666 domus
1153 2609 1408 2680 profana
1433 2614 1540 2676 est,
1577 2611 1728 2666 sicut
1756 2612 1836 2666 ait
1865 2627 2121 2680 magnus

475 2703 724 2760 Basilius
757 2722 768 2761 ε
803 2701 1054 2773 preside
1084 2699 1240 2755 illius
1269 2700 1503 2769 angelo,
1531 2707 1820 2772 utpraeest
1849 2702 2120 2759 Ecclesiae

473 2793 810 2864 unicuique,
841 2790 1198 2846 abscedente
1217 2796 1452 2860 propter
1468 2791 2122 2864 impietatem.Quapro-

471 2888 601 2956 pter
639 2897 747 2936 nec
783 2884 901 2936 Deo
921 2886 1199 2949 acccepta
1223 2885 1310 2933 est
1346 2894 1483 2950 qua;
1509 2881 1568 2933 in
1583 2879 2121 2938 eoimmolaturho-

470 2972 599 3028 stia.
642 2973 708 3025 Et
733 2969 877 3026 audi
908 2970 1107 3040 ipsum
1139 2968 1431 3023 dicentem
1454 2986 1467 3027 :
1490 2968 1757 3039 Iniquus,
1789 2968 1893 3039 qui
1920 2970 2121 3025 immo-

471 3061 553 3118 lat
579 3061 727 3117 mihi
749 3060 1023 3124 vitulum,
1055 3061 1226 3130 quasi
1239 3061 1341 3128 qui
1356 3059 1636 3126 interﬁcit
1652 3073 1857 3115 canem
1872 3060 2119 3125 ".Quod

468 3151 516 3207 si
541 3156 830 3222 tanquam
863 3150 922 3203 in
956 3148 1177 3218 templo
1212 3155 1514 3202 mortuum
1546 3163 1674 3203 esse
1701 3148 1949 3219 impium
1973 3165 2120 3204 con-

467 3241 678 3297 tendas
706 3281 720 3305 ,
748 3239 808 3293 id
838 3240 918 3293 ita
968 3237 1285 3292 commode
1342 3237 1759 3307 explicabitur.
1795 3240 2121 3309 Oportebot

466 3329 648 3394 enim,
678 3326 993 3398 oportebat
1013 3342 1171 3391 eum,
1205 3325 1306 3397 qui
1330 3325 1432 3379 Dei
1462 3326 1697 3397 templis
1717 3325 1942 3382 bellum
1969 3327 2119 3383 indi-

465 3424 648 3482 xerat,
691 3419 750 3471 in
799 3415 1018 3487 templo
1077 3416 1309 3470 strictos
1359 3416 1420 3468 in
1483 3431 1545 3470 se
1602 3415 1837 3484 gladios
1869 3416 2115 3472 videre:

464 3507 778 3578 oportebat
796 3504 1062 3575 eum,qui
1091 3504 1362 3558 divinum
1381 3504 1564 3560 altare
1582 3505 2118 3570 destruxerat,ante

465 3595 647 3651 altare
687 3610 722 3649 a
754 3593 951 3649 medio
985 3593 1143 3648 tolli:
1179 3609 1314 3648 eam
1344 3609 1612 3659 manum,
1642 3610 1776 3665 quae
1838 3593 2034 3650 fuerat
2057 3597 2117 3650 in

465 3685 672 3742 Christi
703 3686 990 3755 probrum
1017 3682 1190 3747 elata,
1215 3683 1363 3736 caedi
1393 3688 1448 3737 et
1471 3683 1802 3754 amputari:
1825 3683 1884 3738 in
1917 3690 2118 3756 caput,

463 3775 628 3848 quod
641 3772 716 3829 ad
734 3772 1040 3844 perniciem
1056 3769 1297 3825 aliorum
1314 3769 1874 3836 movebatur,ensern
1888 3773 2118 3829 distrin.

463 3865 546 3934 gi:
565 3862 944 3932 humero,qui
959 3861 1034 3915 ad
1049 3861 1284 3932 piorum
1301 3860 1504 3931 plagas
1531 3861 1889 3932 erigebatur,
1904 3861 2119 3918 lethale

465 3953 680 4009 vulnus
708 3949 892 4020 inﬂigi
924 3965 937 4015 ;
972 3948 1136 4019 regio
1167 3965 1196 4003 e
1224 3949 1444 4020 palatio
1473 3965 1610 4004 cum
1651 3950 1940 4006 dedecore
1981 3952 2116 4022 pelli

461 4043 738 4114 eum,qui
770 4040 1116 4111 Cbristi,qni
1144 4041 1429 4110 Deiparaa,
1459 4039 1562 4111 qui
1590 4041 1778 4094 sancti
1803 4041 2120 4111 cujuslibet

462 4139 730 4188 sanctam
747 4129 1056 4198 imaginem
1071 4129 1290 4200 probro
1304 4126 1898 4193 affeceraLQuorsum
1915 4137 2117 4185 autem

465 4220 587 4287 tibi,
623 4219 868 4274 Domine
893 4218 989 4279 mi.
1017 4217 1282 4272 scelerati
1309 4223 1561 4273 mortem
1593 4218 1652 4272 in
1683 4220 1844 4274 hunc
1864 4219 2116 4276 modum

464 4307 682 4379 tragice
733 4304 1068 4377 descripsi?
1099 4307 1249 4370 Quia
1306 4322 1549 4362 necesse
1600 4307 1740 4362 hinc
1782 4324 1900 4364 non
1936 4309 2116 4366 modo

464 4397 632 4470 pium
660 4397 1104 4468 imperatorem,
1133 4403 1560 4464 congruentem
1586 4395 2116 4468 impietatiexitum

462 4487 628 4558 impii
661 4500 1006 4555 agnoscere,
1035 4485 1135 4538 sed
1163 4486 1337 4540 etiam
1363 4484 1674 4541 hominem
1713 4501 2117 4559 unumquem-

462 4592 605 4649 que.
635 4580 714 4630 Ac
745 4573 928 4628 miror
953 4573 1232 4644 equidem
1255 4576 1636 4630 vehementer
1652 4577 1962 4646 quomodo
1987 4577 2116 4633 haec

458 4664 791 4734 intelligens
857 4666 1118 4734 Optimus
1169 4662 1457 4718 Dominus
1502 4671 1719 4734 noster,
1754 4665 1828 4720 de
1869 4665 2116 4721 nefandi

459 4753 852 4826 persecutoris
881 4752 1182 4823 impietate
1230 4753 1602 4823 triumphum
1648 4768 1770 4808 non
1819 4761 1979 4824 agat,
2006 4771 2113 4810 nec

460 4842 572 4897 sibi
615 4857 684 4896 ac
750 4840 1004 4896 subditis
1045 4840 1360 4896 orhodoxaa
1399 4841 1536 4896 fidei
1569 4842 2114 4899 reconciliationem

461 4931 782 5003 impertiat,
809 4937 1098 5001 tanquam
1131 4931 1406 5001 princeps
1442 4931 1624 5000 pacis,
1658 4931 1736 4985 ad
1762 4931 2112 5003 exemplum

464 5020 692 5077 Christi.
739 5021 1058 5091 Propterea
1104 5023 1261 5090 peto,
1309 5018 1551 5073 humilis
1600 5018 1883 5086 obtestor,
1919 5027 1978 5076 ut
2029 5027 2111 5086 tu,

460 5109 565 5183 qui
587 5110 800 5164 eximie
832 5111 966 5181 pius
1003 5125 1084 5175 es,
1120 5123 1296 5180 porro
1319 5122 1554 5178 pergas,
1579 5109 2105 5179 quemadmodum

462 5201 664 5271 accepi
715 5205 768 5255 te
821 5203 1033 5270 sponte
1085 5207 1456 5267 aggressum,
1495 5200 1554 5250 ut
1593 5201 1781 5252 totum
1815 5204 1869 5253 te
1901 5200 2107 5256 tradas

462 5289 839 5346 restituendas
864 5287 1092 5355 ﬁdei,in
1112 5302 1235 5359 qua
1255 5289 1343 5342 est
1363 5285 1525 5341 salus
1552 5290 1609 5342 et
1638 5287 1942 5361 imperiiet
1973 5291 2112 5348 sub-

463 5379 750 5438 ditorum.

477 5472 485 5480 ~
530 5508 576 5546 ⁸⁵
612 5508 718 5567 lsa.
749 5521 897 5574 mi,
929 5505 982 5576 3,
1008 5519 1141 5572 .sec.
1174 5504 1315 5563 LXX.

2308 1811 2539 1874 Ἢνοιξεν
2601 1814 2626 1864 6
2673 1817 2849 1886 καιρός
2916 1814 3074 1887 θύραν
3137 1811 3451 1887 παρρησίας,
3507 1815 3830 1887 φθέγξασθαι

2235 1903 2375 1973 ἡμᾶς
2422 1900 2640 1973 ἀγαθοῖς
2686 1898 2965 1976 ἀνδράσιν,
3009 1901 3141 1974 ὁμοῦ
3190 1921 3242 1954 τε
3277 1909 3366 1955 καὶ
3405 1904 3591 1976 φίλοις.
3624 1912 3732 1958 Τῶν
3767 1905 3829 1960 δε

2233 1993 2479 2043 τοιούτων
2527 1995 2605 2052 τίς
2658 1989 2718 2042 ἀν
2770 1993 2846 2048 εἰη
2889 1991 3082 2062 μείζων
3133 1997 3226 2051 τῆς
3288 1998 3381 2052 σῆς
3425 1991 3727 2060 εύσεϐείας;
3770 1998 3827 2058 ὃς

2231 2100 2290 2151 γε
2340 2077 2414 2132 δι’
2456 2079 2582 2131 αὐτὸ
2621 2087 2772 2131 τοῦτο
2818 2083 2875 2131 τὸ
2912 2078 3136 2131 εὐσεϐεῖν
3165 2099 3239 2145 σε,
3279 2083 3371 2132 οὐκ
3411 2079 3584 2152 ὀλίγας
3615 2083 3828 2147 ἀνέτλης

2235 2168 2436 2240 θλίψεις
2476 2187 2530 2220 τε
2585 2173 2674 2220 καὶ
2729 2173 2985 2230 κακώσεις
3035 2170 3180 2241 παρὰ
3237 2178 3327 2221 τοῦ
3377 2175 3468 2221 καὶ
3509 2179 3622 2242 Θεῷ
3654 2191 3825 2245 προσ-

2231 2261 2569 2331 κρούσαντος,
2623 2263 2712 2310 καὶ
2767 2263 2962 2330 κόσμον
3010 2257 3282 2320 ὀλέσαντος
3343 2257 3390 2310 ἓν
3457 2259 3686 2334 ἀσεϐείᾳ,
3735 2269 3829 2316 καὶ

2157 1834 2195 1887 Β

2234 2346 2508 2422 ἰσόρροπον
2557 2355 2648 2408 τῆς
2712 2345 3043 2408 ἀποστασίας
3079 2353 3173 2405 τὴν
3231 2351 3366 2410 ζωὴν
3417 2348 3826 2424 ἀπορρηξαντος,

2231 2434 2326 2487 ὀύκ
2364 2435 2412 2486 ἐν
2464 2435 2596 2508 ἁγίῳ
2648 2441 2808 2508 τόπῳ,
2864 2434 2958 2487 κᾶν
3017 2436 3351 2510 μορμολύττῃ
3401 2441 3458 2490 τὸ
3516 2439 3784 2511 λεγόμενον
3810 2458 3822 2470 ·

2232 2520 2370 2576 διότι
2418 2524 2476 2576 ού
2523 2531 2642 2587 ναός
2673 2532 2805 2578 Θεοῦ
2857 2524 3002 2596 ἅγιος
3046 2527 3072 2576 6
3126 2525 3210 2598 ὑφ’
3251 2525 3521 2599 αἰρετικῶν
3571 2523 3829 2599 βεϐηλού-

2229 2626 2398 2685 μενος,
2454 2612 2562 2664 ἀλλ’
2621 2611 2761 2674 οἶκος
2808 2618 2977 2676 κοινός
3042 2617 3111 2676 ὥς
3167 2634 3325 2686 φησιν
3374 2617 3399 2666 6
3449 2619 3614 2687 μέγας
3663 2623 3826 2670 Βασί-

2229 2703 2362 2764 λειος
2393 2721 2407 2735 ο
2467 2711 2558 2754 τοῦ
2618 2703 2904 2774 ἐφεστῶτος
2978 2702 3195 2775 ἀγγέλου
3271 2703 3318 2755 έν
3383 2708 3542 2776 αύτῷ,
3612 2709 3681 2766 ὡς
3749 2707 3824 2778 ἐν’

2231 2791 2456 2854 ἑκάστης
2497 2792 2825 2859 Ἐκκλησίας,
2875 2794 3224 2855 ὑπεκστάντος
3285 2790 3379 2846 διὰ
3427 2798 3519 2853 τὴν
3559 2794 3820 2851 ἀσέϐειαν.

2230 2888 2412 2957 Διόπερ
2471 2878 2589 2933 οὐδ’
2645 2883 2675 2939 ἠ
2724 2882 2999 2953 τελουμίνη
3049 2882 3098 2933 ἐν
3152 2881 3293 2952 αύτῷ
3345 2884 3524 2949 θυσία,
3590 2891 3700 2954 Θεῷ
3741 2885 3820 2936 εύ-

2229 2969 2575 3046 προσδεκτος.
2608 2971 2717 3024 Καὶ
2741 2972 2968 3024 ἄκουσον
2999 2971 3160 3024 αὑτοῦ
3191 2971 3426 3043 λέγοντος
3455 2990 3470 3005 θ
3497 2993 3521 3024 (ι
3553 2972 3611 3026 Ὀ
3635 2971 3819 3034 ἀσεϐὴς

2229 3062 2255 3112 ό
2285 3063 2417 3112 θύων
2455 3079 2544 3132 μοι
2591 3065 2819 3132 μόσχον,
2859 3063 2927 3121 ὡς
2967 3061 2992 3112 6
3042 3060 3354 3112 ἀποκτείνων
3392 3065 3544 3119 κύνα.
3607 3083 3630 3113 ι
3675 3063 3729 3115 Εἰ
3758 3058 3817 3114 δε

2146 3191 2187 3246 C
2229 3155 2318 3202 καὶ
2377 3152 2444 3210 ὡς
2503 3151 2587 3201 ἐπὶ
2615 3158 2740 3201 ναοῦ
2787 3148 2966 3210 λάϐοις
3011 3153 3248 3202 τεθνᾶναι
3290 3155 3377 3201 τόν
3436 3149 3623 3217 ἀσεϐῆ,
3663 3151 3820 3224 ἁρμο-

2231 3256 2334 3290 σειε
2363 3242 2452 3288 καὶ
2495 3236 2641 3297 οὗτος
2689 3239 2714 3288 6
2763 3244 2965 3310 τρόπος.
3020 3233 3168 3289 Ἐδει
3220 3240 3344 3312 γὰρ,
3386 3235 3494 3290 ἔδει
3549 3242 3634 3291 τὸν
3690 3241 3829 3291 κατὰ

2228 3335 2326 3378 τῶν
2367 3334 2500 3378 ναῶν
2547 3334 2641 3378 τοῦ
2697 3326 2824 3379 Θεοῦ
2871 3331 3162 3399 γενόμενον,
3217 3326 3266 3378 έν
3295 3335 3398 3398 ναῷ
3440 3323 3570 3380 ἰδεῖν
3622 3330 3688 3380 τά
3718 3348 3820 3381 κατ

2228 3415 2388 3468 αὐτοῦ
2440 3418 2770 3488 γυμνούμενα
2825 3416 2946 3486 ξίφη
2983 3433 2996 3446 ⁸
3029 3413 3136 3468 ἔδει
3191 3423 3277 3468 τόν
3329 3421 3386 3468 τό
3441 3419 3572 3469 θεῖον
3637 3420 3833 3470 θυσια-

2229 3509 2443 3578 στήριον
2519 3504 2863 3577 ἀφανίσαντα,
2928 3505 2976 3556 έν
3054 3506 3419 3577 θυσιαστηρίῳ
3485 3505 3832 3578 έξαφανισθῆ-

2227 3601 2313 3645 ναῑ
2345 3611 2356 3624 ·
2386 3595 2519 3645 κατά
2550 3590 2642 3656 τῆς
2697 3595 3004 3656 ἓκταθείσης
3052 3594 3124 3666 ἐφ’
3163 3593 3307 3666 ύϐρεί
3357 3602 3592 3666 Χριστοῦ
3624 3600 3827 3670 χειρός,

2227 3685 2391 3754 τομὴν
2461 3682 2800 3754 ἐπαχθῆναι’
2857 3685 2992 3736 κατά
3077 3691 3168 3744 τῆς
3227 3685 3526 3745 κινηθείσης
3607 3685 3831 3757 κεφαλῆς

2228 3770 2490 3844 ὀλεθρίως,
2532 3771 2672 3843 ξίφος
2733 3768 3014 3824 διελάσαι⁸
3047 3775 3181 3824 κατὰ
3235 3779 3327 3824 τοῦ
3393 3777 3534 3846 ὤμου
3593 3782 3680 3825 τοῦ
3747 3773 3832 3826 επ⁹

2228 3859 2461 3932 αἰκισμῷ
2529 3870 2627 3912 τῶν
2711 3860 2929 3914 εὐσεϐῶν
2985 3859 3311 3934 ἐπαρθέντος,
3372 3867 3582 3936 καιρίαν
3666 3862 3830 3915 ἐλθεῖν

2227 3948 2473 4020 πληγὴν’
2525 3950 2710 4022 ἄτιμον
2767 3949 3165 4023 ἀποπεμφθῆνὰι
3228 3959 3327 4002 τῶν
3388 3948 3674 4024 βασιλικῶν
3731 3951 3829 4004 αύ-

2226 4042 2323 4094 λῶν
2363 4047 2449 4094 τὸν
2499 4041 2832 4115 ἀτιμάσαντα
2870 4052 2962 4101 την
3017 4044 3170 4116 ἀγίαν
3222 4051 3458 4120 Χριστοῦ
3501 4045 3692 4110 εἰκόνα,
3737 4055 3830 4108 τῆς

2228 4137 2508 4202 Θεοτόκου,
2580 4137 2671 4184 καὶ
2719 4134 3020 4186 οὑτινοσοῦν
3096 4143 3195 4186 τῶν
3253 4134 3434 4206 ἁγίων.
3504 4140 3567 4187 Τί
3633 4131 3830 4193 δήποτε

2232 4222 2368 4273 οὕτω
2423 4241 2530 4287 σοι,
2573 4224 2734 4294 Κύριέ
2783 4241 2909 4294 μου⁹
2957 4219 3366 4296 ἐξετραγῴδησα
3420 4231 3511 4275 τοῦ
3546 4222 3824 4296 ὶξαγίστου

2227 4314 2314 4364 τόν
2366 4312 2581 4364 θάνατον
2615 4313 2735 4376 ςότι
2788 4310 3068 4384 ἀναγκαῖόν
3127 4311 3268 4364 ἔστιν
3307 4311 3531 4364 ἐντεῦθεν
3575 4312 3634 4364 ού
3669 4320 3823 4384 μονον

2227 4403 2313 4452 τὸν
2372 4399 2556 4458 εὐσεϐῆ
2612 4397 2835 4472 βασιλέα
2901 4404 3180 4472 ἱπιγνῶναι
3261 4405 3318 4454 τό
3388 4401 3704 4458 κατάλληλον
3758 4409 3819 4474 τῇ

2150 4524 2195 4579 D
2229 4488 2441 4562 ἀσεϐείᾳ
2504 4497 2595 4541 τοῦ
2648 4488 2864 4550 ἀσεϐοῦς
2921 4488 3265 4563 ἀποτέλεσμα,
3326 4489 3453 4542 ἀλλά
3504 4495 3594 4543 καὶ
3659 4493 3824 4544 πάντα

2227 4580 2515 4654 ἄνθρωπον.
2577 4583 2676 4630 Καὶ
2734 4580 2939 4651 ἄγαμαι
2995 4579 3105 4631 λίαν
3183 4588 3294 4640 πῶς
3349 4581 3388 4631 ὁ.
3429 4577 3624 4651 ἀγαθὸς
3680 4582 3821 4651 ημῶν

2226 4673 2486 4730 Δεσπότης
2536 4671 2690 4739 γνούς
2739 4675 2914 4734 τοῦτο,
2967 4668 3027 4720 ού
3070 4667 3370 4742 θριαμϐεύει
3423 4674 3516 4726 τὴν
3577 4676 3666 4720 τοῦ
3728 4688 3818 4719 πα-

2223 4755 2475 4828 λαμναίου
2529 4753 2841 4809 δυσσέϐειαν
2885 4775 2896 4787 ·
2957 4763 3046 4809 καὶ
3102 4761 3388 4833 χαρίζεται
3449 4758 3612 4830 ἑαυτῷ
3636 4776 3689 4809 τε
3730 4762 3813 4808 καὶ

2225 4853 2298 4915 τῷ
2345 4847 2557 4916 ὑπηκόῳ
2609 4850 2666 4898 τό
2712 4854 2808 4908 τῆς
2857 4843 3162 4919 ὁρθοδοξίας
3217 4845 3492 4920 έξίλασμα,
3551 4850 3619 4908 ὡς
3663 4845 3814 4919 βασι-

2225 4933 2334 4995 λεύς
2390 4935 2732 5010 εἰρηναρχίας
2789 4941 3253 5012 Χριστομιμήτως.
3317 4939 3413 4990 Διά
3463 4944 3616 4990 τοῦτο
3670 4937 3818 5006 αἰτῶ,

2228 5023 2476 5076 ἀντιϐολῶ
2533 5026 2558 5076 ό
2597 5029 2854 5093 ταπεινὸς,
2910 5027 3223 5098 ἐπειχθῆναι
3281 5045 3339 5080 σε
3390 5029 3476 5079 τόν
3531 5023 3824 5079 εὐσεϐέστα-

2234 5133 2342 5180 τον,
2379 5116 2610 5189 καθάπερ
2659 5121 2748 5168 καὶ
2785 5119 3044 5174 ἣκουσταί
3081 5135 3171 5188 μοι
3219 5117 3299 5169 ὅτι
3339 5115 3602 5181 tamen,
3645 5112 3829 5170 δοῦναι

2228 5201 2406 5257 ἑαυτὸν
2481 5205 2663 5266 ὁλικῶς
2737 5205 2804 5267 εἰς
2859 5203 3146 5281 ἀνόρθωσιν
3207 5213 3300 5269 τῆς
3371 5211 3598 5270 πίστεως
3631 5224 3642 5236 '
3678 5205 3726 5258 ἐν

2227 5294 2337 5346 ἐστι
2385 5297 2442 5346 τὸ
2482 5299 2737 5370 σωτήριον
2777 5303 2868 5350 τοῦ
2919 5314 2973 5349 τε
3031 5298 3256 5371 κράτους
3302 5301 3391 5349 καί
3440 5304 3529 5349 τοῦ
3589 5297 3826 5355 ύπηκόου

2233 5389 2396 5438 παντό
2405 5404 2450 5446 ς.
