  <div class='ocr_page' id='page_1' title='image "/cluster/home/n/w/nwhite01/storage/ocr_20150623/99/mdp.39015005675577/666.png"; bbox 0 0 4062 6280; ppageno 0'>
   <div class='ocr_carea' id='block_1_1' title="bbox 272 263 402 323">
    <p class='ocr_par' dir='ltr' id='par_1_1' title="bbox 272 263 402 323">
     <span class='ocr_line' id='line_1_1' title="bbox 272 263 402 323; baseline 0 -1"><span class='ocrx_word' id='word_1_1' title='bbox 272 263 402 323; x_wconf 77' lang='grc'>1321</span> 
     </span>
    </p>
   </div>
   <div class='ocr_carea' id='block_1_2' title="bbox 414 387 1735 461">
    <p class='ocr_par' dir='ltr' id='par_1_2' title="bbox 414 387 1735 461">
     <span class='ocr_line' id='line_1_2' title="bbox 414 387 1735 461; baseline -0.002 -17"><span class='ocrx_word' id='word_1_2' title='bbox 414 390 544 447; x_wconf 73' lang='grc' dir='ltr'>ΠΑ’.</span> <span class='ocrx_word' id='word_1_3' title='bbox 594 421 663 431; x_wconf 90' lang='grc'><strong>-</strong></span> <span class='ocrx_word' id='word_1_4' title='bbox 702 388 1136 443; x_wconf 74' lang='grc' dir='ltr'>Πανταλέοντι</span> <span class='ocrx_word' id='word_1_5' title='bbox 1182 390 1540 461; x_wconf 75' lang='grc' dir='ltr'>Λογοθέτη.</span> <span class='ocrx_word' id='word_1_6' title='bbox 1575 387 1735 461; x_wconf 79' lang='grc' dir='ltr'>[φη’.]</span> 
     </span>
    </p>
   </div>
   <div class='ocr_carea' id='block_1_3' title="bbox 1565 259 2367 325">
    <p class='ocr_par' dir='ltr' id='par_1_3' title="bbox 1565 259 2367 325">
     <span class='ocr_line' id='line_1_3' title="bbox 1565 259 2367 325; baseline -0.001 -8"><span class='ocrx_word' id='word_1_7' title='bbox 1565 259 2074 317; x_wconf 85' lang='lat' dir='ltr'>EPISTOLARUM</span> <span class='ocrx_word' id='word_1_8' title='bbox 2113 260 2256 318; x_wconf 87' lang='lat' dir='ltr'>LIB.</span> <span class='ocrx_word' id='word_1_9' title='bbox 2298 262 2367 325; x_wconf 79' lang='lat' dir='ltr'>II,</span> 
     </span>
    </p>
   </div>
   <div class='ocr_carea' id='block_1_4' title="bbox 3497 266 3639 322">
    <p class='ocr_par' dir='ltr' id='par_1_4' title="bbox 3497 266 3639 322">
     <span class='ocr_line' id='line_1_4' title="bbox 3497 266 3639 322; baseline -0.007 -2"><span class='ocrx_word' id='word_1_10' title='bbox 3497 266 3639 322; x_wconf 75' lang='lat'>1322</span> 
     </span>
    </p>
   </div>
   <div class='ocr_carea' id='block_1_5' title="bbox 2262 386 3369 460">
    <p class='ocr_par' dir='ltr' id='par_1_5' title="bbox 2262 386 3369 460">
     <span class='ocr_line' id='line_1_5' title="bbox 2262 386 3369 460; baseline 0 -19"><span class='ocrx_word' id='word_1_11' title='bbox 2262 386 2474 443; x_wconf 80' lang='lat' dir='ltr'><strong>LXXXI.</strong></span> <span class='ocrx_word' id='word_1_12' title='bbox 2504 417 2574 426; x_wconf 93' lang='lat'>—</span> <span class='ocrx_word' id='word_1_13' title='bbox 2601 387 2987 443; x_wconf 78' lang='lat' dir='ltr'>Pantaleonti</span> <span class='ocrx_word' id='word_1_14' title='bbox 3017 387 3369 460; x_wconf 73' lang='lat' dir='ltr'>Logothetae.</span> 
     </span>
    </p>
   </div>
   <div class='ocr_carea' id='block_1_6' title="bbox 498 486 3382 549">
    <p class='ocr_par' dir='ltr' id='par_1_6' title="bbox 498 486 3382 549">
     <span class='ocr_line' id='line_1_6' title="bbox 498 486 3382 549; baseline -0 -12"><span class='ocrx_word' id='word_1_15' title='bbox 498 490 592 538; x_wconf 90' lang='lat' dir='ltr'>Pro</span> <span class='ocrx_word' id='word_1_16' title='bbox 623 489 727 538; x_wconf 87' lang='lat' dir='ltr'>ﬁde</span> <span class='ocrx_word' id='word_1_17' title='bbox 759 489 921 537; x_wconf 82' lang='lat' dir='ltr'>libere</span> <span class='ocrx_word' id='word_1_18' title='bbox 959 489 1207 538; x_wconf 87' lang='lat' dir='ltr'>locutum</span> <span class='ocrx_word' id='word_1_19' title='bbox 1236 487 1421 537; x_wconf 89' lang='lat' dir='ltr'>laudat</span> <span class='ocrx_word' id='word_1_20' title='bbox 1452 501 1462 533; x_wconf 88' lang='lat'><strong>:</strong></span> <span class='ocrx_word' id='word_1_21' title='bbox 1502 486 1855 549; x_wconf 74' lang='lat' dir='ltr'>hortaturque</span> <span class='ocrx_word' id='word_1_22' title='bbox 1882 489 1938 535; x_wconf 91' lang='lat' dir='ltr'>ut</span> <span class='ocrx_word' id='word_1_23' title='bbox 1966 486 2171 535; x_wconf 89' lang='lat' dir='ltr'>cultum</span> <span class='ocrx_word' id='word_1_24' title='bbox 2207 486 2506 548; x_wconf 79' lang='lat' dir='ltr'>imaginum</span> <span class='ocrx_word' id='word_1_25' title='bbox 2538 498 2677 534; x_wconf 86' lang='lat' dir='ltr'>novo</span> <span class='ocrx_word' id='word_1_26' title='bbox 2709 486 3017 549; x_wconf 80' lang='lat' dir='ltr'>imperatori</span> <span class='ocrx_word' id='word_1_27' title='bbox 3042 487 3382 549; x_wconf 77' lang='lat' dir='ltr'>persuadeat.</span> 
     </span>
    </p>
   </div>
   <div class='ocr_carea' id='block_1_7' title="bbox 346 572 1889 652">
    <p class='ocr_par' dir='ltr' id='par_1_7' title="bbox 346 572 1872 652">
     <span class='ocr_line' id='line_1_7' title="bbox 346 572 1872 652; baseline -0.004 -21"><span class='ocrx_word' id='word_1_28' title='bbox 346 580 539 632; x_wconf 78' lang='grc' dir='ltr'>Ἀλλων</span> <span class='ocrx_word' id='word_1_29' title='bbox 580 582 668 651; x_wconf 72' lang='grc' dir='ltr'>μὲν</span> <span class='ocrx_word' id='word_1_30' title='bbox 720 581 749 636; x_wconf 84' lang='grc' dir='ltr'>ή</span> <span class='ocrx_word' id='word_1_31' title='bbox 803 578 955 652; x_wconf 74' lang='grc' dir='ltr'>ἀρετή</span> <span class='ocrx_word' id='word_1_32' title='bbox 1015 576 1066 639; x_wconf 75' lang='grc' dir='ltr'>ἒξ</span> <span class='ocrx_word' id='word_1_33' title='bbox 1123 577 1283 637; x_wconf 79' lang='grc' dir='ltr'>ἀκοῆς</span> <span class='ocrx_word' id='word_1_34' title='bbox 1344 579 1467 646; x_wconf 78' lang='grc' dir='ltr'>ἡμῖν</span> <span class='ocrx_word' id='word_1_35' title='bbox 1508 572 1821 646; x_wconf 68' lang='grc' dir='ltr'>διέγνωσται</span> <span class='ocrx_word' id='word_1_36' title='bbox 1861 592 1872 603; x_wconf 88' lang='grc'><strong>·</strong></span> 
     </span>
    </p>
   </div>
   <div class='ocr_carea' id='block_1_8' title="bbox 2001 572 3637 652">
    <p class='ocr_par' dir='ltr' id='par_1_8' title="bbox 2065 575 3637 646">
     <span class='ocr_line' id='line_1_8' title="bbox 2065 575 3637 646; baseline 0.003 -17"><span class='ocrx_word' id='word_1_37' title='bbox 2065 576 2325 630; x_wconf 85' lang='lat' dir='ltr'>Aliorum</span> <span class='ocrx_word' id='word_1_38' title='bbox 2367 575 2613 646; x_wconf 83' lang='lat' dir='ltr'><strong>quidem</strong></span> <span class='ocrx_word' id='word_1_39' title='bbox 2645 576 2828 629; x_wconf 86' lang='lat' dir='ltr'>virtus</span> <span class='ocrx_word' id='word_1_40' title='bbox 2876 575 3051 630; x_wconf 91' lang='lat' dir='ltr'>nobis</span> <span class='ocrx_word' id='word_1_41' title='bbox 3089 583 3177 630; x_wconf 86' lang='lat' dir='ltr'>est</span> <span class='ocrx_word' id='word_1_42' title='bbox 3204 576 3511 633; x_wconf 82' lang='lat' dir='ltr'>auditione</span> <span class='ocrx_word' id='word_1_43' title='bbox 3568 594 3637 634; x_wconf 87' lang='lat' dir='ltr'>ac</span> 
     </span>
    </p>
   </div>
   <div class='ocr_carea' id='block_1_9' title="bbox 280 655 1877 741">
    <p class='ocr_par' dir='ltr' id='par_1_9' title="bbox 280 655 1877 741">
     <span class='ocr_line' id='line_1_9' title="bbox 280 655 1877 741; baseline -0.003 -22"><span class='ocrx_word' id='word_1_44' title='bbox 280 676 374 719; x_wconf 82' lang='grc' dir='ltr'>σοῦ</span> <span class='ocrx_word' id='word_1_45' title='bbox 420 664 477 719; x_wconf 71' lang='grc' dir='ltr'>δὲ</span> <span class='ocrx_word' id='word_1_46' title='bbox 526 675 615 719; x_wconf 85' lang='grc' dir='ltr'>τοῦ</span> <span class='ocrx_word' id='word_1_47' title='bbox 659 668 945 741; x_wconf 82' lang='grc' dir='ltr'>ὑπερτίμου</span> <span class='ocrx_word' id='word_1_48' title='bbox 998 663 1260 718; x_wconf 76' lang='grc' dir='ltr'>δεσπότου</span> <span class='ocrx_word' id='word_1_49' title='bbox 1325 684 1447 736; x_wconf 90' lang='grc' dir='ltr'>μου,</span> <span class='ocrx_word' id='word_1_50' title='bbox 1498 670 1745 737; x_wconf 86' lang='grc' dir='ltr'>πρότερον</span> <span class='ocrx_word' id='word_1_51' title='bbox 1803 655 1877 715; x_wconf 78' lang='grc' dir='ltr'>δι’</span> 
     </span>
    </p>
   </div>
   <div class='ocr_carea' id='block_1_10' title="bbox 279 751 1875 827">
    <p class='ocr_par' dir='ltr' id='par_1_10' title="bbox 279 751 1875 827">
     <span class='ocr_line' id='line_1_10' title="bbox 279 751 1875 827; baseline -0.003 -20"><span class='ocrx_word' id='word_1_52' title='bbox 279 756 460 826; x_wconf 69' lang='grc' dir='ltr'>ὅψεως,</span> <span class='ocrx_word' id='word_1_53' title='bbox 520 764 607 806; x_wconf 76' lang='grc' dir='ltr'>νῦν</span> <span class='ocrx_word' id='word_1_54' title='bbox 651 752 709 807; x_wconf 74' lang='grc' dir='ltr'>δὲ</span> <span class='ocrx_word' id='word_1_55' title='bbox 768 754 820 817; x_wconf 84' lang='grc' dir='ltr'><strong>ἐξ</strong></span> <span class='ocrx_word' id='word_1_56' title='bbox 887 754 1048 816; x_wconf 80' lang='grc' dir='ltr'>ἀκοῆς</span> <span class='ocrx_word' id='word_1_57' title='bbox 1097 758 1261 827; x_wconf 83' lang='grc' dir='ltr'>μέχρι</span> <span class='ocrx_word' id='word_1_58' title='bbox 1308 761 1403 814; x_wconf 82' lang='grc' dir='ltr'>τῆς</span> <span class='ocrx_word' id='word_1_59' title='bbox 1443 751 1700 823; x_wconf 78' lang='grc' dir='ltr'>ἐσχατιᾶς</span> <span class='ocrx_word' id='word_1_60' title='bbox 1757 755 1804 804; x_wconf 80' lang='grc' dir='ltr'>ἐν</span> 
     </span>
    </p>
   </div>
   <div class='ocr_carea' id='block_1_11' title="bbox 279 840 1880 917">
    <p class='ocr_par' dir='ltr' id='par_1_11' title="bbox 279 840 1880 917">
     <span class='ocr_line' id='line_1_11' title="bbox 279 840 1880 917; baseline -0.004 -20"><span class='ocrx_word' id='word_1_61' title='bbox 279 847 430 917; x_wconf 85' lang='grc' dir='ltr'>ἐσμεν</span> <span class='ocrx_word' id='word_1_62' title='bbox 480 845 777 916; x_wconf 80' lang='grc' dir='ltr'>φθασάσης.</span> <span class='ocrx_word' id='word_1_63' title='bbox 832 849 926 904; x_wconf 86' lang='grc' dir='ltr'>Τίς</span> <span class='ocrx_word' id='word_1_64' title='bbox 978 840 1036 895; x_wconf 72' lang='grc' dir='ltr'>δὲ</span> <span class='ocrx_word' id='word_1_65' title='bbox 1088 845 1113 894; x_wconf 91' lang='grc' dir='ltr'>ό</span> <span class='ocrx_word' id='word_1_66' title='bbox 1165 843 1356 914; x_wconf 87' lang='grc' dir='ltr'>λόγος;</span> <span class='ocrx_word' id='word_1_67' title='bbox 1421 843 1501 892; x_wconf 87' lang='grc' dir='ltr'>ὅτι</span> <span class='ocrx_word' id='word_1_68' title='bbox 1560 840 1880 915; x_wconf 77' lang='grc' dir='ltr'>ἐπαρρησιά-</span> 
     </span>
    </p>
   </div>
   <div class='ocr_carea' id='block_1_12' title="bbox 284 930 1879 1003">
    <p class='ocr_par' dir='ltr' id='par_1_12' title="bbox 284 930 1879 1003">
     <span class='ocr_line' id='line_1_12' title="bbox 284 930 1879 1003; baseline -0.003 -18"><span class='ocrx_word' id='word_1_69' title='bbox 284 938 414 986; x_wconf 85' lang='grc' dir='ltr'>σατό</span> <span class='ocrx_word' id='word_1_70' title='bbox 449 953 541 985; x_wconf 92' lang='grc' dir='ltr'>σου</span> <span class='ocrx_word' id='word_1_71' title='bbox 598 936 654 985; x_wconf 90' lang='grc' dir='ltr'>τό</span> <span class='ocrx_word' id='word_1_72' title='bbox 690 937 1159 1003; x_wconf 85' lang='grc' dir='ltr'>πνευματοκίνητον</span> <span class='ocrx_word' id='word_1_73' title='bbox 1208 937 1377 1003; x_wconf 92' lang='grc' dir='ltr'>στόμα</span> <span class='ocrx_word' id='word_1_74' title='bbox 1428 930 1655 987; x_wconf 82' lang='grc' dir='ltr'>λαλῆσαι</span> <span class='ocrx_word' id='word_1_75' title='bbox 1698 935 1879 1001; x_wconf 75' lang='grc' dir='ltr'>σοφίαν</span> 
     </span>
    </p>
   </div>
   <div class='ocr_carea' id='block_1_13' title="bbox 283 1020 1882 1093">
    <p class='ocr_par' dir='ltr' id='par_1_13' title="bbox 283 1020 1882 1093">
     <span class='ocr_line' id='line_1_13' title="bbox 283 1020 1882 1093; baseline -0.003 -19"><span class='ocrx_word' id='word_1_76' title='bbox 283 1030 436 1086; x_wconf 71' lang='grc' dir='ltr'>Θεοῦ,</span> <span class='ocrx_word' id='word_1_77' title='bbox 479 1022 667 1093; x_wconf 87' lang='grc' dir='ltr'>λόγους</span> <span class='ocrx_word' id='word_1_78' title='bbox 700 1021 960 1088; x_wconf 77' lang='grc' dir='ltr'>ἀληθείας,</span> <span class='ocrx_word' id='word_1_79' title='bbox 995 1020 1073 1072; x_wconf 85' lang='grc' dir='ltr'>ἐπ’</span> <span class='ocrx_word' id='word_1_80' title='bbox 1124 1020 1339 1092; x_wconf 75' lang='grc' dir='ltr'>ὠφελείᾳ</span> <span class='ocrx_word' id='word_1_81' title='bbox 1392 1024 1481 1071; x_wconf 89' lang='grc' dir='ltr'>καὶ</span> <span class='ocrx_word' id='word_1_82' title='bbox 1527 1024 1758 1091; x_wconf 80' lang='grc' dir='ltr'>σωτηρίᾳ</span> <span class='ocrx_word' id='word_1_83' title='bbox 1788 1026 1882 1079; x_wconf 85' lang='grc' dir='ltr'>τῆς</span> 
     </span>
    </p>
   </div>
   <div class='ocr_carea' id='block_1_14' title="bbox 279 1107 1883 1182">
    <p class='ocr_par' dir='ltr' id='par_1_14' title="bbox 279 1107 1883 1182">
     <span class='ocr_line' id='line_1_14' title="bbox 279 1107 1883 1182; baseline -0.004 -19"><span class='ocrx_word' id='word_1_84' title='bbox 279 1132 332 1165; x_wconf 86' lang='grc' dir='ltr'>τε</span> <span class='ocrx_word' id='word_1_85' title='bbox 387 1112 581 1171; x_wconf 81' lang='grc' dir='ltr'>οἰκείας</span> <span class='ocrx_word' id='word_1_86' title='bbox 628 1107 814 1182; x_wconf 71' lang='grc' dir='ltr'>ψυχης</span> <span class='ocrx_word' id='word_1_87' title='bbox 876 1115 969 1162; x_wconf 89' lang='grc' dir='ltr'>καὶ</span> <span class='ocrx_word' id='word_1_88' title='bbox 1028 1113 1204 1169; x_wconf 89' lang='grc' dir='ltr'>πάσης</span> <span class='ocrx_word' id='word_1_89' title='bbox 1260 1118 1350 1168; x_wconf 82' lang='grc' dir='ltr'>τῆς</span> <span class='ocrx_word' id='word_1_90' title='bbox 1425 1108 1541 1159; x_wconf 91' lang='grc' dir='ltr'>καθ’</span> <span class='ocrx_word' id='word_1_91' title='bbox 1596 1110 1735 1180; x_wconf 77' lang='grc' dir='ltr'>ἡμᾶς</span> <span class='ocrx_word' id='word_1_92' title='bbox 1770 1107 1883 1159; x_wconf 80' lang='grc' dir='ltr'>Ἐκ-</span> 
     </span>
    </p>
   </div>
   <div class='ocr_carea' id='block_1_15' title="bbox 282 1196 1881 1274">
    <p class='ocr_par' dir='ltr' id='par_1_15' title="bbox 282 1196 1881 1274">
     <span class='ocr_line' id='line_1_15' title="bbox 282 1196 1881 1274; baseline -0.004 -21"><span class='ocrx_word' id='word_1_93' title='bbox 282 1202 525 1261; x_wconf 88' lang='grc' dir='ltr'>κλησίας.</span> <span class='ocrx_word' id='word_1_94' title='bbox 588 1205 687 1253; x_wconf 78' lang='grc' dir='ltr'>Καὶ</span> <span class='ocrx_word' id='word_1_95' title='bbox 764 1201 1023 1274; x_wconf 73' lang='grc' dir='ltr'>μακάριος</span> <span class='ocrx_word' id='word_1_96' title='bbox 1094 1196 1156 1263; x_wconf 85' lang='grc' dir='ltr'>εἶ,</span> <span class='ocrx_word' id='word_1_97' title='bbox 1225 1204 1314 1250; x_wconf 86' lang='grc' dir='ltr'>καὶ</span> <span class='ocrx_word' id='word_1_98' title='bbox 1394 1197 1730 1267; x_wconf 77' lang='grc' dir='ltr'>εύλογημένον</span> <span class='ocrx_word' id='word_1_99' title='bbox 1824 1199 1881 1247; x_wconf 86' lang='grc' dir='ltr'>τό</span> 
     </span>
    </p>
   </div>
   <div class='ocr_carea' id='block_1_16' title="bbox 284 1285 1883 1362">
    <p class='ocr_par' dir='ltr' id='par_1_16' title="bbox 284 1285 1883 1362">
     <span class='ocr_line' id='line_1_16' title="bbox 284 1285 1883 1362; baseline -0.004 -20"><span class='ocrx_word' id='word_1_100' title='bbox 284 1292 443 1362; x_wconf 81' lang='grc' dir='ltr'>ὄνομά</span> <span class='ocrx_word' id='word_1_101' title='bbox 475 1310 567 1342; x_wconf 91' lang='grc' dir='ltr'>σου</span> <span class='ocrx_word' id='word_1_102' title='bbox 605 1304 618 1316; x_wconf 80' lang='grc'><strong><em>⁵</em></strong></span> <span class='ocrx_word' id='word_1_103' title='bbox 657 1294 744 1341; x_wconf 81' lang='grc' dir='ltr'>καὶ</span> <span class='ocrx_word' id='word_1_104' title='bbox 797 1293 852 1341; x_wconf 73' lang='grc' dir='ltr'>σε</span> <span class='ocrx_word' id='word_1_105' title='bbox 897 1289 1199 1340; x_wconf 82' lang='grc' dir='ltr'>αἰνέσαισαν</span> <span class='ocrx_word' id='word_1_106' title='bbox 1232 1290 1417 1348; x_wconf 85' lang='grc' dir='ltr'>πάντες</span> <span class='ocrx_word' id='word_1_107' title='bbox 1470 1289 1517 1338; x_wconf 87' lang='grc' dir='ltr'>οἱ</span> <span class='ocrx_word' id='word_1_108' title='bbox 1576 1285 1883 1345; x_wconf 76' lang='grc' dir='ltr'>ἀκούσαντες</span> 
     </span>
    </p>
   </div>
   <div class='ocr_carea' id='block_1_17' title="bbox 285 1376 1882 1449">
    <p class='ocr_par' dir='ltr' id='par_1_17' title="bbox 285 1376 1882 1449">
     <span class='ocr_line' id='line_1_17' title="bbox 285 1376 1882 1449; baseline -0.005 -17"><span class='ocrx_word' id='word_1_109' title='bbox 285 1378 533 1440; x_wconf 71' lang='grc' dir='ltr'>εὐσεϐεῖς.</span> <span class='ocrx_word' id='word_1_110' title='bbox 590 1382 690 1431; x_wconf 78' lang='grc' dir='ltr'>Καὶ</span> <span class='ocrx_word' id='word_1_111' title='bbox 733 1382 977 1449; x_wconf 77' lang='grc' dir='ltr'>στέφανος</span> <span class='ocrx_word' id='word_1_112' title='bbox 1031 1382 1265 1449; x_wconf 83' lang='grc' dir='ltr'>χαρίτων</span> <span class='ocrx_word' id='word_1_113' title='bbox 1310 1376 1393 1428; x_wconf 78' lang='grc' dir='ltr'>ἐπὶ</span> <span class='ocrx_word' id='word_1_114' title='bbox 1434 1380 1526 1433; x_wconf 79' lang='grc' dir='ltr'>τήν</span> <span class='ocrx_word' id='word_1_115' title='bbox 1564 1380 1738 1446; x_wconf 77' lang='grc' dir='ltr'>τιμίαν</span> <span class='ocrx_word' id='word_1_116' title='bbox 1789 1394 1882 1425; x_wconf 92' lang='grc' dir='ltr'>σου</span> 
     </span>
    </p>
   </div>
   <div class='ocr_carea' id='block_1_18' title="bbox 284 1465 1885 1542">
    <p class='ocr_par' dir='ltr' id='par_1_18' title="bbox 284 1465 1885 1542">
     <span class='ocr_line' id='line_1_18' title="bbox 284 1465 1885 1542; baseline -0.004 -22"><span class='ocrx_word' id='word_1_117' title='bbox 284 1471 483 1542; x_wconf 78' lang='grc' dir='ltr'>κάραν’</span> <span class='ocrx_word' id='word_1_118' title='bbox 544 1472 628 1519; x_wconf 81' lang='grc' dir='ltr'>καὶ</span> <span class='ocrx_word' id='word_1_119' title='bbox 687 1467 859 1528; x_wconf 87' lang='grc' dir='ltr'>κλοιὸς</span> <span class='ocrx_word' id='word_1_120' title='bbox 889 1470 1118 1539; x_wconf 89' lang='grc' dir='ltr'>χρύσεος</span> <span class='ocrx_word' id='word_1_121' title='bbox 1171 1468 1255 1517; x_wconf 85' lang='grc' dir='ltr'>ἐπὶ</span> <span class='ocrx_word' id='word_1_122' title='bbox 1304 1470 1390 1516; x_wconf 90' lang='grc' dir='ltr'>τόν</span> <span class='ocrx_word' id='word_1_123' title='bbox 1452 1467 1583 1537; x_wconf 84' lang='grc' dir='ltr'>ἱερόν</span> <span class='ocrx_word' id='word_1_124' title='bbox 1635 1483 1728 1514; x_wconf 90' lang='grc' dir='ltr'>σου</span> <span class='ocrx_word' id='word_1_125' title='bbox 1767 1465 1885 1533; x_wconf 89' lang='grc' dir='ltr'>τρά-</span> 
     </span>
    </p>
   </div>
   <div class='ocr_carea' id='block_1_19' title="bbox 286 1552 1888 1630">
    <p class='ocr_par' dir='ltr' id='par_1_19' title="bbox 286 1552 1888 1630">
     <span class='ocr_line' id='line_1_19' title="bbox 286 1552 1888 1630; baseline -0.004 -21"><span class='ocrx_word' id='word_1_126' title='bbox 286 1558 475 1630; x_wconf 82' lang='grc' dir='ltr'>χηλον,</span> <span class='ocrx_word' id='word_1_127' title='bbox 547 1559 625 1608; x_wconf 75' lang='grc' dir='ltr'>υἱὲ</span> <span class='ocrx_word' id='word_1_128' title='bbox 679 1557 936 1621; x_wconf 73' lang='grc' dir='ltr'>ὑπακοὶς,</span> <span class='ocrx_word' id='word_1_129' title='bbox 992 1560 1162 1607; x_wconf 86' lang='grc' dir='ltr'>τέκνον</span> <span class='ocrx_word' id='word_1_130' title='bbox 1224 1557 1411 1626; x_wconf 75' lang='grc' dir='ltr'>φωτός,</span> <span class='ocrx_word' id='word_1_131' title='bbox 1477 1556 1680 1626; x_wconf 79' lang='grc' dir='ltr'><em>θρέμμα</em></span> <span class='ocrx_word' id='word_1_132' title='bbox 1747 1552 1888 1603; x_wconf 71' lang='grc' dir='ltr'>εὐσε-</span> 
     </span>
    </p>
   </div>
   <div class='ocr_carea' id='block_1_20' title="bbox 292 1642 1883 1717">
    <p class='ocr_par' dir='ltr' id='par_1_20' title="bbox 292 1642 1883 1717">
     <span class='ocr_line' id='line_1_20' title="bbox 292 1642 1883 1717; baseline -0.004 -20"><span class='ocrx_word' id='word_1_133' title='bbox 292 1646 453 1706; x_wconf 84' lang='grc' dir='ltr'>ϐείας.</span> <span class='ocrx_word' id='word_1_134' title='bbox 484 1642 623 1697; x_wconf 83' lang='grc' dir='ltr'>Τάδε</span> <span class='ocrx_word' id='word_1_135' title='bbox 646 1644 781 1716; x_wconf 82' lang='grc' dir='ltr'>λέγει</span> <span class='ocrx_word' id='word_1_136' title='bbox 816 1648 1002 1717; x_wconf 82' lang='grc' dir='ltr'>Κύριος</span> <span class='ocrx_word' id='word_1_137' title='bbox 1032 1661 1044 1672; x_wconf 93' lang='grc'><strong>·</strong></span> <span class='ocrx_word' id='word_1_138' title='bbox 1080 1642 1371 1705; x_wconf 79' lang='grc' dir='ltr'>Ἀνοιξον</span> <span class='ocrx_word' id='word_1_139' title='bbox 1404 1645 1470 1692; x_wconf 89' lang='grc' dir='ltr'>τό</span> <span class='ocrx_word' id='word_1_140' title='bbox 1505 1647 1711 1713; x_wconf 88' lang='grc' dir='ltr'>στόμα</span> <span class='ocrx_word' id='word_1_141' title='bbox 1751 1660 1883 1706; x_wconf 88' lang='grc' dir='ltr'>σου,</span> 
     </span>
    </p>
   </div>
   <div class='ocr_carea' id='block_1_21' title="bbox 285 1732 1887 1807">
    <p class='ocr_par' dir='ltr' id='par_1_21' title="bbox 285 1732 1887 1807">
     <span class='ocr_line' id='line_1_21' title="bbox 285 1732 1887 1807; baseline -0.004 -21"><span class='ocrx_word' id='word_1_142' title='bbox 285 1740 395 1787; x_wconf 85' lang='grc' dir='ltr'>καὶ</span> <span class='ocrx_word' id='word_1_143' title='bbox 464 1735 781 1807; x_wconf 82' lang='grc' dir='ltr'>πλπρώσω</span> <span class='ocrx_word' id='word_1_144' title='bbox 835 1734 1033 1785; x_wconf 79' lang='grc' dir='ltr'>αύτό⁴</span> <span class='ocrx_word' id='word_1_145' title='bbox 1098 1732 1205 1784; x_wconf 81' lang='grc' dir='ltr'>ἀνθ’</span> <span class='ocrx_word' id='word_1_146' title='bbox 1247 1732 1313 1782; x_wconf 85' lang='grc' dir='ltr'>ὧν</span> <span class='ocrx_word' id='word_1_147' title='bbox 1358 1733 1660 1791; x_wconf 79' lang='grc' dir='ltr'>ὑπήκουσας</span> <span class='ocrx_word' id='word_1_148' title='bbox 1718 1738 1887 1802; x_wconf 72' lang='grc' dir='ltr'>φωνῆς</span> 
     </span>
    </p>
   </div>
   <div class='ocr_carea' id='block_1_22' title="bbox 285 1820 1888 1897">
    <p class='ocr_par' dir='ltr' id='par_1_22' title="bbox 285 1820 1888 1897">
     <span class='ocr_line' id='line_1_22' title="bbox 285 1820 1888 1897; baseline -0.006 -20"><span class='ocrx_word' id='word_1_149' title='bbox 285 1846 406 1897; x_wconf 88' lang='grc' dir='ltr'>μου.</span> <span class='ocrx_word' id='word_1_150' title='bbox 453 1823 660 1881; x_wconf 78' lang='grc' dir='ltr'>Ἐντολὴ</span> <span class='ocrx_word' id='word_1_151' title='bbox 703 1826 804 1897; x_wconf 79' lang='grc' dir='ltr'>γὰρ</span> <span class='ocrx_word' id='word_1_152' title='bbox 863 1828 1056 1895; x_wconf 84' lang='grc' dir='ltr'>Κυρίου</span> <span class='ocrx_word' id='word_1_153' title='bbox 1084 1827 1155 1894; x_wconf 83' lang='grc' dir='ltr'>μὴ</span> <span class='ocrx_word' id='word_1_154' title='bbox 1216 1826 1416 1891; x_wconf 82' lang='grc' dir='ltr'>σιωπᾷν</span> <span class='ocrx_word' id='word_1_155' title='bbox 1480 1820 1526 1871; x_wconf 85' lang='grc' dir='ltr'>ἐν</span> <span class='ocrx_word' id='word_1_156' title='bbox 1579 1827 1744 1893; x_wconf 87' lang='grc' dir='ltr'>καιρῷ</span> <span class='ocrx_word' id='word_1_157' title='bbox 1783 1839 1888 1869; x_wconf 78' lang='grc' dir='ltr'>κιν-</span> 
     </span>
    </p>
   </div>
   <div class='ocr_carea' id='block_1_23' title="bbox 1001 1911 1883 1983">
    <p class='ocr_par' dir='ltr' id='par_1_23' title="bbox 1001 1911 1883 1983">
     <span class='ocr_line' id='line_1_23' title="bbox 1001 1911 1883 1983; baseline -0.003 -20"><span class='ocrx_word' id='word_1_158' title='bbox 1001 1911 1157 1964; x_wconf 86' lang='grc' dir='ltr'>Λάλει</span> <span class='ocrx_word' id='word_1_159' title='bbox 1245 1912 1366 1983; x_wconf 85' lang='grc' dir='ltr'>γὰρ,</span> <span class='ocrx_word' id='word_1_160' title='bbox 1447 1914 1597 1981; x_wconf 74' lang='grc' dir='ltr'>φησὶ,</span> <span class='ocrx_word' id='word_1_161' title='bbox 1659 1915 1748 1961; x_wconf 87' lang='grc' dir='ltr'>καὶ</span> <span class='ocrx_word' id='word_1_162' title='bbox 1812 1912 1883 1979; x_wconf 85' lang='grc' dir='ltr'>μή</span> 
     </span>
    </p>
   </div>
   <div class='ocr_carea' id='block_1_24' title="bbox 289 1995 1889 2067">
    <p class='ocr_par' dir='ltr' id='par_1_24' title="bbox 289 1995 1889 2067">
     <span class='ocr_line' id='line_1_24' title="bbox 289 1995 1889 2067; baseline -0.005 -11"><span class='ocrx_word' id='word_1_163' title='bbox 289 2010 482 2057; x_wconf 78' lang='grc' dir='ltr'>σιώπα.</span> <span class='ocrx_word' id='word_1_164' title='bbox 529 2008 648 2067; x_wconf 82' lang='grc' dir='ltr'>Καὶ,</span> <span class='ocrx_word' id='word_1_165' title='bbox 708 2003 842 2055; x_wconf 82' lang='grc' dir='ltr'>Ἐὰν</span> <span class='ocrx_word' id='word_1_166' title='bbox 901 1999 1402 2063; x_wconf 81' lang='grc' dir='ltr'>ύποστέλληται,</span> <span class='ocrx_word' id='word_1_167' title='bbox 1467 1999 1578 2050; x_wconf 73' lang='grc' dir='ltr'>οὐκ</span> <span class='ocrx_word' id='word_1_168' title='bbox 1633 1995 1889 2050; x_wconf 76' lang='grc' dir='ltr'>εύδοκεί</span> 
     </span>
    </p>
   </div>
   <div class='ocr_carea' id='block_1_25' title="bbox 289 1911 909 1973">
    <p class='ocr_par' dir='ltr' id='par_1_25' title="bbox 289 1911 909 1973">
     <span class='ocr_line' id='line_1_25' title="bbox 289 1911 909 1973; baseline -0.006 -6"><span class='ocrx_word' id='word_1_169' title='bbox 289 1911 578 1970; x_wconf 81' lang='grc' dir='ltr'>δυνευούση</span> <span class='ocrx_word' id='word_1_170' title='bbox 590 1933 610 1973; x_wconf 91' lang='grc' dir='ltr'>ς</span> <span class='ocrx_word' id='word_1_171' title='bbox 668 1917 909 1972; x_wconf 84' lang='grc' dir='ltr'>πίστεως.</span> 
     </span>
    </p>
   </div>
   <div class='ocr_carea' id='block_1_26' title="bbox 287 2088 1888 2163">
    <p class='ocr_par' dir='ltr' id='par_1_26' title="bbox 287 2088 1888 2163">
     <span class='ocr_line' id='line_1_26' title="bbox 287 2088 1888 2163; baseline -0.004 -19"><span class='ocrx_word' id='word_1_172' title='bbox 287 2095 315 2151; x_wconf 75' lang='grc' dir='ltr'><strong>ἡ</strong></span> <span class='ocrx_word' id='word_1_173' title='bbox 357 2092 540 2163; x_wconf 78' lang='grc' dir='ltr'>ψυχή</span> <span class='ocrx_word' id='word_1_174' title='bbox 583 2111 703 2163; x_wconf 86' lang='grc' dir='ltr'>μου</span> <span class='ocrx_word' id='word_1_175' title='bbox 746 2090 802 2141; x_wconf 85' lang='grc' dir='ltr'>ἐν</span> <span class='ocrx_word' id='word_1_176' title='bbox 844 2090 1031 2160; x_wconf 77' lang='grc' dir='ltr'>αὐτῷ.</span> <span class='ocrx_word' id='word_1_177' title='bbox 1066 2094 1165 2141; x_wconf 82' lang='grc' dir='ltr'>Καὶ</span> <span class='ocrx_word' id='word_1_178' title='bbox 1207 2105 1219 2117; x_wconf 79' lang='grc'><strong>⁸</strong></span> <span class='ocrx_word' id='word_1_179' title='bbox 1263 2089 1394 2140; x_wconf 79' lang='grc' dir='ltr'>Ἐὰν</span> <span class='ocrx_word' id='word_1_180' title='bbox 1427 2088 1604 2139; x_wconf 76' lang='grc' dir='ltr'>οὗτοι</span> <span class='ocrx_word' id='word_1_181' title='bbox 1651 2092 1888 2144; x_wconf 88' lang='grc' dir='ltr'>σιωπή-</span> 
     </span>
    </p>
   </div>
   <div class='ocr_carea' id='block_1_27' title="bbox 290 2178 1887 2251">
    <p class='ocr_par' dir='ltr' id='par_1_27' title="bbox 290 2178 1887 2251">
     <span class='ocr_line' id='line_1_27' title="bbox 290 2178 1887 2251; baseline -0.004 -18"><span class='ocrx_word' id='word_1_182' title='bbox 290 2201 510 2247; x_wconf 87' lang='grc' dir='ltr'>σωσιν,</span> <span class='ocrx_word' id='word_1_183' title='bbox 560 2180 815 2233; x_wconf 83' lang='grc' dir='ltr'>οἱλίθοι</span> <span class='ocrx_word' id='word_1_184' title='bbox 872 2178 1314 2251; x_wconf 84' lang='grc' dir='ltr'>κεκράξονται.</span> <span class='ocrx_word' id='word_1_185' title='bbox 1376 2184 1533 2228; x_wconf 85' lang='grc' dir='ltr'>Ὠστε</span> <span class='ocrx_word' id='word_1_186' title='bbox 1561 2179 1779 2249; x_wconf 85' lang='grc' dir='ltr'>ὁτεπερὶ</span> <span class='ocrx_word' id='word_1_187' title='bbox 1805 2180 1887 2227; x_wconf 86' lang='grc' dir='ltr'>πί·</span> 
     </span>
    </p>
   </div>
   <div class='ocr_carea' id='block_1_28' title="bbox 291 2265 1889 2339">
    <p class='ocr_par' dir='ltr' id='par_1_28' title="bbox 291 2265 1889 2339">
     <span class='ocr_line' id='line_1_28' title="bbox 291 2265 1889 2339; baseline -0.004 -17"><span class='ocrx_word' id='word_1_188' title='bbox 291 2272 501 2330; x_wconf 85' lang='grc' dir='ltr'>στεωςό</span> <span class='ocrx_word' id='word_1_189' title='bbox 559 2270 727 2339; x_wconf 89' lang='grc' dir='ltr'>λόγος,</span> <span class='ocrx_word' id='word_1_190' title='bbox 780 2269 874 2320; x_wconf 72' lang='grc' dir='ltr'>οὐκ</span> <span class='ocrx_word' id='word_1_191' title='bbox 932 2271 1071 2319; x_wconf 87' lang='grc' dir='ltr'>ἔστιν</span> <span class='ocrx_word' id='word_1_192' title='bbox 1148 2268 1324 2336; x_wconf 82' lang='grc' dir='ltr'>εἰπεῖν,</span> <span class='ocrx_word' id='word_1_193' title='bbox 1410 2266 1541 2336; x_wconf 81' lang='grc' dir='ltr'>Ἐγὼ</span> <span class='ocrx_word' id='word_1_194' title='bbox 1615 2271 1689 2326; x_wconf 89' lang='grc' dir='ltr'>τίς</span> <span class='ocrx_word' id='word_1_195' title='bbox 1744 2265 1889 2337; x_wconf 87' lang='grc' dir='ltr'>εἰμι;</span> 
     </span>
    </p>
   </div>
   <div class='ocr_carea' id='block_1_29' title="bbox 286 2352 1884 2435">
    <p class='ocr_par' dir='ltr' id='par_1_29' title="bbox 286 2352 1884 2435">
     <span class='ocr_line' id='line_1_29' title="bbox 286 2352 1884 2435; baseline -0.003 -23"><span class='ocrx_word' id='word_1_196' title='bbox 286 2363 515 2435; x_wconf 84' lang='grc' dir='ltr'>Ἰερεύς;</span> <span class='ocrx_word' id='word_1_197' title='bbox 579 2358 684 2410; x_wconf 82' lang='grc' dir='ltr'>ἀλλ’</span> <span class='ocrx_word' id='word_1_198' title='bbox 741 2354 1005 2430; x_wconf 72' lang='grc' dir='ltr'>οὐδαμοῦ.</span> <span class='ocrx_word' id='word_1_199' title='bbox 1063 2359 1329 2431; x_wconf 80' lang='grc' dir='ltr'>Ἀρχων;</span> <span class='ocrx_word' id='word_1_200' title='bbox 1388 2361 1477 2406; x_wconf 83' lang='grc' dir='ltr'>καὶ</span> <span class='ocrx_word' id='word_1_201' title='bbox 1531 2352 1645 2406; x_wconf 76' lang='grc' dir='ltr'>οὐδ’</span> <span class='ocrx_word' id='word_1_202' title='bbox 1703 2355 1884 2415; x_wconf 73' lang='grc' dir='ltr'>οὕτως.</span> 
     </span>
    </p>
   </div>
   <div class='ocr_carea' id='block_1_30' title="bbox 290 2441 1887 2521">
    <p class='ocr_par' dir='ltr' id='par_1_30' title="bbox 290 2441 1887 2521">
     <span class='ocr_line' id='line_1_30' title="bbox 290 2441 1887 2521; baseline -0.003 -20"><span class='ocrx_word' id='word_1_203' title='bbox 290 2455 612 2521; x_wconf 79' lang='grc' dir='ltr'>Στρατιωτης</span> <span class='ocrx_word' id='word_1_204' title='bbox 646 2466 659 2515; x_wconf 87' lang='grc'>;</span> <span class='ocrx_word' id='word_1_205' title='bbox 689 2452 777 2499; x_wconf 86' lang='grc' dir='ltr'>καὶ</span> <span class='ocrx_word' id='word_1_206' title='bbox 800 2456 900 2498; x_wconf 77' lang='grc' dir='ltr'>πού</span> <span class='ocrx_word' id='word_1_207' title='bbox 940 2464 954 2514; x_wconf 90' lang='grc'>;</span> <span class='ocrx_word' id='word_1_208' title='bbox 990 2451 1223 2517; x_wconf 84' lang='grc' dir='ltr'>Γεωργός</span> <span class='ocrx_word' id='word_1_209' title='bbox 1260 2464 1273 2511; x_wconf 89' lang='grc'>;</span> <span class='ocrx_word' id='word_1_210' title='bbox 1303 2449 1390 2496; x_wconf 81' lang='grc' dir='ltr'>καὶ</span> <span class='ocrx_word' id='word_1_211' title='bbox 1414 2441 1527 2496; x_wconf 78' lang='grc' dir='ltr'>οὐδ’</span> <span class='ocrx_word' id='word_1_212' title='bbox 1561 2445 1686 2495; x_wconf 85' lang='grc' dir='ltr'>αύτό</span> <span class='ocrx_word' id='word_1_213' title='bbox 1715 2452 1887 2497; x_wconf 76' lang='grc' dir='ltr'>τοῦτο.</span> 
     </span>
    </p>
   </div>
   <div class='ocr_carea' id='block_1_31' title="bbox 294 2533 1885 2610">
    <p class='ocr_par' dir='ltr' id='par_1_31' title="bbox 294 2533 1885 2610">
     <span class='ocr_line' id='line_1_31' title="bbox 294 2533 1885 2610; baseline -0.004 -20"><span class='ocrx_word' id='word_1_214' title='bbox 294 2543 471 2602; x_wconf 87' lang='grc' dir='ltr'>Πένης,</span> <span class='ocrx_word' id='word_1_215' title='bbox 536 2543 686 2610; x_wconf 91' lang='grc' dir='ltr'>μόνον</span> <span class='ocrx_word' id='word_1_216' title='bbox 763 2541 856 2593; x_wconf 83' lang='grc' dir='ltr'>τὴν</span> <span class='ocrx_word' id='word_1_217' title='bbox 931 2538 1179 2609; x_wconf 76' lang='grc' dir='ltr'>ἐφήμερον</span> <span class='ocrx_word' id='word_1_218' title='bbox 1264 2538 1455 2606; x_wconf 74' lang='grc' dir='ltr'>τροφὴν</span> <span class='ocrx_word' id='word_1_219' title='bbox 1526 2533 1885 2606; x_wconf 81' lang='grc' dir='ltr'>ποριζόμενος.</span> 
     </span>
    </p>
   </div>
   <div class='ocr_carea' id='block_1_32' title="bbox 296 2623 1887 2699">
    <p class='ocr_par' dir='ltr' id='par_1_32' title="bbox 296 2623 1887 2699">
     <span class='ocr_line' id='line_1_32' title="bbox 296 2623 1887 2699; baseline -0.004 -20"><span class='ocrx_word' id='word_1_220' title='bbox 296 2623 481 2687; x_wconf 72' lang='grc' dir='ltr'>Οὐδεὶς</span> <span class='ocrx_word' id='word_1_221' title='bbox 510 2646 599 2699; x_wconf 89' lang='grc' dir='ltr'>μοι</span> <span class='ocrx_word' id='word_1_222' title='bbox 646 2626 795 2697; x_wconf 81' lang='grc' dir='ltr'>λόγος</span> <span class='ocrx_word' id='word_1_223' title='bbox 854 2630 943 2676; x_wconf 87' lang='grc' dir='ltr'>καὶ</span> <span class='ocrx_word' id='word_1_224' title='bbox 996 2630 1197 2696; x_wconf 75' lang='grc' dir='ltr'>φροντὶς</span> <span class='ocrx_word' id='word_1_225' title='bbox 1244 2629 1363 2695; x_wconf 84' lang='grc' dir='ltr'>περὶ</span> <span class='ocrx_word' id='word_1_226' title='bbox 1404 2630 1493 2674; x_wconf 86' lang='grc' dir='ltr'>τοῦ</span> <span class='ocrx_word' id='word_1_227' title='bbox 1532 2628 1887 2697; x_wconf 82' lang='grc' dir='ltr'>προκειμένου.</span> 
     </span>
    </p>
   </div>
   <div class='ocr_carea' id='block_1_33' title="bbox 297 2708 1890 2790">
    <p class='ocr_par' dir='ltr' id='par_1_33' title="bbox 297 2708 1890 2790">
     <span class='ocr_line' id='line_1_33' title="bbox 297 2708 1890 2790; baseline -0.004 -22"><span class='ocrx_word' id='word_1_228' title='bbox 297 2717 430 2784; x_wconf 80' lang='grc' dir='ltr'>Ούὰ,</span> <span class='ocrx_word' id='word_1_229' title='bbox 486 2719 533 2768; x_wconf 84' lang='grc' dir='ltr'>οἱ</span> <span class='ocrx_word' id='word_1_230' title='bbox 562 2716 698 2767; x_wconf 83' lang='grc' dir='ltr'>λίθοι</span> <span class='ocrx_word' id='word_1_231' title='bbox 756 2714 1033 2790; x_wconf 86' lang='grc' dir='ltr'>κράξουσι,</span> <span class='ocrx_word' id='word_1_232' title='bbox 1067 2718 1156 2765; x_wconf 83' lang='grc' dir='ltr'>καὶ</span> <span class='ocrx_word' id='word_1_233' title='bbox 1198 2716 1262 2765; x_wconf 82' lang='grc' dir='ltr'>σὺ</span> <span class='ocrx_word' id='word_1_234' title='bbox 1306 2708 1679 2771; x_wconf 81' lang='grc' dir='ltr'>σιωπηλόςκαὶ</span> <span class='ocrx_word' id='word_1_235' title='bbox 1706 2714 1890 2785; x_wconf 70' lang='grc' dir='ltr'>ἄφρον-</span> 
     </span>
    </p>
   </div>
   <div class='ocr_carea' id='block_1_34' title="bbox 296 2802 1891 2876">
    <p class='ocr_par' dir='ltr' id='par_1_34' title="bbox 296 2802 1891 2876">
     <span class='ocr_line' id='line_1_34' title="bbox 296 2802 1891 2876; baseline 0.001 -24"><span class='ocrx_word' id='word_1_236' title='bbox 296 2825 372 2867; x_wconf 84' lang='grc' dir='ltr'>τις</span> <span class='ocrx_word' id='word_1_237' title='bbox 404 2823 416 2872; x_wconf 87' lang='grc'>;</span> <span class='ocrx_word' id='word_1_238' title='bbox 445 2808 473 2863; x_wconf 79' lang='grc' dir='ltr'>ἡ</span> <span class='ocrx_word' id='word_1_239' title='bbox 507 2805 819 2865; x_wconf 76' lang='grc' dir='ltr'>ἀναίσθητος</span> <span class='ocrx_word' id='word_1_240' title='bbox 860 2808 1010 2876; x_wconf 77' lang='grc' dir='ltr'>φύσις</span> <span class='ocrx_word' id='word_1_241' title='bbox 1060 2810 1193 2856; x_wconf 82' lang='grc' dir='ltr'>Θεοῦ</span> <span class='ocrx_word' id='word_1_242' title='bbox 1251 2804 1530 2867; x_wconf 76' lang='grc' dir='ltr'>ἐπακηκοε,</span> <span class='ocrx_word' id='word_1_243' title='bbox 1593 2806 1682 2853; x_wconf 85' lang='grc' dir='ltr'>καὶ</span> <span class='ocrx_word' id='word_1_244' title='bbox 1734 2802 1891 2863; x_wconf 83' lang='grc' dir='ltr'>αύτός</span> 
     </span>
    </p>
   </div>
   <div class='ocr_carea' id='block_1_35' title="bbox 294 2888 1891 2965">
    <p class='ocr_par' dir='ltr' id='par_1_35' title="bbox 294 2888 1891 2965">
     <span class='ocr_line' id='line_1_35' title="bbox 294 2888 1891 2965; baseline -0.004 -19"><span class='ocrx_word' id='word_1_245' title='bbox 294 2894 681 2962; x_wconf 74' lang='grc' dir='ltr'>λαιλαπιστήςς</span> <span class='ocrx_word' id='word_1_246' title='bbox 737 2894 762 2945; x_wconf 87' lang='grc' dir='ltr'>ὁ</span> <span class='ocrx_word' id='word_1_247' title='bbox 822 2898 892 2965; x_wconf 81' lang='grc' dir='ltr'>μή</span> <span class='ocrx_word' id='word_1_248' title='bbox 963 2892 1258 2963; x_wconf 71' lang='grc' dir='ltr'>ἐψύχωται,</span> <span class='ocrx_word' id='word_1_249' title='bbox 1334 2888 1474 2963; x_wconf 71' lang='grc' dir='ltr'>μηδὲ</span> <span class='ocrx_word' id='word_1_250' title='bbox 1526 2890 1572 2941; x_wconf 75' lang='grc' dir='ltr'>ἐν</span> <span class='ocrx_word' id='word_1_251' title='bbox 1635 2911 1891 2964; x_wconf 79' lang='grc' dir='ltr'>κριτηριῳ</span> 
     </span>
    </p>
   </div>
   <div class='ocr_carea' id='block_1_36' title="bbox 295 2979 1892 3055">
    <p class='ocr_par' dir='ltr' id='par_1_36' title="bbox 295 2979 1892 3055">
     <span class='ocr_line' id='line_1_36' title="bbox 295 2979 1892 3055; baseline -0.003 -20"><span class='ocrx_word' id='word_1_252' title='bbox 295 2982 705 3055; x_wconf 80' lang='grc' dir='ltr'>λελογοθέτηται,</span> <span class='ocrx_word' id='word_1_253' title='bbox 754 2979 993 3043; x_wconf 73' lang='grc' dir='ltr'>ὃεδοικός</span> <span class='ocrx_word' id='word_1_254' title='bbox 1052 2984 1205 3033; x_wconf 80' lang='grc' dir='ltr'>οἱονεὶ</span> <span class='ocrx_word' id='word_1_255' title='bbox 1264 2985 1320 3031; x_wconf 82' lang='grc' dir='ltr'>τὸ</span> <span class='ocrx_word' id='word_1_256' title='bbox 1364 2986 1680 3052; x_wconf 72' lang='grc' dir='ltr'>πρόσταγμα</span> <span class='ocrx_word' id='word_1_257' title='bbox 1736 3000 1892 3052; x_wconf 76' lang='grc' dir='ltr'>φωνο-</span> 
     </span>
    </p>
   </div>
   <div class='ocr_carea' id='block_1_37' title="bbox 296 3070 1891 3144">
    <p class='ocr_par' dir='ltr' id='par_1_37' title="bbox 296 3070 1891 3144">
     <span class='ocr_line' id='line_1_37' title="bbox 296 3070 1891 3144; baseline -0.003 -19"><span class='ocrx_word' id='word_1_258' title='bbox 296 3072 476 3125; x_wconf 77' lang='grc' dir='ltr'>ϐολεῖ·</span> <span class='ocrx_word' id='word_1_259' title='bbox 518 3076 718 3125; x_wconf 79' lang='grc' dir='ltr'>καὶσὺ</span> <span class='ocrx_word' id='word_1_260' title='bbox 769 3074 793 3123; x_wconf 88' lang='grc' dir='ltr'>ό</span> <span class='ocrx_word' id='word_1_261' title='bbox 852 3071 1041 3144; x_wconf 80' lang='grc' dir='ltr'>μέλλων</span> <span class='ocrx_word' id='word_1_262' title='bbox 1100 3071 1407 3123; x_wconf 70' lang='grc' dir='ltr'>εὐθύνεσθαι</span> <span class='ocrx_word' id='word_1_263' title='bbox 1471 3072 1570 3120; x_wconf 78' lang='grc' dir='ltr'>ύπό</span> <span class='ocrx_word' id='word_1_264' title='bbox 1636 3078 1767 3122; x_wconf 72' lang='grc' dir='ltr'>Θεοῦ</span> <span class='ocrx_word' id='word_1_265' title='bbox 1844 3070 1891 3121; x_wconf 88' lang='grc' dir='ltr'>ἐν</span> 
     </span>
    </p>
   </div>
   <div class='ocr_carea' id='block_1_38' title="bbox 294 3158 1894 3234">
    <p class='ocr_par' dir='ltr' id='par_1_38' title="bbox 294 3158 1894 3234">
     <span class='ocr_line' id='line_1_38' title="bbox 294 3158 1894 3234; baseline -0.003 -20"><span class='ocrx_word' id='word_1_266' title='bbox 294 3172 458 3234; x_wconf 79' lang='grc' dir='ltr'>καιρῷ</span> <span class='ocrx_word' id='word_1_267' title='bbox 506 3165 745 3225; x_wconf 77' lang='grc' dir='ltr'>ἐτάσεως,</span> <span class='ocrx_word' id='word_1_268' title='bbox 808 3166 895 3213; x_wconf 82' lang='grc' dir='ltr'>καὶ</span> <span class='ocrx_word' id='word_1_269' title='bbox 953 3166 1070 3233; x_wconf 83' lang='grc' dir='ltr'>περὶ</span> <span class='ocrx_word' id='word_1_270' title='bbox 1111 3159 1273 3233; x_wconf 75' lang='grc' dir='ltr'>ἀργοῦ</span> <span class='ocrx_word' id='word_1_271' title='bbox 1310 3161 1558 3233; x_wconf 78' lang='grc' dir='ltr'>ῥήματος,</span> <span class='ocrx_word' id='word_1_272' title='bbox 1601 3161 1695 3209; x_wconf 76' lang='grc' dir='ltr'>κάν</span> <span class='ocrx_word' id='word_1_273' title='bbox 1746 3158 1894 3211; x_wconf 84' lang='grc' dir='ltr'>ἐπαί-</span> 
     </span>
    </p>
   </div>
   <div class='ocr_carea' id='block_1_39' title="bbox 1091 3249 1542 3319">
    <p class='ocr_par' dir='ltr' id='par_1_39' title="bbox 1091 3249 1542 3319">
     <span class='ocr_line' id='line_1_39' title="bbox 1091 3249 1542 3319; baseline -0.004 -19"><span class='ocrx_word' id='word_1_274' title='bbox 1091 3250 1248 3319; x_wconf 83' lang='grc' dir='ltr'>)ἐγεις</span> <span class='ocrx_word' id='word_1_275' title='bbox 1306 3249 1501 3318; x_wconf 80' lang='grc' dir='ltr'>αλογών</span> <span class='ocrx_word' id='word_1_276' title='bbox 1531 3265 1542 3277; x_wconf 85' lang='grc'><em>’</em></span> 
     </span>
    </p>
   </div>
   <div class='ocr_carea' id='block_1_40' title="bbox 293 3248 1891 3321">
    <p class='ocr_par' dir='ltr' id='par_1_40' title="bbox 293 3248 1891 3321">
     <span class='ocr_line' id='line_1_40' title="bbox 293 3248 1891 3321; baseline -0.004 -17"><span class='ocrx_word' id='word_1_277' title='bbox 293 3271 389 3312; x_wconf 88' lang='grc' dir='ltr'>της</span> <span class='ocrx_word' id='word_1_278' title='bbox 456 3248 518 3317; x_wconf 84' lang='grc' dir='ltr'>εἷ,</span> <span class='ocrx_word' id='word_1_279' title='bbox 579 3248 791 3303; x_wconf 72' lang='grc' dir='ltr'>διδόναι</span> <span class='ocrx_word' id='word_1_280' title='bbox 837 3251 987 3321; x_wconf 86' lang='grc' dir='ltr'>λόγον</span> <span class='ocrx_word' id='word_1_281' title='bbox 1024 3270 1035 3281; x_wconf 91' lang='grc'>·</span> <span class='ocrx_word' id='word_1_282' title='bbox 1091 3250 1248 3319; x_wconf 75' lang='grc' dir='ltr'>λέγεις</span> <span class='ocrx_word' id='word_1_283' title='bbox 1306 3249 1501 3318; x_wconf 79' lang='grc' dir='ltr'>αλογών</span> <span class='ocrx_word' id='word_1_284' title='bbox 1531 3265 1542 3277; x_wconf 85' lang='grc'><em>’</em></span> <span class='ocrx_word' id='word_1_285' title='bbox 1596 3254 1682 3309; x_wconf 87' lang='grc' dir='ltr'>Τίς</span> <span class='ocrx_word' id='word_1_286' title='bbox 1725 3268 1814 3320; x_wconf 86' lang='grc' dir='ltr'>μοι</span> <span class='ocrx_word' id='word_1_287' title='bbox 1844 3251 1891 3299; x_wconf 86' lang='grc' dir='ltr'>ἐν</span> 
     </span>
    </p>
   </div>
   <div class='ocr_carea' id='block_1_41' title="bbox 303 3312 1963 3413">
    <p class='ocr_par' dir='ltr' id='par_1_41' title="bbox 303 3312 1963 3413">
     <span class='ocr_line' id='line_1_41' title="bbox 303 3312 1963 3413; baseline -0.003 -21"><span class='ocrx_word' id='word_1_288' title='bbox 303 3344 462 3411; x_wconf 82' lang='grc' dir='ltr'>τούτῳ</span> <span class='ocrx_word' id='word_1_289' title='bbox 498 3345 748 3413; x_wconf 73' lang='grc' dir='ltr'>φροντίς;</span> <span class='ocrx_word' id='word_1_290' title='bbox 806 3347 1039 3404; x_wconf 82' lang='grc' dir='ltr'>Ταῦτα,</span> <span class='ocrx_word' id='word_1_291' title='bbox 1096 3336 1133 3389; x_wconf 81' lang='grc' dir='ltr'><em>ὦ</em></span> <span class='ocrx_word' id='word_1_292' title='bbox 1194 3335 1448 3403; x_wconf 83' lang='grc' dir='ltr'>δέσποτα,</span> <span class='ocrx_word' id='word_1_293' title='bbox 1495 3343 1650 3408; x_wconf 77' lang='grc' dir='ltr'>φησὶν</span> <span class='ocrx_word' id='word_1_294' title='bbox 1692 3338 1716 3387; x_wconf 92' lang='grc' dir='ltr'>ό</span> <span class='ocrx_word' id='word_1_295' title='bbox 1753 3344 1895 3388; x_wconf 75' lang='grc' dir='ltr'>Παῦ-</span> <span class='ocrx_word' id='word_1_296' title='bbox 1926 3312 1963 3365; x_wconf 78' lang='lat' dir='ltr'><strong>C</strong></span> 
     </span>
    </p>
   </div>
   <div class='ocr_carea' id='block_1_42' title="bbox 292 3426 1893 3501">
    <p class='ocr_par' dir='ltr' id='par_1_42' title="bbox 292 3426 1893 3501">
     <span class='ocr_line' id='line_1_42' title="bbox 292 3426 1893 3501; baseline -0.004 -19"><span class='ocrx_word' id='word_1_297' title='bbox 292 3428 399 3496; x_wconf 80' lang='grc' dir='ltr'>λος,</span> <span class='ocrx_word' id='word_1_298' title='bbox 446 3435 996 3501; x_wconf 76' lang='grc' dir='ltr'>μετεσχημάτισα</span> <span class='ocrx_word' id='word_1_299' title='bbox 1036 3427 1129 3489; x_wconf 84' lang='grc' dir='ltr'>ἐίς</span> <span class='ocrx_word' id='word_1_300' title='bbox 1170 3426 1439 3498; x_wconf 86' lang='grc' dir='ltr'>ἐμαυτόν</span> <span class='ocrx_word' id='word_1_301' title='bbox 1479 3432 1586 3477; x_wconf 82' lang='grc' dir='ltr'>καὶ</span> <span class='ocrx_word' id='word_1_302' title='bbox 1617 3426 1893 3479; x_wconf 81' lang='grc' dir='ltr'>Ἀπολλὼ</span> 
     </span>
    </p>
   </div>
   <div class='ocr_carea' id='block_1_43' title="bbox 296 3515 1894 3589">
    <p class='ocr_par' dir='ltr' id='par_1_43' title="bbox 296 3515 1894 3589">
     <span class='ocr_line' id='line_1_43' title="bbox 296 3515 1894 3589; baseline -0.003 -19"><span class='ocrx_word' id='word_1_303' title='bbox 296 3515 376 3571; x_wconf 74' lang='grc' dir='ltr'>δι’</span> <span class='ocrx_word' id='word_1_304' title='bbox 408 3520 606 3589; x_wconf 74' lang='grc' dir='ltr'>ὑμᾶς·</span> <span class='ocrx_word' id='word_1_305' title='bbox 644 3519 742 3568; x_wconf 87' lang='grc' dir='ltr'>ἱνα</span> <span class='ocrx_word' id='word_1_306' title='bbox 773 3516 829 3567; x_wconf 75' lang='grc' dir='ltr'>ἐν</span> <span class='ocrx_word' id='word_1_307' title='bbox 860 3518 1010 3587; x_wconf 80' lang='grc' dir='ltr'>ἡμῖν</span> <span class='ocrx_word' id='word_1_308' title='bbox 1060 3518 1306 3587; x_wconf 82' lang='grc' dir='ltr'>μάθητε</span> <span class='ocrx_word' id='word_1_309' title='bbox 1342 3520 1407 3566; x_wconf 88' lang='grc' dir='ltr'>τό</span> <span class='ocrx_word' id='word_1_310' title='bbox 1450 3521 1530 3587; x_wconf 80' lang='grc' dir='ltr'>μή</span> <span class='ocrx_word' id='word_1_311' title='bbox 1566 3517 1717 3587; x_wconf 75' lang='grc' dir='ltr'>ὑπερ</span> <span class='ocrx_word' id='word_1_312' title='bbox 1749 3518 1773 3567; x_wconf 85' lang='grc' dir='ltr'><strong><em>ὅ</em></strong></span> <span class='ocrx_word' id='word_1_313' title='bbox 1803 3519 1894 3587; x_wconf 84' lang='grc' dir='ltr'>γέ-</span> 
     </span>
    </p>
   </div>
   <div class='ocr_carea' id='block_1_44' title="bbox 292 3603 1893 3681">
    <p class='ocr_par' dir='ltr' id='par_1_44' title="bbox 292 3603 1893 3681">
     <span class='ocr_line' id='line_1_44' title="bbox 292 3603 1893 3681; baseline -0.002 -22"><span class='ocrx_word' id='word_1_314' title='bbox 292 3627 583 3681; x_wconf 89' lang='grc' dir='ltr'>γραπται</span> <span class='ocrx_word' id='word_1_315' title='bbox 640 3603 1092 3681; x_wconf 75' lang='grc' dir='ltr'>φρονεῖν.”Ωστι</span> <span class='ocrx_word' id='word_1_316' title='bbox 1141 3610 1230 3656; x_wconf 86' lang='grc' dir='ltr'>καὶ</span> <span class='ocrx_word' id='word_1_317' title='bbox 1273 3605 1423 3664; x_wconf 74' lang='grc' dir='ltr'>αὐτὸς</span> <span class='ocrx_word' id='word_1_318' title='bbox 1454 3606 1478 3655; x_wconf 93' lang='grc' dir='ltr'>ό</span> <span class='ocrx_word' id='word_1_319' title='bbox 1520 3609 1673 3665; x_wconf 83' lang='grc' dir='ltr'>πένης</span> <span class='ocrx_word' id='word_1_320' title='bbox 1719 3606 1893 3666; x_wconf 88' lang='grc' dir='ltr'>πάσης</span> 
     </span>
    </p>
   </div>
   <div class='ocr_carea' id='block_1_45' title="bbox 293 3693 1892 3768">
    <p class='ocr_par' dir='ltr' id='par_1_45' title="bbox 293 3693 1892 3768">
     <span class='ocr_line' id='line_1_45' title="bbox 293 3693 1892 3768; baseline -0.003 -20"><span class='ocrx_word' id='word_1_321' title='bbox 293 3695 577 3768; x_wconf 80' lang='grc' dir='ltr'>ἀπολογίας</span> <span class='ocrx_word' id='word_1_322' title='bbox 635 3694 909 3767; x_wconf 82' lang='grc' dir='ltr'>ἐστέρηται</span> <span class='ocrx_word' id='word_1_323' title='bbox 962 3693 1009 3745; x_wconf 83' lang='grc' dir='ltr'>ἐν</span> <span class='ocrx_word' id='word_1_324' title='bbox 1063 3695 1232 3765; x_wconf 80' lang='grc' dir='ltr'>ἡμέρᾳ</span> <span class='ocrx_word' id='word_1_325' title='bbox 1306 3699 1544 3766; x_wconf 83' lang='grc' dir='ltr'>κρίσεως,</span> <span class='ocrx_word' id='word_1_326' title='bbox 1610 3698 1679 3765; x_wconf 85' lang='grc' dir='ltr'>μή</span> <span class='ocrx_word' id='word_1_327' title='bbox 1741 3702 1892 3745; x_wconf 77' lang='grc' dir='ltr'>τανυν</span> 
     </span>
    </p>
   </div>
   <div class='ocr_carea' id='block_1_46' title="bbox 1717 3784 1893 3854">
    <p class='ocr_par' dir='ltr' id='par_1_46' title="bbox 1717 3784 1893 3854">
     <span class='ocr_line' id='line_1_46' title="bbox 1717 3784 1893 3854; baseline 0.011 -21"><span class='ocrx_word' id='word_1_328' title='bbox 1717 3787 1787 3854; x_wconf 85' lang='grc' dir='ltr'>μὴ</span> <span class='ocrx_word' id='word_1_329' title='bbox 1817 3784 1893 3835; x_wconf 87' lang='grc' dir='ltr'>ὃτι</span> 
     </span>
    </p>
   </div>
   <div class='ocr_carea' id='block_1_47' title="bbox 290 3872 1891 3947">
    <p class='ocr_par' dir='ltr' id='par_1_47' title="bbox 290 3872 1891 3947">
     <span class='ocr_line' id='line_1_47' title="bbox 290 3872 1891 3947; baseline -0.002 -21"><span class='ocrx_word' id='word_1_330' title='bbox 290 3879 349 3947; x_wconf 78' lang='grc' dir='ltr'>γε</span> <span class='ocrx_word' id='word_1_331' title='bbox 374 3895 451 3936; x_wconf 86' lang='grc' dir='ltr'>τις</span> <span class='ocrx_word' id='word_1_332' title='bbox 500 3883 597 3926; x_wconf 85' lang='grc' dir='ltr'>τῶν</span> <span class='ocrx_word' id='word_1_333' title='bbox 627 3872 805 3945; x_wconf 74' lang='grc' dir='ltr'>ἐφεξῆς</span> <span class='ocrx_word' id='word_1_334' title='bbox 843 3875 963 3924; x_wconf 86' lang='grc' dir='ltr'>καθ’</span> <span class='ocrx_word' id='word_1_335' title='bbox 1010 3873 1299 3943; x_wconf 79' lang='grc' dir='ltr'>ὑπεροχήν,</span> <span class='ocrx_word' id='word_1_336' title='bbox 1345 3876 1535 3945; x_wconf 86' lang='grc' dir='ltr'>μέχρις</span> <span class='ocrx_word' id='word_1_337' title='bbox 1585 3872 1743 3923; x_wconf 72' lang='grc' dir='ltr'>αὐτου</span> <span class='ocrx_word' id='word_1_338' title='bbox 1801 3881 1891 3924; x_wconf 82' lang='grc' dir='ltr'>τοῦ</span> 
     </span>
    </p>
   </div>
   <div class='ocr_carea' id='block_1_48' title="bbox 291 3960 1115 4037">
    <p class='ocr_par' dir='ltr' id='par_1_48' title="bbox 291 3960 1115 4037">
     <span class='ocr_line' id='line_1_48' title="bbox 291 3960 1115 4037; baseline -0.006 -21"><span class='ocrx_word' id='word_1_339' title='bbox 291 3968 350 4016; x_wconf 86' lang='grc' dir='ltr'>τὸ</span> <span class='ocrx_word' id='word_1_340' title='bbox 411 3960 658 4035; x_wconf 78' lang='grc' dir='ltr'>διάδημα</span> <span class='ocrx_word' id='word_1_341' title='bbox 715 3966 1067 4037; x_wconf 80' lang='grc' dir='ltr'>περικειμένου</span> <span class='ocrx_word' id='word_1_342' title='bbox 1103 3977 1115 3990; x_wconf 81' lang='grc'><em>’</em></span> 
     </span>
    </p>
   </div>
   <div class='ocr_carea' id='block_1_49' title="bbox 289 3779 1669 3856">
    <p class='ocr_par' dir='ltr' id='par_1_49' title="bbox 289 3779 1669 3856">
     <span class='ocr_line' id='line_1_49' title="bbox 289 3779 1669 3856; baseline -0.003 -19"><span class='ocrx_word' id='word_1_343' title='bbox 289 3784 455 3838; x_wconf 84' lang='grc' dir='ltr'>λαλῶν</span> <span class='ocrx_word' id='word_1_344' title='bbox 496 3786 561 3847; x_wconf 84' lang='grc' dir='ltr'>ὡς</span> <span class='ocrx_word' id='word_1_345' title='bbox 594 3786 970 3856; x_wconf 85' lang='grc' dir='ltr'>κριθησόμενος</span> <span class='ocrx_word' id='word_1_346' title='bbox 1002 3788 1090 3833; x_wconf 85' lang='grc' dir='ltr'>καὶ</span> <span class='ocrx_word' id='word_1_347' title='bbox 1151 3779 1244 3833; x_wconf 72' lang='grc' dir='ltr'>διὰ</span> <span class='ocrx_word' id='word_1_348' title='bbox 1275 3790 1425 3835; x_wconf 76' lang='grc' dir='ltr'>τοῦτο</span> <span class='ocrx_word' id='word_1_349' title='bbox 1466 3788 1618 3854; x_wconf 87' lang='grc' dir='ltr'>μόνον</span> <span class='ocrx_word' id='word_1_350' title='bbox 1656 3800 1669 3813; x_wconf 82' lang='grc'><strong><em>⁸</em></strong></span> 
     </span>
    </p>
   </div>
   <div class='ocr_carea' id='block_1_50' title="bbox 1179 3960 1891 4033">
    <p class='ocr_par' dir='ltr' id='par_1_50' title="bbox 1179 3960 1891 4033">
     <span class='ocr_line' id='line_1_50' title="bbox 1179 3960 1891 4033; baseline 0.004 -23"><span class='ocrx_word' id='word_1_351' title='bbox 1179 3962 1217 4031; x_wconf 79' lang='grc' dir='ltr'><strong><em>ᾧ</em></strong></span> <span class='ocrx_word' id='word_1_352' title='bbox 1267 3966 1355 4012; x_wconf 86' lang='grc' dir='ltr'>καὶ</span> <span class='ocrx_word' id='word_1_353' title='bbox 1402 3960 1781 4033; x_wconf 78' lang='grc' dir='ltr'>ἀνυπέρϐλητον</span> <span class='ocrx_word' id='word_1_354' title='bbox 1833 3966 1891 4014; x_wconf 89' lang='grc' dir='ltr'>τό</span> 
     </span>
    </p>
   </div>
   <div class='ocr_carea' id='block_1_51' title="bbox 293 4046 1888 4126">
    <p class='ocr_par' dir='ltr' id='par_1_51' title="bbox 293 4046 1888 4126">
     <span class='ocr_line' id='line_1_51' title="bbox 293 4046 1888 4126; baseline -0.001 -22"><span class='ocrx_word' id='word_1_355' title='bbox 293 4060 493 4126; x_wconf 87' lang='grc' dir='ltr'>κρῖμα·</span> <span class='ocrx_word' id='word_1_356' title='bbox 532 4057 803 4104; x_wconf 85' lang='grc' dir='ltr'>Δυνατοὶ</span> <span class='ocrx_word' id='word_1_357' title='bbox 856 4054 976 4125; x_wconf 83' lang='grc' dir='ltr'>γὰρ</span> <span class='ocrx_word' id='word_1_358' title='bbox 1030 4046 1315 4111; x_wconf 80' lang='grc' dir='ltr'>δυνατῶς</span> <span class='ocrx_word' id='word_1_359' title='bbox 1370 4052 1888 4118; x_wconf 79' lang='grc' dir='ltr'>ἑτασθήσονται,</span> 
     </span>
    </p>
   </div>
   <div class='ocr_carea' id='block_1_52' title="bbox 296 4139 1889 4216">
    <p class='ocr_par' dir='ltr' id='par_1_52' title="bbox 296 4139 1889 4216">
     <span class='ocr_line' id='line_1_52' title="bbox 296 4139 1889 4216; baseline 0 -23"><span class='ocrx_word' id='word_1_360' title='bbox 296 4148 445 4215; x_wconf 74' lang='grc' dir='ltr'>φησί.</span> <span class='ocrx_word' id='word_1_361' title='bbox 500 4147 630 4195; x_wconf 81' lang='grc' dir='ltr'>Καὶ’</span> <span class='ocrx_word' id='word_1_362' title='bbox 694 4146 921 4213; x_wconf 80' lang='grc' dir='ltr'>Κρίσις</span> <span class='ocrx_word' id='word_1_363' title='bbox 974 4139 1300 4211; x_wconf 79' lang='grc' dir='ltr'>ἀπότομος</span> <span class='ocrx_word' id='word_1_364' title='bbox 1346 4140 1408 4190; x_wconf 81' lang='grc' dir='ltr'>ἐν</span> <span class='ocrx_word' id='word_1_365' title='bbox 1494 4148 1630 4202; x_wconf 89' lang='grc' dir='ltr'>τοῖς</span> <span class='ocrx_word' id='word_1_366' title='bbox 1679 4142 1889 4216; x_wconf 73' lang='grc' dir='ltr'>ύπερέ·</span> 
     </span>
    </p>
   </div>
   <div class='ocr_carea' id='block_1_53' title="bbox 292 4227 1890 4303">
    <p class='ocr_par' dir='ltr' id='par_1_53' title="bbox 292 4227 1890 4303">
     <span class='ocr_line' id='line_1_53' title="bbox 292 4227 1890 4303; baseline -0.001 -21"><span class='ocrx_word' id='word_1_367' title='bbox 292 4250 513 4303; x_wconf 90' lang='grc' dir='ltr'>χουσι.</span> <span class='ocrx_word' id='word_1_368' title='bbox 574 4230 731 4283; x_wconf 79' lang='grc' dir='ltr'>Λάλει</span> <span class='ocrx_word' id='word_1_369' title='bbox 778 4227 886 4296; x_wconf 83' lang='grc' dir='ltr'>οὖν,</span> <span class='ocrx_word' id='word_1_370' title='bbox 916 4233 1060 4301; x_wconf 88' lang='grc' dir='ltr'>κύριέ</span> <span class='ocrx_word' id='word_1_371' title='bbox 1098 4249 1220 4301; x_wconf 88' lang='grc' dir='ltr'>μου,</span> <span class='ocrx_word' id='word_1_372' title='bbox 1252 4229 1408 4282; x_wconf 82' lang='grc' dir='ltr'>λάλει.</span> <span class='ocrx_word' id='word_1_373' title='bbox 1446 4233 1538 4281; x_wconf 72' lang='grc' dir='ltr'>Διά</span> <span class='ocrx_word' id='word_1_374' title='bbox 1567 4237 1719 4281; x_wconf 79' lang='grc' dir='ltr'>τοῦτο</span> <span class='ocrx_word' id='word_1_375' title='bbox 1746 4229 1890 4302; x_wconf 78' lang='grc' dir='ltr'>κάγὼ</span> 
     </span>
    </p>
   </div>
   <div class='ocr_carea' id='block_1_54' title="bbox 291 4316 1890 4393">
    <p class='ocr_par' dir='ltr' id='par_1_54' title="bbox 291 4316 1890 4393">
     <span class='ocr_line' id='line_1_54' title="bbox 291 4316 1890 4393; baseline -0.002 -20"><span class='ocrx_word' id='word_1_376' title='bbox 291 4323 316 4373; x_wconf 86' lang='lat'>6</span> <span class='ocrx_word' id='word_1_377' title='bbox 338 4321 487 4379; x_wconf 87' lang='grc' dir='ltr'>τάλας</span> <span class='ocrx_word' id='word_1_378' title='bbox 520 4316 774 4381; x_wconf 75' lang='grc' dir='ltr'>δεδοικὼς</span> <span class='ocrx_word' id='word_1_379' title='bbox 799 4325 854 4371; x_wconf 84' lang='grc' dir='ltr'>τό</span> <span class='ocrx_word' id='word_1_380' title='bbox 887 4319 1340 4393; x_wconf 75' lang='grc' dir='ltr'>κριτήριονλαλώ.</span> <span class='ocrx_word' id='word_1_381' title='bbox 1394 4318 1615 4389; x_wconf 82' lang='grc' dir='ltr'>Φθέγξαι</span> <span class='ocrx_word' id='word_1_382' title='bbox 1661 4321 1753 4380; x_wconf 79' lang='grc' dir='ltr'>ἕως</span> <span class='ocrx_word' id='word_1_383' title='bbox 1792 4330 1890 4371; x_wconf 82' lang='grc' dir='ltr'>τῶν</span> 
     </span>
    </p>
   </div>
   <div class='ocr_carea' id='block_1_55' title="bbox 292 4400 1888 4482">
    <p class='ocr_par' dir='ltr' id='par_1_55' title="bbox 292 4400 1888 4482">
     <span class='ocr_line' id='line_1_55' title="bbox 292 4400 1888 4482; baseline -0.002 -21"><span class='ocrx_word' id='word_1_384' title='bbox 292 4411 525 4479; x_wconf 83' lang='grc' dir='ltr'>θεοηχών</span> <span class='ocrx_word' id='word_1_385' title='bbox 565 4409 703 4460; x_wconf 82' lang='grc' dir='ltr'>ὢτων</span> <span class='ocrx_word' id='word_1_386' title='bbox 737 4408 795 4479; x_wconf 72' lang='grc' dir='ltr'>[ἰ.</span> <span class='ocrx_word' id='word_1_387' title='bbox 822 4407 988 4479; x_wconf 80' lang='grc' dir='ltr'>ὠτῶν]</span> <span class='ocrx_word' id='word_1_388' title='bbox 1024 4416 1113 4459; x_wconf 77' lang='grc' dir='ltr'>τοῦ</span> <span class='ocrx_word' id='word_1_389' title='bbox 1146 4407 1391 4469; x_wconf 69' lang='grc' dir='ltr'>εὐσεϐοῦς</span> <span class='ocrx_word' id='word_1_390' title='bbox 1412 4400 1562 4480; x_wconf 80' lang='grc' dir='ltr'>ήμῶν</span> <span class='ocrx_word' id='word_1_391' title='bbox 1593 4406 1847 4482; x_wconf 82' lang='grc' dir='ltr'>βασιλέως</span> <span class='ocrx_word' id='word_1_392' title='bbox 1874 4426 1888 4440; x_wconf 77' lang='grc' dir='ltr'><strong>ο</strong></span> 
     </span>
    </p>
   </div>
   <div class='ocr_carea' id='block_1_56' title="bbox 292 4494 1101 4570">
    <p class='ocr_par' dir='ltr' id='par_1_56' title="bbox 292 4494 1101 4570">
     <span class='ocr_line' id='line_1_56' title="bbox 292 4494 1101 4570; baseline -0.002 -22"><span class='ocrx_word' id='word_1_393' title='bbox 292 4498 492 4570; x_wconf 77' lang='grc' dir='ltr'>ἐπείπερ</span> <span class='ocrx_word' id='word_1_394' title='bbox 517 4494 559 4548; x_wconf 80' lang='grc' dir='ltr'>εἰ</span> <span class='ocrx_word' id='word_1_395' title='bbox 580 4505 674 4549; x_wconf 86' lang='grc' dir='ltr'>τῶν</span> <span class='ocrx_word' id='word_1_396' title='bbox 715 4498 1101 4570; x_wconf 76' lang='grc' dir='ltr'>ὑπερεχόντων,</span> 
     </span>
    </p>
   </div>
   <div class='ocr_carea' id='block_1_57' title="bbox 363 4582 1891 4659">
    <p class='ocr_par' dir='ltr' id='par_1_57' title="bbox 363 4582 1891 4659">
     <span class='ocr_line' id='line_1_57' title="bbox 363 4582 1891 4659; baseline 0.001 -22"><span class='ocrx_word' id='word_1_397' title='bbox 363 4582 601 4657; x_wconf 68' lang='grc' dir='ltr'>Οὐδεμία</span> <span class='ocrx_word' id='word_1_398' title='bbox 647 4586 849 4659; x_wconf 80' lang='grc' dir='ltr'>αἵρεσις</span> <span class='ocrx_word' id='word_1_399' title='bbox 930 4594 1023 4636; x_wconf 78' lang='grc' dir='ltr'>τῶν</span> <span class='ocrx_word' id='word_1_400' title='bbox 1091 4585 1194 4636; x_wconf 88' lang='grc' dir='ltr'>ἀπὸ</span> <span class='ocrx_word' id='word_1_401' title='bbox 1247 4592 1342 4646; x_wconf 86' lang='grc' dir='ltr'>τῆς</span> <span class='ocrx_word' id='word_1_402' title='bbox 1400 4585 1707 4647; x_wconf 83' lang='grc' dir='ltr'>Ἐκκλησίας</span> <span class='ocrx_word' id='word_1_403' title='bbox 1767 4585 1891 4638; x_wconf 77' lang='grc' dir='ltr'>ἁνα-</span> 
     </span>
    </p>
   </div>
   <div class='ocr_carea' id='block_1_58' title="bbox 292 4671 1889 4749">
    <p class='ocr_par' dir='ltr' id='par_1_58' title="bbox 292 4671 1889 4749">
     <span class='ocr_line' id='line_1_58' title="bbox 292 4671 1889 4749; baseline 0.002 -24"><span class='ocrx_word' id='word_1_404' title='bbox 292 4671 613 4747; x_wconf 81' lang='grc' dir='ltr'>ϐρασάντων,</span> <span class='ocrx_word' id='word_1_405' title='bbox 698 4675 789 4734; x_wconf 69' lang='grc' dir='ltr'>τῆς</span> <span class='ocrx_word' id='word_1_406' title='bbox 873 4673 1281 4745; x_wconf 81' lang='grc' dir='ltr'>εὶκονομαχικῆς</span> <span class='ocrx_word' id='word_1_407' title='bbox 1366 4678 1564 4737; x_wconf 83' lang='grc' dir='ltr'>ταύτης</span> <span class='ocrx_word' id='word_1_408' title='bbox 1645 4676 1889 4749; x_wconf 79' lang='grc' dir='ltr'>αἱρέσεως</span> 
     </span>
    </p>
   </div>
   <div class='ocr_carea' id='block_1_59' title="bbox 292 4758 1891 4838">
    <p class='ocr_par' dir='ltr' id='par_1_59' title="bbox 292 4758 1891 4838">
     <span class='ocr_line' id='line_1_59' title="bbox 292 4758 1891 4838; baseline 0.001 -24"><span class='ocrx_word' id='word_1_409' title='bbox 292 4758 572 4837; x_wconf 79' lang='grc' dir='ltr'>δεινοτέρα.</span> <span class='ocrx_word' id='word_1_410' title='bbox 655 4766 885 4837; x_wconf 85' lang='grc' dir='ltr'>Χριστόν</span> <span class='ocrx_word' id='word_1_411' title='bbox 962 4764 1203 4837; x_wconf 77' lang='grc' dir='ltr'>ήρνηται,</span> <span class='ocrx_word' id='word_1_412' title='bbox 1315 4764 1381 4825; x_wconf 82' lang='grc' dir='ltr'>εἰς</span> <span class='ocrx_word' id='word_1_413' title='bbox 1446 4770 1724 4838; x_wconf 89' lang='grc' dir='ltr'>πρόσωπον</span> <span class='ocrx_word' id='word_1_414' title='bbox 1802 4762 1891 4816; x_wconf 77' lang='grc' dir='ltr'>δέ-</span> 
     </span>
    </p>
   </div>
   <div class='ocr_carea' id='block_1_60' title="bbox 289 4853 1889 4927">
    <p class='ocr_par' dir='ltr' id='par_1_60' title="bbox 289 4853 1889 4927">
     <span class='ocr_line' id='line_1_60' title="bbox 289 4853 1889 4927; baseline 0.002 -24"><span class='ocrx_word' id='word_1_415' title='bbox 289 4870 387 4924; x_wconf 86' lang='grc' dir='ltr'>ρει,</span> <span class='ocrx_word' id='word_1_416' title='bbox 441 4854 819 4925; x_wconf 73' lang='grc' dir='ltr'>πραγματικῶς</span> <span class='ocrx_word' id='word_1_417' title='bbox 887 4858 974 4904; x_wconf 84' lang='grc' dir='ltr'>καὶ</span> <span class='ocrx_word' id='word_1_418' title='bbox 1056 4853 1277 4925; x_wconf 82' lang='grc' dir='ltr'>λογικῶς</span> <span class='ocrx_word' id='word_1_419' title='bbox 1348 4855 1603 4909; x_wconf 82' lang='grc' dir='ltr'>λυττῶσα.</span> <span class='ocrx_word' id='word_1_420' title='bbox 1660 4859 1728 4907; x_wconf 90' lang='lat' dir='ltr'><em>T6</em></span> <span class='ocrx_word' id='word_1_421' title='bbox 1799 4858 1889 4927; x_wconf 75' lang='grc' dir='ltr'>μὲν</span> 
     </span>
    </p>
   </div>
   <div class='ocr_carea' id='block_1_61' title="bbox 293 4939 1891 5017">
    <p class='ocr_par' dir='ltr' id='par_1_61' title="bbox 293 4939 1891 5017">
     <span class='ocr_line' id='line_1_61' title="bbox 293 4939 1891 5017; baseline 0.004 -27"><span class='ocrx_word' id='word_1_422' title='bbox 293 4939 560 5012; x_wconf 76' lang='grc' dir='ltr'>φληναφεῖ,</span> <span class='ocrx_word' id='word_1_423' title='bbox 594 4945 825 5012; x_wconf 84' lang='grc' dir='ltr'>Χριστόν</span> <span class='ocrx_word' id='word_1_424' title='bbox 876 4946 948 5013; x_wconf 86' lang='grc' dir='ltr'>μή</span> <span class='ocrx_word' id='word_1_425' title='bbox 1005 4945 1419 5017; x_wconf 73' lang='grc' dir='ltr'>περιγράφεσθαι</span> <span class='ocrx_word' id='word_1_426' title='bbox 1467 4947 1599 4996; x_wconf 86' lang='grc' dir='ltr'>κατὰ</span> <span class='ocrx_word' id='word_1_427' title='bbox 1657 4949 1744 4995; x_wconf 85' lang='grc' dir='ltr'>τόν</span> <span class='ocrx_word' id='word_1_428' title='bbox 1801 4952 1891 4996; x_wconf 82' lang='grc' dir='ltr'>τοῦ</span> 
     </span>
    </p>
   </div>
   <div class='ocr_carea' id='block_1_62' title="bbox 295 5032 1889 5108">
    <p class='ocr_par' dir='ltr' id='par_1_62' title="bbox 295 5032 1889 5108">
     <span class='ocr_line' id='line_1_62' title="bbox 295 5032 1889 5108; baseline 0.002 -26"><span class='ocrx_word' id='word_1_429' title='bbox 295 5036 536 5101; x_wconf 81' lang='grc' dir='ltr'>σώματος</span> <span class='ocrx_word' id='word_1_430' title='bbox 593 5037 951 5105; x_wconf 78' lang='grc' dir='ltr'>χαρακτῆρα·</span> <span class='ocrx_word' id='word_1_431' title='bbox 1036 5033 1157 5105; x_wconf 85' lang='grc' dir='ltr'>ὅπερ</span> <span class='ocrx_word' id='word_1_432' title='bbox 1231 5032 1370 5083; x_wconf 83' lang='grc' dir='ltr'>ἐστὶν</span> <span class='ocrx_word' id='word_1_433' title='bbox 1432 5033 1747 5108; x_wconf 78' lang='grc' dir='ltr'>ἀναιρετικὸν</span> <span class='ocrx_word' id='word_1_434' title='bbox 1798 5042 1889 5085; x_wconf 79' lang='grc' dir='ltr'>τοῦ</span> 
     </span>
    </p>
   </div>
   <div class='ocr_carea' id='block_1_63' title="bbox 294 5121 1892 5195">
    <p class='ocr_par' dir='ltr' id='par_1_63' title="bbox 294 5121 1892 5195">
     <span class='ocr_line' id='line_1_63' title="bbox 294 5121 1892 5195; baseline 0.002 -25"><span class='ocrx_word' id='word_1_435' title='bbox 294 5126 468 5192; x_wconf 85' lang='grc' dir='ltr'>σάρκα</span> <span class='ocrx_word' id='word_1_436' title='bbox 518 5121 759 5190; x_wconf 83' lang='grc' dir='ltr'>γενέσθαι</span> <span class='ocrx_word' id='word_1_437' title='bbox 812 5125 897 5171; x_wconf 86' lang='grc' dir='ltr'>τόν</span> <span class='ocrx_word' id='word_1_438' title='bbox 948 5125 1135 5192; x_wconf 86' lang='grc' dir='ltr'>Λόγον.</span> <span class='ocrx_word' id='word_1_439' title='bbox 1200 5122 1255 5173; x_wconf 85' lang='grc' dir='ltr'>Εἰ</span> <span class='ocrx_word' id='word_1_440' title='bbox 1306 5142 1403 5195; x_wconf 77' lang='grc' dir='ltr'>γάρ</span> <span class='ocrx_word' id='word_1_441' title='bbox 1481 5122 1631 5195; x_wconf 80' lang='grc' dir='ltr'>σάρξ,</span> <span class='ocrx_word' id='word_1_442' title='bbox 1686 5125 1892 5185; x_wconf 89' lang='grc' dir='ltr'>πάντως</span> 
     </span>
    </p>
   </div>
   <div class='ocr_carea' id='block_1_64' title="bbox 291 5210 1892 5284">
    <p class='ocr_par' dir='ltr' id='par_1_64' title="bbox 291 5210 1892 5284">
     <span class='ocr_line' id='line_1_64' title="bbox 291 5210 1892 5284; baseline 0.003 -24"><span class='ocrx_word' id='word_1_443' title='bbox 291 5213 381 5260; x_wconf 85' lang='grc' dir='ltr'>καὶ</span> <span class='ocrx_word' id='word_1_444' title='bbox 445 5210 813 5283; x_wconf 71' lang='grc' dir='ltr'>περιγράφοιτο</span> <span class='ocrx_word' id='word_1_445' title='bbox 844 5229 858 5241; x_wconf 90' lang='grc'><strong>·</strong></span> <span class='ocrx_word' id='word_1_446' title='bbox 922 5213 1029 5261; x_wconf 77' lang='grc' dir='ltr'>ἐπεὶ</span> <span class='ocrx_word' id='word_1_447' title='bbox 1084 5212 1361 5281; x_wconf 75' lang='grc' dir='ltr'>φάντασμα</span> <span class='ocrx_word' id='word_1_448' title='bbox 1392 5215 1447 5261; x_wconf 87' lang='grc' dir='ltr'>τό</span> <span class='ocrx_word' id='word_1_449' title='bbox 1500 5211 1892 5284; x_wconf 72' lang='grc' dir='ltr'>εὐαγγελιζόμε-</span> 
     </span>
    </p>
   </div>
   <div class='ocr_carea' id='block_1_65' title="bbox 290 5296 1891 5372">
    <p class='ocr_par' dir='ltr' id='par_1_65' title="bbox 290 5296 1891 5372">
     <span class='ocr_line' id='line_1_65' title="bbox 290 5296 1891 5372; baseline 0.004 -23"><span class='ocrx_word' id='word_1_450' title='bbox 290 5316 374 5351; x_wconf 85' lang='grc' dir='ltr'>νον</span> <span class='ocrx_word' id='word_1_451' title='bbox 425 5305 742 5370; x_wconf 79' lang='grc' dir='ltr'>Μανιχαῐκῷ</span> <span class='ocrx_word' id='word_1_452' title='bbox 793 5304 1100 5372; x_wconf 78' lang='grc' dir='ltr'>φρονήματι.</span> <span class='ocrx_word' id='word_1_453' title='bbox 1134 5304 1202 5351; x_wconf 91' lang='grc' dir='ltr'>Τό</span> <span class='ocrx_word' id='word_1_454' title='bbox 1263 5296 1321 5351; x_wconf 74' lang='grc' dir='ltr'>δὲ</span> <span class='ocrx_word' id='word_1_455' title='bbox 1351 5299 1431 5351; x_wconf 87' lang='grc' dir='ltr'>ὃτι</span> <span class='ocrx_word' id='word_1_456' title='bbox 1484 5299 1601 5366; x_wconf 64' lang='lat' dir='ltr'>Eia,</span> <span class='ocrx_word' id='word_1_457' title='bbox 1645 5302 1761 5371; x_wconf 82' lang='grc' dir='ltr'>κλᾲ,</span> <span class='ocrx_word' id='word_1_458' title='bbox 1796 5324 1891 5355; x_wconf 85' lang='grc' dir='ltr'>κα-</span> 
     </span>
    </p>
   </div>
   <div class='ocr_carea' id='block_1_66' title="bbox 290 5388 1887 5464">
    <p class='ocr_par' dir='ltr' id='par_1_66' title="bbox 290 5388 1887 5464">
     <span class='ocr_line' id='line_1_66' title="bbox 290 5388 1887 5464; baseline 0.001 -22"><span class='ocrx_word' id='word_1_459' title='bbox 290 5388 601 5457; x_wconf 79' lang='grc' dir='ltr'>τασκάπτει,</span> <span class='ocrx_word' id='word_1_460' title='bbox 639 5396 990 5464; x_wconf 74' lang='grc' dir='ltr'>πυρικαύστεί</span> <span class='ocrx_word' id='word_1_461' title='bbox 1040 5391 1209 5441; x_wconf 88' lang='grc' dir='ltr'>πάντα</span> <span class='ocrx_word' id='word_1_462' title='bbox 1288 5391 1421 5441; x_wconf 80' lang='grc' dir='ltr'>θεῖον</span> <span class='ocrx_word' id='word_1_463' title='bbox 1469 5395 1609 5459; x_wconf 81' lang='grc' dir='ltr'>ναὸν,</span> <span class='ocrx_word' id='word_1_464' title='bbox 1669 5395 1769 5442; x_wconf 85' lang='grc' dir='ltr'>πᾶν</span> <span class='ocrx_word' id='word_1_465' title='bbox 1822 5394 1887 5445; x_wconf 68' lang='lat' dir='ltr'>ir-</span> 
     </span>
    </p>
   </div>
   <div class='ocr_carea' id='block_1_67' title="bbox 366 5564 1889 5647">
    <p class='ocr_par' dir='ltr' id='par_1_67' title="bbox 366 5564 1889 5638">
     <span class='ocr_line' id='line_1_67' title="bbox 366 5564 1889 5638; baseline 0.002 -15"><span class='ocrx_word' id='word_1_466' title='bbox 366 5567 415 5605; x_wconf 77' lang='grc'>³⁸</span> <span class='ocrx_word' id='word_1_467' title='bbox 446 5565 599 5624; x_wconf 85' lang='lat' dir='ltr'>Psal.</span> <span class='ocrx_word' id='word_1_468' title='bbox 647 5581 823 5633; x_wconf 78' lang='lat' dir='ltr'><strong>Lxxx,</strong></span> <span class='ocrx_word' id='word_1_469' title='bbox 858 5570 942 5622; x_wconf 82' lang='grc'><strong>11.</strong></span> <span class='ocrx_word' id='word_1_470' title='bbox 1014 5566 1056 5604; x_wconf 78' lang='grc'>³⁷</span> <span class='ocrx_word' id='word_1_471' title='bbox 1109 5564 1284 5623; x_wconf 83' lang='lat' dir='ltr'>Hebr.</span> <span class='ocrx_word' id='word_1_472' title='bbox 1316 5582 1372 5637; x_wconf 81' lang='grc' dir='ltr'>ι,</span> <span class='ocrx_word' id='word_1_473' title='bbox 1395 5568 1482 5625; x_wconf 85' lang='grc'>38.</span> <span class='ocrx_word' id='word_1_474' title='bbox 1557 5567 1761 5638; x_wconf 70' lang='lat' dir='ltr'>“Luc,</span> <span class='ocrx_word' id='word_1_475' title='bbox 1809 5585 1889 5627; x_wconf 81' lang='lat' dir='ltr'>xu</span> 
     </span>
    </p>
   </div>
   <div class='ocr_carea' id='block_1_68' title="bbox 2001 5564 2598 5647">
    <p class='ocr_par' dir='ltr' id='par_1_68' title="bbox 2001 5570 2598 5647">
     <span class='ocr_line' id='line_1_68' title="bbox 2001 5570 2598 5647; baseline 0.01 -19"><span class='ocrx_word' id='word_1_476' title='bbox 2001 5574 2051 5628; x_wconf 90' lang='lat'>0.</span> <span class='ocrx_word' id='word_1_477' title='bbox 2124 5570 2167 5609; x_wconf 72' lang='grc' dir='ltr'>³ο</span> <span class='ocrx_word' id='word_1_478' title='bbox 2197 5572 2220 5627; x_wconf 83' lang='grc' dir='ltr'><strong>Ι</strong></span> <span class='ocrx_word' id='word_1_479' title='bbox 2251 5575 2380 5632; x_wconf 87' lang='lat' dir='ltr'>Cor.</span> <span class='ocrx_word' id='word_1_480' title='bbox 2406 5589 2481 5647; x_wconf 85' lang='lat' dir='ltr'>iv,</span> <span class='ocrx_word' id='word_1_481' title='bbox 2542 5577 2598 5635; x_wconf 87' lang='lat'>6.</span> 
     </span>
    </p>
   </div>
   <div class='ocr_carea' id='block_1_69' title="bbox 587 5674 1231 5735">
    <p class='ocr_par' dir='ltr' id='par_1_69' title="bbox 587 5674 1231 5735">
     <span class='ocr_line' id='line_1_69' title="bbox 587 5674 1231 5735; baseline 0.002 -4"><span class='ocrx_word' id='word_1_482' title='bbox 587 5674 828 5733; x_wconf 73' lang='lat' dir='ltr'>PA&#39;I&#39;BOL.</span> <span class='ocrx_word' id='word_1_483' title='bbox 868 5674 974 5733; x_wconf 74' lang='lat' dir='ltr'>Gn.</span> <span class='ocrx_word' id='word_1_484' title='bbox 1013 5674 1198 5735; x_wconf 79' lang='lat' dir='ltr'>XCIX</span> <span class='ocrx_word' id='word_1_485' title='bbox 1211 5710 1231 5732; x_wconf 85' lang='lat'>.</span> 
     </span>
    </p>
   </div>
   <div class='ocr_carea' id='block_1_70' title="bbox 1990 664 3641 737">
    <p class='ocr_par' dir='ltr' id='par_1_70' title="bbox 1990 664 3641 737">
     <span class='ocr_line' id='line_1_70' title="bbox 1990 664 3641 737; baseline 0.002 -18"><span class='ocrx_word' id='word_1_486' title='bbox 1990 664 2153 719; x_wconf 85' lang='lat' dir='ltr'>fama</span> <span class='ocrx_word' id='word_1_487' title='bbox 2196 670 2548 734; x_wconf 84' lang='lat' dir='ltr'>perspecta:</span> <span class='ocrx_word' id='word_1_488' title='bbox 2593 674 2693 718; x_wconf 91' lang='lat' dir='ltr'>tua</span> <span class='ocrx_word' id='word_1_489' title='bbox 2734 679 2894 731; x_wconf 91' lang='lat' dir='ltr'>vero,</span> <span class='ocrx_word' id='word_1_490' title='bbox 2936 664 3179 719; x_wconf 87' lang='lat' dir='ltr'>Domine</span> <span class='ocrx_word' id='word_1_491' title='bbox 3220 667 3301 720; x_wconf 92' lang='lat' dir='ltr'>mi</span> <span class='ocrx_word' id='word_1_492' title='bbox 3343 667 3641 737; x_wconf 84' lang='lat' dir='ltr'>imprimis</span> 
     </span>
    </p>
   </div>
   <div class='ocr_carea' id='block_1_71' title="bbox 1991 752 3637 823">
    <p class='ocr_par' dir='ltr' id='par_1_71' title="bbox 1991 752 3637 823">
     <span class='ocr_line' id='line_1_71' title="bbox 1991 752 3637 823; baseline 0.002 -16"><span class='ocrx_word' id='word_1_493' title='bbox 1991 753 2254 816; x_wconf 90' lang='lat' dir='ltr'>colende,</span> <span class='ocrx_word' id='word_1_494' title='bbox 2286 753 2416 806; x_wconf 91' lang='lat' dir='ltr'>visu</span> <span class='ocrx_word' id='word_1_495' title='bbox 2449 752 2731 823; x_wconf 91' lang='lat' dir='ltr'>primum,</span> <span class='ocrx_word' id='word_1_496' title='bbox 2761 768 2921 807; x_wconf 88' lang='lat' dir='ltr'>nunc</span> <span class='ocrx_word' id='word_1_497' title='bbox 2950 768 3088 807; x_wconf 87' lang='lat' dir='ltr'>vero</span> <span class='ocrx_word' id='word_1_498' title='bbox 3109 752 3274 809; x_wconf 90' lang='lat' dir='ltr'>fama</span> <span class='ocrx_word' id='word_1_499' title='bbox 3302 756 3379 810; x_wconf 89' lang='lat' dir='ltr'>ad</span> <span class='ocrx_word' id='word_1_500' title='bbox 3400 756 3637 811; x_wconf 88' lang='lat' dir='ltr'>ultimas</span> 
     </span>
    </p>
   </div>
   <div class='ocr_carea' id='block_1_72' title="bbox 1991 840 3637 915">
    <p class='ocr_par' dir='ltr' id='par_1_72' title="bbox 1991 840 3637 915">
     <span class='ocr_line' id='line_1_72' title="bbox 1991 840 3637 915; baseline 0.004 -21"><span class='ocrx_word' id='word_1_501' title='bbox 1991 846 2281 896; x_wconf 87' lang='lat' dir='ltr'>terrarum</span> <span class='ocrx_word' id='word_1_502' title='bbox 2300 857 2436 895; x_wconf 88' lang='lat' dir='ltr'>oras</span> <span class='ocrx_word' id='word_1_503' title='bbox 2448 840 2665 905; x_wconf 83' lang='lat' dir='ltr'>delata,</span> <span class='ocrx_word' id='word_1_504' title='bbox 2686 842 2746 894; x_wconf 93' lang='lat' dir='ltr'>in</span> <span class='ocrx_word' id='word_1_505' title='bbox 2759 841 2980 911; x_wconf 89' lang='lat' dir='ltr'>quibus</span> <span class='ocrx_word' id='word_1_506' title='bbox 2994 841 3191 912; x_wconf 89' lang='lat' dir='ltr'>degim</span> <span class='ocrx_word' id='word_1_507' title='bbox 3204 860 3288 897; x_wconf 91' lang='lat' dir='ltr'>us.</span> <span class='ocrx_word' id='word_1_508' title='bbox 3307 844 3446 908; x_wconf 85' lang='lat' dir='ltr'>Quis</span> <span class='ocrx_word' id='word_1_509' title='bbox 3458 860 3637 915; x_wconf 92' lang='lat' dir='ltr'>porro</span> 
     </span>
    </p>
   </div>
   <div class='ocr_carea' id='block_1_73' title="bbox 1991 928 3639 1004">
    <p class='ocr_par' dir='ltr' id='par_1_73' title="bbox 1991 928 3639 1004">
     <span class='ocr_line' id='line_1_73' title="bbox 1991 928 3639 1004; baseline 0.004 -21"><span class='ocrx_word' id='word_1_510' title='bbox 1991 930 2065 985; x_wconf 92' lang='lat' dir='ltr'>de</span> <span class='ocrx_word' id='word_1_511' title='bbox 2092 938 2140 985; x_wconf 91' lang='lat' dir='ltr'>te</span> <span class='ocrx_word' id='word_1_512' title='bbox 2173 946 2369 984; x_wconf 84' lang='lat' dir='ltr'>sermo</span> <span class='ocrx_word' id='word_1_513' title='bbox 2389 929 2418 981; x_wconf 81' lang='lat'>‘?</span> <span class='ocrx_word' id='word_1_514' title='bbox 2448 929 2618 994; x_wconf 85' lang='lat' dir='ltr'>Quod</span> <span class='ocrx_word' id='word_1_515' title='bbox 2637 928 2877 984; x_wconf 76' lang='lat' dir='ltr'>afﬂatus</span> <span class='ocrx_word' id='word_1_516' title='bbox 2902 930 3136 1001; x_wconf 89' lang='lat' dir='ltr'>Spiritu,</span> <span class='ocrx_word' id='word_1_517' title='bbox 3158 932 3259 987; x_wconf 88' lang='lat' dir='ltr'>Dei</span> <span class='ocrx_word' id='word_1_518' title='bbox 3281 934 3639 1004; x_wconf 88' lang='lat' dir='ltr'>sapientiam</span> 
     </span>
    </p>
   </div>
   <div class='ocr_carea' id='block_1_74' title="bbox 1992 1017 3640 1088">
    <p class='ocr_par' dir='ltr' id='par_1_74' title="bbox 1992 1017 3640 1088">
     <span class='ocr_line' id='line_1_74' title="bbox 1992 1017 3640 1088; baseline 0.002 -14"><span class='ocrx_word' id='word_1_519' title='bbox 1992 1017 2275 1074; x_wconf 75' lang='lat' dir='ltr'>audacter</span> <span class='ocrx_word' id='word_1_520' title='bbox 2304 1034 2373 1073; x_wconf 90' lang='lat' dir='ltr'>ac</span> <span class='ocrx_word' id='word_1_521' title='bbox 2393 1018 2575 1073; x_wconf 87' lang='lat' dir='ltr'>libere</span> <span class='ocrx_word' id='word_1_522' title='bbox 2612 1019 2693 1072; x_wconf 88' lang='lat' dir='ltr'>sis</span> <span class='ocrx_word' id='word_1_523' title='bbox 2716 1018 2974 1083; x_wconf 89' lang='lat' dir='ltr'>locutus,</span> <span class='ocrx_word' id='word_1_524' title='bbox 3016 1036 3322 1075; x_wconf 86' lang='lat' dir='ltr'>sermones</span> <span class='ocrx_word' id='word_1_525' title='bbox 3354 1023 3640 1088; x_wconf 80' lang='lat' dir='ltr'>veritatis,</span> 
     </span>
    </p>
   </div>
   <div class='ocr_carea' id='block_1_75' title="bbox 1992 1106 3640 1180">
    <p class='ocr_par' dir='ltr' id='par_1_75' title="bbox 1992 1106 3640 1180">
     <span class='ocr_line' id='line_1_75' title="bbox 1992 1106 3640 1180; baseline 0.002 -18"><span class='ocrx_word' id='word_1_526' title='bbox 1992 1107 2071 1162; x_wconf 88' lang='lat' dir='ltr'>ad</span> <span class='ocrx_word' id='word_1_527' title='bbox 2103 1107 2410 1161; x_wconf 78' lang='lat' dir='ltr'>utilitatem</span> <span class='ocrx_word' id='word_1_528' title='bbox 2445 1122 2513 1161; x_wconf 91' lang='lat' dir='ltr'>ac</span> <span class='ocrx_word' id='word_1_529' title='bbox 2546 1106 2755 1161; x_wconf 84' lang='lat' dir='ltr'>saltem</span> <span class='ocrx_word' id='word_1_530' title='bbox 2800 1116 2925 1161; x_wconf 88' lang='lat' dir='ltr'>tum</span> <span class='ocrx_word' id='word_1_531' title='bbox 2952 1109 3170 1163; x_wconf 66' lang='lat' dir='ltr'>anima:</span> <span class='ocrx_word' id='word_1_532' title='bbox 3209 1113 3483 1180; x_wconf 69' lang='lat' dir='ltr'>propriae,</span> <span class='ocrx_word' id='word_1_533' title='bbox 3515 1116 3640 1167; x_wconf 90' lang='lat' dir='ltr'>tum</span> 
     </span>
    </p>
   </div>
   <div class='ocr_carea' id='block_1_76' title="bbox 1993 1195 3644 1261">
    <p class='ocr_par' dir='ltr' id='par_1_76' title="bbox 1993 1195 3644 1261">
     <span class='ocr_line' id='line_1_76' title="bbox 1993 1195 3644 1261; baseline 0.002 -11"><span class='ocrx_word' id='word_1_534' title='bbox 1993 1202 2210 1251; x_wconf 79' lang='lat' dir='ltr'>nostrae</span> <span class='ocrx_word' id='word_1_535' title='bbox 2235 1196 2408 1249; x_wconf 89' lang='lat' dir='ltr'>totius</span> <span class='ocrx_word' id='word_1_536' title='bbox 2436 1195 2726 1249; x_wconf 61' lang='lat' dir='ltr'>Ecclesiae.</span> <span class='ocrx_word' id='word_1_537' title='bbox 2751 1196 2815 1249; x_wconf 89' lang='lat' dir='ltr'>Et</span> <span class='ocrx_word' id='word_1_538' title='bbox 2836 1195 3045 1250; x_wconf 89' lang='lat' dir='ltr'>beatus</span> <span class='ocrx_word' id='word_1_539' title='bbox 3068 1213 3150 1261; x_wconf 88' lang='lat' dir='ltr'>es,</span> <span class='ocrx_word' id='word_1_540' title='bbox 3184 1206 3239 1251; x_wconf 88' lang='lat' dir='ltr'>et</span> <span class='ocrx_word' id='word_1_541' title='bbox 3259 1198 3644 1255; x_wconf 85' lang='lat' dir='ltr'>benedictum</span> 
     </span>
    </p>
   </div>
   <div class='ocr_carea' id='block_1_77' title="bbox 1994 1283 3645 1358">
    <p class='ocr_par' dir='ltr' id='par_1_77' title="bbox 1994 1283 3645 1358">
     <span class='ocr_line' id='line_1_77' title="bbox 1994 1283 3645 1358; baseline 0.002 -19"><span class='ocrx_word' id='word_1_542' title='bbox 1994 1300 2213 1339; x_wconf 91' lang='lat' dir='ltr'>nomen</span> <span class='ocrx_word' id='word_1_543' title='bbox 2242 1290 2405 1337; x_wconf 90' lang='lat' dir='ltr'>tuum</span> <span class='ocrx_word' id='word_1_544' title='bbox 2435 1299 2449 1335; x_wconf 90' lang='lat'><strong>:</strong></span> <span class='ocrx_word' id='word_1_545' title='bbox 2480 1291 2535 1338; x_wconf 89' lang='lat' dir='ltr'>et</span> <span class='ocrx_word' id='word_1_546' title='bbox 2564 1283 2810 1339; x_wconf 84' lang='lat' dir='ltr'>laudent</span> <span class='ocrx_word' id='word_1_547' title='bbox 2840 1296 2893 1339; x_wconf 87' lang='lat' dir='ltr'>te</span> <span class='ocrx_word' id='word_1_548' title='bbox 2924 1300 3133 1339; x_wconf 88' lang='lat' dir='ltr'>omnes</span> <span class='ocrx_word' id='word_1_549' title='bbox 3172 1287 3275 1356; x_wconf 91' lang='lat' dir='ltr'>pii,</span> <span class='ocrx_word' id='word_1_550' title='bbox 3308 1287 3412 1358; x_wconf 87' lang='lat' dir='ltr'>qui</span> <span class='ocrx_word' id='word_1_551' title='bbox 3444 1288 3645 1343; x_wconf 90' lang='lat' dir='ltr'>audie-</span> 
     </span>
    </p>
   </div>
   <div class='ocr_carea' id='block_1_78' title="bbox 1994 1374 3645 1448">
    <p class='ocr_par' dir='ltr' id='par_1_78' title="bbox 1994 1374 3645 1448">
     <span class='ocr_line' id='line_1_78' title="bbox 1994 1374 3645 1448; baseline 0.002 -20"><span class='ocrx_word' id='word_1_552' title='bbox 1994 1376 2127 1440; x_wconf 87' lang='lat' dir='ltr'>rint,</span> <span class='ocrx_word' id='word_1_553' title='bbox 2147 1380 2201 1427; x_wconf 89' lang='lat' dir='ltr'>et</span> <span class='ocrx_word' id='word_1_554' title='bbox 2231 1388 2454 1427; x_wconf 86' lang='lat' dir='ltr'>corona</span> <span class='ocrx_word' id='word_1_555' title='bbox 2476 1374 2801 1441; x_wconf 84' lang='lat' dir='ltr'>gratiarum</span> <span class='ocrx_word' id='word_1_556' title='bbox 2821 1389 3002 1443; x_wconf 90' lang='lat' dir='ltr'>super</span> <span class='ocrx_word' id='word_1_557' title='bbox 3027 1375 3437 1430; x_wconf 90' lang='lat' dir='ltr'>venerandum</span> <span class='ocrx_word' id='word_1_558' title='bbox 3463 1383 3645 1448; x_wconf 89' lang='lat' dir='ltr'>caput</span> 
     </span>
    </p>
   </div>
   <div class='ocr_carea' id='block_1_79' title="bbox 1998 1460 3644 1519">
    <p class='ocr_par' dir='ltr' id='par_1_79' title="bbox 1998 1460 3644 1519">
     <span class='ocr_line' id='line_1_79' title="bbox 1998 1460 3644 1519; baseline 0.002 -3"><span class='ocrx_word' id='word_1_559' title='bbox 1998 1473 2196 1516; x_wconf 86' lang='lat' dir='ltr'>tuum:</span> <span class='ocrx_word' id='word_1_560' title='bbox 2219 1460 2436 1515; x_wconf 91' lang='lat' dir='ltr'>monile</span> <span class='ocrx_word' id='word_1_561' title='bbox 2450 1477 2701 1515; x_wconf 90' lang='lat' dir='ltr'>aureum</span> <span class='ocrx_word' id='word_1_562' title='bbox 2724 1461 2875 1515; x_wconf 92' lang='lat' dir='ltr'>collo</span> <span class='ocrx_word' id='word_1_563' title='bbox 2891 1478 3062 1516; x_wconf 78' lang='lat' dir='ltr'>sacro</span> <span class='ocrx_word' id='word_1_564' title='bbox 3085 1468 3183 1516; x_wconf 90' lang='lat' dir='ltr'>tuo</span> <span class='ocrx_word' id='word_1_565' title='bbox 3207 1463 3644 1519; x_wconf 90' lang='lat' dir='ltr'>circumdatum</span> 
     </span>
    </p>
   </div>
   <div class='ocr_carea' id='block_1_80' title="bbox 1995 1548 3646 1621">
    <p class='ocr_par' dir='ltr' id='par_1_80' title="bbox 1995 1548 3646 1621">
     <span class='ocr_line' id='line_1_80' title="bbox 1995 1548 3646 1621; baseline 0.002 -16"><span class='ocrx_word' id='word_1_566' title='bbox 1995 1550 2078 1605; x_wconf 81' lang='lat' dir='ltr'>ﬁli</span> <span class='ocrx_word' id='word_1_567' title='bbox 2115 1550 2471 1617; x_wconf 75' lang='lat' dir='ltr'>obedeiitiae,</span> <span class='ocrx_word' id='word_1_568' title='bbox 2522 1549 2669 1603; x_wconf 89' lang='lat' dir='ltr'>lucis</span> <span class='ocrx_word' id='word_1_569' title='bbox 2702 1548 2917 1619; x_wconf 84' lang='lat' dir='ltr'>proles,</span> <span class='ocrx_word' id='word_1_570' title='bbox 2954 1550 3193 1605; x_wconf 91' lang='lat' dir='ltr'>alumne</span> <span class='ocrx_word' id='word_1_571' title='bbox 3226 1551 3481 1621; x_wconf 89' lang='lat' dir='ltr'>pietatis.</span> <span class='ocrx_word' id='word_1_572' title='bbox 3513 1556 3646 1608; x_wconf 71' lang='lat' dir='ltr'>Haec</span> 
     </span>
    </p>
   </div>
   <div class='ocr_carea' id='block_1_81' title="bbox 1996 1638 3643 1709">
    <p class='ocr_par' dir='ltr' id='par_1_81' title="bbox 1996 1638 3643 1709">
     <span class='ocr_line' id='line_1_81' title="bbox 1996 1638 3643 1709; baseline 0.002 -16"><span class='ocrx_word' id='word_1_573' title='bbox 1996 1640 2140 1694; x_wconf 88' lang='lat' dir='ltr'>dicit</span> <span class='ocrx_word' id='word_1_574' title='bbox 2170 1641 2455 1694; x_wconf 85' lang='lat' dir='ltr'>Dominus</span> <span class='ocrx_word' id='word_1_575' title='bbox 2486 1654 2498 1692; x_wconf 93' lang='lat'><strong>:</strong></span> <span class='ocrx_word' id='word_1_576' title='bbox 2531 1638 2717 1708; x_wconf 81' lang='lat' dir='ltr'>Aperi</span> <span class='ocrx_word' id='word_1_577' title='bbox 2742 1654 2800 1692; x_wconf 88' lang='lat' dir='ltr'>os</span> <span class='ocrx_word' id='word_1_578' title='bbox 2834 1642 3089 1705; x_wconf 82' lang='lat' dir='ltr'>tuum,et</span> <span class='ocrx_word' id='word_1_579' title='bbox 3114 1638 3363 1708; x_wconf 80' lang='lat' dir='ltr'>implebo</span> <span class='ocrx_word' id='word_1_580' title='bbox 3395 1642 3643 1709; x_wconf 67' lang='lat' dir='ltr'>illud&quot;;</span> 
     </span>
    </p>
   </div>
   <div class='ocr_carea' id='block_1_82' title="bbox 1996 1726 3648 1799">
    <p class='ocr_par' dir='ltr' id='par_1_82' title="bbox 1996 1726 3648 1799">
     <span class='ocr_line' id='line_1_82' title="bbox 1996 1726 3648 1799; baseline 0.001 -16"><span class='ocrx_word' id='word_1_581' title='bbox 1996 1726 2286 1799; x_wconf 88' lang='lat' dir='ltr'>quoniam</span> <span class='ocrx_word' id='word_1_582' title='bbox 2319 1727 2539 1782; x_wconf 86' lang='lat' dir='ltr'>audisti</span> <span class='ocrx_word' id='word_1_583' title='bbox 2572 1744 2778 1782; x_wconf 91' lang='lat' dir='ltr'>vocem</span> <span class='ocrx_word' id='word_1_584' title='bbox 2798 1744 3015 1783; x_wconf 88' lang='lat' dir='ltr'>meam.</span> <span class='ocrx_word' id='word_1_585' title='bbox 3050 1729 3246 1783; x_wconf 86' lang='lat' dir='ltr'>Jussio</span> <span class='ocrx_word' id='word_1_586' title='bbox 3273 1728 3432 1783; x_wconf 92' lang='lat' dir='ltr'>enim</span> <span class='ocrx_word' id='word_1_587' title='bbox 3453 1730 3648 1784; x_wconf 90' lang='lat' dir='ltr'>Domi-</span> 
     </span>
    </p>
   </div>
   <div class='ocr_carea' id='block_1_83' title="bbox 1998 1817 3644 1888">
    <p class='ocr_par' dir='ltr' id='par_1_83' title="bbox 1998 1817 3644 1888">
     <span class='ocr_line' id='line_1_83' title="bbox 1998 1817 3644 1888; baseline 0.002 -17"><span class='ocrx_word' id='word_1_588' title='bbox 1998 1818 2056 1871; x_wconf 90' lang='lat' dir='ltr'>ni</span> <span class='ocrx_word' id='word_1_589' title='bbox 2090 1830 2194 1883; x_wconf 87' lang='lat' dir='ltr'>est,</span> <span class='ocrx_word' id='word_1_590' title='bbox 2232 1824 2352 1871; x_wconf 90' lang='lat' dir='ltr'>tum</span> <span class='ocrx_word' id='word_1_591' title='bbox 2393 1819 2639 1870; x_wconf 91' lang='lat' dir='ltr'>minime</span> <span class='ocrx_word' id='word_1_592' title='bbox 2666 1818 2859 1881; x_wconf 88' lang='lat' dir='ltr'>silere,</span> <span class='ocrx_word' id='word_1_593' title='bbox 2895 1833 3032 1871; x_wconf 92' lang='lat' dir='ltr'>cum</span> <span class='ocrx_word' id='word_1_594' title='bbox 3071 1817 3435 1888; x_wconf 81' lang='lat' dir='ltr'>periclitatur</span> <span class='ocrx_word' id='word_1_595' title='bbox 3476 1818 3644 1875; x_wconf 84' lang='lat' dir='ltr'>ﬁdes.</span> 
     </span>
    </p>
   </div>
   <div class='ocr_carea' id='block_1_84' title="bbox 1997 1906 3650 1977">
    <p class='ocr_par' dir='ltr' id='par_1_84' title="bbox 1997 1906 3650 1977">
     <span class='ocr_line' id='line_1_84' title="bbox 1997 1906 3650 1977; baseline 0.002 -18"><span class='ocrx_word' id='word_1_596' title='bbox 1997 1907 2262 1977; x_wconf 87' lang='lat' dir='ltr'>Loquere</span> <span class='ocrx_word' id='word_1_597' title='bbox 2297 1906 2477 1970; x_wconf 90' lang='lat' dir='ltr'>enim,</span> <span class='ocrx_word' id='word_1_598' title='bbox 2509 1906 2717 1976; x_wconf 87' lang='lat' dir='ltr'>inquit,</span> <span class='ocrx_word' id='word_1_599' title='bbox 2753 1913 2807 1960; x_wconf 89' lang='lat' dir='ltr'>et</span> <span class='ocrx_word' id='word_1_600' title='bbox 2838 1922 2957 1960; x_wconf 92' lang='lat' dir='ltr'>non</span> <span class='ocrx_word' id='word_1_601' title='bbox 2988 1906 3113 1960; x_wconf 88' lang='lat' dir='ltr'>sile.</span> <span class='ocrx_word' id='word_1_602' title='bbox 3157 1908 3223 1960; x_wconf 88' lang='lat' dir='ltr'>Et</span> <span class='ocrx_word' id='word_1_603' title='bbox 3277 1925 3289 1958; x_wconf 95' lang='lat'>:</span> <span class='ocrx_word' id='word_1_604' title='bbox 3321 1906 3388 1961; x_wconf 79' lang='lat' dir='ltr'>Si</span> <span class='ocrx_word' id='word_1_605' title='bbox 3411 1909 3650 1964; x_wconf 82' lang='lat' dir='ltr'>subtra-</span> 
     </span>
    </p>
   </div>
   <div class='ocr_carea' id='block_1_85' title="bbox 1996 1994 3644 2061">
    <p class='ocr_par' dir='ltr' id='par_1_85' title="bbox 1996 1994 3644 2061">
     <span class='ocr_line' id='line_1_85' title="bbox 1996 1994 3644 2061; baseline 0.001 -10"><span class='ocrx_word' id='word_1_606' title='bbox 1996 1994 2152 2051; x_wconf 71' lang='lat' dir='ltr'>xerit</span> <span class='ocrx_word' id='word_1_607' title='bbox 2183 2010 2260 2061; x_wconf 86' lang='lat' dir='ltr'>se,</span> <span class='ocrx_word' id='word_1_608' title='bbox 2292 2010 2411 2048; x_wconf 87' lang='lat' dir='ltr'>non</span> <span class='ocrx_word' id='word_1_609' title='bbox 2440 1994 2635 2061; x_wconf 81' lang='lat' dir='ltr'>placet</span> <span class='ocrx_word' id='word_1_610' title='bbox 2681 1994 2895 2049; x_wconf 74' lang='lat' dir='ltr'>anima:</span> <span class='ocrx_word' id='word_1_611' title='bbox 2926 2009 3063 2049; x_wconf 64' lang='lat' dir='ltr'>mem</span> <span class='ocrx_word' id='word_1_612' title='bbox 3083 1995 3144 2049; x_wconf 81' lang='lat' dir='ltr'>in</span> <span class='ocrx_word' id='word_1_613' title='bbox 3176 2009 3239 2051; x_wconf 91' lang='lat' dir='ltr'>eo</span> <span class='ocrx_word' id='word_1_614' title='bbox 3256 1996 3318 2048; x_wconf 82' lang='grc'>²⁷.</span> <span class='ocrx_word' id='word_1_615' title='bbox 3350 1998 3451 2050; x_wconf 86' lang='lat' dir='ltr'>Et:</span> <span class='ocrx_word' id='word_1_616' title='bbox 3486 1996 3551 2051; x_wconf 81' lang='lat' dir='ltr'>Si</span> <span class='ocrx_word' id='word_1_617' title='bbox 3580 1997 3644 2052; x_wconf 81' lang='lat' dir='ltr'>lii</span> 
     </span>
    </p>
   </div>
   <div class='ocr_carea' id='block_1_86' title="bbox 2001 2083 3646 2157">
    <p class='ocr_par' dir='ltr' id='par_1_86' title="bbox 2001 2083 3646 2157">
     <span class='ocr_line' id='line_1_86' title="bbox 2001 2083 3646 2157; baseline 0.002 -18"><span class='ocrx_word' id='word_1_618' title='bbox 2001 2083 2556 2151; x_wconf 70' lang='lat' dir='ltr'>tacuerint,lapides</span> <span class='ocrx_word' id='word_1_619' title='bbox 2569 2084 3387 2148; x_wconf 66' lang='lat' dir='ltr'>clamabunt“.Quamobrem</span> <span class='ocrx_word' id='word_1_620' title='bbox 3399 2087 3646 2157; x_wconf 89' lang='lat' dir='ltr'>quando</span> 
     </span>
    </p>
   </div>
   <div class='ocr_carea' id='block_1_87' title="bbox 2000 2173 3645 2245">
    <p class='ocr_par' dir='ltr' id='par_1_87' title="bbox 2000 2173 3645 2245">
     <span class='ocr_line' id='line_1_87' title="bbox 2000 2173 3645 2245; baseline 0.002 -18"><span class='ocrx_word' id='word_1_621' title='bbox 2000 2174 2073 2227; x_wconf 94' lang='lat' dir='ltr'>de</span> <span class='ocrx_word' id='word_1_622' title='bbox 2106 2174 2221 2227; x_wconf 82' lang='lat' dir='ltr'>ﬁde</span> <span class='ocrx_word' id='word_1_623' title='bbox 2271 2189 2468 2228; x_wconf 89' lang='lat' dir='ltr'>sermo</span> <span class='ocrx_word' id='word_1_624' title='bbox 2500 2180 2605 2238; x_wconf 86' lang='lat' dir='ltr'>est,</span> <span class='ocrx_word' id='word_1_625' title='bbox 2639 2190 2758 2227; x_wconf 90' lang='lat' dir='ltr'>non</span> <span class='ocrx_word' id='word_1_626' title='bbox 2801 2182 2891 2228; x_wconf 89' lang='lat' dir='ltr'>est</span> <span class='ocrx_word' id='word_1_627' title='bbox 2913 2173 3077 2245; x_wconf 91' lang='lat' dir='ltr'>quod</span> <span class='ocrx_word' id='word_1_628' title='bbox 3110 2177 3244 2245; x_wconf 86' lang='lat' dir='ltr'>quis</span> <span class='ocrx_word' id='word_1_629' title='bbox 3266 2174 3424 2230; x_wconf 86' lang='lat' dir='ltr'>dicat</span> <span class='ocrx_word' id='word_1_630' title='bbox 3452 2194 3465 2233; x_wconf 91' lang='lat'>:</span> <span class='ocrx_word' id='word_1_631' title='bbox 3507 2177 3645 2240; x_wconf 88' lang='lat' dir='ltr'>Quis</span> 
     </span>
    </p>
   </div>
   <div class='ocr_carea' id='block_1_88' title="bbox 2000 2263 3647 2334">
    <p class='ocr_par' dir='ltr' id='par_1_88' title="bbox 2000 2263 3647 2334">
     <span class='ocr_line' id='line_1_88' title="bbox 2000 2263 3647 2334; baseline 0.003 -17"><span class='ocrx_word' id='word_1_632' title='bbox 2000 2278 2111 2331; x_wconf 85' lang='lat' dir='ltr'>ego</span> <span class='ocrx_word' id='word_1_633' title='bbox 2135 2280 2265 2316; x_wconf 90' lang='lat' dir='ltr'>sum</span> <span class='ocrx_word' id='word_1_634' title='bbox 2292 2264 2318 2317; x_wconf 82' lang='lat'><strong><em>?</em></strong></span> <span class='ocrx_word' id='word_1_635' title='bbox 2347 2264 2636 2317; x_wconf 82' lang='lat' dir='ltr'>Sacerdos</span> <span class='ocrx_word' id='word_1_636' title='bbox 2661 2263 2687 2317; x_wconf 72' lang='lat'>‘2</span> <span class='ocrx_word' id='word_1_637' title='bbox 2716 2264 2983 2317; x_wconf 89' lang='lat' dir='ltr'>minime.</span> <span class='ocrx_word' id='word_1_638' title='bbox 3018 2264 3296 2334; x_wconf 84' lang='lat' dir='ltr'>Princeps</span> <span class='ocrx_word' id='word_1_639' title='bbox 3322 2263 3350 2317; x_wconf 78' lang='lat'>?</span> <span class='ocrx_word' id='word_1_640' title='bbox 3388 2281 3462 2319; x_wconf 93' lang='lat' dir='ltr'>ne</span> <span class='ocrx_word' id='word_1_641' title='bbox 3488 2267 3647 2322; x_wconf 90' lang='lat' dir='ltr'>istud</span> 
     </span>
    </p>
   </div>
   <div class='ocr_carea' id='block_1_89' title="bbox 1999 2351 3647 2424">
    <p class='ocr_par' dir='ltr' id='par_1_89' title="bbox 1999 2351 3647 2424">
     <span class='ocr_line' id='line_1_89' title="bbox 1999 2351 3647 2424; baseline 0.004 -20"><span class='ocrx_word' id='word_1_642' title='bbox 1999 2352 2266 2422; x_wconf 80' lang='lat' dir='ltr'>quidem.</span> <span class='ocrx_word' id='word_1_643' title='bbox 2297 2353 2453 2406; x_wconf 84' lang='lat' dir='ltr'>Miles</span> <span class='ocrx_word' id='word_1_644' title='bbox 2475 2352 2502 2406; x_wconf 84' lang='lat'><strong><em>?</em></strong></span> <span class='ocrx_word' id='word_1_645' title='bbox 2535 2352 2634 2406; x_wconf 89' lang='lat' dir='ltr'>ubi</span> <span class='ocrx_word' id='word_1_646' title='bbox 2666 2368 2843 2423; x_wconf 88' lang='lat' dir='ltr'>porro</span> <span class='ocrx_word' id='word_1_647' title='bbox 2862 2351 2888 2405; x_wconf 65' lang='grc' dir='ltr'>Ὺ</span> <span class='ocrx_word' id='word_1_648' title='bbox 2918 2352 3187 2423; x_wconf 82' lang='lat' dir='ltr'>Agricola</span> <span class='ocrx_word' id='word_1_649' title='bbox 3216 2353 3245 2404; x_wconf 56' lang='grc' dir='ltr'>εἲ</span> <span class='ocrx_word' id='word_1_650' title='bbox 3268 2369 3457 2424; x_wconf 90' lang='lat' dir='ltr'>neque</span> <span class='ocrx_word' id='word_1_651' title='bbox 3488 2355 3647 2410; x_wconf 83' lang='lat' dir='ltr'>istud</span> 
     </span>
    </p>
   </div>
   <div class='ocr_carea' id='block_1_90' title="bbox 1998 2440 3648 2514">
    <p class='ocr_par' dir='ltr' id='par_1_90' title="bbox 1998 2440 3648 2514">
     <span class='ocr_line' id='line_1_90' title="bbox 1998 2440 3648 2514; baseline 0.003 -20"><span class='ocrx_word' id='word_1_652' title='bbox 1998 2440 2219 2511; x_wconf 92' lang='lat' dir='ltr'>ipsum.</span> <span class='ocrx_word' id='word_1_653' title='bbox 2255 2442 2510 2509; x_wconf 87' lang='lat' dir='ltr'>Egenus,</span> <span class='ocrx_word' id='word_1_654' title='bbox 2549 2440 2971 2512; x_wconf 84' lang='lat' dir='ltr'>quotidianum</span> <span class='ocrx_word' id='word_1_655' title='bbox 3007 2442 3189 2497; x_wconf 93' lang='lat' dir='ltr'>modo</span> <span class='ocrx_word' id='word_1_656' title='bbox 3223 2444 3439 2498; x_wconf 90' lang='lat' dir='ltr'>victum</span> <span class='ocrx_word' id='word_1_657' title='bbox 3479 2458 3648 2514; x_wconf 62' lang='lat' dir='ltr'>quae-</span> 
     </span>
    </p>
   </div>
   <div class='ocr_carea' id='block_1_91' title="bbox 1999 2529 3648 2601">
    <p class='ocr_par' dir='ltr' id='par_1_91' title="bbox 1999 2529 3648 2601">
     <span class='ocr_line' id='line_1_91' title="bbox 1999 2529 3648 2601; baseline 0.003 -17"><span class='ocrx_word' id='word_1_658' title='bbox 1999 2534 2204 2584; x_wconf 87' lang='lat' dir='ltr'>ritans.</span> <span class='ocrx_word' id='word_1_659' title='bbox 2232 2529 2381 2584; x_wconf 85' lang='lat' dir='ltr'>Nihil</span> <span class='ocrx_word' id='word_1_660' title='bbox 2409 2530 2468 2584; x_wconf 88' lang='lat' dir='ltr'>id</span> <span class='ocrx_word' id='word_1_661' title='bbox 2492 2530 2654 2601; x_wconf 91' lang='lat' dir='ltr'>quod</span> <span class='ocrx_word' id='word_1_662' title='bbox 2673 2530 2950 2584; x_wconf 88' lang='lat' dir='ltr'>inciditin</span> <span class='ocrx_word' id='word_1_663' title='bbox 2974 2530 3466 2601; x_wconf 83' lang='lat' dir='ltr'>disputationem,</span> <span class='ocrx_word' id='word_1_664' title='bbox 3489 2549 3648 2589; x_wconf 58' lang='lat' dir='ltr'>cura;</span> 
     </span>
    </p>
   </div>
   <div class='ocr_carea' id='block_1_92' title="bbox 2001 2619 3645 2690">
    <p class='ocr_par' dir='ltr' id='par_1_92' title="bbox 2001 2619 3645 2690">
     <span class='ocr_line' id='line_1_92' title="bbox 2001 2619 3645 2690; baseline 0.003 -17"><span class='ocrx_word' id='word_1_665' title='bbox 2001 2620 2145 2674; x_wconf 90' lang='lat' dir='ltr'>mihi</span> <span class='ocrx_word' id='word_1_666' title='bbox 2178 2626 2280 2674; x_wconf 91' lang='lat' dir='ltr'>aut</span> <span class='ocrx_word' id='word_1_667' title='bbox 2309 2619 2688 2673; x_wconf 86' lang='lat' dir='ltr'>sollicitudini</span> <span class='ocrx_word' id='word_1_668' title='bbox 2709 2624 2818 2673; x_wconf 91' lang='lat' dir='ltr'>est.</span> <span class='ocrx_word' id='word_1_669' title='bbox 2842 2619 2989 2683; x_wconf 87' lang='lat' dir='ltr'>Vah,</span> <span class='ocrx_word' id='word_1_670' title='bbox 3017 2620 3245 2690; x_wconf 84' lang='lat' dir='ltr'>lapides</span> <span class='ocrx_word' id='word_1_671' title='bbox 3273 2621 3645 2689; x_wconf 87' lang='lat' dir='ltr'>clamabunt,</span> 
     </span>
    </p>
   </div>
   <div class='ocr_carea' id='block_1_93' title="bbox 2000 2707 3650 2780">
    <p class='ocr_par' dir='ltr' id='par_1_93' title="bbox 2000 2707 3650 2780">
     <span class='ocr_line' id='line_1_93' title="bbox 2000 2707 3650 2780; baseline 0.002 -17"><span class='ocrx_word' id='word_1_672' title='bbox 2000 2713 2056 2763; x_wconf 84' lang='lat' dir='ltr'>et</span> <span class='ocrx_word' id='word_1_673' title='bbox 2097 2708 2296 2763; x_wconf 87' lang='lat' dir='ltr'>silebis</span> <span class='ocrx_word' id='word_1_674' title='bbox 2341 2707 2634 2763; x_wconf 73' lang='lat' dir='ltr'>securus?</span> <span class='ocrx_word' id='word_1_675' title='bbox 2681 2710 2903 2764; x_wconf 86' lang='lat' dir='ltr'>Sensus</span> <span class='ocrx_word' id='word_1_676' title='bbox 2944 2725 3155 2780; x_wconf 85' lang='lat' dir='ltr'>expers</span> <span class='ocrx_word' id='word_1_677' title='bbox 3198 2718 3413 2766; x_wconf 89' lang='lat' dir='ltr'>natura</span> <span class='ocrx_word' id='word_1_678' title='bbox 3460 2712 3650 2768; x_wconf 91' lang='lat' dir='ltr'>Deum</span> 
     </span>
    </p>
   </div>
   <div class='ocr_carea' id='block_1_94' title="bbox 2001 2798 3651 2873">
    <p class='ocr_par' dir='ltr' id='par_1_94' title="bbox 2001 2798 3651 2873">
     <span class='ocr_line' id='line_1_94' title="bbox 2001 2798 3651 2873; baseline 0.002 -21"><span class='ocrx_word' id='word_1_679' title='bbox 2001 2798 2265 2853; x_wconf 82' lang='lat' dir='ltr'>exaudiit</span> <span class='ocrx_word' id='word_1_680' title='bbox 2288 2816 2299 2853; x_wconf 87' lang='lat'><strong>:</strong></span> <span class='ocrx_word' id='word_1_681' title='bbox 2325 2806 2380 2851; x_wconf 88' lang='lat' dir='ltr'>et</span> <span class='ocrx_word' id='word_1_682' title='bbox 2406 2802 2469 2851; x_wconf 91' lang='lat' dir='ltr'>tu</span> <span class='ocrx_word' id='word_1_683' title='bbox 2500 2813 2678 2851; x_wconf 91' lang='lat' dir='ltr'>sensu</span> <span class='ocrx_word' id='word_1_684' title='bbox 2702 2798 2985 2853; x_wconf 86' lang='lat' dir='ltr'>audiendi</span> <span class='ocrx_word' id='word_1_685' title='bbox 3014 2800 3225 2854; x_wconf 82' lang='lat' dir='ltr'>cares?</span> <span class='ocrx_word' id='word_1_686' title='bbox 3259 2802 3429 2864; x_wconf 82' lang='lat' dir='ltr'>Quod</span> <span class='ocrx_word' id='word_1_687' title='bbox 3458 2818 3651 2873; x_wconf 88' lang='lat' dir='ltr'>neque</span> 
     </span>
    </p>
   </div>
   <div class='ocr_carea' id='block_1_95' title="bbox 2002 2888 3652 2961">
    <p class='ocr_par' dir='ltr' id='par_1_95' title="bbox 2002 2888 3652 2961">
     <span class='ocr_line' id='line_1_95' title="bbox 2002 2888 3652 2961; baseline 0.001 -19"><span class='ocrx_word' id='word_1_688' title='bbox 2002 2894 2086 2942; x_wconf 91' lang='lat' dir='ltr'>est</span> <span class='ocrx_word' id='word_1_689' title='bbox 2116 2890 2469 2952; x_wconf 87' lang='lat' dir='ltr'>animatum,</span> <span class='ocrx_word' id='word_1_690' title='bbox 2505 2903 2540 2941; x_wconf 90' lang='lat' dir='ltr'>a</span> <span class='ocrx_word' id='word_1_691' title='bbox 2562 2902 2681 2957; x_wconf 90' lang='lat' dir='ltr'>quo</span> <span class='ocrx_word' id='word_1_692' title='bbox 2712 2903 2905 2959; x_wconf 92' lang='lat' dir='ltr'>neque</span> <span class='ocrx_word' id='word_1_693' title='bbox 2938 2888 2996 2941; x_wconf 90' lang='lat' dir='ltr'>in</span> <span class='ocrx_word' id='word_1_694' title='bbox 3021 2888 3247 2957; x_wconf 89' lang='lat' dir='ltr'>judicio</span> <span class='ocrx_word' id='word_1_695' title='bbox 3275 2892 3422 2944; x_wconf 83' lang='lat' dir='ltr'>ratio</span> <span class='ocrx_word' id='word_1_696' title='bbox 3456 2890 3652 2961; x_wconf 90' lang='lat' dir='ltr'>posci-</span> 
     </span>
    </p>
   </div>
   <div class='ocr_carea' id='block_1_96' title="bbox 2003 2977 3651 3047">
    <p class='ocr_par' dir='ltr' id='par_1_96' title="bbox 2003 2977 3651 3047">
     <span class='ocr_line' id='line_1_96' title="bbox 2003 2977 3651 3047; baseline 0.003 -17"><span class='ocrx_word' id='word_1_697' title='bbox 2003 2981 2117 3040; x_wconf 92' lang='lat' dir='ltr'>tur,</span> <span class='ocrx_word' id='word_1_698' title='bbox 2153 2977 2319 3041; x_wconf 78' lang='lat' dir='ltr'>velut</span> <span class='ocrx_word' id='word_1_699' title='bbox 2341 2978 2417 3031; x_wconf 91' lang='lat' dir='ltr'>ad</span> <span class='ocrx_word' id='word_1_700' title='bbox 2451 2977 2807 3030; x_wconf 88' lang='lat' dir='ltr'>mandatum</span> <span class='ocrx_word' id='word_1_701' title='bbox 2834 2992 3227 3047; x_wconf 83' lang='lat' dir='ltr'>expavescens</span> <span class='ocrx_word' id='word_1_702' title='bbox 3252 2995 3461 3034; x_wconf 89' lang='lat' dir='ltr'>vocem</span> <span class='ocrx_word' id='word_1_703' title='bbox 3488 2980 3609 3035; x_wconf 88' lang='lat' dir='ltr'>edit</span> <span class='ocrx_word' id='word_1_704' title='bbox 3635 2997 3651 3036; x_wconf 86' lang='lat'><strong>:</strong></span> 
     </span>
    </p>
   </div>
   <div class='ocr_carea' id='block_1_97' title="bbox 2003 3050 3652 3139">
    <p class='ocr_par' dir='ltr' id='par_1_97' title="bbox 2003 3050 3652 3139">
     <span class='ocr_line' id='line_1_97' title="bbox 2003 3050 3652 3139; baseline 0.001 -18"><span class='ocrx_word' id='word_1_705' title='bbox 2003 3073 2059 3121; x_wconf 91' lang='lat' dir='ltr'>et</span> <span class='ocrx_word' id='word_1_706' title='bbox 2090 3075 2148 3121; x_wconf 91' lang='lat' dir='ltr'>tu</span> <span class='ocrx_word' id='word_1_707' title='bbox 2182 3067 2283 3137; x_wconf 91' lang='lat' dir='ltr'>qui</span> <span class='ocrx_word' id='word_1_708' title='bbox 2324 3050 2458 3119; x_wconf 79' lang='lat' dir='ltr'>reus</span> <span class='ocrx_word' id='word_1_709' title='bbox 2491 3081 2691 3120; x_wconf 85' lang='lat' dir='ltr'>coram</span> <span class='ocrx_word' id='word_1_710' title='bbox 2725 3070 2840 3120; x_wconf 93' lang='lat' dir='ltr'>Deo</span> <span class='ocrx_word' id='word_1_711' title='bbox 2886 3067 3263 3136; x_wconf 87' lang='lat' dir='ltr'>peragendus</span> <span class='ocrx_word' id='word_1_712' title='bbox 3308 3084 3371 3122; x_wconf 94' lang='lat' dir='ltr'>es</span> <span class='ocrx_word' id='word_1_713' title='bbox 3403 3069 3652 3139; x_wconf 86' lang='lat' dir='ltr'>inquisi-</span> 
     </span>
    </p>
   </div>
   <div class='ocr_carea' id='block_1_98' title="bbox 2004 3156 3650 3226">
    <p class='ocr_par' dir='ltr' id='par_1_98' title="bbox 2004 3156 3650 3226">
     <span class='ocr_line' id='line_1_98' title="bbox 2004 3156 3650 3226; baseline 0.002 -17"><span class='ocrx_word' id='word_1_714' title='bbox 2004 3158 2177 3210; x_wconf 86' lang='lat' dir='ltr'>tionis</span> <span class='ocrx_word' id='word_1_715' title='bbox 2208 3162 2496 3226; x_wconf 91' lang='lat' dir='ltr'>tempore,</span> <span class='ocrx_word' id='word_1_716' title='bbox 2530 3170 2600 3209; x_wconf 88' lang='lat' dir='ltr'>ac</span> <span class='ocrx_word' id='word_1_717' title='bbox 2631 3156 2704 3209; x_wconf 92' lang='lat' dir='ltr'>de</span> <span class='ocrx_word' id='word_1_718' title='bbox 2735 3156 2910 3209; x_wconf 87' lang='lat' dir='ltr'>verbo</span> <span class='ocrx_word' id='word_1_719' title='bbox 2928 3156 3120 3210; x_wconf 88' lang='lat' dir='ltr'>otioso</span> <span class='ocrx_word' id='word_1_720' title='bbox 3140 3157 3435 3211; x_wconf 87' lang='lat' dir='ltr'>rationem</span> <span class='ocrx_word' id='word_1_721' title='bbox 3453 3159 3650 3213; x_wconf 89' lang='lat' dir='ltr'>reddi-</span> 
     </span>
    </p>
   </div>
   <div class='ocr_carea' id='block_1_99' title="bbox 2005 3244 3650 3337">
    <p class='ocr_par' dir='ltr' id='par_1_99' title="bbox 2005 3244 3650 3337">
     <span class='ocr_line' id='line_1_99' title="bbox 2005 3244 3650 3337; baseline 0.003 -38"><span class='ocrx_word' id='word_1_722' title='bbox 2005 3250 2189 3309; x_wconf 87' lang='lat' dir='ltr'>turus,</span> <span class='ocrx_word' id='word_1_723' title='bbox 2222 3245 2312 3298; x_wconf 89' lang='lat' dir='ltr'>vel</span> <span class='ocrx_word' id='word_1_724' title='bbox 2359 3244 2416 3337; x_wconf 60' lang='lat' dir='ltr'>si.</span> <span class='ocrx_word' id='word_1_725' title='bbox 2442 3246 2750 3298; x_wconf 88' lang='lat' dir='ltr'>mendicus</span> <span class='ocrx_word' id='word_1_726' title='bbox 2794 3244 2995 3308; x_wconf 85' lang='lat' dir='ltr'>fueris,</span> <span class='ocrx_word' id='word_1_727' title='bbox 3030 3245 3204 3301; x_wconf 88' lang='lat' dir='ltr'>stulte</span> <span class='ocrx_word' id='word_1_728' title='bbox 3246 3246 3395 3301; x_wconf 88' lang='lat' dir='ltr'>dicis</span> <span class='ocrx_word' id='word_1_729' title='bbox 3431 3264 3444 3301; x_wconf 89' lang='lat'>:</span> <span class='ocrx_word' id='word_1_730' title='bbox 3494 3249 3650 3313; x_wconf 87' lang='lat' dir='ltr'>Quid</span> 
     </span>
    </p>
   </div>
   <div class='ocr_carea' id='block_1_100' title="bbox 2007 3332 3649 3403">
    <p class='ocr_par' dir='ltr' id='par_1_100' title="bbox 2007 3332 3649 3403">
     <span class='ocr_line' id='line_1_100' title="bbox 2007 3332 3649 3403; baseline 0.002 -15"><span class='ocrx_word' id='word_1_731' title='bbox 2007 3334 2148 3388; x_wconf 89' lang='lat' dir='ltr'>mihi</span> <span class='ocrx_word' id='word_1_732' title='bbox 2195 3333 2352 3388; x_wconf 88' lang='lat' dir='ltr'>istud</span> <span class='ocrx_word' id='word_1_733' title='bbox 2397 3332 2562 3388; x_wconf 68' lang='lat' dir='ltr'>&#39;curaa</span> <span class='ocrx_word' id='word_1_734' title='bbox 2591 3340 2678 3388; x_wconf 90' lang='lat' dir='ltr'>est</span> <span class='ocrx_word' id='word_1_735' title='bbox 2708 3332 2734 3386; x_wconf 72' lang='lat' dir='ltr'>i’</span> <span class='ocrx_word' id='word_1_736' title='bbox 2782 3335 2944 3402; x_wconf 78' lang='lat' dir='ltr'>Haec,</span> <span class='ocrx_word' id='word_1_737' title='bbox 2984 3336 3252 3402; x_wconf 90' lang='lat' dir='ltr'>Domine,</span> <span class='ocrx_word' id='word_1_738' title='bbox 3282 3336 3362 3390; x_wconf 90' lang='lat' dir='ltr'>ait</span> <span class='ocrx_word' id='word_1_739' title='bbox 3406 3337 3649 3403; x_wconf 90' lang='lat' dir='ltr'>Paulus,</span> 
     </span>
    </p>
   </div>
   <div class='ocr_carea' id='block_1_101' title="bbox 2005 3410 3650 3492">
    <p class='ocr_par' dir='ltr' id='par_1_101' title="bbox 2005 3410 3650 3492">
     <span class='ocr_line' id='line_1_101' title="bbox 2005 3410 3650 3492; baseline 0.002 -15"><span class='ocrx_word' id='word_1_740' title='bbox 2005 3423 2437 3492; x_wconf 74' lang='lat' dir='ltr'>transﬁguravz’</span> <span class='ocrx_word' id='word_1_741' title='bbox 2475 3424 2536 3475; x_wconf 82' lang='lat' dir='ltr'>in</span> <span class='ocrx_word' id='word_1_742' title='bbox 2561 3437 2651 3477; x_wconf 92' lang='lat' dir='ltr'>me</span> <span class='ocrx_word' id='word_1_743' title='bbox 2675 3429 2729 3477; x_wconf 82' lang='lat' dir='ltr'>et</span> <span class='ocrx_word' id='word_1_744' title='bbox 2775 3423 2994 3490; x_wconf 83' lang='lat' dir='ltr'>Apollo</span> <span class='ocrx_word' id='word_1_745' title='bbox 3014 3410 3267 3491; x_wconf 63' lang='lat' dir='ltr'>promer</span> <span class='ocrx_word' id='word_1_746' title='bbox 3311 3440 3408 3479; x_wconf 88' lang='lat' dir='ltr'>vos</span> <span class='ocrx_word' id='word_1_747' title='bbox 3442 3442 3459 3479; x_wconf 89' lang='lat'><em>:</em></span> <span class='ocrx_word' id='word_1_748' title='bbox 3494 3432 3555 3479; x_wconf 82' lang='lat' dir='ltr'>ut</span> <span class='ocrx_word' id='word_1_749' title='bbox 3587 3426 3650 3481; x_wconf 81' lang='lat' dir='ltr'>in</span> 
     </span>
    </p>
   </div>
   <div class='ocr_carea' id='block_1_102' title="bbox 2002 3512 3649 3582">
    <p class='ocr_par' dir='ltr' id='par_1_102' title="bbox 2002 3512 3649 3582">
     <span class='ocr_line' id='line_1_102' title="bbox 2002 3512 3649 3582; baseline 0.002 -16"><span class='ocrx_word' id='word_1_750' title='bbox 2002 3512 2167 3567; x_wconf 81' lang='lat' dir='ltr'>nobis</span> <span class='ocrx_word' id='word_1_751' title='bbox 2181 3512 2419 3567; x_wconf 70' lang='lat' dir='ltr'>di’scati&#39;s</span> <span class='ocrx_word' id='word_1_752' title='bbox 2436 3526 2509 3566; x_wconf 86' lang='lat' dir='ltr'>ne</span> <span class='ocrx_word' id='word_1_753' title='bbox 2520 3527 2703 3579; x_wconf 82' lang='lat' dir='ltr'>supra</span> <span class='ocrx_word' id='word_1_754' title='bbox 2720 3526 2898 3581; x_wconf 81' lang='lat' dir='ltr'>quam</span> <span class='ocrx_word' id='word_1_755' title='bbox 2914 3512 3202 3580; x_wconf 79' lang='lat' dir='ltr'>scriptum</span> <span class='ocrx_word' id='word_1_756' title='bbox 3222 3518 3303 3568; x_wconf 87' lang='lat' dir='ltr'>est</span> <span class='ocrx_word' id='word_1_757' title='bbox 3321 3515 3571 3582; x_wconf 80' lang='lat' dir='ltr'>sapiatis</span> <span class='ocrx_word' id='word_1_758' title='bbox 3586 3518 3649 3570; x_wconf 70' lang='lat'>’9.</span> 
     </span>
    </p>
   </div>
   <div class='ocr_carea' id='block_1_103' title="bbox 2004 3602 3651 3671">
    <p class='ocr_par' dir='ltr' id='par_1_103' title="bbox 2004 3602 3651 3671">
     <span class='ocr_line' id='line_1_103' title="bbox 2004 3602 3651 3671; baseline 0.003 -17"><span class='ocrx_word' id='word_1_759' title='bbox 2004 3602 2404 3665; x_wconf 89' lang='lat' dir='ltr'>Quamobrem</span> <span class='ocrx_word' id='word_1_760' title='bbox 2444 3608 2498 3654; x_wconf 91' lang='lat' dir='ltr'>et</span> <span class='ocrx_word' id='word_1_761' title='bbox 2543 3602 2853 3655; x_wconf 90' lang='lat' dir='ltr'>mendicus</span> <span class='ocrx_word' id='word_1_762' title='bbox 2890 3602 3015 3671; x_wconf 90' lang='lat' dir='ltr'>ipse</span> <span class='ocrx_word' id='word_1_763' title='bbox 3055 3602 3217 3656; x_wconf 88' lang='lat' dir='ltr'>omni</span> <span class='ocrx_word' id='word_1_764' title='bbox 3270 3604 3651 3660; x_wconf 85' lang='lat' dir='ltr'>excusatione</span> 
     </span>
    </p>
   </div>
   <div class='ocr_carea' id='block_1_104' title="bbox 2004 3690 3650 3763">
    <p class='ocr_par' dir='ltr' id='par_1_104' title="bbox 2004 3690 3650 3763">
     <span class='ocr_line' id='line_1_104' title="bbox 2004 3690 3650 3763; baseline 0.003 -19"><span class='ocrx_word' id='word_1_765' title='bbox 2004 3697 2162 3745; x_wconf 85' lang='lat' dir='ltr'>caret</span> <span class='ocrx_word' id='word_1_766' title='bbox 2192 3692 2248 3744; x_wconf 91' lang='lat' dir='ltr'>in</span> <span class='ocrx_word' id='word_1_767' title='bbox 2268 3691 2362 3744; x_wconf 91' lang='lat' dir='ltr'>die</span> <span class='ocrx_word' id='word_1_768' title='bbox 2387 3690 2614 3760; x_wconf 89' lang='lat' dir='ltr'>judicii,</span> <span class='ocrx_word' id='word_1_769' title='bbox 2638 3690 2751 3744; x_wconf 89' lang='lat' dir='ltr'>nisi</span> <span class='ocrx_word' id='word_1_770' title='bbox 2779 3691 2839 3744; x_wconf 90' lang='lat' dir='ltr'>in</span> <span class='ocrx_word' id='word_1_771' title='bbox 2860 3690 3136 3761; x_wconf 67' lang='lat' dir='ltr'>praesenti</span> <span class='ocrx_word' id='word_1_772' title='bbox 3163 3690 3650 3763; x_wconf 89' lang='lat' dir='ltr'>velutijudiciiim</span> 
     </span>
    </p>
   </div>
   <div class='ocr_carea' id='block_1_105' title="bbox 2002 3778 3653 3852">
    <p class='ocr_par' dir='ltr' id='par_1_105' title="bbox 2002 3778 3653 3852">
     <span class='ocr_line' id='line_1_105' title="bbox 2002 3778 3653 3852; baseline 0.002 -18"><span class='ocrx_word' id='word_1_773' title='bbox 2002 3781 2305 3834; x_wconf 87' lang='lat' dir='ltr'>subiturus</span> <span class='ocrx_word' id='word_1_774' title='bbox 2327 3779 2627 3851; x_wconf 89' lang='lat' dir='ltr'>loquatur,</span> <span class='ocrx_word' id='word_1_775' title='bbox 2660 3778 2752 3833; x_wconf 90' lang='lat' dir='ltr'>vel</span> <span class='ocrx_word' id='word_1_776' title='bbox 2771 3781 2850 3834; x_wconf 89' lang='lat' dir='ltr'>ob</span> <span class='ocrx_word' id='word_1_777' title='bbox 2884 3780 2945 3835; x_wconf 92' lang='lat' dir='ltr'>id</span> <span class='ocrx_word' id='word_1_778' title='bbox 2974 3796 3158 3835; x_wconf 90' lang='lat' dir='ltr'>unum</span> <span class='ocrx_word' id='word_1_779' title='bbox 3187 3797 3200 3835; x_wconf 92' lang='lat'>:</span> <span class='ocrx_word' id='word_1_780' title='bbox 3228 3782 3414 3836; x_wconf 92' lang='lat' dir='ltr'>multo</span> <span class='ocrx_word' id='word_1_781' title='bbox 3461 3784 3653 3852; x_wconf 88' lang='lat' dir='ltr'>magis</span> 
     </span>
    </p>
   </div>
   <div class='ocr_carea' id='block_1_106' title="bbox 2002 3869 3653 3943">
    <p class='ocr_par' dir='ltr' id='par_1_106' title="bbox 2002 3869 3653 3943">
     <span class='ocr_line' id='line_1_106' title="bbox 2002 3869 3653 3943; baseline 0.002 -20"><span class='ocrx_word' id='word_1_782' title='bbox 2002 3869 2306 3940; x_wconf 90' lang='lat' dir='ltr'>quispiam</span> <span class='ocrx_word' id='word_1_783' title='bbox 2355 3884 2562 3923; x_wconf 90' lang='lat' dir='ltr'>eorum</span> <span class='ocrx_word' id='word_1_784' title='bbox 2594 3871 2694 3940; x_wconf 89' lang='lat' dir='ltr'>qui</span> <span class='ocrx_word' id='word_1_785' title='bbox 2730 3870 3013 3937; x_wconf 85' lang='lat' dir='ltr'>dignitate</span> <span class='ocrx_word' id='word_1_786' title='bbox 3055 3870 3296 3940; x_wconf 90' lang='lat' dir='ltr'>pollent,</span> <span class='ocrx_word' id='word_1_787' title='bbox 3344 3888 3534 3943; x_wconf 89' lang='lat' dir='ltr'>usque</span> <span class='ocrx_word' id='word_1_788' title='bbox 3574 3872 3653 3927; x_wconf 89' lang='lat' dir='ltr'>ad</span> 
     </span>
    </p>
   </div>
   <div class='ocr_carea' id='block_1_107' title="bbox 2002 3957 3650 4029">
    <p class='ocr_par' dir='ltr' id='par_1_107' title="bbox 2002 3957 3650 4029">
     <span class='ocr_line' id='line_1_107' title="bbox 2002 3957 3650 4029; baseline 0.003 -17"><span class='ocrx_word' id='word_1_789' title='bbox 2002 3974 2140 4012; x_wconf 93' lang='lat' dir='ltr'>eum</span> <span class='ocrx_word' id='word_1_790' title='bbox 2157 3957 2259 4029; x_wconf 90' lang='lat' dir='ltr'>qui</span> <span class='ocrx_word' id='word_1_791' title='bbox 2279 3957 2599 4026; x_wconf 89' lang='lat' dir='ltr'>insignitus</span> <span class='ocrx_word' id='word_1_792' title='bbox 2617 3957 2955 4013; x_wconf 88' lang='lat' dir='ltr'>diademate</span> <span class='ocrx_word' id='word_1_793' title='bbox 2969 3966 3074 4023; x_wconf 89' lang='lat' dir='ltr'>est,</span> <span class='ocrx_word' id='word_1_794' title='bbox 3096 3959 3189 4013; x_wconf 90' lang='lat' dir='ltr'>cui</span> <span class='ocrx_word' id='word_1_795' title='bbox 3207 3959 3650 4017; x_wconf 86' lang='lat' dir='ltr'>intolerandum</span> 
     </span>
    </p>
   </div>
   <div class='ocr_carea' id='block_1_108' title="bbox 1998 4047 3650 4119">
    <p class='ocr_par' dir='ltr' id='par_1_108' title="bbox 1998 4047 3650 4119">
     <span class='ocr_line' id='line_1_108' title="bbox 1998 4047 3650 4119; baseline 0.002 -18"><span class='ocrx_word' id='word_1_796' title='bbox 1998 4047 2291 4118; x_wconf 88' lang='lat' dir='ltr'>judicium</span> <span class='ocrx_word' id='word_1_797' title='bbox 2317 4047 2443 4101; x_wconf 91' lang='lat' dir='ltr'>erit.</span> <span class='ocrx_word' id='word_1_798' title='bbox 2468 4048 2741 4102; x_wconf 79' lang='lat' dir='ltr'>Potentes</span> <span class='ocrx_word' id='word_1_799' title='bbox 2778 4050 2956 4111; x_wconf 72' lang='lat' dir='ltr'>enim,</span> <span class='ocrx_word' id='word_1_800' title='bbox 3000 4049 3190 4119; x_wconf 89' lang='lat' dir='ltr'>inquit</span> <span class='ocrx_word' id='word_1_801' title='bbox 3232 4054 3502 4117; x_wconf 75' lang='lat' dir='ltr'>potenter</span> <span class='ocrx_word' id='word_1_802' title='bbox 3527 4056 3650 4105; x_wconf 79' lang='lat' dir='ltr'>tor-</span> 
     </span>
    </p>
   </div>
   <div class='ocr_carea' id='block_1_109' title="bbox 2002 4136 3645 4205">
    <p class='ocr_par' dir='ltr' id='par_1_109' title="bbox 2002 4136 3645 4205">
     <span class='ocr_line' id='line_1_109' title="bbox 2002 4136 3645 4205; baseline 0.002 -14"><span class='ocrx_word' id='word_1_803' title='bbox 2002 4145 2200 4192; x_wconf 83' lang='lat' dir='ltr'>menta</span> <span class='ocrx_word' id='word_1_804' title='bbox 2223 4136 2597 4205; x_wconf 69' lang='lat' dir='ltr'>patientur”.</span> <span class='ocrx_word' id='word_1_805' title='bbox 2647 4140 2730 4201; x_wconf 85' lang='lat' dir='ltr'>Et,</span> <span class='ocrx_word' id='word_1_806' title='bbox 2777 4137 3077 4193; x_wconf 77' lang='lat' dir='ltr'>Judicium</span> <span class='ocrx_word' id='word_1_807' title='bbox 3110 4140 3499 4194; x_wconf 78' lang='lat' dir='ltr'>durissimum</span> <span class='ocrx_word' id='word_1_808' title='bbox 3554 4140 3645 4195; x_wconf 74' lang='lat' dir='ltr'>his</span> 
     </span>
    </p>
   </div>
   <div class='ocr_carea' id='block_1_110' title="bbox 2003 4227 3647 4301">
    <p class='ocr_par' dir='ltr' id='par_1_110' title="bbox 2003 4227 3647 4301">
     <span class='ocr_line' id='line_1_110' title="bbox 2003 4227 3647 4301; baseline 0.003 -21"><span class='ocrx_word' id='word_1_809' title='bbox 2003 4227 2459 4298; x_wconf 74' lang='lat' dir='ltr'>quipraesunt“.</span> <span class='ocrx_word' id='word_1_810' title='bbox 2485 4229 2745 4298; x_wconf 86' lang='lat' dir='ltr'>Loquere</span> <span class='ocrx_word' id='word_1_811' title='bbox 2768 4229 2966 4296; x_wconf 84' lang='lat' dir='ltr'>igitur,</span> <span class='ocrx_word' id='word_1_812' title='bbox 2985 4229 3229 4283; x_wconf 89' lang='lat' dir='ltr'>Domine</span> <span class='ocrx_word' id='word_1_813' title='bbox 3257 4229 3357 4292; x_wconf 89' lang='lat' dir='ltr'>mi,</span> <span class='ocrx_word' id='word_1_814' title='bbox 3380 4228 3647 4301; x_wconf 89' lang='lat' dir='ltr'>loquere.</span> 
     </span>
    </p>
   </div>
   <div class='ocr_carea' id='block_1_111' title="bbox 2002 4316 3651 4391">
    <p class='ocr_par' dir='ltr' id='par_1_111' title="bbox 2002 4316 3651 4391">
     <span class='ocr_line' id='line_1_111' title="bbox 2002 4316 3651 4391; baseline 0.003 -21"><span class='ocrx_word' id='word_1_815' title='bbox 2002 4316 2648 4385; x_wconf 78' lang='lat' dir='ltr'>ldcircoetegoinfelix,</span> <span class='ocrx_word' id='word_1_816' title='bbox 2664 4316 2956 4385; x_wconf 88' lang='lat' dir='ltr'>judicium</span> <span class='ocrx_word' id='word_1_817' title='bbox 2974 4317 3434 4389; x_wconf 87' lang='lat' dir='ltr'>veritusloquor.</span> <span class='ocrx_word' id='word_1_818' title='bbox 3457 4321 3651 4391; x_wconf 86' lang='lat' dir='ltr'>Usque</span> 
     </span>
    </p>
   </div>
   <div class='ocr_carea' id='block_1_112' title="bbox 2001 4406 3656 4477">
    <p class='ocr_par' dir='ltr' id='par_1_112' title="bbox 2001 4406 3656 4477">
     <span class='ocr_line' id='line_1_112' title="bbox 2001 4406 3656 4477; baseline 0.002 -16"><span class='ocrx_word' id='word_1_819' title='bbox 2001 4406 2058 4461; x_wconf 90' lang='lat' dir='ltr'>in</span> <span class='ocrx_word' id='word_1_820' title='bbox 2083 4406 2316 4461; x_wconf 90' lang='lat' dir='ltr'>divinas</span> <span class='ocrx_word' id='word_1_821' title='bbox 2329 4406 2582 4475; x_wconf 87' lang='lat' dir='ltr'>religiosi</span> <span class='ocrx_word' id='word_1_822' title='bbox 2602 4406 2888 4477; x_wconf 89' lang='lat' dir='ltr'>principis</span> <span class='ocrx_word' id='word_1_823' title='bbox 2905 4408 3088 4460; x_wconf 81' lang='lat' dir='ltr'>nostri</span> <span class='ocrx_word' id='word_1_824' title='bbox 3105 4423 3279 4462; x_wconf 82' lang='lat' dir='ltr'>aures</span> <span class='ocrx_word' id='word_1_825' title='bbox 3296 4424 3499 4463; x_wconf 92' lang='lat' dir='ltr'>vocem</span> <span class='ocrx_word' id='word_1_826' title='bbox 3524 4412 3656 4464; x_wconf 89' lang='lat' dir='ltr'>mit-</span> 
     </span>
    </p>
   </div>
   <div class='ocr_carea' id='block_1_113' title="bbox 2004 4496 3652 4568">
    <p class='ocr_par' dir='ltr' id='par_1_113' title="bbox 2004 4496 3652 4568">
     <span class='ocr_line' id='line_1_113' title="bbox 2004 4496 3652 4568; baseline 0.002 -18"><span class='ocrx_word' id='word_1_827' title='bbox 2004 4499 2075 4550; x_wconf 88' lang='lat' dir='ltr'>te:</span> <span class='ocrx_word' id='word_1_828' title='bbox 2091 4496 2585 4566; x_wconf 88' lang='lat' dir='ltr'>quandoquidem</span> <span class='ocrx_word' id='word_1_829' title='bbox 2600 4512 2672 4550; x_wconf 84' lang='lat' dir='ltr'>ex</span> <span class='ocrx_word' id='word_1_830' title='bbox 2684 4511 2892 4550; x_wconf 92' lang='lat' dir='ltr'>eorum</span> <span class='ocrx_word' id='word_1_831' title='bbox 2906 4511 3155 4550; x_wconf 92' lang='lat' dir='ltr'>numero</span> <span class='ocrx_word' id='word_1_832' title='bbox 3170 4513 3230 4551; x_wconf 90' lang='lat' dir='ltr'>es</span> <span class='ocrx_word' id='word_1_833' title='bbox 3243 4499 3345 4568; x_wconf 87' lang='lat' dir='ltr'>qui</span> <span class='ocrx_word' id='word_1_834' title='bbox 3364 4507 3652 4567; x_wconf 68' lang='lat' dir='ltr'>praesunt.</span> 
     </span>
    </p>
   </div>
   <div class='ocr_carea' id='block_1_114' title="bbox 2072 4584 3651 4656">
    <p class='ocr_par' dir='ltr' id='par_1_114' title="bbox 2072 4584 3651 4656">
     <span class='ocr_line' id='line_1_114' title="bbox 2072 4584 3651 4656; baseline 0.003 -17"><span class='ocrx_word' id='word_1_835' title='bbox 2072 4584 2243 4640; x_wconf 88' lang='lat' dir='ltr'>Nulla</span> <span class='ocrx_word' id='word_1_836' title='bbox 2270 4585 2516 4639; x_wconf 73' lang='lat' dir='ltr'>haeresis</span> <span class='ocrx_word' id='word_1_837' title='bbox 2536 4600 2606 4639; x_wconf 80' lang='lat' dir='ltr'>ex</span> <span class='ocrx_word' id='word_1_838' title='bbox 2637 4587 2705 4639; x_wconf 89' lang='lat' dir='ltr'>iis</span> <span class='ocrx_word' id='word_1_839' title='bbox 2725 4601 2857 4656; x_wconf 67' lang='lat' dir='ltr'>quae</span> <span class='ocrx_word' id='word_1_840' title='bbox 2884 4584 2963 4639; x_wconf 91' lang='lat' dir='ltr'>ab</span> <span class='ocrx_word' id='word_1_841' title='bbox 2990 4586 3244 4641; x_wconf 78' lang='lat' dir='ltr'>Ecclesia</span> <span class='ocrx_word' id='word_1_842' title='bbox 3271 4589 3651 4653; x_wconf 88' lang='lat' dir='ltr'>ebullierunt,</span> 
     </span>
    </p>
   </div>
   <div class='ocr_carea' id='block_1_115' title="bbox 1928 4664 3653 4733">
    <p class='ocr_par' dir='ltr' id='par_1_115' title="bbox 1928 4664 3653 4733">
     <span class='ocr_line' id='line_1_115' title="bbox 1928 4664 3653 4733; baseline 0.002 -4"><span class='ocrx_word' id='word_1_843' title='bbox 1928 4664 1969 4718; x_wconf 84' lang='lat' dir='ltr'><strong>D</strong></span> <span class='ocrx_word' id='word_1_844' title='bbox 2002 4675 2115 4730; x_wconf 89' lang='lat' dir='ltr'>hac</span> <span class='ocrx_word' id='word_1_845' title='bbox 2144 4674 2601 4729; x_wconf 89' lang='lat' dir='ltr'>lconomachica</span> <span class='ocrx_word' id='word_1_846' title='bbox 2637 4673 2851 4728; x_wconf 77' lang='lat' dir='ltr'>haeresi</span> <span class='ocrx_word' id='word_1_847' title='bbox 2878 4675 3147 4729; x_wconf 88' lang='lat' dir='ltr'>acerbior</span> <span class='ocrx_word' id='word_1_848' title='bbox 3184 4674 3311 4729; x_wconf 87' lang='lat' dir='ltr'>fuit.</span> <span class='ocrx_word' id='word_1_849' title='bbox 3353 4676 3653 4733; x_wconf 86' lang='lat' dir='ltr'>Christum</span> 
     </span>
    </p>
   </div>
   <div class='ocr_carea' id='block_1_116' title="bbox 2003 4762 3651 4835">
    <p class='ocr_par' dir='ltr' id='par_1_116' title="bbox 2003 4762 3651 4835">
     <span class='ocr_line' id='line_1_116' title="bbox 2003 4762 3651 4835; baseline 0.001 -16"><span class='ocrx_word' id='word_1_850' title='bbox 2003 4764 2263 4833; x_wconf 84' lang='lat' dir='ltr'>negavit,</span> <span class='ocrx_word' id='word_1_851' title='bbox 2301 4762 2358 4817; x_wconf 90' lang='lat' dir='ltr'>in</span> <span class='ocrx_word' id='word_1_852' title='bbox 2387 4762 2599 4817; x_wconf 86' lang='lat' dir='ltr'>faciem</span> <span class='ocrx_word' id='word_1_853' title='bbox 2632 4764 2824 4823; x_wconf 62' lang='lat' dir='ltr'>credit,</span> <span class='ocrx_word' id='word_1_854' title='bbox 2862 4779 3039 4835; x_wconf 84' lang='lat' dir='ltr'>opere</span> <span class='ocrx_word' id='word_1_855' title='bbox 3071 4779 3139 4818; x_wconf 88' lang='lat' dir='ltr'>ac</span> <span class='ocrx_word' id='word_1_856' title='bbox 3182 4781 3459 4819; x_wconf 84' lang='lat' dir='ltr'>sermone</span> <span class='ocrx_word' id='word_1_857' title='bbox 3490 4765 3651 4821; x_wconf 81' lang='lat' dir='ltr'>furit.</span> 
     </span>
    </p>
   </div>
   <div class='ocr_carea' id='block_1_117' title="bbox 2006 4852 3654 4924">
    <p class='ocr_par' dir='ltr' id='par_1_117' title="bbox 2006 4852 3654 4924">
     <span class='ocr_line' id='line_1_117' title="bbox 2006 4852 3654 4924; baseline 0.002 -16"><span class='ocrx_word' id='word_1_858' title='bbox 2006 4854 2141 4908; x_wconf 86' lang='lat' dir='ltr'>Pars</span> <span class='ocrx_word' id='word_1_859' title='bbox 2174 4852 2420 4924; x_wconf 89' lang='lat' dir='ltr'>quidem</span> <span class='ocrx_word' id='word_1_860' title='bbox 2469 4853 2619 4907; x_wconf 84' lang='lat' dir='ltr'>adeo</span> <span class='ocrx_word' id='word_1_861' title='bbox 2651 4853 2866 4923; x_wconf 89' lang='lat' dir='ltr'>desipit</span> <span class='ocrx_word' id='word_1_862' title='bbox 2896 4861 2955 4907; x_wconf 89' lang='lat' dir='ltr'>ut</span> <span class='ocrx_word' id='word_1_863' title='bbox 2996 4854 3289 4908; x_wconf 77' lang='lat' dir='ltr'>Christum</span> <span class='ocrx_word' id='word_1_864' title='bbox 3320 4862 3493 4924; x_wconf 84' lang='lat' dir='ltr'>neget</span> <span class='ocrx_word' id='word_1_865' title='bbox 3547 4859 3654 4911; x_wconf 87' lang='lat' dir='ltr'>cir-</span> 
     </span>
    </p>
   </div>
   <div class='ocr_carea' id='block_1_118' title="bbox 2003 4941 3655 5015">
    <p class='ocr_par' dir='ltr' id='par_1_118' title="bbox 2003 4941 3655 5015">
     <span class='ocr_line' id='line_1_118' title="bbox 2003 4941 3655 5015; baseline 0.001 -16"><span class='ocrx_word' id='word_1_866' title='bbox 2003 4942 2321 4999; x_wconf 90' lang='lat' dir='ltr'>cumscribi</span> <span class='ocrx_word' id='word_1_867' title='bbox 2370 4941 2703 4996; x_wconf 90' lang='lat' dir='ltr'>secundum</span> <span class='ocrx_word' id='word_1_868' title='bbox 2748 4944 2982 5013; x_wconf 89' lang='lat' dir='ltr'>corpori</span> <span class='ocrx_word' id='word_1_869' title='bbox 3025 4944 3280 4998; x_wconf 84' lang='lat' dir='ltr'>formam</span> <span class='ocrx_word' id='word_1_870' title='bbox 3317 4960 3329 4997; x_wconf 91' lang='lat'><strong>:</strong></span> <span class='ocrx_word' id='word_1_871' title='bbox 3372 4945 3536 5015; x_wconf 89' lang='lat' dir='ltr'>quod</span> <span class='ocrx_word' id='word_1_872' title='bbox 3568 4951 3655 5001; x_wconf 91' lang='lat' dir='ltr'>est</span> 
     </span>
    </p>
   </div>
   <div class='ocr_carea' id='block_1_119' title="bbox 2004 5033 3651 5106">
    <p class='ocr_par' dir='ltr' id='par_1_119' title="bbox 2004 5033 3651 5106">
     <span class='ocr_line' id='line_1_119' title="bbox 2004 5033 3651 5106; baseline 0.001 -18"><span class='ocrx_word' id='word_1_873' title='bbox 2004 5034 2179 5106; x_wconf 90' lang='lat' dir='ltr'>plane</span> <span class='ocrx_word' id='word_1_874' title='bbox 2228 5048 2447 5101; x_wconf 85' lang='lat' dir='ltr'>negare</span> <span class='ocrx_word' id='word_1_875' title='bbox 2494 5034 2748 5087; x_wconf 87' lang='lat' dir='ltr'>Verbum</span> <span class='ocrx_word' id='word_1_876' title='bbox 2801 5049 3043 5088; x_wconf 90' lang='lat' dir='ltr'>carnem</span> <span class='ocrx_word' id='word_1_877' title='bbox 3094 5033 3337 5088; x_wconf 90' lang='lat' dir='ltr'>factum.</span> <span class='ocrx_word' id='word_1_878' title='bbox 3393 5035 3544 5090; x_wconf 88' lang='lat' dir='ltr'>Nam</span> <span class='ocrx_word' id='word_1_879' title='bbox 3602 5039 3651 5091; x_wconf 90' lang='lat' dir='ltr'>si</span> 
     </span>
    </p>
   </div>
   <div class='ocr_carea' id='block_1_120' title="bbox 2002 5122 3651 5192">
    <p class='ocr_par' dir='ltr' id='par_1_120' title="bbox 2002 5122 3651 5192">
     <span class='ocr_line' id='line_1_120' title="bbox 2002 5122 3651 5192; baseline 0.001 -13"><span class='ocrx_word' id='word_1_880' title='bbox 2002 5140 2165 5192; x_wconf 86' lang='lat' dir='ltr'>caro,</span> <span class='ocrx_word' id='word_1_881' title='bbox 2188 5125 2435 5177; x_wconf 91' lang='lat' dir='ltr'>omnino</span> <span class='ocrx_word' id='word_1_882' title='bbox 2463 5126 2517 5175; x_wconf 91' lang='lat' dir='ltr'>et</span> <span class='ocrx_word' id='word_1_883' title='bbox 2535 5122 3040 5177; x_wconf 86' lang='lat' dir='ltr'>circumscribitur</span> <span class='ocrx_word' id='word_1_884' title='bbox 3065 5138 3077 5176; x_wconf 87' lang='grc'>;</span> <span class='ocrx_word' id='word_1_885' title='bbox 3104 5124 3468 5192; x_wconf 88' lang='lat' dir='ltr'>phantasma</span> <span class='ocrx_word' id='word_1_886' title='bbox 3490 5126 3651 5181; x_wconf 90' lang='lat' dir='ltr'>enim</span> 
     </span>
    </p>
   </div>
   <div class='ocr_carea' id='block_1_121' title="bbox 2003 5211 3650 5280">
    <p class='ocr_par' dir='ltr' id='par_1_121' title="bbox 2003 5211 3650 5280">
     <span class='ocr_line' id='line_1_121' title="bbox 2003 5211 3650 5280; baseline 0.002 -13"><span class='ocrx_word' id='word_1_887' title='bbox 2003 5229 2158 5277; x_wconf 89' lang='lat' dir='ltr'>esse,</span> <span class='ocrx_word' id='word_1_888' title='bbox 2191 5211 2650 5267; x_wconf 71' lang='lat' dir='ltr'>Manichieorum</span> <span class='ocrx_word' id='word_1_889' title='bbox 2691 5211 2985 5280; x_wconf 84' lang='lat' dir='ltr'>Evangelii</span> <span class='ocrx_word' id='word_1_890' title='bbox 3038 5212 3327 5268; x_wconf 86' lang='lat' dir='ltr'>sententia</span> <span class='ocrx_word' id='word_1_891' title='bbox 3358 5220 3465 5267; x_wconf 90' lang='lat' dir='ltr'>est.</span> <span class='ocrx_word' id='word_1_892' title='bbox 3512 5218 3650 5269; x_wconf 89' lang='lat' dir='ltr'>Pars</span> 
     </span>
    </p>
   </div>
   <div class='ocr_carea' id='block_1_122' title="bbox 2004 5300 3654 5371">
    <p class='ocr_par' dir='ltr' id='par_1_122' title="bbox 2004 5300 3654 5371">
     <span class='ocr_line' id='line_1_122' title="bbox 2004 5300 3654 5371; baseline 0.001 -14"><span class='ocrx_word' id='word_1_893' title='bbox 2004 5317 2143 5358; x_wconf 84' lang='lat' dir='ltr'>vero</span> <span class='ocrx_word' id='word_1_894' title='bbox 2172 5302 2342 5359; x_wconf 88' lang='lat' dir='ltr'>radit.</span> <span class='ocrx_word' id='word_1_895' title='bbox 2366 5300 2602 5371; x_wconf 86' lang='lat' dir='ltr'>frangit,</span> <span class='ocrx_word' id='word_1_896' title='bbox 2634 5300 2833 5370; x_wconf 87' lang='lat' dir='ltr'>diruit,</span> <span class='ocrx_word' id='word_1_897' title='bbox 2859 5300 3122 5355; x_wconf 89' lang='lat' dir='ltr'>incendit</span> <span class='ocrx_word' id='word_1_898' title='bbox 3147 5317 3389 5356; x_wconf 90' lang='lat' dir='ltr'>omnem</span> <span class='ocrx_word' id='word_1_899' title='bbox 3417 5319 3654 5360; x_wconf 89' lang='lat' dir='ltr'>sacram</span> 
     </span>
    </p>
   </div>
   <div class='ocr_carea' id='block_1_123' title="bbox 2001 5390 3650 5464">
    <p class='ocr_par' dir='ltr' id='par_1_123' title="bbox 2001 5390 3650 5464">
     <span class='ocr_line' id='line_1_123' title="bbox 2001 5390 3650 5464; baseline 0.002 -17"><span class='ocrx_word' id='word_1_900' title='bbox 2001 5393 2214 5460; x_wconf 76' lang='lat' dir='ltr'>aedem,</span> <span class='ocrx_word' id='word_1_901' title='bbox 2248 5406 2487 5447; x_wconf 89' lang='lat' dir='ltr'>sacrum</span> <span class='ocrx_word' id='word_1_902' title='bbox 2518 5404 2697 5446; x_wconf 90' lang='lat' dir='ltr'>omne</span> <span class='ocrx_word' id='word_1_903' title='bbox 2727 5390 3046 5446; x_wconf 84' lang='lat' dir='ltr'>donarium</span> <span class='ocrx_word' id='word_1_904' title='bbox 3079 5390 3137 5446; x_wconf 90' lang='lat' dir='ltr'>in</span> <span class='ocrx_word' id='word_1_905' title='bbox 3170 5406 3291 5464; x_wconf 89' lang='lat' dir='ltr'>quo</span> <span class='ocrx_word' id='word_1_906' title='bbox 3330 5394 3401 5447; x_wconf 88' lang='lat' dir='ltr'>sit</span> <span class='ocrx_word' id='word_1_907' title='bbox 3442 5394 3650 5451; x_wconf 85' lang='lat' dir='ltr'>Christ</span> 
     </span>
    </p>
   </div>
   <div class='ocr_carea' id='block_1_124' title="bbox 2673 5574 3458 5649">
    <p class='ocr_par' dir='ltr' id='par_1_124' title="bbox 2673 5574 3458 5649">
     <span class='ocr_line' id='line_1_124' title="bbox 2673 5574 3458 5649; baseline 0.004 -16"><span class='ocrx_word' id='word_1_908' title='bbox 2673 5574 2715 5611; x_wconf 87' lang='grc'>³⁰</span> <span class='ocrx_word' id='word_1_909' title='bbox 2744 5576 2882 5649; x_wconf 84' lang='lat' dir='ltr'>Sap.</span> <span class='ocrx_word' id='word_1_910' title='bbox 2912 5592 2987 5646; x_wconf 78' lang='lat' dir='ltr'>Vl,</span> <span class='ocrx_word' id='word_1_911' title='bbox 3016 5582 3068 5636; x_wconf 91' lang='lat'>7.</span> <span class='ocrx_word' id='word_1_912' title='bbox 3118 5579 3195 5623; x_wconf 80' lang='grc'>-⁸¹</span> <span class='ocrx_word' id='word_1_913' title='bbox 3245 5577 3375 5637; x_wconf 84' lang='lat' dir='ltr'>Ibid</span> <span class='ocrx_word' id='word_1_914' title='bbox 3404 5583 3458 5639; x_wconf 86' lang='lat'><em>6.</em></span> 
     </span>
    </p>
   </div>
   <div class='ocr_carea' id='block_1_125' title="bbox 3172 5692 3240 5749">
    <p class='ocr_par' dir='ltr' id='par_1_125' title="bbox 3172 5692 3240 5749">
     <span class='ocr_line' id='line_1_125' title="bbox 3172 5692 3240 5749; baseline -0.029 0"><span class='ocrx_word' id='word_1_915' title='bbox 3172 5692 3240 5749; x_wconf 68' lang='lat'>4‘2</span> 
     </span>
    </p>
   </div>
  </div>
