  <div class='ocr_page' id='page_1' title='image "/cluster/home/n/w/nwhite01/storage/ocr_20150623/99/mdp.39015005675577/667.png"; bbox 0 0 4062 6280; ppageno 0'>
   <div class='ocr_carea' id='block_1_1' title="bbox 439 256 572 314">
    <p class='ocr_par' dir='ltr' id='par_1_1' title="bbox 439 256 572 314">
     <span class='ocr_line' id='line_1_1' title="bbox 439 256 572 314; baseline 0.015 -2"><span class='ocrx_word' id='word_1_1' title='bbox 439 256 572 314; x_wconf 77' lang='lat' dir='ltr'><strong>I323</strong></span> 
     </span>
    </p>
   </div>
   <div class='ocr_carea' id='block_1_2' title="bbox 1693 244 2521 312">
    <p class='ocr_par' dir='ltr' id='par_1_2' title="bbox 1693 244 2521 312">
     <span class='ocr_line' id='line_1_2' title="bbox 1693 244 2521 312; baseline -0.004 0"><span class='ocrx_word' id='word_1_2' title='bbox 1693 254 1755 312; x_wconf 70' lang='lat' dir='ltr'><strong>S.</strong></span> <span class='ocrx_word' id='word_1_3' title='bbox 1793 250 2155 311; x_wconf 79' lang='lat' dir='ltr'><strong>THEODORI</strong></span> <span class='ocrx_word' id='word_1_4' title='bbox 2199 244 2521 310; x_wconf 69' lang='lat' dir='ltr'><strong>STUDITE</strong></span> 
     </span>
    </p>
   </div>
   <div class='ocr_carea' id='block_1_3' title="bbox 3643 240 3783 313">
    <p class='ocr_par' dir='ltr' id='par_1_3' title="bbox 3643 240 3783 313">
     <span class='ocr_line' id='line_1_3' title="bbox 3643 240 3783 313; baseline 0 0"><span class='ocrx_word' id='word_1_5' title='bbox 3643 240 3783 313; x_wconf 58' lang='grc'><strong>1324</strong></span> 
     </span>
    </p>
   </div>
   <div class='ocr_carea' id='block_1_4' title="bbox 431 372 2087 458">
    <p class='ocr_par' dir='ltr' id='par_1_4' title="bbox 431 381 2083 455">
     <span class='ocr_line' id='line_1_4' title="bbox 431 381 2083 455; baseline -0.002 -15"><span class='ocrx_word' id='word_1_6' title='bbox 431 382 681 454; x_wconf 71' lang='lat' dir='ltr'><strong>efﬁgies,</strong></span> <span class='ocrx_word' id='word_1_7' title='bbox 728 382 1017 455; x_wconf 69' lang='lat' dir='ltr'><strong>Deipartn,</strong></span> <span class='ocrx_word' id='word_1_8' title='bbox 1048 384 1152 439; x_wconf 91' lang='lat' dir='ltr'><strong>aut</strong></span> <span class='ocrx_word' id='word_1_9' title='bbox 1176 381 1490 455; x_wconf 85' lang='lat' dir='ltr'><strong>cujuslibet</strong></span> <span class='ocrx_word' id='word_1_10' title='bbox 1517 382 1730 440; x_wconf 83' lang='lat' dir='ltr'><strong>sancti.</strong></span> <span class='ocrx_word' id='word_1_11' title='bbox 1755 386 1967 438; x_wconf 81' lang='lat' dir='ltr'><strong>Actum</strong></span> <span class='ocrx_word' id='word_1_12' title='bbox 1991 385 2083 437; x_wconf 90' lang='lat' dir='ltr'><strong>est</strong></span> 
     </span>
    </p>
   </div>
   <div class='ocr_carea' id='block_1_5' title="bbox 2201 372 3785 458">
    <p class='ocr_par' dir='ltr' id='par_1_5' title="bbox 2201 372 3785 458">
     <span class='ocr_line' id='line_1_5' title="bbox 2201 372 3785 458; baseline 0.002 -26"><span class='ocrx_word' id='word_1_13' title='bbox 2201 382 2281 433; x_wconf 84' lang='grc' dir='ltr'>οόν</span> <span class='ocrx_word' id='word_1_14' title='bbox 2313 378 2677 453; x_wconf 55' lang='grc' dir='ltr'>ἀνάθημαηίᾷ</span> <span class='ocrx_word' id='word_1_15' title='bbox 2703 380 2743 452; x_wconf 82' lang='grc' dir='ltr'><em>ᾧ</em></span> <span class='ocrx_word' id='word_1_16' title='bbox 2796 380 2822 433; x_wconf 90' lang='grc' dir='ltr'><strong>ὀ</strong></span> <span class='ocrx_word' id='word_1_17' title='bbox 2856 388 3093 457; x_wconf 80' lang='grc' dir='ltr'><strong>Χριστοῦ</strong></span> <span class='ocrx_word' id='word_1_18' title='bbox 3130 385 3425 458; x_wconf 77' lang='grc' dir='ltr'>χαρακτὴρ,</span> <span class='ocrx_word' id='word_1_19' title='bbox 3476 372 3785 443; x_wconf 8' lang='grc' dir='ltr'>τῆςχθεοτόο</span> 
     </span>
    </p>
   </div>
   <div class='ocr_carea' id='block_1_6' title="bbox 429 470 2082 542">
    <p class='ocr_par' dir='ltr' id='par_1_6' title="bbox 429 470 2082 542">
     <span class='ocr_line' id='line_1_6' title="bbox 429 470 2082 542; baseline -0.001 -14"><span class='ocrx_word' id='word_1_20' title='bbox 429 472 506 528; x_wconf 92' lang='lat' dir='ltr'><strong>de</strong></span> <span class='ocrx_word' id='word_1_21' title='bbox 532 472 706 529; x_wconf 90' lang='lat' dir='ltr'><strong>nobis</strong></span> <span class='ocrx_word' id='word_1_22' title='bbox 732 471 1099 529; x_wconf 76' lang='lat' dir='ltr'><strong>Christianis.</strong></span> <span class='ocrx_word' id='word_1_23' title='bbox 1126 473 1615 542; x_wconf 73' lang='lat' dir='ltr'><strong>Pracoccupemus</strong></span> <span class='ocrx_word' id='word_1_24' title='bbox 1640 473 1856 541; x_wconf 83' lang='lat' dir='ltr'><strong>faciem</strong></span> <span class='ocrx_word' id='word_1_25' title='bbox 1873 470 2082 527; x_wconf 84' lang='lat' dir='ltr'><strong>Christi</strong></span> 
     </span>
    </p>
   </div>
   <div class='ocr_carea' id='block_1_7' title="bbox 428 561 2079 633">
    <p class='ocr_par' dir='ltr' id='par_1_7' title="bbox 428 561 2079 633">
     <span class='ocr_line' id='line_1_7' title="bbox 428 561 2079 633; baseline -0.001 -17"><span class='ocrx_word' id='word_1_26' title='bbox 428 563 495 618; x_wconf 75' lang='lat' dir='ltr'><strong>in</strong></span> <span class='ocrx_word' id='word_1_27' title='bbox 515 562 879 632; x_wconf 81' lang='lat' dir='ltr'><strong>confessione</strong></span> <span class='ocrx_word' id='word_1_28' title='bbox 902 562 1020 619; x_wconf 81' lang='grc'>⁸³.⁸¹</span> <span class='ocrx_word' id='word_1_29' title='bbox 1053 580 1066 620; x_wconf 92' lang='lat'>:</span> <span class='ocrx_word' id='word_1_30' title='bbox 1095 561 1390 616; x_wconf 80' lang='lat' dir='ltr'><strong>Christum</strong></span> <span class='ocrx_word' id='word_1_31' title='bbox 1414 561 1870 633; x_wconf 81' lang='lat' dir='ltr'><strong>amplectamur,</strong></span> <span class='ocrx_word' id='word_1_32' title='bbox 1897 575 2079 633; x_wconf 86' lang='lat' dir='ltr'><strong>quem</strong></span> 
     </span>
    </p>
   </div>
   <div class='ocr_carea' id='block_1_8' title="bbox 432 649 2075 724">
    <p class='ocr_par' dir='ltr' id='par_1_8' title="bbox 432 649 2075 724">
     <span class='ocr_line' id='line_1_8' title="bbox 432 649 2075 724; baseline -0.002 -17"><span class='ocrx_word' id='word_1_33' title='bbox 432 667 537 724; x_wconf 92' lang='lat' dir='ltr'><strong>per</strong></span> <span class='ocrx_word' id='word_1_34' title='bbox 564 651 758 721; x_wconf 85' lang='lat' dir='ltr'><strong>ipsius</strong></span> <span class='ocrx_word' id='word_1_35' title='bbox 785 656 1003 706; x_wconf 71' lang='lat' dir='ltr'><strong>sanctas</strong></span> <span class='ocrx_word' id='word_1_36' title='bbox 1025 649 1308 720; x_wconf 90' lang='lat' dir='ltr'><strong>imaginis</strong></span> <span class='ocrx_word' id='word_1_37' title='bbox 1329 656 1740 722; x_wconf 90' lang='lat' dir='ltr'><strong>contemptum</strong></span> <span class='ocrx_word' id='word_1_38' title='bbox 1762 665 2075 721; x_wconf 80' lang='lat' dir='ltr'><strong>negamus.</strong></span> 
     </span>
    </p>
   </div>
   <div class='ocr_carea' id='block_1_9' title="bbox 556 824 1950 895">
    <p class='ocr_par' dir='ltr' id='par_1_9' title="bbox 556 824 1950 895">
     <span class='ocr_line' id='line_1_9' title="bbox 556 824 1950 895; baseline -0.003 -12"><span class='ocrx_word' id='word_1_39' title='bbox 556 829 805 884; x_wconf 84' lang='lat' dir='ltr'><strong>LXXXII.</strong></span> <span class='ocrx_word' id='word_1_40' title='bbox 825 856 895 871; x_wconf 90' lang='lat'><strong><em>—</em></strong></span> <span class='ocrx_word' id='word_1_41' title='bbox 924 824 1281 884; x_wconf 79' lang='lat' dir='ltr'><strong>Demochari</strong></span> <span class='ocrx_word' id='word_1_42' title='bbox 1304 825 1636 895; x_wconf 77' lang='lat' dir='ltr'><strong>Logotheta:</strong></span> <span class='ocrx_word' id='word_1_43' title='bbox 1659 825 1950 895; x_wconf 76' lang='lat' dir='ltr'><strong>generali.</strong></span> 
     </span>
    </p>
   </div>
   <div class='ocr_carea' id='block_1_10' title="bbox 2192 470 3781 545">
    <p class='ocr_par' dir='ltr' id='par_1_10' title="bbox 2192 470 3781 545">
     <span class='ocr_line' id='line_1_10' title="bbox 2192 470 3781 545; baseline 0 -24"><span class='ocrx_word' id='word_1_44' title='bbox 2192 489 2305 536; x_wconf 85' lang='grc' dir='ltr'>κου,</span> <span class='ocrx_word' id='word_1_45' title='bbox 2340 470 2623 522; x_wconf 87' lang='grc' dir='ltr'>εὶτινοσοῦν</span> <span class='ocrx_word' id='word_1_46' title='bbox 2676 479 2775 522; x_wconf 85' lang='grc' dir='ltr'>τῶν</span> <span class='ocrx_word' id='word_1_47' title='bbox 2832 470 3023 543; x_wconf 84' lang='grc' dir='ltr'>ἁγίων,</span> <span class='ocrx_word' id='word_1_48' title='bbox 3088 477 3399 545; x_wconf 81' lang='grc' dir='ltr'><strong>Χριστιανοὶ</strong></span> <span class='ocrx_word' id='word_1_49' title='bbox 3432 470 3781 544; x_wconf 85' lang='grc' dir='ltr'>ἀπολλύμεθα.</span> 
     </span>
    </p>
   </div>
   <div class='ocr_carea' id='block_1_11' title="bbox 2191 560 3789 634">
    <p class='ocr_par' dir='ltr' id='par_1_11' title="bbox 2191 560 3789 634">
     <span class='ocr_line' id='line_1_11' title="bbox 2191 560 3789 634; baseline 0.001 -23"><span class='ocrx_word' id='word_1_50' title='bbox 2191 560 2673 633; x_wconf 78' lang='grc' dir='ltr'>Προφθάσωμεν</span> <span class='ocrx_word' id='word_1_51' title='bbox 2724 562 2792 612; x_wconf 88' lang='grc' dir='ltr'>τὸ</span> <span class='ocrx_word' id='word_1_52' title='bbox 2828 566 3171 633; x_wconf 85' lang='grc' dir='ltr'>πρόσωπον</span> <span class='ocrx_word' id='word_1_53' title='bbox 3201 568 3435 634; x_wconf 82' lang='grc' dir='ltr'><strong>Χριστοῦ</strong></span> <span class='ocrx_word' id='word_1_54' title='bbox 3486 560 3546 613; x_wconf 74' lang='grc' dir='ltr'>ἐν</span> <span class='ocrx_word' id='word_1_55' title='bbox 3578 561 3789 632; x_wconf 76' lang='grc' dir='ltr'>ἑξομο-</span> 
     </span>
    </p>
   </div>
   <div class='ocr_carea' id='block_1_12' title="bbox 2189 646 3790 722">
    <p class='ocr_par' dir='ltr' id='par_1_12' title="bbox 2189 646 3790 722">
     <span class='ocr_line' id='line_1_12' title="bbox 2189 646 3790 722; baseline 0.001 -23"><span class='ocrx_word' id='word_1_56' title='bbox 2189 646 2335 707; x_wconf 89' lang='grc' dir='ltr'>λολή</span> <span class='ocrx_word' id='word_1_57' title='bbox 2354 667 2452 701; x_wconf 89' lang='grc' dir='ltr'><strong>σει</strong></span> <span class='ocrx_word' id='word_1_58' title='bbox 2485 665 2499 679; x_wconf 70' lang='grc' dir='ltr'><strong>ο</strong></span> <span class='ocrx_word' id='word_1_59' title='bbox 2552 646 2914 721; x_wconf 84' lang='grc' dir='ltr'>ἀσπασώμεθα</span> <span class='ocrx_word' id='word_1_60' title='bbox 2970 653 3222 722; x_wconf 84' lang='grc' dir='ltr'>Χριστόν,</span> <span class='ocrx_word' id='word_1_61' title='bbox 3280 652 3333 702; x_wconf 88' lang='grc' dir='ltr'>ὃν</span> <span class='ocrx_word' id='word_1_62' title='bbox 3366 647 3437 703; x_wconf 79' lang='grc' dir='ltr'><strong>δι’</strong></span> <span class='ocrx_word' id='word_1_63' title='bbox 3494 650 3790 711; x_wconf 62' lang='lat' dir='ltr'><strong>aeneam;</strong></span> 
     </span>
    </p>
   </div>
   <div class='ocr_carea' id='block_1_13' title="bbox 2186 737 3203 814">
    <p class='ocr_par' dir='ltr' id='par_1_13' title="bbox 2186 737 3203 814">
     <span class='ocr_line' id='line_1_13' title="bbox 2186 737 3203 814; baseline 0.005 -25"><span class='ocrx_word' id='word_1_64' title='bbox 2186 747 2278 799; x_wconf 88' lang='grc' dir='ltr'>τῆς</span> <span class='ocrx_word' id='word_1_65' title='bbox 2310 737 2472 790; x_wconf 88' lang='grc' dir='ltr'>αὐτοῦ</span> <span class='ocrx_word' id='word_1_66' title='bbox 2503 737 2653 809; x_wconf 85' lang='grc' dir='ltr'>ἁγίας</span> <span class='ocrx_word' id='word_1_67' title='bbox 2676 738 2867 800; x_wconf 80' lang='grc' dir='ltr'><strong>εἰκόνος</strong></span> <span class='ocrx_word' id='word_1_68' title='bbox 2892 738 3203 814; x_wconf 81' lang='grc' dir='ltr'>ἀρνούμεθα,</span> 
     </span>
    </p>
   </div>
   <div class='ocr_carea' id='block_1_14' title="bbox 2190 827 3790 903">
    <p class='ocr_par' dir='ltr' id='par_1_14' title="bbox 2190 827 3790 903">
     <span class='ocr_line' id='line_1_14' title="bbox 2190 827 3790 903; baseline -0.001 -23"><span class='ocrx_word' id='word_1_69' title='bbox 2190 827 2317 882; x_wconf 85' lang='grc' dir='ltr'><strong>ΠΒ’.</strong></span> <span class='ocrx_word' id='word_1_70' title='bbox 2368 859 2437 869; x_wconf 90' lang='grc'><strong>-</strong></span> <span class='ocrx_word' id='word_1_71' title='bbox 2485 832 2841 903; x_wconf 81' lang='grc' dir='ltr'>Δημόχαρι</span> <span class='ocrx_word' id='word_1_72' title='bbox 2880 832 3208 902; x_wconf 73' lang='grc' dir='ltr'>Λογοθέτη</span> <span class='ocrx_word' id='word_1_73' title='bbox 3267 836 3516 901; x_wconf 82' lang='grc' dir='ltr'>γενικῷ,</span> <span class='ocrx_word' id='word_1_74' title='bbox 3631 827 3790 902; x_wconf 57' lang='grc' dir='ltr'><strong>[νϐ’]</strong></span> 
     </span>
    </p>
   </div>
   <div class='ocr_carea' id='block_1_15' title="bbox 495 933 3718 1000">
    <p class='ocr_par' dir='ltr' id='par_1_15' title="bbox 495 933 3718 1000">
     <span class='ocr_line' id='line_1_15' title="bbox 495 933 3718 1000; baseline 0 -13"><span class='ocrx_word' id='word_1_75' title='bbox 495 936 700 987; x_wconf 80' lang='lat' dir='ltr'><strong>Laudat</strong></span> <span class='ocrx_word' id='word_1_76' title='bbox 715 936 855 1000; x_wconf 90' lang='lat' dir='ltr'><strong>quod</strong></span> <span class='ocrx_word' id='word_1_77' title='bbox 874 935 1099 998; x_wconf 91' lang='lat' dir='ltr'><strong>impium</strong></span> <span class='ocrx_word' id='word_1_78' title='bbox 1124 934 1385 984; x_wconf 87' lang='lat' dir='ltr'><strong>Joannem</strong></span> <span class='ocrx_word' id='word_1_79' title='bbox 1398 948 1494 997; x_wconf 89' lang='lat' dir='ltr'><strong>pro</strong></span> <span class='ocrx_word' id='word_1_80' title='bbox 1518 933 1718 983; x_wconf 87' lang='lat' dir='ltr'><strong>meritis</strong></span> <span class='ocrx_word' id='word_1_81' title='bbox 1730 935 2033 997; x_wconf 86' lang='lat' dir='ltr'><strong>coarguerit</strong></span> <span class='ocrx_word' id='word_1_82' title='bbox 2051 948 2064 983; x_wconf 89' lang='lat'><strong>:</strong></span> <span class='ocrx_word' id='word_1_83' title='bbox 2083 941 2198 984; x_wconf 90' lang='lat' dir='ltr'><strong>tum</strong></span> <span class='ocrx_word' id='word_1_84' title='bbox 2215 938 2275 985; x_wconf 88' lang='lat' dir='ltr'><strong>ut</strong></span> <span class='ocrx_word' id='word_1_85' title='bbox 2288 948 2379 999; x_wconf 90' lang='lat' dir='ltr'><strong>pro</strong></span> <span class='ocrx_word' id='word_1_86' title='bbox 2395 935 2499 984; x_wconf 86' lang='lat' dir='ltr'><strong>fide</strong></span> <span class='ocrx_word' id='word_1_87' title='bbox 2512 934 2658 998; x_wconf 86' lang='lat' dir='ltr'><strong>apud</strong></span> <span class='ocrx_word' id='word_1_88' title='bbox 2670 937 3049 998; x_wconf 80' lang='lat' dir='ltr'><strong>imperatorem</strong></span> <span class='ocrx_word' id='word_1_89' title='bbox 3072 949 3229 1000; x_wconf 88' lang='lat' dir='ltr'><strong>agere</strong></span> <span class='ocrx_word' id='word_1_90' title='bbox 3253 940 3439 999; x_wconf 85' lang='lat' dir='ltr'><strong>pergat</strong></span> <span class='ocrx_word' id='word_1_91' title='bbox 3454 936 3718 989; x_wconf 86' lang='lat' dir='ltr'><strong>hortatur.</strong></span> 
     </span>
    </p>
   </div>
   <div class='ocr_carea' id='block_1_16' title="bbox 503 1029 2082 1105">
    <p class='ocr_par' dir='ltr' id='par_1_16' title="bbox 503 1029 2082 1105">
     <span class='ocr_line' id='line_1_16' title="bbox 503 1029 2082 1105; baseline -0.002 -16"><span class='ocrx_word' id='word_1_92' title='bbox 503 1034 780 1089; x_wconf 84' lang='lat' dir='ltr'><strong>Virorum</strong></span> <span class='ocrx_word' id='word_1_93' title='bbox 836 1032 1165 1105; x_wconf 89' lang='lat' dir='ltr'><strong>proborum</strong></span> <span class='ocrx_word' id='word_1_94' title='bbox 1223 1029 1546 1086; x_wconf 75' lang='lat' dir='ltr'><strong>affabilitas</strong></span> <span class='ocrx_word' id='word_1_95' title='bbox 1602 1030 1679 1085; x_wconf 87' lang='lat' dir='ltr'><strong>ad</strong></span> <span class='ocrx_word' id='word_1_96' title='bbox 1744 1046 1846 1085; x_wconf 93' lang='lat' dir='ltr'><strong>eos</strong></span> <span class='ocrx_word' id='word_1_97' title='bbox 1900 1031 2082 1086; x_wconf 87' lang='lat' dir='ltr'><strong>libere</strong></span> 
     </span>
    </p>
   </div>
   <div class='ocr_carea' id='block_1_17' title="bbox 432 1120 2079 1192">
    <p class='ocr_par' dir='ltr' id='par_1_17' title="bbox 432 1120 2079 1192">
     <span class='ocr_line' id='line_1_17' title="bbox 432 1120 2079 1192; baseline -0.004 -12"><span class='ocrx_word' id='word_1_98' title='bbox 432 1122 697 1180; x_wconf 86' lang='lat' dir='ltr'><strong>adeundi</strong></span> <span class='ocrx_word' id='word_1_99' title='bbox 746 1123 839 1177; x_wconf 89' lang='lat' dir='ltr'><strong>vel</strong></span> <span class='ocrx_word' id='word_1_100' title='bbox 911 1121 1118 1192; x_wconf 91' lang='lat' dir='ltr'><strong>ignoto</strong></span> <span class='ocrx_word' id='word_1_101' title='bbox 1180 1120 1397 1191; x_wconf 87' lang='lat' dir='ltr'><strong>cuique</strong></span> <span class='ocrx_word' id='word_1_102' title='bbox 1450 1125 1802 1191; x_wconf 90' lang='lat' dir='ltr'><strong>potestatem</strong></span> <span class='ocrx_word' id='word_1_103' title='bbox 1872 1120 2011 1175; x_wconf 86' lang='lat' dir='ltr'><strong>facit</strong></span> <span class='ocrx_word' id='word_1_104' title='bbox 2066 1140 2079 1173; x_wconf 93' lang='lat'>:</span> 
     </span>
    </p>
   </div>
   <div class='ocr_carea' id='block_1_18' title="bbox 431 1208 2081 1281">
    <p class='ocr_par' dir='ltr' id='par_1_18' title="bbox 431 1208 2081 1281">
     <span class='ocr_line' id='line_1_18' title="bbox 431 1208 2081 1281; baseline -0.002 -12"><span class='ocrx_word' id='word_1_105' title='bbox 431 1212 620 1269; x_wconf 92' lang='lat' dir='ltr'><strong>multo</strong></span> <span class='ocrx_word' id='word_1_106' title='bbox 670 1212 860 1281; x_wconf 88' lang='lat' dir='ltr'><strong>magis</strong></span> <span class='ocrx_word' id='word_1_107' title='bbox 890 1211 960 1265; x_wconf 89' lang='lat' dir='ltr'><strong>iis</strong></span> <span class='ocrx_word' id='word_1_108' title='bbox 1012 1224 1115 1281; x_wconf 87' lang='lat' dir='ltr'><strong>qui</strong></span> <span class='ocrx_word' id='word_1_109' title='bbox 1163 1215 1219 1264; x_wconf 89' lang='lat' dir='ltr'><strong>et</strong></span> <span class='ocrx_word' id='word_1_110' title='bbox 1256 1209 1378 1264; x_wconf 92' lang='lat' dir='ltr'><strong>noti</strong></span> <span class='ocrx_word' id='word_1_111' title='bbox 1423 1213 1581 1273; x_wconf 91' lang='lat' dir='ltr'><strong>sunt,</strong></span> <span class='ocrx_word' id='word_1_112' title='bbox 1633 1214 1689 1263; x_wconf 91' lang='lat' dir='ltr'><strong>et</strong></span> <span class='ocrx_word' id='word_1_113' title='bbox 1730 1208 2081 1265; x_wconf 91' lang='lat' dir='ltr'><strong>eorumdem</strong></span> 
     </span>
    </p>
   </div>
   <div class='ocr_carea' id='block_1_19' title="bbox 432 1296 2082 1371">
    <p class='ocr_par' dir='ltr' id='par_1_19' title="bbox 432 1296 2082 1371">
     <span class='ocr_line' id='line_1_19' title="bbox 432 1296 2082 1371; baseline -0.002 -15"><span class='ocrx_word' id='word_1_114' title='bbox 432 1301 728 1357; x_wconf 86' lang='lat' dir='ltr'><strong>comitatis</strong></span> <span class='ocrx_word' id='word_1_115' title='bbox 759 1298 1229 1371; x_wconf 85' lang='lat' dir='ltr'><strong>experimentum</strong></span> <span class='ocrx_word' id='word_1_116' title='bbox 1259 1312 1491 1368; x_wconf 89' lang='lat' dir='ltr'><strong>cepere.</strong></span> <span class='ocrx_word' id='word_1_117' title='bbox 1530 1299 1610 1351; x_wconf 89' lang='lat' dir='ltr'><strong>Ea</strong></span> <span class='ocrx_word' id='word_1_118' title='bbox 1638 1312 1699 1351; x_wconf 89' lang='lat' dir='ltr'><strong>re</strong></span> <span class='ocrx_word' id='word_1_119' title='bbox 1730 1296 1938 1352; x_wconf 86' lang='lat' dir='ltr'><strong>conﬁsi</strong></span> <span class='ocrx_word' id='word_1_120' title='bbox 1969 1313 2082 1353; x_wconf 92' lang='lat' dir='ltr'><strong>nos</strong></span> 
     </span>
    </p>
   </div>
   <div class='ocr_carea' id='block_1_20' title="bbox 2263 1029 3792 1108">
    <p class='ocr_par' dir='ltr' id='par_1_20' title="bbox 2263 1029 3792 1108">
     <span class='ocr_line' id='line_1_20' title="bbox 2263 1029 3792 1108; baseline -0.001 -24"><span class='ocrx_word' id='word_1_121' title='bbox 2263 1031 2320 1084; x_wconf 77' lang='grc' dir='ltr'><strong>Ἠ</strong></span> <span class='ocrx_word' id='word_1_122' title='bbox 2353 1040 2452 1083; x_wconf 89' lang='grc' dir='ltr'>τῶν</span> <span class='ocrx_word' id='word_1_123' title='bbox 2502 1031 2710 1103; x_wconf 85' lang='grc' dir='ltr'>ἀγαθῶν</span> <span class='ocrx_word' id='word_1_124' title='bbox 2764 1030 2966 1105; x_wconf 84' lang='grc' dir='ltr'>ἀνδρῶν</span> <span class='ocrx_word' id='word_1_125' title='bbox 3018 1034 3239 1097; x_wconf 74' lang='grc' dir='ltr'><strong>ἔντευξις</strong></span> <span class='ocrx_word' id='word_1_126' title='bbox 3266 1033 3564 1108; x_wconf 81' lang='grc' dir='ltr'>παρῥησίαν</span> <span class='ocrx_word' id='word_1_127' title='bbox 3593 1029 3792 1084; x_wconf 83' lang='grc' dir='ltr'>δίδωσι</span> 
     </span>
    </p>
   </div>
   <div class='ocr_carea' id='block_1_21' title="bbox 2191 1120 3791 1196">
    <p class='ocr_par' dir='ltr' id='par_1_21' title="bbox 2191 1120 3791 1196">
     <span class='ocr_line' id='line_1_21' title="bbox 2191 1120 3791 1196; baseline 0 -24"><span class='ocrx_word' id='word_1_128' title='bbox 2191 1127 2280 1174; x_wconf 81' lang='grc' dir='ltr'>καὶ</span> <span class='ocrx_word' id='word_1_129' title='bbox 2329 1125 2446 1181; x_wconf 86' lang='grc' dir='ltr'>τοὺς</span> <span class='ocrx_word' id='word_1_130' title='bbox 2499 1120 2727 1193; x_wconf 83' lang='grc' dir='ltr'>ἀγνῶτας</span> <span class='ocrx_word' id='word_1_131' title='bbox 2784 1127 2909 1196; x_wconf 88' lang='grc' dir='ltr'>πρὸς</span> <span class='ocrx_word' id='word_1_132' title='bbox 2939 1125 3127 1185; x_wconf 78' lang='grc' dir='ltr'>αὐτοὺς</span> <span class='ocrx_word' id='word_1_133' title='bbox 3174 1125 3349 1175; x_wconf 81' lang='grc' dir='ltr'>ἵεσθαι</span> <span class='ocrx_word' id='word_1_134' title='bbox 3377 1140 3390 1153; x_wconf 83' lang='grc'><em>’</em></span> <span class='ocrx_word' id='word_1_135' title='bbox 3450 1128 3519 1196; x_wconf 78' lang='grc' dir='ltr'>μὴ</span> <span class='ocrx_word' id='word_1_136' title='bbox 3563 1122 3641 1173; x_wconf 84' lang='grc' dir='ltr'><strong>ὁτι</strong></span> <span class='ocrx_word' id='word_1_137' title='bbox 3670 1124 3791 1182; x_wconf 84' lang='grc' dir='ltr'>τοὺς</span> 
     </span>
    </p>
   </div>
   <div class='ocr_carea' id='block_1_22' title="bbox 2190 1209 3796 1285">
    <p class='ocr_par' dir='ltr' id='par_1_22' title="bbox 2190 1209 3796 1285">
     <span class='ocr_line' id='line_1_22' title="bbox 2190 1209 3796 1285; baseline -0.001 -24"><span class='ocrx_word' id='word_1_138' title='bbox 2190 1214 2499 1284; x_wconf 73' lang='grc' dir='ltr'><strong>γνωρίμους,</strong></span> <span class='ocrx_word' id='word_1_139' title='bbox 2556 1215 2649 1262; x_wconf 85' lang='grc' dir='ltr'>καὶ</span> <span class='ocrx_word' id='word_1_140' title='bbox 2705 1218 2803 1272; x_wconf 83' lang='grc' dir='ltr'>τῆς</span> <span class='ocrx_word' id='word_1_141' title='bbox 2852 1212 3021 1263; x_wconf 86' lang='grc' dir='ltr'>αὐτῶν</span> <span class='ocrx_word' id='word_1_142' title='bbox 3063 1212 3426 1284; x_wconf 72' lang='grc' dir='ltr'><strong>εὐθημοσύνης</strong></span> <span class='ocrx_word' id='word_1_143' title='bbox 3483 1219 3660 1285; x_wconf 80' lang='grc' dir='ltr'>πεῖραν</span> <span class='ocrx_word' id='word_1_144' title='bbox 3725 1209 3796 1262; x_wconf 82' lang='grc' dir='ltr'><strong>εἰ-</strong></span> 
     </span>
    </p>
   </div>
   <div class='ocr_carea' id='block_1_23' title="bbox 2190 1298 3791 1375">
    <p class='ocr_par' dir='ltr' id='par_1_23' title="bbox 2190 1298 3791 1375">
     <span class='ocr_line' id='line_1_23' title="bbox 2190 1298 3791 1375; baseline 0 -25"><span class='ocrx_word' id='word_1_145' title='bbox 2190 1298 2434 1370; x_wconf 74' lang='grc' dir='ltr'>ληφότας.</span> <span class='ocrx_word' id='word_1_146' title='bbox 2486 1302 2582 1351; x_wconf 84' lang='grc' dir='ltr'><strong>Διὰ</strong></span> <span class='ocrx_word' id='word_1_147' title='bbox 2626 1307 2780 1352; x_wconf 86' lang='grc' dir='ltr'>τοῦτο</span> <span class='ocrx_word' id='word_1_148' title='bbox 2837 1299 3212 1375; x_wconf 73' lang='grc' dir='ltr'>τεθαρρηκότες</span> <span class='ocrx_word' id='word_1_149' title='bbox 3258 1303 3307 1353; x_wconf 87' lang='grc' dir='ltr'>οἰ</span> <span class='ocrx_word' id='word_1_150' title='bbox 3352 1305 3606 1365; x_wconf 77' lang='grc' dir='ltr'>ταπεινοὶ,</span> <span class='ocrx_word' id='word_1_151' title='bbox 3678 1298 3791 1351; x_wconf 81' lang='grc' dir='ltr'>ἔπι-</span> 
     </span>
    </p>
   </div>
   <div class='ocr_carea' id='block_1_24' title="bbox 431 1386 2087 1463">
    <p class='ocr_par' dir='ltr' id='par_1_24' title="bbox 431 1386 2083 1455">
     <span class='ocr_line' id='line_1_24' title="bbox 431 1386 2083 1455; baseline -0.002 -10"><span class='ocrx_word' id='word_1_152' title='bbox 431 1388 709 1455; x_wconf 88' lang='lat' dir='ltr'><strong>humiles,</strong></span> <span class='ocrx_word' id='word_1_153' title='bbox 745 1389 822 1443; x_wconf 92' lang='lat' dir='ltr'><strong>ad</strong></span> <span class='ocrx_word' id='word_1_154' title='bbox 861 1386 1143 1443; x_wconf 82' lang='lat' dir='ltr'><strong>eximiam</strong></span> <span class='ocrx_word' id='word_1_155' title='bbox 1174 1392 1229 1440; x_wconf 91' lang='lat' dir='ltr'><strong>et</strong></span> <span class='ocrx_word' id='word_1_156' title='bbox 1266 1386 1773 1455; x_wconf 83' lang='lat' dir='ltr'><strong>religiosissimam</strong></span> <span class='ocrx_word' id='word_1_157' title='bbox 1810 1387 2083 1455; x_wconf 87' lang='lat' dir='ltr'><strong>magniﬁ-</strong></span> 
     </span>
    </p>
   </div>
   <div class='ocr_carea' id='block_1_25' title="bbox 2201 1386 3799 1463">
    <p class='ocr_par' dir='ltr' id='par_1_25' title="bbox 2201 1387 3799 1463">
     <span class='ocr_line' id='line_1_25' title="bbox 2201 1387 3799 1463; baseline 0 -23"><span class='ocrx_word' id='word_1_158' title='bbox 2201 1387 2462 1459; x_wconf 79' lang='grc' dir='ltr'>στελλομεν</span> <span class='ocrx_word' id='word_1_159' title='bbox 2516 1395 2578 1461; x_wconf 74' lang='grc' dir='ltr'>τῇ</span> <span class='ocrx_word' id='word_1_160' title='bbox 2634 1390 2883 1462; x_wconf 73' lang='grc' dir='ltr'><strong>ὑπερφυεῖ</strong></span> <span class='ocrx_word' id='word_1_161' title='bbox 2934 1395 3024 1441; x_wconf 84' lang='grc' dir='ltr'><strong>καί</strong></span> <span class='ocrx_word' id='word_1_162' title='bbox 3082 1389 3432 1463; x_wconf 71' lang='grc' dir='ltr'>εὐσεϐεστάτη</span> <span class='ocrx_word' id='word_1_163' title='bbox 3488 1409 3584 1442; x_wconf 91' lang='grc' dir='ltr'><strong>σου</strong></span> <span class='ocrx_word' id='word_1_164' title='bbox 3632 1407 3799 1461; x_wconf 86' lang='grc' dir='ltr'>μεγα-</span> 
     </span>
    </p>
   </div>
   <div class='ocr_carea' id='block_1_26' title="bbox 433 1474 2085 1543">
    <p class='ocr_par' dir='ltr' id='par_1_26' title="bbox 433 1474 2085 1543">
     <span class='ocr_line' id='line_1_26' title="bbox 433 1474 2085 1543; baseline -0.002 -9"><span class='ocrx_word' id='word_1_165' title='bbox 433 1479 690 1534; x_wconf 89' lang='lat' dir='ltr'><strong>centiam</strong></span> <span class='ocrx_word' id='word_1_166' title='bbox 720 1483 883 1533; x_wconf 90' lang='lat' dir='ltr'><strong>tuam</strong></span> <span class='ocrx_word' id='word_1_167' title='bbox 906 1476 1132 1531; x_wconf 83' lang='lat' dir='ltr'><strong>litteras</strong></span> <span class='ocrx_word' id='word_1_168' title='bbox 1159 1474 1502 1540; x_wconf 86' lang='lat' dir='ltr'><strong>scribimus,</strong></span> <span class='ocrx_word' id='word_1_169' title='bbox 1528 1474 1893 1543; x_wconf 81' lang='lat' dir='ltr'><strong>gratulantes</strong></span> <span class='ocrx_word' id='word_1_170' title='bbox 1919 1476 1988 1540; x_wconf 92' lang='lat' dir='ltr'><strong>ei,</strong></span> <span class='ocrx_word' id='word_1_171' title='bbox 2024 1482 2085 1531; x_wconf 89' lang='lat' dir='ltr'><strong>ut</strong></span> 
     </span>
    </p>
   </div>
   <div class='ocr_carea' id='block_1_27' title="bbox 433 1564 2082 1641">
    <p class='ocr_par' dir='ltr' id='par_1_27' title="bbox 433 1564 2082 1641">
     <span class='ocr_line' id='line_1_27' title="bbox 433 1564 2082 1641; baseline -0.004 -17"><span class='ocrx_word' id='word_1_172' title='bbox 433 1583 543 1641; x_wconf 90' lang='lat' dir='ltr'><strong>par</strong></span> <span class='ocrx_word' id='word_1_173' title='bbox 573 1574 679 1632; x_wconf 90' lang='lat' dir='ltr'><strong>est,</strong></span> <span class='ocrx_word' id='word_1_174' title='bbox 712 1566 877 1638; x_wconf 88' lang='lat' dir='ltr'><strong>quod</strong></span> <span class='ocrx_word' id='word_1_175' title='bbox 908 1566 988 1620; x_wconf 89' lang='lat' dir='ltr'><strong>sis</strong></span> <span class='ocrx_word' id='word_1_176' title='bbox 1025 1564 1253 1637; x_wconf 89' lang='lat' dir='ltr'><strong>optima</strong></span> <span class='ocrx_word' id='word_1_177' title='bbox 1283 1565 1501 1619; x_wconf 87' lang='lat' dir='ltr'><strong>radicis</strong></span> <span class='ocrx_word' id='word_1_178' title='bbox 1530 1564 1782 1633; x_wconf 69' lang='lat' dir='ltr'><strong>egregia:</strong></span> <span class='ocrx_word' id='word_1_179' title='bbox 1823 1565 2082 1630; x_wconf 86' lang='lat' dir='ltr'><strong>soboles,</strong></span> 
     </span>
    </p>
   </div>
   <div class='ocr_carea' id='block_1_28' title="bbox 432 1653 2088 1729">
    <p class='ocr_par' dir='ltr' id='par_1_28' title="bbox 432 1653 2088 1729">
     <span class='ocr_line' id='line_1_28' title="bbox 432 1653 2088 1729; baseline -0.004 -18"><span class='ocrx_word' id='word_1_180' title='bbox 432 1657 599 1729; x_wconf 90' lang='lat' dir='ltr'><strong>quod</strong></span> <span class='ocrx_word' id='word_1_181' title='bbox 622 1656 855 1725; x_wconf 82' lang='lat' dir='ltr'><strong>sagacis</strong></span> <span class='ocrx_word' id='word_1_182' title='bbox 878 1654 1209 1727; x_wconf 65' lang='lat' dir='ltr'><strong>prudentiae</strong></span> <span class='ocrx_word' id='word_1_183' title='bbox 1234 1654 1509 1708; x_wconf 89' lang='lat' dir='ltr'><strong>divinum</strong></span> <span class='ocrx_word' id='word_1_184' title='bbox 1521 1669 1694 1723; x_wconf 91' lang='lat' dir='ltr'><strong>opus,</strong></span> <span class='ocrx_word' id='word_1_185' title='bbox 1715 1653 1880 1721; x_wconf 89' lang='lat' dir='ltr'><strong>quod</strong></span> <span class='ocrx_word' id='word_1_186' title='bbox 1896 1654 2088 1708; x_wconf 88' lang='lat' dir='ltr'><strong>multi-</strong></span> 
     </span>
    </p>
   </div>
   <div class='ocr_carea' id='block_1_29' title="bbox 432 1743 2087 1817">
    <p class='ocr_par' dir='ltr' id='par_1_29' title="bbox 432 1743 2087 1817">
     <span class='ocr_line' id='line_1_29' title="bbox 432 1743 2087 1817; baseline -0.002 -16"><span class='ocrx_word' id='word_1_187' title='bbox 432 1746 602 1817; x_wconf 90' lang='lat' dir='ltr'><strong>plicis</strong></span> <span class='ocrx_word' id='word_1_188' title='bbox 647 1745 1029 1800; x_wconf 87' lang='lat' dir='ltr'><strong>institutionis</strong></span> <span class='ocrx_word' id='word_1_189' title='bbox 1078 1743 1262 1797; x_wconf 92' lang='lat' dir='ltr'><strong>decus</strong></span> <span class='ocrx_word' id='word_1_190' title='bbox 1309 1743 1710 1814; x_wconf 83' lang='lat' dir='ltr'><strong>expetendum</strong></span> <span class='ocrx_word' id='word_1_191' title='bbox 1763 1762 1777 1798; x_wconf 90' lang='lat'><strong>:</strong></span> <span class='ocrx_word' id='word_1_192' title='bbox 1826 1744 1983 1797; x_wconf 90' lang='lat' dir='ltr'><strong>unde</strong></span> <span class='ocrx_word' id='word_1_193' title='bbox 2030 1749 2087 1798; x_wconf 89' lang='lat' dir='ltr'><strong>et</strong></span> 
     </span>
    </p>
   </div>
   <div class='ocr_carea' id='block_1_30' title="bbox 434 1834 2086 1906">
    <p class='ocr_par' dir='ltr' id='par_1_30' title="bbox 434 1834 2086 1906">
     <span class='ocr_line' id='line_1_30' title="bbox 434 1834 2086 1906; baseline -0.003 -14"><span class='ocrx_word' id='word_1_194' title='bbox 434 1837 680 1905; x_wconf 85' lang='lat' dir='ltr'><strong>regibus</strong></span> <span class='ocrx_word' id='word_1_195' title='bbox 723 1840 1005 1906; x_wconf 88' lang='lat' dir='ltr'><strong>acceptus</strong></span> <span class='ocrx_word' id='word_1_196' title='bbox 1030 1848 1117 1899; x_wconf 90' lang='lat' dir='ltr'><strong>es,</strong></span> <span class='ocrx_word' id='word_1_197' title='bbox 1158 1839 1213 1887; x_wconf 91' lang='lat' dir='ltr'><strong>et</strong></span> <span class='ocrx_word' id='word_1_198' title='bbox 1246 1834 1522 1887; x_wconf 89' lang='lat' dir='ltr'><strong>omnium</strong></span> <span class='ocrx_word' id='word_1_199' title='bbox 1547 1846 1648 1886; x_wconf 90' lang='lat' dir='ltr'><strong>ore</strong></span> <span class='ocrx_word' id='word_1_200' title='bbox 1692 1848 1761 1886; x_wconf 90' lang='lat' dir='ltr'><strong>ac</strong></span> <span class='ocrx_word' id='word_1_201' title='bbox 1810 1847 2086 1887; x_wconf 90' lang='lat' dir='ltr'><strong>sermone</strong></span> 
     </span>
    </p>
   </div>
   <div class='ocr_carea' id='block_1_31' title="bbox 435 1921 2086 1993">
    <p class='ocr_par' dir='ltr' id='par_1_31' title="bbox 435 1921 2086 1993">
     <span class='ocr_line' id='line_1_31' title="bbox 435 1921 2086 1993; baseline -0.004 -12"><span class='ocrx_word' id='word_1_202' title='bbox 435 1924 757 1982; x_wconf 90' lang='lat' dir='ltr'><strong>celebraris</strong></span> <span class='ocrx_word' id='word_1_203' title='bbox 787 1939 800 1977; x_wconf 89' lang='lat'><strong>:</strong></span> <span class='ocrx_word' id='word_1_204' title='bbox 837 1938 1094 1993; x_wconf 87' lang='lat' dir='ltr'><strong>eamque</strong></span> <span class='ocrx_word' id='word_1_205' title='bbox 1121 1922 1200 1976; x_wconf 93' lang='lat' dir='ltr'><strong>ob</strong></span> <span class='ocrx_word' id='word_1_206' title='bbox 1238 1936 1487 1976; x_wconf 88' lang='lat' dir='ltr'><strong>causam</strong></span> <span class='ocrx_word' id='word_1_207' title='bbox 1525 1922 1906 1989; x_wconf 86' lang='lat' dir='ltr'><strong>magistratus</strong></span> <span class='ocrx_word' id='word_1_208' title='bbox 1937 1921 2086 1976; x_wconf 89' lang='lat' dir='ltr'><strong>alios</strong></span> 
     </span>
    </p>
   </div>
   <div class='ocr_carea' id='block_1_32' title="bbox 434 2009 2087 2084">
    <p class='ocr_par' dir='ltr' id='par_1_32' title="bbox 434 2009 2087 2084">
     <span class='ocr_line' id='line_1_32' title="bbox 434 2009 2087 2084; baseline -0.004 -13"><span class='ocrx_word' id='word_1_209' title='bbox 434 2031 507 2071; x_wconf 81' lang='lat' dir='ltr'><strong>ex</strong></span> <span class='ocrx_word' id='word_1_210' title='bbox 544 2013 673 2071; x_wconf 90' lang='lat' dir='ltr'><strong>aliis</strong></span> <span class='ocrx_word' id='word_1_211' title='bbox 721 2028 955 2084; x_wconf 86' lang='lat' dir='ltr'><strong>gerens,</strong></span> <span class='ocrx_word' id='word_1_212' title='bbox 998 2013 1074 2067; x_wconf 92' lang='lat' dir='ltr'><strong>ad</strong></span> <span class='ocrx_word' id='word_1_213' title='bbox 1134 2026 1486 2082; x_wconf 90' lang='lat' dir='ltr'><strong>supremum</strong></span> <span class='ocrx_word' id='word_1_214' title='bbox 1526 2010 1787 2081; x_wconf 90' lang='lat' dir='ltr'><strong>denique</strong></span> <span class='ocrx_word' id='word_1_215' title='bbox 1826 2009 2087 2065; x_wconf 86' lang='lat' dir='ltr'><strong>celeriter</strong></span> 
     </span>
    </p>
   </div>
   <div class='ocr_carea' id='block_1_33' title="bbox 433 2099 2087 2177">
    <p class='ocr_par' dir='ltr' id='par_1_33' title="bbox 433 2099 2087 2177">
     <span class='ocr_line' id='line_1_33' title="bbox 433 2099 2087 2177; baseline -0.003 -17"><span class='ocrx_word' id='word_1_216' title='bbox 433 2103 774 2177; x_wconf 84' lang='lat' dir='ltr'><strong>pervenisti.</strong></span> <span class='ocrx_word' id='word_1_217' title='bbox 817 2102 1038 2167; x_wconf 87' lang='lat' dir='ltr'><strong>Gaude,</strong></span> <span class='ocrx_word' id='word_1_218' title='bbox 1073 2104 1130 2156; x_wconf 91' lang='lat' dir='ltr'><strong>et</strong></span> <span class='ocrx_word' id='word_1_219' title='bbox 1155 2100 1288 2170; x_wconf 89' lang='lat' dir='ltr'><strong>jure</strong></span> <span class='ocrx_word' id='word_1_220' title='bbox 1324 2099 1569 2170; x_wconf 89' lang='lat' dir='ltr'><strong>quidem</strong></span> <span class='ocrx_word' id='word_1_221' title='bbox 1598 2100 1847 2170; x_wconf 89' lang='lat' dir='ltr'><strong>optimo.</strong></span> <span class='ocrx_word' id='word_1_222' title='bbox 1892 2101 2087 2164; x_wconf 87' lang='lat' dir='ltr'><strong>Quan-</strong></span> 
     </span>
    </p>
   </div>
   <div class='ocr_carea' id='block_1_34' title="bbox 431 2188 2087 2265">
    <p class='ocr_par' dir='ltr' id='par_1_34' title="bbox 431 2188 2087 2265">
     <span class='ocr_line' id='line_1_34' title="bbox 431 2188 2087 2265; baseline -0.004 -16"><span class='ocrx_word' id='word_1_223' title='bbox 431 2208 621 2265; x_wconf 91' lang='lat' dir='ltr'><strong>quam</strong></span> <span class='ocrx_word' id='word_1_224' title='bbox 642 2199 843 2248; x_wconf 87' lang='lat' dir='ltr'><strong>autem</strong></span> <span class='ocrx_word' id='word_1_225' title='bbox 862 2189 1027 2262; x_wconf 90' lang='lat' dir='ltr'><strong>quod</strong></span> <span class='ocrx_word' id='word_1_226' title='bbox 1051 2190 1129 2245; x_wconf 94' lang='lat' dir='ltr'><strong>ob</strong></span> <span class='ocrx_word' id='word_1_227' title='bbox 1152 2189 1427 2245; x_wconf 89' lang='lat' dir='ltr'><strong>eamdem</strong></span> <span class='ocrx_word' id='word_1_228' title='bbox 1442 2188 1600 2244; x_wconf 91' lang='lat' dir='ltr'><strong>hanc</strong></span> <span class='ocrx_word' id='word_1_229' title='bbox 1619 2189 1887 2243; x_wconf 88' lang='lat' dir='ltr'><strong>virtutem</strong></span> <span class='ocrx_word' id='word_1_230' title='bbox 1913 2188 2087 2245; x_wconf 90' lang='lat' dir='ltr'><strong>nobis</strong></span> 
     </span>
    </p>
   </div>
   <div class='ocr_carea' id='block_1_35' title="bbox 435 2277 2086 2347">
    <p class='ocr_par' dir='ltr' id='par_1_35' title="bbox 435 2277 2086 2347">
     <span class='ocr_line' id='line_1_35' title="bbox 435 2277 2086 2347; baseline -0.004 -8"><span class='ocrx_word' id='word_1_231' title='bbox 435 2281 713 2339; x_wconf 91' lang='lat' dir='ltr'><strong>tenuibus</strong></span> <span class='ocrx_word' id='word_1_232' title='bbox 742 2280 1105 2335; x_wconf 89' lang='lat' dir='ltr'><strong>desiderium</strong></span> <span class='ocrx_word' id='word_1_233' title='bbox 1135 2278 1219 2333; x_wconf 92' lang='lat' dir='ltr'><strong>tui</strong></span> <span class='ocrx_word' id='word_1_234' title='bbox 1249 2277 1415 2342; x_wconf 86' lang='lat' dir='ltr'><strong>facis,</strong></span> <span class='ocrx_word' id='word_1_235' title='bbox 1442 2277 1606 2332; x_wconf 89' lang='lat' dir='ltr'><strong>haud</strong></span> <span class='ocrx_word' id='word_1_236' title='bbox 1637 2284 1800 2333; x_wconf 89' lang='lat' dir='ltr'><strong>tanta</strong></span> <span class='ocrx_word' id='word_1_237' title='bbox 1834 2277 2086 2347; x_wconf 90' lang='lat' dir='ltr'><strong>dignum</strong></span> 
     </span>
    </p>
   </div>
   <div class='ocr_carea' id='block_1_36' title="bbox 433 2366 2085 2438">
    <p class='ocr_par' dir='ltr' id='par_1_36' title="bbox 433 2366 2085 2438">
     <span class='ocr_line' id='line_1_36' title="bbox 433 2366 2085 2438; baseline -0.004 -9"><span class='ocrx_word' id='word_1_238' title='bbox 433 2370 828 2429; x_wconf 88' lang='lat' dir='ltr'><strong>admiratione</strong></span> <span class='ocrx_word' id='word_1_239' title='bbox 861 2373 967 2437; x_wconf 91' lang='lat' dir='ltr'><strong>est,</strong></span> <span class='ocrx_word' id='word_1_240' title='bbox 1009 2384 1148 2423; x_wconf 93' lang='lat' dir='ltr'><strong>cum</strong></span> <span class='ocrx_word' id='word_1_241' title='bbox 1175 2366 1393 2422; x_wconf 90' lang='lat' dir='ltr'><strong>nullius</strong></span> <span class='ocrx_word' id='word_1_242' title='bbox 1423 2368 1591 2438; x_wconf 87' lang='lat' dir='ltr'><strong>pretii</strong></span> <span class='ocrx_word' id='word_1_243' title='bbox 1620 2368 1808 2422; x_wconf 88' lang='lat' dir='ltr'><strong>simus</strong></span> <span class='ocrx_word' id='word_1_244' title='bbox 1837 2386 1848 2425; x_wconf 91' lang='lat'>:</span> <span class='ocrx_word' id='word_1_245' title='bbox 1886 2374 2085 2423; x_wconf 87' lang='lat' dir='ltr'><strong>tamen</strong></span> 
     </span>
    </p>
   </div>
   <div class='ocr_carea' id='block_1_37' title="bbox 433 2456 2088 2530">
    <p class='ocr_par' dir='ltr' id='par_1_37' title="bbox 433 2456 2088 2530">
     <span class='ocr_line' id='line_1_37' title="bbox 433 2456 2088 2530; baseline -0.003 -13"><span class='ocrx_word' id='word_1_246' title='bbox 433 2462 585 2517; x_wconf 87' lang='lat' dir='ltr'><strong>ratio</strong></span> <span class='ocrx_word' id='word_1_247' title='bbox 618 2458 905 2530; x_wconf 89' lang='lat' dir='ltr'><strong>temporis</strong></span> <span class='ocrx_word' id='word_1_248' title='bbox 932 2456 1238 2520; x_wconf 89' lang='lat' dir='ltr'><strong>admonet,</strong></span> <span class='ocrx_word' id='word_1_249' title='bbox 1271 2460 1335 2509; x_wconf 90' lang='lat' dir='ltr'><strong>ut</strong></span> <span class='ocrx_word' id='word_1_250' title='bbox 1364 2462 1421 2511; x_wconf 89' lang='lat' dir='ltr'><strong>et</strong></span> <span class='ocrx_word' id='word_1_251' title='bbox 1441 2472 1476 2511; x_wconf 90' lang='lat' dir='ltr'><strong>a</strong></span> <span class='ocrx_word' id='word_1_252' title='bbox 1502 2456 1781 2511; x_wconf 89' lang='lat' dir='ltr'><strong>tenuibus</strong></span> <span class='ocrx_word' id='word_1_253' title='bbox 1814 2456 1956 2511; x_wconf 87' lang='lat' dir='ltr'><strong>viris</strong></span> <span class='ocrx_word' id='word_1_254' title='bbox 1987 2458 2088 2512; x_wconf 91' lang='lat' dir='ltr'><strong>tibi</strong></span> 
     </span>
    </p>
   </div>
   <div class='ocr_carea' id='block_1_38' title="bbox 435 2544 2088 2621">
    <p class='ocr_par' dir='ltr' id='par_1_38' title="bbox 435 2544 2088 2621">
     <span class='ocr_line' id='line_1_38' title="bbox 435 2544 2088 2621; baseline -0.004 -16"><span class='ocrx_word' id='word_1_255' title='bbox 435 2547 887 2621; x_wconf 87' lang='lat' dir='ltr'><strong>supplicationis</strong></span> <span class='ocrx_word' id='word_1_256' title='bbox 926 2545 1158 2601; x_wconf 88' lang='lat' dir='ltr'><strong>libellus</strong></span> <span class='ocrx_word' id='word_1_257' title='bbox 1193 2544 1512 2600; x_wconf 75' lang='lat' dir='ltr'><strong>offeratur:</strong></span> <span class='ocrx_word' id='word_1_258' title='bbox 1564 2552 1625 2599; x_wconf 91' lang='lat' dir='ltr'><strong>ut</strong></span> <span class='ocrx_word' id='word_1_259' title='bbox 1655 2552 1873 2600; x_wconf 65' lang='lat' dir='ltr'><strong>nostra;</strong></span> <span class='ocrx_word' id='word_1_260' title='bbox 1916 2545 2088 2600; x_wconf 91' lang='lat' dir='ltr'><strong>nimi-</strong></span> 
     </span>
    </p>
   </div>
   <div class='ocr_carea' id='block_1_39' title="bbox 434 2634 2086 2706">
    <p class='ocr_par' dir='ltr' id='par_1_39' title="bbox 434 2634 2086 2706">
     <span class='ocr_line' id='line_1_39' title="bbox 434 2634 2086 2706; baseline -0.002 -12"><span class='ocrx_word' id='word_1_261' title='bbox 434 2654 568 2695; x_wconf 91' lang='lat' dir='ltr'><strong>rum</strong></span> <span class='ocrx_word' id='word_1_262' title='bbox 611 2636 903 2701; x_wconf 74' lang='lat' dir='ltr'><strong>Ecclesiaa,</strong></span> <span class='ocrx_word' id='word_1_263' title='bbox 944 2634 1268 2706; x_wconf 87' lang='lat' dir='ltr'><strong>impietatis</strong></span> <span class='ocrx_word' id='word_1_264' title='bbox 1306 2635 1480 2689; x_wconf 90' lang='lat' dir='ltr'><strong>ruina</strong></span> <span class='ocrx_word' id='word_1_265' title='bbox 1517 2634 1796 2705; x_wconf 64' lang='lat' dir='ltr'><strong>collapsa:</strong></span> <span class='ocrx_word' id='word_1_266' title='bbox 1836 2650 2086 2690; x_wconf 89' lang='lat' dir='ltr'><strong>manum</strong></span> 
     </span>
    </p>
   </div>
   <div class='ocr_carea' id='block_1_40' title="bbox 2192 1475 3798 1551">
    <p class='ocr_par' dir='ltr' id='par_1_40' title="bbox 2192 1475 3798 1551">
     <span class='ocr_line' id='line_1_40' title="bbox 2192 1475 3798 1551; baseline 0.001 -24"><span class='ocrx_word' id='word_1_267' title='bbox 2192 1475 2419 1549; x_wconf 79' lang='grc' dir='ltr'>λωσῦνῃ,</span> <span class='ocrx_word' id='word_1_268' title='bbox 2461 1476 2802 1549; x_wconf 70' lang='grc' dir='ltr'><strong>εὐφημοῦντες</strong></span> <span class='ocrx_word' id='word_1_269' title='bbox 2860 1478 3019 1536; x_wconf 78' lang='grc' dir='ltr'>αὐτὴν</span> <span class='ocrx_word' id='word_1_270' title='bbox 3078 1480 3215 1531; x_wconf 87' lang='grc' dir='ltr'><strong>κατά</strong></span> <span class='ocrx_word' id='word_1_271' title='bbox 3264 1482 3321 1530; x_wconf 85' lang='grc' dir='ltr'>τὸ</span> <span class='ocrx_word' id='word_1_272' title='bbox 3376 1479 3533 1549; x_wconf 83' lang='grc' dir='ltr'>εἰκὸς,</span> <span class='ocrx_word' id='word_1_273' title='bbox 3593 1480 3669 1530; x_wconf 87' lang='grc' dir='ltr'>ὃτι</span> <span class='ocrx_word' id='word_1_274' title='bbox 3718 1479 3798 1551; x_wconf 79' lang='grc' dir='ltr'><strong>ῥί-</strong></span> 
     </span>
    </p>
   </div>
   <div class='ocr_carea' id='block_1_41' title="bbox 2194 1562 3795 1640">
    <p class='ocr_par' dir='ltr' id='par_1_41' title="bbox 2194 1562 3795 1640">
     <span class='ocr_line' id='line_1_41' title="bbox 2194 1562 3795 1640; baseline 0 -23"><span class='ocrx_word' id='word_1_275' title='bbox 2194 1566 2292 1627; x_wconf 77' lang='grc' dir='ltr'>ζης</span> <span class='ocrx_word' id='word_1_276' title='bbox 2340 1566 2552 1637; x_wconf 74' lang='grc' dir='ltr'>εὐφυοῦς</span> <span class='ocrx_word' id='word_1_277' title='bbox 2598 1564 2791 1636; x_wconf 84' lang='grc' dir='ltr'>ἀγαθόν</span> <span class='ocrx_word' id='word_1_278' title='bbox 2844 1562 3170 1640; x_wconf 80' lang='grc' dir='ltr'><strong>βλάστημα·</strong></span> <span class='ocrx_word' id='word_1_279' title='bbox 3232 1570 3313 1620; x_wconf 86' lang='grc' dir='ltr'>ὅτι</span> <span class='ocrx_word' id='word_1_280' title='bbox 3367 1572 3661 1640; x_wconf 77' lang='grc' dir='ltr'>φρονήσεως</span> <span class='ocrx_word' id='word_1_281' title='bbox 3712 1565 3795 1618; x_wconf 82' lang='grc' dir='ltr'><strong>δε·</strong></span> 
     </span>
    </p>
   </div>
   <div class='ocr_carea' id='block_1_42' title="bbox 2195 1653 3799 1728">
    <p class='ocr_par' dir='ltr' id='par_1_42' title="bbox 2195 1653 3799 1728">
     <span class='ocr_line' id='line_1_42' title="bbox 2195 1653 3799 1728; baseline 0.004 -23"><span class='ocrx_word' id='word_1_282' title='bbox 2195 1654 2307 1716; x_wconf 80' lang='grc' dir='ltr'>ξιᾱς</span> <span class='ocrx_word' id='word_1_283' title='bbox 2375 1657 2507 1728; x_wconf 80' lang='grc' dir='ltr'>ἱερόν</span> <span class='ocrx_word' id='word_1_284' title='bbox 2590 1654 2917 1728; x_wconf 80' lang='grc' dir='ltr'>ἀποτέλεσμα</span> <span class='ocrx_word' id='word_1_285' title='bbox 2950 1674 2962 1685; x_wconf 91' lang='grc'><strong>·</strong></span> <span class='ocrx_word' id='word_1_286' title='bbox 3021 1659 3105 1709; x_wconf 83' lang='grc' dir='ltr'>ὅτι</span> <span class='ocrx_word' id='word_1_287' title='bbox 3162 1653 3491 1719; x_wconf 75' lang='grc' dir='ltr'><strong>παιδεύσεως</strong></span> <span class='ocrx_word' id='word_1_288' title='bbox 3556 1655 3799 1717; x_wconf 77' lang='grc' dir='ltr'>ποικίλης</span> 
     </span>
    </p>
   </div>
   <div class='ocr_carea' id='block_1_43' title="bbox 2196 1742 3799 1818">
    <p class='ocr_par' dir='ltr' id='par_1_43' title="bbox 2196 1742 3799 1818">
     <span class='ocr_line' id='line_1_43' title="bbox 2196 1742 3799 1818; baseline 0.001 -24"><span class='ocrx_word' id='word_1_289' title='bbox 2196 1743 2463 1816; x_wconf 76' lang='grc' dir='ltr'>ἀγλάϊσμα</span> <span class='ocrx_word' id='word_1_290' title='bbox 2531 1742 2991 1817; x_wconf 81' lang='grc' dir='ltr'>περισπούδαστον</span> <span class='ocrx_word' id='word_1_291' title='bbox 3024 1763 3037 1774; x_wconf 91' lang='grc'><strong>·</strong></span> <span class='ocrx_word' id='word_1_292' title='bbox 3130 1748 3265 1799; x_wconf 76' lang='grc' dir='ltr'>ἔνθεν</span> <span class='ocrx_word' id='word_1_293' title='bbox 3330 1752 3419 1798; x_wconf 85' lang='grc' dir='ltr'><strong>καί</strong></span> <span class='ocrx_word' id='word_1_294' title='bbox 3491 1743 3799 1818; x_wconf 82' lang='grc' dir='ltr'>βασιλεῦσιν</span> 
     </span>
    </p>
   </div>
   <div class='ocr_carea' id='block_1_44' title="bbox 2197 1831 3800 1905">
    <p class='ocr_par' dir='ltr' id='par_1_44' title="bbox 2197 1831 3800 1905">
     <span class='ocr_line' id='line_1_44' title="bbox 2197 1831 3800 1905; baseline -0.001 -20"><span class='ocrx_word' id='word_1_295' title='bbox 2197 1833 2461 1899; x_wconf 76' lang='grc' dir='ltr'>ἀσπαστὴ,</span> <span class='ocrx_word' id='word_1_296' title='bbox 2514 1837 2603 1885; x_wconf 83' lang='grc' dir='ltr'><strong>καὶ</strong></span> <span class='ocrx_word' id='word_1_297' title='bbox 2649 1839 2784 1885; x_wconf 88' lang='grc' dir='ltr'>πᾶσι</span> <span class='ocrx_word' id='word_1_298' title='bbox 2844 1831 3162 1892; x_wconf 80' lang='grc' dir='ltr'>διαλαλητή.</span> <span class='ocrx_word' id='word_1_299' title='bbox 3221 1835 3333 1887; x_wconf 80' lang='grc' dir='ltr'><strong>Κάκ</strong></span> <span class='ocrx_word' id='word_1_300' title='bbox 3390 1838 3574 1887; x_wconf 84' lang='grc' dir='ltr'>τοῦτου</span> <span class='ocrx_word' id='word_1_301' title='bbox 3628 1833 3800 1905; x_wconf 79' lang='grc' dir='ltr'>ἀρχὰς</span> 
     </span>
    </p>
   </div>
   <div class='ocr_carea' id='block_1_45' title="bbox 2196 1921 3798 1999">
    <p class='ocr_par' dir='ltr' id='par_1_45' title="bbox 2196 1921 3798 1999">
     <span class='ocr_line' id='line_1_45' title="bbox 2196 1921 3798 1999; baseline -0.001 -24"><span class='ocrx_word' id='word_1_302' title='bbox 2196 1922 2250 1985; x_wconf 77' lang='grc' dir='ltr'><strong>ἕξ</strong></span> <span class='ocrx_word' id='word_1_303' title='bbox 2306 1922 2485 1996; x_wconf 84' lang='grc' dir='ltr'>ἀρχῶν</span> <span class='ocrx_word' id='word_1_304' title='bbox 2526 1921 2835 1994; x_wconf 84' lang='grc' dir='ltr'>ἀμείϐουσα,</span> <span class='ocrx_word' id='word_1_305' title='bbox 2890 1923 2961 1985; x_wconf 80' lang='grc' dir='ltr'>εἰς</span> <span class='ocrx_word' id='word_1_306' title='bbox 3008 1929 3103 1983; x_wconf 78' lang='grc' dir='ltr'>τὴν</span> <span class='ocrx_word' id='word_1_307' title='bbox 3150 1927 3563 1999; x_wconf 76' lang='grc' dir='ltr'>κορυφαιοτάτην</span> <span class='ocrx_word' id='word_1_308' title='bbox 3601 1931 3699 1974; x_wconf 84' lang='grc' dir='ltr'>τῶν</span> <span class='ocrx_word' id='word_1_309' title='bbox 3748 1922 3798 1973; x_wconf 80' lang='grc' dir='ltr'>ἐν</span> 
     </span>
    </p>
   </div>
   <div class='ocr_carea' id='block_1_46' title="bbox 2196 2008 3799 2085">
    <p class='ocr_par' dir='ltr' id='par_1_46' title="bbox 2196 2008 3799 2085">
     <span class='ocr_line' id='line_1_46' title="bbox 2196 2008 3799 2085; baseline -0.001 -20"><span class='ocrx_word' id='word_1_310' title='bbox 2196 2012 2323 2065; x_wconf 85' lang='grc' dir='ltr'>τέλει</span> <span class='ocrx_word' id='word_1_311' title='bbox 2351 2008 2654 2085; x_wconf 82' lang='grc' dir='ltr'>ἀνέδραμεν.</span> <span class='ocrx_word' id='word_1_312' title='bbox 2708 2009 2860 2083; x_wconf 79' lang='grc' dir='ltr'>Εὖγε,</span> <span class='ocrx_word' id='word_1_313' title='bbox 2913 2019 3002 2066; x_wconf 85' lang='grc' dir='ltr'>καὶ</span> <span class='ocrx_word' id='word_1_314' title='bbox 3054 2016 3188 2065; x_wconf 88' lang='grc' dir='ltr'>πάνυ</span> <span class='ocrx_word' id='word_1_315' title='bbox 3243 2014 3472 2075; x_wconf 86' lang='grc' dir='ltr'>εἰκότως.</span> <span class='ocrx_word' id='word_1_316' title='bbox 3509 2013 3566 2066; x_wconf 81' lang='grc' dir='ltr'><strong>Εἰ</strong></span> <span class='ocrx_word' id='word_1_317' title='bbox 3613 2010 3670 2065; x_wconf 71' lang='grc' dir='ltr'><strong>δὲ</strong></span> <span class='ocrx_word' id='word_1_318' title='bbox 3706 2016 3799 2063; x_wconf 85' lang='grc' dir='ltr'>καὶ</span> 
     </span>
    </p>
   </div>
   <div class='ocr_carea' id='block_1_47' title="bbox 2196 2098 3804 2174">
    <p class='ocr_par' dir='ltr' id='par_1_47' title="bbox 2196 2098 3804 2174">
     <span class='ocr_line' id='line_1_47' title="bbox 2196 2098 3804 2174; baseline -0.001 -21"><span class='ocrx_word' id='word_1_319' title='bbox 2196 2103 2277 2153; x_wconf 88' lang='grc' dir='ltr'>ὃτι</span> <span class='ocrx_word' id='word_1_320' title='bbox 2333 2102 2457 2171; x_wconf 78' lang='grc' dir='ltr'>ἡμῖν</span> <span class='ocrx_word' id='word_1_321' title='bbox 2504 2108 2608 2160; x_wconf 89' lang='grc' dir='ltr'>τοῖς</span> <span class='ocrx_word' id='word_1_322' title='bbox 2676 2101 2899 2153; x_wconf 75' lang='grc' dir='ltr'>εὐτελέσι</span> <span class='ocrx_word' id='word_1_323' title='bbox 2957 2098 3033 2153; x_wconf 76' lang='grc' dir='ltr'><strong>δι’</strong></span> <span class='ocrx_word' id='word_1_324' title='bbox 3106 2102 3267 2160; x_wconf 80' lang='grc' dir='ltr'>αὐτὴν</span> <span class='ocrx_word' id='word_1_325' title='bbox 3318 2107 3412 2161; x_wconf 79' lang='grc' dir='ltr'>τὴν</span> <span class='ocrx_word' id='word_1_326' title='bbox 3478 2101 3661 2174; x_wconf 73' lang='grc' dir='ltr'>ἀρετὴν</span> <span class='ocrx_word' id='word_1_327' title='bbox 3704 2120 3804 2152; x_wconf 86' lang='grc' dir='ltr'>πο-</span> 
     </span>
    </p>
   </div>
   <div class='ocr_carea' id='block_1_48' title="bbox 2199 2187 3801 2262">
    <p class='ocr_par' dir='ltr' id='par_1_48' title="bbox 2199 2187 3801 2262">
     <span class='ocr_line' id='line_1_48' title="bbox 2199 2187 3801 2262; baseline -0.001 -21"><span class='ocrx_word' id='word_1_328' title='bbox 2199 2191 2350 2262; x_wconf 76' lang='grc' dir='ltr'>θητη,</span> <span class='ocrx_word' id='word_1_329' title='bbox 2394 2189 2452 2241; x_wconf 88' lang='grc' dir='ltr'><strong>οὐ</strong></span> <span class='ocrx_word' id='word_1_330' title='bbox 2485 2192 2617 2241; x_wconf 90' lang='grc' dir='ltr'>πάνυ</span> <span class='ocrx_word' id='word_1_331' title='bbox 2674 2208 2722 2241; x_wconf 90' lang='grc' dir='ltr'><strong>τι</strong></span> <span class='ocrx_word' id='word_1_332' title='bbox 2776 2198 2875 2241; x_wconf 85' lang='grc' dir='ltr'>τῶν</span> <span class='ocrx_word' id='word_1_333' title='bbox 2931 2189 3192 2262; x_wconf 87' lang='grc' dir='ltr'>ἀγαστῶν,</span> <span class='ocrx_word' id='word_1_334' title='bbox 3232 2188 3324 2243; x_wconf 83' lang='grc' dir='ltr'><strong>διὰ</strong></span> <span class='ocrx_word' id='word_1_335' title='bbox 3361 2195 3419 2243; x_wconf 87' lang='grc' dir='ltr'><strong>τό</strong></span> <span class='ocrx_word' id='word_1_336' title='bbox 3475 2187 3756 2262; x_wconf 75' lang='grc' dir='ltr'>οὐδαμινόν</span> <span class='ocrx_word' id='word_1_337' title='bbox 3786 2205 3801 2217; x_wconf 83' lang='grc'><em>’</em></span> 
     </span>
    </p>
   </div>
   <div class='ocr_carea' id='block_1_49' title="bbox 2195 2261 3805 2356">
    <p class='ocr_par' dir='ltr' id='par_1_49' title="bbox 2195 2276 3805 2356">
     <span class='ocr_line' id='line_1_49' title="bbox 2195 2276 3805 2356; baseline -0.001 -24"><span class='ocrx_word' id='word_1_338' title='bbox 2195 2280 2327 2338; x_wconf 79' lang='grc' dir='ltr'>π’λὴν</span> <span class='ocrx_word' id='word_1_339' title='bbox 2384 2281 2465 2331; x_wconf 83' lang='grc' dir='ltr'>ὅτι</span> <span class='ocrx_word' id='word_1_340' title='bbox 2504 2276 2784 2331; x_wconf 82' lang='grc' dir='ltr'>ὑποϐάλλοι</span> <span class='ocrx_word' id='word_1_341' title='bbox 2850 2281 2875 2330; x_wconf 88' lang='grc' dir='ltr'><strong>ό</strong></span> <span class='ocrx_word' id='word_1_342' title='bbox 2935 2276 3117 2356; x_wconf 80' lang='grc' dir='ltr'>καιρὸς</span> <span class='ocrx_word' id='word_1_343' title='bbox 3193 2286 3283 2333; x_wconf 82' lang='grc' dir='ltr'><strong>καί</strong></span> <span class='ocrx_word' id='word_1_344' title='bbox 3331 2280 3383 2343; x_wconf 73' lang='grc' dir='ltr'><strong>ἐξ</strong></span> <span class='ocrx_word' id='word_1_345' title='bbox 3438 2280 3649 2333; x_wconf 78' lang='grc' dir='ltr'>εὐτελῶν</span> <span class='ocrx_word' id='word_1_346' title='bbox 3705 2298 3805 2330; x_wconf 70' lang='grc' dir='ltr'>παι</span> 
     </span>
    </p>
   </div>
   <div class='ocr_carea' id='block_1_50' title="bbox 2195 2367 3809 2445">
    <p class='ocr_par' dir='ltr' id='par_1_50' title="bbox 2195 2367 3809 2445">
     <span class='ocr_line' id='line_1_50' title="bbox 2195 2367 3809 2445; baseline -0.002 -24"><span class='ocrx_word' id='word_1_347' title='bbox 2195 2368 2451 2445; x_wconf 87' lang='grc' dir='ltr'>ράκλησίν</span> <span class='ocrx_word' id='word_1_348' title='bbox 2533 2387 2617 2420; x_wconf 93' lang='grc' dir='ltr'><strong>σοι</strong></span> <span class='ocrx_word' id='word_1_349' title='bbox 2703 2370 3090 2441; x_wconf 81' lang='grc' dir='ltr'>προσάγεσθαι.</span> <span class='ocrx_word' id='word_1_350' title='bbox 3173 2369 3233 2422; x_wconf 77' lang='grc' dir='ltr'><strong>Ἠ</strong></span> <span class='ocrx_word' id='word_1_351' title='bbox 3292 2367 3352 2422; x_wconf 78' lang='grc' dir='ltr'><strong>δέ</strong></span> <span class='ocrx_word' id='word_1_352' title='bbox 3422 2373 3561 2422; x_wconf 74' lang='grc' dir='ltr'>ἔστιν</span> <span class='ocrx_word' id='word_1_353' title='bbox 3631 2368 3809 2442; x_wconf 81' lang='grc' dir='ltr'>ὀρέξαι</span> 
     </span>
    </p>
   </div>
   <div class='ocr_carea' id='block_1_51' title="bbox 2200 2457 3809 2532">
    <p class='ocr_par' dir='ltr' id='par_1_51' title="bbox 2200 2457 3809 2532">
     <span class='ocr_line' id='line_1_51' title="bbox 2200 2457 3809 2532; baseline -0.001 -21"><span class='ocrx_word' id='word_1_354' title='bbox 2200 2477 2257 2511; x_wconf 91' lang='grc' dir='ltr'><strong>σε</strong></span> <span class='ocrx_word' id='word_1_355' title='bbox 2320 2465 2479 2532; x_wconf 87' lang='grc' dir='ltr'>χεῖρα</span> <span class='ocrx_word' id='word_1_356' title='bbox 2551 2464 2614 2529; x_wconf 73' lang='grc' dir='ltr'>τῇ</span> <span class='ocrx_word' id='word_1_357' title='bbox 2691 2462 3065 2531; x_wconf 61' lang='grc' dir='ltr'>καταπεσούσης)</span> <span class='ocrx_word' id='word_1_358' title='bbox 3151 2460 3273 2512; x_wconf 89' lang='grc' dir='ltr'>καθ’</span> <span class='ocrx_word' id='word_1_359' title='bbox 3368 2461 3507 2531; x_wconf 80' lang='grc' dir='ltr'>ἡμᾶς</span> <span class='ocrx_word' id='word_1_360' title='bbox 3593 2457 3809 2514; x_wconf 80' lang='grc' dir='ltr'>Ἐκκλη-</span> 
     </span>
    </p>
   </div>
   <div class='ocr_carea' id='block_1_52' title="bbox 2202 2544 3809 2619">
    <p class='ocr_par' dir='ltr' id='par_1_52' title="bbox 2202 2544 3809 2619">
     <span class='ocr_line' id='line_1_52' title="bbox 2202 2544 3809 2619; baseline -0.001 -20"><span class='ocrx_word' id='word_1_361' title='bbox 2202 2551 2295 2619; x_wconf 84' lang='grc' dir='ltr'><strong>σίᾳ</strong></span> <span class='ocrx_word' id='word_1_362' title='bbox 2332 2552 2574 2618; x_wconf 84' lang='grc' dir='ltr'>πτώματι</span> <span class='ocrx_word' id='word_1_363' title='bbox 2620 2545 2854 2606; x_wconf 87' lang='grc' dir='ltr'>ἀσεϐείας</span> <span class='ocrx_word' id='word_1_364' title='bbox 2881 2565 2892 2576; x_wconf 89' lang='grc'><strong>·</strong></span> <span class='ocrx_word' id='word_1_365' title='bbox 2946 2554 3110 2600; x_wconf 84' lang='grc' dir='ltr'>Τοῦτο</span> <span class='ocrx_word' id='word_1_366' title='bbox 3164 2544 3233 2606; x_wconf 82' lang='grc' dir='ltr'><strong>δὴ</strong></span> <span class='ocrx_word' id='word_1_367' title='bbox 3284 2553 3371 2600; x_wconf 84' lang='grc' dir='ltr'>καὶ</span> <span class='ocrx_word' id='word_1_368' title='bbox 3400 2553 3656 2607; x_wconf 82' lang='grc' dir='ltr'>ἤκουσται</span> <span class='ocrx_word' id='word_1_369' title='bbox 3682 2548 3809 2618; x_wconf 75' lang='grc' dir='ltr'>ἡμῖν</span> 
     </span>
    </p>
   </div>
   <div class='ocr_carea' id='block_1_53' title="bbox 2199 2634 3806 2711">
    <p class='ocr_par' dir='ltr' id='par_1_53' title="bbox 2199 2634 3806 2711">
     <span class='ocr_line' id='line_1_53' title="bbox 2199 2634 3806 2711; baseline 0 -24"><span class='ocrx_word' id='word_1_370' title='bbox 2199 2634 2548 2711; x_wconf 74' lang='grc' dir='ltr'>ἐνεργησαντα</span> <span class='ocrx_word' id='word_1_371' title='bbox 2582 2652 2593 2664; x_wconf 91' lang='lat'><strong>&#39;</strong></span> <span class='ocrx_word' id='word_1_372' title='bbox 2681 2641 2770 2688; x_wconf 84' lang='grc' dir='ltr'>καὶ</span> <span class='ocrx_word' id='word_1_373' title='bbox 2854 2637 3111 2709; x_wconf 75' lang='grc' dir='ltr'>εὐξάμεθά</span> <span class='ocrx_word' id='word_1_374' title='bbox 3190 2657 3273 2690; x_wconf 90' lang='grc' dir='ltr'><strong>σοι</strong></span> <span class='ocrx_word' id='word_1_375' title='bbox 3356 2640 3421 2699; x_wconf 82' lang='grc' dir='ltr'>ὡς</span> <span class='ocrx_word' id='word_1_376' title='bbox 3485 2637 3806 2710; x_wconf 85' lang='grc' dir='ltr'>ἁμαρτωλοί,</span> 
     </span>
    </p>
   </div>
   <div class='ocr_carea' id='block_1_54' title="bbox 436 2723 2087 2803">
    <p class='ocr_par' dir='ltr' id='par_1_54' title="bbox 436 2723 2087 2799">
     <span class='ocr_line' id='line_1_54' title="bbox 436 2723 2087 2799; baseline -0.002 -17"><span class='ocrx_word' id='word_1_377' title='bbox 436 2726 729 2799; x_wconf 85' lang='lat' dir='ltr'><strong>porrigas.</strong></span> <span class='ocrx_word' id='word_1_378' title='bbox 775 2729 835 2779; x_wconf 93' lang='lat' dir='ltr'>In</span> <span class='ocrx_word' id='word_1_379' title='bbox 876 2724 990 2779; x_wconf 89' lang='lat' dir='ltr'><strong>hoc</strong></span> <span class='ocrx_word' id='word_1_380' title='bbox 1022 2728 1224 2778; x_wconf 88' lang='lat' dir='ltr'><strong>autem</strong></span> <span class='ocrx_word' id='word_1_381' title='bbox 1258 2729 1310 2777; x_wconf 89' lang='lat' dir='ltr'><strong>te</strong></span> <span class='ocrx_word' id='word_1_382' title='bbox 1327 2723 1451 2793; x_wconf 88' lang='lat' dir='ltr'><strong>jam</strong></span> <span class='ocrx_word' id='word_1_383' title='bbox 1489 2723 1833 2779; x_wconf 88' lang='lat' dir='ltr'><strong>elaborasse</strong></span> <span class='ocrx_word' id='word_1_384' title='bbox 1858 2723 1936 2778; x_wconf 89' lang='lat' dir='ltr'><strong>ad</strong></span> <span class='ocrx_word' id='word_1_385' title='bbox 1974 2738 2087 2779; x_wconf 88' lang='lat' dir='ltr'><strong>nos</strong></span> 
     </span>
    </p>
   </div>
   <div class='ocr_carea' id='block_1_55' title="bbox 2201 2723 3807 2803">
    <p class='ocr_par' dir='ltr' id='par_1_55' title="bbox 2201 2723 3807 2802">
     <span class='ocr_line' id='line_1_55' title="bbox 2201 2723 3807 2802; baseline 0.001 -26"><span class='ocrx_word' id='word_1_386' title='bbox 2201 2730 2288 2777; x_wconf 84' lang='grc' dir='ltr'>καὶ</span> <span class='ocrx_word' id='word_1_387' title='bbox 2341 2725 2692 2797; x_wconf 82' lang='grc' dir='ltr'>εὐλογήσαμέν</span> <span class='ocrx_word' id='word_1_388' title='bbox 2747 2745 2803 2778; x_wconf 89' lang='grc' dir='ltr'><strong>σε</strong></span> <span class='ocrx_word' id='word_1_389' title='bbox 2850 2726 2951 2778; x_wconf 85' lang='grc' dir='ltr'><strong>ἀπο</strong></span> <span class='ocrx_word' id='word_1_390' title='bbox 3017 2723 3249 2802; x_wconf 78' lang='grc' dir='ltr'>καρδίας</span> <span class='ocrx_word' id='word_1_391' title='bbox 3296 2732 3671 2799; x_wconf 79' lang='grc' dir='ltr'>πεπονημένης,</span> <span class='ocrx_word' id='word_1_392' title='bbox 3727 2727 3807 2777; x_wconf 85' lang='grc' dir='ltr'>ὃτι</span> 
     </span>
    </p>
   </div>
   <div class='ocr_carea' id='block_1_56' title="bbox 436 2812 2091 2884">
    <p class='ocr_par' dir='ltr' id='par_1_56' title="bbox 436 2812 2091 2884">
     <span class='ocr_line' id='line_1_56' title="bbox 436 2812 2091 2884; baseline -0.003 -12"><span class='ocrx_word' id='word_1_393' title='bbox 436 2816 602 2872; x_wconf 85' lang='lat' dir='ltr'><strong>fama</strong></span> <span class='ocrx_word' id='word_1_394' title='bbox 633 2814 841 2870; x_wconf 90' lang='lat' dir='ltr'><strong>detulit</strong></span> <span class='ocrx_word' id='word_1_395' title='bbox 872 2830 885 2867; x_wconf 91' lang='lat'>:</span> <span class='ocrx_word' id='word_1_396' title='bbox 920 2818 975 2867; x_wconf 91' lang='lat' dir='ltr'><strong>et</strong></span> <span class='ocrx_word' id='word_1_397' title='bbox 1004 2812 1065 2867; x_wconf 93' lang='lat' dir='ltr'><strong>id</strong></span> <span class='ocrx_word' id='word_1_398' title='bbox 1090 2818 1151 2867; x_wconf 92' lang='lat' dir='ltr'><strong>ut</strong></span> <span class='ocrx_word' id='word_1_399' title='bbox 1179 2827 1427 2882; x_wconf 90' lang='lat' dir='ltr'><strong>operam</strong></span> <span class='ocrx_word' id='word_1_400' title='bbox 1452 2812 1647 2875; x_wconf 86' lang='lat' dir='ltr'><strong>dares,</strong></span> <span class='ocrx_word' id='word_1_401' title='bbox 1680 2827 1790 2866; x_wconf 90' lang='lat' dir='ltr'><strong>nos</strong></span> <span class='ocrx_word' id='word_1_402' title='bbox 1821 2820 2091 2884; x_wconf 88' lang='lat' dir='ltr'><strong>peccato-</strong></span> 
     </span>
    </p>
   </div>
   <div class='ocr_carea' id='block_1_57' title="bbox 436 2900 2093 2976">
    <p class='ocr_par' dir='ltr' id='par_1_57' title="bbox 436 2900 2093 2976">
     <span class='ocr_line' id='line_1_57' title="bbox 436 2900 2093 2976; baseline -0.001 -16"><span class='ocrx_word' id='word_1_403' title='bbox 436 2921 531 2962; x_wconf 90' lang='lat' dir='ltr'><strong>res</strong></span> <span class='ocrx_word' id='word_1_404' title='bbox 562 2904 786 2976; x_wconf 89' lang='lat' dir='ltr'><strong>precati</strong></span> <span class='ocrx_word' id='word_1_405' title='bbox 823 2918 1034 2957; x_wconf 90' lang='lat' dir='ltr'><strong>sumus</strong></span> <span class='ocrx_word' id='word_1_406' title='bbox 1066 2916 1078 2954; x_wconf 92' lang='lat'><strong>:</strong></span> <span class='ocrx_word' id='word_1_407' title='bbox 1113 2917 1183 2956; x_wconf 90' lang='lat' dir='ltr'><strong>ac</strong></span> <span class='ocrx_word' id='word_1_408' title='bbox 1215 2902 1472 2956; x_wconf 89' lang='lat' dir='ltr'><strong>summis</strong></span> <span class='ocrx_word' id='word_1_409' title='bbox 1500 2908 1550 2956; x_wconf 90' lang='lat' dir='ltr'><strong>te</strong></span> <span class='ocrx_word' id='word_1_410' title='bbox 1579 2900 1859 2976; x_wconf 83' lang='lat' dir='ltr'><strong>laudibus</strong></span> <span class='ocrx_word' id='word_1_411' title='bbox 1889 2902 2093 2959; x_wconf 86' lang='lat' dir='ltr'><strong>extuli-</strong></span> 
     </span>
    </p>
   </div>
   <div class='ocr_carea' id='block_1_58' title="bbox 439 2974 2093 3062">
    <p class='ocr_par' dir='ltr' id='par_1_58' title="bbox 439 2974 2093 3062">
     <span class='ocr_line' id='line_1_58' title="bbox 439 2974 2093 3062; baseline -0.001 -12"><span class='ocrx_word' id='word_1_412' title='bbox 439 2974 582 3050; x_wconf 78' lang='lat' dir='ltr'><strong>mus</strong></span> <span class='ocrx_word' id='word_1_413' title='bbox 591 2994 823 3048; x_wconf 89' lang='lat' dir='ltr'><strong>sincero</strong></span> <span class='ocrx_word' id='word_1_414' title='bbox 835 2990 1020 3047; x_wconf 93' lang='lat' dir='ltr'><strong>animi</strong></span> <span class='ocrx_word' id='word_1_415' title='bbox 1037 2988 1446 3062; x_wconf 73' lang='lat' dir='ltr'><strong>aﬂ‘ectu,quod</strong></span> <span class='ocrx_word' id='word_1_416' title='bbox 1461 2990 1481 3061; x_wconf 93' lang='lat' dir='ltr'><strong>j</strong></span> <span class='ocrx_word' id='word_1_417' title='bbox 1494 2996 1622 3045; x_wconf 92' lang='lat' dir='ltr'><strong>usta</strong></span> <span class='ocrx_word' id='word_1_418' title='bbox 1635 2974 2093 3061; x_wconf 62' lang='lat' dir='ltr'><strong>reprehensione</strong></span> 
     </span>
    </p>
   </div>
   <div class='ocr_carea' id='block_1_59' title="bbox 436 3078 2097 3153">
    <p class='ocr_par' dir='ltr' id='par_1_59' title="bbox 436 3078 2097 3153">
     <span class='ocr_line' id='line_1_59' title="bbox 436 3078 2097 3153; baseline -0.002 -14"><span class='ocrx_word' id='word_1_419' title='bbox 436 3085 728 3139; x_wconf 85' lang='lat' dir='ltr'><strong>Joannem</strong></span> <span class='ocrx_word' id='word_1_420' title='bbox 758 3078 1081 3151; x_wconf 85' lang='lat' dir='ltr'><strong>coarguisti</strong></span> <span class='ocrx_word' id='word_1_421' title='bbox 1114 3080 1433 3151; x_wconf 88' lang='lat' dir='ltr'><strong>impietatis</strong></span> <span class='ocrx_word' id='word_1_422' title='bbox 1465 3080 1813 3150; x_wconf 87' lang='lat' dir='ltr'><strong>principem,</strong></span> <span class='ocrx_word' id='word_1_423' title='bbox 1848 3097 1917 3135; x_wconf 89' lang='lat' dir='ltr'><strong>ea</strong></span> <span class='ocrx_word' id='word_1_424' title='bbox 1942 3082 2097 3153; x_wconf 87' lang='lat' dir='ltr'><strong>obji—</strong></span> 
     </span>
    </p>
   </div>
   <div class='ocr_carea' id='block_1_60' title="bbox 439 3168 2094 3243">
    <p class='ocr_par' dir='ltr' id='par_1_60' title="bbox 439 3168 2094 3243">
     <span class='ocr_line' id='line_1_60' title="bbox 439 3168 2094 3243; baseline -0.003 -15"><span class='ocrx_word' id='word_1_425' title='bbox 439 3172 608 3229; x_wconf 90' lang='lat' dir='ltr'><strong>ciens</strong></span> <span class='ocrx_word' id='word_1_426' title='bbox 647 3186 783 3243; x_wconf 64' lang='lat' dir='ltr'><strong>quas</strong></span> <span class='ocrx_word' id='word_1_427' title='bbox 829 3168 1146 3224; x_wconf 90' lang='lat' dir='ltr'><strong>scelestum</strong></span> <span class='ocrx_word' id='word_1_428' title='bbox 1199 3169 1508 3223; x_wconf 85' lang='lat' dir='ltr'><strong>hominem</strong></span> <span class='ocrx_word' id='word_1_429' title='bbox 1558 3170 1765 3223; x_wconf 89' lang='lat' dir='ltr'><strong>audire</strong></span> <span class='ocrx_word' id='word_1_430' title='bbox 1812 3185 1920 3240; x_wconf 89' lang='lat' dir='ltr'><strong>par</strong></span> <span class='ocrx_word' id='word_1_431' title='bbox 1945 3171 2094 3226; x_wconf 89' lang='lat' dir='ltr'><strong>fuit:</strong></span> 
     </span>
    </p>
   </div>
   <div class='ocr_carea' id='block_1_61' title="bbox 438 3256 2097 3334">
    <p class='ocr_par' dir='ltr' id='par_1_61' title="bbox 438 3256 2097 3334">
     <span class='ocr_line' id='line_1_61' title="bbox 438 3256 2097 3334; baseline -0.001 -17"><span class='ocrx_word' id='word_1_432' title='bbox 438 3276 576 3334; x_wconf 63' lang='lat' dir='ltr'><strong>qua</strong></span> <span class='ocrx_word' id='word_1_433' title='bbox 630 3276 766 3316; x_wconf 92' lang='lat' dir='ltr'><strong>cum</strong></span> <span class='ocrx_word' id='word_1_434' title='bbox 816 3259 1018 3323; x_wconf 90' lang='lat' dir='ltr'><strong>nobis,</strong></span> <span class='ocrx_word' id='word_1_435' title='bbox 1054 3262 1181 3313; x_wconf 92' lang='lat' dir='ltr'><strong>tum</strong></span> <span class='ocrx_word' id='word_1_436' title='bbox 1238 3256 1513 3329; x_wconf 87' lang='lat' dir='ltr'><strong>plurimis</strong></span> <span class='ocrx_word' id='word_1_437' title='bbox 1560 3257 1722 3324; x_wconf 69' lang='lat' dir='ltr'><strong>aliis,</strong></span> <span class='ocrx_word' id='word_1_438' title='bbox 1754 3266 1818 3313; x_wconf 92' lang='lat' dir='ltr'><strong>ut</strong></span> <span class='ocrx_word' id='word_1_439' title='bbox 1862 3264 2097 3333; x_wconf 86' lang='lat' dir='ltr'><strong>opinor,</strong></span> 
     </span>
    </p>
   </div>
   <div class='ocr_carea' id='block_1_62' title="bbox 2200 2811 3805 2890">
    <p class='ocr_par' dir='ltr' id='par_1_62' title="bbox 2200 2811 3805 2890">
     <span class='ocr_line' id='line_1_62' title="bbox 2200 2811 3805 2890; baseline 0 -24"><span class='ocrx_word' id='word_1_440' title='bbox 2200 2821 2289 2867; x_wconf 79' lang='grc' dir='ltr'><strong>καί</strong></span> <span class='ocrx_word' id='word_1_441' title='bbox 2335 2815 2526 2887; x_wconf 79' lang='grc' dir='ltr'>ἐλεγμῷ</span> <span class='ocrx_word' id='word_1_442' title='bbox 2585 2811 2777 2885; x_wconf 87' lang='grc' dir='ltr'>δικαίῳ</span> <span class='ocrx_word' id='word_1_443' title='bbox 2807 2815 3023 2887; x_wconf 78' lang='grc' dir='ltr'>ἤλεγξας</span> <span class='ocrx_word' id='word_1_444' title='bbox 3062 2820 3149 2868; x_wconf 83' lang='grc' dir='ltr'><strong>τόν</strong></span> <span class='ocrx_word' id='word_1_445' title='bbox 3181 2817 3496 2890; x_wconf 88' lang='grc' dir='ltr'>άσεϐάρχην</span> <span class='ocrx_word' id='word_1_446' title='bbox 3543 2818 3805 2880; x_wconf 75' lang='grc' dir='ltr'>Ἰωάννην,</span> 
     </span>
    </p>
   </div>
   <div class='ocr_carea' id='block_1_63' title="bbox 2200 2897 3804 2979">
    <p class='ocr_par' dir='ltr' id='par_1_63' title="bbox 2200 2897 3804 2979">
     <span class='ocr_line' id='line_1_63' title="bbox 2200 2897 3804 2979; baseline -0.001 -22"><span class='ocrx_word' id='word_1_447' title='bbox 2200 2912 2432 2957; x_wconf 89' lang='grc' dir='ltr'>τοσαῦτα</span> <span class='ocrx_word' id='word_1_448' title='bbox 2470 2897 2642 2968; x_wconf 65' lang='grc' dir='ltr'>εἰπεὶν,</span> <span class='ocrx_word' id='word_1_449' title='bbox 2688 2906 2787 2956; x_wconf 86' lang='grc' dir='ltr'>ὅσα</span> <span class='ocrx_word' id='word_1_450' title='bbox 2826 2901 2887 2962; x_wconf 83' lang='grc' dir='ltr'>ἧν</span> <span class='ocrx_word' id='word_1_451' title='bbox 2932 2905 3085 2967; x_wconf 80' lang='grc' dir='ltr'>ἄξιον</span> <span class='ocrx_word' id='word_1_452' title='bbox 3134 2904 3361 2958; x_wconf 89' lang='grc' dir='ltr'>ἀκοῦσαι</span> <span class='ocrx_word' id='word_1_453' title='bbox 3404 2911 3489 2958; x_wconf 85' lang='grc' dir='ltr'>τὸν</span> <span class='ocrx_word' id='word_1_454' title='bbox 3519 2910 3755 2979; x_wconf 81' lang='grc' dir='ltr'>μυσαρὸν</span> <span class='ocrx_word' id='word_1_455' title='bbox 3790 2921 3804 2933; x_wconf 90' lang='grc'>·</span> 
     </span>
    </p>
   </div>
   <div class='ocr_carea' id='block_1_64' title="bbox 2203 2990 3802 3070">
    <p class='ocr_par' dir='ltr' id='par_1_64' title="bbox 2203 2990 3802 3070">
     <span class='ocr_line' id='line_1_64' title="bbox 2203 2990 3802 3070; baseline -0.002 -23"><span class='ocrx_word' id='word_1_456' title='bbox 2203 2994 2335 3047; x_wconf 86' lang='grc' dir='ltr'>ἃττα</span> <span class='ocrx_word' id='word_1_457' title='bbox 2383 2999 2472 3045; x_wconf 84' lang='grc' dir='ltr'><strong>καί</strong></span> <span class='ocrx_word' id='word_1_458' title='bbox 2505 2995 2650 3066; x_wconf 83' lang='grc' dir='ltr'>ἡμῖν,</span> <span class='ocrx_word' id='word_1_459' title='bbox 2688 2991 2854 3065; x_wconf 83' lang='grc' dir='ltr'>οἶμαι,</span> <span class='ocrx_word' id='word_1_460' title='bbox 2886 2999 2972 3045; x_wconf 82' lang='grc' dir='ltr'><strong>καί</strong></span> <span class='ocrx_word' id='word_1_461' title='bbox 3010 2994 3219 3057; x_wconf 85' lang='grc' dir='ltr'>πολλοῖς</span> <span class='ocrx_word' id='word_1_462' title='bbox 3254 2995 3426 3056; x_wconf 79' lang='grc' dir='ltr'>ἄλλοις</span> <span class='ocrx_word' id='word_1_463' title='bbox 3466 2990 3802 3070; x_wconf 75' lang='grc' dir='ltr'>προδεδήλω-</span> 
     </span>
    </p>
   </div>
   <div class='ocr_carea' id='block_1_65' title="bbox 2204 3082 3798 3156">
    <p class='ocr_par' dir='ltr' id='par_1_65' title="bbox 2204 3082 3798 3156">
     <span class='ocr_line' id='line_1_65' title="bbox 2204 3082 3798 3156; baseline -0.003 -19"><span class='ocrx_word' id='word_1_464' title='bbox 2204 3104 2311 3137; x_wconf 88' lang='grc' dir='ltr'>ται.</span> <span class='ocrx_word' id='word_1_465' title='bbox 2334 3083 2473 3136; x_wconf 83' lang='grc' dir='ltr'>Ἐπεὶ</span> <span class='ocrx_word' id='word_1_466' title='bbox 2511 3082 2621 3135; x_wconf 86' lang='grc' dir='ltr'><strong>οὐκ</strong></span> <span class='ocrx_word' id='word_1_467' title='bbox 2651 3086 2790 3135; x_wconf 82' lang='grc' dir='ltr'>ἔστι</span> <span class='ocrx_word' id='word_1_468' title='bbox 2832 3086 3163 3156; x_wconf 88' lang='grc' dir='ltr'>κρυπτόνὸ</span> <span class='ocrx_word' id='word_1_469' title='bbox 3207 3084 3274 3137; x_wconf 84' lang='grc' dir='ltr'><strong>οὐ</strong></span> <span class='ocrx_word' id='word_1_470' title='bbox 3326 3087 3798 3155; x_wconf 78' lang='grc' dir='ltr'>γνωσθήσεται,</span> 
     </span>
    </p>
   </div>
   <div class='ocr_carea' id='block_1_66' title="bbox 2206 3172 3803 3245">
    <p class='ocr_par' dir='ltr' id='par_1_66' title="bbox 2206 3172 3803 3245">
     <span class='ocr_line' id='line_1_66' title="bbox 2206 3172 3803 3245; baseline -0.001 -20"><span class='ocrx_word' id='word_1_471' title='bbox 2206 3175 2343 3225; x_wconf 87' lang='grc' dir='ltr'>καθά</span> <span class='ocrx_word' id='word_1_472' title='bbox 2374 3191 2506 3239; x_wconf 83' lang='grc' dir='ltr'>φησι</span> <span class='ocrx_word' id='word_1_473' title='bbox 2526 3174 2591 3223; x_wconf 85' lang='grc' dir='ltr'>τὰ</span> <span class='ocrx_word' id='word_1_474' title='bbox 2612 3176 2802 3242; x_wconf 90' lang='grc' dir='ltr'>Λόγια.</span> <span class='ocrx_word' id='word_1_475' title='bbox 2830 3176 2929 3224; x_wconf 79' lang='grc' dir='ltr'><strong>Καὶ</strong></span> <span class='ocrx_word' id='word_1_476' title='bbox 2959 3172 3123 3235; x_wconf 79' lang='grc' dir='ltr'>ἄλλως</span> <span class='ocrx_word' id='word_1_477' title='bbox 3143 3174 3224 3226; x_wconf 85' lang='grc' dir='ltr'>ὅτι</span> <span class='ocrx_word' id='word_1_478' title='bbox 3246 3175 3294 3226; x_wconf 84' lang='grc' dir='ltr'>οἱ</span> <span class='ocrx_word' id='word_1_479' title='bbox 3323 3172 3562 3235; x_wconf 86' lang='grc' dir='ltr'>ἀσεϐείας</span> <span class='ocrx_word' id='word_1_480' title='bbox 3586 3173 3803 3245; x_wconf 77' lang='grc' dir='ltr'>ἓξαρχοι</span> 
     </span>
    </p>
   </div>
   <div class='ocr_carea' id='block_1_67' title="bbox 2213 3258 3731 3338">
    <p class='ocr_par' dir='ltr' id='par_1_67' title="bbox 2213 3258 3731 3338">
     <span class='ocr_line' id='line_1_67' title="bbox 2213 3258 3731 3338; baseline 0.001 -23"><span class='ocrx_word' id='word_1_481' title='bbox 2213 3264 2461 3315; x_wconf 83' lang='grc' dir='ltr'>τοιούτων</span> <span class='ocrx_word' id='word_1_482' title='bbox 2494 3260 2725 3335; x_wconf 85' lang='grc' dir='ltr'>πράξεων</span> <span class='ocrx_word' id='word_1_483' title='bbox 2753 3263 2930 3333; x_wconf 78' lang='grc' dir='ltr'>ἔνοχοι</span> <span class='ocrx_word' id='word_1_484' title='bbox 2959 3258 2994 3314; x_wconf 85' lang='grc' dir='ltr'><em>δ</em></span> <span class='ocrx_word' id='word_1_485' title='bbox 3001 3264 3304 3323; x_wconf 86' lang='grc' dir='ltr'>ικαιοτάτως</span> <span class='ocrx_word' id='word_1_486' title='bbox 3333 3268 3731 3338; x_wconf 69' lang='grc' dir='ltr'>πεφανέρωνται.</span> 
     </span>
    </p>
   </div>
   <div class='ocr_carea' id='block_1_68' title="bbox 439 3346 3811 3426">
    <p class='ocr_par' dir='ltr' id='par_1_68' title="bbox 439 3346 3811 3426">
     <span class='ocr_line' id='line_1_68' title="bbox 439 3346 3811 3426; baseline 0 -19"><span class='ocrx_word' id='word_1_487' title='bbox 439 3356 749 3422; x_wconf 91' lang='lat' dir='ltr'><strong>comperta</strong></span> <span class='ocrx_word' id='word_1_488' title='bbox 800 3347 1061 3403; x_wconf 89' lang='lat' dir='ltr'><strong>fuerunt.</strong></span> <span class='ocrx_word' id='word_1_489' title='bbox 1119 3347 1416 3411; x_wconf 84' lang='lat' dir='ltr'><strong>Quoniam</strong></span> <span class='ocrx_word' id='word_1_490' title='bbox 1459 3346 1615 3401; x_wconf 78' lang='lat' dir='ltr'><strong>nihil</strong></span> <span class='ocrx_word' id='word_1_491' title='bbox 1651 3352 1733 3403; x_wconf 83' lang='lat' dir='ltr'><strong>est</strong></span> <span class='ocrx_word' id='word_1_492' title='bbox 1778 3353 2097 3419; x_wconf 79' lang='lat' dir='ltr'><strong>occultum,</strong></span> <span class='ocrx_word' id='word_1_493' title='bbox 2138 3353 2298 3426; x_wconf 86' lang='lat' dir='ltr'><strong>quod</strong></span> <span class='ocrx_word' id='word_1_494' title='bbox 2339 3366 2460 3406; x_wconf 86' lang='lat' dir='ltr'><strong>non</strong></span> <span class='ocrx_word' id='word_1_495' title='bbox 2512 3353 2734 3406; x_wconf 78' lang='lat' dir='ltr'><strong>scietur</strong></span> <span class='ocrx_word' id='word_1_496' title='bbox 2760 3352 2819 3417; x_wconf 76' lang='grc'><strong>⁸⁸,</strong></span> <span class='ocrx_word' id='word_1_497' title='bbox 2864 3358 2926 3406; x_wconf 90' lang='lat' dir='ltr'><strong>ut</strong></span> <span class='ocrx_word' id='word_1_498' title='bbox 2977 3352 3147 3408; x_wconf 89' lang='lat' dir='ltr'><strong>aiunt</strong></span> <span class='ocrx_word' id='word_1_499' title='bbox 3203 3368 3389 3407; x_wconf 72' lang='lat' dir='ltr'><strong>sacrae</strong></span> <span class='ocrx_word' id='word_1_500' title='bbox 3435 3354 3691 3423; x_wconf 77' lang='lat' dir='ltr'><strong>paginas.</strong></span> <span class='ocrx_word' id='word_1_501' title='bbox 3745 3353 3811 3408; x_wconf 88' lang='lat' dir='ltr'><strong>Et</strong></span> 
     </span>
    </p>
   </div>
   <div class='ocr_carea' id='block_1_69' title="bbox 442 3435 3145 3512">
    <p class='ocr_par' dir='ltr' id='par_1_69' title="bbox 442 3435 3145 3512">
     <span class='ocr_line' id='line_1_69' title="bbox 442 3435 3145 3512; baseline 0 -17"><span class='ocrx_word' id='word_1_502' title='bbox 442 3439 662 3511; x_wconf 89' lang='lat' dir='ltr'><strong>alioqui</strong></span> <span class='ocrx_word' id='word_1_503' title='bbox 684 3437 1005 3509; x_wconf 86' lang='lat' dir='ltr'><strong>impietatis</strong></span> <span class='ocrx_word' id='word_1_504' title='bbox 1029 3435 1213 3491; x_wconf 90' lang='lat' dir='ltr'><strong>duces</strong></span> <span class='ocrx_word' id='word_1_505' title='bbox 1244 3435 1445 3490; x_wconf 82' lang='lat' dir='ltr'><strong>talium</strong></span> <span class='ocrx_word' id='word_1_506' title='bbox 1482 3436 1774 3491; x_wconf 90' lang='lat' dir='ltr'><strong>scelerum</strong></span> <span class='ocrx_word' id='word_1_507' title='bbox 1806 3438 1887 3492; x_wconf 86' lang='lat' dir='ltr'><strong>rei</strong></span> <span class='ocrx_word' id='word_1_508' title='bbox 1920 3442 2233 3499; x_wconf 80' lang='lat' dir='ltr'><strong>manifeste</strong></span> <span class='ocrx_word' id='word_1_509' title='bbox 2263 3442 2552 3512; x_wconf 89' lang='lat' dir='ltr'><strong>comperti</strong></span> <span class='ocrx_word' id='word_1_510' title='bbox 2580 3440 2957 3512; x_wconf 86' lang='lat' dir='ltr'><strong>convictique</strong></span> <span class='ocrx_word' id='word_1_511' title='bbox 2989 3446 3145 3497; x_wconf 92' lang='lat' dir='ltr'><strong>sunt.</strong></span> 
     </span>
    </p>
   </div>
   <div class='ocr_carea' id='block_1_70' title="bbox 510 3526 2095 3596">
    <p class='ocr_par' dir='ltr' id='par_1_70' title="bbox 510 3526 2095 3596">
     <span class='ocr_line' id='line_1_70' title="bbox 510 3526 2095 3596; baseline 0.001 -12"><span class='ocrx_word' id='word_1_512' title='bbox 510 3527 639 3584; x_wconf 84' lang='lat' dir='ltr'><strong>Noli</strong></span> <span class='ocrx_word' id='word_1_513' title='bbox 685 3528 884 3596; x_wconf 85' lang='lat' dir='ltr'><strong>igitur,</strong></span> <span class='ocrx_word' id='word_1_514' title='bbox 934 3526 1182 3581; x_wconf 91' lang='lat' dir='ltr'><strong>Domine</strong></span> <span class='ocrx_word' id='word_1_515' title='bbox 1212 3526 1315 3591; x_wconf 91' lang='lat' dir='ltr'><strong>mi,</strong></span> <span class='ocrx_word' id='word_1_516' title='bbox 1352 3531 1471 3579; x_wconf 93' lang='lat' dir='ltr'><strong>tam</strong></span> <span class='ocrx_word' id='word_1_517' title='bbox 1514 3526 1801 3596; x_wconf 61' lang='lat' dir='ltr'><strong>preclaro</strong></span> <span class='ocrx_word' id='word_1_518' title='bbox 1850 3527 1951 3583; x_wconf 92' lang='lat' dir='ltr'><strong>illo</strong></span> <span class='ocrx_word' id='word_1_519' title='bbox 1992 3536 2095 3587; x_wconf 89' lang='lat' dir='ltr'><strong>tuo</strong></span> 
     </span>
    </p>
   </div>
   <div class='ocr_carea' id='block_1_71' title="bbox 439 3614 2095 3687">
    <p class='ocr_par' dir='ltr' id='par_1_71' title="bbox 439 3614 2095 3687">
     <span class='ocr_line' id='line_1_71' title="bbox 439 3614 2095 3687; baseline -0.001 -13"><span class='ocrx_word' id='word_1_520' title='bbox 439 3616 764 3674; x_wconf 89' lang='lat' dir='ltr'><strong>certamine</strong></span> <span class='ocrx_word' id='word_1_521' title='bbox 804 3616 1085 3670; x_wconf 91' lang='lat' dir='ltr'><strong>desistere</strong></span> <span class='ocrx_word' id='word_1_522' title='bbox 1117 3630 1129 3668; x_wconf 93' lang='lat'><strong>:</strong></span> <span class='ocrx_word' id='word_1_523' title='bbox 1167 3614 1272 3670; x_wconf 92' lang='lat' dir='ltr'><strong>sed</strong></span> <span class='ocrx_word' id='word_1_524' title='bbox 1311 3614 1516 3669; x_wconf 90' lang='lat' dir='ltr'><strong>confer</strong></span> <span class='ocrx_word' id='word_1_525' title='bbox 1546 3614 1778 3670; x_wconf 73' lang='lat' dir='ltr'><strong>eximias</strong></span> <span class='ocrx_word' id='word_1_526' title='bbox 1817 3616 2095 3687; x_wconf 88' lang='lat' dir='ltr'><strong>dignitati</strong></span> 
     </span>
    </p>
   </div>
   <div class='ocr_carea' id='block_1_72' title="bbox 441 3704 2094 3775">
    <p class='ocr_par' dir='ltr' id='par_1_72' title="bbox 441 3704 2094 3775">
     <span class='ocr_line' id='line_1_72' title="bbox 441 3704 2094 3775; baseline 0 -12"><span class='ocrx_word' id='word_1_527' title='bbox 441 3714 555 3764; x_wconf 73' lang='lat' dir='ltr'><strong>tuae</strong></span> <span class='ocrx_word' id='word_1_528' title='bbox 595 3706 759 3761; x_wconf 89' lang='lat' dir='ltr'><strong>haud</strong></span> <span class='ocrx_word' id='word_1_529' title='bbox 806 3706 1101 3775; x_wconf 88' lang='lat' dir='ltr'><strong>imparem</strong></span> <span class='ocrx_word' id='word_1_530' title='bbox 1152 3718 1353 3774; x_wconf 89' lang='lat' dir='ltr'><strong>opem,</strong></span> <span class='ocrx_word' id='word_1_531' title='bbox 1395 3704 1619 3775; x_wconf 91' lang='lat' dir='ltr'><strong>quippe</strong></span> <span class='ocrx_word' id='word_1_532' title='bbox 1667 3705 1768 3775; x_wconf 90' lang='lat' dir='ltr'><strong>qui</strong></span> <span class='ocrx_word' id='word_1_533' title='bbox 1804 3705 1884 3759; x_wconf 91' lang='lat' dir='ltr'><strong>sis</strong></span> <span class='ocrx_word' id='word_1_534' title='bbox 1915 3706 1993 3761; x_wconf 89' lang='lat' dir='ltr'><strong>ad</strong></span> <span class='ocrx_word' id='word_1_535' title='bbox 2033 3707 2094 3763; x_wconf 89' lang='lat' dir='ltr'><strong>id</strong></span> 
     </span>
    </p>
   </div>
   <div class='ocr_carea' id='block_1_73' title="bbox 440 3793 2092 3863">
    <p class='ocr_par' dir='ltr' id='par_1_73' title="bbox 440 3793 2092 3863">
     <span class='ocr_line' id='line_1_73' title="bbox 440 3793 2092 3863; baseline -0.001 -10"><span class='ocrx_word' id='word_1_536' title='bbox 440 3812 476 3853; x_wconf 88' lang='lat' dir='ltr'><strong>a</strong></span> <span class='ocrx_word' id='word_1_537' title='bbox 496 3797 615 3851; x_wconf 90' lang='lat' dir='ltr'><strong>Deo</strong></span> <span class='ocrx_word' id='word_1_538' title='bbox 643 3800 888 3851; x_wconf 90' lang='lat' dir='ltr'><strong>vocatus</strong></span> <span class='ocrx_word' id='word_1_539' title='bbox 905 3796 964 3849; x_wconf 91' lang='lat' dir='ltr'><strong>in</strong></span> <span class='ocrx_word' id='word_1_540' title='bbox 986 3793 1078 3848; x_wconf 92' lang='lat' dir='ltr'><strong>his</strong></span> <span class='ocrx_word' id='word_1_541' title='bbox 1102 3798 1436 3863; x_wconf 90' lang='lat' dir='ltr'><strong>temporum</strong></span> <span class='ocrx_word' id='word_1_542' title='bbox 1464 3808 1533 3848; x_wconf 89' lang='lat' dir='ltr'><strong>ac</strong></span> <span class='ocrx_word' id='word_1_543' title='bbox 1560 3809 1757 3848; x_wconf 90' lang='lat' dir='ltr'><strong>rerum</strong></span> <span class='ocrx_word' id='word_1_544' title='bbox 1776 3796 2092 3863; x_wconf 90' lang='lat' dir='ltr'><strong>angustiis.</strong></span> 
     </span>
    </p>
   </div>
   <div class='ocr_carea' id='block_1_74' title="bbox 438 3882 2092 3957">
    <p class='ocr_par' dir='ltr' id='par_1_74' title="bbox 438 3882 2092 3957">
     <span class='ocr_line' id='line_1_74' title="bbox 438 3882 2092 3957; baseline -0.001 -16"><span class='ocrx_word' id='word_1_545' title='bbox 438 3886 534 3942; x_wconf 94' lang='lat' dir='ltr'><strong>Sic</strong></span> <span class='ocrx_word' id='word_1_546' title='bbox 558 3885 721 3941; x_wconf 92' lang='lat' dir='ltr'><strong>enim</strong></span> <span class='ocrx_word' id='word_1_547' title='bbox 742 3884 1034 3954; x_wconf 88' lang='lat' dir='ltr'><strong>majorem</strong></span> <span class='ocrx_word' id='word_1_548' title='bbox 1067 3882 1318 3952; x_wconf 90' lang='lat' dir='ltr'><strong>gloriam</strong></span> <span class='ocrx_word' id='word_1_549' title='bbox 1350 3896 1735 3954; x_wconf 89' lang='lat' dir='ltr'><strong>consequere,</strong></span> <span class='ocrx_word' id='word_1_550' title='bbox 1768 3889 1893 3938; x_wconf 91' lang='lat' dir='ltr'><strong>tum</strong></span> <span class='ocrx_word' id='word_1_551' title='bbox 1928 3886 2092 3957; x_wconf 85' lang='lat' dir='ltr'><strong>apud</strong></span> 
     </span>
    </p>
   </div>
   <div class='ocr_carea' id='block_1_75' title="bbox 440 3971 2093 4045">
    <p class='ocr_par' dir='ltr' id='par_1_75' title="bbox 440 3971 2093 4045">
     <span class='ocr_line' id='line_1_75' title="bbox 440 3971 2093 4045; baseline -0.001 -14"><span class='ocrx_word' id='word_1_552' title='bbox 440 3978 625 4031; x_wconf 92' lang='lat' dir='ltr'><strong>Deum</strong></span> <span class='ocrx_word' id='word_1_553' title='bbox 677 3974 772 4030; x_wconf 91' lang='lat' dir='ltr'><strong>cui</strong></span> <span class='ocrx_word' id='word_1_554' title='bbox 819 3989 912 4028; x_wconf 92' lang='lat' dir='ltr'><strong>res</strong></span> <span class='ocrx_word' id='word_1_555' title='bbox 968 3989 1040 4028; x_wconf 92' lang='lat' dir='ltr'><strong>ea</strong></span> <span class='ocrx_word' id='word_1_556' title='bbox 1097 3971 1515 4041; x_wconf 89' lang='lat' dir='ltr'><strong>acceptissima</strong></span> <span class='ocrx_word' id='word_1_557' title='bbox 1568 3979 1676 4037; x_wconf 89' lang='lat' dir='ltr'><strong>est,</strong></span> <span class='ocrx_word' id='word_1_558' title='bbox 1735 3978 1856 4028; x_wconf 92' lang='lat' dir='ltr'><strong>tum</strong></span> <span class='ocrx_word' id='word_1_559' title='bbox 1925 3973 2093 4045; x_wconf 89' lang='lat' dir='ltr'><strong>apud</strong></span> 
     </span>
    </p>
   </div>
   <div class='ocr_carea' id='block_1_76' title="bbox 441 4060 2087 4137">
    <p class='ocr_par' dir='ltr' id='par_1_76' title="bbox 441 4060 2087 4137">
     <span class='ocr_line' id='line_1_76' title="bbox 441 4060 2087 4137; baseline -0.001 -17"><span class='ocrx_word' id='word_1_560' title='bbox 441 4065 864 4137; x_wconf 88' lang='lat' dir='ltr'><strong>imperatorem</strong></span> <span class='ocrx_word' id='word_1_561' title='bbox 907 4062 1008 4134; x_wconf 90' lang='lat' dir='ltr'><strong>qui</strong></span> <span class='ocrx_word' id='word_1_562' title='bbox 1043 4062 1173 4133; x_wconf 90' lang='lat' dir='ltr'><strong>jam</strong></span> <span class='ocrx_word' id='word_1_563' title='bbox 1216 4060 1518 4130; x_wconf 91' lang='lat' dir='ltr'><strong>religionis</strong></span> <span class='ocrx_word' id='word_1_564' title='bbox 1543 4062 1779 4131; x_wconf 85' lang='lat' dir='ltr'><strong>signum</strong></span> <span class='ocrx_word' id='word_1_565' title='bbox 1830 4064 2087 4130; x_wconf 89' lang='lat' dir='ltr'><strong>sustulit,</strong></span> 
     </span>
    </p>
   </div>
   <div class='ocr_carea' id='block_1_77' title="bbox 2277 3525 3808 3602">
    <p class='ocr_par' dir='ltr' id='par_1_77' title="bbox 2277 3525 3808 3602">
     <span class='ocr_line' id='line_1_77' title="bbox 2277 3525 3808 3602; baseline 0.001 -20"><span class='ocrx_word' id='word_1_566' title='bbox 2277 3534 2363 3588; x_wconf 75' lang='grc' dir='ltr'><strong>Μὴ</strong></span> <span class='ocrx_word' id='word_1_567' title='bbox 2402 3533 2588 3595; x_wconf 87' lang='grc' dir='ltr'>τοίνυν,</span> <span class='ocrx_word' id='word_1_568' title='bbox 2644 3525 2683 3578; x_wconf 84' lang='grc' dir='ltr'>ὦ</span> <span class='ocrx_word' id='word_1_569' title='bbox 2716 3525 2950 3581; x_wconf 78' lang='grc' dir='ltr'>δίσποτά</span> <span class='ocrx_word' id='word_1_570' title='bbox 2978 3549 3099 3602; x_wconf 89' lang='grc' dir='ltr'>μου,</span> <span class='ocrx_word' id='word_1_571' title='bbox 3147 3529 3457 3593; x_wconf 75' lang='grc' dir='ltr'>ἀπολήξειας</span> <span class='ocrx_word' id='word_1_572' title='bbox 3504 3538 3596 3583; x_wconf 91' lang='grc' dir='ltr'><strong>τοῦ</strong></span> <span class='ocrx_word' id='word_1_573' title='bbox 3644 3530 3808 3583; x_wconf 87' lang='grc' dir='ltr'>καλοῦ</span> 
     </span>
    </p>
   </div>
   <div class='ocr_carea' id='block_1_78' title="bbox 2208 3618 3806 3693">
    <p class='ocr_par' dir='ltr' id='par_1_78' title="bbox 2208 3618 3806 3693">
     <span class='ocr_line' id='line_1_78' title="bbox 2208 3618 3806 3693; baseline 0 -21"><span class='ocrx_word' id='word_1_574' title='bbox 2208 3639 2305 3673; x_wconf 94' lang='grc' dir='ltr'><strong>σου</strong></span> <span class='ocrx_word' id='word_1_575' title='bbox 2357 3618 2551 3690; x_wconf 84' lang='grc' dir='ltr'>ἀγῶνος</span> <span class='ocrx_word' id='word_1_576' title='bbox 2583 3639 2595 3651; x_wconf 89' lang='grc'><strong>·</strong></span> <span class='ocrx_word' id='word_1_577' title='bbox 2675 3618 2803 3671; x_wconf 87' lang='grc' dir='ltr'><strong>ἀλλά</strong></span> <span class='ocrx_word' id='word_1_578' title='bbox 2860 3623 3241 3692; x_wconf 84' lang='grc' dir='ltr'>συνεισένεγκον</span> <span class='ocrx_word' id='word_1_579' title='bbox 3298 3628 3359 3692; x_wconf 75' lang='grc' dir='ltr'>τῇ</span> <span class='ocrx_word' id='word_1_580' title='bbox 3418 3624 3640 3693; x_wconf 74' lang='grc' dir='ltr'>μεγίστῃ</span> <span class='ocrx_word' id='word_1_581' title='bbox 3708 3640 3806 3672; x_wconf 87' lang='grc' dir='ltr'><strong>σου</strong></span> 
     </span>
    </p>
   </div>
   <div class='ocr_carea' id='block_1_79' title="bbox 2203 3707 3807 3783">
    <p class='ocr_par' dir='ltr' id='par_1_79' title="bbox 2203 3707 3807 3783">
     <span class='ocr_line' id='line_1_79' title="bbox 2203 3707 3807 3783; baseline -0.001 -22"><span class='ocrx_word' id='word_1_582' title='bbox 2203 3710 2441 3783; x_wconf 77' lang='grc' dir='ltr'>ὑπεροχῇ</span> <span class='ocrx_word' id='word_1_583' title='bbox 2505 3707 2779 3782; x_wconf 77' lang='grc' dir='ltr'>ἰσόρῥοπον</span> <span class='ocrx_word' id='word_1_584' title='bbox 2837 3712 2931 3767; x_wconf 81' lang='grc' dir='ltr'>τὴν</span> <span class='ocrx_word' id='word_1_585' title='bbox 2982 3707 3247 3782; x_wconf 82' lang='grc' dir='ltr'>βοήθειαν,</span> <span class='ocrx_word' id='word_1_586' title='bbox 3293 3711 3363 3772; x_wconf 82' lang='grc' dir='ltr'>ὡς</span> <span class='ocrx_word' id='word_1_587' title='bbox 3408 3711 3507 3761; x_wconf 78' lang='grc' dir='ltr'>ὐπὸ</span> <span class='ocrx_word' id='word_1_588' title='bbox 3568 3714 3692 3763; x_wconf 84' lang='grc' dir='ltr'>Θεοῦ</span> <span class='ocrx_word' id='word_1_589' title='bbox 3738 3710 3807 3770; x_wconf 85' lang='grc' dir='ltr'>εἰς</span> 
     </span>
    </p>
   </div>
   <div class='ocr_carea' id='block_1_80' title="bbox 2201 3797 3805 3874">
    <p class='ocr_par' dir='ltr' id='par_1_80' title="bbox 2201 3797 3805 3874">
     <span class='ocr_line' id='line_1_80' title="bbox 2201 3797 3805 3874; baseline 0 -24"><span class='ocrx_word' id='word_1_590' title='bbox 2201 3802 2396 3856; x_wconf 78' lang='grc' dir='ltr'>ταύτην</span> <span class='ocrx_word' id='word_1_591' title='bbox 2453 3798 2805 3872; x_wconf 82' lang='grc' dir='ltr'>προσκληθείς</span> <span class='ocrx_word' id='word_1_592' title='bbox 2834 3797 2890 3860; x_wconf 83' lang='grc' dir='ltr'><strong>ἐξ</strong></span> <span class='ocrx_word' id='word_1_593' title='bbox 2920 3798 3201 3869; x_wconf 75' lang='grc' dir='ltr'>ἀναγκαίου</span> <span class='ocrx_word' id='word_1_594' title='bbox 3242 3806 3332 3852; x_wconf 89' lang='grc' dir='ltr'><strong>τοῦ</strong></span> <span class='ocrx_word' id='word_1_595' title='bbox 3388 3805 3605 3874; x_wconf 88' lang='grc' dir='ltr'>χρόνου,</span> <span class='ocrx_word' id='word_1_596' title='bbox 3650 3800 3805 3851; x_wconf 83' lang='grc' dir='ltr'>Οῦτω</span> 
     </span>
    </p>
   </div>
   <div class='ocr_carea' id='block_1_81' title="bbox 2199 3885 3807 3962">
    <p class='ocr_par' dir='ltr' id='par_1_81' title="bbox 2199 3885 3807 3962">
     <span class='ocr_line' id='line_1_81' title="bbox 2199 3885 3807 3962; baseline -0.006 -13"><span class='ocrx_word' id='word_1_597' title='bbox 2199 3890 2301 3959; x_wconf 73' lang='grc' dir='ltr'><strong>γὰρ</strong></span> <span class='ocrx_word' id='word_1_598' title='bbox 2332 3886 2521 3960; x_wconf 84' lang='grc' dir='ltr'>μαλλον</span> <span class='ocrx_word' id='word_1_599' title='bbox 2568 3886 2891 3960; x_wconf 72' lang='grc' dir='ltr'>εὖκλιηθήσῃ</span> <span class='ocrx_word' id='word_1_600' title='bbox 2946 3891 3089 3962; x_wconf 89' lang='grc' dir='ltr'>παρά</span> <span class='ocrx_word' id='word_1_601' title='bbox 3140 3908 3194 3941; x_wconf 88' lang='grc' dir='ltr'><strong>τε</strong></span> <span class='ocrx_word' id='word_1_602' title='bbox 3262 3896 3374 3942; x_wconf 86' lang='grc' dir='ltr'><strong>Θεῶ</strong></span> <span class='ocrx_word' id='word_1_603' title='bbox 3430 3898 3502 3959; x_wconf 81' lang='grc' dir='ltr'>τῷ</span> <span class='ocrx_word' id='word_1_604' title='bbox 3583 3885 3807 3947; x_wconf 82' lang='grc' dir='ltr'>εὐδοκή-</span> 
     </span>
    </p>
   </div>
   <div class='ocr_carea' id='block_1_82' title="bbox 2204 3974 3805 4052">
    <p class='ocr_par' dir='ltr' id='par_1_82' title="bbox 2204 3974 3805 4052">
     <span class='ocr_line' id='line_1_82' title="bbox 2204 3974 3805 4052; baseline 0.001 -23"><span class='ocrx_word' id='word_1_605' title='bbox 2204 3996 2375 4046; x_wconf 86' lang='grc' dir='ltr'>σαντι,</span> <span class='ocrx_word' id='word_1_606' title='bbox 2428 3981 2516 4028; x_wconf 84' lang='grc' dir='ltr'>καὶ</span> <span class='ocrx_word' id='word_1_607' title='bbox 2561 3974 2773 4049; x_wconf 83' lang='grc' dir='ltr'>βασιλεῖ</span> <span class='ocrx_word' id='word_1_608' title='bbox 2834 3986 2906 4048; x_wconf 82' lang='grc' dir='ltr'>τῷ</span> <span class='ocrx_word' id='word_1_609' title='bbox 2982 3977 3327 4052; x_wconf 76' lang='grc' dir='ltr'>ἀπαρξαμίνῲ</span> <span class='ocrx_word' id='word_1_610' title='bbox 3396 3977 3641 4045; x_wconf 76' lang='grc' dir='ltr'>εὐσεϐεῖν,</span> <span class='ocrx_word' id='word_1_611' title='bbox 3712 3984 3805 4031; x_wconf 85' lang='grc' dir='ltr'>καὶ</span> 
     </span>
    </p>
   </div>
   <div class='ocr_carea' id='block_1_83' title="bbox 2198 4066 3803 4143">
    <p class='ocr_par' dir='ltr' id='par_1_83' title="bbox 2198 4066 3803 4143">
     <span class='ocr_line' id='line_1_83' title="bbox 2198 4066 3803 4143; baseline 0.001 -25"><span class='ocrx_word' id='word_1_612' title='bbox 2198 4066 2367 4119; x_wconf 85' lang='grc' dir='ltr'>άπασι</span> <span class='ocrx_word' id='word_1_613' title='bbox 2416 4075 2525 4129; x_wconf 79' lang='grc' dir='ltr'>τοῖς</span> <span class='ocrx_word' id='word_1_614' title='bbox 2550 4070 2635 4119; x_wconf 91' lang='grc' dir='ltr'>τὸν</span> <span class='ocrx_word' id='word_1_615' title='bbox 2688 4067 2839 4142; x_wconf 84' lang='grc' dir='ltr'>ὀρθόν</span> <span class='ocrx_word' id='word_1_616' title='bbox 2892 4068 3042 4140; x_wconf 91' lang='grc' dir='ltr'>λόγον</span> <span class='ocrx_word' id='word_1_617' title='bbox 3096 4075 3189 4131; x_wconf 84' lang='grc' dir='ltr'>τῆς</span> <span class='ocrx_word' id='word_1_618' title='bbox 3214 4067 3455 4129; x_wconf 80' lang='grc' dir='ltr'>ἀληθείας</span> <span class='ocrx_word' id='word_1_619' title='bbox 3490 4068 3803 4143; x_wconf 81' lang='grc' dir='ltr'>πρεσϐεύου-</span> 
     </span>
    </p>
   </div>
   <div class='ocr_carea' id='block_1_84' title="bbox 438 4151 2087 4251">
    <p class='ocr_par' dir='ltr' id='par_1_84' title="bbox 438 4151 2087 4225">
     <span class='ocr_line' id='line_1_84' title="bbox 438 4151 2087 4225; baseline -0.001 -16"><span class='ocrx_word' id='word_1_620' title='bbox 438 4159 567 4210; x_wconf 92' lang='lat' dir='ltr'><strong>tum</strong></span> <span class='ocrx_word' id='word_1_621' title='bbox 590 4153 754 4225; x_wconf 91' lang='lat' dir='ltr'><strong>apud</strong></span> <span class='ocrx_word' id='word_1_622' title='bbox 770 4152 1076 4207; x_wconf 85' lang='lat' dir='ltr'><strong>universos</strong></span> <span class='ocrx_word' id='word_1_623' title='bbox 1092 4151 1195 4221; x_wconf 88' lang='lat' dir='ltr'><strong>qui</strong></span> <span class='ocrx_word' id='word_1_624' title='bbox 1215 4159 1441 4204; x_wconf 87' lang='lat' dir='ltr'><strong>rectum</strong></span> <span class='ocrx_word' id='word_1_625' title='bbox 1472 4154 1729 4205; x_wconf 87' lang='lat' dir='ltr'><strong>veritatis</strong></span> <span class='ocrx_word' id='word_1_626' title='bbox 1751 4168 2087 4208; x_wconf 89' lang='lat' dir='ltr'><strong>sermonem</strong></span> 
     </span>
    </p>
   </div>
   <div class='ocr_carea' id='block_1_85' title="bbox 2201 4151 3802 4251">
    <p class='ocr_par' dir='ltr' id='par_1_85' title="bbox 2202 4156 3802 4231">
     <span class='ocr_line' id='line_1_85' title="bbox 2202 4156 3802 4231; baseline 0.002 -22"><span class='ocrx_word' id='word_1_627' title='bbox 2202 4176 2303 4211; x_wconf 89' lang='grc' dir='ltr'>σιν.</span> <span class='ocrx_word' id='word_1_628' title='bbox 2346 4156 2420 4209; x_wconf 94' lang='grc' dir='ltr'><strong>Οὐ</strong></span> <span class='ocrx_word' id='word_1_629' title='bbox 2447 4162 2550 4228; x_wconf 83' lang='grc' dir='ltr'>μὴν</span> <span class='ocrx_word' id='word_1_630' title='bbox 2605 4156 2733 4209; x_wconf 86' lang='grc' dir='ltr'><strong>ἀλλά</strong></span> <span class='ocrx_word' id='word_1_631' title='bbox 2789 4162 2878 4210; x_wconf 85' lang='grc' dir='ltr'>καὶ</span> <span class='ocrx_word' id='word_1_632' title='bbox 2941 4167 3143 4229; x_wconf 82' lang='grc' dir='ltr'>σεαυτῷ</span> <span class='ocrx_word' id='word_1_633' title='bbox 3196 4168 3291 4220; x_wconf 86' lang='grc' dir='ltr'>τῆς</span> <span class='ocrx_word' id='word_1_634' title='bbox 3334 4162 3471 4210; x_wconf 82' lang='grc' dir='ltr'><strong>κατά</strong></span> <span class='ocrx_word' id='word_1_635' title='bbox 3517 4165 3612 4216; x_wconf 76' lang='grc' dir='ltr'>τὴν</span> <span class='ocrx_word' id='word_1_636' title='bbox 3662 4161 3802 4231; x_wconf 85' lang='grc' dir='ltr'>αἱρε-</span> 
     </span>
    </p>
   </div>
   <div class='ocr_carea' id='block_1_86' title="bbox 435 4238 2085 4313">
    <p class='ocr_par' dir='ltr' id='par_1_86' title="bbox 435 4238 2085 4313">
     <span class='ocr_line' id='line_1_86' title="bbox 435 4238 2085 4313; baseline -0.001 -14"><span class='ocrx_word' id='word_1_637' title='bbox 435 4242 830 4300; x_wconf 88' lang='lat' dir='ltr'><strong>annuntiant:</strong></span> <span class='ocrx_word' id='word_1_638' title='bbox 865 4240 1193 4313; x_wconf 89' lang='lat' dir='ltr'><strong>quinetiam</strong></span> <span class='ocrx_word' id='word_1_639' title='bbox 1220 4238 1547 4294; x_wconf 89' lang='lat' dir='ltr'><strong>amuletum</strong></span> <span class='ocrx_word' id='word_1_640' title='bbox 1581 4240 1867 4295; x_wconf 86' lang='lat' dir='ltr'><strong>adversus</strong></span> <span class='ocrx_word' id='word_1_641' title='bbox 1888 4241 2085 4298; x_wconf 88' lang='lat' dir='ltr'><strong>labem</strong></span> 
     </span>
    </p>
   </div>
   <div class='ocr_carea' id='block_1_87' title="bbox 434 4328 2090 4404">
    <p class='ocr_par' dir='ltr' id='par_1_87' title="bbox 434 4328 2090 4404">
     <span class='ocr_line' id='line_1_87' title="bbox 434 4328 2090 4404; baseline -0.001 -16"><span class='ocrx_word' id='word_1_642' title='bbox 434 4347 571 4404; x_wconf 71' lang='lat' dir='ltr'><strong>quae</strong></span> <span class='ocrx_word' id='word_1_643' title='bbox 593 4333 671 4388; x_wconf 89' lang='lat' dir='ltr'><strong>ab</strong></span> <span class='ocrx_word' id='word_1_644' title='bbox 700 4331 973 4387; x_wconf 71' lang='lat' dir='ltr'><strong>haeretica</strong></span> <span class='ocrx_word' id='word_1_645' title='bbox 1003 4328 1427 4385; x_wconf 91' lang='lat' dir='ltr'><strong>communione</strong></span> <span class='ocrx_word' id='word_1_646' title='bbox 1457 4330 1641 4384; x_wconf 90' lang='lat' dir='ltr'><strong>oritur</strong></span> <span class='ocrx_word' id='word_1_647' title='bbox 1664 4329 1791 4401; x_wconf 90' lang='lat' dir='ltr'><strong>ipse</strong></span> <span class='ocrx_word' id='word_1_648' title='bbox 1818 4330 1922 4385; x_wconf 91' lang='lat' dir='ltr'><strong>tibi</strong></span> <span class='ocrx_word' id='word_1_649' title='bbox 1951 4347 2090 4388; x_wconf 91' lang='lat' dir='ltr'><strong>con-</strong></span> 
     </span>
    </p>
   </div>
   <div class='ocr_carea' id='block_1_88' title="bbox 436 4421 624 4477">
    <p class='ocr_par' dir='ltr' id='par_1_88' title="bbox 436 4421 624 4477">
     <span class='ocr_line' id='line_1_88' title="bbox 436 4421 624 4477; baseline -0.005 0"><span class='ocrx_word' id='word_1_650' title='bbox 436 4421 624 4477; x_wconf 87' lang='lat' dir='ltr'><strong>ﬁcies.</strong></span> 
     </span>
    </p>
   </div>
   <div class='ocr_carea' id='block_1_89' title="bbox 441 4524 2085 4597">
    <p class='ocr_par' dir='ltr' id='par_1_89' title="bbox 441 4524 2085 4597">
     <span class='ocr_line' id='line_1_89' title="bbox 441 4524 2085 4597; baseline 0.001 -12"><span class='ocrx_word' id='word_1_651' title='bbox 441 4527 706 4585; x_wconf 83' lang='lat' dir='ltr'><strong>LXXXIII.</strong></span> <span class='ocrx_word' id='word_1_652' title='bbox 729 4558 792 4569; x_wconf 92' lang='lat'>—</span> <span class='ocrx_word' id='word_1_653' title='bbox 824 4526 1060 4584; x_wconf 78' lang='lat' dir='ltr'><strong>Sanctis</strong></span> <span class='ocrx_word' id='word_1_654' title='bbox 1087 4524 1363 4581; x_wconf 82' lang='lat' dir='ltr'><strong>Patribus</strong></span> <span class='ocrx_word' id='word_1_655' title='bbox 1388 4526 1551 4592; x_wconf 82' lang='lat' dir='ltr'><strong>meis,</strong></span> <span class='ocrx_word' id='word_1_656' title='bbox 1576 4531 1629 4583; x_wconf 80' lang='lat' dir='ltr'><strong>et</strong></span> <span class='ocrx_word' id='word_1_657' title='bbox 1649 4528 2085 4597; x_wconf 77' lang='lat' dir='ltr'><strong>confessoribus</strong></span> 
     </span>
    </p>
   </div>
   <div class='ocr_carea' id='block_1_90' title="bbox 655 4597 1867 4671">
    <p class='ocr_par' dir='ltr' id='par_1_90' title="bbox 655 4597 1867 4671">
     <span class='ocr_line' id='line_1_90' title="bbox 655 4597 1867 4671; baseline -0.002 -15"><span class='ocrx_word' id='word_1_658' title='bbox 655 4599 899 4671; x_wconf 79' lang='lat' dir='ltr'><strong>Christi,</strong></span> <span class='ocrx_word' id='word_1_659' title='bbox 927 4599 1171 4663; x_wconf 72' lang='grc' dir='ltr'><strong>ιΙοαηηί,</strong></span> <span class='ocrx_word' id='word_1_660' title='bbox 1196 4597 1499 4665; x_wconf 75' lang='lat' dir='ltr'><strong>Michaeti,</strong></span> <span class='ocrx_word' id='word_1_661' title='bbox 1528 4606 1580 4656; x_wconf 79' lang='lat' dir='ltr'><strong>et</strong></span> <span class='ocrx_word' id='word_1_662' title='bbox 1616 4600 1867 4657; x_wconf 75' lang='lat' dir='ltr'><strong>Basilio.</strong></span> 
     </span>
    </p>
   </div>
   <div class='ocr_carea' id='block_1_91' title="bbox 2197 4248 3796 4321">
    <p class='ocr_par' dir='ltr' id='par_1_91' title="bbox 2197 4248 3796 4321">
     <span class='ocr_line' id='line_1_91' title="bbox 2197 4248 3796 4321; baseline 0.002 -23"><span class='ocrx_word' id='word_1_663' title='bbox 2197 4250 2348 4305; x_wconf 76' lang='grc' dir='ltr'>τικην</span> <span class='ocrx_word' id='word_1_664' title='bbox 2394 4250 2661 4298; x_wconf 81' lang='grc' dir='ltr'>κοινωνίαν</span> <span class='ocrx_word' id='word_1_665' title='bbox 2716 4248 3009 4320; x_wconf 88' lang='grc' dir='ltr'>χράνσεως,</span> <span class='ocrx_word' id='word_1_666' title='bbox 3064 4248 3292 4301; x_wconf 73' lang='grc' dir='ltr'>ἐντεῦθεν</span> <span class='ocrx_word' id='word_1_667' title='bbox 3360 4253 3565 4321; x_wconf 72' lang='grc' dir='ltr'>χαρίσῃ</span> <span class='ocrx_word' id='word_1_668' title='bbox 3628 4248 3796 4311; x_wconf 77' lang='grc' dir='ltr'>ἀλεξι-</span> 
     </span>
    </p>
   </div>
   <div class='ocr_carea' id='block_1_92' title="bbox 2197 4337 2704 4410">
    <p class='ocr_par' dir='ltr' id='par_1_92' title="bbox 2197 4337 2704 4410">
     <span class='ocr_line' id='line_1_92' title="bbox 2197 4337 2704 4410; baseline 0 -23"><span class='ocrx_word' id='word_1_669' title='bbox 2197 4338 2259 4393; x_wconf 83' lang='grc' dir='ltr'>τή</span> <span class='ocrx_word' id='word_1_670' title='bbox 2265 4354 2294 4410; x_wconf 91' lang='grc' dir='ltr'><strong>ρ</strong></span> <span class='ocrx_word' id='word_1_671' title='bbox 2304 4355 2376 4387; x_wconf 89' lang='grc' dir='ltr'><strong>ιον</strong></span> <span class='ocrx_word' id='word_1_672' title='bbox 2416 4337 2704 4409; x_wconf 76' lang='grc' dir='ltr'>φάρμακον.</span> 
     </span>
    </p>
   </div>
   <div class='ocr_carea' id='block_1_93' title="bbox 2197 4528 3797 4607">
    <p class='ocr_par' dir='ltr' id='par_1_93' title="bbox 2197 4528 3797 4607">
     <span class='ocr_line' id='line_1_93' title="bbox 2197 4528 3797 4607; baseline -0.001 -21"><span class='ocrx_word' id='word_1_673' title='bbox 2197 4528 2324 4588; x_wconf 86' lang='lat' dir='ltr'>IlI&quot;.</span> <span class='ocrx_word' id='word_1_674' title='bbox 2360 4537 2607 4591; x_wconf 85' lang='grc' dir='ltr'>-Τοῖς</span> <span class='ocrx_word' id='word_1_675' title='bbox 2660 4529 3039 4607; x_wconf 26' lang='grc' dir='ltr'>ἀγίοιςᾼμου</span> <span class='ocrx_word' id='word_1_676' title='bbox 3096 4534 3529 4607; x_wconf 80' lang='grc' dir='ltr'>Πατράσικαὶ</span> <span class='ocrx_word' id='word_1_677' title='bbox 3575 4535 3797 4607; x_wconf 81' lang='grc' dir='ltr'>ὁμογό-</span> 
     </span>
    </p>
   </div>
   <div class='ocr_carea' id='block_1_94' title="bbox 2266 4602 3792 4679">
    <p class='ocr_par' dir='ltr' id='par_1_94' title="bbox 2266 4602 3792 4679">
     <span class='ocr_line' id='line_1_94' title="bbox 2266 4602 3792 4679; baseline 0.003 -24"><span class='ocrx_word' id='word_1_678' title='bbox 2266 4609 2494 4679; x_wconf 38' lang='grc' dir='ltr'>γη-ταῖς</span> <span class='ocrx_word' id='word_1_679' title='bbox 2526 4610 2839 4679; x_wconf 41' lang='grc' dir='ltr'>χριστοῦ,</span> <span class='ocrx_word' id='word_1_680' title='bbox 2886 4602 3163 4679; x_wconf 71' lang='grc' dir='ltr'>Ἰωάννῃ,</span> <span class='ocrx_word' id='word_1_681' title='bbox 3206 4602 3499 4677; x_wconf 75' lang='grc' dir='ltr'>Μιχαὴλ,</span> <span class='ocrx_word' id='word_1_682' title='bbox 3538 4602 3651 4659; x_wconf 75' lang='grc' dir='ltr'><strong>καί</strong></span> <span class='ocrx_word' id='word_1_683' title='bbox 3690 4602 3792 4659; x_wconf 81' lang='lat' dir='ltr'><strong>Bat-</strong></span> 
     </span>
    </p>
   </div>
   <div class='ocr_carea' id='block_1_95' title="bbox 2271 4672 2695 4747">
    <p class='ocr_par' dir='ltr' id='par_1_95' title="bbox 2271 4672 2695 4747">
     <span class='ocr_line' id='line_1_95' title="bbox 2271 4672 2695 4747; baseline -0.007 -19"><span class='ocrx_word' id='word_1_684' title='bbox 2271 4672 2496 4747; x_wconf 81' lang='grc' dir='ltr'>σιλείῳ</span> <span class='ocrx_word' id='word_1_685' title='bbox 2525 4672 2695 4746; x_wconf 77' lang='grc' dir='ltr'><strong>[φίε’.]</strong></span> 
     </span>
    </p>
   </div>
   <div class='ocr_carea' id='block_1_96' title="bbox 873 4779 3355 4846">
    <p class='ocr_par' dir='ltr' id='par_1_96' title="bbox 873 4779 3355 4846">
     <span class='ocr_line' id='line_1_96' title="bbox 873 4779 3355 4846; baseline 0 -15"><span class='ocrx_word' id='word_1_686' title='bbox 873 4780 1091 4831; x_wconf 88' lang='lat' dir='ltr'><strong>Carcere</strong></span> <span class='ocrx_word' id='word_1_687' title='bbox 1125 4783 1285 4844; x_wconf 90' lang='lat' dir='ltr'><strong>atque</strong></span> <span class='ocrx_word' id='word_1_688' title='bbox 1315 4780 1499 4831; x_wconf 84' lang='lat' dir='ltr'><strong>exsilio</strong></span> <span class='ocrx_word' id='word_1_689' title='bbox 1532 4779 1768 4830; x_wconf 89' lang='lat' dir='ltr'><strong>solutum</strong></span> <span class='ocrx_word' id='word_1_690' title='bbox 1800 4795 1856 4831; x_wconf 89' lang='lat' dir='ltr'><strong>se</strong></span> <span class='ocrx_word' id='word_1_691' title='bbox 1890 4782 2125 4841; x_wconf 79' lang='lat' dir='ltr'><strong>nuntiat,</strong></span> <span class='ocrx_word' id='word_1_692' title='bbox 2160 4796 2222 4833; x_wconf 88' lang='lat' dir='ltr'><strong>ac</strong></span> <span class='ocrx_word' id='word_1_693' title='bbox 2252 4781 2423 4831; x_wconf 86' lang='lat' dir='ltr'><strong>multa</strong></span> <span class='ocrx_word' id='word_1_694' title='bbox 2446 4796 2543 4846; x_wconf 90' lang='lat' dir='ltr'><strong>pro</strong></span> <span class='ocrx_word' id='word_1_695' title='bbox 2578 4780 2783 4832; x_wconf 88' lang='lat' dir='ltr'><strong>Christo</strong></span> <span class='ocrx_word' id='word_1_696' title='bbox 2821 4781 2992 4845; x_wconf 84' lang='lat' dir='ltr'><strong>passis</strong></span> <span class='ocrx_word' id='word_1_697' title='bbox 3026 4782 3355 4846; x_wconf 82' lang='lat' dir='ltr'><strong>gratulatur.</strong></span> 
     </span>
    </p>
   </div>
   <div class='ocr_carea' id='block_1_97' title="bbox 511 4880 2087 4953">
    <p class='ocr_par' dir='ltr' id='par_1_97' title="bbox 511 4880 2087 4953">
     <span class='ocr_line' id='line_1_97' title="bbox 511 4880 2087 4953; baseline 0.001 -16"><span class='ocrx_word' id='word_1_698' title='bbox 511 4882 576 4938; x_wconf 86' lang='lat' dir='ltr'><strong>Et</strong></span> <span class='ocrx_word' id='word_1_699' title='bbox 599 4896 758 4937; x_wconf 93' lang='lat' dir='ltr'><strong>nunc</strong></span> <span class='ocrx_word' id='word_1_700' title='bbox 788 4880 865 4937; x_wconf 88' lang='lat' dir='ltr'><strong>ad</strong></span> <span class='ocrx_word' id='word_1_701' title='bbox 898 4883 1095 4937; x_wconf 89' lang='lat' dir='ltr'><strong>Patres</strong></span> <span class='ocrx_word' id='word_1_702' title='bbox 1126 4896 1293 4937; x_wconf 88' lang='lat' dir='ltr'><strong>meos</strong></span> <span class='ocrx_word' id='word_1_703' title='bbox 1326 4880 1577 4936; x_wconf 88' lang='lat' dir='ltr'><strong>scribere</strong></span> <span class='ocrx_word' id='word_1_704' title='bbox 1612 4896 1857 4953; x_wconf 65' lang='lat' dir='ltr'><strong>aequum</strong></span> <span class='ocrx_word' id='word_1_705' title='bbox 1888 4882 2087 4939; x_wconf 82' lang='lat' dir='ltr'><strong>existi-</strong></span> 
     </span>
    </p>
   </div>
   <div class='ocr_carea' id='block_1_98' title="bbox 438 4970 2086 5042">
    <p class='ocr_par' dir='ltr' id='par_1_98' title="bbox 438 4970 2086 5042">
     <span class='ocr_line' id='line_1_98' title="bbox 438 4970 2086 5042; baseline 0 -15"><span class='ocrx_word' id='word_1_706' title='bbox 438 4971 617 5037; x_wconf 85' lang='lat' dir='ltr'><strong>mavi,</strong></span> <span class='ocrx_word' id='word_1_707' title='bbox 646 4976 703 5027; x_wconf 89' lang='lat' dir='ltr'><strong>et</strong></span> <span class='ocrx_word' id='word_1_708' title='bbox 731 4970 907 5026; x_wconf 88' lang='lat' dir='ltr'><strong>simul</strong></span> <span class='ocrx_word' id='word_1_709' title='bbox 932 4970 1186 5026; x_wconf 90' lang='lat' dir='ltr'><strong>scribere</strong></span> <span class='ocrx_word' id='word_1_710' title='bbox 1210 4976 1497 5042; x_wconf 90' lang='lat' dir='ltr'><strong>tanquam</strong></span> <span class='ocrx_word' id='word_1_711' title='bbox 1519 4970 1597 5025; x_wconf 89' lang='lat' dir='ltr'><strong>ad</strong></span> <span class='ocrx_word' id='word_1_712' title='bbox 1613 4971 1884 5041; x_wconf 89' lang='lat' dir='ltr'><strong>ejusdem</strong></span> <span class='ocrx_word' id='word_1_713' title='bbox 1909 4973 2086 5027; x_wconf 91' lang='lat' dir='ltr'><strong>virtu-</strong></span> 
     </span>
    </p>
   </div>
   <div class='ocr_carea' id='block_1_99' title="bbox 437 5060 2082 5133">
    <p class='ocr_par' dir='ltr' id='par_1_99' title="bbox 437 5060 2082 5133">
     <span class='ocr_line' id='line_1_99' title="bbox 437 5060 2082 5133; baseline -0.001 -17"><span class='ocrx_word' id='word_1_714' title='bbox 437 5062 509 5116; x_wconf 89' lang='lat' dir='ltr'><strong>tis</strong></span> <span class='ocrx_word' id='word_1_715' title='bbox 530 5078 599 5116; x_wconf 90' lang='lat' dir='ltr'><strong>ac</strong></span> <span class='ocrx_word' id='word_1_716' title='bbox 621 5061 923 5115; x_wconf 62' lang='lat' dir='ltr'><strong>sententiae</strong></span> <span class='ocrx_word' id='word_1_717' title='bbox 947 5061 1335 5132; x_wconf 88' lang='lat' dir='ltr'><strong>martyriique</strong></span> <span class='ocrx_word' id='word_1_718' title='bbox 1356 5076 1461 5130; x_wconf 89' lang='lat' dir='ltr'><strong>pro</strong></span> <span class='ocrx_word' id='word_1_719' title='bbox 1487 5060 1719 5115; x_wconf 90' lang='lat' dir='ltr'><strong>Christo</strong></span> <span class='ocrx_word' id='word_1_720' title='bbox 1742 5062 2082 5133; x_wconf 89' lang='lat' dir='ltr'><strong>participes.</strong></span> 
     </span>
    </p>
   </div>
   <div class='ocr_carea' id='block_1_100' title="bbox 436 5148 2082 5220">
    <p class='ocr_par' dir='ltr' id='par_1_100' title="bbox 436 5148 2082 5220">
     <span class='ocr_line' id='line_1_100' title="bbox 436 5148 2082 5220; baseline 0.001 -17"><span class='ocrx_word' id='word_1_721' title='bbox 436 5148 937 5220; x_wconf 89' lang='lat' dir='ltr'><strong>Quandoquidem</strong></span> <span class='ocrx_word' id='word_1_722' title='bbox 990 5149 1151 5203; x_wconf 90' lang='lat' dir='ltr'><strong>enim</strong></span> <span class='ocrx_word' id='word_1_723' title='bbox 1184 5152 1300 5203; x_wconf 93' lang='lat' dir='ltr'><strong>Deo</strong></span> <span class='ocrx_word' id='word_1_724' title='bbox 1341 5155 1544 5202; x_wconf 88' lang='lat' dir='ltr'><strong>nostro</strong></span> <span class='ocrx_word' id='word_1_725' title='bbox 1583 5150 1811 5218; x_wconf 89' lang='lat' dir='ltr'><strong>optimo</strong></span> <span class='ocrx_word' id='word_1_726' title='bbox 1838 5149 2082 5219; x_wconf 89' lang='lat' dir='ltr'><strong>placuit,</strong></span> 
     </span>
    </p>
   </div>
   <div class='ocr_carea' id='block_1_101' title="bbox 438 5237 2084 5309">
    <p class='ocr_par' dir='ltr' id='par_1_101' title="bbox 438 5237 2084 5309">
     <span class='ocr_line' id='line_1_101' title="bbox 438 5237 2084 5309; baseline 0.001 -16"><span class='ocrx_word' id='word_1_727' title='bbox 438 5244 501 5294; x_wconf 93' lang='lat' dir='ltr'><strong>ut</strong></span> <span class='ocrx_word' id='word_1_728' title='bbox 525 5243 580 5293; x_wconf 92' lang='lat' dir='ltr'><strong>et</strong></span> <span class='ocrx_word' id='word_1_729' title='bbox 604 5254 713 5293; x_wconf 91' lang='lat' dir='ltr'><strong>nos</strong></span> <span class='ocrx_word' id='word_1_730' title='bbox 737 5245 1077 5309; x_wconf 90' lang='lat' dir='ltr'><strong>peccatores</strong></span> <span class='ocrx_word' id='word_1_731' title='bbox 1103 5237 1582 5292; x_wconf 87' lang='lat' dir='ltr'><strong>dimitteremure</strong></span> <span class='ocrx_word' id='word_1_732' title='bbox 1608 5251 1843 5291; x_wconf 90' lang='lat' dir='ltr'><strong>carcere</strong></span> <span class='ocrx_word' id='word_1_733' title='bbox 1872 5239 2084 5309; x_wconf 86' lang='lat' dir='ltr'><strong>optimi</strong></span> 
     </span>
    </p>
   </div>
   <div class='ocr_carea' id='block_1_102' title="bbox 437 5324 2082 5400">
    <p class='ocr_par' dir='ltr' id='par_1_102' title="bbox 437 5324 2082 5400">
     <span class='ocr_line' id='line_1_102' title="bbox 437 5324 2082 5400; baseline -0.001 -17"><span class='ocrx_word' id='word_1_734' title='bbox 437 5328 720 5400; x_wconf 88' lang='lat' dir='ltr'><strong>principis</strong></span> <span class='ocrx_word' id='word_1_735' title='bbox 762 5328 1095 5381; x_wconf 87' lang='lat' dir='ltr'><strong>interventu</strong></span> <span class='ocrx_word' id='word_1_736' title='bbox 1136 5343 1148 5381; x_wconf 90' lang='lat'><strong>:</strong></span> <span class='ocrx_word' id='word_1_737' title='bbox 1204 5326 1391 5379; x_wconf 88' lang='lat' dir='ltr'><strong>instar</strong></span> <span class='ocrx_word' id='word_1_738' title='bbox 1438 5324 1760 5394; x_wconf 89' lang='lat' dir='ltr'><strong>cujusdam</strong></span> <span class='ocrx_word' id='word_1_739' title='bbox 1812 5329 2082 5383; x_wconf 90' lang='lat' dir='ltr'><strong>muneris</strong></span> 
     </span>
    </p>
   </div>
   <div class='ocr_carea' id='block_1_103' title="bbox 437 5412 2085 5490">
    <p class='ocr_par' dir='ltr' id='par_1_103' title="bbox 437 5412 2085 5490">
     <span class='ocr_line' id='line_1_103' title="bbox 437 5412 2085 5490; baseline 0.001 -16"><span class='ocrx_word' id='word_1_740' title='bbox 437 5415 608 5474; x_wconf 88' lang='lat' dir='ltr'><strong>vobis</strong></span> <span class='ocrx_word' id='word_1_741' title='bbox 637 5414 953 5488; x_wconf 87' lang='lat' dir='ltr'><strong>epistolam</strong></span> <span class='ocrx_word' id='word_1_742' title='bbox 983 5412 1189 5482; x_wconf 75' lang='lat' dir='ltr'><strong>offero,</strong></span> <span class='ocrx_word' id='word_1_743' title='bbox 1218 5413 1510 5485; x_wconf 85' lang='lat' dir='ltr'><strong>gaudens,</strong></span> <span class='ocrx_word' id='word_1_744' title='bbox 1532 5412 1958 5489; x_wconf 86' lang='lat' dir='ltr'><strong>gratulansque</strong></span> <span class='ocrx_word' id='word_1_745' title='bbox 1981 5432 2085 5490; x_wconf 85' lang='lat' dir='ltr'><strong>pa-</strong></span> 
     </span>
    </p>
   </div>
   <div class='ocr_carea' id='block_1_104' title="bbox 436 5547 1508 5618">
    <p class='ocr_par' dir='ltr' id='par_1_104' title="bbox 436 5547 1508 5618">
     <span class='ocr_line' id='line_1_104' title="bbox 436 5547 1508 5618; baseline 0.008 -20"><span class='ocrx_word' id='word_1_746' title='bbox 436 5550 557 5595; x_wconf 66' lang='lat' dir='ltr'><strong>n.“</strong></span> <span class='ocrx_word' id='word_1_747' title='bbox 584 5547 734 5608; x_wconf 83' lang='lat' dir='ltr'><strong>Psal.</strong></span> <span class='ocrx_word' id='word_1_748' title='bbox 766 5562 921 5618; x_wconf 68' lang='grc' dir='ltr'>χειν,</span> <span class='ocrx_word' id='word_1_749' title='bbox 946 5551 1000 5606; x_wconf 78' lang='lat'><strong>2.</strong></span> <span class='ocrx_word' id='word_1_750' title='bbox 1031 5548 1078 5586; x_wconf 71' lang='grc'>⁸³</span> <span class='ocrx_word' id='word_1_751' title='bbox 1108 5547 1305 5607; x_wconf 81' lang='lat' dir='ltr'><strong>Matth.</strong></span> <span class='ocrx_word' id='word_1_752' title='bbox 1329 5563 1388 5617; x_wconf 76' lang='grc' dir='ltr'>ι,</span> <span class='ocrx_word' id='word_1_753' title='bbox 1414 5551 1508 5607; x_wconf 76' lang='lat'><strong>26.</strong></span> 
     </span>
    </p>
   </div>
   <div class='ocr_carea' id='block_1_105' title="bbox 2266 4879 3776 4957">
    <p class='ocr_par' dir='ltr' id='par_1_105' title="bbox 2266 4879 3776 4957">
     <span class='ocr_line' id='line_1_105' title="bbox 2266 4879 3776 4957; baseline -0.001 -21"><span class='ocrx_word' id='word_1_754' title='bbox 2266 4887 2367 4936; x_wconf 84' lang='grc' dir='ltr'><strong>Καὶ</strong></span> <span class='ocrx_word' id='word_1_755' title='bbox 2413 4889 2500 4934; x_wconf 90' lang='grc' dir='ltr'><strong>νῦν</strong></span> <span class='ocrx_word' id='word_1_756' title='bbox 2554 4882 2839 4935; x_wconf 75' lang='grc' dir='ltr'>ἐπιστεῖλαι</span> <span class='ocrx_word' id='word_1_757' title='bbox 2877 4879 2929 4935; x_wconf 80' lang='grc' dir='ltr'>εὖ</span> <span class='ocrx_word' id='word_1_758' title='bbox 2978 4885 3117 4956; x_wconf 75' lang='grc' dir='ltr'>ἔχειν</span> <span class='ocrx_word' id='word_1_759' title='bbox 3166 4880 3466 4957; x_wconf 74' lang='grc' dir='ltr'>ἆδοκίμασα</span> <span class='ocrx_word' id='word_1_760' title='bbox 3511 4894 3620 4947; x_wconf 88' lang='grc' dir='ltr'>τοῖς</span> <span class='ocrx_word' id='word_1_761' title='bbox 3647 4884 3776 4956; x_wconf 77' lang='grc' dir='ltr'>ἐμοῖς</span> 
     </span>
    </p>
   </div>
   <div class='ocr_carea' id='block_1_106' title="bbox 2193 4973 3780 5047">
    <p class='ocr_par' dir='ltr' id='par_1_106' title="bbox 2193 4973 3780 5047">
     <span class='ocr_line' id='line_1_106' title="bbox 2193 4973 3780 5047; baseline 0.002 -22"><span class='ocrx_word' id='word_1_762' title='bbox 2193 4973 2457 5047; x_wconf 88' lang='grc' dir='ltr'>Πατράσι,</span> <span class='ocrx_word' id='word_1_763' title='bbox 2488 4977 2577 5024; x_wconf 78' lang='grc' dir='ltr'>καὶ</span> <span class='ocrx_word' id='word_1_764' title='bbox 2625 4973 2911 5025; x_wconf 76' lang='grc' dir='ltr'>ἐπιστεῖλαι</span> <span class='ocrx_word' id='word_1_765' title='bbox 2963 4973 3092 5047; x_wconf 87' lang='grc' dir='ltr'>ὁμοῦ</span> <span class='ocrx_word' id='word_1_766' title='bbox 3131 4976 3195 5035; x_wconf 86' lang='grc' dir='ltr'>ὡς</span> <span class='ocrx_word' id='word_1_767' title='bbox 3246 4982 3341 5037; x_wconf 79' lang='grc' dir='ltr'>τῆς</span> <span class='ocrx_word' id='word_1_768' title='bbox 3391 4976 3551 5037; x_wconf 83' lang='grc' dir='ltr'>αὐτῆς</span> <span class='ocrx_word' id='word_1_769' title='bbox 3606 4974 3780 5047; x_wconf 85' lang='grc' dir='ltr'>ἀρετῆς</span> 
     </span>
    </p>
   </div>
   <div class='ocr_carea' id='block_1_107' title="bbox 2192 5059 3788 5139">
    <p class='ocr_par' dir='ltr' id='par_1_107' title="bbox 2192 5059 3788 5139">
     <span class='ocr_line' id='line_1_107' title="bbox 2192 5059 3788 5139; baseline 0.001 -26"><span class='ocrx_word' id='word_1_770' title='bbox 2192 5067 2282 5114; x_wconf 83' lang='grc' dir='ltr'><strong>καί</strong></span> <span class='ocrx_word' id='word_1_771' title='bbox 2338 5063 2592 5134; x_wconf 85' lang='grc' dir='ltr'>ὁμονοίας,</span> <span class='ocrx_word' id='word_1_772' title='bbox 2643 5063 2832 5136; x_wconf 83' lang='grc' dir='ltr'>μᾶλλον</span> <span class='ocrx_word' id='word_1_773' title='bbox 2881 5059 2939 5116; x_wconf 67' lang='grc' dir='ltr'><strong>δὲ</strong></span> <span class='ocrx_word' id='word_1_774' title='bbox 2995 5069 3284 5139; x_wconf 86' lang='grc' dir='ltr'>μαρτυρίας</span> <span class='ocrx_word' id='word_1_775' title='bbox 3346 5073 3581 5138; x_wconf 78' lang='grc' dir='ltr'>Χριστοῦ</span> <span class='ocrx_word' id='word_1_776' title='bbox 3632 5065 3788 5127; x_wconf 74' lang='grc' dir='ltr'>ἠξιω-</span> 
     </span>
    </p>
   </div>
   <div class='ocr_carea' id='block_1_108' title="bbox 2192 5149 3787 5226">
    <p class='ocr_par' dir='ltr' id='par_1_108' title="bbox 2192 5149 3787 5226">
     <span class='ocr_line' id='line_1_108' title="bbox 2192 5149 3787 5226; baseline 0.003 -24"><span class='ocrx_word' id='word_1_777' title='bbox 2192 5154 2383 5222; x_wconf 79' lang='grc' dir='ltr'>μένοις.</span> <span class='ocrx_word' id='word_1_778' title='bbox 2440 5150 2579 5204; x_wconf 78' lang='grc' dir='ltr'>Ἐπεὶ</span> <span class='ocrx_word' id='word_1_779' title='bbox 2634 5155 2735 5226; x_wconf 83' lang='grc' dir='ltr'><strong>γὰρ</strong></span> <span class='ocrx_word' id='word_1_780' title='bbox 2790 5149 3071 5211; x_wconf 80' lang='grc' dir='ltr'>εὐδόκησεν</span> <span class='ocrx_word' id='word_1_781' title='bbox 3125 5155 3151 5205; x_wconf 82' lang='grc' dir='ltr'><strong>ό</strong></span> <span class='ocrx_word' id='word_1_782' title='bbox 3218 5154 3414 5225; x_wconf 82' lang='grc' dir='ltr'>ἁγαθός</span> <span class='ocrx_word' id='word_1_783' title='bbox 3465 5159 3590 5215; x_wconf 87' lang='grc' dir='ltr'>Θεὸς</span> <span class='ocrx_word' id='word_1_784' title='bbox 3645 5156 3787 5226; x_wconf 68' lang='grc' dir='ltr'>ἡμῶν</span> 
     </span>
    </p>
   </div>
   <div class='ocr_carea' id='block_1_109' title="bbox 2193 5241 3788 5317">
    <p class='ocr_par' dir='ltr' id='par_1_109' title="bbox 2193 5241 3788 5317">
     <span class='ocr_line' id='line_1_109' title="bbox 2193 5241 3788 5317; baseline 0.002 -24"><span class='ocrx_word' id='word_1_785' title='bbox 2193 5242 2444 5313; x_wconf 67' lang='grc' dir='ltr'>άφεθῆναι</span> <span class='ocrx_word' id='word_1_786' title='bbox 2500 5246 2588 5294; x_wconf 85' lang='grc' dir='ltr'>καὶ</span> <span class='ocrx_word' id='word_1_787' title='bbox 2640 5244 2775 5313; x_wconf 78' lang='grc' dir='ltr'>ἡμᾶς</span> <span class='ocrx_word' id='word_1_788' title='bbox 2831 5246 2945 5303; x_wconf 83' lang='grc' dir='ltr'>τοὺς</span> <span class='ocrx_word' id='word_1_789' title='bbox 2993 5241 3332 5316; x_wconf 80' lang='grc' dir='ltr'>ἁμαρτωλοὺς</span> <span class='ocrx_word' id='word_1_790' title='bbox 3385 5253 3481 5307; x_wconf 74' lang='grc' dir='ltr'>τῆς</span> <span class='ocrx_word' id='word_1_791' title='bbox 3534 5245 3788 5317; x_wconf 68' lang='grc' dir='ltr'>φυλακῆς,</span> 
     </span>
    </p>
   </div>
   <div class='ocr_carea' id='block_1_110' title="bbox 2192 5328 3790 5409">
    <p class='ocr_par' dir='ltr' id='par_1_110' title="bbox 2192 5328 3790 5409">
     <span class='ocr_line' id='line_1_110' title="bbox 2192 5328 3790 5409; baseline 0.002 -25"><span class='ocrx_word' id='word_1_792' title='bbox 2192 5337 2255 5405; x_wconf 72' lang='grc' dir='ltr'><strong>τῇ</strong></span> <span class='ocrx_word' id='word_1_793' title='bbox 2296 5334 2535 5404; x_wconf 85' lang='grc' dir='ltr'>μεσιτείᾳ</span> <span class='ocrx_word' id='word_1_794' title='bbox 2588 5339 2680 5384; x_wconf 86' lang='grc' dir='ltr'><strong>τοῦ</strong></span> <span class='ocrx_word' id='word_1_795' title='bbox 2723 5330 2922 5405; x_wconf 85' lang='grc' dir='ltr'>ἀγαθοῦ</span> <span class='ocrx_word' id='word_1_796' title='bbox 2970 5328 3226 5408; x_wconf 77' lang='grc' dir='ltr'>βασιλέως</span> <span class='ocrx_word' id='word_1_797' title='bbox 3258 5350 3270 5364; x_wconf 78' lang='grc'>⁸</span> <span class='ocrx_word' id='word_1_798' title='bbox 3326 5335 3498 5409; x_wconf 86' lang='grc' dir='ltr'>ὧσπερ</span> <span class='ocrx_word' id='word_1_799' title='bbox 3539 5352 3590 5386; x_wconf 90' lang='grc' dir='ltr'><strong>τι</strong></span> <span class='ocrx_word' id='word_1_800' title='bbox 3640 5329 3790 5387; x_wconf 76' lang='grc' dir='ltr'>ἕδνον</span> 
     </span>
    </p>
   </div>
   <div class='ocr_carea' id='block_1_111' title="bbox 2192 5421 3789 5502">
    <p class='ocr_par' dir='ltr' id='par_1_111' title="bbox 2192 5421 3789 5502">
     <span class='ocr_line' id='line_1_111' title="bbox 2192 5421 3789 5502; baseline 0.001 -26"><span class='ocrx_word' id='word_1_801' title='bbox 2192 5424 2466 5498; x_wconf 62' lang='grc' dir='ltr'>προσφέρω</span> <span class='ocrx_word' id='word_1_802' title='bbox 2520 5421 2641 5497; x_wconf 78' lang='grc' dir='ltr'>ὑμῖν</span> <span class='ocrx_word' id='word_1_803' title='bbox 2693 5425 2751 5476; x_wconf 83' lang='grc' dir='ltr'><strong>τό</strong></span> <span class='ocrx_word' id='word_1_804' title='bbox 2804 5424 3046 5499; x_wconf 81' lang='grc' dir='ltr'>γράμμα,</span> <span class='ocrx_word' id='word_1_805' title='bbox 3097 5427 3302 5502; x_wconf 82' lang='grc' dir='ltr'>χαίρων</span> <span class='ocrx_word' id='word_1_806' title='bbox 3355 5427 3444 5478; x_wconf 85' lang='grc' dir='ltr'><strong>καί</strong></span> <span class='ocrx_word' id='word_1_807' title='bbox 3473 5428 3789 5501; x_wconf 65' lang='grc' dir='ltr'>συγχαίρειν</span> 
     </span>
    </p>
   </div>
  </div>
