4062 6280
282 320 429 388 l323
1565 326 2077 393 EPISTOLABUM
2120 334 2257 394 LIB.
2302 334 2362 392 ll.
3504 334 3641 396 i326

276 457 425 530 ὑμῶν
451 466 514 531 τῇ
570 462 908 534 πατρωσύνῃ,
939 464 1028 513 καὶ
1084 469 1171 534 τῇ,
1222 462 1327 515 όῖον
1355 468 1531 527 ειπεῑν,
1564 465 1699 515 κατά
1753 470 1880 536 Χρι-

2039 463 2245 518 ernitati
2282 468 2512 526 vestrm,
2556 470 2625 519 ac
2675 458 3012 535 repertatee,
3040 470 3103 519 ut
3144 464 3228 521 ita
3275 464 3496 534 dicam,
3548 482 3643 521 se-

281 550 402 598 στὸν
458 552 597 621 νίκῃ.
668 549 772 602 Καὶ
838 553 936 623 γὰρ
1021 556 1318 609 νενικήκατε
1382 555 1469 604 τὸν
1537 557 1780 624 πονηρὸν,
1842 550 1881 603 ὦ

2036 552 2258 606 undum
2291 551 2584 608 Christum
2615 552 2890 607 victoriae.
2925 551 3295 608 Doennonem
3319 554 3479 608 enim
3508 555 3640 609 vici-

282 637 590 708 θαυμάσιοι,
645 643 734 690 καὶ
760 636 904 690 ἔνδον
933 636 1026 690 διὰ
1079 648 1172 699 τῆς
1230 640 1395 702 πάλης
1450 650 1547 692 τῶν
1594 642 1878 713 λογισμῶν,

2036 640 2116 703 :is,
2171 656 2205 695 ο
2265 641 2369 694 viri
2421 640 2765 695 admirandi
2818 660 2829 698 :
2885 645 3013 696 tum
3067 642 3227 697 intus
3281 658 3386 714 per
3415 642 3640 698 luctam

277 731 368 776 καὶ
398 724 540 789 ἐκτὸς
590 723 683 778 διὰ
748 736 841 786 τῆς
872 729 1040 779 ἐνθέου
1085 730 1350 799 ὑπομονῆς
1380 748 1391 759 ·
1448 734 1519 801 μὴ
1582 731 1881 800 κάμψαντες

2033 730 2281 783 dversus
2312 729 2695 797 cogitationes
2729 748 2742 787 :
2788 735 2913 784 tum
2945 729 3087 784 foris
3114 746 3220 801 per
3259 731 3637 787 tolerantiam

277 819 405 885 γόνυ
456 823 529 885 τῷ
583 817 924 890 ὑπηρετοῦντι
980 813 1244 890 δράκοντι.
1325 819 1544 871 Ἐκείνου
1610 822 1712 890 γὰρ
1764 818 1879 891 ἀρι-

2038 816 2168 872 lane
2198 817 2483 883 divinam,
2520 833 2636 873 non
2678 817 2978 873 ﬂectentes
3010 833 3167 887 genu
3207 835 3410 875 coram
3451 821 3642 876 admi-

281 899 453 963 δήλως
514 906 772 979 ὑπουργὸς
836 910 996 971 Λέων,
1057 908 1082 957 ό
1140 911 1500 978 παγκάκιστος
1554 907 1745 960 ἐκείνου
1805 910 1881 959 θε-

2040 908 2177 961 istro
2209 908 2392 977 ipsius
2424 906 2704 961 dracone.
2739 906 2867 961 Fuit
2896 908 3055 962 enim
3086 907 3248 963 haud
3267 908 3449 963 dubie
3472 910 3644 965 mini-

276 997 554 1066 ραπευτὴς,
584 995 608 1044 ὁ
656 1002 751 1055 τῆς
781 994 973 1055 εἰκόνος
1032 1002 1262 1067 Χριστοῦ
1314 996 1590 1071 ὑϐριστὴς,
1636 1002 1725 1049 καὶ
1780 1006 1880 1049 τῶν

2039 1011 2109 1049 .er
2153 994 2309 1049 illius
2368 995 2499 1060 Leo,
2535 994 2626 1049 ille
2677 996 2976 1065 pessimus
3025 996 3220 1067 ipsius
3282 996 3488 1063 cliens,
3550 997 3643 1054 ille

279 1079 442 1152 ἁγίων
508 1087 767 1154 φονευτής.
832 1082 1100 1156 Ἑκάτερος
1166 1084 1389 1159 ἑκατέρῳ
1476 1091 1877 1158 συμφωνήσας.

2040 1084 2267 1155 naginis
2300 1082 2505 1138 Christi
2528 1088 2923 1154 contemptor,
2967 1084 3060 1139 ille
3091 1090 3431 1141 sanctorum
3475 1087 3644 1142 inter-

274 1175 368 1223 καὶ
416 1175 679 1231 συνθήκην
728 1174 880 1244 ἄμφω
927 1176 1273 1245 ποιησάμενοι
1316 1175 1560 1248 περιελεῖν
1606 1178 1663 1227 τὸ
1722 1180 1878 1247 ὄνομα

2034 1177 2190 1227 actor.
2243 1171 2738 1243 Conspirantibus
2806 1174 2966 1227 enim
3016 1173 3274 1229 invicem
3335 1175 3638 1231 sententiis

279 1266 538 1331 Χριστοῦ,
598 1259 673 1313 δι’
735 1260 1052 1333 ἀφαιρέσεως
1110 1271 1201 1313 τοῦ
1261 1265 1396 1315 θείου
1449 1270 1538 1316 καὶ
1586 1284 1879 1338 προσκυνη-

2033 1263 2184 1315 edus
2214 1261 2397 1316 ambo
2428 1260 2626 1325 iniere,
2657 1267 2719 1315 ut
2750 1261 2953 1316 Christi
2987 1277 3207 1317 nomen
3241 1280 3271 1317 e
3305 1264 3500 1318 medio
3534 1263 3637 1319 tol-

280 1355 373 1400 τοῦ
431 1349 592 1400 αὑτοῦ
644 1358 978 1424 χαρακτῆρος
1059 1349 1201 1402 Ἐπεὶ
1258 1356 1327 1422 μὴ
1380 1354 1633 1423 πέφθακεν
1688 1355 1713 1403 ό
1765 1373 1876 1405 και-

2036 1356 2195 1415 ιτθηι,
2238 1350 2477 1405 sublata
2506 1350 2713 1421 utique
2745 1350 2949 1405 divina
2992 1358 3048 1405 et
3091 1351 3405 1407 adoranda
3455 1352 3640 1424 ipsius

280 1440 373 1511 ρὸς
431 1445 527 1498 τῆς
586 1434 830 1511 δευτέρας
898 1440 1037 1499 θείας
1098 1438 1414 1511 ἐπιφανείας,
1487 1442 1567 1492 ἶνα
1629 1441 1880 1513 όλοφανώς

2038 1438 2203 1507 r'ﬁgie.
2245 1438 2769 1494 Verumenimvero
2802 1440 3075 1493 nondum
3123 1446 3357 1511 tempus
3405 1442 3642 1497 advenit

282 1529 511 1599 Χριστὸς
563 1525 828 1600 ἀρνηθείη.
875 1525 1015 1580 Ἀλλ’
1072 1526 1346 1598 εὐλογητὸς
1405 1530 1428 1579 ὁ
1477 1533 1627 1596 Θεὸς,
1683 1532 1737 1591 ὃς
1792 1535 1879 1582 καὶ

2038 1527 2233 1581 :cundi
2266 1528 2561 1581 adventus
2592 1528 2845 1593 Domini,
2893 1534 2953 1582 ut
2984 1528 3219 1599 penitus
3246 1529 3508 1585 Christus
3538 1547 3642 1585 ne-

281 1617 368 1665 τὸν
413 1610 641 1672 διώκτην
670 1615 827 1667 ὤλεσε
881 1617 1079 1687 θανάτῳ
1132 1616 1421 1689 περιϐοήτῳ
1478 1623 1567 1669 καὶ
1628 1617 1878 1690 ἀξιολόγῳ

2035 1620 2181 1670 etur.
2233 1617 2347 1670 Sed
2388 1615 2733 1671 benedictus
2778 1616 2954 1685 Deus,
3009 1623 3132 1671 tum
3163 1617 3265 1689 qui
3298 1624 3639 1674 vexatorem

280 1711 372 1763 τῆς
403 1708 769 1765 ἀποστασίας·
813 1700 918 1756 ἔδει
962 1708 1063 1777 γὰρ
1096 1708 1182 1755 τὸν
1235 1711 1456 1776 τεμόντα
1505 1710 1561 1758 τὸ
1619 1712 1879 1779 Κυριακὸν

2037 1705 2243 1759 crdidit
2272 1704 2612 1775 turpissimo
2657 1705 2819 1759 necis
2859 1721 3092 1776 genere,
3141 1722 3248 1777 pro
3298 1707 3641 1763 defectionis

282 1799 455 1863 σῶμα,
511 1792 643 1864 ξίφει
709 1796 1108 1864 κατατμηθέντα
1176 1792 1471 1868 ἀπορρῆξαι
1536 1800 1629 1853 τὴν
1689 1796 1873 1855 ζωήν·

2038 1810 2113 1847 ιω
2134 1793 2358 1847 meritis
2382 1795 2667 1863 (oportuit
2686 1794 2845 1849 enim
2874 1811 3011 1849 eum
3039 1796 3139 1865 qui
3166 1795 3399 1850 Domini
3424 1812 3642 1868 corpus

280 1885 369 1931 καὶ
416 1881 551 1952 ὑμᾶς
619 1887 921 1953 στεφανίτας
1000 1879 1294 1948 ἀναδείξας,
1349 1884 1487 1943 κλέος
1569 1891 1629 1955 τῇ
1695 1884 1879 1937 ἑαυτοῦ

2036 1884 2244 1948 iscidit,
2267 1882 2466 1951 gladio
2488 1882 2834 1937 intercisum
2866 1884 3049 1939 vitam
3077 1883 3481 1956 abrumpere),
3517 1893 3640 1941 tum

281 1967 566 2040 Ἐκκλησία
646 1976 1071 2043 περιεποιήσατο,
1138 1970 1323 2044 ἀρετῆς
1406 1972 1683 2033 ἀλείπτας·
1755 1977 1879 2047 ἐρεί-

2039 1973 2093 2025 ui
2127 1988 2230 2025 vos
2258 1977 2312 2025 et
2347 1972 2599 2026 victores
2646 1971 2933 2039 exhibuit,
2969 1979 3024 2027 et
3073 1972 3133 2026 in
3189 1972 3467 2028 Ecclesiae
3520 1990 3643 2029 sua:

281 2077 422 2128 ματα
476 2063 720 2123 πίστεως,
780 2055 1120 2133 ἐδραιὼματα
1183 2058 1444 2125 ἀληθείας,
1516 2059 1881 2133 ὑποδείγματα

2035 2077 2174 2114 ecus
2202 2061 2467 2128 servavit,
2492 2060 2720 2114 virtutis
2742 2066 3238 2131 propugnatores,
3260 2062 3639 2119 ﬁrmamenta

280 2153 569 2221 καρτερίας,
623 2158 695 2219 τῷ
758 2152 863 2200 ὄντι
930 2151 1255 2220 καθηγητὰς,
1314 2153 1381 2212 ὡς
1446 2150 1649 2213 ἀληθῶς
1725 2172 1857 2223 μονα

2034 2148 2147 2215 dei,
2176 2148 2580 2203 stabilimenta
2600 2148 2877 2211 veritatis,
2907 2150 3238 2220 specimina
3260 2150 3637 2218 fortitudinis,

285 2237 432 2301 στὰς,
486 2237 899 2310 ἀπεικονίσματα
937 2246 1035 2288 τῶν
1084 2242 1353 2313 μακαρίων
1402 2241 1602 2291 ἐκείνων
1648 2246 1736 2291 καὶ
1784 2244 1881 2293 πά-

2036 2253 2123 2291 ere
2154 2239 2493 2306 magistros,
2518 2253 2653 2292 vere
2684 2238 3036 2303 monachos,
3062 2238 3375 2294 beatorum
3403 2240 3640 2296 illorum

281 2327 366 2381 λαι
423 2328 586 2397 ἁγίων
620 2346 633 2359 ο
689 2329 737 2378 οὶ
791 2326 838 2377 ἐν
890 2334 999 2387 τοῖς
1043 2328 1242 2398 ὁμοίοις
1298 2324 1537 2400 ἀνδρικοὶ
1592 2349 1877 2399 γεγονότες,

2040 2342 2061 2379 c
2101 2327 2307 2381 veteris
2341 2325 2448 2380 aevi
2489 2332 2833 2381 sanctorum
2863 2327 3157 2396 imagines
3199 2345 3212 2382 :
3269 2328 3370 2399 qui
3424 2328 3483 2382 in
3516 2329 3644 2400 pari

281 2428 354 2489 τῷ
426 2419 705 2491 ἀμαράντῳ
779 2422 874 2477 τῆς
953 2411 1293 2475 δικαιοσύνης
1347 2419 1579 2487 στεφάνῳ
1670 2437 1881 2469 κατεκο-

2039 2414 2311 2469 artamine
2362 2430 2502 2469 cum
2551 2420 2788 2470 strenue
2834 2431 2894 2469 se
2938 2418 3247 2495 gesserint,
3296 2418 3643 2489 incorrupta

286 2510 588 2580 σμὴθησαν,
647 2506 953 2576 χορεύοντες
1010 2504 1214 2555 αἰώνια.
1283 2511 1523 2556 Τοιούτοι
1576 2508 1736 2575 ὑμεῖς,
1793 2511 1877 2557 καὶ

2040 2503 2233 2558 nstitiaa
2262 2519 2484 2558 corona
2503 2504 2767 2558 exornati
2792 2520 3106 2575 nunquam
3124 2504 3391 2560 desituro
3423 2507 3644 2573 gaudio

283 2597 704 2669 ὑμῶνόέπαινος
752 2595 1024 2666 ὑπέρτερος
1072 2602 1164 2653 τῆς
1218 2596 1345 2664 ἐμῆς
1377 2591 1666 2664 οὐδαμινῆς
1717 2595 1882 2666 γλώτ-

2039 2592 2393 2648 erfruuntur.
2424 2593 2589 2647 Tales
2622 2608 2761 2647 cum
2792 2592 2938 2661 sitis,
2971 2600 3160 2648 vestra
3194 2593 3326 2649 laus
3374 2601 3643 2650 nostram

284 2703 381 2747 της
412 2706 425 2718 ·
476 2690 721 2736 τοσοῦτον
781 2678 838 2733 δὲ
886 2688 1037 2753 μόνον
1096 2679 1350 2753 ᾀδούσης,
1400 2685 1521 2735 ὅσον
1570 2687 1653 2735 τὸν
1701 2687 1881 2759 καιρὸν

2040 2680 2269 2749 ιὶευαω
2303 2679 2360 2734 in
2386 2681 2642 2736 dicendo
2673 2681 3015 2737 facultatem
3057 2689 3301 2752 superat
3331 2701 3343 2737 :
3389 2689 3644 2738 tantum-

286 2773 710 2846 ἀφοσιώσασθαι,
767 2774 855 2822 καὶ
922 2774 1009 2821 τὸν
1074 2773 1233 2823 πόθον
1273 2774 1609 2843 θεραπεῦσαι,
1677 2778 1766 2824 καὶ
1823 2776 1881 2823 τὸ

2042 2785 2107 2823 ue
2136 2785 2566 2833 commemoro,
2612 2778 2909 2840 quantum
2941 2770 3083 2826 satis
3137 2780 3223 2826 est
3274 2780 3337 2827 ut
3394 2773 3646 2843 tempori

284 2871 485 2933 πνεὺμα
540 2860 978 2931 ἀναζωπυρῆσαι,
1033 2858 1106 2918 εἰς
1136 2858 1359 2917 ἄληκτον
1415 2856 1598 2917 δέησιν
1628 2868 1719 2913 τοῦ
1776 2859 1882 2912 ἐπι-

2040 2858 2371 2924 itisfaciam,
2401 2863 2455 2913 et
2480 2859 2778 2913 desiderio
2805 2860 3213 2914 obsecundem
3239 2875 3252 2911 :
3287 2866 3346 2914 ut
3378 2859 3644 2917 studium

283 2951 537 3010 κληθῆναι
581 2953 731 3013 Θεὸν,
790 2947 954 2999 τέλεον
1012 2949 1137 3018 ἡμῖν
1185 2952 1243 3000 τὸ
1293 2956 1383 3007 τῆς
1437 2948 1643 3022 εἰρήνης
1688 2948 1881 3019 ἀγαθὸν

2041 2947 2309 3002 icend'am
2367 2948 2624 3002 assiduas
2688 2948 3066 3017 precationis,
3134 2949 3213 3004 ad
3270 2950 3645 3005 exorandum

282 3039 620 3102 ἑξανατεῐλαι.
693 3036 877 3108 Ὁρᾶτε
941 3038 1064 3109 γὰρ,
1122 3034 1162 3087 ὦ
1231 3035 1529 3107 σεϐάσμιοι,
1604 3040 1742 3097 ὅπως
1808 3041 1884 3094 ἔτι

2044 3051 2198 3100 eum,
2217 3042 2280 3089 ut
2297 3034 2567 3106 perfectae
2587 3036 3028 3108 tranquillitatis
3044 3036 3207 3093 bono
3238 3037 3648 3109 perfruamur.

281 3126 555 3203 κραδαίνει
614 3129 677 3178 τὰ
729 3127 1037 3197 πράγματα.
1087 3129 1309 3186 Δυνατὸς
1369 3122 1428 3177 δέ
1470 3128 1581 3177 ἐστι
1624 3134 1684 3199 τῇ
1737 3125 1879 3201 ἀρχῇ

2041 3123 2211 3177 idetis
2242 3123 2422 3189 enim,
2447 3139 2483 3178 o
2512 3123 2858 3189 venerandi,
2892 3125 3411 3196 quemadmodum
3445 3127 3645 3183 adhuc

282 3222 375 3271 καὶ
427 3220 483 3269 τὸ
536 3216 679 3276 τέλος
733 3210 903 3276 δεξιὸν
960 3216 1334 3285 συναναφάναι,
1394 3216 1668 3285 Εὗχεσθαι
1719 3235 1885 3287 παρα-

2032 3230 2087 3266 es
2115 3210 2419 3267 ﬂuctuent.
2456 3212 2569 3268 Sed
2596 3218 2808 3283 potens
2848 3221 2936 3268 est
2963 3215 3116 3268 Deus
3146 3214 3418 3270 felicibus
3460 3215 3636 3271 initiis

282 3306 513 3364 κλήθητε
598 3309 715 3376 περὶ
800 3310 894 3362 τῆς
992 3307 1349 3363 ταπεινώσεως
1439 3323 1560 3374 μου,
1652 3302 1885 3356 ἀεισέϐα-

2042 3302 2358 3371 )njungere
2379 3316 2736 3372 prosperum
2752 3302 2956 3357 ﬁnem.
2984 3304 3164 3358 Orare
3184 3319 3294 3375 pro
3313 3304 3646 3361 humilitate

286 3414 424 3449 στοι.
1996 3406 2131 3445 mea
2161 3404 2233 3444 ne
2264 3389 2616 3459 gravemini,
2652 3406 2687 3444 ο
2720 3405 2957 3462 semper
2983 3392 3332 3447 venerandi.

466 3480 581 3537 [ΙΔ’.
628 3512 683 3520 —
716 3475 1023 3554 Θεοδώρῳ
1075 3479 1442 3550 μονάζοντι.
1482 3478 1705 3552 [φκθξ]

2250 3478 2515 3533 LXXXIV.
2544 3510 2613 3518 —
2650 3479 2949 3536 Theodoro
2978 3481 3269 3537 monacho
3298 3482 3384 3553 (').

1249 3577 1318 3626 De
1342 3581 1528 3627 sancta
1547 3578 1801 3642 imagine.
1830 3577 2005 3628 Basilii
2034 3576 2237 3626 dictum
2267 3577 2667 3640 interpretatur.

357 3675 491 3742 Ἐγὼ
549 3688 643 3721 σου
702 3671 795 3725 τὴν
854 3665 1142 3719 θεοσέϐειαν
1206 3668 1554 3738 παρεκάλεσα,
1612 3676 1714 3720 τῶν
1772 3668 1886 3720 κατ’

2073 3666 2268 3721 Pietati
2294 3671 2404 3722 tuae
2432 3673 2640 3722 auctor
2686 3667 2903 3733 exstiti,
2951 3674 3014 3724 ut
3044 3668 3329 3724 laudibus
3379 3670 3525 3726 meis
3554 3687 3650 3727 su-

288 3756 413 3833 ἕμοῦ
494 3758 764 3831 ἐγκωμίων
845 3753 1109 3827 ἀφέμενον,
1195 3755 1383 3825 μᾶλλον
1471 3758 1888 3830 προσεύχεσθαι,

2048 3755 2341 3821 ersedens,
2374 3755 2650 3811 funderes
2707 3757 2905 3827 potius
2970 3772 3078 3829 pro
3125 3774 3219 3813 me
3251 3774 3475 3830 preces,
3506 3776 3578 3815 ne
3616 3776 3652 3816 a

287 3854 360 3921 μή
427 3849 594 3904 πάντη
664 3864 726 3917 με
787 3850 921 3896 Θεοῦ
985 3842 1482 3916 ἀπομακρύνεσθαιο
1546 3846 1733 3906 καύτὸς
1798 3846 1891 3897 ούκ

2051 3861 2118 3899 eo
2151 3846 2341 3913 magis
2374 3852 2644 3901 avertar:
2698 3852 2758 3900 tu
2791 3861 2929 3901 vero
2961 3846 3155 3902 nescio
3185 3864 3307 3919 qua
3354 3848 3651 3919 impulsus

287 3934 393 3990 οἶδ’
423 3938 534 3989 ὅθεν
584 3939 874 4007 φερόμενος,
927 3932 995 3991 εἰς
1042 3932 1251 4003 μείζους
1298 3932 1523 4005 mea“
1572 3933 1757 4005 λόγους
1806 3933 1889 3986 αὶ-

2047 3933 2225 3989 ttione
2252 3934 2311 3987 in
2346 3932 2650 3988 uberiores
2697 3934 2882 3989 multo
2932 3936 3174 4006 erupisti
3226 3936 3452 3992 laudes.
3499 3936 3651 3992 Mitte

286 4030 486 4086 νέσεως.
538 4029 623 4081 Μὴ
676 4022 830 4088 οὑτω,
894 4024 1084 4095 Πάτερ,
1139 4018 1420 4093 μηδαμῶς.
1476 4021 1538 4074 Ἦ
1591 4023 1683 4075 οὐκ
1736 4021 1890 4075 οἶσθα

2047 4023 2248 4077 mnino
2280 4023 2365 4077 sic
2390 4038 2587 4092 agere,
2642 4025 2826 4077 Pater.
2862 4029 2946 4077 An
2991 4023 3183 4079 nescis
3218 4024 3497 4080 miserum
3554 4042 3651 4081 me

289 4116 370 4166 ὅτι
410 4113 690 4187 ἀνθρώπων
743 4111 982 4163 ἁπάντων
1014 4109 1111 4180 ἐγὼ
1152 4111 1176 4161 ὁ
1231 4110 1391 4172 τάλας
1429 4110 1889 4184 ἀμαρτωλότερος;

2048 4110 2346 4166 tortalium
2412 4110 2684 4166 omnium
2736 4112 2997 4166 maxime
3052 4127 3180 4166 esse
3226 4115 3486 4183 peccatis
3547 4114 3652 4169 ob-

286 4202 382 4254 κοῖν
443 4202 537 4254 ούκ
588 4197 693 4253 οἷδ’
755 4201 892 4261 ὅπως
954 4198 1075 4250 ἐλέει
1126 4206 1259 4251 Θεοῦ
1329 4200 1398 4260 εἰς
1442 4199 1673 4271 φυλακήν
1731 4201 1890 4252 αὑτοῦ

2048 4199 2246 4255 oxium
2266 4198 2293 4253 ‘P
2345 4200 2702 4271 Quanquam
2735 4202 2936 4255 nescio
2964 4216 3087 4272 qua
3119 4204 3215 4255 Dei
3244 4202 3652 4260 misericordia

289 4289 517 4362 ἠξιωμαι
557 4287 830 4342 διατελεῖν.
887 4291 974 4341 Διὸ
1004 4292 1095 4339 καὶ
1146 4284 1323 4353 δέδια,
1375 4294 1564 4360 μήπως
1610 4287 1893 4359 ἐπισκεψά-

2048 4287 2114 4342 Jb
2141 4287 2270 4357 ejus
2293 4287 2470 4342 tutela
2498 4287 2896 4359 praesidioque
2924 4304 3160 4359 semper
3191 4306 3326 4346 sum
3355 4296 3652 4347 versatus.

291 4397 438 4451 μενος
488 4382 535 4431 ἓν
579 4378 648 4449 τῷ
700 4377 981 4448 τελουμένῳ
1033 4376 1393 4448 ὀμολογητικῷ
1441 4380 1616 4449 γάμῳ,
1673 4375 1785 4430 ’ἰδοι
1832 4397 1895 4450 με

2056 4376 2407 4431 uamobrem
2431 4393 2639 4431 vereor
2662 4392 2754 4444 ne,
2779 4393 2916 4432 cum
2943 4378 3259 4433 visitaverit
3289 4381 3348 4435 in
3372 4396 3656 4436 consum-

293 4468 387 4521 οὑκ
435 4464 769 4539 ἐνδεδυμένον
814 4462 1015 4538 ἔνδυμα
1068 4467 1263 4538 γάμου,
1317 4466 1407 4518 εἶτ’
1466 4463 1554 4518 οὑν
1600 4469 1897 4542 καθαρότη-

2051 4465 2179 4521 tatis
2208 4464 2600 4521 confessionis
2646 4466 2890 4537 nuptiis,
2931 4467 3124 4521 Videat
3158 4484 3252 4523 me
3308 4484 3427 4524 non
3482 4470 3655 4524 indu-

295 4576 382 4619 τος
409 4578 420 4590 ·
455 4562 542 4609 καὶ
600 4559 734 4608 εἴποι
778 4563 886 4617 τοῖς
932 4557 1211 4627 ὑπηρέταις
1236 4555 1473 4626 ἀγγέλοις
1496 4571 1512 4588 ⁶
1575 4561 1899 4619 Δήσαντες

2053 4570 2133 4609 Im
2164 4560 2322 4608 veste
2352 4553 2719 4625 nuptiarum,
2754 4554 2869 4609 hoc
2913 4560 2999 4609 est
3032 4555 3302 4627 puritatis
3336 4573 3346 4609 :
3396 4558 3657 4627 angelis-

297 4646 492 4698 αὑτοῦ
521 4652 752 4719 χεῖρας
790 4650 896 4697 καὶ
924 4641 1154 4710 πόδας,
1197 4644 1501 4698 ἐκϐάλετε
1541 4645 1755 4717 αὑτὸν,
1790 4651 1899 4699 καὶ

2052 4659 2122 4697 ue
2152 4641 2514 4698 administris
2538 4642 2697 4697 dicat
2730 4659 2741 4697 :
2772 4644 2996 4713 Ligatis
3024 4644 3298 4699 manibus
3330 4653 3381 4701 et
3413 4647 3654 4713 pedibus

298 4732 597 4806 ἕμϐάλετε
634 4734 724 4795 εἰς
763 4739 830 4785 τὸ
876 4739 1104 4793 σκότος
1143 4737 1209 4785 τὸ
1273 4733 1616 4806 ἐξώτερον’
1669 4737 1733 4795 ὡς
1766 4754 1900 4809 παρ-

2050 4733 2152 4796 t'us,
2184 4732 2395 4787 mittite
2423 4746 2553 4787 eum
2575 4738 2630 4787 et
2660 4733 2936 4801 projicite
2969 4734 3029 4787 in
3075 4736 3344 4790 tenebras
3396 4736 3654 4790 exterio-

300 4828 555 4895 ενείραντα
582 4821 759 4874 ἑαυτὸν
792 4820 1011 4885 ἀναξίως
1051 4829 1159 4883 τοῖς
1199 4823 1542 4894 ὁμολογηταῐς
1574 4843 1699 4895 μου.
1740 4822 1901 4876 Ὠστε

2053 4835 2099 4876 es
2139 4822 2219 4885 83;
2275 4818 2491 4891 quippe
2512 4820 2611 4890 qui
2659 4836 2720 4873 se
2752 4828 2969 4875 temere
3024 4820 3474 4877 confessoribus
3506 4824 3657 4879 meis

297 4920 450 4964 τοῦτο
506 4908 674 4975 εἰδὼς,
733 4910 875 4963 κλαῖε
930 4931 993 4983 με
1047 4912 1258 4984 μᾶλλον,
1321 4914 1510 4987 Πάτερ,
1542 4918 1629 4965 καὶ
1681 4914 1901 4986 προσεύ.

2053 4908 2339 4964 lseruerit.
2376 4908 2777 4972 Quamobrem
2804 4908 2916 4964 hoc
2963 4925 3100 4964 cum
3126 4911 3306 4980 probe
3330 4912 3508 4977 scias,
3562 4929 3657 4968 me

297 5022 424 5074 χον,
466 5006 537 5072 μή
567 5003 718 5052 τοῦτό
766 5020 854 5073 μοι
913 4999 1193 5072 συμϐῆναι.
1254 5006 1354 5054 Καὶ
1410 4998 1513 5053 ὧδε
1570 5007 1659 5073 μὲν
1712 5009 1898 5053 ταῦτα.

2057 4999 2206 5053 otius
2224 4996 2398 5062 deﬂe,
2430 4996 2608 5063 Pater,
2624 5003 2680 5053 et
2704 5013 2777 5053 ne
2806 4997 2969 5053 istud
3000 4999 3144 5053 mihi
3171 5000 3429 5066 eveniat,
3450 5002 3661 5072 depre-

300 5095 425 5163 Περὶ
454 5086 513 5141 δε
537 5095 629 5142 τοῦ
660 5091 771 5140 Διά
809 5093 897 5141 καὶ
939 5090 1083 5143 Ἀνὰ
1120 5090 1219 5140 ὑπὸ
1250 5097 1338 5141 τοῦ
1372 5090 1594 5160 μεγάλου
1630 5088 1899 5141 Βασιλείου

2047 5102 2161 5142 are.
2194 5087 2299 5143 Sed
2330 5085 2405 5141 de
2431 5086 2523 5141 his
2549 5086 2854 5142 hactenus.
2888 5091 2964 5142 De
2996 5088 3222 5142 voculis
3249 5095 3447 5145 autem
3479 5086 3573 5141 διὰ
3594 5097 3651 5146 et

299 5180 597 5254 εἰρημένων,
628 5174 867 5235 δηλονότι
917 5176 963 5229 ἐν
992 5186 1054 5251 τῇ
1111 5184 1308 5251 χρήσει
1339 5181 1577 5249 κειμένων
1629 5186 1728 5230 τῶν
1778 5195 1902 5253 προ-

2036 5180 2105 5229 ινά
2134 5177 2325 5246 (trans
2358 5180 2415 5230 et
2438 5176 2539 5248 ad)
2566 5192 2721 5247 quas
2754 5176 2997 5231 Basilius
3024 5180 3268 5249 Magnus
3316 5180 3640 5249 usurpavit,

303 5270 487 5321 θέσεων
535 5276 631 5329 τῆς
682 5266 869 5327 εἰκόνος
898 5286 910 5299 ·
962 5266 1067 5338 οὐχ
1117 5269 1216 5318 ὑπὸ
1267 5274 1356 5319 τοῦ
1406 5266 1559 5337 ἀγίου
1614 5262 1759 5318 δοκεί
1811 5284 1900 5338 μοι

2052 5265 2277 5321 idelicet
2296 5266 2353 5320 in
2383 5265 2686 5336 proposito
2713 5266 2785 5320 de
2811 5265 3072 5336 imagine
3101 5275 3455 5336 argumento
3486 5286 3497 5315 :
3533 5283 3656 5323 non

302 5356 662 5431 ἇκφωνηθῆναι
702 5362 791 5409 καὶ
822 5355 980 5417 οὑτως
1031 5359 1121 5409 καὶ
1152 5353 1335 5421 οὑτως,
1369 5353 1474 5407 ἀλλ’
1535 5373 1589 5407 εκ
1644 5374 1902 5429 μεταγρα-

2054 5355 2152 5412 tihi
2179 5354 2455 5411 videntur
2480 5369 2517 5411 a
2550 5359 2755 5411 sancto
2785 5359 2841 5410 et
2867 5352 2996 5409 haec
3024 5360 3080 5411 et
3108 5354 3209 5412 illa
3249 5356 3514 5428 prolatas,
3551 5355 3658 5413 sed

384 5536 433 5576 ⁸⁸
454 5537 654 5595 Matth.
681 5552 841 5603 mu,
888 5539 971 5594 13.

389 5628 467 5709 ω
497 5624 880 5703 Dogmatica.
