4062 6280
442 247 578 302 1327

1714 251 1775 308 S.
1816 249 2187 309 THEODORI
2225 244 2555 307 STUDITE

3662 240 3809 305 i328

440 371 829 428 exscribentis
868 371 1315 443 erratumistud
1347 378 1473 433 est:
1527 390 1879 447 quanquam
1937 376 2096 431 idem

2208 384 2272 447 φῆ
2284 396 2304 438 ς
2335 379 2390 428 τὸ
2433 376 2645 449 σφάλμα
2670 395 2685 410 ·
2720 375 2847 435 πλὴν
2887 369 2954 436 εἰς
2984 372 3173 428 ταυτὸν
3205 377 3339 446 φέρει
3368 374 3455 425 τὸν
3492 378 3609 423 νοῦν
3650 370 3825 444 ἀμφό-

441 461 764 517 ambarum
792 466 879 517 est
908 460 1258 519 intellectus.
1289 464 1553 536 Exempli
1582 481 1788 531 causa,
1820 464 2098 535 imaginis

442 548 635 605 honor
664 550 740 605 ad
768 556 1159 621 prototypum
1194 551 1464 607 ascendit
1491 569 1505 605 :
1540 553 1721 625 idque
1763 570 1965 609 verum
1990 560 2096 620 est,

446 642 567 693 tum
626 639 688 693 in
719 638 976 710 imagine
1002 639 1277 706 naturali,
1314 649 1437 696 tum
1465 643 1525 697 in
1557 659 1626 698 ea
1670 659 1805 715 quae
1858 652 1944 699 est
1974 651 2099 699 arte

447 725 606 782 facta
637 749 649 781 :
680 727 825 782 nihil
852 727 1017 781 aliud
1042 727 1411 799 signiﬁcante
1426 747 1705 797 ascensu,
1729 748 1917 803 quam
1935 748 2098 788 eum-

445 816 584 871 dem
614 831 743 871 esse
774 816 833 870 in
864 823 987 871 arte
1000 816 1168 871 factis
1194 816 1508 886 honorem,
1540 827 1751 890 praeter
1777 821 2096 877 discrimen

444 905 794 960 substantiae
819 924 831 963 :
865 904 926 959 in
953 905 1326 961 naturalibus
1356 923 1514 977 vero,
1553 909 1737 964 etiam
1766 909 2099 965 secundum

444 993 699 1051 similem
755 993 1074 1050 amborum
1129 997 1551 1053 substantiam.
1612 998 1917 1054 Enimvero
1967 1001 2092 1071 ipsa

440 1083 658 1138 veritas
684 1082 831 1138 dixit
865 1104 876 1135 :
905 1083 1019 1149 Qui
1047 1098 1146 1138 vos
1171 1085 1518 1154 spernit,me
1539 1087 1766 1155 spernit
1798 1108 1817 1144 .-
1848 1087 1953 1159 qui
1994 1104 2099 1144 au-

442 1176 557 1227 tem
585 1186 677 1226 me
699 1171 945 1239 spernit,
983 1172 1211 1241 spernit
1243 1187 1375 1229 eum
1404 1174 1507 1245 qui
1533 1175 1690 1230 misit
1711 1191 1801 1231 me
1826 1176 1894 1230 3‘.
1924 1179 2101 1231 Natu-

441 1260 583 1316 ralis
640 1261 843 1331 utique
901 1260 1002 1315 Dei
1060 1262 1246 1316 Patris
1304 1263 1506 1332 imago
1559 1269 1646 1319 est
1698 1264 1881 1319 Filius
1929 1271 2099 1321 :arte

442 1347 600 1406 facta
627 1364 767 1403 vero
794 1348 915 1404 Filii
959 1350 1481 1421 quemadmodum
1523 1358 1579 1408 et
1615 1354 1821 1418 Patris,
1854 1369 1964 1409 nos
2005 1371 2101 1408 su-

443 1454 604 1503 mus,
656 1437 772 1493 hoc
823 1443 931 1505 est,
992 1438 1218 1494 factitia
1279 1455 1293 1495 :
1340 1440 1509 1496 ﬁctor
1567 1440 1729 1498 enim
1792 1447 1847 1498 et
1894 1442 2101 1500 artifex

443 1529 717 1584 omnium
742 1527 894 1583 Deus
925 1542 1069 1583 sane
1101 1528 1457 1599 appelletur.

516 1650 803 1707 lntellexit
832 1655 1289 1708 autemsanctus
1326 1654 1575 1710 Basilius
1603 1659 1726 1712 arte
1752 1655 2001 1723 factum,
2037 1657 2098 1712 in

444 1740 812 1811 imaginibus
839 1756 975 1812 qum
1009 1746 1149 1796 sunt
1176 1742 1232 1798 in
1268 1743 1485 1799 tabulis
1519 1746 1689 1816 pictae
1727 1762 1739 1800 :
1769 1752 1827 1801 et
1850 1745 2009 1801 idem
2024 1746 2098 1801 de

442 1829 740 1902 nobisqui
768 1830 845 1885 ad
870 1831 1197 1900 imaginem
1226 1831 1326 1887 Dei
1369 1833 1594 1888 conditi
1620 1850 1852 1901 sumus,
1888 1834 2097 1890 intelli-

444 1934 581 1990 gere
610 1923 717 1983 est,
750 1923 808 1974 et
843 1934 979 1973 eam
1020 1934 1207 1991 quam
1256 1936 1364 1976 nos
1415 1922 1533 1993 ipsi
1574 1922 1635 1976 in
1678 1923 1884 1979 tabula
1923 1923 2096 1978 ﬁnxi-

444 2025 582 2064 mus
608 2008 934 2077 imaginem
964 2008 1025 2062 in
1046 2015 1169 2063 arte
1194 2007 1365 2065 factis
1396 2026 1658 2066 censere.
1680 2013 1861 2081 Magis
1893 2019 2095 2068 autem

444 2113 515 2154 ac
538 2096 731 2152 verius
754 2102 959 2152 nostra
987 2096 1214 2167 efﬁgies
1241 2114 1427 2154 unum
1468 2106 1524 2155 et
1565 2099 1724 2155 idem
1765 2108 1854 2156 est
1894 2100 2096 2156 nobis-

443 2202 582 2241 cum
612 2186 671 2240 in
728 2183 1115 2240 similitudine
1161 2186 1705 2257 (quemadmodum
1760 2195 1815 2244 et
1866 2189 2095 2259 efﬁgies

444 2275 657 2332 Christi
683 2290 821 2329 cum
851 2274 1011 2345 ipso)
1039 2289 1223 2344 quam
1255 2284 1459 2332 nostra
1478 2294 1616 2332 cum
1638 2277 1756 2333 Deo
1785 2295 1797 2332 :
1827 2278 2098 2350 quando-

442 2364 689 2437 quidem
737 2365 888 2416 Deus
917 2363 1510 2433 ethominesinﬁnito
1532 2366 2092 2435 distantintervallo.

443 2456 591 2510 Nam
620 2452 715 2506 ille
740 2451 1062 2517 increatus,
1105 2453 1747 2524 incomprehensibilis,
1783 2457 2097 2511 incircum-

446 2544 724 2613 scriptus,
755 2545 811 2595 et
833 2555 970 2611 quas
1018 2547 1157 2596 sunt
1196 2541 1468 2612 ejusdem
1524 2545 1756 2613 generis
1786 2562 1800 2597 :
1826 2546 2096 2600 homines

445 2646 585 2686 vero
613 2645 705 2684 res
746 2633 964 2695 creata,
1018 2645 1259 2701 corpus,
1318 2632 1808 2703 circumscriptio,
1868 2640 1923 2689 et
1960 2650 2096 2705 quae

446 2727 583 2775 sunt
612 2718 838 2773 ordinis
862 2718 1358 2789 ejusdem.Homo
1384 2728 1585 2776 autem
1611 2729 1667 2777 et
1687 2722 1888 2793 imago
1907 2723 2097 2778 homi-

445 2810 558 2876 nis,
592 2812 913 2878 utrumque
943 2812 1208 2862 creatum
1238 2827 1250 2866 ε
1276 2824 1632 2881 quanquam
1662 2817 1748 2866 est
1789 2811 2095 2884 utriusque

444 2898 529 2953 rei
546 2902 757 2951 creata:
784 2897 844 2951 in
866 2896 1207 2952 substantia
1224 2898 1566 2953 discrimen.
1584 2899 1682 2955 Est
1708 2903 1908 2971 utique
1928 2901 2094 2972 quod

445 2987 519 3044 de
541 2986 851 3057 proposita
884 2993 989 3040 ate
1014 2987 1349 3056 quastione
1380 2987 1695 3056 gaudeam.
1719 2989 1911 3045 Patuit
1936 2990 2095 3045 enim

444 3076 584 3131 inde
614 3074 790 3130 nobis
838 3089 910 3130 ex
959 3074 1091 3145 ipso
1128 3075 1336 3131 divino
1366 3076 1632 3143 oraculo,
1678 3083 1875 3149 spreta
1907 3078 2096 3149 ipsius

2206 3080 2410 3131 τεῖσθαι
2456 3081 2542 3129 τόν
2595 3080 2802 3150 Πατέρα
2855 3080 2942 3128 τόν
2993 3077 3273 3149 πέμψαντα
3323 3076 3480 3128 αὐτόν
3516 3094 3527 3107 ·

445 3165 705 3233 imagine
735 3165 934 3235 ipsum
961 3166 1163 3234 sperni
1193 3184 1204 3222 :
1242 3173 1442 3235 spreto
1460 3174 1658 3221 autem
1690 3167 1823 3238 ipso
1846 3168 2093 3237 Christo,

447 3254 646 3325 sperni
675 3256 903 3308 Patrem
936 3253 1041 3323 qui
1065 3253 1223 3308 misit
1252 3255 1455 3324 ipsum
1488 3270 1501 3308 :
1537 3270 1606 3309 ac
1633 3255 2098 3326 deprehendunu

446 3350 538 3400 tur
564 3340 949 3397 lconomachi
989 3356 1111 3396 non
1145 3348 1458 3411 negatores
1509 3344 1717 3399 Christi
1759 3343 1959 3408 modo,
1993 3346 2099 3399 sed

447 3438 503 3488 et
535 3437 621 3487 ter
660 3435 997 3500 negatores.
1050 3432 1181 3485 Jam
1235 3431 1401 3503 quod
1449 3432 1526 3488 ad
1577 3448 1783 3488 vocem
1841 3430 2100 3486 διαϐαίνει

446 3519 717 3591 (transit)
746 3519 960 3575 eodem
990 3519 1200 3574 recidit
1229 3528 1285 3574 et
1316 3520 1600 3575 transitus
1618 3527 1673 3576 et
1698 3523 2101 3579 ascensus.Ait

448 3610 735 3665 Dominus
760 3624 773 3660 :
794 3608 1062 3665 Ascendo
1088 3609 1163 3664 ad
1191 3610 1426 3665 Patrem
1446 3625 1638 3665 meum
1654 3611 1720 3665 ⁸⁵.
1739 3613 2048 3684 EtMoyses
2083 3628 2095 3666 :

448 3698 767 3756 Transiens
798 3697 1001 3754 videbo
1033 3697 1103 3749 ⁸⁸.
1146 3697 1478 3752 Amborum
1509 3698 1719 3754 similis
1758 3707 1957 3756 motus
1990 3706 2097 3768 est,

444 3802 643 3859 neque
671 3785 816 3841 alter
864 3785 1117 3841 alterum
1170 3785 1501 3842 orbiculata
1547 3786 1637 3842 vel
1694 3789 1869 3843 tortili
1908 3789 2102 3859 ﬁgura

444 3879 835 3948 repraesentat
866 3889 878 3929 :
905 3874 1012 3929 sed
1043 3874 1339 3945 quidquid
1360 3880 1451 3929 est
1479 3875 1863 3943 discriminis,
1896 3879 2101 3950 quoad

446 3968 625 4021 situm
654 3970 761 4033 est,
792 3980 915 4020 non
944 3963 1148 4035 quoad
1187 3963 1630 4020 habitudinem.
1672 3968 1908 4037 Septem
1938 3966 2098 4023 enim

447 4056 616 4112 aiunt
664 4069 800 4109 esse
842 4058 1059 4109 motus.
1109 4055 1401 4107 Ascensus
1447 4060 1667 4119 autem,
1705 4065 1765 4109 ut
1818 4062 1873 4110 et
1905 4056 2100 4125 ﬁgura

444 4159 570 4200 rem
603 4142 941 4205 exhibeam,
988 4141 1070 4196 sic
1114 4156 1175 4195 se
1236 4140 1418 4196 habet
1491 4148 1500 4211 |
1585 4158 1599 4196 :
1657 4144 1938 4199 transitus
1984 4146 2101 4202 hoc

443 4238 622 4305 pacto
650 4261 826 4285 —-—-.
863 4230 1191 4285 Amborum
1239 4231 1433 4301 igitur,
1467 4239 1527 4287 ut
1576 4232 1801 4286 dictum
1848 4239 1958 4300 est,
1992 4250 2100 4306 par

444 4323 615 4377 ratio.
648 4322 828 4376 Linea
857 4321 1016 4374 enim
1058 4318 1471 4390 philosophico
1505 4336 1669 4375 more
1717 4323 1974 4394 exempli
2002 4324 2091 4379 in-

447 4416 572 4466 star
600 4416 710 4466 est.
743 4408 935 4476 Quam
962 4408 1140 4476 igitur
1170 4407 1586 4464 habitudinem
1614 4409 1756 4465 dicit
1786 4427 2095 4468 summum

446 4499 525 4556 ad
545 4500 757 4563 imum,
781 4498 1059 4554 eamdem
1086 4502 1143 4552 et
1167 4496 1444 4552 dextrum
1466 4497 1622 4553 latus
1648 4499 1718 4555 ad
1751 4500 2087 4560 sinistrum.

2204 483 2346 537 τερα.
2383 467 2503 517 Οἶον
2535 484 2565 516 (ι
2594 465 2654 519 Ἡ
2683 474 2777 527 τῆς
2824 465 3015 525 εἰκόνος
3062 468 3185 536 τιμὴ
3234 461 3319 514 ἐπὶ
3367 466 3426 514 τό
3472 466 3814 533 πρωτότυπον

2207 552 2468 606 ἀναϐαίνιι
2499 574 2511 585 ⁸
2560 576 2581 603 ι
2624 558 2712 606 καὶ
2754 553 2935 615 ἀληθὲς
2974 560 3128 605 τοῦτο
3167 556 3255 605 καὶ
3282 554 3362 603 ἐπὶ
3405 558 3635 622 φυσικῆς
3676 549 3815 601 εἰκό-

2206 661 2305 711 νος,
2360 650 2512 694 τοῦτο
2562 648 2652 695 καὶ
2707 646 2790 695 ἐπὶ
2834 649 3255 715 τεχνητῆς·τῆς
3307 638 3607 701 ἀναϐάσεως
3660 635 3815 691 οὐδὲν

2206 731 2327 784 ἄλλο
2377 728 2659 797 δηλούσης,
2684 732 2713 790 ἢ
2749 734 2829 784 ὅτι
2867 735 2896 790 ἡ
2932 736 3063 789 αῦτή
3126 733 3239 783 ἐστι
3269 733 3394 801 τιμὴ
3449 730 3593 801 παρά
3624 731 3680 781 τὸ
3722 736 3817 789 τῆς

2207 818 2386 880 οὐσίας
2430 816 2681 896 διάφορον
2720 819 2804 873 ἐπὶ
2856 829 2954 872 τῶν
2986 826 3251 891 τεχνητῶν
3283 835 3294 847 ·
3337 818 3424 869 ἐπὶ
3481 813 3541 869 δὲ
3569 826 3667 868 τῶν
3715 836 3817 888 φυ-

2209 917 2387 971 σικῶν,
2440 914 2529 961 καὶ
2558 912 2693 961 κατὰ
2744 912 2802 961 τὸ
2846 916 2937 970 τῆς
2974 909 3161 970 οὐσίας
3206 909 3394 960 ταυτὸν
3455 904 3664 978 ἀμφοῖν.
3708 910 3815 957 Καὶ

2207 1005 2330 1069 γοῦν
2379 998 2510 1056 αὐτὴ
2571 1000 2599 1056 ἡ
2657 997 2873 1056 ἀλήθεια
2929 996 3265 1072 εἷρηκεν·⁶0
3327 994 3566 1047 ἀθετῶν
3624 996 3812 1066 ὑμᾶς,

2206 1086 2310 1158 ἐμε
2350 1085 2592 1139 ἀθετεῖ·
2621 1092 2729 1139 καὶ
2772 1088 2797 1138 6
2829 1086 2935 1159 ἐμὲ
2967 1085 3234 1154 ἀθετῶν,
3268 1083 3485 1137 ἀθετεῖ
3521 1087 3625 1136 τὸν
3666 1087 3818 1155 πέμ.-

2204 1173 2413 1246 ψαντά
2451 1195 2541 1248 με.
2599 1180 2799 1234 Φυσικὴ
2833 1172 2921 1228 οὖν
2950 1182 3041 1228 τοῦ
3090 1182 3223 1228 Θεοῦ
3254 1179 3342 1226 καὶ
3403 1176 3605 1246 Πατρός
3662 1172 3815 1224 εἰκὼν

2207 1265 2232 1314 6
2259 1266 2380 1326 Υἱός
2412 1283 2424 1296 ο
2462 1270 2688 1336 τεχνητὴ
2724 1262 2783 1317 δε
2808 1272 2899 1317 τοῦ
2939 1266 3085 1329 Υἰοῦ,
3128 1265 3299 1335 ὥσπερ
3333 1266 3417 1314 καὶ
3449 1269 3542 1315 τοῦ
3581 1264 3808 1336 Πατρός,

2206 1355 2378 1425 ἡμεῖς,
2409 1356 2570 1425 ἤγουν
2622 1357 2871 1412 ποιητικὴ
2901 1372 2914 1385 ο
2947 1356 3037 1405 καὶ
3088 1356 3308 1413 ποιητὴς
3332 1354 3433 1425 γὰρ
3493 1355 3583 1403 καὶ
3639 1354 3815 1422 τεχνί-

2206 1461 2296 1504 της
2327 1450 2427 1495 τῶν
2454 1442 2692 1496 ἁπάντων
2717 1442 2917 1515 λέγοιτο
2944 1445 3087 1502 Θεὸς.

2278 1655 2534 1715 Εῖληπται
2580 1651 2640 1707 δὲ
2670 1661 2744 1725 τῷ
2800 1654 2931 1727 ἁγίῳ
2982 1652 3235 1726 Βασιλείῳ
3280 1655 3339 1706 τὸ
3397 1655 3670 1725 τεχνητὸν,
3726 1651 3816 1706 ἐπὶ

2206 1754 2305 1797 τῶν
2368 1743 2417 1796 ἐν
2471 1743 2678 1806 πίναξιν
2735 1743 2940 1796 εἰκόνων
2968 1760 2982 1774 θ
3052 1748 3143 1795 καὶ
3192 1746 3382 1795 ταυτὸν
3436 1744 3576 1813 ἡμᾶς
3639 1740 3816 1793 λαϐεῖν

2207 1837 2328 1896 τοὺς
2348 1834 2462 1885 κατ’
2509 1833 2681 1885 εἰκόνα
2736 1839 2871 1885 Θεοῦ
2895 1837 3189 1904 γεγονότας,
3243 1837 3333 1884 καὶ
3382 1835 3476 1889 τὴν
3538 1829 3586 1882 ἐν
3631 1835 3817 1882 πίνακι

2205 1922 2287 1994 ὑφ’
2344 1924 2489 1994 ἡμῶν
2536 1924 2992 1993 τεχνουργημένην
3045 1920 3216 1972 εἰκόνα
3259 1918 3343 1972 ἐπὶ
3395 1927 3484 1972 τοῦ
3530 1925 3815 1991 τεχνητοῦ.

2208 2016 2307 2064 Καὶ
2337 2011 2526 2083 μᾶλλον
2559 2013 2744 2082 ἔγγυος
2789 2012 3080 2082 ταυτισμός
3119 2012 3202 2061 ἐπὶ
3256 2016 3349 2061 τοῦ
3392 2009 3509 2060 καθ’
3558 2010 3813 2079 ὁμοίωσιν

2205 2101 2231 2151 6
2261 2102 2510 2174 ἡμέτερος
2564 2103 2848 2174 χαρακτὴρ
2894 2103 3026 2173 πρὸς
3055 2100 3215 2170 ἡμᾶς,
3256 2099 3429 2171 ὥσπερ
3462 2102 3549 2149 καὶ
3602 2098 3628 2149 6
3682 2103 3815 2167 Χριο

2207 2198 2333 2241 στοῦ
2381 2193 2510 2264 1:96;
2560 2189 2737 2254 αὐτὸν,
2769 2188 2798 2246 ἣ
2861 2189 2887 2239 6
2943 2189 3189 2261 ἡμέτερος
3235 2191 3361 2259 πρὸς
3407 2193 3572 2239 Θεόν·
3624 2181 3809 2244 ἐπειδὴ

2205 2286 2338 2333 Θεοῦ
2368 2283 2458 2330 καὶ
2487 2277 2768 2351 ἀνθρώπων
2798 2280 2856 2329 τό
2883 2280 3041 2349 μέσον
3067 2278 3275 2351 ἄπειρον
3309 2295 3322 2308 ο
3366 2278 3446 2328 ὅτι
3476 2277 3501 2327 6
3531 2278 3621 2348 μεν
3656 2276 3812 2327 ἄκτι-

2205 2387 2343 2439 στος,
2400 2366 2769 2442 ἀπερίληπτος,
2814 2362 3221 2441 ἀπερίγραπτος,
3272 2371 3362 2417 καὶ
3414 2368 3515 2418 ὅσα
3561 2372 3657 2425 τῆς
3714 2364 3817 2415 αὐ-

2204 2467 2293 2519 τῆς
2323 2460 2698 2528 συστοιχείας·
2755 2456 3019 2528 ἄνθρωποι
3069 2452 3127 2508 δι
3183 2459 3402 2527 κτίσμα,
3434 2464 3606 2526 σῶμα,
3664 2472 3816 2525 περι-

2202 2548 2464 2618 γραμμὸς,
2520 2550 2609 2597 καὶ
2661 2546 2763 2596 ὃσά
2804 2545 3105 2615 ὁμόστοιχα
3142 2547 3359 2599 τούτων.
3400 2542 3707 2618 Ἀνθρωπος
3749 2540 3815 2596 δὲ

2202 2641 2292 2686 καὶ
2352 2634 2498 2687 εἰκὼν
2554 2632 2847 2707 ἀνθρώπου,
2900 2632 3119 2706 ἑκάτερα
3167 2637 3409 2705 κτίσμα·
3472 2634 3568 2684 κᾶν
3623 2629 3812 2704 διαφο-

2201 2730 2359 2797 ρότης
2415 2727 2633 2783 κτίσεως
2662 2724 2797 2774 κατὰ
2854 2724 3065 2795 θάτερον
3096 2722 3173 2774 ἐπ’
3205 2722 3381 2793 οὐσίᾳ.
3439 2726 3538 2775 Καὶ
3578 2718 3694 2792 εὖγε
3749 2726 3809 2773 τὸ

2202 2812 2483 2886 πρόϐλημά
2537 2829 2672 2863 σου·
2747 2813 2828 2863 ὅτι
2882 2808 3146 2873 ὑπέδειξεν
3204 2813 3328 2883 ἡμῖν
3378 2809 3431 2873 ἐξ
3501 2810 3660 2871 αὐτῆς
3712 2818 3809 2872 τῆς

2207 2901 2469 2954 θεολέκτου
2508 2908 2698 2972 φωνῆς,
2732 2900 2779 2952 ἄν
2838 2907 2899 2972 τῇ
2961 2899 3205 2957 ἀθετήσει
3261 2907 3356 2960 τῆς
3408 2900 3603 2961 εἰκόνος
3650 2903 3803 2950 αυτὸν

2205 2989 2501 3042 ἀθετεῖσθαι
2533 3006 2545 3017 ·
2580 2996 2670 3041 καὶ
2726 2991 2774 3040 ἓν
2804 2996 2865 3060 τῇ
2927 2988 3086 3040 αὐτοῦ
3121 2995 3355 3062 Χριστοῦ
3387 2987 3630 3045 ἀθετήσει
3684 2985 3800 3039 ἀθε-

3588 3096 3674 3128 και
3719 3094 3803 3128 ευ-

2204 3173 2476 3243 ρίσκονται
2532 3169 2581 3218 οἱ
2625 3167 2979 3239 Εἰκονομάχοι
3032 3166 3123 3218 οὐκ
3170 3166 3583 3242 ἀρνησίχριστοι
3632 3170 3805 3237 μόνον,

2207 3258 2335 3309 ἀλλά
2361 3260 2462 3332 γὰρ
2493 3260 2583 3308 καὶ
2612 3258 2975 3328 τρισάρνητοι.
3006 3261 3075 3308 T6
3108 3253 3166 3308 δε
3220 3254 3575 3320 Διαϐαίνει,
3625 3255 3704 3307 ὁτι
3734 3255 3809 3316 εἰς

2206 3351 2394 3400 ταυτὸν
2436 3350 2573 3419 φέρει
2624 3347 2653 3403 ἡ
2716 3341 2969 3405 διάϐασις
3013 3352 3075 3417 τῇ
3138 3343 3407 3397 ἀναϐάσει.
3455 3340 3657 3397 Εἶπενὸ
3712 3347 3815 3397 Κύ-

2205 3455 2356 3509 ριος·
2390 3433 2741 3487 Ἀναϐαίνω
2800 3436 2961 3506 πρὸς
2998 3436 3102 3485 τὸν
3168 3437 3422 3506 Πατέρα
3459 3453 3598 3505 μου.
3658 3435 3814 3486 Καὶό

2208 3533 2435 3585 Μωύσῆς
2467 3543 2479 3553 ·
2531 3522 2722 3584 Διαϐὰς
2768 3522 2986 3595 ὄψομαι.
3021 3522 3234 3595 Ἀμφοῖν
3283 3524 3599 3595 ὀμοιοφανής
3654 3524 3683 3580 ἡ
3736 3526 3817 3573 κί-

2208 3633 2380 3681 νησις,
2430 3618 2521 3665 καὶ
2577 3616 2693 3665 οὔτε
2749 3613 3097 3687 κυκλοφορική
3153 3614 3345 3685 θατέρα
3399 3614 3630 3686 θατέρας,
3698 3615 3818 3665 οὔτε

2207 3701 2493 3766 ἐλικοειδὴς
2527 3720 2540 3732 ’
2584 3702 2692 3753 ἀλλ’
2732 3702 2775 3754 εἰ
2802 3706 2892 3753 καὶ
2931 3698 3200 3774 διάφορος,
3250 3703 3384 3754 κατά
3425 3703 3585 3766 θέσιν,
3628 3700 3685 3753 οὐ
3718 3720 3816 3753 καο

2206 3793 2272 3841 τὰ
2331 3793 2542 3861 σχέσιν.
2589 3786 2751 3840 Ἑπτά
2795 3789 2893 3861 γάρ
2945 3804 3103 3858 φησιν
3148 3782 3279 3838 εἶναι
3324 3788 3416 3846 τὰς
3448 3790 3677 3846 κινήσεις
3712 3804 3723 3815 ·
3779 3788 3812 3845 ἠ

2207 3876 2294 3931 οὖν
2325 3877 2599 3945 ἀνάϐασις,
2646 3875 2731 3928 ἳνα
2755 3880 2845 3928 καὶ
2897 3879 3244 3948 σχηματίσω,
3277 3884 3430 3928 τοῦτο
3509 3879 3521 3946 |
3582 3914 3595 3927 .
3628 3881 3727 3928 Καὶ
3779 3877 3813 3933 ἡ

2208 3965 2478 4034 διάϐασις,
2534 3973 2686 4019 τοῦτο
2741 3993 2977 4017 —-—-.
3029 3965 3246 4037 Ἀμφοίν
3299 3961 3407 4031 οὖν,
3463 3968 3531 4028 ὡς
3588 3968 3811 4038 εἴρηται,

2209 4056 2448 4128 ἰσοφανῆ.
2483 4058 2703 4129 Γραμμὴ
2736 4055 2835 4127 γὰρ
2876 4051 3224 4125 φιλοσοφικῶς
3255 4055 3313 4105 τὸ
3347 4049 3565 4126 δεῖγμα.
3595 4051 3689 4105 Ἦν
3721 4049 3811 4105 οὖν

2206 4148 2318 4217 ἔχει
2339 4148 2528 4216 σχέσιν
2558 4149 2616 4195 τό
2647 4144 2751 4195 οἶνω
2780 4147 2904 4217 1:96;
2928 4145 2986 4194 τὸ
3018 4143 3177 4209 κάτω,
3210 4147 3304 4201 τὴν
3333 4142 3494 4200 αὐτὴν
3525 4147 3611 4195 καὶ
3644 4146 3702 4194 τὸ
3731 4139 3815 4195 δεο

2206 4233 2313 4297 ξιόν
2334 4237 2464 4306 1:96;
2487 4235 2546 4285 τὸ
2578 4230 2870 4305 ἀριστερόν.
2897 4230 3058 4283 Ὥστε
3081 4234 3137 4283 τὸ
3169 4229 3457 4283 ἀναϐαίνειν
3482 4235 3569 4283 καὶ
3599 4235 3657 4283 τὸ
3690 4228 3725 4284 δ
3729 4252 3810 4283 ια-

2206 4322 2397 4375 ϐαίνειν
2454 4321 2524 4383 εἰς
2575 4324 2761 4373 ταυτὸν
2820 4324 2979 4394 φέρει,
3043 4325 3142 4373 Καὶ
3201 4319 3245 4373 εἰ
3296 4322 3387 4393 μεν
3455 4320 3813 4394 ἐπιτετευγμέ-

2204 4432 2284 4473 νος
2322 4414 2347 4463 6
2402 4411 2569 4482 λόγος,
2621 4418 2691 4481 τῷ
2744 4417 2859 4480 Θεῷ
2911 4414 3001 4462 καὶ
3051 4413 3205 4481 Λόγῳ
3257 4412 3462 4482 χάρις·
3525 4408 3568 4461 εἰ
3625 4406 3675 4462 δ’
3725 4405 3811 4462 οὖν

2205 4503 2225 4574 [
2253 4501 2294 4557 f.
2327 4500 2384 4553 οὐ
2410 4499 2455 4572 ],
2490 4496 2733 4565 δίδαξον,
2764 4498 2954 4570 λῷστε,
2988 4502 3075 4551 τὸν
3105 4495 3277 4570 ἀμαθῆ
3312 4497 3420 4571 ἐμέ.

446 4588 855 4654 Quamobrem
886 4585 1290 4656 ascendere‘et
1323 4586 1571 4643 transire
1598 4588 1812 4644 eodem
1836 4590 2129 4649 recidunt.
2159 4597 2237 4648 Ac
2261 4592 2312 4645 si
2342 4589 2584 4663 quidem
2615 4593 2819 4645 nostra
2846 4603 3097 4660 scopum
3114 4589 3307 4644 oratio
3333 4588 3807 4661 attigit,agantur

443 4678 562 4735 Deo
588 4692 658 4734 ac
690 4676 881 4733 Verbo
912 4674 1112 4745 gratiae
1142 4692 1156 4730 :
1191 4674 1285 4730 sin
1316 4677 1541 4743 minus,
1570 4677 1719 4734 doce
1748 4694 1844 4734 me
1872 4678 2243 4752 imperitum,
2272 4679 2363 4735 vir
2387 4680 2631 4750 optime.

785 4767 1028 4823 LXXXV.
1060 4796 1129 4806 —
1151 4766 1480 4821 Athanasio
1508 4767 1635 4835 ﬁlio
1668 4768 1758 4841 (').

2418 4767 2540 4823 HE'.
2572 4797 2643 4808 --
2674 4766 3036 4839 Ἀθανασίῳ
3073 4770 3293 4838 τέκνῳ.
3333 4764 3594 4840 [φμβ’.]

1022 4862 1095 4912 De
1144 4864 1484 4913 sanctissima
1511 4864 1721 4914 Domini
1748 4870 1799 4915 et
1833 4866 1923 4916 Dei
1951 4869 2003 4917 et
2030 4867 2319 4919 Salvatoris
2350 4868 2519 4917 nostri
2540 4864 2668 4916 Jesu
2694 4865 2886 4914 Christi
2915 4865 3168 4928 imagine.

514 4952 851 5022 Quomodo,
912 4953 1129 5026 inquis,
1194 4952 1372 5010 latria
1427 4970 1547 5010 non
1603 4955 1816 5012 colitur
1886 4957 2091 5029 imago

443 5045 672 5111 Christi,
704 5045 808 5099 sed
864 5044 968 5115 qui
1011 5044 1071 5098 in
1112 5044 1243 5114 ipsa
1274 5042 1557 5099 adoratur
1611 5044 1871 5099 Christus
1902 5059 1915 5101 :
1951 5062 2091 5103 cum

443 5150 565 5191 una
606 5135 666 5189 in
698 5134 998 5189 ambobus
1030 5133 1105 5187 sit
1147 5132 1421 5187 adoratio
1450 5133 1478 5189 ?
1511 5133 1807 5197 Quoniam
1846 5136 1907 5188 in
1957 5135 2090 5206 ipso

441 5224 688 5297 quidem
706 5223 931 5279 Christo
954 5222 1138 5278 latriae
1164 5221 1532 5278 estadoratio
1561 5220 1724 5282 (nam
1737 5223 2090 5295 cumipsum

442 5314 652 5379 adoro,
689 5310 866 5369 simul
887 5312 1073 5370 adoro
1100 5314 1331 5368 Patrem
1362 5326 1432 5366 ac
1460 5311 1741 5384 Spiritum
1774 5317 2085 5372 sanctum:

512 5454 559 5493 "
588 5455 730 5512 Luc.
756 5471 815 5524 ε,
852 5456 937 5513 i6.
1031 5456 1079 5491 ⁸⁵
1107 5454 1277 5515 Joan.
1305 5468 1399 5522 xx,
1427 5454 1514 5509 17.
1590 5453 1638 5491 ⁸ο
1664 5455 1837 5514 Deut.
1870 5470 2008 5528 xxv,
2030 5454 2089 5514 3.

514 5555 585 5635 ς’)
613 5554 961 5631 Dogmatica
980 5552 1227 5613 omnino
1248 5552 1620 5615 necessaria.

2284 4964 2417 5023 Πῶς,
2460 4960 2579 5028 φὴς,
2634 4955 2692 5007 οὐ
2739 4955 3043 5030 λατρεύεται
3101 4956 3131 5012 ἡ
3193 4952 3341 5006 εἰκὼν
3400 4959 3657 5030 Χριστοῦ,
3695 4952 3787 5006 ἀλλ

2200 5046 2226 5099 ὁ
2258 5044 2306 5097 ἐν
2338 5045 2466 5119 αὐτῇ
2504 5046 2951 5120 προσκυνούμενος
3000 5047 3269 5117 Χριστός·
3332 5049 3455 5115 μιᾶς
3504 5046 3670 5106 οὔσης
3731 5044 3806 5095 ἐπ’

2200 5133 2387 5207 ἀμφοῖν
2438 5138 2886 5209 προσκυνήσεωςς
2942 5132 3063 5185 ’Ὁτι
3104 5131 3181 5185 ἔπ’
3232 5131 3393 5185 αὐτοῦ
3448 5129 3516 5190 δὴ
3576 5139 3813 5206 Χριστοῦ

2196 5223 2505 5301 λατρευτικὴ
2569 5225 2599 5283 ἡ
2658 5226 3032 5297 προσκύνησις.
3090 5228 3403 5295 Προσκννών
3464 5225 3564 5295 γὰρ
3627 5223 3811 5287 αὐτόν,

2201 5322 2587 5391 συμπροσκυνῶ
2614 5317 2701 5367 τόν
2731 5315 2939 5389 Πατέρα
2975 5317 3066 5366 καὶ
3096 5315 3154 5365 τὸ
3194 5309 3342 5385 ἅγιον
3384 5318 3593 5385 Πνεῦμα
3635 5312 3767 5386 ὁμοῦ
3794 5311 3809 5325 ⁹
