4062 6280
297 312 435 375 1329

1570 312 2083 374 EPISTOLARUM
2123 318 2257 376 LIB.
2299 316 2367 377 ῐῙ.

3511 314 3652 376 1330

295 443 418 515 ὅπερ
450 440 590 496 ἔστὶν
619 443 649 502 ἡ
689 438 939 517 τριαδικὴ
965 444 1112 517 ἡμῶν
1138 442 1497 516 προσκύνησις
1518 449 1609 497 καὶ
1634 444 1847 519 λατρεία
1870 458 1885 475 ⁸

2008 451 2178 520 atque
2206 449 2335 506 haec
2386 453 2592 506 nostra
2621 464 2683 505 es
2706 447 3002 506 Trinitatis
3033 442 3305 504 adoratio
3335 447 3393 502 et
3417 444 3639 515 latria).

296 530 379 585 ἐπὶ
429 528 488 586 δὲ
540 540 634 595 τῆς
689 532 901 603 εἰκόνος,
948 535 977 592 ἢ
1045 533 1177 592 αύτὴ
1223 536 1313 605 μεν
1358 534 1487 605 (πῶς
1532 537 1633 606 γάρ
1678 538 1741 586 οῦ
1775 553 1788 602 ;
1821 534 1888 586 ὧν

294 624 398 694 γὰρ
450 620 499 674 ἓν
530 625 587 674 τὸ
627 623 835 695 κράτος,
869 627 957 675 καὶ
1007 625 1037 681 ἡ
1091 619 1222 685 δόξα
1265 627 1379 696 μία,
1428 625 1623 676 τούτων
1676 620 1885 682 δηλαδὴ

297 709 345 763 ’έν
395 713 453 763 τό
496 710 667 776 σέϐας,
717 717 807 764 καὶ
861 716 959 778 μία
1010 714 1040 771 ἠ
1097 714 1498 787 προσκύνησις),
1551 717 1775 784 σχετικη
1831 710 1891 765 δε

296 800 454 871 ὅμως,
504 802 667 870 ἤγουν
720 801 1046 871 όμωνυμική.
1093 808 1405 875 Προσκυνῶν
1457 804 1557 875 γὰρ
1606 802 1788 867 αὐτὴν,
1830 801 1889 854 ού

300 892 799 962 συμπροσεκύνησα,
831 888 960 941 ἀλλά
1006 894 1376 964 προσεκύνησα
1421 895 1675 964 Χριστόν,
1706 892 1764 944 ού
1811 888 1892 944 δι-

295 980 597 1052 αιρούμενον
671 981 788 1031 καθ’
868 980 1181 1050 ὑπόστασιν,
1272 979 1398 1033 ἀλλὰ
1483 978 1890 1054 διαφορούμενον

296 1070 432 1119 κατὰ
459 1071 546 1119 τὸν
585 1076 680 1129 τῆς
725 1067 905 1128 οὐσίας
934 1068 1084 1139 λόγον
1115 1088 1127 1101 ·
1163 1070 1284 1143 ὅπερ
1332 1068 1445 1122 ἔστί
1492 1074 1739 1141 σχετική,
1783 1068 1891 1121 ἀλλ’

297 1155 356 1209 ού
399 1155 708 1230 λατρευτική
745 1175 758 1187 ·
802 1156 897 1209 κᾶν
943 1159 973 1215 ἠ
1026 1157 1181 1224 αὑτὴ,
1232 1161 1336 1210 ἐκεῖ
1389 1162 1479 1230 μὲν
1528 1159 1689 1221 οὕτως
1750 1179 1892 1211 νοου-

298 1248 421 1317 μένη
463 1250 551 1297 καὶ
598 1246 863 1318 λεγομένη,
916 1248 1100 1299 καθότι
1130 1244 1402 1321 τριαδικὴ,
1438 1251 1601 1319 ἤγουν
1633 1252 1827 1320 φυσική
1871 1261 1885 1274 ⁸

297 1334 522 1387 ἐνταῦθα
566 1331 626 1388 δε
676 1339 734 1388 τὸ
773 1335 1012 1407 ἔμπαλιν,
1057 1338 1241 1389 καθότι
1274 1340 1525 1408 σχετική,
1569 1340 1731 1408 ἤγουν
1770 1338 1894 1389 ὑπο.

299 1430 541 1483 πατική.
577 1424 636 1478 Εἰ
663 1426 764 1499 γὰρ
816 1428 999 1489 εἴποις,
1032 1425 1365 1500 λατρευτικὴ,
1395 1424 1662 1498 ἐσήμανας
1707 1446 1895 1501 σεσαρ-

296 1516 521 1579 κῶσθαι,
554 1518 623 1576 ὡς
666 1518 753 1566 τόν
784 1517 919 1581 Υἱόν,
954 1518 1039 1568 τόν
1072 1535 1125 1568 τε
1157 1520 1381 1591 Πατέρα,
1414 1521 1503 1569 καὶ
1534 1520 1592 1569 τό
1635 1523 1846 1588 Πνεῦμα
1875 1532 1890 1545 ⁸

298 1604 420 1677 ὅπερ
476 1606 617 1656 ἐστὶν
665 1607 897 1659 ἔκτοπον.
973 1611 1259 1677 Τοιγαροῦν
1317 1613 1623 1677 προσκυνῶν
1678 1610 1771 1664 τὴν
1828 1605 1895 1658 εἰ-

298 1695 422 1744 κόνα
477 1700 729 1767 Χριστοῦ,
776 1693 834 1745 ού
881 1697 975 1751 τὴν
1030 1695 1247 1751 θεότητα
1297 1701 1597 1767 προσκυνῶ,
1652 1696 1716 1754 ὥς
1768 1698 1896 1755 τινές

299 1801 428 1854 φασι
467 1797 479 1810 ’

300 1872 628 1944 σεσάρκωται
677 1873 706 1929 ἡ
752 1873 909 1947 Τριάς
939 1886 957 1907 ⁶
1008 1873 1195 1944 ἄπαγε.
1231 1871 1389 1926 Ἀλλὰ
1435 1877 1488 1925 τί
1521 1889 1534 1939 ;
1573 1873 1726 1925 αὐτόν
1768 1876 1897 1947 Χρι-

300 1964 422 2013 στὸν
477 1968 764 2032 σχετικῶς,
824 1964 987 2021 Μόνος
1030 1964 1130 2034 γὰρ
1181 1961 1333 2022 αὐτὸς
1363 1962 1389 2013 6
1439 1964 1721 2032 σαρκωθεὶς
1769 1965 1899 2025 Θεὸς

299 2054 492 2121 Λόγος.
568 2057 879 2123 Προσκυνῶν
955 2047 1015 2103 δε
1105 2051 1255 2103 αὐτόν
1334 2055 1584 2124 Χριστόν,
1659 2048 1898 2109 δηλόνοτι

297 2142 777 2211 συμπροσεκύνησα
826 2142 913 2191 τόν
964 2144 1169 2215 Πατέρα
1226 2142 1355 2212 ὁμοῦ
1411 2145 1500 2192 καὶ
1562 2143 1620 2192 τὸ
1668 2148 1894 2213 Πνεῦμα.

292 2227 451 2281 Ὀστε
480 2227 563 2280 ἐπὶ
599 2235 692 2290 τῆς
717 2228 923 2289 εἰκόνως
977 2230 1224 2299 [σχετικὴ
1288 2228 1684 2303 προσκύνησις],
1720 2229 1779 2281 ἂν
1818 2250 1898 2282 νο-

296 2326 403 2371 οῖτο
435 2322 523 2370 καὶ
561 2318 762 2390 λέγοιτο
795 2339 808 2352 ι
849 2316 924 2370 ἐπ’
952 2318 1113 2370 αὐτοῦ
1144 2316 1204 2372 δὲ
1255 2326 1493 2393 Χριστοῦ
1538 2318 1848 2392 λατρευτικὴ
1881 2337 1894 2350 ·

299 2409 367 2469 ὡς
420 2412 877 2478 συνεπινοουμένου
923 2426 975 2459 τε
1030 2413 1119 2461 καὶ
1178 2412 1742 2481 συμπροσκυνουμένου
1810 2415 1897 2461 τοῦ

299 2516 352 2549 τε
378 2500 579 2570 Πατρός
603 2501 693 2549 καὶ
723 2505 814 2550 τοῦ
846 2499 1157 2569 Πνεύματος.

302 2599 442 2677 [lg-3
491 2633 553 2642 -—
604 2603 953 2661 Ἐπιστολὴ
1004 2606 1067 2655 ἑκ
1106 2608 1452 2677 προσώπου
1493 2610 1744 2656 πάντων
1783 2611 1899 2655 τῶν

372 2685 741 2755 ἡγουμένων
782 2687 935 2759 πρὸς
976 2684 1250 2756 Μιχαὴλ
1291 2682 1583 2757 βασιλέα.
1626 2683 1829 2758 [φμη’.]

1997 537 2056 593 in
2077 538 2337 611 imagine
2369 554 2506 595 vero
2530 538 2745 594 eadem
2771 537 3015 610 quidem
3030 541 3144 593 est:
3161 536 3470 609 quomodo
3483 532 3646 590 enim

1997 642 2117 682 non
2140 629 2350 684 eadem
2374 629 2403 680 ‘2
2429 645 2569 685 nam
2590 643 2851 700 quorum
2873 626 3190 698 imperiunm
3218 633 3272 681 et
3293 625 3482 694 gloria
3502 639 3645 689 una,

1998 715 2211 771 horum
2245 717 2445 790 utique
2471 721 2529 772 et
2555 716 2749 773 cultus
2786 722 3025 777 unus.et
3048 731 3167 771 una
3195 713 3465 770 adoratio
3506 716 3595 767 est
3626 725 3645 766 :

1999 808 2062 859 at
2110 805 2354 861 relativa
2410 814 2633 871 tamen,
2685 805 2806 860 sive
2868 804 3319 875 homonymica.
3376 801 3651 856 Adorans

2000 893 2163 949 enim
2192 893 2408 966 ipsam,
2427 895 2719 950 Christum
2750 909 2870 949 non
2905 892 3249 957 coadoravi,
3272 891 3374 945 sed
3402 888 3647 945 adoravi

2000 998 2121 1038 non
2151 983 2410 1038 divisum
2430 984 2760 1038 secundum
2782 980 3292 1055 hypostasim,sed
3311 979 3653 1050 discrepan-

2001 1077 2121 1128 tem
2147 1072 2373 1128 ratione
2396 1072 2756 1138 substentiae,
2792 1072 2957 1145 quod
2978 1076 3069 1127 est
3091 1069 3360 1128 adoratio
3386 1067 3649 1124 revativa

2002 1160 2107 1215 sed
2136 1160 2977 1233 nonlatreutica;quanquam
2998 1158 3372 1223 eadem;illic
3404 1156 3651 1228 quidem

2005 1249 2089 1304 sic
2120 1249 2408 1305 intellecta
2444 1251 2723 1321 dictaque
2748 1254 3045 1321 quatenus
3098 1247 3367 1304 Triadica
3399 1252 3487 1301 est
3527 1246 3652 1299 sive

2003 1338 2293 1394 naturalis
2325 1357 2337 1394 :
2367 1339 2462 1395 hic
2492 1355 2632 1395 vero
2672 1339 2799 1395 vice
2836 1354 3026 1406 versa,
3058 1342 3358 1411 quatenus
3394 1333 3646 1390 relativa

2003 1431 2091 1481 est
2130 1427 2251 1483 sive
2292 1428 2692 1499 hypostatica.
2723 1431 2869 1484 Nam
2912 1428 2958 1482 si
3005 1427 3189 1483 lati-im
3238 1424 3654 1481 adorationem

2004 1516 2240 1582 dixeris,
2276 1518 2549 1572 indicasti
2579 1533 2819 1573 carnem
2853 1517 3098 1582 factum,
3129 1515 3283 1571 sicut
3316 1513 3552 1577 Filium,
3578 1511 3660 1568 ita

2003 1610 2059 1661 et
2089 1608 2320 1662 Patrem
2350 1612 2405 1662 et
2436 1606 2711 1678 Spiritum
2749 1628 2759 1665 :
2795 1605 2957 1679 quod
2980 1610 3065 1661 est
3094 1603 3658 1674 absurdum.ltaque

2003 1710 2141 1749 cum
2187 1695 2512 1765 imaginem
2568 1695 2780 1751 Christi
2829 1696 3037 1758 adoro,
3096 1708 3215 1748 non
3277 1691 3655 1747 divinitatem

541 1790 696 1835 τοῦτο
750 1785 850 1857 γὰρ
892 1790 983 1843 τῆς
1011 1779 1240 1855 Τριάδος
1292 1788 1613 1855 σημαντικόν
1647 1804 1660 1817 °
1698 1788 1787 1836 καὶ
1835 1784 1893 1836 ού

2008 1783 2213 1850 adoro,
2249 1790 2309 1840 ut
2339 1785 2586 1858 quidam
2613 1786 2779 1841 aiunt
2809 1802 2822 1840 :
2853 1800 2996 1841 nam
3016 1784 3075 1838 id
3105 1782 3446 1839 Trinitatem
3475 1779 3657 1848 signi-

2004 1872 2141 1928 ﬁcat
2176 1890 2188 1928 :
2222 1888 2342 1928 non
2371 1878 2459 1930 est
2488 1878 2687 1930 autem
2727 1874 2979 1929 Trinitas
3034 1888 3173 1928 caro
3232 1870 3405 1934 facta,
3436 1868 3591 1924 absit
3635 1866 3652 1924 l

2005 1961 2159 2027 Quid
2190 1976 2332 2032 ergo
2361 1962 2389 2018 Ὗ
2416 1963 2619 2034 ipsum
2652 1963 2949 2019 Christum
3000 1961 3261 2017 relative.
3293 1959 3464 2015 Solus
3494 1956 3655 2012 enim

2004 2051 2130 2122 ipse
2160 2068 2299 2107 caro
2331 2051 2521 2108 factus
2555 2058 2640 2107 est
2662 2052 3117 2124 DeusVerbum.
3152 2052 3296 2107 Cum
3318 2063 3458 2104 vero
3490 2044 3655 2102 Chri-

2006 2146 2164 2197 stum
2188 2142 2387 2212 ipsum
2419 2141 2628 2209 adoro,
2661 2141 2837 2197 simul
2862 2147 2917 2196 et
2939 2141 3173 2197 Patrem
3191 2138 3410 2195 scilicet
3438 2135 3657 2192 coado-

2005 2230 2151 2297 ravi,
2180 2234 2236 2284 et
2258 2231 2553 2301 Spiritum.
2570 2230 2975 2299 Quamobrem
2998 2228 3397 2299 inimaginem
3412 2225 3658 2283 relativa

2006 2318 2276 2374 adoratio
2307 2324 2461 2375 recte
2512 2320 2874 2389 intelligatur
2911 2329 2968 2375 et
3006 2319 3257 2384 dicatur,
3315 2316 3377 2371 in
3428 2315 3656 2370 Christo

2008 2413 2205 2463 autem
2228 2408 2359 2479 ipso
2389 2408 2573 2464 latriae
2606 2426 2617 2465 :
2647 2410 2933 2481 quoniam
2957 2412 3096 2463 tunc
3136 2402 3659 2462 simulsubintelli-

2006 2495 2164 2568 gitur
2192 2501 2371 2568 atque
2411 2497 2697 2553 adoratur
2718 2502 2774 2552 et
2799 2500 2966 2554 Pater
2989 2503 3044 2551 et
3072 2496 3344 2568 Spiritus.

2007 2604 2274 2659 LXXXVI.
2308 2636 2375 2646 —
2400 2605 2681 2674 Epistola
2721 2621 2795 2662 ex
2821 2619 3077 2674 persona
3116 2603 3378 2659 omnium
3418 2615 3650 2671 praepo-

2210 2685 2459 2741 sitorum
2491 2687 2571 2742 ad
2599 2686 2950 2743 Michaelem
2978 2685 3418 2755 imperatorem.

298 2780 533 2830 Vinculis
568 2784 620 2831 et
653 2782 840 2832 exsilio
866 2781 1073 2831 liberati
1096 2783 1295 2845 gratias
1322 2782 1701 2847 agunt.‘Orant
1739 2786 1796 2847 ut
1848 2782 2026 2846 ipsum
2057 2782 2257 2847 alloqui
2285 2784 2466 2833 liceat.
2503 2784 2636 2834 Cum
2698 2784 2959 2833 haareticis
2988 2796 3115 2832 vero
3164 2781 3397 2845 colloqui
3436 2779 3658 2829 minime

1516 2844 1692 2895 licere.
1721 2844 1935 2907 (Baron.
1973 2858 2060 2895 an.
2093 2844 2202 2901 82f,
2229 2860 2289 2895 n.
2330 2848 2432 2909 36.)

369 2931 543 3007 Ἡμεῖς
597 2935 645 2985 οἱ
696 2932 781 2985 ἐπὶ
829 2936 886 2985 1'6
941 2933 1068 2985 αὐτὸ
1124 2933 1517 2994 συνεληλυθότες
1554 2936 1690 2987 κατὰ
1727 2933 1895 2986 κελευο

2074 2936 2194 2989 Nos
2233 2935 2335 3007 qui
2401 2936 2581 2991 vestri
2614 2952 2651 2992 a
2710 2936 2830 2992 Deo
2860 2934 3129 2991 coronati
3204 2932 3439 3004 imperii
3486 2932 3660 3002 jussu

303 3040 384 3074 σιν
428 3023 706 3074 θεοσέπτου
758 3023 899 3093 ὑμῶν
951 3020 1245 3094 βασιλείας,
1297 3021 1574 3093 ἐλάχιστοι
1624 3022 1898 3074 ἐπίσκοποί

301 3130 355 3163 τε
402 3115 492 3163 καὶ
536 3114 835 3183 ἡγούμενοι,
896 3116 1105 3184 πρωτην
1145 3115 1314 3182 φωνὴν
1345 3113 1540 3169 ταύτην
1571 3112 1898 3183 φθεγγόμεθα

299 3198 383 3251 ἐπὶ
420 3207 510 3251 τοῦ
566 3200 946 3271 θεοπροϐλὴτου
997 3201 1139 3271 ὑμῶν
1183 3201 1425 3271 κράτους,
1483 3199 1896 3272 εύχαριστήριόν

298 3307 353 3341 τε
407 3294 497 3341 καὶ
546 3289 872 3361 αἰνετηριον·
926 3290 1008 3339 ὅτι
1064 3286 1411 3359 ἀνεκλήθημεν
1473 3290 1524 3340 οἱ
1576 3288 1894 3359 ἆπωσμένοι,

298 3378 377 3429 ὃτι
425 3378 710 3448 ἠλεήθημεν
765 3380 814 3429 οἱ
860 3376 1392 3452 τεταλαιπωρημένοι,
1444 3377 1524 3429 ὅτι
1574 3375 1896 3448 ἀναψύξαμεν

299 3469 349 3520 οἱ
398 3466 741 3526 ἐκλελοιπότες
770 3483 784 3496 ⁸
828 3463 928 3517 ἀπό
986 3474 1244 3537 χειμῶνος
1293 3465 1360 3525 εἰς
1409 3468 1518 3538 ἔαρ,
1576 3463 1676 3517 ἀπὸ
1734 3465 1898 3525 ζάλης

299 3554 374 3616 εἰς
418 3554 669 3626 γαλήνην,
727 3554 827 3606 ἀπὸ
872 3556 1101 3625 ἀθυμίας
1152 3554 1225 3615 εἰς
1279 3555 1529 3625 εὐθυμίαν
1563 3570 1575 3582 ⁶
1618 3552 1733 3615 ξένα
1781 3554 1899 3605 τινὰ

298 3648 389 3695 καὶ
463 3640 741 3715 παράδοξα
795 3643 1096 3717 ἑωρακότες.
1160 3642 1394 3701 Τοιαύτη
1458 3645 1559 3714 γὰρ
1613 3644 1643 3700 ἡ
1713 3638 1900 3694 δικαία

299 3734 441 3805 ὑμῶν
486 3730 731 3806 βασιλεία
773 3738 1133 3807 χαρμόσυνος,
1182 3731 1519 3804 εύφρόσυνος,
1565 3731 1896 3799 πολύευκτος,

298 3822 635 3896 εἰρηναρχος,
700 3818 1043 3893 φιλοδίκαιος,
1108 3820 1326 3882 πολλαῖς
1392 3820 1591 3895 ἑτέραις
1639 3840 1900 3893 προσηγο-

300 3915 442 3987 ρίαις
502 3909 791 3982 ἀξιῶνυμος
842 3928 853 3939 ·
912 3914 1136 3982 μιμήσει
1191 3916 1425 3983 Χριστοῦ
1487 3917 1579 3961 τοῦ
1654 3908 1898 3967 ἀληθινοῦ

303 4007 437 4054 Θεοῦ
468 4001 634 4071 ἡμῶν,
666 4002 732 4051 τά
773 3995 1033 4051 διεστῶτα
1075 4000 1438 4064 συνάπτουσα,
1468 4001 1536 4051 τὰ
1588 4002 1902 4056 νενοσηκότα

1524 4086 1776 4159 ἐξαίρετός
1822 4107 1901 4148 τις

303 4174 438 4230 οὖσα
478 4176 742 4251 βασιλεία,
792 4182 881 4229 καὶ
928 4186 1028 4228 τῶν
1067 4176 1229 4229 πάλαι
1281 4176 1713 4250 μακαριζομένων
1755 4175 1900 4250 ἰσόρ-

301 4088 619 4161 ὑγιάζουσα,
681 4089 746 4140 τά
782 4088 991 4164 λυπηρά
1033 4094 1409 4160 χαροποιοῦσα
1456 4105 1469 4117 ·

2005 3022 2065 3078 in
2097 3038 2284 3078 unum
2299 3026 2718 3092 convenimus,
2738 3020 3659 3094 minimiepiscopietpraapositi,

2005 3112 2264 3184 primam
2295 3113 2452 3169 hanc
2483 3129 2693 3169 vocem
2726 3114 2839 3169 sub
2877 3112 3167 3168 divinitus
3222 3110 3543 3167 constituto
3565 3125 3657 3165 re-

2006 3217 2126 3270 gno
2153 3206 2347 3256 vestro
2377 3201 2634 3265 edimus,
2678 3202 2929 3258 actionis
2975 3201 3304 3271 gratiarum
3331 3204 3385 3255 et
3411 3198 3607 3254 laudis
3641 3220 3654 3252 :

2006 3289 2170 3361 quod
2200 3291 2460 3346 revocati
2492 3289 2703 3361 simus,
2736 3290 2842 3361 qui
2885 3289 3191 3345 fueramus
3241 3288 3405 3358 ejecti
3438 3303 3454 3353 ;
3494 3286 3662 3359 quod

2007 3378 2480 3434 misericordiam
2510 3379 2756 3449 experti,
2784 3378 2889 3450 qui
2910 3376 3196 3434 aerumnis
3230 3374 3421 3448 pressi
3455 3392 3469 3442 ;
3498 3374 3664 3446 quod

2007 3466 2320 3523 refocillati
2352 3467 2667 3529 fuerimus,
2696 3469 2800 3536 qui
2839 3465 3270 3523 deﬁciebamus
3302 3481 3316 3531 ;
3350 3464 3428 3520 ab
3465 3463 3664 3520 hieme

2009 3555 2085 3612 ad
2113 3572 2230 3621 ver,
2264 3573 2299 3612 a
2324 3561 2674 3627 tempestate
2701 3556 2778 3613 ad
2810 3554 3316 3626 tranquillitatem,
3342 3570 3378 3610 a
3410 3566 3664 3609 maerore

2010 3645 2085 3701 ad
2116 3645 2402 3711 laetitiam,
2433 3661 2590 3702 nova
2623 3645 2905 3716 quaedam
2938 3649 2994 3701 et
3020 3642 3388 3700 incredibilia
3412 3655 3665 3698 cernen-

2010 3739 2115 3790 tes.
2148 3734 2281 3790 Tale
2310 3735 2469 3790 enim
2504 3738 2830 3805 estjustum
2858 3732 3181 3805 imperium
3212 3737 3480 3788 vestrum
3512 3746 3528 3797 ;
3558 3729 3665 3786 la;-

2010 3828 2160 3889 tum,
2203 3823 2564 3895 jucundum,
2620 3822 2791 3879 valde
2833 3821 3119 3894 optabile,
3166 3826 3472 3892 pacatum,
3504 3817 3663 3890 aequi

2010 3928 2245 3980 amans,
2275 3912 2475 3967 multis
2505 3912 2636 3967 aliis
2669 3910 3173 3983 appellationibus
3194 3906 3665 3979 dignumzquod

2012 4000 2089 4056 ad
2110 4000 2321 4056 Christi
2366 4000 2484 4055 veri
2526 4001 2626 4055 Dei
2683 4000 2869 4056 nostri
2910 3998 3277 4070 exemplum,
3316 3995 3666 4051 dissidentia

2010 4094 2270 4160 coaptat,
2306 4105 2467 4161 ﬂagra
2505 4093 2697 4154 sanat,
2766 4088 2955 4143 tristia
3003 4086 3310 4142 exhilarat.
3362 4084 3661 4141 Eximium

2010 4177 2319 4251 quoddam
2347 4194 2552 4233 revera
2580 4177 2917 4249 imperium,
2942 4180 2996 4233 et
3026 4176 3097 4231 iis
3119 4191 3257 4247 quas
3278 4175 3453 4231 beata
3472 4188 3662 4246 quon-

302 4268 463 4342 ῥοπος
496 4288 509 4300 ο
558 4268 620 4327 ἣν
670 4264 1040 4338 ἀποσεμνύνειν
1089 4273 1195 4326 τοῖς
1234 4264 1513 4337 ἐγκωμίοις
1566 4264 1659 4317 οὐκ
1711 4264 1771 4316 ἂν
1822 4264 1898 4316 εύ-

2010 4269 2150 4323 dam
2184 4267 2505 4338 praedicata
2528 4266 2783 4332 fuerunt,
2816 4281 2926 4338 par
2959 4283 2971 4322 :
3004 4265 3167 4338 quod
3191 4264 3473 4321 laudibus
3498 4277 3664 4319 exor-

304 4364 481 4428 μαρῶς
534 4357 755 4426 γλῶσσα
815 4354 1088 4427 ἀνθρώπου
1142 4354 1477 4429 ἐξαρκέσειεν.
1528 4353 1663 4407 Ἀλλ’
1716 4350 1898 4412 ἕπειδὴ

304 4452 469 4497 ταῦτα
523 4446 708 4512 οὕτως,
784 4443 1184 4517 παρακαλοῦμεν
1245 4448 1335 4495 καὶ
1411 4442 1774 4515 ἀντιϐολοῦμεν
1854 4443 1904 4494 οἱ

308 4531 527 4599 ἀνάξιοι,
571 4540 660 4586 καὶ
713 4533 876 4595 αὐτῆς
919 4541 1011 4593 τῆς
1058 4535 1197 4604 ἱερᾶς
1235 4533 1376 4603 ὑμῶν
1429 4534 1546 4594 θέας
1592 4532 1900 4597 ἀξιωθῆναι,

307 4625 396 4673 καὶ
427 4629 594 4693 φωνῆς
645 4620 874 4683 ἡδίστης
922 4621 1148 4674 ἀκοῦσαι
1180 4629 1269 4674 τοῦ
1298 4626 1556 4692 παντίμου
1600 4625 1691 4673 καὶ
1724 4623 1903 4673 θεοσό-

309 4730 403 4783 φου
459 4715 718 4783 στόματος
773 4713 914 4784 ὑμῶν
947 4728 959 4740 ·
1017 4714 1083 4773 ὡς
1125 4709 1186 4762 ἂν
1239 4710 1367 4786 οἷπερ
1431 4710 1560 4763 ὠσὶν
1630 4708 1902 4782 ἀκούομεν,

306 4807 475 4851 ταῦτα
524 4800 637 4851 κατ’
692 4800 984 4873 ὀφθαλμοὺς
1046 4802 1353 4872 θεασάμενοι
1406 4804 1776 4873 σκιρτήσοιμεν
1832 4806 1906 4869 τῷ

307 4891 563 4959 πνεύματι
594 4906 607 4918 '
659 4890 830 4961 ὥσπερ
868 4909 918 4942 τι
960 4885 1162 4960 ἔνδυμα
1202 4891 1440 4941 πενθικόν
1492 4892 1585 4945 τὴν
1624 4893 1906 4959 κατήφειαν

308 4973 833 5052 μετενδιδυσκόμενοι
892 4978 1212 5053 εὐφροσύνης
1267 4977 1637 5049 ἀγαλλιάματι.
1690 4973 1904 5036 Ἐπειδή

310 5065 370 5120 δὲ
395 5068 421 5118 ό
453 5062 692 5137 δεύτερος
730 5067 879 5138 λόγος
916 5072 1029 5140 περὶ
1071 5075 1165 5128 τῆς
1204 5066 1510 5138 εἰλικρινοῦς
1538 5085 1592 5119 τε
1643 5071 1731 5118 καὶ
1766 5065 1905 5137 ἀμω-

310 5162 479 5229 μήτου
529 5157 675 5227 ἡμῶν
730 5164 828 5208 τῶν
884 5162 1210 5229 Χριστιανων
1267 5156 1379 5208 ἔστι
1427 5160 1687 5217 πίστεως·
1749 5155 1908 5207 έκεῖνο

310 5248 438 5319 μετὰ
488 5241 675 5306 αἰδοῦς
718 5245 981 5318 τολμῶμεν
1031 5245 1315 5317 ἀνενέγκαι,
1367 5248 1436 5308 ὡς
1474 5244 1517 5296 εἰ
1574 5247 1661 5315 μὲν
1716 5242 1911 5316 ἀνθρώ-

309 5354 455 5387 πινον
507 5353 559 5386 τι
602 5330 663 5392 ἧν
715 5338 772 5386 τὸ
811 5334 1101 5407 λεγόμενον,
1134 5339 1223 5386 καὶ
1274 5334 1302 5392 ἦ
1333 5337 1462 5405 πρὸς
1492 5340 1583 5384 τοῦ
1614 5332 1909 5403 ἀγιωτάτου

311 5426 456 5495 ἡμῶν
512 5422 817 5498 ἀρχιερέως,
879 5424 908 5482 ἦ
966 5422 1088 5495 παρ’
1141 5424 1286 5493 ἡμῶν
1334 5430 1433 5473 τῶν
1490 5420 1711 5483 ἀναξίων
1764 5420 1912 5483 ἕξου-

314 5513 619 5585 σιαζόμενον
657 5528 670 5543 ’
703 5512 817 5564 ούτί
853 5531 952 5563 που
982 5515 1038 5564 τό
1069 5516 1273 5584 μικρὸν,
1317 5510 1444 5562 ἀλλά
1471 5513 1571 5584 γάρ
1603 5515 1692 5562 καὶ
1722 5513 1779 5562 τὸ
1813 5517 1912 5563 πᾶν

314 5608 653 5677 παραχωρεῖν
710 5596 857 5657 ἔδει⁸
923 5599 1058 5655 οὕτω
1133 5608 1224 5660 τῆς
1313 5598 1518 5660 ἐντολῆς
1581 5597 1933 5662 κελευούσης..

2012 4372 2157 4411 nare
2195 4355 2458 4411 hominis
2486 4354 2692 4424 lingua
2716 4354 2877 4412 haud
2902 4346 3075 4411 facile
3101 4355 3306 4426 possit.
3330 4352 3442 4410 Sed
3467 4367 3669 4425 quan-

2012 4444 2339 4517 doquidem
2371 4445 2494 4500 haec
2517 4445 2598 4501 ita
2615 4460 2676 4499 se
2700 4444 2937 4515 habent,
2957 4459 3204 4500 oramus
3223 4442 3662 4498 etobtestamur

2013 4533 2261 4603 indigni,
2293 4538 2354 4589 ut
2391 4550 2560 4590 sacro
2583 4533 2715 4604 ipso
2751 4537 3077 4603 conspectu
3126 4535 3320 4588 vestro
3343 4530 3456 4587 frui
3487 4530 3664 4587 nobis

2013 4622 2206 4687 liceat,
2240 4627 2297 4678 et
2318 4622 2742 4679 suavissimam
2773 4638 2980 4678 vocem
3020 4621 3227 4678 audire
3251 4620 3573 4676 venerandi
3591 4633 3662 4675 ac

2016 4711 2441 4783 sapientissimi
2472 4713 2591 4767 oris
2620 4712 2792 4767 vestri
2836 4730 2847 4769 :
2893 4716 2955 4767 ut
2982 4727 3119 4784 quas
3159 4710 3404 4766 auribus
3430 4710 3660 4780 accepi-

2018 4816 2175 4864 mus,
2204 4800 2392 4855 oculis
2426 4800 2722 4856 intuentes
2748 4800 2951 4856 animo
2974 4798 3360 4865 exsultemus,
3392 4797 3667 4870 quasilu-

2018 4890 2269 4958 gubrem
2297 4888 2631 4960 quamdam
2646 4893 2869 4945 vestem
2889 4904 3206 4945 maerorem
3233 4892 3506 4943 nostrum
3519 4886 3668 4943 hila-

2017 4978 2185 5033 ritate
2212 4982 2641 5049 permutantes.
2677 4980 2742 5034 Et
2769 4978 3058 5051 quoniam
3090 4978 3341 5033 alterum
3370 4976 3551 5032 nobis
3581 4976 3672 5032 lo-

2017 5066 2242 5140 quendi
2265 5071 2688 5137 argumentum
2720 5067 2794 5122 de
2828 5067 3060 5122 sincera
3085 5071 3142 5122 et
3192 5066 3470 5122 inviolata
3513 5065 3675 5121 Chri-

2020 5156 2351 5212 stianorum
2378 5156 2495 5212 ﬁde
2523 5159 2725 5212 nostra
2749 5161 2837 5211 est
2860 5172 2874 5222 ;
2903 5155 3049 5211 illud
3069 5171 3207 5211 cum
3236 5154 3568 5210 reverentia
3585 5170 3673 5210 re-

2022 5243 2168 5299 ferre
2199 5245 2513 5315 audemus,
2535 5246 2697 5318 quod
2732 5245 2779 5300 si
2808 5244 3146 5300 humanum
3176 5244 3487 5315 quidpiam
3522 5248 3677 5300 esset

2021 5332 2094 5388 de
2133 5333 2300 5405 quod
2330 5350 2529 5390 sermo
2554 5338 2723 5389 est.et
2745 5332 2833 5389 vel
2864 5333 2923 5388 in
2937 5332 3294 5389 sanctissimi
3315 5331 3672 5403 patriarcha

2025 5423 2210 5477 nostri
2240 5427 2529 5493 potestate
2557 5422 2754 5485 situm,
2790 5421 2883 5477 vel
2934 5422 2993 5476 in
3038 5427 3240 5478 nostra
3271 5438 3286 5488 ;
3319 5436 3440 5475 non
3473 5420 3669 5478 solum

2022 5526 2237 5583 parum
2269 5510 2517 5582 aliquld,
2543 5510 2647 5565 sed
2682 5513 2869 5565 totum
2894 5509 3095 5582 ipsum
3119 5509 3326 5566 cedere
3357 5513 3678 5582 oporteret,

2024 5598 2105 5655 ita
2128 5598 2374 5670 iubente
2427 5598 2735 5657 mandato.
2769 5599 2916 5656 Cum
2963 5602 3163 5657 autem
3207 5597 3281 5654 de
3323 5598 3442 5655 Deo
3472 5613 3673 5658 sermo
