4062 6280
442 259 575 318 1331

1703 258 1764 317 S.
1803 255 2166 316 THEODORI
2205 253 2532 314 STUDITIE

3659 256 3804 317 1332

441 385 536 452 sit,
569 389 624 442 et
646 385 708 442 in
739 384 924 441 Deum
951 384 1044 440 cui
1062 384 1554 441 serviuntomnia
1595 401 1608 441 :
1637 400 1760 440 non
1792 383 1974 441 modo
1993 383 2091 439 hic

2207 382 2347 434 Ἐπεὶ
2398 377 2456 434 δὲ
2503 385 2620 457 περὶ
2661 389 2794 446 Θεοῦ
2848 387 2937 436 καὶ
2984 381 3054 446 εἰς
3096 383 3224 436 Θεὸν
3261 382 3287 434 ὁ
3319 385 3505 454 Λόγος,
3546 382 3606 436 οὖ
3635 380 3804 437 δοῦλα

440 467 544 530 aut
573 474 688 540 ille,
720 474 826 530 sed
865 490 1058 546 neque
1113 475 1160 529 si
1221 478 1423 529 Petrus
1455 483 1509 530 et
1554 475 1788 540 Paulus,
1829 487 2023 544 neque
2049 470 2096 526 si

440 564 793 634 angelorum
840 563 1144 636 quispiam
1194 563 1360 628 foret,
1417 564 1728 619 demutare
1781 563 2094 636 quidpiam

440 653 533 721 vel
557 653 873 709 minimum
913 652 1176 717 auderet,
1208 657 1499 724 tanquam
1531 669 1741 708 everso
1766 669 1835 707 ea
1869 651 2095 706 ratione

443 743 759 813 Evangelio
787 743 1234 798 universo.Jam
1257 758 1397 796 vero
1423 739 2095 806 sermonem,refellendi

443 847 793 897 causa,cum
807 831 1186 887 heterodoxis
1205 831 1473 886 conferre
1500 831 1831 901 apostolico
1851 828 2095 885 manda-

445 926 502 976 to
528 928 822 992 repugnat
844 923 886 956 ⁸⁷
919 938 930 976 :
965 921 1328 991 minimeque
1354 921 1629 974 convenit
1688 920 1796 974 nisi
1851 919 1927 974 ad
1969 934 2093 973 cor-

444 1011 774 1081 reptionem
807 1010 1248 1065 tantummodo.
1273 1009 1594 1080 Propterea
1622 1008 1850 1076 indigni
1881 1023 1992 1063 nos
2018 1007 2092 1078 pii

441 1099 675 1170 imperii
709 1099 879 1154 vestri
902 1098 1109 1154 famuli
1137 1115 1210 1153 ne
1248 1099 1480 1153 hiscere
1504 1098 1751 1168 quidem
1781 1097 2094 1151 audemus.

445 1189 611 1253 Quod
642 1190 689 1242 si
721 1188 866 1260 quid
898 1194 985 1244 est
1006 1187 1530 1258 ejusmodidequo
1546 1186 1814 1256 ambigat
1837 1185 2098 1240 autdifﬁ-

444 1277 548 1332 dat
575 1277 774 1332 divina
813 1277 1259 1347 magniﬁcentia
1289 1282 1482 1332 vestra
1531 1278 1625 1346 pie
1674 1291 1704 1330 e
1758 1275 2099 1345 patriarcha

444 1365 684 1423 dissolvi
717 1383 892 1439 posse
923 1385 936 1435 ;
959 1366 1170 1436 jubeat
1196 1381 1417 1434 magna
1446 1365 1636 1437 ipsius
1665 1371 1721 1420 et
1756 1381 1791 1419 a
1825 1367 1939 1419 Deo
1967 1379 2100 1418 con-

446 1453 680 1511 ﬁrmata
749 1471 987 1521 manus,
1030 1454 1190 1510 velut
1244 1454 1584 1509 divinorum
1637 1453 1974 1508 aemulatrix
2021 1452 2096 1508 ad

445 1560 831 1600 communem
850 1544 1178 1607 utilitatem,
1205 1549 1412 1598 aveter
1430 1546 1617 1598 Roma
1630 1542 1895 1614 suscipiti
1912 1541 2100 1596 decla‘

445 1633 760 1699 rationem,
779 1639 956 1703 prout
981 1632 1123 1689 olim
1149 1638 1204 1688 et
1224 1632 1301 1686 ab
1325 1631 1489 1687 initio
1512 1637 1763 1702 paterna
1789 1630 2100 1686 traditione

2205 473 2270 521 τὰ
2301 473 2579 542 σύμπαντα
2607 493 2618 504 ·
2661 473 2766 544 οὐχ
2803 473 2829 526 ὁ
2861 469 3015 525 τίσδε
3054 473 3083 531 ᾖ
3118 469 3270 525 τίσδε
3307 492 3319 504 '
3349 471 3455 524 ἀλλ’
3489 470 3602 525 οὐδ’
3635 472 3678 526 εἰ
3708 477 3803 526 Πέ-

2203 578 2321 630 τρος
2368 565 2457 612 καὶ
2493 559 2714 626 Παῦλος,
2757 558 2873 613 οὐδ’
2914 562 2974 613 ἄν
3018 581 3100 622 τις
3140 570 3238 614 τῶν
3293 559 3520 632 ἀγγέλων
3553 564 3653 627 εἰη,
3685 561 3800 615 τολ-

2202 653 2388 720 μήσιεν
2440 647 2498 699 ἀν
2539 647 2631 700 κᾶν
2678 653 2734 701 τό
2770 647 3108 723 βραχύτατον
3149 649 3511 722 παρακινῆσαι
3539 667 3552 679 °
3595 653 3664 712 ὡς
3709 647 3802 702 διὰ

2200 740 2387 792 τούτου
2435 745 2526 790 τοῦ
2583 758 2771 800 παντός
2828 739 3139 810 Εὐαγγελίου
3185 737 3612 810 ἀνατρεπομένου.
3666 744 3803 812 Πρός

2201 847 2256 879 τε
2298 829 2355 878 τὸ
2398 833 2627 901 συυᾶραι
2656 827 2806 899 λόγον
2857 827 3216 902 ἀντιρρητικὸν
3270 831 3399 898 μετά
3441 837 3539 880 τῶν
3572 826 3803 904 ἑτεροδό-

2203 915 2300 978 ξων
2361 918 2762 986 ἐναντιούμενον,
2836 925 2896 988 τῇ
2985 915 3300 989 ἀποστολικῇ
3360 917 3685 992 παραγγελία
3742 917 3800 970 οὐ

2202 1006 2431 1062 καθῆκον
2462 1021 2475 1033 ·
2527 1004 2571 1056 εἰ
2612 1010 2682 1076 μὴ
2740 1025 2791 1057 τι
2829 1009 2958 1080 πρὸς
3011 1008 3281 1059 νουθεσίαν
3329 1010 3504 1078 μόνον.
3565 1011 3664 1060 Καὶ
3708 1003 3804 1060 διὰ

2203 1100 2356 1146 τοῦτο
2387 1096 2435 1145 οἱ
2483 1092 2685 1157 ἀνάξιοι
2729 1091 2907 1147 δοῦλοι
2960 1103 3052 1148 τοῦ
3098 1095 3338 1158 εὐσεϐοῦς
3379 1099 3521 1166 ῦμῶν
3561 1099 3801 1170 κράτους,

2204 1187 2293 1232 καὶ
2341 1182 2532 1255 γρύξαι
2576 1187 2729 1254 μόνον
2769 1182 2827 1235 ού
2872 1184 3300 1256 κατατολμῶμευ.
3355 1184 3415 1236 Εἰ
3445 1180 3505 1236 δέ
3552 1204 3602 1237 τι
3645 1187 3800 1256 ἀμφι·

2205 1269 2510 1342 ϐαλλόμενον
2588 1272 2617 1330 ἦ
2676 1270 3048 1344 ἀπιστούμενον
3101 1280 3163 1345 τῇ
3228 1275 3340 1345 θείᾳ
3391 1274 3531 1345 ὑμῶν
3589 1272 3807 1345 μεγαλο-

2203 1364 2317 1430 νοίᾳ
2396 1356 2707 1412 διαλύεσθαι
2763 1361 2862 1412 ὑπό
2936 1369 3027 1413 τοῦ
3096 1360 3382 1434 ἀρχιερέως
3441 1360 3660 1422 εὐσεϐῶς
3699 1378 3711 1390 ·
3770 1363 3800 1419 ἡ

2205 1447 2400 1520 μεγάλη
2473 1453 2562 1500 καὶ
2628 1451 2992 1524 θεοστήρικτος
3046 1454 3210 1513 αὐτῆς
3275 1455 3421 1524 χεὶρ,
3467 1452 3535 1512 ὡς
3587 1450 3808 1511 ζηλοτυ-

2205 1545 2382 1590 ποῦσα
2429 1540 2494 1588 τά
2543 1540 2654 1590 θεῖα
2701 1537 2776 1590 ἐπ’
2837 1539 3048 1611 ὠφελείᾳ
3112 1548 3203 1592 τοῦ
3252 1543 3463 1606 παντὸς,
3512 1539 3807 1592 κελευσάτω

2206 1628 2350 1699 παρὰ
2386 1635 2481 1688 τῆς
2519 1627 2868 1702 πρεσϐυτέρας
2917 1628 3112 1701 Ῥώμης
3162 1626 3418 1692 δέξασθαι
3467 1633 3561 1688 τὴν
3615 1626 3810 1683 διασεί-

448 1722 840 1779 transmissus
874 1738 1006 1778 mos
1047 1721 1175 1776 fuit.
1219 1721 1354 1776 Haec
1405 1721 1587 1786 enim,
1643 1718 1848 1775 Christi
1885 1717 2099 1774 aemula

2209 1735 2388 1788 φησιν,
2427 1718 2494 1776 ὡς
2541 1717 2731 1768 ἄνωθέν
2777 1737 2828 1770 τε
2872 1722 2958 1770 καὶ
3009 1717 3061 1781 ἐξ
3115 1717 3291 1792 ἀρχῆς
3322 1716 3809 1792 πατροπαραδότως

445 1811 788 1882 imperator,
833 1826 1116 1884 suprema
1161 1815 1252 1865 est
1281 1807 1680 1865 Ecclesiarum
1729 1808 1848 1874 Dei,
1878 1808 1938 1862 in
1977 1822 2100 1879 qua

444 1899 645 1954 Petrus
675 1900 878 1955 sedem
910 1900 1141 1972 primus
1165 1899 1376 1961 tonuit,
1403 1897 1480 1954 ad
1503 1913 1682 1970 quem
1699 1896 1990 1952 Dominus
2006 1894 2097 1950 di-

444 1987 556 2044 xit:
586 1989 670 2043 Tu
682 2004 739 2044 es
752 1989 965 2044 Petrus
979 1994 1032 2044 et
1044 1986 1400 2058 superghanc
1409 1991 1645 2057 petram
1660 1985 1896 2053 aedi/ida
1905 1986 1970 2040 bo
1984 1985 2098 2039 Ec-

445 2077 679 2134 clesiam
730 2083 1001 2143 meam,et
1046 2084 1234 2146 portas
1280 2077 1466 2146 inferi
1511 2091 1631 2131 non
1682 2075 2096 2143 praevalebsz

446 2167 731 2222 adversus
763 2183 911 2223 eam.
945 2167 1016 2220 ⁸⁸.
1051 2170 1182 2221 Haec
1214 2171 1300 2221 est
1321 2165 1709 2234 indignorum
1733 2163 2099 2220 famulorum

443 2261 683 2312 tuorum
711 2256 1034 2327 postulatio
1059 2273 1071 2310 :
1093 2257 1221 2312 haec
1251 2261 1459 2311 nostra
1483 2254 1726 2310 humilis
1761 2253 2097 2309 secundum

447 2348 630 2402 Deum
656 2345 1010 2401 exhortatio.
1047 2345 1250 2400 Valida
1284 2358 1396 2414 ego
1430 2345 1528 2399 Dei
1569 2359 1786 2400 manus
1822 2347 2015 2398 servet
2047 2347 2099 2398 te

447 2433 675 2489 mundo
693 2433 1172 2499 desiderabilem,
1189 2434 1477 2505 piumque
1501 2432 1966 2488 Christianorum
1995 2431 2100 2486 im-

447 2528 805 2591 peratorem,
837 2522 914 2578 ad
949 2523 1167 2578 multos
1217 2537 1410 2578 annos
1465 2521 1870 2592 superstitem,
1923 2526 1975 2576 et
2023 2520 2101 2576 ad

444 2610 702 2666 ﬁliorum
729 2610 880 2666 ﬁlios
911 2611 1231 2683 imperium
1267 2611 1762 2666 transmittentem
1785 2626 1922 2665 cum
1963 2626 2098 2681 pro-

448 2699 637 2771 speris
670 2699 1075 2767 successibus,
1104 2699 1497 2772 hostiumque
1524 2706 1579 2756 et
1611 2699 1988 2755 inimicorum
2024 2699 2101 2754 vi-

448 2790 662 2845 ctoriis.
695 2788 834 2854 Fiat,
863 2787 961 2845 ﬁat
989 2789 1002 2844 Ξ

519 2914 817 2970 LXXXVII.
851 2945 920 2955 —
946 2914 1254 3042 Episclogis
1281 2919 1530 3057 p(q¢)3pter
1568 2915 1884 2971 Dominum
1925 2928 2100 2970 exsu-

1141 3001 1160 3041 ι
1203 3001 1268 3041 us
1396 3025 1411 3041 .

1141 3001 1268 3041 lous
1310 3001 1411 3041 l‘ll.

1004 3083 1256 3134 Adoratio
1281 3084 1473 3134 Christi
1520 3085 1771 3148 imaginis
1812 3083 2084 3149 quomodo

519 3173 667 3230 Cum
697 3174 772 3230 de
792 3173 1174 3229 beatitudinis
1197 3178 1406 3229 vestras
1437 3174 1616 3230 rebus
1637 3191 1830 3246 nuper
1854 3190 1966 3244 ego
1996 3173 2102 3228 hu-

447 3263 603 3319 milis
663 3262 1050 3329 audivissem,
1079 3265 1275 3319 Patres
1305 3263 1817 3324 desideratissimi,
1855 3262 2099 3334 gavisus

448 3369 583 3408 sum
605 3367 992 3423 magnopere,
1023 3357 1081 3409 et
1126 3352 1430 3422 optimum
1461 3353 1650 3408 Deum
1682 3357 1956 3409 nostrum
1986 3351 2101 3407 col-

445 3440 692 3498 laudavi
732 3458 746 3496 :
790 3440 957 3512 quod
987 3456 1110 3497 non
1143 3443 1320 3497 etiam
1347 3441 1548 3497 videre
1581 3458 1704 3508 vos,
1748 3457 1856 3496 nec
1896 3440 2099 3510 gratias

449 3530 624 3586 donis
639 3545 773 3600 quas
805 3529 864 3584 in
894 3529 1067 3584 vobis
1096 3533 1237 3585 sunt
1263 3529 1375 3585 frui
1397 3529 1577 3599 licuit,
1603 3529 1957 3601 permoleste
1972 3528 2098 3585 tuli.

445 3619 690 3674 Visurus
723 3617 1018 3690 siquidem
1041 3634 1205 3675 eram
1231 3619 1503 3674 homines
1531 3619 1975 3690 Dei,episcopos
1993 3618 2102 3674 Do-

446 3706 616 3772 mini,
633 3705 840 3762 beatos
855 3706 1256 3771 viros,mundi
1274 3707 1522 3772 lumina,
1538 3707 1675 3772 ﬁdei
1697 3707 2096 3774 ﬁrmamenta,

452 3799 509 3851 et
538 3795 584 3849 si
633 3794 780 3866 quid
806 3793 968 3849 aliud
1019 3795 1251 3850 honesti
1307 3801 1416 3859 est,
1458 3811 1585 3851 rem
1625 3796 1752 3866 ejus
1784 3811 1854 3850 ac
1879 3810 2100 3850 nomen

446 3884 800 3940 obtinentes.
835 3885 877 3940 Ο
891 3887 1193 3954 jacturam
1228 3885 1238 3938 !
1265 3900 1300 3939 ο
1331 3884 1735 3940 calamitatem
1771 3885 1782 3939 l
1812 3886 1924 3941 Sed
1953 3885 2102 3940 mul-

453 3978 510 4030 ta
559 3973 844 4029 nimirum
899 3978 1150 4045 peccata
1207 3979 1413 4030 nostra
1457 3974 1637 4045 hujus
1693 3990 1870 4029 casus
1925 3973 2100 4029 nobis

452 4079 636 4119 causa
665 4062 920 4118 fuerunt.
954 4063 1070 4118 Nec
1097 4065 1224 4133 jam
1252 4063 1544 4119 miramur
1573 4062 2100 4129 infortunium,sed

453 4152 760 4208 offerimus
796 4151 1318 4223 supplicationem.
1347 4151 1498 4217 Quid
1541 4151 1697 4207 istud
1730 4158 1931 4208 autem
1964 4152 1992 4207 ‘?
2034 4154 2102 4207 Ut

454 4241 620 4314 quod
649 4240 855 4307 defuit,
894 4240 1100 4296 litteris
1137 4243 1563 4313 compensetis,
1590 4240 2102 4297 instruentes.illu-

453 4330 770 4396 minantes,
812 4329 1254 4395 conﬁrmantes,
1297 4328 1677 4386 ostendentes
1722 4345 2100 4402 quaecunque

451 4434 592 4474 vera
619 4422 778 4487 sunt,
809 4434 946 4490 quas
975 4418 1246 4484 honesta,
1281 4435 1418 4490 quas
1452 4419 1634 4490 justa,
1665 4434 1804 4490 quas
1853 4419 1926 4474 ad
1959 4419 2100 4473 ﬁdei

2209 1801 2446 1868 ἐξεδόθη.
2501 1804 2640 1862 Αὕτη
2688 1809 2811 1880 γὰρ,
2859 1812 3252 1880 χριστομίμητε
3302 1807 3545 1881 βασιλεῦ,
3578 1810 3606 1866 ἠ
3649 1827 3808 1882 κορυ-

2209 1895 2461 1967 φαιοτάτη
2510 1903 2608 1946 τῶν
2634 1895 2955 1954 Ἐκκλησιῶν
2996 1904 3086 1950 τοῦ
3137 1903 3291 1950 Θεοῦ⁶
3343 1899 3402 1958 ἧς
3434 1901 3624 1972 Πέτρος
3660 1917 3810 1969 πρω-

2207 1986 2469 2056 τόθρονος,
2496 1987 2626 2057 πρὸς
2652 1983 2704 2036 ὃν
2728 1987 2753 2037 ό
2783 1989 2973 2058 Κύριός
2999 2006 3148 2058 φησι,
3193 1992 3259 2039 Σὺ
3301 1984 3356 2039 εἶ
3395 1992 3652 2059 Πέτρος,
3692 1991 3809 2038 καὶ

2208 2075 2309 2125 ἐπὶ
2347 2075 2544 2147 ταύτῃ
2589 2082 2658 2147 τῇ
2703 2079 2900 2149 πέτρᾳ
2940 2072 3358 2148 οἰκοδομήσω
3396 2096 3515 2148 μου
3554 2075 3814 2133 τὴνῈκ-

2207 2162 2486 2220 κλησίαν
2518 2179 2530 2192 ⁸
2561 2167 2670 2216 καὶ
2708 2163 2909 2216 πύλαι
2947 2163 3110 2234 ᾅδου
3150 2165 3220 2217 οὐ
3261 2167 3812 2235 κατισχύσουσιν

2208 2250 2425 2312 αὐτῆς.
2467 2258 2631 2305 Τοῦτο
2670 2254 2815 2324 ἡμῶν
2867 2257 2925 2304 τὸ
2981 2256 3183 2325 αἴτημα
3231 2263 3329 2306 τῶν
3359 2253 3578 2317 ἀναξίων
3611 2251 3814 2306 δούλων

2211 2359 2304 2392 σου
2336 2362 2349 2373 ο
2383 2340 2511 2398 αὕτη
2546 2344 2639 2393 σὺν
2671 2343 2833 2412 Θεῷἡ
2869 2343 3195 2414 παράκλησις
3220 2351 3317 2396 τῶν
3342 2346 3810 2414 τεταπεινωμένων.

2206 2429 2266 2482 Ἡ
2297 2432 2521 2502 κραταιά
2561 2427 2648 2482 οὖν
2699 2435 2820 2502 χεὶρ
2863 2438 2954 2483 τοῦ
2989 2439 3120 2485 Θεοῦ
3176 2434 3339 2493 σώζοι
3381 2451 3457 2495 σε,
3495 2435 3581 2484 τὸν
3613 2450 3810 2502 κοσμοσ-

2209 2521 2434 2576 πόθητον
2492 2523 2581 2570 καὶ
2641 2519 2841 2591 θεοφιλῆ
2895 2523 3000 2585 τόν,
3045 2519 3269 2592 βασιλέα
3318 2529 3416 2573 τῶν
3457 2528 3810 2591 Χριστιανῶν,

2209 2610 2259 2659 ἑν
2307 2607 2514 2669 πολλοῖς
2589 2627 2805 2682 χρόνοις
2877 2605 3278 2682 διατεινόμενον,
3339 2615 3428 2661 καὶ
3489 2609 3557 2669 εἱς
3609 2605 3813 2670 παῖδας

2210 2693 2416 2750 παίδων
2468 2699 2525 2748 τὸ
2582 2703 2772 2772 κράτος
2831 2697 3108 2770 ἀμείϐοντα
3171 2697 3218 2750 ἐν
3277 2699 3570 2772 εὐημερίαις
3629 2717 3681 2750 τε
3738 2717 3806 2748 ἰα

2211 2790 2380 2847 νίκαις
2418 2783 2622 2861 ἐχθρῶν
2651 2806 2704 2839 τε
2733 2792 2822 2839 καὶ
2853 2786 3126 2859 πολεμίων.
3169 2792 3390 2853 Γένοιτο,
3419 2792 3616 2860 γένοιτο
3650 2787 3662 2841 l

2282 2911 2348 2983 (')
2392 2913 2512 2967 HZ'.
2549 2941 2616 2952 —-
2644 2913 3068 2985 ’E1r_t0'x01rot;
3106 2909 3216 2965 διὰ
3243 2916 3489 2985 -Ιςύριον
3532 2930 3799 2981 πεφυγα-

2731 2981 3086 3055 δευμένοις.
3120 2982 3302 3057 [φξη’.]

2137 3080 2502 3144 intelligenda.
2530 3081 2741 3139 (Baron.
2774 3095 2861 3132 an.
2899 3083 3010 3137 816,
3041 3096 3093 3130 n.
3121 3084 3221 3144 47.)

2141 3173 2179 3227 C
2283 3170 2438 3243 ’Ἀρτι
2503 3170 2832 3232 ἀκοντισθεὶς
2887 3173 2911 3222 ό
2953 3176 3187 3232 ταπεινὸς
3250 3175 3314 3224 τά
3356 3176 3470 3245 περὶ
3513 3180 3603 3232 τῆς
3643 3189 3802 3241 μακαο

2209 3264 2447 3334 ριότητος
2493 3262 2657 3331 ὑμῶν,
2699 3258 2737 3311 ὦ
2800 3263 3113 3334 τριπόθητοι
3159 3265 3401 3335 Πατέρες,
3452 3259 3566 3311 λίαν
3615 3261 3804 3323 ἣσθην,

2209 3354 2296 3401 καὶ
2333 3347 2563 3412 ἐδοξασα
2612 3353 2696 3401 τὸν
2749 3348 2942 3420 ἀγαθόν
2983 3352 3126 3421 ἡμῶν
3159 3356 3307 3404 Θεόν.
3346 3349 3467 3402 ’Ὁτι
3501 3345 3624 3401 οὐδὲ
3655 3348 3811 3411 ἡξιώ-

2213 3440 2306 3495 θην
2341 3435 2471 3490 ἰδεῖν
2500 3439 2656 3510 ὑμᾶς,
2685 3442 2775 3490 καὶ
2808 3437 3106 3490 ἀπολαῦσαι
3134 3447 3231 3491 τῶν
3282 3437 3332 3490 ἐν
3371 3440 3492 3510 ὑμῖν
3530 3456 3813 3509 χαρισμα-

2209 3547 2330 3594 των,
2377 3532 2466 3579 καὶ
2504 3529 2637 3580 πάνυ
2690 3528 2928 3586 ἠνιάθην.
2978 3527 3220 3600 Ἐμελλον
3279 3530 3379 3599 γὰρ
3433 3529 3555 3599 όρᾲν
3608 3525 3811 3598 ἀνθρώ-

2208 3635 2340 3679 πους
2398 3623 2550 3684 Θεοῦ,
2628 3618 2882 3688 ἱεράρχας
2949 3622 3164 3689 Κυρίου,
3239 3620 3531 3688 μακαρίους
3588 3611 3807 3684 ἄνδρας,

2211 3712 2490 3778 φωστῆρας
2562 3709 2785 3777 κόσμου,
2844 3705 3129 3778 ἐρείσματα
3209 3711 3432 3766 πίστεως
3486 3708 3530 3757 εἰ
3590 3724 3641 3754 τι
3689 3702 3812 3754 ἄλλο

3593 3792 3665 3844 ’Ὠ
3717 3799 3812 3852 τῆς

2213 3883 2403 3953 ζημίας
2455 3883 2468 3936 l
2511 3883 2550 3933 ὠ
2611 3891 2706 3944 τῆς
2761 3883 3073 3955 συμφορᾱςῑ
3127 3883 3264 3940 Πλὴν
3324 3884 3377 3934 αἱ
3430 3881 3608 3934 πολλαὶ
3664 3884 3810 3951 ἡμῶν

2209 3802 2305 3847 τῶν
2366 3794 2554 3857 καλῶν,
2613 3799 2702 3846 καὶ
2741 3799 2893 3856 ὄντας
2944 3801 3033 3847 καὶ
3091 3795 3520 3866 ὀνομαζομένους.

2211 3971 2464 4045 ἁμαρτίαι
2513 3974 2678 4023 αἴτιον
2726 3979 2816 4023 τοῦ
2864 3971 3269 4044 συμϐεϐηκότος.
3311 3977 3409 4024 Καὶ
3449 3971 3505 4022 οὐ
3549 3969 3812 4041 θαυμάζο-

2211 4081 2300 4132 μεν
2347 4065 2437 4118 τὴν
2479 4059 2707 4132 ἀτυχίαν
2737 4078 2749 4091 ·
2804 4059 2930 4112 ἀλλά
2980 4060 3330 4135 προϐάλλομεν
3377 4065 3470 4118 τὴν
3522 4061 3811 4131 ἱκετηρίαν,

2209 4157 2270 4202 Τί
2325 4157 2472 4203 τοῦτο
2517 4166 2530 4216 ;
2573 4151 2656 4201 ἵνα
2699 4151 2980 4222 γράμμασι
3019 4151 3481 4224 παραμυθὴσησθε
3538 4153 3632 4205 τὴν
3683 4146 3809 4197 ἀπό-

2209 4239 2397 4310 λειψιν,
2460 4241 2835 4303 νουθετοῦντες,
2892 4247 3216 4311 φωτιοῦντες,
3280 4239 3630 4310 στηρίξοντες,
3688 4237 3809 4287 ὐπο-

2211 4335 2466 4402 φαίνοντες
2519 4330 2619 4380 ὅσα
2649 4327 2791 4381 ἐστὶν
2842 4327 3029 4391 ἀληθῆ,
3082 4330 3181 4380 ὅσα
3229 4330 3409 4399 σεμνὰ,
3453 4328 3551 4378 ὅσα
3602 4322 3806 4389 δίκαια,

2210 4421 2310 4471 ὅσα
2348 4417 2638 4480 ἐνστατικὰ,
2681 4419 2780 4469 ὅσα
2818 4417 3020 4471 ἒναθλα.
3081 4420 3142 4469 Εἴ
3186 4437 3260 4478 τις
3303 4415 3478 4490 ἀρτεὴ,
3521 4419 3610 4467 καὶ
3650 4417 3695 4466 εἰ
3735 4432 3807 4471 τις

450 4507 863 4564 defensionem
901 4523 972 4563 ac
1006 4511 1307 4564 certamen
1339 4508 1577 4564 idonea.
1615 4508 1677 4567 Si
1721 4524 1844 4580 qua
1892 4509 2098 4574 virtus,

2211 4510 2418 4567 ἔπαινος
2460 4506 2753 4578 ὁμολογίας,
2808 4513 2974 4557 ταῦτα
3020 4509 3265 4578 γράφοιτε
3307 4523 3320 4534 '
3353 4510 3443 4556 καὶ
3493 4511 3596 4562 πῶς
3645 4520 3806 4575 προσ-

449 4598 639 4669 siqua
668 4596 801 4652 laus
833 4595 1248 4663 confessionis,
1277 4597 1434 4652 hanc
1461 4597 1844 4669 prae-scribite,
1877 4602 1933 4652 et
1957 4612 2103 4669 quo-

451 4687 635 4743 modo
667 4685 1014 4742 adorandus
1061 4686 1135 4741 sit
1184 4685 1447 4756 imagine
1477 4701 1796 4758 expressus
1836 4685 2102 4742 Christus

449 4775 820 4846 homonyme
852 4790 929 4831 an
959 4789 1298 4846 synonyme
1331 4793 1343 4830 :
1379 4775 1665 4847 quoniam
1693 4774 1938 4830 alterum
1968 4774 2102 4844 qui-

448 4864 585 4919 dem
618 4863 988 4928 orthodoxaa,
1022 4863 1274 4919 alterum
1297 4879 1438 4920 vero
1489 4865 1800 4919 contrarias
1845 4868 1932 4918 est
1964 4878 2104 4917 sen-

455 4953 649 5008 tentias
675 4954 720 4987 ⁸⁸
757 4971 768 5010 ;
799 4957 857 5008 et
895 4952 1205 5023 quomodo
1237 4953 1594 5024 intelligatur
1647 4953 1919 5008 adoratio
1963 4966 2107 5020 erga

453 5040 754 5096 Christum
805 5041 1054 5112 ejusque
1106 5041 1474 5114 imaginem:
1508 5056 1707 5096 unane
1762 5057 1838 5095 an
1897 5040 2031 5095 duae
2091 5067 2109 5121 ς

458 5129 748 5202 quoniam
769 5129 1020 5185 alterum
1033 5130 1276 5202 quidem
1292 5135 1567 5186 nostrum
1583 5128 1953 5193 est,alterum
1969 5143 2110 5182 vero

528 5253 572 5288 ⁸⁷
602 5251 708 5311 Tit.
734 5271 811 5318 Ill,
851 5259 934 5309 10.

455 5339 555 5391 xv,
584 5339 719 5397 cap.
758 5327 842 5393 t5,
874 5340 936 5381 n.
967 5330 1026 5385 5.

1037 5254 1084 5290 ³³
1118 5253 1316 5312 Matth.
1373 5269 1471 5320 xv,
1509 5255 1592 5307 18.

2211 4600 2454 4653 κυνητέον
2565 4599 2794 4668 Χριστόν
2881 4593 3314 4668 ἐγγεγραμμένον,
3412 4594 3697 4664 ὁμωνύμως
3772 4591 3799 4646 ἦ

2215 4688 2546 4756 συνωνύμως,
2588 4680 2768 4741 ἐπειδὴ
2813 4687 2869 4734 τὸ
2927 4687 3017 4755 μὲν
3067 4680 3394 4754 ὁρθοδοξίας,
3445 4685 3502 4732 τὸ
3553 4678 3613 4733 δὲ
3668 4678 3802 4731 ἀντι-

2216 4772 2392 4837 δοξίας
2423 4790 2435 4803 ·
2491 4777 2580 4825 καὶ
2633 4781 2738 4833 πῶς
2784 4781 2880 4833 τῆς
2955 4777 3362 4845 προσκυνήσεως
3410 4773 3684 4840 νοουμένης
3737 4766 3797 4825 εἰς

2215 4867 2445 4938 Χριστόν
2497 4881 2551 4914 τε
2593 4867 2681 4914 καὶ
2743 4865 2834 4919 τὴν
2888 4861 3047 4913 αὐτοῦ
3104 4861 3290 4923 εἰκόνα,
3350 4865 3472 4930 μιᾶς
3530 4859 3559 4917 ἡ
3617 4855 3748 4910 δυεῖν
3781 4896 3793 4908 .

2218 4949 2394 5009 ἐπειδὴ
2445 4955 2502 5003 τὸ
2533 4953 2644 5023 μεν,
2685 4953 2929 5025 ἡμέτερον
2971 4995 2981 5006 ,
3022 4954 3078 5001 τό
3129 4945 3206 5014 δὲ,
3254 4957 3352 5000 τῶν
3389 4949 3796 5018 Εἰκονομάχωνς

2219 5040 2285 5091 ὧν
2315 5042 2415 5114 γὰρ
2468 5045 2561 5112 μία
2601 5041 2631 5097 ἡ
2682 5041 3008 5096 ύποστατικὴ
3043 5040 3310 5108 ὁμοίωσις,
3359 5039 3555 5088 τούτων
3596 5041 3689 5104 μία
3717 5037 3804 5082 καὶ

2222 5131 2251 5186 ἡ
2295 5128 2425 5188 αὐτὴ
2458 5132 2815 5204 προσκύνησις
2850 5145 2861 5157 ·
2895 5130 3037 5202 παρά
3065 5131 3120 5178 τό
3154 5131 3246 5184 τὴν
3276 5125 3458 5177 οὐσίαν
3505 5131 3593 5183 τῆς
3619 5123 3806 5181 εἰκόνος

1699 5252 1744 5286 ³⁸
1791 5253 1870 5308 Ea
1901 5250 1974 5306 de
2011 5266 2072 5307 re
2105 5251 2394 5308 Petavius.
2449 5253 2552 5310 lib.
2607 5269 2636 5306 v
2669 5255 2746 5308 De
2803 5252 3098 5307 incarnat.
3142 5265 3273 5320 cap.
3309 5251 3359 5314 8,
3396 5263 3456 5303 n.
3485 5247 3584 5314 to;
3613 5252 3671 5301 et
3689 5245 3798 5300 lib.

2021 5429 2248 5486 NOTIE.

533 5566 614 5639 (t)
643 5565 840 5625 Videri
868 5568 1068 5625 tamen
1088 5561 1278 5639 possit
1297 5563 1515 5637 scripta
1538 5564 1675 5637 post
1697 5563 1951 5621 mortem
1987 5561 2226 5622 Leonis.
2257 5562 2484 5636 (')-Cod.
2505 5565 2644 5636 Reg.
2668 5563 2842 5640 Ἀρχὴ
2867 5559 3081 5636 βιϐλίου
3111 5556 3178 5633 γ’,
3194 5556 3423 5615 initium
3452 5553 3595 5612 libri
3615 5554 3806 5612 tertii.
