4062 6280
355 328 494 388 1333

350 459 583 528 μήτιπου
626 458 1054 530 προσκυνεῖσθαι.
1104 455 1266 517 Οὗτος
1313 456 1339 507 6
1369 455 1551 528 μικρὸς
1597 454 1742 525 ἡμῶν
1789 453 1942 525 λόγος
1972 452 2015 506 Α

350 544 796 617 ὑπομνηματικός,
856 545 963 599 ἀλλ’
1021 546 1079 599 ού
1147 541 1490 605 διδακτικός’
1564 543 1706 615 ὑμῶν
1773 538 1832 595 δὲ
1877 543 1946 595 τὰ

350 632 627 707 τελεώτερα
678 637 879 698 πάντως
916 644 1185 701 τοσοῦτον,
1213 637 1334 688 ὅσον
1372 638 1462 686 καὶ
1496 635 1555 685 τὸ
1584 633 1945 705 καθυπερέχον

350 732 443 777 τοῦ
472 730 775 799 χρίσματος
805 750 819 761 ·
877 725 954 799 ἐφ’
1066 726 1294 786 τελοίητε
1348 728 1434 777 τὸν
1463 728 1792 798 προκείμενον
1829 719 1950 796 δρό-

344 833 441 884 μον
495 818 796 881 όσιώτατοι,
855 813 1238 889 ἀνδρειότατα·
1299 818 1363 876 ὡς
1410 812 1800 885 ἀποληψόμενοι
1861 813 1948 863 τόν

346 911 410 962 τῆ
424 924 444 965 ς
458 900 801 966 δικαιοσύνης
832 910 1096 978 στέφανον.

1633 325 2138 385 EPISTOLARUM
2178 327 2314 385 LIB.
2357 326 2433 385 II.

3574 323 3715 380 1334

2049 446 2597 510 Ιοοηοωεοὶιοιιιιω
2622 450 2652 508 ?
2712 452 2979 519 Quorum
3036 449 3195 507 enim
3237 464 3358 506 una
3401 452 3490 506 est
3519 452 3576 504 et
3601 447 3719 520 hy-

2051 543 2344 615 postatica
2360 540 2700 608 similitudo,
2724 541 2943 597 horum
2970 555 3092 595 una
3121 543 3178 594 et
3203 538 3415 595 eadem
3453 542 3545 593 est
3569 536 3709 594 ado-

2054 630 2206 687 ratio
2238 653 2249 686 :
2278 636 2676 704 praeterquam
2705 629 2871 703 quod
2908 629 3188 698 imaginis
3230 627 3566 683 substantia
3607 641 3703 682 ne-

2055 736 2365 793 quaquam
2420 720 2724 776 adoratur.
2782 718 2883 773 Hic
2912 718 3106 775 tenuis
3155 720 3248 773 est
3278 732 3474 772 sermo
3508 719 3710 771 noster

2058 809 2573 875 commonitorius,
2614 824 2737 864 non
2780 807 2858 864 ad
2896 806 3236 862 docendum
3269 808 3655 876 comparatus
3691 820 3703 857 :

2060 904 2254 953 vestra
2296 902 2496 953 autem
2541 902 2705 953 tanto
2753 911 3000 968 prorsus
3052 894 3426 964 perfectiora,
3478 896 3706 965 quanto

344 993 750 1063 supereminet
799 995 1063 1064 dignitas
1096 994 1392 1050 unctionis
1429 993 1489 1049 in
1517 992 2022 1065 qua'praasentem
2048 1002 2295 1043 cursum
2330 987 2570 1043 viriliter
2602 986 2881 1057 peragite,
2911 984 3268 1041 sanctissimi
3296 989 3586 1056 tanquam
3606 987 3709 1053 ju-

345 1080 515 1137 stitias
541 1098 830 1141 coronam
860 1084 1214 1155 percepturi.

630 1171 760 1227 HH'.
797 1202 863 1215 —-
892 1172 1168 1246 Ἀμμοῦν
1216 1177 1435 1244 τέκνῳ.
1474 1170 1653 1244 [φξθ’.]

2432 1166 2745 1222 XXXXVIII.
2788 1196 2856 1205 —
2881 1163 3159 1220 Ammoni
3177 1163 3320 1233 ﬁlio.

873 1297 1192 1349 Monachum
1222 1299 1543 1360 apostatam,
1580 1295 1742 1345 etiam
1771 1288 2023 1354 conjugio
2058 1289 2412 1353 implicatum,
2450 1290 2516 1340 ad
2544 1290 2915 1353 pmnitentiam
2948 1289 3161 1339 excitat.

416 1414 573 1484 Οἷμοι
602 1412 655 1477 ἐξ
699 1414 862 1477 αὐτῆς
910 1413 1163 1489 βαλϐίδος
1209 1424 1304 1477 τῆς
1351 1412 1625 1473 ἐπιστολῆς
1673 1415 1761 1464 καὶ
1818 1429 1935 1463 στε-

340 1504 537 1573 ναγμόν
593 1501 876 1576 ἀναπέμπω
926 1506 981 1557 ἑκ
1041 1504 1236 1577 βάθους
1292 1500 1540 1577 καρδίας,
1585 1507 1672 1554 καὶ
1705 1497 1933 1573 δάκρυον

341 1589 661 1663 ἀναμίγνυμι
713 1602 785 1665 τῷ
828 1593 1006 1664 μέλανι
1055 1593 1126 1667 ἐφ’
1178 1592 1256 1655 οἷς
1298 1594 1619 1653 ὴκουτίσθην
1658 1594 1772 1665 περὶ
1815 1595 1929 1653 σοῦ,

337 1675 543 1752 ἀδελφέ.
583 1687 718 1735 Φασὶ
769 1686 871 1757 γὰρ
906 1682 1303 1759 ἀποῤῥίψασθαί
1354 1703 1411 1736 σε
1448 1686 1507 1735 τὸ
1561 1682 1710 1753 ἅγιον
1735 1677 1935 1752 ἔνδυμα

337 1776 429 1820 τοῦ
478 1778 741 1842 μοναχοῦ,
802 1778 892 1826 καὶ
947 1772 1103 1826 τελεῖν
1170 1773 1219 1825 ἰν
1286 1772 1507 1838 λαῑκοῖς,
1563 1775 1653 1823 καὶ
1711 1776 1934 1842 γυναῖκα

335 1861 620 1931 περιάγειν.
651 1867 722 1913 Ὢ
749 1870 840 1914 τοῦ
893 1861 1103 1916 ὶλεεινοῦ
1148 1861 1481 1934 ἀκούσματος
1514 1860 1525 1915 !
1582 1862 1621 1912 ὢ
1676 1868 1773 1921 τῆς
1809 1856 1932 1931 ἐμῆς

339 1950 646 2023 συμφιιρᾶςῐ
708 1952 838 2023 Ἐμή
898 1954 999 2025 γὰρ
1057 1955 1087 2011 ἠ
1147 1956 1237 2018 σὴ,
1269 1956 1463 2018 τέκνον,
1505 1950 1757 2023 ἁμαρτία,
1798 1950 1933 2000 κατὰ

335 2038 421 2087 τόν
461 2046 554 2100 τῆς
607 2047 871 2112 πατρικῆς
927 2042 1254 2113 συμπαθείας
1308 2044 1518 2113 τρόπον.
1579 2046 1687 2092 Ποῦ
1732 2042 1789 2090 τὸ
1833 2046 1931 2110 φῶς

332 2132 423 2185 τῆς
455 2121 694 2189 διανοίας
726 2144 741 2195 ;
773 2136 872 2181 ποῦ
903 2138 996 2191 τῆς
1036 2126 1247 2189 ἐλπίδος
1276 2132 1332 2181 τό
1360 2134 1541 2201 πτερόν
1576 2146 1589 2197 ;
1627 2136 1726 2182 ποῦ
1754 2129 1778 2179 6
1808 2130 1930 2202 ἔρως

331 2213 357 2264 6
387 2218 517 2286 πρὸς
541 2218 628 2267 τόν
670 2221 797 2270 Θεόν
826 2235 840 2284 ;
886 2225 986 2270 ποῦ
1017 2226 1112 2280 τῆς
1140 2223 1363 2279 πίστεως
1391 2220 1415 2270 6
1449 2221 1627 2294 θυρεός
1658 2237 1675 2288 ;
1706 2224 1808 2270 ποῦ
1838 2222 1930 2267 τοῦ

1208 2313 1308 2360 ποῦ
1358 2308 1383 2359 6
1442 2310 1665 2359 ἐντεῦθεν
1723 2312 1927 2377 κόσμου

1968 1830 2012 1885 Β

330 2300 635 2373 λογιστικοῦ
700 2309 758 2357 τὸ
833 2311 1122 2381 κριτικόνς

334 2388 603 2466 δρασμός;
632 2402 731 2447 ποῦ
784 2398 813 2453 ἡ
844 2395 1213 2469 ἐγκατάλειψις
1259 2396 1497 2449 ἁπάντων
1544 2404 1644 2448 τῶν
1674 2395 1757 2449 ἐπὶ
1777 2404 1878 2467 γῆς
1910 2411 1924 2461 ;

331 2487 432 2532 ποῦ
488 2484 519 2541 ἡ
576 2482 860 2537 ἐπιστασία
912 2494 1006 2548 τῆς
1075 2493 1263 2558 μονῆςς
1331 2493 1431 2538 ποῦ
1469 2487 1499 2544 ἡ
1554 2489 1927 2546 εύκατάνυκτος

327 2567 615 2642 παραδοχὴ
669 2582 765 2633 τῆς
822 2571 1127 2646 εἰσδοχῆςς
1180 2582 1281 2628 ποῦ
1327 2577 1357 2633 ἡ
1423 2579 1774 2646 στοιχείωσις
1829 2583 1925 2635 τῆς

328 2657 655 2721 κοινοϐιακῆς
733 2662 913 2731 ζωῆς;
970 2670 1070 2714 ποῦ
1120 2664 1148 2721 ἡ
1203 2668 1493 2735 φωτιστικὴ
1553 2661 1922 2735 ἓξαγόρευσις;

310 2744 427 2796 ’ποῦ
468 2766 560 2799 σου
608 2750 672 2801 τὰ
719 2751 850 2802 καλὰ
906 2747 1161 2825 δάκρυα;
1210 2754 1365 2809 ποῦή
1411 2748 1873 2814 εύλαϐοειδὴςὲξις
1902 2797 1918 2823 ,

325 2842 426 2885 ποῦ
479 2838 506 2893 ἡ
565 2835 619 2887 ἐκ
665 2846 757 2890 τοῦ
786 2839 1134 2914 πληρώματος
1185 2849 1279 2902 τῆς
1332 2837 1682 2912 ἀδελφότητος
1720 2861 1924 2916 μαρτυ-

323 2926 454 2995 ρία;
509 2934 610 2977 ποῦ
649 2928 677 2985 ἡ
731 2926 815 2979 ἐπὶ
862 2937 952 2980 τοῦ
1009 2931 1145 3001 ἱεροῦ
1204 2927 1439 3002 βήματος
1478 2930 1774 3001 ὁμολογίας
1820 2938 1920 2983 ποῦ

322 3014 551 3087 μάρτυρι
609 3023 721 3085 Θεῷ
768 3036 821 3068 τε
879 3022 969 3069 καί
1018 3016 1249 3090 ἀγγελοις
1326 3020 1679 3090 ὑποσχέσεις
1733 3027 1834 3071 ποῦ
1886 3022 1914 3078 ἠ

325 3102 605 3175 ύποφαεινὴ
633 3102 924 3178 φαιδρότης
952 3114 1043 3159 τοῦ
1075 3112 1355 3179 σχήματος
1391 3126 1405 3174 ;
1460 3116 1559 3159 ποῦ
1612 3110 1637 3160 6
1694 3127 1919 3180 πνευμα-

321 3200 474 3252 τικῶς
528 3197 800 3267 νοούμενος
828 3197 989 3268 γάμος
1024 3216 1040 3268 ;
1074 3204 1175 3250 ποῦ
1206 3198 1231 3249 6
1262 3198 1388 3271 ὑπὲρ
1432 3204 1526 3250 σοῦ
1556 3199 1730 3259 τυθεὶς
1760 3196 1919 3269 ἀμνὸς
1951 3188 1989 3243 C

319 3288 413 3333 τοῦ
464 3289 634 3349 Θεοῦ;
696 3291 794 3336 ποῦ
855 3288 913 3337 τὸ
990 3285 1320 3358 εύαγγελικόν
1375 3306 1429 3338 τε
1496 3291 1585 3339 καὶ
1642 3283 1916 3359 ἀδελφικὸν

319 3366 654 3443 ἀγαλλίαμα;
700 3380 799 3424 ποῦ
865 3375 891 3426 6
948 3376 1092 3447 παρὰ
1151 3377 1354 3427 πάντων
1419 3376 1688 3449 ἱερώτατος
1743 3374 1917 3429 ἀσπα-

320 3463 499 3531 σμός;
557 3468 656 3512 ποῦ
695 3464 725 3520 ἡ
778 3461 825 3514 ἓν
854 3471 926 3534 τῷ
988 3466 1105 3536 θείῳ
1130 3466 1494 3537 θυσιαστηρίῳ
1540 3466 1911 3537 παράστασις;

316 3555 418 3600 ποῦ
445 3550 473 3605 ἡ
508 3556 599 3601 τοῦ
636 3555 875 3621 σώματός
919 3572 973 3604 τε
1020 3557 1106 3604 καὶ
1143 3554 1359 3625 αἵματος
1390 3560 1480 3606 τοῦ
1518 3561 1755 3626 Χριστοῦ
1803 3556 1915 3608 θεία

316 3635 650 3708 μετάληψις
687 3647 788 3692 ποῦ
836 3642 866 3699 ἡ
897 3641 987 3699 ὃλη
1021 3638 1220 3714 φαιδρὰ
1249 3647 1338 3695 καὶ
1390 3641 1912 3717 ἀγγελοχαρμόσυνος

315 3724 486 3785 τελετή
524 3746 539 3794 ;
572 3734 673 3779 ποῦ
711 3730 741 3787 ἡ
785 3734 915 3801 φανὴ
960 3730 1170 3802 λαμπάς
1194 3747 1207 3787 :
1235 3739 1335 3783 ποῦ
1375 3734 1403 3790 ἡ
1455 3732 1677 3803 ἄμπελος
1715 3734 1744 3791 ἡ
1789 3731 1911 3791 ἀλη-

319 3814 482 3881 θινή;
534 3822 633 3867 ποῦ
710 3819 740 3875 ἠ
793 3823 1117 3893 καρποφόρος
1174 3825 1355 3892 φυτεία
1426 3827 1518 3873 τοῦ
1574 3824 1905 3891 Πνεύματοςς

314 3910 415 3954 ποῦ
446 3902 570 3976 ἐμοῦ
608 3925 667 3976 γε
716 3914 805 3959 τοῦ
846 3906 1022 3960 ἀθλίου
1064 3910 1089 3961 6
1128 3910 1261 3975 υἱός,
1302 3910 1327 3961 6
1380 3912 1668 3981 προαχθεὶς
1700 3913 1774 3963 ἔτι
1820 3917 1909 3965 καὶ

313 3994 389 4043 ἔτι
420 3994 467 4045 ἓν
494 3994 654 4062 καλῷ,
694 4000 782 4047 καὶ
820 4000 1093 4069 χρήσιμος
1146 3997 1317 4070 ὀφθεὶς
1371 4006 1430 4071 τῇ
1482 3995 1814 4071 ἀδελφότητι,
1848 4002 1907 4051 τό

313 4086 484 4135 τέκνον
514 4091 605 4135 τοῦ
637 4091 793 4151 Θεοῦ,
828 4086 852 4137 6
892 4093 983 4139 τοῦ
1035 4089 1193 4147 θωτός
1242 4091 1513 4162 κορευτὴς,
1546 4090 1571 4139 6
1604 4096 1702 4150 τῆς
1749 4087 1909 4162 βασι-

310 4170 449 4232 λείας
478 4180 577 4224 τών
611 4173 838 4247 οὐρανῶν
896 4175 1132 4243 πολίτης,
1192 4179 1249 4228 τὸ
1292 4183 1472 4237 σκεῦος
1519 4181 1577 4229 τό
1626 4177 1854 4231 ἐκλεκτόν
1890 4197 1903 4247 ;

311 4266 424 4321 Πῶς
475 4263 705 4335 ἐστράφη
776 4263 847 4325 εἰς
893 4266 959 4316 τὰ
1008 4263 1218 4331 ὁπίσω;
1303 4274 1413 4326 πῶς
1485 4264 1824 4320 ἀπελάκτισεν
1878 4272 1903 4321 ό

310 4349 687 4421 ἠγαπημένος;
747 4359 858 4413 πῶς
910 4350 1185 4410 ἐσκοτίσθη
1240 4353 1265 4405 6
1322 4356 1743 4425 πεφωτισμένος;
1794 4362 1903 4417 πῶς

312 4433 623 4489 ἀπεσείσατο
701 4441 766 4491 τά
844 4450 932 4501 τῆς
1004 4440 1205 4511 ἁγνείας
1284 4440 1457 4494 ὅπλα·
1533 4441 1725 4512 ἐγένετο
1807 4446 1903 4501 θή-

309 4541 451 4594 ραμα
482 4523 750 4594 διαϐόλου,
807 4528 1160 4603 ἕζωγρημένος
1189 4531 1275 4583 ὑπ’
1308 4530 1468 4583 αὐτοῦ
1503 4530 1574 4593 εἰς
1621 4536 1675 4583 τό
1710 4536 1899 4585 ,κείνου
1934 4545 1979 4599 D

311 4611 525 4683 θέλημα.
575 4624 664 4668 καὶ
714 4616 858 4689 ἀφεὶς
916 4622 1003 4670 τόν
1080 4620 1231 4671 καλὸν
1278 4624 1515 4692 Νυμφίον
1570 4623 1655 4673 τὸν
1711 4624 1900 4696 Κύριον

308 4707 398 4762 τῆς
426 4699 601 4772 δόξης,
660 4709 744 4757 τόν
794 4706 1139 4770 ἓξουσιαστὴν
1173 4717 1271 4760 τῶν
1323 4708 1561 4761 ἁπάντων
1591 4726 1603 4776 ;
1637 4708 1707 4761 Ὠ
1735 4714 1815 4771 τίς
1842 4711 1899 4763 ού

310 4790 548 4852 στενάξαι
585 4791 639 4844 ἐκ
688 4792 884 4867 βάθους
922 4815 937 4866 ;
979 4801 1060 4858 τίς
1108 4797 1201 4849 ούκ
1253 4797 1476 4856 ἐλεήσειε
1514 4801 1600 4851 τόν
1642 4797 1900 4861 ἰξηπατη-

306 4881 493 4949 μένον;
556 4881 773 4954 Ούρανὶ,
806 4887 1018 4943 ἔκστηθι
1072 4884 1154 4938 ἐπὶ
1208 4888 1379 4957 ταύτῳ
1414 4909 1425 4920 ⁸
1457 4895 1549 4958 γῆ,
1602 4885 1800 4959 βόησον
1841 4891 1897 4941 τὸ

304 4967 491 5028 πάθος.
532 4974 595 5021 Τί
641 4974 862 5042 γέγονεν,
932 4970 1163 5046 ἀδελφέ;
1214 4974 1306 5028 οὐκ
1359 4972 1594 5049 ᾐδέσθης
1637 4975 1731 5028 κᾶν
1784 4980 1898 5039 τοὺς

303 5055 559 5128 όρώντας;
606 5058 699 5110 ούκ
756 5061 1077 5136 ἠρυθρίασας
1124 5062 1213 5114 ἀπ’
1242 5064 1400 5116 αὑτοῦ
1432 5072 1521 5117 τοῦ
1576 5064 1761 5137 ἀέρος;
1802 5066 1896 5118 οῦκ

301 5140 659 5219 ἐδυσχέρανας
697 5152 787 5207 τὴν
836 5146 1110 5203 δυσωδίαν
1151 5161 1247 5213 τῆς
1284 5155 1692 5227 παγκαταράτου
1724 5154 1897 5229 ἀμαρ-

299 5238 456 5301 τίας;
512 5237 654 5307 ἔχεις
702 5245 860 5306 νοῦν;
903 5238 1001 5313 ζῇς
1037 5242 1177 5313 ἄρα;
1227 5240 1396 5314 ἀθρεῖς
1446 5242 1627 5308 mror;
1687 5241 1894 5315 βλέπεις

300 5321 552 5391 σελήνην;
608 5327 730 5397 ὁρᾷς
776 5326 1037 5402 ἀστέρας;
1098 5330 1192 5381 οῦκ
1236 5333 1403 5400 ἔστιν,
1436 5330 1531 5382 ούκ
1562 5332 1700 5383 ἔστιν
1732 5331 1889 5384 εἰπεῖν

297 5412 418 5464 ὅσον
483 5417 542 5465 τὸ
596 5414 900 5492 ἁμάρτημα,
947 5420 1069 5478 ὅσος
1121 5419 1146 5469 ό
1196 5423 1401 5485 σκότος,
1470 5418 1566 5477 ὃση
1610 5421 1638 5477 ἡ
1683 5418 1889 5491 ἀλογία.

298 5504 399 5554 Καὶ
443 5504 544 5556 εἴθε
581 5507 745 5579 μέχρι
783 5507 979 5558 τούτων
1009 5506 1035 5558 6
1062 5506 1210 5578 λόγος
1250 5524 1264 5538 ⁶
1298 5504 1412 5579 εἶχε
1439 5511 1539 5581 γὰρ
1570 5508 1626 5559 ἰν
1655 5508 1685 5566 ἦ
1718 5507 1889 5561 ἀθλιό-

296 5609 390 5657 της
421 5594 764 5668 συμμετρίαν.
806 5593 943 5649 Ἀλλ’
974 5596 1055 5648 ὅτι
1100 5602 1280 5672 κρῖμα,
1327 5593 1535 5674 ἀδελφε,
1594 5596 1888 5675 ἀπαραίτη-

2114 1406 2214 1461 Hei
2258 1407 2430 1462 mihi!
2456 1407 2659 1462 statim
2689 1407 2767 1462 ab
2797 1407 2927 1477 ipso
2945 1404 3212 1476 epistolae
3241 1402 3488 1459 exordio
3518 1402 3689 1458 mitto

2044 1511 2113 1550 ex
2144 1495 2356 1551 intimo
2377 1496 2555 1551 corde
2580 1496 2929 1566 suspirium,
2956 1494 3332 1565 etlacrymas
3356 1496 3693 1548 atramento

2042 1586 2425 1651 commisceo,
2467 1585 2547 1641 ob
2577 1602 2647 1641 ea
2675 1601 2812 1657 quas
2842 1585 2916 1640 de
2944 1588 2995 1640 te
3034 1582 3258 1653 accepi,
3287 1581 3487 1637 frater.
3519 1580 3699 1636 Aiunt

2043 1673 2203 1729 enim
2232 1680 2284 1730 te
2324 1680 2596 1730 sanctum
2637 1673 2926 1745 abjecisse
2983 1670 3259 1728 monachi
3282 1671 3579 1735 habitum,
3613 1674 3697 1725 at-

2042 1779 2159 1835 que
2190 1765 2339 1819 inter
2366 1764 2551 1821 laicos
2579 1764 2813 1834 degere,
2841 1768 2897 1820 et
2933 1778 3180 1819 uxorem
3223 1760 3691 1817 circumducere.

2044 1862 2086 1918 Ο
2103 1860 2325 1918 tristem
2339 1865 2613 1919 nuntium
2630 1864 2642 1919 l
2660 1879 2695 1919 o
2716 1862 3019 1932 ingentem
3042 1859 3444 1919 calamitatem
3461 1873 3662 1915 meam
3678 1860 3691 1916 l

2042 1951 2230 2005 Tuum
2284 1950 2441 2007 enim
2490 1951 2647 2007 istud
2715 1951 2928 2016 scelus,
2987 1950 3088 2014 ﬁli,
3146 1966 3347 2005 meum
3400 1952 3488 2004 est
3552 1963 3693 2019 pro-

2040 2043 2169 2109 pter
2192 2044 2453 2111 paternae
2468 2057 2597 2096 com
2610 2040 3005 2096 miserationis
3035 2038 3337 2095 affectum.
3359 2038 3465 2095 Ubi
3481 2038 3693 2093 mentis

2039 2135 2281 2191 lumen?
2310 2137 2412 2192 ubi
2440 2138 2562 2209 spei
2593 2138 2748 2194 alae?
2780 2138 2879 2193 ubi
2911 2137 3010 2193 Dei
3036 2136 3251 2193 amor?
3280 2135 3379 2191 ubi
3406 2135 3543 2191 ﬁdei
3567 2135 3694 2207 cly-

2038 2225 2229 2295 peus?
2256 2226 2356 2281 ubi
2377 2242 2566 2296 sagax
2580 2226 3212 2283 consultandivis?ubi
3245 2226 3495 2295 huiusce
3518 2240 3690 2280 mun-

2038 2314 2095 2369 di
2128 2315 2270 2385 fuga
2294 2315 2322 2370 ?
2347 2316 2442 2372 ubi
2470 2321 2841 2372 terrenarum
2871 2332 3071 2372 rerum
3097 2315 3354 2386 abjectio
3374 2317 3401 2364 ?
3426 2314 3527 2370 ubi
3567 2330 3693 2370 mo-

2037 2404 2279 2459 nasterii
2322 2405 2677 2475 gubernatio
2703 2407 2731 2463 ?
2763 2405 2864 2461 ubi
2910 2410 3079 2475 gesta
3128 2420 3249 2461 non
3284 2404 3409 2459 sine
3456 2403 3689 2475 pietatis

2037 2516 2222 2557 sensu
2249 2518 2391 2557 cura
2414 2503 2834 2575 hospitalitatis
2859 2504 2886 2558 ?
2926 2503 3028 2559 ubi
3056 2502 3423 2559 coenobiticaa
3444 2501 3578 2557 vitae
3604 2501 3690 2557 di-
3750 2562 3759 2573 ,

2035 2590 2288 2661 sciplina
2315 2591 2344 2646 7
2371 2592 2467 2647 ubi
2497 2592 2795 2649 confessio
2821 2592 3018 2649 lucem
3064 2593 3305 2665 pariens
3330 2593 3358 2649 ?
3386 2590 3491 2647 ubi
3520 2606 3685 2660 egre-

2034 2679 2144 2749 giae
2171 2684 2287 2735 tuas
2316 2680 2598 2753 lacrymae
2627 2680 2654 2737 ?
2684 2682 2783 2737 ubi
2816 2682 2994 2754 plena
3023 2685 3368 2738 reverentiae
3410 2679 3636 2752 species
3662 2690 3689 2738 9

2032 2767 2134 2823 ubi
2166 2784 2235 2823 ex
2268 2769 2445 2824 totius
2484 2770 2867 2827 fraternitatis
2897 2775 3055 2827 coetu
3093 2770 3502 2827 testimonium
3529 2769 3558 2824 ?
3584 2769 3683 2825 ubi

2032 2866 2322 2921 emissum
2345 2867 2422 2922 ad
2446 2884 2681 2924 sacram
2711 2884 2880 2924 aram
2908 2873 3108 2924 votum
3140 2868 3168 2922 ‘I
3191 2867 3287 2923 ubi
3318 2868 3432 2923 sub
3454 2869 3575 2923 Deo
3605 2870 3687 2923 te-

2032 2958 2116 3010 ste
2144 2959 2199 3010 et
2224 2956 2451 3021 angelis
2482 2955 2652 3012 factte
2678 2957 3104 3028 promissiones
3126 2957 3155 3012 ‘i‘
3185 2956 3288 3013 ubi
3320 2956 3553 3025 fulgens
3582 2955 3685 3011 ha-

2029 3043 2189 3099 bitus
2239 3044 2523 3114 splendor
2551 3048 2578 3103 ?
2606 3047 2704 3102 ubi
2737 3046 3030 3117 spiritales
3062 3062 3196 3118 qum
3236 3050 3435 3103 mente
3475 3043 3685 3100 intelli-

2030 3137 2248 3201 guntur
2277 3134 2534 3206 nuptias?
2562 3136 2663 3190 ubi
2685 3136 2923 3191 oblatus
2946 3140 3189 3206 propter
3216 3140 3271 3191 te
3305 3142 3505 3203 Agnus
3529 3134 3631 3189 Dei
3653 3133 3683 3189 ‘i

2029 3221 2129 3275 ubi
2186 3220 2434 3277 fratrum
2466 3239 2538 3279 ex
2569 3223 2865 3295 Evangelii
2907 3224 3250 3296 praescripto
3289 3222 3491 3279 laetitia
3519 3223 3546 3278 ?
3579 3221 3683 3278 ubi

2026 3317 2440 3374 sanctissimus
2466 3320 2740 3376 omnium
2761 3320 3111 3391 complexus
3126 3320 3153 3375 ?
3175 3320 3277 3376 ubi
3309 3320 3385 3375 ad
3407 3318 3678 3375 divinum

2024 3405 2207 3463 altare
2237 3424 2512 3464 accessus
2541 3410 2569 3465 εἰ
2601 3409 2698 3465 ubi
2730 3412 2992 3482 corporis
3024 3416 3083 3467 et
3117 3410 3426 3480 sanguinis
3457 3409 3661 3465 Christi

2020 3494 2225 3552 divina
2253 3499 2552 3569 perceptio
2580 3499 2610 3552 ?
2639 3500 2741 3555 ubi
2772 3504 2889 3556 tota
2917 3500 3128 3556 latitia:
3157 3500 3335 3571 plena
3364 3504 3419 3555 et
3448 3497 3687 3568 angeli“

2021 3608 2091 3649 co
2120 3610 2232 3667 par
2259 3595 2481 3664 gaudio
2507 3598 2868 3654 caaremonia
2895 3598 2923 3652 ?
2954 3598 3056 3655 ubi
3095 3598 3342 3654 lucerna
3371 3596 3604 3666 fulgens
3638 3594 3666 3650 Τ

2022 3683 2123 3737 ubi
2179 3684 2307 3739 vitis
2343 3700 2483 3741 vera
2505 3686 2533 3741 ?
2562 3686 2662 3742 ubi
2710 3686 2994 3757 frugifera
3043 3686 3334 3759 plantatio
3368 3686 3618 3757 Spiritus
3647 3684 3676 3741 ?

2019 3771 2119 3827 ubi
2150 3772 2306 3828 ﬁlius
2335 3789 2525 3842 meus,
2551 3774 2836 3832 miserum
2870 3792 2983 3841 me,
3008 3776 3397 3849 quiquotidie
3413 3774 3671 3846 majores

2014 3867 2076 3924 in
2108 3869 2319 3926 virtute
2346 3887 2699 3943 progressus
2731 3874 3013 3941 habebat,
3066 3874 3349 3945 idemque
3380 3874 3545 3929 visus
3580 3875 3672 3929 est

2016 3957 2359 4015 fraternitati
2387 3962 2674 4032 perutilis,
2710 3962 2808 4018 Dei
2844 3963 3057 4034 proles,
3099 3963 3255 4019 lucis
3291 3962 3666 4029 administer,

2014 4048 2181 4116 regni
2240 4047 2526 4104 cmlorum
2584 4049 2749 4116 civis,
2808 4066 2915 4106 vas
2963 4049 3667 4118 electionis‘iQuomodo

2015 4150 2341 4191 conversus
2386 4143 2474 4193 est
2525 4143 2849 4195 retrorsum
2877 4138 2905 4194 ‘?
2933 4139 3242 4212 quomodo
3270 4139 3668 4195 recalcitravit

2012 4222 2261 4280 dilectus
2287 4224 2315 4280 ‘i
2339 4227 2649 4299 quomodo
2688 4228 2950 4284 tenebris
2979 4229 3228 4295 obsitus,
3261 4229 3362 4301 qui
3390 4227 3520 4285 luce
3547 4227 3667 4300 ple-

2012 4327 2123 4367 nus
2138 4313 2165 4369 ?
2186 4315 2493 4386 quomodo
2520 4316 2889 4373 castimoniis
2914 4333 3085 4374 arma
3099 4316 3341 4389 posuit?
3355 4316 3665 4389 quomodo

2011 4400 2198 4457 factus
2227 4408 2311 4458 est
2342 4402 2565 4459 diaboli
2591 4407 2818 4476 praeda,
2849 4407 2927 4463 ab
2958 4407 3089 4479 ipso
3110 4410 3342 4478 captus,
3367 4406 3665 4478 ejusdem-

2009 4513 2126 4568 que
2142 4498 2425 4556 voluntati
2452 4502 2846 4574 mancipatus,
2867 4504 3145 4560 abdicato
3162 4505 3401 4575 egregio
3419 4504 3657 4575 Sponso

2010 4587 2261 4643 Domino
2286 4588 2508 4660 gloriae,
2537 4604 2721 4661 penes
2751 4608 2932 4664 quem
2958 4609 3157 4649 rerum
3181 4593 3451 4649 omnium
3474 4592 3663 4664 impe-

2007 4685 2162 4739 rium
2194 4686 2336 4741 est?
2365 4687 2506 4752 Quis
2545 4705 2665 4744 non
2705 4705 2843 4745 cum
2872 4691 3081 4747 intimo
3114 4706 3295 4747 sensu
3327 4689 3549 4745 doloris
3576 4688 3662 4744 in-

2008 4773 2297 4842 gemiscat
2316 4774 2344 4829 ?
2377 4778 2507 4847 quis
2538 4776 2813 4833 delusum
2842 4794 2963 4835 non
2986 4778 3504 4835 commiseratione
3525 4792 3662 4848 pro-

2007 4868 2291 4933 sequatur
2317 4863 2345 4917 7
2385 4864 2772 4936 Obstupesce,
2807 4867 3046 4932 coelum,
3088 4883 3266 4940 super
3291 4868 3405 4923 hoc
3438 4884 3450 4921 :
3481 4870 3656 4932 terra,

2007 4959 2407 5017 calamitatem
2461 4961 2741 5020 inclama.
2794 4965 2949 5030 Quid
3008 4964 3233 5022 factum
3272 4972 3379 5033 est,
3419 4963 3598 5020 frater
3626 4963 3656 5016 ?

2005 5049 2131 5103 Non
2163 5049 2382 5104 veritus
2402 5065 2465 5105 es
2496 5050 2706 5108 saltem
2736 5053 3076 5109 intuentes?
3108 5068 3229 5109 non
3261 5052 3423 5109 hunc
3449 5053 3651 5123 ipsum

2005 5162 2201 5203 aerem
2217 5147 2499 5203 erubuisti
2511 5148 2539 5203 ?
2553 5164 2671 5204 non
2697 5148 2879 5205 tulisti
2900 5148 3152 5221 graviter
3177 5149 3507 5206 detestandi
3531 5166 3651 5205 sce-

2002 5234 2138 5290 leris
2152 5234 2396 5290 fetorem
2410 5236 2437 5291 ?
2455 5239 2617 5292 Tunc
2640 5238 2852 5293 mentis
2872 5253 3122 5310 compos
3141 5237 3169 5293 ?
3195 5239 3422 5295 vivisne
3441 5239 3470 5290 ‘?
3502 5253 3648 5293 num

2004 5323 2193 5379 solem
2220 5324 2463 5379 intueris
2492 5323 2520 5380 ‘l
2549 5341 2625 5381 an
2649 5326 2855 5382 lunam
2884 5328 3074 5382 cernis
3107 5328 3135 5384 ?
3166 5343 3243 5383 an
3274 5326 3469 5382 sidera
3489 5326 3650 5398 aspi-

2002 5421 2085 5477 cis
2108 5422 2135 5477 ?
2168 5421 2286 5477 Dici
2326 5421 2596 5490 omnino,
2629 5423 2746 5479 dici
2774 5439 2897 5479 non
2923 5428 3133 5496 potest,
3162 5428 3457 5497 quantum
3487 5423 3647 5480 istud

1999 5506 2311 5582 ﬂagitium,
2328 5526 2407 5583 qu
2418 5516 2572 5567 antea
2598 5512 3120 5585 tenebraa,quanta
3140 5512 3406 5570 amentia
3431 5512 3521 5569 sit.
3550 5514 3644 5567 At-

1997 5613 2116 5670 que
2156 5599 2386 5658 utinam
2423 5598 2540 5697 huc
2577 5615 2773 5703 usque
2812 5605 3065 5699 tantum.
3083 5599 3364 5691 progredi
3402 5595 3656 5674 deberet
