4062 6280
449 282 592 344 1335

1713 295 1778 352 S.
1817 295 2188 353 THEODORI
2227 294 2555 353 STUDITIE

3667 298 3812 358 i336

407 437 418 442 -
443 411 665 469 oratio!
694 411 943 471 haberet
971 416 1132 473 enim
1162 418 1477 476 calamitas
1507 421 1778 478 modum.
1805 423 1918 479 Sed
1943 423 2096 495 judi-

2212 442 2312 488 τον,
2369 431 2473 495 πῦρ
2560 422 2786 488 αἰώνιον,
2843 428 3026 487 σκότος
3092 424 3334 500 ἐξώτερον
3387 430 3476 477 καὶ
3551 424 3802 498 ἀλαμπὶς,

439 500 626 566 cium,
653 501 848 569 frater,
883 504 1271 573 inexorabile,
1306 509 1462 578 ignis
1491 511 1913 582 sempiternus,
1939 517 2095 567 tene-

441 589 565 646 bras
596 591 914 647 exteriores
944 609 1014 649 ac
1048 596 1378 658 teterrimae,
1417 598 1634 654 stridor
1665 600 1952 666 dentium,
1986 616 2094 655 caa-

441 683 564 735 tera
595 681 906 751 supplicia,
938 683 1158 753 quibus
1210 685 1468 756 improbi
1517 688 1865 754 multantur,
1900 695 1956 744 et
1999 689 2098 746 illa

441 768 684 840 quidem
728 770 1107 828 interminata
1138 774 1196 829 in
1245 783 1618 846 perpetuum.
1655 778 1872 833 Omitto
1911 779 2097 834 bono-

441 872 572 911 rum
592 857 909 928 jacturam.
935 877 1118 930 quam
1142 863 1270 933 ipse
1295 863 1396 919 tibi
1424 866 1802 921 accersivisti.
1831 867 1972 934 Quas
2000 867 2097 924 illa

425 961 622 1016 'porro
649 948 677 1003 ?
700 949 842 1002 Cum
871 949 987 1004 Deo
1010 966 1159 1015 esse,
1191 953 1482 1018 gaudium
1507 954 1950 1026 inexplicabile,
1977 956 2097 1013 vita

442 1033 818 1102 immortalis,
859 1037 1059 1094 laetitia
1100 1041 1486 1111 sempiterna,
1527 1044 1788 1112 paradisi
1848 1044 2093 1112 deliciae,

443 1129 666 1180 sanctae
691 1127 983 1182 Trinitatis
1014 1128 1317 1198 splendor,
1348 1132 1576 1204 quaevis
1604 1135 1738 1198 alia,
1767 1139 1822 1188 et
1852 1151 1987 1206 quae
2013 1135 2096 1189 di-

444 1212 597 1268 citur
626 1219 680 1269 et
723 1231 858 1285 qua;
896 1217 1238 1287 intelligitur
1267 1218 1539 1276 felicitas.
1584 1223 1707 1276 Huc
1748 1222 1914 1282 ades.
1954 1224 2092 1289 huc,

444 1301 717 1374 inquam,
751 1305 870 1360 ﬁli:
906 1309 1336 1377 expergiscere,
1391 1317 1702 1377 revertere,
1759 1329 2044 1368 renovare
2079 1330 2091 1368 :

445 1392 880 1465 excuteinjecta
907 1396 1006 1450 tibi
1033 1397 1110 1451 ab
1137 1397 1304 1453 hoste
1328 1399 1562 1454 vincula
1586 1401 1840 1469 peccati:
1875 1403 1951 1456 ab
1982 1405 2098 1457 Eva

443 1480 721 1538 divellere
737 1501 749 1538 :
766 1485 840 1538 ad
856 1485 1271 1542 immemorem
1287 1489 1368 1560 inj
1383 1490 1642 1544 uriarum
1658 1490 2094 1560 plenissimum-

444 1585 560 1642 que
616 1571 1008 1629 humanitatis
1063 1576 1262 1630 Jesum
1299 1579 1536 1633 accede.
1573 1582 1652 1634 Ex
1696 1580 1952 1634 adverso
1979 1577 2098 1633 cla-

444 1665 606 1716 mat:
646 1663 859 1724 Vem'te.
884 1681 1078 1720 omnes
1103 1668 1210 1738 qui
1230 1667 1512 1724 laboratis
1544 1677 1594 1726 et
1625 1671 1859 1725 onerati
1885 1669 2020 1724 estis
2047 1669 2097 1703 9°

443 1755 722 1820 peccatis.
756 1753 1006 1808 Obviam
1037 1755 1306 1825 procedit
1329 1757 1474 1828 ipse,
1506 1759 1623 1813 ruit
1649 1759 1706 1813 in
1730 1758 2095 1826 amplexum,
2135 1790 2176 1843 Β

444 1837 695 1895 domum
751 1841 996 1908 inducit,
1043 1861 1152 1899 nec
1205 1846 1405 1916 priora
1435 1847 1777 1918 exprobrat,
1811 1847 1969 1901 diem
2011 1846 2097 1901 fe-

446 1933 602 1983 stum
651 1945 889 1985 rursum
931 1934 1073 2001 agit,
1119 1935 1436 2005 prodigum
1470 1941 1686 1990 servat.
1745 1936 1951 2008 Utique
1991 1951 2098 1991 oro

445 2021 523 2084 te,
552 2018 654 2081 ﬁli,
689 2019 850 2086 audi,
885 2023 1222 2089 exardesce,
1251 2023 1465 2080 vulnus
1496 2025 1648 2080 infer
1669 2025 1720 2080 ei
1751 2027 1852 2096 qui
1883 2025 1985 2080 tibi
2014 2025 2098 2079 in-

446 2107 594 2162 tulit.
631 2111 770 2165 Veni
803 2111 1022 2183 itaque,
1051 2113 1186 2167 veni
1220 2114 1532 2170 confestim
1573 2114 1651 2170 ad
1683 2130 1790 2170 nos
1831 2119 2096 2186 peccato-

445 2212 559 2252 res.
590 2200 710 2268 Ego
743 2201 1007 2256 animam
1053 2218 1249 2258 meam
1280 2219 1440 2274 pono
1467 2220 1576 2274 pro
1607 2208 1698 2258 te:
1729 2219 1840 2273 ego
1871 2220 1980 2274 pro
2010 2219 2100 2258 sa-

447 2286 565 2341 lute
593 2293 694 2344 tua
724 2305 1015 2360 sponsor:
1045 2307 1156 2359 ego
1191 2296 1242 2345 te
1271 2293 1504 2348 lenibus
1533 2293 1986 2349 medicamentis
2011 2309 2100 2348 sa-

448 2378 606 2432 nabo
639 2393 652 2432 :
680 2394 790 2447 ego
824 2380 1000 2433 miser
1030 2397 1164 2437 cum
1192 2382 1311 2436 Deo
1343 2382 1648 2438 amantius
1672 2387 1724 2438 te
1748 2399 1930 2453 quam
1954 2381 2098 2438 olim

449 2466 798 2536 amplectar.
829 2471 1080 2524 Tantum
1110 2470 1346 2535 advola,
1382 2477 1612 2526 tantum
1637 2487 1708 2526 ne
1741 2476 1969 2543 perstes
2000 2471 2099 2526 ad-

448 2554 564 2608 huc
592 2571 605 2608 :
637 2555 738 2609 sed
787 2560 966 2612 Evam
1018 2559 1261 2630 quidem
1295 2560 1545 2624 dimitte,
1602 2577 1746 2616 suos
1781 2565 1839 2615 ut
1881 2561 2102 2616 habeat

449 2643 562 2698 sibi
594 2643 790 2702 ludos.
827 2647 878 2701 Si
924 2653 1124 2704 autem
1158 2649 1281 2704 voci
1315 2649 1534 2705 divinte
1585 2651 1981 2722 obtemperat,
2040 2651 2098 2706 in

448 2736 874 2789 monasterium
909 2737 1119 2795 trude:
1154 2739 1412 2810 teipsum
1457 2756 1594 2796 vero
1637 2741 1755 2794 Deo
1791 2739 2100 2795 exhibebis

451 2825 506 2876 et
538 2821 732 2877 nobis.
767 2824 1038 2881 Obtestor
1089 2827 1267 2896 igitur
1296 2844 1499 2884 coram
1541 2833 1657 2885 Deo
1689 2834 1744 2884 et
1773 2829 1971 2884 electis
2001 2845 2103 2885 an-

452 2909 621 2979 gelis,
649 2915 713 2966 ut
736 2913 863 2969 haec
895 2915 1147 2971 audiens
1196 2933 1394 2973 mores
1426 2924 1639 2983 mutes,
1673 2925 1728 2974 et
1759 2917 1836 2974 ad
1861 2934 1973 2974 nos
2003 2934 2102 2974 ac-

451 2999 699 3066 celeres,
723 3007 1048 3075 antequam
1074 3005 1208 3061 finis
1229 3008 1525 3072 adveniat.
1553 3014 1876 3080 antequam
1899 3012 2102 3064 contra

451 3092 510 3144 te
528 3090 720 3147 venire
749 3091 904 3147 fores
929 3094 1204 3152 occludat
1225 3097 1589 3154 inexorabile
1615 3113 1994 3169 responsum.

733 3182 989 3240 LXXXIX.
1024 3217 1091 3225 —
1129 3186 1451 3258 Theophila
1474 3190 1814 3257 praeposito.

2207 511 2442 584 βρυγμὸς
2483 509 2728 578 ὀδόντων,
2781 513 2986 566 ἅπαντα
3027 516 3094 567 τά
3144 513 3274 566 ἄλλα
3345 514 3692 588 κολαστήρια,
3752 516 3803 568 ἐν

2207 602 2283 662 οἷς
2336 605 2365 660 ἡ
2424 602 2634 667 εῦθύνη,
2685 608 2775 655 καὶ
2830 604 2962 662 αὕτη
3006 603 3289 679 ἀπέραντος
3328 605 3398 665 εἰς
3437 604 3640 666 αἰῶνας.
3706 610 3808 658 Καὶ

2207 695 2349 743 οὔπω
2400 691 2532 762 λέγω
2588 701 2684 744 τῶν
2749 691 2958 764 ἀγαθῶν
2991 699 3082 752 τήν
3132 692 3457 758 ἀπόπτωσιν,
3510 697 3570 754 ἣν
3604 702 3807 764 σεαυτῷ

2205 780 2564 854 προεξένησας.
2621 787 2713 843 Τίς
2771 783 2901 840 αῦτη
2949 804 2959 846 ;
3003 785 3130 854 μετά
3180 790 3313 836 Θεοῦ
3357 786 3615 854 γενέσθαι,
3655 787 3807 858 χαρὰ

2208 867 2562 935 ἀνεκλάλητος,
2665 871 2771 931 ζωή
2850 870 3125 942 ἀκήρατος,
3216 871 3504 944 εὐφροσύνη
3582 871 3806 941 αἰώνιος,

2206 962 2370 1030 τρυφή
2411 955 2761 1032 παραδείσου,
2790 967 2883 1022 τῆς
2914 960 3066 1032 ἁγίας
3090 957 3321 1035 Τριάδος
3349 960 3618 1033 ἔλλαμψις,
3661 967 3812 1013 πᾶσα

2206 1047 2332 1105 ἄλλη
2377 1054 2465 1100 καὶ
2517 1048 2762 1120 λεγομένη
2816 1054 2906 1101 καὶ
2958 1055 3204 1120 νοουμένη
3254 1056 3600 1125 μακαριότης.
3653 1057 3811 1124 Δεῦρο

2209 1132 2276 1193 δή
2330 1133 2436 1201 οὖν,
2501 1133 2676 1208 δεῦρο,
2736 1141 2929 1203 τέκνον,
2975 1136 3255 1209 ἀνάνηψον,
3299 1137 3638 1205 ἀνακλήθητι,
3681 1137 3808 1190 ἀνα-

2207 1227 2532 1293 καινίσθητι,
2557 1225 2712 1300 ῥίψον
2734 1227 2800 1278 τά
2835 1231 3203 1298 συμπλακέντα
3230 1247 3314 1280 σοι
3343 1229 3444 1279 ὑπὸ
3483 1236 3573 1280 τοῦ
3611 1229 3808 1301 ἐχθροῦ

2210 1319 2425 1386 σχοινία
2453 1323 2548 1376 τῆς
2593 1315 2850 1388 ἁμαρτίας
2891 1334 2902 1345 ·
2942 1313 3270 1388 διατμήθητι
3319 1325 3414 1378 τῆς
3445 1320 3575 1380 Εὔας
3599 1338 3611 1350 ο
3646 1322 3808 1388 πρόσ-

2209 1403 2336 1456 ελθε.
2374 1412 2444 1473 τῷ
2507 1406 2853 1476 ἀμνησικάκῳ
2917 1411 3004 1458 καὶ
3068 1406 3539 1480 φιλανθρωποτάτῳ
3607 1407 3805 1464 Ἰησοῦ.

2206 1491 2491 1567 Ἀντικρυς
2519 1491 2623 1566 βοᾷ
2651 1509 2663 1522 ’
2710 1501 2898 1548 Δεῦτε
2949 1495 3180 1554 πάντες
3219 1497 3277 1548 οἱ
3314 1503 3661 1556 κοπιῶντες
3701 1499 3810 1546 καὶ

2207 1600 2362 1652 πεφο
2380 1586 2717 1652 ρτισμένοι
2778 1589 2889 1643 ταῖς
2923 1581 3215 1654 ἁμαρτίαις.
3277 1582 3520 1654 ’Υπαντᾷ,
3578 1582 3814 1654 περιπλέο

2207 1689 2372 1733 κεται,
2425 1669 2784 1737 εἰσοικίζεταε,
2839 1671 2932 1722 οὑκ
2998 1671 3200 1742 ἐγγαλεί
3228 1677 3340 1745 περὶ
3374 1682 3470 1724 τῶν
3502 1677 3759 1747 προτέρων
3793 1689 3810 1702 ⁶

2208 1757 2318 1829 ἆγει
2353 1763 2442 1811 καὶ
2485 1759 2636 1812 πάλιν
2681 1759 2882 1834 ἑορτὴν,
2941 1761 3094 1820 σώζει
3147 1766 3232 1812 τόν
3290 1760 3666 1816 ἀσωτευθέντα.
3706 1766 3817 1814 Ναὶ

2209 1845 2396 1920 δέομαί
2453 1868 2568 1914 σου,
2626 1853 2818 1914 τέκνον,
2871 1851 3116 1914 ἄκουσον,
3153 1849 3422 1922 ἐξάφθητι,
3469 1859 3666 1923 τρῶσον
3717 1854 3814 1902 τόν

2208 1939 2480 2006 τρώσαντά
2520 1957 2594 1990 σε.
2631 1937 2760 1990 Ἥκε
2817 1935 2924 2006 οὖν,
2975 1939 3066 1997 ἧκε
3113 1941 3270 2010 τάχει
3327 1945 3453 2011 πρὸς
3506 1943 3642 2011 ἡμᾶς
3684 1944 3812 2001 τοῦς

2208 2026 2567 2098 ἁμαρτωλούς.
2595 2028 2729 2099 Ἐγὼ
2771 2032 2863 2085 τήν
2917 2027 3103 2098 ψυχήν
3147 2048 3247 2098 μου
3289 2031 3473 2101 τίθημι
3504 2029 3626 2102 ὑπὲρ
3660 2035 3756 2080 σοῦ
3789 2044 3806 2057 ·

2209 2115 2305 2188 ἐγὼ
2357 2119 2618 2188 ἐγγυητὴς
2676 2127 2763 2178 τῆς
2825 2123 3085 2189 σωτηρίας
3140 2138 3233 2170 σου
3264 2135 3276 2147 ο
3326 2117 3423 2190 ἐγώ
3458 2139 3513 2172 σε
3555 2119 3816 2191 ἱατρεύσω

2210 2205 2423 2268 ἁπαλοῖς
2464 2209 2755 2280 φαρμάκοις
2787 2225 2799 2237 °
2835 2211 2934 2278 ἐγὼ
2987 2212 3080 2258 σὺν
3111 2209 3222 2278 Θεῷ
3252 2210 3276 2260 ὁ
3307 2209 3462 2269 τάλας
3500 2211 3818 2279 ἀσπάσομαί

2214 2315 2269 2348 σε
2327 2297 2453 2370 ὑπὲρ
2501 2300 2560 2348 τὸ
2613 2302 2879 2370 πρότερον.
2937 2303 3101 2350 Μόνον
3154 2295 3482 2371 πρόσδραμε,
3529 2318 3678 2369 μονον
3737 2302 3813 2368 μὴ

2214 2393 2340 2456 στῇς
2395 2387 2490 2450 ἔτι,
2539 2384 2668 2436 ἀλλά
2720 2390 2812 2443 τήν
2855 2389 2942 2455 μὲν
2979 2381 3110 2437 Εὑαν
3141 2387 3262 2458 ἄφες
3293 2386 3363 2448 εἰς
3393 2386 3576 2444 ἑαυτήν
3605 2387 3817 2446 παίζειν

2212 2473 2272 2524 Εἰ
2302 2469 2350 2525 δ’
2384 2470 2470 2526 οὑν
2535 2472 2710 2526 ἀκούει
2770 2476 2936 2537 θείως,
2987 2473 3205 2544 ἔμϐαλον
3253 2474 3323 2537 εἰς
3384 2483 3610 2547 σεμνεῐον
3641 2495 3653 2506 ο
3686 2495 3816 2527 σαυ-

2209 2567 2296 2615 τὸν
2349 2561 2409 2616 δέ
2459 2564 2691 2638 παρέξεις
2747 2573 2818 2634 τῷ
2873 2572 2986 2634 Θεῷ
3046 2569 3134 2615 καὶ
3182 2567 3324 2637 ἡμῖν,
3385 2567 3817 2638 Διαμαρτύρομαι

2211 2649 2297 2704 οὖν
2352 2652 2561 2706 ἐνώπιον
2614 2660 2705 2706 τοῦ
2762 2661 2894 2706 Θεοῦ
2937 2673 3026 2704 και
3085 2661 3184 2704 τῶν
3246 2653 3488 2706 ἐκλεκτῶν
3561 2651 3814 2724 ἀγγέλων,

2213 2742 2294 2792 ἵνα
2351 2744 2543 2793 τούτων
2621 2739 2846 2805 ἀκούων,
2925 2739 3149 2814 ἀλλάξης
3226 2741 3426 2807 ἑαυτὸν,
3497 2749 3813 2812 κατεπείγων

2210 2833 2338 2903 πρὸς
2377 2833 2516 2902 ἡμᾶς
2547 2836 2666 2903 πρὶν
2697 2835 2726 2889 ἤ
2759 2833 2945 2904 φθάσει
2972 2834 3028 2880 τό
3061 2830 3195 2891 τέλος
3236 2845 3250 2858 ⁸

2211 2923 2346 2974 κατά
2378 2927 2471 2973 σοῦ
2502 2921 2530 2978 ἠ
2563 2918 2918 2993 ἀπαραίτητος
2952 2918 3232 2992 ἀπόφασις.

3286 2838 3405 2903 πρὶν
3445 2833 3473 2891 ἢ
3520 2830 3809 2884 ἀποκλείσει

2429 3184 2560 3238 ΠΘ’.
2596 3215 2660 3226 -
2698 3187 2979 3259 Θεοφίλῳ
3011 3190 3360 3260 ἡγουμένῳ.
3417 3186 3598 3260 [φοθ’.]

510 3277 913 3343 lncxepatquod
948 3286 1331 3345 persecutionis
1348 3289 1587 3350 tempore
1617 3301 1738 3336 cum
1757 3284 2123 3336 lconomachis
2146 3285 2612 3334 communicasset.
2639 3285 2894 3333 Hortatur
2923 3288 2982 3333 ut.
3001 3287 3213 3348 culpam
3243 3287 3555 3349 poenitentia
3583 3285 3741 3334 cluat.

521 3369 647 3422 Non
674 3385 871 3440 pauca
892 3372 969 3426 ad
1001 3389 1097 3428 me
1127 3374 1325 3430 delata
1355 3377 1585 3431 suntde
1613 3381 1714 3432 tua
1743 3376 2099 3439 reverentia,

435 3457 536 3513 'ob
567 3474 698 3529 quia
729 3476 850 3516 non
901 3463 1186 3519 mediocri
1245 3482 1408 3522 eram
1457 3466 1661 3522 dolore
1685 3467 1968 3522 affectus:
2000 3464 2104 3519 sed

452 3547 584 3602 haec
600 3548 1239 3608 discussitveneranda
1252 3560 1352 3610 tua
1368 3555 1636 3628 epistola.
1653 3556 1905 3610 Admisit
1918 3555 2099 3618 enim,

452 3636 650 3691 audeo
703 3637 921 3702 dicere,
985 3642 1401 3711 paenitentiam
1455 3649 1614 3699 tuam
1667 3645 1972 3709 Dominus,
2033 3658 2102 3698 ac

453 3725 920 3784 satisfactionem
945 3745 1050 3801 pro
1072 3732 1410 3788 reversione
1429 3733 1487 3788 in
1516 3733 1941 3788 monasterium
1978 3751 1991 3784 :
2025 3738 2102 3789 et-

452 3814 500 3869 si
530 3819 667 3871 tunc
708 3817 880 3885 juxta
933 3835 1053 3874 non
1086 3821 1213 3885 fuit,
1247 3838 1384 3877 cum
1413 3823 1889 3894 persecutionem
1947 3821 2102 3878 Chri-

451 3907 579 3959 stus
607 3911 924 3973 pateretur.
951 3911 1116 3964 Nunc
1144 3926 1283 3966 vero
1311 3927 1448 3967 cum
1471 3912 1802 3983 persecutio
1826 3912 2098 3978 cessavit,

449 3992 597 4063 quid
628 3993 832 4064 fugam
865 3997 1190 4063 meditaris,
1221 4015 1292 4056 ac
1343 4016 1465 4057 non
1519 4005 1815 4056 certamen
1858 3999 2101 4071 potius?

451 4082 551 4139 Ex
597 4099 707 4150 me,
763 4083 957 4158 inquit
983 4088 1273 4155 videbitis,
1323 4093 1500 4161 atque
1526 4091 1612 4146 ita
1651 4091 1841 4159 facile
1881 4091 1948 4143 ⁸1.
1983 4090 2102 4144 Hoc

454 4174 508 4226 te
555 4173 818 4244 oportuit
868 4174 1177 4248 discipulis
1222 4178 1440 4244 dicere,
1480 4195 1617 4234 cum
1651 4177 2103 4234 sollicitarentur

451 4259 703 4317 domum
730 4265 792 4318 ut
810 4264 1089 4332 redirent,
1119 4281 1238 4322 non
1268 4267 1706 4340 obtemperare,
1739 4271 1796 4322 et
1825 4283 2101 4322 succum-

460 4347 646 4404 bendi
659 4352 1001 4420 exemplum
1017 4353 1174 4409 ﬁeri:
1208 4359 1262 4410 et
1282 4355 1411 4411 haec
1427 4357 1671 4422 quidem
1689 4355 2101 4427 postlapsum.

465 4441 551 4492 An
585 4439 777 4494 nescis
797 4440 1098 4511 abnegato
1129 4443 1356 4501 Christo
1387 4445 1568 4500 fuisse
1598 4445 1700 4501 tibi
1731 4445 2104 4500 communio-

464 4541 602 4582 nem
631 4543 768 4584 cum
789 4529 859 4584 iis
879 4531 982 4600 qui
1002 4531 1184 4602 impio
1211 4548 1407 4589 errore
1425 4534 1661 4590 abducti
1681 4534 1860 4589 sunt?
1880 4533 2102 4589 Deinde

465 4620 789 4689 postquam
843 4620 1257 4689 paanitentiam
1311 4623 1540 4678 subiisti
1566 4639 1672 4696 per
1706 4623 2099 4679 secessionem

464 4704 602 4774 (hoc
633 4705 791 4761 enim
846 4707 1210 4778 paenitentiae
1249 4716 1428 4783 caput
1450 4712 1576 4778 fuit,
1610 4713 1735 4768 sine
1791 4728 1910 4784 quo
1941 4711 2102 4768 nulla

463 4793 680 4849 delicto
709 4797 886 4851 venia
915 4795 1108 4868 foret),
1137 4800 1283 4870 quid
1308 4817 1546 4857 rursum
1579 4802 1655 4858 ad
1687 4802 1897 4857 vitium
1927 4801 2104 4857 deﬂe-

468 4881 599 4937 xisti
621 4882 648 4936 ?
671 4883 938 4950 Ignosce,
963 4887 1164 4942 Pater:
1199 4904 1338 4944 cum
1368 4889 1682 4945 tradideris
1714 4891 1972 4959 teipsum
2011 4889 2104 4944 ul-

457 4973 547 5025 tro
577 4970 897 5028 humilitati
918 4989 1086 5044 meae,
1114 4991 1299 5045 cogor
1329 4983 1618 5050 tanquam
1643 4993 1714 5033 ex
1750 4978 1982 5032 Domini
2003 4993 2103 5032 ore

459 5057 563 5113 tibi
596 5062 1006 5117 convenientia
1036 5063 1222 5136 loqui.
1278 5066 1426 5131 Quin
1462 5066 1796 5130 universos,
1853 5071 1915 5121 ut
1945 5064 2103 5119 simi-

457 5146 590 5201 liter
617 5149 1003 5206 vexationem
1035 5156 1226 5207 tecum
1257 5153 1592 5218 tolerarent,
1639 5154 2104 5208 commonuisti?

457 5239 559 5290 aut
589 5235 636 5289 si
677 5237 920 5305 nollent,
953 5239 1100 5312 quin
1131 5241 1432 5304 dimisisti,
1460 5245 1525 5296 ut
1549 5257 1751 5296 osores
1780 5241 2009 5307 Christi,
2044 5245 2105 5297 ut

458 5323 653 5378 carnis
684 5331 1004 5392 amatores,
1048 5333 1110 5384 ut
1133 5329 1615 5400 inobsequentes,
1657 5345 1778 5384 non
1806 5335 2005 5385 autem
2037 5330 2103 5383 ﬁ-

459 5410 620 5468 lios?
656 5415 808 5480 Quin
837 5416 926 5474 vel
954 5418 1252 5475 minorem
1302 5416 1545 5474 effecisti
1601 5417 1854 5484 cladem,
1885 5422 1940 5476 et
1967 5419 2104 5476 sub-

469 5585 480 5600 ’
570 5587 830 5652 "Matth.
857 5604 942 5660 xz,
970 5588 1067 5654 28.
1138 5588 1187 5630 ἰ
1215 5588 1408 5651 ludio.
1436 5604 1543 5660 vn,
1571 5589 1660 5651 17.

2285 3373 2394 3425 Οὑκ
2425 3373 2574 3445 ὀλίγα
2621 3376 2682 3425 sa
2716 3372 3034 3426 ἀκουσθέντα
3089 3395 3178 3448 μοι
3223 3381 3340 3449 περὶ
3368 3383 3458 3436 τῆς
3508 3378 3809 3446 τιμιότητος

2216 3481 2330 3527 σου,
2355 3463 2388 3513 ἅ
2416 3469 2505 3515 καὶ
2532 3462 2702 3516 ἐλύπει
2731 3484 2794 3535 με
2848 3463 2906 3515 οὗ
2959 3469 3177 3537 μετρίως
3206 3482 3218 3493 ·
3274 3467 3411 3536 ὅμως
3443 3467 3522 3516 ὃτι
3554 3464 3810 3516 ἀπεσκευ-

2212 3553 2455 3609 άσθησαν
2506 3548 2599 3604 διὰ
2651 3561 2744 3604 τοῦ
2773 3558 2944 3624 τιμίου
2997 3573 3089 3605 σου
3119 3555 3446 3627 γράμματος.
3506 3560 3604 3606 Καὶ
3649 3573 3698 3622 γε
3725 3549 3806 3604 δέ·-

2214 3637 2395 3692 δεκταί
2441 3660 2556 3708 σου,
2613 3641 2780 3714 τολμῳ
2822 3641 3000 3713 λέγειν,
3053 3644 3077 3693 ὁ
3138 3646 3320 3715 Κύριος
3374 3648 3464 3700 τήν
3511 3644 3802 3712 μετάνοιαν,

2210 3734 2298 3781 καὶ
2323 3733 2416 3788 τήν
2443 3729 2724 3801 ἀπολογίαν
2752 3739 2847 3794 τῆς
2897 3731 2943 3784 ἐν
2975 3738 3046 3782 τῶ
3075 3736 3410 3806 μοναστηρίῳ
3459 3731 3806 3803 ἀνθυποστρο-

2213 3827 2305 3890 φῆς
2345 3835 2358 3848 °
2417 3819 2459 3871 εί
2501 3825 2589 3872 καὶ
2631 3821 2724 3872 οῦκ
2763 3819 2948 3873 ἀστεία
2989 3829 3274 3878 τηνικαῦτα
3323 3818 3404 3887 ἦν,
3453 3823 3534 3872 ὁτε
3582 3823 3804 3894 Χριστός

2211 3905 2476 3962 ἐδιώκετο.
2525 3907 2680 3982 Ἀρτι
2733 3907 2792 3962 δὲ
2846 3912 2972 3962 ἐπάν
3027 3909 3282 3982 ἐλώφησεν
3341 3912 3366 3961 ὁ
3425 3906 3672 3982 διωγμὸς,
3728 3912 3804 3968 τίς

2210 3997 2357 4068 λόγος
2387 3999 2741 4073 ὑποστροφῆς,
2785 4003 2875 4050 καὶ
2933 3999 3053 4070 οὐχὶ
3086 3998 3276 4070 μᾶλλον
3309 3997 3568 4058 ἀθλήσεως
3603 4015 3616 4062 ;
3675 3996 3801 4052 Ἀπ’

2211 4086 2384 4158 ἐμοῦ,
2443 4092 2619 4159 φησὶν,
2681 4087 2940 4158 ὄψεσθε,
3011 4092 3117 4140 καὶ
3205 4088 3402 4150 οὑτως
3452 4092 3791 4144 ποιήσατε.

2209 4179 2374 4227 Τοῦτό
2405 4195 2460 4227 σε
2488 4171 2595 4228 ἔδει
2625 4175 2947 4248 φθέγξασθαι
2981 4183 3088 4236 τοῖς
3116 4184 3384 4247 φοιτηταῖς
3414 4175 3800 4246 ἐκκαλουμίνοις

2213 4267 2345 4315 οἶκοι
2398 4261 2781 4338 ἔπαναδραμείν
2817 4285 2830 4298 ο
2883 4265 2987 4336 οὐχ
3052 4267 3372 4329 ὑπακοῦσαι,
3432 4269 3522 4316 καὶ
3567 4265 3799 4335 γενέσθαι

2211 4353 2548 4404 ὑποτύπωσιν
2597 4352 2751 4413 ἣττης
2776 4370 2788 4382 '
2823 4357 2910 4405 καὶ
2969 4361 3134 4404 ταῦτα
3190 4355 3319 4425 μετά
3365 4357 3457 4410 τήν
3497 4362 3696 4404 πτῶσιν
3725 4371 3736 4382 ·
3767 4354 3794 4408 ἦ

2211 4442 2305 4494 οὑκ
2348 4439 2503 4494 οἶσθα
2556 4442 2636 4494 ὃτι
2695 4441 2771 4494 ἐπ’
2829 4442 3044 4515 ἀρνήσει
3095 4448 3329 4514 Χριστοῦ
3381 4438 3442 4499 ἦν
3491 4444 3518 4498 ἡ
3565 4445 3800 4493 κοινωνία

2214 4535 2299 4583 σοί
2344 4551 2397 4583 τε
2447 4537 2535 4583 καὶ
2594 4539 2702 4592 τοίς
2752 4533 3169 4602 συναπαχθεῖσιν
3231 4530 3392 4592 ἀθέως
3426 4547 3439 4595 ς
3472 4532 3598 4583 Εἶτα
3624 4525 3795 4585 ἐπειδὴ

2213 4619 2346 4672 εἵλου
2377 4622 2648 4692 μετάνοιαν
2691 4617 2782 4670 διὰ
2820 4629 2910 4680 τῆς
2948 4621 3338 4692 ὑποχωρήσεως
3371 4637 3383 4648 ’
3416 4626 3569 4670 τοῦτο
3617 4621 3715 4691 γὰρ
3745 4621 3798 4668 τό

2212 4710 2480 4781 κεφάλαιον
2533 4718 2622 4769 τῆς
2652 4715 2945 4781 μετανοίας,
2997 4715 3085 4760 καὶ
3138 4711 3201 4771 ἧς
3250 4708 3364 4761 ἀνευ
3420 4708 3798 4779 ἀμεταμέλητος

2211 4800 2241 4856 ἡ
2272 4807 2470 4860 πτῶσις
2498 4814 2510 4826 ·
2565 4802 2617 4850 τί
2656 4797 2808 4849 πάλιν
2867 4801 2948 4848 ἐπὶ
2995 4802 3050 4849 τό
3113 4797 3404 4868 πλημμελὲς
3451 4795 3792 4866 ἀνέκαμψαςς

2212 4889 2499 4958 Σύγγνωθι,
2553 4888 2714 4959 Πάτερ
2757 4904 2769 4916 ·
2807 4885 3170 4957 ἀναγκάζομαι
3204 4883 3470 4946 ἐπιδόντος
3515 4905 3608 4937 σου
3657 4903 3798 4936 aruu-

2212 4979 2297 5027 τόν
2340 4985 2402 5048 τῇ
2444 4982 2745 5028 ταπεινώσει
2786 4995 2907 5045 μου,
2959 4975 3119 5045 λέγειν
3180 4994 3260 5026 σοι
3301 4977 3364 5034 ὡς
3412 4974 3511 5026 ἀπὸ
3547 4981 3798 5043 στόματος

2216 5069 2408 5137 Κυρίου
2453 5067 2516 5116 τά
2563 5069 2910 5137 προσήκοντα.
2964 5070 3026 5115 Τί
3085 5063 3142 5115 οὑ
3195 5065 3386 5123 πάντας
3423 5067 3453 5120 ἤ
3507 5064 3801 5134 ὁμοτρόπως

2215 5151 2600 5206 συνδιώκεσθαί
2655 5172 2737 5204 σοι
2788 5153 3188 5212 νενουθέτηκας·
3252 5152 3280 5211 ἦ
3333 5156 3405 5222 μὴ
3459 5149 3801 5223 βουλομένους

2213 5241 2391 5303 εἴασας
2422 5246 2490 5303 ὡς
2527 5247 2936 5314 μισοχρίστους,
2996 5244 3065 5302 ὡς
3106 5240 3469 5314 φιλοσάρκους,
3529 5244 3595 5290 ὠν
3653 5240 3805 5290 ἀπει-

2215 5334 2337 5397 θεῖς,
2382 5330 2488 5383 ἀλλ⁹
2520 5332 2624 5404 οὐχ
2653 5334 2838 5402 υἱούς;
2897 5329 2998 5384 Κάν
3030 5334 3193 5401 τούτῳ
3235 5335 3323 5380 καὶ
3375 5334 3467 5387 τήν
3515 5329 3673 5386 ἧτταν
3719 5327 3804 5379 ἀν-

2215 5419 2438 5477 εκαλέσω
2480 5421 2667 5488 καλῶς,
2709 5425 2795 5474 καὶ
2842 5427 2949 5487 τοῖς
2989 5421 3088 5474 ὑπὸ
3142 5427 3297 5495 χεῖρα
3329 5421 3497 5490 ἐγένου
3528 5419 3804 5493 ὑπογραμ-
