4062 6280
298 346 434 408 1337

294 479 392 549 μὸς
443 479 702 551 χρηστὸς,
732 483 820 530 καὶ
866 485 926 550 τῇ
981 475 1264 549 Ἐκκλησία
1314 484 1546 552 Χριστοῦ
1597 479 1769 550 ὤφθης
1806 476 1882 528 οἰ·
1920 478 1963 529 Α

293 563 522 638 κοὸομή,
554 565 666 620 ἀντὶ
697 567 1019 630 καταλύσεως
1047 571 1316 641 προτέρας.

363 743 540 803 Οὕτως
592 743 872 818 εἰργάσατο
925 745 949 794 ό
1007 742 1396 816 θεοφιλέστατος
1450 739 1666 814 ἀδελφός
1718 744 1882 813 ἡμῶν,

291 836 381 882 καὶ
441 833 719 904 ἡγούμενος
769 840 860 884 τοῦ
916 829 1183 889 Μηδικίου
1231 852 1244 865 ο
1303 833 1464 893 οὕτως
1521 833 1546 883 ό
1599 831 1886 902 ἁγιώτατας

298 925 476 993 Πατήρ
529 924 673 993 ἡμῶν
751 931 842 982 τῆς
916 919 1232 982 Λαοδικείας
1288 941 1299 954 ·

293 1015 442 1062 Δυοίν
492 1011 702 1085 θάτερον
756 1011 838 1064 ἐἰ
894 1010 1270 1083 οὗτοιένόμως,
1320 1010 1472 1070 αὐτὸς
1522 1008 1743 1081 ἀνόμως,
1797 1013 1886 1060 καὶ

293 1099 338 1150 εἳ
389 1103 467 1161 τίς
523 1119 605 1152 σοι
658 1102 848 1172 ὁμοίως
911 1097 1184 1172 δέδρακεν.
1254 1098 1384 1151 Ἀλῖ
1442 1100 1545 1152 εἰσὶ
1597 1117 1748 1160 τινες,
1819 1101 1883 1157 ὡς

1631 1205 1764 1238 ’ων
1816 1206 1882 1238 τα

1375 923 1482 973 ἐπεὶ
1546 925 1634 972 καὶ
1701 920 1880 991 ἕτεροι.

290 1190 552 1260 μανθάνω,
611 1197 707 1251 τῆς
766 1197 1214 1262 συμπτωματικῆς
1267 1194 1588 1260 συστοιχίας

293 1277 521 1350 ὀνόματα
574 1278 700 1331 ἑκὼν
745 1278 1110 1352 ὑπερϐήσομαι
1143 1293 1156 1308 ⁸
1191 1280 1241 1330 οἵ
1285 1278 1525 1350 λέγουσιν
1565 1279 1689 1349 ὑπὲρ
1730 1275 1887 1336 αὐτῆς

292 1364 424 1440 μηδ’
455 1369 623 1420 ὁτιοῦν
668 1376 950 1440 μετανοεῖν,
983 1366 1112 1441 μηδ’
1145 1364 1208 1420 αὖ
1258 1372 1305 1421 ἓν
1357 1369 1763 1441 συγχωρητικὸν
1796 1371 1885 1417 xui

292 1462 444 1528 μόνον
496 1456 730 1523 ἐξαιτεῖν,
782 1463 871 1510 καὶ
929 1458 1098 1519 καλῶς
1151 1462 1486 1516 πεποιηκέναι
1519 1476 1532 1489 '
1584 1456 1639 1519 ἐξ
1690 1456 1749 1508 οὗ
1796 1461 1886 1508 xui

293 1549 341 1600 οὶ
385 1545 618 1620 ἀδελφοὶ,
662 1553 811 1621 φασὶ,
869 1554 1142 1611 σέσωνται,
1194 1555 1283 1601 καὶ
1325 1551 1374 1600 οἱ
1425 1553 1538 1600 ναοὶ
1597 1546 1880 1600 ἀσίναντοι.

289 1636 355 1688 Ὠ
391 1645 480 1698 τῆς
535 1644 824 1712 πωρὼσεως
885 1639 896 1692 l
948 1639 987 1689 ὦ
1059 1645 1154 1699 τῆς
1249 1641 1533 1710 θεομαχίας
1581 1636 1593 1692 ι
1656 1641 1883 1710 Χριστός

1848 1729 1878 1786 ἡ

290 1820 554 1877 Θεοτόκος,
612 1817 860 1868 ὁστισοῦν
925 1825 1023 1868 τῶν
1081 1815 1240 1887 ἁγίων
1303 1813 1512 1869 ’δι’ὧν
1563 1821 1652 1868 καὶ
1701 1816 1880 1890 ἀρχιε-
1923 1828 1960 1882 Β

1791 1925 1880 1957 και

291 1729 503 1800 ἤρνήτο,
566 1725 905 1798 ἀθετούμένης
961 1735 1055 1789 τῆς
1120 1728 1274 1799 ἁγίας
1321 1727 1481 1779 αὐτοῦ
1535 1726 1722 1787 εἰκόνος
1774 1746 1786 1758 ·

288 1908 402 1978 ρεύς
456 1902 736 1970 δεδίωκτο,
811 1912 900 1958 καὶ
979 1906 1258 1958 ἐπίσκοποι
1329 1907 1702 1980 περιορίζοντο,

289 1995 567 2064 ἡγούμενοι
635 1997 1097 2060 ταυτοπαθοῦντες,
1166 2000 1393 2067 μοναχοὶ
1462 2000 1551 2047 καὶ
1629 1994 1880 2066 μονάζον-

293 2101 400 2146 σαι,
451 2083 641 2150 λιαίκοὶ,
708 2083 992 2145 λαῖζουσαι
1035 2107 1046 2118 ·

876 2174 996 2227 οἴλλο
1005 2195 1020 2226 ι

639 2263 782 2316 ἄλλοι
840 2265 1284 2336 θαλαττευόμενοι,
1347 2266 1508 2337 ἕτεροι
1571 2267 1880 2336 θανατούμε-

1101 2087 1150 2137 οί
1205 2089 1294 2157 μὲν
1346 2091 1675 2157 τυπτόμενοι,
1719 2087 1880 2159 ἕτεροι

288 2178 652 2246 φρουροὺμενοι
759 2191 772 2207 ⁸
876 2175 1020 2227 ἄλλοι
1141 2175 1610 2247 λιμοκτονούμενοι,
1719 2176 1881 2248 ἕτεροι

290 2263 512 2337 ξεόμενοι
567 2279 580 2291 ⁶

498 2353 643 2405 ἄλλοι
719 2354 1153 2426 κρυπταζόμενοι,
1227 2356 1390 2427 ἕτεροι
1460 2351 1875 2427 δραπετεύοντες.

1476 2443 1649 2516 πλήρη
1691 2445 1754 2494 τά
1785 2447 1876 2516 ὅρη

287 2374 363 2405 νοι
420 2371 430 2382 ⁵

290 2443 504 2515 Πλήρεις
536 2446 589 2495 αὶ
637 2446 848 2517 ἑρημίαι
902 2448 989 2495 xui
1037 2446 1103 2495 τὰ
1144 2443 1377 2502 σπήλαια
1419 2461 1430 2474 ’

287 2537 376 2583 καὶ
433 2533 486 2585 αἱ
535 2534 694 2585 νάπαι
725 2550 740 2564 ⁸
804 2535 991 2605 σάρκες
1041 2539 1374 2605 κοπτόμεναι,
1434 2533 1632 2604 αἵματα
1674 2533 1874 2605 ῥέοντα,

290 2622 319 2678 ἡ
354 2621 469 2674 καθ’
516 2625 650 2694 ἢμᾶς
703 2623 974 2688 οἰκουμένη
1032 2619 1432 2694 κωδωνιζομένη
1486 2630 1558 2692 τῷ
1613 2619 1874 2692 διωγμῷ⁰

289 2716 436 2762 πᾶσα
490 2713 519 2770 ή
574 2714 662 2764 ὑπ’
705 2712 918 2786 οὐρανὸν
972 2715 1040 2773 ὡς
1091 2712 1249 2764 εἰπεῖν
1319 2715 1735 2782 στοναχίζουσα,
1791 2715 1878 2762 καὶ

288 2801 681 2854 κατακλαίουσα
734 2821 746 2874 ᾖ
798 2807 888 2854 καε
945 2806 1030 2867 σὺ,
1093 2802 1131 2853 ὦ
1189 2802 1474 2874 τρισάθλιε,
1527 2800 1760 2861 ἑαλωκὼς
1815 2808 1875 2872 τῇ

287 2888 612 2964 ψυχοφθόρῳ
667 2896 926 2963 κοινωνίᾳ,
981 2897 1069 2943 καὶ
1121 2895 1281 2961 μένων
1336 2891 1404 2942 εἰ5
1456 2893 1513 2941 τό
1569 2889 1826 2960 ὄλετήριον
1860 2905 1872 2919 ·

289 2977 366 3030 ἐπ’
392 2978 450 3030 ἆν
477 2979 658 3042 οὕτως·
695 2979 801 3032 ἀλλ’
846 2980 904 3032 οὐ
948 2985 1299 3055 μοναστήριον
1333 2998 1346 3009 ’
1374 2979 1535 3050 λέγεις
1583 2975 1642 3031 οὗ
1691 2981 1831 3050 ἔχειν
1859 2994 1872 3008 ·

285 3072 375 3120 καὶ
420 3067 624 3140 ἐγγελᾲς
676 3066 978 3129 Ἰουδαῑκῶς
1043 3073 1161 3128 τοὺς
1217 3072 1633 3140 Χριστοφόρους,
1688 3067 1876 3128 μᾶλλον

286 3155 346 3209 δὲ
385 3157 539 3209 αὐτὸν
588 3162 830 3230 Χριστὸν,
877 3160 1002 3232 ὑπὲρ
1037 3158 1097 3210 οὗ
1126 3163 1215 3210 καὶ
1261 3161 1318 3210 τό
1349 3160 1601 3229 πάσχειν,
1637 3163 1788 3208 Ποῖον
1819 3153 1877 3208 δὲ
1910 3183 1950 3240 C

283 3251 374 3298 xui
429 3242 672 3299 διεσώσω
717 3251 856 3310 ναὸν,
905 3251 990 3298 τόν
1038 3251 1156 3299 ναόν
1188 3255 1279 3299 τοῦ
1315 3254 1448 3299 Θεοῦ
1501 3248 1686 3317 μιάνας
1725 3265 1875 3298 σεαυ-

282 3339 414 3400 τόν;
473 3341 626 3396 Τίνας
683 3333 741 3388 δὲ
817 3342 905 3388 καὶ
960 3332 1218 3407 ἀδελφαὺς
1276 3335 1550 3408 ἐφυλάξω·
1613 3332 1878 3409 διεφθορό-

281 3445 372 3484 τας
446 3433 507 3497 τῇ
577 3425 784 3498 ὀλεθρία
834 3446 928 3478 σου
982 3432 1243 3498 κοινωνίᾳ,
1303 3425 1397 3477 κᾶν
1455 3429 1502 3477 ἐν
1576 3423 1875 3498 βρώμασις

285 3510 576 3566 σκάνδαλον
633 3522 725 3566 τοῦ
781 3519 1001 3588 κόσμου,
1059 3512 1358 3587 ὑπόδειγμα
1417 3515 1698 3587 ἀρνήσεως,
1754 3533 1879 3585 προ-

282 3607 447 3674 τροπή
507 3602 779 3667 ἀπωλείας,
835 3604 987 3676 σὰρξ,
1049 3603 1154 3654 ἀλλ’
1216 3604 1273 3656 οὗ
1351 3612 1573 3675 πνεῦμα,
1658 3607 1874 3676 σκοτήρ,

284 3691 389 3743 ἀλλ’
439 3692 497 3743 οὗ
548 3697 772 3764 φωστὴρ.
817 3699 992 3745 Ταῦτα
1042 3693 1172 3750 αὐτή
1238 3695 1267 3751 ἡ
1323 3691 1539 3750 ἀλήθεια
1598 3691 1698 3764 βοᾷ
1750 3697 1880 3766 πρὸς

283 3785 397 3840 τοὺς
457 3781 622 3842 οὕτως
671 3781 984 3842 ἀσεϐοῦντας
1019 3800 1030 3811 ”
1081 3782 1164 3842 οὓς
1219 3782 1261 3834 εἰ
1323 3787 1394 3853 μή
1461 3787 1879 3853 μετανοήσουσιν

283 3869 529 3940 ἐπιλέγειν
571 3869 735 3932 οὕτως
755 3872 902 3935 οῐθεα,
936 3875 994 3922 οὐ
1017 3873 1359 3944 Χριστιανοὺς
1392 3871 1631 3940 ἡγητέον.

357 4039 618 4109 Ἠκουσας
691 4051 748 4099 τό
815 4054 996 4120 κρῖμα,
1084 4048 1250 4117 Πάτερ
1288 4064 1299 4075 ·
1363 4047 1670 4119 ἡμάρτηκας
1745 4047 1874 4098 ὑπο-

283 4135 509 4207 στρέψας
551 4141 640 4189 καὶ
693 4138 950 4197 ήθετηκὼς
988 4140 1079 4194 τήν
1133 4137 1448 4206 ὑπόσχεσιν.
1506 4135 1638 4193 Πλὴν
1670 4136 1695 4186 ό
1745 4135 1871 4207 ἀγα-

283 4227 364 4284 θός
403 4230 533 4288 Θεὸς
597 4230 944 4300 συγχωρήσει
1002 4244 1104 4277 σοι.
1161 4232 1344 4278 Μεῖνον
1385 4221 1471 4276 οὖν
1522 4225 1642 4296 οῖρτι
1698 4224 1745 4275 ἐν
1803 4233 1873 4296 τῷ

281 4319 634 4390 μοναστηρίῳ,
695 4315 770 4367 ἐπ’
803 4313 863 4366 ἂν
929 4314 1174 4387 μετῆλθεν
1228 4314 1390 4374 ἄλλως
1438 4316 1500 4365 τὰ
1537 4315 1823 4387 πράγματα
1857 4331 1868 4343 ·

282 4405 527 4474 ἐχόμενος
572 4411 665 4456 τοῦ
704 4404 984 4475 ὁμολογοῦν
1015 4409 1168 4455 παντὶ
1199 4402 1453 4474 ἀνθρώπῳ
1483 4406 1540 4454 τὸ
1583 4405 1813 4476 ἧμαρτον
1855 4420 1867 4432 ⁸

282 4493 350 4553 ὡς
401 4491 459 4543 ἂν
513 4494 538 4544 ό
577 4497 701 4554 Θεὸς
740 4493 1091 4564 εὐμενισθείη,
1141 4498 1230 4544 καὶ
1279 4492 1516 4563 ἀναγάγη
1588 4512 1644 4544 σε
1691 4493 1762 4554 είς
1813 4496 1870 4544 τὸ
1905 4537 1951 4592 D

280 4584 526 4654 πρότερον
571 4590 695 4654 φῶς,
755 4584 837 4634 ὅτε
895 4585 1041 4653 ηὔγει
1091 4584 1116 4635 ό
1187 4582 1380 4652 λύχνος
1454 4591 1544 4642 τῆς
1610 4582 1872 4642 πολιτείας

285 4689 379 4721 σου
413 4687 423 4700 '
459 4671 539 4722 ὅτε
581 4667 638 4731 ἧς
681 4670 935 4734 σεϐαστός
983 4677 1071 4724 xui
1127 4669 1432 4744 βασιλεῦσιν
1471 4691 1482 4701 ο
1523 4673 1603 4723 ὅτε
1643 4669 1766 4724 οὐδὲ
1814 4676 1871 4724 τὸ

280 4761 446 4829 τυχὸν
507 4761 764 4831 παροφθὲν
934 4780 1018 4813 σοι
1076 4759 1517 4832 ἀκαταφρόνητον.
1587 4766 1686 4812 Καὶ
1744 4763 1871 4834 πρὸς

279 4852 337 4898 τό
397 4846 514 4909 ἑξῆς
558 4851 624 4909 ὡς
663 4848 993 4920 οἰκονομήσει
1043 4852 1225 4922 Κύριος
1277 4853 1344 4902 τὰ
1386 4857 1480 4910 τῆς
1529 4849 1869 4912 Ἐκκλησίας,

280 4939 411 4987 οὕτω
489 4941 577 4988 καὶ
643 4935 930 5008 λαλήσομεν
964 4956 976 4968 ·
1030 4939 1163 4990 οὕτω
1232 4943 1320 4990 καὶ
1377 4941 1872 5010 συναποθανούμεθά

281 5044 364 5077 σοι
412 5021 505 5076 διὰ
533 5029 626 5082 τὴν
668 5023 875 5094 ἀγάπην
914 5030 961 5078 ἓν
1015 5035 1075 5098 τῇ
1129 5026 1328 5100 ἀγάπη.
1391 5031 1700 5100 Προσεύχου
1752 5033 1871 5102 περὶ

278 5116 424 5186 ἡμῶν
476 5122 574 5165 τῶν
629 5113 945 5186 ἁμαρτωλῶν
979 5133 990 5145 ·
1059 5121 1148 5168 καὶ
1205 5121 1275 5187 μὴ
1345 5120 1456 5167 οἴου
1514 5118 1869 5190 ὑπεροπτικῶς

277 5206 417 5275 ἡμᾶς
463 5202 668 5278 γράψαι
696 5221 707 5232 ·
759 5206 906 5274 ἴσμεν
953 5207 1051 5278 γὰρ
1094 5204 1306 5266 ἑαυτοὺς
1355 5201 1629 5276 βδέλυγμα
1677 5205 1724 5256 ἐν
1782 5205 1872 5256 ἀν-

279 5288 470 5364 δράσιν
511 5293 675 5352 ὁσίοις
713 5309 726 5322 ⁸
771 5291 897 5344 ἀλλὰ
935 5289 1030 5345 διὰ
1074 5296 1131 5344 τὸ
1183 5293 1367 5352 ἀληθὲς
1423 5299 1513 5344 xui
1573 5312 1667 5345 σου
1709 5299 1870 5352 σωτή-

274 5399 403 5453 ριον.
438 5381 497 5434 Εἰ
549 5377 609 5434 δὲ
646 5385 732 5434 xui
770 5380 952 5449 ἄλλων,
987 5384 1012 5435 ό
1061 5383 1236 5434 παθὼν
1278 5380 1596 5455 ὁμολογήσοι
1635 5389 1748 5452 Θεῷ
1777 5387 1870 5440 τήν

274 5472 385 5544 χάρ
395 5491 438 5522 ιν
447 5509 459 5527 .

1568 343 2083 407 EPISTOLABUM
2121 349 2256 408 LIB.
2296 349 2371 410 II.

3506 351 3642 408 1338

1997 479 2130 537 ditis
2168 481 2360 538 factus
2386 497 2448 537 es
2486 480 2828 554 exemplum
2865 478 3181 551 optimum,
3222 482 3277 534 et
3315 475 3642 533 Ecclesiam

1998 570 2202 626 Christi
2248 573 2544 628 aediﬁcare
2600 572 2762 627 visus
2806 587 2892 640 es,
2943 569 3075 625 loco
3128 568 3315 623 ruinae
3357 572 3534 623 antea
3579 565 3644 620 il-

1995 657 2128 716 lam
2157 660 2186 715 ‘i

2065 751 2158 806 'Sic
2194 753 2309 820 egit
2349 753 2467 807 Deo
2500 751 2902 806 amicissimus
2931 749 3108 805 frater
3144 752 3361 812 noster,
3394 751 3452 802 et
3482 743 3639 800 idem

1997 840 2220 895 Medicii
2262 840 2614 911 praepositus
2649 859 2658 896 :
2687 841 2769 894 sic
2807 839 3216 894 sanctissimus
3251 838 3416 892 Pater
3443 840 3643 890 noster

1999 930 2372 984 Laodicensis
2399 945 2409 984 :
2440 930 2656 985 deinde
2687 935 2745 985 et
2766 929 2882 984 alii.
2907 932 3151 984 Necesse
3179 933 3264 981 est
3292 926 3640 980 alterutrum

1997 1019 2066 1072 sit
2097 1035 2126 1073 e
2173 1018 2411 1076 duobus
2444 1036 2459 1074 :
2491 1020 2550 1075 hi
2583 1021 2629 1074 si
2661 1036 2731 1074 ex
2761 1017 3284 1089 legis-praescripto
3315 1015 3535 1077 fecere;
3579 1016 3643 1068 tu

1996 1113 2207 1178 praeter
2236 1109 2448 1177 legem,
2483 1114 2539 1164 et
2577 1109 2850 1182 quisquis
2888 1113 3082 1163 tecum
3124 1105 3294 1178 paria
3330 1105 3484 1162 fecit.
3529 1101 3643 1159 Sed

1995 1198 2261 1253 nonnulli
2287 1205 2444 1264 sunt,
2481 1204 2542 1254 ut
2573 1199 2775 1266 audio,
2803 1213 3062 1270 quorum
3091 1192 3298 1250 similis
3319 1194 3528 1264 lapsus
3559 1195 3638 1246 at-

1995 1303 2112 1358 que
2138 1287 2388 1343 oﬂensio
2407 1292 2513 1352 est,
2532 1305 2790 1361 quorum
2817 1288 3066 1342 nomina
3089 1285 3280 1340 libens
3300 1282 3642 1355 praetermit-

1995 1381 2141 1441 tam,
2166 1377 2265 1448 qui
2294 1393 2402 1448 pro
2433 1394 2502 1432 eo
2524 1377 2693 1450 lapsu
2726 1393 2901 1445 agere
2928 1375 3333 1447 paenitentiam
3363 1373 3641 1436 renuunt,

1996 1471 2098 1520 aut
2127 1483 2304 1536 porro
2352 1469 2589 1522 veniam
2639 1467 2980 1537 postulare:
3013 1479 3194 1538 seque
3246 1467 3400 1517 recte
3449 1459 3643 1529 egisse

1995 1555 2200 1610 dicunt
2229 1579 2240 1609 :
2276 1573 2344 1611 ex
2376 1573 2446 1612 eo
2479 1558 2632 1611 enim
2668 1558 2937 1620 fratrum,
2972 1555 3269 1627 inquiunt,
3301 1550 3477 1607 saluti
3509 1564 3646 1617 pro-

1994 1651 2284 1715 spectum.
2318 1662 2387 1701 ac
2429 1646 2787 1716 templorum
2832 1643 3242 1700 incolumitati.
3280 1643 3322 1697 Ο
3363 1639 3639 1694 duritiem

1993 1733 2224 1789 cordis!
2259 1752 2295 1790 ο
2328 1735 2424 1790 Dei
2466 1736 2711 1790 odium!
2747 1737 3123 1802 Negatus‘est
3157 1731 3416 1785 Christus
3441 1733 3640 1798 spreta

1992 1824 2364 1880 sanctissima
2406 1825 2594 1895 ipsius
2635 1825 2893 1894 imagine
2928 1840 2940 1878 :
2980 1827 3194 1891 negata
3231 1819 3498 1890 Deipara,
3530 1821 3586 1870 et
3611 1829 3642 1870 e

1992 1913 2210 1968 sanctis
2254 1915 2520 1986 quilibet,
2572 1921 2816 1985 propter
2853 1929 3007 1985 quos
3037 1916 3094 1966 et
3147 1907 3640 1978 archiepiscopus

1990 2007 2236 2057 vexatus
2267 2011 2374 2071 est,
2407 2009 2462 2058 et
2492 2003 2675 2075 fugati
2709 2004 2766 2058 in
2795 2002 3064 2058 exsilium
3085 1998 3369 2071 episcopi,
3404 2001 3459 2052 et
3490 2009 3643 2066 pras-

1992 2091 2166 2159 positi
2185 2092 2342 2147 idem
2368 2094 2652 2165 perpessi,
2685 2092 2959 2147 monachi
2989 2107 3056 2146 ac
3088 2088 3394 2151 moninles,
3427 2101 3456 2138 e
3477 2084 3640 2138 laicis

1992 2181 2098 2235 viri
2129 2197 2196 2236 ac
2251 2182 2484 2236 feminae
2518 2203 2529 2236 :
2573 2182 2670 2238 alii
2704 2180 3012 2243 verberati,
3063 2179 3163 2234 alii
3204 2179 3264 2231 in
3308 2173 3637 2229 custodiam

1993 2270 2178 2335 missi,
2210 2271 2308 2326 alii
2342 2271 2498 2326 fame
2530 2272 2738 2335 enecti,
2776 2269 2870 2324 alii
2905 2267 3225 2330 dilacerati,
3251 2265 3344 2319 alii
3389 2265 3442 2317 in
3478 2277 3642 2316 mare

1993 2359 2180 2431 ejecti,
2213 2361 2310 2416 alii
2335 2365 2524 2415 morte
2557 2359 2806 2427 multati,
2836 2358 3244 2413 delitescentes
3277 2353 3395 2417 alii,
3425 2351 3522 2406 alii
3549 2366 3642 2406 ca-

1992 2454 2294 2519 pessentes
2338 2449 2562 2521 fugam.
2619 2449 2810 2504 Plenas
2843 2453 2980 2502 sunt
3017 2445 3364 2501 solitudines
3395 2457 3463 2497 ac
3514 2455 3642 2511 spe-

1989 2537 2180 2593 luncae
2224 2555 2234 2594 :
2279 2539 2434 2609 pleni
2473 2543 2706 2593 montes
2755 2553 2826 2592 ac
2861 2536 3046 2591 saltus
3079 2551 3091 2589 :
3134 2549 3344 2590 carnes
3385 2529 3641 2586 concisas

1991 2631 2148 2690 sunt,
2182 2628 2427 2698 proﬂuit
2463 2629 2726 2696 sanguis,
2761 2632 2964 2682 nostra
3005 2623 3167 2693 regio
3209 2616 3642 2696 persecutionis

1991 2717 2250 2771 tumultu
2292 2723 2594 2788 personat,
2652 2716 2815 2773 orbis
2866 2720 3157 2770 terrarum
3195 2709 3638 2782 propemodum

1991 2807 2304 2860 universus
2342 2806 2676 2875 ingemiscit
2713 2822 2782 2860 ac
2817 2805 2982 2874 luget
3024 2823 3035 2858 :
3081 2808 3137 2858 et
3165 2808 3244 2866 tu,
3290 2799 3639 2861 miserrime,

1989 2910 2125 2948 cum
2153 2899 2206 2949 te
2244 2895 2494 2949 exitialis
2527 2895 2874 2950 communio
2913 2893 3218 2964 captivum
3255 2893 3469 2953 teneat,
3505 2902 3638 2942 ma-

1990 2999 2256 3056 neasque
2287 2984 2344 3038 in
2369 2984 2642 3054 pestifero
2673 2985 2833 3048 loco;
2860 2999 3002 3038 nam
3029 2983 3111 3037 sic
3141 2985 3246 3044 est,
3272 2994 3392 3034 non
3424 2979 3484 3032 in
3517 2991 3645 3030 mo-

1988 3073 2280 3138 nasterio;
2307 3073 2394 3127 ais
2427 3078 2479 3127 te
2507 3079 2661 3128 recte
2685 3072 2904 3127 habere
2929 3089 2943 3126 :
2975 3087 3046 3127 ac
3073 3069 3419 3124 Judaaorum
3451 3080 3636 3129 more,

1990 3175 2090 3215 eos
2119 3162 2222 3232 qui
2247 3161 2537 3217 Christum
2562 3164 2796 3230 gestant
2824 3161 3051 3226 irrides,
3077 3161 3198 3213 imo
3230 3157 3524 3212 Christum
3556 3153 3642 3224 ip-

1991 3266 2122 3303 sum
2149 3251 2370 3321 potius,
2398 3251 2570 3320 cujus
2590 3251 2779 3319 gratia
2799 3249 2876 3304 illi
2895 3249 3218 3320 patiuntur.
3253 3244 3437 3311 Quale
3461 3257 3640 3314 porro

1991 3339 2281 3408 templum
2312 3339 2586 3404 servasti;
2619 3354 2757 3392 cum
2787 3337 3074 3407 templum
3113 3336 3208 3391 Dei
3244 3335 3505 3403 teipsum
3533 3332 3640 3387 fda-

1989 3426 2172 3481 dasti?
2191 3429 2351 3492 Quos
2369 3443 2507 3482 vero
2523 3427 2728 3481 fratres
2742 3425 3090 3489 custodiisti,
3108 3440 3233 3479 cum
3249 3421 3479 3477 eosdem
3507 3435 3638 3490 pes-

1986 3515 2155 3570 tifera
2193 3521 2292 3570 tua
2336 3516 2780 3581 communione,
2820 3516 2913 3569 vel
2951 3514 3076 3569 solo
3117 3513 3270 3582 cibo,
3304 3509 3640 3580 corruperis

1991 3604 2598 3669 mundiscandalum,
2631 3605 2976 3660 defectionis
3007 3601 3370 3672 exemplum,
3403 3599 3480 3653 ad
3507 3597 3638 3653 exi-

1989 3694 2133 3747 tium
2177 3693 2524 3749 adhortator
2559 3710 2571 3749 :
2607 3710 2767 3760 caro,
2795 3698 2853 3750 at
2893 3709 3011 3747 non
3045 3691 3316 3763 spiritus;
3349 3687 3636 3753 tenebrio,

1991 3788 2048 3837 at
2082 3798 2199 3835 non
2240 3782 2359 3836 lux.
2402 3787 2533 3838 Haec
2563 3785 2780 3838 veritas
2824 3783 2958 3854 ipsa
2985 3780 3270 3835 inclamat
3296 3780 3369 3832 ad
3401 3792 3501 3832 eos
3534 3775 3636 3848 qui

1989 3871 2071 3924 sic
2103 3871 2283 3940 impie
2320 3878 2507 3941 agunt
2537 3890 2548 3928 :
2587 3888 2741 3945 quos
2778 3872 2888 3926 nisi
2937 3870 3225 3942 pmniteat
3254 3874 3374 3922 tam
3415 3865 3641 3920 nefaria

1986 3959 2170 4032 loqui,
2200 3977 2319 4016 non
2363 3967 2499 4017 sunt
2529 3964 2561 4015 ii
2599 3961 2913 4016 Christiani
2941 3958 3244 4014 censendi.

2060 4049 2287 4104 Audisti
2325 4050 2641 4120 judicium,
2677 4053 2860 4104 Pater.
2911 4047 3193 4110 Peccasti,
3231 4061 3368 4099 cum
3416 4042 3638 4098 violata

1986 4136 2102 4192 ﬁde
2131 4143 2295 4203 terga
2325 4139 2569 4193 vertisti.
2615 4139 2724 4194 Sed
2762 4137 2997 4191 veniam
3043 4135 3144 4190 tibi
3187 4135 3340 4188 Deus
3371 4133 3636 4204 optimus

1984 4226 2168 4281 dabit.
2190 4229 2354 4282 Mane
2377 4227 2580 4298 itaque
2615 4243 2774 4280 nunc
2803 4228 2859 4280 in
2886 4224 3268 4287 monasterio,
3292 4221 3496 4293 quoad
3519 4219 3636 4274 alio

1984 4332 2044 4368 se
2078 4319 2313 4383 negotia
2355 4317 2631 4370 verterint
2659 4331 2672 4367 :
2707 4315 2947 4370 assidue
2981 4313 3138 4368 hanc
3181 4311 3502 4382 unicuique
3533 4309 3637 4364 ho-

1985 4405 2127 4458 mini
2168 4404 2559 4459 confessionis
2615 4419 2820 4459 vocem
2870 4401 3200 4466 inculcans,
3251 4399 3531 4456 Peccavi:
3575 4404 3637 4454 ut

1984 4500 2258 4547 exoretur
2285 4495 2459 4560 Deus,
2487 4499 2843 4564 revocetque
2876 4497 2929 4547 te
2957 4491 3032 4546 ad
3063 4490 3221 4545 illam
3253 4490 3509 4560 priorem
3551 4487 3636 4542 Iu-

1983 4598 2134 4641 cem.
2169 4598 2305 4637 cum
2350 4582 2818 4637 conversationis
2849 4587 2962 4636 tum
3003 4580 3100 4636 fax
3132 4578 3456 4647 eﬁulgeret,
3495 4592 3631 4631 cum

1983 4686 2140 4725 esses
2168 4673 2536 4743 principibus
2585 4672 2730 4742 ipsis
2760 4669 3157 4733 venerandus,
3188 4682 3445 4738 cumque
3490 4663 3637 4720 nihil

1983 4776 2100 4814 non
2157 4761 2459 4832 despectui
2516 4765 2688 4822 esset,
2723 4760 2822 4814 ubi
2870 4765 3067 4812 tecum
3120 4756 3507 4812 conferretur.
3560 4761 3636 4808 Ac

1983 4849 2283 4919 deinceps,
2302 4855 2474 4918 prout
2490 4849 2758 4903 Ecclesiae
2773 4848 3010 4918 negotia
3027 4847 3311 4901 Dominus
3325 4843 3635 4914 dispensa-

1984 4938 2037 4991 bi
2050 4944 2084 5002 t,
2103 4938 2184 4992 sic
2198 4944 2252 4992 et
2278 4937 2615 5009 loquemur,
2633 4938 2714 4992 sic
2737 4943 2790 4992 et
2804 4953 2936 4991 com
2949 4937 3267 4990 moriemur
3281 4933 3386 4987 tibi
3410 4937 3633 4987 mutuae

1981 5027 2284 5081 charitatis
2311 5025 2541 5083 ofﬁciis.
2569 5027 2681 5081 Pro
2712 5042 2805 5080 me
2837 5031 3146 5096 peccatore
3167 5038 3370 5093 preces
3405 5019 3587 5076 funde
3615 5037 3631 5074 :

1981 5131 2090 5168 nec
2142 5132 2233 5170 me
2283 5116 2586 5170 existimes
2643 5117 2996 5182 arroganter
3045 5112 3348 5176 scribere;
3406 5110 3630 5164 scimus

1981 5205 2136 5258 enim
2175 5204 2325 5259 inter
2383 5205 2539 5259 viros
2570 5209 2811 5258 sanctos
2851 5218 2982 5257 esse
3008 5215 3118 5254 nos
3164 5198 3631 5254 abominationis

1980 5293 2194 5361 instar;
2231 5294 2336 5349 sed
2370 5294 2564 5349 studio
2593 5293 2871 5361 veritatis,
2905 5308 2973 5346 ac
3007 5297 3120 5345 tua:
3162 5289 3368 5344 salutis
3394 5287 3627 5343 deside-

1980 5384 2088 5436 rio.
2131 5384 2303 5448 Quod
2329 5385 2377 5438 si
2419 5383 2543 5438 haec
2573 5388 2628 5437 et
2657 5382 2787 5438 aliis
2831 5379 3088 5453 prosint;
3129 5379 3232 5450 qui
3273 5378 3629 5434 beneﬁcium

1984 5473 2297 5543 acceperit,
2330 5471 2584 5543 gratiam
2609 5471 2659 5526 is
2693 5471 2813 5527 Deo
2841 5469 3074 5526 referat.
