  <div class='ocr_page' id='page_1' title='image "/cluster/home/n/w/nwhite01/storage/ocr_20150623/99/mdp.39015005675577/675.png"; bbox 0 0 4062 6280; ppageno 0'>
   <div class='ocr_carea' id='block_1_1' title="bbox 501 272 638 330">
    <p class='ocr_par' dir='ltr' id='par_1_1' title="bbox 501 272 638 330">
     <span class='ocr_line' id='line_1_1' title="bbox 501 272 638 330; baseline -0.015 0"><span class='ocrx_word' id='word_1_1' title='bbox 501 272 638 330; x_wconf 83' lang='grc'><em>1339</em></span> 
     </span>
    </p>
   </div>
   <div class='ocr_carea' id='block_1_2' title="bbox 1765 268 2604 332">
    <p class='ocr_par' dir='ltr' id='par_1_2' title="bbox 1765 268 2604 332">
     <span class='ocr_line' id='line_1_2' title="bbox 1765 268 2604 332; baseline -0.004 -1"><span class='ocrx_word' id='word_1_2' title='bbox 1765 274 1823 332; x_wconf 92' lang='lat' dir='ltr'><em>S.</em></span> <span class='ocrx_word' id='word_1_3' title='bbox 1865 269 2233 330; x_wconf 81' lang='lat' dir='ltr'><em>THEODORI</em></span> <span class='ocrx_word' id='word_1_4' title='bbox 2273 268 2604 328; x_wconf 70' lang='lat' dir='ltr'><em>STUDIT/E</em></span> 
     </span>
    </p>
   </div>
   <div class='ocr_carea' id='block_1_3' title="bbox 3720 273 3868 334">
    <p class='ocr_par' dir='ltr' id='par_1_3' title="bbox 3720 273 3868 334">
     <span class='ocr_line' id='line_1_3' title="bbox 3720 273 3868 334; baseline 0.014 -2"><span class='ocrx_word' id='word_1_5' title='bbox 3720 273 3868 334; x_wconf 77' lang='lat' dir='ltr'><em>i340</em></span> 
     </span>
    </p>
   </div>
   <div class='ocr_carea' id='block_1_4' title="bbox 495 393 2128 472">
    <p class='ocr_par' dir='ltr' id='par_1_4' title="bbox 495 397 2128 472">
     <span class='ocr_line' id='line_1_4' title="bbox 495 397 2128 472; baseline -0.001 -19"><span class='ocrx_word' id='word_1_6' title='bbox 495 397 577 453; x_wconf 87' lang='lat' dir='ltr'><em>XC</em></span> <span class='ocrx_word' id='word_1_7' title='bbox 605 399 689 470; x_wconf 61' lang='grc' dir='ltr'><em>(ί).</em></span> <span class='ocrx_word' id='word_1_8' title='bbox 733 429 800 441; x_wconf 89' lang='lat'><em>——</em></span> <span class='ocrx_word' id='word_1_9' title='bbox 831 400 1073 457; x_wconf 85' lang='lat' dir='ltr'><em>Dilectis</em></span> <span class='ocrx_word' id='word_1_10' title='bbox 1107 401 1522 472; x_wconf 81' lang='lat' dir='ltr'><em>spiritualibus</em></span> <span class='ocrx_word' id='word_1_11' title='bbox 1560 400 1702 470; x_wconf 81' lang='lat' dir='ltr'><em>ﬁliis</em></span> <span class='ocrx_word' id='word_1_12' title='bbox 1731 406 1786 456; x_wconf 86' lang='lat' dir='ltr'><em>et</em></span> <span class='ocrx_word' id='word_1_13' title='bbox 1817 397 2128 469; x_wconf 37' lang='lat' dir='ltr'><em>fratribus,</em></span> 
     </span>
    </p>
   </div>
   <div class='ocr_carea' id='block_1_5' title="bbox 2247 393 3869 472">
    <p class='ocr_par' dir='ltr' id='par_1_5' title="bbox 2254 393 3869 470">
     <span class='ocr_line' id='line_1_5' title="bbox 2254 393 3869 470; baseline 0.001 -20"><span class='ocrx_word' id='word_1_14' title='bbox 2254 393 2322 456; x_wconf 61' lang='grc' dir='ltr'><em>Ὺ.</em></span> <span class='ocrx_word' id='word_1_15' title='bbox 2351 402 2584 458; x_wconf 87' lang='grc' dir='ltr'>-Τοῖς</span> <span class='ocrx_word' id='word_1_16' title='bbox 2623 396 3070 469; x_wconf 73' lang='grc' dir='ltr'><em>ἠγαπημένοις</em></span> <span class='ocrx_word' id='word_1_17' title='bbox 3109 405 3575 470; x_wconf 74' lang='grc' dir='ltr'><em>πνευματικοῖς</em></span> <span class='ocrx_word' id='word_1_18' title='bbox 3612 401 3869 467; x_wconf 76' lang='grc' dir='ltr'>τέκνοις</span> 
     </span>
    </p>
   </div>
   <div class='ocr_carea' id='block_1_6' title="bbox 561 487 2144 561">
    <p class='ocr_par' dir='ltr' id='par_1_6' title="bbox 561 487 2144 561">
     <span class='ocr_line' id='line_1_6' title="bbox 561 487 2144 561; baseline -0.001 -18"><span class='ocrx_word' id='word_1_19' title='bbox 561 489 904 554; x_wconf 83' lang='lat' dir='ltr'><em>Laurentio,</em></span> <span class='ocrx_word' id='word_1_20' title='bbox 930 491 1206 552; x_wconf 88' lang='lat' dir='ltr'><em>Simeoni.</em></span> <span class='ocrx_word' id='word_1_21' title='bbox 1227 491 1532 561; x_wconf 86' lang='lat' dir='ltr'><em>Dionysio,</em></span> <span class='ocrx_word' id='word_1_22' title='bbox 1554 491 1845 557; x_wconf 88' lang='lat' dir='ltr'><em>Poemeni,</em></span> <span class='ocrx_word' id='word_1_23' title='bbox 1865 487 2074 551; x_wconf 86' lang='lat' dir='ltr'><em>Litoio,</em></span> <span class='ocrx_word' id='word_1_24' title='bbox 2090 489 2144 542; x_wconf 90' lang='lat' dir='ltr'><em>et</em></span> 
     </span>
    </p>
   </div>
   <div class='ocr_carea' id='block_1_7' title="bbox 561 578 2146 649">
    <p class='ocr_par' dir='ltr' id='par_1_7' title="bbox 561 578 2146 649">
     <span class='ocr_line' id='line_1_7' title="bbox 561 578 2146 649; baseline -0.001 -18"><span class='ocrx_word' id='word_1_25' title='bbox 561 578 806 649; x_wconf 79' lang='lat' dir='ltr'><em>reliquis</em></span> <span class='ocrx_word' id='word_1_26' title='bbox 823 580 940 634; x_wconf 85' lang='lat' dir='ltr'><em>huc</em></span> <span class='ocrx_word' id='word_1_27' title='bbox 955 585 1008 635; x_wconf 87' lang='lat' dir='ltr'><em>et</em></span> <span class='ocrx_word' id='word_1_28' title='bbox 1027 579 1175 634; x_wconf 86' lang='lat' dir='ltr'><em>illuc</em></span> <span class='ocrx_word' id='word_1_29' title='bbox 1189 579 1490 648; x_wconf 79' lang='lat' dir='ltr'><em>dispersis,</em></span> <span class='ocrx_word' id='word_1_30' title='bbox 1512 579 1848 636; x_wconf 82' lang='lat' dir='ltr'><em>Theodorus</em></span> <span class='ocrx_word' id='word_1_31' title='bbox 1869 580 2146 647; x_wconf 83' lang='lat' dir='ltr'><em>peccator</em></span> 
     </span>
    </p>
   </div>
   <div class='ocr_carea' id='block_1_8' title="bbox 563 668 1574 726">
    <p class='ocr_par' dir='ltr' id='par_1_8' title="bbox 563 668 1574 726">
     <span class='ocr_line' id='line_1_8' title="bbox 563 668 1574 726; baseline 0.002 -4"><span class='ocrx_word' id='word_1_32' title='bbox 563 668 890 724; x_wconf 84' lang='lat' dir='ltr'><em>monachus</em></span> <span class='ocrx_word' id='word_1_33' title='bbox 922 670 983 724; x_wconf 89' lang='lat' dir='ltr'><em>in</em></span> <span class='ocrx_word' id='word_1_34' title='bbox 1014 669 1263 725; x_wconf 90' lang='lat' dir='ltr'><em>Domino</em></span> <span class='ocrx_word' id='word_1_35' title='bbox 1297 671 1574 726; x_wconf 83' lang='lat' dir='ltr'><em>salutem.</em></span> 
     </span>
    </p>
   </div>
   <div class='ocr_carea' id='block_1_9' title="bbox 2325 483 3866 560">
    <p class='ocr_par' dir='ltr' id='par_1_9' title="bbox 2325 483 3866 560">
     <span class='ocr_line' id='line_1_9' title="bbox 2325 483 3866 560; baseline 0.003 -24"><span class='ocrx_word' id='word_1_36' title='bbox 2325 503 2388 536; x_wconf 91' lang='grc' dir='ltr'><em>τε</em></span> <span class='ocrx_word' id='word_1_37' title='bbox 2451 491 2558 538; x_wconf 78' lang='grc' dir='ltr'>καὶ</span> <span class='ocrx_word' id='word_1_38' title='bbox 2595 483 2916 559; x_wconf 77' lang='grc' dir='ltr'><em>ἀδελφοῖς,</em></span> <span class='ocrx_word' id='word_1_39' title='bbox 2972 491 3364 558; x_wconf 83' lang='grc' dir='ltr'>Λαυρεντίῳ,</span> <span class='ocrx_word' id='word_1_40' title='bbox 3405 492 3673 560; x_wconf 86' lang='grc' dir='ltr'>Συμεὼν,</span> <span class='ocrx_word' id='word_1_41' title='bbox 3731 495 3866 542; x_wconf 88' lang='grc' dir='ltr'>Διο-</span> 
     </span>
    </p>
   </div>
   <div class='ocr_carea' id='block_1_10' title="bbox 2323 576 3864 650">
    <p class='ocr_par' dir='ltr' id='par_1_10' title="bbox 2323 576 3864 650">
     <span class='ocr_line' id='line_1_10' title="bbox 2323 576 3864 650; baseline 0.004 -25"><span class='ocrx_word' id='word_1_42' title='bbox 2323 579 2545 646; x_wconf 89' lang='grc' dir='ltr'>νυσίῳ,</span> <span class='ocrx_word' id='word_1_43' title='bbox 2608 580 2895 648; x_wconf 83' lang='grc' dir='ltr'>Ποιμένι,</span> <span class='ocrx_word' id='word_1_44' title='bbox 2961 579 3235 650; x_wconf 81' lang='grc' dir='ltr'>Λιτωῖῳ,</span> <span class='ocrx_word' id='word_1_45' title='bbox 3287 581 3393 630; x_wconf 89' lang='lat' dir='ltr'><em>xui</em></span> <span class='ocrx_word' id='word_1_46' title='bbox 3433 585 3575 639; x_wconf 87' lang='grc' dir='ltr'>τοῖς</span> <span class='ocrx_word' id='word_1_47' title='bbox 3609 576 3864 638; x_wconf 78' lang='grc' dir='ltr'><em>λοιποῖς</em></span> 
     </span>
    </p>
   </div>
   <div class='ocr_carea' id='block_1_11' title="bbox 2325 659 3865 742">
    <p class='ocr_par' dir='ltr' id='par_1_11' title="bbox 2325 659 3865 742">
     <span class='ocr_line' id='line_1_11' title="bbox 2325 659 3865 742; baseline 0.003 -27"><span class='ocrx_word' id='word_1_48' title='bbox 2325 659 2447 716; x_wconf 84' lang='grc' dir='ltr'><em>ὧδε</em></span> <span class='ocrx_word' id='word_1_49' title='bbox 2544 663 2818 719; x_wconf 81' lang='grc' dir='ltr'>κάκεῖσε</span> <span class='ocrx_word' id='word_1_50' title='bbox 2905 663 3437 741; x_wconf 72' lang='grc' dir='ltr'><em>διεσπαρμένοις,</em></span> <span class='ocrx_word' id='word_1_51' title='bbox 3526 662 3865 742; x_wconf 86' lang='grc' dir='ltr'>Θεόδωρος</span> 
     </span>
    </p>
   </div>
   <div class='ocr_carea' id='block_1_12' title="bbox 2327 751 3857 829">
    <p class='ocr_par' dir='ltr' id='par_1_12' title="bbox 2327 751 3857 829">
     <span class='ocr_line' id='line_1_12' title="bbox 2327 751 3857 829; baseline 0.002 -25"><span class='ocrx_word' id='word_1_52' title='bbox 2327 751 2700 827; x_wconf 86' lang='grc' dir='ltr'>ἁμαρτωλός</span> <span class='ocrx_word' id='word_1_53' title='bbox 2721 759 2972 828; x_wconf 90' lang='grc' dir='ltr'>μοναχό</span> <span class='ocrx_word' id='word_1_54' title='bbox 2995 777 3016 818; x_wconf 96' lang='grc' dir='ltr'><em>ς</em></span> <span class='ocrx_word' id='word_1_55' title='bbox 3046 758 3103 808; x_wconf 72' lang='grc' dir='ltr'>ἄν</span> <span class='ocrx_word' id='word_1_56' title='bbox 3128 761 3338 828; x_wconf 80' lang='grc' dir='ltr'><em>Κυρίῳ</em></span> <span class='ocrx_word' id='word_1_57' title='bbox 3371 754 3857 829; x_wconf 85' lang='grc' dir='ltr'>χαίρειν.[φπγ’].</span> 
     </span>
    </p>
   </div>
   <div class='ocr_carea' id='block_1_13' title="bbox 829 878 3506 1007">
    <p class='ocr_par' dir='ltr' id='par_1_13' title="bbox 829 878 3506 1007">
     <span class='ocr_line' id='line_1_13' title="bbox 829 878 3506 1007; baseline 0.002 -75"><span class='ocrx_word' id='word_1_58' title='bbox 829 881 892 932; x_wconf 90' lang='lat' dir='ltr'><em>Ut</em></span> <span class='ocrx_word' id='word_1_59' title='bbox 915 886 1286 946; x_wconf 83' lang='lat' dir='ltr'><em>persecutione</em></span> <span class='ocrx_word' id='word_1_60' title='bbox 1314 885 1539 939; x_wconf 75' lang='lat' dir='ltr'><em>liberati,</em></span> <span class='ocrx_word' id='word_1_61' title='bbox 1573 888 1623 934; x_wconf 91' lang='lat' dir='ltr'><em>et</em></span> <span class='ocrx_word' id='word_1_62' title='bbox 1653 883 1852 948; x_wconf 80' lang='lat' dir='ltr'><em>gratias</em></span> <span class='ocrx_word' id='word_1_63' title='bbox 1882 878 2640 1007; x_wconf 41' lang='grc' dir='ltr'><em>ῗιὲἓὲηόθὲᾖ</em></span> <span class='ocrx_word' id='word_1_64' title='bbox 2669 881 2735 932; x_wconf 92' lang='lat' dir='ltr'><em>de</em></span> <span class='ocrx_word' id='word_1_65' title='bbox 2760 882 2970 933; x_wconf 86' lang='lat' dir='ltr'><em>virtutis</em></span> <span class='ocrx_word' id='word_1_66' title='bbox 3001 883 3180 934; x_wconf 85' lang='lat' dir='ltr'><em>studio</em></span> <span class='ocrx_word' id='word_1_67' title='bbox 3209 884 3506 937; x_wconf 81' lang='lat' dir='ltr'><em>remittant.</em></span> 
     </span>
    </p>
   </div>
   <div class='ocr_carea' id='block_1_14' title="bbox 564 1042 2151 1122">
    <p class='ocr_par' dir='ltr' id='par_1_14' title="bbox 564 1042 2151 1122">
     <span class='ocr_line' id='line_1_14' title="bbox 564 1042 2151 1122; baseline -0.002 -25"><span class='ocrx_word' id='word_1_68' title='bbox 564 1042 831 1100; x_wconf 87' lang='lat' dir='ltr'><em>Gaudere</em></span> <span class='ocrx_word' id='word_1_69' title='bbox 867 1063 1104 1120; x_wconf 85' lang='lat' dir='ltr'><em>semper</em></span> <span class='ocrx_word' id='word_1_70' title='bbox 1156 1048 1293 1107; x_wconf 89' lang='lat' dir='ltr'><em>licet</em></span> <span class='ocrx_word' id='word_1_71' title='bbox 1322 1050 1390 1105; x_wconf 90' lang='lat' dir='ltr'><em>iis</em></span> <span class='ocrx_word' id='word_1_72' title='bbox 1430 1050 1534 1122; x_wconf 90' lang='lat' dir='ltr'><em>qui</em></span> <span class='ocrx_word' id='word_1_73' title='bbox 1587 1047 1921 1106; x_wconf 89' lang='lat' dir='ltr'><em>secundum</em></span> <span class='ocrx_word' id='word_1_74' title='bbox 1969 1047 2151 1100; x_wconf 92' lang='lat' dir='ltr'><em>Deum</em></span> 
     </span>
    </p>
   </div>
   <div class='ocr_carea' id='block_1_15' title="bbox 489 1133 2153 1202">
    <p class='ocr_par' dir='ltr' id='par_1_15' title="bbox 489 1133 2153 1202">
     <span class='ocr_line' id='line_1_15' title="bbox 489 1133 2153 1202; baseline 0.005 -15"><span class='ocrx_word' id='word_1_75' title='bbox 489 1133 682 1190; x_wconf 90' lang='lat' dir='ltr'><em>vitam</em></span> <span class='ocrx_word' id='word_1_76' title='bbox 715 1142 929 1202; x_wconf 72' lang='lat' dir='ltr'><em>agunt:</em></span> <span class='ocrx_word' id='word_1_77' title='bbox 965 1139 1141 1196; x_wconf 89' lang='lat' dir='ltr'><em>etiam</em></span> <span class='ocrx_word' id='word_1_78' title='bbox 1184 1142 1232 1196; x_wconf 90' lang='lat' dir='ltr'><em>si</em></span> <span class='ocrx_word' id='word_1_79' title='bbox 1263 1142 1320 1197; x_wconf 90' lang='lat' dir='ltr'><em>in</em></span> <span class='ocrx_word' id='word_1_80' title='bbox 1351 1143 1541 1198; x_wconf 87' lang='lat' dir='ltr'><em>tristia</em></span> <span class='ocrx_word' id='word_1_81' title='bbox 1567 1148 1624 1198; x_wconf 89' lang='lat' dir='ltr'><em>et</em></span> <span class='ocrx_word' id='word_1_82' title='bbox 1664 1143 1880 1199; x_wconf 67' lang='lat' dir='ltr'><em>laetitiae</em></span> <span class='ocrx_word' id='word_1_83' title='bbox 1918 1146 2153 1197; x_wconf 89' lang='lat' dir='ltr'><em>contra-</em></span> 
     </span>
    </p>
   </div>
   <div class='ocr_carea' id='block_1_16' title="bbox 492 1223 2149 1302">
    <p class='ocr_par' dir='ltr' id='par_1_16' title="bbox 492 1223 2149 1302">
     <span class='ocr_line' id='line_1_16' title="bbox 492 1223 2149 1302; baseline 0.004 -24"><span class='ocrx_word' id='word_1_84' title='bbox 492 1223 580 1278; x_wconf 88' lang='lat' dir='ltr'><em>ria</em></span> <span class='ocrx_word' id='word_1_85' title='bbox 607 1224 1034 1284; x_wconf 81' lang='lat' dir='ltr'><em>devolvantur:</em></span> <span class='ocrx_word' id='word_1_86' title='bbox 1071 1231 1214 1301; x_wconf 88' lang='lat' dir='ltr'><em>quia</em></span> <span class='ocrx_word' id='word_1_87' title='bbox 1240 1247 1430 1287; x_wconf 90' lang='lat' dir='ltr'><em>unum</em></span> <span class='ocrx_word' id='word_1_88' title='bbox 1456 1248 1609 1288; x_wconf 65' lang='lat' dir='ltr'><em>verae</em></span> <span class='ocrx_word' id='word_1_89' title='bbox 1634 1232 1850 1287; x_wconf 65' lang='lat' dir='ltr'><em>laetitiae</em></span> <span class='ocrx_word' id='word_1_90' title='bbox 1877 1247 2030 1302; x_wconf 91' lang='lat' dir='ltr'><em>opus</em></span> <span class='ocrx_word' id='word_1_91' title='bbox 2063 1236 2149 1286; x_wconf 89' lang='lat' dir='ltr'><em>est</em></span> 
     </span>
    </p>
   </div>
   <div class='ocr_carea' id='block_1_17' title="bbox 489 1315 2150 1393">
    <p class='ocr_par' dir='ltr' id='par_1_17' title="bbox 489 1315 2150 1393">
     <span class='ocr_line' id='line_1_17' title="bbox 489 1315 2150 1393; baseline 0.007 -26"><span class='ocrx_word' id='word_1_92' title='bbox 489 1329 631 1385; x_wconf 86' lang='lat' dir='ltr'><em>spes</em></span> <span class='ocrx_word' id='word_1_93' title='bbox 665 1315 722 1369; x_wconf 92' lang='lat' dir='ltr'><em>in</em></span> <span class='ocrx_word' id='word_1_94' title='bbox 752 1317 960 1380; x_wconf 90' lang='lat' dir='ltr'><em>Deum,</em></span> <span class='ocrx_word' id='word_1_95' title='bbox 993 1335 1062 1374; x_wconf 91' lang='lat' dir='ltr'><em>ac</em></span> <span class='ocrx_word' id='word_1_96' title='bbox 1101 1337 1210 1392; x_wconf 92' lang='lat' dir='ltr'><em>pro</em></span> <span class='ocrx_word' id='word_1_97' title='bbox 1240 1322 1371 1392; x_wconf 91' lang='lat' dir='ltr'><em>ipso</em></span> <span class='ocrx_word' id='word_1_98' title='bbox 1410 1330 1466 1378; x_wconf 90' lang='lat' dir='ltr'><em>et</em></span> <span class='ocrx_word' id='word_1_99' title='bbox 1493 1338 1598 1393; x_wconf 89' lang='lat' dir='ltr'><em>pro</em></span> <span class='ocrx_word' id='word_1_100' title='bbox 1626 1323 1824 1393; x_wconf 92' lang='lat' dir='ltr'><em>ipsum</em></span> <span class='ocrx_word' id='word_1_101' title='bbox 1857 1322 2054 1377; x_wconf 83' lang='lat' dir='ltr'><em>vivere</em></span> <span class='ocrx_word' id='word_1_102' title='bbox 2092 1327 2150 1378; x_wconf 90' lang='lat' dir='ltr'><em>et</em></span> 
     </span>
    </p>
   </div>
   <div class='ocr_carea' id='block_1_18' title="bbox 491 1406 2144 1482">
    <p class='ocr_par' dir='ltr' id='par_1_18' title="bbox 491 1406 2144 1482">
     <span class='ocr_line' id='line_1_18' title="bbox 491 1406 2144 1482; baseline 0.005 -24"><span class='ocrx_word' id='word_1_103' title='bbox 491 1406 734 1469; x_wconf 74' lang='lat' dir='ltr'><em>moveri,</em></span> <span class='ocrx_word' id='word_1_104' title='bbox 767 1411 823 1460; x_wconf 90' lang='lat' dir='ltr'><em>et</em></span> <span class='ocrx_word' id='word_1_105' title='bbox 869 1408 1034 1464; x_wconf 84' lang='lat' dir='ltr'><em>aliud</em></span> <span class='ocrx_word' id='word_1_106' title='bbox 1064 1410 1301 1482; x_wconf 89' lang='lat' dir='ltr'><em>quidvis</em></span> <span class='ocrx_word' id='word_1_107' title='bbox 1328 1429 1523 1482; x_wconf 84' lang='lat' dir='ltr'><em>agere.</em></span> <span class='ocrx_word' id='word_1_108' title='bbox 1571 1412 1742 1477; x_wconf 88' lang='lat' dir='ltr'><em>Quod</em></span> <span class='ocrx_word' id='word_1_109' title='bbox 1767 1428 1902 1468; x_wconf 90' lang='lat' dir='ltr'><em>vero</em></span> <span class='ocrx_word' id='word_1_110' title='bbox 1929 1411 2002 1467; x_wconf 85' lang='lat' dir='ltr'><em>ita</em></span> <span class='ocrx_word' id='word_1_111' title='bbox 2041 1427 2144 1466; x_wconf 88' lang='lat' dir='ltr'><em>vos</em></span> 
     </span>
    </p>
   </div>
   <div class='ocr_carea' id='block_1_19' title="bbox 487 1497 2144 1572">
    <p class='ocr_par' dir='ltr' id='par_1_19' title="bbox 487 1497 2144 1572">
     <span class='ocr_line' id='line_1_19' title="bbox 487 1497 2144 1572; baseline 0.004 -23"><span class='ocrx_word' id='word_1_112' title='bbox 487 1497 822 1568; x_wconf 83' lang='lat' dir='ltr'><em>comparati</em></span> <span class='ocrx_word' id='word_1_113' title='bbox 855 1497 1005 1565; x_wconf 84' lang='lat' dir='ltr'><em>sitis,</em></span> <span class='ocrx_word' id='word_1_114' title='bbox 1030 1515 1126 1554; x_wconf 91' lang='lat' dir='ltr'><em>res</em></span> <span class='ocrx_word' id='word_1_115' title='bbox 1159 1501 1302 1572; x_wconf 76' lang='lat' dir='ltr'><em>ipsae</em></span> <span class='ocrx_word' id='word_1_116' title='bbox 1334 1505 1640 1556; x_wconf 81' lang='lat' dir='ltr'><em>testantur.</em></span> <span class='ocrx_word' id='word_1_117' title='bbox 1677 1502 1807 1567; x_wconf 87' lang='lat' dir='ltr'><em>Qua</em></span> <span class='ocrx_word' id='word_1_118' title='bbox 1837 1501 1996 1556; x_wconf 91' lang='lat' dir='ltr'><em>enim</em></span> <span class='ocrx_word' id='word_1_119' title='bbox 2028 1500 2144 1556; x_wconf 91' lang='lat' dir='ltr'><em>alia</em></span> 
     </span>
    </p>
   </div>
   <div class='ocr_carea' id='block_1_20' title="bbox 487 1584 2139 1661">
    <p class='ocr_par' dir='ltr' id='par_1_20' title="bbox 487 1584 2139 1661">
     <span class='ocr_line' id='line_1_20' title="bbox 487 1584 2139 1661; baseline 0.002 -22"><span class='ocrx_word' id='word_1_120' title='bbox 487 1584 562 1640; x_wconf 92' lang='lat' dir='ltr'><em>de</em></span> <span class='ocrx_word' id='word_1_121' title='bbox 589 1601 776 1642; x_wconf 91' lang='lat' dir='ltr'><em>causa</em></span> <span class='ocrx_word' id='word_1_122' title='bbox 806 1587 1102 1659; x_wconf 87' lang='lat' dir='ltr'><em>dispersio</em></span> <span class='ocrx_word' id='word_1_123' title='bbox 1125 1595 1182 1645; x_wconf 89' lang='lat' dir='ltr'><em>et</em></span> <span class='ocrx_word' id='word_1_124' title='bbox 1201 1589 1441 1646; x_wconf 89' lang='lat' dir='ltr'><em>laboret</em></span> <span class='ocrx_word' id='word_1_125' title='bbox 1460 1591 1695 1646; x_wconf 83' lang='lat' dir='ltr'><em>vexatio</em></span> <span class='ocrx_word' id='word_1_126' title='bbox 1714 1595 1930 1655; x_wconf 89' lang='lat' dir='ltr'><em>vestra,</em></span> <span class='ocrx_word' id='word_1_127' title='bbox 1955 1605 2139 1661; x_wconf 88' lang='lat' dir='ltr'><em>quam</em></span> 
     </span>
    </p>
   </div>
   <div class='ocr_carea' id='block_1_21' title="bbox 490 1677 2141 1748">
    <p class='ocr_par' dir='ltr' id='par_1_21' title="bbox 490 1677 2141 1748">
     <span class='ocr_line' id='line_1_21' title="bbox 490 1677 2141 1748; baseline 0.003 -20"><span class='ocrx_word' id='word_1_128' title='bbox 490 1680 732 1744; x_wconf 78' lang='lat' dir='ltr'><em>propter</em></span> <span class='ocrx_word' id='word_1_129' title='bbox 768 1677 969 1748; x_wconf 90' lang='lat' dir='ltr'><em>ipsum</em></span> <span class='ocrx_word' id='word_1_130' title='bbox 1015 1678 1244 1734; x_wconf 91' lang='lat' dir='ltr'><em>bonum</em></span> <span class='ocrx_word' id='word_1_131' title='bbox 1285 1683 1468 1736; x_wconf 90' lang='lat' dir='ltr'><em>Deum</em></span> <span class='ocrx_word' id='word_1_132' title='bbox 1507 1681 1828 1737; x_wconf 83' lang='lat' dir='ltr'><em>nostrum?</em></span> <span class='ocrx_word' id='word_1_133' title='bbox 1877 1678 2141 1736; x_wconf 86' lang='lat' dir='ltr'><em>Mametsi</em></span> 
     </span>
    </p>
   </div>
   <div class='ocr_carea' id='block_1_22' title="bbox 487 1766 2139 1841">
    <p class='ocr_par' dir='ltr' id='par_1_22' title="bbox 487 1766 2139 1841">
     <span class='ocr_line' id='line_1_22' title="bbox 487 1766 2139 1841; baseline 0.002 -23"><span class='ocrx_word' id='word_1_134' title='bbox 487 1779 667 1828; x_wconf 86' lang='lat' dir='ltr'><em>nunc,</em></span> <span class='ocrx_word' id='word_1_135' title='bbox 693 1766 960 1835; x_wconf 85' lang='lat' dir='ltr'><em>ejusdem</em></span> <span class='ocrx_word' id='word_1_136' title='bbox 986 1769 1381 1840; x_wconf 87' lang='lat' dir='ltr'><em>providentia,</em></span> <span class='ocrx_word' id='word_1_137' title='bbox 1408 1785 1514 1841; x_wconf 88' lang='lat' dir='ltr'><em>per</em></span> <span class='ocrx_word' id='word_1_138' title='bbox 1533 1770 1743 1841; x_wconf 86' lang='lat' dir='ltr'><em>optimi</em></span> <span class='ocrx_word' id='word_1_139' title='bbox 1766 1768 2139 1840; x_wconf 87' lang='lat' dir='ltr'><em>imperatoris</em></span> 
     </span>
    </p>
   </div>
   <div class='ocr_carea' id='block_1_23' title="bbox 489 1855 2216 1950">
    <p class='ocr_par' dir='ltr' id='par_1_23' title="bbox 489 1855 2216 1950">
     <span class='ocr_line' id='line_1_23' title="bbox 489 1855 2216 1950; baseline 0.003 -43"><span class='ocrx_word' id='word_1_140' title='bbox 489 1855 1013 1923; x_wconf 89' lang='lat' dir='ltr'><em>renuntiationem,</em></span> <span class='ocrx_word' id='word_1_141' title='bbox 1060 1860 1314 1914; x_wconf 87' lang='lat' dir='ltr'><em>cessavit</em></span> <span class='ocrx_word' id='word_1_142' title='bbox 1361 1860 1743 1931; x_wconf 87' lang='lat' dir='ltr'><em>persecutio:</em></span> <span class='ocrx_word' id='word_1_143' title='bbox 1800 1863 1858 1915; x_wconf 88' lang='lat' dir='ltr'><em>et</em></span> <span class='ocrx_word' id='word_1_144' title='bbox 1912 1859 1980 1913; x_wconf 90' lang='lat' dir='ltr'><em>iis</em></span> <span class='ocrx_word' id='word_1_145' title='bbox 2034 1856 2135 1930; x_wconf 91' lang='lat' dir='ltr'><em>qui</em></span> <span class='ocrx_word' id='word_1_146' title='bbox 2171 1895 2216 1950; x_wconf 79' lang='grc' dir='ltr'>Β</span> 
     </span>
    </p>
   </div>
   <div class='ocr_carea' id='block_1_24' title="bbox 486 1945 2132 2018">
    <p class='ocr_par' dir='ltr' id='par_1_24' title="bbox 486 1945 2132 2018">
     <span class='ocr_line' id='line_1_24' title="bbox 486 1945 2132 2018; baseline 0.003 -21"><span class='ocrx_word' id='word_1_147' title='bbox 486 1958 618 1998; x_wconf 86' lang='lat' dir='ltr'><em>eam</em></span> <span class='ocrx_word' id='word_1_148' title='bbox 651 1945 1053 2017; x_wconf 89' lang='lat' dir='ltr'><em>patiebantur,</em></span> <span class='ocrx_word' id='word_1_149' title='bbox 1073 1947 1357 2004; x_wconf 87' lang='lat' dir='ltr'><em>libertatis</em></span> <span class='ocrx_word' id='word_1_150' title='bbox 1383 1947 1600 2004; x_wconf 88' lang='lat' dir='ltr'><em>ostium</em></span> <span class='ocrx_word' id='word_1_151' title='bbox 1631 1949 1997 2018; x_wconf 84' lang='lat' dir='ltr'><em>patefactum</em></span> <span class='ocrx_word' id='word_1_152' title='bbox 2027 1952 2132 2012; x_wconf 89' lang='lat' dir='ltr'><em>est,</em></span> 
     </span>
    </p>
   </div>
   <div class='ocr_carea' id='block_1_25' title="bbox 485 2031 2134 2107">
    <p class='ocr_par' dir='ltr' id='par_1_25' title="bbox 485 2031 2134 2107">
     <span class='ocr_line' id='line_1_25' title="bbox 485 2031 2134 2107; baseline 0.003 -22"><span class='ocrx_word' id='word_1_153' title='bbox 485 2031 722 2086; x_wconf 88' lang='lat' dir='ltr'><em>modica</em></span> <span class='ocrx_word' id='word_1_154' title='bbox 750 2033 860 2088; x_wconf 83' lang='lat' dir='ltr'><em>illis</em></span> <span class='ocrx_word' id='word_1_155' title='bbox 902 2037 1264 2092; x_wconf 84' lang='lat' dir='ltr'><em>relaxatione</em></span> <span class='ocrx_word' id='word_1_156' title='bbox 1294 2044 1350 2092; x_wconf 89' lang='lat' dir='ltr'><em>et</em></span> <span class='ocrx_word' id='word_1_157' title='bbox 1390 2053 1536 2107; x_wconf 86' lang='lat' dir='ltr'><em>pace</em></span> <span class='ocrx_word' id='word_1_158' title='bbox 1571 2053 1860 2092; x_wconf 88' lang='lat' dir='ltr'><em>concessa</em></span> <span class='ocrx_word' id='word_1_159' title='bbox 1885 2052 1989 2107; x_wconf 91' lang='lat' dir='ltr'><em>per</em></span> <span class='ocrx_word' id='word_1_160' title='bbox 2045 2052 2134 2092; x_wconf 87' lang='lat' dir='ltr'><em>ur-</em></span> 
     </span>
    </p>
   </div>
   <div class='ocr_carea' id='block_1_26' title="bbox 483 2121 2134 2198">
    <p class='ocr_par' dir='ltr' id='par_1_26' title="bbox 483 2121 2134 2198">
     <span class='ocr_line' id='line_1_26' title="bbox 483 2121 2134 2198; baseline 0.004 -23"><span class='ocrx_word' id='word_1_161' title='bbox 483 2121 591 2176; x_wconf 88' lang='lat' dir='ltr'><em>bes</em></span> <span class='ocrx_word' id='word_1_162' title='bbox 623 2123 887 2193; x_wconf 88' lang='lat' dir='ltr'><em>singulas</em></span> <span class='ocrx_word' id='word_1_163' title='bbox 921 2131 1098 2198; x_wconf 85' lang='lat' dir='ltr'><em>atque</em></span> <span class='ocrx_word' id='word_1_164' title='bbox 1129 2127 1496 2197; x_wconf 88' lang='lat' dir='ltr'><em>provincias.</em></span> <span class='ocrx_word' id='word_1_165' title='bbox 1524 2129 1651 2194; x_wconf 87' lang='lat' dir='ltr'><em>Quo</em></span> <span class='ocrx_word' id='word_1_166' title='bbox 1685 2128 1928 2183; x_wconf 88' lang='lat' dir='ltr'><em>nomine</em></span> <span class='ocrx_word' id='word_1_167' title='bbox 1959 2141 2134 2195; x_wconf 84' lang='lat' dir='ltr'><em>agere</em></span> 
     </span>
    </p>
   </div>
   <div class='ocr_carea' id='block_1_27' title="bbox 484 2209 2131 2288">
    <p class='ocr_par' dir='ltr' id='par_1_27' title="bbox 484 2209 2131 2288">
     <span class='ocr_line' id='line_1_27' title="bbox 484 2209 2131 2288; baseline 0.004 -25"><span class='ocrx_word' id='word_1_168' title='bbox 484 2209 736 2267; x_wconf 91' lang='lat' dir='ltr'><em>Domino</em></span> <span class='ocrx_word' id='word_1_169' title='bbox 763 2215 982 2281; x_wconf 82' lang='lat' dir='ltr'><em>gratias</em></span> <span class='ocrx_word' id='word_1_170' title='bbox 1015 2216 1330 2280; x_wconf 86' lang='lat' dir='ltr'><em>debemus,</em></span> <span class='ocrx_word' id='word_1_171' title='bbox 1374 2217 1595 2282; x_wconf 85' lang='lat' dir='ltr'><em>Patres,</em></span> <span class='ocrx_word' id='word_1_172' title='bbox 1631 2222 1685 2272; x_wconf 90' lang='lat' dir='ltr'><em>et</em></span> <span class='ocrx_word' id='word_1_173' title='bbox 1711 2216 1942 2288; x_wconf 89' lang='lat' dir='ltr'><em>precari</em></span> <span class='ocrx_word' id='word_1_174' title='bbox 1972 2231 2131 2280; x_wconf 88' lang='lat' dir='ltr'><em>eum,</em></span> 
     </span>
    </p>
   </div>
   <div class='ocr_carea' id='block_1_28' title="bbox 487 2303 2133 2377">
    <p class='ocr_par' dir='ltr' id='par_1_28' title="bbox 487 2303 2133 2377">
     <span class='ocr_line' id='line_1_28' title="bbox 487 2303 2133 2377; baseline 0.005 -25"><span class='ocrx_word' id='word_1_175' title='bbox 487 2303 611 2354; x_wconf 90' lang='lat' dir='ltr'><em>tum</em></span> <span class='ocrx_word' id='word_1_176' title='bbox 639 2318 748 2372; x_wconf 89' lang='lat' dir='ltr'><em>pro</em></span> <span class='ocrx_word' id='word_1_177' title='bbox 762 2304 1185 2360; x_wconf 87' lang='lat' dir='ltr'><em>abundantiori</em></span> <span class='ocrx_word' id='word_1_178' title='bbox 1205 2322 1373 2376; x_wconf 86' lang='lat' dir='ltr'><em>pace,</em></span> <span class='ocrx_word' id='word_1_179' title='bbox 1405 2311 1530 2362; x_wconf 90' lang='lat' dir='ltr'><em>tum</em></span> <span class='ocrx_word' id='word_1_180' title='bbox 1546 2323 1654 2377; x_wconf 93' lang='lat' dir='ltr'><em>pro</em></span> <span class='ocrx_word' id='word_1_181' title='bbox 1681 2305 2133 2363; x_wconf 86' lang='lat' dir='ltr'><em>conﬁrmatione</em></span> 
     </span>
    </p>
   </div>
   <div class='ocr_carea' id='block_1_29' title="bbox 484 2388 2134 2466">
    <p class='ocr_par' dir='ltr' id='par_1_29' title="bbox 484 2388 2134 2466">
     <span class='ocr_line' id='line_1_29' title="bbox 484 2388 2134 2466; baseline 0.003 -24"><span class='ocrx_word' id='word_1_182' title='bbox 484 2388 804 2447; x_wconf 84' lang='lat' dir='ltr'><em>electorum</em></span> <span class='ocrx_word' id='word_1_183' title='bbox 834 2408 869 2448; x_wconf 87' lang='lat' dir='ltr'><em>a</em></span> <span class='ocrx_word' id='word_1_184' title='bbox 897 2396 1012 2448; x_wconf 92' lang='lat' dir='ltr'><em>Deo</em></span> <span class='ocrx_word' id='word_1_185' title='bbox 1045 2394 1474 2466; x_wconf 88' lang='lat' dir='ltr'><em>imperatorum</em></span> <span class='ocrx_word' id='word_1_186' title='bbox 1508 2400 1867 2451; x_wconf 90' lang='lat' dir='ltr'><em>nostrorum.</em></span> <span class='ocrx_word' id='word_1_187' title='bbox 1905 2394 2002 2450; x_wconf 90' lang='lat' dir='ltr'><em>Hic</em></span> <span class='ocrx_word' id='word_1_188' title='bbox 2033 2392 2134 2463; x_wconf 89' lang='lat' dir='ltr'><em>igi-</em></span> 
     </span>
    </p>
   </div>
   <div class='ocr_carea' id='block_1_30' title="bbox 485 2479 2134 2549">
    <p class='ocr_par' dir='ltr' id='par_1_30' title="bbox 485 2479 2134 2549">
     <span class='ocr_line' id='line_1_30' title="bbox 485 2479 2134 2549; baseline 0.004 -18"><span class='ocrx_word' id='word_1_189' title='bbox 485 2481 578 2532; x_wconf 86' lang='lat' dir='ltr'><em>tur</em></span> <span class='ocrx_word' id='word_1_190' title='bbox 608 2479 836 2548; x_wconf 89' lang='lat' dir='ltr'><em>primus</em></span> <span class='ocrx_word' id='word_1_191' title='bbox 877 2498 1074 2537; x_wconf 88' lang='lat' dir='ltr'><em>sermo</em></span> <span class='ocrx_word' id='word_1_192' title='bbox 1105 2488 1328 2540; x_wconf 88' lang='lat' dir='ltr'><em>noster.</em></span> <span class='ocrx_word' id='word_1_193' title='bbox 1382 2485 1715 2549; x_wconf 85' lang='lat' dir='ltr'><em>Proximus,</em></span> <span class='ocrx_word' id='word_1_194' title='bbox 1747 2489 1808 2538; x_wconf 89' lang='lat' dir='ltr'><em>ut</em></span> <span class='ocrx_word' id='word_1_195' title='bbox 1843 2487 1899 2538; x_wconf 91' lang='lat' dir='ltr'><em>et</em></span> <span class='ocrx_word' id='word_1_196' title='bbox 1936 2498 2047 2538; x_wconf 89' lang='lat' dir='ltr'><em>nos</em></span> <span class='ocrx_word' id='word_1_197' title='bbox 2077 2487 2134 2537; x_wconf 89' lang='lat' dir='ltr'><em>et</em></span> 
     </span>
    </p>
   </div>
   <div class='ocr_carea' id='block_1_31' title="bbox 485 2567 2134 2645">
    <p class='ocr_par' dir='ltr' id='par_1_31' title="bbox 485 2567 2134 2645">
     <span class='ocr_line' id='line_1_31' title="bbox 485 2567 2134 2645; baseline 0.003 -25"><span class='ocrx_word' id='word_1_198' title='bbox 485 2582 592 2621; x_wconf 84' lang='lat' dir='ltr'><em>vos</em></span> <span class='ocrx_word' id='word_1_199' title='bbox 628 2567 1047 2625; x_wconf 84' lang='lat' dir='ltr'><em>relaxationem</em></span> <span class='ocrx_word' id='word_1_200' title='bbox 1090 2571 1264 2627; x_wconf 85' lang='lat' dir='ltr'><em>istam</em></span> <span class='ocrx_word' id='word_1_201' title='bbox 1298 2573 1767 2645; x_wconf 90' lang='lat' dir='ltr'><em>missionemque</em></span> <span class='ocrx_word' id='word_1_202' title='bbox 1797 2572 1875 2628; x_wconf 90' lang='lat' dir='ltr'><em>ad</em></span> <span class='ocrx_word' id='word_1_203' title='bbox 1907 2571 2134 2626; x_wconf 87' lang='lat' dir='ltr'><em>virtutis</em></span> 
     </span>
    </p>
   </div>
   <div class='ocr_carea' id='block_1_32' title="bbox 488 2654 2132 2732">
    <p class='ocr_par' dir='ltr' id='par_1_32' title="bbox 488 2654 2132 2732">
     <span class='ocr_line' id='line_1_32' title="bbox 488 2654 2132 2732; baseline 0.005 -24"><span class='ocrx_word' id='word_1_204' title='bbox 488 2654 846 2712; x_wconf 82' lang='lat' dir='ltr'><em>solutionem</em></span> <span class='ocrx_word' id='word_1_205' title='bbox 899 2660 1142 2715; x_wconf 89' lang='lat' dir='ltr'><em>minime</em></span> <span class='ocrx_word' id='word_1_206' title='bbox 1188 2662 1584 2732; x_wconf 83' lang='lat' dir='ltr'><em>accipiamus;</em></span> <span class='ocrx_word' id='word_1_207' title='bbox 1633 2661 1739 2717; x_wconf 89' lang='lat' dir='ltr'><em>sed</em></span> <span class='ocrx_word' id='word_1_208' title='bbox 1791 2661 2132 2730; x_wconf 88' lang='lat' dir='ltr'><em>ubicunque</em></span> 
     </span>
    </p>
   </div>
   <div class='ocr_carea' id='block_1_33' title="bbox 486 2743 2131 2819">
    <p class='ocr_par' dir='ltr' id='par_1_33' title="bbox 486 2743 2131 2819">
     <span class='ocr_line' id='line_1_33' title="bbox 486 2743 2131 2819; baseline 0.004 -22"><span class='ocrx_word' id='word_1_209' title='bbox 486 2743 702 2805; x_wconf 75' lang='lat' dir='ltr'><em>singuli</em></span> <span class='ocrx_word' id='word_1_210' title='bbox 760 2746 972 2812; x_wconf 89' lang='lat' dir='ltr'><em>simus,</em></span> <span class='ocrx_word' id='word_1_211' title='bbox 1038 2749 1302 2819; x_wconf 83' lang='lat' dir='ltr'><em>idipsum</em></span> <span class='ocrx_word' id='word_1_212' title='bbox 1358 2752 1688 2806; x_wconf 89' lang='lat' dir='ltr'><em>sentiamus</em></span> <span class='ocrx_word' id='word_1_213' title='bbox 1719 2754 1787 2814; x_wconf 70' lang='lat'><em>9’,</em></span> <span class='ocrx_word' id='word_1_214' title='bbox 1853 2749 2131 2806; x_wconf 89' lang='lat' dir='ltr'><em>eamdem</em></span> 
     </span>
    </p>
   </div>
   <div class='ocr_carea' id='block_1_34' title="bbox 487 2840 2131 2909">
    <p class='ocr_par' dir='ltr' id='par_1_34' title="bbox 487 2840 2131 2909">
     <span class='ocr_line' id='line_1_34' title="bbox 487 2840 2131 2909; baseline 0.005 -24"><span class='ocrx_word' id='word_1_215' title='bbox 487 2846 762 2888; x_wconf 86' lang='lat' dir='ltr'><em>normam</em></span> <span class='ocrx_word' id='word_1_216' title='bbox 789 2840 1119 2902; x_wconf 86' lang='lat' dir='ltr'><em>teneamus,</em></span> <span class='ocrx_word' id='word_1_217' title='bbox 1138 2841 1202 2894; x_wconf 90' lang='lat' dir='ltr'><em>in</em></span> <span class='ocrx_word' id='word_1_218' title='bbox 1228 2842 1398 2896; x_wconf 85' lang='lat' dir='ltr'><em>nullo</em></span> <span class='ocrx_word' id='word_1_219' title='bbox 1420 2842 1626 2897; x_wconf 84' lang='lat' dir='ltr'><em>dantes</em></span> <span class='ocrx_word' id='word_1_220' title='bbox 1644 2840 2042 2909; x_wconf 74' lang='lat' dir='ltr'><em>offensionem.</em></span> <span class='ocrx_word' id='word_1_221' title='bbox 2065 2844 2131 2894; x_wconf 85' lang='lat' dir='ltr'><em>ut</em></span> 
     </span>
    </p>
   </div>
   <div class='ocr_carea' id='block_1_35' title="bbox 483 2923 2131 2992">
    <p class='ocr_par' dir='ltr' id='par_1_35' title="bbox 483 2923 2131 2992">
     <span class='ocr_line' id='line_1_35' title="bbox 483 2923 2131 2992; baseline 0.004 -17"><span class='ocrx_word' id='word_1_222' title='bbox 483 2935 603 2976; x_wconf 86' lang='lat' dir='ltr'><em>non</em></span> <span class='ocrx_word' id='word_1_223' title='bbox 631 2923 1000 2992; x_wconf 78' lang='lat' dir='ltr'><em>vituperetur</em></span> <span class='ocrx_word' id='word_1_224' title='bbox 1013 2928 1404 2986; x_wconf 85' lang='lat' dir='ltr'><em>ministerium</em></span> <span class='ocrx_word' id='word_1_225' title='bbox 1429 2949 1442 2988; x_wconf 89' lang='lat'><strong>:</strong></span> <span class='ocrx_word' id='word_1_226' title='bbox 1471 2931 1573 2986; x_wconf 83' lang='lat' dir='ltr'><em>sed</em></span> <span class='ocrx_word' id='word_1_227' title='bbox 1594 2931 1653 2984; x_wconf 87' lang='lat' dir='ltr'><em>in</em></span> <span class='ocrx_word' id='word_1_228' title='bbox 1681 2927 1951 2984; x_wconf 85' lang='lat' dir='ltr'><em>omnibus</em></span> <span class='ocrx_word' id='word_1_229' title='bbox 1967 2927 2131 2984; x_wconf 73' lang='lat' dir='ltr'><em>exhi-</em></span> 
     </span>
    </p>
   </div>
   <div class='ocr_carea' id='block_1_36' title="bbox 486 3009 2130 3088">
    <p class='ocr_par' dir='ltr' id='par_1_36' title="bbox 486 3009 2130 3088">
     <span class='ocr_line' id='line_1_36' title="bbox 486 3009 2130 3088; baseline 0.004 -25"><span class='ocrx_word' id='word_1_230' title='bbox 486 3009 716 3066; x_wconf 85' lang='lat' dir='ltr'><em>beamus</em></span> <span class='ocrx_word' id='word_1_231' title='bbox 745 3017 1146 3082; x_wconf 82' lang='lat' dir='ltr'><em>nosmetipsos,</em></span> <span class='ocrx_word' id='word_1_232' title='bbox 1177 3023 1242 3074; x_wconf 88' lang='lat' dir='ltr'><em>ut</em></span> <span class='ocrx_word' id='word_1_233' title='bbox 1264 3019 1552 3088; x_wconf 84' lang='lat' dir='ltr'><em>scriptum</em></span> <span class='ocrx_word' id='word_1_234' title='bbox 1576 3023 1684 3084; x_wconf 87' lang='lat' dir='ltr'><em>est,</em></span> <span class='ocrx_word' id='word_1_235' title='bbox 1718 3019 1869 3074; x_wconf 87' lang='lat' dir='ltr'><em>sicut</em></span> <span class='ocrx_word' id='word_1_236' title='bbox 1903 3019 2010 3073; x_wconf 85' lang='lat' dir='ltr'><em>Dei</em></span> <span class='ocrx_word' id='word_1_237' title='bbox 2027 3017 2130 3072; x_wconf 90' lang='lat' dir='ltr'><em>mi-</em></span> 
     </span>
    </p>
   </div>
   <div class='ocr_carea' id='block_1_37' title="bbox 481 3098 2124 3176">
    <p class='ocr_par' dir='ltr' id='par_1_37' title="bbox 481 3098 2124 3176">
     <span class='ocr_line' id='line_1_37' title="bbox 481 3098 2124 3176; baseline 0.005 -24"><span class='ocrx_word' id='word_1_238' title='bbox 481 3098 718 3166; x_wconf 78' lang='lat' dir='ltr'><em>nistros,</em></span> <span class='ocrx_word' id='word_1_239' title='bbox 753 3103 814 3158; x_wconf 90' lang='lat' dir='ltr'><em>in</em></span> <span class='ocrx_word' id='word_1_240' title='bbox 850 3105 1162 3174; x_wconf 80' lang='lat' dir='ltr'><em>patientia,</em></span> <span class='ocrx_word' id='word_1_241' title='bbox 1189 3108 1253 3163; x_wconf 91' lang='lat' dir='ltr'><em>in</em></span> <span class='ocrx_word' id='word_1_242' title='bbox 1301 3108 1808 3171; x_wconf 79' lang='lat' dir='ltr'><em>tribulationibus,</em></span> <span class='ocrx_word' id='word_1_243' title='bbox 1841 3107 1903 3162; x_wconf 89' lang='lat' dir='ltr'><em>in</em></span> <span class='ocrx_word' id='word_1_244' title='bbox 1945 3121 2124 3176; x_wconf 86' lang='lat' dir='ltr'><em>angu-</em></span> 
     </span>
    </p>
   </div>
   <div class='ocr_carea' id='block_1_38' title="bbox 479 3188 2131 3268">
    <p class='ocr_par' dir='ltr' id='par_1_38' title="bbox 479 3188 2131 3268">
     <span class='ocr_line' id='line_1_38' title="bbox 479 3188 2131 3268; baseline 0.005 -26"><span class='ocrx_word' id='word_1_245' title='bbox 479 3188 695 3256; x_wconf 73' lang='lat' dir='ltr'><em>stiis”;</em></span> <span class='ocrx_word' id='word_1_246' title='bbox 717 3191 774 3246; x_wconf 93' lang='lat' dir='ltr'><em>in</em></span> <span class='ocrx_word' id='word_1_247' title='bbox 801 3192 932 3248; x_wconf 89' lang='lat' dir='ltr'><em>aliis</em></span> <span class='ocrx_word' id='word_1_248' title='bbox 959 3196 1180 3266; x_wconf 89' lang='lat' dir='ltr'><em>quibus</em></span> <span class='ocrx_word' id='word_1_249' title='bbox 1207 3197 1388 3268; x_wconf 85' lang='lat' dir='ltr'><em>hujus</em></span> <span class='ocrx_word' id='word_1_250' title='bbox 1413 3198 1697 3268; x_wconf 87' lang='lat' dir='ltr'><em>temporis</em></span> <span class='ocrx_word' id='word_1_251' title='bbox 1724 3196 1845 3251; x_wconf 88' lang='lat' dir='ltr'><em>vita</em></span> <span class='ocrx_word' id='word_1_252' title='bbox 1867 3195 2131 3251; x_wconf 85' lang='lat' dir='ltr'><em>obnoxia</em></span> 
     </span>
    </p>
   </div>
   <div class='ocr_carea' id='block_1_39' title="bbox 2338 1041 3862 1116">
    <p class='ocr_par' dir='ltr' id='par_1_39' title="bbox 2338 1041 3862 1116">
     <span class='ocr_line' id='line_1_39' title="bbox 2338 1041 3862 1116; baseline 0 -22"><span class='ocrx_word' id='word_1_253' title='bbox 2338 1041 2538 1116; x_wconf 88' lang='grc' dir='ltr'>Χαίρειν</span> <span class='ocrx_word' id='word_1_254' title='bbox 2601 1045 2714 1096; x_wconf 80' lang='grc' dir='ltr'>ἔστι</span> <span class='ocrx_word' id='word_1_255' title='bbox 2768 1045 2984 1098; x_wconf 86' lang='grc' dir='ltr'>πάντοτε</span> <span class='ocrx_word' id='word_1_256' title='bbox 3038 1052 3150 1107; x_wconf 88' lang='grc' dir='ltr'>τοῖς</span> <span class='ocrx_word' id='word_1_257' title='bbox 3196 1046 3332 1098; x_wconf 79' lang='grc' dir='ltr'>κατὰ</span> <span class='ocrx_word' id='word_1_258' title='bbox 3367 1047 3495 1099; x_wconf 86' lang='grc' dir='ltr'>Θεὸν</span> <span class='ocrx_word' id='word_1_259' title='bbox 3546 1044 3681 1105; x_wconf 78' lang='grc' dir='ltr'>ζῶσι</span> <span class='ocrx_word' id='word_1_260' title='bbox 3711 1063 3724 1076; x_wconf 74' lang='grc' dir='ltr'><em>ι</em></span> <span class='ocrx_word' id='word_1_261' title='bbox 3759 1043 3862 1096; x_wconf 82' lang='grc' dir='ltr'>κᾶν</span> 
     </span>
    </p>
   </div>
   <div class='ocr_carea' id='block_1_40' title="bbox 2260 1129 3859 1208">
    <p class='ocr_par' dir='ltr' id='par_1_40' title="bbox 2260 1129 3859 1208">
     <span class='ocr_line' id='line_1_40' title="bbox 2260 1129 3859 1208; baseline -0.004 -17"><span class='ocrx_word' id='word_1_262' title='bbox 2260 1134 2370 1191; x_wconf 86' lang='grc' dir='ltr'>τοῖς</span> <span class='ocrx_word' id='word_1_263' title='bbox 2433 1139 2529 1193; x_wconf 76' lang='grc' dir='ltr'><em>τῆς</em></span> <span class='ocrx_word' id='word_1_264' title='bbox 2576 1139 2754 1208; x_wconf 87' lang='grc' dir='ltr'>χαρᾶς</span> <span class='ocrx_word' id='word_1_265' title='bbox 2830 1132 3076 1197; x_wconf 80' lang='grc' dir='ltr'>ἐναντίοις</span> <span class='ocrx_word' id='word_1_266' title='bbox 3153 1134 3459 1187; x_wconf 79' lang='grc' dir='ltr'>ὑποπέσοιεν</span> <span class='ocrx_word' id='word_1_267' title='bbox 3491 1150 3503 1162; x_wconf 91' lang='grc'><strong>·</strong></span> <span class='ocrx_word' id='word_1_268' title='bbox 3563 1129 3742 1192; x_wconf 77' lang='grc' dir='ltr'>ἐπειδὴ</span> <span class='ocrx_word' id='word_1_269' title='bbox 3805 1132 3859 1185; x_wconf 70' lang='grc' dir='ltr'>ἓν</span> 
     </span>
    </p>
   </div>
   <div class='ocr_carea' id='block_1_41' title="bbox 2260 1218 3860 1297">
    <p class='ocr_par' dir='ltr' id='par_1_41' title="bbox 2260 1218 3860 1297">
     <span class='ocr_line' id='line_1_41' title="bbox 2260 1218 3860 1297; baseline 0.003 -27"><span class='ocrx_word' id='word_1_270' title='bbox 2260 1218 2580 1293; x_wconf 75' lang='grc' dir='ltr'>εὐφροσύνης</span> <span class='ocrx_word' id='word_1_271' title='bbox 2646 1220 2890 1284; x_wconf 82' lang='grc' dir='ltr'><em>ἀληθινῆς</em></span> <span class='ocrx_word' id='word_1_272' title='bbox 2953 1225 3101 1297; x_wconf 81' lang='grc' dir='ltr'>ἔργον</span> <span class='ocrx_word' id='word_1_273' title='bbox 3153 1225 3183 1282; x_wconf 84' lang='grc' dir='ltr'>ἡ</span> <span class='ocrx_word' id='word_1_274' title='bbox 3240 1223 3307 1284; x_wconf 84' lang='grc' dir='ltr'>εἰς</span> <span class='ocrx_word' id='word_1_275' title='bbox 3369 1226 3498 1276; x_wconf 92' lang='grc' dir='ltr'>Θεὸν</span> <span class='ocrx_word' id='word_1_276' title='bbox 3551 1220 3710 1287; x_wconf 75' lang='grc' dir='ltr'>ἐλπὶς,</span> <span class='ocrx_word' id='word_1_277' title='bbox 3766 1225 3860 1274; x_wconf 87' lang='lat' dir='ltr'><em>xui</em></span> 
     </span>
    </p>
   </div>
   <div class='ocr_carea' id='block_1_42' title="bbox 2257 1309 3860 1385">
    <p class='ocr_par' dir='ltr' id='par_1_42' title="bbox 2257 1309 3860 1385">
     <span class='ocr_line' id='line_1_42' title="bbox 2257 1309 3860 1385; baseline 0.002 -26"><span class='ocrx_word' id='word_1_278' title='bbox 2257 1310 2316 1359; x_wconf 88' lang='grc' dir='ltr'><em>τὸ</em></span> <span class='ocrx_word' id='word_1_279' title='bbox 2365 1309 2491 1381; x_wconf 76' lang='grc' dir='ltr'>ὑπὲρ</span> <span class='ocrx_word' id='word_1_280' title='bbox 2533 1310 2689 1364; x_wconf 75' lang='grc' dir='ltr'>αὑτοῦ</span> <span class='ocrx_word' id='word_1_281' title='bbox 2733 1317 2822 1365; x_wconf 85' lang='grc' dir='ltr'>καὶ</span> <span class='ocrx_word' id='word_1_282' title='bbox 2861 1309 2934 1364; x_wconf 80' lang='grc' dir='ltr'><em>δι’</em></span> <span class='ocrx_word' id='word_1_283' title='bbox 2980 1312 3134 1364; x_wconf 87' lang='grc' dir='ltr'>αὑτὸν</span> <span class='ocrx_word' id='word_1_284' title='bbox 3185 1312 3301 1385; x_wconf 77' lang='grc' dir='ltr'>ζῇν,</span> <span class='ocrx_word' id='word_1_285' title='bbox 3343 1315 3430 1364; x_wconf 86' lang='grc' dir='ltr'>καὶ</span> <span class='ocrx_word' id='word_1_286' title='bbox 3456 1313 3733 1377; x_wconf 87' lang='grc' dir='ltr'>κινεῖσθαι,</span> <span class='ocrx_word' id='word_1_287' title='bbox 3765 1315 3860 1363; x_wconf 88' lang='lat' dir='ltr'><em>xui</em></span> 
     </span>
    </p>
   </div>
   <div class='ocr_carea' id='block_1_43' title="bbox 2256 1397 3852 1475">
    <p class='ocr_par' dir='ltr' id='par_1_43' title="bbox 2256 1397 3852 1475">
     <span class='ocr_line' id='line_1_43' title="bbox 2256 1397 3852 1475; baseline 0.002 -27"><span class='ocrx_word' id='word_1_288' title='bbox 2256 1403 2356 1449; x_wconf 86' lang='grc' dir='ltr'>πᾶν</span> <span class='ocrx_word' id='word_1_289' title='bbox 2427 1400 2597 1452; x_wconf 82' lang='grc' dir='ltr'>ὁτιοῦν</span> <span class='ocrx_word' id='word_1_290' title='bbox 2662 1400 2784 1454; x_wconf 80' lang='grc' dir='ltr'>ἄλλο</span> <span class='ocrx_word' id='word_1_291' title='bbox 2863 1403 3124 1475; x_wconf 89' lang='grc' dir='ltr'>πράττειν.</span> <span class='ocrx_word' id='word_1_292' title='bbox 3181 1408 3296 1453; x_wconf 81' lang='grc' dir='ltr'>Ὀτι</span> <span class='ocrx_word' id='word_1_293' title='bbox 3349 1397 3407 1454; x_wconf 70' lang='grc' dir='ltr'><em>δὲ</em></span> <span class='ocrx_word' id='word_1_294' title='bbox 3471 1401 3629 1462; x_wconf 87' lang='grc' dir='ltr'>οὑτως</span> <span class='ocrx_word' id='word_1_295' title='bbox 3683 1401 3852 1470; x_wconf 89' lang='grc' dir='ltr'>ὑμεῖς,</span> 
     </span>
    </p>
   </div>
   <div class='ocr_carea' id='block_1_44' title="bbox 2253 1487 3856 1566">
    <p class='ocr_par' dir='ltr' id='par_1_44' title="bbox 2253 1487 3856 1566">
     <span class='ocr_line' id='line_1_44' title="bbox 2253 1487 3856 1566; baseline 0.002 -28"><span class='ocrx_word' id='word_1_296' title='bbox 2253 1495 2507 1560; x_wconf 81' lang='grc' dir='ltr'>μαρτυρεῖ</span> <span class='ocrx_word' id='word_1_297' title='bbox 2563 1489 2696 1542; x_wconf 75' lang='grc' dir='ltr'>αὐτὰ</span> <span class='ocrx_word' id='word_1_298' title='bbox 2753 1493 2815 1542; x_wconf 73' lang='grc' dir='ltr'>τὰ</span> <span class='ocrx_word' id='word_1_299' title='bbox 2876 1492 3176 1566; x_wconf 87' lang='grc' dir='ltr'>πράγματα.</span> <span class='ocrx_word' id='word_1_300' title='bbox 3239 1490 3458 1553; x_wconf 81' lang='grc' dir='ltr'>Οὗτινος</span> <span class='ocrx_word' id='word_1_301' title='bbox 3518 1493 3619 1564; x_wconf 85' lang='grc' dir='ltr'><em>γὰρ</em></span> <span class='ocrx_word' id='word_1_302' title='bbox 3696 1487 3856 1541; x_wconf 75' lang='grc' dir='ltr'>ἄλλον</span> 
     </span>
    </p>
   </div>
   <div class='ocr_carea' id='block_1_45' title="bbox 2252 1576 3851 1654">
    <p class='ocr_par' dir='ltr' id='par_1_45' title="bbox 2252 1576 3851 1654">
     <span class='ocr_line' id='line_1_45' title="bbox 2252 1576 3851 1654; baseline 0 -26"><span class='ocrx_word' id='word_1_303' title='bbox 2252 1576 2411 1629; x_wconf 82' lang='grc' dir='ltr'>ἕνεκεν</span> <span class='ocrx_word' id='word_1_304' title='bbox 2453 1579 2477 1629; x_wconf 97' lang='lat'><em>6</em></span> <span class='ocrx_word' id='word_1_305' title='bbox 2527 1583 2858 1654; x_wconf 89' lang='grc' dir='ltr'>σκορπισμὸς</span> <span class='ocrx_word' id='word_1_306' title='bbox 2915 1588 3003 1632; x_wconf 84' lang='lat' dir='ltr'><em>xui</em></span> <span class='ocrx_word' id='word_1_307' title='bbox 3057 1584 3217 1640; x_wconf 83' lang='grc' dir='ltr'>κόπος</span> <span class='ocrx_word' id='word_1_308' title='bbox 3267 1584 3358 1632; x_wconf 84' lang='grc' dir='ltr'>καὶ</span> <span class='ocrx_word' id='word_1_309' title='bbox 3409 1579 3585 1640; x_wconf 81' lang='grc' dir='ltr'>κλόνος</span> <span class='ocrx_word' id='word_1_310' title='bbox 3624 1580 3785 1651; x_wconf 82' lang='grc' dir='ltr'>ὑμῶν,</span> <span class='ocrx_word' id='word_1_311' title='bbox 3817 1581 3851 1636; x_wconf 79' lang='grc' dir='ltr'><strong>ἦ</strong></span> 
     </span>
    </p>
   </div>
   <div class='ocr_carea' id='block_1_46' title="bbox 2252 1661 3850 1742">
    <p class='ocr_par' dir='ltr' id='par_1_46' title="bbox 2252 1661 3850 1742">
     <span class='ocr_line' id='line_1_46' title="bbox 2252 1661 3850 1742; baseline 0.002 -26"><span class='ocrx_word' id='word_1_312' title='bbox 2252 1661 2326 1717; x_wconf 85' lang='grc' dir='ltr'><em>δι’</em></span> <span class='ocrx_word' id='word_1_313' title='bbox 2358 1665 2510 1718; x_wconf 77' lang='grc' dir='ltr'>αὑτὸν</span> <span class='ocrx_word' id='word_1_314' title='bbox 2558 1670 2644 1719; x_wconf 89' lang='grc' dir='ltr'><em>τὸν</em></span> <span class='ocrx_word' id='word_1_315' title='bbox 2689 1667 2882 1742; x_wconf 79' lang='grc' dir='ltr'>ἁγρθὸν</span> <span class='ocrx_word' id='word_1_316' title='bbox 2933 1671 3060 1723; x_wconf 83' lang='grc' dir='ltr'><em>Θεὸν</em></span> <span class='ocrx_word' id='word_1_317' title='bbox 3093 1671 3237 1740; x_wconf 76' lang='grc' dir='ltr'>ἡμῶν</span> <span class='ocrx_word' id='word_1_318' title='bbox 3269 1687 3283 1737; x_wconf 87' lang='grc'><strong>;</strong></span> <span class='ocrx_word' id='word_1_319' title='bbox 3314 1668 3375 1721; x_wconf 83' lang='grc' dir='ltr'><strong>Εἰ</strong></span> <span class='ocrx_word' id='word_1_320' title='bbox 3413 1672 3503 1721; x_wconf 89' lang='lat' dir='ltr'><em>xui</em></span> <span class='ocrx_word' id='word_1_321' title='bbox 3549 1669 3629 1720; x_wconf 79' lang='grc' dir='ltr'>ὅτι</span> <span class='ocrx_word' id='word_1_322' title='bbox 3667 1675 3754 1719; x_wconf 90' lang='grc' dir='ltr'><em>νῦν</em></span> <span class='ocrx_word' id='word_1_323' title='bbox 3785 1674 3850 1738; x_wconf 76' lang='grc' dir='ltr'><em>τῇ</em></span> 
     </span>
    </p>
   </div>
   <div class='ocr_carea' id='block_1_47' title="bbox 2248 1753 3856 1831">
    <p class='ocr_par' dir='ltr' id='par_1_47' title="bbox 2248 1753 3856 1831">
     <span class='ocr_line' id='line_1_47' title="bbox 2248 1753 3856 1831; baseline 0.001 -25"><span class='ocrx_word' id='word_1_324' title='bbox 2248 1753 2408 1806; x_wconf 82' lang='grc' dir='ltr'>αὑτοῦ</span> <span class='ocrx_word' id='word_1_325' title='bbox 2471 1759 2763 1830; x_wconf 80' lang='grc' dir='ltr'>προμηθείᾳ</span> <span class='ocrx_word' id='word_1_326' title='bbox 2816 1757 3074 1831; x_wconf 74' lang='grc' dir='ltr'><em>ἐλώφησεν</em></span> <span class='ocrx_word' id='word_1_327' title='bbox 3137 1760 3163 1810; x_wconf 91' lang='grc' dir='ltr'><em>ό</em></span> <span class='ocrx_word' id='word_1_328' title='bbox 3223 1755 3476 1830; x_wconf 79' lang='grc' dir='ltr'>διωγμὸς.</span> <span class='ocrx_word' id='word_1_329' title='bbox 3537 1756 3856 1831; x_wconf 77' lang='grc' dir='ltr'>Ἀναρῥήσει</span> 
     </span>
    </p>
   </div>
   <div class='ocr_carea' id='block_1_48' title="bbox 2246 1844 3850 1922">
    <p class='ocr_par' dir='ltr' id='par_1_48' title="bbox 2246 1844 3850 1922">
     <span class='ocr_line' id='line_1_48' title="bbox 2246 1844 3850 1922; baseline 0.002 -28"><span class='ocrx_word' id='word_1_330' title='bbox 2246 1850 2338 1895; x_wconf 92' lang='grc' dir='ltr'><em>τοῦ</em></span> <span class='ocrx_word' id='word_1_331' title='bbox 2377 1853 2624 1917; x_wconf 82' lang='grc' dir='ltr'>χρηστοῦ</span> <span class='ocrx_word' id='word_1_332' title='bbox 2663 1849 2885 1920; x_wconf 80' lang='grc' dir='ltr'>κράτους</span> <span class='ocrx_word' id='word_1_333' title='bbox 2913 1864 2925 1877; x_wconf 90' lang='grc'><strong>·</strong></span> <span class='ocrx_word' id='word_1_334' title='bbox 2959 1852 3049 1900; x_wconf 88' lang='grc' dir='ltr'>καὶ</span> <span class='ocrx_word' id='word_1_335' title='bbox 3098 1845 3397 1922; x_wconf 81' lang='grc' dir='ltr'>παῤῥησίας</span> <span class='ocrx_word' id='word_1_336' title='bbox 3429 1848 3562 1920; x_wconf 86' lang='grc' dir='ltr'><em>θὺρα</em></span> <span class='ocrx_word' id='word_1_337' title='bbox 3606 1844 3850 1918; x_wconf 76' lang='grc' dir='ltr'>ἀνεῳχθη</span> 
     </span>
    </p>
   </div>
   <div class='ocr_carea' id='block_1_49' title="bbox 2245 1929 3854 2008">
    <p class='ocr_par' dir='ltr' id='par_1_49' title="bbox 2245 1929 3854 2008">
     <span class='ocr_line' id='line_1_49' title="bbox 2245 1929 3854 2008; baseline 0.002 -25"><span class='ocrx_word' id='word_1_338' title='bbox 2245 1939 2355 1994; x_wconf 91' lang='grc' dir='ltr'>τοῖς</span> <span class='ocrx_word' id='word_1_339' title='bbox 2409 1929 2804 2006; x_wconf 75' lang='grc' dir='ltr'>διδιωγμένοις,</span> <span class='ocrx_word' id='word_1_340' title='bbox 2861 1935 3191 1989; x_wconf 82' lang='grc' dir='ltr'>ἀπολαύουσι</span> <span class='ocrx_word' id='word_1_341' title='bbox 3229 1941 3438 2008; x_wconf 81' lang='grc' dir='ltr'>μετρίας</span> <span class='ocrx_word' id='word_1_342' title='bbox 3494 1937 3721 2008; x_wconf 78' lang='grc' dir='ltr'>ἀφέσεως</span> <span class='ocrx_word' id='word_1_343' title='bbox 3755 1938 3854 1987; x_wconf 87' lang='lat' dir='ltr'><em>xui</em></span> 
     </span>
    </p>
   </div>
   <div class='ocr_carea' id='block_1_50' title="bbox 2245 2020 3855 2098">
    <p class='ocr_par' dir='ltr' id='par_1_50' title="bbox 2245 2020 3855 2098">
     <span class='ocr_line' id='line_1_50' title="bbox 2245 2020 3855 2098; baseline 0.001 -25"><span class='ocrx_word' id='word_1_344' title='bbox 2245 2020 2452 2092; x_wconf 82' lang='grc' dir='ltr'>εἰρήνης</span> <span class='ocrx_word' id='word_1_345' title='bbox 2516 2025 2652 2075; x_wconf 84' lang='grc' dir='ltr'>κατὰ</span> <span class='ocrx_word' id='word_1_346' title='bbox 2732 2031 2906 2077; x_wconf 87' lang='grc' dir='ltr'>πᾶσαν</span> <span class='ocrx_word' id='word_1_347' title='bbox 2964 2024 3112 2077; x_wconf 86' lang='grc' dir='ltr'>πόλιν</span> <span class='ocrx_word' id='word_1_348' title='bbox 3190 2029 3279 2077; x_wconf 85' lang='grc' dir='ltr'>καὶ</span> <span class='ocrx_word' id='word_1_349' title='bbox 3341 2030 3545 2098; x_wconf 86' lang='grc' dir='ltr'>χώραν.</span> <span class='ocrx_word' id='word_1_350' title='bbox 3616 2023 3721 2095; x_wconf 80' lang='grc' dir='ltr'><em>Ἐφ’</em></span> <span class='ocrx_word' id='word_1_351' title='bbox 3774 2023 3855 2082; x_wconf 86' lang='grc' dir='ltr'>οἶς</span> 
     </span>
    </p>
   </div>
   <div class='ocr_carea' id='block_1_51' title="bbox 2245 2109 3853 2188">
    <p class='ocr_par' dir='ltr' id='par_1_51' title="bbox 2245 2109 3853 2188">
     <span class='ocr_line' id='line_1_51' title="bbox 2245 2109 3853 2188; baseline 0.002 -27"><span class='ocrx_word' id='word_1_352' title='bbox 2245 2109 2501 2182; x_wconf 79' lang='grc' dir='ltr'>ὀφειλέται</span> <span class='ocrx_word' id='word_1_353' title='bbox 2586 2110 2760 2185; x_wconf 75' lang='grc' dir='ltr'>ἐσμεν,</span> <span class='ocrx_word' id='word_1_354' title='bbox 2841 2111 2880 2165; x_wconf 85' lang='grc' dir='ltr'><strong><em>ὦ</em></strong></span> <span class='ocrx_word' id='word_1_355' title='bbox 2961 2117 3200 2188; x_wconf 80' lang='grc' dir='ltr'>Πατέρες,</span> <span class='ocrx_word' id='word_1_356' title='bbox 3265 2113 3612 2186; x_wconf 75' lang='grc' dir='ltr'>εὐχαριστίας</span> <span class='ocrx_word' id='word_1_357' title='bbox 3681 2131 3853 2184; x_wconf 87' lang='grc' dir='ltr'>προσ-</span> 
     </span>
    </p>
   </div>
   <div class='ocr_carea' id='block_1_52' title="bbox 2245 2200 3852 2275">
    <p class='ocr_par' dir='ltr' id='par_1_52' title="bbox 2245 2200 3852 2275">
     <span class='ocr_line' id='line_1_52' title="bbox 2245 2200 3852 2275; baseline 0.001 -24"><span class='ocrx_word' id='word_1_358' title='bbox 2245 2200 2386 2269; x_wconf 87' lang='grc' dir='ltr'>άγειν</span> <span class='ocrx_word' id='word_1_359' title='bbox 2445 2206 2640 2274; x_wconf 82' lang='grc' dir='ltr'>Κυρίῳ,</span> <span class='ocrx_word' id='word_1_360' title='bbox 2691 2207 2780 2255; x_wconf 81' lang='grc' dir='ltr'>καὶ</span> <span class='ocrx_word' id='word_1_361' title='bbox 2827 2201 3101 2275; x_wconf 77' lang='grc' dir='ltr'>πρεσϐείας</span> <span class='ocrx_word' id='word_1_362' title='bbox 3160 2203 3286 2274; x_wconf 78' lang='grc' dir='ltr'>ὑπέρ</span> <span class='ocrx_word' id='word_1_363' title='bbox 3353 2221 3408 2254; x_wconf 90' lang='grc' dir='ltr'><em>τε</em></span> <span class='ocrx_word' id='word_1_364' title='bbox 3457 2201 3852 2274; x_wconf 83' lang='grc' dir='ltr'>πλουσιωτέρας</span> 
     </span>
    </p>
   </div>
   <div class='ocr_carea' id='block_1_53' title="bbox 2243 2288 3850 2366">
    <p class='ocr_par' dir='ltr' id='par_1_53' title="bbox 2243 2288 3850 2366">
     <span class='ocr_line' id='line_1_53' title="bbox 2243 2288 3850 2366; baseline 0.001 -26"><span class='ocrx_word' id='word_1_365' title='bbox 2243 2288 2468 2362; x_wconf 75' lang='grc' dir='ltr'>εἰρήνης,</span> <span class='ocrx_word' id='word_1_366' title='bbox 2570 2296 2660 2343; x_wconf 85' lang='grc' dir='ltr'>καὶ</span> <span class='ocrx_word' id='word_1_367' title='bbox 2771 2290 3133 2364; x_wconf 76' lang='grc' dir='ltr'>ἐπιστηρίξεως</span> <span class='ocrx_word' id='word_1_368' title='bbox 3234 2299 3332 2344; x_wconf 87' lang='grc' dir='ltr'><em>τῶν</em></span> <span class='ocrx_word' id='word_1_369' title='bbox 3456 2289 3850 2366; x_wconf 79' lang='grc' dir='ltr'>θεοπροϐλὴτων</span> 
     </span>
    </p>
   </div>
   <div class='ocr_carea' id='block_1_54' title="bbox 2243 2375 3852 2454">
    <p class='ocr_par' dir='ltr' id='par_1_54' title="bbox 2243 2375 3852 2454">
     <span class='ocr_line' id='line_1_54' title="bbox 2243 2375 3852 2454; baseline -0.002 -19"><span class='ocrx_word' id='word_1_370' title='bbox 2243 2379 2388 2449; x_wconf 77' lang='grc' dir='ltr'>ἡμῶν</span> <span class='ocrx_word' id='word_1_371' title='bbox 2433 2375 2708 2451; x_wconf 84' lang='grc' dir='ltr'>βασιλέων.</span> <span class='ocrx_word' id='word_1_372' title='bbox 2763 2381 2927 2442; x_wconf 84' lang='grc' dir='ltr'>Οὗτος</span> <span class='ocrx_word' id='word_1_373' title='bbox 2982 2377 3069 2433; x_wconf 83' lang='grc' dir='ltr'>οὖν</span> <span class='ocrx_word' id='word_1_374' title='bbox 3123 2382 3148 2433; x_wconf 92' lang='grc' dir='ltr'><em>ό</em></span> <span class='ocrx_word' id='word_1_375' title='bbox 3194 2388 3395 2454; x_wconf 89' lang='grc' dir='ltr'>πρῶτος</span> <span class='ocrx_word' id='word_1_376' title='bbox 3444 2379 3613 2451; x_wconf 87' lang='grc' dir='ltr'>λόγος.</span> <span class='ocrx_word' id='word_1_377' title='bbox 3671 2381 3852 2432; x_wconf 83' lang='grc' dir='ltr'>Δεύτε-</span> 
     </span>
    </p>
   </div>
   <div class='ocr_carea' id='block_1_55' title="bbox 2241 2463 3849 2542">
    <p class='ocr_par' dir='ltr' id='par_1_55' title="bbox 2241 2463 3849 2542">
     <span class='ocr_line' id='line_1_55' title="bbox 2241 2463 3849 2542; baseline 0.002 -25"><span class='ocrx_word' id='word_1_378' title='bbox 2241 2486 2330 2539; x_wconf 91' lang='grc' dir='ltr'><em>ρον</em></span> <span class='ocrx_word' id='word_1_379' title='bbox 2371 2463 2448 2531; x_wconf 74' lang='grc' dir='ltr'><em>δὲ,</em></span> <span class='ocrx_word' id='word_1_380' title='bbox 2500 2469 2581 2520; x_wconf 81' lang='grc' dir='ltr'>ἶνα</span> <span class='ocrx_word' id='word_1_381' title='bbox 2627 2473 2717 2521; x_wconf 86' lang='grc' dir='ltr'>καὶ</span> <span class='ocrx_word' id='word_1_382' title='bbox 2763 2470 2914 2541; x_wconf 77' lang='grc' dir='ltr'>ἡμεῖς</span> <span class='ocrx_word' id='word_1_383' title='bbox 2962 2475 3052 2522; x_wconf 88' lang='lat' dir='ltr'><em>xui</em></span> <span class='ocrx_word' id='word_1_384' title='bbox 3095 2471 3237 2542; x_wconf 83' lang='grc' dir='ltr'>ὑμεῖς</span> <span class='ocrx_word' id='word_1_385' title='bbox 3289 2471 3495 2541; x_wconf 58' lang='grc' dir='ltr'>μὴπην</span> <span class='ocrx_word' id='word_1_386' title='bbox 3546 2469 3728 2540; x_wconf 79' lang='grc' dir='ltr'>ἄφεσιν</span> <span class='ocrx_word' id='word_1_387' title='bbox 3777 2468 3849 2530; x_wconf 85' lang='grc' dir='ltr'>εἰς</span> 
     </span>
    </p>
   </div>
   <div class='ocr_carea' id='block_1_56' title="bbox 2244 2554 3846 2632">
    <p class='ocr_par' dir='ltr' id='par_1_56' title="bbox 2244 2554 3846 2632">
     <span class='ocr_line' id='line_1_56' title="bbox 2244 2554 3846 2632; baseline -0.001 -22"><span class='ocrx_word' id='word_1_388' title='bbox 2244 2554 2488 2610; x_wconf 82' lang='grc' dir='ltr'>διάλυσιν</span> <span class='ocrx_word' id='word_1_389' title='bbox 2551 2555 2735 2630; x_wconf 79' lang='grc' dir='ltr'>ἀρετῆς</span> <span class='ocrx_word' id='word_1_390' title='bbox 2794 2554 3073 2631; x_wconf 80' lang='grc' dir='ltr'>δεξοίμεθα</span> <span class='ocrx_word' id='word_1_391' title='bbox 3121 2579 3134 2591; x_wconf 80' lang='grc' dir='ltr'><em>ο</em></span> <span class='ocrx_word' id='word_1_392' title='bbox 3205 2557 3312 2610; x_wconf 81' lang='grc' dir='ltr'>ἀλλ’</span> <span class='ocrx_word' id='word_1_393' title='bbox 3381 2559 3604 2632; x_wconf 84' lang='grc' dir='ltr'>ὅπουπερ</span> <span class='ocrx_word' id='word_1_394' title='bbox 3687 2556 3846 2628; x_wconf 74' lang='grc' dir='ltr'>ἔσμεν</span> 
     </span>
    </p>
   </div>
   <div class='ocr_carea' id='block_1_57' title="bbox 2241 2643 3842 2721">
    <p class='ocr_par' dir='ltr' id='par_1_57' title="bbox 2241 2643 3842 2721">
     <span class='ocr_line' id='line_1_57' title="bbox 2241 2643 3842 2721; baseline 0.001 -24"><span class='ocrx_word' id='word_1_395' title='bbox 2241 2646 2461 2706; x_wconf 80' lang='grc' dir='ltr'>ἕκαστος</span> <span class='ocrx_word' id='word_1_396' title='bbox 2510 2649 2568 2698; x_wconf 91' lang='grc' dir='ltr'><em>τὸ</em></span> <span class='ocrx_word' id='word_1_397' title='bbox 2617 2647 2744 2699; x_wconf 82' lang='grc' dir='ltr'>αὑτό</span> <span class='ocrx_word' id='word_1_398' title='bbox 2795 2655 3014 2721; x_wconf 76' lang='grc' dir='ltr'>φρονεῖν,</span> <span class='ocrx_word' id='word_1_399' title='bbox 3055 2656 3128 2718; x_wconf 84' lang='grc' dir='ltr'>τῷ</span> <span class='ocrx_word' id='word_1_400' title='bbox 3172 2643 3313 2718; x_wconf 84' lang='grc' dir='ltr'>αὑτῷ</span> <span class='ocrx_word' id='word_1_401' title='bbox 3363 2653 3596 2718; x_wconf 87' lang='grc' dir='ltr'>στοιχεῖν</span> <span class='ocrx_word' id='word_1_402' title='bbox 3644 2649 3842 2712; x_wconf 79' lang='grc' dir='ltr'>κανόνι,</span> 
     </span>
    </p>
   </div>
   <div class='ocr_carea' id='block_1_58' title="bbox 2242 2732 3845 2810">
    <p class='ocr_par' dir='ltr' id='par_1_58' title="bbox 2242 2732 3845 2810">
     <span class='ocr_line' id='line_1_58' title="bbox 2242 2732 3845 2810; baseline 0.001 -24"><span class='ocrx_word' id='word_1_403' title='bbox 2242 2734 2298 2786; x_wconf 80' lang='grc' dir='ltr'>ἔν</span> <span class='ocrx_word' id='word_1_404' title='bbox 2337 2732 2571 2806; x_wconf 81' lang='grc' dir='ltr'>μηδενὶ</span> <span class='ocrx_word' id='word_1_405' title='bbox 2612 2732 2922 2799; x_wconf 83' lang='grc' dir='ltr'>διδόντες</span> <span class='ocrx_word' id='word_1_406' title='bbox 2981 2741 3407 2810; x_wconf 80' lang='grc' dir='ltr'>προσκοπήν·</span> <span class='ocrx_word' id='word_1_407' title='bbox 3467 2737 3567 2788; x_wconf 81' lang='grc' dir='ltr'>ἵνα</span> <span class='ocrx_word' id='word_1_408' title='bbox 3604 2739 3683 2807; x_wconf 81' lang='grc' dir='ltr'>μὴ</span> <span class='ocrx_word' id='word_1_409' title='bbox 3727 2755 3845 2808; x_wconf 83' lang='grc' dir='ltr'>μω-</span> 
     </span>
    </p>
   </div>
   <div class='ocr_carea' id='block_1_59' title="bbox 2240 2821 3839 2896">
    <p class='ocr_par' dir='ltr' id='par_1_59' title="bbox 2240 2821 3839 2896">
     <span class='ocr_line' id='line_1_59' title="bbox 2240 2821 3839 2896; baseline -0.001 -20"><span class='ocrx_word' id='word_1_410' title='bbox 2240 2826 2407 2896; x_wconf 82' lang='grc' dir='ltr'>μηθῇ</span> <span class='ocrx_word' id='word_1_411' title='bbox 2452 2827 2480 2883; x_wconf 78' lang='grc' dir='ltr'>ἡ</span> <span class='ocrx_word' id='word_1_412' title='bbox 2525 2821 2833 2877; x_wconf 82' lang='grc' dir='ltr'>διακονία</span> <span class='ocrx_word' id='word_1_413' title='bbox 2866 2842 2877 2855; x_wconf 81' lang='grc'><em>’</em></span> <span class='ocrx_word' id='word_1_414' title='bbox 2915 2823 3052 2877; x_wconf 79' lang='grc' dir='ltr'>ἀλλ’</span> <span class='ocrx_word' id='word_1_415' title='bbox 3093 2824 3151 2876; x_wconf 79' lang='grc' dir='ltr'>ἐν</span> <span class='ocrx_word' id='word_1_416' title='bbox 3189 2829 3382 2878; x_wconf 87' lang='grc' dir='ltr'>παντὶ</span> <span class='ocrx_word' id='word_1_417' title='bbox 3438 2831 3839 2895; x_wconf 85' lang='grc' dir='ltr'>συνιστῶμεν</span> 
     </span>
    </p>
   </div>
   <div class='ocr_carea' id='block_1_60' title="bbox 2241 2910 3836 2988">
    <p class='ocr_par' dir='ltr' id='par_1_60' title="bbox 2241 2910 3836 2988">
     <span class='ocr_line' id='line_1_60' title="bbox 2241 2910 3836 2988; baseline -0.001 -24"><span class='ocrx_word' id='word_1_418' title='bbox 2241 2911 2532 2980; x_wconf 83' lang='grc' dir='ltr'>ἑαυτοὺς,</span> <span class='ocrx_word' id='word_1_419' title='bbox 2574 2915 2710 2966; x_wconf 83' lang='grc' dir='ltr'>καθὰ</span> <span class='ocrx_word' id='word_1_420' title='bbox 2738 2917 3053 2988; x_wconf 79' lang='grc' dir='ltr'>γέγραπται,</span> <span class='ocrx_word' id='word_1_421' title='bbox 3086 2916 3156 2976; x_wconf 85' lang='grc' dir='ltr'>ὡς</span> <span class='ocrx_word' id='word_1_422' title='bbox 3203 2921 3362 2968; x_wconf 85' lang='grc' dir='ltr'>Θεοῦ</span> <span class='ocrx_word' id='word_1_423' title='bbox 3403 2910 3721 2977; x_wconf 80' lang='grc' dir='ltr'>διάκονοι,</span> <span class='ocrx_word' id='word_1_424' title='bbox 3776 2915 3836 2964; x_wconf 81' lang='grc' dir='ltr'>ἓν</span> 
     </span>
    </p>
   </div>
   <div class='ocr_carea' id='block_1_61' title="bbox 2240 3001 3832 3076">
    <p class='ocr_par' dir='ltr' id='par_1_61' title="bbox 2240 3001 3832 3076">
     <span class='ocr_line' id='line_1_61' title="bbox 2240 3001 3832 3076; baseline -0.001 -24"><span class='ocrx_word' id='word_1_425' title='bbox 2240 3002 2554 3074; x_wconf 77' lang='grc' dir='ltr'>ὑπομονῇ,</span> <span class='ocrx_word' id='word_1_426' title='bbox 2620 3002 2676 3053; x_wconf 85' lang='grc' dir='ltr'>ἐν</span> <span class='ocrx_word' id='word_1_427' title='bbox 2741 3001 3061 3072; x_wconf 73' lang='grc' dir='ltr'>θλίψεσιν,</span> <span class='ocrx_word' id='word_1_428' title='bbox 3119 3001 3175 3053; x_wconf 84' lang='grc' dir='ltr'>ἐν</span> <span class='ocrx_word' id='word_1_429' title='bbox 3241 3006 3727 3076; x_wconf 85' lang='grc' dir='ltr'>στενοχωρίαις,</span> <span class='ocrx_word' id='word_1_430' title='bbox 3781 3002 3832 3052; x_wconf 80' lang='grc' dir='ltr'>ἓν</span> 
     </span>
    </p>
   </div>
   <div class='ocr_carea' id='block_1_62' title="bbox 2240 3089 3825 3165">
    <p class='ocr_par' dir='ltr' id='par_1_62' title="bbox 2240 3089 3825 3165">
     <span class='ocr_line' id='line_1_62' title="bbox 2240 3089 3825 3165; baseline 0 -24"><span class='ocrx_word' id='word_1_431' title='bbox 2240 3089 2413 3153; x_wconf 79' lang='grc' dir='ltr'>ἄλλοις</span> <span class='ocrx_word' id='word_1_432' title='bbox 2443 3092 2520 3151; x_wconf 82' lang='grc' dir='ltr'>οἷς</span> <span class='ocrx_word' id='word_1_433' title='bbox 2561 3092 2586 3143; x_wconf 90' lang='lat'><em>6</em></span> <span class='ocrx_word' id='word_1_434' title='bbox 2643 3089 2756 3164; x_wconf 81' lang='grc' dir='ltr'>βίος</span> <span class='ocrx_word' id='word_1_435' title='bbox 2814 3099 2911 3143; x_wconf 90' lang='grc' dir='ltr'><em>τῶν</em></span> <span class='ocrx_word' id='word_1_436' title='bbox 2962 3098 3242 3165; x_wconf 81' lang='grc' dir='ltr'>παρουσῶν</span> <span class='ocrx_word' id='word_1_437' title='bbox 3283 3092 3484 3164; x_wconf 82' lang='grc' dir='ltr'>ἡμερῶν</span> <span class='ocrx_word' id='word_1_438' title='bbox 3533 3091 3825 3142; x_wconf 79' lang='grc' dir='ltr'>ὑποπίπτει.</span> 
     </span>
    </p>
   </div>
   <div class='ocr_carea' id='block_1_63' title="bbox 2242 3177 3832 3254">
    <p class='ocr_par' dir='ltr' id='par_1_63' title="bbox 2242 3177 3832 3254">
     <span class='ocr_line' id='line_1_63' title="bbox 2242 3177 3832 3254; baseline -0.003 -22"><span class='ocrx_word' id='word_1_439' title='bbox 2242 3180 2392 3233; x_wconf 81' lang='grc' dir='ltr'>Οὖτω</span> <span class='ocrx_word' id='word_1_440' title='bbox 2416 3182 2518 3254; x_wconf 83' lang='grc' dir='ltr'><em>γὰρ</em></span> <span class='ocrx_word' id='word_1_441' title='bbox 2540 3186 2628 3232; x_wconf 85' lang='grc' dir='ltr'>καὶ</span> <span class='ocrx_word' id='word_1_442' title='bbox 2652 3182 2717 3232; x_wconf 78' lang='grc' dir='ltr'>τὰ</span> <span class='ocrx_word' id='word_1_443' title='bbox 2737 3183 3102 3254; x_wconf 80' lang='grc' dir='ltr'>προηνυσμένα</span> <span class='ocrx_word' id='word_1_444' title='bbox 3132 3179 3470 3252; x_wconf 74' lang='grc' dir='ltr'>φυλάττοιμεν</span> <span class='ocrx_word' id='word_1_445' title='bbox 3503 3177 3832 3252; x_wconf 82' lang='grc' dir='ltr'>ἀναφαίρετοι,</span> 
     </span>
    </p>
   </div>
   <div class='ocr_carea' id='block_1_64' title="bbox 3234 2299 3332 2344">
    <p class='ocr_par' dir='ltr' id='par_1_64' title="bbox 3234 2299 3332 2344">
     <span class='ocr_line' id='line_1_64' title="bbox 3234 2299 3332 2344; baseline -0.02 0"><span class='ocrx_word' id='word_1_446' title='bbox 3234 2299 3332 2344; x_wconf 85' lang='grc' dir='ltr'><em>τῶν</em></span> 
     </span>
    </p>
   </div>
   <div class='ocr_carea' id='block_1_65' title="bbox 481 3249 2128 3358">
    <p class='ocr_par' dir='ltr' id='par_1_65' title="bbox 481 3249 2128 3358">
     <span class='ocr_line' id='line_1_65' title="bbox 481 3249 2128 3358; baseline 0.006 -28"><span class='ocrx_word' id='word_1_447' title='bbox 481 3283 587 3331; x_wconf 90' lang='lat' dir='ltr'><em>est.</em></span> <span class='ocrx_word' id='word_1_448' title='bbox 622 3281 709 3334; x_wconf 89' lang='lat' dir='ltr'><em>Ita</em></span> <span class='ocrx_word' id='word_1_449' title='bbox 747 3282 904 3338; x_wconf 90' lang='lat' dir='ltr'><em>enim</em></span> <span class='ocrx_word' id='word_1_450' title='bbox 928 3249 995 3339; x_wconf 50' lang='lat' dir='ltr'><em>et.</em></span> <span class='ocrx_word' id='word_1_451' title='bbox 1026 3301 1096 3341; x_wconf 87' lang='lat' dir='ltr'><em>ea</em></span> <span class='ocrx_word' id='word_1_452' title='bbox 1125 3302 1259 3356; x_wconf 71' lang='lat' dir='ltr'><em>quae</em></span> <span class='ocrx_word' id='word_1_453' title='bbox 1286 3249 1413 3357; x_wconf 54' lang='lat' dir='ltr'><em>iam</em></span> <span class='ocrx_word' id='word_1_454' title='bbox 1465 3249 1707 3358; x_wconf 46' lang='lat' dir='ltr'><em>pe’racta</em></span> <span class='ocrx_word' id='word_1_455' title='bbox 1736 3290 1873 3341; x_wconf 90' lang='lat' dir='ltr'><em>sunt</em></span> <span class='ocrx_word' id='word_1_456' title='bbox 1898 3284 2128 3340; x_wconf 83' lang='lat' dir='ltr'><em>stabilia</em></span> 
     </span>
    </p>
   </div>
   <div class='ocr_carea' id='block_1_66' title="bbox 2247 3249 3838 3358">
    <p class='ocr_par' dir='ltr' id='par_1_66' title="bbox 2247 3265 3838 3343">
     <span class='ocr_line' id='line_1_66' title="bbox 2247 3265 3838 3343; baseline -0.002 -23"><span class='ocrx_word' id='word_1_457' title='bbox 2247 3275 2331 3321; x_wconf 80' lang='lat' dir='ltr'><em>xui</em></span> <span class='ocrx_word' id='word_1_458' title='bbox 2367 3271 2433 3321; x_wconf 84' lang='grc' dir='ltr'>τὰ</span> <span class='ocrx_word' id='word_1_459' title='bbox 2461 3265 2568 3328; x_wconf 79' lang='grc' dir='ltr'><em>ἤδη</em></span> <span class='ocrx_word' id='word_1_460' title='bbox 2621 3274 3016 3343; x_wconf 87' lang='grc' dir='ltr'>προσπίπτοντα</span> <span class='ocrx_word' id='word_1_461' title='bbox 3045 3269 3430 3343; x_wconf 76' lang='grc' dir='ltr'>εὑμαρίζοιμεν,</span> <span class='ocrx_word' id='word_1_462' title='bbox 3482 3273 3572 3320; x_wconf 81' lang='grc' dir='ltr'>καὶ</span> <span class='ocrx_word' id='word_1_463' title='bbox 3614 3270 3680 3320; x_wconf 81' lang='grc' dir='ltr'>τὰ</span> <span class='ocrx_word' id='word_1_464' title='bbox 3721 3265 3838 3338; x_wconf 64' lang='grc' dir='ltr'>με’λ-</span> 
     </span>
    </p>
   </div>
   <div class='ocr_carea' id='block_1_67' title="bbox 480 3367 2132 3447">
    <p class='ocr_par' dir='ltr' id='par_1_67' title="bbox 480 3367 2132 3447">
     <span class='ocr_line' id='line_1_67' title="bbox 480 3367 2132 3447; baseline 0.005 -27"><span class='ocrx_word' id='word_1_465' title='bbox 480 3367 998 3441; x_wconf 87' lang='lat' dir='ltr'><em>conﬁrmabimus,</em></span> <span class='ocrx_word' id='word_1_466' title='bbox 1033 3379 1089 3428; x_wconf 90' lang='lat' dir='ltr'><em>et</em></span> <span class='ocrx_word' id='word_1_467' title='bbox 1117 3391 1188 3429; x_wconf 90' lang='lat' dir='ltr'><em>ea</em></span> <span class='ocrx_word' id='word_1_468' title='bbox 1223 3391 1359 3447; x_wconf 71' lang='lat' dir='ltr'><em>quae</em></span> <span class='ocrx_word' id='word_1_469' title='bbox 1388 3391 1550 3430; x_wconf 90' lang='lat' dir='ltr'><em>nunc</em></span> <span class='ocrx_word' id='word_1_470' title='bbox 1581 3376 1824 3438; x_wconf 86' lang='lat' dir='ltr'><em>instant,</em></span> <span class='ocrx_word' id='word_1_471' title='bbox 1863 3373 2132 3430; x_wconf 87' lang='lat' dir='ltr'><em>faciliora</em></span> 
     </span>
    </p>
   </div>
   <div class='ocr_carea' id='block_1_68' title="bbox 476 3454 2129 3534">
    <p class='ocr_par' dir='ltr' id='par_1_68' title="bbox 476 3454 2129 3534">
     <span class='ocr_line' id='line_1_68' title="bbox 476 3454 2129 3534; baseline 0.004 -25"><span class='ocrx_word' id='word_1_472' title='bbox 476 3454 1413 3534; x_wconf 83' lang='lat' dir='ltr'><em>reddemus,etfuturis.utpietati</em></span> <span class='ocrx_word' id='word_1_473' title='bbox 1428 3464 1704 3520; x_wconf 88' lang='lat' dir='ltr'><em>convenit</em></span> <span class='ocrx_word' id='word_1_474' title='bbox 1721 3478 2129 3518; x_wconf 85' lang='lat' dir='ltr'><em>occurremus-</em></span> 
     </span>
    </p>
   </div>
   <div class='ocr_carea' id='block_1_69' title="bbox 547 3547 2130 3617">
    <p class='ocr_par' dir='ltr' id='par_1_69' title="bbox 547 3547 2130 3617">
     <span class='ocr_line' id='line_1_69' title="bbox 547 3547 2130 3617; baseline 0.004 -18"><span class='ocrx_word' id='word_1_475' title='bbox 547 3547 663 3600; x_wconf 91' lang='lat' dir='ltr'><em>Nos</em></span> <span class='ocrx_word' id='word_1_476' title='bbox 713 3547 809 3602; x_wconf 86' lang='lat' dir='ltr'><em>hic</em></span> <span class='ocrx_word' id='word_1_477' title='bbox 857 3566 1066 3604; x_wconf 88' lang='lat' dir='ltr'><em>sumus</em></span> <span class='ocrx_word' id='word_1_478' title='bbox 1110 3551 1188 3607; x_wconf 91' lang='lat' dir='ltr'><em>ad</em></span> <span class='ocrx_word' id='word_1_479' title='bbox 1229 3552 1441 3608; x_wconf 88' lang='lat' dir='ltr'><em>urbem</em></span> <span class='ocrx_word' id='word_1_480' title='bbox 1498 3553 1856 3617; x_wconf 86' lang='lat' dir='ltr'><em>habitantes,</em></span> <span class='ocrx_word' id='word_1_481' title='bbox 1909 3552 2130 3607; x_wconf 88' lang='lat' dir='ltr'><em>sciente</em></span> 
     </span>
    </p>
   </div>
   <div class='ocr_carea' id='block_1_70' title="bbox 476 3633 2128 3704">
    <p class='ocr_par' dir='ltr' id='par_1_70' title="bbox 476 3633 2128 3704">
     <span class='ocr_line' id='line_1_70' title="bbox 476 3633 2128 3704; baseline 0.002 -14"><span class='ocrx_word' id='word_1_482' title='bbox 476 3633 873 3704; x_wconf 87' lang='lat' dir='ltr'><em>imperatore:</em></span> <span class='ocrx_word' id='word_1_483' title='bbox 926 3639 1203 3695; x_wconf 86' lang='lat' dir='ltr'><em>videmus</em></span> <span class='ocrx_word' id='word_1_484' title='bbox 1261 3642 1478 3698; x_wconf 83' lang='lat' dir='ltr'><em>nariter</em></span> <span class='ocrx_word' id='word_1_485' title='bbox 1516 3647 1571 3696; x_wconf 89' lang='lat' dir='ltr'><em>et</em></span> <span class='ocrx_word' id='word_1_486' title='bbox 1597 3641 1870 3696; x_wconf 86' lang='lat' dir='ltr'><em>videmur</em></span> <span class='ocrx_word' id='word_1_487' title='bbox 1908 3640 1986 3696; x_wconf 90' lang='lat' dir='ltr'><em>ab</em></span> <span class='ocrx_word' id='word_1_488' title='bbox 2026 3641 2128 3695; x_wconf 89' lang='lat' dir='ltr'><em>ad-</em></span> 
     </span>
    </p>
   </div>
   <div class='ocr_carea' id='block_1_71' title="bbox 475 3724 2124 3786">
    <p class='ocr_par' dir='ltr' id='par_1_71' title="bbox 475 3724 2124 3786">
     <span class='ocr_line' id='line_1_71' title="bbox 475 3724 2124 3786; baseline 0.005 -11"><span class='ocrx_word' id='word_1_489' title='bbox 475 3724 859 3780; x_wconf 86' lang='lat' dir='ltr'><em>ventantibus</em></span> <span class='ocrx_word' id='word_1_490' title='bbox 888 3726 1171 3784; x_wconf 87' lang='lat' dir='ltr'><em>fratribus</em></span> <span class='ocrx_word' id='word_1_491' title='bbox 1201 3734 1257 3784; x_wconf 92' lang='lat' dir='ltr'><em>et</em></span> <span class='ocrx_word' id='word_1_492' title='bbox 1281 3731 1549 3785; x_wconf 88' lang='lat' dir='ltr'><em>Patribus</em></span> <span class='ocrx_word' id='word_1_493' title='bbox 1587 3730 1837 3786; x_wconf 86' lang='lat' dir='ltr'><em>nostris:</em></span> <span class='ocrx_word' id='word_1_494' title='bbox 1870 3735 1928 3784; x_wconf 88' lang='lat' dir='ltr'><em>et</em></span> <span class='ocrx_word' id='word_1_495' title='bbox 1957 3729 2124 3784; x_wconf 84' lang='lat' dir='ltr'><em>liber-</em></span> 
     </span>
    </p>
   </div>
   <div class='ocr_carea' id='block_1_72' title="bbox 476 3811 2127 3887">
    <p class='ocr_par' dir='ltr' id='par_1_72' title="bbox 476 3811 2127 3887">
     <span class='ocr_line' id='line_1_72' title="bbox 476 3811 2127 3887; baseline 0.006 -23"><span class='ocrx_word' id='word_1_496' title='bbox 476 3813 566 3865; x_wconf 90' lang='lat' dir='ltr'><em>tas</em></span> <span class='ocrx_word' id='word_1_497' title='bbox 593 3811 670 3866; x_wconf 89' lang='lat' dir='ltr'><em>ad</em></span> <span class='ocrx_word' id='word_1_498' title='bbox 696 3813 794 3884; x_wconf 89' lang='lat' dir='ltr'><em>pio</em></span> <span class='ocrx_word' id='word_1_499' title='bbox 825 3814 1184 3887; x_wconf 87' lang='lat' dir='ltr'><em>imperatore</em></span> <span class='ocrx_word' id='word_1_500' title='bbox 1214 3820 1533 3874; x_wconf 84' lang='lat' dir='ltr'><em>constituta</em></span> <span class='ocrx_word' id='word_1_501' title='bbox 1565 3823 1667 3873; x_wconf 92' lang='lat' dir='ltr'><em>est.</em></span> <span class='ocrx_word' id='word_1_502' title='bbox 1703 3821 1780 3874; x_wconf 92' lang='lat' dir='ltr'><em>De</em></span> <span class='ocrx_word' id='word_1_503' title='bbox 1811 3818 2028 3884; x_wconf 86' lang='lat' dir='ltr'><em>futuro,</em></span> <span class='ocrx_word' id='word_1_504' title='bbox 2064 3824 2127 3874; x_wconf 90' lang='lat' dir='ltr'><em>ut</em></span> 
     </span>
    </p>
   </div>
   <div class='ocr_carea' id='block_1_73' title="bbox 475 3899 2124 3978">
    <p class='ocr_par' dir='ltr' id='par_1_73' title="bbox 475 3899 2124 3978">
     <span class='ocr_line' id='line_1_73' title="bbox 475 3899 2124 3978; baseline 0.006 -25"><span class='ocrx_word' id='word_1_505' title='bbox 475 3899 691 3969; x_wconf 82' lang='lat' dir='ltr'><em>diriget</em></span> <span class='ocrx_word' id='word_1_506' title='bbox 734 3904 1040 3970; x_wconf 87' lang='lat' dir='ltr'><em>Dominus,</em></span> <span class='ocrx_word' id='word_1_507' title='bbox 1087 3911 1144 3962; x_wconf 92' lang='lat' dir='ltr'><em>et</em></span> <span class='ocrx_word' id='word_1_508' title='bbox 1178 3907 1410 3978; x_wconf 89' lang='lat' dir='ltr'><em>jubebit</em></span> <span class='ocrx_word' id='word_1_509' title='bbox 1459 3908 1804 3978; x_wconf 87' lang='lat' dir='ltr'><em>imperator,</em></span> <span class='ocrx_word' id='word_1_510' title='bbox 1857 3909 1982 3962; x_wconf 90' lang='lat' dir='ltr'><em>sive</em></span> <span class='ocrx_word' id='word_1_511' title='bbox 2028 3907 2124 3963; x_wconf 88' lang='lat' dir='ltr'><em>hic</em></span> 
     </span>
    </p>
   </div>
   <div class='ocr_carea' id='block_1_74' title="bbox 475 3992 2122 4057">
    <p class='ocr_par' dir='ltr' id='par_1_74' title="bbox 475 3992 2122 4057">
     <span class='ocr_line' id='line_1_74' title="bbox 475 3992 2122 4057; baseline 0.005 -15"><span class='ocrx_word' id='word_1_512' title='bbox 475 4003 738 4050; x_wconf 89' lang='lat' dir='ltr'><em>manere.</em></span> <span class='ocrx_word' id='word_1_513' title='bbox 772 3992 895 4047; x_wconf 91' lang='lat' dir='ltr'><em>sive</em></span> <span class='ocrx_word' id='word_1_514' title='bbox 927 3993 1042 4050; x_wconf 90' lang='lat' dir='ltr'><em>alio</em></span> <span class='ocrx_word' id='word_1_515' title='bbox 1069 3996 1365 4057; x_wconf 87' lang='lat' dir='ltr'><em>secedere.</em></span> <span class='ocrx_word' id='word_1_516' title='bbox 1400 3997 1508 4051; x_wconf 88' lang='lat' dir='ltr'><em>iter</em></span> <span class='ocrx_word' id='word_1_517' title='bbox 1533 3995 1842 4053; x_wconf 86' lang='lat' dir='ltr'><em>faciemus.</em></span> <span class='ocrx_word' id='word_1_518' title='bbox 1870 3997 2122 4051; x_wconf 91' lang='lat' dir='ltr'><em>Tantum</em></span> 
     </span>
    </p>
   </div>
   <div class='ocr_carea' id='block_1_75' title="bbox 471 4078 2122 4156">
    <p class='ocr_par' dir='ltr' id='par_1_75' title="bbox 471 4078 2122 4156">
     <span class='ocr_line' id='line_1_75' title="bbox 471 4078 2122 4156; baseline 0.004 -24"><span class='ocrx_word' id='word_1_519' title='bbox 471 4093 580 4133; x_wconf 84' lang='lat' dir='ltr'><em>vos</em></span> <span class='ocrx_word' id='word_1_520' title='bbox 607 4078 666 4133; x_wconf 91' lang='lat' dir='ltr'><em>in</em></span> <span class='ocrx_word' id='word_1_521' title='bbox 694 4095 848 4150; x_wconf 87' lang='lat' dir='ltr'><em>opus</em></span> <span class='ocrx_word' id='word_1_522' title='bbox 872 4088 1132 4138; x_wconf 87' lang='lat' dir='ltr'><em>vestrum</em></span> <span class='ocrx_word' id='word_1_523' title='bbox 1153 4085 1359 4139; x_wconf 88' lang='lat' dir='ltr'><em>intenti</em></span> <span class='ocrx_word' id='word_1_524' title='bbox 1387 4085 1652 4149; x_wconf 87' lang='lat' dir='ltr'><em>insistite,</em></span> <span class='ocrx_word' id='word_1_525' title='bbox 1677 4091 1733 4140; x_wconf 92' lang='lat' dir='ltr'><em>et</em></span> <span class='ocrx_word' id='word_1_526' title='bbox 1757 4101 1866 4156; x_wconf 90' lang='lat' dir='ltr'><em>pro</em></span> <span class='ocrx_word' id='word_1_527' title='bbox 1887 4084 2122 4140; x_wconf 89' lang='lat' dir='ltr'><em>humili-</em></span> 
     </span>
    </p>
   </div>
   <div class='ocr_carea' id='block_1_76' title="bbox 471 4169 2120 4244">
    <p class='ocr_par' dir='ltr' id='par_1_76' title="bbox 471 4169 2120 4244">
     <span class='ocr_line' id='line_1_76' title="bbox 471 4169 2120 4244; baseline 0.006 -24"><span class='ocrx_word' id='word_1_528' title='bbox 471 4169 587 4221; x_wconf 87' lang='lat' dir='ltr'><em>tate</em></span> <span class='ocrx_word' id='word_1_529' title='bbox 617 4174 822 4224; x_wconf 89' lang='lat' dir='ltr'><em>nostra</em></span> <span class='ocrx_word' id='word_1_530' title='bbox 853 4171 1094 4228; x_wconf 87' lang='lat' dir='ltr'><em>assidue</em></span> <span class='ocrx_word' id='word_1_531' title='bbox 1129 4173 1478 4244; x_wconf 91' lang='lat' dir='ltr'><em>precamini,</em></span> <span class='ocrx_word' id='word_1_532' title='bbox 1514 4181 1577 4229; x_wconf 89' lang='lat' dir='ltr'><em>ut</em></span> <span class='ocrx_word' id='word_1_533' title='bbox 1617 4173 1747 4229; x_wconf 90' lang='lat' dir='ltr'><em>sine</em></span> <span class='ocrx_word' id='word_1_534' title='bbox 1786 4173 2120 4230; x_wconf 72' lang='lat' dir='ltr'><em>offensione</em></span> 
     </span>
    </p>
   </div>
   <div class='ocr_carea' id='block_1_77' title="bbox 468 4255 2116 4334">
    <p class='ocr_par' dir='ltr' id='par_1_77' title="bbox 468 4255 2116 4334">
     <span class='ocr_line' id='line_1_77' title="bbox 468 4255 2116 4334; baseline 0.006 -26"><span class='ocrx_word' id='word_1_535' title='bbox 468 4255 657 4311; x_wconf 91' lang='lat' dir='ltr'><em>simus</em></span> <span class='ocrx_word' id='word_1_536' title='bbox 687 4257 779 4312; x_wconf 89' lang='lat' dir='ltr'><em>his</em></span> <span class='ocrx_word' id='word_1_537' title='bbox 809 4265 987 4331; x_wconf 88' lang='lat' dir='ltr'><em>atque</em></span> <span class='ocrx_word' id='word_1_538' title='bbox 1014 4261 1125 4316; x_wconf 88' lang='lat' dir='ltr'><em>illis</em></span> <span class='ocrx_word' id='word_1_539' title='bbox 1154 4267 1211 4317; x_wconf 89' lang='lat' dir='ltr'><em>et</em></span> <span class='ocrx_word' id='word_1_540' title='bbox 1259 4262 1534 4319; x_wconf 66' lang='lat' dir='ltr'><em>Ecclesia)</em></span> <span class='ocrx_word' id='word_1_541' title='bbox 1571 4264 1688 4318; x_wconf 90' lang='lat' dir='ltr'><em>Dei.</em></span> <span class='ocrx_word' id='word_1_542' title='bbox 1729 4265 1978 4328; x_wconf 88' lang='lat' dir='ltr'><em>Fratres,</em></span> <span class='ocrx_word' id='word_1_543' title='bbox 2013 4263 2116 4334; x_wconf 89' lang='lat' dir='ltr'><em>qui</em></span> 
     </span>
    </p>
   </div>
   <div class='ocr_carea' id='block_1_78' title="bbox 471 4344 2118 4423">
    <p class='ocr_par' dir='ltr' id='par_1_78' title="bbox 471 4344 2118 4423">
     <span class='ocr_line' id='line_1_78' title="bbox 471 4344 2118 4423; baseline 0.005 -26"><span class='ocrx_word' id='word_1_544' title='bbox 471 4344 662 4399; x_wconf 89' lang='lat' dir='ltr'><em>avulsi</em></span> <span class='ocrx_word' id='word_1_545' title='bbox 694 4362 728 4401; x_wconf 91' lang='lat' dir='ltr'><em>a</em></span> <span class='ocrx_word' id='word_1_546' title='bbox 777 4348 951 4403; x_wconf 89' lang='lat' dir='ltr'><em>nobis</em></span> <span class='ocrx_word' id='word_1_547' title='bbox 992 4354 1210 4405; x_wconf 89' lang='lat' dir='ltr'><em>temere</em></span> <span class='ocrx_word' id='word_1_548' title='bbox 1257 4349 1493 4407; x_wconf 88' lang='lat' dir='ltr'><em>fuerunt</em></span> <span class='ocrx_word' id='word_1_549' title='bbox 1537 4352 1718 4407; x_wconf 88' lang='lat' dir='ltr'><em>variis</em></span> <span class='ocrx_word' id='word_1_550' title='bbox 1765 4352 1979 4417; x_wconf 90' lang='lat' dir='ltr'><em>modis,</em></span> <span class='ocrx_word' id='word_1_551' title='bbox 2013 4367 2118 4423; x_wconf 91' lang='lat' dir='ltr'><em>per</em></span> 
     </span>
    </p>
   </div>
   <div class='ocr_carea' id='block_1_79' title="bbox 469 4429 2115 4510">
    <p class='ocr_par' dir='ltr' id='par_1_79' title="bbox 469 4429 2115 4510">
     <span class='ocr_line' id='line_1_79' title="bbox 469 4429 2115 4510; baseline 0.007 -26"><span class='ocrx_word' id='word_1_552' title='bbox 469 4429 751 4488; x_wconf 90' lang='lat' dir='ltr'><em>idoneum</em></span> <span class='ocrx_word' id='word_1_553' title='bbox 794 4451 1133 4494; x_wconf 79' lang='lat' dir='ltr'><em>sermonem</em></span> <span class='ocrx_word' id='word_1_554' title='bbox 1173 4439 1349 4494; x_wconf 91' lang='lat' dir='ltr'><em>nobis</em></span> <span class='ocrx_word' id='word_1_555' title='bbox 1383 4439 1537 4494; x_wconf 89' lang='lat' dir='ltr'><em>uniri</em></span> <span class='ocrx_word' id='word_1_556' title='bbox 1577 4440 1804 4510; x_wconf 92' lang='lat' dir='ltr'><em>optimo</em></span> <span class='ocrx_word' id='word_1_557' title='bbox 1838 4442 1954 4496; x_wconf 90' lang='lat' dir='ltr'><em>Deo</em></span> <span class='ocrx_word' id='word_1_558' title='bbox 1991 4439 2115 4510; x_wconf 88' lang='lat' dir='ltr'><em>pla-</em></span> 
     </span>
    </p>
   </div>
   <div class='ocr_carea' id='block_1_80' title="bbox 470 4519 2116 4601">
    <p class='ocr_par' dir='ltr' id='par_1_80' title="bbox 470 4519 2116 4601">
     <span class='ocr_line' id='line_1_80' title="bbox 470 4519 2116 4601; baseline 0.007 -30"><span class='ocrx_word' id='word_1_559' title='bbox 470 4519 606 4574; x_wconf 92' lang='lat' dir='ltr'><em>cuit.</em></span> <span class='ocrx_word' id='word_1_560' title='bbox 642 4523 706 4576; x_wconf 89' lang='lat' dir='ltr'><em>Et</em></span> <span class='ocrx_word' id='word_1_561' title='bbox 732 4523 918 4592; x_wconf 83' lang='lat' dir='ltr'><em>gavisi</em></span> <span class='ocrx_word' id='word_1_562' title='bbox 954 4543 1164 4580; x_wconf 91' lang='lat' dir='ltr'><em>sumus</em></span> <span class='ocrx_word' id='word_1_563' title='bbox 1194 4527 1423 4596; x_wconf 83' lang='lat' dir='ltr'><em>indigni</em></span> <span class='ocrx_word' id='word_1_564' title='bbox 1449 4529 1670 4597; x_wconf 89' lang='lat' dir='ltr'><em>gaudio</em></span> <span class='ocrx_word' id='word_1_565' title='bbox 1703 4543 1946 4599; x_wconf 85' lang='lat' dir='ltr'><em>magno,</em></span> <span class='ocrx_word' id='word_1_566' title='bbox 1975 4529 2116 4601; x_wconf 90' lang='lat' dir='ltr'><em>quia</em></span> 
     </span>
    </p>
   </div>
   <div class='ocr_carea' id='block_1_81' title="bbox 2240 3358 3138 3433">
    <p class='ocr_par' dir='ltr' id='par_1_81' title="bbox 2240 3358 3138 3433">
     <span class='ocr_line' id='line_1_81' title="bbox 2240 3358 3138 3433; baseline 0 -23"><span class='ocrx_word' id='word_1_567' title='bbox 2240 3358 2392 3410; x_wconf 88' lang='grc' dir='ltr'>λοντα</span> <span class='ocrx_word' id='word_1_568' title='bbox 2417 3360 2702 3433; x_wconf 87' lang='grc' dir='ltr'>θεοπρεπῶς</span> <span class='ocrx_word' id='word_1_569' title='bbox 2732 3359 2931 3416; x_wconf 87' lang='grc' dir='ltr'>ὑπαντή</span> <span class='ocrx_word' id='word_1_570' title='bbox 2942 3377 3022 3410; x_wconf 84' lang='grc' dir='ltr'><em>σοι</em></span> <span class='ocrx_word' id='word_1_571' title='bbox 3028 3377 3138 3430; x_wconf 90' lang='grc' dir='ltr'>μεν.</span> 
     </span>
    </p>
   </div>
   <div class='ocr_carea' id='block_1_82' title="bbox 2310 3530 3834 3611">
    <p class='ocr_par' dir='ltr' id='par_1_82' title="bbox 2310 3530 3834 3611">
     <span class='ocr_line' id='line_1_82' title="bbox 2310 3530 3834 3611; baseline -0.002 -23"><span class='ocrx_word' id='word_1_572' title='bbox 2310 3533 2442 3589; x_wconf 79' lang='grc' dir='ltr'><em>Ὧδε</em></span> <span class='ocrx_word' id='word_1_573' title='bbox 2489 3535 2639 3606; x_wconf 68' lang='grc' dir='ltr'>ἐσμεν</span> <span class='ocrx_word' id='word_1_574' title='bbox 2688 3539 2786 3611; x_wconf 90' lang='grc' dir='ltr'><em>πρὸ</em></span> <span class='ocrx_word' id='word_1_575' title='bbox 2829 3542 2920 3588; x_wconf 88' lang='grc' dir='ltr'><em>τοῦ</em></span> <span class='ocrx_word' id='word_1_576' title='bbox 2972 3537 3170 3599; x_wconf 82' lang='grc' dir='ltr'>ἄστεως</span> <span class='ocrx_word' id='word_1_577' title='bbox 3221 3541 3592 3608; x_wconf 82' lang='grc' dir='ltr'>παροικοῦντες</span> <span class='ocrx_word' id='word_1_578' title='bbox 3633 3530 3834 3592; x_wconf 78' lang='grc' dir='ltr'>εἰδησει</span> 
     </span>
    </p>
   </div>
   <div class='ocr_carea' id='block_1_83' title="bbox 2237 3622 3834 3699">
    <p class='ocr_par' dir='ltr' id='par_1_83' title="bbox 2237 3622 3834 3699">
     <span class='ocr_line' id='line_1_83' title="bbox 2237 3622 3834 3699; baseline -0.002 -22"><span class='ocrx_word' id='word_1_579' title='bbox 2237 3634 2328 3686; x_wconf 85' lang='grc' dir='ltr'>τῆς</span> <span class='ocrx_word' id='word_1_580' title='bbox 2411 3622 2698 3698; x_wconf 81' lang='grc' dir='ltr'>βασιλείας,</span> <span class='ocrx_word' id='word_1_581' title='bbox 2778 3626 2992 3699; x_wconf 84' lang='grc' dir='ltr'>ὁρῶντες</span> <span class='ocrx_word' id='word_1_582' title='bbox 3076 3629 3166 3677; x_wconf 85' lang='grc' dir='ltr'>καὶ</span> <span class='ocrx_word' id='word_1_583' title='bbox 3240 3627 3486 3698; x_wconf 87' lang='grc' dir='ltr'>ὁρώμενοι</span> <span class='ocrx_word' id='word_1_584' title='bbox 3573 3624 3673 3676; x_wconf 84' lang='grc' dir='ltr'><em>ὑπὸ</em></span> <span class='ocrx_word' id='word_1_585' title='bbox 3735 3631 3834 3675; x_wconf 87' lang='grc' dir='ltr'><em>τῶν</em></span> 
     </span>
    </p>
   </div>
   <div class='ocr_carea' id='block_1_84' title="bbox 2238 3711 3830 3788">
    <p class='ocr_par' dir='ltr' id='par_1_84' title="bbox 2238 3711 3830 3788">
     <span class='ocr_line' id='line_1_84' title="bbox 2238 3711 3830 3788; baseline -0.002 -21"><span class='ocrx_word' id='word_1_586' title='bbox 2238 3720 2526 3787; x_wconf 76' lang='grc' dir='ltr'>φοιτώντων</span> <span class='ocrx_word' id='word_1_587' title='bbox 2607 3711 2839 3786; x_wconf 76' lang='grc' dir='ltr'>ἀδελφῶν</span> <span class='ocrx_word' id='word_1_588' title='bbox 2922 3717 3010 3766; x_wconf 85' lang='grc' dir='ltr'>καὶ</span> <span class='ocrx_word' id='word_1_589' title='bbox 3091 3717 3331 3788; x_wconf 89' lang='grc' dir='ltr'>Πατέρων</span> <span class='ocrx_word' id='word_1_590' title='bbox 3408 3714 3553 3784; x_wconf 81' lang='grc' dir='ltr'>ἡμῶν</span> <span class='ocrx_word' id='word_1_591' title='bbox 3584 3729 3597 3742; x_wconf 72' lang='grc' dir='ltr'><em>ο</em></span> <span class='ocrx_word' id='word_1_592' title='bbox 3647 3717 3737 3764; x_wconf 86' lang='grc' dir='ltr'>καὶ</span> <span class='ocrx_word' id='word_1_593' title='bbox 3802 3712 3830 3770; x_wconf 72' lang='grc' dir='ltr'><strong>ὁ</strong></span> 
     </span>
    </p>
   </div>
   <div class='ocr_carea' id='block_1_85' title="bbox 2235 3799 3830 3878">
    <p class='ocr_par' dir='ltr' id='par_1_85' title="bbox 2235 3799 3830 3878">
     <span class='ocr_line' id='line_1_85' title="bbox 2235 3799 3830 3878; baseline -0.001 -24"><span class='ocrx_word' id='word_1_594' title='bbox 2235 3801 2494 3878; x_wconf 77' lang='grc' dir='ltr'>ἐλευθερία</span> <span class='ocrx_word' id='word_1_595' title='bbox 2542 3807 2672 3876; x_wconf 89' lang='grc' dir='ltr'>πρὸς</span> <span class='ocrx_word' id='word_1_596' title='bbox 2723 3809 2816 3855; x_wconf 89' lang='grc' dir='ltr'><em>τοῦ</em></span> <span class='ocrx_word' id='word_1_597' title='bbox 2883 3800 3081 3873; x_wconf 77' lang='grc' dir='ltr'>ἀγαθοῦ</span> <span class='ocrx_word' id='word_1_598' title='bbox 3140 3800 3391 3876; x_wconf 79' lang='grc' dir='ltr'>βασιλέως</span> <span class='ocrx_word' id='word_1_599' title='bbox 3433 3799 3830 3872; x_wconf 77' lang='grc' dir='ltr'>ἒπιτεταγμένη.</span> 
     </span>
    </p>
   </div>
   <div class='ocr_carea' id='block_1_86' title="bbox 2235 3887 3832 3964">
    <p class='ocr_par' dir='ltr' id='par_1_86' title="bbox 2235 3887 3832 3964">
     <span class='ocr_line' id='line_1_86' title="bbox 2235 3887 3832 3964; baseline -0.002 -19"><span class='ocrx_word' id='word_1_600' title='bbox 2235 3895 2371 3964; x_wconf 89' lang='grc' dir='ltr'>Πρός</span> <span class='ocrx_word' id='word_1_601' title='bbox 2417 3895 2472 3943; x_wconf 84' lang='grc' dir='ltr'><em>τό</em></span> <span class='ocrx_word' id='word_1_602' title='bbox 2525 3891 2638 3954; x_wconf 81' lang='grc' dir='ltr'><em>ἑξῆς</em></span> <span class='ocrx_word' id='word_1_603' title='bbox 2687 3895 2750 3951; x_wconf 83' lang='grc' dir='ltr'>ὡς</span> <span class='ocrx_word' id='word_1_604' title='bbox 2799 3889 2859 3942; x_wconf 79' lang='grc' dir='ltr'>ἂν</span> <span class='ocrx_word' id='word_1_605' title='bbox 2919 3887 3097 3943; x_wconf 75' lang='grc' dir='ltr'>εὑοδοῖ</span> <span class='ocrx_word' id='word_1_606' title='bbox 3159 3893 3397 3962; x_wconf 80' lang='grc' dir='ltr'>Κύριος·</span> <span class='ocrx_word' id='word_1_607' title='bbox 3454 3891 3483 3949; x_wconf 76' lang='grc' dir='ltr'><strong>ἣ</strong></span> <span class='ocrx_word' id='word_1_608' title='bbox 3539 3889 3714 3962; x_wconf 77' lang='grc' dir='ltr'>κελεὺη</span> <span class='ocrx_word' id='word_1_609' title='bbox 3771 3892 3832 3942; x_wconf 86' lang='grc' dir='ltr'><em>τό</em></span> 
     </span>
    </p>
   </div>
   <div class='ocr_carea' id='block_1_87' title="bbox 2232 3977 3830 4055">
    <p class='ocr_par' dir='ltr' id='par_1_87' title="bbox 2232 3977 3830 4055">
     <span class='ocr_line' id='line_1_87' title="bbox 2232 3977 3830 4055; baseline -0.002 -23"><span class='ocrx_word' id='word_1_610' title='bbox 2232 3983 2423 4055; x_wconf 85' lang='grc' dir='ltr'>κρὰτος</span> <span class='ocrx_word' id='word_1_611' title='bbox 2479 3979 2728 4052; x_wconf 70' lang='grc' dir='ltr'>ἐπιμένειν</span> <span class='ocrx_word' id='word_1_612' title='bbox 2787 3979 3028 4047; x_wconf 81' lang='grc' dir='ltr'>ἐνταῦθα,</span> <span class='ocrx_word' id='word_1_613' title='bbox 3092 3981 3120 4039; x_wconf 76' lang='grc' dir='ltr'>ἢ</span> <span class='ocrx_word' id='word_1_614' title='bbox 3202 3977 3407 4050; x_wconf 72' lang='grc' dir='ltr'>ἄλλοιχῆ</span> <span class='ocrx_word' id='word_1_615' title='bbox 3490 3984 3830 4051; x_wconf 84' lang='grc' dir='ltr'>μεταπίπτειν</span> 
     </span>
    </p>
   </div>
   <div class='ocr_carea' id='block_1_88' title="bbox 2229 4066 3828 4144">
    <p class='ocr_par' dir='ltr' id='par_1_88' title="bbox 2229 4066 3828 4144">
     <span class='ocr_line' id='line_1_88' title="bbox 2229 4066 3828 4144; baseline -0.003 -21"><span class='ocrx_word' id='word_1_616' title='bbox 2229 4089 2282 4124; x_wconf 90' lang='grc' dir='ltr'><em>τε</em></span> <span class='ocrx_word' id='word_1_617' title='bbox 2337 4075 2428 4122; x_wconf 83' lang='grc' dir='ltr'>καὶ</span> <span class='ocrx_word' id='word_1_618' title='bbox 2483 4071 2799 4144; x_wconf 83' lang='grc' dir='ltr'>ὑποχωρεῖν,</span> <span class='ocrx_word' id='word_1_619' title='bbox 2853 4068 2988 4121; x_wconf 81' lang='grc' dir='ltr'>οὕτω</span> <span class='ocrx_word' id='word_1_620' title='bbox 3037 4073 3123 4120; x_wconf 83' lang='grc' dir='ltr'>καὶ</span> <span class='ocrx_word' id='word_1_621' title='bbox 3182 4066 3594 4140; x_wconf 82' lang='grc' dir='ltr'>ἐνεχθησόμεθα.</span> <span class='ocrx_word' id='word_1_622' title='bbox 3653 4067 3828 4121; x_wconf 83' lang='grc' dir='ltr'>Μόνον</span> 
     </span>
    </p>
   </div>
   <div class='ocr_carea' id='block_1_89' title="bbox 2231 4155 3826 4230">
    <p class='ocr_par' dir='ltr' id='par_1_89' title="bbox 2231 4155 3826 4230">
     <span class='ocr_line' id='line_1_89' title="bbox 2231 4155 3826 4230; baseline -0.002 -19"><span class='ocrx_word' id='word_1_623' title='bbox 2231 4159 2381 4211; x_wconf 77' lang='grc' dir='ltr'>αὐτοὶ</span> <span class='ocrx_word' id='word_1_624' title='bbox 2409 4165 2500 4210; x_wconf 88' lang='grc' dir='ltr'><em>τοῦ</em></span> <span class='ocrx_word' id='word_1_625' title='bbox 2533 4160 2684 4229; x_wconf 85' lang='grc' dir='ltr'>ἔργου</span> <span class='ocrx_word' id='word_1_626' title='bbox 2733 4159 2872 4229; x_wconf 85' lang='grc' dir='ltr'>ὑμῶν</span> <span class='ocrx_word' id='word_1_627' title='bbox 2906 4155 3168 4229; x_wconf 82' lang='grc' dir='ltr'>ἐχόμενοι,</span> <span class='ocrx_word' id='word_1_628' title='bbox 3198 4158 3382 4228; x_wconf 81' lang='grc' dir='ltr'>ἔχεσθε</span> <span class='ocrx_word' id='word_1_629' title='bbox 3411 4161 3499 4209; x_wconf 83' lang='grc' dir='ltr'>καὶ</span> <span class='ocrx_word' id='word_1_630' title='bbox 3542 4163 3635 4208; x_wconf 88' lang='grc' dir='ltr'><em>τοῦ</em></span> <span class='ocrx_word' id='word_1_631' title='bbox 3666 4175 3826 4230; x_wconf 83' lang='grc' dir='ltr'>προσ-</span> 
     </span>
    </p>
   </div>
   <div class='ocr_carea' id='block_1_90' title="bbox 2232 4244 3826 4320">
    <p class='ocr_par' dir='ltr' id='par_1_90' title="bbox 2232 4244 3826 4320">
     <span class='ocr_line' id='line_1_90' title="bbox 2232 4244 3826 4320; baseline -0.003 -20"><span class='ocrx_word' id='word_1_632' title='bbox 2232 4249 2486 4320; x_wconf 83' lang='grc' dir='ltr'>εύχεσθαι</span> <span class='ocrx_word' id='word_1_633' title='bbox 2573 4251 2691 4318; x_wconf 82' lang='grc' dir='ltr'>περὶ</span> <span class='ocrx_word' id='word_1_634' title='bbox 2769 4254 2862 4308; x_wconf 85' lang='grc' dir='ltr'>τῆς</span> <span class='ocrx_word' id='word_1_635' title='bbox 2941 4251 3269 4306; x_wconf 86' lang='grc' dir='ltr'>ταπειώσεως</span> <span class='ocrx_word' id='word_1_636' title='bbox 3364 4246 3557 4317; x_wconf 79' lang='grc' dir='ltr'>ἡμῶν·</span> <span class='ocrx_word' id='word_1_637' title='bbox 3617 4246 3686 4307; x_wconf 82' lang='grc' dir='ltr'>ὡς</span> <span class='ocrx_word' id='word_1_638' title='bbox 3769 4244 3826 4296; x_wconf 79' lang='grc' dir='ltr'>ἂν</span> 
     </span>
    </p>
   </div>
   <div class='ocr_carea' id='block_1_91' title="bbox 2235 4331 3826 4409">
    <p class='ocr_par' dir='ltr' id='par_1_91' title="bbox 2235 4331 3826 4409">
     <span class='ocr_line' id='line_1_91' title="bbox 2235 4331 3826 4409; baseline -0.004 -20"><span class='ocrx_word' id='word_1_639' title='bbox 2235 4335 2562 4409; x_wconf 79' lang='grc' dir='ltr'>ἀπρόσκοποι</span> <span class='ocrx_word' id='word_1_640' title='bbox 2609 4333 2741 4406; x_wconf 85' lang='grc' dir='ltr'>ὦμεν</span> <span class='ocrx_word' id='word_1_641' title='bbox 2784 4331 2967 4387; x_wconf 76' lang='grc' dir='ltr'>τοῖσδε</span> <span class='ocrx_word' id='word_1_642' title='bbox 3015 4337 3291 4399; x_wconf 85' lang='grc' dir='ltr'>κάκεινοις,</span> <span class='ocrx_word' id='word_1_643' title='bbox 3345 4340 3434 4386; x_wconf 84' lang='grc' dir='ltr'>καὶ</span> <span class='ocrx_word' id='word_1_644' title='bbox 3483 4342 3546 4407; x_wconf 74' lang='grc' dir='ltr'>τῇ</span> <span class='ocrx_word' id='word_1_645' title='bbox 3605 4333 3826 4391; x_wconf 84' lang='grc' dir='ltr'>Ἐκκλη-</span> 
     </span>
    </p>
   </div>
   <div class='ocr_carea' id='block_1_92' title="bbox 2234 4422 3827 4498">
    <p class='ocr_par' dir='ltr' id='par_1_92' title="bbox 2234 4422 3827 4498">
     <span class='ocr_line' id='line_1_92' title="bbox 2234 4422 3827 4498; baseline -0.002 -20"><span class='ocrx_word' id='word_1_646' title='bbox 2234 4431 2324 4498; x_wconf 80' lang='grc' dir='ltr'><em>σίᾳ</em></span> <span class='ocrx_word' id='word_1_647' title='bbox 2393 4433 2483 4478; x_wconf 89' lang='grc' dir='ltr'><em>τοῦ</em></span> <span class='ocrx_word' id='word_1_648' title='bbox 2548 4431 2700 4478; x_wconf 85' lang='grc' dir='ltr'>Θεοῦ.</span> <span class='ocrx_word' id='word_1_649' title='bbox 2761 4428 2889 4485; x_wconf 82' lang='grc' dir='ltr'>Τοὺς</span> <span class='ocrx_word' id='word_1_650' title='bbox 2933 4427 3050 4496; x_wconf 87' lang='grc' dir='ltr'>πρὶν</span> <span class='ocrx_word' id='word_1_651' title='bbox 3131 4423 3516 4498; x_wconf 76' lang='grc' dir='ltr'>ἁπορῥαγέντας</span> <span class='ocrx_word' id='word_1_652' title='bbox 3594 4422 3827 4486; x_wconf 70' lang='grc' dir='ltr'>ἀϐούλως</span> 
     </span>
    </p>
   </div>
   <div class='ocr_carea' id='block_1_93' title="bbox 2156 4518 3828 4596">
    <p class='ocr_par' dir='ltr' id='par_1_93' title="bbox 2156 4518 3828 4596">
     <span class='ocr_line' id='line_1_93' title="bbox 2156 4518 3828 4596; baseline 0 -22"><span class='ocrx_word' id='word_1_653' title='bbox 2156 4527 2164 4548; x_wconf 75' lang='grc'>⁸</span> <span class='ocrx_word' id='word_1_654' title='bbox 2231 4520 2480 4596; x_wconf 76' lang='grc' dir='ltr'>ἀδελφοὺς</span> <span class='ocrx_word' id='word_1_655' title='bbox 2539 4524 2675 4574; x_wconf 83' lang='grc' dir='ltr'>κατὰ</span> <span class='ocrx_word' id='word_1_656' title='bbox 2726 4521 2942 4582; x_wconf 83' lang='grc' dir='ltr'>πολλοὺς</span> <span class='ocrx_word' id='word_1_657' title='bbox 2995 4525 3210 4594; x_wconf 88' lang='grc' dir='ltr'>τρόπους</span> <span class='ocrx_word' id='word_1_658' title='bbox 3267 4518 3553 4578; x_wconf 75' lang='grc' dir='ltr'>εὐδόκησεν</span> <span class='ocrx_word' id='word_1_659' title='bbox 3616 4522 3642 4572; x_wconf 93' lang='grc' dir='ltr'><em>ό</em></span> <span class='ocrx_word' id='word_1_660' title='bbox 3701 4525 3828 4581; x_wconf 79' lang='grc' dir='ltr'>Θεὸς</span> 
     </span>
    </p>
   </div>
   <div class='ocr_carea' id='block_1_94' title="bbox 469 4604 2128 4687">
    <p class='ocr_par' dir='ltr' id='par_1_94' title="bbox 469 4613 2116 4684">
     <span class='ocr_line' id='line_1_94' title="bbox 469 4613 2116 4684; baseline 0.007 -23"><span class='ocrx_word' id='word_1_661' title='bbox 469 4622 604 4679; x_wconf 80' lang='lat' dir='ltr'><em>quae</em></span> <span class='ocrx_word' id='word_1_662' title='bbox 645 4626 765 4666; x_wconf 90' lang='lat' dir='ltr'><em>non</em></span> <span class='ocrx_word' id='word_1_663' title='bbox 801 4613 1215 4684; x_wconf 80' lang='lat' dir='ltr'><em>sperabamus,</em></span> <span class='ocrx_word' id='word_1_664' title='bbox 1250 4615 1512 4671; x_wconf 88' lang='lat' dir='ltr'><em>vidimus</em></span> <span class='ocrx_word' id='word_1_665' title='bbox 1552 4617 1740 4672; x_wconf 88' lang='lat' dir='ltr'><em>oculis</em></span> <span class='ocrx_word' id='word_1_666' title='bbox 1780 4617 2016 4684; x_wconf 91' lang='lat' dir='ltr'><em>nostris,</em></span> <span class='ocrx_word' id='word_1_667' title='bbox 2061 4622 2116 4673; x_wconf 87' lang='lat' dir='ltr'><em>et</em></span> 
     </span>
    </p>
   </div>
   <div class='ocr_carea' id='block_1_95' title="bbox 2247 4604 3826 4687">
    <p class='ocr_par' dir='ltr' id='par_1_95' title="bbox 2247 4611 3826 4687">
     <span class='ocr_line' id='line_1_95' title="bbox 2247 4611 3826 4687; baseline 0.001 -26"><span class='ocrx_word' id='word_1_668' title='bbox 2247 4615 2252 4661; x_wconf 61' lang='grc' dir='ltr'><em>ι</em></span> <span class='ocrx_word' id='word_1_669' title='bbox 2300 4613 2644 4687; x_wconf 85' lang='grc' dir='ltr'>ὑπεράγαθος,</span> <span class='ocrx_word' id='word_1_670' title='bbox 2680 4611 2928 4669; x_wconf 84' lang='grc' dir='ltr'>ἐνωθῆναι</span> <span class='ocrx_word' id='word_1_671' title='bbox 2978 4611 3102 4682; x_wconf 81' lang='grc' dir='ltr'>ἡμῖν</span> <span class='ocrx_word' id='word_1_672' title='bbox 3158 4613 3288 4682; x_wconf 85' lang='grc' dir='ltr'>μετὰ</span> <span class='ocrx_word' id='word_1_673' title='bbox 3327 4617 3417 4663; x_wconf 89' lang='grc' dir='ltr'><em>τοῦ</em></span> <span class='ocrx_word' id='word_1_674' title='bbox 3466 4615 3826 4684; x_wconf 83' lang='grc' dir='ltr'>προσήκοντος</span> 
     </span>
    </p>
   </div>
   <div class='ocr_carea' id='block_1_96' title="bbox 467 4697 2113 4771">
    <p class='ocr_par' dir='ltr' id='par_1_96' title="bbox 467 4697 2113 4771">
     <span class='ocr_line' id='line_1_96' title="bbox 467 4697 2113 4771; baseline 0.006 -21"><span class='ocrx_word' id='word_1_675' title='bbox 467 4697 802 4754; x_wconf 88' lang='lat' dir='ltr'><em>cicatricem</em></span> <span class='ocrx_word' id='word_1_676' title='bbox 834 4701 1218 4758; x_wconf 78' lang='lat' dir='ltr'><em>abduxerunt</em></span> <span class='ocrx_word' id='word_1_677' title='bbox 1243 4704 1434 4760; x_wconf 90' lang='lat' dir='ltr'><em>divisa</em></span> <span class='ocrx_word' id='word_1_678' title='bbox 1467 4705 1758 4771; x_wconf 89' lang='lat' dir='ltr'><em>membra,</em></span> <span class='ocrx_word' id='word_1_679' title='bbox 1804 4712 1860 4761; x_wconf 90' lang='lat' dir='ltr'><em>et</em></span> <span class='ocrx_word' id='word_1_680' title='bbox 1898 4705 2113 4762; x_wconf 87' lang='lat' dir='ltr'><em>festum</em></span> 
     </span>
    </p>
   </div>
   <div class='ocr_carea' id='block_1_97' title="bbox 466 4785 2116 4866">
    <p class='ocr_par' dir='ltr' id='par_1_97' title="bbox 466 4785 2116 4866">
     <span class='ocr_line' id='line_1_97' title="bbox 466 4785 2116 4866; baseline 0.007 -27"><span class='ocrx_word' id='word_1_681' title='bbox 466 4785 718 4843; x_wconf 91' lang='lat' dir='ltr'><em>Domino</em></span> <span class='ocrx_word' id='word_1_682' title='bbox 735 4789 972 4858; x_wconf 84' lang='lat' dir='ltr'><em>agimus</em></span> <span class='ocrx_word' id='word_1_683' title='bbox 989 4791 1044 4846; x_wconf 92' lang='lat' dir='ltr'><em>in</em></span> <span class='ocrx_word' id='word_1_684' title='bbox 1068 4793 1545 4866; x_wconf 87' lang='lat' dir='ltr'><em>uniuscujusque</em></span> <span class='ocrx_word' id='word_1_685' title='bbox 1562 4810 1878 4861; x_wconf 84' lang='lat' dir='ltr'><em>concursu,</em></span> <span class='ocrx_word' id='word_1_686' title='bbox 1903 4800 1957 4849; x_wconf 91' lang='lat' dir='ltr'><em>et</em></span> <span class='ocrx_word' id='word_1_687' title='bbox 1979 4811 2116 4850; x_wconf 85' lang='lat' dir='ltr'><em>con-</em></span> 
     </span>
    </p>
   </div>
   <div class='ocr_carea' id='block_1_98' title="bbox 462 4872 2108 4953">
    <p class='ocr_par' dir='ltr' id='par_1_98' title="bbox 462 4872 2108 4953">
     <span class='ocr_line' id='line_1_98' title="bbox 462 4872 2108 4953; baseline 0.007 -25"><span class='ocrx_word' id='word_1_688' title='bbox 462 4872 700 4931; x_wconf 87' lang='lat' dir='ltr'><em>ﬁtemur</em></span> <span class='ocrx_word' id='word_1_689' title='bbox 728 4877 978 4934; x_wconf 90' lang='lat' dir='ltr'><em>Domino</em></span> <span class='ocrx_word' id='word_1_690' title='bbox 1005 4885 1060 4934; x_wconf 92' lang='lat' dir='ltr'><em>et</em></span> <span class='ocrx_word' id='word_1_691' title='bbox 1090 4879 1313 4950; x_wconf 84' lang='lat' dir='ltr'><em>gratias</em></span> <span class='ocrx_word' id='word_1_692' title='bbox 1343 4882 1582 4951; x_wconf 80' lang='lat' dir='ltr'><em>agimus</em></span> <span class='ocrx_word' id='word_1_693' title='bbox 1611 4882 2108 4953; x_wconf 87' lang='lat' dir='ltr'><em>imperatoribus:</em></span> 
     </span>
    </p>
   </div>
   <div class='ocr_carea' id='block_1_99' title="bbox 461 4964 2112 5040">
    <p class='ocr_par' dir='ltr' id='par_1_99' title="bbox 461 4964 2112 5040">
     <span class='ocr_line' id='line_1_99' title="bbox 461 4964 2112 5040; baseline 0.01 -28"><span class='ocrx_word' id='word_1_694' title='bbox 461 4964 751 5036; x_wconf 89' lang='lat' dir='ltr'><em>quoniam</em></span> <span class='ocrx_word' id='word_1_695' title='bbox 785 4966 829 5020; x_wconf 91' lang='lat' dir='ltr'><em>si</em></span> <span class='ocrx_word' id='word_1_696' title='bbox 873 4967 1036 5023; x_wconf 90' lang='lat' dir='ltr'><em>aliud</em></span> <span class='ocrx_word' id='word_1_697' title='bbox 1072 4969 1234 5035; x_wconf 89' lang='lat' dir='ltr'><em>nihil,</em></span> <span class='ocrx_word' id='word_1_698' title='bbox 1287 4970 1458 5026; x_wconf 91' lang='lat' dir='ltr'><em>nobis</em></span> <span class='ocrx_word' id='word_1_699' title='bbox 1489 4976 1642 5026; x_wconf 89' lang='lat' dir='ltr'><em>certe</em></span> <span class='ocrx_word' id='word_1_700' title='bbox 1682 4987 1973 5040; x_wconf 87' lang='lat' dir='ltr'><em>magnum</em></span> <span class='ocrx_word' id='word_1_701' title='bbox 2021 4976 2112 5028; x_wconf 89' lang='lat' dir='ltr'><em>est</em></span> 
     </span>
    </p>
   </div>
   <div class='ocr_carea' id='block_1_100' title="bbox 463 5048 2106 5130">
    <p class='ocr_par' dir='ltr' id='par_1_100' title="bbox 463 5048 2106 5130">
     <span class='ocr_line' id='line_1_100' title="bbox 463 5048 2106 5130; baseline 0.005 -26"><span class='ocrx_word' id='word_1_702' title='bbox 463 5048 860 5107; x_wconf 87' lang='lat' dir='ltr'><em>beneﬁcium:</em></span> <span class='ocrx_word' id='word_1_703' title='bbox 907 5053 1122 5109; x_wconf 88' lang='lat' dir='ltr'><em>deinde</em></span> <span class='ocrx_word' id='word_1_704' title='bbox 1155 5056 1300 5128; x_wconf 90' lang='lat' dir='ltr'><em>quia</em></span> <span class='ocrx_word' id='word_1_705' title='bbox 1340 5055 1515 5112; x_wconf 90' lang='lat' dir='ltr'><em>nobis</em></span> <span class='ocrx_word' id='word_1_706' title='bbox 1547 5057 1676 5111; x_wconf 68' lang='lat' dir='ltr'><em>haec</em></span> <span class='ocrx_word' id='word_1_707' title='bbox 1717 5073 2106 5130; x_wconf 91' lang='lat' dir='ltr'><em>nequaquam</em></span> 
     </span>
    </p>
   </div>
   <div class='ocr_carea' id='block_1_101' title="bbox 460 5138 2109 5211">
    <p class='ocr_par' dir='ltr' id='par_1_101' title="bbox 460 5138 2109 5211">
     <span class='ocr_line' id='line_1_101' title="bbox 460 5138 2109 5211; baseline 0.005 -19"><span class='ocrx_word' id='word_1_708' title='bbox 460 5138 543 5192; x_wconf 89' lang='lat' dir='ltr'><em>ita</em></span> <span class='ocrx_word' id='word_1_709' title='bbox 573 5145 709 5211; x_wconf 87' lang='lat' dir='ltr'><em>apte</em></span> <span class='ocrx_word' id='word_1_710' title='bbox 751 5142 1120 5202; x_wconf 88' lang='lat' dir='ltr'><em>cecidissent.</em></span> <span class='ocrx_word' id='word_1_711' title='bbox 1155 5145 1268 5198; x_wconf 92' lang='lat' dir='ltr'><em>nisi</em></span> <span class='ocrx_word' id='word_1_712' title='bbox 1308 5161 1338 5198; x_wconf 91' lang='lat' dir='ltr'><em>e</em></span> <span class='ocrx_word' id='word_1_713' title='bbox 1387 5145 1724 5199; x_wconf 87' lang='lat' dir='ltr'><em>carceribus</em></span> <span class='ocrx_word' id='word_1_714' title='bbox 1751 5145 1832 5200; x_wconf 89' lang='lat' dir='ltr'><em>ita</em></span> <span class='ocrx_word' id='word_1_715' title='bbox 1879 5145 2109 5201; x_wconf 89' lang='lat' dir='ltr'><em>dimissi</em></span> 
     </span>
    </p>
   </div>
   <div class='ocr_carea' id='block_1_102' title="bbox 462 5226 2109 5295">
    <p class='ocr_par' dir='ltr' id='par_1_102' title="bbox 462 5226 2109 5295">
     <span class='ocr_line' id='line_1_102' title="bbox 462 5226 2109 5295; baseline 0.004 -14"><span class='ocrx_word' id='word_1_716' title='bbox 462 5226 803 5295; x_wconf 84' lang='lat' dir='ltr'><em>fuissemus,</em></span> <span class='ocrx_word' id='word_1_717' title='bbox 825 5231 953 5286; x_wconf 90' lang='lat' dir='ltr'><em>etin</em></span> <span class='ocrx_word' id='word_1_718' title='bbox 974 5231 1216 5287; x_wconf 89' lang='lat' dir='ltr'><em>taliloco</em></span> <span class='ocrx_word' id='word_1_719' title='bbox 1233 5232 1742 5289; x_wconf 88' lang='lat' dir='ltr'><em>consedissemus.</em></span> <span class='ocrx_word' id='word_1_720' title='bbox 1776 5233 1988 5289; x_wconf 89' lang='lat' dir='ltr'><em>Omnia</em></span> <span class='ocrx_word' id='word_1_721' title='bbox 2006 5249 2109 5288; x_wconf 91' lang='lat' dir='ltr'><em>no-</em></span> 
     </span>
    </p>
   </div>
   <div class='ocr_carea' id='block_1_103' title="bbox 460 5315 2106 5391">
    <p class='ocr_par' dir='ltr' id='par_1_103' title="bbox 460 5315 2106 5391">
     <span class='ocr_line' id='line_1_103' title="bbox 460 5315 2106 5391; baseline 0.004 -20"><span class='ocrx_word' id='word_1_722' title='bbox 460 5315 553 5371; x_wconf 89' lang='lat' dir='ltr'><em>bis</em></span> <span class='ocrx_word' id='word_1_723' title='bbox 592 5317 740 5373; x_wconf 91' lang='lat' dir='ltr'><em>belle</em></span> <span class='ocrx_word' id='word_1_724' title='bbox 786 5325 1130 5385; x_wconf 89' lang='lat' dir='ltr'><em>evenerunt,</em></span> <span class='ocrx_word' id='word_1_725' title='bbox 1164 5325 1220 5375; x_wconf 91' lang='lat' dir='ltr'><em>et</em></span> <span class='ocrx_word' id='word_1_726' title='bbox 1261 5320 1551 5386; x_wconf 89' lang='lat' dir='ltr'><em>evenient,</em></span> <span class='ocrx_word' id='word_1_727' title='bbox 1587 5325 1678 5377; x_wconf 88' lang='lat' dir='ltr'><em>sat</em></span> <span class='ocrx_word' id='word_1_728' title='bbox 1717 5321 1859 5391; x_wconf 90' lang='lat' dir='ltr'><em>scio,</em></span> <span class='ocrx_word' id='word_1_729' title='bbox 1887 5321 2106 5378; x_wconf 87' lang='lat' dir='ltr'><em>sanctis</em></span> 
     </span>
    </p>
   </div>
   <div class='ocr_carea' id='block_1_104' title="bbox 533 5475 1039 5548">
    <p class='ocr_par' dir='ltr' id='par_1_104' title="bbox 533 5475 1039 5548">
     <span class='ocr_line' id='line_1_104' title="bbox 533 5475 1039 5548; baseline 0.004 -18"><span class='ocrx_word' id='word_1_730' title='bbox 533 5477 581 5511; x_wconf 73' lang='grc'>³³</span> <span class='ocrx_word' id='word_1_731' title='bbox 613 5475 862 5548; x_wconf 85' lang='lat' dir='ltr'><em>Philipp.</em></span> <span class='ocrx_word' id='word_1_732' title='bbox 897 5493 956 5543; x_wconf 84' lang='grc' dir='ltr'><em>ιι,</em></span> <span class='ocrx_word' id='word_1_733' title='bbox 988 5481 1039 5532; x_wconf 83' lang='grc'><em>2.</em></span> 
     </span>
    </p>
   </div>
   <div class='ocr_carea' id='block_1_105' title="bbox 539 5563 1023 5636">
    <p class='ocr_par' dir='ltr' id='par_1_105' title="bbox 539 5563 1023 5636">
     <span class='ocr_line' id='line_1_105' title="bbox 539 5563 1023 5636; baseline 0.002 -16"><span class='ocrx_word' id='word_1_734' title='bbox 539 5563 597 5636; x_wconf 83' lang='grc'><em>(⁸)</em></span> <span class='ocrx_word' id='word_1_735' title='bbox 633 5564 1023 5624; x_wconf 86' lang='lat' dir='ltr'><em>Catechetica.</em></span> 
     </span>
    </p>
   </div>
   <div class='ocr_carea' id='block_1_106' title="bbox 1118 5477 1602 5545">
    <p class='ocr_par' dir='ltr' id='par_1_106' title="bbox 1118 5477 1602 5545">
     <span class='ocr_line' id='line_1_106' title="bbox 1118 5477 1602 5545; baseline 0.006 -13"><span class='ocrx_word' id='word_1_736' title='bbox 1118 5480 1165 5514; x_wconf 70' lang='lat'><strong><em>93</em></strong></span> <span class='ocrx_word' id='word_1_737' title='bbox 1195 5477 1238 5533; x_wconf 86' lang='lat' dir='ltr'><em>ll</em></span> <span class='ocrx_word' id='word_1_738' title='bbox 1271 5479 1401 5535; x_wconf 88' lang='lat' dir='ltr'><em>Cor.</em></span> <span class='ocrx_word' id='word_1_739' title='bbox 1433 5494 1515 5545; x_wconf 83' lang='lat' dir='ltr'><em>v1,</em></span> <span class='ocrx_word' id='word_1_740' title='bbox 1547 5479 1602 5535; x_wconf 90' lang='lat'><em>3.</em></span> 
     </span>
    </p>
   </div>
   <div class='ocr_carea' id='block_1_107' title="bbox 2224 4697 3819 4774">
    <p class='ocr_par' dir='ltr' id='par_1_107' title="bbox 2224 4697 3819 4774">
     <span class='ocr_line' id='line_1_107' title="bbox 2224 4697 3819 4774; baseline -0.002 -22"><span class='ocrx_word' id='word_1_741' title='bbox 2224 4700 2402 4772; x_wconf 84' lang='grc' dir='ltr'>λόγου.</span> <span class='ocrx_word' id='word_1_742' title='bbox 2475 4705 2573 4754; x_wconf 82' lang='grc' dir='ltr'><em>Καὶ</em></span> <span class='ocrx_word' id='word_1_743' title='bbox 2629 4699 2893 4774; x_wconf 75' lang='grc' dir='ltr'>ἐχάρημεν</span> <span class='ocrx_word' id='word_1_744' title='bbox 2955 4701 3003 4752; x_wconf 87' lang='grc' dir='ltr'>οἱ</span> <span class='ocrx_word' id='word_1_745' title='bbox 3061 4697 3260 4763; x_wconf 80' lang='grc' dir='ltr'>ἀνάξιοι</span> <span class='ocrx_word' id='word_1_746' title='bbox 3310 4702 3485 4773; x_wconf 83' lang='grc' dir='ltr'>χαρὰν</span> <span class='ocrx_word' id='word_1_747' title='bbox 3536 4697 3768 4771; x_wconf 83' lang='grc' dir='ltr'>μεγάλην</span> <span class='ocrx_word' id='word_1_748' title='bbox 3807 4715 3819 4728; x_wconf 83' lang='grc'><em>’</em></span> 
     </span>
    </p>
   </div>
   <div class='ocr_carea' id='block_1_108' title="bbox 2223 4785 3822 4860">
    <p class='ocr_par' dir='ltr' id='par_1_108' title="bbox 2223 4785 3822 4860">
     <span class='ocr_line' id='line_1_108' title="bbox 2223 4785 3822 4860; baseline -0.003 -17"><span class='ocrx_word' id='word_1_749' title='bbox 2223 4792 2304 4843; x_wconf 84' lang='grc' dir='ltr'>ὅτι</span> <span class='ocrx_word' id='word_1_750' title='bbox 2360 4789 2394 4842; x_wconf 84' lang='grc' dir='ltr'><em>ἃ</em></span> <span class='ocrx_word' id='word_1_751' title='bbox 2444 4790 2538 4842; x_wconf 82' lang='grc' dir='ltr'><em>οὑκ</em></span> <span class='ocrx_word' id='word_1_752' title='bbox 2590 4789 2869 4860; x_wconf 64' lang='grc' dir='ltr'>ἠλπίζομεν</span> <span class='ocrx_word' id='word_1_753' title='bbox 2933 4785 3146 4860; x_wconf 75' lang='grc' dir='ltr'>οῖδαμεν</span> <span class='ocrx_word' id='word_1_754' title='bbox 3199 4789 3250 4840; x_wconf 78' lang='grc' dir='ltr'>ἐν</span> <span class='ocrx_word' id='word_1_755' title='bbox 3317 4787 3598 4860; x_wconf 87' lang='grc' dir='ltr'>όφαθλμοῖς</span> <span class='ocrx_word' id='word_1_756' title='bbox 3652 4789 3822 4857; x_wconf 77' lang='grc' dir='ltr'>ἡμῶν,</span> 
     </span>
    </p>
   </div>
   <div class='ocr_carea' id='block_1_109' title="bbox 2221 4874 3820 4950">
    <p class='ocr_par' dir='ltr' id='par_1_109' title="bbox 2221 4874 3820 4950">
     <span class='ocr_line' id='line_1_109' title="bbox 2221 4874 3820 4950; baseline 0 -20"><span class='ocrx_word' id='word_1_757' title='bbox 2221 4884 2310 4931; x_wconf 82' lang='grc' dir='ltr'>καὶ</span> <span class='ocrx_word' id='word_1_758' title='bbox 2340 4879 2638 4936; x_wconf 83' lang='grc' dir='ltr'>συνουλώοη</span> <span class='ocrx_word' id='word_1_759' title='bbox 2672 4881 2736 4930; x_wconf 79' lang='grc' dir='ltr'>τὰ</span> <span class='ocrx_word' id='word_1_760' title='bbox 2767 4874 3174 4930; x_wconf 75' lang='grc' dir='ltr'>διασπασθέντα</span> <span class='ocrx_word' id='word_1_761' title='bbox 3224 4877 3376 4950; x_wconf 67' lang='grc' dir='ltr'>μιλη,</span> <span class='ocrx_word' id='word_1_762' title='bbox 3409 4880 3498 4929; x_wconf 90' lang='lat' dir='ltr'><em>xui</em></span> <span class='ocrx_word' id='word_1_763' title='bbox 3543 4874 3693 4949; x_wconf 73' lang='grc' dir='ltr'>ἑορτά</span> <span class='ocrx_word' id='word_1_764' title='bbox 3727 4877 3820 4937; x_wconf 81' lang='grc' dir='ltr'><em>ζο-</em></span> 
     </span>
    </p>
   </div>
   <div class='ocr_carea' id='block_1_110' title="bbox 2223 4961 3818 5040">
    <p class='ocr_par' dir='ltr' id='par_1_110' title="bbox 2223 4961 3818 5040">
     <span class='ocr_line' id='line_1_110' title="bbox 2223 4961 3818 5040; baseline -0.002 -21"><span class='ocrx_word' id='word_1_765' title='bbox 2223 4987 2308 5020; x_wconf 76' lang='grc' dir='ltr'><em>αεν</em></span> <span class='ocrx_word' id='word_1_766' title='bbox 2375 4967 2554 5040; x_wconf 71' lang='grc' dir='ltr'>ἑορτήν</span> <span class='ocrx_word' id='word_1_767' title='bbox 2611 4971 2786 5040; x_wconf 83' lang='grc' dir='ltr'>Κυρίῳ</span> <span class='ocrx_word' id='word_1_768' title='bbox 2843 4969 2888 5019; x_wconf 80' lang='grc' dir='ltr'>ἐν</span> <span class='ocrx_word' id='word_1_769' title='bbox 2951 4975 3010 5039; x_wconf 76' lang='grc' dir='ltr'><em>τῇ</em></span> <span class='ocrx_word' id='word_1_770' title='bbox 3072 4965 3178 5028; x_wconf 77' lang='grc' dir='ltr'>ἑνὸς</span> <span class='ocrx_word' id='word_1_771' title='bbox 3237 4965 3458 5018; x_wconf 78' lang='grc' dir='ltr'>ἑκάστου</span> <span class='ocrx_word' id='word_1_772' title='bbox 3517 4961 3818 5039; x_wconf 74' lang='grc' dir='ltr'>συνδρομῇ,</span> 
     </span>
    </p>
   </div>
   <div class='ocr_carea' id='block_1_111' title="bbox 2217 5051 3796 5128">
    <p class='ocr_par' dir='ltr' id='par_1_111' title="bbox 2217 5051 3796 5128">
     <span class='ocr_line' id='line_1_111' title="bbox 2217 5051 3796 5128; baseline -0.001 -21"><span class='ocrx_word' id='word_1_773' title='bbox 2217 5061 2308 5108; x_wconf 85' lang='grc' dir='ltr'><em>καί</em></span> <span class='ocrx_word' id='word_1_774' title='bbox 2356 5054 2842 5127; x_wconf 75' lang='grc' dir='ltr'>ἀνθομολογούμεθα</span> <span class='ocrx_word' id='word_1_775' title='bbox 2881 5059 2951 5125; x_wconf 84' lang='grc' dir='ltr'>τῷ</span> <span class='ocrx_word' id='word_1_776' title='bbox 2996 5060 3188 5128; x_wconf 84' lang='grc' dir='ltr'>Κυρίῳ,</span> <span class='ocrx_word' id='word_1_777' title='bbox 3242 5058 3332 5106; x_wconf 86' lang='grc' dir='ltr'>καὶ</span> <span class='ocrx_word' id='word_1_778' title='bbox 3384 5051 3796 5125; x_wconf 70' lang='grc' dir='ltr'>ἁπευχνοιστοῦ</span> 
     </span>
    </p>
   </div>
   <div class='ocr_carea' id='block_1_112' title="bbox 2216 5139 3820 5218">
    <p class='ocr_par' dir='ltr' id='par_1_112' title="bbox 2216 5139 3820 5218">
     <span class='ocr_line' id='line_1_112' title="bbox 2216 5139 3820 5218; baseline -0.002 -22"><span class='ocrx_word' id='word_1_779' title='bbox 2216 5164 2304 5216; x_wconf 88' lang='grc' dir='ltr'><em>μεν</em></span> <span class='ocrx_word' id='word_1_780' title='bbox 2360 5152 2468 5205; x_wconf 89' lang='grc' dir='ltr'>τοῖς</span> <span class='ocrx_word' id='word_1_781' title='bbox 2521 5152 2803 5218; x_wconf 84' lang='grc' dir='ltr'>κρατοῦσιν</span> <span class='ocrx_word' id='word_1_782' title='bbox 2846 5161 2858 5174; x_wconf 90' lang='grc'><strong>·</strong></span> <span class='ocrx_word' id='word_1_783' title='bbox 2914 5146 2994 5196; x_wconf 81' lang='grc' dir='ltr'>ὅτι</span> <span class='ocrx_word' id='word_1_784' title='bbox 3052 5144 3094 5196; x_wconf 88' lang='grc' dir='ltr'>εἰ</span> <span class='ocrx_word' id='word_1_785' title='bbox 3141 5147 3230 5195; x_wconf 82' lang='grc' dir='ltr'>καὶ</span> <span class='ocrx_word' id='word_1_786' title='bbox 3275 5139 3439 5215; x_wconf 73' lang='grc' dir='ltr'>μηδὲν</span> <span class='ocrx_word' id='word_1_787' title='bbox 3490 5142 3634 5208; x_wconf 82' lang='grc' dir='ltr'>ἄλλο,</span> <span class='ocrx_word' id='word_1_788' title='bbox 3694 5145 3820 5196; x_wconf 84' lang='grc' dir='ltr'>ὅσον</span> 
     </span>
    </p>
   </div>
   <div class='ocr_carea' id='block_1_113' title="bbox 2215 5229 3814 5307">
    <p class='ocr_par' dir='ltr' id='par_1_113' title="bbox 2215 5229 3814 5307">
     <span class='ocr_line' id='line_1_113' title="bbox 2215 5229 3814 5307; baseline -0.001 -21"><span class='ocrx_word' id='word_1_789' title='bbox 2215 5236 2342 5307; x_wconf 87' lang='grc' dir='ltr'>πρὸς</span> <span class='ocrx_word' id='word_1_790' title='bbox 2395 5235 2534 5303; x_wconf 82' lang='grc' dir='ltr'>ἡμᾶς</span> <span class='ocrx_word' id='word_1_791' title='bbox 2581 5236 2716 5305; x_wconf 84' lang='grc' dir='ltr'>μέγα</span> <span class='ocrx_word' id='word_1_792' title='bbox 2777 5236 2835 5285; x_wconf 89' lang='grc' dir='ltr'><em>τὸ</em></span> <span class='ocrx_word' id='word_1_793' title='bbox 2889 5229 3151 5304; x_wconf 81' lang='grc' dir='ltr'>δώρημα’</span> <span class='ocrx_word' id='word_1_794' title='bbox 3202 5237 3289 5284; x_wconf 86' lang='lat' dir='ltr'><em>xui</em></span> <span class='ocrx_word' id='word_1_795' title='bbox 3345 5231 3518 5296; x_wconf 81' lang='grc' dir='ltr'>πάλιν,</span> <span class='ocrx_word' id='word_1_796' title='bbox 3576 5235 3656 5285; x_wconf 88' lang='grc' dir='ltr'><em>ότι</em></span> <span class='ocrx_word' id='word_1_797' title='bbox 3716 5234 3814 5285; x_wconf 79' lang='grc' dir='ltr'><em>οὑκ</em></span> 
     </span>
    </p>
   </div>
   <div class='ocr_carea' id='block_1_114' title="bbox 2215 5320 3820 5396">
    <p class='ocr_par' dir='ltr' id='par_1_114' title="bbox 2215 5320 3820 5396">
     <span class='ocr_line' id='line_1_114' title="bbox 2215 5320 3820 5396; baseline 0.001 -22"><span class='ocrx_word' id='word_1_798' title='bbox 2215 5321 2274 5374; x_wconf 82' lang='grc' dir='ltr'>ἂν</span> <span class='ocrx_word' id='word_1_799' title='bbox 2319 5323 2483 5385; x_wconf 82' lang='grc' dir='ltr'>ἄλλως</span> <span class='ocrx_word' id='word_1_800' title='bbox 2520 5323 2735 5386; x_wconf 77' lang='grc' dir='ltr'>εὐθέτως</span> <span class='ocrx_word' id='word_1_801' title='bbox 2766 5325 2987 5396; x_wconf 82' lang='grc' dir='ltr'>ἔσχομεν</span> <span class='ocrx_word' id='word_1_802' title='bbox 3014 5325 3107 5381; x_wconf 76' lang='grc' dir='ltr'>τὴν</span> <span class='ocrx_word' id='word_1_803' title='bbox 3139 5320 3422 5394; x_wconf 77' lang='grc' dir='ltr'>σύμϐασιν,</span> <span class='ocrx_word' id='word_1_804' title='bbox 3474 5321 3503 5380; x_wconf 76' lang='grc' dir='ltr'><strong><em>ἦ</em></strong></span> <span class='ocrx_word' id='word_1_805' title='bbox 3537 5325 3597 5374; x_wconf 88' lang='grc' dir='ltr'><em>τό</em></span> <span class='ocrx_word' id='word_1_806' title='bbox 3645 5322 3820 5386; x_wconf 72' lang='grc' dir='ltr'>οὕτως,</span> 
     </span>
    </p>
   </div>
  </div>
