4062 6280
274 309 405 369 1341

271 434 521 509 ἀφεθῆναι
572 437 711 510 ἡμᾶς
760 446 858 490 τῶν
936 437 1172 510 φυλακῶν

267 529 560 598 καθίσματι
621 528 929 600 τηλικούτῳ.
1003 530 1180 581 Πάντα
1232 528 1305 591 εἰς
1353 528 1505 581 καλὸν
1563 531 1686 601 ἡμῖν
1742 548 1861 582 συν-

267 612 483 689 έδραμε,
528 622 617 669 καὶ
669 615 1015 690 συνδράμοιεν
1070 614 1120 670 εὖ
1177 614 1279 671 οἶδ’
1337 620 1416 670 ὅτι
1487 618 1671 690 εύχαῑς
1718 619 1860 690 ύμών

268 702 465 775 ἁγίαις.
519 703 731 764 Ἐπειδὴ
787 703 847 758 δὲ
903 708 928 759 ὁ
974 706 1121 778 λογος
1178 711 1290 780 περὶ
1350 707 1678 769 ἀνακλήσεως
1710 727 1721 739 ο
1776 706 1857 758 αν⁸

266 792 457 850 εκλήθη
494 799 584 846 καὶ
632 797 803 853 ἠνωθη
859 797 983 866 ἡμῖν
1034 800 1127 848 σὺν
1184 804 1291 857 τοίς
1340 796 1513 857 ἄλλοις
1576 801 1665 848 καὶ
1712 796 1860 848 πλέον

265 882 454 954 μᾶλλον
511 892 608 934 τῶν
664 884 825 935 ἄλλων
910 886 935 936 6
996 890 1459 959 γραμματηφόρος,
1512 887 1536 937 ὁ
1586 887 1860 956 ἀγαπητός

266 974 410 1042 ἡμῶν
509 974 616 1032 υἱὸς
716 972 914 1045 Κλέμης
988 976 1013 1025 6
1090 973 1459 1035 εύλαϐίστατος
1551 976 1855 1046 ἡγούμενος,

264 1062 435 1112 πάντα
464 1059 699 1134 ἀσμένως
755 1059 1118 1134 εἰσδεξάμενος
1155 1062 1189 1115 ἀ
1242 1060 1348 1115 ἔδει
1377 1062 1518 1131 αύτῷ
1546 1063 1855 1129 λαληθῆναι,

509 974 616 1032 υἱὸς

264 1153 350 1201 καὶ
416 1155 533 1224 περὶ
607 1153 808 1202 πάντων
885 1154 1234 1223 ποιησάμενος
1314 1156 1407 1210 τὴν
1486 1156 1857 1227 προσήκουσαν

266 1238 567 1309 ἀπολογίαν.
621 1240 728 1311 Ἐφ’
854 1246 941 1292 καὶ
982 1241 1277 1312 ἀρεσθίντες
1318 1241 1674 1313 ὴσπασάμεθα
1702 1242 1857 1293 αὐτὸν

266 1325 699 1399 ἐνστερνισμένως
733 1345 744 1356 ·
815 1327 1107 1390 ἐλπίζοντες
1154 1334 1242 1382 καὶ
1287 1326 1360 1382 δι’
1424 1330 1579 1381 αύτὸν
1631 1334 1859 1401 αὔχημα

265 1418 401 1485 ἔχειν
433 1418 481 1468 οἱ
514 1416 811 1489 ἁμαρτωλοὶ
858 1423 1114 1489 σωτήριον
1163 1422 1285 1469 αύτὸ
1331 1426 1509 1475 τοῦτο.
1573 1425 1670 1472 Kui
1712 1418 1879 1491 ὑμεῖς’

264 1508 605 1577 προσήκασθε
651 1506 933 1577 παρακαλῶ
982 1510 1067 1558 τὸν
1119 1503 1336 1570 ἀδελφὸν
1393 1510 1460 1568 ὡς
1514 1505 1743 1580 ἀδελφοὶ,
1800 1512 1856 1561 τό

1526 310 2051 381 EPISTOLARUM
2091 313 2230 374 LIB.
2271 314 2343 374 II.

1229 453 1241 467 ‘
1300 442 1389 491 xui
1438 442 1761 499 καθεσθῆναι
1808 439 1851 492 ἔν

1971 443 2248 512 precibus
2290 444 2521 501 vestris.
2553 448 2617 501 Et
2650 446 2937 518 quoniam
2965 444 3038 500 de
3073 444 3449 501 revocatione
3478 444 3618 500 inci-

3483 315 3619 375 i342

1968 529 2053 585 dit
2080 534 2321 597 mentio,
2356 541 2668 591 revocatus
2706 542 2792 591 est
2823 536 3117 608 nobisque
3143 550 3281 589 cum
3314 534 3445 589 aliis
3475 550 3620 590 con-

1963 620 2226 689 junctus,
2273 623 2393 677 imo
2445 625 2760 695 plusquam
2805 624 2923 688 alii,
2966 623 3308 679 tabellarius
3367 622 3617 681 dilectus

1967 708 2123 763 ﬁlius
2154 718 2357 767 noster
2381 712 2676 774 Clemens,
2712 712 3201 783 religiosissimus
3239 712 3613 782 praepositus,

1967 799 2171 855 omnia
2206 798 2456 856 libenter
2502 804 2818 873 accipiens,
2849 819 2983 873 quae
3023 803 3135 872 ipsi
3180 801 3294 855 dici
3330 816 3437 871 par
3469 806 3614 867 erat,

1967 894 2022 942 et
2059 887 2133 942 de
2182 889 2466 945 omnibus
2495 891 2785 947 rationem
2838 892 3118 946 idoneam
3162 889 3438 945 reddens.
3490 892 3619 955 Qua

1967 976 2209 1047 quidem
2237 995 2296 1033 re
2325 996 2433 1035 nos
2460 982 2725 1046 recreati,
2762 987 2881 1036 toto
2911 997 3047 1036 eum
3072 980 3203 1034 sinu
3228 978 3489 1049 amplexi
3521 995 3617 1033 su-

1968 1073 2424 1136 mus,sperantes
2437 1085 2562 1123 eum
2579 1071 2745 1124 etiam
2762 1068 3003 1125 salutari
3020 1068 3188 1123 nobis
3203 1067 3617 1138 peccatoribus

1966 1153 2169 1222 gloriae
2198 1155 2340 1211 fore.
2384 1160 2547 1213 Hunc
2577 1159 2777 1228 ipsum
2808 1164 2864 1213 et
2898 1173 3025 1223 vos,
3054 1173 3281 1229 quaeso,
3326 1156 3616 1212 admittite

1964 1241 2203 1298 fratrem
2234 1250 2297 1299 ut
2327 1245 2554 1312 fratres,
2588 1247 2925 1302 membrum
2957 1252 3018 1301 ut
3044 1246 3337 1311 membra,
3370 1261 3616 1300 consen-

1964 1334 2205 1387 tientem
2238 1340 2300 1388 ut
2334 1337 2797 1391 consentientes.
2828 1337 2920 1391 Sic
2953 1335 3113 1390 enim
3156 1334 3320 1389 illum
3359 1334 3616 1406 reperie-

1967 1422 2038 1477 tis
2086 1423 2291 1479 Christi
2323 1426 2512 1493 gratia
2560 1427 2619 1481 in
2645 1426 2930 1481 omnibus
2980 1432 3133 1480 recte
3173 1425 3517 1487 habentem,
3562 1428 3617 1478 et

1969 1519 2333 1582 quaerentem
2370 1517 2574 1569 Deum.

263 1594 413 1664 μελος
466 1597 534 1655 ὡς
602 1595 751 1666 μέλη,
822 1600 909 1647 τὸν
986 1598 1245 1671 ὁμόφρονα
1323 1600 1387 1656 ὡς
1436 1599 1727 1672 ὁμόφρονες.
1791 1599 1940 1650 Ούτω
1997 1602 2095 1675 γὰρ
2158 1603 2312 1654 αύτὸν
2391 1605 2587 1678 εύροιτε
2664 1608 2850 1677 χάριτι
2920 1612 3153 1679 Χριστοῦ
3224 1603 3270 1655 ἐν
3346 1608 3506 1654 πᾶσιν
3563 1599 3614 1653 εὖ

262 1683 453 1753 ἔχοντα
471 1688 560 1735 xui
585 1683 843 1746 ζητοῦντα
866 1690 1005 1738 Θεον.

474 1773 553 1827 Α¹.
608 1773 954 1846 Ἡγουμένη
999 1783 1106 1834 τῆς
1145 1779 1446 1837 Νικαίας.
1498 1774 1679 1849 [φπε¹.]

2359 1783 2488 1837 XCI.
2520 1814 2587 1823 —
2615 1783 2958 1851 Praepositae
2985 1783 3220 1839 Νίσαια).

1172 1872 1476 1923 Gratulatur
1502 1874 1568 1922 ob
1603 1875 1961 1924 constantiam
1998 1879 2236 1939 tempore
2261 1881 2676 1942 persecutionis.

338 1963 436 2011 Kui
467 1964 711 2033 πρότερον
754 1964 808 2012 αἱ
854 1964 970 2032 περὶ
1022 1969 1111 2022 τῆς
1159 1967 1457 2034 τιμιότητος
1508 1982 1602 2015 σου
1664 1962 1851 2034 ἀγαθαὶ

2038 1970 2103 2024 Et
2134 1972 2297 2041 prius
2329 1972 2557 2042 optima
2597 1973 2670 2027 de
2696 1971 3026 2027 reverentia
3070 1975 3169 2025 tua
3196 1985 3336 2025 ama
3361 1984 3470 2024 nos
3500 1967 3614 2024 im-

263 2045 412 2098 ἀκοαὶ
464 2048 704 2101 εἵλκυσαν
764 2052 901 2121 ἡμᾶς
960 2049 1245 2102 ἐπιστεῖλαί
1299 2070 1405 2107 σοι.
1459 2056 1558 2104 Καὶ
1616 2059 1701 2103 νῦν
1745 2061 1857 2113 ταῖς

264 2137 447 2197 αὐταῖς
519 2141 792 2211 εὔφημίαις
852 2137 1232 2212 ἐπερειδόμενοι
1288 2146 1376 2191 καὶ
1442 2142 1703 2213 γράφομεν
1768 2146 1857 2194 καὶ

261 2231 714 2300 προσαγορεύομεν
784 2233 876 2286 τὴν
936 2231 1346 2300 σεμνοπρέπειαν
1399 2249 1491 2281 σου
1526 2247 1537 2259 ⁸
1590 2227 1858 2301 ἀποδεχό-

260 2334 403 2387 μενοι
432 2322 520 2369 καὶ
577 2317 972 2388 μακαρίζοντες,
1021 2319 1098 2369 ὁτι
1144 2318 1276 2369 εἵλου
1334 2315 1426 2370 διὰ
1478 2320 1665 2391 Κύριον
1716 2321 1853 2371 ύπεῖ-

266 2422 357 2455 σαι
406 2405 605 2475 θλίψεις
664 2411 751 2457 καὶ
832 2410 1201 2480 στενοχωρίας,
1263 2403 1492 2478 διωγμὸν
1540 2409 1635 2468 τῆς
1677 2418 1852 2479 μονῆς,

263 2498 352 2544 καὶ
380 2492 577 2567 ἐξορίαν
608 2497 949 2566 μεταθέσεως,
987 2500 1073 2547 καὶ
1128 2498 1170 2547 εἷ
1216 2515 1266 2546 τι
1324 2496 1443 2547 ἄλλο
1489 2500 1854 2569 περιστατικόν

262 2584 347 2632 xui
423 2583 690 2655 ὁμολογίας
781 2581 1159 2638 ύποδεικτικόν.
1232 2592 1408 2637 Ταῦτα
1468 2586 1702 2647 αἰνέσεως
1767 2591 1854 2639 xui

263 2670 677 2743 ἐξομολογήσεως
713 2689 723 2700 ·
782 2682 949 2725 ταῦτα
992 2676 1213 2746 Νύμφης
1269 2682 1500 2749 Χριστοῦ
1546 2675 1741 2728 ἔπαθλα
1765 2681 1853 2728 καὶ

262 2757 626 2833 ἀγωνίσματα,
682 2768 770 2815 καὶ
823 2767 880 2814 τὸ
922 2766 996 2815 ἔτι
1052 2762 1505 2837 ἁξιαγαστὸτερον,
1540 2766 1568 2821 ἡ
1617 2770 1733 2838 περὶ
1763 2767 1855 2827 τὰς

262 2850 360 2900 ύπὸ
390 2858 548 2923 χεῖρα
577 2850 795 2924 ἀδελφὰς
848 2854 1056 2913 ὁσιότης
1088 2868 1102 2883 ⁸
1133 2870 1145 2882 ·
1195 2854 1273 2904 ὁτι
1325 2852 1423 2915 κάξ
1464 2853 1630 2904 αὐτῶν
1663 2853 1851 2906 εἳλοντο

262 2937 740 2993 συναποδύσασθαί
799 2961 887 2993 σοι
939 2950 999 3014 τῇ
1057 2941 1327 3014 ὁμολογίᾳ,
1371 2947 1459 2994 καὶ
1508 2939 1847 3014 ηνὸρίσαντο,

256 3034 345 3081 καὶ
419 3032 857 3101 ἑμάστιγὼθησαν
926 3036 1015 3082 xui
1091 3033 1540 3103 περιωρίσθησὰν,
1595 3038 1682 3084 καὶ
1737 3029 1853 3085 ἐδό-

256 3118 419 3180 ξασαν
471 3123 558 3170 τὸν
600 3124 727 3171 Θεὸν
781 3119 826 3170 ἐν
894 3129 964 3189 τῷ
1017 3126 1222 3190 σώματι
1278 3120 1464 3183 αὐτῶν,
1530 3125 1619 3173 καὶ
1667 3120 1714 3172 ἓν
1780 3130 1851 3193 τῷ

253 3210 532 3278 πνεύματι.
592 3207 660 3259 Ὠ
704 3218 800 3259 τῶν
834 3208 1037 3262 ἄθλωνῖ
1091 3208 1186 3260 ούὰ
1230 3217 1324 3270 τῆς
1377 3208 1531 3269 καλῆς
1579 3207 1853 3282 παιδαγω-

253 3295 404 3366 γίαςῖ
440 3299 544 3348 οἷον
576 3300 632 3348 τὸ
687 3299 877 3370 ἄρχον,
911 3306 1142 3349 τοιοῦτον
1178 3303 1266 3350 καὶ
1305 3300 1362 3349 τὸ
1395 3297 1683 3369 ἀρχόμενον
1716 3316 1727 3327 ’
1768 3300 1851 3351 οἷα

253 3386 282 3442 ἡ
333 3381 681 3449 διδάσκαλος,
729 3386 1043 3442 τηλικαῦται
1096 3392 1184 3440 καὶ
1239 3389 1293 3437 αἱ
1336 3390 1646 3459 μαθήτριαι.
1682 3393 1765 3440 Σοὶ
1798 3386 1850 3441 εὖ

252 3472 367 3544 ἔχει
397 3474 560 3544 λέγειν
602 3493 615 3507 ·
669 3472 807 3527 Ἰδού
862 3475 961 3547 ἐγὼ
1014 3482 1102 3528 καὶ
1146 3478 1211 3527 τὰ
1236 3473 1430 3528 παιδία
1462 3476 1495 3527 ἅ
1546 3497 1634 3548 μοι
1664 3474 1852 3530 ἔδωκεν

251 3563 279 3612 ὁ
340 3567 488 3625 Θεὸς,
545 3564 764 3629 ἔναθλοι,
837 3561 1106 3635 ἀνδρικαὶ,
1165 3565 1504 3637 φιλόχριστοι
1583 3566 1771 3638 μᾶλλον
1819 3572 1847 3626 ἦ

252 3650 577 3723 φιλοσαρκοι,
623 3655 789 3704 πάντα
832 3652 1068 3705 σκύϐαλα
1124 3657 1429 3725 ἡγούμεναι,
1490 3655 1571 3706 ἶνα
1626 3660 1852 3729 Χριστὸν

249 3736 589 3811 κερὸὴσωσι·
650 3744 818 3792 πάντα
866 3746 931 3793 τὰ
988 3743 1110 3813 μελη
1147 3752 1360 3815 Χριστῷ
1415 3749 1849 3817 προσενέγκασαι,

253 3830 336 3879 ἳνα
392 3834 478 3881 τὸν
541 3831 761 3903 ἐραστὴν
831 3834 1211 3903 θεραπεύσωσι.
1296 3836 1441 3885 Μετὰ
1523 3833 1852 3905 ὁμολογητῶν

254 3921 569 3990 συνετάγητε
654 3923 782 3991 μετὰ
850 3925 1122 3994 μαρτύρων
1180 3921 1569 3993 ἐστεφανόθητε,
1627 3926 1745 3975 ὅσον
1800 3928 1849 3976 ἐκ

254 4014 346 4058 τοῦ
372 4009 686 4079 φθάσαντος.
722 4008 858 4062 Ἀλλ’
905 4006 1109 4075 ἐπειδὴ,
1138 4010 1176 4059 ὦ
1206 4018 1390 4081 μῆτερ,
1441 4008 1663 4072 οὐδεὶς
1713 4032 1848 4065 στε⁹

252 4106 587 4167 φανούται,
642 4097 743 4149 ἐὰν
796 4104 875 4169 μὴ
917 4104 1201 4169 νομίμως
1242 4098 1519 4171 ἀθλήσῃ,
1553 4104 1767 4171 νόμιμον
1793 4099 1851 4154 δέ

251 4188 359 4238 ἑστι
396 4190 453 4237 τὸ
484 4191 645 4259 μέχρι
678 4187 847 4248 τέλους
896 4192 984 4239 καὶ
1023 4192 1200 4239 πίστει
1227 4193 1311 4239 xui
1342 4187 1443 4259 βίῳ
1487 4187 1797 4262 ἀριστεῦσαι
1827 4208 1838 4220 ⁸

250 4275 535 4349 παρακαλῶ
556 4282 647 4328 xui
674 4278 1058 4349 ὑπομιμνῄσκω
1083 4294 1094 4305 ·
1156 4276 1349 4338 ἀξίως
1404 4288 1721 4348 περιπατῆ
1742 4299 1847 4331 σαι

250 4365 565 4433 ἡμᾶςτῆς
608 4363 893 4426 κλήσεως
947 4366 1009 4426 ἧς
1068 4364 1427 4436 ἐκλήθημεν
1468 4380 1479 4391 ”

254 4470 365 4511 σης
412 4457 1015 4528 ταπεινοφροσύνης
1078 4460 1184 4505 xui
1257 4460 1663 4525 πραότητος·
1717 4459 1847 4527 μετὰ

1529 4369 1687 4436 μετὰ
1741 4374 1846 4418 πά-

252 4538 530 4611 ἀσφαλείας
550 4546 677 4615 πρὸς
699 4547 755 4594 τὸ
787 4542 923 4607 ἑξῆς,
948 4548 1079 4614 μήτε
1107 4543 1296 4594 ἁλῶναι
1323 4552 1383 4614 τῇ
1406 4546 1480 4595 ἔτι
1502 4542 1846 4617 κορυϐαντιῶ-

254 4647 331 4679 σει
360 4630 556 4702 αἱρέσει
582 4630 955 4705 ἁρνησιχρίσῳ
1007 4649 1019 4662 ⁸
1058 4639 1188 4704 μήτε
1219 4652 1266 4683 τι
1309 4636 1440 4684 κατὰ
1471 4638 1557 4684 τὸν
1589 4634 1845 4705 ὀφείλομε-

1720 4722 1846 4775 ἀλλὰ

1253 4816 1503 4871 παντοίως
1534 4808 1845 4883 διαλάμπειν

248 4737 331 4769 νον
357 4722 719 4781 κανονίζεσθαι
746 4719 1030 4778 ἀσκητικὸν
1064 4719 1179 4793 βίον
1206 4724 1629 4792 παρατρέπεσθαι
1663 4740 1674 4751 ⁸

248 4809 417 4859 πάντα
480 4816 642 4859 ποιεῖν
698 4809 768 4871 εἰς
821 4806 978 4872 δόξαν
1027 4818 1159 4861 Θεοῦ
1196 4828 1207 4840 ·

246 4904 316 4965 τῷ
377 4904 626 4967 φωτισμῷ
692 4907 790 4949 τῶν
858 4898 1066 4950 ἐντολῶν
1101 4917 1112 4930 υ
1172 4900 1291 4974 ὅπερ
1344 4903 1572 4951 πιστεύω
1629 4900 1842 4971 ἐνεργεῖν

248 4987 383 5056 ὑμᾶς
415 4984 485 5046 εἰς
526 4988 728 5037 ἔπαινον
779 4983 939 5049 δόξης
974 4996 1231 5061 Χριστοῦ,
1278 4988 1345 5048 εὶς
1376 4992 1599 5061 αὔχημα
1640 4990 1842 5041 αἰώνιον

248 5076 389 5146 ὑμῶν
428 5089 441 5103 ⁸
506 5077 581 5131 εἴη
643 5071 700 5126 δὲ
770 5075 926 5128 εἰπεῖν
994 5082 1082 5127 καὶ
1160 5078 1303 5149 ἡμῶν
1348 5086 1447 5128 τῶν
1506 5077 1837 5150 ἁμαρτωλῶν.

246 5164 348 5218 Καὶ
406 5165 506 5237 γὰρ
569 5163 612 5215 εἰ
665 5164 768 5225 ἑνός
838 5167 1039 5239 Πάτρὸς
1106 5168 1278 5238 ἐσμεν,

246 5253 468 5311 ἀλλήλων
520 5258 923 5327 χρηματὶζομεν
959 5272 970 5283 ⁸
1048 5260 1137 5307 καὶ
1213 5257 1277 5307 τὰ
1332 5256 1534 5306 πάν.ων
1607 5253 1839 5308 σπουδά-

249 5363 444 5416 σματα,
496 5342 878 5417 ἔκκαυχήματα
931 5347 979 5397 οἱ
1039 5346 1219 5407 πάντες
1250 5343 1344 5396 ούϐ
1373 5343 1653 5405 ἀπεικότως
1676 5345 1839 5417 ἡγὸύ-

1366 5163 1577 5238 ἀδελφοὶ
1656 5170 1841 5230 πάντες

318 5605 365 5639 ⁸⁸
390 5603 562 5664 Hebr.
604 5604 665 5673 1i,
700 5604 785 5660 13.
864 5605 912 5640 ³⁵
936 5603 1189 5676 Philipp.
1222 5619 1300 5668 iu,
1330 5606 1381 5659 8.

1460 5604 1508 5639 9°
1531 5603 1574 5658 ll
1605 5601 1749 5659 Tim.
1776 5617 1834 5669 ιι,
1869 5607 1921 5659 5.

1969 2060 2114 2131 pulit
2143 2066 2202 2114 ut
2248 2060 2323 2114 ad
2355 2067 2405 2114 te
2433 2062 2828 2115 scriberemus
2860 2083 2870 2112 :
2919 2065 2973 2115 et
3013 2076 3167 2114 nunc
3195 2058 3404 2113 eadem
3444 2073 3613 2112 com-

1969 2150 2350 2203 mendatione
2390 2149 2565 2204 famas
2607 2151 2859 2221 permoti
2913 2156 3034 2203 tum
3095 2148 3437 2211 scribimus,
3489 2154 3612 2200 tum

1968 2237 2318 2307 gravitatem
2355 2243 2513 2292 tuam
2545 2238 2896 2300 salutamus,
2933 2235 3245 2291 laudantes
3274 2250 3342 2288 ac
3382 2234 3611 2288 felicem

1966 2326 2382 2396 praedicantes,
2406 2330 2567 2398 quod
2593 2334 2830 2398 propter
2854 2326 3173 2380 Dominum
3205 2325 3354 2378 ultro
3383 2321 3615 2394 pertuli-

1966 2416 2034 2469 sti
2072 2431 2373 2470 aerumnas
2414 2422 2590 2486 atque
2625 2415 2954 2483 angustias,
2991 2414 3365 2469 vexationem
3408 2426 3614 2467 mona-

1966 2504 2122 2557 sterii
2156 2504 2701 2574 abductionemque
2742 2504 2799 2557 in
2841 2504 3134 2566 exsilium,
3168 2507 3224 2555 et
3265 2502 3310 2555 si
3338 2499 3483 2571 quid
3524 2504 3614 2554 est

1965 2592 2122 2647 aliud
2148 2593 2585 2658 calamitosum,
2611 2609 2732 2664 quo
2755 2592 3051 2647 confessio
3082 2592 3443 2662 exploratur.
3473 2591 3613 2643 Lau-

1964 2681 2053 2736 dis
2081 2682 2207 2736 htBC
2232 2688 2371 2737 sunt
2402 2688 2454 2736 et
2484 2682 2921 2753 praedicationis
2955 2681 3170 2752 plena:
3206 2680 3333 2734 haec
3368 2680 3612 2748 Sponsae

1964 2771 2170 2825 Christi
2220 2772 2546 2826 certamina
2590 2778 2645 2826 et
2697 2770 2919 2843 praelia,
2953 2778 3007 2825 et
3055 2768 3216 2840 quod
3259 2773 3345 2822 est
3396 2764 3613 2836 majori

1962 2859 2355 2914 admiratione
2385 2859 2656 2927 dignum,
2687 2875 2958 2914 sororum
2993 2857 3369 2912 subditarum
3397 2853 3613 2910 sancti-

1964 2948 2165 3001 monia
2200 2964 2211 3002 :
2247 2963 2387 3002 nam
2419 2953 2473 3001 et
2506 2953 2738 3002 suntex
2779 2946 2924 3017 ipsis
2951 2962 3084 3017 quae
3119 2949 3359 3015 prOpter
3387 2942 3614 2997 confes-

1962 3037 2190 3089 sionem
2239 3042 2429 3091 tecum
2473 3037 2650 3091 bonis
2698 3042 2889 3091 exutae
2930 3040 3087 3101 sunt,
3118 3039 3172 3088 et
3217 3032 3351 3087 forti
3408 3031 3613 3086 animo

1962 3124 2218 3189 fuerunt,
2244 3129 2301 3179 et
2325 3125 2535 3197 plagas
2558 3129 2936 3194 exceperunt,
2962 3129 3013 3179 et
3034 3123 3232 3193 ejecta:
3266 3126 3401 3175 sunt
3430 3121 3486 3173 iu
3512 3136 3612 3174 ex-

1963 3214 2180 3277 silium,
2232 3220 2285 3269 et
2327 3214 2807 3281 gloriﬁcaverunt
2856 3216 3037 3268 Deum
3090 3219 3215 3265 tum
3264 3212 3321 3265 in
3363 3222 3613 3280 corpore

1892 3319 1929 3373 C
1958 3288 2096 3367 suo,
2123 3309 2245 3357 tum
2280 3320 2415 3358 vero
2438 3313 2493 3358 et
2516 3304 2573 3358 in
2594 3303 2821 3373 spiritu.
2858 3303 2900 3357 Ο
2929 3299 3292 3356 certamina!
3330 3298 3441 3353 vah
3466 3313 3613 3369 prae-

1964 3390 2187 3446 claram
2214 3392 2648 3447 institutionem
2676 3392 2687 3446 l
2720 3391 2903 3456 Quale
2925 3389 3089 3461 quod
3110 3389 3385 3458 imperat,
3422 3386 3534 3441 tale
3558 3390 3612 3441 et

1962 3480 2127 3552 quod
2158 3481 2360 3535 subest
2395 3499 2407 3533 :
2440 3481 2635 3553 qualis
2668 3481 2972 3547 magistra,
3010 3479 3152 3533 tales
3183 3484 3238 3533 et
3269 3475 3602 3547 discipulae.

1962 3572 2036 3625 Te
2070 3586 2182 3623 vox
2213 3570 2381 3624 decet
2430 3570 2540 3624 ista
2567 3588 2579 3625 :
2616 3572 2759 3624 Ecce
2790 3586 2901 3635 ego
2929 3576 2983 3624 et
3014 3567 3225 3639 puella:
3280 3581 3426 3619 mea:
3458 3580 3611 3636 quas

1964 3657 2123 3712 dedit
2156 3659 2299 3713 mihi
2339 3659 2570 3721 Deus“,
2601 3664 2875 3722 strenuae,
2929 3658 3125 3721 fortes,
3168 3654 3379 3712 Christi
3421 3654 3611 3722 magis

1964 3762 2148 3818 quam
2183 3748 2376 3803 carnis
2412 3748 2747 3810 amatrices,
2786 3747 2992 3801 omnia
3027 3745 3329 3801 arbitratae
3375 3749 3435 3797 ut
3472 3748 3611 3797 ster-

1964 3852 2123 3901 cora,
2156 3841 2216 3890 ut
2267 3836 2560 3891 Christum
2601 3835 3074 3890 lucrit‘acerenl"5
3106 3850 3118 3888 :
3172 3850 3307 3905 quaa
3337 3831 3612 3887 membra

1963 3925 2166 3979 omnia
2199 3925 2429 3979 Christo
2477 3931 2920 3991 consecrarunt,
2960 3928 3020 3977 ut
3061 3926 3364 3977 amantem
3418 3937 3478 3974 se
3509 3921 3615 3974 de-

1964 4020 2347 4068 mererentur.
2382 4017 2525 4069 Cum
2554 4013 2997 4068 confessor-ibus
3024 4015 3432 4066 annumerataa
3453 4008 3610 4073 estis,

1961 4119 2095 4158 cum
2126 4104 2494 4173 martyribus
2524 4109 2843 4163 coronatae,
2869 4106 3160 4172 quantum
3196 4100 3273 4154 ad
3294 4098 3609 4170 praeterita.

1963 4192 2072 4246 Sed
2107 4192 2623 4262 quandoquidem,
2657 4208 2691 4245 o
2716 4197 2922 4255 mater,
2956 4205 3123 4245 nemo
3146 4193 3473 4244 coronatur
3497 4186 3613 4241 nisi

1962 4279 2218 4347 legitime
2247 4279 2625 4335 certaverit96
2659 4297 2671 4331 ε
2708 4278 3036 4347 legitimum
3069 4283 3158 4331 est
3184 4282 3383 4330 autem
3419 4288 3609 4346 usque

1958 4370 2015 4423 in
2044 4367 2221 4421 ﬁrem
2257 4368 2372 4422 tide
2404 4385 2471 4422 ac
2502 4368 2768 4422 moribus
2793 4366 3071 4421 excellere
3098 4382 3109 4418 :
3144 4364 3393 4419 obsecro
3425 4368 3482 4419 et
3509 4363 3609 4417 ad-

1958 4472 2196 4524 moneo,
2237 4462 2296 4512 ut
2325 4458 2502 4526 digne
2530 4456 2900 4511 ambulemus
2933 4456 3235 4510 vocatione
3266 4469 3384 4523 qua
3416 4449 3610 4507 vocati

1956 4562 2177 4609 sumus,
2221 4561 2350 4601 cum
2391 4546 2554 4600 omni
2584 4545 2919 4601 humilitate
2959 4549 3011 4599 et
3054 4542 3604 4606 mansuetudine";

1957 4640 2235 4690 caventes
2275 4635 2484 4688 sedulo
2513 4634 2571 4688 in
2616 4641 2923 4705 posterum
2958 4649 3028 4687 ne
3060 4632 3260 4687 irretiti
3297 4638 3608 4685 teneamur

1954 4724 2290 4779 insaniente
2323 4724 2521 4778 adhuc
2540 4724 2902 4795 haaresiquae
2932 4722 3231 4778 Christum
3254 4726 3466 4787 negat:
3497 4734 3605 4773 nec

1955 4812 2291 4884 detorqueri
2319 4828 2426 4866 nos
2458 4812 2757 4882 patiamur
2782 4811 2859 4865 ab
2882 4811 3109 4881 Optima
3130 4817 3183 4864 et
3204 4808 3458 4877 regulari
3486 4807 3605 4862 vita

1958 4902 2263 4956 monastici
2292 4901 2574 4956 instituti:
2600 4900 2701 4955 sed
2725 4901 2928 4954 omnia
2945 4898 3240 4954 faciamus
3268 4899 3325 4951 in
3350 4895 3602 4966 gloriam

1956 4991 2235 5056 Dei,omni
2251 5006 2319 5044 ex
2337 4996 2495 5061 parte
2512 4990 2909 5045 mandatorum
2926 4988 3233 5059 splendore
3250 4986 3601 5056 fulgeamus:

1952 5079 2114 5149 quod
2144 5085 2198 5133 et
2236 5079 2509 5134 existimo
2541 5094 2649 5133 vos
2690 5084 2991 5148 praestare,
3022 5077 3079 5131 in
3114 5076 3357 5131 laudem
3399 5074 3601 5144 gloriae

1954 5168 2179 5233 Christi,
2203 5169 2260 5223 in
2293 5168 2706 5237 gloriationem
2726 5172 2978 5222 vestram
3007 5167 3460 5236 sempiternam,
3492 5162 3602 5218 uti-

1950 5273 2091 5313 nam
2123 5257 2212 5312 fas
2243 5258 2317 5311 sit
2343 5257 2584 5323 addere,
2613 5260 2667 5311 et
2698 5260 2963 5311 nostram
2994 5254 3096 5325 qui
3125 5259 3468 5325 peccatores
3498 5268 3598 5305 su-

1950 5362 2104 5401 mus.
2137 5348 2286 5401 Nam
2317 5346 2363 5400 si
2393 5361 2463 5400 ex
2495 5360 2612 5401 uno
2642 5346 2807 5400 Patre
2840 5358 3073 5408 sumus,
3101 5358 3311 5398 omnes
3339 5340 3597 5396 invicem

1998 5604 2042 5638 ’7
2078 5602 2290 5675 Ephes.
2326 5616 2400 5669 1v,
2443 5606 2494 5656 t.
