4062 6280
473 303 613 369 1343

1735 315 1797 373 S.
1843 308 2210 371 THEODORI
2250 307 2568 370 STUDITE

3692 309 3852 368 1344

473 435 685 494 fratres
715 440 1126 511 appellamur:
1156 449 1214 500 et
1245 444 1517 500 omnium
1541 441 1857 499 virtutibus
1887 437 2126 512 gloriari

2237 437 2389 508 μεθα,
2441 438 2810 510 Προσεύχεσθε
2862 441 2979 510 περὶ
3035 439 3217 510 ἡμῶν*
3267 439 3294 491 ό
3350 437 3637 510 ἀσπασμὸς
3683 439 3846 511 ἡμῶν

475 524 745 596 singulos
773 528 936 586 haud
960 539 1179 588 temere
1209 549 1386 604 posse
1402 532 1782 588 arbitramur.
1813 531 1985 586 Orate
2017 541 2124 598 pro

475 615 667 670 nobis.
703 617 988 675 Salutatio
1018 627 1222 677 nostra
1268 622 1328 676 in
1358 622 1596 692 Spiritu.
1631 620 1922 676 Dominus
1952 617 2123 671 Jesus

476 703 738 760 Christus
780 723 918 763 cum
947 710 1156 780 spiritu
1197 717 1407 765 vestro.
1441 716 1652 766 Amen.
1690 707 1898 764 Audivi
1935 703 2124 760 absti-

472 795 734 849 nentiam
762 800 816 850 te
836 799 1177 868 protrahere
1205 800 1559 869 longiorem,
1584 805 1638 854 et
1666 799 1908 868 gavisus
1939 809 2073 848 sum
2101 807 2114 846 :

472 881 576 936 sed
598 887 797 939 tamen
828 889 1116 958 quoniam
1138 889 1353 945 modus
1377 889 1433 944 in
1463 889 1641 943 rebus
1665 885 1945 942 omnibus
1972 881 2121 953 opti-

472 987 606 1026 mus
636 979 741 1045 est,
772 990 1130 1035 commoneo
1153 984 1215 1035 ut
1240 979 1332 1035 vel
1353 980 1410 1033 in
1438 995 1510 1035 ea
1535 994 1595 1033 re
1618 975 1869 1032 modum
1896 978 2116 1035 teneas,

469 1065 533 1116 ut
561 1067 616 1116 et
645 1079 863 1135 corpus
894 1066 954 1121 in
987 1069 1329 1124 servitutem
1355 1067 1681 1138 redigatur,
1712 1079 1821 1120 nec
1847 1063 1922 1118 sit
1948 1074 2116 1116 man-

471 1149 626 1204 datis
653 1156 1048 1225 exsequendis
1079 1157 1299 1228 impar.

509 1240 658 1294 XCII.
687 1271 752 1282 --
777 1244 1087 1315 Episcopis
1112 1251 1359 1374 zg'lrzpter
1382 1246 1688 1303 Christum
1727 1240 2025 1300 exsulibus
2053 1238 2116 1293 in

1222 1334 1445 1374 ersone.

1222 1334 1445 1374 ersone.

469 1398 675 1448 Gratias
720 1403 828 1465 agit
877 1406 1023 1468 quod
1070 1409 1321 1457 nuntium
1353 1407 1417 1457 de
1466 1407 1576 1456 suis
1610 1404 1769 1454 rebus
1799 1402 1864 1452 ad
1911 1401 2111 1468 ipsum_
2151 1397 2436 1468 miserint:
2490 1401 2676 1468 laudat

2233 524 2282 576 ἐν
2322 528 2602 599 Πνεύματι.
2649 527 2708 580 Ὀ
2759 530 2953 602 Κύριος
3003 528 3214 590 Ἰησοῦς
3286 532 3512 602 Χριστὸς
3567 531 3696 600 μετὰ
3739 534 3845 580 τοῦ

2232 618 2526 687 Πνεύματος
2597 618 2758 690 ὑμῶν.
2827 617 3014 690 Ἀμήν.
3082 617 3311 677 ’Δκήκοα
3371 622 3452 671 ὅτι
3521 617 3841 692 ἐγκράτειαν

2230 704 2390 766 ἕλκεις
2417 705 2630 775 πολλὴν,
2688 713 2778 760 καὶ
2832 709 3002 766 ἣσθην
3037 723 3049 737 ·
3103 707 3235 766 πλὴν
3267 703 3446 766 ἐπειδὴ
3505 711 3564 760 τὸ
3616 711 3837 781 μέτριον

2229 796 2278 846 ἓν
2307 800 2468 847 πᾶσιν
2525 797 2762 870 ἄριστον,
2821 797 3227 868 ὑπομιμνησκω,
3286 801 3574 871 μετρίωσον
3631 797 3837 854 ἑαυτὴν

2229 881 2322 934 κάν
2371 886 2555 956 τούτῳ,
2617 886 2700 936 ἵνα
2748 889 2838 937 καὶ
2878 881 3285 958 δουλαγωγῆται
3313 887 3369 938 τὸ
3399 893 3575 958 σῶμα,
3620 889 3709 938 καὶ
3746 887 3830 956 μὴ

2231 970 2383 1046 ἆτονῇ
2416 975 2695 1046 ὑπουργεῖν
2713 981 2824 1036 ταῖς
2844 972 3084 1036 ἐντολαῖς.

2229 1221 2343 1298 ⁸’)Β’.
2386 1269 2450 1283 -—
2491 1239 2910 1317 ’ξπισκὸποις
2963 1249 3100 1304 τοῖς
3148 1238 3262 1295 διὰ
3305 1243 3588 1317 ζριστᾉὸν
3625 1261 3832 1315 φυγαδ-

2513 1308 2842 1367 δευθεῖσιν
2880 1313 2937 1366 ἐν
2990 1323 3299 1388 Χερσῶνι.
3332 1308 3531 1387 [φπς-.’]

2725 1402 2868 1468 quod
2899 1403 3110 1468 exsules
3143 1404 3401 1468 praeclara
3445 1402 3644 1467 ubique
3695 1401 3829 1451 ﬁdei

1334 1470 1543 1534 pietatis
1577 1467 1819 1530 exempla
1851 1460 2195 1528 praebuerint.
2230 1460 2440 1522 (Baron.
2473 1476 2559 1512 an.
2592 1466 2699 1520 821,
2731 1460 2786 1514 ii.
2818 1466 2919 1528 34.)

540 1542 704 1600 νει-ιθ
737 1546 1040 1604 charitatis
1069 1566 1222 1621 opus
1251 1557 1358 1615 est,
1386 1550 1648 1621 ﬁdeique
1674 1563 1793 1602 non
1825 1547 1977 1600 ﬁctae
2009 1542 2116 1596 de-

468 1635 846 1700 monstratio,
861 1639 1023 1710 quod
1043 1645 1204 1694 tanto
1218 1656 1287 1694 ex
1309 1641 1578 1695 locorum
1603 1635 1916 1692 intervallo
1937 1647 2123 1687 unum

468 1720 544 1776 de
584 1726 967 1782 coexsulibus
1006 1728 1286 1784 fratribus
1325 1729 1486 1784 misit
1526 1734 1777 1799 paterna
1827 1722 2118 1778 sanctitas

470 1817 688 1878 vestra,
703 1816 1039 1888 Agapetum
1056 1818 1420 1873 monachum
1433 1801 2125 1874 revereudissimum,vel

470 1902 670 1971 potius
705 1903 1149 1972 beatissimum,
1177 1909 1349 1976 juxta
1381 1905 1443 1963 id
1475 1905 1636 1977 quod
1667 1920 1703 1959 a
1747 1901 1992 1957 Domino
2032 1899 2120 1952 di-
2158 1887 2198 1942 Β

469 1995 626 2046 ctum
653 1999 737 2046 est
754 1993 828 2048 de
851 1995 917 2049 iis
935 1997 1038 2066 qui
1058 1998 1524 2064 persecutionem
1537 1994 1860 2066 patiuntur
1870 1994 2122 2061 propter

458 2080 863 2148 justitiam”:
913 2084 990 2139 ad
1019 2084 1375 2140 visitandum
1427 2084 1690 2155 primum
1733 2080 1978 2154 quidem
2029 2077 2116 2132 di-

464 2169 672 2224 vinum
692 2187 762 2226 ac
776 2189 1125 2243 supremum
1151 2179 1358 2244 caput;
1382 2173 1601 2229 deinde
1617 2185 1982 2242 nosquoque
2006 2167 2112 2222 mi-

465 2258 663 2312 nimos
689 2259 747 2315 in
779 2260 1056 2317 fratribus
1086 2266 1141 2317 et
1170 2261 1304 2317 ﬁliis
1337 2260 1768 2334 spiritualibus.
1805 2259 1847 2315 0
1877 2256 2120 2328 praecla-

464 2361 597 2402 rum
632 2351 946 2405 consilium
984 2351 996 2404 ί
1025 2368 1061 2408 o
1093 2351 1386 2407 sinceram
1417 2351 1796 2406 dilectionem
1833 2346 1847 2402 ί
1879 2351 1936 2402 et
1970 2360 2118 2416 quo-

463 2450 747 2493 rumnam
779 2439 1054 2505 aliorum,
1083 2457 1268 2512 quam
1300 2456 1509 2496 eorum
1541 2438 1644 2512 qui
1671 2441 1914 2508 propter
1953 2433 2120 2490 Chri-

467 2529 623 2578 stum
639 2526 922 2595 elegerint
939 2544 974 2583 a
990 2528 1332 2584 domesticis
1349 2528 1634 2598 separari,
1649 2531 1704 2582 et
1724 2524 2120 2594 longinquam

465 2610 525 2665 in
566 2630 733 2668 oram
767 2617 1042 2671 secedere
1085 2622 1251 2672 tanto
1284 2617 1464 2672 maris
1491 2615 1683 2688 spatio
1721 2613 2108 2684 disjunctam,

465 2715 656 2772 eaque
685 2703 802 2758 illic
846 2706 966 2774 pati
1024 2721 1160 2777 qua:
1191 2705 1300 2760 fert
1351 2705 1484 2760 talis
1542 2703 1734 2760 exsilii
1783 2699 2044 2757 conditio
2093 2701 2122 2757 ?

469 2791 876 2848 Clarissimum
900 2795 1012 2850 hoc
1029 2802 1236 2850 vestrae
1251 2794 1556 2850 charitatis
1574 2795 1996 2861 argumentum
2011 2793 2116 2844 est.

469 2881 822 2936 Benedictus
869 2898 1012 2950 ergo
1061 2884 1350 2939 Dominus
1417 2883 1520 2956 qui
1570 2899 1674 2937 vos
1735 2895 1877 2948 erga
1936 2877 2117 2933 tenui.

465 2973 646 3025 tatem
691 2979 954 3028 nostram
1004 2973 1087 3028 sic
1119 2973 1414 3036 excitavit,
1444 2977 1499 3026 et
1551 2971 1706 3026 vires
1747 2986 1815 3025 ac
1864 2967 2118 3037 gratiam

465 3057 739 3128 delegato
771 3060 952 3127 dedit,
1005 3066 1068 3116 ut
1092 3067 1233 3117 nota
1265 3061 1439 3116 nobis
1488 3059 1707 3116 faceret
1735 3057 1942 3114 omnia
1980 3071 2117 3126 quae

465 3149 798 3220 peregistis,
858 3166 1115 3223 quaeque
1170 3151 1369 3206 adhuc
1423 3149 1743 3212 sustinetis,
1797 3143 2118 3203 felicissimi

2308 1541 2584 1607 Ἀληθινῆς
2651 1544 2856 1616 ἀγάπης
2898 1549 3045 1620 ἔργον
3117 1551 3208 1598 καὶ
3258 1551 3478 1607 πίστεως
3534 1544 3829 1617 ἀνυποκρί-

2235 1648 2326 1682 του
2376 1629 2641 1697 ἀπόδειξις
2684 1639 2741 1688 τὸ
2781 1639 2836 1688 ἑκ
2891 1638 3142 1689 τοσούτου
3185 1632 3551 1708 διαστήματος
3601 1639 3829 1686 τοπικοῦ

2236 1717 2539 1775 ἀποστεῖλαι
2593 1729 2688 1784 τὴν
2739 1730 2999 1798 πατρικὴν
3065 1727 3205 1797 ὑμῶν
3263 1725 3560 1798 ἁγιωσύνην
3602 1726 3691 1777 ἕνα
3727 1731 3836 1774 τῶν

2238 1805 2700 1885 συνδεδιωγμένων
2750 1811 3003 1887 ἀδελφῶν,
3036 1814 3332 1886 Ἀγαπητὸν
3396 1817 3483 1866 τὸν
3541 1809 3837 1885 αἰδεσιμὼ-

2232 1917 2386 1950 τατον
2436 1907 2704 1974 μοναστήν
2733 1921 2746 1934 ⁸
2798 1903 2988 1977 μᾶλλον
3034 1901 3092 1957 δὲ
3139 1909 3532 1978 μακαριώτατον
3583 1904 3717 1954 κατά
3772 1903 3837 1953 τὸ

2231 1987 2331 2041 ὑπὸ
2357 1995 2550 2065 Κυρίου
2575 1990 2823 2065 ᾀδόμενον
2849 1993 2907 2045 ἐν
2952 2001 3089 2054 τοῖς
3119 1989 3588 2065 δεδιωγμένοις
3621 1994 3835 2045 ἕνεκεν

2231 2075 2266 2132 δ
2283 2099 2459 2133 ικαιο
2476 2086 2585 2134 σύν
2603 2103 2630 2141 η
2650 2103 2671 2144 ς
2704 2099 2716 2112 ⁸
2769 2082 3059 2142 ἐπισκοπὴν
3097 2088 3468 2154 ποιησόμενον,
3496 2084 3838 2154 προηγουμέ-

2228 2189 2321 2230 νως
2377 2172 2466 2243 μὲν
2528 2179 2590 2244 τῇ
2651 2174 2762 2245 θείᾳ
2830 2177 2918 2226 καὶ
2995 2174 3380 2246 κορυφαιοτάτη
3434 2174 3588 2247 κάρᾳ,
3649 2174 3836 2224 ἔπειτα

2229 2260 2354 2332 ἡμῖν
2385 2267 2494 2322 τοῖς
2523 2261 2827 2332 ἐλαχίστοις
2879 2261 2926 2314 ἐν
2980 2259 3221 2335 ἀδελφοῖς
3266 2267 3355 2314 καὶ
3407 2265 3546 2314 υίέσι
3596 2279 3834 2331 πνευμα-

2228 2357 2408 2410 τικοῖς.
2460 2357 2528 2403 Ὤ.
2576 2359 2667 2412 τῆς
2709 2351 2874 2414 καλῆς
2929 2351 3233 2414 εὐϐουλίαςῐ
3293 2354 3332 2404 ὢ
3386 2359 3483 2414 τῆς
3522 2350 3832 2423 εἰλικρινοῦς

2229 2438 2480 2510 ἀγάπηςί
2541 2446 2627 2493 καὶ
2663 2446 2813 2493 τίνων
2863 2440 3043 2502 ἄλλων,
3105 2445 3135 2500 ἧ
3181 2450 3279 2494 τῶν
3315 2438 3408 2495 διὰ
3453 2443 3681 2513 Χριστὸν
3711 2438 3830 2491 ἑλο-

2228 2532 2388 2601 μένων
2443 2535 2532 2582 καὶ
2577 2538 2676 2582 τῶν
2736 2531 2936 2584 οἰκείων
2983 2534 3251 2599 ἐκστῆναι,
3299 2536 3387 2585 καὶ
3437 2531 3508 2593 εἰς
3554 2534 3647 2589 τὴν
3675 2528 3833 2582 ἀλλο-

2230 2615 2404 2677 δαπὴν
2480 2621 2876 2692 ἐκπεφευγέναιο
2987 2624 3220 2693 τοσούτῳ
3293 2625 3448 2694 μήκει
3555 2619 3828 2680 θαλάσσης

2230 2703 2590 2780 διειργομένην
2619 2725 2631 2738 ’
2687 2715 2776 2762 καὶ
2831 2709 3110 2769 τληπαθεῐν
3159 2713 3266 2764 ἐκεῖ
3309 2712 3411 2764 ὅσα
3439 2709 3570 2770 εἰκὸς
3601 2711 3828 2780 ἐπισυμ-

2229 2795 2440 2862 ϐαίνειν,
2525 2806 2675 2850 τοῦτο
2755 2799 3122 2873 ἐναργέστατον
3203 2797 3399 2873 δεῖγμα
3472 2801 3818 2857 καθέστηκεν.

2229 2886 2519 2958 Εὐλογητὸς
2597 2884 2685 2940 οὖν
2742 2891 2934 2964 Κύριος
2983 2892 3008 2943 ὁ
3055 2894 3200 2956 Θεὸς,
3260 2892 3314 2952 ὅς
3366 2889 3633 2951 κατένυξεν
3691 2889 3826 2960 ὑμᾶς

2228 2975 2313 3029 ἐπὶ
2384 2984 2631 3030 τοσοῦτον
2686 2981 2816 3052 πρὸς
2895 2984 2990 3038 τὴν
3062 2979 3315 3032 εὐτέλειαν
3376 2980 3522 3051 ἡμῶν
3557 2995 3570 3006 ·
3624 2982 3715 3029 καὶ.
3769 2978 3824 3040 ὃς

2228 3063 2416 3119 ἔδωκεν
2466 3066 2627 3138 ἰσχὺν
2683 3071 2769 3118 καὶ
2816 3069 2978 3141 χάριν
3037 3076 3109 3138 τῷ
3185 3067 3484 3138 Ἀπὸστόλῳ
3557 3069 3822 3138 γνωρίσαι

2227 3156 2351 3227 ἡμῖν
2390 3157 2582 3219 πάντα,
2633 3155 2762 3228 ἂπερ
2842 3161 2931 3209 καὶ
3003 3157 3231 3216 ἠνύσατε
3279 3174 3292 3188 ·
3357 3161 3445 3210 καὶ
3509 3158 3584 3207 ἔτι
3637 3159 3820 3226 φόρετε

467 3239 686 3301 Patres,
742 3255 850 3310 pro
901 3239 1146 3294 nomine
1193 3239 1422 3295 Domini
1474 3238 1659 3294 nostri
1699 3240 1837 3292 Jesu
1882 3233 2114 3291 Christi.

2228 3243 2801 3316 τρισόλϐιοιΠατέρες·
2862 3246 2988 3318 ὑπὲρ
3043 3252 3135 3298 τοῦ
3191 3245 3436 3317 ὀνόματος
3483 3250 3574 3296 τοῦ
3631 3249 3823 3317 Κυρίου

469 3328 608 3390 Quae
628 3327 878 3399 quidem
906 3328 1218 3383 audientes
1237 3328 1431 3396 gavisi
1456 3343 1687 3390 sumus,
1708 3324 2115 3386 laudavimus,

467 3415 685 3482 gratias
715 3417 967 3486 egimus,
996 3422 1051 3472 et
1079 3417 1367 3481 diximus,
1405 3432 1538 3472 vere
1573 3417 1627 3470 in
1657 3414 1822 3470 vobis
1854 3410 2114 3483 compla-

465 3503 642 3558 citum
677 3520 806 3560 esse
832 3508 966 3570 Deo,
989 3521 1171 3576 quem
1205 3505 1396 3560 colitis
1421 3504 1797 3560 confessione
1828 3501 2112 3558 veritatis.

542 3681 660 3748 Ego
686 3695 828 3735 vero
858 3681 940 3736 sic
980 3681 1270 3746 existimo,
1304 3696 1415 3736 eon
1443 3687 1652 3736 vestra;
1679 3685 1908 3735 tantum
1950 3679 2113 3734 inco-

467 3767 752 3822 lumitatis
793 3771 1006 3838 gratia,
1042 3771 1145 3824 sed
1191 3771 1368 3825 etiam
1402 3770 1610 3825 salutis
1638 3769 1994 3833 incolarum,
2040 3767 2117 3822 ab

468 3858 740 3912 omnium
809 3861 1246 3916 conservatrice
1301 3859 1671 3931 providentia
1730 3857 2116 3913 constitutum

467 3945 649 4002 fuisse
672 3953 930 4003 vestrum
947 3948 1005 4002 in
1020 3964 1121 4004 eas
1134 3965 1272 4003 oras
1287 3948 1673 4003 exsilium.Eo
1686 3947 1968 4018 siquidem
1987 3960 2118 4016 pro-

467 4033 622 4103 fecti,
677 4053 810 4092 mox
851 4036 1168 4092 luminaria
1204 4038 1262 4091 in
1321 4036 1576 4092 tenebris
1622 4036 1872 4106 vitaeque
1922 4049 2117 4089 errore

465 4125 842 4180 versantibus
863 4142 970 4181 vos
985 4126 1346 4197 praebuistis,
1361 4126 1542 4181 duces
1555 4141 1874 4189 caecorum,
1898 4123 2117 4178 virtutis

465 4215 802 4283 magistros,
869 4231 1175 4285 praecones
1232 4216 1489 4286 pietatis,
1539 4214 1780 4268 nuntios
1843 4212 2118 4268 omnium

466 4319 602 4374 quae
641 4303 737 4359 hic
767 4309 975 4358 contra
1019 4305 1310 4359 Christum
1346 4319 1450 4374 per
1490 4301 1854 4358 horrendam
1886 4300 2113 4356 temeri-

467 4396 646 4447 tatem
687 4397 853 4461 gesta
881 4399 1034 4448 sunt.
1071 4395 1152 4448 Ita
1179 4398 1235 4448 et
1265 4393 1344 4448 ibi
1374 4400 1427 4446 et
1461 4392 1680 4464 ubique
1717 4396 2005 4445 terrarum
2049 4404 2118 4444 ac

467 4481 672 4541 maris,
703 4481 883 4536 veluti
913 4481 1072 4538 faces
1119 4481 1391 4537 accendit
1416 4482 1704 4535 Dominus
1743 4478 2118 4534 confessores

472 4569 550 4624 ad
586 4571 984 4624 ostensionem
1029 4571 1309 4638 veritatis,
1357 4570 1730 4624 eversionem
1773 4567 2114 4638 impietatis,

2228 4587 2456 4657 καθάπερ
2507 4582 2591 4636 ἐπὶ
2648 4591 2748 4635 τῶν
2802 4584 2993 4636 ἄνωθεν
3057 4588 3262 4655 χρόνων
3305 4599 3318 4614 ’

464 4659 980 4730 quemadmodum
999 4659 1230 4714 saeculis
1248 4658 1676 4730 superioribus.
1694 4659 1756 4712 Et
1773 4656 2117 4726 magniﬁca-

465 4752 590 4802 tum
643 4752 731 4801 est
778 4763 997 4803 nomen
1048 4748 1194 4817 ejus,
1254 4753 1312 4803 et
1368 4747 1662 4818 probatus
1721 4750 1806 4801 est
1859 4745 2116 4816 populus

465 4835 671 4892 Christi
703 4836 946 4901 electus,
979 4841 1033 4891 et
1060 4837 1270 4892 Christi
1302 4852 1444 4892 osor
1482 4842 1672 4891 coetus
1705 4835 2063 4904 reprobatus
2100 4851 2113 4888 :

465 4924 725 4995 denique
754 4939 1013 4994 magnus
1043 4926 1246 4992 draco,
1283 4941 1452 4980 mens
1477 4924 1744 4995 Assyria,
1780 4922 1961 4977 ﬁnem
1988 4923 2117 4977 vitae

467 5014 708 5068 sortitus
739 5013 1098 5083 estdignum
1121 5015 1449 5069 temeritate
1477 5029 1609 5081 sua,
1637 5028 1825 5084 quam
1851 5013 1907 5066 in
1928 5013 2115 5066 Deum

465 5101 742 5157 exercuit.
777 5102 1092 5166 Quomodo
1115 5107 1315 5158 autem
1342 5117 1502 5156 nunc
1520 5117 1581 5156 se
1616 5117 1706 5154 res
1724 5100 1819 5154 hic
1834 5100 2111 5159 habeant,

465 5205 981 5262 supervacaneum
1015 5190 1165 5246 foret
1193 5190 1410 5255 dicere,
1433 5205 1571 5244 cum
1603 5188 1876 5253 idoneus,
1907 5187 2116 5244 Christi

467 5279 677 5349 gratia,
713 5279 782 5334 sit
808 5279 1153 5335 tabellarius
1187 5279 1470 5334 utomnia
1495 5277 1709 5332 doceat
1738 5280 1946 5331 exacte
1977 5293 1988 5329 :
2023 5276 2114 5330 cui

465 5384 576 5423 nos
590 5383 719 5422 cum
732 5366 1470 5439 epistoladistributionem
1484 5365 1794 5437 quamdam
1809 5364 2116 5420 commisi-

468 5472 629 5522 mus,
643 5472 826 5528 quam
841 5454 1505 5527 susciperedignemini,
1524 5453 1891 5510 venerandas
1904 5468 2112 5524 preces

469 5545 549 5604 ad
577 5545 846 5600 animum
887 5543 1405 5602 corroborandum
1432 5542 1607 5602 nobis
1634 5541 1967 5616 largiendo.

541 5626 590 5664 ⁸⁸
617 5624 817 5686 Matth.
852 5639 911 5693 v,
944 5624 1034 5682 to.

2227 3335 2371 3406 ἡμῶν
2427 3334 2603 3390 Ἰησοῦ
2658 3341 2915 3407 Χριστοῦ.
2972 3335 3080 3407 Ἐφ’
3138 3336 3212 3396 οἷς
3275 3334 3586 3393 ἀκούσαντες
3624 3335 3823 3405 ἐχάρη·

2225 3441 2337 3494 μεν,
2400 3423 2674 3495 ᾐνέσοιμεν,
2721 3420 3272 3497 ἀνθωμολογησάμέθα
3309 3438 3323 3451 ⁸
3382 3426 3610 3494 εἴπομεν,
3665 3423 3748 3474 ὃτι
3796 3422 3823 3473 ὁ

2227 3516 2355 3575 Θεὸς
2425 3515 2583 3572 ὅντως
2663 3513 2712 3564 ἐν
2788 3513 2910 3583 ὑμῖν
2986 3511 3167 3565 ἐστιν⁸
3219 3511 3651 3587 εῦαριστούμενος
3733 3514 3826 3563 καὶ

2229 3603 2622 3673 θεραπευόμενος
2651 3609 2711 3674 τῇ
2739 3602 2863 3676 ὑπὲρ
2897 3599 3138 3664 ἀληθείας
3161 3601 3431 3674 ὁμολογίᾳ.

2298 3691 2442 3762 Ἐμοὶ
2496 3685 2555 3742 δὲ
2610 3687 2775 3755 δοκεῖ,
2833 3690 2939 3763 οὐχ
2984 3694 3153 3743 εἵνεκα
3180 3692 3324 3755 ὑμῶν
3357 3696 3597 3761 σώματος
3622 3693 3776 3761 μόνον
3804 3705 3819 3718 ’

2226 3779 2354 3832 οἶλλά
2380 3782 2481 3852 γὰρ
2525 3784 2615 3831 καὶ
2672 3778 2720 3831 ἐν
2755 3787 2866 3842 τοῖς
2895 3780 3078 3833 αὐτόθι
3120 3785 3386 3854 σωτηρίας
3412 3784 3507 3839 τὴν
3537 3776 3824 3852 φυγαδείαν

2227 3869 2650 3942 οἰκονομηθῆναι,
2706 3871 2850 3942 παρὰ
2899 3877 2989 3931 τῆς
3041 3873 3108 3921 τὰ
3158 3871 3332 3922 πάντα
3384 3872 3656 3932 σωζούσης
3699 3885 3826 3940 προ·

2475 3954 2786 4032 Ἐπειδήπιρ
2889 3957 3185 4020 ἐπιστάντες
3259 3961 3465 4031 ὤφθητε
3562 3964 3825 4030 φωστῆρες

2225 4055 2324 4098 τῶν
2379 4045 2427 4098 ἐν
2482 4052 2653 4099 σκότει
2698 4052 2788 4100 καὶ
2859 4048 3022 4120 πλάνη
3092 4047 3233 4122 βίου,
3303 4045 3498 4120 ὁδηγοὶ
3557 4046 3756 4118 τυφλῶν
3801 4061 3816 4076 ⁸

2225 4133 2508 4189 παιδευταί
2565 4135 2771 4207 ἀρετῆς,
2826 4141 3046 4210 κήρυκες
3125 4136 3433 4198 εὐσεϐείαςο
3504 4133 3824 4190 διδάσκαλοι

2226 4235 2325 4279 τῶν
2380 4228 2601 4279 ἐνταῦθα
2667 4228 3006 4298 πραχθέντων
3076 4229 3212 4279 κατά
3287 4234 3522 4297 Χριστοῦ
3602 4223 3822 4297 φοϐερῶν

2225 4316 2590 4388 τολμημάτων.
2620 4317 2772 4370 Οὕτω
2801 4321 2888 4368 καὶ
2947 4317 2997 4368 ἐν
3047 4324 3158 4377 τοῖς
3183 4315 3365 4368 αὐτόθι
3409 4321 3501 4368 καὶ
3548 4320 3821 4384 πανταχοῦ

2225 4414 2325 4478 γῆς
2355 4425 2408 4457 τε
2450 4411 2539 4458 καὶ
2585 4406 2851 4466 θαλάσσης
2905 4404 3107 4476 ηὓγασε
3176 4408 3368 4480 Κύριος
3410 4409 3533 4466 τοὺς
3571 4403 3820 4476 ὁμολογη·

2226 4497 2339 4561 τὰς,
2394 4495 2464 4557 εἰς
2517 4491 2734 4558 ἔνδειξιν
2786 4493 3052 4560 ἀληθείας,
3110 4494 3182 4555 εἰς
3208 4495 3510 4566 ἀποτροπὴν
3540 4491 3817 4554 ἀσεϐείας·

3363 4586 3451 4634 καὶ
3503 4581 3818 4654 ἐμεγαλῦνθη

2226 4677 2283 4726 τὸ
2337 4677 2498 4745 ὄνομα
2559 4672 2738 4736 αὐτοῦ,
2804 4676 2891 4724 καὶ
2947 4667 3276 4744 ἐδοκιμάσθη
3333 4672 3359 4724 ό
3422 4670 3657 4733 ἐκλεκτὸς
3705 4669 3820 4730 λαὸς

2226 4769 2482 4833 Χριστοῦ,
2525 4767 2616 4813 καὶ
2657 4756 3065 4832 ἀπεδοκιμάσθη
3103 4763 3128 4813 ό
3177 4765 3538 4833 μισόχριστος
3593 4762 3810 4820 θίασοςι

2225 4855 2314 4903 καί
2345 4849 2484 4912 τέλος
2530 4848 2702 4902 ἔλαϐεν
2751 4849 2866 4921 ὃρον
2919 4850 3080 4916 ζωῆς,
3134 4849 3342 4913 ἐπάξιον
3405 4857 3498 4912 τῆς
3558 4849 3742 4920 τόλμης
3788 4846 3812 4897 ὸ

2226 4943 2389 5012 μέγας
2427 4936 2654 5012 δράκων,
2706 4940 2731 4990 ὁ
2784 4938 3067 5013 Ἀσσύριος
3124 4947 3262 5004 νοῦς,
3326 4940 3390 4999 ἧς
3446 4934 3642 5010 ἔδρασε
3690 4938 3818 4988 κατὰ

2227 5035 2354 5082 Θεοῦ
2383 5045 2395 5059 ⁸
2447 5032 2504 5081 τὸ
2549 5025 2607 5080 δὲ
2637 5029 2779 5089 ὅπως
2820 5035 2908 5079 νῦν
2941 5030 3054 5099 ἔχει
3109 5032 3175 5080 τὰ
3205 5026 3447 5093 ἐνταῦθα,
3479 5025 3733 5098 παρελκον
3761 5026 3818 5077 ἄν

2225 3963 2390 4018 νοίας.
2475 3957 2786 4031 Ἐπειδήπιρ
2889 3957 3185 4020 ἐπιστάντες
3259 3961 3465 4031 ὤφθητε

2229 5121 2304 5176 εἴη
2337 5117 2495 5188 λέγειν
2526 5135 2536 5146 ·
2591 5114 2684 5169 δια
2723 5120 2780 5169 τὸ
2831 5120 2916 5168 τὸν
2962 5121 3410 5191 γραμματηφόρον
3469 5118 3640 5168 ἱκανὸν
3694 5111 3822 5166 εἶναι

2227 5209 2412 5281 χάρινι
2463 5213 2711 5273 Χριστοῦ,
2762 5206 2961 5258 ἕκαστα
3003 5202 3286 5270 ἐκδιδάξαι
3344 5205 3570 5277 ἐμμελῶς
3604 5221 3616 5234 ⁵
3733 5208 3819 5256 καὶ

2226 5297 2550 5368 παρεθέμεθα
2591 5297 2719 5367 μετά
2770 5301 2870 5356 τῆς
2921 5293 3204 5356 ἐπιστολῆς
3247 5299 3336 5347 καὶ
3387 5313 3504 5346 τινα
3534 5289 3811 5365 διανομὴν,

2226 5385 2287 5442 ἦν
2338 5389 2423 5436 καὶ
2473 5383 2827 5447 καταξιώσατε
2879 5380 3239 5448 εἰσδέξασθαι,
3292 5383 3637 5455 χαριζόμενοι
3697 5384 3820 5453 ἡμῖν

2228 5472 2320 5532 τάς
2339 5477 2510 5545 τιμίας
2539 5475 2845 5548 προσευχὰς
2875 5473 2941 5534 εἰς
2973 5476 3264 5547 στηριγμὸν
3291 5471 3498 5547 ψυχῆς.
