4062 6280
255 288 392 358 1345

345 412 457 487 Ἢν.
485 457 552 470 -
580 432 662 501 Τῇ
703 428 1025 503 ἡγουμένῃ
1065 437 1183 482 τῶν
1223 426 1523 506 Γόρδινα.
1555 418 1744 505 [φΒαἏ]

1536 302 2040 364 EPISTOLARUM
2082 307 2226 368 LIB.
2268 306 2345 369 ΙΙ.

3462 302 3601 362 1346

2051 434 2233 491 XCIII.
2252 464 2321 473 -—
2345 430 2683 502 Prwposita:
2706 429 3091 487 Gordinenst's
3124 432 3483 488 monasterii.

778 545 1085 596 Monasterii
1114 546 1260 595 illius
1292 547 1547 597 alumnas
1582 548 1766 599 laudat
1789 549 1857 599 ob
1887 553 2141 601 constans
2162 550 2286 599 ﬁdei
2312 563 2373 599 ac
2399 548 2613 612 pietatis
2642 560 2781 595 verte
2806 545 3071 602 studium.

320 641 614 714 Ἀπῇτησεν
664 644 803 715 ἡμᾶς
852 645 878 695 ό
931 642 1199 715 ἀγαπητός
1256 646 1401 717 ἡμῶν
1459 642 1683 718 ἀδελφὸς
1736 645 1848 699 Ἀν-

2027 650 2189 702 Hanc
2218 646 2536 716 epistolam
2564 659 2601 698 a
2623 643 2797 697 nobis
2850 644 3093 714 expetiit
3140 644 3387 699 dilectus
3422 644 3603 699 frater

248 736 431 793 τώνιος
480 735 562 811 ,τὸ
618 736 784 806 παρόν
858 741 1235 807 γραμματεῖον,
1313 734 1472 806 λέγων
1535 738 1615 787 ὃτι
1696 744 1847 788 τοῦτο

246 822 564 893 ὑπεσχόμην
593 820 756 874 πάλαι
793 829 1040 880 ποιῆσαι.
1099 828 1198 876 Καὶ
1244 820 1319 876 δι’
1364 823 1491 875 αὐτό
1537 821 1623 876 οὖν
1670 832 1844 890 τοῦτο,

246 914 339 962 καὶ
391 906 485 962 διὰ
540 912 631 970 τάς
680 909 967 972 ἀποστολὰς
1014 913 1176 983 ὑμῶν,
1239 910 1357 965 ἰδού
1413 915 1848 988 προσφθέγγομαι

246 1003 339 1051 καὶ
380 1001 754 1074 προσαγορεύω
802 1001 953 1071 ὑμᾶς,
995 1003 1060 1061 ὡς
1110 1006 1360 1075 μητέρας,
1415 1005 1479 1063 ὡς
1532 1000 1759 1075 ἀδελφὰς
1798 1007 1847 1054 ὲν

250 1092 430 1161 Κυρίῳ
462 1107 476 1120 ο
527 1092 847 1160 μεμνημένος
902 1099 993 1149 τῆς
1051 1091 1287 1152 ύπαντῆς
1367 1092 1529 1163 ὑμῶν,
1608 1098 1697 1144 καὶ
1755 1100 1846 1143 τοῦ

246 1181 411 1229 κόπου
461 1184 550 1237 τῆς
603 1175 813 1248 ἀγάπης
854 1178 913 1239 ἧς
952 1174 1274 1240 ἐνεδείξασθε
1312 1180 1386 1241 εἰς
1438 1184 1496 1232 τὸ
1546 1183 1707 1252 ὄνομα
1756 1180 1847 1231 αύ-

246 1273 340 1317 τοῦ
368 1284 380 1295 ·
425 1260 784 1336 διαφυγοῦσαι
821 1271 915 1324 τὴν
960 1272 1228 1319 κοινωνίαν
1271 1277 1371 1321 τῶν
1421 1271 1711 1343 αἰρετικῶν,
1757 1273 1849 1320 καὶ

249 1350 651 1426 διατηρήσασαι
710 1353 959 1415 ἀσπίλους
1021 1355 1203 1417 ἐαυτάς
1284 1356 1385 1409 ἀπὸ
1456 1365 1546 1409 τοῦ
1620 1364 1845 1429 κόσμου.

248 1442 466 1496 Βλέπετε
538 1438 625 1495 οὖν
700 1448 788 1495 καὶ
845 1448 973 1519 πρὸς
1052 1448 1111 1497 τό
1194 1444 1333 1513 ἑξῆς,
1408 1446 1556 1517 ἅγιαι
1590 1464 1603 1476 ·
1664 1444 1843 1505 ἐπειδὴ

246 1530 515 1586 ἐνίσταται
542 1533 572 1591 ἡ
591 1577 605 1590 .
621 1573 634 1587 .
651 1576 666 1590 .
683 1572 697 1588 .

516 1605 624 1681 SA’.
653 1650 724 1661 —
754 1616 1016 1693 Εύδοκῷ
1056 1625 1571 1699 παρθενευούσῃ.

1956 743 2157 791 noster
2189 736 2500 798 Antonius,
2530 747 2856 803 suggerens
2890 733 3220 803 pollicitum
3250 750 3344 787 me
3369 732 3601 788 dudum

1958 826 2044 880 sic
2074 841 2203 880 esse
2243 824 2557 879 facturum.
2592 824 2657 876 Et
2685 823 2764 876 ob
2801 821 2959 876 hanc
3009 823 3185 891 igitur
3231 838 3501 889 causam,
3550 829 3606 878 et

1956 921 2201 986 propter
2232 914 2448 968 missas
2474 926 2511 966 a
2542 910 2707 965 vobis
2748 925 3001 977 sorores,
3033 926 3168 966 ecce
3197 927 3303 965 vos
3331 911 3604 982 alloquor

1956 1010 2015 1058 et
2038 1003 2231 1058 saluto
2259 1009 2545 1072 tanquam
2570 1003 2814 1067 matres,
2839 1006 3127 1069 tanquam
3154 1014 3388 1054 sorores
3406 1000 3466 1054 in
3496 1003 3605 1054 Do-

1957 1092 2141 1158 mino,
2176 1106 2406 1147 memor
2438 1089 2679 1160 periculi
2713 1088 2891 1142 vestri
2918 1096 2973 1141 et
2999 1088 3241 1151 laboris,
3275 1089 3333 1142 in
3368 1105 3489 1159 quo
3517 1095 3607 1144 to-

1957 1179 2208 1235 lerando
2238 1179 2520 1233 eximiam
2545 1176 2673 1246 ejus
2704 1176 2965 1229 nominis
2996 1176 3346 1230 charitatem
3377 1178 3603 1245 signiti-

1957 1270 2158 1331 castis,
2205 1268 2695 1322 communionem
2736 1262 3158 1319 haereticorum
3190 1274 3500 1329 aversatae,
3534 1280 3605 1320 ac

1960 1363 2185 1413 vosmet
2212 1372 2248 1411 a
2280 1355 2509 1411 mundo
2538 1354 2755 1407 illaasas
2784 1360 3109 1421 servantes,
3137 1353 3332 1407 Videte
3357 1354 3531 1422 igitur
3551 1360 3609 1409 et

1956 1447 2016 1503 in
2048 1450 2378 1517 posterum,
2410 1444 2648 1498 feminae
2680 1448 2933 1510 sanctae;
2974 1442 3469 1513 quandoquidem
3500 1442 3607 1496 im-

1958 1538 2163 1592 minet.
2209 1576 2222 1589 .
2269 1574 2281 1587 .
2326 1575 2341 1589 .
2386 1571 2403 1587 .
2445 1574 2458 1586 .

2337 1622 2517 1678 XCIV.
2541 1650 2609 1663 —
2640 1619 2950 1675 Eudocom‘
2970 1619 3215 1690 virgini.

807 1735 1012 1786 Gratias
1046 1738 1159 1801 agit
1190 1738 1257 1787 de
1278 1738 1550 1802 obsequiis
1586 1738 1686 1788 sibi
1712 1740 1767 1788 in
1797 1752 2007 1791 carcere
2032 1738 2296 1804 praestitis.
2331 1737 2540 1800 (Baron.
2576 1748 2665 1783 an.
2697 1734 2807 1791 818,
2831 1748 2885 1781 ιι.
2918 1735 3019 1796 14.)

740 1842 1159 1915 ἓφυλακίσθημεν
1214 1843 1263 1896 έν
1319 1852 1425 1905 τοῖς
1482 1844 1686 1913 αύτόθι,
1745 1844 1841 1917 ἐγώ
1877 1836 1918 1891 Β

246 1952 301 1987 τε
325 1938 416 1985 καὶ
454 1934 481 1984 ό
511 1928 727 2004 ἀδελφὸς
765 1932 1038 1998 Νικόλαος,
1088 1936 1244 1991 ἡνίκα
1284 1938 1383 2009 πρὸ
1432 1942 1525 1995 τῆς
1570 1934 1703 1997 ὀπῆς
1746 1942 1842 1996 τῆς

246 2021 476 2094 φυλακῆς
521 2021 760 2092 φύλακες,
816 2026 888 2092 μη
958 2021 1132 2083 έῶντες
1182 2025 1342 2093 θίγειν
1389 2025 1652 2075 ὁντιναοῦν
1708 2026 1845 2075 κατά

244 2116 340 2170 τὴν
376 2118 478 2163 τῶν
505 2108 704 2162 ἀσεϐῶν
728 2110 1013 2183 πρόσταξιν
1050 2112 1118 2181 τῷ
1166 2117 1419 2186 φρουρείῳ
1461 2130 1473 2142 ·
1501 2118 1635 2178 τότε,
1662 2114 1744 2164 ἰνα
1778 2115 1844 2165 τά

244 2206 473 2275 πρότερα
524 2200 662 2252 ἐάσω
687 2199 878 2271 λέγειν·
907 2205 1091 2275 καίπερ
1143 2205 1265 2253 ὄντα
1303 2203 1453 2252 ἱκανά
1497 2220 1508 2230 ·
1541 2201 1843 2275 παρρησια-

247 2290 435 2362 ζομένη
463 2296 525 2362 τῇ
550 2292 688 2342 κατὰ
727 2294 849 2342 Θεὸν
879 2293 1192 2347 πεποιθήσει
1220 2307 1232 2319 ·
1267 2293 1507 2362 ἔπεμπες,
1536 2290 1845 2363 έγαλούχεις

246 2381 419 2443 οἱονεὶ,
500 2377 780 2451 διέτρεφες,
882 2376 1136 2443 έπότιζες,
1218 2380 1543 2453 παρεκάλεις,
1621 2380 1842 2451 ἤλειφες,

249 2474 472 2525 σεαυτὴν
537 2465 817 2529 επιδίδους
869 2465 1250 2541 ῥιψοκινδύνως
1283 2470 1350 2527 είς
1410 2469 1627 2520 θάνατον
1663 2487 1675 2499 ο
1722 2471 1843 2542 ὅπερ

246 2564 438 2630 μικροῦ
483 2554 614 2626 δεῖν,
660 2556 707 2608 εἰ
758 2561 830 2629 μὴ
888 2558 918 2614 η
969 2562 1090 2631 χεὶρ
1132 2564 1224 2609 τοῦ
1276 2564 1410 2609 Θεοῦ
1450 2559 1701 2629 φθάσασα
1745 2557 1845 2609 εἷλέ

253 2665 311 2698 σε
345 2666 357 2678 ·
392 2651 481 2698 καὶ
518 2650 778 2707 ἐνέπιπτες
830 2645 904 2707 εἰς
940 2648 1109 2718 ἔργον.
1170 2642 1340 2706 Οἶδας
1382 2648 1476 2708 τὰς
1524 2651 1844 2719 κατηγορίας

250 2743 351 2787 τῶν
410 2734 824 2806 γειτνιαζόντων,
883 2737 978 2796 τὰς
1032 2735 1323 2807 εισπράξεις
1372 2744 1472 2786 τῶν
1526 2737 1798 2807 ἀρχόντων
1828 2757 1841 2768 ·

249 2826 332 2877 ὅτι
386 2820 534 2896 δῶρα
580 2824 790 2895 εἴληφας
837 2826 983 2897 παρὰ
1023 2832 1117 2876 τοῦ
1173 2822 1467 2877 καταδίκου
1498 2842 1513 2854 ·
1546 2828 1626 2878 ὅτι
1660 2826 1846 2897 λόγους

249 2910 513 2984 διαταγῆς
584 2914 861 2975 ὑπακούεις
890 2928 904 2943 ⁸
955 2921 1132 2982 τοῦτο,
1189 2913 1415 2968 κάκεῖνο.
1491 2914 1627 2967 Ἀλλ’
1684 2916 1843 2986 ὅμως,

246 3002 289 3053 ὦ
319 3009 410 3062 τῆς
440 3002 850 3075 μεγαλοπιστίας
884 3002 896 3057 l
936 2999 1059 3055 οὐδε
1101 3003 1236 3055 οὕτω
1283 3006 1480 3054 τούτων
1524 3002 1847 3076 τυρϐασθέν-

246 3111 351 3143 των
404 3093 607 3163 ύφῆκας
670 3096 726 3144 τό
783 3092 1027 3146 καθόλου.
1084 3092 1221 3144 Ἀλλ’
1270 3096 1337 3154 ὡς
1387 3089 1614 3164 μηδενός
1667 3100 1848 3145 καινοῦ

245 3200 542 3253 γεγονότος,
594 3183 723 3253 ἔχου
762 3184 916 3233 πάλιν
972 3190 1069 3243 τῆς
1126 3179 1400 3244 διακονίας
1428 3203 1440 3215 ·
1485 3179 1678 3256 δώροις
1730 3188 1849 3243 τούς
1881 3213 1920 3266 C

249 3270 480 3343 φύλακας
517 3270 962 3343 ἐξευμενιζομένη,
1009 3276 1099 3323 καὶ
1152 3276 1211 3324 τό
1260 3268 1327 3330 δὴ
1382 3274 1669 3344 λεγόμενον,
1721 3277 1849 3325 Θεὸν

248 3358 327 3413 δι’
362 3362 507 3432 ἡμῶν
538 3369 636 3412 τῶν
685 3360 1003 3435 ἁμαρτωλῶν
1037 3363 1397 3434 θεραπεύουσα
1428 3380 1440 3390 ·
1490 3362 1541 3423 ἐξ
1581 3362 1641 3413 οὗ
1679 3368 1769 3414 καὶ
1815 3364 1846 3420 ἠ

244 3450 462 3523 ἁρπαγὴ
496 3458 594 3501 τῶν
637 3446 894 3501 κινδύνων
928 3467 940 3479 ·
991 3456 1082 3502 καὶ
1111 3452 1140 3508 ἠ
1177 3450 1299 3524 παρ’
1355 3450 1543 3503 ἐλπίδα
1591 3456 1847 3525 σωτηρία.

244 3544 314 3593 Τί
360 3546 514 3591 τοῦτο
566 3535 805 3612 δεύτερον
860 3540 1180 3612 Πρισκίλλης
1230 3544 1319 3592 καὶ
1364 3542 1557 3603 Φοίϐης
1604 3544 1802 3603 ἐκείνης
1833 3560 1847 3573 ο

248 3630 282 3687 ἣ
335 3637 433 3680 τῶν
472 3631 690 3690 ταύταις
728 3630 1063 3681 ύποστασίων
1115 3632 1251 3681 κατά
1297 3633 1391 3688 τὴν
1440 3640 1534 3692 τῆς
1584 3629 1852 3690 διακονίας

252 3720 490 3791 θεωρίαν,
550 3717 624 3789 ἐφ’
677 3718 707 3791 ᾖ
759 3719 1141 3793 μακαρίζονται
1196 3721 1297 3771 ύπό
1359 3728 1451 3771 τοῦ
1508 3722 1646 3772 θείου
1700 3720 1852 3773 Ἀπο-

253 3807 440 3859 στόλόυ
471 3824 488 3872 ;
520 3804 767 3879 οὐδαμῶς
796 3811 864 3869 ὡς
893 3811 1067 3880 ἔμοιγε
1107 3806 1272 3873 δοκεῖ,
1316 3808 1361 3861 εἰ
1404 3813 1477 3880 μὴ
1506 3812 1586 3861 ὅτι
1611 3809 1683 3872 εἰς
1726 3809 1853 3862 ἀνα·-

249 3895 394 3959 ξίους
423 3916 439 3930 ο
502 3895 633 3948 ἀλλά
686 3903 776 3948 καὶ
834 3906 988 3950 τοῦτο
1048 3898 1240 3970 μᾶλλον
1307 3898 1638 3971 αἰνετωτερον
1673 3916 1685 3927 ·
1748 3898 1852 3951 ἐκεῖ

249 3987 353 4057 γὰρ
383 3989 441 4037 τό
479 3989 797 4058 μηαλοφυες
855 3995 948 4039 τοῦ
988 3994 1273 4060 προσῶμου
1306 3990 1452 4058 τάχα
1501 3986 1562 4038 ἀν
1597 3992 1686 4039 καὶ
1728 3993 1852 4050 τοὺς

250 4074 601 4137 ἀναισθήτους
672 4075 845 4137 λίθους
925 4077 1157 4134 ἐκίνησεν
1229 4076 1509 4149 εὐεργετεῖν
1549 4092 1561 4104 ·
1630 4078 1852 4130 ἐνταῦθα

249 4160 313 4215 δι
363 4166 681 4231 τούναντίον,
754 4170 846 4217 καὶ
902 4169 1029 4227 τοὺς
1095 4165 1437 4226 έναισθήτους
1490 4174 1606 4224 νοας
1657 4172 1851 4239 ναρκᾲν

251 4254 424 4306 ἔπεισε
472 4258 532 4305 τό
591 4254 926 4306 ἀπόπτυστον
993 4262 1092 4304 τῶν
1155 4255 1522 4325 ὑποκειμένων.
1580 4255 1715 4306 Ἀλλ’
1770 4258 1851 4307 ὅτι

250 4351 404 4394 τοῦτο
446 4342 630 4410 οὕτως,
677 4348 769 4395 καὶ
830 4342 1273 4405 ἀντιπεπονθότως
1348 4344 1522 4415 ὤφθης
1577 4341 1847 4418 δράσασα,

255 4436 524 4490 σκόπησον
569 4437 628 4485 τό
690 4432 958 4505 έλκῶμιον.
1016 4435 1309 4505 ’Δπέχομεν
1380 4439 1574 4500 τοίνυν,
1635 4432 1675 4486 ὦ
1725 4434 1851 4486 καλ-

2061 1888 2077 1903 .
2121 1886 2135 1899 .
2180 1888 2196 1904 .
2236 1889 2249 1902 .
2302 1886 2317 1900 .
2359 1886 2374 1900 .
2418 1884 2431 1897 .
2477 1886 2491 1898 .
2535 1884 2550 1898 .
2594 1884 2609 1897 .
2653 1884 2668 1897 .
2713 1883 2726 1896 .
2771 1883 2784 1896 .
2825 1842 2887 1896 in
2908 1856 3146 1897 carcere
3214 1842 3333 1897 illic
3381 1842 3609 1898 detine—

1951 1937 2170 1992 bamur
2194 1952 2306 2006 ego
2333 1935 2631 2005 fraterque
2659 1932 2956 1997 Nicolaus,
2984 1947 3119 1986 cum
3154 1939 3290 1987 ante
3320 1934 3605 1987 custodite

1952 2026 2225 2080 foramen
2252 2024 2429 2095 positi
2480 2022 2757 2077 custodes
2809 2036 3133 2086 neminem,
3181 2037 3252 2075 ex
3281 2024 3604 2093 impiorum

1955 2116 2284 2179 interdicto,
2335 2114 2584 2184 propius
2636 2112 2978 2181 contingere
3018 2111 3331 2169 sinebant:
3388 2120 3512 2165 tum
3546 2120 3607 2166 tu

1956 2205 2045 2274 (ut
2073 2204 2403 2275 superiora,
2429 2216 2712 2273 quamVis
2759 2200 3191 2265 memorabilia,
3237 2200 3604 2273 praeteream)

1952 2292 2177 2348 ﬁducia
2208 2294 2306 2347 Dei
2352 2294 2519 2355 freta,
2579 2290 2878 2354 mittebas,
2915 2291 3372 2360 quodammodo
3422 2290 3609 2346 lacta-

1954 2382 2088 2447 bas,
2102 2381 2327 2445 aiebas,
2344 2388 2553 2451 potum
2572 2380 2785 2442 dabas,
2799 2377 3232 2443 consolabaris,
3247 2379 3604 2444 hortabaris,

1954 2474 2210 2543 teipsam
2238 2470 2299 2524 in
2331 2477 2607 2540 apertum
2634 2467 2846 2522 mortis
2876 2467 3209 2537 periculum
3240 2468 3563 2538 conjiciens
3589 2488 3603 2525 :

1954 2576 2140 2632 quam
2170 2559 2441 2631 quidem,
2490 2559 2603 2611 nisi
2634 2566 2684 2611 te
2714 2557 2814 2609 Dei
2844 2572 3064 2609 manus
3096 2570 3454 2626 praeverteris
3481 2560 3601 2613 eri-

1955 2649 2207 2720 puisset,
2238 2664 2300 2703 re
2330 2649 2462 2719 ipsa
2487 2645 2856 2718 pertulisses.
2888 2647 3049 2699 Nosti
3074 2648 3406 2700 vicinorum
3432 2663 3605 2702 accu-

1956 2740 2235 2803 sationes,
2292 2743 2631 2791 exactiones
2690 2735 3148 2804 magistratuum
3182 2750 3368 2806 ;qu1a
3420 2750 3456 2789 a
3502 2753 3605 2792 reo

1957 2843 2211 2882 munera
2227 2825 2507 2897 accepisti
2531 2824 2707 2895 ;quia
2719 2839 2925 2878 aurem
2951 2824 3253 2878 mandatis
3272 2826 3601 2895 praebuisti,

1956 2917 2071 2971 hoc
2101 2924 2158 2971 et
2178 2916 2348 2970 illud.
2381 2920 2675 2980 Attamen,
2706 2928 2742 2967 ο
2766 2912 2903 2966 ﬁdei
2934 2914 3414 2982 magnitudinem
3448 2914 3462 2968 i
3496 2931 3605 2971 nec

1958 3007 2041 3059 sic
2057 3006 2303 3076 quidem
2324 3004 2640 3059 commotis
2664 3004 2796 3070 illis,
2819 3003 2937 3056 ullo
2962 3004 3145 3056 modo
3165 3004 3458 3057 destitisti.
3491 3005 3607 3059 Sed

1957 3094 2134 3166 quasi
2159 3093 2299 3149 novi
2323 3092 2468 3147 nihil
2494 3093 2827 3156 accidisset,
2859 3091 3185 3146 ministerio
3216 3099 3431 3146 iterum
3458 3094 3605 3148 insi-

1959 3184 2179 3253 stebas,
2225 3184 2503 3238 custodes
2553 3179 2905 3235 muneribus
2961 3183 3305 3246 concilians,
3338 3192 3411 3246 et,
3440 3183 3607 3253 quod

1959 3275 2075 3328 dici
2106 3274 2271 3338 solet,
2329 3275 2449 3326 Deo
2498 3286 2602 3341 per
2653 3285 2763 3323 nos
2816 3272 3608 3339 peccatores_deserviens,a

1958 3378 2081 3434 quo
2103 3370 2159 3416 et
2177 3360 2579 3432 periculorum
2597 3358 2890 3423 liberatio,
2912 3367 2967 3413 et
2984 3367 3195 3428 praeter
3226 3375 3397 3429 spem
3417 3362 3604 3416 salus.

1960 3454 2236 3516 Quanam
2266 3452 2327 3504 in
2352 3465 2413 3504 re
2446 3452 2665 3503 cedunt
2719 3449 2835 3502 ista
2863 3447 3133 3501 Pl‘lSCllltB
3165 3456 3219 3502 et
3242 3449 3476 3503 Phoebea
3502 3451 3604 3518 illi,

1958 3548 2290 3597 autearum
2320 3538 2653 3610 aequalibus
2712 3552 2773 3591 in
2822 3538 3172 3607 ministerio,
3200 3554 3371 3607 cujus
3418 3554 3606 3595 causa

1960 3628 2336 3684 celebrantur
2366 3642 2402 3682 a
2428 3628 2628 3681 divino
2679 3626 2964 3697 Apostolo
2987 3624 3014 3679 τ
3044 3625 3213 3681 Nullo
3245 3629 3424 3681 modo
3472 3644 3607 3684 mea

1958 3719 2208 3791 quidem
2242 3719 2555 3783 sententia,
2609 3719 2724 3772 nisi
2760 3718 2927 3787 quod
2977 3731 3120 3785 erga
3146 3718 3425 3786 indignos
3461 3720 3606 3785 ;sed

1958 3810 2074 3864 hoc
2103 3812 2265 3863 tanto
2281 3807 2668 3862 laudabilius.
2687 3806 2773 3860 lbi
2798 3821 2957 3860 enim
2978 3821 3253 3876 personis
3271 3808 3607 3877 amplitudo

1959 3899 2052 3953 vel
2083 3913 2266 3953 sensu
2290 3896 2555 3952 carentia
2574 3911 2722 3951 saxa
2753 3898 2829 3951 ad
2867 3896 3327 3951 beneﬁcentiam
3359 3913 3608 3966 permo-

1960 3990 2142 4043 visset
2165 3987 2294 4041 :bie
2319 3992 2521 4040 autem
2542 4000 2574 4039 e
2595 3986 2893 4040 contrario
2914 3992 3093 4039 etiam
3112 4001 3293 4038 sensu
3320 3988 3607 4055 praeditas

1958 4085 2177 4131 mentes
2187 4076 2471 4145 languere
2484 4090 2694 4145 cogere
2705 4083 2943 4143 cogeret
2958 4074 3151 4128 vilitas
3166 4090 3366 4129 eorum
3379 4077 3606 4145 quibus

1958 4167 2427 4221 ministrabatur.
2489 4168 2636 4219 Cum
2692 4179 2834 4233 ergo
2892 4165 3020 4217 base
3068 4162 3149 4217 ita
3204 4172 3421 4228 essent,
3455 4172 3512 4218 et
3544 4172 3607 4219 tu

1958 4255 2349 4309 nihilominus
2392 4269 2564 4307 secus
2611 4268 2787 4321 agere
2837 4256 2961 4306 visa
2998 4255 3212 4317 tueris;
3258 4254 3391 4306 vide
3419 4269 3605 4324 quam

1956 4345 2198 4400 laudem
2210 4344 2517 4398 merearis.
2533 4342 2918 4413 Suscepimus
2932 4351 3052 4411 itaq
3062 4344 3395 4410 ue,egregia
3411 4346 3600 4413 virgo,

1960 4433 2453 4496 misericordiam,
2482 4438 2538 4486 et
2549 4432 2682 4501 jure
2714 4441 2764 4485 te
2795 4431 3143 4496 laudamus,
3170 4433 3602 4501 amplectentes

252 4519 543 4594 λιπάρθενε,
596 4526 655 4574 τὸ
692 4523 851 4589 ἕλεος,
900 4526 989 4574 καὶ
1021 4522 1260 4594 αίνουμέν
1312 4541 1369 4574 σε
1406 4522 1633 4589 εἰκότως,
1691 4542 1849 4598 προσ-

1959 4522 2139 4577 simul
2176 4528 2234 4577 et
2256 4522 2667 4576 collaudantes
2692 4520 2808 4575 alia
2858 4529 2957 4575 tua
2977 4529 3351 4587 ornamenta,
3381 4527 3607 4593 tempe-

253 4608 638 4683 ἀποδεχόμενοι
671 4616 762 4664 καὶ
816 4630 1258 4679 συνεπαινουντες,
1309 4617 1396 4665 καὶ
1440 4616 1502 4664 τὰ
1562 4614 1694 4665 ἄλλα
1752 4632 1848 4665 σου

254 4700 704 4772 σεμνολογήματα,
739 4706 830 4761 τὴν
887 4702 1209 4776 ἐγκράτειαν,
1261 4707 1354 4761 τὴν
1412 4702 1701 4777 αὐχμηρὰν
1755 4709 1843 4756 κό-

252 4808 377 4861 μην,
417 4794 511 4847 την
553 4790 880 4863 ἠμελημένην
924 4790 1144 4857 έσθῆτα,
1185 4796 1279 4849 τὴν
1320 4791 1695 4864 έλεημοσύνην,
1758 4797 1850 4845 καὶ

252 4877 334 4930 ἐπ’
381 4877 549 4939 οἰλλοις
596 4884 689 4937 τὴν
738 4879 1054 4952 φιλαγνείαν,
1109 4886 1198 4933 καὶ
1244 4884 1329 4932 ἐπὶ
1379 4884 1547 4953 τούτῳ
1585 4880 1850 4955 μηδαμῶς

251 4970 763 5040 μωμοσκοπηθεῖσαν
810 4974 935 5044 πρὸς
973 4978 1211 5022 τινοσοῦν
1264 4979 1364 5022 τῶν
1416 4972 1698 5046 ἀνθρώπων
1731 4990 1743 5002 ⁶
1809 4973 1849 5024 ὦ

251 5065 348 5119 τῆς
377 5057 541 5118 καλῆς
572 5076 666 5109 σου
713 5057 966 5131 ἐργασίας
994 5080 1006 5092 ·
1049 5060 1089 5111 ὡ
1128 5067 1219 5120 τῆς
1261 5062 1520 5133 θεοφιλοῦς
1566 5067 1656 5114 καὶ
1684 5082 1849 5135 γηρα-

250 5146 364 5208 λέας
390 5147 608 5225 κεφαλῆς
641 5146 655 5201 1
689 5150 924 5209 ἤνθησας
963 5152 1011 5201 έν
1054 5152 1197 5221 μέσῳ
1248 5149 1484 5203 ἀκανθῶν
1539 5154 1608 5212 ὡς
1642 5149 1801 5226 ῥόδον
1830 5168 1845 5182 ⁸

251 5233 550 5300 εύωδίασας
586 5241 635 5289 ἐν
682 5242 826 5311 μέσῳ
879 5245 1056 5311 γενεᾶς
1108 5240 1319 5301 σκολιᾶς
1354 5246 1445 5291 καὶ
1502 5238 1848 5316 διεστραμμέ-

251 5347 363 5394 νης,
423 5331 488 5389 ὡς
554 5327 802 5403 ὁρθοφυες
856 5334 1051 5403 κρίνον.
1088 5334 1151 5381 Τί
1194 5333 1251 5380 τό
1308 5329 1529 5397 λοιπόν;
1586 5327 1846 5403 διαμένειν

254 5432 313 5469 σε
357 5420 448 5469 καὶ
492 5420 622 5491 πρὸς
660 5422 718 5469 τό
748 5416 865 5481 ἑξῆς
916 5417 1273 5492 ἀπρόσκοπον,
1312 5422 1671 5491 σεσωσμένον,
1707 5414 1846 5492 φιλο-

250 5512 533 5581 κρινοῦσαν
606 5513 781 5560 πᾶσαν
872 5506 1033 5566 ἄλλην
1112 5506 1316 5567 ἐντολήν
1403 5513 1597 5582 Κυρίου
1631 5526 1643 5541 ο
1708 5511 1845 5573 ὥστε

248 5600 387 5670 μήτε
431 5593 635 5669 ὀμνύειν
660 5598 719 5648 τὸ
748 5600 911 5670 ὄνομα
952 5600 1146 5670 Κυρίου
1194 5600 1255 5653 τὸ
1299 5599 1548 5674 παράπαν
1579 5613 1595 5631 ⁸
1627 5603 1763 5672 μήτε
1792 5618 1847 5655 τε

1958 4612 2236 4677 rantiam,
2269 4611 2642 4680 incomptam
2669 4624 2930 4673 comam,
2973 4612 3304 4678 neglectam
3354 4622 3603 4677 vestem,

1958 4703 2018 4757 in
2048 4700 2199 4757 alios
2228 4714 2472 4771 quoque
2501 4699 2979 4764 beneﬁcentiam,
3012 4714 3281 4753 amorem
3313 4701 3603 4756 castimo-

1957 4792 2094 4847 niae.
2125 4796 2183 4846 et
2210 4790 2377 4861 quod
2397 4794 2470 4844 de
2487 4804 2558 4844 ea
2584 4804 2900 4859 nunquam
2925 4791 3287 4859 reprehensa
3311 4792 3493 4843 tueris
3525 4796 3604 4846 ab

1959 4880 2080 4935 ullo
2110 4878 2473 4934 mortalium.
2505 4879 2547 4934 Ο
2580 4877 2897 4948 praeclaras
2919 4879 3182 4931 actiones
3216 4877 3383 4932 tuas!
3418 4894 3453 4934 ο
3487 4880 3604 4936 Deo

1960 4972 2211 5025 charum
2231 4975 2288 5023 et
2305 4970 2488 5022 senile
2509 4967 2718 5039 caput!
2741 4966 3054 5021 Eﬂloruisti
3080 4971 3140 5021 in
3169 4970 3367 5023 medio
3400 4970 3600 5040 spina-

1956 5075 2114 5124 rum,
2143 5060 2295 5113 sicut
2323 5073 2497 5113 rosa:
2525 5060 2775 5112 odorem
2792 5058 3006 5111 dedisti
3026 5072 3086 5110 in
3109 5060 3309 5112 medio
3340 5060 3604 5114 nationis

1958 5165 2157 5220 pravas
2182 5155 2361 5219 atque
2414 5164 2731 5219 perversae,
2793 5153 3083 5217 tauquam
3126 5156 3354 5202 rectum
3391 5148 3605 5205 lilium.

1958 5240 2109 5304 Quid
2134 5238 2429 5309 reliquum
2458 5235 2590 5291 est?
2616 5238 2685 5291 Ut
2735 5238 2900 5292 salva
2939 5251 3294 5306 permaneas
3332 5240 3513 5293 etiam
3545 5242 3609 5295 in

1958 5336 2268 5400 posterum
2308 5329 2540 5398 absque
2569 5325 2920 5391 offensione,
2978 5342 3347 5398 sei-vatisque
3378 5337 3595 5386 caetera

1956 5418 2163 5474 omnia
2187 5416 2425 5473 Domini
2453 5417 2770 5472 mandata:
2807 5422 2868 5471 ut
2897 5430 3005 5470 nec
3025 5430 3272 5486 prorsus
3290 5417 3456 5487 jures
3485 5422 3597 5475 Do-

1956 5508 2106 5565 mini
2128 5521 2373 5574 nomen,
2393 5520 2505 5561 nec
2537 5504 2723 5560 ullum
2751 5505 2916 5561 aliud
2939 5512 3290 5563 contemnas
3319 5522 3392 5562 ex
3417 5523 3602 5565 man-

1956 5596 2138 5656 datis.
2151 5598 2268 5653 Hoc
2278 5602 2482 5655 autem
2491 5594 2647 5662 dico,
2660 5609 2783 5653 non
2792 5596 2969 5667 quasi
2982 5601 3034 5651 te
3053 5594 3246 5667 culpa
3265 5595 3595 5662 obnoxiam
