4062 6280
539 311 680 373 1347

1795 311 1864 374 s.
1905 317 2273 375 THEODORI
2315 303 2640 375 STUDlT/E

3738 305 3859 378 1348

537 457 666 498 esse
692 442 1212 515 deprehenderim,
1259 444 1360 500 sed
1415 443 1582 517 quod
1614 444 1672 499 in
1696 444 1981 499 omnibus
2012 443 2191 516 perfe-

2304 443 2426 496 ἄλλο
2476 445 2825 518 παραθεωρεῖν
2859 449 2960 495 τῶν
3010 441 3371 515 ἐντεταλμένων
3406 459 3421 474 ⁶
3460 451 3607 496 τοῦτο
3658 441 3714 497 δὲ
3746 445 3860 517 λέγω

537 537 696 586 ctam
721 538 770 587 te
795 549 925 587 esse
957 533 1218 604 cupiam,
1241 538 1297 588 et
1321 534 1612 604 promissa
1634 533 1771 587 inde
1795 533 1958 587 bona
1983 549 2194 587 conse-

537 621 661 692 qui.
695 621 922 677 Salutat
980 628 1032 676 te
1066 622 1245 678 frater
1304 622 1613 678 Nicolaus:
1643 626 1701 677 et
1727 636 1838 690 ego
1874 622 2188 677 Dominum

538 724 609 764 ac
633 709 1061 765 consobrinum
1092 715 1280 765 tuum.

930 1014 1082 1069 XCV.
1109 1044 1168 1055 —
1198 1013 1427 1069 Basilio
1451 1015 1789 1083 praeposito.

2303 533 2409 605 οὐχ
2466 537 2536 593 ὡς
2573 532 3090 604 καταλαμϐανόμενός
3123 551 3180 584 σε
3218 534 3564 584 ύπαιτιᾶσθαι
3661 532 3758 584 ἀλλ’
3805 538 3860 596 ὡς

2302 624 2438 693 ἔχων
2483 616 2532 674 ἐν
2577 627 2744 694 ἐφέσει
2795 629 2886 674 τοῦ
2941 621 2990 673 ὲν
3046 627 3209 673 πᾶσιν
3256 622 3432 693 ἄρτιον
3485 618 3628 686 εἶναι,
3677 621 3862 674 κάντεῦ-

2302 711 2381 762 θεν
2438 713 2706 781 ἐπιτυχεῖν
2745 718 2844 761 τῶν
2882 711 2930 761 ἐν
2990 709 3317 781 ἐπαγγελίαις
3367 707 3569 781 ἀγαθῶν
3597 726 3610 739 ⁶
3652 711 3676 760 6
3730 706 3861 762 ἀδελ·

2297 803 2383 871 φός
2439 798 2694 860 Νικόλαος
2753 801 3172 873 προσαγορεύει·
3233 795 3381 869 κάγὼ
3437 801 3522 850 τόν
3577 800 3752 872 Κύριον
3787 804 3862 850 καὶ

2295 884 2610 960 ἀδελφιδοῦν
2643 907 2736 940 σου
2747 929 2758 941 .

2535 997 2642 1071 SE'.
2690 1042 2734 1052 -
2768 1010 3078 1082 Βασιλείῳ
3117 1013 3475 1082 ἡγουμένῳ.

1096 1119 1303 1169 Dolenti
1334 1119 1479 1183 quod
1503 1119 1869 1169 lconomachis
1895 1119 2244 1175 consenserit,
2271 1131 2332 1168 ac
2358 1117 2708 1181 resipiscenti,
2739 1116 3110 1180 paenitentiam
3135 1117 3339 1166 indicit.

609 1217 673 1272 In
700 1215 792 1271 his
813 1233 947 1288 quas
969 1219 1206 1288 scripsit
1228 1218 1556 1274 reverentia
1590 1224 1714 1284 tua,
1746 1217 1944 1284 frater,
1978 1218 2038 1272 in
2069 1235 2192 1290 pa:-

537 1305 632 1361 nis
663 1305 814 1360 ultro
847 1307 1206 1374 subeundis,
1233 1308 1615 1379 acquiescere
1648 1323 1709 1361 se
1738 1307 2116 1375 signiﬁcavit,
2141 1313 2196 1362 et

539 1395 616 1469 ad
653 1395 899 1450 meliora
930 1411 1110 1466 porro
1133 1395 1265 1450 ferri
1291 1413 1301 1448 :
1326 1395 1845 1468 quemadmodum
1871 1412 1991 1451 non
2017 1397 2196 1451 tabel-

536 1483 722 1539 larius
751 1484 934 1539 modo
961 1485 1215 1548 edocuit,
1246 1485 1349 1539 sed
1371 1490 1428 1540 et
1453 1490 1586 1540 ante
1616 1485 1811 1556 ipsum
1831 1485 2195 1540 reverendis-

537 1573 730 1628 simus
761 1571 942 1628 frater
987 1579 1182 1628 noster
1231 1576 1451 1638 Petrus,
1495 1580 1550 1628 et
1578 1573 1736 1628 idem
1768 1574 1999 1627 amicus
2023 1579 2190 1632 tuus:

537 1661 616 1717 ob
641 1677 778 1733 quas
805 1663 1075 1732 gravisus
1126 1678 1257 1715 sum
1311 1677 1421 1732 ego
1455 1661 1702 1716 humilis
1733 1669 1787 1714 et
1817 1662 2041 1730 gratias
2079 1663 2191 1731 egi.

2376 1219 2458 1269 Ἐν
2498 1217 2574 1277 οἷς
2626 1219 2879 1286 γέγραφεν
2909 1217 2936 1272 ἡ
2995 1220 3236 1286 τιμιότης
3283 1234 3397 1286 σου,
3455 1211 3653 1286 ἀδελφε,
3683 1209 3866 1266 ὑπέδει-

2305 1302 2382 1365 ξεν
2433 1303 2621 1362 ἑαυτὴν
2671 1301 2991 1356 εύδοκοῦσαν
3043 1306 3091 1355 ἐν
3144 1311 3252 1364 τοῖς
3291 1302 3591 1376 ἐπιτιμίοις,
3630 1307 3714 1354 καὶ
3752 1300 3866 1354 ίπει·

2305 1395 2526 1462 γομένην
2583 1395 2709 1464 πρὸς
2765 1395 2829 1444 τά
2892 1396 3193 1464 κρείττονα⁶
3262 1394 3398 1445 καθὰ
3475 1387 3754 1454 έξεδίδαξεν
3816 1390 3865 1441 ού

2304 1485 2457 1552 μόνον
2505 1483 2530 1532 6
2573 1486 3023 1554 γραμματηφόρος
3050 1501 3063 1512 ·
3120 1479 3246 1531 ἀλλά
3301 1484 3403 1555 γὰρ
3452 1485 3540 1532 καὶ
3584 1483 3680 1554 πρὸ
3727 1478 3864 1531 αὐτοῦ

2306 1571 2331 1620 6
2375 1576 2685 1641 τιμιώτατος
2736 1567 2949 1640 ἀδελφός
2981 1572 3125 1641 ἡμων
3156 1573 3348 1644 Πέτρος
3386 1571 3411 1621 6
3450 1574 3536 1620 καὶ
3584 1574 3664 1620 σοὶ
3708 1567 3865 1639 φιλού-

2306 1679 2453 1730 μενος
2485 1678 2497 1690 ο
2533 1657 2609 1730 ἐφ’
2647 1660 2720 1718 οἷς
2770 1660 2940 1717 ἣσθην
2989 1659 3014 1709 6
3047 1662 3282 1720 ταπεινός
3341 1663 3430 1710 καὶ
3479 1658 3858 1729 ηύχαρίστησα.

537 1755 736 1823 Neque
750 1753 900 1806 enim
915 1750 1040 1805 leve
1055 1756 1146 1805 est
1161 1758 1262 1804 aut
1278 1751 1943 1822 contemnendumquod
1961 1752 2191 1806 admisi-

2307 1749 2382 1800 Οὐ
2433 1751 2533 1821 γάρ
2587 1767 2638 1799 τι
2694 1753 2877 1820 μικρόν
2916 1766 2969 1798 τε
3025 1753 3114 1799 καὶ
3163 1749 3601 1821 εὐκαταφρόνητον
3639 1747 3663 1797 ὃ
3707 1750 3868 1798 πεπόν-

539 1856 693 1905 mus,
717 1841 801 1894 vir
820 1841 1065 1910 optime,
1098 1855 1236 1894 cum
1273 1840 1654 1910 negatoribus
1685 1840 1964 1908 imaginis
1985 1841 2192 1895 Christi

539 1929 1068 1993 communicando,
1088 1928 1193 1982 sed
1212 1929 1423 1997 ingens
1439 1927 1766 2000 piaculum,
1791 1936 1846 1982 et
1863 1928 2037 1998 plane
2056 1946 2193 1984 cum

537 2017 677 2072 ﬁdei
698 2018 1013 2086 negatione
1035 2017 1168 2086 conj
1181 2021 1425 2071 unctum
1449 2034 1462 2071 :
1487 2017 1776 2088 quoniam
1796 2018 2076 2086 imaginis
2095 2035 2195 2074 ne-

537 2108 700 2177 gatio
731 2107 809 2162 ad
841 2113 1229 2178 prototypum
1270 2105 1538 2160 ascendit
1566 2127 1578 2158 :
1610 2112 1665 2160 et
1694 2105 1832 2160 huic
1865 2106 1979 2177 ipsi
2011 2123 2195 2177 nega-

538 2195 680 2250 tioni
709 2195 918 2250 Christi
953 2195 1496 2259 communicarunt,
1526 2199 1822 2265 quotquot
1851 2198 2194 2266 quomodo-

539 2299 778 2354 cunque
835 2283 1383 2337 communicarunt.
1438 2285 1762 2353 Postquam
1816 2298 1952 2338 vero
1979 2283 2189 2339 iterum

538 2373 849 2428 confessus
879 2388 959 2435 es,
989 2372 1198 2425 sivisse
1229 2378 1303 2439 te,
1325 2376 1486 2426 metu
1511 2373 1939 2443 persequentis,
1966 2373 2192 2428 utima-

540 2462 709 2531 gines
737 2477 769 2514 e
802 2460 1001 2514 medio
1025 2459 1389 2524 tollerentur,
1421 2460 1665 2529 gravius
1712 2460 1870 2514 istud
1900 2460 2191 2531 ﬂagitium

540 2556 642 2605 est.
664 2548 834 2614 Quod
849 2553 1051 2603 autem
1067 2554 1120 2602 et
1133 2548 1563 2620 subscripsisse
1580 2555 1631 2602 te
1645 2548 1752 2614 ais,
1770 2556 2192 2606 consummata

539 2638 824 2708 iniquitas
851 2648 906 2691 et
925 2637 1161 2705 negatio
1185 2643 1288 2690 est.
1323 2636 1473 2701 Quid
1498 2637 1801 2706 agendum
1833 2637 2025 2706 igitur,
2051 2654 2191 2693 cum

540 2733 595 2782 et
621 2725 824 2780 salutis
856 2727 1186 2781 remedium
1221 2740 1477 2794 quaeras,
1512 2740 1620 2778 nec
1647 2725 1794 2779 ferre
1823 2729 1878 2780 te
1909 2740 2083 2796 posse
2104 2727 2189 2782 di-

540 2830 643 2870 cas
665 2813 946 2883 exiguum
976 2813 1122 2866 illud
1143 2813 1306 2884 quod
1331 2813 1734 2882 adjiciendum
1763 2829 1958 2884 paenae
1991 2819 2188 2883 restat,

541 2902 937 2957 valetudinem
970 2901 1325 2967 obtendens,
1363 2907 1542 2972 atque
1573 2901 1687 2956 hoc
1727 2910 1783 2956 et
1815 2901 1958 2956 illud
1991 2905 2191 2974 potius

541 2993 738 3047 subire
769 2997 1112 3062 praeoptans
1134 2990 1162 3043 ‘?
1192 2992 1475 3062 Utrinque
1507 2991 1566 3046 in
1600 3007 1853 3062 magnas
1881 2993 2190 3061 angustias

541 3079 847 3145 adducor;
879 3079 1020 3135 hinc
1047 3095 1251 3135 amore
1272 3079 1492 3150 fratris,
1521 3095 1595 3134 ne
1628 3085 1680 3134 te
1711 3080 1982 3135 deseram
2013 3082 2191 3140 :inde

2308 1840 2486 1908 θαμεν,
2521 1834 2561 1886 ὦ
2619 1842 2733 1904 τᾶν,
2785 1835 2867 1888 ἐπὶ
2911 1843 2972 1908 τῇ
3020 1835 3235 1905 ἀρνήσει
3277 1843 3373 1908 τῇς
3425 1843 3653 1906 Χριστοῦ
3700 1834 3869 1893 εἰκόνος

2304 1929 2725 1986 κεκοινωνηκότες
2775 1943 2789 1956 ·
2847 1923 2974 1976 ἀλλά
3029 1929 3113 1975 καὶ
3170 1924 3282 1976 λίαν
3334 1927 3548 1976 ἔκτοπον
3601 1928 3686 1975 καὶ
3736 1921 3870 1994 ἀρνη-

2303 2018 2446 2068 τικὸν
2501 2012 2762 2088 ἀριδηλως
2817 2021 2914 2075 τῆς
2959 2019 3182 2076 πίστεως
3215 2031 3228 2043 ·
3283 2011 3425 2066 διότι
3476 2016 3506 2072 ἠ
3565 2021 3652 2072 τῆς
3701 2012 3870 2072 εἰκόνος

2303 2106 2520 2179 ἄρνησις
2567 2103 2651 2154 ἐπὶ
2682 2106 2739 2154 τό
2790 2107 3125 2175 πρωτότυπον
3152 2101 3415 2155 ἀναϐαίνει
3457 2122 3470 2134 ·
3501 2107 3590 2154 καὶ
3637 2104 3786 2172 ταύτῃ
3815 2107 3867 2170 τῇ

2305 2191 2520 2267 ἀρνήσει
2602 2194 2854 2262 Χριστοῦ,
2918 2193 3100 2251 πάντες
3163 2193 3211 2243 οἱ
3278 2192 3521 2244 ὁπωσοῦν
3595 2207 3871 2245 κεκοινωνη-

2302 2287 2464 2344 κότες,
2515 2285 2976 2337 κεκοινωνήκασιν.
3041 2280 3182 2332 Ἐπεὶ
3241 2278 3299 2332 δε
3328 2280 3484 2332 πάλιν
3536 2278 3868 2352 ἐξηγόρενσας,

2303 2374 2392 2421 καὶ
2441 2368 2715 2440 ἐπιτρέψαι
2754 2365 2860 2421 δέει
2893 2377 2984 2420 τοῦ
3039 2366 3318 2430 διώκοντος
3376 2368 3625 2441 ἀφανίσαι
3666 2368 3866 2424 εἰκόνας’

2250 2466 2252 2469 ’
2301 2458 2667 2531 χαλεπώτερον
2731 2461 2788 2510 τὸ
2845 2457 3090 2530 ἀνόμημα
3119 2479 3131 2490 ·
3187 2459 3265 2510 ὅτι
3335 2453 3397 2510 δὲ
3444 2463 3535 2509 καὶ
3596 2453 3872 2528 ὑπογράψαι

2303 2550 2447 2620 ἔφης,
2499 2546 2764 2617 όλόσωμος
2814 2548 2844 2604 ἠ
2901 2547 3134 2618 ἁμαρτία
3181 2551 3270 2598 καὶ
3320 2548 3350 2604 ἡ
3406 2549 3646 2620 ἄρνησις.
3690 2549 3749 2596 Τί
3797 2539 3871 2594 οὖν

2304 2633 2387 2688 δεῖ
2434 2641 2619 2700 ποιεῖν,
2653 2636 2733 2686 ὃτι
2787 2641 2873 2686 καὶ
2927 2636 3235 2697 ἑπιζητοίης
3285 2638 3343 2687 τό
3398 2633 3493 2696 τῆς
3534 2639 3726 2706 ὑγιείας
3764 2633 3870 2705 φάρ-

2301 2744 2486 2797 μακον,
2521 2729 2610 2775 καὶ
2650 2723 2708 2775 ού
2753 2727 2918 2798 φέρειν
2958 2723 3112 2776 πάλιν
3157 2729 3255 2796 φὴς
3293 2730 3389 2783 τὴν
3427 2723 3542 2776 κατ’
3591 2723 3752 2792 ὀλίγον
3781 2719 3870 2772 ἐπί·

2305 2816 2445 2866 θεσιν
2477 2829 2490 2842 ·
2555 2812 2825 2865 ἀσθένειαν
2867 2811 3300 2888 προϐαλλόμενος,
3356 2819 3452 2865 καὶ
3491 2820 3644 2866 τοῦτο
3689 2809 3868 2863 κάκεῖνο

2300 2902 2490 2975 μᾶλλον
2538 2899 2882 2965 εἰσδέξασθαι
2931 2905 3385 2975 προαιρούμενος;
3439 2904 3588 2954 Στενά
3638 2919 3726 2972 μοι
3775 2899 3871 2951 ἑκά·

2301 2993 2537 3064 τέρωθεν,
2592 2995 2680 3042 καὶ
2729 2989 2872 3043 ἐῶντι
2939 2987 3033 3043 διὰ
3106 3009 3164 3043 το
3217 2987 3565 3064 φιλάδελφον·
3624 2995 3710 3042 καὶ
3772 3007 3870 3061 σμι·

2301 3083 2538 3154 κρύνοντι
2581 3085 2639 3132 τό
2669 3082 2938 3154 φάρμακον
2979 3076 3072 3132 διὰ
3102 3084 3159 3132 τό
3217 3089 3309 3140 τῆς
3367 3080 3629 3154 ἁμαρτίας
3664 3081 3866 3151 μέγεθος.

540 3171 825 3242 gravitate
847 3170 1097 3233 sceleris,
1136 3185 1209 3225 ne
1236 3169 1749 3225 medicamentum
1781 3172 2074 3226 minuam.
2101 3179 2191 3227 At-

2301 3151 2479 3242 ’ὸμως
2523 3151 2934 3241 συμπιεζόμενος
2980 3169 3170 3241 μᾶλλον
3241 3178 3302 3241 τῇ
3357 3151 3536 3242 ἀγάπῃ
3593 3170 3746 3241 ὁρίζω
3793 3169 3870 3218 σύν

538 3265 742 3316 tamen
794 3259 1206 3314 vehementius
1250 3257 1537 3314 charitate
1575 3259 1869 3330 impulsus
1893 3259 2022 3315 hrec
2052 3277 2191 3316 cum

539 3349 749 3405 timore
767 3364 836 3404 ac
860 3353 1113 3403 tremore
1131 3348 1374 3402 definio.
1410 3349 1536 3402 Uno
1556 3348 1754 3403 adhuc
1785 3363 1968 3414 anno,
1990 3348 2188 3416 frater,

540 3438 726 3493 sacris
757 3437 1054 3508 mysteriis
1109 3436 1362 3502 abstine,
1415 3437 1495 3491 ob
1535 3438 1840 3507 geminum
1891 3437 2188 3505 delictum,

539 3526 1237 3596 sanctarumimaginum
1274 3525 1644 3580 eversionem
1669 3525 1823 3591 dico,
1859 3533 1913 3581 et
1939 3528 2193 3582 subscri-

537 3617 800 3688 ptionem
823 3616 1092 3686 impiam.
1111 3614 1481 3684 Subscriptio
1505 3615 1664 3670 enim
1687 3621 1798 3680 est,
1822 3615 1916 3670 vel
1933 3618 1982 3670 si
2008 3618 2190 3672 modo

539 3704 835 3759 adductus
865 3720 928 3759 es
987 3709 1048 3757 ut
1097 3703 1290 3758 crucis
1322 3702 1561 3772 signum
1595 3703 1888 3774 pingeres.
1935 3706 2188 3761 Easdem

538 3793 777 3850 interim
800 3808 1004 3864 preces
1029 3807 1278 3863 perages
1295 3807 1363 3846 ac
1385 3790 1856 3860 genuﬂexioues,
1872 3795 2015 3848 citra
2032 3811 2187 3850 mor-

535 3881 705 3938 bum.
729 3883 1026 3947 Quoniam
1058 3889 1259 3936 autem
1291 3881 1508 3950 exigua
1541 3881 1716 3952 plane
1753 3897 1934 3952 pmna
1959 3883 2194 3956 reliqua

536 3977 642 4036 est,
666 3987 934 4041 congrua
955 3972 1014 4027 in
1033 3986 1327 4043 pauperes
1350 3972 1616 4041 pecunias
1631 3970 1970 4041 erogatione
1984 3988 2076 4044 aeq
2089 3989 2193 4028 ua-

536 4061 653 4117 lem
667 4061 928 4133 repende
941 4061 1493 4132 compensationem
1505 4101 1517 4112 .
1533 4061 1830 4124 Quantam
1849 4068 2046 4118 autem
2064 4077 2192 4118 esse

537 4151 696 4207 illam
725 4156 1015 4223 oporteat,
1049 4148 1489 4205 declarabit.....

889 4275 1074 4330 XCVI.
1099 4305 1165 4314 —
1193 4273 1419 4330 Nicetae
1439 4274 1710 4330 curatori
1743 4273 1829 4346 (θ).

785 4399 1241 4455 convenienter:
1275 4403 1454 4470 atque
1484 4398 1635 4454 adeo
1682 4398 2006 4454 dicendum
2041 4399 2178 4454 erit:

2303 3258 2442 3330 φόϐῳ
2506 3263 2595 3310 καὶ
2663 3261 2836 3330 τρόμῳ
2899 3254 3026 3310 τάδε
3053 3275 3066 3288 ⁸
3126 3259 3176 3310 ἓν
3243 3261 3351 3319 ἔτος
3435 3259 3559 3310 ἄλλο
3630 3257 3869 3327 ἀπόσχον,

2301 3345 2507 3420 ἀδελφε,
2562 3355 2662 3399 τῶν
2737 3346 3102 3419 ἁγιασμάτων,
3162 3346 3234 3420 ἐφ’
3282 3348 3548 3420 ἑκατέροις
3603 3353 3709 3406 τοῖς
3762 3363 3871 3415 σύμ·

2301 3443 2570 3510 πτώμασι,
2627 3445 2723 3498 τῆς
2776 3445 2875 3488 τῶν
2931 3436 3091 3507 ἁγίων
3139 3437 3344 3488 εἰκόνων
3393 3437 3694 3500 κατενέξεως
3737 3434 3869 3504 λέγω,

2301 3530 2392 3578 καὶ
2457 3524 2678 3586 ἀσεϐοῦς
2761 3526 3106 3600 ὑπογραφῆς⁶
3166 3527 3444 3600 ὑπογραφή
3495 3529 3596 3600 γὰρ
3661 3522 3749 3576 κᾶν
3806 3523 3873 3572 ὄτι

2301 3620 2454 3686 μόνον
2493 3614 2645 3675 ἑάλως
2678 3618 2903 3687 σταυρόν
2949 3614 3186 3689 χαράξαι
3218 3635 3231 3648 ·
3283 3624 3446 3667 ποιῶν
3487 3621 3576 3668 καὶ
3614 3617 3701 3676 τὰς
3736 3628 3874 3686 προσ·

2301 3707 2466 3776 ευχὰς
2520 3706 2610 3764 τὰς
2671 3705 2833 3766 αὑτὰς
2888 3708 2973 3756 καὶ
3024 3704 3380 3776 γονυκλισίας,
3428 3707 3549 3757 ἄνευ
3607 3703 3868 3760 ἀσθενείας.

2302 3790 2512 3850 Ἐπειδὴ
2562 3791 2620 3846 δε
2667 3793 2837 3864 ὀλίγον
2888 3793 3000 3844 λίαν
3057 3797 3114 3845 τό
3156 3795 3438 3866 ἐπιτίμιον,
3489 3789 3720 3847 ἱπιδόσει
3757 3789 3871 3845 Elm-

2301 3885 2536 3954 μοσύνης
2623 3885 2822 3947 ἱκανῆς,
2898 3881 3285 3940 ἀντισηκοῦσαν
3373 3888 3721 3953 συνεισένεγκε
3794 3895 3873 3934 την

2304 3973 2743 4044 ἁντιστάθμησιν.
2775 3971 3010 4034 Ὁπόσης
3040 3968 3098 4024 δὲ
3123 3974 3336 4037 ταύτης,
3367 3969 3684 4030 δηλώσει...

2639 4273 2748 4361 (ις’.
2781 4305 2849 4316 -—
2887 4278 3138 4345 Νικητᾳ
3175 4282 3570 4349 κουράτωρι.

2403 4443 2438 4456 ..
2499 4399 2768 4473 ἀραρότως
2799 4419 2813 4432 ο
2863 4403 2952 4452 καὶ
3022 4399 3182 4459 οὕτως
3262 4401 3468 4470 ἀνάγκη
3553 4399 3707 4467 λέγειν
3738 4415 3752 4428 ο
3797 4391 3874 4444 οὐκ

537 4493 665 4547 Non
691 4495 780 4544 est
809 4488 1223 4544 manifestatus
1251 4491 1401 4542 Deus
1419 4488 1479 4542 in
1508 4504 1685 4544 carne
1711 4505 1724 4544 :
1752 4505 1874 4561 quo
1891 4489 2040 4560 quid
2065 4504 2191 4545 esse

2304 4489 2594 4564 ἐφανερώθη
2635 4492 2767 4548 Θεὸς
2822 4487 2870 4541 έν
2915 4493 3074 4564 σαρκί
3106 4508 3121 4522 ο
3163 4488 3222 4539 οὗ
3273 4493 3324 4540 τί
3355 4487 3418 4540 ἂν
3465 4491 3662 4558 γένοιτο
3701 4478 3874 4536 ἰονδαί·

538 4579 1060 4653 potestJudaicum
1085 4578 1316 4646 magis?
1334 4578 1469 4632 Haec
1489 4593 1596 4649 pro
1619 4578 1885 4649 epistolas
1899 4578 2194 4634 brevitate

536 4669 694 4725 dicta
724 4668 860 4722 sint.
893 4667 1066 4738 Quod
1095 4667 1143 4721 si
1173 4666 1328 4722 Deus
1376 4666 1605 4722 dederit
1636 4683 1748 4723 nos
1773 4667 2017 4722 tandem
2049 4667 2195 4722 invi-

539 4774 669 4814 cem
689 4773 892 4812 coram
918 4757 1149 4821 intueri,
1173 4763 1312 4810 tunc
1342 4756 1444 4811 tibi
1475 4763 1554 4811 tot
1573 4757 1946 4827 proferentur
1977 4757 2194 4826 placita

535 4845 818 4915 veritatis,
839 4845 914 4901 de
949 4845 1180 4916 pictura
1210 4845 1634 4900 etadoratione
1663 4851 2010 4900 sanctarum
2039 4843 2194 4900 ima-

538 4935 769 5008 ginum,
801 4941 948 5008 quot
979 4934 1076 4990 vix
1106 4949 1281 4990 aures
1309 4938 1442 5000 tuae,
1475 4936 1560 4989 vir
1598 4934 1943 5003 reverenda,
1977 4949 2194 5002 capere

540 5025 788 5100 possint.

821 5149 1032 5209 XCVII.
1067 5180 1133 5192 —
1161 5148 1391 5206 Basilio
1419 5148 1546 5219 ﬁlio
1575 5147 1902 5218 spirituali.

2562 4597 2579 4650 ;
2636 4585 2802 4629 ταῦτα
2865 4580 2934 4639 ὡς
2989 4579 3037 4628 ἑν
3086 4575 3364 4638 ἐπιπολῆς
3431 4581 3601 4652 μέτρῳ
3650 4574 3874 4627 λελεκται.

2300 4670 2420 4722 Ἐὰν
2461 4665 2520 4720 δι
2559 4663 2637 4738 δῷ
2669 4671 2798 4727 Θεὸς
2825 4665 2922 4737 ὀψέ
2961 4685 3083 4718 ποτε
3123 4663 3252 4718 ἰδεῖν
3297 4667 3435 4738 ἡμᾶς
3492 4663 3755 4730 ἀλλήλους,
3781 4664 3875 4712 τότε

2303 4758 2536 4811 τοσαῦτά
2576 4775 2659 4808 σοι
2696 4755 3051 4814 λαληθήσεται
3112 4754 3356 4816 ἀληθείας
3401 4752 3646 4828 δόγματα
3682 4755 3791 4823 περὶ
3834 4764 3875 4799 τε

2303 4586 2463 4652 κώτερ
2471 4598 2524 4631 ον
2562 4597 2577 4650 ;

2301 4855 2507 4922 γραφῆς
2561 4849 2650 4897 καὶ
2695 4850 3100 4920 προσκυνήσεως
3159 4852 3260 4897 τῶν
3302 4845 3466 4915 ἁγίων
3522 4845 3742 4908 εἰκόνων,
3791 4840 3875 4891 ὅσα

2302 4934 2426 4990 οὐδε
2450 4938 2508 4988 τὸ
2533 4938 2705 5008 τίμιόν
2737 4953 2832 4987 σου
2869 4930 2962 4996 οὖς
3001 4930 3250 4993 δυνηθείη
3288 4933 3539 4989 ἀκοῦσαι.

2517 5146 2623 5238 ςΖ.
2651 5181 2720 5191 --
2760 5149 3071 5222 Βασιλείῳ
3110 5150 3224 5221 υἱῷ
3265 5153 3703 5222 πνενματικῷ.

1658 5271 1930 5336 Praecipue
1959 5272 2030 5322 ad
2056 5273 2258 5324 iratum
2289 5286 2475 5324 curam
2502 5274 2764 5325 hortatur.

611 5392 982 5467 Optabamus
1001 5406 1140 5447 cum
1159 5390 1386 5447 domno
1401 5386 1686 5458 Gregorio
1705 5393 1763 5445 et
1776 5391 1828 5444 te
1842 5388 1959 5445 illic
1983 5388 2186 5446 intue-

2361 5387 2746 5466 Ἐπεθνμοῦμεν
2803 5394 2898 5444 σύν
2961 5388 3034 5465 τῷ
3129 5397 3271 5468 κνρῷ
3335 5391 3625 5464 Γρηγορίῳ,
3682 5388 3767 5438 καὶ
3827 5389 3876 5433 σ⁸

2090 5495 2354 5562 NOTAE.

612 5589 683 5670 ς)
709 5587 1122 5664 Dogmaticam
1149 5586 1308 5646 hanc
1337 5585 1517 5645 fuisse
1545 5590 1817 5662 apparet.
