4062 6280
235 306 378 382 1319

1518 302 2030 381 EPISTOLARUM
2078 324 2217 383 LIB.
2260 325 2331 381 II.

3462 326 3599 382 1350

222 452 445 506 ἕνταῦθα
514 454 799 527 θεωρῆσαι,
860 454 1033 505 τέκνον
1098 452 1436 524 ἠγαπημένον
1482 467 1495 480 ·
1545 449 1652 502 ἀλλ’
1716 449 1865 505 ἐπεὶ.

1969 451 2007 518 i,
2040 451 2122 507 ﬁli
2150 452 2361 508 dilecte
2396 471 2409 509 :
2442 454 2545 510 sed
2574 455 2821 527 quando
2844 455 2905 511 id
2938 455 3162 510 minine
3206 453 3431 510 factum
3484 458 3598 521 est,

216 548 373 594 τοῦτο
457 540 516 593 ού
600 544 797 612 γέγονε,
846 542 1128 613 γράμμασι
1212 540 1664 611 παραμυθούμεθα
1736 542 1830 596 τὴν

221 628 532 700 ἀπόλειψιν
593 633 929 703 γνωρίζοντές
1001 649 1085 682 σοι
1138 630 1218 682 ὃτι
1272 630 1459 701 ἔχομέν
1514 646 1570 680 σε
1622 626 1700 679 ἀεὶ
1744 627 1831 678 ἐπὶ

227 715 456 792 καρδίας
517 719 665 791 ἡμῶν
730 727 974 780 ταπεινῆς
1014 736 1028 749 '
1090 717 1349 791 φιλοῦντες
1412 720 1505 774 τὴν
1572 719 1830 789 σωτηρίαν

228 827 325 861 σου
367 826 422 860 τε
451 812 541 860 καί
592 815 690 860 τῶν
744 810 875 880 μετὰ
927 816 1023 860 σοῦ
1054 804 1306 879 ἀδελφῶν,
1354 810 1444 858 καὶ
1474 809 1679 857 τέκνων.
1731 808 1831 857 Καὶ

224 898 327 969 γὰρ
381 900 541 969 πατρὶ
596 895 757 962 κλέος,
791 898 908 948 υἱοῦ
959 893 1212 959 εύδοξία·
1248 898 1335 947 καὶ
1395 897 1622 965 αὔχημα
1676 895 1829 968 ἱερὸν,

224 988 283 1037 τό
340 984 484 1037 ύῖκόν
534 986 918 1058 σεμνολόγημα.
973 983 1264 1058 Παρακαλῶ
1314 980 1400 1036 οὖν
1456 1002 1513 1036 σε
1553 982 1601 1034 ἐν
1659 986 1832 1054 Κυρίῳ

223 1075 448 1146 ἔχεσθαι
500 1072 558 1126 ού
588 1079 743 1146 μόνον
780 1082 876 1136 τῆς
920 1074 1111 1137 οἰκείας
1169 1076 1497 1137 εὐσταθείας,
1560 1070 1687 1123 ἀλλά
1744 1078 1833 1124 καὶ

228 1172 320 1225 τῆς
379 1172 478 1215 τῶν
533 1160 765 1236 ἀδελφῶν
841 1163 1133 1236 ἐπιμελείας
1214 1165 1530 1234 ποθούμενον
1598 1165 1687 1212 καὶ
1740 1178 1834 1211 πο-

232 1256 424 1306 θοῦντα
453 1271 465 1282 ·
523 1258 859 1325 στεργόμενον
934 1257 1024 1305 καὶ
1111 1255 1415 1325 στέργοντα.
1489 1249 1658 1302 Ὅπου
1730 1250 1832 1320 γὰρ

233 1342 412 1415 ἀγάπη
486 1347 836 1415 πνευματικὴ,
892 1345 996 1395 ἐκεῖ
1064 1341 1114 1394 ἐν
1172 1346 1314 1413 μέσῳ
1372 1343 1625 1414 Χριστός.
1698 1338 1839 1390 καθά

233 1430 599 1503 ἐπηγγείλατο.
648 1430 735 1493 Ὦς
783 1430 934 1491 καλός
982 1433 1311 1503 καθηγητὴς,
1362 1431 1457 1500 ἄγε
1508 1432 1626 1488 τοὺς
1679 1428 1837 1500 ἄρνας

236 1521 481 1593 Χριστοῦ
515 1537 528 1551 ·
570 1522 860 1593 συμπαθῶς
911 1524 1257 1593 πεφεισμένως
1311 1518 1626 1592 ὀνειρόμενος
1666 1516 1836 1568 αὐτῶν

235 1613 307 1671 ὡς
356 1609 554 1661 οἰκείων
600 1608 766 1682 μελῶν
799 1624 813 1638 ⁸
848 1604 1000 1670 οἶδας
1055 1613 1135 1670 τίς
1192 1603 1251 1673 εἶ,
1300 1608 1381 1659 ότι
1431 1606 1779 1680 ἀπροσπαθὴς
1816 1617 1829 1630 ⁸

237 1700 319 1751 ὅτι
376 1702 880 1772 συμπεριφερόμενος
908 1715 921 1727 ·
953 1696 1060 1749 ἀλλ’
1116 1693 1203 1749 οὖν
1233 1698 1313 1749 ὅτι
1343 1700 1433 1747 καὶ
1474 1692 1841 1767 ἀκριϐολογού-

1940 541 2143 596 litteris
2172 542 2532 598 desiderium
2570 545 2945 615 mitigamus:
2968 550 3029 599 ut
3058 543 3596 613 intelligasanobis

1941 630 2270 685 humilibus
2302 638 2520 700 gestari
2571 640 2623 689 te
2650 649 2885 704 semper
2915 635 2973 689 in
3002 634 3138 688 sinu
3171 639 3373 698 ;tuam
3436 632 3597 688 enim

1941 718 2189 774 salutem
2221 726 2521 791 optamus,
2553 729 2607 777 et
2652 738 2859 777 eorum
2891 721 2998 794 qui
3049 728 3248 777 tecum
3310 727 3447 777 sunt
3479 722 3599 776 fra-

1942 812 2099 862 trum
2131 823 2200 863 ac
2250 808 2529 864 ﬁliorum.
2580 812 2901 866 Enimvero
2946 810 3042 865 ﬁlii
3075 810 3283 879 gloria,
3314 810 3443 865 laus
3487 826 3596 881 pa-

1944 896 2044 951 tris
2083 901 2169 951 est
2210 913 2222 952 :
2266 906 2320 951 et
2362 900 2456 969 pie
2523 899 2854 955 exsultandi
2899 915 3103 965 causa,
3166 899 3284 954 vita
3339 898 3595 953 ﬁliorum

1942 984 2138 1054 gravis
2167 991 2223 1040 et
2250 988 2602 1057 composita.
2631 988 2892 1044 Obsecro
2924 993 2978 1043 te
3010 989 3209 1059 itaque
3241 987 3298 1041 in
3320 988 3593 1055 Domino,

1946 1078 2147 1127 utnon
2168 1076 2423 1145 propriae
2474 1075 2655 1131 modo
2714 1076 3014 1131 stabilitati
3047 1075 3350 1138 consulas,
3408 1075 3514 1130 sed
3543 1082 3599 1130 et

1943 1162 2192 1216 fratrum
2223 1178 2427 1217 curam
2470 1181 2640 1233 geras
2673 1182 2685 1219 :
2723 1171 2784 1219 ut
2814 1171 2871 1219 et
2900 1167 2975 1219 ab
2996 1165 3065 1219 iis
3087 1164 3355 1234 diligaris
3395 1168 3453 1219 et
3495 1181 3596 1219 eos

1947 1251 2204 1305 vicissim
2236 1251 2473 1321 diligas,
2499 1259 2559 1307 ut
2598 1254 2815 1308 ameris
2844 1260 2899 1307 et
2931 1254 3232 1312 ames.Ubi
3274 1254 3433 1309 enim
3458 1253 3596 1308 cha-

1946 1337 2087 1393 ritas
2110 1339 2415 1409 spiritalis,
2449 1340 2528 1395 ibi
2557 1341 2819 1396 Christus
2850 1342 2909 1395 in
2932 1340 3156 1405 medio,
3180 1341 3330 1395 sicut
3370 1341 3601 1412 pollici-

1950 1434 2039 1482 tus
2070 1433 2157 1483 est
2182 1429 2255 1483 99.
2277 1431 2587 1501 Tanquam
2622 1430 2895 1499 egregius
2935 1430 3169 1495 ductor,
3202 1430 3408 1485 Christi
3452 1447 3599 1485 oves

1947 1518 2110 1586 agito
2142 1532 2156 1568 :
2192 1519 2711 1574 commiseratione
2739 1519 3006 1590 quadam
3029 1525 3206 1589 atque
3227 1519 3603 1588 indulgentia

1948 1606 2110 1677 ipsas
2141 1622 2251 1661 ceu
2280 1607 2523 1677 propria
2562 1608 2833 1663 membra
2874 1607 3143 1677 diligens.
3188 1608 3349 1663 Nosti
3372 1609 3475 1679 qui
3500 1609 3600 1673 sis,

1951 1710 2161 1765 expers
2201 1696 2421 1750 scilicet
2458 1712 2655 1768 prava:
2698 1695 3048 1763 affectionis,
3076 1696 3293 1769 insigni
3322 1696 3601 1752 facilitate

236 1806 406 1860 μενος,
466 1792 584 1859 περὶ
628 1789 716 1848 τάς
772 1785 977 1848 ἐντολὰς
1021 1793 1111 1838 τοῦ
1162 1792 1316 1839 Θεοῦ.
1368 1781 1479 1837 Εἶεν
1523 1783 1762 1835 ἁπάντων
1807 1783 1836 1839 ἡ

1966 1793 2007 1840 3t
2046 1784 2347 1848 comitate,
2377 1790 2584 1840 exacta
2616 1802 2849 1839 morum
2878 1785 3213 1857 disciplina,
3238 1791 3293 1839 et
3321 1785 3600 1841 observa-

238 1876 395 1948 ψυχὴ
438 1879 536 1948 μία
578 1871 670 1928 διὰ
699 1882 792 1928 τοῦ
841 1877 1007 1928 πάντα
1065 1872 1191 1927 εἶναι
1216 1874 1382 1925 κοινά.
1430 1870 1539 1925 Εἶεν
1568 1871 1842 1944 ἐξαγόρευ-

245 1984 327 2027 σις
377 1963 578 2039 ἐπείπερ
627 1970 728 2016 πᾶν
775 1967 833 2017 τό
887 1966 1255 2038 φανερούμενον
1298 1970 1399 2035 φῶς
1451 1961 1610 2033 ἐστιν,
1660 1964 1727 2022 ὡς
1754 1965 1843 2011 καὶ

240 2058 299 2108 τό
357 2054 574 2126 ἔμπαλιν
608 2070 621 2083 ⁸
678 2050 771 2107 εἶεν
825 2054 1047 2118 ὑπακοὴ,
1096 2053 1180 2124 ὑφ’
1313 2053 1338 2103 6
1390 2052 1586 2124 λῃστὴς
1638 2046 1844 2102 εἴσοδον

243 2141 503 2206 ἐξαπάτης
565 2141 671 2214 οὐχ
727 2143 958 2216 εὑρίσκει
990 2158 1003 2171 ·
1042 2139 1136 2193 εἷεν
1182 2144 1514 2205 ταπείνωσις,
1570 2138 1630 2198 ἣν
1685 2137 1846 2210 ἀμπε-

247 2236 468 2304 χόμενος
536 2232 562 2283 6
634 2235 765 2293 Θεὸς
832 2231 1098 2305 ἄνθρωπος
1154 2234 1351 2301 γέγονε,
1415 2229 1561 2290 θεοὺς
1621 2228 1844 2279 ἐντεῦθεν

247 2324 365 2382 τοὺς
412 2321 717 2395 ἀνθρώπους
763 2316 1123 2395 δημιουργῶν.
1182 2322 1245 2371 Ὠ
1289 2317 1410 2369 καλε
1458 2316 1708 2382 Βασίλειε,
1752 2320 1846 2373 τὴν

248 2410 699 2483 παρακαταθήκην
734 2408 956 2481 φύλαξον
1001 2425 1013 2437 ·

252 2497 652 2570 ἂγκολπούμενος
708 2500 773 2550 τά
834 2498 983 2550 θεῖκά
1025 2513 1038 2526 ·
1091 2499 1249 2558 τύπος
1306 2495 1646 2567 ἀγαθοεργίας
1702 2498 1844 2565 πάσῃ

254 2590 592 2662 πρόκείμενος
634 2594 696 2659 τῇ
732 2582 1046 2658 ἀδελφότητι
1070 2602 1083 2615 '
1119 2590 1210 2637 καὶ
1247 2584 1407 2645 οὕτως
1462 2585 1488 2635 ὅ
1538 2602 1596 2634 σε
1634 2581 1848 2645 ἀθετῶν,

256 2675 428 2728 ἀθετεῖ
481 2680 606 2729 Θεόν
639 2694 652 2707 ο
686 2679 775 2728 καὶ
818 2676 843 2726 ό
890 2676 1111 2727 ὑπείκων
1154 2693 1258 2739 σοι,
1300 2675 1497 2726 ὑπείκει
1528 2679 1663 2742 Θεῷ.
1705 2679 1849 2728 Μνη-

258 2767 440 2837 μόνευί
458 2783 557 2837 μου
581 2773 675 2827 τῆς
703 2769 1055 2824 ταπεινώσεως
1088 2766 1181 2816 σὺν
1204 2769 1312 2824 τοῖς
1340 2759 1601 2834 ἀδελφοῖς.

1061 2407 1426 2482 ἐκτρεπόμενος
1467 2408 1533 2457 τὰ
1579 2405 1781 2477 πονηρά
1830 2421 1844 2434 '

260 2939 635 3028 ι²Η’.-Τοῖς
674 2940 1123 3012 ἠγαπημένοις
1163 2935 1461 3010 ἀδελφοῖς
1502 2941 1853 3013 Γρηγορίῳ,

341 3028 682 3101 Ἰεζεχιὴλ,
730 3029 1033 3103 Ἐράστῳ,
1096 3029 1425 3100 Θεοφάνει,
1471 3027 1699 3099 Ἀνίνᾳ,
1749 3030 1857 3078 καὶ

338 3126 481 3181 τοῖς
518 3118 774 3181 λοιποῖς
815 3116 873 3170 ἐν
908 3114 1183 3171 Ἑλλάδι.

1955 1874 2111 1929 tione
2154 1873 2575 1929 mandatorum
2608 1875 2726 1929 Dei.
2760 1875 3039 1931 Omnium
3065 1875 3352 1929 sitanima
3379 1891 3519 1939 una,
3545 1881 3605 1930 ut

1954 1962 2070 2016 sint
2116 1962 2463 2016 communia
2512 1963 2718 2017 omnia
2770 1978 2783 2028 ;
2827 1963 2898 2016 sit
2946 1962 3128 2017 animi
3177 1962 3600 2028 manifestatio,

1954 2050 2451 2122 quandoquidem
2483 2067 2662 2106 omne
2694 2052 2858 2122 quod
2891 2053 2949 2106 in
2972 2056 3179 2123 aperto
3208 2058 3316 2117 est,
3345 2052 3445 2106 lux
3470 2058 3559 2107 est
3587 2066 3601 2106 :

1955 2146 2007 2194 et
2040 2140 2167 2193 vice
2211 2155 2401 2195 versa.
2442 2140 2522 2195 Sit
2550 2140 2887 2196 obedientia
2922 2157 2934 2195 :
2976 2157 3111 2212 quae
3145 2141 3188 2195 si
3226 2145 3336 2204 est,
3371 2140 3601 2195 nullum

1955 2228 2049 2284 fur
2079 2228 2303 2283 invenit
2326 2228 2661 2300 decipiendi
2690 2229 2891 2284 locum
2925 2247 2937 2285 :
2975 2229 3387 2295 sithumilitas,
3419 2246 3604 2302 quam

1958 2320 2110 2373 Deus
2138 2316 2449 2388 amplexus
2478 2318 2663 2373 homo
2678 2318 2869 2374 factus
2897 2325 3005 2382 est,
3034 2324 3095 2373 ut
3124 2318 3400 2374 homines
3417 2319 3507 2373 vel
3523 2318 3607 2373 sic

1956 2407 2102 2462 deos
2139 2405 2413 2461 efﬁceret.
2447 2408 2489 2463 Ο
2522 2409 2757 2477 egregie
2790 2407 2979 2469 Basili,
3026 2424 3201 2463 serva
3241 2407 3607 2479 depositum,

1958 2510 2142 2567 prava
2154 2497 2675 2566 respuens,divina
2688 2497 3121 2568 complectens:
3142 2502 3429 2569 tanquam
3454 2505 3609 2552 recte

1961 2583 2179 2654 agendi
2208 2583 2514 2640 formatoti
2546 2584 2899 2641 fraternitati
2942 2587 3408 2657 pr0positus.Sic
3449 2588 3608 2641 enim

1961 2674 2065 2744 qui
2098 2679 2149 2727 te
2191 2674 2497 2743 spreverit,
2529 2676 2713 2729 Deum
2744 2675 2968 2745 spernit
3003 2690 3013 2727 :
3048 2679 3101 2729 et
3131 2675 3234 2746 qui
3266 2674 3370 2729 tibi
3403 2691 3613 2745 parue-
3699 2663 3703 2667 ’

1964 2763 2054 2827 rit,
2078 2762 2196 2816 Deo
2226 2767 2414 2833 paret.
2435 2765 2653 2819 Memor
2682 2769 2811 2818 esto
2840 2778 2961 2818 una
2992 2779 3130 2819 cum
3176 2762 3454 2819 fratribus
3504 2766 3613 2820 hu-

1966 2850 2233 2906 militatis
2258 2867 2426 2907 meae.

1971 2939 2196 2994 XCVIII.
2239 2970 2306 2980 —
2344 2942 2587 2998 Dilectis
2617 2942 2939 3009 fratribus,
2965 2942 3272 3011 Gregorio,
3293 2942 3612 3007 Ezechieli,

2040 3029 2649 3100 Erasto,Theop/iani,
2663 3033 2708 3086 A
2722 3032 2961 3096 ninae,et
2991 3031 3240 3102 reliquis
3265 3031 3326 3086 in
3345 3031 3579 3089 Graecia
3594 3078 3607 3092 .

899 3216 1207 3266 Monasticae
1242 3215 1364 3264 vitae
1389 3216 1655 3278 praecepta
1686 3213 1796 3271 dat,
1832 3213 2099 3277 praecipue
2133 3212 2199 3262 de
2232 3216 2573 3276 paupertate.

336 3309 574 3381 Καιρός
621 3312 732 3357 τοῦ
787 3304 1026 3372 λαλεῖν,
1070 3310 1178 3357 καὶ
1216 3307 1438 3379 καιρός
1478 3310 1585 3356 τοῦ
1645 3309 1855 3375 σιγᾷν.

257 3394 405 3449 Ἐπεί
466 3391 553 3447 οὖν
602 3402 695 3446 τοῦ
751 3389 996 3468 δευτέρου
1055 3396 1080 3445 6
1128 3393 1280 3466 λόγος
1331 3393 1380 3445 ἐν
1408 3401 1517 3454 ταῖς
1572 3391 1860 3468 προλαϐοῦ-

260 3503 383 3546 σαις
436 3486 697 3559 ἡμέραις·
755 3486 881 3536 εἴπω
931 3479 990 3535 δε
1045 3488 1134 3535 καὶ
1187 3482 1235 3535 ἐν
1283 3484 1364 3544 αἷς
1411 3486 1469 3534 τό
1523 3487 1706 3554 παρόν.
1766 3482 1861 3533 Διά

254 3580 418 3626 τοῦτο
494 3572 645 3645 μόλις
713 3576 803 3624 καὶ
886 3573 1005 3644 ἄρτι
1081 3570 1438 3633 ἐξεληλυθότες
1518 3580 1614 3633 τῆς
1668 3570 1861 3631 πόλεως

255 3659 511 3734 εὐδοκκίᾳ
540 3668 695 3728 Θεοῦ,
719 3662 1048 3734 φθεγγόμεθα
1071 3663 1213 3733 ὑμῖν,
1245 3665 1460 3735 πατέρες
1484 3665 1575 3712 καὶ
1604 3656 1816 3731 ἀδελφοί
1844 3677 1857 3689 ·

260 3754 591 3826 φθεγγόμεθα
644 3749 703 3805 δὲ
756 3749 1127 3811 ἀποστολικαῖς
1168 3758 1397 3823 φωναίς’
1460 3754 1739 3823 Χαίρετε
1804 3748 1862 3800 ἐν

262 3846 477 3916 Κυρίῳ
528 3844 828 3908 πάντοτε,
876 3846 986 3894 καὶ
1042 3840 1234 3893 πάλιν
1274 3840 1411 3916 ἐρῶ,
1458 3844 1725 3913 χαίρετε
1771 3837 1859 3891 ὀύ

260 3932 400 3983 κατά
427 3935 522 3990 τὴν
547 3934 725 4006 χαρὰν
754 3937 844 3983 τοῦ
870 3927 1000 4003 τῇδε
1022 3935 1224 4003 κόσμου
1250 3947 1262 3960 ·
1287 3930 1418 3987 πλὴν
1445 3931 1525 3981 ὅτι
1548 3925 1672 3981 οὐδὲ
1693 3929 1857 4002 χαρὰ,

258 4019 390 4073 ἀλλά
436 4022 573 4073 πάνυ
630 4018 826 4090 θλίψις.
877 4018 1223 4081 ἀτακτοῦντος
1270 4026 1360 4070 τοῦ
1412 4020 1667 4076 ὑπηκόου.
1706 4017 1865 4071 Ἀλλά

260 4114 480 4183 χαίρετε
530 4111 667 4162 κατά
718 4115 928 4181 Πνεῦμα
966 4108 1280 4181 ἁγιωσύνης,
1327 4109 1409 4159 ὅτι
1455 4105 1771 4178 ἐλυτρώθητε
1809 4104 1864 4157 ἐκ

256 4203 352 4261 τὴς
398 4195 636 4260 δουλείας
664 4204 757 4250 τοῦ
805 4196 1024 4271 ἐχθροῦ,
1079 4196 1136 4248 ἐκ
1174 4206 1269 4257 τῆς
1322 4200 1551 4269 ματαίας
1599 4194 1863 4269 ἀναστρο-

265 4295 382 4362 φῆς,
456 4288 557 4340 ἀπό
637 4290 830 4362 σαρκὸς
885 4290 975 4339 καὶ
1039 4288 1280 4358 αἳματος,
1360 4283 1679 4345 δουλεύοντες
1750 4291 1864 4355 Θεῷ

264 4378 424 4438 ζῶντι
460 4382 551 4430 καὶ
601 4375 828 4445 ἀληθινῷ
861 4392 873 4407 ⁸
907 4374 961 4439 ἐξ
1012 4376 1071 4428 οὗ
1101 4381 1190 4428 καὶ
1245 4377 1271 4427 6
1312 4379 1556 4450 πρότερος
1605 4376 1741 4426 κατὰ
1778 4377 1864 4426 τόν

268 4461 504 4537 διωγμόν
555 4468 913 4540 μακαρισμός.
974 4470 1064 4519 καὶ
1114 4467 1141 4519 6
1193 4472 1280 4517 νῦν
1338 4465 1618 4537 ξενισμός·
1670 4460 1775 4516 ὦδέ
1810 4481 1866 4515 τε

2047 3304 2295 3373 Tempus
2328 3304 2627 3376 loquendi,
2656 3310 2709 3361 et
2750 3308 2975 3374 tempus
3008 3307 3245 3363 tacendi
3270 3308 3312 3361 ¹.
3341 3308 3619 3373 Quando-

1967 3392 2215 3465 quidem
2241 3392 2417 3460 igitur
2456 3394 2746 3463 posterior
2777 3397 3080 3450 sententiae
3108 3412 3246 3467 pars
3284 3397 3484 3453 locum
3517 3399 3621 3453 ha-

1967 3480 2098 3535 buit
2126 3479 2531 3550 superioribus
2570 3480 3001 3549 diebus,dicam
3033 3490 3089 3539 et
3140 3500 3299 3540 nunc
3328 3502 3465 3557 quae
3512 3486 3623 3542 fert

1969 3583 2236 3641 praesens
2265 3568 2545 3624 conditio.
2580 3570 2803 3627 Idcirco
2820 3588 2976 3642 mgre
3006 3589 3165 3629 nunc
3196 3577 3437 3630 tandem
3474 3575 3621 3631 urbe

1972 3657 2192 3728 egressi
2249 3656 2348 3711 Dei
2403 3657 2718 3725 beneﬁcio,
2798 3678 2905 3717 vos
2971 3663 3356 3735 alloquimur,
3421 3668 3620 3721 Patres

1972 3747 2322 3817 fratresque.
2409 3745 2784 3818 Alloquimur
2876 3758 3076 3808 autem
3165 3754 3361 3809 verbis
3474 3759 3620 3826 Apo-

1972 3833 2105 3889 stoli
2146 3850 2159 3888 :
2202 3833 2466 3889 Gaudete
2539 3836 2601 3889 in
2673 3838 2914 3895 Domino
2994 3856 3240 3911 semper,
3292 3849 3346 3897 et
3408 3846 3622 3899 iterum

1971 3923 2188 3987 dicam,
2207 3923 2460 3992 gaudete
2489 3927 2507 3956 ³
2524 3939 2538 3989 ;
2557 3938 2675 3977 non
2691 3929 3027 3985 secundum
3052 3930 3230 4001 hujus
3244 3929 3455 3987 mundi
3479 3943 3623 3997 gau-

1972 4012 2141 4067 dium
2175 4028 2188 4065 :
2221 4026 2415 4082 neque
2454 4011 2610 4066 enim
2651 4013 2962 4081 gaudium,
3006 4015 3112 4070 sed
3143 4016 3341 4085 gravis
3381 4014 3623 4072 afﬂictio

1973 4107 2078 4167 est,
2107 4100 2211 4155 ubi
2237 4099 2515 4154 subditus
2555 4098 2849 4170 ﬂagitiose
2881 4102 3039 4158 vivit.
3091 4105 3207 4159 Sed
3247 4105 3504 4175 gaudete
3536 4121 3626 4160 se-

1975 4197 2240 4246 cundum
2270 4189 2551 4259 Spiritum
2588 4192 2942 4257 sanctitatis,
2986 4195 3275 4265 quoniam
3312 4193 3390 4249 ab
3419 4193 3623 4249 hostili

1973 4279 2310 4351 captivitate
2338 4277 2626 4349 redempti
2657 4282 2818 4348 estis,
2848 4282 2925 4337 ab
2950 4284 3113 4339 inani
3141 4284 3619 4349 conversatione,

1975 4384 2011 4425 a
2031 4382 2209 4423 carne
2240 4371 2296 4421 et
2320 4368 2634 4435 sanguine,
2668 4370 2992 4427 servientes
3022 4372 3141 4428 Deo
3184 4373 3316 4428 vivo
3344 4388 3414 4428 ac
3441 4387 3577 4428 vero
3610 4388 3623 4425 :

1974 4472 2047 4512 ex
2083 4470 2207 4527 quo
2247 4460 2373 4509 tum
2420 4454 2583 4526 prior
2629 4455 2731 4513 illa
2781 4474 2854 4513 ex
2894 4462 3305 4531 persecutione
3356 4460 3623 4529 felicitas,

267 4552 480 4606 κάκεῖσε
537 4551 927 4629 διεσπαρμένων
972 4556 1135 4628 ὑμῶν,
1191 4556 1285 4616 ἕως
1337 4554 1396 4607 οὗ
1454 4550 1628 4607 ἐπίδοι
1678 4555 1865 4627 Κύριος

1974 4550 2100 4603 tum
2127 4544 2287 4599 istud
2306 4544 2473 4616 quod
2502 4561 2663 4600 nunc
2694 4546 2963 4618 perfertis
2987 4550 3286 4617 exsilium,
3304 4550 3421 4606 huc
3445 4556 3629 4621 atque

270 4641 479 4716 εἰρήνην
515 4641 779 4720 βραϐεύων
837 4652 898 4718 τῇ
959 4643 1248 4717 Ἐκκλησία
1302 4643 1483 4711 αὑτοῦ,
1524 4648 1613 4696 καὶ
1666 4642 1868 4695 ἀποκα-

274 4732 467 4785 θιστῶν
497 4734 637 4805 ἡμᾶς
659 4732 747 4786 ἐπὶ
778 4736 837 4787 τό
862 4733 1010 4786 αύτό.

341 4908 411 4959 T6
444 4901 503 4958 δὲ
518 4912 605 4957 νῦν
636 4907 757 4979 ἔχον
784 4903 972 4980 δέομαι
1000 4907 1162 4981 ὑμῶν,
1194 4903 1427 4980 ἀδελφοὶ,
1462 4905 1616 4970 ἀξίω
1637 4928 1659 4971 ς
1696 4926 1809 4982 περ
1826 4928 1868 4960 ι-

268 4998 565 5054 πατῆσαί
616 5004 725 5057 τῆς
778 4996 1067 5058 κλήσεως
1123 4998 1195 5060 ἧς
1256 4996 1651 5069 ἐκλήθημεν·
1707 5001 1868 5071 μετὰ

272 5086 355 5140 πά
371 5104 448 5143 ση
468 5105 490 5147 ς
517 5083 792 5157 ἀσφαλείας
806 5091 897 5139 καὶ
927 5083 1206 5162 προσοχῆς
1225 5106 1237 5118 ·
1270 5088 1400 5159 μετά
1420 5088 1597 5150 πάσης
1626 5106 1869 5141 ταπεινο-

271 5177 534 5251 φροσύνης
584 5179 673 5228 καὶ
715 5177 952 5238 ὑπακοῆς
994 5184 1088 5240 τῆς
1114 5176 1181 5238 εἰς
1212 5174 1463 5239 ἀλλήλους
1496 5196 1508 5209 ·
1543 5179 1751 5249 ἔχοντες
1777 5185 1869 5231 τοῦ

270 5268 654 5339 προηγουτίνου
706 5269 793 5318 τόν
841 5271 996 5319 τόπον
1038 5274 1135 5329 τῆς
1181 5265 1379 5340 ἀρχῆς,
1431 5265 1527 5318 ούκ
1554 5266 1623 5329 εἰς
1650 5268 1867 5343 ἔπαρσιν

275 5350 607 5429 δαιμονικὴν,
665 5354 776 5408 ἀλλ’
826 5356 891 5418 εἰς
957 5358 1117 5409 τύπον
1184 5352 1372 5429 ἀρετῆς
1434 5364 1531 5408 τῶν
1586 5356 1861 5429 ἑπομένων,

273 5448 364 5497 καὶ
418 5452 517 5497 τῶν
578 5440 637 5497 δε
688 5446 998 5498 ὑπεικόντων
1054 5448 1143 5498 καὶ
1171 5446 1501 5519 πειθομένων,
1544 5447 1613 5508 ὡς
1651 5444 1765 5519 ἐμοὶ
1792 5455 1866 5520 τῷ

275 5529 493 5609 ἀναξίῳ,
541 5532 732 5589 πᾶλλον
797 5529 858 5587 δε
900 5540 1138 5610 Χριστῷ,
1193 5530 1265 5590 δι’
1323 5534 1377 5589 ὃν
1422 5537 1600 5590 καὶτὸ
1634 5540 1735 5590 πᾶν
1765 5542 1857 5590 τοῦ

1974 4634 2113 4693 illuc
2164 4633 2438 4706 dispersi,
2484 4634 2676 4690 donec
2725 4639 3004 4709 respiciat
3048 4640 3360 4707 Dominus,
3410 4655 3624 4712 pacem

1976 4723 2251 4780 Ecclesiae
2280 4738 2404 4778 suae
2430 4726 2790 4793 concedens,
2825 4744 3057 4801 nosque
3085 4730 3146 4785 in
3197 4746 3385 4785 unum
3436 4729 3630 4786 conci-

1974 4814 2154 4871 lians.

2048 4904 2113 4958 In
2140 4901 2415 4974 prmsenti
2447 4905 2642 4958 autem
2665 4920 2865 4962 rerum
2898 4912 3074 4974 statu,
3104 4924 3208 4965 oro
3240 4925 3368 4975 vos,
3393 4908 3627 4976 fratres,

1976 4996 2041 5048 ut
2070 4991 2249 5062 digne
2277 4992 2585 5048 ambuletis
2616 4996 2920 5053 vocatione
2932 5013 3048 5069 qua
3064 4999 3253 5054 vocati
3268 5013 3626 5062 sumus,cum

1976 5082 2138 5139 omni
2166 5081 2188 5115 ⁸
2210 5080 2516 5151 diligentia
2545 5087 2602 5138 et
2653 5088 2997 5153 attentione,
3031 5103 3168 5143 cum
3199 5088 3363 5143 omni
3390 5086 3629 5142 humili—

1978 5176 2094 5228 tate
2124 5176 2179 5228 et
2209 5171 2547 5227 obedientia
2570 5172 2822 5231 invicem
2852 5191 2863 5228 :
2910 5175 3277 5247 praefecturas
3307 5176 3511 5232 locum
3543 5182 3628 5232 te-

1977 5268 2154 5319 nente
2184 5264 2527 5334 praeposito,
2554 5278 2672 5318 non
2704 5263 2782 5319 ad
2794 5264 3153 5321 diabolicam
3168 5266 3487 5323 elationem
3501 5265 3633 5322 ani-

1978 5352 2080 5417 mi,
2114 5351 2219 5407 sed
2248 5352 2326 5406 ad
2350 5352 2576 5408 virtutis
2621 5352 2963 5425 exemplum
2990 5354 3275 5424 alumnis,
3297 5354 3489 5427 iisque
3519 5354 3625 5427 qui

1977 5440 2093 5514 ipsi
2116 5440 2535 5512 obtemperant
2563 5456 2633 5496 ac
2666 5458 2893 5498 morem
2927 5452 3138 5515 gerunt
3164 5450 3455 5516 tanquam
3485 5444 3631 5499 mihi

1976 5530 2248 5604 indigno,
2273 5529 2366 5589 vel
2401 5529 2633 5590 Christo
2668 5531 2888 5608 potius,
2931 5539 3176 5611 propter
3212 5548 3397 5610 quem
3424 5538 3483 5593 et
3510 5534 3630 5595 vita

346 5649 395 5688 °'
418 5649 619 5710 Matth.
642 5666 797 5721 xvui,
822 5649 914 5713 20.
990 5651 1009 5691 ¹
1042 5650 1225 5710 Eccle.
1254 5668 1334 5728 in,
1360 5655 1414 5711 8.
1491 5657 1512 5692 ²
1540 5652 1747 5728 Philip.
1773 5669 1848 5720 iv,

2012 5654 2033 5691 ³
2060 5649 2277 5727 Ephes.
2308 5663 2389 5723 tv,
2421 5654 2473 5715 I.
