4036 6276
482 271 614 332 1351
1403 262 1406 264 ⁷
1729 275 1791 331 s.
1831 271 2076 331 THEODi

2247 267 2564 331 STUDITIE
3697 259 3841 322 1352

479 399 702 465 omnis,
735 402 790 456 et
808 398 1145 455 voluntaria
1171 415 1333 455 mors
1378 398 1757 470 quotidiana,
1786 417 1822 456 o
1850 400 1974 466 tilii,
2006 418 2073 455 ωε

2246 398 2358 472 βίου
2395 404 2484 452 καὶ
2509 399 2534 450 6
2584 398 2697 450 καθ’
2738 397 2935 470 ἡμέραν
2981 395 3347 469 προαιρετικὸς
3395 393 3633 459 θάνατος,
3677 390 3716 444 ὦ
3755 396 3840 444 τί-

481 503 669 558 gnum
684 489 892 544 salutis
910 488 1257 560 mysterium
1271 487 1593 544 est.Videte
1607 489 2075 560 quemadmodui

2245 511 2353 556 κνα,
2386 492 2516 562 μετὰ
2559 492 2737 546 τὸτῆς
2789 489 3047 557 σωτηρίας
3095 490 3402 556 μυστήριον.
3456 482 3674 537 Βλέπετε
3726 492 3839 544 πῶς

480 577 712 646 degatis
745 596 757 632 :
791 594 911 632 non
946 584 1004 633 ut
1036 577 1188 631 vitiis
1219 576 1485 642 obnoxii,
1517 579 1619 632 sed
1664 585 1727 632 ut
1751 585 2022 650 expertes
2053 596 2074 632 v

2239 580 2640 651 ἀναστρέφεσθε,
2693 580 2763 648 μὴ
2798 577 2866 636 ὡς
2915 573 3181 646 ἐμπαθεῖς,
3233 573 3339 624 ἀλλ’
3384 576 3446 632 ὡς
3481 571 3693 632 ἀπαθεῖς
3717 593 3728 604 ·
3758 577 3833 644 μὴ

481 667 696 721 tiorum
733 683 743 721 :
783 683 904 720 non
937 673 999 720 ut
1025 666 1245 734 carnis,
1291 667 1396 720 sed
1433 671 1496 720 ut
1545 669 1638 722 Dei
1691 676 2018 723 amatores.
2050 669 2075 722 l‘

2244 673 2304 731 ὡς
2349 668 2677 740 φιλόσαρκοι,
2724 664 2828 716 ἀλλ’
2883 666 2952 724 ὡς
2983 663 3226 734 φιλόθεοι.
3282 666 3366 720 Μὴ
3414 660 3741 714 ἐπιϐάλλοιτε
3773 665 3838 713 τὰ

479 754 686 810 oculos
713 757 770 809 in
805 755 1162 810 feminarum
1191 754 1578 826 oraconjicite
1610 772 1622 810 :
1659 757 1760 810 sed
1781 773 2073 827 nequeerg

2245 762 2450 829 ἅμματα
2511 755 2666 826 ὄψεσι
2729 762 3013 825 γυναικῶν,
3083 752 3214 804 ἀλλὰ
3287 748 3424 824 μηδὲ
3485 751 3557 813 εἰς
3624 749 3839 812 ἑαυτοὺς

478 859 587 897 vos
615 843 867 898 invicem
896 843 1202 897 liberiores
1241 844 1297 896 in
1331 842 1566 911 agendo
1605 849 1809 898 estote.
1843 847 1938 899 Est
1969 847 2072 899 eni.

2243 848 2375 903 εῐητε
2419 844 2889 919 παρρησιαστικοί.
2956 839 3237 916 Παρρησία
3286 844 3386 914 γὰρ
3433 848 3536 913 πῦρ
3577 841 3837 913 καταφλέ-

477 930 732 994 licentia,
763 932 914 1001 ignis
951 930 1223 985 animum
1277 946 1583 1002 perurens.
1619 934 1859 986 Mortem
1924 935 2071 987 aniu

2243 956 2326 1007 γον
2377 935 2591 1006 ψυχήν.
2654 932 2908 984 Μελετᾶτε
2954 933 3040 982 τὸν
3084 932 3299 982 θάνατον
3358 928 3456 994 ἀεὶ,
3491 933 3560 991 ὡς
3598 931 3658 981 ἄν
3698 933 3837 986 εἴητε

478 1034 714 1090 semper
751 1018 1232 1088 cogitate.utsitis
1255 1020 1330 1073 ad
1359 1034 1667 1087 egressum
1696 1036 1767 1074 ex
1785 1021 1901 1075 vita
1936 1036 2072 1090 para

2244 1027 2715 1098 παρεσκευασμένοι
2780 1023 2910 1092 πρὸς
2978 1024 3071 1077 τὴν
3120 1015 3298 1081 ἔξοδον
3369 1017 3418 1069 ἐν
3483 1023 3656 1092 χαρᾷ.
3736 1020 3838 1078 Τὰς

475 1113 532 1162 et
569 1107 816 1162 alacres.
848 1107 1214 1162 Traditiones
1259 1117 1485 1161 servate
1521 1126 1532 1162 :
1568 1124 1700 1180 quae
1732 1113 1868 1162 sunt
1903 1121 2069 1180 praesi

2244 1109 2562 1183 παραδόσεις
2607 1116 2841 1184 κρατεῖτε
2877 1127 2890 1140 ·
2943 1111 3006 1159 τὰ
3056 1110 3320 1180 ὡρισμένα
3370 1108 3574 1172 τελεῖτε,
3613 1110 3747 1158 κατά
3785 1127 3838 1159 τε

478 1202 601 1251 tuta
634 1196 911 1267 perficite,
941 1203 1065 1250 tum
1097 1213 1233 1268 quae
1267 1197 1670 1268 psalmodiam
1703 1199 1974 1262 attinent,
2005 1205 2072 1253 illi

2245 1196 2550 1272 ψαλμῳδίαν
2610 1203 2698 1249 καὶ
2757 1201 3064 1272 προσευχὴν
3108 1199 3272 1248 καὶεί
3319 1215 3371 1247 τι
3401 1197 3589 1268 ἕτερον.
3621 1201 3705 1253 Μὴ
3748 1198 3839 1253 θη-

471 1301 607 1356 quae
636 1286 966 1340 orationem
999 1291 1053 1338 et
1084 1286 1320 1355 puidvis
1351 1285 1534 1340 aliud.
1563 1287 1747 1341 Nolite
1792 1303 2004 1341 aurum
2034 1305 2063 1340 v

2245 1293 2526 1361 σαυρίζητε
2577 1287 2778 1348 ἑαυτοῖς
2828 1291 3057 1360 χρυσίον
3112 1285 3185 1345 εἰς
3227 1288 3284 1338 τό
3326 1287 3373 1336 ἐν
3421 1294 3586 1359 καιρῷ
3626 1287 3839 1337 ἐπισυν-

476 1373 567 1428 bis
593 1374 734 1446 ipsis
753 1374 1048 1442 colligere,
1081 1383 1160 1440 ut,
1185 1391 1322 1429 cum
1373 1374 1533 1429 eritis
1575 1375 1634 1430 in
1703 1391 1890 1430 unum
1917 1389 2070 1432 coaci

2246 1386 2452 1448 κ’γωγῆς
2505 1376 2883 1448 παρασχέσθαι
2924 1373 3050 1425 αὐτό
3086 1369 3242 1435 ἰδίοις
3297 1378 3385 1425 καὶ
3415 1372 3576 1445 φίλοις
3609 1392 3622 1404 ο
3652 1376 3721 1434 ὡς
3755 1375 3840 1424 ὅτε

477 1463 832 1534 propinquis
859 1471 914 1517 et
938 1464 1146 1518 amicis
1169 1463 1312 1518 illud
1347 1463 1617 1519 tribuatis
1651 1480 1663 1518 :
1689 1467 1976 1536 quoniam
2005 1483 2071 1520 mi

2245 1473 2294 1518 τό
2342 1473 2690 1537 μοναστὴριον
2728 1468 2989 1536 φροντίσει
3028 1465 3094 1514 τὰ
3141 1464 3258 1514 καθ’
3306 1464 3465 1532 ἡμᾶς.
3527 1462 3601 1514 Οὐ
3649 1467 3839 1514 τέκνων

475 1552 737 1607 nasterio
768 1568 912 1608 cura
941 1557 1030 1607 est
1073 1568 1273 1607 rerum
1315 1559 1680 1607 nostrarum.
1730 1557 1857 1608 Non
1897 1560 1985 1609 est
2014 1555 2069 1609 hi

2247 1563 2372 1608 Θεοῦ
2407 1561 2581 1621 τοῦτο,
2623 1551 2750 1603 ἀλλὰ
2795 1557 3156 1626 σαρκοφρόνων
3191 1568 3203 1580 ⁸
3231 1560 3340 1612 πῶς
3372 1547 3431 1603 δέ
3463 1569 3476 1616 ;
3506 1552 3588 1601 ἰνα
3616 1555 3672 1602 τό
3701 1552 3841 1602 κατὰ

472 1640 732 1696 ﬁliorum
766 1642 880 1703 Dei,
917 1641 1023 1696 sed
1050 1657 1255 1696 eorum
1282 1643 1384 1712 qui
1408 1657 1626 1714 eaqum
1658 1643 1855 1697 carnis
1879 1650 2016 1698 sunt
2036 1661 2062 1696 s

2240 1645 2409 1713 θρείαν
2465 1646 2662 1711 γένοιτο
2689 1659 2701 1670 ·
2739 1646 2826 1692 καὶ
2873 1644 2931 1690 τὸ
2976 1641 3180 1712 φθάσαν
3217 1635 3344 1691 εἶναι
3387 1641 3712 1714 προσενεχθῇ
3770 1646 3834 1710 τῇ

474 1729 663 1800 piunt.
696 1729 1010 1794 Quomodo
1037 1731 1218 1797 igitur
1257 1730 1285 1785 ?
1319 1736 1378 1783 ut
1409 1730 1468 1783 in
1527 1745 1912 1786 communem
1947 1749 2058 1785 usu

2245 1729 2551 1803 ἰιδελφότητι
2585 1752 2597 1762 ·
2639 1731 2720 1781 ἶνα
2758 1728 2812 1781 ἐκ
2866 1728 3062 1780 πολλῶν
3094 1735 3387 1800 προσώπων
3431 1731 3489 1780 τὸ
3519 1735 3839 1780 συστατικον

473 1817 813 1872 conferatur
841 1833 852 1870 ε
896 1823 950 1872 et
974 1817 1268 1889 quidquid
1291 1818 1624 1886 contigerit,
1660 1818 2005 1874 fraternitati
2035 1828 2067 1873 ti

2244 1824 2311 1879 εἴη
2344 1829 2435 1872 τοῦ
2479 1819 2758 1872 κοινοϐίου.
2791 1825 2969 1871 Ταῦτα
3013 1815 3071 1870 δέ
3108 1838 3196 1890 μοι
3236 1820 3436 1892 εἴρηται
3461 1815 3641 1876 ἐπειδὴ
3670 1821 3838 1875 ἤκου-

469 1906 690 1962 buatur
731 1923 742 1960 :
789 1913 847 1961 ut
890 1923 955 1960 ex
1007 1906 1326 1961 multorum
1389 1906 1668 1976 symbola
1729 1924 1821 1962 res
1870 1909 2063 1963 cmnol

2243 1930 2359 1962 σται
2407 1910 2582 1983 ὄτιπέρ
2623 1927 2756 1969 τινες
2810 1905 2917 1966 ἤδη
2983 1907 3281 1959 ἀπεντεῦθεν
3335 1909 3618 1981 ὁρίζονται.
3678 1903 3837 1970 Τόδε,

470 1997 884 2050 constituatur.
921 1998 1050 2050 Haec
1081 2013 1116 2050 a
1137 2012 1228 2049 me
1261 1995 1482 2050 idcirco
1503 1996 1663 2051 dicta
1681 2003 1835 2060 sunt,
1857 1998 2020 2067 quod
2048 2016 2064 2052 ε

2243 2004 2388 2071 φησὶ,
2422 2003 2480 2050 τὸ
2516 2002 2666 2065 ζῶον,
2722 2002 2812 2049 καὶ
2852 1994 2971 2049 τόδε
3022 2001 3077 2048 τό
3126 1999 3352 2068 ἱμάτιον,
3386 1996 3476 2047 εἶτ’
3509 1992 3594 2047 οὖν
3642 1996 3837 2068 ἕτερον,

469 2100 581 2139 nos
608 2084 1002 2139 famadetulit
1031 2101 1158 2139 esse
1185 2085 1484 2156 quosdam
1540 2086 1641 2155 qui
1669 2085 1795 2155 jam
1853 2102 2012 2141 nunc
2043 2088 2056 2141 i

2249 2086 2490 2160 5οὐλομαι
2548 2095 2620 2158 τῷ
2652 2083 2783 2138 δεῖνι
2844 2085 3017 2138 ἐᾶσαι.
3067 2085 3134 2137 Ὠ
3162 2094 3250 2146 τῆς
3299 2083 3597 2145 ἀθλιότητος
3624 2085 3636 2138 Ξ
3670 2086 3710 2135 ὡ
3741 2093 3843 2146 τῆς

470 2173 901 2228 statuant:Hoc
934 2173 1506 2245 pecus,inquiunt,et
1534 2174 1645 2229 hoc
1677 2175 2064 2231 indumentur

2249 2176 2573 2251 ὶφροσύνηςῑ
2631 2176 2830 2227 Οὐκοῦν
2907 2176 3023 2227 οὔτε
3095 2179 3266 2226 τέκνον
3323 2175 3348 2225 6
3406 2182 3658 2240 τοιοῦτος,
3719 2174 3843 2225 οὔτε

469 2263 591 2318 sive
621 2263 934 2334 quidpiam
978 2263 1158 2328 aliud,
1179 2262 1316 2317 volo
1331 2262 1430 2316 tali
1457 2264 1787 2334 relinquere
1819 2262 1847 2317 ?
1877 2267 1919 2320 Ο
1946 2265 2058 2319 mis

2250 2261 2454 2336 ὶδελφός
2486 2285 2498 2297 ο
2534 2263 2641 2315 ἀλλ’
2692 2263 2978 2332 ἀλλότριος,
3014 2262 3143 2315 ἀλλὰ
3194 2263 3475 2336 ἱερόσυλος,
3511 2262 3570 2314 οὗ
3615 2265 3644 2320 ἡ
3693 2268 3844 2335 μερὶς

467 2350 621 2405 riam
652 2351 666 2405 l
701 2366 735 2405 ο
760 2351 1131 2405 dementiam
1159 2353 1178 2404 Ι
1208 2352 1384 2422 Atqui
1418 2367 1537 2406 non
1563 2358 1650 2406 est
1681 2369 1709 2406 e
1737 2352 1994 2408 ﬁliorum
2019 2370 2054 2407 n

2233 2353 2959 2428 μεταΓιεζῆτοῦκλέπτ-ον.
3004 2390 3076 2406 ..
3125 2392 3138 2405 .
3183 2392 3198 2406 .
3245 2392 3258 2404 .
3304 2391 3316 2404 .
3363 2394 3376 2406 .
3421 2394 3435 2407 .
3482 2394 3495 2407 .
3541 2390 3612 2406 ..
3657 2391 3670 2406 .
3724 2391 3799 2408 ο.

469 2437 635 2495 mero
661 2441 765 2512 qui
789 2439 1086 2510 ejusmodi
1109 2445 1215 2504 est,
1247 2455 1355 2493 nec
1381 2439 1582 2506 frater,
1607 2441 1710 2495 sed
1733 2440 1988 2507 alienus,
2018 2442 2122 2498 sed

467 2528 818 2598 sacrilegus,
852 2529 1024 2599 cujus
1049 2544 1178 2582 sors
1210 2545 1348 2583 cum
1381 2529 1530 2583 Giezi
1563 2528 1786 2584 fure....

732 2619 909 2674 XCIX.
946 2648 1011 2657 —
1037 2618 1410 2674 Abrahamio
1439 2619 1858 2687 hospitalario.

2550 2618 2671 2706 (’6'.
2704 2649 2776 2662 —
2800 2616 3126 2692 Ἀϐραμίῳ
3165 2613 3518 2691 ξενοδόχῳ.

1591 2708 1848 2758 Hortatur
1876 2708 1942 2758 ad
1968 2707 2241 2758 lenitatem
2273 2722 2401 2772 erga
2430 2708 2697 2758 subditos.

719 2786 1075 2841 obscuratur
1105 2786 1188 2842 sic
1221 2786 1476 2841 faciendi
1511 2795 1690 2842 metu.
1737 2792 1885 2844 Nam
1921 2789 2021 2846 Dei
2055 2790 2119 2843 ti-

2304 2831 2319 2845 .
2365 2831 2378 2843 .
2425 2831 2436 2843 .
2484 2831 2496 2842 .
2543 2831 2555 2842 .
2612 2789 2958 2848 συσκιάξεται
3026 2787 3162 2860 φόϐῳ
3207 2788 3342 2840 οὕτω
3390 2783 3843 2857 διαπράττεσθαι.

469 2892 635 2932 more
666 2875 812 2930 nihil
841 2882 926 2929 est
966 2875 1168 2945 majus
1199 2891 1212 2930 :
1243 2883 1297 2930 et
1324 2875 1467 2930 nihil
1498 2878 1680 2931 animi
1709 2877 1897 2932 salute
1928 2893 2063 2946 mag

2249 2877 2398 2930 Ιιόϐου
2447 2881 2548 2952 γὰρ
2590 2886 2724 2930 Θεοῦ
2768 2875 2918 2930 οὐδὲν
2957 2879 3156 2949 μεῖζον.
3211 2883 3300 2929 καὶ
3353 2883 3618 2950 σωτηρίας
3644 2877 3843 2949 ψυχῆς

468 2964 897 3020 necessarium.
921 2964 1077 3030 Quid
1096 2966 1249 3019 enim
1275 2965 1541 3032 proderit
1562 2964 1809 3030 homini,
1836 2967 2048 3037 inquit,

2244 2963 2381 3018 ιῦδὲν
2403 2966 2919 3038 ἀναγκαιότερον.Τί
2955 2969 3076 3040 γὰρ
3122 2965 3439 3038 ὠφελήσει
3477 2969 3838 3039 ἄνθρωπον,

467 3056 733 3110 lucretur
747 3053 1035 3108 mundum
1059 3057 1258 3118 totum,
1275 3059 1326 3109 et
1343 3054 1756 3110 detrimentum
1775 3055 1989 3110 anima
1999 3071 2061 3108 su

2245 3054 2526 3124 ρησὶν,ἐὰν
2558 3055 2698 3107 ὅλον
2731 3058 2835 3107 τὸν
2858 3062 3098 3127 κόσμον
3127 3051 3566 3128 κερδήσῃ,καί
3601 3060 3839 3128 ζημιω-

461 3143 654 3212 faciat
677 3144 697 3177 ⁴
720 3142 747 3196 ‘i
771 3145 836 3197 Et
856 3143 1152 3196 medicum
1175 3143 1362 3213 quaeri
1392 3159 1498 3214 par
1515 3149 1601 3198 est
1627 3144 1684 3197 in
1712 3145 1965 3198 adversa
1993 3161 2055 3198 co

2244 3147 2302 3215 ἳῇ
2344 3149 2454 3202 τὴν
2494 3143 2715 3215 ψυχὴν
2756 3145 2990 3210 aurei};
3030 3150 3123 3196 Καὶ
3159 3145 3184 3194 6
3220 3144 3393 3216 ἱατρός
3431 3148 3480 3196 ἑν
3533 3153 3639 3205 ταῖς
3690 3164 3838 3220 περι-

462 3233 628 3304 poris
657 3231 1018 3296 valetudine,
1051 3239 1105 3285 et
1138 3233 1197 3284 in
1232 3229 1585 3302 tempestate
1615 3233 2056 3302 gubernatoreu

2240 3237 2454 3285 ττάσεσι
2496 3234 2744 3294 ζητητέος
2770 3253 2782 3265 ⁸
2812 3239 2901 3285 καὶ
2931 3235 2957 3285 6
2987 3232 3307 3305 κυϐερνήτης
3347 3233 3394 3284 ἐν
3449 3243 3519 3304 τῷ
3579 3231 3834 3289 κλύδωνι.

462 3324 676 3376 Annon
702 3321 865 3375 vides
892 3336 1175 3389 magnam
1207 3337 1333 3375 esse
1361 3328 1775 3391 tempestatem
1800 3330 1855 3376 et
1875 3322 2050 3393 plaga

2239 3319 2294 3374 Ἠ
2335 3323 2440 3394 οὐχ
2470 3324 2592 3396 ὁρᾷς
2636 3325 2716 3374 ὅτι
2760 3320 2965 3376 κλύδων
3013 3327 3172 3394 μέγας
3198 3327 3286 3374 καὶ
3327 3325 3575 3395 θεομηνὴς
3607 3323 3784 3394 πληγή
3817 3342 3833 3394 ;

465 3411 750 3466 divinitus
782 3410 1116 3464 immissam
1138 3408 1166 3463 ?
1194 3410 1440 3473 Medere,
1471 3410 1738 3479 domine,
1774 3426 1932 3480 rege,
1968 3415 2033 3465 ut

2239 3410 2521 3485 ἰάτρευσόν,
2594 3407 2846 3475 δέσποτα,
2912 3411 3248 3486 κυϐέρνησον,
3313 3413 3396 3463 ἵνα
3459 3417 3548 3463 καὶ
3609 3417 3833 3465 σεαυτὸν

464 3502 719 3570 teipsum
770 3514 969 3552 serves
1019 3498 1405 3565 incolumem,
1454 3503 1511 3553 et
1561 3515 1663 3554 eos
1700 3499 1803 3570 qui
1856 3499 1936 3555 rei
1979 3517 2058 3553 ευ]

2241 3506 2430 3572 τώσης,
2469 3507 2553 3552 καὶ
2589 3505 2708 3562 τοὺς
2753 3502 3030 3562 ὑπαιτίους
3073 3501 3279 3574 ἑξιάση,
3319 3507 3408 3552 καὶ
3450 3500 3835 3573 ἀναστοιχειὼ-

465 3605 662 3653 sanes,
697 3593 751 3643 et
777 3587 853 3641 ad
875 3587 1260 3642 stabilitatem
1284 3587 1561 3652 reducas,
1590 3589 1781 3642 minas
1799 3588 2055 3643 cohiben

2237 3606 2324 3661 της
2375 3589 2446 3650 εἰς
2501 3589 2831 3657 εὐστάθειαν,
2884 3589 3193 3662 ἀνεχόμενος
3230 3595 3323 3648 τὴν
3366 3590 3600 3656 ἀπειλὴν,
3633 3594 3698 3650 ὡς
3737 3597 3831 3643 καὶ

461 3694 598 3733 cum
626 3684 681 3732 et
709 3679 838 3746 ipse
869 3677 928 3730 in
960 3691 1210 3746 corpore
1243 3677 1325 3729 sis
1355 3683 1410 3730 et
1435 3675 1632 3746 lapsui
1666 3677 1984 3733 obnoxius.
2023 3680 2055 3734 S

2237 3679 2386 3741 miro;
2432 3679 2498 3730 ῶν
2552 3679 2602 3730 ἐν
2654 3685 2854 3750 σώματι
2901 3684 2991 3732 καὶ
3040 3681 3138 3731 ὑπὸ
3187 3683 3246 3730 τό
3304 3687 3578 3734 πταιστόν.
3648 3681 3831 3742 Οὕτως

458 3766 620 3821 enim
643 3772 699 3820 et
728 3765 982 3836 prepitio
1013 3765 1187 3819 uteris
1212 3763 1352 3819 Deo.
1387 3767 1502 3820 Deo
1534 3772 1732 3820 autem
1770 3774 2052 3837 protegen

2234 3769 2325 3840 γὰρ
2357 3773 2447 3818 καὶ
2497 3772 2625 3820 Θεὸν
2664 3773 2836 3841 κτήσῃ
2871 3769 3005 3820 ἵλεω.
3054 3772 3180 3822 Θεοῦ
3235 3764 3292 3820 δὲ
3331 3773 3657 3843 περιίποντος
3694 3774 3770 3830 τίς
3802 3772 3828 3822 6

457 3854 595 3927 quis
639 3853 874 3909 afﬁcere
916 3853 1075 3908 malo
1105 3854 1295 3923 possit
1323 3852 1352 3907 ‘I
1391 3856 1700 3924 Memento,
1735 3854 1978 3910 domine
2013 3873 2051 3910 II

2233 3864 2476 3908 κακώσων
2507 3874 2520 3925 ;
2552 3860 2853 3924 Μνήσθητι,
2889 3861 3046 3931 Κύριέ
3093 3877 3216 3930 μου,
3264 3860 3344 3910 ὄτι
3373 3858 3506 3934 σὰρξ
3543 3855 3589 3911 εἶ
3615 3865 3701 3910 καὶ
3733 3861 3827 3912 αῦ-

457 3945 620 4016 quod
649 3951 706 3998 et
734 3946 860 4014 ipse
892 3959 1032 3998 caro
1068 3959 1150 4008 es,
1184 3948 1239 3997 et
1283 3949 1343 3997 ut
1380 3942 1623 4013 lapsum
1654 3944 1892 4010 metuis,
1923 3945 2051 4016 laps

2227 3952 2312 4006 τός
2347 3964 2357 3974 ·
2392 3952 2481 3998 καὶ
2527 3950 2591 4007 ὡς
2631 3947 2758 4020 φοϐῇ
2813 3951 2900 4009 τὰς
2930 3949 3155 4020 πληγὰς,
3205 3951 3385 4020 φείδου
3426 3957 3524 4000 τῶν
3559 3949 3772 4020 πληγῶν
3810 3966 3821 3978 ·

454 4035 695 4104 ignosce
729 4032 979 4088 :Eadem
1008 4032 1227 4103 quippe
1251 4047 1530 4088 mensura
1563 4048 1682 4103 qua
1715 4034 1895 4089 mensi
1920 4035 2048 4104 fuer

2228 4035 2516 4108 Ἐπείπερ
2543 4037 2654 4108 οἵῳ
2693 4041 2897 4110 μέτρῳ
2938 4046 3314 4111 μετροῦμεν,
3344 4037 3822 4111 ἀντιμετρηθὴ-

454 4120 2048 4194 mus,remetieturnobiss.MementoJrateroptime,qu(

2228 4141 2410 4176 σεται
2467 4126 2641 4196 ἡμῖν.
2701 4128 3001 4192 Μνὴσθητι,
3060 4123 3244 4199 etiam:
3283 4126 3428 4198 καλὲ,
3469 4129 3549 4179 ὅτι
3593 4133 3822 4201 σήμερον

455 4211 633 4267 hodie
679 4227 909 4273 sumus,
959 4226 1069 4264 nec
1115 4210 1337 4264 scimus
1391 4211 1536 4281 quid
1570 4218 2049 4282 superuentura;

2227 4215 2391 4284 ἐσμεν,
2426 4219 2516 4265 καὶ
2555 4219 2616 4266 τί
2663 4214 2915 4277 τέξεται
2962 4216 2992 4272 ἠ
3034 4218 3310 4268 ἐπιοῦσα
3358 4215 3469 4268 οὐκ
3517 4213 3821 4290 οἴδαμεν·

453 4301 571 4355 ria!
608 4300 728 4355 dies
754 4301 802 4354 6:
834 4305 988 4352 utne
1017 4297 1392 4353 inveniamur
1417 4299 1603 4353 notati
1642 4315 1782 4354 cum
1818 4299 2044 4356 dedeco

2228 4303 2288 4364 ὡς
2325 4307 2396 4374 μὴ
2435 4304 2704 4376 εὑρεθῆναι
2743 4305 2882 4376 ἡμᾶς
2921 4301 3367 4377 κωμῳδουμένους
3400 4311 3489 4358 καὶ
3520 4312 3822 4379 κατηραμέ-

451 4405 522 4444 ac
537 4388 855 4452 maledicti,
879 4387 1076 4441 tumin
1102 4390 1377 4456 praesenti
1404 4387 1646 4450 saeculo,
1667 4395 1791 4442 tum
1813 4389 1870 4442 in
1888 4387 2045 4444 futur

2224 4410 2358 4455 νους,
2404 4397 2495 4444 καὶ
2539 4395 2589 4443 ὲν
2628 4400 2699 4462 τῷ
2737 4401 2823 4444 νῦν
2865 4392 3014 4444 αἰῶνι
3061 4398 3150 4446 καὶ
3180 4393 3228 4445 ἐν
3267 4403 3338 4465 τῷ
3373 4395 3626 4466 μέλλοντι.
3671 4403 3818 4454 Μνή-

452 4481 740 4534 Memento
753 4477 1064 4532 horrendae
1079 4475 1238 4530 illius
1254 4476 1758 4548 inexorabilisque
1779 4481 2046 4534 sententi:

2224 4482 2375 4538 σθητι
2462 4487 2556 4542 τῆς
2631 4480 2940 4553 ἀποφάσεως
2995 4485 3192 4544 ἐκείνης
3265 4491 3360 4546 τῆς
3431 4483 3650 4558 φοϐερᾶς
3729 4490 3818 4538 καὶ

452 4569 669 4640 quaim
685 4566 1096 4621 misericordes
1118 4567 1176 4620 in
1193 4565 1392 4635 ignem
1425 4566 1843 4622 inexstinctum
1879 4567 2040 4624 mitte

2225 4567 2668 4642 ἀπαραλογίστόυ,
2719 4571 2802 4642 ὑφ’
2847 4570 2906 4631 ἧς
2944 4573 2992 4622 οἱ
3033 4571 3357 4644 ἀνελεήμονες
3399 4573 3470 4634 εἰς
3519 4581 3621 4645 πῦρ
3663 4573 3819 4627 ἄσϐε-

451 4661 565 4710 tur.
582 4658 870 4710 Memento
891 4655 1011 4708 fore
1032 4659 1093 4708 ut
1114 4655 1288 4708 nobis
1301 4654 1676 4710 sistanturob
1697 4655 1906 4710 oculos
1927 4656 1986 4721 ii,
2001 4673 2042 4728 q

2221 4677 2339 4710 στον
2384 4657 2857 4730 ἐκπεμφθήσονται.
2919 4661 3202 4719 Μνήσθητι
3257 4663 3337 4714 ὅτι
3373 4667 3815 4734 παραστήσονται

451 4745 670 4800 fuerint
691 4762 726 4799 a
756 4744 928 4798 nobis
956 4748 1058 4798 aut
1078 4743 1372 4798 beneficio
1401 4744 1606 4815 aliquo
1641 4751 1746 4798 aut
1774 4744 2000 4801 damno
2025 4763 2045 4802 ε

2222 4748 2340 4818 ἡμῖν
2391 4749 2459 4800 τὰ
2496 4744 2549 4799 εὖ
2601 4750 2892 4801 πεπονθότα
2910 4755 3188 4823 πρόσωπα,
3221 4755 3310 4803 καὶ
3350 4753 3416 4803 τὰ
3453 4749 3816 4811 δεινοωπαθὴ-

452 4833 608 4888 fecti.
635 4832 862 4904 Ecquid
891 4840 1017 4886 tum
1045 4832 1308 4903 proderit
1340 4834 1579 4903 egregia
1612 4848 1716 4902 per
1742 4832 1898 4888 banc
1925 4835 2039 4890 vita

2222 4856 2380 4889 σαντα
2429 4837 2514 4908 ὑφ’
2567 4839 2731 4909 ἡμῶν.
2793 4839 2897 4892 Καὶ
2948 4844 2999 4890 τί
3030 4839 3286 4911 ὠφελήσει
3325 4848 3438 4893 τότε
3484 4845 3542 4893 τὸ
3592 4841 3816 4895 ἐνταῦθα

449 4923 614 4978 fama
643 4922 828 4976 fuisse
851 4920 878 4975 ?
911 4923 988 4976 Ne
1020 4925 1122 4986 sic,
1144 4921 1433 4986 obtestor,
1467 4927 1668 4976 nostro
1697 4937 1806 4976 nos
1826 4923 1938 4994 ipsi
1985 4924 2040 4994 gl

2216 4923 2439 4978 ἀκοῦσαι
2490 4927 2624 4998 ἡμᾶς
2679 4929 2920 4993 ἱκανούς;
2965 4932 3073 4995 Μὴ,
3129 4929 3434 5001 παρακαλῶ,
3510 4934 3583 5002 μὴ
3648 4932 3810 4994 οὕτως

449 5010 2105 5084 ᾱὶοῇιιειιιθωιιε.Ηωοιυίρθτᾶωᾶοεάιοο,ωειχὶωθᾳυθ
2214 5014 2284 5076 εἰς
2331 5015 2542 5077 ἑαυτοὺς
2593 5019 2651 5068 τὸ
2699 5017 2843 5088 ξίφος
2887 5018 3118 5089 ὡθῶμεν.
3153 5018 3314 5071 Φίλων
3367 5019 3498 5091 λέγω
3529 5025 3618 5072 καὶ
3669 5021 3812 5093 μάλα

450 5101 520 5156 de
543 5107 615 5166 te,
639 5100 903 5166 domine,
937 5098 1245 5167 sollicitus,
1276 5104 1337 5153 ut
1367 5099 1552 5153 ﬁnem
1583 5098 1820 5154 dicendi
1847 5099 2044 5156 facian

2217 5100 2515 5176 κηδόμενος,
2570 5101 2824 5172 δέσποτα,
2878 5107 3020 5169 τέλος
3081 5115 3171 5159 τοῦ
3251 5107 3427 5179 λόγου.
3493 5109 3811 5184 Ἀκούσαιμι

453 5192 638 5245 Laetos
671 5190 933 5261 posthaec
956 5189 1198 5243 nuntios
1216 5189 1462 5242 audiam
1489 5186 1564 5241 de
1590 5188 1870 5243 comitate
1894 5190 1952 5245 in
1972 5205 2047 5246 eri

2216 5191 2312 5244 ἀπὸ
2352 5202 2442 5245 τοῦ
2489 5201 2574 5245 νῦν
2625 5194 2826 5266 ἀγαθὰς
2861 5192 3020 5257 ἀκοὰς
3045 5202 3134 5249 καὶ
3171 5197 3542 5274 φιλανθρώπως
3583 5196 3810 5252 παιδευα

449 5280 670 5336 diendo
699 5295 770 5335 ac
820 5277 1096 5333 facilitate
1147 5276 1377 5332 domini
1437 5275 1590 5330 mei:
1623 5283 1684 5331 ut
1727 5283 1984 5346 cantem,
2041 5297 2043 5312 π

2215 5285 2359 5342 me;
2392 5288 2507 5358 περὶ
2557 5292 2650 5336 τοῦ
2694 5285 2819 5358 ἐμοῦ
2869 5291 3064 5360 Κυρίου
3103 5305 3116 5318 ο
3151 5288 3234 5340 ἶνα
3281 5288 3416 5360 ᾅσω,
3461 5290 3545 5341 ἱνα
3589 5298 3696 5361 γνῶ
3740 5293 3809 5353 ὡς

449 5369 780 5439 intelligam
800 5371 1172 5440 quantopere
1194 5365 1338 5420 mihi
1362 5365 1645 5438 deinceps
1671 5367 1900 5422 amicus
1927 5383 2043 5424 met

2213 5371 2587 5446 ὑπακουόμενος
2642 5377 2830 5450 ἔσομαι
2873 5381 2963 5430 καὶ
3003 5381 3133 5451 πρὸς
3162 5381 3223 5431 τὸ
3265 5377 3380 5442 ἑξῆς
3411 5378 3512 5433 ὑπὸ
3547 5388 3640 5433 τοῦ
3679 5379 3807 5454 ἐμοῦ

523 5547 546 5586 ⁸
574 5548 749 5605 Marc.
776 5561 896 5614 vin,
919 5547 1008 5604 36.
1081 5545 1106 5584 ⁸
1136 5543 1275 5604 Luc.
1296 5562 1373 5618 vx,
1403 5549 1494 5604 38.
1569 5545 1592 5585 θ
1622 5548 1792 5605 Prov.
1825 5561 2008 5617 xxvn,
2049 5554 2100 5606 1.
