4036 6276
247 293 392 351 1353

1527 290 2037 348 EPISTOLAHUM
2076 291 2214 349 LIB.
2258 294 2328 349 ΙΙ.

3463 296 3601 356 1354

244 423 418 496 φίλου,
474 417 619 478 Ἤδη
675 422 778 492 γὰρ
838 420 887 471 οἱ
923 420 1293 490 γειτνιάζοντες
1336 420 1459 489 ἡμῖν
1499 416 1721 470 ἐνταῦθα
1759 420 1843 491 ἔμ-

1961 418 2334 492 obsequetur.
2366 422 2500 477 Jam
2532 424 2691 479 enim
2716 428 2773 480 et
2801 426 2903 496 qui
2932 425 3031 481 hic
3055 425 3117 480 in
3143 430 3350 481 nostra
3382 425 3604 482 vicinia

244 511 394 585 φοϐοι
421 515 511 564 καὶ
550 512 787 585 ἕντρομοί
840 507 969 560 εἰσιν
1009 506 1062 569 ἐξ
1101 507 1168 558 ὧν
1208 505 1460 559 ἀκούουσι
1494 523 1508 538 ·
1543 512 1729 580 καίπερ
1770 513 1841 581 μὴ

241 604 543 662 ἓπταικότες
591 618 666 652 τι.
723 600 981 671 Τύραννός
1034 594 1176 649 ἔστιν
1206 597 1232 648 ό
1262 599 1543 669 ἓρχόμενος
1592 611 1605 623 ⁸
1646 598 1847 669 μάχαι-

239 709 336 766 ραν
390 688 681 761 ἐπιφέρεται
712 705 725 719 ο
786 689 1001 757 πτωχὸς
1058 684 1164 757 ούχ
1193 686 1402 738 ύποίσει
1431 684 1642 743 ἀπειλήν
1686 707 1698 718 ·
1741 685 1847 757 οὐχ

244 780 329 831 ἵνα
363 776 786 849 ἀνταγωνίσηται
812 792 829 809 ⁸
890 772 1129 847 δέχεται,
1188 772 1284 826 κᾶν
1337 778 1408 845 μὴ
1445 772 1704 846 βούλοιτο,
1762 773 1847 827 ἐπὶ

240 869 411 940 τούτῳ
449 868 555 938 ούχ
610 867 894 927 ὑπεύθυνος
921 881 934 895 ο
995 861 1119 917 οὐδὲ
1146 865 1248 939 γὰρ
1288 864 1446 925 αὐτὸς
1475 862 1574 935 ἐγὼ
1623 863 1847 922 καταλη-

242 959 383 1030 φθεὶς
443 956 624 1023 οὕτως,
668 951 947 1013 δυνηθείην
1002 954 1063 1005 ἄν
1124 954 1305 1027 ἑτέρως
1363 950 1582 1027 δρᾶσαι.
1637 954 1756 1005 Ἐὰν
1788 949 1847 1005 δὲ

238 1051 372 1120 πέρα
428 1049 599 1118 τούτῳ
636 1049 695 1098 τό
725 1048 912 1110 αἴτιον,
947 1043 1113 1105 καλῶς
1146 1065 1158 1077 ·
1204 1042 1335 1096 ἀλλὰ
1386 1048 1475 1096 καὶ
1508 1043 1672 1103 οὕτως
1706 1062 1845 1115 συμ-

243 1138 418 1197 παθῶς
457 1138 527 1199 ὡς
556 1134 604 1187 ἐν
636 1134 919 1208 ὀφθαλμοῖς
975 1137 1170 1206 Κυρίου
1204 1152 1217 1165 ·
1248 1132 1305 1196 ἐξ
1334 1132 1502 1186 οὔκαὶ
1532 1132 1848 1190 εύσταθὴσει

244 1226 434 1299 μᾶλλον
485 1228 544 1278 τὸ
602 1226 853 1295 ύπὴκοον,
913 1219 1258 1295 δουλούμενον
1316 1222 1488 1294 εὐνοίᾳ
1549 1228 1659 1283 τοῖς
1712 1240 1848 1273 νικο-

243 1322 417 1379 ποιοίς
450 1313 778 1389 βασιλεῦσιν.

572 1492 643 1547 Ρ’.
671 1522 740 1534 —-
775 1490 1018 1562 ’Υπάτῳ
1068 1494 1288 1562 τέκνῳ.
1328 1487 1519 1563 [χιγ¹.]

1957 514 2113 577 sunt,
2141 515 2361 580 pavent
2379 525 2449 564 ac
2480 512 2949 569 contremiscunt
2978 512 3058 570 ob
3073 529 3146 571 ea
3174 529 3312 585 quae
3335 514 3411 569 ad
3440 513 3603 586 ipsos

1956 597 2349 668 perferuntur,
2383 599 2491 655 etsi
2530 616 2831 673 nusquam
2866 601 3250 661 offenderint.
3284 605 3601 674 Tyrannus

1956 687 2246 754 imminet,
2280 687 2545 757 gladium
2586 690 2857 755 intentat,
2903 707 3023 748 non
3056 691 3372 748 sustinebit
3403 692 3602 748 minas

1954 791 2203 848 pauper.
2231 778 2362 833 Non
2393 793 2514 850 quo
2538 779 2887 835 reluctatur:
2918 783 3020 837 sed
3054 781 3311 854 excipiet
3341 780 3435 837 vel
3457 780 3607 837 invi-

1956 870 2068 931 tus,
2092 865 2151 920 in
2174 865 2288 921 hac
2306 882 2369 921 re
2388 867 2633 923 minime
2644 868 3203 940 reprehendendus:
3228 885 3423 943 neque
3445 869 3606 926 enim

1955 967 2067 1023 ego
2098 954 2145 1009 si
2173 954 2257 1009 sic
2278 957 2751 1027 comprehensus
2780 959 2916 1025 sim,
2939 960 3166 1031 possim
3190 958 3360 1015 aliter
3386 959 3602 1017 facere.

1954 1041 2011 1097 Si
2036 1057 2177 1097 vero
2207 1043 2303 1099 hic
2323 1044 2607 1117 deinceps
2635 1046 2694 1102 in
2726 1047 2965 1120 culpam
2994 1048 3239 1115 incidat,
3270 1052 3428 1104 recte
3456 1062 3468 1101 :
3500 1047 3606 1103 sed

1955 1137 2011 1187 et
2039 1136 2165 1187 tum
2194 1148 2332 1188 cum
2364 1134 2632 1205 quadam
2655 1136 3198 1205 commiseratione,
3231 1142 3525 1209 tanquam
3544 1136 3606 1191 in

1954 1220 2143 1275 oculis
2172 1223 2435 1282 Domini:
2466 1238 2537 1279 ex
2558 1240 2679 1297 quo
2702 1225 2977 1282 subditus
3005 1226 3200 1296 magis
3221 1224 3607 1282 conﬁrmabi-

1956 1315 2051 1365 tur
2084 1317 2147 1366 ut
2185 1325 2256 1366 ex
2308 1310 2723 1369 benevolentia
2778 1314 3101 1372 victoribus
3144 1314 3610 1387 imperatoribus

1955 1398 2191 1455 serviat.

2483 1492 2543 1546 C.
2575 1522 2645 1531 —
2668 1492 2916 1562 Hypata
2939 1493 3088 1561 ﬁlio.

488 1589 750 1641 Jacobum
782 1587 1126 1645 monachum,
1164 1587 1439 1651 egregium
1469 1586 1661 1635 Christi
1691 1584 2068 1641 confessorem,
2106 1585 2416 1636 defunctum
2446 1587 2647 1639 laudat.
2675 1589 2883 1649 (Baron.
2916 1603 3008 1640 an.
3042 1591 3151 1647 818,
3180 1604 3234 1639 n.
3256 1590 3357 1655 25.)

318 1679 428 1733 Οὐκ
481 1679 695 1741 ἀπαθῶς
749 1683 839 1731 καὶ
896 1680 1043 1750 ἡμεῖς
1096 1679 1145 1729 οἱ
1194 1681 1427 1729 ταπεινοὶ
1468 1671 1774 1747 ἐδεξάμεθα,
1807 1671 1845 1725 ὦ

2029 1676 2142 1729 Nec
2173 1689 2283 1730 nos
2313 1676 2569 1732 humiles
2596 1678 2720 1735 sine
2763 1679 2988 1746 dolore,
3016 1678 3121 1741 ﬁli,
3150 1680 3495 1751 accepimus
3513 1695 3611 1735 sa-

242 1773 438 1835 τέκνον,
479 1773 574 1827 τὴν
633 1769 770 1843 ἱερὰν
821 1771 1065 1839 κοίμησιν
1117 1764 1365 1819 Ἰακώϐου
1397 1771 1493 1817 τοῦ
1526 1763 1846 1837 ὁμολογητοϋ

244 1864 499 1933 Χριστοῦ,
548 1860 637 1909 καὶ
702 1858 849 1929 ἡμῶν
905 1852 1128 1929 ἀδελφοῦ
1178 1853 1487 1929 ἀξιεράστου
1540 1873 1553 1885 υ
1609 1851 1717 1905 ἀλλ’
1760 1848 1847 1904 οὖν

242 1943 369 2001 οὐδὲ
413 1945 774 2020 ἁπεριχαρῶς.
846 1948 915 1998 Τὸ
988 1952 1190 2019 πρῶτον
1244 1940 1337 1996 διὰ
1389 1946 1444 1996 τὸ
1500 1945 1847 2015 πνευματικὸν

246 2036 455 2110 φίλτρον
478 2056 491 2069 ⁸
547 2039 599 2088 τί
656 2038 760 2108 γὰρ
801 2035 832 2094 ἣ
863 2036 994 2098 υἱὸς,
1039 2038 1130 2086 καὶ
1162 2036 1273 2095 υἱὸς
1305 2033 1626 2098 τηλικοῦτος,
1660 2032 1720 2084 οὗ
1749 2029 1848 2101 ἐγὼ

245 2122 340 2178 διὰ
384 2127 479 2186 τὰς
520 2124 774 2199 ἁμαρτίας
804 2119 930 2177 οὐδὲ
973 2130 1100 2183 παῖς
1138 2121 1414 2175 καλεῖσθαι
1467 2121 1613 2185 ἄξιος
1643 2137 1656 2186 ;
1688 2124 1758 2174 Τὸ
1791 2115 1850 2172 δὲ

246 2211 340 2268 διὰ
368 2219 464 2274 τὴν
495 2210 704 2279 ἒλπίδα,
766 2211 955 2287 μᾶλλον
988 2208 1047 2265 δε
1078 2208 1172 2264 διὰ
1218 2215 1274 2264 τὸ
1306 2210 1586 2276 λυσιτελὲς,
1627 2214 1716 2262 καὶ
1744 2212 1849 2281 ούχ

248 2306 390 2377 ἡμῶν
439 2308 612 2376 μόνον,
672 2303 740 2354 ὧν
789 2305 857 2364 ὡς
903 2302 1053 2375 μέλος
1084 2305 1282 2374 κόσμος
1336 2303 1464 2376 ἱερὸς
1492 2300 1850 2353 καθίστασθαι

242 2398 464 2465 πέφυκεν
500 2410 512 2423 ·
548 2391 678 2444 ἀλλὰ
719 2394 821 2465 γὰρ
875 2395 965 2443 καὶ
995 2392 1169 2452 πάσης
1220 2399 1313 2452 τῆς
1339 2397 1429 2443 τοῦ
1469 2395 1601 2442 Θεοῦ
1643 2388 1848 2445 Ἐκκλη-

247 2486 366 2545 σίας
400 2498 414 2512 ’
455 2486 519 2535 Τί
546 2483 648 2555 γὰρ
694 2484 790 2534 οἴει
820 2483 909 2533 τὸν
952 2477 1123 2555 ἄνδρα
1154 2496 1169 2547 ;
1202 2478 1308 2532 ἀλλ’
1341 2479 1446 2551 οὐχ
1476 2476 1799 2551 ὀμολογητὴν
1833 2493 1847 2544 ;

245 2570 359 2625 ἀλλ’
412 2570 538 2643 ούχὶ
590 2572 881 2644 μάρτυρα;
924 2568 1030 2622 ἀλλ’
1082 2569 1187 2642 οὐχ
1237 2570 1380 2622 ὅσιον
1424 2584 1438 2634 ;
1493 2568 1580 2620 Ἐκ
1614 2572 1852 2628 νεότητος

248 2660 479 2720 ἤθλησεν
519 2659 835 2725 ἆσκητικῶς,
891 2660 1168 2730 ὑποταγεὶς
1215 2656 1453 2730 ἐννόμως,
1504 2659 1637 2709 κατὰ
1675 2658 1851 2709 παθῶν

248 2746 648 2823 ἁνδρισάμενος,
705 2750 961 2822 παρθένον
1015 2751 1074 2801 τό
1131 2755 1285 2820 σῶμα
1328 2745 1577 2819 φυλάξας,
1632 2742 1704 2798 δι’
1750 2746 1849 2797 ύπο

253 2846 542 2911 ωπιασμῶν
604 2836 925 2911 ἕγκρατικῶν
982 2840 1073 2888 καὶ
1114 2832 1525 2907 δουλαγωγιῶν⁶
1584 2834 1749 2895 οὕτως
1787 2835 1853 2894 ὡς

1956 1778 2120 1819 cram
2163 1763 2586 1822 dormitionem
2616 1768 2823 1824 Jacobi
2868 1768 3233 1825 confessoris
3268 1768 3499 1833 Christi,
3553 1772 3612 1823 et

1957 1852 2232 1909 amabilis
2258 1853 2455 1911 fratris
2481 1857 2685 1923 nostri,
2718 1873 2828 1913 nec
2858 1872 3037 1929 porro
3059 1859 3186 1914 sine
3212 1857 3432 1914 laetitia.
3463 1857 3611 1914 Illud

1957 1942 2206 2014 quidem
2251 1958 2319 2000 ex
2360 1945 2652 2016 spirituali
2695 1946 2908 2003 aﬂ‘ectu
2945 1969 2957 2002 :
2990 1947 3136 2019 quid
3190 1948 3349 2003 enim
3394 1946 3489 2003 ille
3526 1946 3612 2002 ni-

1960 2033 2009 2088 si
2037 2032 2217 2099 ﬁlius,
2253 2037 2309 2089 et
2346 2034 2478 2090 talis
2509 2035 2665 2091 ﬁlius
2717 2036 2891 2107 cujus
2928 2051 3040 2106 ego
3085 2042 3328 2108 propter
3364 2041 3612 2108 peccata

1957 2137 2093 2178 mea
2121 2138 2193 2177 ne
2219 2122 2375 2178 ﬁlius
2401 2124 2648 2195 quidem
2679 2124 2794 2180 dici
2819 2125 3092 2181 merebar
3115 2126 3143 2180 ‘I
3169 2126 3284 2181 hoc
3313 2140 3453 2182 vero
3484 2124 3613 2197 spei

1960 2226 2145 2267 causa
2177 2210 2270 2267 vel
2298 2212 2557 2269 utilitatis
2587 2231 2600 2266 :
2625 2229 2733 2269 nec
2762 2220 2981 2270 nostrae
3010 2214 3325 2280 duntaxat,
3350 2229 3611 2287 quorum

1958 2300 2052 2356 ille
2083 2300 2241 2357 velut
2277 2302 2619 2358 membrum
2651 2318 2818 2359 sacer
2865 2309 3114 2359 ornatus
3145 2302 3381 2360 futurus
3429 2309 3555 2360 erat
3584 2302 3613 2345 9

1958 2405 2167 2445 verum
2200 2390 2378 2446 etiam
2410 2392 2585 2448 totius
2606 2392 2703 2447 Dei
2730 2391 3024 2448 Ecclesiae.
3059 2391 3213 2458 Quid
3230 2392 3436 2448 enim?
3465 2408 3614 2465 qua-

1959 2477 2074 2534 lem
2107 2479 2302 2534 virum
2355 2495 2563 2536 censes
2591 2481 2622 2534 ‘2
2651 2496 2857 2537 annon
2895 2482 3303 2538 confessorem
3332 2482 3363 2534 ‘2
3409 2496 3613 2538 annon

1960 2572 2287 2640 martyrem
2310 2569 2338 2625 Τ
2369 2584 2573 2626 annon
2596 2576 2873 2627 sanctum
2894 2571 2922 2626 ‘?
2939 2576 2985 2626 Α
3008 2571 3221 2642 primis
3251 2570 3425 2627 annis
3446 2570 3507 2626 in
3524 2586 3615 2626 as-

1961 2656 2159 2712 cetica:
2186 2656 2321 2713 vitae
2351 2656 2657 2714 laboribus
2685 2659 3000 2715 desudavit
3022 2660 3283 2729 legitime
3314 2659 3611 2725 subditus,

1961 2745 2267 2814 obediens,
2294 2746 2581 2803 adversus
2607 2748 2789 2804 animi
2815 2754 3015 2805 motus
3038 2748 3281 2805 viriliter
3303 2764 3614 2821 pugnans,

1960 2834 2371 2908 incorruptum
2396 2851 2613 2909 corpus
2640 2835 3067 2893 afﬂictionibus
3094 2837 3463 2905 custodiens,
3487 2838 3616 2910 qui-

248 2930 434 3000 ἔτυχεν
485 2926 692 2996 ἕσθίων,
738 2926 901 2989 οὕτως
930 2922 1219 2995 καθεύδων,
1271 2927 1346 2977 ἔτι
1375 2926 1643 2995 ὑγιαίνων,
1671 2926 1735 2984 ὡς
1771 2923 1842 2986 ξε-

1962 2923 2076 2979 bus
2118 2924 2264 2980 illud
2306 2925 2669 2991 continebat,
2703 2930 2759 2982 et
2792 2926 2853 2982 in
2904 2927 3247 2984 servitutem
3278 2927 3614 2997 redigebat,

244 3020 407 3081 νίζειν
455 3020 577 3079 τούς
634 3018 852 3089 ὁρῶντας
898 3016 1302 3089 ύποχωρητικός
1358 3016 1422 3074 ὡς
1473 3012 1746 3077 τὰπολλὰ,
1778 3011 1850 3085 ἐφ’

245 3108 368 3160 ὅσον
395 3107 499 3160 οἶόν
548 3125 621 3171 τε,
670 3109 757 3158 καὶ
788 3105 859 3167 εἰς
891 3104 1071 3158 ἑαυτὸν
1131 3107 1526 3176 ἑπαναγόμενος,
1578 3101 1850 3155 κάντεῦθεν

241 3203 448 3269 πτερῶν
500 3195 680 3249 ἑαυτὸν
717 3198 848 3268 πρὸς
877 3197 963 3249 τὸν
1001 3193 1239 3267 οὐράνιον
1293 3195 1481 3268 ἔρωτα.
1532 3196 1633 3245 Καὶ
1670 3196 1742 3264 μή
1771 3211 1852 3253 τις

241 3291 503 3359 νομίσειεν
555 3284 982 3338 ύποπλάττεσθαί
1012 3302 1076 3356 με
1126 3282 1483 3356 ψυχαγωγίας
1540 3282 1700 3334 ἕνεκεν
1749 3288 1847 3332 τῶν

242 3374 537 3428 ἀκουοντων
591 3373 780 3446 λόγους
812 3392 825 3406 ·
870 3376 1072 3447 μάρτυς
1122 3376 1250 3435 Θεὸς
1281 3376 1371 3424 καὶ
1401 3373 1426 3423 ὀ
1466 3370 1659 3423 ἐκείνου
1690 3366 1849 3422 παιδ-

243 3467 451 3537 αγωγὸς
481 3463 825 3525 Λουκιανὸςό
878 3464 1027 3537 ἱερὸς,
1088 3463 1184 3513 κᾶν
1230 3458 1607 3532 δυσανέγερτος
1642 3474 1655 3488 ⁸
1694 3457 1747 3521 ἐξ
1786 3458 1845 3510 οὔ

243 3572 335 3628 μοι
364 3557 456 3606 καὶ
494 3555 524 3612 ἠ
558 3560 659 3605 τῶν
694 3551 1047 3625 ἀγνοουμένων
1079 3546 1330 3611 δήλωσις.
1361 3555 1540 3602 Ταῦτα
1571 3551 1639 3609 ὡς
1668 3544 1845 3599 ἰνδαλ-

244 3644 322 3716 μά
344 3661 395 3695 τι
427 3638 569 3715 σχίδ
574 3661 647 3694 ιον
676 3648 774 3704 τῆς
802 3640 1092 3701 ἀσκήσεως.

1962 3012 2088 3068 sine
2114 3014 2345 3070 delectu
2372 3015 2694 3071 comedens
2712 3020 2769 3071 et
2793 3015 3099 3072 dormiens
3131 3032 3271 3072 cum
3302 3016 3502 3072 adhuc
3524 3032 3618 3074 sa-

1961 3117 2073 3157 nus
2086 3108 2257 3174 esset,
2290 3104 2371 3159 ita
2384 3104 2513 3160 utin
2540 3104 2998 3161 admirationem
3017 3106 3565 3177 raperetintuentes
3595 3120 3611 3161 :

1962 3207 2268 3248 secessum
2295 3193 2497 3249 colens
2523 3199 2584 3249 ut
2614 3193 2939 3265 plurimum
2965 3199 3022 3250 et
3040 3194 3242 3268 quoad
3273 3198 3527 3267 poterat,
3557 3198 3615 3251 et

1958 3280 2224 3351 seipsum
2246 3280 2550 3350 colligens,
2577 3286 2753 3355 atque
2778 3283 2855 3338 ad
2868 3282 3171 3339 caelestem
3189 3299 3457 3339 amorem
3475 3283 3616 3340 inde

1957 3384 2302 3439 assurgens.
2350 3375 2428 3426 Ac
2466 3386 2541 3426 ne
2584 3374 2719 3443 quis
2767 3372 2895 3428 hac
2925 3389 2961 3429 a
2992 3389 3089 3429 me
3126 3372 3272 3443 ﬁngi
3317 3373 3618 3429 existimet

1955 3459 2143 3514 animi
2171 3460 2360 3529 gratia
2385 3464 2627 3532 propter
2655 3460 2785 3517 illos
2814 3461 2917 3533 qui
2948 3462 3079 3518 haec
3109 3462 3359 3518 audient
3393 3479 3407 3518 :
3449 3462 3614 3518 testis

1954 3553 2045 3604 est
2074 3551 2244 3615 Deus,
2278 3556 2333 3605 et
2362 3550 2465 3621 qui
2495 3549 2624 3621 ejus
2654 3550 3030 3623 paedagogus
3068 3551 3179 3607 fuit
3209 3567 3377 3607 sacer
3402 3551 3611 3607 Lucia-

1952 3652 2090 3704 nus,
2139 3638 2421 3710 quamvis
2454 3654 2610 3709 aegre
2663 3639 2915 3711 produci
2944 3640 3156 3711 possit,
3211 3656 3247 3696 a
3297 3656 3418 3713 quo
3469 3639 3616 3696 mihi

242 3746 454 3789 eorum
499 3745 636 3804 quas
682 3729 1032 3786 nesciebam
1073 3728 1229 3785 facta
1254 3727 1590 3800 explicatio.
1621 3728 1809 3799 Atque
1856 3725 1984 3783 haec
2030 3726 2191 3783 velut
2238 3727 2386 3783 rude
2415 3728 2725 3800 quoddam
2782 3728 3089 3801 specimen
3123 3730 3395 3787 asceticaa
3439 3730 3621 3786 disci-

291 3819 447 3877 linaa.

243 3836 447 3964 p122:
470 3905 531 3963 δε
578 3917 674 3971 τῆς
723 3907 998 3980 ὁμολογίας
1047 3910 1208 3959 πόσον
1264 3910 1353 3958 καὶ
1395 3905 1573 3964 ἡλίκον
1629 3907 1838 3979 θέατρον

246 3999 463 4071 ἐγενηθη
493 4002 583 4051 καὶ
609 3996 845 4070 ἀγγέλοις
891 4001 979 4049 καὶ
1011 3994 1321 4069 ἀνθρώποις.
1375 3993 1445 4046 Ὢ.
1494 4002 1587 4057 τῆς
1614 3993 1840 4066 εὐθύμου

244 4093 339 4142 καὶ
372 4087 632 4162 θεοφιλοῦς
679 4082 951 4160 καρδίαςε
1012 4085 1247 4145 εἰσῆλθεν
1288 4084 1359 4147 εἰς
1410 4087 1468 4136 τὸ
1524 4079 1742 4137 στάδιον
1775 4086 1845 4145 ὡς

244 4185 485 4252 Χριστοῦ
519 4181 865 4253 στρατιώτης,
926 4170 1244 4244 ἆδείλαντος,
1294 4172 1559 4247 ἁτρέμας³
1622 4171 1844 4224 ἐντεῦθεν

244 4271 335 4321 καὶ
387 4267 614 4320 εντεῦθεν
665 4266 715 4318 οἱ
769 4266 1026 4340 ὑπηρέται
1106 4270 1199 4316 τοῦ
1278 4266 1494 4322 σκότους
1567 4260 1847 4323 κατίξαναν

2027 3906 2091 3961 ln
2120 3905 2497 3962 confessione
2528 3911 2727 3962 autem
2759 3910 3057 3979 quantum
3088 3912 3145 3964 et
3172 3907 3349 3981 quale
3381 3910 3619 3979 specta-

1955 3994 2155 4050 culum
2191 3994 2383 4051 factus
2408 4000 2497 4051 est
2525 4000 2581 4051 et
2609 3996 2837 4066 angelis
2865 4001 2922 4052 et
2946 3996 3332 4055 hominibus!
3367 3998 3411 4053 Ο
3442 4011 3619 4067 gene-

1953 4099 2162 4140 rosum
2194 4085 2432 4157 Deoque
2464 4084 2715 4140 charum
2739 4089 2873 4143 cor!
2906 4089 3212 4155 Ingressus
3236 4090 3328 4142 est
3352 4086 3615 4143 stadium

1957 4181 2246 4245 tanquam
2278 4173 2485 4228 Christi
2520 4173 2687 4229 miles
2718 4174 3082 4245 impavidus,
3114 4174 3448 4247 intrepidus
3475 4190 3490 4230 :
3520 4174 3617 4231 hic

1958 4266 2013 4318 et
2042 4262 2181 4318 inde
2225 4262 2606 4318 tenebrarum
2653 4263 2903 4318 ministri
2937 4268 3104 4333 terga
3149 4263 3495 4320 verberibus
3532 4263 3619 4320 la-

245 4363 360 4417 ταῖς
410 4355 640 4427 πληγαῖς
700 4330 889 4419 νῶτα,’
922 4357 1126 4426 στέρνα,
1209 4350 1504 4427 βραχίονας
1538 4371 1550 4383 ·
1638 4350 1849 4421 ἐξέχεαν

1961 4352 2218 4420 niarunt,
2253 4357 2512 4423 pectora,
2546 4351 2792 4408 brachia
2823 4368 2835 4407 :
2872 4355 3228 4423 sanguinem
3260 4355 3614 4417 hauserunt,

248 4449 468 4517 αἵματα,
528 4445 776 4517 ύπίτεμον
844 4444 1057 4516 σάρκας,
1104 4444 1283 4495 εἴασαν
1336 4441 1406 4503 εἰς
1457 4448 1557 4512 γῆν
1615 4438 1852 4515 ἐῤῥιμμέ-

247 4553 335 4587 νον
380 4537 468 4586 τὸν
501 4532 669 4605 ἅγιον,
702 4537 774 4605 μή
806 4535 1082 4606 προέμενον
1134 4532 1281 4606 ῥῆμα
1318 4528 1595 4604 ἀριστερὸν
1633 4532 1691 4581 τὸ
1730 4530 1854 4580 καθ-

250 4621 399 4689 όλου,
431 4620 559 4675 ἀλλὰ
618 4620 819 4681 θεοτελῆ
881 4625 977 4680 τὴν
1034 4624 1329 4695 μαρτυρίαν
1389 4622 1693 4691 ποιούμενον
1725 4636 1737 4650 ·
1765 4623 1855 4670 καὶ

247 4718 427 4766 ταῦτα
478 4712 605 4785 ὑπερ
644 4718 884 4787 Χριστοῦ
932 4716 1026 4763 τοῦ
1055 4712 1180 4763 Υἱοῦ
1236 4716 1331 4762 τοῦ
1390 4714 1519 4762 Θεοῦ
1572 4712 1662 4760 καὶ
1723 4714 1857 4762 Θεοῦ

250 4803 420 4873 ἡμῶν.
452 4804 522 4853 Τὸ
545 4803 646 4874 γὰρ
672 4805 791 4873 περὶ
842 4809 937 4863 τῆς
987 4800 1137 4871 ἁγίας
1167 4798 1329 4852 αὐτοῦ
1381 4799 1572 4862 εἰκόνος
1607 4796 1853 4861 ἑναθλεῖν,

250 4892 381 4965 ὑπερ
421 4889 583 4942 αὐτοῦ
610 4892 803 4943 δκείνου
842 4887 955 4941 ἐστὶ
993 4895 1295 4962 μαρτυρεῖν.
1356 4887 1461 4942 Ἀκ
1477 4908 1544 4941 ου
1563 4889 1858 4939 σάτωσαν

250 4985 480 5056 πραεῖς
523 4982 631 5031 καὶ
683 4979 1224 5052 εύφρανθὴτωσαν
1249 4995 1262 5009 ·
1287 4980 1699 5051 χορευσάτωσαν
1721 4976 1858 5049 φιλο-

254 5073 516 5146 μάρτυρες
567 5072 655 5121 καὶ
705 5069 1112 5140 γεγηθίτωσαν’
1165 5067 1506 5139 αἰσχυνέσθω
1568 5064 1810 5126 διάϐολος
1842 5082 1855 5095 ·

249 5163 488 5215 πιπτέτω
532 5158 889 5232 εἰκονομάχων
943 5162 1126 5230 στίφος
1157 5174 1169 5186 ·
1228 5156 1283 5208 ἐκ
1327 5165 1424 5209 τῶν
1481 5158 1643 5229 ἔργων
1699 5153 1861 5227 ἀμφο-

253 5251 413 5323 τίρων
464 5247 834 5309 θεοκελεύστως
884 5249 1206 5319 ἓπιγνὼσατε
1257 5244 1591 5318 ἀμφοτέρους.
1653 5246 1718 5297 Οἱ
1770 5247 1860 5316 μὲν

252 5339 356 5410 γὰρ
411 5335 469 5390 ού
517 5334 671 5391 τόνδε
719 5341 897 5410 μόνον,
931 5334 1059 5389 ἀλλὰ
1106 5336 1206 5408 γὰρ
1241 5340 1330 5387 καὶ
1359 5332 1576 5396 πολλοὺς
1607 5341 1706 5384 τῶν
1739 5334 1863 5405 ἠμε-

251 5431 433 5501 τίρων,
482 5432 573 5479 καὶ
625 5426 731 5498 οὐχ
784 5427 1067 5499 ἡμετέρων,
1124 5426 1381 5499 ἡμετέρων
1426 5421 1476 5476 δ’
1534 5420 1622 5475 οὖν
1673 5424 1811 5494 ὅμως
1845 5436 1857 5451 ⁸

328 5578 349 5615 ⁷
378 5579 537 5637 Psal.
564 5595 763 5646 xxxm,
794 5583 849 5635 2.
926 5581 947 5616 ⁸
981 5577 1183 5636 Matth.
1210 5592 1313 5643 vn,
1341 5581 1432 5635 20.

541 5703 782 5759 PATROL.
824 5702 929 5759 Gs.
970 5701 1154 5760 XCIX.

1962 4457 2171 4498 carnes
2219 4441 2625 4508 conciderunt,
2675 4447 2927 4499 stratum
2973 4442 3142 4498 humi
3175 4448 3451 4499 sanctum
3480 4441 3615 4498 reli-

1962 4536 2239 4604 querunt,
2288 4547 2427 4587 cum
2471 4531 2772 4587 sinistram
2823 4547 3034 4587 vocem
3091 4531 3320 4589 nullam
3372 4547 3616 4604 prorsus

1966 4621 2270 4687 emitteret,
2304 4623 2411 4675 sed
2446 4620 2801 4693 martyrium
2829 4622 2947 4676 Deo
2984 4628 3299 4693 acceptum
3331 4620 3616 4693 expleret,

1966 4715 2023 4765 et
2063 4709 2191 4764 haec
2216 4724 2324 4780 pro
2369 4708 2592 4765 Christo
2622 4709 2765 4766 Filio
2813 4710 2910 4766 Dei
2941 4726 3010 4766 ac
3061 4714 3178 4766 Deo
3209 4714 3433 4766 nostro.
3468 4713 3617 4766 Nam

1967 4813 2077 4870 pro
2121 4803 2329 4853 sancta
2379 4798 2508 4868 ejus
2540 4798 2799 4867 imagine
2844 4799 3167 4866 decertare,
3215 4815 3324 4870 pro
3353 4799 3486 4871 ipso
3531 4804 3622 4856 est

1969 4887 2322 4959 martyrium
2354 4888 2511 4958 pati:
2546 4888 2815 4944 Audiant
2856 4888 3153 4944 mansueti
3180 4894 3234 4944 et
3275 4890 3616 4954 lmtentur";

1968 4976 2261 5033 exsultent
2293 4980 2627 5048 martyrum
2654 4983 2953 5032 amatores
2985 4986 3039 5031 et
3074 4977 3397 5048 tripudiant
3424 4994 3435 5033 :
3469 4993 3617 5033 con-

1969 5066 2255 5122 fundatur
2283 5064 2558 5121 diabolus
2593 5084 2605 5123 :
2644 5066 2920 5122 concidat
2951 5067 3490 5122 lconomachorum
3521 5081 3618 5121 ca-

1972 5158 2155 5223 terva,
2208 5170 2281 5210 ex
2337 5160 2727 5226 utrorumque
2779 5154 3083 5225 operibus,
3134 5155 3306 5225 juxta
3352 5154 3622 5209 divinum

1973 5242 2323 5299 mandatum
2341 5244 2384 5309 ⁸,
2410 5248 2692 5313 utrosque
2715 5243 3038 5313 agnoscite.
3062 5242 3123 5297 Hi
3140 5243 3299 5297 enim
3320 5257 3441 5299 non
3459 5243 3622 5298 hunc

1974 5332 2188 5397 solum,
2236 5331 2341 5388 sed
2370 5339 2424 5387 et
2475 5333 2688 5386 multos
2721 5347 2752 5385 e
2798 5332 3036 5392 nostris.
3070 5348 3140 5387 ac
3194 5347 3313 5386 non
3370 5331 3617 5397 nostris,

1974 5422 2074 5477 sed
2109 5418 2325 5476 nostris
2357 5428 2580 5487 tamen;
2616 5420 2910 5494 siquidem
2942 5436 3152 5477 omnes
3184 5437 3371 5476 unum
3403 5436 3621 5491 corpus

3272 5699 3339 5755 43
