4036 6276
491 273 632 332 i855

1742 276 1802 333 S.
1846 276 1937 332 ΤΗ
1944 276 2214 335 EODORI
2255 276 2585 334 STUDITIE

3698 275 3834 332 i356

482 415 696 457 sumus
744 400 804 458 in
849 402 1077 458 Christo
1135 405 1270 460 Jesu
1326 404 1427 476 qui
1477 406 1563 459 est
1592 408 1774 474 caput
1824 405 2127 471 omnium;

2241 401 2421 463 ἐπειδὴ
2459 406 2507 457 οἱ
2564 406 2744 465 πάντες
2777 404 2824 457 ἓν
2857 410 3012 475 σῶμα
3060 403 3110 455 ἐν
3160 410 3371 476 Χριστῷ
3408 404 3590 461 Ἰησοῦ
3639 404 3692 463 ὃς
3752 421 3835 455 κε-

483 490 704 563 pariter
732 490 1105 557 divexarunt,
1138 492 1504 562 occiderunt,
1546 492 1747 548 inedia
1784 500 2129 561 enecarunt,

481 583 540 635 et
566 594 943 652 quascunque
974 579 1092 636 alia
1122 586 1444 637 consecuta
1474 587 1632 637 sunt.
1664 581 1760 637 Ille
1791 598 1931 638 vero
1960 598 2028 638 ex
2048 582 2132 637 di-

481 668 669 724 versis
689 667 800 724 illis
820 669 1169 726 vulneribus
1187 671 1474 726 membris
1496 672 1779 727 omnibus
1802 672 2056 737 solutus,
2079 675 2135 727 et

483 757 731 813 artubus
762 757 1019 826 laxatus,
1057 766 1113 814 et
1143 775 1362 832 corpus
1393 760 1795 817 acerbissimis
1824 760 2134 816 doloribus

483 844 834 917 chirurgicm
865 848 1192 903 curationis
1240 847 1511 919 subjecit,
1540 854 1596 905 et
1624 848 1846 904 fractus
1887 849 2024 904 inde
2056 849 2133 904 ad

482 933 664 990 ﬁnem
680 950 871 1007 usque
886 941 1171 1008 tanquam
1187 937 1453 1008 quotidie
1467 937 1728 993 moriens
1741 938 1925 993 vitam
1938 937 2132 1004 traxit,

482 1026 541 1079 et
568 1022 816 1095 quidem
843 1040 980 1080 cum
1007 1026 1330 1095 gratiarum
1347 1027 1599 1091 actione,
1623 1031 1802 1097 atque
1825 1026 1977 1082 adeo
1995 1041 2133 1083 cum

481 1110 836 1170 humilitate.
889 1114 1060 1179 Quod
1092 1114 1162 1180 si,
1193 1120 1256 1169 ut
1285 1114 1513 1181 scribis,
1565 1130 1744 1170 suum
1792 1115 1969 1170 etiam
2001 1113 2133 1170 obi-

481 1203 609 1256 tum
636 1201 934 1273 preedixit,
966 1201 1080 1258 hoc
1112 1202 1310 1274 ipsum
1342 1209 1469 1258 erat
1499 1218 1874 1275 consequens
1903 1219 1975 1258 ex
2015 1218 2135 1258 cer-

482 1289 826 1346 taminibus.
858 1290 1008 1356 Quia
1030 1307 1171 1347 vero
1205 1291 1473 1362 adjecisti
1505 1292 1839 1347 maximum
1857 1292 1931 1348 ad
1956 1291 2134 1347 funus

479 1393 843 1435 concursum
870 1378 1049 1435 fuisse
1078 1380 1256 1435 etiam
1278 1380 1596 1436 illustrium
1629 1381 1936 1452 utriusque
1964 1396 2134 1450 gene-

483 1468 593 1535 ris;
623 1468 684 1523 id
709 1483 952 1541 quoque
976 1468 1117 1525 facit
1140 1469 1219 1526 ad
1260 1470 1733 1526 testiﬁcationem
1765 1486 1972 1525 eorum
2000 1486 2134 1542 quae

480 1556 638 1613 dico.
664 1560 864 1629 Neque
882 1557 1041 1613 enim
1065 1558 1178 1614 nisi
1200 1558 1301 1614 Dei
1324 1566 1471 1614 nutu
1499 1559 1576 1616 ad
1598 1559 1904 1614 hominem
1923 1559 2137 1615 obscu-

2242 493 2373 566 φαλή
2460 495 2702 547 πάντωνο
2787 495 3034 554 ὡσαύτως
3089 493 3360 565 ᾐκίσαντο,
3427 495 3670 557 ἔκτειναν,
3741 490 3838 543 ἕλι-

2242 588 2674 655 μαγχονήσαντο,
2717 587 2807 635 καὶ
2856 582 2957 635 ὃσα
3008 581 3137 635 ἄλλα
3186 585 3383 642 τούτοις
3421 583 3660 653 ἑπόμενα.
3691 581 3752 633 '0
3777 577 3838 633 δε

2243 671 2343 724 ἀπὸ
2398 680 2498 723 τῶν
2548 668 2968 745 δυσφορωτάτων
3008 670 3207 724 ἐκείνων
3256 670 3466 741 πληγῶν
3494 669 3838 746 παραλυθεὴ,

2241 767 2331 813 xui
2376 759 2729 833 ἐξαρθρωθεὶς,
2790 764 2880 813 xui
2921 768 3314 835 χειρουργεῖται
3365 759 3535 821 ἁνίαις
3574 756 3840 832 δριμείαις

2242 851 2300 900 τό
2357 856 2529 920 σῶμα,
2572 852 2662 900 καὶ
2714 851 2886 901 ἔκτοτε
2928 853 3092 923 μέχρι
3142 848 3310 909 τέλους
3340 847 3564 902 ἐντεῦθεν
3603 844 3841 900 διαλελυ⁸

2242 941 2411 1009 μένος,
2440 940 2503 998 ὡς
2532 940 2829 1010 καθημέραν
2874 936 3216 995 ἀποθνήσκων
3266 934 3498 1002 διετέλει,
3552 941 3642 989 καί
3685 955 3747 1008 γε
3788 940 3840 989 ἐν

2242 1030 2583 1099 εὐχαριστίᾳ,
2615 1031 2704 1079 xui
2753 1045 2813 1098 γε
2841 1025 2889 1078 ἐν
2919 1029 3383 1101 ταπεινοφροσύνῃ.
3433 1026 3494 1080 Εἰ
3534 1023 3611 1091 δε,
3654 1027 3720 1086 ὡς
3770 1029 3840 1077 σύ

2244 1120 2362 1188 φὴς,
2394 1120 2485 1167 καὶ
2522 1119 2608 1168 τόν
2641 1118 2857 1169 θάνατον
2901 1116 3061 1170 αὐτοῦ
3108 1121 3484 1190 προηγόρευσε,
3539 1120 3628 1167 καὶ
3682 1122 3842 1167 τοῦτο

2244 1203 2523 1256 ἀκόλουθον
2581 1212 2679 1256 τῶν
2737 1204 2925 1259 ἄθλων.
2976 1202 3190 1264 Ἐπειδὴ
3262 1202 3321 1258 δε
3384 1211 3672 1278 προσεῖπας
3748 1208 3843 1255 καῖ

2242 1292 2642 1368 πολυὰνθρωπον
2700 1290 2999 1366 συνδρομὴν
3037 1296 3276 1365 γενέσθαι
3326 1301 3422 1355 τῆς
3472 1290 3706 1356 κηδείας,
3749 1296 3846 1343 καὶ

2242 1402 2301 1454 γε
2356 1382 2456 1435 ἀπὸ
2510 1391 2609 1433 τῶν
2657 1392 2942 1456 περιφανῶν
2999 1384 3112 1435 κατ’
3179 1381 3461 1456 ἀμφότερα,
3512 1385 3587 1434 ἔτι
3642 1384 3845 1455 μαρτύ-

2244 1491 2355 1544 ριον
2406 1479 2499 1524 τοῦ
2541 1471 2718 1542 λόγου.
2781 1472 2855 1525 Οὐ
2907 1475 3005 1544 γὰρ
3047 1471 3106 1524 ἃν
3152 1471 3225 1534 εἰς
3272 1473 3539 1546 ἄνθρωπον
3580 1469 3749 1543 ἀφανῆ
3782 1474 3847 1522 τό

2245 1564 2379 1613 κατὰ
2425 1563 2615 1635 σάρκα,
2650 1562 2693 1613 εἰ
2742 1566 2811 1632 μὴ
2842 1569 2974 1614 Θεοῦ
3021 1564 3211 1626 νεύσει,
3242 1562 3272 1619 ἠ
3302 1563 3519 1618 τοιαύτη
3563 1562 3848 1633 συναθροιο

479 1662 615 1702 rum
630 1647 965 1703 secundum
992 1663 1235 1703 carnem
1250 1648 1381 1704 talis
1398 1648 1591 1704 factus
1610 1664 1939 1704 concursus
1962 1656 2127 1704 esset.

2250 1669 2332 1711 σις
2384 1648 2624 1721 ἐγεγόνει.
2666 1651 2891 1711 Ἐκεῖνος
2957 1652 3047 1722 μὲν
3100 1645 3187 1701 οὖν
3242 1648 3429 1721 μετέϐη
3482 1652 3613 1723 πρὸς
3686 1648 3851 1723 ούρα-

477 1734 575 1792 llle
604 1735 781 1805 igitur
810 1736 871 1792 in
897 1736 1114 1792 cmlum
1142 1737 1305 1803 abiit,
1340 1743 1394 1792 et
1416 1739 1730 1809 appositus
1761 1744 1847 1793 est
1877 1739 1952 1794 ad
1980 1754 2139 1794 com-

480 1824 784 1882 militones
816 1842 832 1881 :
868 1832 1198 1898 auctusque
1230 1832 1317 1882 est
1358 1826 1574 1882 chorus
1614 1827 2028 1883 confessorum
2067 1843 2138 1883 ac

480 1920 817 1987 martyrum
862 1916 1155 1986 priorum,
1184 1931 1255 1971 ex
1287 1931 1410 1987 quo
1442 1916 1732 1986 gaudium
1766 1921 1854 1971 est
1890 1918 1949 1971 in
1984 1916 2135 1972 coelo

480 2008 538 2059 et
565 2004 750 2060 animi
778 2003 997 2070 latitia,
1027 2004 1197 2076 cujus
1215 2005 1496 2075 precibus
1530 2005 1852 2069 salvemur,
1886 2006 2094 2060 fratres
2119 2021 2130 2059 :

479 2092 609 2165 ipse
635 2098 835 2149 autem
865 2093 1116 2163 dignam
1142 2093 1410 2166 obsequii
1444 2094 1534 2149 sui
1563 2095 1902 2149 mercedem
1932 2095 2135 2150 nanci-

481 2186 696 2239 scatur.
730 2184 885 2238 Beati
913 2187 1112 2239 autem
1136 2188 1193 2239 et
1216 2184 1319 2255 qui
1351 2188 1774 2249 convenerunt,
1805 2199 2009 2239 revera
2029 2184 2130 2255 pii,

480 2286 687 2327 revera
716 2276 1052 2344 martyrum
1084 2278 1403 2337 amatores,
1432 2288 1691 2344 quorum
1725 2288 1864 2344 pars
1894 2288 2031 2328 cum
2060 2288 2132 2328 eo

482 2360 557 2416 sit
585 2376 765 2433 quem
802 2361 1158 2417 extulerunt.
1192 2365 1268 2417 De
1299 2361 1653 2418 venerandis
1684 2364 1813 2431 ejus
1846 2362 2129 2433 reliquiis,

478 2449 631 2506 sicut
658 2451 870 2521 scripsi
895 2451 969 2505 de
1000 2465 1252 2516 canone,
1282 2451 1498 2507 faciam
1527 2452 1574 2506 si
1608 2451 1861 2507 Domino
1888 2451 2082 2522 placet
2114 2468 2125 2505 :

477 2539 1009 2597 Salutateinvicem
1024 2542 1085 2596 in
1099 2541 1299 2597 osculo
1321 2550 1525 2597 sancto
1538 2543 1580 2593 θ.
1601 2540 1826 2596 Etenim
1843 2542 2127 2596 omnibus

477 2626 760 2684 fratribus
789 2628 918 2684 hinc
933 2628 1208 2699 legenda.
1239 2630 1468 2697 Salutat
1490 2645 1598 2684 vos
1630 2630 1913 2686 dominus
1941 2629 2128 2685 archi-

477 2718 823 2790 episcopus,
860 2718 1366 2791 protopresbyter,
1414 2735 1788 2784 aaconomus,
1823 2724 1879 2774 et
1914 2718 2123 2790 reliqui

475 2806 705 2864 fratres.
737 2808 1026 2864 Dominus
1056 2808 1128 2863 sit
1157 2808 1488 2864 vobiscum.
1524 2814 1729 2864 Amen.

933 2990 1015 3046 Cl.
1044 3019 1111 3032 —
1141 2990 1321 3047 Petro
1347 2989 1580 3047 Nic-zz.
1609 2988 1674 3061 (')

1430 3087 1617 3153 Lapsis
1647 3090 1860 3151 tempus
1885 3085 1952 3136 ad
1981 3085 2203 3135 modum

547 3178 628 3234 De
652 3177 1114 3249 interrogatione
1141 3178 1371 3234 Domini
1394 3177 1694 3249 praepositi
1721 3177 1833 3232 hoc
1857 3181 2129 3231 nostrum

475 3271 563 3323 est
591 3267 928 3327 consilium.
967 3272 1030 3323 ut
1064 3282 1253 3339 usque
1284 3266 1363 3322 ad
1396 3272 1635 3322 sanctos
1675 3264 1981 3337 apostolos
2012 3263 2129 3320 sol-

473 3360 691 3412 vantur
719 3372 930 3413 omnes
964 3372 1000 3413 a
1026 3356 1393 3428 paenitentia.
1429 3361 1485 3411 et
1513 3355 1831 3428 participes
1862 3355 2005 3409 ﬁant
2039 3369 2131 3409 sa-

475 3450 965 3501 cramentorum:
1018 3462 1139 3501 non
1183 3451 1385 3501 tamen
1440 3452 1501 3500 ut
1548 3444 1876 3516 presbyteri
1922 3444 2130 3499 munia

474 3533 696 3590 obeant
708 3533 1046 3600 sacerdotii,
1060 3533 1266 3606 quoad
1283 3532 1598 3589 conveniat
1609 3533 1938 3589 orthodoxa
1952 3546 2127 3604 syno-

473 3622 608 3687 dus,
639 3623 699 3678 in
744 3639 866 3695 qua
890 3623 1123 3693 integra
1153 3623 1260 3678 erit
1291 3622 1588 3678 absolutio
1643 3628 1699 3676 et
1735 3620 1912 3693 plena
1941 3621 2124 3676 animi

473 3710 693 3767 latitia.
727 3712 792 3766 In
828 3711 1137 3768 communi
1169 3717 1369 3767 autem
1395 3726 1625 3776 omnes,
1670 3714 1734 3766 ut
1769 3725 2125 3766 communes

474 3800 774 3867 monachi,
793 3802 914 3856 sive
943 3801 1128 3857 sacris
1156 3800 1365 3856 initiati
1394 3801 1674 3865 sivenon,
1696 3799 2052 3855 benedicant
2072 3803 2129 3854 et

471 3887 922 3956 benedicantur,
963 3895 1017 3945 et
1071 3894 1384 3962 precentur
1428 3894 1484 3944 et
1510 3904 1718 3960 preces
1775 3889 2123 3960 suscipiant.

474 3979 542 4033 Et
571 3978 860 4051 quoniam
892 3994 1135 4035 necesse
1165 3984 1252 4034 est
1295 3978 1502 4034 Missas
1547 3978 1833 4033 celebrari
1882 3984 1945 4033 ut
1973 3977 2127 4033 ordi-

472 4071 689 4123 nentur
736 4073 793 4123 et
818 4067 1130 4140 presbyter
1176 4073 1233 4122 et
1261 4067 1572 4133 diaconus,
1626 4067 1728 4138 qui
1769 4082 1977 4122 eorum
2021 4066 2124 4137 qui

472 4163 750 4212 arcentur
778 4157 943 4212 vices
978 4155 1286 4228 impleant,
1314 4171 1574 4227 quorum
1601 4171 1723 4211 non
1760 4154 1988 4211 invidia
2018 4155 2121 4210 sed

472 4246 797 4315 gratiarum
831 4246 986 4301 actio
1020 4246 1390 4300 innotescat:
1426 4244 1924 4316 quandoquidem
1966 4245 2123 4300 alter

471 4333 722 4390 alterius
738 4349 923 4390 onera
941 4341 1187 4403 portare
1198 4334 1242 4368 ¹⁰
1247 4334 1267 4403 j
1279 4332 1455 4388 ubem
1465 4349 1530 4388 ur
1543 4332 1737 4389 verbis
1750 4333 2116 4404 apostolicis,

2246 1742 2352 1802 νὸν,
2406 1742 2495 1790 xui
2560 1740 2845 1810 προσετέθη
2904 1744 3012 1798 τοῖς
3057 1737 3348 1803 συνάθλοις,
3403 1742 3493 1789 καὶ
3548 1737 3786 1800 ηὔξησεν
3822 1738 3849 1788 ό

2246 1831 2406 1901 χορὸς
2454 1836 2553 1879 τῶν
2614 1826 2703 1879 ἀπ’
2764 1828 2949 1889 αἰῶνος
3004 1827 3335 1900 όμολογητῶν
3392 1832 3483 1879 καὶ
3535 1830 3845 1900 μαρτύρων.

2247 1918 2352 1989 Ἐφ’
2449 1919 2598 1992 χαρὰ
2639 1917 2689 1969 ἐν
2729 1917 2929 1992 οὐρανῷ
2976 1922 3065 1970 καὶ
3110 1914 3366 1989 θυμηδίᾳ,
3412 1916 3472 1969 οὗ
3500 1923 3613 1977 ταῖς
3657 1916 3850 1987 εὐχαῖς

2921 2006 3061 2078 εὕροι
3124 2025 3177 2059 τε
3218 2003 3650 2078 μισθαποδοσίαν
3694 2003 3850 2068 ἀξίαν

2243 2103 2338 2158 τῆς
2408 2097 2559 2157 ὁσίας
2621 2094 3037 2169 ἐξυπηρετήσεως
3107 2095 3288 2150 αὐτοῦ.
3370 2094 3726 2166 Εύλογημένοι
3789 2091 3851 2146 δε

2242 2191 2332 2237 xui
2400 2187 2449 2237 oi
2532 2187 2946 2258 συναγερθέντες,
3028 2187 3093 2245 ὡς
3174 2184 3377 2247 ἀληθῶς
3456 2182 3709 2248 εὐσεϐεῖς,
3778 2184 3850 2244 ὡς

2242 2273 2446 2337 ἀληθῶς
2517 2274 2889 2348 φιλομάρτυρες
2939 2289 2953 2304 ⁸
3031 2276 3097 2326 ὧν
3173 2283 3317 2347 μερίς
3422 2275 3535 2346 μεθ’
3618 2272 3681 2325 οὖ
3769 2272 3850 2335 ἐξ.

2241 2368 2550 2436 εκομίσαντο
2626 2360 2741 2417 εἶεν.
2832 2368 2956 2436 Περὶ
3036 2370 3127 2415 τοῦ
3192 2368 3369 2435 τιμίου
3434 2364 3599 2414 αὑτοῦ
3664 2361 3854 2433 λειψά-

2238 2472 2347 2519 νου,
2406 2457 2475 2514 ὡς
2520 2457 2757 2526 γέγραφα
2812 2458 2930 2526 περὶ
2980 2460 3206 2518 κανόνος,
3266 2452 3310 2504 εἰ
3364 2449 3569 2504 εὐδοκεῖ
3627 2455 3849 2525 Κύριος,

2238 2548 2491 2600 ποιήσω’
2550 2542 2972 2595 Ἀσπάσασθε
3036 2539 3351 2602 ἀλλήλους
3407 2544 3465 2593 ἓν
3520 2539 3853 2612 φιλήματι

2239 2630 2388 2702 ἁγίῳ.
2425 2636 2525 2684 Καὶ
2552 2634 2654 2702 γὰρ
2682 2636 2817 2683 πᾶσι
2839 2638 2944 2693 τοῖς
2963 2626 3199 2702 ἁδελφόῖς
3224 2629 3603 2700 ἀναγνωστέον.
3636 2630 3851 2684 Ἀσπά-

2237 2720 2382 2780 ζεται
2412 2721 2550 2793 ὑμᾶς
2597 2722 2623 2772 ὁ
2662 2723 2839 2793 κύριος
2869 2722 2894 2772 ό
2934 2720 3405 2791 Ἀρχιέπίσκοπος,
3446 2720 3472 2770 ό
3500 2737 3853 2793 πρωτοπρεσ-

2236 2807 2468 2881 ϐύτερος,
2500 2811 2526 2861 ό
2565 2809 2854 2881 οἰκονόμος,
2891 2813 2974 2862 καὶ
3017 2810 3066 2861 οἱ
3090 2808 3261 2861 λοιποὶ
3292 2804 3528 2880 ἀδελφοί.
3558 2806 3621 2860 Ὀ
3658 2810 3854 2883 Κύριος

2234 2898 2347 2970 μεθ’
2376 2900 2540 2967 ὑμῶν.
2577 2900 2769 2972 Ἀμήν.

2520 2987 2638 3042 PA'.
2673 3017 2741 3029 —
2773 2990 2985 3060 Πέτρῳ
3025 2990 3323 3049 Νικαὶας.
3355 2981 3549 3059 [χιδἌ]

2238 3085 2562 3149 paenitentiae
2587 3085 2904 3149 praescribit.

2310 3175 2455 3233 Αὕτη
2507 3176 2537 3233 ἡ
2592 3174 2713 3250 παρ’
2773 3176 2919 3247 ἡμῶν
2975 3172 3241 3246 συμϐουλή
3282 3175 3409 3247 πρὸς
3447 3177 3545 3232 την
3583 3170 3855 3247 ἐρώτησιν

2240 3271 2331 3316 τοῦ
2378 3269 2562 3336 κυρίου
2591 3265 2899 3336 ἡγουμένου,
2956 3264 3039 3315 ἶνα
3084 3266 3246 3337 μέχρι
3275 3269 3377 3314 τῶν
3404 3261 3571 3333 ἁγίων
3617 3261 3857 3315 ἀποστό-

2240 3351 2337 3403 λων
2389 3358 2477 3404 καὶ
2526 3351 2725 3405 λυθῶσι
2775 3355 2959 3412 πάντες
3017 3358 3108 3403 τοῦ
3152 3352 3475 3422 ἱπιστιμίου,
3540 3354 3856 3422 μετέχοντες

2240 3449 2340 3492 τῶν
2384 3442 2721 3515 ἁγιασμοὶτων
2750 3460 2763 3475 ·
2812 3441 2869 3494 ού
2922 3444 3095 3513 μέντοι
3149 3440 3367 3511 ἐνεργεῖν
3396 3442 3522 3501 τοὺς
3564 3441 3719 3511 ἱερεῖς
3763 3448 3858 3499 τῆς

2241 3532 2540 3606 ἱερωσύνης,
2628 3532 2717 3592 ἕως
2767 3530 3003 3591 ἐλεύσεως
3072 3525 3357 3601 όρθοδόξου
3406 3525 3668 3597 συνόδου,
3726 3528 3780 3580 ἐν

2236 3628 2384 3673 πᾶσα
2439 3621 2583 3681 λύσις
2627 3626 2718 3672 καὶ
2772 3628 2918 3673 πᾶσα
2963 3615 3219 3691 θυμηδία.
3281 3624 3479 3678 Κοινῶς
3536 3615 3599 3671 δι
3654 3619 3857 3678 πάντες

2236 3713 2305 3772 ὡς
2355 3718 2517 3763 κοινοὶ
2564 3714 2791 3782 μοναχοὶ
2840 3712 2939 3762 εἴτε
2988 3710 3268 3781 ἱερώμενοι,
3310 3710 3410 3759 εἴτε
3473 3711 3575 3777 μή,
3620 3706 3855 3778 εὐλογεί-

2235 3817 2406 3851 τωσαν
2453 3804 2542 3851 καὶ
2589 3799 3019 3868 εύλογείσθωσαν,
3047 3800 3135 3848 καὶ
3178 3794 3520 3866 εὖχέσθωσαν
3547 3800 3645 3847 καὶ
3677 3795 3858 3867 εὐχὰς

2234 3886 2662 3959 λαμϐανέτωσαν.
2724 3882 2935 3944 Ἐπειδὴ
3005 3882 3063 3937 δε
3121 3883 3401 3954 ἀναγκαῖον
3462 3887 3557 3936 καὶ
3606 3883 3853 3958 λειτουρ-

2232 3981 2355 4049 γίαν
2416 3979 2553 4030 θείαν
2606 3976 2971 4039 ἐπιτελεῖσθαι,
3030 3975 3111 4027 ἶνα
3164 3974 3515 4046 χειροτονηθῇ
3574 3978 3671 4025 καὶ
3730 3990 3857 4047 πρε-

3061 4061 3472 4135 ἀναπληροῦντες
3531 4064 3627 4113 τὸν
3687 4066 3853 4114 τόπον

2234 4163 2330 4207 τῶν
2388 4156 2689 4229 εἰργομένων
2719 4175 2732 4187 ο
2784 4153 2851 4204 ὧν
2902 4152 3029 4223 οὐχὶ
3090 4152 3291 4224 φθόνος.
3342 4148 3449 4201 ἀλλ’
3506 4150 3852 4225 εὐχαριστία

2230 4245 2564 4318 γνωριζέσθω
2597 4263 2609 4276 ·
2639 4247 2841 4316 ἓπείπερ
2898 4240 3179 4299 ἀλλήλων
3226 4258 3299 4292 τα
3344 4237 3521 4311 βάρη
3591 4238 3848 4312 βαστά-

2234 4338 2363 4397 ζειν
2395 4333 2749 4394 ἀποστολικῶς
2774 4329 2809 4384 δ
2815 4331 3175 4403 ιατετοὶγμεθα.
3206 4325 3350 4385 Ἤδη
3382 4331 3585 4380 τούτου
3619 4325 3847 4402 προδιο‹

2247 2008 2554 2078 σωθείημεν,
2605 2002 2817 2078 ἀδελφοί
2848 2024 2859 2038 ·

2236 4065 2481 4141 σϐύτερος
2542 4072 2630 4118 καὶ
2719 4062 2980 4130 διάκονος,

470 4422 586 4478 hoc
606 4422 734 4493 jam
756 4423 833 4479 ab
853 4422 1139 4479 omnibus
1158 4428 1333 4478 antea
1364 4422 1565 4493 palam
1592 4423 1933 4488 constituto,
1964 4427 2046 4487 ut,
2071 4423 2118 4477 si

2241 4423 2608 4496 κολογουμένου
2639 4424 2738 4474 ὑπὸ
2791 4424 2992 4474 πάντων
3027 4438 3039 4451 ·
3070 4425 3159 4471 τοῦ
3188 4417 3231 4470 εἰ
3260 4421 3567 4491 παραχωρή
3580 4436 3674 4470 σοι
3712 4422 3847 4480 Θεὸς

472 4513 625 4567 Deus
659 4527 762 4584 per
793 4512 1203 4568 inscrutabilia
1227 4512 1469 4582 justitiaa
1503 4528 1627 4567 suae
1655 4511 1878 4582 judicia
1902 4513 2120 4583 permi-

467 4600 607 4656 serit
626 4600 1098 4673 persecutionem
1117 4601 1329 4655 iterum
1354 4601 1613 4667 excitari,
1637 4600 1891 4672 perferre
1912 4601 2119 4657 omnia

467 4705 662 4761 usque
679 4689 757 4745 ad
778 4696 1029 4745 mortem
1052 4689 1282 4753 malint,
1304 4706 1485 4761 quam
1506 4690 1758 4761 prodere
1782 4691 2114 4745 veritatem.

471 4781 553 4833 lta
566 4794 675 4833 nos
692 4778 945 4834 humiles
958 4779 1266 4842 sentimus,
1290 4785 1467 4850 atque
1481 4778 1763 4833 omnibus
1786 4778 2116 4850 responde-

468 4882 626 4922 mus.
660 4868 831 4933 Quod
861 4883 997 4923 vero
1037 4872 1299 4939 paternae
1334 4868 1623 4923 sanctitati
1655 4874 1767 4922 tua:
1798 4867 2112 4934 videbitur,

468 4956 529 5009 id
556 4970 803 5027 prorsus
826 4962 985 5013 recto
1012 4957 1237 5027 judicio
1266 4957 1458 5027 magis
1485 4961 1977 5013 consentaneum.

895 5074 1003 5129 Cll.
1037 5104 1106 5114 —
1128 5075 1418 5130 Evareslo
1447 5073 1571 5141 ﬁlio
1603 5072 1685 5143 (‘).

2228 4516 2361 4564 κατὰ
2396 4515 2459 4564 τὰ
2494 4511 2765 4586 ἀθεώρητα
2820 4508 2975 4561 αὐτοῦ
3020 4511 3248 4581 κρίματα
3301 4513 3394 4565 τῆς
3453 4500 3844 4571 δικαιοσύνης,

2228 4600 2379 4653 πάλιν
2408 4596 2640 4673 διωγμὸν
2690 4598 2977 4671 ἀναφθῆναι
3019 4613 3029 4625 ·
3082 4596 3249 4648 πάντα
3288 4592 3502 4647 ἑλέσθαι
3533 4598 3716 4669 μέχρι
3758 4598 3846 4649 Θα-

2226 4693 2400 4755 νάτου,
2435 4694 2466 4750 ἦ
2496 4694 2590 4748 τὴν
2638 4688 2877 4747 ἀλήθειαν
2932 4681 3234 4757 προδοῦναι.
3266 4682 3445 4742 Οὕτως
3471 4684 3638 4754 ἡμεῖς
3673 4686 3730 4737 οἱ
3761 4704 3844 4737 τα-

2227 4787 2391 4834 πεινοὶ
2441 4786 2737 4853 φρονοῦμεν,
2781 4775 2886 4829 ἐπεὶ
2941 4778 3029 4827 καὶ
3066 4778 3224 4825 πᾶσιν
3262 4769 3673 4843 ἀποκρινόμεθα
3710 4793 3725 4806 ·
3777 4777 3844 4833 ὡς

2229 4867 2289 4923 δε
2323 4867 2466 4922 δοκεῖ
2515 4877 2576 4940 τῇ
2637 4873 2862 4938 πατρικῇ
2920 4882 3013 4917 σου
3070 4862 3360 4933 ἁγιωσύνῃ,
3418 4862 3502 4919 εἴη
3535 4863 3759 4923 πάντως
3789 4866 3847 4914 τὸ

2230 4959 2613 5031 εύκριτώτερόν.

2474 5071 2590 5128 ΡΒ’.
2633 5101 2697 5111 -
2737 5068 3079 5141 Εύαρέστῳ
3116 5067 3328 5136 τέκνῳ.
3361 5061 3582 5136 [χηγ’.]

1513 5171 1825 5232 Apostatam
1846 5169 2171 5221 monachum
2200 5174 2416 5221 revocat
2445 5171 2512 5221 ad
2542 5169 2794 5219 ofﬁcium.

547 5258 610 5313 Et
641 5258 806 5329 gravi
842 5274 1064 5329 angore
1094 5265 1150 5315 et
1177 5259 1375 5315 cordis
1408 5258 1521 5312 mei
1554 5259 1850 5326 angustia,
1894 5259 2116 5316 addam

474 5352 530 5402 et
560 5347 861 5420 lacrymis,
906 5348 1156 5420 epistola
1185 5348 1311 5403 haec
1354 5347 1433 5402 ad
1460 5352 1531 5409 te.
1562 5345 1738 5402 frater
1772 5363 1782 5402 :
1837 5362 1906 5402 eo
1951 5350 2115 5419 quod

540 5473 561 5505 ⁹
590 5472 609 5524 Ι
640 5472 791 5529 Petr.
816 5489 869 5539 v,
903 5476 983 5526 14.
1060 5472 1102 5507 ¹⁰
1132 5471 1315 5527 Galat.
1353 5486 1422 5545 τι,
1453 5475 1505 5527 2.

541 5560 600 5634 (')
631 5560 1004 5618 Paraanetica.

2300 5262 2386 5314 Ἐκ
2446 5258 2637 5321 πολλῆς
2688 5255 2904 5327 θλίψεως
2957 5256 3045 5305 καὶ
3107 5256 3339 5322 συνοχῆς
3395 5248 3637 5324 καρδίας
3719 5273 3855 5325 μου,

2224 5353 2507 5423 προσθείην
2551 5352 2639 5400 καὶ
2674 5343 2933 5419 δακρύων,
2995 5342 3021 5401 ἦ
3072 5339 3325 5396 έπισσολη
3377 5343 3514 5412 πρὸς
3561 5360 3625 5395 σε
3679 5343 3854 5407 αῦτη,
