4036 6276
274 283 411 341 135⁵7

277 407 467 483 ἀδελφέ
502 430 515 443 °

561 407 699 464 διότι
738 411 936 471 ἀκήκοα
981 411 1252 465 ἀποθανεῖν
1302 432 1358 464 σε
1413 416 1496 465 τὸν
1548 422 1641 474 τῆς
1698 413 1869 488 ἁμαρ·
1897 414 1945 469 Α

271 504 386 561 τίας
417 502 634 553 θάνατον
668 522 681 534 ·
717 506 853 554 Φασὶ
900 504 998 577 γὰρ
1058 500 1475 576 ἀπορῥιψάμενον
1520 506 1577 555 τὸ
1619 502 1872 575 ἐπάγγελ-

271 609 347 661 μα
376 596 471 652 τῆς
508 593 801 663 παρθενίας,
834 594 890 643 τὸ
921 587 1122 663 ἔνδυμα
1159 595 1217 643 1'6
1269 591 1620 662 εὐαγγελικόν,
1672 596 1730 645 τὸ
1783 611 1871 645 σε-

273 676 499 750 ϐάσμιον
532 683 622 731 καὶ
665 678 905 750 ἀγγέλοις
959 684 1049 731 καὶ
1101 678 1384 753 ἀνθρώποις
1431 679 1735 752 πολίτευμα,
1786 680 1876 731 λα-

272 766 378 819 ϐεῖν
409 786 468 822 σε
508 776 734 838 γυναῖκα
780 777 1064 840 μοιχικῶς,
1095 769 1286 841 μᾶλλον
1319 765 1498 827 δὲτὴν
1548 774 1680 822 Εὔαν
1717 769 1874 822 εἰπεῖν

271 862 605 932 κυριώτερον,
647 857 787 915 Αὕτη
828 859 930 930 γάρ
984 877 1040 910 σε
1091 865 1183 911 τοῦ
1221 854 1548 931 παραδείσου
1592 866 1688 920 τῆς
1724 858 1876 929 ἁγίας

274 946 411 1006 ζωῆς
438 944 733 999 ἐκϐαλοῦσα
762 948 923 1013 ἔθετο,
956 946 1028 1009 εἰς
1063 948 1241 1007 πένθος
1292 949 1383 1018 μὲν
1431 948 1545 1019 ἐμοὶ
1599 954 1669 1016 τῷ
1702 946 1875 1018 ἁμαρ-

270 1034 417 1105 τωλῷ
468 1054 563 1087 σου
604 1039 783 1110 πατρὶ,
829 1037 900 1095 εἷς
944 1053 999 1087 τε
1048 1035 1319 1108 αἰσχύγην
1358 1043 1451 1097 τῆς
1479 1035 1753 1107 ἀγγελικῆς
1781 1054 1875 1088 σου

272 1121 643 1196 ἀδελφότητος,
688 1129 777 1176 καὶ
826 1124 899 1185 εἰς
933 1126 1151 1198 ἔπαρσιν
1182 1130 1272 1176 καὶ
1327 1128 1551 1197 αὔχημα
1592 1133 1661 1195 τῷ
1694 1121 1728 1177 δ
1736 1124 1877 1177 ιαϐό-

273 1213 368 1285 λῳ.
416 1212 485 1265 Ὠ
534 1218 586 1266 τί
631 1217 808 1285 γέγονε
841 1229 853 1278 ;
891 1213 1014 1284 φεῦῑ
1048 1222 1157 1275 πῶς
1201 1232 1258 1266 σε
1314 1212 1637 1286 ἐχειρώσατο
1677 1215 1702 1265 ό
1749 1212 1876 1288 δρά’

273 1322 374 1355 κων
403 1324 416 1368 ;
447 1303 513 1364 είς
552 1304 658 1356 οἷον
707 1300 766 1355 δέ
808 1322 865 1357 σε
902 1302 1155 1378 ἀπέρῥιψε
1208 1302 1372 1375 βάθος
1422 1300 1695 1366 δυσωδίας
1730 1321 1743 1369 ;
1808 1306 1877 1356 Τὸ

278 1401 384 1465 φῶς
446 1396 665 1465 γέγονας
715 1396 898 1453 σκότος
956 1407 970 1421 ⁹
1029 1395 1055 1451 ἱ)
1104 1399 1339 1466 Χριστοῦ
1387 1390 1586 1446 εὐωδία
1646 1394 1671 1444 ό
1723 1394 1877 1466 ἱερὸς,

274 1484 467 1555 μιαρὸς
510 1497 522 1508 ·
564 1483 803 1554 ότίμιος,
836 1483 1022 1555 ἄτιμος
1048 1499 1060 1511 °
1086 1482 1112 1532 6
1144 1478 1367 1546 ἔνδοξος,
1387 1480 1574 1543 ἄδοξος
1606 1502 1617 1514 ·
1663 1484 1688 1533 6
1713 1481 1879 1553 ἄσχε-

272 1589 374 1639 τος,
426 1579 499 1642 τῷ
539 1567 752 1642 δαίμονι
781 1567 1157 1642 χειροδέσμιος
1198 1586 1210 1597 '
1264 1572 1289 1622 6
1341 1570 1569 1642 φιλητὸς,
1611 1575 1832 1642 μισητός
1862 1587 1874 1599 ·

272 1664 331 1713 τό
406 1658 665 1734 πρόϐατον
744 1660 944 1726 Ἰησοῦ,
1027 1658 1367 1732 θηριάλωτον.
1446 1662 1742 1735 Προσθησω
1812 1661 1879 1711 τὰ

270 1748 457 1821 μείζω.
536 1747 594 1801 Ὀ
672 1744 1023 1819 δεδιωγμένος
1098 1750 1257 1800 ἕνεκεν
1337 1755 1427 1809 τῆς
1514 1745 1871 1820 δικαιοσύνης,
1909 1764 1953 1819 Β

271 1838 673 1911 κατειλημμένος
730 1838 830 1889 ὑπὸ
896 1845 992 1899 τῆς
1056 1836 1316 1910 ἁμαρτίας
1348 1857 1360 1869 ·
1424 1839 1449 1889 ό
1525 1838 1873 1911 όμολογητὴς,

269 1927 546 2003 ἀρνητής’
594 1929 619 1979 ό
658 1930 745 1979 τὸν
800 1930 1135 2000 μακαρισμὸν
1196 1930 1279 1979 ἐπὶ
1344 1935 1573 2000 κορυφῆς
1626 1930 1694 1989 ὡς
1748 1925 1874 1980 διά-
1930 1926 1934 1933 ’

274 2015 425 2091 δημα
481 2021 660 2091 φέρων,
717 2016 1040 2091 ἀφῃρημένος
1100 2020 1159 2069 τὸ
1219 2019 1521 2090 θαυμαστὸν
1561 2019 1724 2090 ὄνομα
1782 2025 1873 2070 τοῦ

275 2115 515 2180 μοναχοῦ
525 2146 537 2157 .

345 2201 503 2270 Οἵμοι
543 2196 555 2251 l
590 2198 665 2257 τίς
696 2194 924 2257 ἀκούσας
977 2195 1035 2248 οὐ
1069 2195 1323 2258 στενάξειε
1351 2213 1365 2263 ;
1397 2200 1479 2258 τίς
1515 2192 1573 2248 δὲ
1609 2205 1872 2249 κατανοῶν

272 2287 529 2361 οὐφρίξειν
582 2303 596 2353 ;
653 2289 897 2360 ᾔσχυνας
946 2289 1003 2338 τὸ
1060 2289 1372 2358 μοναχικόν,
1428 2285 1688 2358 ἐφόϐησας
1750 2289 1874 2346 τοὺς

274 2376 576 2441 ἑστηκότας,
646 2373 925 2435 ἐσάλευσας
966 2378 1087 2437 τοὺς
1152 2374 1490 2438 ὀκλάζοντιας,
1565 2377 1701 2435 ἔπιες
1773 2394 1875 2427 πο-

275 2470 454 2540 τήριον
507 2463 740 2537 ἀνομίας,
791 2465 1035 2525 εἴλκυσας
1082 2467 1140 2517 τὸ
1188 2465 1305 2517 καθ’
1350 2464 1530 2517 ἑαυτὸν
1578 2468 1701 2526 τοὺς
1757 2466 1878 2536 ὁμου

277 2561 456 2625 ταγεῖς
487 2553 886 2624 ἀπογεύσασθαι
930 2560 1020 2605 τοῦ
1076 2554 1320 2606 θανάτου.
1369 2552 1440 2605 ’Ὠ
1480 2558 1570 2606 καὶ
1605 2550 1759 2615 αὖθις
1796 2553 1880 2604 λέ-

275 2663 374 2714 γω,
425 2646 477 2694 τί
528 2645 779 2704 πέπονθας
832 2641 1050 2708 ελεεινέ;
1104 2643 1265 2704 πῶςὸ
1316 2642 1610 2715 Ἐωσφόρος
1672 2645 1881 2694 ἐσκοτί-

281 2734 459 2798 σθης;
506 2740 609 2793 πῶς
660 2734 717 2784 1'6
768 2738 1099 2807 χρησιμεῦον
1149 2739 1333 2793 σκεῦος
1389 2730 1735 2805 συνετρίϐης;
1785 2731 1880 2783 οὐκ

280 2817 408 2893 αἰδῇ
450 2819 545 2873 κᾶν
599 2824 655 2873 1'6
717 2823 878 2893 ὄνομά
910 2840 1026 2885 σου,
1078 2822 1159 2873 ὅτι
1198 2821 1489 2893 Εὐάρεστος
1541 2821 1875 2892 καλούμενος,

283 2912 612 2983 Δυσάρεστος
652 2912 1016 2985 ἓχρημάτισας
1050 2927 1063 2977 ;
1098 2909 1174 2962 Οὐ
1219 2913 1408 2981 πέρυσι
1465 2910 1587 2972 ἧκες
1629 2913 1760 2980 πρὸς
1817 2928 1879 2981 με

281 2998 390 3052 επεὶ
441 3003 532 3051 καὶ
588 3002 717 3073 πρὸς
774 3002 860 3052 τὸν
930 3007 1079 3073 κῦριν
1140 3001 1226 3051 τὸν
1298 2998 1714 3072 ἀρχιεπίσκοπον
1767 2997 1880 3059 ὅλος

278 3090 453 3161 ὑγιὴς,
494 3090 731 3161 εὔθυμος,
779 3090 1065 3161 πρόθυμος,
1108 3089 1234 3161 ὑπὲρ
1284 3088 1456 3163 ἐτέρου
1506 3086 1697 3160 μᾶλλον
1733 3084 1878 3140 ἀδελ-

279 3148 376 3250 φοῦ
409 3198 503 3231 σου
532 3179 881 3252 παρακλήτωρ
920 3184 1010 3230 καὶ
1042 3178 1339 3251 ἀνορθωτίκ
1372 3196 1385 3245 ;
1418 3186 1523 3238 πῶς
1555 3176 1777 3241 ἐξέλιπες
1806 3176 1883 3240 ἐξ·
1917 3148 1957 3206 C

279 3269 442 3320 άπινα
473 3286 486 3336 ;
515 3275 626 3330 πῶς
653 3267 1021 3339 ἀπετυφλώθης
1054 3283 1068 3335 ;
1096 3274 1205 3329 πῶς
1225 3266 1601 3338 ἠμνημόνησας
1630 3271 1718 3319 καὶ
1750 3275 1883 3319 Θεοῦ

278 3359 557 3429 καὶὴμῶν,
590 3366 687 3409 τῶν
718 3376 772 3409 τε
814 3360 1214 3430 προηνυσμένων
1272 3354 1574 3415 ἀσκητικῶν
1644 3375 1739 3408 σου
1789 3360 1881 3407 πό-

276 3467 374 3500 νων
404 3451 495 3499 καὶ
526 3443 760 3517 ἱδρώτων
786 3466 799 3478 ·
844 3445 952 3498 ἐπεὶ
982 3441 1046 3507 ἧς
1082 3450 1172 3497 καὶ
1202 3453 1300 3498 τῶν
1332 3450 1636 3517 χρησίμων,
1663 3450 1752 3497 καὶ
1782 3453 1878 3496 τῶν

242 3535 329 3588 -ἕν
359 3542 476 3597 ταῖς
511 3536 895 3607 ὑπερεχούσαις
961 3531 1253 3597 διακονίαις
1316 3539 1636 3606 τεταγμένων
1695 3552 1707 3597 ;
1753 3530 1884 3588 Εἶτα

279 3631 333 3677 τί
377 3626 588 3697 ;μικρά
637 3622 902 3698 προσϐολὴ
956 3631 1048 3675 τοῦ
1103 3625 1316 3695 ἐχθροῦ,
1377 3622 1629 3694 ἐπιθυμία
1678 3624 1885 3694 ἐχουσα

280 3717 371 3788 μὲν
399 3721 473 3785 τῷ
513 3710 684 3765 δοκεῖν
738 3712 924 3784 γλυκὺ,
980 3712 1333 3784 συνειλιγμένη
1391 3707 1450 3764 δὲ
1500 3708 1742 3784 διστύμῳ
1781 3730 1887 3783 μα-

282 3808 474 3876 χαίρᾳ,
533 3802 598 3864 ἧς
635 3810 726 3862 τῆς
775 3804 990 3876 πικρίας
1028 3796 1178 3853 οὐδὲν
1229 3796 1649 3875 χολωδέστερον,
1692 3796 1887 3875 δραξα-

282 3897 406 3965 μένη
452 3910 509 3944 σε
555 3894 854 3962 κατήγαγεν
892 3892 963 3951 ὡς
1010 3888 1097 3942 ἀπ’
1148 3888 1367 3961 οὐρανοῦ
1402 3897 1499 3951 τῆς
1549 3888 1757 3960 ὑψηλῆς
1796 3909 1886 3942 πο-

279 3980 490 4051 λιτείας,
538 3975 777 4032 δείκνυσι
819 3975 877 4032 δὲ
925 3981 1049 4031 ὡσεὶ
1106 3981 1431 4052 τραυματίαν
1482 3975 1807 4030 καθεύδοντα
1836 3979 1886 4030 ἐν

283 4074 449 4143 τάφῳ.
494 4073 558 4122 Τί
608 4071 710 4142 γὰρ
760 4068 881 4121 ἄλλο
939 4068 1079 4120 ἐστὶν
1127 4064 1254 4120 εἶναι
1306 4069 1394 4120 τὸν
1438 4070 1486 4119 ἐν
1526 4074 1587 4138 τῇ
1631 4066 1882 4140 ἁμαρτίᾳ,

282 4162 313 4220 ἣ
356 4162 404 4213 ἐν
458 4161 677 4232 φθορᾷ;
739 4157 972 4210 Οὐτίπου
1027 4165 1133 4229 φῶς
1202 4159 1392 4231 νοερὸν,
1452 4152 1675 4226 οὐδεμία
1725 4157 1882 4221 ἐλπὶς,

281 4246 507 4323 οὐδεμία
552 4248 814 4319 γλυκύτης
872 4246 1080 4319 ψυχῆς,
1140 4242 1368 4317 ὀὐδεμία
1426 4241 1703 4307 διανόησις
1753 4247 1882 4318 ἱερά,

284 4339 414 4392 ἀλλὰ
448 4337 541 4400 νύξ
571 4334 779 4409 βαθεῖα,
812 4338 975 4408 μύσις
1002 4343 1094 4388 τοῦ
1130 4332 1488 4400 διανοητικοῦ,
1523 4331 1723 4406 δαγμὸς
1763 4354 1886 4408 καρ-

232 4494 239 4503 ¹
288 4424 495 4494 διακὸς,
529 4426 681 4500 φόϐος
729 4430 819 4478 καὶ
848 4432 940 4477 τοῦ
970 4430 1243 4497 τυχόντος,
1292 4423 1340 4475 ἐν
1396 4432 1470 4496 τῷ
1518 4421 1759 4496 βορϐόρῳ
1788 4444 1887 4475 κυ-

1550 284 2061 343 EPISTOLARUM
2100 286 2234 342 LIB.
2278 287 2345 344 II.

3489 289 3627 348 i358

1980 414 2177 469 audivi
2206 419 2260 469 te
2292 416 2522 486 peccati
2543 419 2734 471 morte
2759 419 3062 471 mortuum
3084 430 3237 472 esse.
3261 416 3440 473 Aiunt
3466 417 3627 475 enim

1978 503 2271 573 abjecisse
2306 510 2357 560 te
2386 505 2768 577 propositum
2792 504 3177 574 virginitatis.
3203 505 3626 563 indumentum

1977 593 2410 663 evangelicum,
2429 595 2841 650 venerandum
2868 600 2925 649 et
2946 594 3172 665 angelis
3196 599 3255 650 et
3282 596 3629 653 hominibus

1979 682 2114 737 vitae
2142 682 2496 749 institutum,
2530 688 2587 739 et
2616 683 2904 739 feminam
2935 684 3232 740 adulterio
3255 685 3362 740 tibi
3387 686 3629 741 ascivis-

1979 787 2061 837 se,
2094 787 2279 842 quam
2319 772 2559 844 proprie
2594 773 2786 841 magis
2818 775 2997 828 Evam
3030 774 3226 829 dicere
3262 772 3458 830 liceat.
3491 774 3630 830 Haec

1979 860 2138 916 enim
2163 866 2217 916 te
2238 863 2312 916 de
2344 866 2564 917 sanctae
2593 864 2721 917 vitae
2740 863 3022 933 paradiso
3043 863 3425 919 exturbatum
3451 879 3631 935 expo-

1982 950 2097 1004 suit
2127 949 2273 1005 mihi
2299 951 2539 1022 quidem
2566 953 2861 1023 peccatori
2892 953 3041 1008 Patri
3063 956 3164 1008 tuo
3185 952 3263 1007 ad
3280 951 3529 1017 luctum,
3553 953 3632 1009 ad

1981 1040 2275 1109 pudorem
2334 1055 2473 1095 vero
2514 1040 2799 1109 angelicae
2843 1041 3307 1097 confraternitati
3333 1046 3469 1107 tuas,
3510 1041 3633 1098 dia—

1981 1127 2119 1183 bolo
2141 1134 2341 1183 autem
2364 1128 2439 1183 ad
2462 1129 2918 1184 ostentationem
2955 1135 3009 1184 et
3024 1130 3397 1201 jactantiam.
3423 1130 3466 1184 0
3487 1130 3633 1203 quid

1982 1216 2203 1272 factum
2236 1224 2323 1272 est
2351 1218 2378 1273 ?
2405 1218 2552 1275 heul
2583 1234 2704 1290 quo
2736 1224 2910 1288 pacto
2939 1224 2993 1275 te
3023 1219 3366 1289 subiugavit
3394 1220 3577 1277 draco
3606 1217 3635 1274 ?

1983 1305 2161 1378 quale
2184 1314 2235 1361 te
2258 1306 2315 1361 in
2343 1307 2543 1362 feloris
2576 1308 2943 1379 profundum
2964 1308 3304 1366 demersit?
3325 1309 3553 1365 Lumen
3574 1311 3634 1365 in

1986 1395 2277 1459 tenebras.
2305 1396 2513 1451 Christi
2534 1397 2734 1452 bonus
2753 1398 2903 1453 odor
2926 1399 2983 1452 in
3003 1413 3183 1467 grave
3204 1398 3487 1455 olentiam
3509 1414 3637 1454 mu-

1986 1489 2141 1540 tatus
2171 1501 2233 1539 es
2267 1505 2281 1541 :
2313 1501 2385 1540 ex
2414 1501 2583 1541 sacro
2610 1486 2920 1558 profanus,
2955 1503 3026 1542 ex
3054 1488 3347 1543 honorato
3378 1488 3639 1544 inhono-

1981 1580 2163 1639 ratus,
2217 1589 2287 1629 ex
2332 1574 2595 1643 glorioso
2640 1575 2949 1645 inglorius,
2995 1591 3068 1631 ex
3099 1576 3294 1632 soluto
3346 1581 3404 1633 et
3449 1577 3637 1634 libero

1983 1664 2372 1734 mancipium,
2404 1664 2593 1719 factus
2638 1664 2885 1729 diaboli,
2935 1682 3007 1720 ex
3046 1665 3260 1721 dilecto
3291 1681 3531 1732 exosus,
3564 1682 3638 1722 ex

1985 1752 2191 1807 Christi
2212 1767 2322 1807 ove
2344 1752 2709 1824 praedatupi.
2738 1753 2972 1809 Addam
2997 1754 3088 1809 his
3115 1755 3364 1824 majora.
3385 1756 3491 1821 Qui
3508 1771 3639 1828 per-

1983 1840 2348 1895 secutionem
2371 1841 2613 1911 justitiae
2640 1857 2824 1897 causa
2854 1842 3210 1913 patiebatur,
3239 1850 3449 1914 captus
3481 1848 3568 1899 est
3602 1860 3639 1900 a

1983 1933 2276 2000 peccato;
2313 1929 2417 2001 qui
2466 1930 2772 1985 confessor
2816 1934 2957 1996 erat,
2992 1946 3154 1986 nunc
3201 1937 3491 2003 negator;
3535 1934 3638 2005 qui

1982 2016 2411 2074 beatitudinem
2434 2019 2492 2073 in
2508 2020 2724 2075 vertice
2744 2020 2903 2075 velut
2922 2020 3206 2076 diadema
3223 2021 3521 2092 gestabat,
3536 2021 3640 2078 ad-

1985 2108 2263 2163 mirando
2294 2108 2573 2164 monachi
2608 2108 2850 2164 nomine
2882 2109 3174 2179 spoliatus
3207 2114 3317 2166 est.

2057 2196 2155 2251 Hei
2188 2196 2333 2251 mihi
2361 2196 2374 2251 ε
2403 2197 2538 2269 quis
2591 2197 2720 2252 haec
2752 2198 3004 2254 audiens
3056 2214 3178 2254 non
3224 2199 3480 2270 gemat?
3505 2200 3640 2273 quis

1983 2287 2252 2355 cogitans
2274 2301 2396 2341 non
2414 2285 2832 2343 exhorrescat?
2858 2285 3090 2343 Pudore
3114 2288 3413 2344 suﬂ‘udisti
3436 2304 3643 2346 mona-

1985 2375 2151 2438 chos,
2179 2374 2474 2430 stantibus
2508 2380 2789 2430 terrorem
2818 2375 3091 2446 injecisti,
3116 2376 3420 2448 lapsantes
3446 2378 3644 2449 impu-

1984 2463 2119 2528 listi,
2156 2462 2350 2518 bibisti
2382 2462 2628 2519 calicem
2680 2463 3032 2535 iniquitatis,
3068 2465 3296 2521 traxisti
3346 2471 3641 2538 quantum

1986 2553 2047 2607 in
2080 2557 2131 2608 te
2160 2552 2269 2607 fuit
2300 2552 2494 2608 socios
2525 2557 2586 2607 ut
2615 2558 2864 2607 mortem
2897 2554 3307 2623 degustarent.
3342 2556 3383 2611 Ο
3426 2556 3641 2611 iterum

1986 2642 2139 2707 dico,
2173 2641 2317 2714 quid
2338 2658 2552 2713 passus
2578 2658 2663 2705 es,
2688 2643 2869 2697 miser
2887 2641 2916 2695 ‘i
2938 2643 3243 2714 quomodo
3270 2643 3530 2699 tenebris
3559 2643 3643 2700 of-

1987 2731 2159 2786 fusus
2182 2748 2267 2801 es,
2293 2731 2519 2786 Lucifer
2538 2730 2566 2786 ?
2591 2731 2901 2802 quomodo
2922 2748 3028 2786 vas
3066 2731 3203 2788 utile
3226 2732 3514 2788 contritus
3537 2749 3598 2788 es
3616 2729 3645 2785 ?

1987 2823 2103 2876 Nec
2134 2821 2331 2891 ipsum
2355 2836 2575 2875 nomen
2600 2825 2769 2875 tuum
2799 2820 3104 2885 revereris,
3135 2821 3301 2893 quod
3325 2823 3645 2877 Evarestus

1988 2926 2125 2965 cum
2165 2908 2501 2981 appelleris,
2535 2909 2893 2980 Dysarestus
2919 2910 3154 2966 evasisti
3188 2908 3216 2964 Τ
3241 2910 3447 2967 Nonne
3478 2926 3644 2968 anno

1990 2999 2283 3071 praeterito
2310 2999 2385 3053 ad
2421 3015 2514 3053 me
2546 2998 2753 3053 venisti
2780 3004 2960 3070 atque
2983 2998 3060 3055 ad
3086 2999 3403 3056 dominum
3446 3000 3644 3056 archi-

1989 3088 2337 3160 episcopum
2370 3092 2528 3142 totus
2554 3103 2758 3155 sanus,
2786 3087 2958 3143 hilari
2984 3089 3186 3144 animo
3217 3093 3271 3144 et
3304 3088 3507 3155 alacri,
3530 3105 3641 3161 pro

1989 3182 2173 3238 altero
2204 3181 2383 3236 etiam
2411 3179 2590 3236 fratre
2621 3186 2722 3235 tuo
2747 3180 3096 3251 deprecator
3126 3189 3181 3237 et
3204 3187 3425 3238 erector
3443 3184 3469 3232 9
3490 3184 3647 3247 Quo-

1990 3270 2170 3326 modo
2196 3274 2441 3341 repente
2468 3268 2735 3325 defecisti
2761 3269 2791 3322 ‘i
2818 3270 3129 3343 quomodo
3160 3275 3490 3327 excaecatus
3516 3287 3579 3327 es
3610 3272 3639 3330 ?

1988 3359 2297 3433 quomodo
2320 3360 2418 3413 Dei
2436 3359 2655 3414 oblitus
2678 3375 2739 3414 es
2764 3363 2818 3415 et
2839 3360 3023 3415 nostri
3046 3357 3073 3413 ?
3095 3365 3563 3435 exactorumque
3581 3361 3641 3417 in

1988 3449 2246 3504 ascetica
2278 3449 2398 3503 vita
2444 3448 2721 3504 laborum
2775 3447 3209 3520 sudorumque,
3260 3450 3642 3522 quandoqui-

1989 3538 2129 3594 dem
2156 3554 2287 3593 eras
2321 3536 2472 3592 inter
2504 3536 2690 3601 utiles,
2721 3552 2944 3609 eosque
2973 3537 3034 3592 in
3066 3539 3274 3609 primis
3303 3538 3645 3595 ministeriis

1988 3622 2591 3696 fungebantur?0uid
2618 3632 2755 3697 post
2776 3626 2904 3681 haec
2924 3628 2951 3682 ?
2976 3627 3159 3683 Parva
3178 3627 3363 3683 hostis
3398 3630 3645 3700 impres-

1992 3716 2099 3781 sio,
2133 3714 2431 3785 cupiditas
2471 3714 2669 3785 specie
2715 3714 2961 3786 quidem
3007 3715 3385 3773 dulcedinem
3430 3716 3641 3789 praefe-

1990 3821 2145 3869 rens,
2168 3804 2274 3859 sed
2306 3803 2549 3875 ancipiti
2572 3802 3091 3875 gladioimplicita,
3124 3805 3295 3875 cujus
3317 3806 3639 3863 acerbitate

1990 3892 2135 3949 nihil
2161 3892 2446 3958 amarius,
2470 3891 2786 3963 abreptum
2805 3897 2855 3947 te
2867 3892 3080 3963 dejecit
3096 3897 3381 3965 tanquam
3397 3893 3471 3950 de
3494 3894 3644 3950 coelo

1990 3981 2236 4038 excelsae
2289 3980 2782 4045 conversationis,
2833 3980 3207 4052 ostenditque
3239 3981 3397 4037 velut
3448 3981 3641 4053 plagis

1992 4076 2274 4126 onustum
2299 4067 2357 4123 in
2373 4067 2646 4139 sepulcro
2666 4067 3080 4123 dormientem.
3106 4070 3256 4133 Quid
3288 4069 3448 4125 enim
3472 4069 3639 4126 aliud

1992 4165 2079 4215 est
2112 4159 2170 4213 in
2201 4163 2447 4230 peccato
2485 4172 2613 4212 esse
2642 4172 2828 4229 quam
2869 4157 2929 4210 in
2960 4162 3149 4213 morte
3180 4158 3208 4215 ?
3237 4158 3477 4214 Nullum
3510 4159 3639 4230 jam

1992 4248 2194 4303 lumen
2228 4244 2579 4310 intellectus,
2632 4244 2798 4299 nulla
2828 4260 2983 4315 spes,
3014 4245 3178 4301 nulla
3218 4246 3485 4303 suavitas
3513 4247 3642 4302 ani-

1994 4352 2125 4402 mae,
2151 4334 2315 4390 nulla
2340 4350 2510 4389 sacra
2536 4333 2812 4403 cogitatio
2837 4350 2847 4385 :
2873 4333 2977 4388 sed
2997 4334 3296 4405 profunda
3317 4350 3456 4400 nox,
3481 4351 3643 4391 men-

1996 4426 2066 4481 tis
2115 4424 2461 4489 obstructio,
2493 4427 2547 4476 et
2607 4422 2801 4478 cordis
2857 4437 3117 4486 morsus,
3146 4439 3215 4479 ac
3246 4423 3424 4479 timor
3473 4440 3545 4480 ex
3578 4440 3639 4479 re

286 4514 581 4570 λινδεῖσθαι
636 4517 988 4582 καθεκάστην,
1045 4518 1169 4567 ὡσεί
1237 4534 1287 4567 τι
1351 4513 1701 4586 ἰλυσπώμενον
1760 4520 1880 4565 κνώ·

1995 4512 2262 4586 qualibet
2298 4528 2309 4565 :
2346 4510 2405 4566 in
2450 4526 2623 4565 emno
2680 4511 2899 4565 versari
2932 4509 3193 4578 assidue,
3230 4511 3391 4567 velut
3420 4513 3644 4568 animal

291 4603 468 4660 δαλόν.
512 4610 576 4660 Τί
622 4606 903 4679 εἰργάσατο
964 4606 989 4655 ό
1035 4601 1238 4677 δαίμων
1280 4621 1293 4671 ;
1336 4609 1387 4657 τί
1432 4623 1488 4656 σε
1529 4602 1887 4689 ἀπετέλεσενή

289 4697 694 4768 παγκατάρατος
745 4693 1001 4766 ἐπιθυμία
1041 4708 1055 4759 ;
1106 4690 1178 4745 δι’
1226 4693 1289 4755 ἧς
1338 4692 1437 4745 ἀπὸ
1477 4700 1568 4745 τοῦ
1620 4692 1802 4755 αἰῶνος
1841 4697 1889 4745 οι

293 4784 635 4856 ἠπατημένοι,
695 4779 819 4836 οὐδε
893 4784 959 4834 τὰ
1014 4784 1233 4835 ἐνταῦθα
1304 4778 1705 4854 κεκερδάκασιν,
1760 4780 1888 4833 ἀλλά

286 4878 378 4926 καὶ
414 4875 481 4925 τά
520 4873 736 4948 οὐράνια
765 4871 1055 4942 ἀπώλεσαν,
1111 4871 1158 4923 ἓν
1220 4871 1701 4945 κληρονομήσαντες
1735 4877 1887 4943 μόνον

285 4966 343 5017 1'6
383 4969 487 5036 πῦρ
518 4964 576 5015 τὸ
608 4962 831 5017 αἰώνιον.

359 5050 524 5106 Ἀλλά
581 5046 753 5123 δεῦρο,
813 5052 892 5103 υἱέ
945 5068 1067 5121 μου,
1120 5048 1460 5113 ἀνακλήθητι,
1515 5049 1656 5100 καλῶ
1699 5067 1754 5101 σε
1785 5047 1885 5100 ἀπὸ

288 5142 492 5217 βαθέων
555 5137 776 5214 καρδίας
840 5160 962 5213 μου,
1040 5138 1140 5192 ἀπὸ
1218 5139 1533 5211 σπλάγχνων
1579 5142 1886 5211 ἑμπυριζόν-

284 5252 385 5286 των
416 5250 479 5305 με
508 5251 524 5267 ³
577 5226 757 5289 ἕπειδή
796 5230 826 5288 ἡ
880 5234 946 5288 σὴ
1008 5224 1141 5292 δόξα
1197 5227 1316 5299 ἐμὴ,
1359 5232 1423 5288 ὡς
1477 5232 1567 5280 καὶ
1608 5228 1823 5299 ἔμπαλιν
1852 5229 1880 5285 ἡ

286 5322 544 5395 αἰσχύνη.
606 5326 783 5393 Δεῦρο,
830 5319 1145 5393 ἐξεγίρθητι,
1201 5318 1226 5368 ό
1284 5320 1474 5389 Κύριος
1524 5316 1813 5368 κεκέλευκεν
1864 5330 1877 5342 ·

287 5414 475 5482 Οὑμη
505 5411 791 5482 μνησθῶ,
825 5412 1115 5480 φησὶ,τῶν
1142 5404 1419 5479 ἀνομιῶν
1452 5424 1582 5460 σου.
1616 5410 1759 5457 Καὶ·
1787 5408 1882 5462 Μὴ

360 5579 404 5613 ¹¹
435 5577 547 5634 Isa.
578 5582 736 5647 xuii,
763 5581 850 5633 25.

1995 4601 2325 4675 quodpiam
2363 4601 2420 4655 in
2451 4599 2574 4655 luto
2607 4615 2671 4655 se
2721 4599 3017 4654 volutans.
3061 4599 3213 4664 Quid
3243 4607 3523 4671 Operatus
3552 4607 3646 4657 est

1994 4692 2231 4746 daemon
2263 4688 2455 4761 ?quid
2492 4688 2591 4743 tibi
2620 4687 2863 4742 contulit
2896 4688 3260 4743 exsecranda
3288 4689 3587 4760 cupiditas
3614 4689 3643 4746 ?

1995 4795 2101 4851 per
2130 4794 2311 4850 quam
2345 4776 2446 4848 qui
2474 4777 2550 4831 ab
2574 4792 2699 4831 {evo
2730 4776 2961 4847 decepti
2990 4776 3169 4845 fuere,
3193 4793 3388 4848 neque
3418 4793 3487 4833 ea
3507 4795 3642 4850 quae

1994 4868 2089 4923 hic
2120 4872 2259 4921 sunt
2287 4865 2714 4929 lucrifecerunt,
2749 4874 2801 4919 et
2847 4865 3111 4920 caelestia
3141 4866 3417 4931 amisere,
3453 4882 3641 4922 unum

1996 4957 2188 5012 solum
2218 4954 2557 5010 haereditate
2592 4953 2961 5025 possidentes
2992 4954 3192 5024 ignem
3225 4960 3535 5011 aeternum.

2067 5048 2281 5101 Verum
2318 5044 2436 5099 huc
2488 5044 2651 5107 ades,
2708 5043 2789 5097 ﬁli
2843 5044 2925 5098 mi
2959 5058 2972 5096 :
3026 5043 3102 5098 ab
3135 5043 3257 5099 imo
3288 5044 3466 5100 corde
3496 5059 3644 5100 voco

1995 5140 2071 5200 te,
2104 5151 2175 5190 ex
2189 5134 2508 5189 visceribus
2530 5149 2623 5187 me
2647 5132 3191 5199 inﬂammantibus;
3218 5133 3509 5204 quoniam
3526 5134 3649 5203 glo-

1994 5225 2082 5279 ria
2112 5229 2232 5288 tua,
2267 5222 2454 5293 gloria
2486 5238 2620 5277 mea
2644 5228 2759 5281 est:
2789 5222 2937 5277 sicut
2962 5221 3223 5277 dedecus
3254 5237 3285 5277 e
3316 5224 3639 5278 contrario.

1994 5314 2135 5382 Age,
2154 5310 2876 5384 expergiscere,Dominus
2894 5310 3089 5381 jussit.
3106 5311 3239 5366 Non
3260 5311 3642 5376 recordabor,

1993 5400 2609 5474 iuquit,1’niquilamm
2636 5406 2877 5455 tuarum
2902 5400 3080 5453 “.Et:
3111 5400 3405 5474 Nunquid
3424 5399 3528 5471 qui
3548 5414 3640 5456 ca-
