4036 6276
502 292 646 351 1359
1766 292 1826 348 S.
1867 287 2237 348 THEODORI
2275 286 2405 345 8Το
2415 285 2603 343 ῡΙΤᾹΞ
3708 280 3851 341 1360

479 419 589 486 dit,
620 436 740 477 non
770 418 1091 491 resurgit"
1139 418 1168 473 ?
1198 421 1305 475 Et:
1351 417 1481 473 Vidi
1505 416 1647 488 quia
1691 417 1876 472 tristis
1923 415 2073 471 amb:

2248 414 2274 464 6
2317 416 2564 464 πίπτων
2602 412 2713 464 ούκ
2751 411 3146 480 ἀνίσταται;
3190 414 3335 464 Καί·
3370 404 3556 463 Εἶδον
3596 408 3697 460 ὅτι
3731 424 3834 459 πο.

475 509 650 565 las".
684 511 750 566 Et
779 526 791 565 :
824 508 1162 566 Remedium
1195 514 1362 562 tuum
1395 506 1669 563 contritio
1697 506 1882 561 tua“.
1914 508 1997 560 En
2024 504 2069 559 bi

2243 503 2389 574 ρεύῃ
2434 503 2652 571 στυγνός
2688 542 2699 553 .
2732 505 2832 553 Καί
2866 519 2879 533 ’
2912 499 3117 573 Ἰαμα
3160 502 3227 552 τό
3273 498 3650 571 σύντριμμά
3702 514 3837 549 σου.

473 612 621 654 num
640 600 916 668 Deum,en
933 597 1222 653 medicum
1238 594 1915 667 misericordem.Utique
1928 597 2067 650 orot

2244 587 2325 644 Ἰδ
2329 609 2349 642 ε
2379 593 2508 651 Θεὸς
2538 588 2752 661 ἀγαθὸς,
2780 586 2864 643 ἴδε
2893 590 3065 663 ἰατρός
3095 588 3339 661 ἐλεήμων.
3372 591 3477 640 Ναὶ
3504 582 3692 658 δέομαί
3724 604 3838 649 σου,

472 686 557 743 ﬁli
572 703 587 755 ;
600 686 758 743 ﬁlius
773 686 930 743 enim
949 701 1117 743 meus
1130 700 1212 750 es,
1237 684 1467 741 tametsi
1482 689 1793 740 moortuus
1807 699 1868 739 es
1885 700 1898 749 ;
1914 698 1986 738 ne
2000 696 2066 754 pe

2250 683 2407 731 τέκνον
2437 696 2451 710 ·
2487 683 2658 732 τέκνον
2691 681 2791 754 γὰρ
2823 698 2924 751 μου
2964 680 3027 744 εἷ,
3068 677 3164 730 κᾶν
3195 676 3569 738 ἆποτέθνηκας.
3603 678 3689 732 Μὴ
3723 672 3844 730 ἀνα,

474 791 725 833 maneas
740 776 800 832 in
817 780 1088 848 peccato:
1114 773 1754 846 dirumpensdirumpe
1769 771 2068 845 quantocii

2250 773 2384 841 ιιείνῃ
2399 789 2419 830 ς
2439 770 2522 821 επὶ
2541 776 2601 839 τῇ
2632 768 2867 841 ἁμαρτίᾳ
2889 787 2901 802 -
2922 764 2956 821 δ
2960 767 3111 843 ιαρῥή
3122 786 3261 820 σσων
3294 763 3574 841 διάρῥηξον
3597 765 3752 837 τάχει
3776 765 3844 817 τὰ

473 864 727 922 innexos
758 863 912 921 tibia
927 862 1171 920 diabolo
1186 862 1480 918 funiculos
1497 879 1510 917 :
1527 867 1581 917 et
1606 867 1893 934 tanquam
1907 876 1938 916 e
1964 858 2067 915 foss

2249 857 2609 929 συμπλακέντα
2649 876 2734 910 σοι
2768 858 2868 910 ύπό
2917 865 3008 910 τοῦ
3052 854 3300 910 διαϐόλου
3357 858 3576 928 σχοινία
3605 870 3617 884 ⁸
3660 858 3750 906 καὶ
3773 856 3843 913 ὡς

473 969 800 1025 exsurgens
814 952 1044 1009 transili
1061 953 1118 1008 in
1132 951 1209 1007 ad
1220 950 1485 1007 mirabile
1500 951 1704 1006 lumen
1720 949 1980 1022 pristinae
1995 948 2067 1003 vit

2249 945 2341 998 Ξιπό
2394 943 2588 1021 βόθρου
2637 945 2885 1013 ἀναστὰς,
2919 944 3298 1019 μεταπήδησον
3328 945 3399 1008 εἰς
3448 948 3506 997 τὸ
3541 946 3843 1017 θαυμαστόν

473 1048 610 1099 tum.
644 1044 710 1098 Et
736 1053 847 1112 ego
879 1046 931 1097 te
962 1041 1192 1112 supinis
1226 1041 1505 1096 manibus
1531 1040 1847 1111 exctpiam,
1880 1054 2003 1093 non
2028 1053 2067 1093 e:

2250 1034 2338 1087 σού
2382 1042 2473 1096 τῆς
2527 1039 2782 1110 προτέρας
2832 1033 3045 1107 ἀγωγῆς
3113 1044 3237 1108 φῶς.
3296 1039 3452 1106 Καγὼ
3513 1052 3570 1086 σε
3630 1033 3844 1093 ὑπτίαις

472 1134 743 1205 probans
766 1130 869 1187 sed
892 1130 1329 1188 commiserans
1346 1147 1359 1186 :
1376 1146 1499 1186 non
1515 1145 1855 1200 aggravans
1869 1126 2064 1183 medic

2244 1129 2431 1198 χερσὶν
2498 1122 2841 1198 ὑποδέξομαι,
2914 1126 3008 1178 ούκ
3065 1122 3336 1187 ὀνειδίζων
3391 1122 3498 1176 ἀλλ’
3552 1122 3783 1193 οἰτείρων
3824 1138 3838 1149 ·

472 1225 677 1278 menta
706 1220 1091 1293 paenitentiae,
1133 1220 1238 1276 sed
1270 1219 1498 1276 leniens
1529 1218 1629 1275 illa
1655 1224 1712 1275 et
1740 1218 1967 1274 leviora
1994 1232 2066 1272 rei

2250 1214 2299 1267 ού
2341 1213 2578 1288 βαρύνων
2626 1217 2692 1267 τὰ
2745 1217 2994 1290 φάρμακα
3028 1224 3118 1276 τῆς
3166 1218 3461 1288 μετανοίας,
3513 1211 3619 1264 ἀλλ’
3672 1212 3844 1282 ἠπιῶν

472 1312 624 1367 dens
665 1311 870 1383 quoad
914 1310 1041 1365 ﬁeri
1089 1309 1321 1382 poterit.
1372 1310 1576 1381 Itaque
1614 1308 1851 1373 festina,
1895 1306 2062 1362 festio

2246 1304 2377 1357 αὐτὰ
2417 1304 2679 1377 κουφίζων
2727 1305 2847 1357 ὅσον
2887 1306 2991 1357 οἷόν
3041 1324 3121 1359 τε.
3185 1308 3344 1376 Καίγε
3384 1310 3630 1367 σπεῦσον,
3678 1308 3840 1355 σπεῦ-

470 1398 827 1471 priusquam
841 1404 1083 1471 repente
1106 1398 1300 1455 veniat
1321 1397 1705 1454 inexorabilis
1724 1396 1995 1467 angelus,
2020 1411 2064 1450 τι

2246 1412 2333 1446 σον
2362 1397 2484 1467 πρὶν
2514 1395 2544 1451 ἦ
2589 1389 2826 1465 ἀφνίδιον
2869 1393 3194 1447 ἐπελεύσεται
3230 1395 3256 1445 6
3301 1392 3561 1465 ἀπότομος
3599 1390 3840 1463 ἄγγελος,

472 1488 799 1545 serendum
831 1489 890 1544 in
918 1488 1169 1544 modum
1193 1494 1245 1544 te
1275 1487 1585 1544 abducens
1610 1502 1641 1542 e
1669 1501 1936 1559 corpore,
1970 1490 2026 1540 et
2050 1500 2066 1539 ε

2248 1483 2461 1543 ἐλεεινῶς
2516 1502 2572 1535 σε
2619 1483 2866 1556 χωρίζων
2927 1503 3018 1536 του
3086 1488 3343 1556 σώματος,
3392 1486 3483 1535 καὶ
3539 1480 3610 1544 εἰς
3664 1485 3842 1553 κρίσιν

473 1592 719 1649 pcenam
750 1578 1113 1635 transferens
1144 1577 1592 1649 sempiternam.

1176 1593 1270 1633 em
1278 1577 1592 1649 piternam.
2244 1572 2448 1625 αἰώνιον
2483 1570 2770 1647 ἀποφέρων.

849 1685 982 1742 CIII.
1017 1716 1082 1726 —
1113 1684 1395 1756 Gregorio
1417 1683 1759 1755 praeposito.
2430 1686 2443 1731 1

2430 1676 2544 1734 PI".
2574 1710 2639 1719 —
2671 1683 3002 1753 Γρηγορίῳ
3041 1681 3391 1753 ἡγουμένῳ.
3437 1675 3635 1752 [χκςη

1455 1782 1521 1831 Ut
1555 1782 1703 1845 gregi
1729 1794 1844 1837 suo,
1869 1780 1995 1829 boni
2027 1776 2254 1842 pastoris
2280 1776 2545 1841 exemplo,
2576 1777 2834 1841 invigilet.

542 1873 671 1930 tam
687 1872 789 1928 tibi
798 1872 968 1945 juxta
989 1871 1455 1944 promissionem
1471 1872 1823 1942 scripsimus
1840 1876 2127 1942 tanquam

2306 1862 2450 1925 Ἤδη
2514 1866 2874 1939 ἕπεστείλαμέν
2932 1886 3018 1919 σοι
3069 1869 3206 1920 κατὰ
3259 1872 3353 1927 τὴν
3415 1868 3714 1939 ὑπόσχεσιν
3772 1868 3844 1930 ὧς

470 1960 595 2017 ﬁlio
627 1966 852 2028 nostro,
898 1967 959 2016 ut
987 1976 1231 2031 gregem
1262 1960 1365 2032 qui
1393 1960 1520 2015 istic
1552 1965 1640 2015 est
1670 1958 1994 2031 prudenter
2022 1974 2059 2028 p

2244 1956 2466 2029 ἡμετέρῳ
2523 1958 2619 2027 υἱῷ
2692 1961 2984 2029 ποιμαίνειν
3048 1959 3107 2009 τό
3169 1958 3356 2010 αὐτόθι
3414 1962 3653 2029 ποίμνιον
3722 1958 3838 2029 μετ’

474 2064 610 2107 scas
651 2049 984 2107 secundum
1016 2048 1249 2106 Domini
1292 2053 1677 2121 praeceptum,
1718 2046 1865 2103 nihil
1896 2053 2068 2119 prmte

2249 2042 2530 2117 ἐπιστήμης
2580 2047 2695 2097 κατ’
2771 2044 2970 2105 ἐντολὴν
3024 2053 3116 2099 τοῦ
3174 2051 3389 2120 Κυρίου,
3449 2042 3615 2118 μηδεν
3668 2066 3843 2121 παρα-

476 2140 717 2196 mittens
750 2155 959 2195 eorum
1000 2154 1135 2211 quae
1167 2138 1243 2194 ad
1279 2137 1529 2194 fratrum
1562 2137 1868 2192 utilitatem
1905 2134 2070 2191 condi

2254 2134 2513 2208 θεωροῦντι
2559 2142 2659 2188 τῶν
2711 2140 3071 2188 συντεινόντων
3126 2136 3194 2196 εὶς
3241 2135 3482 2208 ὠφέλειαν
3533 2144 3634 2187 τῶν
3690 2132 3848 2188 ἁδελ-

475 2234 630 2285 cant.
671 2229 899 2285 Etenim
943 2228 988 2283 si
1016 2228 1064 2284 is
1096 2228 1189 2283 cui
1232 2233 1502 2300 expertes
1532 2226 1778 2283 rationis
1809 2242 1952 2281 oves
1992 2240 2069 2278 sui

2252 2230 2358 2274 ρῶν.
2415 2222 2474 2276 Εἰ
2528 2226 2630 2297 γὰρ
2684 2227 2709 2277 6
2766 2228 2832 2277 τὰ
2885 2226 3047 2297 ἄλογα
3104 2224 3344 2298 πρόϐατα
3398 2226 3756 2297 ῖμπιστευθεὶς
3781 2229 3846 2278 ού

472 2317 810 2374 commisere
838 2332 959 2373 non
981 2317 1204 2373 dormit
1227 2316 1330 2371 sed
1348 2315 1574 2387 vigilat,
1602 2332 1710 2371 nec
1733 2330 1939 2370 curam
1957 2314 2066 2369 inte

2254 2310 2481 2366 ιαθεύδει
2535 2312 2642 2366 ἀλλ’
2695 2314 2967 2389 ἀγρυπνεῖ,
3023 2312 3147 2369 ούδε
3176 2314 3370 2387 ἀμελεῖ,
3422 2314 3551 2368 ἀλλὰ
3597 2319 3848 2368 πυκτεύει

472 2406 669 2472 mittit,
701 2405 806 2462 sed
837 2410 1009 2462 nocte
1056 2405 1273 2478 dieque
1304 2410 1490 2460 certat
1520 2420 1594 2460 ne
1625 2421 1747 2477 qua
1791 2403 1882 2459 vel
1913 2420 1948 2457 a
1991 2402 2066 2457 fer

2254 2404 2433 2476 νύκτωρ
2503 2411 2593 2455 καὶ
2644 2406 2963 2478 μεθημέραν,
3021 2409 3154 2477 μήτε
3215 2404 3529 2478 θηριοίλωτόν
3573 2424 3626 2458 τι
3683 2403 3848 2479 ἔργά-

472 2495 759 2566 rapiatur,
787 2494 874 2550 vel
900 2494 1163 2566 impasta
1184 2500 1287 2550 aut
1319 2494 1636 2550 macilenta
1653 2496 1921 2559 maneat;
1952 2491 2055 2547 sed

2255 2492 2436 2543 ιασθαι
2465 2511 2477 2524 ·
2511 2497 2582 2564 μὴ
2635 2512 2689 2545 τε
2719 2491 2993 2546 ἀλίπαντον
3029 2510 3041 2524 ’
3093 2492 3221 2546 ἀλλὰ
3257 2498 3345 2547 καὶ
3382 2493 3600 2556 κλέπτας
3631 2500 3719 2547 καὶ
3744 2494 3849 2567 λῃ-

473 2584 637 2641 fures
665 2600 735 2640 ac
763 2585 1025 2641 latrones
1057 2584 1356 2652 observat,
1388 2590 1444 2640 et
1469 2584 1623 2640 feras
1641 2583 1845 2654 abigit,
1869 2589 1924 2639 et
1955 2598 2060 2654 pec

2252 2581 2363 2640 ττάς
2400 2589 2747 2638 κατασκοπεῐ.
2814 2588 2902 2635 καὶ
2956 2584 3116 2656 θῆρας
3156 2580 3423 2647 ἀποσοϐεῖ,
3474 2589 3563 2635 καὶ
3612 2583 3846 2658 προσλα-

475 2673 583 2731 des
613 2673 849 2741 affatur,
882 2679 940 2729 et
965 2682 1100 2730 ante
1126 2674 1257 2730 illas
1284 2674 1564 2745 gradiens
1595 2681 1836 2746 postum
1874 2672 1953 2728 illi
1986 2688 2069 2744 pri

2254 2675 2314 2721 tri
2388 2677 2499 2732 τοῖς
2552 2672 2836 2744 θρέμμασι.
2888 2675 2989 2725 Καὶ
3044 2673 3331 2746 ἔμπροσθεν
3396 2671 3564 2725 αὐτῶν
3618 2678 3848 2746 πορευό-

482 2770 669 2829 curat,
699 2764 1024 2834 requietem
1053 2779 1240 2835 prope
1269 2779 1461 2836 aquas
1496 2768 1552 2819 et
1581 2761 1935 2823 umbracula
1969 2762 2075 2816 des

2249 2777 2386 2819 me;
2470 2761 2560 2820 τὰς
2630 2764 2821 2834 τροφὰς
2905 2760 3077 2822 αύτοῖς
3137 2769 3504 2834 περιποιεῖται,
3560 2760 3633 2835 ἐφ’
3692 2759 3843 2837 ὕδωρ

478 2868 695 2925 gnans,
726 2857 782 2908 et
814 2851 930 2908 alia
971 2868 1349 2924 quaecunque
1373 2852 1574 2908 videre
1617 2857 1702 2908 est
1726 2852 1786 2907 in
1824 2852 1991 2921 virga
2024 2866 2072 2922 pi

2253 2846 2576 2911 ἱναπαύσεως
2608 2855 2697 2901 καὶ
2757 2846 3013 2901 σκιαδίων
3052 2850 3382 2926 περιορίζων,
3424 2855 3511 2904 καὶ
3555 2852 3657 2904 ὅσα
3712 2851 3847 2903 ἄλλα

477 2941 741 2998 storitia:
775 2940 922 3014 quid
952 2946 1008 2997 et
1029 2946 1325 3015 quantum
1354 2946 1441 2997 est
1470 2942 1518 2997 si
1548 2942 1640 2997 cui
1662 2940 1873 3011 obtigit
1899 2941 2071 2996 animi

2250 2938 2376 2988 ἔστιν
2434 2938 2557 3013 όρᾷν
2588 2939 2636 2990 ἒν
2666 2946 2982 3012 ποιμαντικῇ
3032 2937 3216 3015 ῥάϐδῳ
3249 2956 3262 2971 ’
3296 2944 3350 2993 τί
3405 2937 3490 2994 δεῖ
3524 2945 3612 2993 καὶ
3650 2945 3844 3011 πόσον,

478 3045 615 3087 rum
646 3045 855 3086 curam
881 3045 1083 3101 gerere
1112 3046 1123 3085 :
1154 3046 1414 3100 quarum
1437 3030 1684 3101 sanguis
1714 3030 1760 3085 si
1790 3046 1913 3102 quo
1945 3028 2072 3085 moc'

2253 3023 2367 3078 εἶναι
2404 3035 2503 3078 τῶν
2550 3025 2742 3100 ψυχῶν
2789 3027 3025 3100 λαχόντα
3078 3030 3389 3103 προστατεῖν
3432 3047 3445 3061 ·
3487 3029 3555 3082 ὧν
3598 3033 3656 3083 τὸ
3709 3031 3847 3104 αἷμα

479 3117 842 3185 effundatur,
873 3118 948 3175 de
974 3118 1254 3175 manibus
1275 3119 1404 3190 ejus
1434 3121 1785 3192 requiretur,
1817 3120 1965 3175 sicut
1991 3135 2073 3173 SC!

2254 3114 2279 3166 :i
2303 3117 2439 3168 κατα
2491 3135 2543 3167 τι
2600 3114 2784 3188 ἀμιγὲς
2822 3122 3040 3189 γίνοιτο,
3099 3116 3153 3170 ἔκ
3184 3126 3282 3171 τῶν
3330 3127 3525 3195 χειρῶν
3563 3120 3722 3174 αὐτοῦ
3762 3119 3848 3174 ἕκ-

476 3212 648 3281 ptum
688 3209 859 3264 est“.
897 3209 1101 3264 Insiste
1149 3223 1292 3278 ergo
1325 3208 1398 3263 de
1429 3214 1661 3272 caetero,
1690 3207 1794 3274 ﬁli,
1824 3208 1883 3263 in
1931 3222 2070 3278 greg

2249 3203 2618 3271 ζητηθήσεται,
2651 3206 2789 3257 καθὰ
2825 3210 3139 3279 γέγραπται.
3198 3207 3481 3265 Ἐπίστηθι
3519 3205 3608 3262 οὖν
3635 3210 3843 3278 λοιπὸν,

477 3296 833 3370 praefectura
855 3296 1167 3368 diligenter
1187 3297 1504 3367 invigilans
1527 3314 1541 3353 :
1566 3313 1715 3353 sana
1733 3296 2019 3361 infirmos,
2041 3313 2071 3351 r

2251 3292 2274 3342 5
2321 3297 2514 3358 τέκνον,
2573 3302 2847 3367 γρηγορῶν
2902 3303 2964 3367 τῇ
3029 3301 3384 3370 ποιμνιαρχίᾳ
3443 3313 3455 3327 ·
3518 3301 3672 3351 ἵασαι
3720 3304 3845 3362 τοὺς

479 3384 598 3442 duc
621 3390 908 3450 errantes,
940 3386 1197 3452 hortare,
1227 3387 1508 3452 admone,
1537 3402 1753 3442 revoca
1773 3385 1835 3440 in
1863 3391 2073 3441 mente!

2252 3382 2604 3447 iaBnnxdrag,
2691 3384 2968 3457 ἐπίστρεφε
3040 3386 3162 3444 τοὺς
3243 3383 3678 3457 πεπλανημένους,
3734 3409 3846 3441 πα-

475 3475 847 3548 promissum
878 3475 947 3531 iis
968 3492 1219 3546 regnum
1251 3474 1354 3549 qui
1380 3481 1439 3531 ut
1467 3476 1634 3532 decet
1659 3481 1895 3531 sanctos
1916 3474 2069 3530 amb]

2249 3469 2466 3536 ιακάλει,
2548 3473 2790 3534 νουθέτει,
2875 3473 3241 3546 ύπομίμνησκε
3295 3479 3389 3533 τὴν
3453 3474 3843 3549 ἐπηγγελμένην

477 3563 624 3631 lant,
658 3569 836 3637 atque
871 3580 942 3620 ex
975 3565 1229 3621 adverso
1268 3564 1613 3620 indesinens
1652 3564 2009 3636 supplicium
2052 3565 2065 3619 i

2249 3556 2502 3612 Βασιλείαν
2542 3567 2651 3622 τοῖς
2701 3559 3031 3635 ἁγιοπρεπῶς
3084 3567 3465 3635 πορευομένοις,
3519 3571 3608 3619 καὶ
3652 3568 3705 3619 ἑκ
3745 3576 3843 3620 τοῦ

476 3653 581 3726 qui
612 3652 891 3710 vitiosam
927 3654 1111 3709 vitam
1142 3658 1330 3726 agunt
1360 3673 1380 3709 .-
1423 3655 1493 3710 Ut
1527 3653 1772 3723 teipsum
1806 3654 1920 3709 hoc
1951 3669 2070 3725 pac‘

2250 3648 2459 3700 ἐναντίου
2511 3654 2603 3707 τὴν
2653 3648 2985 3709 ἀτελεύτητον
3046 3655 3221 3727 κρίσιν
3269 3660 3375 3714 τοῖς
3419 3652 3663 3727 ἐμπαθῶς
3715 3653 3844 3709 δια-

478 3742 712 3799 salvum
756 3742 969 3812 facias,
1002 3748 1054 3799 et
1084 3758 1175 3798 eos
1198 3742 1302 3814 qui
1331 3749 1386 3798 te
1432 3741 1769 3799 audiunt".
1800 3744 1910 3808 Qui
1961 3759 2072 3798 am:

2248 3735 2601 3796 ζῶσινσἼνα
2661 3738 2863 3801 οὕτως
2918 3744 3024 3791 καὶ
3088 3745 3369 3793 σεαυτὸν
3439 3749 3672 3817 σώσῃς,
3729 3751 3842 3798 καὶ

475 3830 742 3887 studiose
784 3832 1072 3902 castigat:
1110 3832 1213 3904 qui
1258 3837 1457 3887 autem
1490 3832 1628 3888 odio
1659 3830 1861 3897 habet,
1902 3848 2069 3905 susqi

2248 3828 2376 3887 τούς
2435 3823 2793 3889 ἀκούοντάς
2850 3846 2985 3883 σου.
3042 3826 3102 3880 Ὀ
3162 3827 3396 3900 ἀγαπῶν,
3440 3829 3689 3904 ἐπιμελῶς
3720 3853 3842 3886 παι-

473 3918 671 3992 deque
711 3920 918 3977 omnia
963 3920 1186 3977 habere
1226 3920 1499 3976 subditos
1550 3922 1703 3976 sinit.
1745 3920 1859 3975 Sed
1890 3927 1946 3977 et
1994 3936 2067 3977 vo

2242 3909 2374 3966 ἳεύει
2413 3931 2423 3944 ·
2487 3911 2605 3967 ὁδε
2660 3925 2849 3987 μισῶν,
2916 3919 2976 3988 ἑᾷ
3014 3913 3317 3991 ἁδιαφορεῖν
3372 3923 3491 3980 τοὺς
3542 3920 3836 3994 ἑπομένους.

474 4008 684 4064 fratres
708 4016 763 4064 et
793 4008 897 4065 ﬁlii
927 4009 985 4064 in
1020 4011 1291 4075 Domino,
1324 4015 1507 4065 estote
1539 4009 1685 4064 sicut
1717 4025 1879 4072 oves,
1912 4026 2068 4065 amat

2250 4001 2389 4055 A116:
2400 4008 2489 4056 καὶ
2509 4004 2675 4074 ὑμεῖς,
2701 4001 2771 4057 ἆδ
2776 4004 2916 4077 ελφοὶ
2942 4010 3030 4058 καὶ
3051 4010 3203 4059 τέκνα
3223 4006 3271 4059 έν
3298 4013 3489 4081 Κυρίῳ,
3515 4012 3580 4070 ὡς
3599 4008 3842 4084 πρόϐατα

476 4103 562 4153 tes
582 4096 714 4170 ejus
735 4105 1031 4170 praecepta
1053 4113 1305 4163 servare,
1326 4098 1787 4153 etmonasticam
1819 4098 1997 4154 vitam
2019 4099 2070 4154 d1

2242 4094 2429 4156 ἔσεσθε,
2490 4092 2752 4165 φιλοῦντες
2812 4096 2905 4156 τὰς
2987 4094 3195 4157 ἐντολὰς
3275 4096 3437 4150 αύτοῦ
3496 4097 3836 4171 ἐργάζεσθαι,

472 4202 604 4243 cere
627 4201 746 4243 non
773 4186 1143 4242 saecularem.
1160 4187 1285 4243 Una
1310 4187 1383 4242 sit
1408 4186 1685 4242 voluntas
1704 4187 1992 4252 omnium,
2023 4204 2066 4243 Ct

2242 4184 2321 4232 καὶ
2367 4190 2673 4254 μοναχικῶς
2729 4181 3165 4257 ἀναστρέφεσθαι,
3226 4184 3356 4239 ἀλλὰ
3414 4191 3487 4260 μὴ
3551 4199 3836 4262 κοσμικῶς,

475 4291 686 4339 unum,
738 4274 943 4332 anima
998 4292 1137 4341 una,
1192 4291 1312 4331 non
1364 4292 1564 4331 meum
1596 4282 1651 4331 et
1687 4280 1873 4342 tuum,
1916 4293 2069 4332 omn;

2238 4269 2281 4322 ἓν
2322 4270 2452 4322 ἔστω
2499 4270 2696 4343 θίλημα
2747 4274 2969 4341 πάντων,
3022 4278 3121 4346 μία
3151 4270 3369 4349 καρδία,
3420 4281 3513 4347 μία
3541 4276 3697 4350 ψυχὴ
3761 4284 3832 4352 μή

474 4364 842 4430 communia,
871 4364 1076 4420 omnia
1094 4365 1321 4419 munda
1344 4380 1447 4435 per
1469 4364 1928 4420 confessionem.
1956 4366 2068 4431 Quc

2245 4362 2323 4410 ιαὶ
2361 4362 2418 4411 τό
2446 4357 2565 4431 ἕμόν
2619 4363 2677 4412 τό
2728 4364 2843 4429 σὸν,
2875 4363 3046 4415 πάντα
3093 4365 3259 4429 κοινὰ,
3302 4366 3471 4417 πάντα
3507 4368 3715 4438 καθαρά
3744 4365 3839 4421 διὰ

472 4452 710 4510 sialiter
733 4453 838 4509 ﬁat
868 4470 881 4509 :
911 4457 969 4508 et
993 4452 1161 4523 quod
1188 4452 1386 4508 saeculi
1413 4453 1866 4522 eratamisistis,
1899 4461 1955 4509 et
1985 4471 2057 4510 cu

2246 4454 2329 4509 τῆς
2367 4446 2765 4524 ίξαγορεύσεως.
2820 4449 2882 4503 Εἰ
2940 4447 2999 4504 δε
3051 4455 3121 4522 μὴ
3178 4452 3356 4520 οὕτως,
3399 4460 3489 4507 καὶ
3529 4458 3615 4508 τὸν
3644 4477 3840 4532 κοσμι-

471 4543 594 4598 veri
624 4541 905 4598 monachi
935 4557 1056 4598 non
1085 4543 1228 4607 sitis,
1256 4542 1432 4614 justai
1457 4542 1733 4598 vindictae
1760 4542 1997 4599 obnoxii
2020 4560 2065 4598 ei

2241 4539 2322 4588 ιιόν
2394 4536 2712 4604 ἀπωλέσατε,
2764 4544 2853 4591 καὶ
2907 4544 3137 4612 μοναχοὶ
3210 4546 3281 4614 μὴ
3365 4546 3501 4606 ὄντες
3575 4543 3835 4613 ἀληθινοὶ,

470 4632 562 4687 tis.
596 4630 893 4687 Charitate
929 4630 1170 4699 impulsi
1203 4630 1800 4688 commonefecimus.
1835 4633 1948 4687 Vos
1986 4649 2064 4689 vei

2244 4621 2483 4677 ὓπόδικοι
2537 4630 2821 4697 γενήσεσθε
2870 4634 3225 4702 κατακρίσεως
3278 4626 3503 4692 δικαίας.
3567 4633 3838 4706 Ἀγαπῶν-

469 4718 677 4785 valete,
712 4724 769 4775 et
801 4720 918 4775 Deo
953 4717 1202 4791 placete;
1236 4735 1344 4792 pro
1371 4720 1546 4775 nobis
1583 4721 1759 4776 etiam
1795 4726 2063 4792 peccator

2243 4732 2316 4776 τες
2387 4715 2777 4789 ύπεμνήσαμεν.
2861 4714 3031 4790 Ὑμεῖς
3115 4714 3175 4771 δὲ
3256 4714 3309 4772 εὖ
3396 4721 3665 4795 πράξοιτε,
3748 4731 3837 4779 καὶ

468 4808 585 4864 bus
616 4812 878 4873 orantes,
913 4814 974 4863 ut
1006 4824 1141 4880 quae
1171 4809 1479 4877 docemus,
1512 4810 1723 4865 eadem
1764 4826 1944 4882 opere
1973 4828 2062 4884 pl‘t

2243 4812 2303 4874 τῷ
2370 4812 2483 4874 Θεῴ
2551 4804 2974 4878 εὐαρεστήσοιτε,
3046 4805 3321 4880 εὐχόμενοι
3372 4814 3461 4862 καὶ
3510 4816 3630 4888 περὶ
3685 4814 3837 4884 ἡμῶν

470 4904 698 4953 stemus
738 4898 796 4952 in
852 4897 1080 4954 Christo
1125 4898 1260 4953 Jesu
1316 4898 1564 4954 Domino
1613 4904 1836 4965 nostro,
1894 4901 1988 4956 cui
2048 4919 2064 4956 ε

2244 4901 2329 4945 τῶν
2398 4893 2734 4966 ἁμαρτωλῶν,
2808 4895 2875 4947 ὧν
2937 4891 3284 4970 διδάσκομεν,
3363 4901 3557 4953 τούτων
3616 4899 3838 4975 ἐργάται

473 4985 683 5055 gloria.
719 4991 931 5042 Amen.

2240 4978 2358 5034 εἶναι
2388 4981 2435 5033 έν
2486 4990 2701 5057 Χριστῷ
2744 4984 2924 5044 Ἰησοῦ
2972 4992 3045 5056 τῷ
3099 4990 3274 5063 Κυρίῳ
3326 4987 3489 5061 ἡμῶν,
3609 4990 3640 5048 ἠ
3675 4986 3834 5055 δόξα.

2229 5066 2420 5140 ’Λμήν.

604 5162 735 5221 CIV.
765 5194 834 5209 —-
858 5164 1047 5221 Irenw
1074 5172 1129 5222 et
1154 5165 1573 5236 Euphrosynae
1597 5166 1976 5223 monialibus.

2245 5175 2317 5228 ,’A’
2356 5177 2456 5249 (1).
2517 5208 2581 5221 --
2644 5178 2879 5256 Εἰρήνη
2934 5185 3041 5235 καὶ
3089 5179 3469 5257 Εὐφροσύνη
3518 5189 3839 5257 μοναζού-

2822 5289 2988 5331 σαις.
3034 5270 3204 5331 [χκηκ

2822 5289 2988 5334 σαις.
3101 5291 3166 5331 κη
3194 5314 3204 5329 .

1373 5352 1437 5403 Ut
1460 5354 1514 5403 in
1545 5358 1730 5405 sancto
1757 5356 1878 5405 vita:
1914 5361 2222 5411 monasticae
2252 5362 2497 5415 instituto
2528 5372 2891 5429 perseverent.
3034 5272 3097 5344 [χ
3212 5272 3230 5343 1

536 5438 952 5498 Proﬁciscente
992 5441 1167 5498 fratre
1205 5458 1653 5514 parmconomo,
1700 5454 2109 5518 opportunum

2292 5453 2676 5529 Εἰσερχομίνου
2726 5465 2817 5511 τοῦ
2867 5455 3093 5531 ἀδελφοῦ
3151 5463 3240 5513 καὶ
3282 5463 3687 5535 παροικονόμου,
3752 5463 3842 5514 εὗ·-

538 5568 815 5625 "Jerem.
846 5582 964 5632 vni,
991 5567 1044 5628 4.
1124 5568 1171 5602 ¹³
1200 5566 1346 5627 Gen.
1379 5584 1458 5647 iv,
1489 5569 1541 5627 6.
1620 5569 1667 5605 ¹⁴
1694 5570 1927 5628 Nahum
1959 5589 2041 5629 ιιι.
2068 5577 2132 5630 49

1728 5570 1927 5628 lahum
1959 5589 2041 5629 ιιι.
2068 5577 2157 5631 49.
2235 5578 2281 5613 1⁵
2315 5579 2516 5636 Ezech.
2545 5596 2626 5653 ιιι,
2662 5585 2747 5638 18.
2824 5584 2872 5620 ¹⁶
2899 5585 2919 5638 l
2945 5583 3092 5641 Tim.
3123 5600 3202 5653 iv,
3239 5586 3322 5641 16.
