4036 6276
288 316 423 373 1361

280 461 460 517 καιρον
508 442 822 515 ἡγησάμεθα
869 442 1107 516 χαράξαι
1146 444 1265 515 ύμῖν
1314 440 1574 516 βραχεῖαν
1606 442 1866 502 συλλαϐὴν
1896 443 1944 498 Α

278 539 396 594 ταῖς
459 535 594 585 κατά
671 535 859 607 Κύριον
919 528 1189 605 ἀδελφαῖς.
1266 536 1364 585 Καὶ
1446 528 1510 591 δὴ
1578 532 1865 606 ἐρωτῶμεν,

280 630 390 681 πῶς
437 624 550 693 ἔχει
611 623 642 680 ἡ
693 620 821 694 ἁγία
873 617 1001 683 δυὰς
1052 622 1215 694 ὑμῶν,
1276 622 1331 673 αἱ
1398 626 1567 673 πᾶσαι
1615 619 1861 694 ἀδελφαί.

274 708 462 785 Ὁρᾶτε
507 718 636 776 πῶς,
695 714 785 763 καὶ
837 710 929 763 οὐκ
971 710 1151 772 ἄλλαις
1201 706 1470 782 ἀδελφαῖς,
1527 712 1649 783 ύμῖν
1708 730 1873 786 προσ-

277 804 506 873 κείμενοι
544 802 680 853 κατὰ
712 803 834 854 Θεὸν
886 800 1153 875 ἐρωτῶμεν
1202 804 1293 852 καὶ
1350 796 1697 873 διαλεγόμεθα
1729 816 1741 828 ·
1784 803 1872 851 καὶ

279 888 486 950 εἰκοτως
516 907 528 919 ·
586 890 646 942 οὗ
697 892 799 961 γὰρ
828 894 1031 957 πίστις,
1084 889 1189 942 ἕκεῖ
1233 894 1323 941 καὶ
1360 891 1537 953 πόθος,
1591 888 1747 941 ἕλκων
1785 892 1875 940 καὶ

279 977 645 1051 ἀνθελκόμενος
714 974 808 1032 διά
854 981 1152 1052 Πνεύματος
1203 978 1357 1051 ἁγίου
1386 994 1398 1008 ·
1458 978 1519 1031 οὖ
1579 974 1638 1031 δε
1683 986 1871 1036 ταῦτα,

277 1069 380 1121 ἓκεῖ
417 1072 507 1120 καὶ
557 1072 763 1141 φροντὶς
825 1074 1081 1140 σώματος.
1136 1069 1231 1121 Διά
1275 1074 1424 1120 τοῦτο
1467 1070 1728 1142 γράφομεν
1777 1086 1874 1119 πα-

276 1156 623 1233 ρακαλοῦντες
658 1158 785 1232 ὑπερ
831 1163 1069 1232 Χριστοῦ
1099 1159 1150 1210 oi
1190 1156 1408 1222 ἀνάξιοι,
1458 1159 1681 1228 ἔχεσθαι
1738 1159 1876 1228 ἡμᾶς

276 1255 373 1309 τῆς
412 1245 575 1308 καλῆς
620 1245 919 1319 ὁμολογίας,
970 1247 1029 1307 ἧς
1076 1245 1483 1319 ὡμολογήσαμεν
1522 1245 1745 1307 ἅπαντες
1794 1244 1874 1297 έν-

276 1342 436 1390 ώπιον
453 1343 587 1390 Θεοῦ
609 1341 698 1389 καὶ
731 1344 831 1389 τῶν
859 1335 1105 1389 ἕκλεκτῶν
1140 1335 1396 1408 ἀγγέλων·
1433 1338 1495 1398 ζῆ
1507 1354 1597 1388 σαι
1622 1338 1669 1388 ἓν
1696 1339 1873 1409 Κυρίῳ

275 1428 324 1479 ἓν
382 1433 443 1498 τῇ
484 1423 731 1479 ἀποθέσει
773 1432 864 1477 τοῦ
905 1433 1159 1498 σαρκικοῦ
1210 1429 1534 1498 φρονήματος
1562 1442 1573 1453 ·
1608 1425 1729 1497 ὅπερ
1760 1426 1873 1477 ἐστὶ

274 1518 331 1568 τό
358 1516 588 1590 ῥαγῆναι
643 1522 744 1567 τῶν
804 1510 1012 1587 δεσμῶν
1052 1522 1148 1577 τῆς
1200 1515 1561 1587 προσπαθείας
1611 1520 1703 1566 τοῦ
1742 1509 1873 1585 τῇδε

275 1605 480 1669 αἰῶνος,
526 1608 617 1657 xui
674 1606 804 1676 μετά
855 1610 988 1657 Θεοῦ
1041 1604 1303 1675 γενέσθαι,
1353 1602 1408 1654 ὃν
1446 1607 1536 1655 καὶ
1589 1602 1871 1673 ἠγαπήσα-

275 1713 385 1767 μεν,
529 1697 620 1745 καὶ
667 1690 1070 1764 ἄνυμφεύθημεν,
1130 1691 1241 1765 μεθ’
1298 1692 1357 1744 οὔ
1412 1696 1501 1743 καὶ
1551 1693 1873 1763 συνεσόμεθα

1584 315 2091 376 EPISTOLAHUM
2129 319 2266 376 LIB.
2314 320 2384 376 II.

3505 322 3645 380 1362

1975 446 2259 501 duximus
2281 445 2523 503 brevem
2548 446 2627 503 ad
2652 462 2780 514 vos,
2810 446 2869 503 in
2891 448 3144 506 Domino
3179 463 3410 506 sorores
3431 449 3646 521 episto-

1974 531 2098 590 lam
2110 536 2699 609 exarare.thuidem
2712 552 3000 607 rogamus
3012 539 3319 611 quomodo
3335 555 3398 595 se
3409 539 3632 597 habeat

1981 630 2225 679 sanctus
2299 624 2569 680 binarius
2625 632 2842 692 vester,
2874 642 3230 701 sororesque
3300 628 3619 688 universae.

1985 712 2199 768 Videtis
2233 713 2752 786 quemadmodum
2784 716 3023 772 vobiset
3050 717 3315 774 nonaliis
3334 717 3642 775 sororibus

1982 801 2203 860 addicti
2240 803 2574 859 secundum
2613 806 2795 861 Deum
2812 804 3189 862 sciscitamur
3218 806 3477 863 etverba
3491 805 3636 863 faci-

1982 894 2260 948 mus.Nec
2273 892 2679 957 immerito.ubi
2693 894 2849 949 enim
2864 893 3117 960 ﬁdes,ibi
3134 895 3640 961 etamor,trahens

1981 985 2342 1054 tractus,que
2354 981 2614 1037 vicissim
2629 997 2732 1054 per
2746 982 3024 1055 Spiritum
3040 987 3315 1041 sanctum
3330 1001 3344 1051 ;
3360 983 3461 1040 ubi
3474 984 3638 1042 enim

1982 1070 2110 1126 haec
2128 1070 2373 1137 sunt,ibi
2393 1074 2453 1126 et
2471 1086 2615 1127 cura
2628 1072 2978 1143 corporis.Id
2988 1072 3144 1130 circo
3159 1072 3501 1140 scribimus,
3524 1088 3635 1131 vos

1983 1159 2109 1215 vice
2139 1159 2347 1215 Christi
2390 1160 2696 1216 hortantes
2741 1161 2993 1232 indigni,
3026 1166 3089 1218 ut
3139 1161 3534 1235 persistamus
3572 1163 3635 1220 in

1982 1248 2234 1320 pulchra
2258 1248 2532 1320 pactione
2552 1264 2739 1321 quam
2763 1250 2922 1321 pacti
2953 1267 3162 1307 sumus
3191 1266 3403 1307 omnes
3429 1267 3635 1309 coram

1984 1337 2380 1394 Deoetelectis
2401 1338 2629 1408 angelis
2638 1339 2871 1410 ,vivere
2914 1340 2975 1395 in
3011 1340 3262 1396 Domino
3298 1340 3361 1396 in
3400 1340 3637 1413 deposi-

1982 1427 2141 1483 tione
2166 1442 2380 1484 sensus
2426 1427 2703 1496 carnalis,
2733 1428 2899 1500 quod
2943 1433 3033 1484 est
3071 1428 3369 1502 dirupisse
3395 1429 3636 1487 vincula

1980 1515 2374 1587 cupiditatum
2399 1516 2602 1572 saeculi
2628 1516 2895 1588 hujus,et
2913 1534 3053 1575 cum
3075 1518 3195 1575 Deo
3214 1518 3634 1593 versariquem

1981 1603 2320 1671 dileximus,
2352 1610 2407 1661 et
2435 1605 2531 1661 cui
2559 1604 2938 1677 desponsatas
2972 1623 3204 1672 sumus,
3249 1624 3389 1665 cum
3419 1624 3542 1682 quo
3577 1614 3635 1665 et

1981 1709 2220 1766 semper
2247 1693 2491 1750 erimus.
2517 1697 2682 1751 Hunc
2714 1695 3070 1752 adamemus
3100 1697 3204 1770 qui
3242 1713 3414 1753 verus
3453 1713 3631 1755 amor

274 1782 457 1837 εἰσαεί.
511 1788 702 1834 Τοῦτον
750 1779 1116 1853 ἔρωτευώμεθα
1163 1782 1250 1832 τόν
1290 1779 1530 1838 ἀληθινόν
1568 1781 1753 1855 ἔρωτα,
1784 1783 1869 1832 τόν

1980 1788 2085 1848 est,
2127 1782 2492 1839 desiderium
2531 1784 2928 1850 inaccessum,
2964 1785 3128 1841 solus
3177 1786 3310 1843 cceli
3340 1791 3631 1859 terrisque

274 1870 559 1946 ἀπρόσιτον
609 1872 792 1938 πόθον,
842 1872 929 1922 τόν
990 1871 1142 1942 μόνον
1196 1873 1458 1927 Δεσπότην
1507 1868 1726 1944 ούρανοῦ
1779 1874 1869 1922 καὶ

272 1967 394 2031 γῆς.
438 1958 516 2012 Οὔ
568 1960 598 2017 ἠ
653 1962 784 2031 πρὸς
836 1957 1135 2034 ἀνθρώπους
1192 1958 1463 2030 ἀγάπησις
1500 1960 1757 2022 τοσαύτη,
1799 1961 1869 2019 ὡς

276 2046 470 2102 δούλου
527 2051 730 2122 μορφὴν
783 2046 938 2099 αὐτόν
983 2046 1272 2112 ἀναλαϐεῖν,
1315 2046 1388 2108 εἰς
1430 2050 1488 2099 τὸ
1547 2046 1867 2100 ἀνακαλέσα-

277 2141 401 2192 σθαι
449 2139 590 2210 ἡμᾱς
653 2144 750 2198 τῆς
806 2138 1019 2209 φθορᾶς,
1071 2140 1161 2188 καὶ
1239 2138 1385 2198 θεοὺς
1440 2134 1863 2211 ἀπεργάσασθαι.

269 2227 359 2290 Ὧς
401 2230 626 2300 μεγίστη
680 2226 711 2283 ἡ
778 2223 1084 2297 ἐπαγγελία.
1150 2224 1236 2287 Ὠς
1288 2224 1516 2288 ἐξαίσιον
1562 2228 1620 2277 τό
1677 2224 1725 2277 ἓν
1784 2225 1869 2277 ού-

268 2324 449 2394 ρανοῖς
474 2315 792 2387 ἀπάντημαῑ
835 2315 1001 2369 Ἐκεῖ
1031 2313 1477 2387 ἐκλάμψουσιν
1515 2317 1573 2367 οἱ
1613 2311 1866 2368 δίκαιοι

271 2412 340 2471 ὡς
406 2409 432 2460 6
492 2406 675 2468 ἣλιος
715 2422 728 2434 ·
788 2403 893 2458 ἐκεῖ
943 2406 997 2457 αἱ
1046 2408 1139 2464 τὴν
1185 2407 1465 2478 παρθενίαν
1531 2401 1866 2477 ἰνδεδυμέναι

268 2506 340 2569 τῷ
397 2495 639 2569 ἀφθάρτῳ
701 2499 903 2567 νυμφίῳ
962 2495 1388 2566 συναφθήσονται
1420 2514 1432 2527 ⁸
1494 2493 1598 2547 ἐκεῖ
1651 2499 1707 2547 ui
1774 2498 1865 2553 τήν

271 2588 538 2657 ὑποταγὴν
589 2588 679 2638 καὶ
731 2586 965 2643 ὑπακοὴν
1017 2583 1389 2647 ἐξασκήσασαι
1458 2586 1521 2644 ὡς
1591 2584 1866 2657 ἄρχουσαι

274 2677 521 2747 Χριστοῦ,
582 2675 933 2747 χορεύσουσιν
985 2672 1211 2726 αἰώνια·
1257 2675 1311 2727 αἱ
1375 2670 1435 2727 δι
1488 2673 1735 2741 ἐναντίαι,
1800 2675 1868 2726 τὰ

270 2763 495 2831 ἐναντία,
526 2760 772 2822 δηλονότι
798 2767 1095 2819 πείσονται.

339 2859 516 2919 Ὥστε,
571 2849 810 2926 ἀδελφαὶ,
856 2856 1227 2927 σταυροφόροι,
1278 2856 1351 2925 μὴ
1381 2852 1616 2925 λάθωμεν
1659 2852 1866 2913 ἑαυταῖς

271 2942 385 2995 ἀντὶ
437 2945 568 3005 ζωῆς
611 2946 701 2994 καὶ
743 2948 915 3014 χαρᾶς
955 2940 1191 3017 ἀπείρου,
1238 2941 1453 2994 κόλασιν
1492 2946 1581 2994 καὶ
1633 2949 1736 3014 πῦρ
1789 2941 1867 2993 αἰ-

269 3037 417 3084 ώνιον
474 3030 1006 3104 ἀποθησαυρίζουσαι
1064 3028 1137 3083 δι’
1213 3029 1447 3103 ἀμελείας
1518 3034 1609 3082 καὶ
1677 3032 1866 3106 φθορᾶς

267 3124 483 3194 σαρκός,
532 3128 800 3194 παρακοῆς
839 3140 893 3173 τε
953 3124 1044 3171 καὶ
1092 3122 1356 3192 ἒμπαθούς
1395 3118 1726 3192 ἀναστροφῆς
1758 3136 1771 3149 ⁶
1831 3121 1861 3178 ἡ
1902 3157 1941 3211 C

263 3208 422 3284 ἀρετὴ
478 3208 533 3262 ἐκ
560 3214 686 3263 Θεοῦ
718 3213 807 3261 καὶ
838 3210 952 3261 θεία
990 3223 1004 3238 ⁸
1048 3209 1078 3267 ἡ
1111 3213 1273 3261 κακία
1301 3211 1355 3260 ἑκ
1381 3214 1601 3277 Σατανᾶ,
1643 3213 1733 3260 καὶ
1771 3216 1865 3261 Σα-
1902 3192 1943 3211 υ

263 3305 444 3360 τανᾶς.
497 3301 562 3352 0i
612 3302 706 3358 τὴν
744 3303 952 3371 πρώτην
1010 3297 1254 3371 ἑλόμενοι,
1306 3302 1424 3351 Θεοὶ
1477 3302 1567 3349 xui
1609 3304 1740 3351 Θεοῦ
1770 3318 1783 3331 ν
1817 3300 1866 3350 οἱ

268 3393 364 3446 τήν
432 3384 679 3461 δευτέραν
740 3385 1000 3460 δαίμονες,
1081 3392 1170 3440 xui
1231 3394 1322 3440 τοῦ
1390 3393 1612 3442 Σατανᾶ.
1688 3387 1863 3449 Οὕτως

264 3479 406 3550 ὑμᾶς
456 3481 548 3529 xui
597 3484 685 3528 νῦν
740 3472 1070 3549 δεξιούμεθα.
1108 3481 1208 3529 Καὶ
1256 3474 1540 3554 μή-βαρὺς
1567 3477 1689 3548 ὑμῖν
1726 3475 1865 3548 λογι-

269 3568 451 3626 σθείην
498 3568 568 3627 ὡς
623 3568 843 3639 φορτικὰ
906 3565 1090 3630 λαλῶν,
1162 3564 1290 3618 ἀλλά
1340 3565 1532 3637 μᾶλλον
1584 3562 1740 3633 ἡδὺς,
1797 3568 1866 3626 ὡς

267 3656 396 3730 ὑπερ
452 3661 586 3709 Θεοῦ
644 3662 929 3728 παραινῶν.
986 3659 1088 3708 Καὶ
1142 3654 1201 3707 ού
1259 3657 1391 3727 πρὸς
1449 3656 1541 3716 τάς
1606 3659 1792 3729 κυρίας
1837 3655 1862 3706 ό

266 3744 416 3816 λόγος
450 3760 463 3775 ⁸
534 3743 691 3797 αὐταὶ
758 3746 859 3817 γὰρ
914 3740 1235 3797 διδάσκαλοι
1310 3748 1399 3796 xui
1452 3742 1656 3816 ἑτέρων.
1712 3743 1867 3797 Ἀλλὰ

268 3836 398 3907 πρός
442 3835 502 3885 τό
533 3839 627 3894 τῆς
667 3827 1016 3904 ἀδελφότητος
1054 3831 1315 3907 πλήρωμα
1347 3849 1359 3860 ’
1405 3833 1525 3905 ὅπερ
1570 3831 1862 3904 φυλαχθείη

270 3930 347 3981 In
399 3940 454 3974 τε
516 3925 606 3974 καὶ
659 3923 755 3987 ἔτι,
817 3921 1073 3985 εύεκτοῦν,
1145 3920 1390 3979 εύθηνοῦν
1454 3921 1526 3983 εἰς
1580 3923 1864 3993 καύχημα,

267 4013 358 4063 καὶ
413 4013 527 4082 ίμοὶ
574 4008 641 4071 ὣς
697 4010 1079 4083 παρακλήτορι,
1132 4009 1201 4071 εἰς
1256 4011 1454 4082 ἡμέραν
1509 4012 1738 4085 Χριστοῦ
1772 4027 1784 4039 ·

269 4101 300 4159 ἠ
333 4094 464 4162 δόξα
493 4098 561 4160 εἰς
588 4102 708 4160 τοὺς
730 4099 918 4161 αἰῶνας
955 4121 965 4132 ·
996 4098 1183 4172 Ἀμήν.

553 4206 661 4262 PE‘,
692 4237 760 4247 —
800 4207 1078 4279 Ἀνθίμῳ
1114 4209 1332 4279 τέκνῳ,
1374 4206 1579 4279 [χκθ’.]

1977 1872 2282 1928 Dominus.
2317 1873 2497 1943 Cujus
2544 1888 2688 1944 erga
2740 1872 3017 1929 homines
3074 1879 3239 1931 tanta
3274 1874 3531 1941 dilectio,
3568 1881 3633 1931 ut

1978 1962 2133 2017 servi
2165 1962 2421 2019 formam
2453 1963 2863 2035 assumpserit,
2894 1978 3017 2035 quo
3049 1978 3159 2020 nos
3201 1968 3509 2021 revocaret
3549 1964 3630 2021 ab

1977 2051 2233 2117 interitu,
2262 2056 2318 2107 et
2352 2051 2498 2107 deos
2539 2050 2812 2108 efﬁceret.
2847 2054 2890 2109 0
2924 2051 3257 2109 maximam
3284 2052 3631 2125 promissio-

1975 2157 2114 2197 nem
2150 2140 2162 2196 l
2186 2155 2222 2196 o
2253 2140 2620 2212 stupendum
2649 2142 2709 2195 in
2734 2140 2895 2197 caelis
2916 2157 3233 2198 occursum
3262 2143 3305 2178 ¹⁷
3344 2142 3356 2197 ι
3394 2142 3479 2198 Ibi
3496 2143 3630 2213 fui-

1974 2230 2196 2300 gebunt
2210 2231 2370 2299 justi
2381 2230 2534 2286 sicut
2557 2232 2680 2285 sol:
2711 2229 2811 2297 ibi,
2842 2246 2978 2301 qum
3004 2229 3396 2301 virginitatem
3418 2230 3629 2287 indue-

1974 2325 2133 2387 runt,
2183 2318 2530 2392 incorrupto
2570 2334 2797 2391 sponso
2841 2319 3285 2392 conjungentur
3314 2335 3325 2375 :
3357 2318 3462 2388 ibi,
3491 2335 3628 2392 quas

1974 2409 2403 2480 subjectionem
2428 2412 2484 2464 et
2503 2407 2905 2464 obedientiam
2926 2407 3257 2473 coluerunt,
3279 2408 3442 2466 velut
3468 2408 3629 2480 prin-

1973 2498 2134 2570 cipes
2160 2496 2371 2555 Christi
2400 2500 2687 2569 perpetuo
2711 2496 3158 2568 tripudiabunt:
3183 2496 3496 2554 contrariis
3523 2512 3628 2556 au-

1974 2592 2094 2644 tem
2125 2585 2422 2644 contraria
2461 2585 2588 2643 sine
2626 2585 2813 2643 dubio
2840 2585 3133 2643 evenient.

2046 2853 2261 2921 Quare,
2316 2865 2579 2918 sorores,
2635 2866 2874 2907 crucem
2938 2854 3244 2925 portantes
3298 2865 3627 2909 caveamus

1973 2942 2169 3009 nobis,
2196 2957 2271 2997 ne
2302 2956 2408 3013 pro
2442 2941 2561 2997 vita
2590 2946 2646 2997 et
2674 2940 2896 3011 gaudio
2925 2939 3224 2997 immenso
3256 2940 3624 3013 supplicium

1971 3031 2295 3103 ignemque
2307 3035 2596 3087 internum
2614 3029 2996 3102 acquiramus
3009 3045 3115 3102 per
3126 3028 3555 3100 negligentiam
3567 3033 3626 3087 et

1975 3121 2168 3176 carnis
2181 3118 3005 3191 corruptionem,perinobedi
3015 3119 3237 3175 entiam
3264 3117 3629 3175 molliorem-

1973 3225 2090 3282 que
2119 3210 2653 3265 conversationem.
2688 3208 2880 3263 Virtus
2925 3224 2961 3263 a
2984 3209 3120 3273 Deo,
3153 3211 3209 3263 et
3246 3206 3447 3264 divina
3479 3223 3493 3263 :
3534 3206 3613 3263 vi-

1973 3299 2205 3355 tiositas
2231 3314 2266 3353 a
2297 3299 2535 3363 Satano,
2566 3302 2622 3353 et
2643 3298 2913 3353 Satanas.
2946 3297 3055 3363 Qui
3084 3296 3346 3368 priorem
3377 3295 3621 3367 eligunt,

1974 3387 2058 3444 dii
2100 3391 2239 3443 sunt
2265 3391 2323 3442 et
2361 3386 2459 3442 Dei
2491 3404 2504 3441 :
2550 3385 2654 3458 qui
2693 3386 3107 3458 posteriprem,
3139 3385 3447 3442 daemones
3492 3390 3636 3443 sunt

1974 3482 2029 3534 et
2059 3475 2372 3532 daemonis.
2403 3474 2496 3531 Sic
2516 3489 2625 3544 ego
2658 3490 2760 3530 vos
2815 3490 2975 3531 nunc
2999 3474 3181 3531 etiam
3230 3474 3623 3546 complector.

1976 3570 2089 3623 Nec
2113 3581 2255 3622 vero
2286 3564 2486 3635 gravis
2536 3563 2741 3619 videar
2787 3563 2959 3620 vobis
3010 3572 3298 3637 tanquam
3345 3563 3499 3620 dura
3546 3563 3632 3619 lo-

1974 3672 2185 3727 quens,
2220 3653 2327 3709 sed
2357 3658 2561 3723 gratus
2587 3652 2803 3724 potius,
2838 3658 2901 3709 ut
2929 3653 3032 3725 qui
3053 3668 3163 3725 pro
3212 3655 3326 3709 Deo
3351 3668 3460 3709 vos
3500 3667 3634 3709 mo-

1974 3759 2171 3799 neam.
2205 3745 2400 3813 Neque
2433 3740 2510 3797 ad
2537 3741 2817 3796 dominas
2859 3745 3087 3813 spectat
3114 3740 3210 3797 hic
3242 3756 3439 3798 sermo
3472 3739 3632 3810 ;illas

1974 3834 2135 3890 enim
2173 3832 2428 3888 aliorum
2442 3831 2622 3887 etiam
2635 3830 3090 3902 suntmagistraa
3109 3846 3123 3896 ;
3144 3829 3250 3886 sed
3266 3831 3343 3885 ad
3357 3844 3627 3886 commu-

1974 3939 2112 3979 nem
2143 3921 2363 3978 coelum
2383 3920 2811 3991 sororum:qui
2844 3920 3034 3990 magis
3053 3920 3365 3992 magisque
3380 3934 3563 3976 sanus
3576 3922 3634 3975 et

1973 4013 2181 4083 vigens
2197 4013 2485 4074 servetur,
2504 4008 2579 4064 ad
2594 4024 2791 4064 meam
2805 4008 2983 4063 etiam
3002 4013 3066 4062 ut
3082 4006 3397 4063 hortatoris
3411 4007 3633 4077 gloria-

1976 4102 2198 4157 tionem
2221 4100 2281 4155 in
2310 4099 2405 4154 die
2428 4097 2636 4154 Christi
2666 4114 2676 4151 :
2712 4097 2806 4152 cui
2838 4095 3030 4166 gloria
3057 4096 3117 4150 in
3159 4094 3394 4152 saecula.
3419 4101 3629 4152 Amen.

2405 4207 2511 4262 cv.
2539 4235 2608 4245 —
2632 4203 2917 4260 Anthimo
2943 4202 3070 4271 ﬁlio
3108 4202 3195 4274 (·).

1532 4305 1610 4353 Ad
1633 4305 1922 4369 quemdam
1955 4307 2046 4371 qui
2078 4304 2361 4355 defecerat.

338 4394 398 4447 Ὀ
427 4398 580 4466 νόμος
618 4400 709 4446 τοῦ
741 4398 867 4447 Θεοῦ
914 4394 940 4445 6
970 4392 1123 4466 φόϐος
1162 4413 1215 4447 τε
1251 4398 1341 4446 καὶ
1380 4396 1405 4446 6
1453 4398 1640 4467 τρόμος
1677 4395 1859 4461 αὐτοῦ,
1896 4394 1943 4450 D

271 4486 340 4545 ὥς
379 4502 511 4555 φησι
543 4500 554 4512 ·
582 4488 821 4536 Σκοπόν
863 4502 929 4535 σε
965 4484 1226 4536 τέθεικα
1266 4492 1346 4553 τῷ
1386 4486 1539 4555 οἴκῳ
1582 4484 1857 4559 Ἰσραήλ.

269 4571 329 4625 '0
392 4569 450 4625 δὲ
494 4575 687 4634 σκοπὸς
734 4579 829 4633 τῆς
900 4570 1157 4644 ἀγγελίας,
1211 4573 1477 4645 ἠνάγκασέ
1518 4592 1601 4645 με,
1657 4570 1862 4647 eausa,

275 4657 369 4714 διὰ
421 4662 728 4734 γράμματος
780 4660 932 4713 πάλιν
989 4658 1292 4732 ἀναγγεῖλαί
1350 4680 1434 4712 σοι
1487 4666 1580 4719 τὴν
1647 4662 1867 4734 ἐρχομέ-

273 4770 364 4808 νην
410 4751 670 4825 ῥομφαιαν
722 4758 814 4803 τοῦ
867 4758 1001 4804 Θεοῦ
1060 4749 1144 4804 ἰπὶ
1189 4753 1266 4817 σε,
1315 4751 1576 4825 ῥομφαίαν
1627 4751 1865 4825 φοϐερὰν,

272 4841 533 4915 ῥομφαίαν
582 4841 811 4914 πύρινον,
842 4840 1102 4915 ῥομφαίαν
1157 4839 1216 4892 ού
1276 4848 1449 4912 σῶμα,
1502 4839 1632 4893 ἀλλά
1681 4840 1868 4912 ψυχὴν

272 4926 649 5001 ἓμϐάλλουσαν,
700 4928 770 4990 είς
812 4933 1014 5001 γέενναν
1086 4933 1249 5001 πυρός
1300 4929 1370 4992 εἰς
1426 4927 1738 5003 ἀπεράντους
1791 4929 1871 4983 αἱ·

273 5027 425 5079 ῶνας.
462 5020 562 5070 Καὶ
590 5013 803 5089 δακρύω
832 5019 1041 5090 γράφων
1071 5019 1097 5070 6
1127 5018 1305 5081 τάλας,
1346 5023 1435 5071 καὶ
1468 5022 1629 5071 στένω
1658 5022 1865 5091 πικρόν,

273 5109 354 5160 ὃτι
419 5108 503 5159 ἰπὶ
559 5109 645 5158 τόν
684 5104 804 5178 ἐμόν
855 5107 966 5159 υἱόν
1005 5112 1092 5159 καὶ
1142 5109 1382 5179 μαθητὴν
1435 5108 1460 5159 ό
1498 5107 1664 5179 λόγος.
1716 5107 1870 5161 Ἀλλὰ

272 5200 324 5250 τί
382 5196 578 5264 πάθω;
630 5197 713 5248 ἐὰν
763 5200 833 5267 μή
888 5193 1196 5267 ἀναγγείλω,
1251 5200 1309 5248 τό
1355 5196 1485 5267 αἷμά
1535 5216 1629 5249 σου
1668 5196 1722 5248 ἐκ
1773 5206 1869 5250 τῶν

269 5292 462 5360 χειρῶν
513 5304 614 5357 μου
664 5284 898 5345 ἐκζητεῖν
928 5287 1022 5356 ἔφη
1082 5289 1209 5346 Θεός
1247 5302 1259 5314 ’
1313 5281 1462 5337 οὐδὲν
1502 5284 1691 5358 ἕτερον,
1739 5284 1770 5345 ἣ
1811 5289 1870 5338 τό

271 5373 395 5427 αὑτό
473 5392 536 5446 με
593 5381 689 5435 τῆς
770 5378 1023 5447 τιμωρίας
1087 5372 1482 5426 συναπολαῦσαι
1542 5381 1725 5448 κρῖμα.
1802 5375 1871 5427 Ὠ

345 5525 389 5561 ¹⁷
425 5525 625 5581 Matth.
658 5540 779 5590 xm,
812 5527 901 5581 43.

348 5613 418 5684 (’)
448 5613 830 5670 Paraanetica.

978 5526 1025 5561 1⁸
1070 5523 1269 5581 Ezech.
1298 5540 1435 5596 xxx,
1466 5529 1523 5582 7.

2047 4398 2155 4451 Lec
2188 4394 2306 4462 Dei,
2336 4393 2510 4448 timor
2539 4395 2596 4447 et
2624 4395 2846 4447 tremor
2874 4390 3064 4462 ipsius
3107 4390 3210 4460 qui
3263 4388 3347 4445 ait
3369 4404 3383 4444 :
3405 4388 3626 4457 Specu-

1978 4487 2224 4543 latorem
2247 4484 2419 4553 posui
2461 4486 2514 4538 te
2544 4482 2747 4538 domui
2798 4479 2993 4537 Israel
3038 4480 3104 4537 ¹⁸.
3163 4481 3386 4552 Scepus
3424 4483 3630 4535 autem

1974 4574 2244 4631 mandati
2265 4572 2423 4641 cogit
2453 4586 2569 4635 me,
2598 4570 2793 4636 frater,
2827 4585 2934 4642 per
2979 4568 3204 4625 litteras
3259 4568 3472 4624 iterum
3520 4583 3632 4636 an,

1976 4663 2253 4720 nuntiare
2285 4661 2386 4716 tibi
2419 4660 2749 4715 venientem
2783 4673 2961 4730 super
2978 4664 3030 4714 te
3059 4658 3478 4729 rhomphmam
3501 4655 3622 4723 Dei,

1976 4751 2348 4824 romphaaam
2391 4747 2859 4810 formidabilem,
2905 4747 3323 4819 rhomphasam
3363 4746 3630 4817 igneam,

1976 4841 2391 4912 rhomphaeam
2410 4854 2546 4912 quae
2568 4853 2690 4895 non
2720 4852 2938 4909 corpus
2969 4836 3076 4891 sed
3097 4835 3364 4892 animam
3390 4833 3635 4908 conjicit

1977 4930 2038 4986 in
2064 4930 2402 5000 gehennam
2434 4928 2587 4998 ignis
2614 4927 2673 4982 in
2704 4924 2923 4982 sacula
2951 4924 3331 4995 sempiterna.
3353 4923 3632 4979 Scribens

1980 5018 2320 5091 illacrymor
2359 5016 2558 5085 miser,
2586 5019 2642 5070 et
2667 5029 2871 5070 amare
2903 5028 3113 5082 angor,
3140 5011 3306 5083 quod
3334 5011 3409 5067 de
3432 5011 3552 5068 filio
3575 5016 3632 5068 et

1980 5107 2276 5179 discipulo
2310 5121 2442 5161 meo
2482 5106 2553 5160 sit
2584 5119 2802 5160 sermo.
2828 5102 2942 5158 Sed
2972 5101 3119 5173 quid
3148 5115 3326 5171 agam
3352 5098 3378 5153 ?
3406 5101 3465 5156 Si
3505 5116 3627 5157 non

1981 5196 2437 5261 annuntiavero,
2480 5194 2837 5264 sanguinem
2866 5197 3032 5247 tuum
3063 5189 3138 5245 de
3173 5189 3453 5246 manibus
3483 5190 3631 5246 meis

1981 5286 2402 5359 requisiturum
2452 5300 2514 5338 se
2543 5282 2684 5339 dicit
2716 5282 2869 5336 Deus
2897 5281 2943 5315 ίθ
2973 5296 2988 5334 :
3022 5294 3217 5352 neque
3260 5277 3464 5344 aliam,
3525 5278 3629 5335 sed

1981 5374 2256 5431 eamdem
2288 5374 2483 5446 ipsam
2506 5388 2602 5427 me
2627 5370 2845 5443 pariter
2869 5368 3141 5424 vindictae
3159 5368 3513 5425 sententiam
3527 5382 3629 5423 ex-

1612 5526 1658 5561 "
1687 5527 1887 5583 Ezech.
1914 5541 1996 5592 ιιι,
2034 5526 2113 5582 18.
