4036 6276
523 315 549 369 1
563 305 668 371 363

1785 314 1845 370 S.
1885 313 1974 369 ΤΗ
1982 310 2246 370 EODORI
2285 311 2611 369 STUDlTIE

3719 313 3834 372 1364

519 443 854 510 cepturum.
889 439 932 493 Ο
962 437 1160 503 frater,
1224 454 1330 495 cur
1371 438 1577 496 oculos
1619 438 1813 494 cordis
1845 437 1926 493 ita
1955 435 2175 492 clausi-

2293 432 2495 508 ἆδελφὶ,
2545 440 2597 488 τί
2644 437 2837 508 ἔμυσας
2881 437 2945 488 τὰ
2995 436 3208 507 ὄμματα
3258 435 3393 486 οὕτω
3450 442 3544 497 τῆς
3593 433 3834 511 καρδίας;

520 526 595 582 sti
623 528 772 582 ?cur
806 529 989 582 Deum
1015 529 1444 599 contempsisti,
1480 529 1652 600 cujus
1682 532 1831 582 nutu
1859 531 2177 581 moventur

523 617 814 682 universa,
849 632 956 671 nec
979 624 1232 687 possunt
1259 617 1517 673 moventi
1542 617 1811 672 resistere
1831 617 1859 671 ?
1883 617 2071 670 Antea
2087 631 2174 671 re-

522 704 709 760 siliisti
742 721 772 758 e
803 705 1082 775 palaestra
1112 707 1364 761 ascetica
1385 727 1396 759 :
1417 706 1614 762 abiisti
1642 707 1719 760 ad
1739 705 1870 761 loca
1900 720 2035 777 quae
2055 720 2175 760 non

520 792 762 865 respicit
792 794 1079 848 Dominus
1123 810 1135 848 :
1182 794 1408 849 solvisti
1444 793 1824 863 signaculum
1867 792 2174 856 castitatis,

523 883 832 954 corrupisti
865 882 1132 938 animam
1163 888 1217 938 et
1240 899 1480 954 corpus,
1507 882 1697 939 factus
1722 898 1785 938 es
1806 883 2175 954 mancipium

523 972 749 1044 peccati
773 988 786 1037 ;
820 971 1037 1027 deinde
1062 972 1139 1027 ad
1161 988 1271 1027 nos
1291 988 1423 1028 sero
1453 972 1695 1029 tandem
1711 971 1932 1027 rediisti
1947 974 2005 1027 in
2020 972 2179 1042 prin-

521 1060 679 1132 cipio
719 1061 1168 1132 persecutionis,
1203 1062 1513 1127 conﬁtens,
1563 1077 1772 1134 poenas
1816 1062 2011 1126 luens,
2045 1076 2178 1132 pro-

523 1150 764 1205 mittens
797 1164 1134 1220 regressum
1168 1155 1305 1220 post
1347 1150 1526 1205 tinem
1588 1151 2039 1222 persecutionis.
2088 1151 2178 1205 Ad

521 1240 649 1295 haec
691 1244 747 1294 et
802 1238 880 1295 ab
924 1240 1263 1295 (Economo
1313 1239 1614 1295 institutus
1673 1255 1754 1304 es,
1811 1244 1866 1296 et
1909 1256 1946 1295 a
1997 1239 2178 1296 fratre

525 1327 803 1399 Dionysio
825 1334 1160 1399 susceptus,
1189 1335 1244 1384 et
1278 1329 1601 1399 pulchrum
1626 1328 1901 1384 exsilium
1928 1327 2174 1398 elegisti,

524 1433 598 1474 ex
645 1417 818 1474 malis
862 1417 1007 1472 locis
1063 1417 1354 1487 migrans,
1388 1425 1443 1472 et
1485 1419 1543 1472 in
1591 1418 1765 1473 bonis
1820 1417 1966 1472 locis
2006 1415 2180 1472 habi-

525 1511 660 1563 tans
691 1520 872 1577 super
900 1521 1034 1578 quae
1051 1506 1207 1561 oculi
1240 1506 1558 1577 Domini,et
1579 1505 1888 1562 beatitudo
1911 1521 2178 1577 persecu-

525 1595 701 1652 tionis
731 1608 917 1665 supra
959 1600 1140 1666 caput
1186 1599 1357 1649 tuum
1398 1594 1902 1650 circumvolitans.
1935 1595 1999 1648 Et
2028 1608 2178 1662 euge

525 1685 604 1741 ob
650 1684 807 1740 hanc
845 1683 1303 1748 revocationem,
1349 1685 1786 1755 purgationem.
1845 1682 2177 1753 angelicam

525 1773 1000 1846 opitulationem.
1036 1773 1184 1838 Quid
1209 1788 1350 1842 ergo
1377 1789 1584 1828 rursus
1604 1773 1826 1828 factum
1853 1777 1939 1828 est
1971 1772 1998 1826 ?
2027 1771 2177 1837 Quid

2293 1787 2381 1842 περ
2390 1773 2719 1842 ικυκούμενος
2751 1785 2766 1801 ⁸

523 1868 612 1918 est
636 1862 803 1936 quod
828 1878 864 1918 a
890 1863 1008 1918 Deo
1029 1867 1085 1918 te
1102 1861 1369 1928 abduxit,
1395 1868 1451 1919 et
1474 1862 1716 1918 diabolo
1736 1863 1978 1918 tradidit
2011 1861 2038 1916 σῖ
2057 1863 2179 1916 Heu

526 1968 724 2008 meam
747 1950 1147 2008 infelicitatem
1174 1950 1184 2005 !
1207 1963 1498 2022 Reversus
1517 1967 1579 2006 es
1605 1951 1804 2008 denuo
1823 1951 1900 2008 ad
1939 1967 2178 2008 caenum

525 2042 775 2115 peccati,
817 2055 1209 2113 corrumpens
1264 2043 1320 2095 et
1348 2045 1662 2112 corruptus
1703 2057 1734 2097 a
1794 2041 2056 2105 muliere,
2091 2039 2179 2095 vel

524 2131 721 2203 potius
742 2146 779 2187 a
804 2129 1172 2186 mulieribus.
1190 2129 1742 2194 Domine,miserere
1761 2147 1774 2196 ;
1795 2129 2176 2200 parce,Deus,

525 2219 752 2276 dimisit
775 2225 829 2275 te
843 2224 1047 2275 custos
1061 2223 1196 2274 tuus
1210 2217 1484 2288 angelus,
1508 2219 1767 2290 suscepit
1793 2221 2064 2275 Satanas.
2092 2223 2179 2274 An

527 2309 691 2374 vivis,
724 2309 903 2364 miser
922 2307 950 2362 Ὺ
981 2312 1037 2363 et
1055 2306 1363 2379 quomodo
1387 2306 1547 2362 vivat
1572 2307 1620 2361 is
1646 2307 1749 2379 qui
1778 2308 1856 2363 ab
1875 2307 2180 2364 homicida

523 2398 844 2454 devoratur
874 2396 903 2451 ?
942 2397 1028 2451 An
1054 2395 1258 2452 lumen
1291 2395 1456 2450 vides
1495 2395 1524 2450 ?
1563 2401 1618 2451 et
1647 2396 1958 2468 quomodo
1981 2395 2182 2452 videat

523 2487 627 2560 qui
655 2487 882 2559 peccati
904 2486 1162 2542 tenebris
1191 2490 1281 2541 est
1302 2485 1532 2541 obsitus
1559 2485 1586 2542 ?
1615 2486 1701 2540 An
1717 2488 1903 2541 Deum
1930 2501 2066 2541 oras
2086 2485 2182 2539 ?et

526 2573 837 2647 quomodo
859 2573 938 2629 ad
972 2573 1294 2629 Dominum
1337 2573 1603 2639 accedat,
1635 2573 1740 2646 qui
1776 2589 1904 2630 sese
1935 2573 2180 2629 diabolo

526 2663 888 2734 mancipavit
916 2662 1074 2719 ?Ubi
1123 2667 1208 2718 est
1268 2662 1620 2734 praeclarum
1672 2668 1841 2718 tuum
1887 2663 2124 2718 initium
2154 2662 2182 2716 ?

523 2753 720 2810 fervor
756 2754 784 2808 ?
831 2752 1213 2822 compunctio
1243 2751 1271 2806 εἰ
1301 2751 1642 2808 obedientia
1679 2751 1707 2806 7
1732 2751 2018 2824 lacrymaa
2046 2751 2075 2806 ‘P
2103 2750 2181 2808 ad

527 2843 713 2898 Deum
744 2841 952 2897 volens
983 2842 1172 2896 oratio
1200 2840 1228 2896 Ὺ
1251 2840 1508 2897 caelestis
1563 2843 1935 2897 conversatio
1958 2841 1986 2896 ‘i
2011 2841 2178 2897 Abie-

526 2934 662 2988 runt
679 2930 903 2995 omnia,
939 2930 1255 3001 perierunt.
1291 2931 1334 2986 Ο
1367 2929 1616 2985 acerbos
1647 2931 1902 3000 gemitus
1927 2945 2093 2986 meos
2120 2931 2180 2985 in

528 3026 632 3077 tua
662 3017 993 3075 dementia!
1015 3018 1244 3074 Utinam
1260 3019 1504 3074 rationis
1519 3034 1728 3091 expers
1753 3019 1976 3075 animal
1999 3035 2179 3088 esses,

526 3109 692 3181 quod
731 3123 852 3164 non
883 3112 972 3162 est
993 3106 1320 3162 obnoxium
1347 3107 1598 3177 judicio.
1622 3107 1735 3164 Sed
1757 3108 1920 3180 quod
1946 3109 2029 3162 sis
2051 3110 2183 3164 aui-

529 3197 652 3254 mal
681 3214 718 3252 a
749 3199 867 3252 Deo
895 3194 1244 3260 formatum,
1280 3195 1444 3267 quod
1471 3201 1758 3266 resurget,
1804 3201 1860 3252 et
1887 3197 2184 3267 judicabi-

529 3292 624 3344 tur
655 3303 668 3353 ;
700 3286 816 3342 hoc
846 3299 983 3340 vero
1014 3284 1443 3339 miserandum.
1476 3285 1767 3354 Agedum,
1799 3285 1881 3343 fili
1942 3285 2046 3353 mi,
2080 3286 2182 3357 qui

530 3374 750 3447 periisti
784 3391 798 3429 :
825 3389 955 3443 age,
980 3373 1055 3428 ad
1089 3373 1409 3428 Dominum
1459 3379 1797 3428 convertere
1828 3391 1841 3430 :
1871 3375 2013 3445 quia
2045 3390 2181 3428 cum

531 3463 828 3533 benignus
885 3463 977 3525 sit,
1017 3462 1227 3517 iterum
1278 3461 1506 3532 recipit,
1559 3463 1772 3518 iterum
1828 3464 2181 3530 sanctiﬁcat,

531 3554 747 3609 iterum
779 3550 1031 3622 nuptiali
1070 3556 1230 3606 veste
1256 3551 1469 3615 induit,
1498 3552 1708 3607 iterum
1757 3552 2003 3608 vitulum
2032 3553 2186 3623 sagi-

530 3647 742 3698 natum
762 3646 999 3705 mactat,
1014 3639 1351 3708 etgaudens
1370 3641 1725 3695 convocabit
1753 3657 2046 3712 supernas
2068 3642 2185 3698 Vir-

533 3735 704 3797 tutes,
735 3728 883 3800 quia
907 3729 1182 3783 inventus
1214 3744 1300 3783 es.
1334 3731 1411 3784 Ne
1441 3729 1619 3798 igitur
1639 3728 1845 3784 audire
1875 3730 2184 3797 detrectes,

534 3819 614 3875 ﬁli
653 3818 755 3886 mi,
788 3817 870 3873 ﬁli
902 3817 980 3872 mi
1014 3833 1026 3872 :
1065 3816 1170 3873 sed
1211 3832 1424 3873 revoca
1462 3823 1537 3881 te,
1584 3818 1686 3872 sed
1737 3826 2048 3885 revertere,
2088 3821 2190 3876 ad-

532 3908 868 3965 haerescens
887 3907 1126 3976 egregio
1146 3907 1308 3964 fratri
1323 3913 1423 3962 tuo
1439 3907 1738 3979 Dionysio,
1759 3908 2108 3981 priusquam
2137 3915 2190 3966 te

537 3997 744 4054 mortis
777 4002 1011 4053 aeternas
1033 3995 1388 4068 rhomphaea
1419 3995 1688 4052 invadat.

897 4284 1029 4341 CVI.
1051 4315 1120 4324 —
1147 4283 1455 4341 Eustratio
1483 4285 1828 4355 praeposito.

2286 529 2338 576 τί
2375 529 2762 598 κατεφρόνησας
2809 531 2964 590 Θεοῦ,
2999 523 3059 576 οὗ
3115 531 3186 594 τῷ
3231 520 3490 596 βλέμματι
3526 525 3589 575 τὰ
3628 528 3836 596 σύμπαν-

2287 633 2353 666 τα
2392 618 2584 666 σείεται
2631 617 2720 665 καὶ
2771 612 2829 666 οὐ
2884 616 3022 685 φέρει
3082 617 3339 680 enim»;
3389 609 3718 676 ἀπεπήδησας
3757 618 3837 668 πά-

2285 705 2370 754 λαι
2421 710 2516 764 τῆς
2577 700 2870 764 ἀσκητικῆς
2917 701 3244 774 παλαίστρας
3279 715 3296 732 ’
3352 703 3623 774 ἐπορεύθης
3663 703 3724 766 εἰς
3774 709 3840 758 τό·

2286 811 2410 851 πους
2463 791 2553 852 οῦς
2608 791 2700 843 οὐκ
2731 789 3005 843 ἐπισκοπεῖ
3052 792 3243 865 Κύριος
3283 809 3296 820 ·
3339 789 3523 852 ἔλυσας
3560 795 3646 849 τὴν
3701 811 3841 866 σφρα-

2286 877 2416 952 γῖδα
2463 887 2559 940 τῆς
2605 880 2830 951 ἁγνείας,
2890 881 3129 953 ἓφθειρας
3177 883 3272 938 τὴν
3321 878 3508 952 ψυχὴν
3552 884 3635 932 καὶ
3672 883 3722 932 τὸ
3760 888 3840 932 σῶ-

2288 989 2381 1041 μα,
2416 968 2588 1041 ἐγένου
2633 965 2818 1029 δοῦλος
2869 977 2959 1029 τῆς
2995 967 3274 1042 ἁμαρτίας,
3305 965 3416 1022 εἶτα
3464 967 3672 1040 ὀψίποτε
3715 968 3843 1021 ἐπαν-

2289 1067 2407 1120 ῆκες
2447 1061 2574 1130 πρὸς
2603 1059 2745 1130 ἡμᾶς
2784 1057 2832 1110 ἐν
2861 1064 2923 1130 τῇ
2957 1056 3178 1132 ἀπαρχῇ
3211 1064 3304 1110 τοῦ
3343 1053 3600 1131 διωγμοῦ,
3641 1057 3843 1130 ἐξομολο-

2288 1149 2552 1218 γούμενος,
2618 1145 3007 1219 ἐπιτιμώμενος,
3092 1145 3525 1219 ἐπαγγελλόμενος
3597 1151 3678 1205 τὴν
3746 1144 3845 1198 ἁνα-

2291 1232 2492 1310 δρομὴν
2545 1238 2675 1307 μετὰ
2729 1239 2822 1294 τὴν
2858 1234 3060 1288 παῦλαν
3098 1241 3191 1288 τοῦ
3250 1232 3509 1308 διωγμοῦ.
3563 1235 3671 1288 Ἐπὶ
3704 1237 3842 1306 τούτῳ

2287 1328 2378 1376 καὶ
2433 1329 2559 1398 πρὸς
2625 1331 2718 1378 τοῦ
2798 1324 3086 1397 Οίκονόμου
3143 1323 3539 1397 ἐστοιχειῶθης,
3586 1329 3669 1377 καὶ
3727 1327 3846 1396 παρὰ

2287 1421 2376 1467 τοῦ
2432 1410 2655 1487 ἀδελφοῦ
2703 1419 2974 1467 Διονυσίου
3028 1414 3411 1489 προσελήφθης,
3444 1419 3536 1467 καὶ
3580 1418 3668 1472 τὴν
3709 1412 3845 1471 καλὴν

2290 1500 2578 1574 φυγαδείαν
2632 1503 2789 1568 εἵλου,
2837 1503 2893 1556 ἐκ
2934 1508 3102 1557 τόπων
3149 1512 3381 1576 πονηρῶν
3415 1503 3483 1564 εἰς
3533 1508 3708 1564 τόπους
3742 1499 3846 1573 ἁγα-

2293 1594 2413 1654 Θοῦς
2472 1589 2833 1664 διαιτώμενος,
2892 1591 2966 1665 ἐφ’
3035 1592 3119 1653 οὓς
3180 1591 3437 1665 ὀφθαλμοὶ
3494 1595 3726 1664 Κυρίου·
3775 1594 3848 1642 καὶ

2289 1683 2315 1732 ό
2395 1685 2730 1753 μακαρισμὸς
2803 1688 2894 1733 τοῦ
2975 1677 3214 1752 διωγμοῦ
3293 1683 3420 1755 ὑπὲρ
3512 1680 3718 1754 κεφαλῆς
3773 1698 3849 1732 σου

2860 1774 2960 1822 Καὶ
3033 1765 3149 1841 εὖγε
3236 1777 3330 1830 τῆς
3400 1769 3715 1830 ἀνακλήσεως
3777 1777 3850 1827 τῆ)

2288 1861 2613 1931 καθάρσεως,
2691 1867 2783 1920 τῆς
2841 1858 3122 1932 ἁγγελικῆς
3199 1858 3598 1934 ἐπικουρήσεως.
3650 1863 3708 1912 Τί
3779 1854 3851 1910 οὖν

2291 1948 2441 2000 πάλιν
2498 1953 2556 2000 τὸ
2608 1952 2866 2019 γεγονός;
2928 1953 2980 2001 τί
3019 1951 3077 2000 τὸ
3135 1947 3399 2021 ἐκστῇσάν
3468 1967 3528 2002 σε
3579 1956 3722 2015 Θεοῦ,
3779 1951 3850 1999 καὶ

2289 2033 2614 2109 παραδῶσαν
2662 2045 2734 2109 τῷ
2788 2035 3066 2110 διαϐόλῳ;
3123 2045 3218 2091 Φεῦ
3258 2045 3351 2100 τῆς
3399 2037 3525 2111 ἐμῆς
3551 2035 3850 2096 ἂθλιότητοςῐ

2289 2126 2647 2199 Ἐπέστρεψας
2695 2125 2849 2179 παλιν
2890 2127 2958 2188 εἰς
3015 2130 3102 2179 τὸν
3154 2124 3407 2201 βόρϐορον
3462 2134 3559 2189 τῆς
3609 2125 3851 2200 ἁμαρτίας,

2289 2217 2505 2288 φθείρων
2564 2220 2652 2267 καὶ
2705 2217 3049 2289 φθειρόμενος,
3103 2217 3203 2268 ὑπό
3254 2219 3525 2287 γυναικὸς,
3587 2214 3760 2288 μᾶλλον
3807 2210 3854 2266 δε

2288 2312 2565 2376 γυναικῶν.
2600 2307 2774 2380 Κύριε,
2823 2303 3030 2364 ἐλέησον
3063 2323 3074 2335 ·
3105 2313 3303 2377 φεῖσαι,
3348 2307 3373 2357 ὁ
3419 2310 3568 2367 Θεός.
3611 2305 3784 2376 Ἀφῆκέ
3809 2320 3856 2354 σε

2289 2396 2314 2446 ό
2346 2393 2510 2465 φύλαξ
2554 2411 2648 2445 σου
2701 2393 2936 2464 ἄγγελος,
2992 2393 3340 2469 προσελάϐετο
3396 2395 3422 2447 ό
3483 2399 3722 2454 Σατανᾶς.
3777 2397 3855 2462 Σῇς

2289 2477 2410 2554 ἆρα,
2453 2481 2591 2535 ἄθλιε
2619 2500 2634 2552 ;
2663 2487 2753 2534 καὶ
2798 2491 2904 2544 πῶς
2956 2485 3068 2536 ἔστι
3112 2483 3207 2556 ζῇν
3237 2487 3324 2537 τόν
3376 2485 3478 2537 ὑπό
3528 2483 3856 2556 ἀνθρωποκτό-

2287 2590 2376 2624 νου
2423 2573 2857 2644 κατεσθιόμενον;
2887 2571 3044 2646 Ὁρᾷς
3075 2567 3176 2647 ἆρα
3204 2575 3263 2625 τὸ
3315 2581 3419 2646 φῶς
3450 2592 3464 2640 ;
3494 2578 3583 2626 καὶ
3631 2580 3728 2632 πῶς
3766 2572 3856 2622 ἔστι

2291 2658 2492 2734 βλέπειν
2539 2664 2631 2714 τόν
2687 2660 3090 2733 ἐσκοστισμένον
3144 2670 3206 2734 τῇ
3273 2661 3554 2735 ἀμαρτίᾳ;
3612 2661 3853 2735 προσεύχῃ

2290 2745 2392 2822 ἆρα
2447 2758 2520 2820 τῷ
2570 2758 2683 2820 Θεῷ
2718 2756 2850 2818 ;καὶ
2906 2760 3016 2812 πῶς
3066 2754 3179 2804 ἔστι
3230 2755 3514 2823 προσιέναι
3561 2755 3748 2825 Κυρίῳ,
3789 2750 3857 2800 τὸν

2290 2842 2469 2892 ἑαυτὸν
2524 2835 2864 2892 δουλώσαντα
2896 2848 2968 2911 τῷ
3023 2837 3254 2912 διαϐόλῳ
3289 2857 3302 2906 ;
3333 2849 3443 2894 Ποῦ
3491 2841 3627 2894 ἔστιν
3673 2841 3702 2898 ἡ
3749 2836 3854 2893 καλή

2293 2947 2388 2980 σου
2431 2926 2574 3001 ἀρχή
2607 2945 2620 2993 ;
2653 2930 2683 2986 ἠ
2721 2931 2881 3002 θέρμη
2921 2946 2934 2991 ;
2967 2931 2996 2987 ἠ
3051 2930 3331 2993 κατάνυξις
3362 2947 3374 2997 ;
3412 2932 3440 2988 ἠ
3503 2931 3770 3000 ὑποταγῆς
3813 2928 3857 2977 τὸ

2292 3013 2520 3090 δάκρυον
2551 3033 2564 3082 ;
2600 3019 2629 3075 ἡ
2684 3019 3025 3090 θεοπτέρωτος
3061 3023 3342 3091 προσευχὴ
3379 3035 3394 3084 ς
3451 3020 3483 3078 ἡ
3519 3019 3742 3092 οὐράνιος
3788 3029 3860 3067 ποέ

2290 3107 2499 3175 λιτεία;
2550 3112 2755 3178 ᾤχοντο
2809 3109 3002 3172 πάντα,
3061 3105 3410 3162 ἀπολώλασιν.
3473 3107 3542 3160 Ὢ
3599 3111 3860 3175 στεναγμῶν

2292 3217 2382 3268 μοι
2450 3205 2647 3271 πικρῶν
2695 3195 2776 3248 ἐπὶ
2831 3204 2892 3268 τῇ
2951 3203 3016 3259 σῇ
3076 3195 3266 3268 ἀλογίᾳ
3305 3196 3318 3251 l
3362 3199 3467 3250 εἴθε
3521 3198 3652 3258 ζῶον
3708 3193 3862 3263 ἄλογον

2293 3284 2356 3349 ἧς
2389 3306 2400 3319 ·
2454 3288 2574 3360 ὅπερ
2631 3285 2700 3346 εἰς
2747 3289 2921 3360 κρίσιν
2974 3285 3068 3338 οῦκ
3139 3288 3377 3360 ἔρχεται.
3445 3286 3582 3341 Ἀλλ’
3639 3288 3715 3338 ὅτι
3771 3285 3861 3335 θεό-

2291 3375 2542 3438 πλαστον,
2599 3373 2938 3447 ἀνιστάμενον
2995 3379 3084 3427 καὶ
3146 3377 3420 3448 κρίνεσθαι
3478 3375 3677 3448 μέλλον,
3740 3377 3862 3423 τοῦτο

2295 3463 2521 3518 ἐλεεινόν.
2585 3470 2740 3537 Δεῦρο
2795 3460 2886 3528 δὴ,
2936 3464 2961 3514 ὁ
3028 3461 3305 3525 ἀπολωλώς
3372 3484 3476 3533 μου
3539 3468 3664 3524 υἱός.
3715 3466 3861 3532 Δεῦρο,

2295 3552 2606 3627 ἑπίστρεψον
2659 3555 2788 3626 πρός
2841 3555 3050 3625 Κύριον,
3109 3554 3189 3605 ὅτι
3228 3553 3591 3628 φιλάνθρωπος
3636 3553 3698 3604 ὧν
3736 3547 3860 3601 πάλιν

2297 3640 2532 3714 δέχεται,
2591 3641 2743 3693 πάλιν
2799 3640 3010 3712 ἁγιάζει
3062 3641 3226 3714 [Βθς.
3263 3642 3398 3698 cod.
3460 3637 3862 3715 ὑγιάζει],πα’λιν

2296 3730 2656 3804 νυμφοστολεῖ,
2705 3729 2858 3782 πάλιν
2909 3734 3020 3784 θύει
3045 3735 3129 3784 τόν
3157 3737 3365 3804 μόσχον
3394 3735 3484 3785 τόν
3517 3735 3756 3793 σιτευτόν,
3792 3728 3862 3777 καὶ

2303 3826 2507 3895 χαίρων
2561 3819 2873 3890 συγκαλέσει
2907 3823 3000 3882 τὰς
3046 3822 3150 3873 ἄνώ
3196 3817 3442 3893 δυνάμεις
3486 3821 3570 3874 ἐπὶ
3608 3828 3668 3893 τῇ
3701 3827 3760 3891 σῇ
3804 3816 3864 3868 r3-

2301 3914 2459 3984 ρέσει.
2492 3913 2577 3967 Μὴ
2608 3905 2676 3967 δὴ
2717 3906 2805 3961 οὖν
2849 3908 3158 3983 ἁπείθήσῃς,
3213 3913 3294 3963 υἱέ
3339 3931 3463 3983 μου,
3508 3913 3588 3964 υἰέ
3615 3929 3711 3983 μου
3745 3900 3861 3957 ’ἀλλ’

2305 3997 2648 4063 ἀνακλὴθητι,
2695 3997 2800 4050 ἀλλ’
2857 3998 3204 4073 ὑπόστρεψον,
3265 4000 3635 4071 ωγκολληθεὶς
3683 4003 3750 4068 τῷ
3794 4011 3865 4045 κα·

2305 4089 2376 4160 λῷ
2418 4108 2512 4140 σου
2545 4083 2747 4159 ἀδελφῷ
2796 4092 3067 4160 Διονυσίῳ,
3122 4093 3244 4164 πρίν
3277 4107 3333 4142 σε
3363 4088 3636 4162 καταλάϐῃ
3693 4088 3722 4145 ἦ
3761 4085 3865 4159 ῥομ-

2312 4182 2440 4252 φαία
2461 4182 2553 4228 τοῦ
2579 4175 2788 4229 αἰπνίου
2822 4178 3066 4232 θανάτου.

2443 4273 2557 4348 PQ"
2719 4306 2787 4316 —
2817 4275 3194 4350 Εὐστρατίῳ
3232 4277 3592 4348 ἡγουμένῳ,
3636 4270 3784 4348 [χλ’.]

1248 4374 1501 4436 Lapsum,
1539 4377 1592 4423 et
1619 4374 1794 4424 scelus
1828 4374 2202 4426 defendentem
2225 4375 2492 4439 objurgat.
2533 4372 2750 4434 (Baron.
2785 4386 2877 4424 an.
2902 4374 3010 4428 822,
3047 4387 3101 4423 n.
3133 4374 3244 4436 L7.)

610 4453 864 4509 Gavisus
917 4469 1053 4507 sum
1107 4459 1353 4524 accepta
1383 4454 1706 4510 venerabili
1759 4455 2014 4526 epistola
2068 4463 2189 4523 tua,
2227 4459 2270 4514 D

537 4544 777 4610 Patrum
788 4540 1270 4608 charissime,ubi
1295 4541 1369 4596 de
1389 4543 1718 4599 sanctitatis
1735 4550 1846 4599 tua:
1860 4545 2039 4600 rebus
2064 4545 2194 4602 11th

537 4637 598 4690 et
620 4631 720 4688 illa
748 4631 1025 4700 cognovi.
1052 4631 1360 4694 Caeterum,
1389 4631 1552 4700 quod
1579 4647 1650 4688 ex
1687 4633 1907 4688 nuntiis
1940 4641 2191 4701 tantum,

538 4720 646 4778 sed
660 4726 856 4776 tamen
870 4719 986 4774 fide
998 4718 1194 4789 dignis
1215 4718 1436 4790 accepi,
1452 4721 1758 4788 aegerrime
1792 4723 1895 4778 tuli
1919 4723 2190 4788 audiens,

536 4811 740 4866 ﬁctam
767 4808 1292 4880 subscriptionem.
1324 4810 1405 4863 Ac
1435 4809 1656 4865 sustine
1682 4826 1795 4876 me,
1827 4812 2194 4868 reverendis-

541 4899 713 4963 sime,
754 4898 998 4953 liberius
1052 4897 1466 4954 disserentem.
1512 4899 1638 4954 Non
1686 4900 1813 4955 sine
1866 4917 2050 4957 causa
2087 4902 2197 4957 fuit

537 4986 705 5060 quod
730 5002 868 5042 cum
896 5002 932 5041 a
963 4985 1125 5053 regio
1159 4986 1427 5043 ministro
1446 4988 1747 5051 tenereris,
1783 4989 2082 5045 indemnis
2107 4991 2196 5046 di-

540 5077 760 5134 missus
792 5075 973 5131 fuisti.
1008 5075 1132 5130 Hoc
1158 5077 1316 5131 enim
1347 5081 1435 5131 est
1467 5077 1632 5148 quod
1663 5093 1936 5132 rumores
1979 5080 2080 5150 qui
2109 5080 2197 5150 ja-

541 5170 774 5222 ctentur
802 5164 1300 5221 induxit.Nullum
1332 5166 1532 5236 itaque
1564 5181 1769 5220 eorum
1791 5167 1893 5236 qui
1929 5167 2196 5224 libertate

542 5254 634 5312 usi
663 5260 818 5320 sunt,
845 5254 972 5310 sine
992 5269 1250 5318 carcere,
1285 5259 1388 5309 aut
1419 5253 1629 5308 saltem
1654 5252 1782 5308 sine
1808 5255 2012 5310 exsilio
2033 5272 2196 5312 man-

543 5345 706 5408 sisse,
731 5343 790 5399 in
823 5343 1097 5399 confesso
1144 5348 1253 5399 est.
1291 5343 1400 5408 Qui
1441 5357 1581 5397 vero
1626 5341 1842 5398 harum
1874 5359 2072 5400 rerum
2100 5361 2198 5402 ex-

544 5440 737 5505 pertes
768 5432 1024 5501 fuerunt,
1050 5432 1086 5486 ii
1140 5430 1369 5486 seducti
1429 5435 1588 5499 sunt,
1636 5435 1696 5487 ut
1743 5447 1816 5488 ne
1847 5433 1992 5504 quid
2031 5450 2174 5508 aspe

545 5521 672 5578 rius
703 5521 906 5577 dicens
929 5526 983 5577 te
1007 5520 1337 5577 offendam.

649 5611 726 5683 (3)
758 5610 821 5667 In
847 5610 980 5667 cod.
1033 5612 1172 5679 Reg.
1200 5609 1300 5682 99'.

2383 4454 2615 4527 Ἐχάρην
2662 4450 2936 4526 δεξάμενός
2978 4472 3072 4506 σου
3116 4456 3176 4505 τὸ
3231 4458 3404 4525 τίμιον
3451 4455 3691 4528 γράμμα,
3738 4449 3869 4502 Πατί-

2300 4563 2402 4618 ρων
2451 4543 2678 4615 φίλτατε,
2723 4547 2813 4595 καὶ
2865 4539 3150 4614 διδαχθεὶς
3198 4545 3264 4596 τὰ
3319 4546 3456 4596 κατὰ
3513 4548 3607 4601 τὴν
3652 4535 3868 4594 όσιότητά

2304 4652 2398 4685 σου
2429 4633 2588 4693 οὕτως
2618 4635 2758 4704 ἔχειν
2807 4636 2897 4684 καὶ
2924 4631 3106 4698 οὕτως,
3163 4635 3287 4698 ἐπεὶ,
3330 4635 3452 4686 ὅσον
3509 4631 3564 4685 ἐκ
3607 4639 3703 4684 τῶν
3731 4628 3868 4694 ἀπαγ-

2301 4722 2600 4794 γειλάντων,
2672 4726 2841 4774 καίτοι
2913 4720 3248 4788 ἀξιοπίστων,
3317 4722 3561 4797 λυπηρῶς
3617 4717 3867 4789 διεκείμην,

2302 4815 2540 4872 ἀκούσας
2581 4816 2673 4870 τὴν
2713 4813 3055 4884 ὑποκριτικὴν
3095 4813 3423 4886 ῦπογραφήν,
3481 4816 3582 4866 Καί
3623 4829 3684 4882 με
3728 4804 3868 4868 δέξαι,

2302 4907 2609 4973 τιμιώτατε,
2678 4899 3264 4976 παρρησιαστικώτερον
3337 4897 3718 4974 διαλεγόμενον.
3781 4892 3869 4947 Οὐκ

2305 4991 2399 5054 ἔξω
2443 4990 2610 5051 αἰτίας
2655 4993 2714 5042 τὸ
2768 4991 3166 5062 κατασχεθέντα
3195 5009 3253 5044 σε
3290 4991 3391 5043 ὑπὸ
3423 4987 3702 5064 βασιλικοῦ
3729 4992 3872 5058 μεῖναι

2304 5080 2505 5142 ἀπαθῆ,
2555 5083 2719 5149 ἤγουν
2780 5079 2984 5150 ἄφετον.
3031 5085 3193 5132 Τοῦτο
3245 5081 3346 5152 γὰρ
3405 5087 3507 5133 τῶν
3563 5073 3871 5146 τεθρυλλημέο

2304 5189 2404 5220 νων
2451 5168 2740 5239 ἐπαγωγόν.
2797 5164 2991 5228 Οὐδεὶς
3048 5163 3141 5220 οὖν
3197 5175 3298 5220 τῶν
3366 5166 3870 5242 πεπαῤῥησιασμένων

2305 5258 2426 5330 ἄτερ
2485 5256 2740 5329 φυλακῆς,
2789 5261 2818 5314 ἣ
2865 5256 3239 5329 τούλάχιστον,
3293 5257 3512 5333 ἑξορίας,
3569 5259 3683 5316 ἤτοι
3730 5268 3874 5324 φυγα-

2307 5343 2455 5409 δείας
2497 5345 2832 5419 ὡμόλόγηταν
2885 5343 3171 5419 διαμεῖναι.
3204 5349 3271 5400 Οἱ
3313 5343 3374 5400 δὲ
3400 5349 3592 5400 τούτων
3622 5343 3778 5406 ὶκτός,
3814 5335 3875 5389 ἕν·

2305 5455 2395 5497 τος
2445 5444 2541 5498 τῆς
2595 5435 2897 5508 ἀπαγωγῆς,
2959 5439 3042 5491 ἶνα
3092 5441 3164 5510 μὴ
3229 5439 3549 5510 τραχύτερον
3611 5433 3759 5487 εἰπὼν
3802 5427 3873 5478 λυ·

2311 5543 2491 5582 πησω.
