4036 6276
228 311 368 368 1365

1507 315 2012 374 EPISTULARUM
2049 318 2186 375 LIB.
2228 318 2301 375 II.

3443 317 3583 375 i366

293 436 359 490 Ἥ
430 437 487 490 ού
564 435 841 511 διεϐλέψω,
918 434 1348 511 διορατικὼτατε,
1422 444 1506 493 τόν
1585 441 1812 513 χαλεπὸν

2000 446 2213 498 Annon
2238 442 2458 507 vidisti,
2490 443 2576 499 vir
2625 444 3046 511 oculatissime,
3070 458 3317 514 gravem
3349 442 3580 508 Leonis,

227 523 463 599 διωγμὸν
504 531 720 589 Λέοντος
774 535 866 581 τοῦ
914 530 1286 601 θηριωνύμου;
1338 530 1399 581 οὗ
1470 531 1500 588 ἡ
1562 530 1822 602 Ἀχααϐι-

222 620 342 676 τικὴ
376 622 496 691 χεὶρ
531 614 631 670 εἷλε
675 623 766 671 καὶ
807 621 927 681 τοὺς
968 618 1022 681 ἐξ
1062 618 1218 670 ἄλλου
1276 620 1520 691 κράτους,
1552 621 1739 674 ἔκτεινέ
1766 640 1820 673 τε

222 710 313 758 καὶ
364 705 520 759 ὤλεσε
549 723 563 739 ⁶
620 711 677 759 τό
719 727 780 778 γε
826 707 1300 783 φιλανθρωπότερον
1353 707 1644 783 έφρούρησε
1690 713 1821 781 μετὰ

220 796 413 867 πικρὰν
444 800 776 866 μαστίγωσιν
807 813 819 825 ·
874 800 947 868 μὴ
1004 795 1085 848 ὃτι
1129 815 1189 867 γε
1238 800 1361 857 τοὺς
1415 797 1515 849 ὑπὸ
1548 804 1727 869 χεῖρα,
1760 798 1820 851 Εἰ

223 879 275 935 δ’
306 882 464 944 αὐτὸς
509 884 726 936 ούτίπου
772 893 871 936 τῶν
921 887 1169 937 τοιούτων
1224 887 1492 946 πεπονθὼς
1544 888 1673 957 μετὰ
1723 892 1817 945 τὴν

222 971 501 1043 σύλληψιν,
580 975 865 1044 σύγγνωθι,
924 974 1199 1042 έσυλήθης,
1261 974 1402 1045 ἅγιε.
1462 980 1561 1029 Καὶ
1615 981 1685 1047 μή
1728 996 1819 1047 μοι

222 1059 574 1131 φυλάττεσθαι
678 1064 773 1123 τὰς
860 1061 1054 1124 οἰκείας
1138 1062 1452 1124 Ἐκκλησίας
1515 1063 1648 1135 λέγε,
1727 1070 1817 1118 καὶ

223 1155 357 1211 σὼας
423 1152 515 1213 τὰς
594 1152 829 1225 ἱστορίας
901 1156 1087 1224 μένειν,
1144 1156 1239 1210 τήν
1308 1172 1364 1206 τε
1422 1151 1681 1227 ἀναφορὰν
1725 1160 1816 1204 τοῦ

220 1238 515 1310 ἁγιωτάτου
564 1241 709 1312 ἡμῶν
752 1243 1116 1314 πατριάρχου.
1182 1248 1348 1294 Τοῦτο
1391 1244 1494 1313 γὰρ
1524 1246 1614 1294 καὶ
1672 1240 1816 1295 ἄλλοι

221 1326 542 1400 ἀπαχθέντες
604 1328 985 1401 φιλολογοῦσιν.
1029 1330 1106 1383 Ού
1146 1327 1370 1384 δύναται
1424 1338 1588 1384 ταῦτα
1636 1328 1671 1383 δ
1677 1351 1814 1384 ιασεο

223 1419 447 1482 σῶσθαι,
520 1418 564 1470 εἰ
644 1422 804 1490 μήτοι
882 1416 1151 1492 προδοσίᾳ
1209 1418 1455 1481 ἀληθινῆς
1532 1419 1817 1482 ένστάσεως

218 1504 431 1577 ἐγένετο.
486 1511 549 1560 Τί
591 1510 649 1559 τὸ
703 1507 896 1579 ὄφελος,
948 1508 991 1561 εἰ
1047 1510 1200 1579 ἡμεῖς
1246 1511 1296 1561 οἱ
1344 1512 1467 1570 ναός
1519 1516 1673 1574 Θεοῦ,
1726 1515 1816 1562 καὶ

217 1598 357 1657 ὄντες
429 1600 519 1648 καὶ
588 1595 869 1668 λεγόμενοι,
962 1597 1347 1671 ἠχρειώθημέν,
1416 1602 1504 1650 καὶ
1569 1597 1817 1671 ἀψύχους

215 1688 394 1747 οἴκους
433 1687 959 1758 περιεποιησάμεθα;
991 1686 1021 1745 ἠ
1056 1686 1203 1738 εἰκὼν
1254 1694 1346 1739 τοῦ
1398 1695 1652 1760 Χριστοῦ,
1700 1693 1815 1741 οῦτε

1930 534 2174 587 nomine
2194 532 2385 588 ferino
2408 532 2575 602 digni
2597 533 3071 605 persecutionem
3092 532 3121 588 ‘i'
3142 532 3313 603 cujus
3329 530 3583 589 Achabi-

1932 620 2047 676 tica
2076 637 2292 676 manus
2316 622 2494 676 etiam
2522 622 2869 694 eosquisub
2895 621 3463 693 alioimperioerant
3476 636 3581 693 ap-

1928 709 2262 780 prehendit,
2289 709 2527 773 occidit,
2558 711 2875 773 interemit,
2905 715 3025 776 aut,
3054 709 3221 783 quod
3251 709 3579 766 humanius

1928 798 2055 864 fuit,
2086 799 2145 854 in
2167 815 2467 856 carcerem
2501 800 2748 856 detrusit
2800 804 2935 873 post
2990 799 3187 855 diram
3226 798 3579 871 ﬂagellatio-

1928 903 2067 943 nem
2095 904 2107 943 :
2141 889 2363 944 nedum
2394 890 2465 943 iis
2504 904 2755 960 parcens
2784 889 2888 959 qui
2918 894 3086 945 erant
3107 888 3220 944 sub
3252 888 3377 959 ejus
3405 892 3578 960 pote-

1928 982 2094 1033 state.
2121 978 2293 1042 Quod
2324 978 2372 1033 si
2404 983 2466 1033 tu
2504 977 2654 1033 nihil
2701 977 3050 1049 hujasmodi
3082 993 3301 1049 passus
3342 992 3407 1033 es
3437 980 3578 1048 post.

1926 1081 2059 1121 com
2069 1066 2797 1136 prehensionem,ignosce
2812 1082 2824 1122 :
2841 1066 3131 1138 spoliatus
3152 1064 3334 1131 es,vir
3351 1069 3579 1121 sancte.

1925 1158 2126 1227 Neque
2158 1155 2300 1211 mihi
2328 1154 2552 1211 dixeris
2583 1161 2848 1211 servatas
2880 1154 3061 1210 fuisse
3092 1154 3367 1227 proprias
3397 1152 3579 1211 eccle-

1926 1244 2066 1315 sias,
2101 1250 2156 1300 et
2177 1245 2440 1315 picturas
2470 1244 2734 1314 integras
2753 1248 3578 1316 permanere,etcommemo-

1924 1334 2216 1389 rationem
2249 1332 2612 1388 sanctissimi
2624 1332 2976 1405 patriarchae
2988 1331 3177 1387 nostri
3194 1332 3334 1388 .Hoc
3347 1332 3506 1387 enim
3519 1336 3579 1388 et

1924 1421 2021 1478 alii
2053 1422 2152 1494 qui
2185 1421 2412 1477 seducti
2436 1421 2676 1478 fuerunt
2707 1421 2942 1477 causari
2973 1420 3183 1476 solent.
3217 1423 3343 1477 Non
3369 1424 3576 1492 potue-

1923 1518 2063 1566 runt
2088 1510 2218 1567 haec
2247 1512 2490 1576 servari,
2519 1510 2808 1567 nisiveraa
2830 1509 3194 1566 defensionis
3212 1508 3472 1582 proditio
3489 1509 3582 1565 inv

1924 1600 2269 1655 tercederet.
2303 1600 2455 1665 Quid
2482 1600 2724 1671 prodest
2748 1600 2796 1655 si
2818 1614 2929 1656 nos
2954 1600 3058 1671 qui
3090 1599 3189 1654 Dei
3213 1597 3501 1670 templum
3521 1602 3577 1654 et

1926 1705 2136 1744 sumus
2164 1694 2221 1743 et
2248 1689 2522 1755 dicimur,
2551 1688 2786 1745 inutiles
2829 1689 2967 1744 facti
3016 1704 3246 1758 sumus,
3271 1687 3575 1744 inanimas

216 1782 312 1836 τῆς
362 1778 641 1842 Θεοτόκου,
699 1778 817 1828 οὔτε
886 1778 1020 1836 τινὸς
1084 1775 1237 1847 ἁγίου
1305 1772 1595 1831 διαπίπτει.
1664 1778 1812 1833 Μένει

1926 1783 2122 1836 autem
2163 1780 2377 1834 domos
2415 1778 2673 1850 integras
2713 1794 3023 1833 servamus
3052 1776 3081 1831 ἲ
3110 1778 3315 1847 Imago
3345 1774 3575 1844 Christi,

214 1865 317 1938 γὰρ
345 1861 394 1915 ἓν
425 1863 598 1923 αὐτοῖς
655 1866 721 1924 ὡς
767 1867 1130 1937 πρωτοτύποις
1162 1881 1174 1894 ·
1226 1870 1484 1918 πίπτουσι
1537 1862 1597 1919 δε
1636 1869 1685 1919 οἱ
1727 1864 1814 1920 δο-

214 1960 423 2015 κοῦντες
479 1954 746 2027 καθαιρεῖν
804 1953 965 2016 αὐτάς
997 1971 1010 1984 ⁸
1068 1952 1195 2006 ἀλλὰ
1247 1958 1349 2027 γὰρ
1406 1960 1495 2008 καὶ
1548 1958 1598 2008 οἱ
1644 1952 1817 2028 φειδοῖ

212 2044 406 2094 τούτων
465 2044 737 2114 προέμενοι
772 2046 867 2101 τὴν
923 2042 1244 2117 παῤῥησίαν,
1274 2048 1364 2095 καὶ
1405 2048 1498 2103 τὴν
1547 2040 1620 2096 δι’
1651 2044 1814 2107 αὐτῆς

215 2132 469 2184 κάκωσιν.
520 2130 684 2185 Ούάῑ
754 2130 899 2183 ἄλλοι
964 2129 1401 2201 ἀποθνήσκοντες,
1453 2133 1616 2206 ἕτεροι
1662 2134 1814 2207 ὑπερ-

215 2218 530 2292 οριζόμενοι,
590 2220 735 2273 ἄλλοι
790 2220 1186 2291 μαστιζόμενοι,
1259 2221 1423 2295 ἕτεροι
1499 2225 1813 2296 φρουρούμε-

214 2324 334 2361 νοι·
389 2311 457 2361 τὰ
511 2313 606 2383 ὄρη
662 2312 857 2381 ἔχοντα
902 2314 992 2362 καὶ
1024 2311 1081 2361 αἱ
1133 2311 1365 2384 ἐρημίαι,
1422 2314 1608 2386 πέτραι
1645 2332 1700 2364 τε
1724 2317 1814 2365 καὶ

216 2397 453 2457 σπήλαια
504 2402 627 2461 τοὺς
706 2404 975 2474 μακαρίως
1042 2396 1425 2472 δεδιωγμένους
1466 2416 1480 2431 ·
1538 2407 1626 2455 καὶ
1669 2405 1815 2470 ἡμεῖς

214 2491 349 2540 οἶκοι
435 2491 684 2560 μένοντες,
763 2494 853 2541 καὶ
905 2489 1130 2561 οἰόμενοι
1187 2488 1428 2552 ἀϐλαϐῶς
1507 2486 1812 2563 διαμένειν;

215 2573 485 2647 οὐδαμῶς.
535 2576 836 2632 Ἀπολέσθω
886 2584 1034 2631 πᾶσα
1089 2581 1119 2637 ἠ
1153 2586 1244 2631 τοῦ
1312 2583 1512 2652 κόσμου
1574 2580 1669 2638 ὖλη
1715 2589 1814 2633 τῶν

218 2661 511 2718 δοκούντων
542 2682 555 2696 ⁸
614 2668 644 2724 ἠ
697 2665 1076 2738 ὁμολογουμένη
1136 2666 1305 2739 βλάϐη
1359 2668 1547 2741 ψυχῆς
1597 2689 1816 2745 προκρι-

216 2756 383 2807 νέσθω
433 2757 494 2814 ἦν
547 2756 745 2814 ὑπέστη
814 2762 917 2818 πᾶς
967 2762 1351 2829 προφασιστής,
1431 2764 1609 2811 Ταῦτα
1662 2759 1815 2831 φιλῶν

220 2847 313 2895 καὶ
360 2844 771 2915 ὑπομιμνήσκων
832 2847 1034 2917 εἴρηκα,
1093 2850 1183 2897 καὶ
1258 2847 1326 2908 ὡς
1389 2847 1489 2900 ὑπὸ
1547 2849 1814 2919 ἐπιτιμίαν

222 2930 375 3004 ἔσμεν
427 2932 567 2995 ἄξιοι
604 2932 802 2986 ἐλθεῖν*
863 2938 953 2987 καὶ
1006 2934 1087 2986 ὃτι
1144 2933 1191 2985 έν
1248 2944 1412 3010 καιρῶ
1481 2932 1812 3010 ὀρθοδοξίας,

221 3018 374 3073 ούδὶν
428 3020 768 3094 ἀψηλάφητον
822 3021 1053 3095 ἀφεθείη.
1108 3027 1207 3076 Καὶ
1264 3024 1319 3076 εὔ
1357 3027 1489 3095 ἔχει,
1524 3021 1617 3077 διὰ
1644 3045 1819 3078 ταπει-

220 3114 427 3173 νώσεως
471 3108 719 3185 βαδίσαι,
770 3116 859 3165 καὶ
918 3113 1176 3165 ἰάσασθαι
1213 3116 1270 3165 τό
1323 3114 1626 3179 ἠσθενηκὸς,
1661 3114 1691 3173 ἦ
1724 3111 1818 3167 διὰ
1848 3146 1889 3203 C
1922 3115 2237 3170 veniamus
2280 3128 2291 3167 :

220 3196 572 3272 ἀναιτιασμοῦ
608 3200 940 3275 προστρίϐειν
972 3201 1175 3263 ἑαυτοῖς
1198 3202 1409 3272 μείζονα
1437 3201 1741 3275 αἰτιάματα.

1922 1884 2033 1925 nec
2078 1868 2361 1940 Deiparae,
2411 1883 2521 1922 nec
2567 1867 2755 1923 sancti
2808 1867 2984 1922 ullius
3041 1865 3356 1922 intercidit.
3385 1868 3578 1921 Manet

1922 1958 2082 2014 enim
2108 1957 2169 2011 in
2191 1957 2274 2011 eis
2299 1962 2590 2028 tanquam
2622 1956 2956 2029 prototypis
2990 1972 3002 2011 :
3027 1954 3308 2011 excidunt
3320 1968 3459 2010 vero
3472 1951 3578 2025 qui

1920 2046 2050 2103 illas
2088 2062 2119 2101 e
2165 2045 2363 2102 medio
2415 2044 2617 2101 tollere
2670 2044 2782 2101 sibi
2814 2045 3111 2111 videntur,
3168 2047 3296 2099 tum
3354 2047 3412 2099 et
3446 2041 3571 2115 qui,

1923 2139 1987 2191 ut
2020 2136 2110 2191 his
2148 2141 2416 2207 parcant,
2452 2133 2783 2190 libertatem
2828 2135 3195 2204 abjecerunt,
3236 2137 3313 2197 et,
3340 2147 3477 2205 quas
3501 2146 3577 2188 ex

1923 2239 1991 2280 ea
2019 2224 2307 2297 sequitur,
2341 2222 2738 2278 vexationem.
2769 2224 2863 2279 νω
2894 2222 2905 2276 !
2940 2222 3037 2279 alii
3067 2220 3425 2288 moriuntur,
3467 2219 3566 2277 alii

1922 2314 2216 2379 exsulant,
2261 2312 2361 2368 alii
2404 2311 2655 2382 ﬂagellis
2703 2312 3039 2376 caeduntur,
3080 2309 3185 2367 alii
3228 2308 3574 2366 carceribus

1922 2402 2319 2459 addicuntur:
2355 2406 2590 2457 montes
2609 2406 2665 2456 et
2689 2399 3064 2465 solitudines,
3083 2415 3230 2455 saxa
3260 2403 3316 2455 et
3336 2396 3575 2469 spelun-

1922 2507 2006 2547 cae
2022 2492 2226 2547 beatos
2243 2490 2373 2546 illos
2391 2490 2493 2563 qui
2517 2490 2995 2561 persecutionem
3011 2487 3337 2560 patiuntur.
3349 2486 3575 2558 passim

1922 2580 2147 2637 habent
2169 2599 2184 2635 :
2207 2586 2265 2635 et
2280 2596 2390 2635 nos
2415 2578 2578 2635 domi
2601 2577 3155 2650 hmrentes,absque
3186 2576 3575 2633 incommodo

1924 2685 2167 2726 manere
2194 2685 2303 2724 nos
2328 2683 2503 2741 posse
2532 2662 2946 2724 arbitramur?
2964 2666 3343 2723 Nullomodo.
3370 2666 3577 2722 Pereat

1925 2759 2202 2814 universa
2223 2758 2432 2813 mundi
2463 2757 2839 2829 aspectabilis
2858 2755 3147 2812 materia:
3177 2759 3578 2825 anteponatur

1923 2851 2081 2903 certa
2113 2846 2326 2902 animae
2353 2846 2667 2918 pernicies,
2693 2861 2878 2917 quam
2902 2843 3086 2899 subiit
3113 2841 3382 2916 quisquis
3396 2857 3579 2899 excu-

1923 2937 2217 2993 sationem
2242 2935 2574 3008 prastendit.
2605 2935 2741 2990 Haec
2772 2934 2995 2990 amoris
3020 2948 3185 3003 ergo,
3211 2939 3272 2987 ut
3294 2946 3571 2989 commo-

1924 3025 2212 3081 nefaciam
2227 3066 2239 3088 ,
2253 3024 2395 3090 dixi,
2410 3030 2465 3080 et
2483 3024 2720 3095 utdigni
2733 3023 2921 3079 simus
2934 3022 3039 3095 qui
3060 3022 3138 3077 ad
3160 3020 3576 3094 paenitentiam

2333 3119 2390 3169 et
2427 3113 2584 3185 quia,
2609 3129 2746 3167 cum
2786 3117 3023 3184 tempus
3061 3109 3203 3166 ﬁdei
3227 3108 3575 3167 orthodoxa

1925 3208 2333 3274 opportunum
2361 3202 2493 3266 erit,
2518 3200 2663 3256 nihil
2686 3200 3051 3272 relinquetur
3065 3214 3186 3257 non
3210 3214 3536 3255 excussum
3560 3215 3574 3254 :

218 3293 587 3361 praestatque
617 3305 722 3361 per
757 3290 1155 3347 humilitatem
1186 3291 1481 3361 incedere,
1521 3297 1578 3346 et
1622 3291 1824 3348 sanari
1854 3292 2019 3364 quod
2050 3291 2359 3347 inﬁrmum
2398 3295 2503 3356 est,
2555 3306 2739 3362 quam
2778 3305 2886 3362 per
2923 3287 3348 3361 impunitatem
3386 3288 3580 3345 accire

220 3378 335 3434 sibi
360 3380 589 3448 maiore
615 3378 847 3436 delicta.

294 3509 513 3583 PZ'
546 3543 613 3554 —
643 3519 789 3574 Τοῖς
837 3514 892 3565 ἑν
937 3512 1124 3565 άστει
1178 3508 1503 3584 ἀδελφοῖς.
1547 3511 1741 3587 [χλγ’.]

2121 3512 2277 3571 CV11.
2308 3544 2377 3552 —
2401 3512 2719 3569 Fratribus
2750 3511 2813 3568 in
2844 3511 2991 3568 urbe
3018 3510 3382 3583 degentibus.

1046 3618 1299 3679 Quaedam
1326 3622 1512 3670 contra
1539 3620 1773 3669 ofﬁcium
1805 3634 1867 3671 ac
1897 3624 2088 3685 printer
2116 3620 2196 3670 fas
2230 3623 2450 3683 agentes
2474 3619 2738 3683 increpat.

294 3722 545 3792 Εὕκαιρον
602 3720 888 3791 ἡγησάμην
938 3727 1092 3772 τανῦν
1152 3719 1402 3782 εἰσιόντος
1452 3727 1543 3772 τοῦ
1592 3716 1815 3792 ἀδελφοῦ

226 3811 439 3869 Λέοντος
486 3806 773 3861 ἐπιστεῖλαι
828 3817 1008 3870 κοινῶς
1062 3814 1247 3877 πᾶσιν,
1305 3808 1637 3881 εὐλογημένοι
1668 3805 1813 3861 ἀδελ.

222 3901 308 3970 φοὶ
363 3902 451 3950 καὶ
509 3901 731 3970 Πατέρες
764 3919 777 3931 ·
863 3902 1418 3970 προσυπομιμνήσκων
1475 3900 1540 3950 τὰ
1592 3897 1815 3970 ἐχόμενα

221 3991 502 4059 σωτηρίας.
537 3983 751 4045 Ἐπειδὴ
785 3985 879 4038 κάν
927 3995 988 4059 τῇ
1042 3985 1277 4058 ἀπουσίᾳ
1299 3989 1491 4060 ’ταύτῃ
1526 3991 1612 4039 καὶ
1644 3986 1815 4061 ἐξορίᾳ

218 4074 434 4148 ἓμφοϐός
490 4075 597 4148 εἰμι
642 4080 732 4127 καὶ
785 4079 1027 4149 ἔντρομος
1083 4078 1214 4147 μετά
1263 4082 1355 4126 τοῦ
1380 4075 1569 4127 οἰκείου
1602 4081 1812 4148 φορτίου

216 4172 316 4217 τῶν
369 4164 778 4238 ἁμαρτημάτων,
830 4169 919 4217 καὶ
976 4170 1091 4238 περὶ
1139 4172 1228 4224 τῆς
1277 4163 1574 4226 ἀνηκούσης
1617 4185 1707 4237 μοι
1747 4166 1814 4226 εἰς

218 4255 354 4326 ὑμᾶς
394 4250 667 4329 φροντίδος
718 4257 807 4305 καὶ
858 4258 1207 4326 προστασίας.
1263 4252 1527 4324 Φοϐοῦμαι
1577 4258 1674 4327 γὰρ
1724 4258 1813 4306 καὶ

220 4340 397 4409 δέδια,
456 4348 638 4414 μήπως
679 4344 826 4414 ὑμεῖς
874 4344 921 4395 οἱ
964 4345 1012 4395 ἐν
1065 4343 1214 4395 ἄστει
1268 4338 1644 4415 διατρίϐοντες,
1680 4344 1814 4413 εύρι-

218 4437 518 4504 πιστότερον
567 4432 635 4494 εἰς
686 4435 950 4505 ἔμπτωσιν
1029 4452 1146 4485 τινα
1201 4431 1492 4505 ἐμπέσοιτε,
1543 4436 1630 4484 καὶ
1684 4433 1811 4505 οἷπερ

219 4518 313 4574 δ’ιά
346 4520 539 4574 πολλῶν
569 4526 741 4574 κόπων
789 4540 843 4573 τε
894 4525 984 4573 καὶ
1035 4522 1221 4587 ἄθλων,
1264 4530 1363 4573 τῶν
1394 4524 1493 4593 πρὸ
1551 4517 1810 4593 διωγμοῦ,

219 4615 307 4662 καὶ
352 4610 400 4662 έν
467 4619 537 4681 τῷ
596 4607 814 4684 διωγμῷ
871 4612 1286 4685 συνηθροίσαμεν
1341 4608 1811 4684 ἀγαθουργήματα,

220 4698 673 4772 ἀφυλακτήσαντες
732 4703 858 4775 πρὸς
943 4697 1148 4775 βραχύ,
1223 4695 1394 4774 ἄρδην
1460 4698 1809 4771 ἀπολέσωμεν.

226 4791 416 4844 Ακούω
485 4787 766 4853 ἀστασίαν,
821 4786 1178 4860 μεταϐασίανο
1233 4786 1384 4840 ἄλλον
1439 4787 1492 4851 ἐξ
1529 4787 1684 4841 ἄλλου
1724 4793 1814 4841 καὶ

217 4874 443 4950 ἀδελφοῦ
483 4882 572 4930 καὶ
610 4883 770 4931 τόπου
814 4877 1191 4950 μεταϐαίνοντα
1217 4896 1229 4907 ·
1285 4883 1374 4931 καὶ
1405 4881 1461 4929 τό
1512 4897 1568 4949 γε
1612 4877 1813 4931 έλεεινόυ

212 4987 380 5043 τερον,
441 4972 593 5040 μόνον
678 4968 827 5020 οἷλλον
910 4968 1271 5039 καθεζόμενον,
1352 4973 1440 5020 καὶ
1501 4969 1690 5042 ἕτερον,
1754 4972 1811 5021 τό

210 5058 408 5111 κελλίον
440 5057 512 5120 εἰς
565 5057 730 5110 οἰκίαν
779 5060 900 5119 ἔνθα
950 5064 1205 5130 γυναῖκες,
1266 5059 1457 5129 ἔχοντα
1484 5071 1500 5089 '
1534 5062 1622 5110 καὶ
1663 5057 1813 5111 ἄλλον

211 5148 366 5201 πάλιν
429 5148 501 5208 εἰς
552 5152 904 5222 μοναστήριον
958 5153 1249 5219 γυναικεῖον
1301 5142 1659 5219 διαιτώμενον
1708 5148 1812 5201 εἰσ-

211 5243 334 5290 αείο
403 5239 570 5311 ἕτερον
625 5237 779 5290 πάλιν
845 5234 949 5290 ὧδέ
997 5256 1049 5289 τε
1121 5236 1331 5288 κάκεῖσε
1388 5236 1803 5308 οἱκοτριϐοῦντα,

211 5331 331 5382 ἔνθα
376 5332 548 5402 κόραι,
613 5328 735 5380 ἔνθα
781 5334 885 5401 πῦρ
942 5326 1037 5378 οῦκ
1090 5325 1372 5398 ἐμπυρίζον
1428 5331 1641 5397 χόρτον,
1686 5325 1792 5378 ἀλλ’

212 5417 352 5473 οἶκον
406 5417 593 5489 ψυχῆς
622 5433 634 5446 ’
677 5414 844 5477 ένίους
896 5415 1049 5468 πάλιν
1103 5413 1497 5485 ἐπιλαθομένους
1528 5421 1623 5475 τῆς
1670 5413 1808 5466 ἐννό-

214 5528 315 5583 μου
366 5507 527 5573 ζωῆς,
581 5502 800 5565 δούλους
852 5504 1212 5577 ὠνησαμένους
1263 5502 1444 5564 αὐτοῖς
1477 5501 1643 5574 συζῇν
1677 5519 1689 5531 '
1723 5507 1811 5555 καὶ

284 5616 361 5687 (4)
386 5616 450 5672 ln
481 5613 622 5672 cod.
661 5614 804 5683 Reg.
833 5611 961 5686 pm’.

1996 3719 2413 3792 Opportunum
2440 3718 2773 3774 existimavi
2796 3717 3206 3790 proficiscente
3220 3733 3379 3773 nunc
3399 3717 3579 3773 fratre

1923 3809 2137 3875 Leone,
2155 3824 2509 3864 communes
2538 3808 2823 3863 omnibus
2846 3806 3067 3863 litteras
3091 3807 3256 3874 dare,
3275 3803 3578 3862 benedicti

1926 3899 2133 3953 fratres
2160 3901 2475 3969 Patresque
2500 3913 2514 3963 ;
2543 3912 2834 3951 revocans
2850 3896 2909 3950 in
2925 3894 3278 3951 memoriam
3292 3910 3427 3968 quae
3450 3910 3580 3964 per-

1924 3986 2113 4042 tinent
2145 3987 2220 4042 ad
2245 3986 2518 4050 salutem,
2542 3986 2685 4058 quia
2713 4001 2817 4057 per
2842 3984 3179 4041 absentiam
3198 3984 3373 4039 istam
3394 3988 3453 4039 et
3482 3998 3580 4038 ex-

1925 4076 2119 4132 silium
2162 4079 2224 4131 in
2251 4082 2414 4131 metu
2437 4077 2713 4131 ettimore
2748 4090 2971 4139 versor,
2989 4073 3068 4130 ob
3090 4074 3253 4129 illam
3268 4089 3404 4146 quae
3428 4071 3574 4127 mihi

1924 4172 2136 4238 praeter
2166 4165 2473 4237 proprium
2503 4168 2888 4236 peccatorum
2906 4160 3575 4228 onusincumbit,vestri

1924 4270 2130 4310 curam
2163 4260 2217 4310 et
2246 4254 2682 4326 praefecturam.
2708 4255 2895 4309 Metuo
2952 4252 3113 4307 enim
3148 4267 3217 4307 ac
3258 4266 3468 4306 vereor
3496 4265 3573 4306 ne

1926 4360 2032 4400 vos
2087 4344 2192 4416 qui
2253 4345 2313 4399 in
2366 4342 2510 4399 urbe
2558 4342 2860 4411 habitatis,
2924 4341 3155 4397 facilius
3222 4341 3283 4396 in
3331 4339 3574 4412 lapsum

1926 4432 2183 4505 aliquem
2208 4432 2538 4497 incurratis,
2571 4436 2625 4486 et
2655 4448 2788 4505 quae
2819 4430 3018 4486 multis
3043 4429 3353 4485 laboribus
3389 4434 3579 4485 certa-

1926 4521 2327 4594 minibusque,
2357 4526 2485 4576 tum
2506 4527 2641 4576 ante
2672 4521 3165 4592 persecutionem,
3191 4524 3314 4575 tum
3348 4518 3407 4574 in
3447 4533 3577 4590 per-

1924 4611 2246 4677 secutione,
2279 4611 2442 4665 bona
2470 4626 2654 4681 opera
2674 4609 3040 4680 collegimus,
3068 4608 3267 4665 brevis
3288 4606 3573 4680 temporis

1924 4700 2284 4771 negligentia
2323 4698 2588 4754 funditus
2610 4698 3031 4771 deperdamus.
3066 4697 3257 4753 Audio
3280 4695 3567 4752 instabili-

1924 4795 2125 4856 tatem,
2152 4789 2331 4845 audio
2362 4788 3030 4857 emigrationem,alium
3057 4786 3133 4843 ab
3167 4786 3282 4842 alio
3306 4789 3363 4842 et
3395 4787 3574 4841 fratre

1924 4879 2121 4936 etloco
2152 4879 2473 4934 abeuntem
2501 4894 2514 4944 ;
2548 4884 2622 4943 et,
2655 4876 2819 4949 quod
2853 4876 3248 4932 miserabilius
3280 4874 3576 4942 est,alium

1924 4968 2117 5025 solum
2144 4967 2524 5032 residentem,
2552 4966 2736 5022 alium
2767 4963 3041 5022 cellulam
3071 4966 3131 5020 in
3162 4964 3345 5020 domo
3378 4965 3437 5019 in
3458 4980 3582 5036 qua

1925 5064 2064 5113 sunt
2087 5056 2360 5111 mulieres
2392 5054 2715 5111 habentem
2750 5071 2763 5122 ;
2787 5054 2971 5110 alium
2992 5070 3197 5109 rursus
3218 5054 3279 5109 in
3300 5051 3576 5108 muliebri

1924 5146 2287 5202 monasterio
2318 5150 2605 5217 perpetuo
2623 5145 3023 5200 diversantem
3040 5160 3052 5210 ;
3069 5142 3251 5199 alium
3273 5141 3577 5198 denuoibi

1924 5236 2293 5308 frequentem
2317 5234 2417 5289 ubi
2450 5239 2589 5289 sunt
2615 5232 2848 5305 puellas,
2878 5232 2979 5288 ubi
3010 5232 3163 5302 ignis
3194 5248 3313 5287 non
3345 5231 3571 5296 fenum,

1925 5324 2031 5379 sed
2059 5324 2309 5379 domum
2343 5324 2560 5379 animm
2603 5323 2964 5378 comburens
2997 5341 3010 5381 :
3044 5320 3346 5393 quosdam
3370 5335 3574 5375 rursus

1926 5413 2179 5468 astrictaa
2200 5411 2431 5481 legibus
2464 5411 2592 5466 vitae
2624 5411 2861 5476 oblitos,
2884 5426 3087 5467 servos
3114 5425 3329 5473 emere,
3365 5413 3420 5463 et
3440 5424 3579 5464 cum

1928 5501 2038 5556 illis
2080 5500 2276 5556 vivere
2311 5499 2495 5565 ;alios
2524 5499 2663 5556 item
2695 5500 2946 5556 mercari
2977 5514 3175 5572 agros.
3201 5499 3243 5555 Ο
3284 5496 3581 5554 infelicem
