4036 6276
521 277 655 334 1367

1783 275 1844 331 S.
1884 272 2252 330 THEODORI
2293 270 2624 329 STUDIT/E

3734 261 3865 318 1368

512 399 782 457 animam
815 398 1544 472 meamtquomodoinhis
1567 414 1688 455 non
1713 398 2104 469 ingemiscam
2136 399 2164 454 ?

2280 405 2397 469 γοῦν
2440 396 2638 469 ἑτέρους
2702 394 2894 469 ἀγροὺς
2946 393 3244 469 ἀγοράζειν.
3300 390 3372 444 Ὠ
3418 396 3514 450 τῆς
3549 385 3732 448 ἀθλίας
3771 405 3863 458 μου

510 489 820 561 quomodo
860 504 980 544 non
1013 494 1281 544 metuam
1314 489 1359 544 si
1385 490 1618 562 justum
1652 488 1750 544 Dei
1798 492 2164 561 praeceptum

513 594 634 635 non
658 578 1007 634 annuntiem
1038 580 1066 635 ?
1094 577 1334 649 thuid,
1361 578 1594 641 fratres,
1637 577 1711 634 de
1752 584 1909 634 statu
1946 579 2163 633 mentis

511 667 735 723 exiistis
763 666 791 722 ‘I
824 666 1027 739 utquid
1058 667 1292 722 Domini
1325 667 1495 731 servi,
1530 666 1808 723 vitiorum
1836 667 1987 722 servi
2028 666 2166 722 facti

512 757 650 812 estis
676 757 704 813 ?
725 771 863 812 cum
898 756 1012 811 sub
1033 756 1162 825 lege
1194 756 1339 821 sitis,
1375 773 1479 811 cur
1509 760 1718 812 contra
1764 755 1959 825 legem
1990 770 2165 825 agere

513 845 813 901 sustinetis
850 843 879 899 7
909 860 1013 899 cur
1042 844 1253 899 Christi
1278 844 1555 909 cultores,
1586 843 1690 899 ﬁlii
1717 845 2163 909 exacerbantes,

512 950 550 990 a
574 949 762 1006 prava
783 932 1126 989 seductione
1167 948 1288 989 non
1312 933 1586 989 receditis
1617 932 1645 987 ?
1675 948 1795 989 non
1825 932 2167 989 residetisin

511 1022 659 1079 locis
722 1021 1011 1078 seandalo
1050 1022 1445 1078 carentibus?
1491 1038 1610 1078 non
1674 1022 1800 1077 bini
1828 1026 1883 1078 et
1910 1022 2033 1078 bini
2065 1026 2169 1078 aut

511 1112 693 1169 etiam
723 1111 924 1183 plures
944 1110 1123 1165 simul
1152 1112 1291 1167 estis
1330 1126 1494 1168 more
1533 1111 1863 1183 apostolico
1890 1112 1919 1164 ‘I

588 1201 681 1255 νω
712 1198 820 1255 soli
854 1218 866 1257 :
895 1214 985 1254 VtB
1016 1198 1219 1255 sedem
1232 1214 1354 1255 non
1382 1199 1627 1255 habenti
1656 1218 1668 1252 :
1700 1216 1787 1255 vse
1813 1198 2165 1256 mulieribus

516 1287 763 1345 dedito:
798 1304 888 1343 νω
946 1288 1099 1344 servi
1161 1304 1376 1344 servo:
1416 1305 1505 1344 va;
1560 1289 1729 1353 Giezi,
1789 1290 1894 1361 qui
1950 1290 2167 1361 emptis

512 1378 669 1450 agris
699 1382 755 1434 et
784 1377 1011 1443 vinetis,
1043 1376 1222 1449 lepras
1268 1380 1535 1434 Naaman
1576 1378 1767 1433 haeres
1815 1378 1924 1434 fuit
1954 1381 2002 1415 ²⁰
2031 1378 2043 1434 1
2078 1381 2166 1434 An

511 1466 730 1523 divinas
760 1482 937 1523 voces
961 1482 1080 1523 non
1112 1472 1247 1522 sunt
1264 1467 1391 1523 haec
1411 1466 1439 1522 ?
1466 1469 1556 1523 An
1583 1484 1693 1538 ego
1726 1484 1761 1524 a
1784 1469 2012 1534 meipso
2036 1484 2163 1539 pro-

514 1554 641 1611 fero
669 1553 698 1609 7
728 1554 980 1620 Quando
1009 1554 1275 1612 fervebat
1305 1557 1657 1628 persecutio,
1688 1556 1951 1613 habebat
1969 1574 2089 1630 qua
2105 1574 2166 1614 se

513 1644 856 1700 defenderet
883 1645 1317 1711 necessitatem,
1351 1646 1455 1718 qui
1478 1645 1538 1701 in
1565 1661 1773 1702 eorum
1798 1663 1934 1719 quas
1963 1663 2165 1703 recen-

514 1734 745 1789 suimus
788 1732 992 1806 aliqua
1028 1733 1233 1805 lapsus
1277 1739 1428 1791 esset
1462 1753 1475 1803 ;
1516 1741 1573 1790 et
1615 1735 1694 1791 ob
1742 1736 1923 1792 ﬁdem
1964 1742 2167 1793 exorta

512 1822 837 1879 necessitas
861 1839 1032 1879 reum
1064 1823 1441 1879 absolvebat.
1477 1827 1643 1879 Nunc
1675 1841 1815 1880 vero
1853 1826 2051 1881 nullus
2081 1830 2169 1883 est

514 1918 877 1985 persecutor,
904 1911 1101 1967 nullus
1133 1913 1233 1984 qui
1266 1912 1581 1984 prohibeat
1614 1914 1941 1986 quominus
1982 1915 2169 1970 hone-

513 2006 598 2057 ste
625 2001 922 2067 habitetis,
954 2006 1179 2057 etcum
1223 2001 1353 2057 aliis
1404 2002 1490 2057 vel
1533 2004 1851 2058 minimum
1893 2003 2157 2059 duobus.

513 2094 661 2147 Nam
693 2090 845 2147 male
867 2090 1574 2156 viventes,condemnatis
1600 2108 1672 2147 ex
1702 2092 1874 2147 vobis
1898 2092 2043 2164 ipsis
2066 2108 2169 2148 eos

512 2180 614 2253 qui
646 2180 979 2236 secundum
1028 2179 1220 2249 legem
1264 2180 1496 2237 vivunt.
1534 2181 1749 2236 Annon
1799 2181 1927 2237 haec
1974 2186 2171 2238 vestra

513 2268 898 2325 instabilitasi
912 2268 1143 2325 ndicico
1171 2273 1392 2334 est,vos
1410 2270 1471 2324 in
1488 2285 1635 2341 pace
1652 2270 1897 2326 minime
1911 2286 2171 2327 conven-

514 2362 681 2414 turos
709 2357 737 2412 ?
767 2358 1134 2429 Resipiscite,
1163 2358 1434 2423 obsecro,
1455 2358 1683 2427 fratres
1714 2360 1827 2416 mei
1848 2360 2169 2427 sancti,ca:-

516 2448 677 2503 testis
710 2446 1363 2518 vocationis'participes
1389 2450 1432 2483 '1
1466 2464 1477 2501 :
1510 2448 2171 2519 nisicorrigamini,non

515 2536 597 2591 sic
622 2535 1102 2607 appellandi,sed
1115 2536 1462 2592 nominibus
1475 2538 1978 2611 contrariis,quod
1993 2538 2169 2595 absit.

514 2625 649 2680 Haec
682 2630 1317 2694 egocontestorcoram
1332 2626 1449 2681 Deo
1463 2627 1783 2699 electisque
1815 2628 2042 2697 angelis
2072 2645 2085 2684 :
2124 2630 2172 2683 si

515 2714 651 2784 quis
683 2719 985 2769 correctus
1017 2729 1137 2769 non
1160 2714 1350 2781 fuerit,
1378 2721 1433 2771 et
1456 2721 1590 2787 post
1614 2716 2003 2773 constitutum
2031 2723 2173 2772 tem-

518 2802 679 2875 poris
708 2801 969 2875 spatium
1001 2802 1337 2874 perstiterit,
1369 2819 1400 2858 a
1448 2802 1788 2859 divinorum
1832 2820 2175 2861 sacramen-

517 2895 711 2947 torum
754 2890 1205 2962 participatione
1261 2892 1558 2948 arcebitur
1596 2908 1705 2964 pro
1760 2909 1831 2948 ea
1886 2900 2173 2965 potestate

515 2994 652 3054 qum
680 2980 825 3035 mihi
854 2980 913 3036 in
937 2996 1043 3036 vos
1075 2997 1111 3037 a
1153 2981 1409 3037 Domino
1452 2981 1593 3037 data
1650 2988 1735 3037 est
1768 3002 1783 3051 ;
1809 2983 1886 3040 ad
1918 2983 2175 3040 aediﬁca-

517 3070 760 3136 tionem,
791 3084 913 3126 non
955 3069 1032 3126 ad
1072 3070 1535 3127 destructionem
1574 3070 1808 3145 loquor.
1852 3074 1969 3128 Vos
2012 3089 2172 3139 vero,

510 3159 724 3216 fratres
755 3160 890 3225 mei,
929 3164 1221 3233 tanquam
1268 3160 1367 3215 ﬁlii
1400 3161 1758 3217 obedientiae
1822 3164 1975 3218 bene
1997 3164 2175 3233 agite,

511 3254 576 3306 ut
604 3254 661 3305 et
689 3249 811 3305 Deo
830 3249 1119 3314 serviatis,
1144 3254 1199 3305 et
1230 3265 1324 3306 me
1355 3251 1640 3306 miserum
1666 3268 1701 3307 a
1733 3252 1961 3323 peccati
1986 3257 2176 3307 morte

519 3339 849 3404 vindicetis,
906 3340 965 3394 in
1017 3340 1247 3396 Christo
1295 3342 1433 3396 Jesu
1493 3340 1746 3397 Domino
1799 3348 2027 3406 nostro,
2084 3343 2178 3398 cui

520 3427 708 3498 gloria
737 3444 876 3484 cum
908 3430 1073 3484 Patre
1103 3433 1159 3484 et
1184 3435 1393 3485 sancto
1418 3429 1663 3501 Spiritu.
1698 3432 1911 3486 Amen.

910 3534 1091 3591 CVIII.
1131 3566 1199 3575 —
1220 3535 1443 3591 Joanm'
1466 3536 1776 3594 Sardensi.

1230 3633 1294 3682 Ut
1323 3647 1385 3683 ex
1412 3634 1563 3697 gravi
1597 3636 1783 3685 morbo
1819 3635 2173 3693 convalescat,

590 3720 826 3776 Dudum
841 3720 1178 3777 audivimus
1192 3729 1478 3793 aegrotare
1492 3730 1794 3794 paternam
1808 3724 2180 3781 sanctitatem

518 3814 709 3875 tuam,
738 3825 896 3865 nunc
931 3826 1067 3865 vero
1100 3826 1249 3883 pene
1280 3813 1458 3868 etiam
1480 3812 1858 3883 desperatam
1881 3830 2029 3869 esse.
2052 3816 2179 3880 Quo

522 3900 732 3956 nuntio
759 3914 869 3955 n0s
896 3898 1248 3956 humilesita
1268 3917 1478 3955 sumus
1498 3904 1879 3969 consternati,
1896 3908 2180 3976 tantoque

522 3988 780 4063 perculsi
811 3987 1038 4053 dolore,
1075 3989 1613 4061 utproficisciistuc
1627 3992 1866 4047 animus
1895 3991 2089 4059 fuerit,
2122 3996 2179 4048 et

520 4079 822 4150 ingratum
835 4093 1141 4134 rumorem
1168 4078 1354 4135 oculis
1370 4094 1678 4150 usurpare.
1698 4081 1760 4135 Id
1788 4097 1923 4136 vero
1938 4086 2181 4153 propter

520 4166 806 4224 instantia
834 4167 1075 4237 negotia
1094 4167 1315 4223 factum
1346 4183 1466 4223 non
1498 4173 1604 4225 est.
1643 4171 1831 4235 Quare
1858 4172 2047 4227 coacti
2076 4171 2180 4226 fui-

523 4273 659 4313 mus
684 4256 892 4312 litteris
906 4256 1359 4328 quodammodo
1376 4256 1572 4312 volare
1586 4275 1692 4313 ceu
1717 4275 1985 4330 corpore,
2005 4264 2182 4333 atque

525 4346 737 4402 intueri
768 4349 823 4400 te
839 4346 1145 4416 egregium
1171 4352 1422 4417 patrem,
1443 4346 1739 4403 sincerum
1772 4350 2055 4415 amicum,
2078 4366 2182 4421 ge-

526 4450 807 4491 nerosum
842 4439 1045 4489 testem
1080 4436 1360 4491 veritatis.
1386 4436 1496 4492 Pro
1528 4436 1639 4493 hac
1671 4438 1970 4510 siquidem
1998 4444 2054 4494 et
2082 4455 2181 4494 ex-

523 4523 722 4579 silium
744 4523 1118 4594 pertulisti,et
1147 4524 1401 4579 carceris
1431 4526 1671 4582 vincula
1702 4544 1713 4581 :
1758 4529 1903 4600 quin
1951 4532 2009 4582 et
2047 4532 2183 4583 ante

525 4613 656 4669 haec
687 4612 1094 4684 spectaculum
1122 4612 1330 4679 factus,
1362 4619 1424 4668 ut
1449 4614 1708 4685 Apostoli
1742 4615 1934 4671 verbis
1965 4623 2092 4672 utar
2114 4619 2181 4682 ³³,

530 4708 586 4759 et
624 4700 851 4771 angelis
876 4705 932 4756 et
960 4700 1308 4757 hominibus
1338 4719 1348 4755 :
1387 4718 1509 4774 quo
1536 4704 1630 4758 die
1662 4703 1900 4760 allisum
1941 4710 2027 4761 est
2058 4704 2185 4761 solo

532 4791 611 4849 ab
638 4791 837 4862 impiis
864 4806 1068 4845 coram
1090 4788 1411 4862 Caiphaico
1436 4792 1705 4859 concilio,
1733 4810 1973 4849 sacrum
2009 4798 2188 4866 caput

532 4885 728 4938 tuum.
770 4881 813 4935 Ο
844 4878 989 4950 quid
1014 4878 1188 4934 nobis
1214 4880 1472 4936 accidit?
1498 4880 1645 4947 Quid
1670 4882 1835 4938 abire
1866 4883 2004 4938 hinc
2031 4883 2187 4939 festi-

534 4974 639 5025 nat
662 4967 948 5024 columna
977 4968 1248 5024 Ecclesiae
1303 4970 1331 5027 ?
1383 4972 1545 5026 Mane
1602 4971 1940 5042 nobiscum,
1986 4972 2186 5027 adhuc

536 5061 951 5129 mane,patere
982 5074 1089 5129 pro
1122 5058 1441 5128 Evangelio
1469 5075 1575 5113 ceu
1600 5062 1798 5115 bonus
1815 5061 2188 5116 miles.Vides

538 5152 601 5203 ut
626 5145 853 5202 bellum
880 5146 1085 5204 ardet?
1102 5153 1162 5202 ut
1191 5163 1299 5219 pro
1316 5147 2191 5222 ﬁdeimpugnamuretpugna-

613 5321 659 5356 ιο
699 5318 766 5374 IV
799 5320 945 5389 Reg.
985 5336 1036 5386 v,
1070 5323 1156 5376 26.
1236 5321 1277 5355 ²¹
1314 5318 1494 5376 Hebr.
1536 5335 1611 5384 ιιι,
1644 5320 1697 5374 1.

2272 487 2455 558 ψυχῆς
2488 486 2498 540 ε
2528 495 2631 547 πῶς
2661 485 2709 537 έν
2732 488 2937 545 τούτοις
2968 483 3026 537 οῦ
3068 481 3295 545 στενάξω
3327 496 3341 546 ;
3375 485 3486 541 πῶς
3530 473 3588 530 δὲ
3617 475 3680 529 οὐ
3714 474 3867 548 φοϐη-

2277 579 2507 649 θήσομαι
2559 582 2629 647 μὴ
2691 574 3009 647 ἁναγγελλων
3058 576 3116 626 τὸ
3160 568 3429 642 δικαίωμα
3479 574 3569 621 τοῦ
3599 574 3772 633 Θεοῦς
3808 570 3865 619 Τί

2276 663 2343 724 δὴ
2390 666 2645 733 ἐξέστητε,
2692 662 2905 736 ἀδελφοί
2939 685 2951 729 ;
2982 668 3033 716 τί
3077 659 3137 716 δε
3164 664 3215 715 οἰ
3256 657 3435 714 δοῦλοι
3464 660 3665 729 Κυρίου
3694 652 3867 708 δοῦλοι

2273 757 2451 808 παθῶν
2504 759 2790 827 γεγόνατε;
2851 758 2903 805 τί
2944 754 2992 806 οἱ
3030 755 3079 805 ἓν
3127 756 3267 824 νόμῳ
3323 748 3529 821 ἁνομεῖν
3570 745 3863 818 ἀνέχεσθες

2272 850 2323 897 τί
2381 841 2439 896 δε
2491 846 2539 896 οἱ
2594 845 2904 918 θεραπευταὶ
2988 848 3247 915 Χριστοῦ,
3326 840 3433 891 υἱοὶ
3512 838 3866 909 παραπικραί-

2273 952 2456 997 νοντες,
2516 932 2574 985 ού
2609 933 2925 1005 μετέρχεσθε
2978 939 3076 992 τῆς
3131 934 3359 1002 πονηρᾶς
3419 925 3711 997 ἀπαγωγῆς
3752 940 3766 989 ;
3813 922 3865 975 ού

2275 1022 2555 1083 καθέζεσθε
2602 1021 2671 1082 εἰς
2722 1026 2915 1082 τόπους
2961 1016 3416 1078 ἁσκανδαλίστους
3449 1032 3464 1083 ;
3505 1014 3565 1068 οὐ
3593 1010 3697 1067 δύο
3724 1009 3862 1071 δύοῇ

2274 1117 2363 1165 καὶ
2388 1115 2537 1185 πρὸς,
2574 1113 2788 1164 σύνιστε
2817 1109 3171 1169 ἁποστολικῶς
3205 1126 3219 1176 ;

2347 1201 2480 1253 Οὐαὶ
2501 1209 2573 1272 τῷ
2612 1203 2749 1272 μόνῳ
2785 1199 2797 1253 !
2832 1198 2950 1252 ούαὶ
2980 1206 3051 1269 τῷ
3074 1197 3379 1268 ἁκαθίστῳί
3414 1194 3535 1248 οῦαὶ
3564 1201 3637 1264 τῷ
3660 1194 3869 1265 γυναιά-

2279 1293 2417 1354 ζοντι
2446 1289 2458 1344 ἔ
2492 1289 2611 1342 οὐαὶ
2638 1298 2709 1361 τῷ
2731 1285 3063 1360 δουλοδούλῳ
3092 1287 3105 1341 !
3134 1286 3253 1340 οὐαὶ
3278 1294 3349 1358 τῷ
3379 1288 3558 1357 Γιεςᾷ,
3590 1284 3649 1346 ὃς
3679 1282 3868 1340 ὠνησά-

2274 1399 2417 1453 μενος
2448 1378 2661 1453 ἀγροὺς,
2702 1382 2792 1432 καὶ
2842 1376 3161 1449 ἀμπελῶνας,
3220 1374 3639 1449 κεχληρονόμηκε
3684 1375 3775 1429 τὴν
3800 1370 3869 1422 λέ-

2274 1489 2407 1543 πραν
2439 1471 2636 1542 Νεεμάν
2667 1474 2678 1520 ι
2707 1473 2779 1541 μὴ
2813 1467 2943 1541 οὐχὶ
3001 1469 3135 1520 θεῖαι
3179 1470 3250 1537 μὴ
3284 1468 3445 1537 φωναὶ
3492 1457 3654 1515 αὗται
3683 1477 3698 1527 ;
3724 1463 3794 1532 μή
3824 1478 3868 1511 τι

2276 1546 2373 1631 ἑγὼ
2403 1560 2526 1633 παρ’
2562 1558 2790 1631 έμαυτοῦ
2836 1557 3096 1629 εἰσφέρω;
3162 1556 3245 1607 ὅτε
3283 1553 3496 1627 ἔϐραξεν
3546 1552 3573 1603 ὃ
3624 1547 3864 1621 διωγμὸς,

2275 1646 2389 1721 εἶχέ
2413 1668 2493 1709 τις
2519 1647 2670 1720 λόγον
2702 1646 2754 1710 ἐξ
2781 1645 3033 1718 ἀνάγκης,
3065 1648 3113 1697 ἓν
3135 1663 3275 1697 τισιν
3305 1644 3373 1694 ὧν
3397 1640 3864 1713 ἀπηριθμησάμην,

2200 1758 2243 1813 Β
2276 1740 2542 1811 ὶμπίπτειν
2584 1753 2596 1766 ·
2652 1740 2742 1788 καὶ
2771 1736 2800 1794 ἡ
2845 1731 2938 1788 διὰ
2984 1738 3069 1792 τὴν
3118 1737 3300 1786 πίστιν
3346 1730 3574 1804 ἀνάγκη,
3607 1729 3767 1789 ἴσωζι
3792 1730 3865 1780 τόν

2276 1829 2659 1902 εὑρισκόμενον,
2702 1831 2810 1877 Νῦν
2858 1821 2917 1876 δὲ
2947 1819 3123 1883 οὐδεὶς
3162 1824 3187 1874 ό
3238 1818 3464 1885 διώκων,
3516 1814 3634 1872 οὐδ’
3669 1819 3695 1870 ό
3723 1816 3868 1869 κωλύ·

2278 1936 2380 1968 σων
2436 1914 2602 1975 καλῶς
2659 1915 2801 1985 ἡμᾶς
2844 1912 3182 1977 καθέζεσθαι,
3229 1915 3318 1963 καὶ
3377 1912 3472 1961 σὺν
3520 1907 3697 1970 ἄλλοις
3735 1902 3867 1959 δυοῖν

2278 2003 2407 2058 εἶναι
2459 2003 2834 2076 τούλάχιστον.
2918 2001 3003 2064 Ἐξ
3052 2002 3195 2073 ὑμῶν
3250 2001 3349 2073 γὰρ
3415 1998 3589 2051 αὐτῶν
3638 1999 3867 2068 κατακρί·

2276 2096 2422 2147 νεσθε
2501 2102 2597 2145 τῶν
2674 2091 2889 2163 ἐννόμως
2970 2087 3293 2157 διαζωντων,
3348 2090 3397 2140 οἱ
3469 2087 3753 2148 κακόζωοι.
3808 2084 3865 2136 Ἠ

2279 2188 2407 2255 ούχὶ
2459 2175 2784 2255 προδήλωμα
2830 2188 2927 2243 τῆς
2984 2178 3032 2231 έν
3088 2179 3263 2252 εἰρήνη
3334 2173 3701 2250 ὰσυνδρομίας
3743 2175 3866 2245 ὑμῶν

2282 2274 2312 2330 ἡ
2368 2278 2613 2345 παροῦσα
2650 2272 2884 2335 eorum;
2944 2267 3288 2339 Ἀνανὰψατε,
3340 2264 3650 2339 παρακαλῶ,
3714 2259 3866 2317 ἀδελ-

2282 2366 2385 2433 φοί
2454 2380 2571 2433 μου
2629 2359 2828 2431 ἅγιοι,
2915 2358 3203 2421 κλήσεως
3268 2355 3665 2428 ἐπουρανίου
3715 2356 3868 2427 μίτο-

2282 2470 2391 2523 χοι
2428 2465 2440 2479 ·
2480 2450 2540 2501 ἄν
2573 2453 2644 2521 μὴ
2698 2445 3087 2520 διορθωσησθε,
3142 2446 3247 2519 οὐχ
3295 2446 3462 2506 οὕτως
3511 2444 3734 2512 κλητέοι,
3776 2438 3867 2494 ἀλλ’

2282 2538 2540 2603 έναντίως,
2582 2539 2705 2610 ὅπερ
2747 2536 2922 2595 ἀπείη.
2964 2543 3139 2589 Ταῦτα
3177 2532 3616 2610 διαμαρτύρομαι
3676 2531 3863 2585 ἐνώπιον

2281 2635 2373 2681 τοῦ
2403 2634 2535 2681 Θεοῦ
2562 2632 2651 2679 καὶ
2684 2635 2783 2679 τῶν
2811 2626 3057 2680 ἐκλεκτῶν
3089 2623 3318 2697 ἀγγέλων
3339 2641 3351 2655 ⁸
3383 2623 3425 2677 εἳ
3452 2643 3537 2684 τις
3555 2627 3628 2694 μή
3663 2618 3697 2675 δ
3702 2622 3865 2693 ιορθὼ-

2285 2737 2436 2776 σηται
2469 2719 2599 2790 μετὰ
2629 2721 2722 2775 τὴν
2753 2719 3048 2789 ὡρισμένην
3079 2714 3151 2775 εἰς
3194 2719 3390 2787 χρόνου
3425 2716 3562 2774 τινὸς
3592 2712 3865 2785 σύμγθασιν

2282 2810 2543 2879 ἐπιμονὴν,
2594 2814 2692 2858 τῶν
2766 2805 3107 2878 ἁγιασμάτων
3164 2806 3265 2856 ὑπό
3329 2809 3469 2857 Θεοῦ
3538 2802 3611 2863 εἰς
3672 2798 3865 2873 μετάλη-

2281 2896 2373 2968 ψιν
2431 2899 2676 2968 εἴργεται,
2735 2898 2872 2947 κατὰ
2921 2899 3014 2953 τὴν
3088 2892 3331 2957 ίξουσίαν
3385 2896 3449 2951 ἦν
3508 2887 3674 2944 ἔδωκέ
3716 2908 3800 2961 μοι
3844 2888 3862 2937 ὁ

2284 2988 2479 3057 Κύριος
2536 2983 2584 3036 έν
2641 2986 2764 3058 ὑμῖν
2795 3006 2806 3018 ·
2868 2983 2942 3046 εἰς
2971 2979 3257 3055 οἰκοδομὴν
3287 2985 3376 3033 καὶ
3418 2984 3516 3033 οὐκ
3548 2980 3621 3042 εἰς
3647 2980 3865 3052 καθαίρε-

2209 3112 2250 3169 C
2288 3094 2369 3127 σιν
2419 3076 2444 3126 ό
2488 3074 2657 3145 λόγος,
2705 3074 2874 3146 Ὑμεῖς
2931 3069 3006 3137 δε,
3058 3068 3273 3144 ἀδελφοί
3319 3090 3443 3143 μου,
3498 3073 3570 3133 ὡς
3634 3071 3735 3121 υἱοὶ
3782 3068 3863 3119 ύπ-

2288 3171 2465 3229 σκοῆς,
2499 3161 2551 3216 εὖ
2580 3164 2831 3236 πράξατε,
2880 3163 2963 3214 ἵνα
3007 3166 3097 3214 καὶ
3146 3164 3276 3215 Θεὸν
3325 3161 3704 3234 θεραπεύσητε,
3755 3154 3864 3226 κάμε

2285 3256 2371 3306 τόν
2402 3252 2610 3306 έλεεινὸν
2652 3260 2743 3306 τοῦ
2803 3253 3025 3305 θανάτου
3056 3258 3148 3313 τῆς
3201 3248 3467 3324 ἁμαρτίας
3527 3246 3778 3313 έξέλησθε,
3825 3243 3860 3295 ἐν

2286 3351 2503 3415 Χριστῷ
2552 3342 2729 3399 Ἰησοῦ
2788 3348 2857 3410 τῷ
2918 3344 3093 3414 Κυρίῳ
3137 3341 3306 3412 ἡμῶν,
3437 3343 3469 3396 ὴ
3507 3334 3642 3400 δόξα
3671 3338 3864 3389 σύνΠα·

2285 3435 2371 3503 τρὶ
2400 3435 2491 3483 καὶ
2519 3430 2649 3502 ἁγίῳ
2679 3431 2963 3501 Πνεύματι.
3000 3427 3190 3499 Ἀμήν.

2503 3536 2601 3590 PH'
2790 3536 3131 3607 --⁹Ιωάννῃ
3174 3528 3454 3606 Σάρδης.
3498 3532 3675 3605 [χλε’.]

2208 3634 2453 3685 Ecclesiae
2484 3634 2746 3698 imprimis
2779 3645 2943 3683 causa
2967 3634 3236 3697 precatur.

2362 3725 2489 3777 Ἀπὸ
2539 3728 2735 3799 χρόνου
2778 3724 3076 3794 ἠκούσαμεν
3134 3720 3514 3779 νοσηλεύεσθαί
3543 3739 3637 3773 σου
3664 3722 3750 3777 τὴν
3778 3734 3856 3768 πα-

2289 3819 2473 3889 τρικὴν
2534 3814 2852 3885 ἁγιωσύνην,
2906 3813 3029 3885 ἄρτι
3083 3807 3141 3864 δε
3197 3817 3388 3883 μικροῦ
3448 3805 3557 3863 δεῖν
3626 3813 3710 3861 καὶ
3759 3804 3859 3858 ἀπο·

2287 3905 2633 3974 γνωσθεῖσαν.
2694 3901 2800 3955 Καὶ
2852 3908 3099 3953 τοσοῦτον
3150 3898 3474 3973 έθροηθημεν
3530 3901 3580 3951 οἱ
3638 3897 3859 3954 ταπεινοὶ,

2290 3998 2377 4045 καὶ
2437 3993 2838 4063 συνεκινήθημεν
2908 3990 3173 4062 λυπηρῶς,
3229 3990 3293 4049 ὡς
3360 3988 3600 4062 ὁρμῆσαι
3670 3982 3861 4037 καταλα-

2214 4100 2259 4155 D
2290 4081 2393 4133 ϐεῑν
2445 4083 2583 4153 ἡμᾶς
2649 4079 2696 4131 ἐν
2740 4087 2845 4140 τοῖς
2893 4079 3098 4143 αὐτόθι,
3152 4082 3240 4130 καὶ
3294 4077 3414 4148 ὄψει
3473 4074 3739 4129 ὑπολαϐεῖν
3784 4074 3858 4126 τήν

2292 4171 2550 4227 ἀπευκτὴν
2601 4169 2780 4228 ἀκοὴν.
2843 4173 2953 4222 Ούχ
3004 4168 3253 4239 ίξιγένετο
3307 4162 3367 4220 δε
3395 4163 3492 4220 διὰ
3540 4168 3606 4219 τὰ
3632 4161 3858 4238 παριστά-

2290 4279 2417 4332 μενα
2490 4261 2675 4330 τούτῳ.
2756 4262 2842 4311 Διό
2901 4259 3307 4329 ἠναγκάσθημεν
3378 4258 3534 4309 οἱονεὶ
3567 4254 3857 4310 πετασθῆναι

2290 4356 2399 4411 τοῖς
2422 4350 2728 4420 γράμμασιν
2756 4351 2823 4410 ὡς
2862 4350 2909 4400 ἓν
2952 4352 3178 4420 σώματι,
3228 4350 3317 4398 καὶ
3352 4341 3486 4398 ἰδεῖν
3532 4362 3588 4397 σε
3620 4346 3703 4395 τόν
3732 4338 3858 4392 καλὸν

2290 4441 2506 4511 πατέρα,
2538 4441 2623 4489 τόν
2667 4442 2880 4508 γνήσιον
2912 4434 3073 4508 φίλον,
3133 4437 3221 4487 τόν
3269 4440 3499 4507 γενναῖον
3529 4434 3760 4506 μάρτυρα
3784 4433 3857 4483 τῆς

2294 4525 2550 4585 ἀληθείας.
2602 4528 2756 4601 Εἴπερ
2805 4526 2930 4599 ύπὶρ
2982 4523 3145 4586 αὐτῆς
3214 4526 3279 4575 σὺ
3339 4527 3431 4575 καὶ
3482 4521 3741 4595 ἐξόριστος
3789 4518 3859 4565 καὶ

2294 4612 2707 4688 φρουροδέσμιος
2738 4618 2867 4667 ’καί
2924 4633 2984 4683 γε
3038 4616 3136 4687 πρό
3192 4614 3387 4665 τούτων
3442 4613 3649 4684 θέατρον
3677 4609 3858 4679 γενόμε-

2293 4724 2392 4769 νος,
2454 4703 2812 4765 ἀποστολιχῶς
2869 4703 3045 4769 εἰπεῖν,
3111 4706 3201 4755 καὶ
3264 4699 3500 4773 ἀγγέλοις
3546 4703 3634 4752 καὶ
3696 4695 3859 4764 ἀνθρὼ-

2294 4813 2431 4861 ποις,
2487 4793 2603 4845 καθ’
2632 4792 2695 4851 ἣν
2742 4794 2937 4864 ἡμέραν
2967 4790 3204 4866 ἓρῥιπταί
3260 4809 3354 4843 σου
3388 4791 3488 4842 ὑπὸ
3543 4796 3638 4840 τῶν
3668 4782 3853 4843 ἀσεϐῶν,

2295 4884 2432 4934 κατὰ
2467 4886 2743 4955 πρόσωπον
2800 4889 2891 4933 τοῦ
2947 4887 3273 4952 Καῑαφαῑκοῦ
3325 4876 3620 4953 συνεδρίου,
3657 4874 3724 4935 εἰς
3764 4873 3856 4922 τοῦ·

2299 4969 2457 5045 δαφος
2487 4973 2517 5030 ἠ
2566 4973 2679 5045 ἱερὰ
2708 4975 2926 5046 κορυφή.
2957 4969 3025 5023 Ὠ
3053 4974 3103 5023 τί
3146 4974 3345 5041 γίνεται
3374 4968 3423 5021 έν
3455 4970 3578 5041 ἡμῖν
3611 4984 3624 5033 ς
3655 4969 3702 5017 τί
3727 4961 3854 5013 ἀπαί-

2300 5081 2406 5137 ρειν
2450 5069 2549 5113 τῶν
2612 5057 2742 5133 τῇδε
2797 5056 3013 5113 σπεύδει
3063 5060 3088 5111 ό
3142 5058 3322 5119 στύλος
3373 5066 3465 5119 τῆς
3529 5052 3849 5111 Ἐκκλησίας;

2305 5154 2483 5207 Μεῖνον
2539 5152 2651 5223 μεθ’
2690 5152 2856 5222 ἡμῶν,
2905 5152 2978 5202 ἔτι
3016 5156 3186 5222 μεῖνον
3221 5165 3234 5180 ⁶
3282 5146 3744 5220 συγκακοπάθησον
3799 5143 3854 5204 τῷ

1796 5322 1842 5355 ³³
1875 5320 1897 5374 Ι
1926 5320 2057 5377 Cor.
2088 5338 2162 5389 ιν,
2192 5321 2253 5378 9.

2112 5445 2338 5503 NOTAE.

618 5573 786 5645 (5)1n
819 5573 959 5629 cod.
1010 5572 1155 5640 Reg.
1195 5570 1325 5643 pvy'.
