4036 6276
242 313 385 369 1369

1530 313 2039 371 EPISTOLARUM
2082 314 2220 371 LIB.
2262 314 2323 371 II.

3462 302 3603 361 1370

232 437 526 511 Εὐαγγελίῳ
585 440 656 502 ὡς
717 438 874 502 καλὸς
938 444 1282 509 στρατιώτης.
1337 439 1495 513 Ὀρᾷς
1559 444 1698 501 ὅπως
1753 443 1824 493 ἓν·

1947 456 2076 496 mus
2123 440 2152 495 ?
2202 443 2321 503 Na,
2365 456 2612 497 oramus
2653 444 2717 496 ut
2762 454 3031 497 maneas.
3076 438 3240 505 Roga
3289 431 3594 491 Christum

233 530 419 580 εστινό
450 528 707 601 πόλεμος;
748 530 886 591 ὅπως
939 527 1237 602 βαλλόμεθα
1262 533 1352 581 καὶ
1401 527 1653 602 βάλλομεν
1700 531 1826 603 ὑπὲρ

232 623 323 669 τοῦ
349 616 543 689 λόγου;
575 623 678 671 Ναὶ
726 616 1109 691 ἀντιϐολοῦμεν,
1150 620 1429 691 ῖπίμεινον.
1488 620 1719 675 Αῖτησαι
1776 621 1829 671 ὃν

232 704 577 777 ὡμολόγησας
660 710 908 780 Χριστὸν,

234 793 679 870 ἀνθρωποπρεπῶς
736 798 1114 872 ἐγγραφόμενον
1144 814 1156 826 ·
1216 801 1308 851 καὶ
1374 796 1670 850 εἰσακούσει
1741 806 1830 859 τῆς

234 881 464 947 δεήσεοῖκ
490 904 606 938 σου.
638 885 699 939 Εἰ
748 881 807 938 δὲ
845 888 1046 947 πάντως
1077 886 1335 959 ἀπαίρεις,
1383 886 1519 939 οὕτω
1574 894 1663 946 τῆς
1697 893 1824 960 [lpo-

231 977 375 1036 νοίας
435 973 763 1043 κελευούσης,
818 974 972 1037 αὐτὸς
1037 978 1128 1047 μεν
1183 979 1473 1049 χωρήσεις,
1536 970 1589 1027 εὖ
1655 977 1825 1047 ἴσμεν,

232 1062 511 1135 ὁμολογίας
555 1063 773 1116 ἔπαθλον
821 1062 1224 1136 ἀπενεγκάμενος
1258 1083 1271 1096 ·
1326 1066 1450 1136 ἡμῖν
1478 1060 1538 1116 δι
1572 1062 1687 1117 ῖλεω
1741 1066 1827 1117 τὸν

1002 712 1092 760 καὶ
1184 707 1443 780 ὁμολογεῖς
1520 716 1828 781 προσκυνεῖν

1939 546 2121 603 quem
2154 530 2457 601 professus
2504 546 2567 585 es
2598 535 2650 585 et
2692 529 2986 602 proﬁteris
3024 526 3280 582 adorare
3324 522 3602 577 humana

1939 618 2554 691 speciedepictum;et
2578 618 3077 690 exaudietpreces
3107 623 3254 671 tuas.
3285 614 3382 667 Sin
3399 615 3602 681 autem

1939 708 2187 764 omnino
2213 708 2471 764 discedis
2499 708 2582 763 ita
2613 709 2856 779 iubente
2897 702 3311 770 Providentia;
3342 701 3471 773 ipse
3500 698 3603 770 qui

1938 796 2097 862 dem,
2131 802 2220 852 sat
2253 797 2495 863 scimus,
2522 796 2716 852 abibis
2745 793 3137 851 confessionis
3164 790 3423 847 referens
3451 804 3604 860 pra-

1937 885 2127 941 mium
2156 907 2169 940 :
2202 884 2377 941 nobis
2397 901 2536 940 vero
2559 888 2743 941 Deum
2765 885 3063 955 optimum
3085 880 3298 936 reddes
3316 879 3596 933 interces-

1938 975 2107 1030 sione
2139 979 2238 1029 tua
2267 974 2622 1047 propitium;
2643 973 2821 1029 simul
2846 972 3025 1029 etiam
3054 977 3117 1025 ut
3151 969 3385 1023 festinet
3409 964 3601 1021 Eccle-

1944 1063 2048 1118 sia
2081 1079 2207 1119 sua
2238 1063 2599 1136 prospicere.

234 1150 363 1201 Θεὸν
419 1150 507 1201 τὸν
560 1146 753 1219 ἀγαθόν
804 1153 1161 1211 καταστήσεις
1216 1156 1329 1210 ταῖς
1384 1146 1730 1223 πρεσϐείαις⁸
1785 1148 1843 1201 οὐ
1897 1151 2000 1221 μὴν
2052 1146 2183 1200 ἀλλὰ
2228 1153 2318 1201 καὶ
2366 1147 2437 1211 εἰς
2488 1152 2543 1200 τὸ
2599 1149 2830 1219 ταχῦναι
2878 1143 3266 1215 ἐπισκέψασθαι
3321 1145 3414 1200 τὴν
3486 1138 3611 1191 ἑαυ-

232 1244 326 1291 τοῦ
349 1236 685 1295 Ἐκκλησίαν.

494 1353 598 1408 PG’
764 1384 835 1396 —
861 1354 1046 1428 Ἠλίᾳ
1082 1354 1563 1429 τέκνῳ.[χλξ’.]

2430 1354 2557 1410 01x.
2593 1385 2659 1394 -
2684 1353 2836 1411 Elia
2861 1353 2987 1421 ﬁlio
3013 1352 3101 1423 (').

1592 1461 1671 1511 Ad
1705 1459 1996 1525 quemdam
2020 1460 2251 1524 lapsum.

304 1564 397 1623 Τίς
462 1561 489 1612 6
538 1560 837 1633 ἀναγκάσας
901 1582 964 1634 με
1030 1561 1318 1615 ἕπιστεῖλαί
1367 1582 1476 1629 σοι,
1553 1564 1829 1638 ἄνθρωπε;

2017 1562 2159 1627 Quis
2193 1578 2287 1617 me
2327 1562 2520 1632 coegit
2551 1572 2612 1617 ut
2639 1561 2716 1617 ad
2748 1566 2820 1626 te,
2857 1560 2936 1616 mi
2976 1561 3180 1625 homo,
3215 1557 3534 1613 scriberem
3567 1554 3595 1608 ?

233 1652 364 1712 Θεὸς
424 1646 718 1707 δηλονότιὸ
760 1657 1104 1713 καταστήσας
1133 1671 1197 1725 με
1249 1650 1333 1705 ἰπὶ
1365 1656 1422 1705 σε
1469 1656 1690 1725 ποιμένα
1745 1656 1833 1704 καὶ

230 1740 512 1810 νομοθέτην
544 1757 557 1771 ·
682 1735 861 1805 δώσω,
916 1743 984 1802 ὡς
1042 1743 1168 1815 ὑπερ
1202 1743 1401 1795 πάντων
1446 1749 1543 1794 τῶν
1601 1738 1833 1812 ἀδελφῶν

233 1847 352 1893 σου,
398 1833 490 1881 καὶ
521 1833 639 1902 περὶ
693 1837 787 1881 σοῦ
845 1829 1017 1901 λόγον.
1075 1831 1339 1893 ’Λπετάξω
1383 1828 1450 1890 δὴ
1505 1829 1594 1884 οὖν
1651 1831 1834 1884 αὐθαι-

228 1922 410 1994 ρέτως,
454 1919 720 1989 ὑπετάγης
772 1919 1041 1983 εῦηκόως’
1093 1918 1204 1973 εἶτα
1256 1919 1487 1974 ἓσινίασέ
1539 1940 1596 1974 σε
1657 1923 1682 1973 6
1740 1929 1835 1974 Σα-

230 2012 389 2069 τανᾶς
439 2005 739 2083 ἀπορρήξας
787 2016 881 2070 τῆς
942 2011 1081 2071 θείας
1136 2014 1433 2081 συναφείας.
1496 2006 1660 2071 Αὖθις
1714 2008 1834 2062 έλέει

231 2104 367 2150 Θεοῦ
426 2098 696 2170 συνῆφθης
726 2116 741 2130 ·
797 2102 884 2151 καὶ
938 2098 1092 2151 πάλιν
1145 2097 1373 2171 ἐνεργείᾳ
1427 2097 1675 2172 δαίμονος
1730 2098 1832 2152 ἀπ-

231 2181 525 2248 επήδησας.
560 2185 775 2240 Ἔπειτα
822 2186 976 2239 πάλιν
1033 2186 1210 2252 nea»,
1260 2187 1658 2261 έξωμολογήσω,
1710 2190 1834 2241 {mo—

234 2280 490 2347 σχόμενος
541 2280 635 2336 τήν
686 2279 820 2352 πρὸς
869 2279 928 2329 τό
984 2276 1097 2340 ἑξῆς
1146 2275 1464 2350 ἀσφάλειαν*
1518 2283 1607 2331 καὶ
1649 2275 1830 2337 ἐπειδὴ

230 2366 535 2442 ὑποστροφή
590 2373 684 2426 τῆς
733 2365 929 2441 ἐξορίας
959 2368 1041 2420 ἰπὶ
1092 2374 1184 2419 τοῦ
1234 2372 1556 2441 Νικηφόρον,
1603 2367 1661 2420 οὐ
1718 2387 1835 2420 συν-

231 2452 384 2517 ῆλθες
433 2460 541 2517 τοῖς
589 2453 811 2522 λοιποῖς,
877 2453 985 2507 ἀλλ’
1043 2457 1239 2527 ἔμεινας
1291 2454 1366 2527 ἔφ’
1425 2456 1605 2509 ἑαυτοῦ
1663 2452 1834 2509 δελεα-

232 2543 447 2615 ζόμενος
500 2544 600 2595 ὑπὸ
661 2550 750 2596 τοῦ
810 2548 962 2616 ὄφεως
996 2561 1009 2573 ·
1078 2549 1169 2597 καὶ
1222 2552 1376 2597 τοῦτο
1443 2547 1535 2607 ἕως
1600 2552 1692 2598 τοῦ
1748 2552 1836 2597 νῦν

231 2630 603 2705 βασιλεύοντος
652 2635 901 2708 τετάρτου
960 2635 1093 2705 μετὰ
1146 2638 1463 2707 Νικηφόρον,
1507 2633 1637 2695 Ἕως
1688 2637 1833 2698 πότε,

230 2719 425 2788 ἆλεεινε,
496 2720 705 2794 έγκυλίῃ
764 2729 875 2785 τοῖς
932 2730 1028 2784 τῆς
1087 2722 1347 2797 ἁμαρτίας
1400 2723 1686 2796 τῦμασιν;
1749 2725 1837 2783 ἕως

232 2812 373 2871 τίνος
435 2809 528 2862 οὐκ
586 2810 799 2873 ἀνήσεις
880 2809 1204 2884 ἀσχημονεῖν
1271 2814 1483 2865 ἐνώπιον
1541 2820 1674 2866 Θεοῦ
1747 2816 1837 2863 καὶ

1947 1652 2100 1706 Deus
2123 1651 2287 1707 haud
2312 1651 2514 1719 dubie,
2538 1651 2636 1722 qui
2667 1667 2759 1706 me
2784 1650 2885 1706 tibi
2905 1655 3206 1722 pastorem
3226 1652 3282 1702 et
3305 1645 3606 1715 legislato-

1943 1756 2069 1795 rem
2107 1741 2434 1804 constituit;
2470 1742 2563 1797 cui
2598 1740 2939 1797 redditurus
2973 1754 3107 1794 sum
3139 1744 3199 1793 ut
3231 1752 3341 1808 pro
3380 1733 3605 1790 cateris

1946 1828 2224 1885 fratribus
2255 1831 2388 1895 tuis,
2419 1830 2501 1885 sic
2529 1846 2636 1902 pro
2668 1835 2721 1886 te
2748 1844 2990 1902 quoque
3014 1827 3335 1884 rationem.
3372 1826 3605 1880 Renun-

1945 1918 2103 1975 tiasti
2147 1919 2325 1988 igitur
2367 1918 2596 1975 mundo
2639 1924 2744 1975 tua
2789 1918 2990 1990 utique
3043 1916 3235 1988 ipsius
3278 1913 3601 1976 voluntate,

1944 2006 2196 2063 libenter
2222 2007 2496 2063 subditus
2515 2008 2669 2064 fuisti
2693 2028 2705 2066 :
2733 2013 2941 2079 postea
2967 2006 3247 2061 cribravit
3268 2008 3321 2059 te
3346 2004 3603 2058 Satanas

1947 2096 2252 2168 abripiens
2275 2114 2309 2153 a
2341 2096 2545 2153 divina
2576 2098 2879 2153 societate.
2905 2099 3121 2151 lterum
3149 2095 3266 2148 Deo
3286 2091 3604 2148 miserante

1944 2186 2120 2243 nobis
2141 2187 2538 2252 consociatus,
2565 2192 2620 2243 et
2645 2188 2856 2242 iterum
2889 2184 3184 2241 damonis
3206 2197 3391 2254 opera
3422 2178 3604 2235 resili-

1944 2275 2057 2332 isti.
2084 2279 2221 2332 Post
2242 2278 2369 2332 hac
2392 2276 2593 2332 denuo
2609 2291 2881 2331 reversus
2901 2271 3371 2340 exomologesim
3390 2269 3601 2333 fecisti,

1944 2364 2329 2421 stabilitatem
2364 2366 2423 2420 in
2445 2373 2756 2438 posterum
2785 2363 3169 2435 promittens:
3204 2366 3259 2417 et
3281 2365 3601 2432 postquam

1945 2454 2131 2510 exsilii
2146 2454 2431 2511 relaxatio
2454 2455 2560 2510 fuit
2582 2454 2696 2510 sub
2713 2454 3067 2525 Nicephoro,
3089 2468 3229 2507 cum
3242 2450 3464 2505 cateris
3481 2462 3605 2504 non

1948 2544 2203 2610 rediisti;
2240 2543 2345 2599 sed
2364 2545 2527 2615 apud
2546 2550 2600 2600 te
2626 2545 2924 2599 inescatus
2942 2559 2977 2598 a
3004 2549 3276 2614 serpente
3305 2537 3599 2602 mansisti,

1947 2631 2123 2706 idque
2175 2633 2252 2689 ad
2309 2648 2445 2688 eum
2494 2648 2685 2704 usque
2738 2631 2842 2703 qui
2884 2646 3045 2686 nunc
3084 2630 3403 2701 imperium
3449 2629 3608 2681 tenet

1948 2728 2198 2794 quartus
2222 2737 2257 2777 a
2273 2720 2623 2792 Nicephoro.
2650 2722 2692 2787 Ο
2704 2736 2973 2792 uousque
2988 2718 3230 2775 tandem
3245 2714 3530 2773 volutaris
3543 2714 3605 2770 in

1949 2826 2122 2867 cano
2136 2808 2404 2883 peccati?
2430 2811 2754 2882 Quousque
2767 2825 2888 2865 non
2902 2808 3123 2865 desinis
3138 2807 3413 2862 indecore
3428 2819 3606 2875 agere

234 2895 555 2970 ἀνθρώπως
623 2898 735 2950 Οὐκ
800 2901 873 2951 ἔνι
932 2900 1194 2966 θάνατος;
1262 2898 1357 2951 οῦκ
1404 2902 1477 2951 ῖνι
1530 2905 1833 2976 κριτήριον;

1948 2915 2152 2956 coram
2176 2901 2289 2954 Deo
2315 2905 2370 2955 et
2395 2898 2743 2954 hominibus
2770 2898 2798 2953 ‘f
2818 2902 2909 2953 An
2932 2896 3095 2953 nulla
3115 2911 3278 2951 mors
3306 2894 3447 2951 est?
3476 2892 3607 2948 nul-

234 2985 312 3038 Οὐ
365 2982 555 3049 δώσεις
600 2992 739 3040 τίσιν
806 2987 1031 3053 αἰώνιον,
1083 2988 1148 3049 ἧς
1197 2992 1287 3040 καὶ
1346 2992 1499 3060 μόνον
1557 2992 1837 3062 ἓνθύμησις

232 3076 568 3130 καταστέλλει
613 3076 799 3149 ψυχὴν
851 3082 942 3130 καὶ
995 3076 1288 3151 ἐπιστρέφει
1336 3081 1465 3153 πρὸς
1521 3082 1835 3152 μετάνοιαν;

228 3164 541 3236 Ἀνάνηψον,
600 3166 857 3241 ἄνθρωπε,
927 3165 1261 3229 ἀνακλήθητι,
1326 3167 1609 3240 παρακαλῶ
1640 3185 1653 3198 ·
1718 3170 1840 3242 ἄφες

230 3250 531 3327 οἰκοδομεῖν
590 3254 760 3317 οἰκίας
822 3265 1105 3328 κοσμικῶς,
1161 3257 1186 3308 6
1244 3258 1329 3308 τὸν
1384 3253 1523 3309 οἶκόν
1592 3277 1685 3310 σου
1747 3267 1837 3320 τῆς

226 3342 419 3414 ψυχῆς
459 3342 816 3405 καταλελυκὼς
850 3361 863 3374 ·
928 3347 985 3397 ἔα
1026 3352 1273 3399 τεκτονεῖν
1320 3351 1390 3409 ὡς
1446 3346 1644 3411 λαῑκός,
1700 3348 1725 3398 6
1763 3367 1837 3400 τε·

226 3436 561 3504 κταινόμενος
606 3433 706 3484 ὑπὸ
749 3440 841 3486 τοῦ
894 3440 1098 3486 Σατανᾶ
1129 3450 1141 3462 ’
1203 3440 1274 3508 μὴ
1327 3440 1632 3509 προφασίση
1684 3444 1838 3489 τοῦτο

227 3519 470 3573 κάκεῖνο⁹
527 3516 702 3583 οὐδείς
750 3540 808 3575 σε
845 3522 1088 3586 ίξελεῖται
1140 3523 1195 3575 ἐκ
1243 3528 1424 3598 χειρὸς
1478 3528 1693 3599 Κυρίου.
1748 3527 1832 3584 Μὴ

224 3613 375 3683 εἴπῃς
414 3612 761 3686 ἡμαρτηκὼς·
806 3611 915 3664 Οὐκ
945 3615 1074 3664 οῖσω
1113 3615 1207 3673 τάς
1246 3614 1597 3687 ἐπιτιμήσεις.
1634 3618 1831 3679 Οῖσεις,

227 3704 401 3751 τέκνον
457 3718 596 3772 μου·
656 3700 795 3751 καλῶ
846 3703 948 3775 γάρ
1010 3720 1067 3753 σε
1118 3705 1278 3761 οὕτως
1334 3699 1509 3755 ἑλπίδι
1565 3711 1660 3765 τῆς
1712 3705 1836 3755 ὑπο·

232 3797 479 3861 στροφῆς,
527 3787 627 3859 ίγὼ
681 3790 707 3839 6
776 3793 1035 3851 ταπεινός.
1102 3790 1161 3843 Εἰ
1218 3796 1421 3865 Πατὴρ,
1494 3796 1835 3864 πεφεισμένως

234 3875 509 3948 ἰατρεύσω,
585 3879 1015 3951 συμπαθητικῶς,
1073 3879 1446 3952 φιλόστόργως.
1525 3884 1691 3934 Μόνον
1760 3884 1837 3934 θί-

229 3964 409 4031 λησον,
455 3970 607 4039 μόνον
663 3969 927 4033 κινήθητι,
984 3964 1272 4043 διάρρηξον
1322 3972 1388 4021 τὰ
1434 3971 1725 4042 κατίχοντά
1780 3989 1836 4023 σε

233 4050 408 4127 δεσμά
462 4062 553 4108 τοῦ
600 4056 858 4108 θανάτοῦ²
911 4055 1125 4128 ἐγγύθεν
1174 4065 1307 4111 Θεοῦ
1371 4056 1613 4130 βοήθεια,
1664 4063 1753 4111 καὶ
1810 4060 1835 4110 6

242 4144 405 4216 φύλαξ
449 4163 543 4197 σου
595 4152 686 4205 τῆς
737 4148 870 4208 ζωῆς
920 4144 1133 4217 ἄγγελος
1184 4151 1595 4221 προπορεύσεται
1628 4164 1641 4178 ⁶
1686 4150 1837 4222 χαρά

1949 2988 2074 3044 lum
2097 2987 2389 3059 judicium
2416 2987 2446 3040 ‘1
2487 3003 2609 3043 non
2642 3003 2887 3058 panam
2923 2986 3053 3041 lues
3086 2992 3395 3048 aternam,
3434 2981 3605 3052 cujus

1950 3076 2081 3133 sola
2134 3076 2414 3148 cogitatio
2465 3082 2696 3132 coercet
2733 3076 3024 3140 animam,
3066 3073 3473 3144 convertitque
3526 3070 3607 3126 ad

1946 3166 2358 3240 paenitentiam
2381 3166 2409 3222 7
2442 3165 2880 3236 Expergiscere,
2897 3165 3102 3229 homo,
3127 3159 3606 3233 resipisce,obte-

1948 3254 2312 3312 stor.0mitte
2327 3255 2532 3310 domos
2545 3254 2746 3309 saculi
2763 3268 2925 3309 more
2939 3250 3371 3323 exstruere,qui
3386 3249 3604 3306 anima

1947 3350 2063 3402 tua
2090 3344 2340 3399 domum
2366 3343 2743 3399 destruxisti:
2776 3343 2983 3398 desine
3015 3341 3280 3397 utlaicus
3303 3338 3602 3403 fabricari,

1947 3433 2049 3506 qui
2083 3438 2382 3489 structura
2413 3433 2483 3487 fis
2520 3434 2752 3490 Salana
2784 3449 2795 3487 :
2830 3447 3023 3504 neque
3039 3431 3151 3486 hac
3181 3435 3283 3486 aut
3304 3428 3405 3484 illa
3430 3444 3606 3483 excu-

1948 3523 2176 3578 satione
2207 3521 2407 3578 utaris.
2452 3525 2636 3578 Nemo
2671 3528 2721 3578 te
2753 3521 2979 3577 auferet
3008 3520 3081 3576 de
3120 3535 3305 3575 manu
3342 3518 3598 3573 Domini.

1948 3615 2026 3668 Ne
2038 3611 2205 3666 dicas
2222 3616 2548 3683 postquam
2564 3610 3063 3682 peccasti2Panas
3079 3625 3198 3665 non
3213 3606 3603 3671 dabo.Dabis,

1945 3700 2029 3755 ﬁli
2063 3700 2143 3755 mi
2179 3716 2191 3753 :
2224 3701 2308 3755 sic
2339 3700 2498 3755 enim
2526 3714 2638 3769 ego
2678 3699 2921 3755 humilis
2953 3704 3007 3754 te
3040 3698 3287 3754 nomino
3336 3712 3441 3768 spe
3468 3712 3608 3752 con-

1946 3789 2258 3844 versionis.
2293 3790 2348 3844 Si
2374 3794 2540 3861 pater
2562 3806 2716 3853 sum,
2738 3788 3101 3844 medicinam
3118 3786 3379 3843 adhibeo
3403 3800 3604 3858 parce,

1946 3878 2456 3946 commiseranter,
2480 3883 2773 3934 amanter.
2810 3877 2966 3934 Velis
2992 3875 3410 3932 tantummodo
3436 3891 3448 3927 :
3476 3880 3608 3929 tan-

1947 3968 2262 4022 tummodo
2290 3967 2586 4022 movearis
2610 3984 2623 4021 :
2651 3982 2865 4038 rumpe
2886 3982 3023 4038 qua
3040 3971 3094 4020 te
3112 3966 3377 4020 detinent
3400 3963 3606 4018 mortis

1948 4055 2203 4111 vincula.
2237 4058 2421 4126 Prope
2454 4057 2623 4111 adest
2648 4056 2746 4110 Dei
2777 4054 3089 4118 auxilium,
3122 4059 3178 4109 et
3203 4054 3337 4107 vita
3360 4059 3474 4107 tua
3502 4068 3607 4106 cu-

1945 4149 2067 4200 stos
2089 4144 2338 4215 angelus
2351 4144 2656 4214 gradietur
2668 4149 2804 4200 ante
2820 4149 2891 4199 te.
2910 4142 3204 4199 Gaudium
3220 4141 3399 4197 eritin
3427 4140 3604 4207 calo,

233 4230 282 4284 ἓν
348 4232 547 4306 οὐρανῷ
598 4238 895 4304 γενήσεται,
963 4237 1211 4308 θρηνήσει
1267 4236 1293 4287 6
1356 4232 1618 4301 διάϐολος,
1690 4256 1834 4309 σκιρ-

1947 4232 2169 4303 lugebit
2199 4233 2498 4302 diabolus,
2538 4248 2650 4303 ego
2680 4233 2860 4288 miser
2886 4233 3131 4287 inventa
3155 4247 3265 4286 ove
3302 4246 3438 4285 mea
3468 4246 3604 4302 qua

236 4327 387 4380 τήσω
437 4320 535 4393 ἑγὼ
592 4323 618 4375 6
669 4323 851 4392 τάλας,
884 4325 1111 4398 εὑρηκὼς
1142 4328 1199 4376 τὸ
1248 4324 1510 4387 ἀπολωλός
1557 4345 1658 4397 μου
1711 4330 1835 4401 πρό-

232 4409 408 4475 ϐατον,
434 4415 523 4463 καί
547 4430 603 4482 γε
632 4414 662 4471 ἡ
696 4409 983 4484 ἀδελφότης
1017 4432 1131 4468 σου.
1169 4413 1231 4468 Εἰ
1271 4410 1331 4467 δι
1355 4420 1451 4487 μὴ,
1487 4417 1578 4488 ε’σῂ
1622 4417 1837 4489 θήραμα

234 4508 307 4569 τῷ
383 4495 629 4572 διαϐόλῳ,
698 4509 788 4553 τοῦ
866 4502 983 4555 οὐαὶ
1056 4502 1393 4575 κληρονόμος,
1468 4504 1528 4556 οὗ
1588 4505 1836 4580 ῥυσθείης

234 4589 562 4654 ὑπακούσας,
616 4595 705 4643 καὶ
760 4595 855 4644 σὺν
910 4599 981 4662 τῷ
1043 4589 1247 4665 ἀδελφῷ
1303 4612 1398 4646 σου
1460 4592 1582 4666 Σίλᾳ
1640 4593 1839 4647 ἱλευσό-

234 4697 404 4749 μενος.

341 4783 419 4837 Pl'
569 4816 638 4825 —-
666 4792 747 4858 Τῇ
790 4786 1065 4859 ὁμόζυγι
1105 4793 1466 4863 Δημοχαρι.
1500 4787 1727 4863 [χλη’.]

1945 4322 2199 4395 perierat
2227 4321 2557 4386 exsultabo,
2578 4327 2634 4377 et
2667 4322 2868 4392 utique
2898 4320 3109 4375 fratres
3136 4319 3216 4374 tui
3239 4334 3475 4375 omnes.
3505 4318 3604 4375 Sin

1945 4413 2163 4476 minus,
2190 4411 2396 4483 prada
2421 4410 2532 4466 eris
2555 4410 2800 4473 diaboli,
2830 4415 2885 4465 et
2906 4409 3095 4464 hares
3121 4406 3559 4464 maledictionis
3588 4422 3602 4462 :

1946 4517 2069 4574 qua
2100 4501 2350 4566 utinam,
2388 4500 2533 4555 mihi
2563 4498 2872 4565 obediens,
2897 4502 3115 4554 etcum
3144 4497 3265 4553 Sila
3294 4496 3471 4552 fratre
3501 4501 3602 4553 tuo

1948 4590 2213 4655 veniens,
2245 4589 2531 4646 libereris.

2368 4790 2475 4846 CX.
2509 4820 2576 4830 —
2610 4788 2797 4846 Uxori
2821 4786 3198 4846 Demochari.

1539 4896 1857 4947 Consolatur
1885 4898 1941 4947 in
1966 4896 2115 4947 obitu
2136 4896 2331 4945 mariti.

309 4988 421 5061 ’Δφ’
453 4988 514 5051 ἧς
562 4988 757 5064 ἡμέρας
797 4987 1051 5063 ἀνηγγέλη
1086 4992 1209 5065 ἡμῖν
1266 4993 1292 5044 6
1344 4994 1561 5055 θάνατος
1585 5002 1677 5047 τοῦ
1737 4994 1835 5067 μὰ-

228 5082 411 5152 καρίου
463 5086 783 5151 στρατηγοῦ,
832 5082 995 5153 μέχρι
1046 5088 1137 5133 τοῦ
1185 5078 1360 5155 δεῦρο,
1394 5082 1557 5135 πολλά
1609 5080 1837 5155 δοκιμά-

234 5187 417 5231 σαντες
484 5167 579 5221 οὖκ
649 5165 991 5241 εὐωδώθημεν
1079 5168 1367 5223 ἕπιστεῖλαι
1434 5180 1497 5245 τῇ
1574 5177 1837 5245 τιμιότητί

236 5276 331 5310 σου
361 5279 374 5291 ·
430 5262 520 5312 καὶ
571 5265 659 5309 νῦν
744 5254 804 5311 δὲ
854 5256 1228 5321 έπιστελλοντες
1275 5256 1424 5314 οὐδέν
1500 5262 1556 5314 σε
1610 5262 1836 5335 ὠφελεῖν,

234 5342 359 5400 οὐδε
400 5344 754 5422 ίλαφροποιεῖν
802 5352 894 5401 τοῦ
928 5345 1121 5423 βάρους
1171 5357 1266 5416 τῇς
1306 5347 1558 5404 ένωδύνου
1613 5348 1840 5428 καρδίας

2018 4998 2099 5051 Ex
2128 5010 2252 5068 quo
2282 4993 2456 5049 nobis
2477 4992 2819 5049 renuntiata
2848 5009 3008 5048 mors
3030 4997 3120 5049 est
3146 4992 3300 5049 beati
3331 4991 3602 5061 magistri

1949 5084 2227 5150 militum,
2252 5083 2328 5139 ad
2353 5083 2514 5138 hunc
2537 5099 2729 5155 usque
2750 5083 2932 5146 diem,
2957 5098 3093 5137 cum
3120 5082 3308 5137 multa
3333 5080 3603 5152 explora-

1947 5176 2233 5238 verimus,
2278 5172 2504 5229 nullam
2547 5172 2907 5228 excellentia
2945 5178 3058 5227 tua
3110 5170 3407 5226 scribendi
3439 5171 3599 5226 viam

1950 5264 2230 5320 idoneam
2265 5262 2421 5319 nacti
2462 5278 2717 5317 sumus:
2759 5266 2813 5317 et
2863 5275 3025 5316 nunc
3064 5276 3203 5315 cum
3258 5260 3601 5326 scribimus,

1951 5353 2096 5409 nihil
2111 5354 2321 5425 juvare
2342 5357 2417 5421 te,
2436 5366 2543 5408 nec
2560 5366 2807 5421 gravem
2829 5365 3153 5422 possumus
3166 5348 3363 5405 cordis
3388 5365 3602 5406 maro-

1791 5488 1993 5545 ΝΟΤιΕ
2004 5525 2018 5540 .

308 5606 387 5679 (6)
415 5607 479 5664 In
504 5607 640 5664 cod.
683 5608 823 5678 Reg.
856 5608 974 5682 ριε’.

2076 5611 2154 5683 (7)
2186 5612 2251 5667 ln
2280 5611 2414 5668 cod.
2444 5613 2583 5682 Reg.
2612 5630 2725 5684 ρις.
2760 5610 2820 5683 (')
2848 5610 3230 5670 Paranetica.
