4036 6276
471 309 601 366 1371

1736 312 1794 368 S.
1837 309 2204 369 THEODORI
2247 310 2573 370 STUDITIE

3689 311 3718 366 1
3729 310 3844 367 3⁸12

462 449 591 491 rem
641 434 970 492 sublevare.
1004 437 1146 503 Qum
1177 438 1336 492 enim
1382 437 1626 509 reperiri
1674 441 1856 509 queat
1897 436 2106 500 oratio,

2230 433 2517 506 δυνάμεθα.
2593 441 2682 498 Τίς
2755 438 2858 511 γὰρ
2943 440 3033 488 καὶ
3096 435 3377 508 ἐξαιρεθείη
3448 435 3600 506 λόγος
3666 434 3841 504 ἄλγος

463 540 599 596 quae
620 529 782 581 tanto
811 525 1000 582 dolori
1035 526 1343 584 medeatur
1367 526 1396 582 ?
1425 532 1699 583 Attamen
1730 533 1793 583 ut
1823 526 1978 582 illius
2004 543 2116 582 nos

465 629 709 686 quoque
746 614 805 670 in
847 620 1076 686 partem
1119 617 1318 672 venire
1366 616 1780 682 ostendamus,
1822 631 1943 671 non
1983 617 2112 686 ejus

464 708 698 759 tantum
721 719 907 760 causa
923 705 1024 776 qui
1052 708 1127 760 ad
1164 705 1478 760 Dominum
1503 705 1677 772 abiit;
1711 705 2004 776 siquidem
2029 705 2114 760 vir

455 785 660 847 bonus
690 798 744 848 et
783 792 941 864 pius,
974 794 1258 850 doctrinae
1297 795 1646 851 orthodoxae
1675 799 2106 866 propugnator,

461 881 746 953 pacisque
775 882 944 953 pugil
973 884 1287 956 dereliquit
1315 900 1446 948 nos,
1476 901 1510 939 o
1541 883 1853 940 calamitas
1878 883 1890 937 l
1925 882 2026 937 sed
2054 887 2110 939 et

463 969 545 1025 tui
567 971 755 1039 gratia
777 987 913 1042 quae
943 972 1221 1029 derelicta
1243 990 1326 1038 es,
1358 973 1660 1044 conjugali
1685 972 1907 1028 auxilio
1937 971 2110 1027 desti-

460 1062 604 1122 tuta,
641 1060 965 1130 praesertim
997 1078 1135 1116 cum
1161 1061 1268 1116 viri
1302 1077 1514 1117 amans
1560 1076 1720 1116 esses
1750 1059 2104 1116 admodum.

463 1147 575 1203 Sed
606 1149 894 1220 quoniam
921 1150 1105 1205 divini
1137 1150 1356 1206 decreti
1390 1150 1601 1222 ignara
1633 1165 1752 1205 non
1775 1165 1837 1204 es
1869 1166 1882 1204 :
1924 1151 2108 1205 Terra

461 1251 539 1302 es,
573 1239 709 1293 etin
764 1243 985 1295 terram
1029 1241 1338 1296 reverteris
1353 1244 1426 1307 ²³;
1475 1245 1530 1294 et
1560 1255 1801 1294 rursum
1833 1255 1843 1291 :
1887 1239 1959 1296 Ut
1988 1254 2107 1293 non

461 1328 890 1384 contristemini
917 1329 988 1384 de
1025 1329 1472 1393 dormientibus,
1507 1331 1659 1385 sicut
1703 1333 1756 1385 et
1781 1329 1979 1385 caeteri
2009 1327 2110 1399 qui

459 1429 620 1485 spem
645 1432 765 1470 non
798 1416 1102 1482 habent“;
1137 1434 1273 1473 cum
1302 1417 1381 1473 illi
1411 1434 1446 1473 a
1474 1417 1593 1473 Deo
1620 1416 1962 1472 adducendi
1992 1417 2111 1472 sint

458 1519 596 1560 cum
614 1506 754 1560 Jesu
779 1505 838 1559 in
861 1507 1290 1562 resurrectione
1316 1530 1326 1562 :
1352 1506 1667 1562 hortamur
1693 1510 1750 1562 et
1777 1521 2024 1562 oramus
2048 1511 2110 1560 ut

458 1593 714 1649 nimium
746 1595 1014 1652 dolorem
1043 1596 1311 1666 abjicias,
1345 1597 1816 1652 consolationem
1844 1595 2110 1668 aliquam

460 1682 741 1754 accipias,
770 1683 847 1739 ad
866 1690 920 1739 te
943 1685 1170 1750 redeas,
1196 1686 1466 1741 animum
1485 1684 1777 1741 exhilares
1803 1705 1814 1744 :
1841 1686 2111 1757 quando-

2223 522 2471 579 τοσοῦτον
2530 527 2859 598 θεραπεύειν;
2904 523 3040 578 Ἀλλ’
3095 525 3178 577 ἳνα
3227 521 3556 584 καταδήλους
3605 524 3830 585 ἑαυτοὺς

2221 620 2520 688 ποιήσωμεν
2551 617 2616 675 ὡς
2663 619 2986 686 μετέσχομεν
3015 618 3105 666 καὶ
3155 613 3304 666 αύτοὶ
3333 613 3522 680 λύπης,
3572 611 3632 665 ού
3665 616 3830 684 μόνον

2221 703 2304 756 ἐπὶ
2333 711 2405 774 τῷ
2436 700 2790 776 ἐνδημήσαντι
2837 707 2967 772 πρὸς
3022 705 3212 778 Κύριον
3240 718 3252 732 ·
3303 704 3385 755 ὅτι
3438 701 3565 776 ἀνὴρ
3621 701 3829 773 ἀγαθὸς

2219 797 2308 845 καὶ
2378 791 2612 856 εὐσεϐής,
2673 796 2956 866 πρόμαχος
3017 787 3343 865 ὄρθοδοξίας,
3393 796 3482 843 καὶ
3531 789 3832 861 ἀγωνιστὴς

2220 881 2446 954 εἰρήνης,
2503 881 2832 934 ἀπολέλοιπεν
2880 884 3038 954 ἡμᾶς,
3101 885 3139 932 ὦ
3187 889 3280 942 τῆς
3332 879 3635 955 συμφορᾶςῑ
3695 878 3829 930 ἀλλά

2217 975 2307 1022 καὶ
2345 969 2427 1023 ἐπὶ
2477 976 2558 1024 σοὶ
2591 979 2653 1042 τῇ
2713 969 3109 1043 καταλειφθείση
3139 969 3308 1042 ἐρήμῳ
3357 976 3452 1030 τῆς
3501 968 3831 1040 ὁμοζυγικῆς

2217 1057 2538 1134 ἐπικουρίας,
2593 1058 2753 1120 ἄλλως
2799 1078 2854 1112 τε
2899 1063 2989 1111 καὶ
3045 1055 3398 1132 φιλανδρούση
3448 1057 3584 1116 λίαν,
3641 1057 3832 1118 Οὕτως

2217 1145 2304 1201 οὖν
2382 1147 2792 1222 ἀπαραμύθητον
2858 1153 2916 1201 τὸ
2973 1149 3134 1209 πάθος
3205 1144 3468 1210 ἀπέδειξεν
3546 1149 3574 1199 6
3645 1147 3827 1216 λόγος.

2217 1237 2351 1289 Ἀλλ’
2383 1236 2490 1291 ἐπεὶ
2519 1237 2614 1290 ούκ
2667 1235 2712 1290 εἶ
2761 1233 3047 1298 ἀδίδακτος
3095 1244 3185 1289 τοῦ
3245 1237 3382 1289 θείου
3442 1232 3829 1308 διατάγματος,

2219 1328 2298 1380 ὅτι
2324 1333 2401 1386 Γῆ
2445 1323 2519 1394 εἷ,
2558 1331 2665 1380 καὶ
2704 1326 2788 1388 εἰς
2817 1335 2936 1398 γῆν
2973 1325 3446 1399 ἀπελεύσῃ.Καὶ
3469 1325 3833 1378 πάλινοἹνα

2218 1421 2298 1488 μή
2364 1415 2467 1468 ἐπὶ
2503 1422 2642 1478 τοῖς
2691 1419 3194 1488 κεκοιμημένοις
3233 1414 3545 1479 λυπῆσθε,
3607 1415 3830 1476 καθὼς

2219 1511 2328 1558 καὶ
2360 1506 2417 1558 οἱ
2456 1505 2663 1558 λοιποὶ
2701 1508 2760 1558 οἱ
2797 1509 2876 1577 μὴ
2915 1507 3181 1576 ἔχοντες
3221 1500 3496 1557 έλπίδα’
3530 1507 3595 1564 ὡς
3637 1501 3827 1576 ἀχθη-

2223 1598 2459 1666 σομένοις
2486 1599 2578 1647 σὺν
2603 1603 2674 1665 τῷ
2695 1594 2874 1653 Ἰησοῦ
2905 1595 3004 1646 ὑπό
3024 1601 3158 1648 Θεοῦ
3185 1592 3233 1645 έν
3262 1600 3324 1666 τῇ
3360 1591 3642 1646 ἀναστάσει
3675 1608 3690 1626 ⁶
3721 1613 3827 1644 πα-

2220 1684 2544 1761 ρακαλοῦμεν
2596 1688 2683 1736 καὶ
2745 1682 3108 1754 ἀντιϐολοῦμεν
3159 1687 3382 1736 κενῶσαί
3455 1701 3512 1736 σε
3557 1685 3614 1734 τὸ
3690 1681 3826 1735 πολὺ

458 1771 704 1844 quidem
757 1772 975 1829 liberos
1021 1775 1232 1839 habes,
1266 1781 1321 1830 et
1367 1775 1594 1830 familia
1639 1775 1744 1830 tibi
1775 1779 1862 1830 est
1913 1773 2106 1830 indole

2221 1782 2317 1836 τῆς
2353 1773 2536 1839 λύπης,
2596 1771 2766 1825 λαϐεῖν
2825 1774 3155 1847 παραμύθιον
3229 1774 3436 1844 μικρὸν,
3511 1770 3578 1831 εἰς
3635 1771 3826 1828 ἑαυτήν

458 1861 644 1916 animi
670 1869 997 1932 praestans;
1021 1869 1077 1918 et
1102 1864 1213 1918 nisi
1237 1879 1405 1918 mens
1428 1865 1615 1934 erigat
1643 1879 1705 1919 se
1723 1863 1800 1919 ad
1827 1863 2111 1919 cohiben-

456 1949 604 2004 dum
622 1949 909 2016 dolorem,
931 1967 1134 2023 regere
1151 1968 1220 2007 ac
1248 1952 1353 2007 rite
1377 1953 1714 2023 gubernare
1741 1951 1903 2007 nullo
1926 1952 2109 2007 modo

458 2039 690 2110 poterit.
723 2039 808 2094 Ad
840 2046 1173 2096 extremum
1206 2042 1383 2097 beato
1411 2043 1587 2096 etiam
1610 2041 1694 2097 illi
1727 2041 2106 2112 profuturum

457 2132 549 2183 est
573 2127 634 2183 id
658 2127 823 2200 quod
854 2131 1217 2186 suademus:
1250 2147 1372 2203 quo
1401 2131 1542 2202 quid
1573 2147 1704 2186 esse
1734 2131 1922 2202 possit
1945 2136 2109 2202 opta-

457 2215 636 2271 bilius
658 2215 686 2271 ?
704 2217 858 2282 Quid
875 2233 1017 2288 ergo
1033 2223 1236 2285 restat,
1252 2219 1501 2275 domina
1520 2219 1547 2273 ?
1572 2223 1654 2275 Da
1676 2219 1927 2289 gloriam
1947 2219 2108 2275 bono

460 2307 608 2371 Deo;
642 2306 844 2377 profer
875 2306 974 2362 illa
1004 2308 1189 2363 verba
1208 2309 1350 2364 Job:
1387 2310 1672 2365 Dominus
1703 2309 1884 2374 dedit,
1913 2309 2107 2364 Domi-

457 2409 572 2450 nus
587 2395 1016 2461 abstulit;sicut
1029 2397 1275 2453 Domino
1284 2397 1518 2468 placuit
1530 2398 1614 2454 ita
1632 2404 1683 2453 et
1694 2397 1927 2468 factum
1941 2403 2022 2453 est
2038 2399 2104 2452 ³⁵.

458 2484 714 2539 Maxima
768 2485 906 2540 inde
946 2501 1153 2541 revera
1197 2487 1300 2540 tibi
1346 2486 1476 2542 laus
1522 2487 1712 2552 fuerit,
1762 2486 2108 2558 patebitque

359 2587 361 2590 ‘
455 2587 642 2643 quam
665 2573 882 2628 eruditi
912 2574 1019 2629 viri
1041 2590 1188 2630 uxor
1216 2573 1416 2630 fueris.
1454 2578 1666 2631 Doctus
1686 2575 1780 2631 ille
1810 2575 2108 2647 siquidem

455 2667 513 2716 et
533 2661 796 2732 sapiens,
822 2669 877 2717 et
895 2663 1193 2718 institutor
1220 2680 1338 2719 non
1363 2665 1750 2720 initiatorum.
1783 2665 1973 2730 Quare
1997 2665 2110 2720 sic-

457 2753 522 2805 ut
551 2749 645 2806 ille
667 2751 808 2806 viris
839 2751 1196 2823 praeclarum
1225 2753 1714 2826 fuitexemplum,
1743 2759 1872 2810 esto
1894 2759 1949 2810 et
1978 2755 2107 2826 ipsa

457 2838 828 2906 mulieribus,
871 2840 1115 2911 lugendi
1148 2844 1416 2898 studium
1465 2843 1793 2911 declinans,
1829 2849 1884 2899 et
1914 2849 2106 2900 osten-

454 2927 604 2984 dens
656 2934 909 2985 tutorem
977 2931 1080 2986 tibi
1137 2933 1322 2988 Deum
1397 2947 1544 2999 esse,
1598 2934 1722 3006 qui,
1788 2949 1924 2988 cum
1983 2949 2106 2989 non

454 3033 638 3083 esses,
716 3023 777 3074 ut
833 3035 996 3075 esses
1055 3020 1128 3076 de
1181 3020 1364 3076 nihilo
1423 3027 1476 3076 te
1548 3022 1849 3093 produxit,
1902 3027 1958 3078 et
2027 3022 2106 3078 ad

2221 1865 2483 1935 γενέσθαι,
2550 1862 2785 1935 ἰλαρῦναι
2837 1865 2931 1920 τήν
2977 1860 3165 1932 ψυχήν
3198 1879 3212 1894 ο
3275 1856 3453 1919 ἐπειδή
3513 1865 3604 1913 καὶ
3668 1864 3829 1913 τέκνα

2222 1955 2380 2024 ἔχεις,
2431 1957 2521 2004 καὶ
2573 1951 2714 2004 οἰκία
2771 1970 2849 2003 σοι
2931 1953 3156 2024 πάρεστι
3213 1948 3539 2022 μεγαλοφυής
3570 1965 3588 1982 ’
3634 1952 3726 2001 καὶ
3782 1949 3828 2002 εἰ

2221 2046 2290 2114 μή
2315 2043 2341 2093 6
2380 2049 2498 2102 νοῦς
2538 2039 2797 2110 ἀνενέγκοι
2839 2047 2936 2101 τῆς
2984 2043 3419 2113 κατακρατήσεως
3457 2045 3548 2090 τοῦ
3596 2039 3825 2104 πάθους,

2222 2127 2437 2183 διοικεῖν
2488 2133 2577 2182 καὶ
2631 2126 2825 2182 διέπειν
2874 2127 3040 2202 ὀρθῶς
3098 2127 3192 2180 οὐκ
3243 2127 3305 2179 ἄν
3371 2145 3496 2179 ποτε
3542 2122 3822 2186 δυνηθείη.

2220 2220 2337 2273 Ἐπὶ
2383 2224 2518 2272 πᾶσι
2573 2213 2633 2270 δε
2685 2216 2906 2288 κάκείνῳ
2960 2218 3030 2288 τῷ
3089 2221 3330 2289 μακαρίῳ
3382 2215 3712 2280 λυσιτελήσει
3762 2220 3824 2269 τὸ

2218 2309 2486 2381 λεγόμενον
2519 2325 2532 2338 ·
2592 2307 2654 2359 οὗ
2706 2311 2759 2358 τί
2837 2305 2897 2358 ἂν
2943 2310 3140 2377 γένοιτο
3188 2301 3826 2378 περισπουδαστότερον;

2217 2403 2281 2452 Τί
2330 2393 2418 2449 οὖν
2447 2395 2646 2462 λοιπὸν,
2696 2393 2734 2447 ὦ
2759 2399 2921 2468 κυρία
2953 2413 2965 2461 ;
3010 2391 3105 2456 δὸς
3155 2391 3312 2457 δόξαν
3342 2401 3415 2465 τῷ
3445 2391 3625 2466 ἀγαθῷ
3655 2396 3773 2465 Θεῷ
3808 2412 3822 2424 ·

2221 2485 2435 2559 φθέγξαι
2459 2486 2523 2538 τά
2545 2491 2637 2536 τοῦ
2665 2483 2800 2553 Ἰὼϐ,
2832 2483 2890 2537 Ὀ
2931 2484 3167 2558 Κύριος
3205 2479 3469 2548 ἔδωκεν,
3511 2484 3538 2536 6
3579 2486 3827 2555 Κύριος

2221 2574 2542 2646 ἀφείλετο⁸
2585 2577 2658 2634 ὡς
2722 2581 2801 2644 τῷ
2872 2577 3087 2646 Κυρίῳ
3154 2568 3392 2638 ἔδοξεν,
3453 2572 3653 2634 οὕτως
3711 2577 3825 2626 καὶ

2219 2663 2487 2734 ἐγένετο.
2522 2666 2615 2721 Εῖη
2647 2661 2876 2715 ἐντεῦθεν
2908 2665 2975 2724 ὡς
3013 2661 3217 2724 ἀληθῶς
3256 2665 3501 2734 μέγιστον
3531 2660 3695 2729 κλέος,
3730 2665 3825 2714 καὶ

2219 2758 2422 2826 φανείης
2461 2752 2573 2804 οἴου
2618 2748 3032 2823 πεπαιδευμένου
3076 2747 3265 2827 ἀνδρὸς
3315 2751 3570 2824 ὁμόζυγος
3620 2749 3822 2822 ἐγένου.

2220 2847 2320 2896 Καὶ
2349 2843 2450 2917 γὰρ
2502 2841 2686 2901 ἐκεῖνος
2715 2845 2805 2893 καὶ
2861 2844 3179 2912 γνωστικός,
3219 2844 3308 2892 καὶ
3353 2843 3530 2912 σοφὸς,
3576 2844 3668 2892 καὶ
3697 2859 3824 2891 παι-

2219 2927 2409 2993 δευτής
2447 2938 2545 2984 τῶν
2595 2933 2840 3003 ἀμυήτων
2869 2950 2882 2963 ο
2913 2928 3002 2992 Ὠς
3046 2931 3146 3003 γὰρ
3201 2925 3288 2980 οὖν
3335 2927 3518 2989 ἐκεῖνος
3559 2926 3822 3002 ἀνδράσιν

2216 3017 2514 3092 ὑπόδειγμα
2542 3019 2717 3086 καλὸν,
2749 3022 2836 3072 ἔσὸ
2887 3023 2977 3071 καὶ
3025 3018 3156 3076 αὐτή
3211 3017 3466 3089 γυναιξὶν,
3509 3016 3822 3071 ἐκκλίνουσα

452 3103 767 3162 ﬂorentem
824 3113 1060 3164 aetatem
1119 3108 1415 3181 perduxit,
1474 3115 1530 3165 et
1579 3115 1742 3166 tanto
1793 3111 1920 3166 viro
1969 3126 2106 3167 con-

2221 3113 2274 3162 τὸ
2324 3109 2635 3182 φιλοπενθες,
2688 3112 2778 3160 καὶ
2823 3104 3138 3160 δεικνύουσα
3189 3108 3270 3159 ὅτι
3324 3125 3409 3160 σοι
3460 3108 3822 3178 προστάτηςό

449 3194 664 3264 junxit,
725 3195 1214 3269 disjunctamque
1273 3197 1487 3254 iterum
1546 3199 1708 3255 uniet
1757 3215 1863 3270 per
1915 3215 2106 3254 resur-

453 3285 800 3341 rectionem.
852 3287 1045 3352 Quare
1089 3303 1402 3342 excessum
1445 3287 1634 3359 ipsius
1681 3289 2105 3360 peregrinatio-

453 3388 594 3428 nem
625 3389 754 3428 esse
785 3375 1000 3444 cogita.
1043 3378 1256 3432 Annon
1284 3376 1462 3445 igitur
1497 3377 1892 3448 privationem
1923 3377 2105 3434 ferres

455 3461 504 3515 si
544 3476 646 3516 rex
693 3467 961 3519 terrenus
1012 3466 1327 3521 mandaret
1354 3467 1382 3523 ?
1411 3466 1534 3529 Fer,
1586 3466 1834 3522 domina
1866 3482 2015 3530 mea,
2051 3474 2105 3523 et

455 3551 634 3606 istam
661 3567 846 3622 quam
874 3552 1036 3608 solus
1067 3570 1238 3609 verus
1264 3560 1320 3609 et
1341 3555 1612 3611 omnium
1641 3571 1742 3610 rex
1770 3555 2102 3627 imperavit.

456 3642 540 3694 lta
572 3654 820 3709 prorsus
853 3643 1162 3698 hortamur
1190 3658 1202 3696 :
1243 3647 1302 3699 et
1326 3658 1466 3698 vero
1497 3658 1810 3714 speramus
1841 3650 2106 3716 receptu-

455 3743 583 3782 ram
621 3733 674 3783 te
719 3744 856 3785 eum
884 3731 942 3785 in
995 3731 1092 3787 die
1122 3731 1240 3798 illa,
1294 3738 1619 3804 postquam
1670 3733 2015 3788 viduitatem
2048 3735 2106 3790 in

457 3817 710 3874 Domino
741 3821 1089 3884 servaveris,
1118 3825 1175 3876 et
1199 3821 1440 3892 egregia
1467 3823 1738 3892 germina
1754 3838 1940 3893 quam
1962 3825 2107 3895 opti-

457 3922 553 3961 me
579 3907 936 3964 institueris:
967 3925 1102 3981 quas
1125 3913 1182 3965 et
1206 3925 1318 3966 nos
1342 3911 1694 3977 salutamus,
1717 3918 1772 3966 et
1796 3913 2108 3968 hortamur

458 4000 521 4051 ut
551 3996 678 4067 pari
711 4013 780 4053 ac
809 4001 868 4052 tu
895 3998 1080 4054 animi
1110 3999 1521 4055 moderatione
1555 4007 1864 4071 paternam
1893 4001 2108 4058 absen-

457 4085 599 4141 tiam
627 4085 835 4150 ferant,
868 4092 924 4142 et
953 4093 1226 4145 materna
1251 4089 1573 4146 directione
1603 4089 1681 4146 ad
1720 4097 1879 4147 recta
1903 4092 2108 4147 omnia

459 4173 877 4231 informantur.

777 4460 902 4515 CXI.
932 4489 997 4500 --
1025 4460 1339 4517 Monachis
1367 4461 1786 4532 Myetensibus.

2217 3201 2360 3264 Θεὸς,
2408 3198 2462 3261 ὃς
2510 3203 2600 3250 καὶ
2652 3196 2706 3249 ἐκ
2744 3204 2836 3249 τοῦ
2884 3201 2955 3270 μή
3011 3200 3156 3258 ὄντος
3201 3195 3268 3257 εἰς
3308 3199 3366 3248 τὸ
3418 3193 3548 3249 εἶναί
3589 3215 3648 3249 σε
3688 3217 3828 3268 παρ-

2220 3285 2406 3360 δγαγε,
2461 3293 2551 3339 καὶ
2590 3286 2656 3347 εἰς
2699 3286 2869 3358 ἀκμήν
2914 3284 3122 3348 ἡλικίας
3166 3289 3353 3357 ἤγαγε,
3387 3289 3477 3338 καὶ
3530 3284 3830 3358 τηλικούτῳ

2221 3377 2368 3452 ἀνάρὶ
2402 3376 2689 3441 συνέζευξε,
2723 3381 2814 3428 καὶ
2844 3371 2998 3437 αὖθις
3031 3371 3313 3438 διαζεύξας
3354 3373 3558 3428 ἐνώσειε
3608 3371 3706 3427 διὰ
3736 3383 3833 3436 τῆς

2221 3464 2595 3526 ἀναστάσεως’
2660 3466 2790 3517 ὥστε
2868 3468 3080 3535 νόμισον
3167 3461 3470 3535 ἀποδημίαν
3552 3461 3685 3516 εἶναι
3769 3467 3828 3516 τὸ

2219 3559 2463 3628 πρᾶγμα.
2527 3552 2639 3605 Ούκ
2693 3547 2796 3627 ἆρα
2842 3556 3048 3624 ἤνεγκες
3104 3557 3195 3610 τήν
3242 3557 3505 3624 στέρησιν,
3558 3551 3602 3604 εἰ
3663 3549 3829 3625 βασι-

2220 3643 2330 3704 λεὺς
2376 3641 2599 3713 ἐπίγειος
2647 3641 2966 3716 ἐπέτρεψεν;
3017 3639 3198 3708 Οἶσον,
3259 3637 3514 3694 δέσποινά
3566 3660 3689 3712 μου,
3737 3644 3823 3694 καὶ

2220 3728 2398 3798 τήνδε,
2456 3731 2515 3788 ἣν
2569 3732 2593 3782 6
2653 3735 2802 3802 μόνος
2863 3729 3107 3792 ἀληθινὸς
3158 3735 3247 3783 καὶ
3307 3731 3508 3782 πάντων
3569 3727 3826 3802 βασιλεὺς

2221 3819 2471 3874 ἐκέλευσε.
2553 3823 2680 3884 Ναὶ,
2747 3818 3166 3892 παρακαλοῦμεν,
3225 3822 3316 3870 καὶ
3388 3837 3448 3890 γε
3511 3821 3825 3890 πιστεύομεν

2223 3907 2588 3980 ἀπολήψεσθαί
2646 3928 2702 3961 σε
2761 3907 2915 3960 αὐτόν
2948 3906 2995 3960 ἐν
3042 3916 3104 3980 τῇ
3161 3909 3331 3980 ἡμέρᾳ
3381 3906 3545 3980 ἐκείνη
3577 3927 3590 3940 ο
3635 3906 3828 3980 φυλάτ-

2220 4017 2413 4051 τουσαν
2462 4003 2557 4057 τήν
2607 4003 2830 4072 χηρείαν
2887 3994 2934 4049 έν
2986 4001 3181 4071 Κυρίῳ,
3239 4003 3329 4049 καὶ
3377 4005 3825 4070 τεκνοτροφοῦσαν

2222 4089 2417 4164 ἄριστα
2466 4089 2532 4140 τά
2591 4086 2725 4139 καλά
2776 4084 3130 4158 βλαστήματα
3167 4105 3180 4118 ·
3239 4086 3368 4158 ἅπερ
3415 4091 3505 4138 καὶ
3554 4105 3826 4158 προσαγο-

2220 4180 2430 4251 ρεύομεν
2471 4193 2482 4206 ⁸
2550 4181 2638 4228 καὶ
2691 4177 3043 4249 ὁμοιοτρόπως
3099 4194 3182 4228 σοι
3251 4182 3601 4248 παραινοῦμεν
3654 4181 3822 4248 γέρειν

2220 4271 2313 4324 τήν
2363 4271 2621 4342 πατρικήν
2663 4271 2929 4338 στέρησιν,
2975 4270 3065 4318 καὶ
3106 4274 3336 4340 μητρικῇ
3399 4262 3825 4318 διαπλάττεσθαι

2144 4337 2190 4393 Ῑ)
2219 4337 2479 4432 ῥυθμίσεί
2498 4359 2627 4432 πρὸς
2657 4337 2831 4408 πᾶσαν
2860 4337 3135 4413 εὐθύτητα.

2256 4467 2381 4516 PIA'
2410 4463 2511 4534 (7).
2560 4493 2628 4502 —
2669 4469 2817 4524 Τοῖς
2854 4462 3213 4534 μονάζουσι
3255 4459 3526 4524 Μυέλης.
3558 4459 3784 4535 [χμγ’.]

1103 4557 1350 4622 Elogium
1380 4559 1617 4623 Dionysii
1647 4559 1894 4610 monachi
1923 4561 2014 4624 qui
2048 4559 2195 4624 apud
2227 4560 2523 4624 Myelenses
2553 4561 2748 4624 hospes
2771 4560 2890 4611 illos
2924 4559 3151 4614 obierat.

525 4644 810 4700 Dormitio
844 4644 1091 4717 quidem
1137 4646 1329 4702 dilecti
1358 4647 1550 4703 fratris
1598 4649 1784 4704 nostri
1823 4649 2106 4720 Dionysii,

455 4731 700 4788 deﬁnito
734 4734 830 4789 Dei
873 4735 1126 4790 consilio
1157 4743 1293 4792 ante
1341 4737 1824 4794 constitutionem
1876 4738 2107 4804 mundi,

451 4820 578 4892 jam
612 4822 843 4878 accidit.
877 4823 1054 4879 Vobis
1093 4841 1252 4891 vero,
1282 4826 1506 4890 fratres,
1548 4827 1880 4884 benefaciat
1910 4827 2109 4883 Domi-

456 4925 590 4976 nus,
631 4911 797 4982 quod
839 4911 1006 4967 illum
1053 4914 1265 4970 morbo
1319 4914 1621 4980 affectum,
1680 4917 1739 4971 in
1797 4916 2106 4988 praestanti

458 5000 822 5055 monasterio
853 5006 1067 5069 vestro,
1105 5020 1240 5058 cum
1270 5003 1404 5060 illac
1439 5005 1545 5059 iter
1568 5005 1834 5069 haberet,
1870 5005 2104 5077 excepi-

457 5087 564 5141 stis
589 5086 769 5158 idque
807 5090 1202 5162 quoadusque
1235 5093 1686 5148 tabernaculum
1721 5094 1782 5147 in
1817 5099 1968 5149 terra
2000 5094 2106 5148 de—

457 5175 674 5245 posuit,
703 5177 1077 5250 evolavitque
1109 5183 1166 5234 in
1213 5180 1450 5236 coelum.
1487 5182 1742 5251 Dignum
1789 5197 1968 5252 porro
1999 5184 2100 5253 qui

455 5277 527 5318 eo
559 5265 886 5333 perveniret
913 5266 1156 5323 fratrem
1200 5269 1379 5323 fuisse
1413 5267 1599 5324 multa
1625 5275 1934 5326 testantur.
1977 5273 2100 5327 Pri-

529 5369 570 5402 ³³
603 5371 806 5426 Genes.
836 5387 916 5440 ιιι,
951 5378 1032 5430 19.
1111 5375 1158 5409 ﬂ
1185 5375 1205 5430 Ι
1233 5374 1430 5430 Thess.
1459 5391 1533 5442 1v,
1562 5378 1645 5430 t2.
1723 5376 1766 5411 ³⁵
1794 5375 1904 5433 Job
1934 5392 1971 5433 1.
1998 5381 2086 5433 2t.

2289 4647 2347 4701 Ἡ
2377 4652 2466 4721 μὲν
2504 4654 2750 4719 κοίμησις
2787 4656 2878 4702 τοῦ
2931 4647 3202 4720 ἀγαπητοῦ
3233 4650 3379 4720 ἡμῶν
3428 4644 3654 4719 ἀδελφοῦ
3707 4655 3821 4700 Διο-

2218 4743 2421 4804 νυσίου,
2450 4746 2512 4811 τῇ
2564 4741 2822 4814 ὡρισμένη
2871 4736 3034 4810 βουλῇ
3086 4745 3176 4790 τοῦ
3217 4744 3351 4790 Θεοῦ
3388 4740 3488 4810 πρὸ
3520 4735 3826 4799 καταϐολῆς

2217 4831 2442 4899 κόσμου,
2513 4823 2620 4885 ἤδη
2693 4828 2807 4898 ὅρον
2855 4826 3046 4880 ἔλαϐεν.
3102 4825 3246 4897 Ὑμῖν
3316 4821 3395 4891 δε,
3464 4821 3708 4898 ἀδελφοὶ,
3764 4823 3822 4879 εὖ

2217 4920 2438 4974 ποιήσαι
2490 4920 2696 4989 Κύριος,
2757 4917 2829 4969 ὅτι
2881 4912 3200 4978 ὑπεδέξασθε
3260 4917 3415 4967 αὐτὸν
3464 4912 3824 4974 ἀνθενήσαντα

2216 5007 2351 5057 κατά
2396 5001 2627 5079 πάροδον
2679 5003 2726 5057 έν
2779 5012 2840 5077 τῇ
2910 5000 3232 5077 διαφερούσῃ
3287 5004 3408 5075 ὑμῖν
3465 5010 3599 5075 μονῇ
3663 5019 3677 5032 ⁸
3729 5009 3824 5057 καὶ

2214 5102 2367 5147 τοῦτο
2406 5099 2598 5168 μέχρις
2646 5093 2706 5146 ἂν
2745 5092 2959 5146 ἀπέθετο
3002 5097 3060 5146 τὸ
3109 5101 3298 5156 σκῆνος
3327 5091 3377 5145 έν
3426 5099 3520 5164 γῇ,
3569 5097 3661 5145 καὶ
3718 5092 3826 5146 ἀπ-

2213 5187 2337 5242 έπτη
2392 5183 2460 5244 εἰς
2497 5183 2730 5258 οὐρανόν.
2775 5181 2894 5235 Ὀτι
2940 5178 2998 5235 δε
3055 5181 3194 5245 ἄξιος
3246 5189 3336 5242 τῆς
3379 5179 3545 5234 έκεῐσε
3600 5187 3826 5255 πορείας

2213 5273 2238 5324 6
2270 5270 2511 5346 ἀδελφὸς,
2540 5275 2803 5347 μαρτύρια
2835 5269 3016 5325 πολλὰ.
3049 5278 3258 5344 Πρῶτον
3295 5273 3386 5344 μεν
3429 5271 3458 5328 ἡ
3506 5274 3677 5344 μέχρι
3722 5276 3825 5343 γή-

2021 5496 2063 5549 Ν
2071 5494 2241 5549 ΟΤᾸΞ.

531 5603 614 5674 (7)
641 5603 706 5659 In
739 5602 873 5660 cod.
901 5605 1039 5675 Reg.
1067 5602 1191 5676 ριθ¹.
