4036 6276
217 328 244 384 1
257 328 359 385 373
1344 368 1345 371 η
1493 330 1811 388 ΕΡΙΞΤΟΙΛ

1983 333 2000 388 l
2043 333 2179 392 LIB.
2222 334 2294 389 II.
3442 333 3577 390 1374

216 474 337 530 ρους
375 455 477 509 ἀπὸ
516 460 771 521 νεότητος,
810 454 1025 531 δόκιμος
1077 457 1237 511 αὐτοῦ
1284 459 1547 528 ὑποταγή.
1598 457 1810 511 Ἔπειτα

1990 476 2090 515 um
2106 460 2375 532 quidem,
2405 460 2483 517 ab
2498 461 2808 532 juventute
2832 460 2909 516 ad
2943 459 3186 515 senium
3225 474 3415 531 usque
3444 475 3576 530 spe-

219 541 301 605 δίς
344 544 686 616 ἐφυλακίσθη,
723 546 864 610 ἅπαξ
911 546 1104 621 ἀπῆρεν
1136 550 1185 600 ἓν
1238 556 1299 621 τῇ
1343 551 1515 619 Δύσει,
1560 549 1686 622 ὑπερ
1719 556 1813 609 τῆς

1984 556 2082 605 ata
2107 550 2212 605 fuit
2264 551 2394 621 ejus
2442 550 2800 606 obedientia.
2860 549 3075 605 Deinde
3113 550 3172 603 in
3204 548 3459 604 vinculis
3484 548 3576 604 bis

216 634 334 686 καθ’
390 636 524 706 ἡμᾶς
580 636 892 699 Ἐκκλησίας
940 635 1226 699 ἀπόστολος
1270 654 1282 667 ⁸
1336 640 1485 713 ὅνπερ
1539 637 1810 709 εὐλόγησεν

1992 638 2064 694 it:
2122 639 2304 694 semel
2358 641 2416 694 in
2464 639 2843 695 Occidentem
2899 654 3009 709 pro
3068 637 3325 693 Ecclesia
3373 643 3577 693 nostra

217 721 561 776 ἀποστολικόν
613 730 802 797 στόμα,
853 730 944 778 καὶ
973 730 1123 799 ᾔνεσε
1168 725 1433 798 Ῥωμαίων
1480 726 1767 785 Ἐκκλησία
1800 747 1811 761 ·

1988 732 2157 797 gatus
2188 729 2487 799 profectus
2516 734 2639 783 est:
2681 728 2820 783 huic
2866 725 3169 783 benedixit
3195 743 3263 782 os
3290 725 3582 796 apostoli-

218 812 275 874 ὃς
314 817 404 864 καὶ
456 816 859 886 μεμαρτύρηται
904 816 1005 868 ὑπὸ
1056 814 1263 878 πολλοῖς
1312 812 1663 888 ἀδελφότητος
1719 816 1812 868 αὐ-

1982 835 2063 872 1m
2101 838 2111 873 :
2145 819 2304 873 hunc
2334 818 2600 873 laudavit
2656 818 2917 875 Ecclesia
2960 820 3263 873 Romana:
3295 817 3396 888 qui
3422 816 3576 870 testi-

215 907 329 955 τοῦ.
398 902 579 970 Ἀνὴρ
637 899 912 965 δυνατὸς
963 907 1125 977 ἔργῳ
1192 908 1300 957 καὶ
1356 905 1538 975 λόγῳ,
1596 904 1809 977 ἐργάτης

1986 908 2199 963 ηοηίυω
2232 908 2407 962 etiam
2432 907 2644 962 habuit
2671 923 2707 962 a
2736 906 3018 962 fratribus
3052 906 3176 960 suis
3208 904 3580 977 quampluri-

216 989 426 1043 ἐντολῶν
456 997 610 1055 Θεοῦ,
666 991 851 1055 στύλος
879 998 967 1045 καὶ
1006 990 1281 1065 ἑδραίωμα
1304 1000 1396 1046 τοῦ
1427 993 1620 1045 οἰκείου
1649 1013 1810 1046 κοινο-

1986 998 2063 1051 .is.
2101 998 2202 1052 Vir
2222 1004 2431 1067 potens
2458 1012 2630 1067 opere
2682 1012 2753 1053 ac
2800 1011 3068 1052 sermone
3111 997 3179 1061 ³⁸,
3233 995 3580 1050 observator

221 1077 339 1131 ϐίου
381 1095 394 1109 ·
427 1078 594 1131 πολλά
632 1078 987 1153 ἐνδειξάμενος
1035 1081 1219 1154 ἀρετῆς
1264 1079 1549 1155 ἰδιώματα,
1598 1088 1687 1135 καὶ
1733 1090 1815 1135 νῦν

1985 1086 2355 1142 laudatorum
2410 1086 2525 1147 Dei,
2562 1085 2844 1141 columna
2873 1092 2930 1140 et
2976 1085 3429 1140 ﬁrmamentum
3463 1099 3579 1138 coe-

218 1168 347 1219 αὐτὸ
379 1175 534 1220 τοῦτο
579 1172 716 1221 κατὰ
768 1174 854 1222 τὸν
906 1176 1138 1243 παρόντα
1181 1168 1436 1243 διωγμὸν,
1481 1176 1812 1247 περιερχόμε·

1985 1175 2092 1231 abii
2126 1174 2251 1229 sui:
2282 1175 2384 1246 qui
2416 1175 2603 1230 multa
2633 1175 2902 1230 exhibuit
2949 1174 3181 1229 virtutis
3210 1188 3366 1228 veras
3397 1172 3579 1227 docu-

213 1275 295 1317 νος
341 1256 512 1318 πόλεις
556 1276 613 1310 τε
657 1262 747 1311 καὶ
798 1265 999 1333 χώρας,
1051 1262 1438 1334 ὑστερούμενος,
1503 1260 1807 1334 θλιϐόμενοςἸ

1977 1268 2147 1325 tenta,
2165 1264 2346 1335 idque
2360 1264 2619 1319 maxime
2633 1264 2693 1318 in
2709 1264 2824 1319 hac
2842 1262 3116 1334 praesenti
3136 1261 3571 1334 persecutione,

219 1344 269 1398 ἓν
296 1354 369 1417 τῷ
424 1343 683 1399 διακονεῖν
727 1351 813 1401 τὸν
842 1357 936 1411 τῆς
992 1348 1237 1411 ἀληθείας
1271 1350 1443 1422 λόγον,
1493 1354 1688 1423 μέχρις
1726 1350 1813 1403 ἀπ·

1986 1353 2108 1408 .‘bes
2155 1354 2551 1425 regionesque
2608 1368 2980 1425 percurrens,
3031 1366 3235 1421 egens,
3295 1350 3580 1406 aerumnis

219 1439 357 1488 ἐπνει
405 1432 713 1509 ἕκδημήσας
768 1441 900 1510 πρὸς
954 1442 1161 1514 Κύριον.
1211 1446 1454 1493 Τοιοῦτον
1510 1436 1619 1508 οὖν,
1670 1442 1737 1502 ὡς
1782 1442 1811 1499 ἡ

1989 1458 2191 1506 'essus,
2223 1443 2369 1496 dum
2403 1442 2661 1497 veritatis
2709 1442 2955 1497 verbum
3012 1440 3343 1512 dispensat,
3390 1440 3583 1495 donec

220 1522 440 1583 ἀλήθεια
492 1529 625 1598 ἔχει,
682 1525 1026 1598 ἐξωαγήσατε
1079 1524 1263 1581 δοῦλον
1323 1533 1539 1601 Κυρίου,
1595 1534 1685 1581 καὶ
1731 1548 1814 1587 τη-

1986 1531 2194 1587 limam
2229 1530 2451 1586 efﬂavit
2482 1530 2559 1586 ad
2592 1532 2910 1586 Dominum
2940 1529 3348 1602 proﬁciscens.
3381 1528 3580 1585 Talem

218 1612 456 1667 λικοῦτον
510 1615 748 1687 λείψανον
805 1616 951 1689 ἅγιον
1007 1619 1129 1690 παρ’
1176 1622 1297 1690 ὑμῖν
1340 1620 1649 1690 ᾠκονομηθη
1696 1618 1812 1671 ἀπο-

1987 1636 2091 1691 'go,
2128 1625 2189 1675 ut
2222 1635 2285 1675 se
2315 1636 2406 1674 res
2456 1619 2654 1685 habet,
2690 1619 2920 1674 Domini
2975 1618 3271 1674 famulum
3321 1616 3581 1688 hospitio

220 1704 667 1777 θησαυρισθῆναι.
737 1709 825 1758 Διό
897 1712 989 1759 καὶ
1053 1706 1242 1779 μᾶλλον
1305 1709 1688 1780 προσετέθημεν
1754 1716 1814 1779 τῇ

1990 1710 2274 1781 ;cepistis;
2306 1714 2363 1764 et
2401 1714 2524 1763 tam
2583 1714 2805 1764 sanctae
2867 1708 3030 1779 apud
3084 1724 3191 1763 vos
3226 1706 3493 1778 reliquias
3522 1710 3584 1761 ut

215 1795 354 1845 κατὰ
418 1796 546 1847 Θεὸν
612 1793 787 1867 ἀγάπῃ
847 1795 1009 1867 ὑμῶν,
1064 1800 1152 1849 καὶ
1205 1796 1539 1869 ἐπευχόμεθα
1587 1798 1709 1869 ὑμῖν
1754 1798 1809 1849 τὰ

1989 1799 2412 1865 conderentur,
2459 1797 2662 1853 divina
2712 1797 3089 1868 providentia
3118 1795 3380 1866 contigit.
3419 1794 3583 1850 Unde

218 1881 395 1951 ἀγαθὰ
431 1891 523 1944 τῆς
572 1884 677 1935 ἄνω
723 1883 1084 1957 Ἰερουσαλὴμ,
1135 1884 1245 1938 ἀνθ’
1294 1883 1361 1937 ὦν
1401 1888 1531 1957 μετά
1569 1885 1812 1948 ἀληθινῆς

2017 1889 2238 1943 arctius
2262 1893 2470 1943 vestrae
2489 1886 2819 1942 secundum
2868 1887 3054 1940 Deum
3080 1885 3351 1940 charitati
3369 1883 3584 1939 obstri-

217 1968 444 2046 καρδίας
491 1968 814 2035 ὑπεδέξασθε
858 1976 946 2025 τὸν
985 1975 1128 2026 ὅσιον
1159 1976 1447 2041 Διονύσιον,
1490 1975 1551 2027 οὗ
1594 1979 1651 2027 τὸ
1685 1994 1811 2048 μνη-

1990 1978 2007 2032 ἱ
2063 1992 2292 2041 sumus,
2346 1976 2645 2047 vobisque
2695 1990 2993 2047 supremae
3051 1973 3384 2029 Jerusalem
3420 1972 3583 2028 bona

218 2066 446 2134 μόσυνον
474 2064 607 2135 μετὰ
637 2070 735 2115 τῶν
774 2063 1044 2135 ὁμοταγῶν
1075 2056 1256 2136 ἁγίων.

1989 2073 2210 2138 stamus
2257 2081 2364 2137 pro
2403 2080 2473 2121 eo
2528 2065 2693 2137 quod
2748 2065 2977 2120 sincero
3025 2063 3203 2119 corde
3238 2060 3583 2132 suscepistis

1932 2163 2207 2212 sanctum
2222 2155 2592 2227 Dionysium,
2613 2154 2783 2226 cujus
2797 2154 3087 2209 memoria
3110 2157 3195 2209 est
3208 2168 3343 2208 cum
3361 2150 3583 2209 sanctis

1933 2246 2061 2317 ejus
2082 2243 2616 2301 commilitonibus.

296 2346 412 2401 PIB'
568 2378 633 2388 -—
668 2352 1101 2419 Κατηχητικὴ
1141 2351 1293 2421 πρὸς
1331 2352 1479 2411 τοὺς
1519 2347 1751 2402 ἑαυτοῦ

2112 2352 2260 2408 CXII.
2298 2382 2360 2393 —
2393 2350 2763 2408 Catechetica
2793 2349 2873 2406 ad
2898 2348 3222 2418 discipulos
3246 2363 3400 2403 suos.

742 2438 1039 2508 μαθητάς
1079 2434 1282 2509 [χμδ’.]
1810 2486 1813 2491 ,

525 2525 593 2575 De
624 2524 771 2574 obitu
804 2526 1040 2589 Dionysii
1093 2530 1145 2576 et
1176 2526 1355 2585 Anthi,
1387 2527 1808 2577 monachorum:
1842 2543 2072 2595 quorum
2094 2530 2345 2579 virtutem
2370 2542 2432 2579 ac
2466 2529 2607 2579 facta
2636 2527 2895 2591 praeclara
2917 2526 3279 2576 commendat.

303 2601 540 2678 ’Δδελφοὶ
588 2610 673 2658 καὶ
716 2610 957 2681 Πατέρες.
1014 2605 1193 2661 ’Δλλοι
1236 2610 1325 2679 μὲν
1362 2607 1607 2680 λυπηρῶς
1662 2606 1821 2680 ἀναγ-

2008 2614 2232 2667 Fratres
2265 2612 2601 2682 Patresque.
2634 2609 2742 2665 Alii
2772 2608 3016 2681 quidem
3041 2607 3309 2662 dolenter
3339 2620 3582 2661 suorum

221 2694 467 2767 γε’λλουσι
509 2697 596 2756 τὰς
652 2703 753 2747 τῶν
811 2695 1011 2749 οἰκείων
1070 2695 1425 2759 ἀποϐιώσεις·
1474 2699 1576 2770 ἐγὼ
1633 2695 1693 2751 δὲ
1736 2703 1815 2750 καί

1989 2700 2133 2755 situs
2164 2699 2551 2769 annuntiant;
2586 2713 2698 2768 ego
2730 2712 2871 2753 vero
2927 2711 3152 2767 magna
3194 2710 3331 2749 cum
3359 2692 3583 2749 latitia.

222 2784 341 2838 λίαν
375 2792 696 2860 περιχαρῶς.
732 2788 827 2839 Διά
854 2790 906 2837 τί
938 2804 951 2852 ;
994 2787 1075 2839 ὅτι
1118 2788 1167 2839 οἱ
1214 2785 1622 2849 ἀποϐεϐιωκότες
1670 2785 1816 2840 ἀδελ-

1989 2787 2086 2842 uid
2113 2789 2193 2843 ita
2217 2788 2243 2841 ?
2274 2788 2420 2859 quia
2447 2787 2552 2858 qui
2596 2787 2717 2842 vita
2746 2795 3130 2842 excesserunt
3161 2783 3348 2839 sancti
3372 2781 3583 2838 fratres

226 2879 311 2946 φοί
366 2876 512 2945 ἡμῶν
556 2874 721 2946 ἅγιοι,
770 2874 999 2937 κλήσεως
1051 2878 1359 2949 ἐπουρανίου
1416 2881 1652 2949 μέτοχοι,
1705 2876 1820 2929 Ἂν-

1993 2878 2142 2943 )Sll‘l,
2196 2876 2414 2932 caelesti
2466 2876 2777 2932 vocatione
2830 2875 3157 2946 potiuntur,
3216 2873 3447 2927 Anthus
3482 2871 3587 2943 qui

228 2964 317 3025 θος
347 2964 371 3014 6
402 2968 689 3036 φερώνυμος
742 2964 979 3027 ἠνθηκὼς
1022 2966 1114 3026 τὰς
1163 2929 1367 3039 ἀρετὰς,
1416 2929 1511 3018 Ικαὶ
1538 2929 1822 3027 ’λιονύσιος

1989 2972 2097 3021 [xta
2123 2982 2343 3021 nomen
2367 2982 2545 3020 suum
2566 2964 2879 3020 virtutibus
2892 2963 3091 3019 ﬂoruit
3122 2979 3135 3028 ;
3161 2967 3216 3017 et
3242 2960 3583 3032 Dionysius,

225 3054 254 3105 6
287 3049 584 3126 διαπρέψας
611 3060 961 3115 Διονυσιακῶς
990 3055 1106 3106 καθ’
1147 3055 1422 3113 ὁσιότητα.
1477 3055 1602 3117 Οἷός
1642 3052 1700 3108 δὲ
1738 3060 1819 3107 καὶ

1990 3054 2041 3110 ui
2072 3055 2337 3127 Dionysii
2379 3056 2567 3111 instar
2620 3054 2930 3109 sanctitate
2981 3050 3322 3125 praecelluit.
3381 3048 3584 3115 Qualis

224 3145 252 3196 6
310 3144 527 3204 θάνατος
579 3141 898 3215 ἀμφοτέρων,
940 3140 1146 3196 δίκαιον
1186 3143 1342 3197 εἰπεῖν
1373 3186 1385 3199 .
1412 3143 1470 3197 Ὀ
1521 3147 1610 3216 μεν
1650 3144 1818 3203 ἐληλυ-

1988 3149 2133 3199 utem
2154 3144 2464 3216 utriusque
2492 3159 2652 3198 mors
2676 3143 2869 3207 fuerit,
2891 3157 3135 3213 aequum
3162 3144 3249 3195 est
3270 3152 3582 3210 exponere.

227 3234 332 3293 θὼς
381 3230 483 3284 ἀπὸ
512 3238 608 3293 τῆς
655 3231 843 3292 οἰκείας
896 3231 1058 3295 ξενίας
1106 3234 1246 3306 ἄρτι,
1278 3237 1368 3285 καί
1419 3251 1478 3303 γε
1511 3233 1821 3305 συνταξάμε·

1992 3233 2038 3289 le
2068 3232 2313 3305 quidem
2347 3249 2382 3288 a
2414 3232 2891 3305 peregrinatione
2922 3247 3031 3286 sua
3055 3230 3183 3301 jam
3215 3227 3586 3291 redux,cum

224 3339 312 3383 νος
368 3321 495 3392 ἡμῖν
529 3319 664 3372 αὐτὰ
713 3316 782 3379 δὴ
837 3324 903 3373 τά
950 3321 1238 3385 τελευταῖα,
1298 3326 1347 3373 ἒν
1403 3330 1464 3395 τῇ
1525 3324 1818 3397 ὑποστροφῇ

1994 3328 2118 3377 Jtea
2138 3320 2356 3376 scilicet
2379 3320 2666 3375 mandata
2678 3334 2962 3390 suprema
2976 3318 3149 3373 nobis
3172 3316 3588 3378 commisisset,

225 3411 346 3463 καθ’
391 3406 516 3462 όδὸν
560 3410 882 3471 νοσηλευθεὶς
927 3417 1239 3483 κεκοίμηται
1282 3414 1427 3485 ἰερῶς
1484 3411 1532 3465 ἐν
1563 3431 1819 3485 μοναστη-

1999 3458 2001 3464 .
2032 3410 2223 3465 reditu
2251 3410 2462 3465 morbo
2487 3410 2546 3464 in
2604 3409 2696 3464 via
2741 3414 3070 3479 correptus,
3101 3407 3195 3478 pie
3224 3404 3593 3461 obdormivit

225 3504 326 3576 ρίῳ
375 3507 465 3560 τῆς
494 3499 718 3561 Μυέλης.
752 3499 810 3553 Ὁ
851 3496 911 3553 δε
959 3500 1198 3573 ἀσθενείᾳ
1239 3506 1553 3573 περιπεσὼν,
1607 3503 1819 3566 ὑπέστη.

1996 3524 1999 3553 ι
2025 3500 2387 3555 monasterio
2414 3498 2710 3571 Myelensi.
2739 3498 2841 3552 Hic
2874 3513 3016 3553 vero
3044 3494 3398 3551 valetudinis
3433 3490 3590 3548 inﬁr-

229 3590 376 3661 εἰμὴ
431 3592 678 3659 προπετὲς
726 3589 904 3656 εἰπεῖν,
960 3593 1026 3643 τά
1070 3599 1163 3643 τοῦ
1211 3588 1461 3662 ἀοιδίμου
1508 3590 1625 3644 Ἰὼϐ
1665 3593 1823 3650 παθη·

1998 3589 2145 3644 ηἱιειιθ
2169 3588 2467 3655 detentus,
2495 3586 2877 3643 celeberrimo
2908 3585 3041 3651 Job,
3060 3585 3171 3640 nisi
3207 3580 3592 3639 temerarium

230 3699 393 3752 ματα.
430 3683 530 3731 Καὶ
567 3680 665 3752 γὰρ
720 3682 814 3741 τὰς
864 3680 1066 3752 σάρκας
1112 3679 1272 3732 αὐτοῦ
1329 3676 1434 3732 εἶδε
1461 3681 1824 3755 ῥυῐσκομένας¹

1999 3685 2028 3734 ιι
2052 3678 2266 3743 dicere,
2286 3678 2455 3749 paria
2477 3693 2806 3749 purpessus
2828 3682 2933 3731 est.
2961 3679 3108 3730 Nam
3139 3680 3191 3730 et
3219 3689 3429 3729 carnes
3452 3687 3593 3727 suas

230 3773 322 3820 καὶ
350 3770 414 3820 τὰ
442 3767 576 3820 ὀστᾶ
612 3767 957 3841 κεκολλημένα
996 3776 1059 3841 τῇ
1096 3774 1273 3839 σαρκί.
1310 3775 1463 3822 Πόνοι
1504 3769 1824 3835 ἀνύποιστοι,

1999 3768 2267 3824 aﬂuentes
2288 3766 2450 3831 vidit,
2485 3772 2536 3822 et
2562 3782 2707 3821 ossa
2737 3767 2901 3821 carni
2926 3764 3293 3835 agglutinata
3321 3762 3593 3828 ;labores

230 3857 428 3929 πληγαὶ
502 3860 834 3929 τραυμάτων,
909 3859 1061 3933 ῥύσις
1133 3867 1225 3919 τῆς
1299 3862 1532 3933 γαστρὸς
1590 3860 1824 3934 οἰμετρος1

2006 3856 2360 3922 tolerabiles,
2390 3856 2583 3927 plagas
2605 3856 2886 3911 confracti
2912 3854 3196 3925 corporis,
3227 3850 3592 3924 proﬂuvium

233 3952 362 4020 μόνη
404 3949 434 4006 ἠ
477 3952 606 4006 πνοή
653 3951 1027 4021 παραμένουσα
1054 3965 1066 3977 ·
1123 3950 1171 3999 ἑν
1231 3948 1308 4009 οἷς
1360 3948 1694 4021 εὐχαρίστως
1741 3953 1827 4000 καὶ

1996 3946 2162 4000 antris
2188 3944 2602 4010 immodicum,
2632 3945 2791 4000 solus
2827 3950 3056 3999 restans
3088 3940 3424 3997 anhelitus:
3455 3953 3590 4009 quae

232 4037 385 4097 αὐτὸς
438 4041 570 4111 πρὸς
624 4040 831 4109 Κύριον.
882 4034 995 4091 Ἴδε
1033 4039 1082 4090 οἱ
1119 4039 1391 4111 μακάριοι,
1448 4041 1512 4098 ὡς
1548 4042 1637 4090 καὶ
1684 4037 1826 4090 αὐτοὶ

1998 4051 2079 4089 1m
2107 4035 2432 4104 gratiarum
2460 4036 2691 4089 actione
2730 4040 2784 4088 et
2812 4032 3098 4105 patientia
3148 4030 3449 4101 perferens
3476 4025 3592 4081 mi-

230 4128 511 4201 μάρτυρες,
565 4129 833 4188 Διονύσιος
890 4128 914 4177 6
966 4133 1060 4178 τοῦ
1117 4134 1251 4181 Θεοῦ
1303 4127 1528 4199 ἐργάτης
1585 4124 1824 4199 δόκιμος,

1996 4124 2135 4180 γονὴ
2155 4124 2355 4195 etipse
2387 4122 2465 4178 ad
2493 4123 2830 4179 Dominum.
2863 4122 3018 4177 Beati
3050 4135 3274 4183 revera,
3299 4123 3590 4188 tanquam

233 4220 326 4268 καὶ
354 4214 541 4277 Ἄνθος
585 4219 643 4267 τό
675 4215 848 4291 ἀρνίον
894 4223 987 4268 τοῦ
1038 4222 1294 4288 Χριστοῦ.
1357 4218 1621 4277 Διονύσιος
1664 4218 1690 4268 6
1747 4220 1827 4288 μί-

1995 4254 2000 4266 .
2027 4212 2144 4284 ipsi
2176 4218 2486 4283 martyres,
2510 4210 2845 4282 Dionysius,
2873 4209 3097 4281 probus
3132 4208 3231 4262 Dei
3255 4204 3589 4278 operarius,

235 4323 337 4378 χρι
391 4309 589 4377 γήρους
634 4286 840 4366 τδτῆς
894 4286 1162 4376 ὑποταγῆς
1218 4304 1395 4357 ἄεθλον
1446 4305 1549 4357 ἀπὸ
1601 4286 1829 4366 νεότητος

2032 4301 2260 4357 Anthus
2283 4299 2550 4371 agnellus
2583 4298 2811 4354 Christi.
2835 4299 3170 4379 Dionysius,
3203 4296 3307 4369 qui
3330 4311 3366 4350 a
3383 4295 3594 4365 juven-

235 4392 498 4454 τετελεκώς
529 4410 543 4423 ·
592 4398 682 4446 καὶ
733 4391 921 4454 Ἀνθος
973 4395 999 4445 6
1030 4394 1085 4445 ἐκ
1138 4390 1332 4456 παιδὸς
1384 4395 1625 4455 όσιωθεὶς
1669 4398 1829 4467 μέχρι

1999 4395 2062 4445 ite
2091 4390 2167 4445 ad
2207 4389 2443 4444 senium
2476 4403 2665 4459 usque
2726 4387 3078 4443 obedientiua
3108 4390 3410 4441 certamen
3461 4397 3593 4455 per-

237 4482 673 4553 μεσηλικιότητος
744 4482 863 4535 καθ’
937 4483 1204 4555 ὑποταγὴν
1262 4505 1274 4517 ·
1328 4482 1611 4556 ἀμφότεροι
1673 4486 1830 4542 σκεύη

1995 4479 2140 4543 uxit;
2176 4486 2233 4535 et
2261 4478 2509 4542 Anthus,
2538 4478 2640 4549 qui
2694 4493 2730 4533 a
2759 4492 2945 4556 puero
2997 4491 3185 4548 usque
3217 4474 3294 4530 ad
3327 4473 3589 4529 mediam

238 4574 513 4643 εὔχρηστα
561 4579 632 4641 τῷ
681 4575 912 4644 Δεσπότῃ
961 4579 1093 4642 Θεῷ.
1145 4572 1219 4624 Οὐ
1277 4577 1427 4642 μόνον
1472 4571 1519 4625 ἰν
1567 4572 1644 4634 οἶς
1674 4573 1832 4643 ὑμνή-

1998 4575 2175 4624 tatem
2208 4567 2544 4623 obediendo
2576 4567 2950 4622 sanctitatem
2980 4566 3235 4636 adeptus
3265 4569 3368 4620 est.
3400 4563 3590 4618 Ambo

241 4661 408 4717 θησαν
452 4664 696 4734 πρότερον
740 4665 828 4713 καὶ
857 4661 1073 4735 ὕστερον
1123 4678 1136 4691 ·
1194 4664 1324 4734 πρὸς
1371 4659 1430 4714 δὲ
1477 4665 1566 4713 καὶ
1597 4660 1834 4733 φυλακῶν

1995 4674 2089 4713 asa
2116 4657 2283 4713 utilia
2316 4656 2565 4713 Domino
2600 4658 2716 4712 Deo
2742 4673 2753 4710 :
2786 4671 2905 4711 non
2938 4656 2995 4710 in
3024 4655 3093 4709 iis
3123 4655 3304 4710 modo
3330 4667 3589 4723 quorum

239 4745 551 4821 διαδήματα
618 4752 776 4802 ἕνεκεν
834 4747 1179 4812 δικαιοσύνης
1219 4750 1597 4822 περιεϐάλοντο.
1649 4750 1727 4803 Οὔ
1782 4756 1833 4803 τί

2000 4764 2129 4802 Lusa
2160 4747 2322 4818 prius
2371 4763 2440 4802 ac
2486 4746 2780 4818 posterius
2829 4744 3052 4800 laudati
3078 4749 3247 4813 sunt;
3282 4741 3386 4797 sed
3428 4740 3594 4812 quod

238 4837 299 4890 ἂν
350 4842 549 4909 γένοιτο
591 4835 913 4913 ἐνδοξότερον
943 4859 959 4909 ;
993 4838 1145 4911 Ἐχει
1177 4837 1235 4893 δε
1286 4842 1495 4913 θάτερος
1544 4840 1666 4892 ἄλλο
1711 4842 1832 4891 καύ-

2000 4843 2232 4894 raeterea
2261 4854 2566 4893 carcerum
2599 4837 2836 4892 coronis
2869 4840 3111 4907 propter
3126 4833 3420 4904 justitiam
3445 4831 3594 4887 redi-

236 4947 415 5001 χημα,
462 4930 520 4979 τὸ
560 4927 945 5001 ἐξυπηρετῆσαι
976 4929 1129 4981 αὐτόν
1174 4927 1246 5001 τῷ
1297 4935 1461 5002 κυρίῳ
1502 4926 1705 5001 ἀδελφῷ
1744 4934 1830 4982 καὶ

2000 4928 2074 4983 ιὶῐί
2103 4933 2240 4983 sunt
2272 4945 2283 4983 :
2317 4943 2438 4998 quo
2470 4925 2618 4998 quid
2650 4925 2987 4996 possitesse
3019 4920 3382 4992 gloriosius?
3409 4919 3594 4975 Habet

236 5020 665 5092 άρχιεπισκόπῳ,
703 5024 791 5070 καὶ
821 5017 1219 5093 ἑξυπηρέτησιν,
1262 5022 1488 5093 μακράν,
1521 5024 1610 5071 καὶ
1646 5019 1704 5071 οὐ
1736 5023 1830 5090 μό-

1996 5024 2145 5073 utein
2203 5016 2348 5072 alter
2393 5014 2554 5070 aliud
2601 5030 2724 5087 quo
2756 5030 2817 5068 se
2851 5013 3055 5084 jactet,
3088 5011 3253 5083 quod
3306 5010 3590 5065 nimirum

236 5127 321 5161 νον
374 5108 601 5179 μακρὰν,
656 5104 782 5160 ἀλλά
835 5114 925 5160 καὶ
974 5106 1342 5180 ἐπαινουμένην
1395 5108 1530 5162 λίαν.
1591 5106 1830 5180 Ἀμφοτέ·

2004 5105 2271 5162 .mulatus
2304 5106 2375 5159 sit
2406 5104 2653 5159 domino
2713 5102 2874 5157 fratri
2920 5105 2977 5156 et
3029 5099 3504 5170 archiepiscopo,
3540 5102 3598 5152 et

236 5198 398 5271 ρωθεν
424 5192 512 5249 οὖν
544 5194 865 5268 ἀξιαγαστος
903 5198 927 5248 6
960 5194 1193 5269 ἀδελφός.

2004 5195 2192 5251 iidem
2242 5194 2425 5262 longo
2470 5192 2781 5255 famulatu,
2806 5206 2914 5246 nec
2944 5190 3125 5259 longo
3157 5188 3370 5253 solum,
3406 5187 3509 5241 sed
3541 5192 3598 5241 et

1948 5284 2121 5340 valde
2138 5283 2401 5339 laudato.
2438 5283 2695 5353 Utroque
2723 5279 2898 5351 igitur
2928 5277 3171 5335 nomine
3203 5274 3598 5333 admiratione

1949 5374 2169 5443 dignus
2196 5376 2284 5427 est
2312 5369 2507 5426 frater.

312 5462 358 5497 ³⁸
390 5461 527 5517 Luc.
551 5476 707 5528 xx1v,
745 5464 829 5516 t9.

1807 5550 2032 5606 NOTAE.

322 5639 399 5711 (8)
440 5640 504 5694 In
531 5637 667 5696 cod.
699 5640 837 5709 Reg.
865 5636 966 5711 ρκ’.
