4036 6276
545 327 686 383 1375

1809 317 1869 372 S.
1911 314 2098 371 ΤΗΕο
2108 312 2279 369 DOPJ
2320 311 2638 369 STUDITtE

3760 298 3883 355 i376

612 452 699 508 Ad
716 452 844 509 haec
872 465 1036 521 ergo,
1066 449 1305 518 fratres,
1330 447 1476 521 quid
1492 446 1760 503 dicemus
1781 443 1809 499 7
1830 444 2075 513 Migrare
2093 455 2206 496 nos

2383 443 2446 491 Τί
2494 434 2580 490 οὖν
2627 439 2842 507 εἴπωμεν
2894 434 3019 505 πρὸς
3060 434 3247 495 ταῦτα,
3303 423 3519 499 ἀδελφοί
3559 443 3572 494 ;
3625 425 3705 477 ὅτι
3746 442 3882 496 μετα-

549 542 689 597 hiuc
720 557 971 613 prorsus
1000 544 1296 612 quotquot
1319 536 1595 593 homines
1636 550 1865 599 sumus,
1900 533 2206 602 migratio-

547 646 813 703 nemque
859 645 989 686 esse
1039 628 1115 685 ah
1170 628 1430 684 incolatu
1481 625 1555 681 ad
1609 640 1811 679 veram
1849 621 2204 694 requiem,a

548 720 807 776 tenebris
840 719 917 775 ad
970 718 1184 782 lucem,
1218 734 1254 773 a
1299 714 1553 773 tumultu
1584 713 1662 769 ad
1691 710 2199 784 tranquillitatem,

549 825 586 864 a
614 808 770 865 bello
793 808 870 865 ad
914 823 1143 880 pacem,
1178 806 1280 862 ubi
1312 820 1433 861 non
1483 808 1569 860 est
1614 802 1900 859 mordens
1933 799 2198 861 coluber,

547 897 651 953 ubi
681 913 800 952 non
830 903 915 954 est
943 895 1287 952 mutationis
1315 899 1528 958 metus,
1587 892 1690 947 ubi
1738 890 1978 960 recipiet
2017 902 2197 942 unus-

549 989 796 1059 quisque
823 992 1002 1055 prout
1045 988 1107 1041 z‘n
1138 998 1385 1055 corpore
1408 982 1604 1054 gessit,
1660 982 1779 1037 sive
1809 980 2043 1043 bonum,
2076 977 2200 1032 sive

550 1076 777 1131 malum
792 1076 833 1109 ²⁷
847 1073 1058 1142 .Quare
1072 1072 1533 1140 contendamus,
1548 1070 1757 1125 fratres
1772 1068 2198 1135 mei,utsancte

551 1164 901 1232 moriamur;
917 1179 1038 1235 quo
1051 1166 1335 1218 aeternam
1347 1160 1801 1216 damnationem
1816 1156 2193 1226 eﬂ‘ugiamus,

549 1260 605 1310 et
629 1268 771 1322 regn
784 1270 884 1308 um
904 1256 1193 1308 caelorum
1211 1266 1577 1322 consequam
1590 1264 1675 1304 ur.
1714 1246 2091 1303 Horrendum
2112 1248 2198 1300 est

554 1343 818 1399 incidere
832 1342 894 1397 in
917 1357 1129 1397 manus
1150 1342 1255 1396 Dei
1277 1340 1521 1395 viventis
1549 1338 1614 1392 ³⁸.
1644 1339 1801 1393 Deus
1821 1343 2022 1391 noster
2042 1334 2198 1404 ignis

558 1448 904 1489 consumens
917 1433 1080 1487 est”.
1100 1430 1621 1495 Pertimescamus,
1640 1426 1741 1481 tilii
1755 1424 1969 1489 dilecti,
1989 1424 2201 1479 exhor-

551 1537 885 1585 rescamus,
920 1519 1210 1575 adversus
1232 1518 1559 1573 draconem
1580 1515 1887 1572 diabolum
1913 1529 2200 1583 exsurga-

553 1628 710 1677 mus,
736 1616 794 1666 et
822 1609 923 1682 qui
948 1614 1103 1664 stare
1135 1607 1430 1671 videntur,
1479 1612 1535 1661 et
1579 1606 1679 1677 qui
1706 1604 1989 1677 prostrati
2021 1610 2192 1659 sunt:

554 1700 845 1773 quoniam
858 1698 969 1754 illis
982 1697 1226 1771 quidem
1240 1696 1435 1751 brevis
1450 1695 1733 1751 relaxatio
1763 1710 1970 1749 casum
1987 1693 2196 1748 mortis

2311 527 2549 601 ϐαίνομεν
2596 527 2797 586 πάντως
2849 524 3034 583 πάντες
3099 520 3363 592 ἄνθρωποι
3427 514 3668 578 ἐντεῦθεν,
3730 513 3878 569 καὶὴ

2309 616 2593 690 μετάϐασις
2641 613 2740 666 ἀπὸ
2798 614 3078 687 παροικίας
3139 608 3210 669 εἰς
3251 606 3497 664 ἀληθινὴν
3548 605 3879 665 κατάπαυσιν,

2309 689 2364 761 ὲκ
2423 710 2638 766 σκότους
2685 702 2756 763 εἰς
2805 709 2928 774 φῶς.
2990 698 3091 752 ἀπὸ
3137 703 3383 771 ταραχῆς
3426 693 3498 756 εἰς
3552 691 3795 763 γαλήνην,
3837 689 3881 741 ix

2307 796 2530 867 πολέμου
2562 794 2628 855 εἰς
2666 793 2892 866 εἰρήνην,
2942 790 3071 842 ὅπου
3111 789 3205 840 οὐκ
3235 788 3307 838 ένι
3356 780 3558 837 δάκνων
3589 784 3721 853 ὄψις,
3767 780 3879 831 ὅπου

2306 886 2401 939 οὐκ
2431 887 2502 937 ἔνι
2530 890 2726 955 τροπῆς
2755 878 2924 952 φόϐος,
2957 879 3085 930 ὅπου
3125 878 3471 947 κομίσεται
3509 871 3776 929 ἕκαστος
3817 870 3884 919 τὰ

2308 973 2420 1027 διὰ
2452 979 2560 1026 τοῦ
2600 976 2892 1043 σώματος
2917 970 3074 1039 πρὸς
3101 965 3135 1018 ἃ
3164 961 3456 1037 ἔπραξεν,
3488 963 3614 1013 εἶτε
3637 957 3882 1029 ἀγαθόν,

2306 1068 2431 1116 εἴτε
2469 1064 2683 1114 κακόν.
2740 1062 2826 1112 Διὸ
2859 1059 3187 1127 σπεύσωμεν,
3230 1048 3441 1124 ἀδελφοί
3490 1067 3611 1122 μου,
3639 1052 3729 1099 καὶ
3756 1049 3884 1119 ἡμεῖς

2305 1155 2464 1213 ὁσίως
2513 1148 2810 1203 ἆποϐιῶσαι
2840 1167 2852 1179 ·
2897 1150 2967 1207 ὡς
3003 1144 3065 1197 ἂν
3113 1146 3361 1216 φύγοιμεν
3414 1139 3624 1200 αἰωνίας
3666 1140 3882 1210 κρίσεως,

2303 1247 2393 1295 καὶ
2423 1240 2759 1310 ἀξιωθείημεν
2792 1235 3062 1311 βασιλείας
3088 1231 3337 1304 οὐρανῶν.
3371 1226 3649 1300 Φοϐερόν
3701 1228 3769 1278 τὸ
3804 1222 3885 1295 ἐμ-

2304 1337 2523 1384 πεσεῖν
2554 1327 2639 1389 εἰς
2676 1333 2907 1400 χεῖρας
2935 1329 3096 1377 Θεοῦ
3136 1321 3397 1382 ζῶντος.
3427 1316 3487 1370 Ὀ
3517 1318 3667 1375 Θεὸς
3703 1315 3882 1385 ἡμῶν,

2305 1428 2425 1493 πῦρ
2480 1416 2985 1471 καταναλίσκον.
3045 1413 3379 1483 Φοκηθῶμεν,
3428 1412 3581 1461 τέκνα
3634 1403 3882 1476 ἀγαπητὰ,

2306 1489 2582 1583 φρίξωμεν,
2640 1503 3001 1576 διαναστῶμεν
3055 1502 3192 1554 κατὰ
3242 1505 3333 1552 τοῦ
3390 1494 3671 1573 δράκοντος
3725 1489 3886 1546 διαϐό-

2305 1598 2418 1663 λου,
2469 1601 2559 1649 καὶ
2598 1597 2647 1649 οἱ
2693 1591 2963 1653 δοκοῦντες
3007 1591 3242 1655 ἱστάναι,
3289 1590 3378 1639 καὶ
3408 1588 3457 1639 οἱ
3507 1581 3887 1638 ὑποσκελισθέν-

2305 1707 2387 1749 τες
2418 1705 2430 1716 ·
2488 1689 2569 1739 ὅτι
2599 1692 2708 1747 τοῖς
2747 1686 2836 1756 μὶν
2894 1680 3127 1755 βραχεῖα
3173 1680 3447 1751 χαύνωσις
3489 1682 3693 1727 πτῶσιν
3752 1669 3889 1742 ἁπερ-

555 1790 723 1847 aﬂ'ert
753 1806 766 1855 ;
798 1788 892 1844 his
920 1803 1057 1843 vero
1087 1802 1275 1859 parva
1306 1786 1523 1841 mentis
1564 1784 1777 1839 erectio
1808 1788 2048 1856 praestat
2076 1782 2200 1837 vul-

2314 1776 2528 1849 γάζεται
2576 1775 2797 1827 θανάτου
2831 1791 2844 1803 ·
2876 1777 2985 1832 τοῖς
3018 1765 3077 1822 δὲ
3116 1768 3283 1841 μικρὰ
3310 1765 3586 1824 ἁνάνευσις
3612 1766 3755 1815 ἴασιν
3784 1758 3887 1811 ἀνα-

553 1895 763 1936 nerum
788 1878 1003 1933 animae
1025 1877 1415 1931 curationem.
1444 1873 1733 1945 Nunquid
1763 1873 1865 1945 qui
1893 1872 2052 1929 cadit
2080 1888 2198 1928 non

554 1969 857 2039 resurgit?
876 1975 977 2023 aut
997 1967 1099 2039 qui
1118 1966 1431 2031 avertitur,
1460 1981 1578 2020 non
1600 1965 1918 2020 revertitur
1938 1965 1986 1999 3°
2004 1962 2032 2018 ‘I
2054 1966 2196 2028 lmo,

556 2058 764 2115 fratres
795 2057 950 2113 mei:
982 2055 1252 2111 nondum
1285 2054 1492 2110 clausa
1541 2058 1631 2108 est
1673 2055 1883 2124 jauua,
1927 2053 2201 2108 nondum

558 2148 787 2204 solutus
816 2153 904 2202 est
925 2148 1276 2201 conventus.
1302 2145 1625 2199 Parcamus
1646 2142 1822 2198 nobis
1851 2141 1993 2214 ipsis
2020 2163 2031 2195 :
2067 2157 2203 2197 con-

558 2238 888 2294 sideremus
921 2233 1441 2307 quemadmodum
1472 2232 1530 2287 in
1567 2232 1712 2287 urbe
1744 2247 2068 2297 versemur,
2100 2232 2201 2289 ubi

557 2326 900 2383 consideam
912 2341 998 2390 us,
1021 2322 1383 2395 quibuscum
1408 2320 1588 2377 verba
1610 2320 1922 2386 faciamus,
1943 2329 2202 2393 quantus

561 2416 636 2471 sit
654 2414 823 2470 cibus
838 2418 1055 2478 noster,
1080 2411 1275 2483 quies,
1302 2426 1571 2476 somnus,
1588 2410 2011 2475 confabulatio,
2032 2410 2202 2483 hym-

562 2520 775 2561 norum
806 2500 1170 2566 decantatio,
1227 2505 1350 2557 tota
1407 2501 1526 2556 Deo
1567 2499 1830 2571 placens,
1881 2504 2000 2556 tota
2049 2501 2203 2557 utilis

561 2593 856 2666 proximo.

630 2680 1001 2747 Miseremini,
1058 2679 1454 2747 auxiliamini,
1507 2695 1582 2735 ne
1612 2680 1935 2752 quisquam
1977 2678 2199 2751 aliquid

560 2772 738 2829 faciat
772 2776 980 2827 contra
1023 2785 1094 2826 ac
1145 2769 1330 2825 decet.
1380 2770 1531 2835 Quid
1558 2769 1747 2841 prosit
1777 2769 1827 2825 si
1851 2769 2041 2826 lucrer
2074 2768 2206 2825 uni-

562 2877 805 2917 versum
830 2860 1148 2925 mundum,
1173 2864 1229 2914 et
1246 2861 1479 2914 miserae
1504 2859 1720 2915 animm
1744 2858 2204 2930 meaejacturam

561 2950 785 3007 faciam
808 2951 851 2985 ³¹
880 2950 907 3005 τ
940 2950 1081 3014 Quis
1118 2948 1257 3003 mihi
1313 2949 1493 3019 hujus
1522 2949 1654 3003 vitae
1686 2947 2056 3019 voluptatum
2088 2948 2207 3004 fru-

564 3044 695 3096 ctus
724 3039 831 3095 erit
860 3039 920 3093 in
945 3038 1039 3093 die
1070 3037 1276 3093 mortis
1304 3037 1332 3090 ‘?
1362 3053 1482 3110 quo
1504 3041 1703 3092 autem
1726 3037 1931 3092 dolore
1957 3036 2203 3106 afﬁciar,

562 3146 701 3186 cum
726 3128 923 3185 socios
946 3133 1001 3183 et
1019 3127 1281 3200 aequales
1306 3142 1473 3182 meos
1505 3126 1707 3181 videro
1732 3126 1791 3181 in
1819 3129 1933 3183 Deo
1952 3142 2207 3198 regnum

561 3218 753 3285 evehi,
814 3233 908 3272 me
966 3232 1106 3271 vero
1161 3216 1221 3270 in
1275 3215 1554 3271 tenebras
1607 3216 1922 3271 exteriores
1969 3215 2207 3286 abripi?

564 3308 728 3376 Vere,
759 3306 967 3363 fratres
998 3306 1132 3369 mei,
1162 3305 1309 3360 nihil
1353 3310 1439 3360 est
1466 3304 1778 3361 delectatio
1816 3306 2037 3371 carnis,
2064 3304 2208 3360 nihil

564 3413 821 3469 regnum
848 3400 1169 3461 terrenum,
1204 3394 1349 3451 nihil
1375 3395 1563 3465 gloria
1594 3395 1671 3451 ad
1704 3400 1937 3467 tempus
1959 3395 2206 3462 durans,

566 3487 712 3544 nihil
761 3485 975 3540 divitia:
1019 3484 1197 3540 ﬂuxae
1246 3490 1302 3540 et
1348 3484 1612 3549 caducas,
1644 3483 1790 3539 nihil
1820 3483 2044 3539 delicia:
2075 3500 2209 3556 quas

570 3576 856 3643 deﬂuunt,
897 3572 1059 3629 nulla
1089 3573 1151 3628 in
1183 3573 1302 3629 ullo
1342 3589 1572 3639 eorum,
1599 3589 1735 3645 quae
1767 3572 1844 3628 ab
1877 3572 2056 3643 hujus
2077 3574 2210 3629 vitae

567 3664 802 3737 cupidis
829 3662 1077 3734 pulchra
1103 3666 1158 3717 et
1187 3663 1457 3734 speciosa
1496 3662 1913 3718 existimantur
1954 3662 2171 3719 utilitas
2197 3679 2208 3718 :

567 3754 672 3809 sed
698 3754 899 3809 omnia
933 3751 1163 3807 vanitas
1193 3759 1246 3807 et
1266 3751 1652 3821 superﬂuitas
1678 3752 1924 3822 spiritus
1948 3756 2014 3817 ³⁸,
2041 3758 2103 3807 ut
2126 3751 2213 3807 lo-

567 3843 769 3916 quitur
799 3842 846 3896 is
871 3841 973 3913 qui
1003 3856 1215 3897 omnes
1238 3841 1420 3912 hujus
1452 3840 1649 3896 saeculi
1685 3843 2001 3896 suavitates
2025 3842 2214 3898 fuerat

567 3936 862 4004 expertus.
906 3933 1095 4002 Atque
1152 3931 1380 3985 utinam
1412 3930 1642 3985 vanitas
1689 3930 2008 3989 duntaxat:
2075 3947 2213 3987 cum

571 4037 678 4093 pro
707 4020 806 4076 illa
832 4019 1175 4090 sempiterni
1222 4017 1519 4074 cruciatus
1572 4018 1641 4073 iis
1671 4023 1954 4089 parentur
2000 4019 2105 4091 qui
2152 4020 2213 4075 in

572 4128 643 4169 ea
665 4111 1025 4167 volutantur.
1044 4109 1223 4166 Nobis
1243 4124 1381 4164 vero
1398 4108 1618 4181 quibus
1640 4109 2008 4179 spiritualem
2031 4111 2213 4167 vitam

576 4201 864 4257 Dominus
886 4199 1136 4269 largitus
1158 4202 1269 4259 est.
1292 4198 1469 4269 quale
1486 4202 1921 4271 quantumque,
1945 4199 2056 4254 nisi
2080 4216 2214 4256 eam

569 4289 898 4359 fugiamus,
921 4287 1193 4343 imminet
1210 4286 1575 4358 supplicium
1600 4288 1629 4344 ?
1656 4289 1981 4358 Propterea,
2006 4289 2215 4344 fratres

574 4378 709 4442 mei,
736 4392 975 4443 moneo,
1002 4378 1226 4443 hortor,
1255 4376 1528 4443 obsecro,
1572 4382 1861 4450 tanquam
1907 4377 2137 4435 debitor
2162 4384 2217 4436 et

577 4483 784 4522 servus
811 4472 1007 4521 vester
1026 4471 1269 4538 propter
1292 4466 1632 4529 Dominum,
1657 4473 1719 4521 ut
1736 4467 1896 4537 juste
1934 4472 1991 4524 et
2014 4475 2206 4525 sancle

2330 4466 2513 4527 δοῦλος
2544 4466 2685 4537 ὑμῶν
2735 4458 2831 4514 διὰ
2884 4462 3070 4533 Κύριον
3103 4475 3116 4487 ·

574 4555 851 4611 vivamus
882 4554 1064 4610 etiam
1090 4555 1149 4609 in
1163 4561 1489 4626 posterum,
1509 4558 1571 4609 ut
1592 4555 1772 4611 vitam
1787 4561 2071 4613 aeternam
2095 4558 2219 4614 adi-

582 4645 886 4718 piscamur
917 4643 977 4698 in
1005 4644 1237 4699 Christo
1264 4644 1401 4699 Jesu
1440 4643 1695 4700 Domino
1718 4649 1939 4712 nostro,
1971 4646 2065 4701 cui
2092 4646 2222 4718 glo-

582 4735 669 4790 ria
699 4734 758 4789 in
784 4733 1025 4788 saecula.
1053 4734 1263 4788 Amen.

852 4841 1037 4897 CXIII.
1077 4871 1133 4880 —
1165 4840 1584 4912 Euphrosynav
1602 4842 1955 4911 prapositz.

2308 1866 2438 1920 τελεῖ
2460 1865 2709 1937 ψυχικῶν
2736 1861 3070 1937 τραυμάτων.
3121 1861 3216 1915 Μὴ
3277 1856 3303 1907 ό
3361 1858 3608 1907 πίπτων
3657 1850 3764 1903 οὐκ
3810 1847 3888 1899 ἂν·

2312 1960 2627 2024 ίσταται;
2680 1952 2709 2011 ἡ
2759 1952 2783 2002 ὀ
2831 1948 3256 2019 ἀποστρέφων
3313 1943 3424 1996 οὐκ
3474 1940 3884 2011 ἐπιστρέψω

2309 2049 2433 2110 Ναὶ,
2478 2039 2691 2114 ἀδελφοί
2728 2059 2827 2112 μου
2861 2058 2874 2071 ’
2927 2032 3071 2090 οὔπω
3102 2038 3132 2094 ἡ
3183 2036 3316 2109 θύρα
3345 2030 3665 2094 κέκλεισται,
3696 2029 3881 2084 οὕπωὴ

2310 2138 2603 2207 πανήγυρις
2657 2126 2978 2182 διαλέλυται.
3012 2124 3312 2196 Φεισώμεθα
3362 2121 3557 2174 ἑαυτῶν
3590 2136 3604 2149 ⁸
3642 2125 3886 2187 σκοπῶμεν

2311 2233 2417 2284 πῶς
2446 2221 2493 2274 έν
2523 2223 2674 2274 ἄστει
2704 2217 2739 2271 δ
2745 2216 3062 2293 ιατρίϐομεν,
3104 2221 3204 2267 ποῦ
3235 2211 3588 2283 καθεζόμεθα,
3646 2206 3751 2281 μεθ’
3785 2208 3885 2258 οῖων

2311 2317 2602 2387 προσώπων
2659 2305 3025 2379 διαλεγόμεθα,
3082 2303 3278 2361 πηλίκη
3342 2302 3372 2359 ἡ
3435 2302 3600 2374 τροφὴ
3652 2299 3807 2369 ἡμῶν,
3858 2295 3883 2350 ἡ

2312 2382 2540 2474 ἡσυχία,
2592 2401 2621 2458 ἡ
2674 2398 2925 2460 ὖπνωσις,
2968 2396 2996 2453 ἡ
3051 2391 3252 2466 ὁμιλία,
3305 2392 3335 2449 ἡ
3366 2390 3627 2462 ὕμνησις·
3678 2386 3764 2443 ὅλη
3794 2382 3887 2458 ἀρι-

2315 2496 2412 2551 στὴ
2442 2498 2576 2561 Θιῷ,
2610 2488 2699 2545 ὅλη
2740 2484 2998 2559 ἑπωφελὴς
3027 2490 3096 2554 τῷ
3126 2482 3303 2543 πέλας.

2386 2669 2615 2733 Ἐλεεῖτε,
2674 2664 2910 2739 βοηθεῖτε
2950 2678 2964 2693 '
3022 2666 3092 2735 μή
3151 2664 3226 2721 τίς
3272 2678 3319 2712 τι
3378 2658 3605 2732 πράττοι
3659 2654 3797 2728 παρὰ
3839 2651 3884 2702 τὸ

2316 2760 2465 2821 εἰκός.
2505 2762 2568 2812 Τί
2617 2756 2788 2829 ὄφελος
2828 2756 2912 2807 ἐὰν
2951 2752 3062 2805 ὅλον
3112 2753 3199 2804 τόν
3244 2752 3441 2821 κόσμον
3494 2742 3763 2818 κερδήσω,
3814 2743 3886 2792 καὶ

2318 2849 2568 2921 ζημιωθῶ
2601 2850 2694 2905 τὴν
2738 2843 2952 2901 έλεεινὴν
3000 2860 3099 2914 μου
3137 2839 3325 2912 ψυχήν
3360 2854 3374 2904 ;
3408 2840 3458 2889 τί
3499 2854 3594 2906 μοι
3623 2833 3886 2907 προσθήσε-

2316 2959 2404 2991 ται
2451 2938 2499 2989 ἐν
2544 2938 2713 3008 ἡμέρᾳ
2769 2934 2990 2986 θανάτου
3042 2937 3141 2982 τῶν
3188 2925 3318 3001 τῇδε
3362 2922 3705 2985 ἡδυπαθειῶν
3741 2925 3794 2974 τό
3828 2924 3888 2973 τί·

2315 3028 2446 3094 λος;
2495 3030 2546 3078 τί
2700 3026 2953 3095 πείσομαι
3005 3021 3127 3072 ὅταν
3174 3020 3289 3078 τοὺς
3342 3016 3626 3088 όμοταΊεῖς
3671 3031 3767 3087 μου
3809 3007 3889 3063 ἴδω

2317 3114 2876 3193 προσλαμϐανομένους
2931 3110 3004 3170 εἰς
3062 3106 3335 3180 βασιλείαν
3388 3110 3541 3169 Θεοῦ,
3605 3101 3813 3176 ἐμαυτὸν
3846 3095 3891 3149 δί

2319 3186 2585 3279 αἰρόμενον
2638 3202 2709 3264 εἰς
2761 3203 2820 3253 τὸ
2865 3198 3106 3271 ἐξώτερον
3154 3200 3336 3256 σκότος
3390 3210 3403 3260 ;
3447 3200 3673 3260 Ὄντως,
3713 3186 3891 3259 ἀδελφοί

2319 3316 2440 3370 μου,
2490 3290 2641 3347 οὗδὶν
2701 3293 2731 3349 ἡ
2775 3290 3023 3343 εὐπάθεια
3075 3294 3165 3348 τῆς
3216 3286 3430 3360 σαρκός,
3476 3278 3637 3335 οὐδὶν
3682 3278 3892 3353 βασιλεία

2320 3367 2559 3457 ίπίγειος,
2609 3378 2760 3435 οῦδὲν
2792 3376 2926 3442 δόξα
2952 3381 3296 3452 πρόσκαιρος,
3355 3368 3506 3426 οὐδὲν
3559 3370 3777 3429 πλοῦτος
3801 3367 3892 3442 ῥευ·

2320 3454 2687 3549 ματιζόμενος,
2755 3465 2906 3521 οὐδὲν
2970 3469 3136 3538 τρυφὴ
3216 3462 3569 3537 ἀπορρέουσα,
3648 3454 3792 3511 οὐδὲν
3854 3456 3890 3505 ἓν

2321 3546 2495 3618 οὐδενὶ
2540 3569 2638 3613 τῶν
2712 3558 3058 3631 νομιζόμένων
3113 3560 3220 3616 τοῖς
3281 3551 3559 3624 φιλοζώοις
3617 3547 3778 3601 καλῶν
3822 3546 3891 3594 καὶ

2323 3657 2524 3729 ὡραίων
2577 3649 2747 3722 ὄφελος
2779 3664 2791 3678 ⁶
2856 3645 2985 3699 ἀλλὰ
3043 3646 3116 3697 τὰ
3155 3644 3357 3695 πάντα
3405 3636 3890 3713 ματαιότηςκαὶ

2323 3746 2672 3817 περίσσεια
2704 3739 3094 3807 πνεύματος,
3136 3734 3207 3794 ὥς
3253 3748 3413 3803 φησιν
3466 3729 3492 3780 ὁ
3539 3736 3643 3780 τῶν
3686 3726 3890 3779 ἁπάντων

2324 3830 2492 3893 ἡδέων
2544 3836 2637 3882 τοῦ
2680 3823 2810 3900 τῇδε
2857 3825 3041 3884 αἰῶνος
3087 3821 3371 3895 ἀπόπειραν
3420 3820 3782 3889 ποιησάμενος.
3810 3813 3891 3865 Καὶ

2326 3924 2427 3975 εἶθε
2464 3921 2747 3993 ματαιότης
2800 3919 2952 3988 μόνον
2987 3933 2999 3946 ·
3057 3911 3163 3964 ἀλλ’
3224 3912 3305 3964 ὅτι
3350 3907 3457 3960 ἀντ’
3502 3907 3670 3967 αὐτῆς
3721 3915 3891 3955 αιωνιοι

2328 4010 2551 4087 βάσανοι
2640 4008 2972 4080 ταμιεύονται
3062 4008 3167 4063 τοῖς
3242 3997 3691 4071 ἕγκεκυλισμένοις
3762 3990 3889 4060 oriri}.

2321 4078 2473 4174 ;Huiv
2548 4096 2606 4152 δε
2654 4078 2732 4158 οἷς
2786 4097 2816 4154 ἡ
2878 4094 3200 4165 πνευματικὴ
3270 4089 3378 4150 ζωὴ
3435 4089 3758 4159 κεχάρισται

2328 4167 2544 4264 κυρίου,
2586 4191 2725 4244 πόση
2776 4188 2865 4238 καὶ
2911 4181 3108 4241 πηλίκη
3139 4182 3387 4252 τιμωρία,
3428 4176 3471 4229 εἰ
3524 4179 3598 4249 μὴ
3642 4167 3893 4245 φευξόμεθα

2326 4290 2506 4353 αὐτῆς,
2558 4286 2935 4349 ano-adamat;
2988 4282 3084 4333 Διὰ
3127 4284 3299 4343 τοῦτο,
3357 4272 3573 4347 ἀδελφοί
3626 4290 3745 4345 μου,
3796 4268 3893 4319 ὑποο

2326 4381 2627 4452 μιμνήσκω,
2684 4378 2946 4446 παραιγῶ,
3012 4366 3316 4444 παρακαλῶ,
3385 4368 3452 4427 ὡς
3525 4361 3795 4436 ὀφειλέτης,
3838 4356 3895 4452 δὸς

3170 4453 3395 4516 δικαίως
3431 4457 3522 4506 καὶ
3579 4453 3738 4509 ὁσίως
3780 4442 3895 4499 πολι-

2327 4556 2633 4627 τευσώμεθα
2682 4555 2768 4603 καὶ
2821 4552 2953 4623 πρὸς
2990 4550 3048 4600 τὸ
3106 4545 3245 4608 ἑξῆς.
3298 4542 3411 4597 Ἵνα
3456 4540 3893 4627 κληρονοιμιήσιιιμιῖι

2333 4650 2469 4710 ζωὴν
2501 4643 2725 4709 αἰώνιον,
2759 4639 2808 4693 έν
2850 4644 3063 4711 Χριστῷ
3113 4635 3289 4694 Ἰησοῦ
3338 4639 3410 4703 τῷ
3462 4635 3640 4705 Κυρίῳ
3687 4619 3893 4700 thynni:

2330 4736 2360 4793 ἡ
2400 4731 2533 4796 δόξα
2565 4731 2636 4794 εἰς
2662 4732 2783 4791 τοὺς
2823 4727 3034 4788 αἰῶνας.
3058 4726 3249 4797 Ἀμήν.

2475 4837 2613 4893 PII".
2773 4864 2841 4878 -
2871 4833 3244 4907 Εὐφροσύνη
3286 4830 3636 4901 ἡγουμένη.
3715 4812 3893 4894 [χρὴ]

1848 4939 2161 4990 Consolatur
2189 4940 2245 4989 in
2269 4939 2417 4990 obitu
2443 4937 2646 4987 matris.

652 5027 998 5084 Postulabat
1027 5027 1141 5083 hoc
1166 5028 1330 5100 quod
1357 5028 1569 5084 accidit
1599 5028 1787 5085 beatae
1812 5029 2072 5084 dominae
2095 5045 2220 5085 ma-

576 5118 771 5190 trique
798 5117 1105 5172 communi
1129 5118 1257 5188 (nec
1288 5117 1447 5172 enim
1473 5117 1766 5187 refugiam
1791 5122 2042 5173 matrem
2068 5134 2215 5189 quo-

576 5222 693 5279 que
727 5213 995 5263 nostram
1023 5206 1184 5261 illam
1220 5206 1521 5279 appellare
1560 5211 1802 5278 prOpter
1828 5207 2125 5275 virtutem)
2155 5211 2218 5263 ut

584 5332 674 5457 “'7
708 5332 747 5384 Il
780 5332 904 5386 Cor.
944 5347 997 5396 ν,
1031 5335 1115 5386 tn.
1190 5332 1231 5367 ³⁸
1261 5332 1431 5387 Hebr.
1456 5348 1514 5401 χ,
1556 5336 1642 5387 31.
1720 5331 1760 5367 ’9
1794 5332 1965 5387 Hebr.
2006 5349 2107 5399 xu,
2136 5332 2222 5386 29.

2301 5333 2349 5368 ³ο
2379 5334 2591 5387 Jerem.
2626 5345 2743 5395 vm,
2810 5330 2865 5385 4.

2401 5030 2620 5099 Ἀπῄτει
2672 5027 2730 5076 τό
2803 5020 3006 5095 συμϐὰν
3084 5021 3202 5093 περὶ
3280 5020 3369 5076 τὴν
3421 5016 3683 5087 μακαρίαν
3741 5006 3896 5099 κυρίαν

2993 5108 3051 5161 οὗ
3100 5110 3199 5180 ’γὰρ
3255 5110 3615 5181 παραιτοῦμαι
3664 5101 3751 5149 καὶ
3778 5096 3896 5165 ἡμῶν

2330 5120 2421 5169 καὶ
2472 5119 2643 5172 κοινὴν
2694 5115 2894 5185 μητέρα
2936 5132 2949 5143 ·

3662 5205 3675 5218 ·
3735 5182 3898 5237 αὐτοὺς

2333 5208 2535 5280 μητέρα
2586 5203 2749 5261 αὐτὴν
2799 5199 3068 5273 ὀνομάζειν
3123 5193 3217 5250 διὰ
3267 5199 3361 5254 τὴν
3420 5191 3603 5267 ἀρετὴν

2945 5328 2987 5363 ³¹
3024 5324 3220 5382 Matth.
3280 5338 3391 5389 ενι,
3418 5320 3505 5377 26.
3583 5317 3626 5351 ³³
3649 5310 3828 5371 Eccle.
3855 5323 3887 5367 ι,

2150 5500 2373 5558 ΝΟΤιΕ.

662 5602 738 5674 (9)
773 5606 833 5659 ln
864 5602 1000 5661 eod.
1027 5603 1167 5671 Reg.
1192 5608 1325 5674 ρκα¹.
