  <div class='ocr_page' id='page_1' title='image "/cluster/home/n/w/nwhite01/storage/ocr_20150623/99/mdp.39015005675577/694.png"; bbox 0 0 4036 6276; ppageno 0'>
   <div class='ocr_carea' id='block_1_1' title="bbox 237 294 377 351">
    <p class='ocr_par' dir='ltr' id='par_1_1' title="bbox 237 294 377 351">
     <span class='ocr_line' id='line_1_1' title="bbox 237 294 377 351; baseline -0.007 0"><span class='ocrx_word' id='word_1_1' title='bbox 237 294 377 351; x_wconf 76' lang='grc'>137⁸7</span> 
     </span>
    </p>
   </div>
   <div class='ocr_carea' id='block_1_2' title="bbox 1499 291 2306 351">
    <p class='ocr_par' dir='ltr' id='par_1_2' title="bbox 1499 291 2306 351">
     <span class='ocr_line' id='line_1_2' title="bbox 1499 291 2306 351; baseline -0.002 0"><span class='ocrx_word' id='word_1_2' title='bbox 1499 291 2011 351; x_wconf 80' lang='lat' dir='ltr'>EPISTOLARUM</span> <span class='ocrx_word' id='word_1_3' title='bbox 2050 292 2190 350; x_wconf 88' lang='lat' dir='ltr'>LIB.</span> <span class='ocrx_word' id='word_1_4' title='bbox 2234 293 2306 349; x_wconf 88' lang='grc' dir='ltr'>ΙΙ.</span> 
     </span>
    </p>
   </div>
   <div class='ocr_carea' id='block_1_3' title="bbox 3446 294 3586 350">
    <p class='ocr_par' dir='ltr' id='par_1_3' title="bbox 3446 294 3586 350">
     <span class='ocr_line' id='line_1_3' title="bbox 3446 294 3586 350; baseline 0 -1"><span class='ocrx_word' id='word_1_5' title='bbox 3446 294 3586 350; x_wconf 77' lang='grc'>1378</span> 
     </span>
    </p>
   </div>
   <div class='ocr_carea' id='block_1_4' title="bbox 234 418 1822 495">
    <p class='ocr_par' dir='ltr' id='par_1_4' title="bbox 234 418 1822 495">
     <span class='ocr_line' id='line_1_4' title="bbox 234 418 1822 495; baseline -0.001 -23"><span class='ocrx_word' id='word_1_6' title='bbox 234 421 376 491; x_wconf 78' lang='grc' dir='ltr'>ἡμᾶς</span> <span class='ocrx_word' id='word_1_7' title='bbox 430 419 681 493; x_wconf 75' lang='grc' dir='ltr'>ἀφῖχθαι,</span> <span class='ocrx_word' id='word_1_8' title='bbox 740 423 947 473; x_wconf 84' lang='grc' dir='ltr'>καὶτὸν</span> <span class='ocrx_word' id='word_1_9' title='bbox 983 439 1317 495; x_wconf 87' lang='grc' dir='ltr'>προσηκοντα</span> <span class='ocrx_word' id='word_1_10' title='bbox 1354 419 1620 493; x_wconf 79' lang='grc' dir='ltr'>ίπιτάφιον</span> <span class='ocrx_word' id='word_1_11' title='bbox 1660 418 1822 492; x_wconf 79' lang='grc' dir='ltr'>ἐκείνῃ</span> 
     </span>
    </p>
   </div>
   <div class='ocr_carea' id='block_1_5' title="bbox 1930 418 3587 495">
    <p class='ocr_par' dir='ltr' id='par_1_5' title="bbox 1935 418 3587 491">
     <span class='ocr_line' id='line_1_5' title="bbox 1935 418 3587 491; baseline 0.002 -17"><span class='ocrx_word' id='word_1_12' title='bbox 1935 434 2046 475; x_wconf 92' lang='lat' dir='ltr'>nos</span> <span class='ocrx_word' id='word_1_13' title='bbox 2076 419 2189 491; x_wconf 87' lang='lat' dir='ltr'>ipsi</span> <span class='ocrx_word' id='word_1_14' title='bbox 2219 419 2579 485; x_wconf 83' lang='lat' dir='ltr'>veniremus,</span> <span class='ocrx_word' id='word_1_15' title='bbox 2610 423 2663 474; x_wconf 93' lang='lat' dir='ltr'>et</span> <span class='ocrx_word' id='word_1_16' title='bbox 2689 418 2853 475; x_wconf 85' lang='lat' dir='ltr'>illam</span> <span class='ocrx_word' id='word_1_17' title='bbox 2883 419 3129 490; x_wconf 86' lang='lat' dir='ltr'>quidem</span> <span class='ocrx_word' id='word_1_18' title='bbox 3159 434 3429 489; x_wconf 86' lang='lat' dir='ltr'>congrua</span> <span class='ocrx_word' id='word_1_19' title='bbox 3453 421 3587 477; x_wconf 91' lang='lat' dir='ltr'>lau-</span> 
     </span>
    </p>
   </div>
   <div class='ocr_carea' id='block_1_6' title="bbox 232 503 1829 583">
    <p class='ocr_par' dir='ltr' id='par_1_6' title="bbox 232 503 1829 583">
     <span class='ocr_line' id='line_1_6' title="bbox 232 503 1829 583; baseline 0.001 -23"><span class='ocrx_word' id='word_1_20' title='bbox 232 509 324 580; x_wconf 68' lang='grc' dir='ltr'>μὲν</span> <span class='ocrx_word' id='word_1_21' title='bbox 354 503 482 580; x_wconf 77' lang='grc' dir='ltr'>ᾆσαι</span> <span class='ocrx_word' id='word_1_22' title='bbox 525 526 538 540; x_wconf 90' lang='grc'><strong>·</strong></span> <span class='ocrx_word' id='word_1_23' title='bbox 582 513 666 562; x_wconf 80' lang='grc' dir='ltr'>σοὶ</span> <span class='ocrx_word' id='word_1_24' title='bbox 717 507 776 562; x_wconf 79' lang='grc' dir='ltr'>δὲ</span> <span class='ocrx_word' id='word_1_25' title='bbox 824 518 885 583; x_wconf 77' lang='grc' dir='ltr'>τῇ</span> <span class='ocrx_word' id='word_1_26' title='bbox 937 509 1360 583; x_wconf 77' lang='grc' dir='ltr'>ύπολελειμμένη,</span> <span class='ocrx_word' id='word_1_27' title='bbox 1412 513 1503 563; x_wconf 81' lang='grc' dir='ltr'>καὶ</span> <span class='ocrx_word' id='word_1_28' title='bbox 1541 511 1696 562; x_wconf 80' lang='grc' dir='ltr'>οἱονεὶ</span> <span class='ocrx_word' id='word_1_29' title='bbox 1744 511 1829 583; x_wconf 85' lang='grc' dir='ltr'>όρ-</span> 
     </span>
    </p>
   </div>
   <div class='ocr_carea' id='block_1_7' title="bbox 233 602 1823 675">
    <p class='ocr_par' dir='ltr' id='par_1_7' title="bbox 233 602 1823 675">
     <span class='ocr_line' id='line_1_7' title="bbox 233 602 1823 675; baseline 0.001 -26"><span class='ocrx_word' id='word_1_30' title='bbox 233 605 362 671; x_wconf 75' lang='grc' dir='ltr'>φανῇ</span> <span class='ocrx_word' id='word_1_31' title='bbox 396 608 488 660; x_wconf 84' lang='grc' dir='ltr'>τῆς</span> <span class='ocrx_word' id='word_1_32' title='bbox 524 609 785 675; x_wconf 73' lang='grc' dir='ltr'>μητρυιῆς</span> <span class='ocrx_word' id='word_1_33' title='bbox 831 619 926 652; x_wconf 93' lang='grc' dir='ltr'>σου</span> <span class='ocrx_word' id='word_1_34' title='bbox 960 604 1234 673; x_wconf 72' lang='grc' dir='ltr'>συναφείας</span> <span class='ocrx_word' id='word_1_35' title='bbox 1284 619 1336 652; x_wconf 84' lang='grc' dir='ltr'>τε</span> <span class='ocrx_word' id='word_1_36' title='bbox 1373 604 1463 652; x_wconf 78' lang='grc' dir='ltr'>καὶ</span> <span class='ocrx_word' id='word_1_37' title='bbox 1511 602 1823 672; x_wconf 81' lang='grc' dir='ltr'>συμπνοίας,</span> 
     </span>
    </p>
   </div>
   <div class='ocr_carea' id='block_1_8' title="bbox 233 687 1829 762">
    <p class='ocr_par' dir='ltr' id='par_1_8' title="bbox 233 687 1829 762">
     <span class='ocr_line' id='line_1_8' title="bbox 233 687 1829 762; baseline 0 -23"><span class='ocrx_word' id='word_1_38' title='bbox 233 688 559 759; x_wconf 67' lang='grc' dir='ltr'>φθέγξασθαι</span> <span class='ocrx_word' id='word_1_39' title='bbox 613 691 983 762; x_wconf 86' lang='grc' dir='ltr'>παραμύθιον·</span> <span class='ocrx_word' id='word_1_40' title='bbox 1043 692 1147 761; x_wconf 80' lang='grc' dir='ltr'>εἴγε</span> <span class='ocrx_word' id='word_1_41' title='bbox 1204 693 1293 741; x_wconf 83' lang='grc' dir='ltr'>καὶ</span> <span class='ocrx_word' id='word_1_42' title='bbox 1323 687 1604 762; x_wconf 77' lang='grc' dir='ltr'>ὶξευρεθείη</span> <span class='ocrx_word' id='word_1_43' title='bbox 1653 694 1829 740; x_wconf 88' lang='grc' dir='ltr'>τοιοῦ-</span> 
     </span>
    </p>
   </div>
   <div class='ocr_carea' id='block_1_9' title="bbox 234 775 1829 852">
    <p class='ocr_par' dir='ltr' id='par_1_9' title="bbox 234 775 1829 852">
     <span class='ocr_line' id='line_1_9' title="bbox 234 775 1829 852; baseline 0.001 -25"><span class='ocrx_word' id='word_1_44' title='bbox 234 794 321 828; x_wconf 91' lang='grc' dir='ltr'>τον</span> <span class='ocrx_word' id='word_1_45' title='bbox 386 780 675 852; x_wconf 78' lang='grc' dir='ltr'>φάρμακον,</span> <span class='ocrx_word' id='word_1_46' title='bbox 738 775 1019 852; x_wconf 78' lang='grc' dir='ltr'>δυνάμενον</span> <span class='ocrx_word' id='word_1_47' title='bbox 1074 782 1438 852; x_wconf 86' lang='grc' dir='ltr'>καταπραῦναί</span> <span class='ocrx_word' id='word_1_48' title='bbox 1496 797 1590 830; x_wconf 91' lang='grc' dir='ltr'>σου</span> <span class='ocrx_word' id='word_1_49' title='bbox 1629 780 1688 829; x_wconf 94' lang='lat'>1&#39;6</span> <span class='ocrx_word' id='word_1_50' title='bbox 1736 784 1829 837; x_wconf 82' lang='grc' dir='ltr'>τῆς</span> 
     </span>
    </p>
   </div>
   <div class='ocr_carea' id='block_1_10' title="bbox 232 864 1827 941">
    <p class='ocr_par' dir='ltr' id='par_1_10' title="bbox 232 864 1827 941">
     <span class='ocr_line' id='line_1_10' title="bbox 232 864 1827 941; baseline -0.001 -23"><span class='ocrx_word' id='word_1_51' title='bbox 232 864 424 938; x_wconf 78' lang='grc' dir='ltr'>ψυχῆς</span> <span class='ocrx_word' id='word_1_52' title='bbox 475 867 706 940; x_wconf 86' lang='grc' dir='ltr'>άλγεινόν</span> <span class='ocrx_word' id='word_1_53' title='bbox 734 874 825 922; x_wconf 81' lang='grc' dir='ltr'>καὶ</span> <span class='ocrx_word' id='word_1_54' title='bbox 877 873 1275 941; x_wconf 85' lang='grc' dir='ltr'>συμπεπτωκός.</span> <span class='ocrx_word' id='word_1_55' title='bbox 1337 867 1471 920; x_wconf 81' lang='grc' dir='ltr'>Ἀλλ’</span> <span class='ocrx_word' id='word_1_56' title='bbox 1512 867 1619 920; x_wconf 69' lang='grc' dir='ltr'>έπεὶ</span> <span class='ocrx_word' id='word_1_57' title='bbox 1675 872 1827 918; x_wconf 85' lang='grc' dir='ltr'>τοῦτο</span> 
     </span>
    </p>
   </div>
   <div class='ocr_carea' id='block_1_11' title="bbox 232 952 1829 1031">
    <p class='ocr_par' dir='ltr' id='par_1_11' title="bbox 232 952 1829 1031">
     <span class='ocr_line' id='line_1_11' title="bbox 232 952 1829 1031; baseline 0.004 -24"><span class='ocrx_word' id='word_1_58' title='bbox 232 954 328 1007; x_wconf 86' lang='grc' dir='ltr'>ούκ</span> <span class='ocrx_word' id='word_1_59' title='bbox 371 952 663 1028; x_wconf 72' lang='grc' dir='ltr'>ἱνδέχεται,</span> <span class='ocrx_word' id='word_1_60' title='bbox 718 954 811 1010; x_wconf 81' lang='grc' dir='ltr'>διὰ</span> <span class='ocrx_word' id='word_1_61' title='bbox 859 959 1165 1031; x_wconf 86' lang='grc' dir='ltr'>γράμματος</span> <span class='ocrx_word' id='word_1_62' title='bbox 1195 960 1225 1015; x_wconf 84' lang='grc' dir='ltr'><strong>ἠ</strong></span> <span class='ocrx_word' id='word_1_63' title='bbox 1259 960 1539 1014; x_wconf 71' lang='grc' dir='ltr'>ἓπισκοπὴ.</span> <span class='ocrx_word' id='word_1_64' title='bbox 1596 954 1666 1007; x_wconf 78' lang='grc' dir='ltr'><em>Ὠ</em></span> <span class='ocrx_word' id='word_1_65' title='bbox 1724 962 1829 1014; x_wconf 83' lang='grc' dir='ltr'>πῶς</span> 
     </span>
    </p>
   </div>
   <div class='ocr_carea' id='block_1_12' title="bbox 232 1042 1830 1120">
    <p class='ocr_par' dir='ltr' id='par_1_12' title="bbox 232 1042 1830 1120">
     <span class='ocr_line' id='line_1_12' title="bbox 232 1042 1830 1120; baseline -0.001 -24"><span class='ocrx_word' id='word_1_66' title='bbox 232 1042 434 1103; x_wconf 79' lang='grc' dir='ltr'>ἀπέπτη</span> <span class='ocrx_word' id='word_1_67' title='bbox 494 1044 578 1119; x_wconf 74' lang='grc' dir='ltr'>ἀφ’</span> <span class='ocrx_word' id='word_1_68' title='bbox 630 1047 776 1118; x_wconf 76' lang='grc' dir='ltr'>ἡμῶν</span> <span class='ocrx_word' id='word_1_69' title='bbox 831 1048 861 1104; x_wconf 83' lang='grc' dir='ltr'>ἡ</span> <span class='ocrx_word' id='word_1_70' title='bbox 929 1046 1059 1105; x_wconf 76' lang='grc' dir='ltr'>καλὴ</span> <span class='ocrx_word' id='word_1_71' title='bbox 1123 1046 1324 1119; x_wconf 79' lang='grc' dir='ltr'>ἁμμὰς,</span> <span class='ocrx_word' id='word_1_72' title='bbox 1375 1048 1405 1104; x_wconf 86' lang='grc' dir='ltr'>ἡ</span> <span class='ocrx_word' id='word_1_73' title='bbox 1470 1048 1830 1120; x_wconf 76' lang='grc' dir='ltr'>Χριστοφόρος</span> 
     </span>
    </p>
   </div>
   <div class='ocr_carea' id='block_1_13' title="bbox 229 1135 1831 1209">
    <p class='ocr_par' dir='ltr' id='par_1_13' title="bbox 229 1135 1831 1209">
     <span class='ocr_line' id='line_1_13' title="bbox 229 1135 1831 1209; baseline -0.001 -23"><span class='ocrx_word' id='word_1_74' title='bbox 229 1138 386 1206; x_wconf 79' lang='grc' dir='ltr'>γυνὴ,</span> <span class='ocrx_word' id='word_1_75' title='bbox 436 1138 494 1188; x_wconf 89' lang='grc' dir='ltr'>τό</span> <span class='ocrx_word' id='word_1_76' title='bbox 557 1135 822 1209; x_wconf 81' lang='grc' dir='ltr'>κειμήλιον</span> <span class='ocrx_word' id='word_1_77' title='bbox 868 1145 961 1197; x_wconf 86' lang='grc' dir='ltr'>τῆς</span> <span class='ocrx_word' id='word_1_78' title='bbox 1015 1137 1374 1209; x_wconf 74' lang='grc' dir='ltr'>σωφροσύνης,</span> <span class='ocrx_word' id='word_1_79' title='bbox 1424 1138 1480 1187; x_wconf 89' lang='grc' dir='ltr'>τὸ</span> <span class='ocrx_word' id='word_1_80' title='bbox 1533 1152 1831 1209; x_wconf 87' lang='grc' dir='ltr'>κεχαριτω-</span> 
     </span>
    </p>
   </div>
   <div class='ocr_carea' id='block_1_14' title="bbox 230 1223 1827 1297">
    <p class='ocr_par' dir='ltr' id='par_1_14' title="bbox 230 1223 1827 1297">
     <span class='ocr_line' id='line_1_14' title="bbox 230 1223 1827 1297; baseline -0.003 -20"><span class='ocrx_word' id='word_1_81' title='bbox 230 1226 380 1295; x_wconf 86' lang='grc' dir='ltr'>μένον</span> <span class='ocrx_word' id='word_1_82' title='bbox 462 1228 762 1297; x_wconf 87' lang='grc' dir='ltr'>πρόσωπον,</span> <span class='ocrx_word' id='word_1_83' title='bbox 833 1229 893 1278; x_wconf 89' lang='grc' dir='ltr'>τό</span> <span class='ocrx_word' id='word_1_84' title='bbox 949 1233 1038 1286; x_wconf 76' lang='grc' dir='ltr'>τῆς</span> <span class='ocrx_word' id='word_1_85' title='bbox 1108 1223 1370 1286; x_wconf 79' lang='grc' dir='ltr'>εὐλαϐείας</span> <span class='ocrx_word' id='word_1_86' title='bbox 1460 1227 1682 1296; x_wconf 85' lang='grc' dir='ltr'>τέμενος,</span> <span class='ocrx_word' id='word_1_87' title='bbox 1768 1224 1827 1274; x_wconf 89' lang='grc' dir='ltr'>τὸ</span> 
     </span>
    </p>
   </div>
   <div class='ocr_carea' id='block_1_15' title="bbox 230 1312 1827 1389">
    <p class='ocr_par' dir='ltr' id='par_1_15' title="bbox 230 1312 1827 1389">
     <span class='ocr_line' id='line_1_15' title="bbox 230 1312 1827 1389; baseline -0.001 -25"><span class='ocrx_word' id='word_1_88' title='bbox 230 1312 423 1389; x_wconf 78' lang='grc' dir='ltr'>πλῆρες</span> <span class='ocrx_word' id='word_1_89' title='bbox 476 1316 699 1389; x_wconf 80' lang='grc' dir='ltr'>ἡμερῶν,</span> <span class='ocrx_word' id='word_1_90' title='bbox 784 1322 882 1366; x_wconf 88' lang='grc' dir='ltr'>τῶν</span> <span class='ocrx_word' id='word_1_91' title='bbox 950 1333 1004 1367; x_wconf 89' lang='grc' dir='ltr'>τε</span> <span class='ocrx_word' id='word_1_92' title='bbox 1078 1314 1333 1387; x_wconf 76' lang='grc' dir='ltr'>λυομένων</span> <span class='ocrx_word' id='word_1_93' title='bbox 1394 1316 1486 1365; x_wconf 87' lang='lat' dir='ltr'>xui</span> <span class='ocrx_word' id='word_1_94' title='bbox 1566 1318 1827 1384; x_wconf 75' lang='grc' dir='ltr'>μενουσῶν</span> 
     </span>
    </p>
   </div>
   <div class='ocr_carea' id='block_1_16' title="bbox 233 1403 1823 1477">
    <p class='ocr_par' dir='ltr' id='par_1_16' title="bbox 233 1403 1823 1477">
     <span class='ocr_line' id='line_1_16' title="bbox 233 1403 1823 1477; baseline -0.002 -22"><span class='ocrx_word' id='word_1_95' title='bbox 233 1403 419 1475; x_wconf 86' lang='grc' dir='ltr'>θέαμα,</span> <span class='ocrx_word' id='word_1_96' title='bbox 453 1404 478 1455; x_wconf 97' lang='lat'>6</span> <span class='ocrx_word' id='word_1_97' title='bbox 503 1406 815 1477; x_wconf 83' lang='grc' dir='ltr'>ἡγιασμένος</span> <span class='ocrx_word' id='word_1_98' title='bbox 851 1407 989 1469; x_wconf 89' lang='grc' dir='ltr'>ναὸς,</span> <span class='ocrx_word' id='word_1_99' title='bbox 1042 1405 1069 1456; x_wconf 93' lang='lat'>6</span> <span class='ocrx_word' id='word_1_100' title='bbox 1107 1403 1287 1457; x_wconf 77' lang='grc' dir='ltr'>έλαιὼν</span> <span class='ocrx_word' id='word_1_101' title='bbox 1333 1411 1430 1465; x_wconf 80' lang='grc' dir='ltr'>τῆς</span> <span class='ocrx_word' id='word_1_102' title='bbox 1476 1405 1823 1474; x_wconf 74' lang='grc' dir='ltr'>συμπαθείας,</span> 
     </span>
    </p>
   </div>
   <div class='ocr_carea' id='block_1_17' title="bbox 229 1489 1825 1566">
    <p class='ocr_par' dir='ltr' id='par_1_17' title="bbox 229 1489 1825 1566">
     <span class='ocr_line' id='line_1_17' title="bbox 229 1489 1825 1566; baseline 0 -23"><span class='ocrx_word' id='word_1_103' title='bbox 229 1492 257 1542; x_wconf 91' lang='lat'>6</span> <span class='ocrx_word' id='word_1_104' title='bbox 293 1492 562 1566; x_wconf 85' lang='grc' dir='ltr'>οἰκτιρμὸς</span> <span class='ocrx_word' id='word_1_105' title='bbox 605 1502 700 1555; x_wconf 83' lang='grc' dir='ltr'>τῆς</span> <span class='ocrx_word' id='word_1_106' title='bbox 755 1489 1055 1558; x_wconf 73' lang='grc' dir='ltr'>ἐπιδόσεως,</span> <span class='ocrx_word' id='word_1_107' title='bbox 1108 1497 1165 1546; x_wconf 88' lang='grc' dir='ltr'>τὸ</span> <span class='ocrx_word' id='word_1_108' title='bbox 1224 1494 1356 1555; x_wconf 77' lang='grc' dir='ltr'>ζῶον</span> <span class='ocrx_word' id='word_1_109' title='bbox 1409 1496 1559 1553; x_wconf 80' lang='grc' dir='ltr'>ὄντως</span> <span class='ocrx_word' id='word_1_110' title='bbox 1608 1495 1665 1544; x_wconf 90' lang='grc' dir='ltr'>τὸ</span> <span class='ocrx_word' id='word_1_111' title='bbox 1716 1493 1825 1544; x_wconf 85' lang='grc' dir='ltr'>θεό-</span> 
     </span>
    </p>
   </div>
   <div class='ocr_carea' id='block_1_18' title="bbox 227 1577 1822 1657">
    <p class='ocr_par' dir='ltr' id='par_1_18' title="bbox 227 1577 1822 1657">
     <span class='ocr_line' id='line_1_18' title="bbox 227 1577 1822 1657; baseline -0.001 -24"><span class='ocrx_word' id='word_1_112' title='bbox 227 1579 479 1649; x_wconf 91' lang='grc' dir='ltr'>πλαστον,</span> <span class='ocrx_word' id='word_1_113' title='bbox 539 1584 565 1635; x_wconf 92' lang='lat'>6</span> <span class='ocrx_word' id='word_1_114' title='bbox 607 1584 825 1656; x_wconf 79' lang='grc' dir='ltr'>ἄφθονος</span> <span class='ocrx_word' id='word_1_115' title='bbox 874 1582 1158 1657; x_wconf 79' lang='grc' dir='ltr'>ὀφθαλμός,</span> <span class='ocrx_word' id='word_1_116' title='bbox 1198 1585 1228 1642; x_wconf 81' lang='grc' dir='ltr'>ἡ</span> <span class='ocrx_word' id='word_1_117' title='bbox 1272 1582 1563 1642; x_wconf 78' lang='grc' dir='ltr'>ἀϐάσκανος</span> <span class='ocrx_word' id='word_1_118' title='bbox 1602 1577 1822 1653; x_wconf 82' lang='grc' dir='ltr'>καρδία,</span> 
     </span>
    </p>
   </div>
   <div class='ocr_carea' id='block_1_19' title="bbox 230 1668 1827 1745">
    <p class='ocr_par' dir='ltr' id='par_1_19' title="bbox 230 1668 1827 1745">
     <span class='ocr_line' id='line_1_19' title="bbox 230 1668 1827 1745; baseline -0.001 -22"><span class='ocrx_word' id='word_1_119' title='bbox 230 1672 385 1744; x_wconf 74' lang='grc' dir='ltr'>ἡπρό</span> <span class='ocrx_word' id='word_1_120' title='bbox 437 1679 528 1725; x_wconf 90' lang='grc' dir='ltr'>τοῦ</span> <span class='ocrx_word' id='word_1_121' title='bbox 569 1674 790 1726; x_wconf 88' lang='grc' dir='ltr'>θανάτου</span> <span class='ocrx_word' id='word_1_122' title='bbox 844 1669 1075 1745; x_wconf 75' lang='grc' dir='ltr'>ἔκδημος</span> <span class='ocrx_word' id='word_1_123' title='bbox 1125 1680 1225 1725; x_wconf 86' lang='grc' dir='ltr'>τῶν</span> <span class='ocrx_word' id='word_1_124' title='bbox 1274 1668 1405 1745; x_wconf 72' lang='grc' dir='ltr'>τῇδε</span> <span class='ocrx_word' id='word_1_125' title='bbox 1444 1668 1538 1724; x_wconf 83' lang='grc' dir='ltr'>διὰ</span> <span class='ocrx_word' id='word_1_126' title='bbox 1600 1674 1687 1723; x_wconf 87' lang='grc' dir='ltr'>τὸν</span> <span class='ocrx_word' id='word_1_127' title='bbox 1725 1689 1827 1722; x_wconf 88' lang='grc' dir='ltr'>πο-</span> 
     </span>
    </p>
   </div>
   <div class='ocr_carea' id='block_1_20' title="bbox 231 1731 1897 1838">
    <p class='ocr_par' dir='ltr' id='par_1_20' title="bbox 231 1731 1897 1838">
     <span class='ocr_line' id='line_1_20' title="bbox 231 1731 1897 1838; baseline -0.001 -26"><span class='ocrx_word' id='word_1_128' title='bbox 231 1761 473 1833; x_wconf 86' lang='grc' dir='ltr'>θούμενον</span> <span class='ocrx_word' id='word_1_129' title='bbox 519 1767 737 1835; x_wconf 73' lang='grc' dir='ltr'>νυμφίον</span> <span class='ocrx_word' id='word_1_130' title='bbox 776 1765 1028 1838; x_wconf 78' lang='grc' dir='ltr'>Χριστόν,</span> <span class='ocrx_word' id='word_1_131' title='bbox 1062 1767 1151 1815; x_wconf 90' lang='lat' dir='ltr'>xui</span> <span class='ocrx_word' id='word_1_132' title='bbox 1204 1758 1298 1815; x_wconf 83' lang='grc' dir='ltr'>διὰ</span> <span class='ocrx_word' id='word_1_133' title='bbox 1346 1766 1440 1819; x_wconf 80' lang='grc' dir='ltr'>τὴν</span> <span class='ocrx_word' id='word_1_134' title='bbox 1486 1763 1651 1813; x_wconf 71' lang='grc' dir='ltr'>ἐκεῖσε</span> <span class='ocrx_word' id='word_1_135' title='bbox 1703 1759 1825 1811; x_wconf 78' lang='grc' dir='ltr'>ἄλυ-</span> <span class='ocrx_word' id='word_1_136' title='bbox 1855 1731 1897 1785; x_wconf 83' lang='grc' dir='ltr'><strong>Β</strong></span> 
     </span>
    </p>
   </div>
   <div class='ocr_carea' id='block_1_21' title="bbox 228 1846 1830 1924">
    <p class='ocr_par' dir='ltr' id='par_1_21' title="bbox 228 1846 1830 1924">
     <span class='ocr_line' id='line_1_21' title="bbox 228 1846 1830 1924; baseline -0.001 -22"><span class='ocrx_word' id='word_1_137' title='bbox 228 1868 315 1902; x_wconf 91' lang='grc' dir='ltr'>τον</span> <span class='ocrx_word' id='word_1_138' title='bbox 342 1850 479 1912; x_wconf 76' lang='grc' dir='ltr'>ζωὴν</span> <span class='ocrx_word' id='word_1_139' title='bbox 503 1857 593 1904; x_wconf 83' lang='grc' dir='ltr'>καὶ</span> <span class='ocrx_word' id='word_1_140' title='bbox 650 1851 910 1924; x_wconf 79' lang='grc' dir='ltr'>ἀκήρατον</span> <span class='ocrx_word' id='word_1_141' title='bbox 945 1869 959 1919; x_wconf 90' lang='grc'><strong>;</strong></span> <span class='ocrx_word' id='word_1_142' title='bbox 991 1850 1080 1918; x_wconf 66' lang='lat' dir='ltr'>&quot;ﬂ,</span> <span class='ocrx_word' id='word_1_143' title='bbox 1134 1852 1193 1917; x_wconf 86' lang='grc' dir='ltr'>ὦ,</span> <span class='ocrx_word' id='word_1_144' title='bbox 1226 1855 1369 1904; x_wconf 87' lang='grc' dir='ltr'>πόσα</span> <span class='ocrx_word' id='word_1_145' title='bbox 1404 1850 1631 1911; x_wconf 79' lang='grc' dir='ltr'>λαλήσας</span> <span class='ocrx_word' id='word_1_146' title='bbox 1670 1846 1830 1909; x_wconf 79' lang='grc' dir='ltr'>δυνη-</span> 
     </span>
    </p>
   </div>
   <div class='ocr_carea' id='block_1_22' title="bbox 232 1936 1823 2016">
    <p class='ocr_par' dir='ltr' id='par_1_22' title="bbox 232 1936 1823 2016">
     <span class='ocr_line' id='line_1_22' title="bbox 232 1936 1823 2016; baseline -0.001 -24"><span class='ocrx_word' id='word_1_147' title='bbox 232 1941 374 1999; x_wconf 90' lang='grc' dir='ltr'>θείην</span> <span class='ocrx_word' id='word_1_148' title='bbox 421 1948 645 1994; x_wconf 86' lang='grc' dir='ltr'>κενῶσαι</span> <span class='ocrx_word' id='word_1_149' title='bbox 685 1944 743 1993; x_wconf 91' lang='grc' dir='ltr'>τὸ</span> <span class='ocrx_word' id='word_1_150' title='bbox 786 1943 1049 1994; x_wconf 87' lang='grc' dir='ltr'>συνωθοῦν</span> <span class='ocrx_word' id='word_1_151' title='bbox 1087 1945 1182 1999; x_wconf 78' lang='grc' dir='ltr'>τὴν</span> <span class='ocrx_word' id='word_1_152' title='bbox 1220 1936 1445 2016; x_wconf 80' lang='grc' dir='ltr'>καρδίαν</span> <span class='ocrx_word' id='word_1_153' title='bbox 1497 1960 1597 2012; x_wconf 90' lang='grc' dir='ltr'>μου</span> <span class='ocrx_word' id='word_1_154' title='bbox 1648 1958 1823 2011; x_wconf 79' lang='grc' dir='ltr'>σεμνοο</span> 
     </span>
    </p>
   </div>
   <div class='ocr_carea' id='block_1_23' title="bbox 225 2028 1826 2103">
    <p class='ocr_par' dir='ltr' id='par_1_23' title="bbox 225 2028 1826 2103">
     <span class='ocr_line' id='line_1_23' title="bbox 225 2028 1826 2103; baseline 0 -22"><span class='ocrx_word' id='word_1_155' title='bbox 225 2028 480 2102; x_wconf 70' lang='grc' dir='ltr'>λόγημαι</span> <span class='ocrx_word' id='word_1_156' title='bbox 538 2035 783 2102; x_wconf 77' lang='grc' dir='ltr'>Καίτοιγε</span> <span class='ocrx_word' id='word_1_157' title='bbox 858 2030 1128 2103; x_wconf 56' lang='grc' dir='ltr'>ὀψιμαθὴς</span> <span class='ocrx_word' id='word_1_158' title='bbox 1192 2031 1290 2102; x_wconf 77' lang='grc' dir='ltr'>ἐγὼ</span> <span class='ocrx_word' id='word_1_159' title='bbox 1342 2039 1439 2093; x_wconf 87' lang='grc' dir='ltr'>τῆς</span> <span class='ocrx_word' id='word_1_160' title='bbox 1484 2033 1669 2103; x_wconf 79' lang='grc' dir='ltr'>κυρίας</span> <span class='ocrx_word' id='word_1_161' title='bbox 1736 2033 1826 2082; x_wconf 85' lang='grc' dir='ltr'>καὶ</span> 
     </span>
    </p>
   </div>
   <div class='ocr_carea' id='block_1_24' title="bbox 228 2116 1820 2193">
    <p class='ocr_par' dir='ltr' id='par_1_24' title="bbox 228 2116 1820 2193">
     <span class='ocr_line' id='line_1_24' title="bbox 228 2116 1820 2193; baseline -0.001 -23"><span class='ocrx_word' id='word_1_162' title='bbox 228 2124 329 2170; x_wconf 86' lang='grc' dir='ltr'>τῶν</span> <span class='ocrx_word' id='word_1_163' title='bbox 368 2116 588 2171; x_wconf 86' lang='grc' dir='ltr'>ένουσῶν</span> <span class='ocrx_word' id='word_1_164' title='bbox 646 2120 769 2191; x_wconf 85' lang='grc' dir='ltr'>ὑμῖν</span> <span class='ocrx_word' id='word_1_165' title='bbox 828 2117 1041 2193; x_wconf 78' lang='grc' dir='ltr'>ἀρετῶν,</span> <span class='ocrx_word' id='word_1_166' title='bbox 1099 2123 1191 2172; x_wconf 86' lang='grc' dir='ltr'>καὶ</span> <span class='ocrx_word' id='word_1_167' title='bbox 1239 2126 1487 2172; x_wconf 87' lang='grc' dir='ltr'>τοσοῦτον</span> <span class='ocrx_word' id='word_1_168' title='bbox 1545 2120 1592 2170; x_wconf 69' lang='grc' dir='ltr'>ἓν</span> <span class='ocrx_word' id='word_1_169' title='bbox 1647 2122 1820 2190; x_wconf 83' lang='grc' dir='ltr'>πείρᾳ,</span> 
     </span>
    </p>
   </div>
   <div class='ocr_carea' id='block_1_25' title="bbox 225 2203 1823 2281">
    <p class='ocr_par' dir='ltr' id='par_1_25' title="bbox 225 2203 1823 2281">
     <span class='ocr_line' id='line_1_25' title="bbox 225 2203 1823 2281; baseline -0.001 -22"><span class='ocrx_word' id='word_1_170' title='bbox 225 2208 350 2259; x_wconf 80' lang='grc' dir='ltr'>ὅσον</span> <span class='ocrx_word' id='word_1_171' title='bbox 402 2206 545 2281; x_wconf 77' lang='grc' dir='ltr'>ἄκρῳ</span> <span class='ocrx_word' id='word_1_172' title='bbox 601 2203 842 2280; x_wconf 79' lang='grc' dir='ltr'>δακτύλῳ</span> <span class='ocrx_word' id='word_1_173' title='bbox 898 2208 1217 2281; x_wconf 70' lang='grc' dir='ltr'>ἔφαψάμενός</span> <span class='ocrx_word' id='word_1_174' title='bbox 1263 2227 1342 2270; x_wconf 90' lang='grc' dir='ltr'>τις</span> <span class='ocrx_word' id='word_1_175' title='bbox 1399 2206 1624 2280; x_wconf 87' lang='grc' dir='ltr'>μέλιτος.</span> <span class='ocrx_word' id='word_1_176' title='bbox 1690 2206 1823 2258; x_wconf 80' lang='grc' dir='ltr'>Ἀλλ’</span> 
     </span>
    </p>
   </div>
   <div class='ocr_carea' id='block_1_26' title="bbox 226 2294 1825 2372">
    <p class='ocr_par' dir='ltr' id='par_1_26' title="bbox 226 2294 1825 2372">
     <span class='ocr_line' id='line_1_26' title="bbox 226 2294 1825 2372; baseline -0.001 -23"><span class='ocrx_word' id='word_1_177' title='bbox 226 2297 366 2369; x_wconf 82' lang='grc' dir='ltr'>ὅμως</span> <span class='ocrx_word' id='word_1_178' title='bbox 390 2298 421 2356; x_wconf 78' lang='grc' dir='ltr'>ἡ</span> <span class='ocrx_word' id='word_1_179' title='bbox 451 2294 684 2372; x_wconf 83' lang='grc' dir='ltr'>βραχεῖα</span> <span class='ocrx_word' id='word_1_180' title='bbox 733 2304 911 2369; x_wconf 88' lang='grc' dir='ltr'>γεῦσις</span> <span class='ocrx_word' id='word_1_181' title='bbox 966 2295 1198 2357; x_wconf 75' lang='grc' dir='ltr'>δήλωσιν</span> <span class='ocrx_word' id='word_1_182' title='bbox 1250 2302 1546 2371; x_wconf 80' lang='grc' dir='ltr'>παρίστησι</span> <span class='ocrx_word' id='word_1_183' title='bbox 1575 2304 1670 2357; x_wconf 85' lang='grc' dir='ltr'>τῆς</span> <span class='ocrx_word' id='word_1_184' title='bbox 1708 2296 1825 2357; x_wconf 86' lang='grc' dir='ltr'>ὅλης</span> 
     </span>
    </p>
   </div>
   <div class='ocr_carea' id='block_1_27' title="bbox 224 2385 1826 2461">
    <p class='ocr_par' dir='ltr' id='par_1_27' title="bbox 224 2385 1826 2461">
     <span class='ocr_line' id='line_1_27' title="bbox 224 2385 1826 2461; baseline -0.001 -23"><span class='ocrx_word' id='word_1_185' title='bbox 224 2385 569 2458; x_wconf 83' lang='grc' dir='ltr'>γλυκύτητος,</span> <span class='ocrx_word' id='word_1_186' title='bbox 626 2385 790 2449; x_wconf 81' lang='grc' dir='ltr'>ἄλλως</span> <span class='ocrx_word' id='word_1_187' title='bbox 841 2406 895 2440; x_wconf 86' lang='grc' dir='ltr'>τε</span> <span class='ocrx_word' id='word_1_188' title='bbox 932 2392 1022 2439; x_wconf 84' lang='lat' dir='ltr'>xui</span> <span class='ocrx_word' id='word_1_189' title='bbox 1072 2389 1217 2461; x_wconf 82' lang='grc' dir='ltr'>παρὰ</span> <span class='ocrx_word' id='word_1_190' title='bbox 1272 2394 1372 2439; x_wconf 87' lang='grc' dir='ltr'>τῶν</span> <span class='ocrx_word' id='word_1_191' title='bbox 1410 2385 1595 2439; x_wconf 82' lang='grc' dir='ltr'>κᾶλλον</span> <span class='ocrx_word' id='word_1_192' title='bbox 1652 2404 1826 2438; x_wconf 84' lang='grc' dir='ltr'>πεπει-</span> 
     </span>
    </p>
   </div>
   <div class='ocr_carea' id='block_1_28' title="bbox 224 2471 1824 2552">
    <p class='ocr_par' dir='ltr' id='par_1_28' title="bbox 224 2471 1824 2552">
     <span class='ocr_line' id='line_1_28' title="bbox 224 2471 1824 2552; baseline 0 -25"><span class='ocrx_word' id='word_1_193' title='bbox 224 2479 457 2548; x_wconf 84' lang='grc' dir='ltr'>ραμένων</span> <span class='ocrx_word' id='word_1_194' title='bbox 532 2477 675 2548; x_wconf 83' lang='grc' dir='ltr'>ὑμῶν</span> <span class='ocrx_word' id='word_1_195' title='bbox 740 2484 836 2539; x_wconf 88' lang='grc' dir='ltr'>τῆς</span> <span class='ocrx_word' id='word_1_196' title='bbox 900 2474 1086 2552; x_wconf 78' lang='grc' dir='ltr'>ἀρετῆς</span> <span class='ocrx_word' id='word_1_197' title='bbox 1161 2472 1392 2548; x_wconf 77' lang='grc' dir='ltr'>ἀδελφῶν</span> <span class='ocrx_word' id='word_1_198' title='bbox 1456 2471 1824 2546; x_wconf 69' lang='grc' dir='ltr'>ἐκδιδαχθείς,</span> 
     </span>
    </p>
   </div>
   <div class='ocr_carea' id='block_1_29' title="bbox 227 2553 1819 2629">
    <p class='ocr_par' dir='ltr' id='par_1_29' title="bbox 227 2553 1819 2629">
     <span class='ocr_line' id='line_1_29' title="bbox 227 2553 1819 2629; baseline -0.001 -22"><span class='ocrx_word' id='word_1_199' title='bbox 227 2553 494 2629; x_wconf 78' lang='grc' dir='ltr'>ἀρκοῦσαν</span> <span class='ocrx_word' id='word_1_200' title='bbox 542 2558 651 2628; x_wconf 70' lang='grc' dir='ltr'>ἔχω</span> <span class='ocrx_word' id='word_1_201' title='bbox 726 2560 822 2615; x_wconf 78' lang='grc' dir='ltr'>τὴν</span> <span class='ocrx_word' id='word_1_202' title='bbox 865 2562 982 2629; x_wconf 87' lang='grc' dir='ltr'>περὶ</span> <span class='ocrx_word' id='word_1_203' title='bbox 1048 2556 1211 2618; x_wconf 79' lang='grc' dir='ltr'>αὐτῆς</span> <span class='ocrx_word' id='word_1_204' title='bbox 1266 2564 1460 2627; x_wconf 86' lang='grc' dir='ltr'>γνῶσιν</span> <span class='ocrx_word' id='word_1_205' title='bbox 1515 2558 1565 2607; x_wconf 76' lang='grc' dir='ltr'>ἓν</span> <span class='ocrx_word' id='word_1_206' title='bbox 1624 2558 1819 2627; x_wconf 78' lang='grc' dir='ltr'>Κυρίῳ.</span> 
     </span>
    </p>
   </div>
   <div class='ocr_carea' id='block_1_30' title="bbox 225 2640 1824 2719">
    <p class='ocr_par' dir='ltr' id='par_1_30' title="bbox 225 2640 1824 2719">
     <span class='ocr_line' id='line_1_30' title="bbox 225 2640 1824 2719; baseline -0.001 -21"><span class='ocrx_word' id='word_1_207' title='bbox 225 2645 429 2703; x_wconf 85' lang='grc' dir='ltr'>Ἐκείνη</span> <span class='ocrx_word' id='word_1_208' title='bbox 462 2642 562 2697; x_wconf 78' lang='grc' dir='ltr'>ἀπὸ</span> <span class='ocrx_word' id='word_1_209' title='bbox 590 2652 683 2697; x_wconf 85' lang='grc' dir='ltr'>τοῦ</span> <span class='ocrx_word' id='word_1_210' title='bbox 722 2648 961 2698; x_wconf 86' lang='grc' dir='ltr'>τοιούτου</span> <span class='ocrx_word' id='word_1_211' title='bbox 1003 2643 1122 2719; x_wconf 85' lang='grc' dir='ltr'>βίου</span> <span class='ocrx_word' id='word_1_212' title='bbox 1152 2646 1302 2717; x_wconf 78' lang='grc' dir='ltr'>ἤχθη</span> <span class='ocrx_word' id='word_1_213' title='bbox 1352 2644 1420 2705; x_wconf 86' lang='grc' dir='ltr'>εἰς</span> <span class='ocrx_word' id='word_1_214' title='bbox 1469 2640 1594 2697; x_wconf 89' lang='grc' dir='ltr'>τόδε</span> <span class='ocrx_word' id='word_1_215' title='bbox 1634 2647 1693 2697; x_wconf 90' lang='grc' dir='ltr'>τό</span> <span class='ocrx_word' id='word_1_216' title='bbox 1731 2663 1824 2696; x_wconf 83' lang='grc' dir='ltr'>πο-</span> 
     </span>
    </p>
   </div>
   <div class='ocr_carea' id='block_1_31' title="bbox 224 2733 1822 2809">
    <p class='ocr_par' dir='ltr' id='par_1_31' title="bbox 224 2733 1822 2809">
     <span class='ocr_line' id='line_1_31' title="bbox 224 2733 1822 2809; baseline -0.001 -23"><span class='ocrx_word' id='word_1_217' title='bbox 224 2733 464 2807; x_wconf 85' lang='grc' dir='ltr'>λίτευμα.</span> <span class='ocrx_word' id='word_1_218' title='bbox 514 2740 595 2787; x_wconf 87' lang='grc' dir='ltr'>Δεί</span> <span class='ocrx_word' id='word_1_219' title='bbox 643 2736 746 2809; x_wconf 89' lang='grc' dir='ltr'>γάρ</span> <span class='ocrx_word' id='word_1_220' title='bbox 785 2754 849 2808; x_wconf 93' lang='grc' dir='ltr'>με</span> <span class='ocrx_word' id='word_1_221' title='bbox 904 2736 1096 2788; x_wconf 81' lang='grc' dir='ltr'>ἄνωθεν</span> <span class='ocrx_word' id='word_1_222' title='bbox 1145 2733 1442 2799; x_wconf 78' lang='grc' dir='ltr'>ὑπολαϐεῖν,</span> <span class='ocrx_word' id='word_1_223' title='bbox 1492 2738 1580 2787; x_wconf 83' lang='lat' dir='ltr'>xui</span> <span class='ocrx_word' id='word_1_224' title='bbox 1637 2738 1822 2808; x_wconf 87' lang='grc' dir='ltr'>μικρόν</span> 
     </span>
    </p>
   </div>
   <div class='ocr_carea' id='block_1_32' title="bbox 224 2818 1462 2899">
    <p class='ocr_par' dir='ltr' id='par_1_32' title="bbox 224 2818 1462 2899">
     <span class='ocr_line' id='line_1_32' title="bbox 224 2818 1462 2899; baseline 0.002 -25"><span class='ocrx_word' id='word_1_225' title='bbox 224 2842 281 2875; x_wconf 85' lang='grc' dir='ltr'>τι</span> <span class='ocrx_word' id='word_1_226' title='bbox 302 2818 628 2897; x_wconf 71' lang='grc' dir='ltr'>ἐνδιατρίψαι</span> <span class='ocrx_word' id='word_1_227' title='bbox 657 2832 729 2895; x_wconf 86' lang='grc' dir='ltr'>τῷ</span> <span class='ocrx_word' id='word_1_228' title='bbox 752 2822 889 2896; x_wconf 81' lang='grc' dir='ltr'>λόγῳ</span> <span class='ocrx_word' id='word_1_229' title='bbox 917 2828 1245 2899; x_wconf 75' lang='grc' dir='ltr'>παρηγορίας</span> <span class='ocrx_word' id='word_1_230' title='bbox 1280 2825 1462 2896; x_wconf 82' lang='grc' dir='ltr'>χάριν.</span> 
     </span>
    </p>
   </div>
   <div class='ocr_carea' id='block_1_33' title="bbox 297 2998 1817 3073">
    <p class='ocr_par' dir='ltr' id='par_1_33' title="bbox 297 2998 1817 3073">
     <span class='ocr_line' id='line_1_33' title="bbox 297 2998 1817 3073; baseline -0.002 -21"><span class='ocrx_word' id='word_1_231' title='bbox 297 3004 451 3072; x_wconf 84' lang='grc' dir='ltr'>Ἔχει</span> <span class='ocrx_word' id='word_1_232' title='bbox 499 3000 682 3062; x_wconf 83' lang='grc' dir='ltr'>οὕτως.</span> <span class='ocrx_word' id='word_1_233' title='bbox 740 3007 853 3054; x_wconf 86' lang='grc' dir='ltr'>Τῶν</span> <span class='ocrx_word' id='word_1_234' title='bbox 909 2999 994 3073; x_wconf 73' lang='grc' dir='ltr'>ἀφ’</span> <span class='ocrx_word' id='word_1_235' title='bbox 1041 3000 1185 3060; x_wconf 78' lang='grc' dir='ltr'>ἡλίου</span> <span class='ocrx_word' id='word_1_236' title='bbox 1250 2998 1505 3052; x_wconf 81' lang='grc' dir='ltr'>ἀνατολῶν</span> <span class='ocrx_word' id='word_1_237' title='bbox 1546 3002 1605 3051; x_wconf 90' lang='grc' dir='ltr'>τό</span> <span class='ocrx_word' id='word_1_238' title='bbox 1655 3001 1817 3069; x_wconf 86' lang='grc' dir='ltr'>γένος,</span> 
     </span>
    </p>
   </div>
   <div class='ocr_carea' id='block_1_34' title="bbox 220 3085 1821 3163">
    <p class='ocr_par' dir='ltr' id='par_1_34' title="bbox 220 3085 1821 3163">
     <span class='ocr_line' id='line_1_34' title="bbox 220 3085 1821 3163; baseline -0.001 -22"><span class='ocrx_word' id='word_1_239' title='bbox 220 3093 316 3141; x_wconf 84' lang='grc' dir='ltr'>καὶ</span> <span class='ocrx_word' id='word_1_240' title='bbox 370 3091 506 3142; x_wconf 78' lang='grc' dir='ltr'>κατὰ</span> <span class='ocrx_word' id='word_1_241' title='bbox 554 3092 729 3155; x_wconf 81' lang='grc' dir='ltr'>τόπον,</span> <span class='ocrx_word' id='word_1_242' title='bbox 770 3094 860 3143; x_wconf 87' lang='grc' dir='ltr'>καὶ</span> <span class='ocrx_word' id='word_1_243' title='bbox 896 3092 1032 3142; x_wconf 78' lang='grc' dir='ltr'>κατὰ</span> <span class='ocrx_word' id='word_1_244' title='bbox 1087 3093 1277 3163; x_wconf 86' lang='grc' dir='ltr'>τρόπον</span> <span class='ocrx_word' id='word_1_245' title='bbox 1311 3106 1322 3118; x_wconf 83' lang='grc'><em>’</em></span> <span class='ocrx_word' id='word_1_246' title='bbox 1383 3091 1522 3162; x_wconf 82' lang='grc' dir='ltr'>εἰπερ</span> <span class='ocrx_word' id='word_1_247' title='bbox 1562 3089 1592 3145; x_wconf 84' lang='grc' dir='ltr'>ἡ</span> <span class='ocrx_word' id='word_1_248' title='bbox 1636 3085 1821 3158; x_wconf 86' lang='grc' dir='ltr'>Ἀρμε-</span> 
     </span>
    </p>
   </div>
   <div class='ocr_carea' id='block_1_35' title="bbox 216 3174 1815 3253">
    <p class='ocr_par' dir='ltr' id='par_1_35' title="bbox 216 3174 1815 3253">
     <span class='ocr_line' id='line_1_35' title="bbox 216 3174 1815 3253; baseline -0.001 -24"><span class='ocrx_word' id='word_1_249' title='bbox 216 3181 329 3243; x_wconf 81' lang='grc' dir='ltr'>νία,</span> <span class='ocrx_word' id='word_1_250' title='bbox 356 3180 469 3231; x_wconf 81' lang='grc' dir='ltr'>ὅθεν</span> <span class='ocrx_word' id='word_1_251' title='bbox 498 3184 588 3232; x_wconf 83' lang='grc' dir='ltr'>καὶ</span> <span class='ocrx_word' id='word_1_252' title='bbox 617 3180 648 3237; x_wconf 83' lang='grc' dir='ltr'><strong>ἡ</strong></span> <span class='ocrx_word' id='word_1_253' title='bbox 678 3178 857 3253; x_wconf 78' lang='grc' dir='ltr'>ἀρετή.</span> <span class='ocrx_word' id='word_1_254' title='bbox 904 3179 966 3231; x_wconf 84' lang='grc' dir='ltr'>Εἰ</span> <span class='ocrx_word' id='word_1_255' title='bbox 996 3176 1055 3232; x_wconf 65' lang='grc' dir='ltr'>δι</span> <span class='ocrx_word' id='word_1_256' title='bbox 1085 3183 1175 3231; x_wconf 87' lang='grc' dir='ltr'>καὶ</span> <span class='ocrx_word' id='word_1_257' title='bbox 1224 3181 1281 3231; x_wconf 89' lang='grc' dir='ltr'>τὸ</span> <span class='ocrx_word' id='word_1_258' title='bbox 1313 3179 1444 3250; x_wconf 82' lang='grc' dir='ltr'>αἱμα</span> <span class='ocrx_word' id='word_1_259' title='bbox 1482 3174 1567 3229; x_wconf 89' lang='grc' dir='ltr'>δεῖ</span> <span class='ocrx_word' id='word_1_260' title='bbox 1594 3177 1767 3237; x_wconf 82' lang='grc' dir='ltr'>ζητεῖν</span> <span class='ocrx_word' id='word_1_261' title='bbox 1804 3192 1815 3206; x_wconf 81' lang='lat'>&#39;</span> 
     </span>
    </p>
   </div>
   <div class='ocr_carea' id='block_1_36' title="bbox 218 3263 1815 3344">
    <p class='ocr_par' dir='ltr' id='par_1_36' title="bbox 218 3263 1815 3344">
     <span class='ocr_line' id='line_1_36' title="bbox 218 3263 1815 3344; baseline -0.001 -25"><span class='ocrx_word' id='word_1_262' title='bbox 218 3266 283 3320; x_wconf 78' lang='grc' dir='ltr'>έκ</span> <span class='ocrx_word' id='word_1_263' title='bbox 322 3264 601 3341; x_wconf 84' lang='grc' dir='ltr'>βασιλικοῦ</span> <span class='ocrx_word' id='word_1_264' title='bbox 656 3270 923 3344; x_wconf 86' lang='grc' dir='ltr'>κράματος</span> <span class='ocrx_word' id='word_1_265' title='bbox 963 3272 1276 3341; x_wconf 85' lang='grc' dir='ltr'>στρατηγίαι</span> <span class='ocrx_word' id='word_1_266' title='bbox 1320 3272 1411 3320; x_wconf 84' lang='grc' dir='ltr'>καὶ</span> <span class='ocrx_word' id='word_1_267' title='bbox 1453 3263 1815 3339; x_wconf 88' lang='grc' dir='ltr'>δημαγωγίαι,</span> 
     </span>
    </p>
   </div>
   <div class='ocr_carea' id='block_1_37' title="bbox 215 3355 1814 3433">
    <p class='ocr_par' dir='ltr' id='par_1_37' title="bbox 215 3355 1814 3433">
     <span class='ocr_line' id='line_1_37' title="bbox 215 3355 1814 3433; baseline -0.002 -24"><span class='ocrx_word' id='word_1_268' title='bbox 215 3360 314 3409; x_wconf 77' lang='grc' dir='ltr'>καὶ</span> <span class='ocrx_word' id='word_1_269' title='bbox 333 3359 382 3409; x_wconf 76' lang='grc' dir='ltr'>ἑν</span> <span class='ocrx_word' id='word_1_270' title='bbox 412 3358 665 3431; x_wconf 78' lang='grc' dir='ltr'>Ἀρμενίᾳ</span> <span class='ocrx_word' id='word_1_271' title='bbox 698 3363 789 3411; x_wconf 86' lang='grc' dir='ltr'>καὶ</span> <span class='ocrx_word' id='word_1_272' title='bbox 818 3357 867 3411; x_wconf 79' lang='grc' dir='ltr'>ἰν</span> <span class='ocrx_word' id='word_1_273' title='bbox 910 3363 1149 3433; x_wconf 80' lang='grc' dir='ltr'>Γραικίᾳ,</span> <span class='ocrx_word' id='word_1_274' title='bbox 1204 3365 1298 3410; x_wconf 91' lang='grc' dir='ltr'>τοῦ</span> <span class='ocrx_word' id='word_1_275' title='bbox 1349 3356 1613 3429; x_wconf 77' lang='grc' dir='ltr'>ὁμοζύγου</span> <span class='ocrx_word' id='word_1_276' title='bbox 1643 3355 1773 3426; x_wconf 87' lang='grc' dir='ltr'>λέγω</span> <span class='ocrx_word' id='word_1_277' title='bbox 1801 3375 1814 3388; x_wconf 89' lang='grc'><strong>·</strong></span> 
     </span>
    </p>
   </div>
   <div class='ocr_carea' id='block_1_38' title="bbox 218 3444 1813 3523">
    <p class='ocr_par' dir='ltr' id='par_1_38' title="bbox 218 3444 1813 3523">
     <span class='ocr_line' id='line_1_38' title="bbox 218 3444 1813 3523; baseline -0.003 -23"><span class='ocrx_word' id='word_1_278' title='bbox 218 3446 336 3500; x_wconf 75' lang='grc' dir='ltr'>ἐπεὶ</span> <span class='ocrx_word' id='word_1_279' title='bbox 392 3452 484 3499; x_wconf 85' lang='grc' dir='ltr'>καὶ</span> <span class='ocrx_word' id='word_1_280' title='bbox 544 3451 637 3506; x_wconf 72' lang='grc' dir='ltr'>τήν</span> <span class='ocrx_word' id='word_1_281' title='bbox 692 3452 900 3520; x_wconf 88' lang='grc' dir='ltr'>πρώτην</span> <span class='ocrx_word' id='word_1_282' title='bbox 979 3444 1313 3523; x_wconf 84' lang='grc' dir='ltr'>στρατηγίδα</span> <span class='ocrx_word' id='word_1_283' title='bbox 1372 3446 1498 3499; x_wconf 88' lang='grc' dir='ltr'>εἶλεν</span> <span class='ocrx_word' id='word_1_284' title='bbox 1574 3444 1813 3511; x_wconf 82' lang='grc' dir='ltr'>ένταῦθα,</span> 
     </span>
    </p>
   </div>
   <div class='ocr_carea' id='block_1_39' title="bbox 217 3530 1817 3612">
    <p class='ocr_par' dir='ltr' id='par_1_39' title="bbox 217 3530 1817 3612">
     <span class='ocr_line' id='line_1_39' title="bbox 217 3530 1817 3612; baseline -0.001 -25"><span class='ocrx_word' id='word_1_285' title='bbox 217 3536 397 3608; x_wconf 83' lang='grc' dir='ltr'>ὥσπερ</span> <span class='ocrx_word' id='word_1_286' title='bbox 454 3541 545 3589; x_wconf 82' lang='grc' dir='ltr'>καὶ</span> <span class='ocrx_word' id='word_1_287' title='bbox 582 3541 676 3595; x_wconf 73' lang='grc' dir='ltr'>τὴν</span> <span class='ocrx_word' id='word_1_288' title='bbox 723 3540 1126 3612; x_wconf 86' lang='grc' dir='ltr'>πατρικιότητα,</span> <span class='ocrx_word' id='word_1_289' title='bbox 1184 3538 1211 3588; x_wconf 90' lang='lat'>6</span> <span class='ocrx_word' id='word_1_290' title='bbox 1269 3535 1417 3609; x_wconf 76' lang='grc' dir='ltr'>ἁνήρ.</span> <span class='ocrx_word' id='word_1_291' title='bbox 1476 3530 1552 3587; x_wconf 79' lang='grc' dir='ltr'>Οὖ</span> <span class='ocrx_word' id='word_1_292' title='bbox 1593 3533 1817 3608; x_wconf 78' lang='grc' dir='ltr'>ἀπορρα-</span> 
     </span>
    </p>
   </div>
   <div class='ocr_carea' id='block_1_40' title="bbox 215 3620 1814 3698">
    <p class='ocr_par' dir='ltr' id='par_1_40' title="bbox 215 3620 1814 3698">
     <span class='ocr_line' id='line_1_40' title="bbox 215 3620 1814 3698; baseline -0.001 -22"><span class='ocrx_word' id='word_1_293' title='bbox 215 3630 377 3696; x_wconf 82' lang='grc' dir='ltr'>γεῖσα</span> <span class='ocrx_word' id='word_1_294' title='bbox 425 3620 519 3678; x_wconf 81' lang='grc' dir='ltr'>διόι</span> <span class='ocrx_word' id='word_1_295' title='bbox 573 3626 811 3693; x_wconf 88' lang='grc' dir='ltr'>θανάτου,</span> <span class='ocrx_word' id='word_1_296' title='bbox 864 3626 959 3678; x_wconf 84' lang='grc' dir='ltr'>οῦκ</span> <span class='ocrx_word' id='word_1_297' title='bbox 1015 3626 1224 3698; x_wconf 76' lang='grc' dir='ltr'>ἣνεγκεν</span> <span class='ocrx_word' id='word_1_298' title='bbox 1279 3624 1413 3688; x_wconf 80' lang='grc' dir='ltr'>ἄζυξ</span> <span class='ocrx_word' id='word_1_299' title='bbox 1454 3628 1638 3697; x_wconf 89' lang='grc' dir='ltr'>μένειν,</span> <span class='ocrx_word' id='word_1_300' title='bbox 1708 3621 1814 3674; x_wconf 81' lang='grc' dir='ltr'>ἀλλ’</span> 
     </span>
    </p>
   </div>
   <div class='ocr_carea' id='block_1_41' title="bbox 221 3710 1818 3790">
    <p class='ocr_par' dir='ltr' id='par_1_41' title="bbox 221 3710 1818 3790">
     <span class='ocr_line' id='line_1_41' title="bbox 221 3710 1818 3790; baseline -0.002 -25"><span class='ocrx_word' id='word_1_301' title='bbox 221 3715 366 3784; x_wconf 73' lang='grc' dir='ltr'>ἔχειν</span> <span class='ocrx_word' id='word_1_302' title='bbox 395 3723 676 3790; x_wconf 82' lang='grc' dir='ltr'>μνηστῆρα</span> <span class='ocrx_word' id='word_1_303' title='bbox 704 3736 717 3749; x_wconf 80' lang='grc' dir='ltr'>ο</span> <span class='ocrx_word' id='word_1_304' title='bbox 749 3719 869 3767; x_wconf 87' lang='grc' dir='ltr'>τίνα</span> <span class='ocrx_word' id='word_1_305' title='bbox 897 3716 1001 3789; x_wconf 78' lang='grc' dir='ltr'>ἄρα</span> <span class='ocrx_word' id='word_1_306' title='bbox 1033 3732 1046 3781; x_wconf 89' lang='grc'><strong>;</strong></span> <span class='ocrx_word' id='word_1_307' title='bbox 1077 3718 1135 3767; x_wconf 83' lang='grc' dir='ltr'>ού</span> <span class='ocrx_word' id='word_1_308' title='bbox 1155 3711 1304 3767; x_wconf 81' lang='grc' dir='ltr'>τόνδε</span> <span class='ocrx_word' id='word_1_309' title='bbox 1332 3718 1422 3766; x_wconf 84' lang='grc' dir='ltr'>καὶ</span> <span class='ocrx_word' id='word_1_310' title='bbox 1447 3710 1597 3766; x_wconf 81' lang='grc' dir='ltr'>τόνδε</span> <span class='ocrx_word' id='word_1_311' title='bbox 1624 3713 1818 3785; x_wconf 81' lang='grc' dir='ltr'>ἄρχον-</span> 
     </span>
    </p>
   </div>
   <div class='ocr_carea' id='block_1_42' title="bbox 221 3802 1817 3877">
    <p class='ocr_par' dir='ltr' id='par_1_42' title="bbox 221 3802 1817 3877">
     <span class='ocr_line' id='line_1_42' title="bbox 221 3802 1817 3877; baseline -0.001 -22"><span class='ocrx_word' id='word_1_312' title='bbox 221 3822 292 3855; x_wconf 84' lang='grc' dir='ltr'>τα</span> <span class='ocrx_word' id='word_1_313' title='bbox 327 3807 358 3862; x_wconf 77' lang='grc' dir='ltr'>ἦ</span> <span class='ocrx_word' id='word_1_314' title='bbox 401 3802 643 3877; x_wconf 81' lang='grc' dir='ltr'>βασιλέα,</span> <span class='ocrx_word' id='word_1_315' title='bbox 694 3807 764 3867; x_wconf 84' lang='grc' dir='ltr'>ὡς</span> <span class='ocrx_word' id='word_1_316' title='bbox 817 3807 847 3863; x_wconf 80' lang='grc' dir='ltr'>ἡ</span> <span class='ocrx_word' id='word_1_317' title='bbox 888 3813 989 3857; x_wconf 90' lang='grc' dir='ltr'>τῶν</span> <span class='ocrx_word' id='word_1_318' title='bbox 1026 3804 1224 3857; x_wconf 89' lang='grc' dir='ltr'>πολλῶν</span> <span class='ocrx_word' id='word_1_319' title='bbox 1272 3807 1463 3877; x_wconf 74' lang='grc' dir='ltr'>ἔφεσις,</span> <span class='ocrx_word' id='word_1_320' title='bbox 1515 3808 1673 3875; x_wconf 83' lang='grc' dir='ltr'>σαρκὶ</span> <span class='ocrx_word' id='word_1_321' title='bbox 1729 3806 1817 3853; x_wconf 82' lang='grc' dir='ltr'>καὶ</span> 
     </span>
    </p>
   </div>
   <div class='ocr_carea' id='block_1_43' title="bbox 221 3892 1818 3967">
    <p class='ocr_par' dir='ltr' id='par_1_43' title="bbox 221 3892 1818 3967">
     <span class='ocr_line' id='line_1_43' title="bbox 221 3892 1818 3967; baseline -0.001 -22"><span class='ocrx_word' id='word_1_322' title='bbox 221 3892 406 3965; x_wconf 78' lang='grc' dir='ltr'>αἵματι</span> <span class='ocrx_word' id='word_1_323' title='bbox 454 3897 834 3967; x_wconf 74' lang='grc' dir='ltr'>προσκειμένων</span> <span class='ocrx_word' id='word_1_324' title='bbox 858 3912 871 3926; x_wconf 88' lang='grc'><strong>·</strong></span> <span class='ocrx_word' id='word_1_325' title='bbox 937 3893 1067 3946; x_wconf 81' lang='grc' dir='ltr'>ἀλλὰ</span> <span class='ocrx_word' id='word_1_326' title='bbox 1103 3897 1190 3946; x_wconf 79' lang='grc' dir='ltr'>τὸν</span> <span class='ocrx_word' id='word_1_327' title='bbox 1232 3897 1385 3967; x_wconf 87' lang='grc' dir='ltr'>μόνον</span> <span class='ocrx_word' id='word_1_328' title='bbox 1444 3895 1631 3967; x_wconf 86' lang='grc' dir='ltr'>ὡραῖον</span> <span class='ocrx_word' id='word_1_329' title='bbox 1687 3912 1818 3963; x_wconf 90' lang='grc' dir='ltr'>νυμ-</span> 
     </span>
    </p>
   </div>
   <div class='ocr_carea' id='block_1_44' title="bbox 219 3982 1817 4058">
    <p class='ocr_par' dir='ltr' id='par_1_44' title="bbox 219 3982 1817 4058">
     <span class='ocr_line' id='line_1_44' title="bbox 219 3982 1817 4058; baseline -0.001 -24"><span class='ocrx_word' id='word_1_330' title='bbox 219 3986 354 4055; x_wconf 73' lang='grc' dir='ltr'>φίον,</span> <span class='ocrx_word' id='word_1_331' title='bbox 386 3986 472 4035; x_wconf 81' lang='grc' dir='ltr'>τόν</span> <span class='ocrx_word' id='word_1_332' title='bbox 502 3982 739 4058; x_wconf 80' lang='grc' dir='ltr'>ἄρχοντα</span> <span class='ocrx_word' id='word_1_333' title='bbox 792 3990 888 4046; x_wconf 77' lang='grc' dir='ltr'>τῆς</span> <span class='ocrx_word' id='word_1_334' title='bbox 935 3983 1160 4055; x_wconf 74' lang='grc' dir='ltr'>εἰρήνης.</span> <span class='ocrx_word' id='word_1_335' title='bbox 1198 3986 1285 4036; x_wconf 86' lang='grc' dir='ltr'>Διὸ</span> <span class='ocrx_word' id='word_1_336' title='bbox 1339 3987 1428 4035; x_wconf 85' lang='grc' dir='ltr'>καὶ</span> <span class='ocrx_word' id='word_1_337' title='bbox 1472 3982 1817 4056; x_wconf 85' lang='grc' dir='ltr'>εἰρηνώνυμος</span> 
     </span>
    </p>
   </div>
   <div class='ocr_carea' id='block_1_45' title="bbox 219 4071 1816 4147">
    <p class='ocr_par' dir='ltr' id='par_1_45' title="bbox 219 4071 1816 4147">
     <span class='ocr_line' id='line_1_45' title="bbox 219 4071 1816 4147; baseline -0.001 -25"><span class='ocrx_word' id='word_1_338' title='bbox 219 4072 253 4130; x_wconf 76' lang='grc' dir='ltr'>ἡ</span> <span class='ocrx_word' id='word_1_339' title='bbox 281 4074 477 4145; x_wconf 77' lang='grc' dir='ltr'>νύμφη,</span> <span class='ocrx_word' id='word_1_340' title='bbox 518 4075 607 4125; x_wconf 87' lang='grc' dir='ltr'>τόν</span> <span class='ocrx_word' id='word_1_341' title='bbox 639 4082 739 4126; x_wconf 90' lang='grc' dir='ltr'>τῶν</span> <span class='ocrx_word' id='word_1_342' title='bbox 779 4072 905 4125; x_wconf 86' lang='grc' dir='ltr'>ὅλων</span> <span class='ocrx_word' id='word_1_343' title='bbox 952 4071 1174 4145; x_wconf 75' lang='grc' dir='ltr'>βασιλέα</span> <span class='ocrx_word' id='word_1_344' title='bbox 1204 4076 1454 4147; x_wconf 83' lang='grc' dir='ltr'>Χριστόν,</span> <span class='ocrx_word' id='word_1_345' title='bbox 1495 4074 1583 4125; x_wconf 89' lang='grc' dir='ltr'>τόν</span> <span class='ocrx_word' id='word_1_346' title='bbox 1627 4074 1816 4146; x_wconf 77' lang='grc' dir='ltr'>Κύριον</span> 
     </span>
    </p>
   </div>
   <div class='ocr_carea' id='block_1_46' title="bbox 216 4157 1818 4235">
    <p class='ocr_par' dir='ltr' id='par_1_46' title="bbox 216 4157 1818 4235">
     <span class='ocr_line' id='line_1_46' title="bbox 216 4157 1818 4235; baseline 0 -22"><span class='ocrx_word' id='word_1_347' title='bbox 216 4168 312 4222; x_wconf 80' lang='grc' dir='ltr'>τῆς</span> <span class='ocrx_word' id='word_1_348' title='bbox 348 4157 524 4231; x_wconf 81' lang='grc' dir='ltr'>δόξης,</span> <span class='ocrx_word' id='word_1_349' title='bbox 568 4167 657 4214; x_wconf 82' lang='grc' dir='ltr'>καὶ</span> <span class='ocrx_word' id='word_1_350' title='bbox 686 4170 867 4215; x_wconf 88' lang='grc' dir='ltr'>τοῦτον</span> <span class='ocrx_word' id='word_1_351' title='bbox 915 4159 1010 4215; x_wconf 81' lang='grc' dir='ltr'>διὰ</span> <span class='ocrx_word' id='word_1_352' title='bbox 1045 4169 1135 4215; x_wconf 89' lang='grc' dir='ltr'>τοῦ</span> <span class='ocrx_word' id='word_1_353' title='bbox 1184 4159 1474 4235; x_wconf 86' lang='grc' dir='ltr'>μοναδικοῦ</span> <span class='ocrx_word' id='word_1_354' title='bbox 1499 4160 1818 4233; x_wconf 73' lang='grc' dir='ltr'>ἐπαγγέλμα-</span> 
     </span>
    </p>
   </div>
   <div class='ocr_carea' id='block_1_47' title="bbox 216 4250 1818 4327">
    <p class='ocr_par' dir='ltr' id='par_1_47' title="bbox 216 4250 1818 4327">
     <span class='ocr_line' id='line_1_47' title="bbox 216 4250 1818 4327; baseline -0.001 -24"><span class='ocrx_word' id='word_1_355' title='bbox 216 4269 309 4313; x_wconf 87' lang='grc' dir='ltr'>τος</span> <span class='ocrx_word' id='word_1_356' title='bbox 352 4256 804 4325; x_wconf 86' lang='grc' dir='ltr'>μνηστευσαμένη.</span> <span class='ocrx_word' id='word_1_357' title='bbox 857 4251 964 4324; x_wconf 75' lang='grc' dir='ltr'>Ἐφ’</span> <span class='ocrx_word' id='word_1_358' title='bbox 1113 4252 1247 4313; x_wconf 86' lang='grc' dir='ltr'>ὅπως</span> <span class='ocrx_word' id='word_1_359' title='bbox 1306 4252 1588 4327; x_wconf 78' lang='grc' dir='ltr'>ἠρίστευσε</span> <span class='ocrx_word' id='word_1_360' title='bbox 1648 4251 1818 4326; x_wconf 77' lang='grc' dir='ltr'>πράτι-</span> 
     </span>
    </p>
   </div>
   <div class='ocr_carea' id='block_1_48' title="bbox 217 4337 1815 4414">
    <p class='ocr_par' dir='ltr' id='par_1_48' title="bbox 217 4337 1815 4414">
     <span class='ocr_line' id='line_1_48' title="bbox 217 4337 1815 4414; baseline 0 -21"><span class='ocrx_word' id='word_1_361' title='bbox 217 4358 390 4393; x_wconf 88' lang='grc' dir='ltr'>τουσα</span> <span class='ocrx_word' id='word_1_362' title='bbox 439 4342 506 4393; x_wconf 85' lang='grc' dir='ltr'>τὰ</span> <span class='ocrx_word' id='word_1_363' title='bbox 534 4348 624 4393; x_wconf 88' lang='grc' dir='ltr'>τοῦ</span> <span class='ocrx_word' id='word_1_364' title='bbox 679 4341 924 4413; x_wconf 72' lang='grc' dir='ltr'>ἐραστοῦ,</span> <span class='ocrx_word' id='word_1_365' title='bbox 957 4337 1359 4414; x_wconf 82' lang='grc' dir='ltr'>προδεδήλωκεν</span> <span class='ocrx_word' id='word_1_366' title='bbox 1407 4342 1433 4392; x_wconf 94' lang='grc' dir='ltr'>ό</span> <span class='ocrx_word' id='word_1_367' title='bbox 1472 4340 1622 4412; x_wconf 87' lang='grc' dir='ltr'>λόγος</span> <span class='ocrx_word' id='word_1_368' title='bbox 1668 4342 1735 4403; x_wconf 86' lang='grc' dir='ltr'>ὡς</span> <span class='ocrx_word' id='word_1_369' title='bbox 1767 4340 1815 4393; x_wconf 80' lang='grc' dir='ltr'>έν</span> 
     </span>
    </p>
   </div>
   <div class='ocr_carea' id='block_1_49' title="bbox 218 4412 1891 4505">
    <p class='ocr_par' dir='ltr' id='par_1_49' title="bbox 218 4412 1891 4505">
     <span class='ocr_line' id='line_1_49' title="bbox 218 4412 1891 4505; baseline 0.004 -22"><span class='ocrx_word' id='word_1_370' title='bbox 218 4434 564 4505; x_wconf 78' lang='grc' dir='ltr'>σκιαγραφίᾳ.</span> <span class='ocrx_word' id='word_1_371' title='bbox 641 4412 848 4492; x_wconf 85' lang='grc' dir='ltr'>Ταύτης</span> <span class='ocrx_word' id='word_1_372' title='bbox 903 4433 933 4489; x_wconf 79' lang='grc' dir='ltr'>ἡ</span> <span class='ocrx_word' id='word_1_373' title='bbox 985 4412 1362 4503; x_wconf 76' lang='grc' dir='ltr'>άστράπτουσα</span> <span class='ocrx_word' id='word_1_374' title='bbox 1415 4434 1714 4505; x_wconf 81' lang='grc' dir='ltr'>προσεύχὴ,</span> <span class='ocrx_word' id='word_1_375' title='bbox 1781 4412 1891 4488; x_wconf 45' lang='lat' dir='ltr'>{ID</span> 
     </span>
    </p>
   </div>
   <div class='ocr_carea' id='block_1_50' title="bbox 217 4515 1815 4594">
    <p class='ocr_par' dir='ltr' id='par_1_50' title="bbox 217 4515 1815 4594">
     <span class='ocr_line' id='line_1_50' title="bbox 217 4515 1815 4594; baseline 0 -24"><span class='ocrx_word' id='word_1_376' title='bbox 217 4518 531 4581; x_wconf 82' lang='grc' dir='ltr'>κατάνυξις’</span> <span class='ocrx_word' id='word_1_377' title='bbox 586 4521 616 4579; x_wconf 87' lang='grc' dir='ltr'><strong>ἠ</strong></span> <span class='ocrx_word' id='word_1_378' title='bbox 676 4527 776 4571; x_wconf 91' lang='grc' dir='ltr'>τῶν</span> <span class='ocrx_word' id='word_1_379' title='bbox 843 4515 1084 4594; x_wconf 83' lang='grc' dir='ltr'>δακρύων</span> <span class='ocrx_word' id='word_1_380' title='bbox 1161 4522 1343 4592; x_wconf 86' lang='grc' dir='ltr'>χύσις,</span> <span class='ocrx_word' id='word_1_381' title='bbox 1402 4520 1433 4576; x_wconf 75' lang='grc' dir='ltr'><strong>ἦ</strong></span> <span class='ocrx_word' id='word_1_382' title='bbox 1499 4517 1815 4579; x_wconf 83' lang='grc' dir='ltr'>ἁκατάλαλος</span> 
     </span>
    </p>
   </div>
   <div class='ocr_carea' id='block_1_51' title="bbox 217 4607 1815 4684">
    <p class='ocr_par' dir='ltr' id='par_1_51' title="bbox 217 4607 1815 4684">
     <span class='ocr_line' id='line_1_51' title="bbox 217 4607 1815 4684; baseline 0 -25"><span class='ocrx_word' id='word_1_383' title='bbox 217 4607 445 4679; x_wconf 88' lang='grc' dir='ltr'>γλῶττα,</span> <span class='ocrx_word' id='word_1_384' title='bbox 504 4611 534 4667; x_wconf 81' lang='grc' dir='ltr'>ἡ</span> <span class='ocrx_word' id='word_1_385' title='bbox 604 4608 1033 4684; x_wconf 74' lang='grc' dir='ltr'>ἀπαρρησίαστος</span> <span class='ocrx_word' id='word_1_386' title='bbox 1099 4609 1221 4675; x_wconf 76' lang='grc' dir='ltr'>ἕξις,</span> <span class='ocrx_word' id='word_1_387' title='bbox 1291 4611 1321 4666; x_wconf 82' lang='grc' dir='ltr'>ἡ</span> <span class='ocrx_word' id='word_1_388' title='bbox 1383 4612 1815 4681; x_wconf 85' lang='grc' dir='ltr'>Χριστομίμητος</span> 
     </span>
    </p>
   </div>
   <div class='ocr_carea' id='block_1_52' title="bbox 218 4694 1815 4770">
    <p class='ocr_par' dir='ltr' id='par_1_52' title="bbox 218 4694 1815 4770">
     <span class='ocr_line' id='line_1_52' title="bbox 218 4694 1815 4770; baseline 0.001 -23"><span class='ocrx_word' id='word_1_389' title='bbox 218 4699 685 4770; x_wconf 82' lang='grc' dir='ltr'>ταπεινοφροσύνη,</span> <span class='ocrx_word' id='word_1_390' title='bbox 762 4696 793 4755; x_wconf 80' lang='grc' dir='ltr'><strong>ἠ</strong></span> <span class='ocrx_word' id='word_1_391' title='bbox 878 4696 1160 4769; x_wconf 76' lang='grc' dir='ltr'>φιλέντολος</span> <span class='ocrx_word' id='word_1_392' title='bbox 1212 4694 1379 4762; x_wconf 82' lang='grc' dir='ltr'>δεξιὰ,</span> <span class='ocrx_word' id='word_1_393' title='bbox 1456 4698 1485 4755; x_wconf 80' lang='grc' dir='ltr'><strong>ἠ</strong></span> <span class='ocrx_word' id='word_1_394' title='bbox 1570 4698 1815 4770; x_wconf 87' lang='grc' dir='ltr'>θεηγόρος</span> 
     </span>
    </p>
   </div>
   <div class='ocr_carea' id='block_1_53' title="bbox 221 4780 1814 4859">
    <p class='ocr_par' dir='ltr' id='par_1_53' title="bbox 221 4780 1814 4859">
     <span class='ocr_line' id='line_1_53' title="bbox 221 4780 1814 4859; baseline 0.001 -22"><span class='ocrx_word' id='word_1_395' title='bbox 221 4780 449 4856; x_wconf 78' lang='grc' dir='ltr'>διάνοια,</span> <span class='ocrx_word' id='word_1_396' title='bbox 500 4786 531 4843; x_wconf 81' lang='grc' dir='ltr'>ἡ</span> <span class='ocrx_word' id='word_1_397' title='bbox 588 4789 834 4858; x_wconf 79' lang='grc' dir='ltr'>καιομένη</span> <span class='ocrx_word' id='word_1_398' title='bbox 887 4794 960 4857; x_wconf 86' lang='grc' dir='ltr'>τῷ</span> <span class='ocrx_word' id='word_1_399' title='bbox 1012 4793 1108 4847; x_wconf 82' lang='grc' dir='ltr'>τῆς</span> <span class='ocrx_word' id='word_1_400' title='bbox 1155 4784 1365 4858; x_wconf 78' lang='grc' dir='ltr'>ἀγάπης</span> <span class='ocrx_word' id='word_1_401' title='bbox 1412 4791 1647 4859; x_wconf 84' lang='grc' dir='ltr'>Χριστοῦ</span> <span class='ocrx_word' id='word_1_402' title='bbox 1687 4791 1814 4859; x_wconf 85' lang='grc' dir='ltr'>πυρὶ</span> 
     </span>
    </p>
   </div>
   <div class='ocr_carea' id='block_1_54' title="bbox 218 4871 1814 4950">
    <p class='ocr_par' dir='ltr' id='par_1_54' title="bbox 218 4871 1814 4950">
     <span class='ocr_line' id='line_1_54' title="bbox 218 4871 1814 4950; baseline 0 -24"><span class='ocrx_word' id='word_1_403' title='bbox 218 4871 439 4949; x_wconf 86' lang='grc' dir='ltr'>καρδία,</span> <span class='ocrx_word' id='word_1_404' title='bbox 466 4878 554 4926; x_wconf 83' lang='grc' dir='ltr'>καὶ</span> <span class='ocrx_word' id='word_1_405' title='bbox 583 4874 726 4937; x_wconf 90' lang='grc' dir='ltr'>τέλος</span> <span class='ocrx_word' id='word_1_406' title='bbox 763 4876 792 4933; x_wconf 84' lang='grc' dir='ltr'>ἡ</span> <span class='ocrx_word' id='word_1_407' title='bbox 832 4871 1112 4950; x_wconf 83' lang='grc' dir='ltr'>ὀρθόδοξος</span> <span class='ocrx_word' id='word_1_408' title='bbox 1160 4875 1389 4950; x_wconf 72' lang='grc' dir='ltr'>λατρεία,</span> <span class='ocrx_word' id='word_1_409' title='bbox 1445 4878 1619 4927; x_wconf 85' lang='grc' dir='ltr'>καὶτὸ</span> <span class='ocrx_word' id='word_1_410' title='bbox 1658 4894 1814 4948; x_wconf 74' lang='grc' dir='ltr'>πεφυ-</span> 
     </span>
    </p>
   </div>
   <div class='ocr_carea' id='block_1_55' title="bbox 216 4962 1812 5038">
    <p class='ocr_par' dir='ltr' id='par_1_55' title="bbox 216 4962 1812 5038">
     <span class='ocr_line' id='line_1_55' title="bbox 216 4962 1812 5038; baseline -0.001 -21"><span class='ocrx_word' id='word_1_411' title='bbox 216 4964 466 5036; x_wconf 81' lang='grc' dir='ltr'>λαγμένον</span> <span class='ocrx_word' id='word_1_412' title='bbox 501 4970 597 5025; x_wconf 83' lang='grc' dir='ltr'>τῆς</span> <span class='ocrx_word' id='word_1_413' title='bbox 634 4966 899 5038; x_wconf 82' lang='grc' dir='ltr'>αἱρετικῆς</span> <span class='ocrx_word' id='word_1_414' title='bbox 943 4968 1211 5026; x_wconf 88' lang='grc' dir='ltr'>κοινωνίας</span> <span class='ocrx_word' id='word_1_415' title='bbox 1271 4966 1402 5036; x_wconf 83' lang='grc' dir='ltr'>μετὰ</span> <span class='ocrx_word' id='word_1_416' title='bbox 1458 4962 1812 5016; x_wconf 83' lang='grc' dir='ltr'>ἁνυποστόλου</span> 
     </span>
    </p>
   </div>
   <div class='ocr_carea' id='block_1_56' title="bbox 214 5052 1814 5128">
    <p class='ocr_par' dir='ltr' id='par_1_56' title="bbox 214 5052 1814 5128">
     <span class='ocr_line' id='line_1_56' title="bbox 214 5052 1814 5128; baseline -0.001 -22"><span class='ocrx_word' id='word_1_417' title='bbox 214 5052 537 5128; x_wconf 72' lang='grc' dir='ltr'>παρρησίας.</span> <span class='ocrx_word' id='word_1_418' title='bbox 593 5057 693 5107; x_wconf 77' lang='grc' dir='ltr'>Καὶ</span> <span class='ocrx_word' id='word_1_419' title='bbox 760 5055 937 5127; x_wconf 90' lang='grc' dir='ltr'>θαῦμα</span> <span class='ocrx_word' id='word_1_420' title='bbox 984 5062 1089 5115; x_wconf 90' lang='grc' dir='ltr'>πῶς</span> <span class='ocrx_word' id='word_1_421' title='bbox 1141 5055 1189 5105; x_wconf 69' lang='grc' dir='ltr'>ἓν</span> <span class='ocrx_word' id='word_1_422' title='bbox 1251 5062 1325 5124; x_wconf 84' lang='grc' dir='ltr'>τῷ</span> <span class='ocrx_word' id='word_1_423' title='bbox 1386 5056 1814 5127; x_wconf 80' lang='grc' dir='ltr'>παριππεύσαντι</span> 
     </span>
    </p>
   </div>
   <div class='ocr_carea' id='block_1_57' title="bbox 217 5139 1812 5217">
    <p class='ocr_par' dir='ltr' id='par_1_57' title="bbox 217 5139 1812 5217">
     <span class='ocr_line' id='line_1_57' title="bbox 217 5139 1812 5217; baseline 0 -22"><span class='ocrx_word' id='word_1_424' title='bbox 217 5139 461 5216; x_wconf 87' lang='grc' dir='ltr'>διωγμῷ,</span> <span class='ocrx_word' id='word_1_425' title='bbox 516 5142 573 5195; x_wconf 87' lang='grc' dir='ltr'>ού</span> <span class='ocrx_word' id='word_1_426' title='bbox 626 5147 780 5216; x_wconf 89' lang='grc' dir='ltr'>μόνον</span> <span class='ocrx_word' id='word_1_427' title='bbox 820 5143 1028 5209; x_wconf 79' lang='grc' dir='ltr'>ἑαυτὴν,</span> <span class='ocrx_word' id='word_1_428' title='bbox 1080 5141 1208 5196; x_wconf 81' lang='lat'><strong>611161</strong></span> <span class='ocrx_word' id='word_1_429' title='bbox 1241 5148 1329 5195; x_wconf 91' lang='lat' dir='ltr'>xui</span> <span class='ocrx_word' id='word_1_430' title='bbox 1386 5144 1463 5205; x_wconf 66' lang='grc' dir='ltr'>σε,</span> <span class='ocrx_word' id='word_1_431' title='bbox 1506 5146 1682 5217; x_wconf 89' lang='grc' dir='ltr'>κυρία,</span> <span class='ocrx_word' id='word_1_432' title='bbox 1723 5147 1812 5196; x_wconf 79' lang='grc' dir='ltr'>καὶ</span> 
     </span>
    </p>
   </div>
   <div class='ocr_carea' id='block_1_58' title="bbox 214 5228 1813 5304">
    <p class='ocr_par' dir='ltr' id='par_1_58' title="bbox 214 5228 1813 5304">
     <span class='ocr_line' id='line_1_58' title="bbox 214 5228 1813 5304; baseline 0 -19"><span class='ocrx_word' id='word_1_433' title='bbox 214 5231 339 5290; x_wconf 87' lang='grc' dir='ltr'>ὃλην</span> <span class='ocrx_word' id='word_1_434' title='bbox 400 5250 494 5285; x_wconf 90' lang='grc' dir='ltr'>σου</span> <span class='ocrx_word' id='word_1_435' title='bbox 549 5236 644 5291; x_wconf 77' lang='grc' dir='ltr'>τὴν</span> <span class='ocrx_word' id='word_1_436' title='bbox 693 5232 848 5304; x_wconf 83' lang='grc' dir='ltr'>ἁγίαν</span> <span class='ocrx_word' id='word_1_437' title='bbox 895 5228 1162 5298; x_wconf 85' lang='grc' dir='ltr'>συνοδίαν,</span> <span class='ocrx_word' id='word_1_438' title='bbox 1233 5230 1511 5303; x_wconf 81' lang='grc' dir='ltr'>ἁμέθεκτον</span> <span class='ocrx_word' id='word_1_439' title='bbox 1567 5235 1659 5283; x_wconf 87' lang='grc' dir='ltr'>σὺν</span> <span class='ocrx_word' id='word_1_440' title='bbox 1700 5239 1813 5303; x_wconf 82' lang='grc' dir='ltr'>Θεῷ</span> 
     </span>
    </p>
   </div>
   <div class='ocr_carea' id='block_1_59' title="bbox 212 5316 1812 5394">
    <p class='ocr_par' dir='ltr' id='par_1_59' title="bbox 212 5316 1812 5394">
     <span class='ocr_line' id='line_1_59' title="bbox 212 5316 1812 5394; baseline -0.001 -19"><span class='ocrx_word' id='word_1_441' title='bbox 212 5323 408 5383; x_wconf 86' lang='grc' dir='ltr'>ταύτης</span> <span class='ocrx_word' id='word_1_442' title='bbox 493 5318 837 5394; x_wconf 73' lang='grc' dir='ltr'>διεφυλάξατο</span> <span class='ocrx_word' id='word_1_443' title='bbox 868 5338 880 5352; x_wconf 75' lang='grc' dir='ltr'>ο</span> <span class='ocrx_word' id='word_1_444' title='bbox 961 5320 1121 5380; x_wconf 80' lang='grc' dir='ltr'>καλὴν</span> <span class='ocrx_word' id='word_1_445' title='bbox 1204 5316 1467 5393; x_wconf 85' lang='grc' dir='ltr'>κορωνίδα</span> <span class='ocrx_word' id='word_1_446' title='bbox 1548 5328 1619 5391; x_wconf 86' lang='grc' dir='ltr'>τῷ</span> <span class='ocrx_word' id='word_1_447' title='bbox 1683 5320 1812 5373; x_wconf 81' lang='grc' dir='ltr'>τέλει</span> 
     </span>
    </p>
   </div>
   <div class='ocr_carea' id='block_1_60' title="bbox 215 5406 1811 5484">
    <p class='ocr_par' dir='ltr' id='par_1_60' title="bbox 215 5406 1811 5484">
     <span class='ocr_line' id='line_1_60' title="bbox 215 5406 1811 5484; baseline 0.001 -23"><span class='ocrx_word' id='word_1_448' title='bbox 215 5408 703 5484; x_wconf 71' lang='grc' dir='ltr'>ἐπισφραγισαμένη</span> <span class='ocrx_word' id='word_1_449' title='bbox 741 5429 754 5441; x_wconf 90' lang='lat'>&#39;</span> <span class='ocrx_word' id='word_1_450' title='bbox 813 5412 867 5462; x_wconf 69' lang='lat' dir='ltr'>ix</span> <span class='ocrx_word' id='word_1_451' title='bbox 914 5419 1013 5462; x_wconf 86' lang='grc' dir='ltr'>τῶν</span> <span class='ocrx_word' id='word_1_452' title='bbox 1071 5406 1365 5484; x_wconf 81' lang='grc' dir='ltr'>ὀρθοδόξων</span> <span class='ocrx_word' id='word_1_453' title='bbox 1421 5417 1603 5481; x_wconf 88' lang='grc' dir='ltr'>πηγῶν</span> <span class='ocrx_word' id='word_1_454' title='bbox 1653 5418 1811 5481; x_wconf 81' lang='grc' dir='ltr'>μετά-</span> 
     </span>
    </p>
   </div>
   <div class='ocr_carea' id='block_1_61' title="bbox 220 5497 1811 5571">
    <p class='ocr_par' dir='ltr' id='par_1_61' title="bbox 220 5497 1811 5571">
     <span class='ocr_line' id='line_1_61' title="bbox 220 5497 1811 5571; baseline 0.001 -21"><span class='ocrx_word' id='word_1_455' title='bbox 220 5505 438 5570; x_wconf 86' lang='grc' dir='ltr'>σχοῦσα</span> <span class='ocrx_word' id='word_1_456' title='bbox 483 5508 582 5552; x_wconf 87' lang='grc' dir='ltr'>τῶν</span> <span class='ocrx_word' id='word_1_457' title='bbox 626 5498 987 5571; x_wconf 84' lang='grc' dir='ltr'>ἁγιασμάτων,</span> <span class='ocrx_word' id='word_1_458' title='bbox 1037 5498 1310 5553; x_wconf 83' lang='grc' dir='ltr'>κάντεῦθεν</span> <span class='ocrx_word' id='word_1_459' title='bbox 1366 5497 1638 5571; x_wconf 77' lang='grc' dir='ltr'>ἀπάρασα,</span> <span class='ocrx_word' id='word_1_460' title='bbox 1686 5518 1811 5570; x_wconf 90' lang='grc' dir='ltr'>χαι-</span> 
     </span>
    </p>
   </div>
   <div class='ocr_carea' id='block_1_62' title="bbox 212 5586 1813 5665">
    <p class='ocr_par' dir='ltr' id='par_1_62' title="bbox 212 5586 1813 5665">
     <span class='ocr_line' id='line_1_62' title="bbox 212 5586 1813 5665; baseline -0.001 -25"><span class='ocrx_word' id='word_1_461' title='bbox 212 5591 440 5661; x_wconf 88' lang='grc' dir='ltr'>ρομένως</span> <span class='ocrx_word' id='word_1_462' title='bbox 498 5606 511 5620; x_wconf 87' lang='grc'><strong>·</strong></span> <span class='ocrx_word' id='word_1_463' title='bbox 568 5590 690 5665; x_wconf 86' lang='grc' dir='ltr'>ὅπερ</span> <span class='ocrx_word' id='word_1_464' title='bbox 747 5596 959 5661; x_wconf 88' lang='grc' dir='ltr'>σημεῖον</span> <span class='ocrx_word' id='word_1_465' title='bbox 1006 5594 1252 5662; x_wconf 88' lang='grc' dir='ltr'>μέγιστον</span> <span class='ocrx_word' id='word_1_466' title='bbox 1300 5596 1392 5650; x_wconf 79' lang='grc' dir='ltr'>τῆς</span> <span class='ocrx_word' id='word_1_467' title='bbox 1456 5589 1523 5640; x_wconf 85' lang='grc' dir='ltr'>ὧν</span> <span class='ocrx_word' id='word_1_468' title='bbox 1576 5586 1813 5641; x_wconf 77' lang='grc' dir='ltr'>ἐπιπόθει</span> 
     </span>
    </p>
   </div>
   <div class='ocr_carea' id='block_1_63' title="bbox 1849 3056 1891 3114">
    <p class='ocr_par' dir='ltr' id='par_1_63' title="bbox 1849 3056 1891 3114">
     <span class='ocr_line' id='line_1_63' title="bbox 1849 3056 1891 3114; baseline 0 0"><span class='ocrx_word' id='word_1_469' title='bbox 1849 3056 1891 3114; x_wconf 90' lang='lat' dir='ltr'>C</span> 
     </span>
    </p>
   </div>
   <div class='ocr_carea' id='block_1_64' title="bbox 1934 508 3583 581">
    <p class='ocr_par' dir='ltr' id='par_1_64' title="bbox 1934 508 3583 581">
     <span class='ocr_line' id='line_1_64' title="bbox 1934 508 3583 581; baseline 0.002 -18"><span class='ocrx_word' id='word_1_470' title='bbox 1934 508 2175 564; x_wconf 87' lang='lat' dir='ltr'>datione</span> <span class='ocrx_word' id='word_1_471' title='bbox 2198 508 2429 565; x_wconf 84' lang='lat' dir='ltr'>funebri</span> <span class='ocrx_word' id='word_1_472' title='bbox 2449 523 2975 581; x_wconf 77' lang='lat' dir='ltr'>prosequeremur;</span> <span class='ocrx_word' id='word_1_473' title='bbox 3001 508 3103 564; x_wconf 84' lang='lat' dir='ltr'>tibi</span> <span class='ocrx_word' id='word_1_474' title='bbox 3127 524 3267 565; x_wconf 91' lang='lat' dir='ltr'>vero</span> <span class='ocrx_word' id='word_1_475' title='bbox 3287 509 3583 566; x_wconf 85' lang='lat' dir='ltr'>derelicta</span> 
     </span>
    </p>
   </div>
   <div class='ocr_carea' id='block_1_65' title="bbox 1934 597 3587 671">
    <p class='ocr_par' dir='ltr' id='par_1_65' title="bbox 1934 597 3587 671">
     <span class='ocr_line' id='line_1_65' title="bbox 1934 597 3587 671; baseline 0.001 -18"><span class='ocrx_word' id='word_1_476' title='bbox 1934 602 1991 653; x_wconf 88' lang='lat' dir='ltr'>et</span> <span class='ocrx_word' id='word_1_477' title='bbox 2018 604 2288 654; x_wconf 89' lang='lat' dir='ltr'>materna</span> <span class='ocrx_word' id='word_1_478' title='bbox 2316 597 2770 670; x_wconf 90' lang='lat' dir='ltr'>quodammodo</span> <span class='ocrx_word' id='word_1_479' title='bbox 2809 597 2994 652; x_wconf 90' lang='lat' dir='ltr'>animi</span> <span class='ocrx_word' id='word_1_480' title='bbox 3020 597 3409 671; x_wconf 83' lang='lat' dir='ltr'>corporisque</span> <span class='ocrx_word' id='word_1_481' title='bbox 3440 615 3587 655; x_wconf 89' lang='lat' dir='ltr'>con-</span> 
     </span>
    </p>
   </div>
   <div class='ocr_carea' id='block_1_66' title="bbox 1931 686 3584 757">
    <p class='ocr_par' dir='ltr' id='par_1_66' title="bbox 1931 686 3584 757">
     <span class='ocr_line' id='line_1_66' title="bbox 1931 686 3584 757; baseline 0.002 -16"><span class='ocrx_word' id='word_1_482' title='bbox 1931 687 2239 757; x_wconf 90' lang='lat' dir='ltr'>junctione</span> <span class='ocrx_word' id='word_1_483' title='bbox 2268 688 2489 743; x_wconf 89' lang='lat' dir='ltr'>orbata</span> <span class='ocrx_word' id='word_1_484' title='bbox 2517 686 2981 742; x_wconf 83' lang='lat' dir='ltr'>consolationem</span> <span class='ocrx_word' id='word_1_485' title='bbox 3025 686 3449 743; x_wconf 84' lang='lat' dir='ltr'>adhiberemus</span> <span class='ocrx_word' id='word_1_486' title='bbox 3478 705 3491 743; x_wconf 90' lang='lat'><strong>:</strong></span> <span class='ocrx_word' id='word_1_487' title='bbox 3535 688 3584 744; x_wconf 90' lang='lat' dir='ltr'>si</span> 
     </span>
    </p>
   </div>
   <div class='ocr_carea' id='block_1_67' title="bbox 1933 775 3587 848">
    <p class='ocr_par' dir='ltr' id='par_1_67' title="bbox 1933 775 3587 848">
     <span class='ocr_line' id='line_1_67' title="bbox 1933 775 3587 848; baseline 0.001 -17"><span class='ocrx_word' id='word_1_488' title='bbox 1933 779 2135 831; x_wconf 88' lang='lat' dir='ltr'>tamen</span> <span class='ocrx_word' id='word_1_489' title='bbox 2150 775 2481 831; x_wconf 85' lang='lat' dir='ltr'>remedium</span> <span class='ocrx_word' id='word_1_490' title='bbox 2498 775 2856 831; x_wconf 77' lang='lat' dir='ltr'>inveniretur</span> <span class='ocrx_word' id='word_1_491' title='bbox 2870 775 3189 845; x_wconf 89' lang='lat' dir='ltr'>ejusmodi,</span> <span class='ocrx_word' id='word_1_492' title='bbox 3206 776 3369 847; x_wconf 91' lang='lat' dir='ltr'>quod</span> <span class='ocrx_word' id='word_1_493' title='bbox 3384 781 3587 848; x_wconf 87' lang='lat' dir='ltr'>posset</span> 
     </span>
    </p>
   </div>
   <div class='ocr_carea' id='block_1_68' title="bbox 1936 862 3586 937">
    <p class='ocr_par' dir='ltr' id='par_1_68' title="bbox 1936 862 3586 937">
     <span class='ocr_line' id='line_1_68' title="bbox 1936 862 3586 937; baseline 0.001 -17"><span class='ocrx_word' id='word_1_494' title='bbox 1936 862 2136 920; x_wconf 81' lang='lat' dir='ltr'>afﬂicti</span> <span class='ocrx_word' id='word_1_495' title='bbox 2178 865 2578 937; x_wconf 90' lang='lat' dir='ltr'>prostratique</span> <span class='ocrx_word' id='word_1_496' title='bbox 2617 864 2801 921; x_wconf 90' lang='lat' dir='ltr'>animi</span> <span class='ocrx_word' id='word_1_497' title='bbox 2831 863 3101 919; x_wconf 88' lang='lat' dir='ltr'>dolorem</span> <span class='ocrx_word' id='word_1_498' title='bbox 3143 865 3435 937; x_wconf 90' lang='lat' dir='ltr'>mitigare.</span> <span class='ocrx_word' id='word_1_499' title='bbox 3471 866 3586 922; x_wconf 92' lang='lat' dir='ltr'>Sed</span> 
     </span>
    </p>
   </div>
   <div class='ocr_carea' id='block_1_69' title="bbox 1936 953 3582 1026">
    <p class='ocr_par' dir='ltr' id='par_1_69' title="bbox 1936 953 3582 1026">
     <span class='ocr_line' id='line_1_69' title="bbox 1936 953 3582 1026; baseline 0.002 -18"><span class='ocrx_word' id='word_1_500' title='bbox 1936 954 2222 1025; x_wconf 88' lang='lat' dir='ltr'>quoniam</span> <span class='ocrx_word' id='word_1_501' title='bbox 2254 954 2314 1009; x_wconf 91' lang='lat' dir='ltr'>id</span> <span class='ocrx_word' id='word_1_502' title='bbox 2346 953 2470 1009; x_wconf 87' lang='lat' dir='ltr'>ﬁeri</span> <span class='ocrx_word' id='word_1_503' title='bbox 2517 953 2741 1026; x_wconf 83' lang='lat' dir='ltr'>nequit,</span> <span class='ocrx_word' id='word_1_504' title='bbox 2776 968 2881 1024; x_wconf 93' lang='lat' dir='ltr'>per</span> <span class='ocrx_word' id='word_1_505' title='bbox 2907 953 3128 1009; x_wconf 82' lang='lat' dir='ltr'>litteras</span> <span class='ocrx_word' id='word_1_506' title='bbox 3170 954 3269 1010; x_wconf 87' lang='lat' dir='ltr'>ﬁet</span> <span class='ocrx_word' id='word_1_507' title='bbox 3300 955 3582 1011; x_wconf 87' lang='lat' dir='ltr'>visitatio.</span> 
     </span>
    </p>
   </div>
   <div class='ocr_carea' id='block_1_70' title="bbox 1937 1041 3590 1115">
    <p class='ocr_par' dir='ltr' id='par_1_70' title="bbox 1937 1041 3590 1115">
     <span class='ocr_line' id='line_1_70' title="bbox 1937 1041 3590 1115; baseline 0.001 -16"><span class='ocrx_word' id='word_1_508' title='bbox 1937 1044 1981 1099; x_wconf 94' lang='grc' dir='ltr'>Ο</span> <span class='ocrx_word' id='word_1_509' title='bbox 2012 1058 2135 1115; x_wconf 90' lang='lat' dir='ltr'>quo</span> <span class='ocrx_word' id='word_1_510' title='bbox 2163 1048 2339 1115; x_wconf 84' lang='lat' dir='ltr'>pacto</span> <span class='ocrx_word' id='word_1_511' title='bbox 2361 1059 2396 1098; x_wconf 92' lang='lat' dir='ltr'>a</span> <span class='ocrx_word' id='word_1_512' title='bbox 2426 1043 2604 1099; x_wconf 89' lang='lat' dir='ltr'>nobis</span> <span class='ocrx_word' id='word_1_513' title='bbox 2630 1041 2892 1099; x_wconf 83' lang='lat' dir='ltr'>avolavit</span> <span class='ocrx_word' id='word_1_514' title='bbox 2918 1042 3079 1099; x_wconf 92' lang='lat' dir='ltr'>bona</span> <span class='ocrx_word' id='word_1_515' title='bbox 3108 1050 3313 1115; x_wconf 88' lang='lat' dir='ltr'>mater,</span> <span class='ocrx_word' id='word_1_516' title='bbox 3349 1045 3590 1101; x_wconf 89' lang='lat' dir='ltr'>Christi-</span> 
     </span>
    </p>
   </div>
   <div class='ocr_carea' id='block_1_71' title="bbox 1937 1131 3582 1203">
    <p class='ocr_par' dir='ltr' id='par_1_71' title="bbox 1937 1131 3582 1203">
     <span class='ocr_line' id='line_1_71' title="bbox 1937 1131 3582 1203; baseline 0.002 -17"><span class='ocrx_word' id='word_1_517' title='bbox 1937 1131 2061 1187; x_wconf 84' lang='lat' dir='ltr'>fera</span> <span class='ocrx_word' id='word_1_518' title='bbox 2085 1131 2312 1197; x_wconf 89' lang='lat' dir='ltr'>mulier,</span> <span class='ocrx_word' id='word_1_519' title='bbox 2334 1132 2651 1187; x_wconf 86' lang='lat' dir='ltr'>thesaurus</span> <span class='ocrx_word' id='word_1_520' title='bbox 2670 1132 3070 1198; x_wconf 89' lang='lat' dir='ltr'>continentia,</span> <span class='ocrx_word' id='word_1_521' title='bbox 3094 1135 3285 1203; x_wconf 90' lang='lat' dir='ltr'>gratia</span> <span class='ocrx_word' id='word_1_522' title='bbox 3304 1142 3582 1191; x_wconf 90' lang='lat' dir='ltr'>ornatum</span> 
     </span>
    </p>
   </div>
   <div class='ocr_carea' id='block_1_72' title="bbox 1937 1220 3585 1293">
    <p class='ocr_par' dir='ltr' id='par_1_72' title="bbox 1937 1220 3585 1293">
     <span class='ocr_line' id='line_1_72' title="bbox 1937 1220 3585 1293; baseline 0.002 -18"><span class='ocrx_word' id='word_1_523' title='bbox 1937 1224 2137 1291; x_wconf 90' lang='lat' dir='ltr'>caput,</span> <span class='ocrx_word' id='word_1_524' title='bbox 2183 1221 2483 1292; x_wconf 84' lang='lat' dir='ltr'>religionis</span> <span class='ocrx_word' id='word_1_525' title='bbox 2513 1220 2867 1289; x_wconf 90' lang='lat' dir='ltr'>sacrarium,</span> <span class='ocrx_word' id='word_1_526' title='bbox 2913 1220 3159 1293; x_wconf 90' lang='lat' dir='ltr'>plenum</span> <span class='ocrx_word' id='word_1_527' title='bbox 3192 1222 3426 1279; x_wconf 91' lang='lat' dir='ltr'>dierum</span> <span class='ocrx_word' id='word_1_528' title='bbox 3459 1229 3585 1280; x_wconf 86' lang='lat' dir='ltr'>tum</span> 
     </span>
    </p>
   </div>
   <div class='ocr_carea' id='block_1_73' title="bbox 1936 1308 3585 1383">
    <p class='ocr_par' dir='ltr' id='par_1_73' title="bbox 1936 1308 3585 1383">
     <span class='ocr_line' id='line_1_73' title="bbox 1936 1308 3585 1383; baseline 0.002 -18"><span class='ocrx_word' id='word_1_529' title='bbox 1936 1308 2291 1365; x_wconf 89' lang='lat' dir='ltr'>obeuntium</span> <span class='ocrx_word' id='word_1_530' title='bbox 2376 1315 2502 1365; x_wconf 87' lang='lat' dir='ltr'>tum</span> <span class='ocrx_word' id='word_1_531' title='bbox 2584 1310 3066 1381; x_wconf 89' lang='lat' dir='ltr'>permanentium</span> <span class='ocrx_word' id='word_1_532' title='bbox 3156 1311 3585 1383; x_wconf 89' lang='lat' dir='ltr'>spectaculum,</span> 
     </span>
    </p>
   </div>
   <div class='ocr_carea' id='block_1_74' title="bbox 1937 1396 3586 1472">
    <p class='ocr_par' dir='ltr' id='par_1_74' title="bbox 1937 1396 3586 1472">
     <span class='ocr_line' id='line_1_74' title="bbox 1937 1396 3586 1472; baseline 0.002 -18"><span class='ocrx_word' id='word_1_533' title='bbox 1937 1396 2227 1470; x_wconf 88' lang='lat' dir='ltr'>templum</span> <span class='ocrx_word' id='word_1_534' title='bbox 2275 1399 2735 1464; x_wconf 85' lang='lat' dir='ltr'>sanctiﬁcatum,</span> <span class='ocrx_word' id='word_1_535' title='bbox 2794 1398 3077 1455; x_wconf 87' lang='lat' dir='ltr'>olivetum</span> <span class='ocrx_word' id='word_1_536' title='bbox 3122 1402 3586 1472; x_wconf 89' lang='lat' dir='ltr'>compassionis,</span> 
     </span>
    </p>
   </div>
   <div class='ocr_carea' id='block_1_75' title="bbox 1936 1487 3590 1558">
    <p class='ocr_par' dir='ltr' id='par_1_75' title="bbox 1936 1487 3590 1558">
     <span class='ocr_line' id='line_1_75' title="bbox 1936 1487 3590 1558; baseline 0.002 -15"><span class='ocrx_word' id='word_1_537' title='bbox 1936 1487 2379 1544; x_wconf 88' lang='lat' dir='ltr'>commiseratio</span> <span class='ocrx_word' id='word_1_538' title='bbox 2404 1488 2755 1558; x_wconf 84' lang='lat' dir='ltr'>largitionis,</span> <span class='ocrx_word' id='word_1_539' title='bbox 2774 1504 2906 1545; x_wconf 89' lang='lat' dir='ltr'>vere</span> <span class='ocrx_word' id='word_1_540' title='bbox 2929 1504 2964 1544; x_wconf 92' lang='lat' dir='ltr'>a</span> <span class='ocrx_word' id='word_1_541' title='bbox 2980 1490 3095 1544; x_wconf 91' lang='lat' dir='ltr'>Deo</span> <span class='ocrx_word' id='word_1_542' title='bbox 3118 1488 3441 1546; x_wconf 87' lang='lat' dir='ltr'>formatum</span> <span class='ocrx_word' id='word_1_543' title='bbox 3464 1491 3590 1547; x_wconf 85' lang='lat' dir='ltr'>ani-</span> 
     </span>
    </p>
   </div>
   <div class='ocr_carea' id='block_1_76' title="bbox 1936 1574 3590 1649">
    <p class='ocr_par' dir='ltr' id='par_1_76' title="bbox 1936 1574 3590 1649">
     <span class='ocr_line' id='line_1_76' title="bbox 1936 1574 3590 1649; baseline 0.003 -18"><span class='ocrx_word' id='word_1_544' title='bbox 1936 1574 2078 1644; x_wconf 89' lang='lat' dir='ltr'>mal,</span> <span class='ocrx_word' id='word_1_545' title='bbox 2109 1576 2317 1633; x_wconf 87' lang='lat' dir='ltr'>oculus</span> <span class='ocrx_word' id='word_1_546' title='bbox 2364 1577 2602 1633; x_wconf 87' lang='lat' dir='ltr'>invidia</span> <span class='ocrx_word' id='word_1_547' title='bbox 2628 1593 2861 1649; x_wconf 86' lang='lat' dir='ltr'>expers,</span> <span class='ocrx_word' id='word_1_548' title='bbox 2909 1593 3010 1633; x_wconf 90' lang='lat' dir='ltr'>cor</span> <span class='ocrx_word' id='word_1_549' title='bbox 3045 1579 3171 1633; x_wconf 91' lang='lat' dir='ltr'>sine</span> <span class='ocrx_word' id='word_1_550' title='bbox 3222 1578 3590 1636; x_wconf 89' lang='lat' dir='ltr'>malevolen-</span> 
     </span>
    </p>
   </div>
   <div class='ocr_carea' id='block_1_77' title="bbox 1935 1665 3589 1739">
    <p class='ocr_par' dir='ltr' id='par_1_77' title="bbox 1935 1665 3589 1739">
     <span class='ocr_line' id='line_1_77' title="bbox 1935 1665 3589 1739; baseline 0.002 -17"><span class='ocrx_word' id='word_1_551' title='bbox 1935 1665 2034 1733; x_wconf 87' lang='lat' dir='ltr'>tia,</span> <span class='ocrx_word' id='word_1_552' title='bbox 2067 1666 2127 1720; x_wconf 90' lang='lat' dir='ltr'>in</span> <span class='ocrx_word' id='word_1_553' title='bbox 2157 1666 2272 1722; x_wconf 93' lang='lat' dir='ltr'>hoc</span> <span class='ocrx_word' id='word_1_554' title='bbox 2297 1666 2496 1722; x_wconf 88' lang='lat' dir='ltr'>seculo</span> <span class='ocrx_word' id='word_1_555' title='bbox 2528 1670 2665 1722; x_wconf 86' lang='lat' dir='ltr'>ante</span> <span class='ocrx_word' id='word_1_556' title='bbox 2690 1673 2944 1723; x_wconf 92' lang='lat' dir='ltr'>mortem</span> <span class='ocrx_word' id='word_1_557' title='bbox 2977 1667 3293 1739; x_wconf 88' lang='lat' dir='ltr'>peregrina</span> <span class='ocrx_word' id='word_1_558' title='bbox 3318 1668 3397 1724; x_wconf 95' lang='lat' dir='ltr'>ob</span> <span class='ocrx_word' id='word_1_559' title='bbox 3429 1669 3589 1725; x_wconf 72' lang='lat' dir='ltr'>desi~</span> 
     </span>
    </p>
   </div>
   <div class='ocr_carea' id='block_1_78' title="bbox 1934 1754 3585 1829">
    <p class='ocr_par' dir='ltr' id='par_1_78' title="bbox 1934 1754 3585 1829">
     <span class='ocr_line' id='line_1_78' title="bbox 1934 1754 3585 1829; baseline 0.002 -19"><span class='ocrx_word' id='word_1_560' title='bbox 1934 1754 2168 1810; x_wconf 91' lang='lat' dir='ltr'>derium</span> <span class='ocrx_word' id='word_1_561' title='bbox 2220 1756 2431 1827; x_wconf 91' lang='lat' dir='ltr'>Sponsi</span> <span class='ocrx_word' id='word_1_562' title='bbox 2487 1756 2716 1821; x_wconf 89' lang='lat' dir='ltr'>Christi,</span> <span class='ocrx_word' id='word_1_563' title='bbox 2757 1762 2811 1811; x_wconf 91' lang='lat' dir='ltr'>et</span> <span class='ocrx_word' id='word_1_564' title='bbox 2860 1762 3101 1829; x_wconf 90' lang='lat' dir='ltr'>propter</span> <span class='ocrx_word' id='word_1_565' title='bbox 3147 1757 3409 1814; x_wconf 84' lang='lat' dir='ltr'>futuram</span> <span class='ocrx_word' id='word_1_566' title='bbox 3468 1758 3585 1814; x_wconf 89' lang='lat' dir='ltr'>illic</span> 
     </span>
    </p>
   </div>
   <div class='ocr_carea' id='block_1_79' title="bbox 1936 1844 3586 1919">
    <p class='ocr_par' dir='ltr' id='par_1_79' title="bbox 1936 1844 3586 1919">
     <span class='ocr_line' id='line_1_79' title="bbox 1936 1844 3586 1919; baseline 0.003 -20"><span class='ocrx_word' id='word_1_567' title='bbox 1936 1845 2117 1900; x_wconf 89' lang='lat' dir='ltr'>vitam</span> <span class='ocrx_word' id='word_1_568' title='bbox 2156 1844 2638 1901; x_wconf 88' lang='lat' dir='ltr'>indissolubilem</span> <span class='ocrx_word' id='word_1_569' title='bbox 2664 1852 2720 1901; x_wconf 90' lang='lat' dir='ltr'>et</span> <span class='ocrx_word' id='word_1_570' title='bbox 2747 1844 3148 1901; x_wconf 86' lang='lat' dir='ltr'>immortalem</span> <span class='ocrx_word' id='word_1_571' title='bbox 3171 1847 3199 1903; x_wconf 79' lang='lat' dir='ltr'>i&#39;</span> <span class='ocrx_word' id='word_1_572' title='bbox 3254 1848 3320 1913; x_wconf 89' lang='grc' dir='ltr'>Ο,</span> <span class='ocrx_word' id='word_1_573' title='bbox 3356 1863 3413 1914; x_wconf 96' lang='lat' dir='ltr'>o,</span> <span class='ocrx_word' id='word_1_574' title='bbox 3454 1848 3586 1919; x_wconf 87' lang='lat' dir='ltr'>qui-</span> 
     </span>
    </p>
   </div>
   <div class='ocr_carea' id='block_1_80' title="bbox 1933 1932 3588 2008">
    <p class='ocr_par' dir='ltr' id='par_1_80' title="bbox 1933 1932 3588 2008">
     <span class='ocr_line' id='line_1_80' title="bbox 1933 1932 3588 2008; baseline 0.002 -20"><span class='ocrx_word' id='word_1_575' title='bbox 1933 1932 2191 1990; x_wconf 90' lang='lat' dir='ltr'>busnam</span> <span class='ocrx_word' id='word_1_576' title='bbox 2247 1933 2444 1989; x_wconf 86' lang='lat' dir='ltr'>verbis</span> <span class='ocrx_word' id='word_1_577' title='bbox 2492 1935 2738 2006; x_wconf 82' lang='lat' dir='ltr'>exsequi</span> <span class='ocrx_word' id='word_1_578' title='bbox 2794 1934 2958 1990; x_wconf 86' lang='lat' dir='ltr'>illam</span> <span class='ocrx_word' id='word_1_579' title='bbox 2999 1935 3248 2007; x_wconf 89' lang='lat' dir='ltr'>possim,</span> <span class='ocrx_word' id='word_1_580' title='bbox 3298 1952 3435 2008; x_wconf 88' lang='lat' dir='ltr'>qua</span> <span class='ocrx_word' id='word_1_581' title='bbox 3485 1952 3588 1993; x_wconf 91' lang='lat' dir='ltr'>cor</span> 
     </span>
    </p>
   </div>
   <div class='ocr_carea' id='block_1_81' title="bbox 1933 2023 3585 2097">
    <p class='ocr_par' dir='ltr' id='par_1_81' title="bbox 1933 2023 3585 2097">
     <span class='ocr_line' id='line_1_81' title="bbox 1933 2023 3585 2097; baseline 0.002 -19"><span class='ocrx_word' id='word_1_582' title='bbox 1933 2039 2138 2079; x_wconf 89' lang='lat' dir='ltr'>meum</span> <span class='ocrx_word' id='word_1_583' title='bbox 2172 2023 2488 2079; x_wconf 90' lang='lat' dir='ltr'>sollicitum</span> <span class='ocrx_word' id='word_1_584' title='bbox 2521 2023 2723 2090; x_wconf 88' lang='lat' dir='ltr'>habet,</span> <span class='ocrx_word' id='word_1_585' title='bbox 2759 2023 3168 2080; x_wconf 88' lang='lat' dir='ltr'>laudationem</span> <span class='ocrx_word' id='word_1_586' title='bbox 3197 2029 3209 2083; x_wconf 85' lang='lat' dir='ltr'>l</span> <span class='ocrx_word' id='word_1_587' title='bbox 3246 2027 3315 2080; x_wconf 82' lang='lat' dir='ltr'>Et.</span> <span class='ocrx_word' id='word_1_588' title='bbox 3338 2025 3585 2097; x_wconf 90' lang='lat' dir='ltr'>quidem</span> 
     </span>
    </p>
   </div>
   <div class='ocr_carea' id='block_1_82' title="bbox 1936 2112 3584 2186">
    <p class='ocr_par' dir='ltr' id='par_1_82' title="bbox 1936 2112 3584 2186">
     <span class='ocr_line' id='line_1_82' title="bbox 1936 2112 3584 2186; baseline 0.003 -20"><span class='ocrx_word' id='word_1_589' title='bbox 1936 2112 2124 2167; x_wconf 89' lang='lat' dir='ltr'>serius</span> <span class='ocrx_word' id='word_1_590' title='bbox 2155 2127 2269 2182; x_wconf 86' lang='lat' dir='ltr'>ego</span> <span class='ocrx_word' id='word_1_591' title='bbox 2311 2112 2645 2183; x_wconf 89' lang='lat' dir='ltr'>dominam,</span> <span class='ocrx_word' id='word_1_592' title='bbox 2674 2118 2732 2168; x_wconf 87' lang='lat' dir='ltr'>et</span> <span class='ocrx_word' id='word_1_593' title='bbox 2761 2113 3002 2169; x_wconf 88' lang='lat' dir='ltr'>virtutes</span> <span class='ocrx_word' id='word_1_594' title='bbox 3037 2118 3261 2170; x_wconf 89' lang='lat' dir='ltr'>vestras</span> <span class='ocrx_word' id='word_1_595' title='bbox 3308 2116 3584 2186; x_wconf 88' lang='lat' dir='ltr'>cognovi,</span> 
     </span>
    </p>
   </div>
   <div class='ocr_carea' id='block_1_83' title="bbox 1933 2201 3586 2274">
    <p class='ocr_par' dir='ltr' id='par_1_83' title="bbox 1933 2201 3586 2274">
     <span class='ocr_line' id='line_1_83' title="bbox 1933 2201 3586 2274; baseline 0.002 -18"><span class='ocrx_word' id='word_1_596' title='bbox 1933 2216 2044 2256; x_wconf 90' lang='lat' dir='ltr'>nec</span> <span class='ocrx_word' id='word_1_597' title='bbox 2068 2202 2443 2272; x_wconf 87' lang='lat' dir='ltr'>experientia</span> <span class='ocrx_word' id='word_1_598' title='bbox 2469 2201 2602 2273; x_wconf 89' lang='lat' dir='ltr'>plus</span> <span class='ocrx_word' id='word_1_599' title='bbox 2631 2202 2849 2265; x_wconf 89' lang='lat' dir='ltr'>habeo,</span> <span class='ocrx_word' id='word_1_600' title='bbox 2881 2217 3068 2274; x_wconf 91' lang='lat' dir='ltr'>quam</span> <span class='ocrx_word' id='word_1_601' title='bbox 3098 2203 3200 2274; x_wconf 90' lang='lat' dir='ltr'>qui</span> <span class='ocrx_word' id='word_1_602' title='bbox 3227 2220 3464 2260; x_wconf 93' lang='lat' dir='ltr'>summo</span> <span class='ocrx_word' id='word_1_603' title='bbox 3494 2204 3586 2260; x_wconf 90' lang='lat' dir='ltr'>di-</span> 
     </span>
    </p>
   </div>
   <div class='ocr_carea' id='block_1_84' title="bbox 1933 2290 3581 2363">
    <p class='ocr_par' dir='ltr' id='par_1_84' title="bbox 1933 2290 3581 2363">
     <span class='ocr_line' id='line_1_84' title="bbox 1933 2290 3581 2363; baseline 0.002 -18"><span class='ocrx_word' id='word_1_604' title='bbox 1933 2290 2053 2360; x_wconf 83' lang='lat' dir='ltr'>gito</span> <span class='ocrx_word' id='word_1_605' title='bbox 2079 2290 2196 2345; x_wconf 92' lang='lat' dir='ltr'>mel</span> <span class='ocrx_word' id='word_1_606' title='bbox 2228 2292 2434 2360; x_wconf 85' lang='lat' dir='ltr'>attigit.</span> <span class='ocrx_word' id='word_1_607' title='bbox 2485 2292 2760 2348; x_wconf 81' lang='lat' dir='ltr'>Attamen</span> <span class='ocrx_word' id='word_1_608' title='bbox 2796 2291 2990 2346; x_wconf 88' lang='lat' dir='ltr'>tenuis</span> <span class='ocrx_word' id='word_1_609' title='bbox 3032 2292 3371 2363; x_wconf 87' lang='lat' dir='ltr'>degustatio</span> <span class='ocrx_word' id='word_1_610' title='bbox 3403 2294 3581 2349; x_wconf 90' lang='lat' dir='ltr'>totius</span> 
     </span>
    </p>
   </div>
   <div class='ocr_carea' id='block_1_85' title="bbox 1932 2378 3583 2451">
    <p class='ocr_par' dir='ltr' id='par_1_85' title="bbox 1932 2378 3583 2451">
     <span class='ocr_line' id='line_1_85' title="bbox 1932 2378 3583 2451; baseline 0.004 -17"><span class='ocrx_word' id='word_1_611' title='bbox 1932 2378 2266 2435; x_wconf 88' lang='lat' dir='ltr'>dulcedinis</span> <span class='ocrx_word' id='word_1_612' title='bbox 2298 2379 2604 2451; x_wconf 90' lang='lat' dir='ltr'>specimen</span> <span class='ocrx_word' id='word_1_613' title='bbox 2644 2380 2882 2436; x_wconf 81' lang='lat' dir='ltr'>exhibet</span> <span class='ocrx_word' id='word_1_614' title='bbox 2914 2397 2926 2436; x_wconf 87' lang='lat'>:</span> <span class='ocrx_word' id='word_1_615' title='bbox 2970 2381 3299 2451; x_wconf 82' lang='lat' dir='ltr'>praesertim</span> <span class='ocrx_word' id='word_1_616' title='bbox 3331 2399 3468 2439; x_wconf 93' lang='lat' dir='ltr'>cum</span> <span class='ocrx_word' id='word_1_617' title='bbox 3504 2384 3583 2440; x_wconf 92' lang='lat' dir='ltr'>ab</span> 
     </span>
    </p>
   </div>
   <div class='ocr_carea' id='block_1_86' title="bbox 1931 2467 3584 2544">
    <p class='ocr_par' dir='ltr' id='par_1_86' title="bbox 1931 2467 3584 2544">
     <span class='ocr_line' id='line_1_86' title="bbox 1931 2467 3584 2544; baseline 0.004 -22"><span class='ocrx_word' id='word_1_618' title='bbox 1931 2467 2004 2522; x_wconf 88' lang='lat' dir='ltr'>iis</span> <span class='ocrx_word' id='word_1_619' title='bbox 2030 2468 2357 2534; x_wconf 89' lang='lat' dir='ltr'>sororibus,</span> <span class='ocrx_word' id='word_1_620' title='bbox 2376 2468 2599 2541; x_wconf 90' lang='lat' dir='ltr'>quibus</span> <span class='ocrx_word' id='word_1_621' title='bbox 2626 2470 2811 2524; x_wconf 90' lang='lat' dir='ltr'>virtus</span> <span class='ocrx_word' id='word_1_622' title='bbox 2834 2474 3026 2526; x_wconf 88' lang='lat' dir='ltr'>vestra</span> <span class='ocrx_word' id='word_1_623' title='bbox 3051 2471 3243 2540; x_wconf 87' lang='lat' dir='ltr'>magis</span> <span class='ocrx_word' id='word_1_624' title='bbox 3272 2478 3584 2544; x_wconf 90' lang='lat' dir='ltr'>perspecta</span> 
     </span>
    </p>
   </div>
   <div class='ocr_carea' id='block_1_87' title="bbox 1932 2556 3581 2623">
    <p class='ocr_par' dir='ltr' id='par_1_87' title="bbox 1932 2556 3581 2623">
     <span class='ocr_line' id='line_1_87' title="bbox 1932 2556 3581 2623; baseline 0.003 -11"><span class='ocrx_word' id='word_1_625' title='bbox 1932 2562 2079 2623; x_wconf 89' lang='lat' dir='ltr'>erat,</span> <span class='ocrx_word' id='word_1_626' title='bbox 2111 2556 2378 2622; x_wconf 89' lang='lat' dir='ltr'>edoctus,</span> <span class='ocrx_word' id='word_1_627' title='bbox 2411 2556 2800 2614; x_wconf 77' lang='lat' dir='ltr'>sufﬁcientem</span> <span class='ocrx_word' id='word_1_628' title='bbox 2828 2558 2902 2614; x_wconf 92' lang='lat' dir='ltr'>de</span> <span class='ocrx_word' id='word_1_629' title='bbox 2934 2574 3003 2615; x_wconf 91' lang='lat' dir='ltr'>ea</span> <span class='ocrx_word' id='word_1_630' title='bbox 3024 2558 3299 2615; x_wconf 88' lang='lat' dir='ltr'>notitiam</span> <span class='ocrx_word' id='word_1_631' title='bbox 3322 2560 3581 2617; x_wconf 88' lang='lat' dir='ltr'>habeam</span> 
     </span>
    </p>
   </div>
   <div class='ocr_carea' id='block_1_88' title="bbox 1930 2646 3582 2719">
    <p class='ocr_par' dir='ltr' id='par_1_88' title="bbox 1930 2646 3582 2719">
     <span class='ocr_line' id='line_1_88' title="bbox 1930 2646 3582 2719; baseline 0.002 -18"><span class='ocrx_word' id='word_1_632' title='bbox 1930 2646 1989 2701; x_wconf 90' lang='lat' dir='ltr'>in</span> <span class='ocrx_word' id='word_1_633' title='bbox 2019 2647 2291 2702; x_wconf 90' lang='lat' dir='ltr'>Domino.</span> <span class='ocrx_word' id='word_1_634' title='bbox 2307 2647 2445 2702; x_wconf 86' lang='lat' dir='ltr'>Vita</span> <span class='ocrx_word' id='word_1_635' title='bbox 2467 2646 2730 2702; x_wconf 91' lang='lat' dir='ltr'>conditio</span> <span class='ocrx_word' id='word_1_636' title='bbox 2750 2663 2786 2702; x_wconf 94' lang='lat' dir='ltr'>a</span> <span class='ocrx_word' id='word_1_637' title='bbox 2810 2662 2934 2719; x_wconf 92' lang='lat' dir='ltr'>qua</span> <span class='ocrx_word' id='word_1_638' title='bbox 2960 2648 3298 2704; x_wconf 90' lang='lat' dir='ltr'>transiitilla</span> <span class='ocrx_word' id='word_1_639' title='bbox 3319 2649 3395 2705; x_wconf 91' lang='lat' dir='ltr'>ad</span> <span class='ocrx_word' id='word_1_640' title='bbox 3422 2649 3582 2706; x_wconf 89' lang='lat' dir='ltr'>istud</span> 
     </span>
    </p>
   </div>
   <div class='ocr_carea' id='block_1_89' title="bbox 1930 2735 3581 2809">
    <p class='ocr_par' dir='ltr' id='par_1_89' title="bbox 1930 2735 3581 2809">
     <span class='ocr_line' id='line_1_89' title="bbox 1930 2735 3581 2809; baseline 0.003 -19"><span class='ocrx_word' id='word_1_641' title='bbox 1930 2736 2285 2800; x_wconf 89' lang='lat' dir='ltr'>institutum,</span> <span class='ocrx_word' id='word_1_642' title='bbox 2314 2735 2426 2792; x_wconf 86' lang='lat' dir='ltr'>fuit</span> <span class='ocrx_word' id='word_1_643' title='bbox 2450 2736 2820 2806; x_wconf 90' lang='lat' dir='ltr'>hujusmodi.</span> <span class='ocrx_word' id='word_1_644' title='bbox 2858 2737 3100 2809; x_wconf 90' lang='lat' dir='ltr'>Oportet</span> <span class='ocrx_word' id='word_1_645' title='bbox 3138 2738 3296 2793; x_wconf 91' lang='lat' dir='ltr'>enim</span> <span class='ocrx_word' id='word_1_646' title='bbox 3330 2754 3424 2793; x_wconf 92' lang='lat' dir='ltr'>me</span> <span class='ocrx_word' id='word_1_647' title='bbox 3453 2755 3581 2795; x_wconf 87' lang='lat' dir='ltr'>rem</span> 
     </span>
    </p>
   </div>
   <div class='ocr_carea' id='block_1_90' title="bbox 1930 2825 3582 2900">
    <p class='ocr_par' dir='ltr' id='par_1_90' title="bbox 1930 2825 3582 2900">
     <span class='ocr_line' id='line_1_90' title="bbox 1930 2825 3582 2900; baseline 0.001 -19"><span class='ocrx_word' id='word_1_648' title='bbox 1930 2825 2107 2881; x_wconf 87' lang='lat' dir='ltr'>altius</span> <span class='ocrx_word' id='word_1_649' title='bbox 2152 2830 2439 2896; x_wconf 89' lang='lat' dir='ltr'>repetere,</span> <span class='ocrx_word' id='word_1_650' title='bbox 2473 2830 2532 2881; x_wconf 92' lang='lat' dir='ltr'>et</span> <span class='ocrx_word' id='word_1_651' title='bbox 2574 2826 3006 2884; x_wconf 88' lang='lat' dir='ltr'>consolationis</span> <span class='ocrx_word' id='word_1_652' title='bbox 3038 2827 3229 2896; x_wconf 88' lang='lat' dir='ltr'>gratia</span> <span class='ocrx_word' id='word_1_653' title='bbox 3273 2828 3582 2900; x_wconf 87' lang='lat' dir='ltr'>paulisper</span> 
     </span>
    </p>
   </div>
   <div class='ocr_carea' id='block_1_91' title="bbox 1929 2914 2548 2971">
    <p class='ocr_par' dir='ltr' id='par_1_91' title="bbox 1929 2914 2548 2971">
     <span class='ocr_line' id='line_1_91' title="bbox 1929 2914 2548 2971; baseline 0 -2"><span class='ocrx_word' id='word_1_654' title='bbox 1929 2914 2186 2971; x_wconf 91' lang='lat' dir='ltr'>dicendo</span> <span class='ocrx_word' id='word_1_655' title='bbox 2216 2914 2548 2970; x_wconf 88' lang='lat' dir='ltr'>immorari.</span> 
     </span>
    </p>
   </div>
   <div class='ocr_carea' id='block_1_92' title="bbox 2000 3004 3581 3063">
    <p class='ocr_par' dir='ltr' id='par_1_92' title="bbox 2000 3004 3581 3063">
     <span class='ocr_line' id='line_1_92' title="bbox 2000 3004 3581 3063; baseline 0.003 -4"><span class='ocrx_word' id='word_1_656' title='bbox 2000 3004 2093 3059; x_wconf 91' lang='lat' dir='ltr'>Sic</span> <span class='ocrx_word' id='word_1_657' title='bbox 2132 3009 2332 3060; x_wconf 91' lang='lat' dir='ltr'>autem</span> <span class='ocrx_word' id='word_1_658' title='bbox 2366 3020 2427 3060; x_wconf 92' lang='lat' dir='ltr'>se</span> <span class='ocrx_word' id='word_1_659' title='bbox 2476 3019 2571 3060; x_wconf 90' lang='lat' dir='ltr'>res</span> <span class='ocrx_word' id='word_1_660' title='bbox 2598 3004 2798 3060; x_wconf 88' lang='lat' dir='ltr'>habet.</span> <span class='ocrx_word' id='word_1_661' title='bbox 2831 3006 3027 3061; x_wconf 88' lang='lat' dir='ltr'>Genus</span> <span class='ocrx_word' id='word_1_662' title='bbox 3077 3004 3231 3060; x_wconf 90' lang='lat' dir='ltr'>illius</span> <span class='ocrx_word' id='word_1_663' title='bbox 3280 3021 3353 3061; x_wconf 86' lang='lat' dir='ltr'>ex</span> <span class='ocrx_word' id='word_1_664' title='bbox 3382 3007 3581 3063; x_wconf 85' lang='lat' dir='ltr'>Orien-</span> 
     </span>
    </p>
   </div>
   <div class='ocr_carea' id='block_1_93' title="bbox 1928 3092 3582 3165">
    <p class='ocr_par' dir='ltr' id='par_1_93' title="bbox 1928 3092 3582 3165">
     <span class='ocr_line' id='line_1_93' title="bbox 1928 3092 3582 3165; baseline 0.002 -17"><span class='ocrx_word' id='word_1_665' title='bbox 1928 3092 2164 3159; x_wconf 91' lang='lat' dir='ltr'>talibus,</span> <span class='ocrx_word' id='word_1_666' title='bbox 2194 3098 2249 3148; x_wconf 92' lang='lat' dir='ltr'>et</span> <span class='ocrx_word' id='word_1_667' title='bbox 2272 3092 2475 3165; x_wconf 90' lang='lat' dir='ltr'>quoad</span> <span class='ocrx_word' id='word_1_668' title='bbox 2500 3092 2723 3158; x_wconf 90' lang='lat' dir='ltr'>locum,</span> <span class='ocrx_word' id='word_1_669' title='bbox 2748 3098 2802 3148; x_wconf 86' lang='lat' dir='ltr'>et</span> <span class='ocrx_word' id='word_1_670' title='bbox 2822 3093 3026 3165; x_wconf 89' lang='lat' dir='ltr'>quoad</span> <span class='ocrx_word' id='word_1_671' title='bbox 3056 3093 3321 3150; x_wconf 91' lang='lat' dir='ltr'>indolem</span> <span class='ocrx_word' id='word_1_672' title='bbox 3346 3116 3358 3148; x_wconf 92' lang='lat'><strong>:</strong></span> <span class='ocrx_word' id='word_1_673' title='bbox 3384 3111 3455 3151; x_wconf 93' lang='lat' dir='ltr'>ex</span> <span class='ocrx_word' id='word_1_674' title='bbox 3481 3098 3582 3151; x_wconf 86' lang='lat' dir='ltr'>Ar-</span> 
     </span>
    </p>
   </div>
   <div class='ocr_carea' id='block_1_94' title="bbox 1926 3180 3583 3247">
    <p class='ocr_par' dir='ltr' id='par_1_94' title="bbox 1926 3180 3583 3247">
     <span class='ocr_line' id='line_1_94' title="bbox 1926 3180 3583 3247; baseline 0.003 -10"><span class='ocrx_word' id='word_1_675' title='bbox 1926 3182 2123 3238; x_wconf 88' lang='lat' dir='ltr'>menia</span> <span class='ocrx_word' id='word_1_676' title='bbox 2156 3180 2397 3247; x_wconf 90' lang='lat' dir='ltr'>scilicet,</span> <span class='ocrx_word' id='word_1_677' title='bbox 2441 3181 2601 3237; x_wconf 90' lang='lat' dir='ltr'>unde</span> <span class='ocrx_word' id='word_1_678' title='bbox 2631 3186 2689 3236; x_wconf 91' lang='lat' dir='ltr'>et</span> <span class='ocrx_word' id='word_1_679' title='bbox 2730 3182 2937 3238; x_wconf 92' lang='lat' dir='ltr'>virtus.</span> <span class='ocrx_word' id='word_1_680' title='bbox 2974 3181 3145 3247; x_wconf 87' lang='lat' dir='ltr'>Quod</span> <span class='ocrx_word' id='word_1_681' title='bbox 3177 3183 3223 3238; x_wconf 91' lang='lat' dir='ltr'>si</span> <span class='ocrx_word' id='word_1_682' title='bbox 3262 3184 3441 3239; x_wconf 90' lang='lat' dir='ltr'>etiam</span> <span class='ocrx_word' id='word_1_683' title='bbox 3479 3184 3583 3242; x_wconf 88' lang='lat' dir='ltr'>ha-</span> 
     </span>
    </p>
   </div>
   <div class='ocr_carea' id='block_1_95' title="bbox 1926 3269 3582 3340">
    <p class='ocr_par' dir='ltr' id='par_1_95' title="bbox 1926 3269 3582 3340">
     <span class='ocr_line' id='line_1_95' title="bbox 1926 3269 3582 3340; baseline 0.001 -15"><span class='ocrx_word' id='word_1_684' title='bbox 1926 3270 2130 3325; x_wconf 88' lang='lat' dir='ltr'>benda</span> <span class='ocrx_word' id='word_1_685' title='bbox 2157 3270 2306 3325; x_wconf 90' lang='lat' dir='ltr'>ratio</span> <span class='ocrx_word' id='word_1_686' title='bbox 2338 3269 2672 3340; x_wconf 81' lang='lat' dir='ltr'>sanguinis.</span> <span class='ocrx_word' id='word_1_687' title='bbox 2706 3270 2868 3324; x_wconf 91' lang='lat' dir='ltr'>hunc</span> <span class='ocrx_word' id='word_1_688' title='bbox 2899 3286 3036 3325; x_wconf 92' lang='lat' dir='ltr'>cum</span> <span class='ocrx_word' id='word_1_689' title='bbox 3069 3272 3309 3340; x_wconf 84' lang='lat' dir='ltr'>regibus</span> <span class='ocrx_word' id='word_1_690' title='bbox 3334 3274 3582 3328; x_wconf 90' lang='lat' dir='ltr'>commi-</span> 
     </span>
    </p>
   </div>
   <div class='ocr_carea' id='block_1_96' title="bbox 1926 3358 3579 3427">
    <p class='ocr_par' dir='ltr' id='par_1_96' title="bbox 1926 3358 3579 3427">
     <span class='ocr_line' id='line_1_96' title="bbox 1926 3358 3579 3427; baseline 0.002 -13"><span class='ocrx_word' id='word_1_691' title='bbox 1926 3364 2086 3415; x_wconf 92' lang='lat' dir='ltr'>stum</span> <span class='ocrx_word' id='word_1_692' title='bbox 2114 3358 2347 3415; x_wconf 90' lang='lat' dir='ltr'>habuit.</span> <span class='ocrx_word' id='word_1_693' title='bbox 2375 3358 2679 3414; x_wconf 83' lang='lat' dir='ltr'>Accedunt</span> <span class='ocrx_word' id='word_1_694' title='bbox 2706 3358 2989 3414; x_wconf 90' lang='lat' dir='ltr'>militares</span> <span class='ocrx_word' id='word_1_695' title='bbox 3018 3374 3089 3415; x_wconf 90' lang='lat' dir='ltr'>ac</span> <span class='ocrx_word' id='word_1_696' title='bbox 3117 3360 3340 3427; x_wconf 90' lang='lat' dir='ltr'>civiles,</span> <span class='ocrx_word' id='word_1_697' title='bbox 3368 3361 3579 3417; x_wconf 89' lang='lat' dir='ltr'>tumin</span> 
     </span>
    </p>
   </div>
   <div class='ocr_carea' id='block_1_97' title="bbox 1924 3446 3579 3521">
    <p class='ocr_par' dir='ltr' id='par_1_97' title="bbox 1924 3446 3579 3521">
     <span class='ocr_line' id='line_1_97' title="bbox 1924 3446 3579 3521; baseline 0.001 -18"><span class='ocrx_word' id='word_1_698' title='bbox 1924 3448 2224 3513; x_wconf 80' lang='lat' dir='ltr'>Armenia,</span> <span class='ocrx_word' id='word_1_699' title='bbox 2274 3452 2402 3503; x_wconf 90' lang='lat' dir='ltr'>tum</span> <span class='ocrx_word' id='word_1_700' title='bbox 2450 3447 2511 3501; x_wconf 91' lang='lat' dir='ltr'>in</span> <span class='ocrx_word' id='word_1_701' title='bbox 2569 3446 2792 3502; x_wconf 87' lang='lat' dir='ltr'>Gracia</span> <span class='ocrx_word' id='word_1_702' title='bbox 2848 3446 3239 3518; x_wconf 85' lang='lat' dir='ltr'>prafectura,</span> <span class='ocrx_word' id='word_1_703' title='bbox 3304 3449 3579 3521; x_wconf 87' lang='lat' dir='ltr'>conjugis</span> 
     </span>
    </p>
   </div>
   <div class='ocr_carea' id='block_1_98' title="bbox 1925 3535 3578 3608">
    <p class='ocr_par' dir='ltr' id='par_1_98' title="bbox 1925 3535 3578 3608">
     <span class='ocr_line' id='line_1_98' title="bbox 1925 3535 3578 3608; baseline 0.002 -16"><span class='ocrx_word' id='word_1_704' title='bbox 1925 3537 2085 3604; x_wconf 86' lang='lat' dir='ltr'>dico;</span> <span class='ocrx_word' id='word_1_705' title='bbox 2123 3536 2417 3608; x_wconf 89' lang='lat' dir='ltr'>siquidem</span> <span class='ocrx_word' id='word_1_706' title='bbox 2448 3535 2804 3608; x_wconf 88' lang='lat' dir='ltr'>primariam</span> <span class='ocrx_word' id='word_1_707' title='bbox 2844 3536 2904 3591; x_wconf 92' lang='lat' dir='ltr'>in</span> <span class='ocrx_word' id='word_1_708' title='bbox 2931 3538 3192 3592; x_wconf 89' lang='lat' dir='ltr'>exercitu</span> <span class='ocrx_word' id='word_1_709' title='bbox 3223 3538 3578 3608; x_wconf 88' lang='lat' dir='ltr'>dignitatem</span> 
     </span>
    </p>
   </div>
   <div class='ocr_carea' id='block_1_99' title="bbox 1924 3625 3580 3700">
    <p class='ocr_par' dir='ltr' id='par_1_99' title="bbox 1924 3625 3580 3700">
     <span class='ocr_line' id='line_1_99' title="bbox 1924 3625 3580 3700; baseline 0.002 -19"><span class='ocrx_word' id='word_1_710' title='bbox 1924 3626 2263 3699; x_wconf 88' lang='lat' dir='ltr'>pariterque</span> <span class='ocrx_word' id='word_1_711' title='bbox 2288 3625 2670 3697; x_wconf 90' lang='lat' dir='ltr'>patriciatum</span> <span class='ocrx_word' id='word_1_712' title='bbox 2714 3625 2970 3697; x_wconf 88' lang='lat' dir='ltr'>adeptus</span> <span class='ocrx_word' id='word_1_713' title='bbox 3000 3630 3088 3681; x_wconf 87' lang='lat' dir='ltr'>est</span> <span class='ocrx_word' id='word_1_714' title='bbox 3126 3627 3215 3681; x_wconf 90' lang='lat' dir='ltr'>vir</span> <span class='ocrx_word' id='word_1_715' title='bbox 3244 3627 3357 3684; x_wconf 88' lang='lat' dir='ltr'>ille.</span> <span class='ocrx_word' id='word_1_716' title='bbox 3382 3634 3429 3684; x_wconf 82' lang='lat' dir='ltr'><strong>A</strong></span> <span class='ocrx_word' id='word_1_717' title='bbox 3458 3645 3580 3700; x_wconf 90' lang='lat' dir='ltr'>quo</span> 
     </span>
    </p>
   </div>
   <div class='ocr_carea' id='block_1_100' title="bbox 1925 3714 3580 3787">
    <p class='ocr_par' dir='ltr' id='par_1_100' title="bbox 1925 3714 3580 3787">
     <span class='ocr_line' id='line_1_100' title="bbox 1925 3714 3580 3787; baseline 0.002 -17"><span class='ocrx_word' id='word_1_718' title='bbox 1925 3731 2030 3787; x_wconf 87' lang='lat' dir='ltr'>per</span> <span class='ocrx_word' id='word_1_719' title='bbox 2047 3720 2300 3770; x_wconf 92' lang='lat' dir='ltr'>mortem</span> <span class='ocrx_word' id='word_1_720' title='bbox 2317 3714 2572 3781; x_wconf 90' lang='lat' dir='ltr'>divulsa,</span> <span class='ocrx_word' id='word_1_721' title='bbox 2604 3714 2916 3786; x_wconf 86' lang='lat' dir='ltr'>innuptam</span> <span class='ocrx_word' id='word_1_722' title='bbox 2941 3731 3184 3771; x_wconf 90' lang='lat' dir='ltr'>manere</span> <span class='ocrx_word' id='word_1_723' title='bbox 3199 3732 3262 3771; x_wconf 89' lang='lat' dir='ltr'>se</span> <span class='ocrx_word' id='word_1_724' title='bbox 3289 3732 3410 3773; x_wconf 92' lang='lat' dir='ltr'>non</span> <span class='ocrx_word' id='word_1_725' title='bbox 3429 3717 3580 3784; x_wconf 88' lang='lat' dir='ltr'>tulit,</span> 
     </span>
    </p>
   </div>
   <div class='ocr_carea' id='block_1_101' title="bbox 1925 3802 3581 3876">
    <p class='ocr_par' dir='ltr' id='par_1_101' title="bbox 1925 3802 3581 3876">
     <span class='ocr_line' id='line_1_101' title="bbox 1925 3802 3581 3876; baseline 0.002 -16"><span class='ocrx_word' id='word_1_726' title='bbox 1925 3804 2031 3860; x_wconf 88' lang='lat' dir='ltr'>sed</span> <span class='ocrx_word' id='word_1_727' title='bbox 2070 3819 2364 3875; x_wconf 89' lang='lat' dir='ltr'>sponsum</span> <span class='ocrx_word' id='word_1_728' title='bbox 2393 3802 2624 3869; x_wconf 91' lang='lat' dir='ltr'>habuit,</span> <span class='ocrx_word' id='word_1_729' title='bbox 2656 3819 2985 3876; x_wconf 88' lang='lat' dir='ltr'>quemnam</span> <span class='ocrx_word' id='word_1_730' title='bbox 3031 3820 3171 3860; x_wconf 90' lang='lat' dir='ltr'>vero</span> <span class='ocrx_word' id='word_1_731' title='bbox 3199 3803 3225 3858; x_wconf 82' lang='lat'>?</span> <span class='ocrx_word' id='word_1_732' title='bbox 3250 3821 3371 3862; x_wconf 94' lang='lat' dir='ltr'>non</span> <span class='ocrx_word' id='word_1_733' title='bbox 3417 3806 3581 3863; x_wconf 90' lang='lat' dir='ltr'>hunc</span> 
     </span>
    </p>
   </div>
   <div class='ocr_carea' id='block_1_102' title="bbox 1923 3892 3584 3966">
    <p class='ocr_par' dir='ltr' id='par_1_102' title="bbox 1923 3892 3584 3966">
     <span class='ocr_line' id='line_1_102' title="bbox 1923 3892 3584 3966; baseline 0.004 -19"><span class='ocrx_word' id='word_1_734' title='bbox 1923 3892 2019 3949; x_wconf 86' lang='lat' dir='ltr'>vel</span> <span class='ocrx_word' id='word_1_735' title='bbox 2068 3892 2236 3949; x_wconf 90' lang='lat' dir='ltr'>illum</span> <span class='ocrx_word' id='word_1_736' title='bbox 2292 3892 2623 3964; x_wconf 89' lang='lat' dir='ltr'>principem</span> <span class='ocrx_word' id='word_1_737' title='bbox 2667 3898 2769 3948; x_wconf 87' lang='lat' dir='ltr'>aut</span> <span class='ocrx_word' id='word_1_738' title='bbox 2821 3909 3043 3966; x_wconf 91' lang='lat' dir='ltr'>regem,</span> <span class='ocrx_word' id='word_1_739' title='bbox 3095 3894 3261 3965; x_wconf 89' lang='lat' dir='ltr'>quod</span> <span class='ocrx_word' id='word_1_740' title='bbox 3307 3895 3584 3953; x_wconf 87' lang='lat' dir='ltr'>ambiunt</span> 
     </span>
    </p>
   </div>
   <div class='ocr_carea' id='block_1_103' title="bbox 1925 3981 3580 4057">
    <p class='ocr_par' dir='ltr' id='par_1_103' title="bbox 1925 3981 3580 4057">
     <span class='ocr_line' id='line_1_103' title="bbox 1925 3981 3580 4057; baseline 0.001 -18"><span class='ocrx_word' id='word_1_741' title='bbox 1925 3982 2147 4052; x_wconf 84' lang='lat' dir='ltr'>multa,</span> <span class='ocrx_word' id='word_1_742' title='bbox 2201 3981 2365 4039; x_wconf 89' lang='lat' dir='ltr'>carni</span> <span class='ocrx_word' id='word_1_743' title='bbox 2396 3989 2451 4037; x_wconf 89' lang='lat' dir='ltr'>et</span> <span class='ocrx_word' id='word_1_744' title='bbox 2493 3983 2770 4052; x_wconf 87' lang='lat' dir='ltr'>sanguini</span> <span class='ocrx_word' id='word_1_745' title='bbox 2816 3983 3103 4049; x_wconf 84' lang='lat' dir='ltr'>addicta;</span> <span class='ocrx_word' id='word_1_746' title='bbox 3147 3984 3251 4039; x_wconf 92' lang='lat' dir='ltr'>sed</span> <span class='ocrx_word' id='word_1_747' title='bbox 3296 4000 3436 4040; x_wconf 92' lang='lat' dir='ltr'>eum</span> <span class='ocrx_word' id='word_1_748' title='bbox 3474 3986 3580 4057; x_wconf 89' lang='lat' dir='ltr'>qui</span> 
     </span>
    </p>
   </div>
   <div class='ocr_carea' id='block_1_104' title="bbox 1925 4072 3580 4144">
    <p class='ocr_par' dir='ltr' id='par_1_104' title="bbox 1925 4072 3580 4144">
     <span class='ocr_line' id='line_1_104' title="bbox 1925 4072 3580 4144; baseline 0.002 -17"><span class='ocrx_word' id='word_1_749' title='bbox 1925 4072 2086 4128; x_wconf 89' lang='lat' dir='ltr'>solus</span> <span class='ocrx_word' id='word_1_750' title='bbox 2106 4077 2194 4128; x_wconf 89' lang='lat' dir='ltr'>est</span> <span class='ocrx_word' id='word_1_751' title='bbox 2223 4087 2482 4144; x_wconf 90' lang='lat' dir='ltr'>sponsus</span> <span class='ocrx_word' id='word_1_752' title='bbox 2514 4072 2843 4143; x_wconf 90' lang='lat' dir='ltr'>speciosus,</span> <span class='ocrx_word' id='word_1_753' title='bbox 2879 4072 3155 4143; x_wconf 92' lang='lat' dir='ltr'>princeps</span> <span class='ocrx_word' id='word_1_754' title='bbox 3182 4074 3369 4144; x_wconf 85' lang='lat' dir='ltr'>pacis.</span> <span class='ocrx_word' id='word_1_755' title='bbox 3414 4074 3580 4131; x_wconf 91' lang='lat' dir='ltr'>Unde</span> 
     </span>
    </p>
   </div>
   <div class='ocr_carea' id='block_1_105' title="bbox 1924 4161 3578 4233">
    <p class='ocr_par' dir='ltr' id='par_1_105' title="bbox 1924 4161 3578 4233">
     <span class='ocr_line' id='line_1_105' title="bbox 1924 4161 3578 4233; baseline 0 -15"><span class='ocrx_word' id='word_1_756' title='bbox 1924 4166 1979 4218; x_wconf 87' lang='lat' dir='ltr'>et</span> <span class='ocrx_word' id='word_1_757' title='bbox 1995 4162 2156 4233; x_wconf 91' lang='lat' dir='ltr'>pacis</span> <span class='ocrx_word' id='word_1_758' title='bbox 2182 4176 2402 4217; x_wconf 91' lang='lat' dir='ltr'>nomen</span> <span class='ocrx_word' id='word_1_759' title='bbox 2418 4161 2651 4217; x_wconf 86' lang='lat' dir='ltr'>habens</span> <span class='ocrx_word' id='word_1_760' title='bbox 2671 4176 2914 4232; x_wconf 89' lang='lat' dir='ltr'>sponsa,</span> <span class='ocrx_word' id='word_1_761' title='bbox 2936 4162 3352 4218; x_wconf 90' lang='lat' dir='ltr'>universorum</span> <span class='ocrx_word' id='word_1_762' title='bbox 3376 4177 3578 4232; x_wconf 87' lang='lat' dir='ltr'>regem</span> 
     </span>
    </p>
   </div>
   <div class='ocr_carea' id='block_1_106' title="bbox 1926 4248 3572 4322">
    <p class='ocr_par' dir='ltr' id='par_1_106' title="bbox 1926 4248 3572 4322">
     <span class='ocr_line' id='line_1_106' title="bbox 1926 4248 3572 4322; baseline 0.001 -15"><span class='ocrx_word' id='word_1_763' title='bbox 1926 4251 2223 4307; x_wconf 84' lang='lat' dir='ltr'>Christum</span> <span class='ocrx_word' id='word_1_764' title='bbox 2270 4249 2472 4320; x_wconf 86' lang='lat' dir='ltr'>gloria</span> <span class='ocrx_word' id='word_1_765' title='bbox 2513 4248 2851 4316; x_wconf 89' lang='lat' dir='ltr'>Dominum,</span> <span class='ocrx_word' id='word_1_766' title='bbox 2883 4249 2995 4306; x_wconf 89' lang='lat' dir='ltr'>sibi</span> <span class='ocrx_word' id='word_1_767' title='bbox 3026 4266 3131 4322; x_wconf 92' lang='lat' dir='ltr'>per</span> <span class='ocrx_word' id='word_1_768' title='bbox 3172 4252 3572 4308; x_wconf 89' lang='lat' dir='ltr'>monasticam</span> 
     </span>
    </p>
   </div>
   <div class='ocr_carea' id='block_1_107' title="bbox 1924 4339 3579 4413">
    <p class='ocr_par' dir='ltr' id='par_1_107' title="bbox 1924 4339 3579 4413">
     <span class='ocr_line' id='line_1_107' title="bbox 1924 4339 3579 4413; baseline 0.001 -18"><span class='ocrx_word' id='word_1_769' title='bbox 1924 4340 2361 4412; x_wconf 86' lang='lat' dir='ltr'>professionem</span> <span class='ocrx_word' id='word_1_770' title='bbox 2377 4354 2666 4411; x_wconf 90' lang='lat' dir='ltr'>sponsum</span> <span class='ocrx_word' id='word_1_771' title='bbox 2682 4339 2978 4397; x_wconf 90' lang='lat' dir='ltr'>ascivit.In</span> <span class='ocrx_word' id='word_1_772' title='bbox 2996 4355 3118 4411; x_wconf 92' lang='lat' dir='ltr'>quo</span> <span class='ocrx_word' id='word_1_773' title='bbox 3130 4340 3377 4412; x_wconf 90' lang='lat' dir='ltr'>quidem</span> <span class='ocrx_word' id='word_1_774' title='bbox 3391 4356 3579 4413; x_wconf 89' lang='lat' dir='ltr'>quam</span> 
     </span>
    </p>
   </div>
   <div class='ocr_carea' id='block_1_108' title="bbox 1925 4428 3580 4503">
    <p class='ocr_par' dir='ltr' id='par_1_108' title="bbox 1925 4428 3580 4503">
     <span class='ocr_line' id='line_1_108' title="bbox 1925 4428 3580 4503; baseline 0.002 -18"><span class='ocrx_word' id='word_1_775' title='bbox 1925 4429 2207 4501; x_wconf 75' lang='lat' dir='ltr'>praeclare</span> <span class='ocrx_word' id='word_1_776' title='bbox 2236 4428 2436 4500; x_wconf 87' lang='lat' dir='ltr'>egerit,</span> <span class='ocrx_word' id='word_1_777' title='bbox 2469 4444 2606 4501; x_wconf 87' lang='lat' dir='ltr'>qua</span> <span class='ocrx_word' id='word_1_778' title='bbox 2635 4428 2828 4484; x_wconf 86' lang='lat' dir='ltr'>dilccti</span> <span class='ocrx_word' id='word_1_779' title='bbox 2850 4435 2989 4485; x_wconf 87' lang='lat' dir='ltr'>sunt</span> <span class='ocrx_word' id='word_1_780' title='bbox 3014 4444 3371 4501; x_wconf 87' lang='lat' dir='ltr'>exsequens,</span> <span class='ocrx_word' id='word_1_781' title='bbox 3405 4446 3580 4503; x_wconf 88' lang='lat' dir='ltr'>supe-</span> 
     </span>
    </p>
   </div>
   <div class='ocr_carea' id='block_1_109' title="bbox 1923 4517 3579 4591">
    <p class='ocr_par' dir='ltr' id='par_1_109' title="bbox 1923 4517 3579 4591">
     <span class='ocr_line' id='line_1_109' title="bbox 1923 4517 3579 4591; baseline 0.001 -16"><span class='ocrx_word' id='word_1_782' title='bbox 1923 4518 2043 4575; x_wconf 90' lang='lat' dir='ltr'>rior</span> <span class='ocrx_word' id='word_1_783' title='bbox 2055 4534 2251 4573; x_wconf 90' lang='lat' dir='ltr'>sermo</span> <span class='ocrx_word' id='word_1_784' title='bbox 2263 4517 2626 4573; x_wconf 87' lang='lat' dir='ltr'>adumbrata</span> <span class='ocrx_word' id='word_1_785' title='bbox 2637 4517 2904 4588; x_wconf 87' lang='lat' dir='ltr'>quadam</span> <span class='ocrx_word' id='word_1_786' title='bbox 2917 4518 3314 4591; x_wconf 88' lang='lat' dir='ltr'>descriptione</span> <span class='ocrx_word' id='word_1_787' title='bbox 3329 4519 3579 4577; x_wconf 85' lang='lat' dir='ltr'>demon-</span> 
     </span>
    </p>
   </div>
   <div class='ocr_carea' id='block_1_110' title="bbox 1925 4605 3575 4679">
    <p class='ocr_par' dir='ltr' id='par_1_110' title="bbox 1925 4605 3575 4679">
     <span class='ocr_line' id='line_1_110' title="bbox 1925 4605 3575 4679; baseline 0.002 -17"><span class='ocrx_word' id='word_1_788' title='bbox 1925 4607 2146 4663; x_wconf 87' lang='lat' dir='ltr'>stravit.</span> <span class='ocrx_word' id='word_1_789' title='bbox 2177 4606 2360 4676; x_wconf 85' lang='lat' dir='ltr'>Hujus</span> <span class='ocrx_word' id='word_1_790' title='bbox 2391 4606 2579 4662; x_wconf 91' lang='lat' dir='ltr'>oratio</span> <span class='ocrx_word' id='word_1_791' title='bbox 2604 4605 2851 4676; x_wconf 80' lang='lat' dir='ltr'>fulguris</span> <span class='ocrx_word' id='word_1_792' title='bbox 2880 4608 3063 4663; x_wconf 87' lang='lat' dir='ltr'>instar</span> <span class='ocrx_word' id='word_1_793' title='bbox 3088 4609 3373 4679; x_wconf 90' lang='lat' dir='ltr'>emicans,</span> <span class='ocrx_word' id='word_1_794' title='bbox 3404 4626 3575 4666; x_wconf 87' lang='lat' dir='ltr'>com-</span> 
     </span>
    </p>
   </div>
   <div class='ocr_carea' id='block_1_111' title="bbox 1923 4693 3576 4768">
    <p class='ocr_par' dir='ltr' id='par_1_111' title="bbox 1923 4693 3576 4768">
     <span class='ocr_line' id='line_1_111' title="bbox 1923 4693 3576 4768; baseline 0.002 -17"><span class='ocrx_word' id='word_1_795' title='bbox 1923 4696 2185 4768; x_wconf 89' lang='lat' dir='ltr'>punctio,</span> <span class='ocrx_word' id='word_1_796' title='bbox 2215 4695 2621 4766; x_wconf 86' lang='lat' dir='ltr'>lacrymarum</span> <span class='ocrx_word' id='word_1_797' title='bbox 2650 4693 2888 4761; x_wconf 80' lang='lat' dir='ltr'>effusio,</span> <span class='ocrx_word' id='word_1_798' title='bbox 2923 4696 3066 4751; x_wconf 90' lang='lat' dir='ltr'>nulli</span> <span class='ocrx_word' id='word_1_799' title='bbox 3098 4697 3439 4755; x_wconf 88' lang='lat' dir='ltr'>obtrectans</span> <span class='ocrx_word' id='word_1_800' title='bbox 3466 4700 3576 4755; x_wconf 84' lang='lat' dir='ltr'>lin-</span> 
     </span>
    </p>
   </div>
   <div class='ocr_carea' id='block_1_112' title="bbox 1924 4783 3574 4859">
    <p class='ocr_par' dir='ltr' id='par_1_112' title="bbox 1924 4783 3574 4859">
     <span class='ocr_line' id='line_1_112' title="bbox 1924 4783 3574 4859; baseline 0.003 -20"><span class='ocrx_word' id='word_1_801' title='bbox 1924 4802 2063 4857; x_wconf 89' lang='lat' dir='ltr'>gua,</span> <span class='ocrx_word' id='word_1_802' title='bbox 2086 4783 2407 4839; x_wconf 89' lang='lat' dir='ltr'>verecundi</span> <span class='ocrx_word' id='word_1_803' title='bbox 2434 4800 2648 4848; x_wconf 89' lang='lat' dir='ltr'>mores,</span> <span class='ocrx_word' id='word_1_804' title='bbox 2670 4784 2963 4839; x_wconf 88' lang='lat' dir='ltr'>Christum</span> <span class='ocrx_word' id='word_1_805' title='bbox 2980 4785 3220 4842; x_wconf 89' lang='lat' dir='ltr'>imitans</span> <span class='ocrx_word' id='word_1_806' title='bbox 3245 4788 3574 4859; x_wconf 90' lang='lat' dir='ltr'>humilitas,</span> 
     </span>
    </p>
   </div>
   <div class='ocr_carea' id='block_1_113' title="bbox 1923 4872 3571 4948">
    <p class='ocr_par' dir='ltr' id='par_1_113' title="bbox 1923 4872 3571 4948">
     <span class='ocr_line' id='line_1_113' title="bbox 1923 4872 3571 4948; baseline 0.004 -19"><span class='ocrx_word' id='word_1_807' title='bbox 1923 4873 2349 4929; x_wconf 90' lang='lat' dir='ltr'>mandatorum</span> <span class='ocrx_word' id='word_1_808' title='bbox 2364 4888 2577 4928; x_wconf 90' lang='lat' dir='ltr'>amans</span> <span class='ocrx_word' id='word_1_809' title='bbox 2594 4872 2858 4937; x_wconf 82' lang='lat' dir='ltr'>dextera,</span> <span class='ocrx_word' id='word_1_810' title='bbox 2884 4889 3055 4929; x_wconf 90' lang='lat' dir='ltr'>mens</span> <span class='ocrx_word' id='word_1_811' title='bbox 3073 4874 3277 4933; x_wconf 89' lang='lat' dir='ltr'>divina</span> <span class='ocrx_word' id='word_1_812' title='bbox 3291 4882 3571 4948; x_wconf 88' lang='lat' dir='ltr'>tractans,</span> 
     </span>
    </p>
   </div>
   <div class='ocr_carea' id='block_1_114' title="bbox 1924 4961 3575 5037">
    <p class='ocr_par' dir='ltr' id='par_1_114' title="bbox 1924 4961 3575 5037">
     <span class='ocr_line' id='line_1_114' title="bbox 1924 4961 3575 5037; baseline 0.004 -19"><span class='ocrx_word' id='word_1_813' title='bbox 1924 4978 2026 5018; x_wconf 89' lang='lat' dir='ltr'>cor</span> <span class='ocrx_word' id='word_1_814' title='bbox 2056 4962 2273 5018; x_wconf 91' lang='lat' dir='ltr'>ardens</span> <span class='ocrx_word' id='word_1_815' title='bbox 2315 4961 2450 5032; x_wconf 91' lang='lat' dir='ltr'>igne</span> <span class='ocrx_word' id='word_1_816' title='bbox 2477 4961 2780 5017; x_wconf 88' lang='lat' dir='ltr'>charitatis</span> <span class='ocrx_word' id='word_1_817' title='bbox 2808 4962 3038 5028; x_wconf 90' lang='lat' dir='ltr'>Christi,</span> <span class='ocrx_word' id='word_1_818' title='bbox 3066 4964 3326 5037; x_wconf 90' lang='lat' dir='ltr'>denique</span> <span class='ocrx_word' id='word_1_819' title='bbox 3374 4969 3575 5025; x_wconf 88' lang='lat' dir='ltr'>ortho-</span> 
     </span>
    </p>
   </div>
   <div class='ocr_carea' id='block_1_115' title="bbox 1922 5051 3570 5116">
    <p class='ocr_par' dir='ltr' id='par_1_115' title="bbox 1922 5051 3570 5116">
     <span class='ocr_line' id='line_1_115' title="bbox 1922 5051 3570 5116; baseline 0.003 -8"><span class='ocrx_word' id='word_1_820' title='bbox 1922 5052 2118 5108; x_wconf 83' lang='lat' dir='ltr'>doxus</span> <span class='ocrx_word' id='word_1_821' title='bbox 2146 5051 2359 5116; x_wconf 91' lang='lat' dir='ltr'>cultus,</span> <span class='ocrx_word' id='word_1_822' title='bbox 2380 5057 2436 5106; x_wconf 90' lang='lat' dir='ltr'>et</span> <span class='ocrx_word' id='word_1_823' title='bbox 2465 5056 2639 5106; x_wconf 90' lang='lat' dir='ltr'>cauta</span> <span class='ocrx_word' id='word_1_824' title='bbox 2659 5051 2949 5106; x_wconf 69' lang='lat' dir='ltr'>haeretica</span> <span class='ocrx_word' id='word_1_825' title='bbox 2969 5057 3409 5112; x_wconf 90' lang='lat' dir='ltr'>communionis</span> <span class='ocrx_word' id='word_1_826' title='bbox 3432 5072 3570 5114; x_wconf 92' lang='lat' dir='ltr'>cum</span> 
     </span>
    </p>
   </div>
   <div class='ocr_carea' id='block_1_116' title="bbox 1924 5140 3570 5219">
    <p class='ocr_par' dir='ltr' id='par_1_116' title="bbox 1924 5140 3570 5219">
     <span class='ocr_line' id='line_1_116' title="bbox 1924 5140 3570 5219; baseline 0.004 -22"><span class='ocrx_word' id='word_1_827' title='bbox 1924 5140 2219 5213; x_wconf 88' lang='lat' dir='ltr'>intrepida</span> <span class='ocrx_word' id='word_1_828' title='bbox 2266 5140 2528 5196; x_wconf 90' lang='lat' dir='ltr'>libertate</span> <span class='ocrx_word' id='word_1_829' title='bbox 2555 5140 2857 5196; x_wconf 90' lang='lat' dir='ltr'>devitatio.</span> <span class='ocrx_word' id='word_1_830' title='bbox 2892 5147 2972 5196; x_wconf 88' lang='lat' dir='ltr'>Ac</span> <span class='ocrx_word' id='word_1_831' title='bbox 3010 5142 3229 5199; x_wconf 89' lang='lat' dir='ltr'>mirum</span> <span class='ocrx_word' id='word_1_832' title='bbox 3257 5160 3403 5201; x_wconf 89' lang='lat' dir='ltr'>sane</span> <span class='ocrx_word' id='word_1_833' title='bbox 3447 5162 3570 5219; x_wconf 89' lang='lat' dir='ltr'>quo</span> 
     </span>
    </p>
   </div>
   <div class='ocr_carea' id='block_1_117' title="bbox 1922 5230 3575 5304">
    <p class='ocr_par' dir='ltr' id='par_1_117' title="bbox 1922 5230 3575 5304">
     <span class='ocr_line' id='line_1_117' title="bbox 1922 5230 3575 5304; baseline 0.002 -16"><span class='ocrx_word' id='word_1_834' title='bbox 1922 5236 2099 5304; x_wconf 90' lang='lat' dir='ltr'>pacto</span> <span class='ocrx_word' id='word_1_835' title='bbox 2129 5247 2251 5287; x_wconf 90' lang='lat' dir='ltr'>non</span> <span class='ocrx_word' id='word_1_836' title='bbox 2301 5230 2562 5302; x_wconf 89' lang='lat' dir='ltr'>seipsam</span> <span class='ocrx_word' id='word_1_837' title='bbox 2610 5230 2814 5297; x_wconf 91' lang='lat' dir='ltr'>modo,</span> <span class='ocrx_word' id='word_1_838' title='bbox 2852 5230 2957 5286; x_wconf 89' lang='lat' dir='ltr'>sed</span> <span class='ocrx_word' id='word_1_839' title='bbox 3001 5238 3055 5286; x_wconf 88' lang='lat' dir='ltr'>et</span> <span class='ocrx_word' id='word_1_840' title='bbox 3095 5237 3167 5296; x_wconf 92' lang='lat' dir='ltr'>te,</span> <span class='ocrx_word' id='word_1_841' title='bbox 3202 5234 3469 5302; x_wconf 88' lang='lat' dir='ltr'>domina,</span> <span class='ocrx_word' id='word_1_842' title='bbox 3518 5242 3575 5293; x_wconf 90' lang='lat' dir='ltr'>et</span> 
     </span>
    </p>
   </div>
   <div class='ocr_carea' id='block_1_118' title="bbox 1923 5319 3571 5391">
    <p class='ocr_par' dir='ltr' id='par_1_118' title="bbox 1923 5319 3571 5391">
     <span class='ocr_line' id='line_1_118' title="bbox 1923 5319 3571 5391; baseline 0.004 -16"><span class='ocrx_word' id='word_1_843' title='bbox 1923 5325 2193 5377; x_wconf 89' lang='lat' dir='ltr'>sanctam</span> <span class='ocrx_word' id='word_1_844' title='bbox 2237 5319 2759 5391; x_wconf 90' lang='lat' dir='ltr'>congregationem</span> <span class='ocrx_word' id='word_1_845' title='bbox 2806 5323 2970 5375; x_wconf 86' lang='lat' dir='ltr'>tuam</span> <span class='ocrx_word' id='word_1_846' title='bbox 3015 5320 3380 5389; x_wconf 91' lang='lat' dir='ltr'>universam,</span> <span class='ocrx_word' id='word_1_847' title='bbox 3423 5323 3571 5381; x_wconf 93' lang='lat' dir='ltr'>dum</span> 
     </span>
    </p>
   </div>
   <div class='ocr_carea' id='block_1_119' title="bbox 1924 5407 3571 5486">
    <p class='ocr_par' dir='ltr' id='par_1_119' title="bbox 1924 5407 3571 5486">
     <span class='ocr_line' id='line_1_119' title="bbox 1924 5407 3571 5486; baseline 0.004 -22"><span class='ocrx_word' id='word_1_848' title='bbox 1924 5416 2298 5481; x_wconf 88' lang='lat' dir='ltr'>grassaretur</span> <span class='ocrx_word' id='word_1_849' title='bbox 2346 5408 2697 5480; x_wconf 89' lang='lat' dir='ltr'>persecutio,</span> <span class='ocrx_word' id='word_1_850' title='bbox 2745 5407 2897 5463; x_wconf 90' lang='lat' dir='ltr'>illius</span> <span class='ocrx_word' id='word_1_851' title='bbox 2950 5414 3253 5480; x_wconf 84' lang='lat' dir='ltr'>expertem</span> <span class='ocrx_word' id='word_1_852' title='bbox 3310 5412 3407 5467; x_wconf 90' lang='lat' dir='ltr'>Dei</span> <span class='ocrx_word' id='word_1_853' title='bbox 3456 5428 3571 5486; x_wconf 92' lang='lat' dir='ltr'>ope</span> 
     </span>
    </p>
   </div>
   <div class='ocr_carea' id='block_1_120' title="bbox 1924 5496 3566 5571">
    <p class='ocr_par' dir='ltr' id='par_1_120' title="bbox 1924 5496 3566 5571">
     <span class='ocr_line' id='line_1_120' title="bbox 1924 5496 3566 5571; baseline 0.002 -18"><span class='ocrx_word' id='word_1_854' title='bbox 1924 5498 2312 5561; x_wconf 85' lang='lat' dir='ltr'>conservarit;</span> <span class='ocrx_word' id='word_1_855' title='bbox 2348 5497 2662 5568; x_wconf 88' lang='lat' dir='ltr'>pulchram</span> <span class='ocrx_word' id='word_1_856' title='bbox 2704 5496 2807 5551; x_wconf 88' lang='lat' dir='ltr'>ﬁni</span> <span class='ocrx_word' id='word_1_857' title='bbox 2834 5497 3178 5553; x_wconf 90' lang='lat' dir='ltr'>coronidem</span> <span class='ocrx_word' id='word_1_858' title='bbox 3228 5498 3566 5571; x_wconf 87' lang='lat' dir='ltr'>imponens,</span> 
     </span>
    </p>
   </div>
   <div class='ocr_carea' id='block_1_121' title="bbox 1924 5584 3570 5663">
    <p class='ocr_par' dir='ltr' id='par_1_121' title="bbox 1924 5584 3570 5663">
     <span class='ocr_line' id='line_1_121' title="bbox 1924 5584 3570 5663; baseline 0.001 -19"><span class='ocrx_word' id='word_1_859' title='bbox 1924 5588 2002 5644; x_wconf 88' lang='lat' dir='ltr'>ab</span> <span class='ocrx_word' id='word_1_860' title='bbox 2044 5585 2391 5643; x_wconf 85' lang='lat' dir='ltr'>orthodoxis</span> <span class='ocrx_word' id='word_1_861' title='bbox 2434 5584 2698 5643; x_wconf 88' lang='lat' dir='ltr'>fontibus</span> <span class='ocrx_word' id='word_1_862' title='bbox 2725 5600 2896 5642; x_wconf 85' lang='lat' dir='ltr'>sacra</span> <span class='ocrx_word' id='word_1_863' title='bbox 2935 5586 3318 5663; x_wconf 89' lang='lat' dir='ltr'>participans,</span> <span class='ocrx_word' id='word_1_864' title='bbox 3367 5589 3570 5651; x_wconf 88' lang='lat' dir='ltr'>animo</span> 
     </span>
    </p>
   </div>
  </div>
