4036 6276
535 286 672 342 13⁸79

530 516 722 560 mum.
753 503 1092 570 compotem
1122 499 1342 553 factam
1368 512 1574 553 eorum
1597 512 1728 554 esse
1749 513 1884 571 quae
1909 497 2178 569 optabat,

532 587 763 645 Christo
809 587 1029 644 scilicet
1075 587 1210 655 frui,
1247 594 1466 642 etcum
1510 586 1741 642 Christo
1786 587 1846 642 in
1890 592 2179 642 aeternum

533 693 687 734 esse.
717 678 808 734 Sic
847 678 1025 747 igitur
1053 676 1292 731 vivebat
1329 675 1526 744 beata,
1554 677 1637 731 sic
1668 681 1725 732 et
1755 683 1959 731 sancte
1984 676 2132 732 obiit
2163 693 2175 732 :

534 772 715 839 atque
744 767 825 822 ita
856 781 987 822 esse
1026 765 1326 821 credimus
1355 781 1465 819 nos
1497 769 1868 836 peccatores.
1911 768 2077 821 Nunc
2103 765 2179 821 ad

532 861 588 912 te
616 854 1022 911 convertenda
1069 859 1156 908 est
1180 855 1392 909 oratio.
1421 855 1672 909 Domina
1699 869 1851 918 mea,
1897 853 2042 926 quid
2069 853 2181 909 hoc

531 950 647 1011 est,
678 945 861 1017 quod,
903 944 1009 999 etsi
1041 943 1259 999 acerba
1287 947 1381 998 est
1410 942 1728 1014 separatio,
1769 943 1948 999 tulisti
1981 947 2179 1000 tamen

532 1050 672 1091 cum
705 1033 1033 1103 gratiarum
1073 1032 1324 1096 actione,
1357 1037 1421 1087 ut
1455 1032 1828 1101 audivimus;
1861 1033 2184 1088 vehemen-

533 1129 735 1196 terque
765 1127 822 1180 te
848 1121 1246 1186 laudavimus,
1278 1137 1398 1176 non
1429 1120 1683 1192 ejulatus
1715 1138 1752 1176 a
1776 1121 2005 1176 ratione
2041 1121 2184 1176 alie-

533 1228 648 1270 nos
697 1211 1075 1276 fundentem;
1108 1225 1228 1265 non
1277 1211 1403 1281 spei
1435 1227 1656 1265 vacuas
1701 1209 2180 1276 lamentationes;

532 1303 640 1358 sed
664 1299 1058 1372 utpulchrum
1074 1305 1199 1354 erat
1219 1305 1274 1353 et
1292 1305 1352 1354 ut
1367 1299 1618 1354 decebat
1639 1315 1838 1354 veram
1859 1299 2182 1355 monialem

532 1395 589 1446 et
616 1391 908 1461 optimam
943 1388 1311 1458 magistram,
1348 1387 1623 1459 exemplo
1665 1402 1771 1443 suo
1802 1388 2036 1444 animas
2071 1388 2183 1444 sibi

533 1495 570 1535 a
619 1481 872 1534 Domino
915 1478 1168 1532 creditas
1217 1476 1662 1545 informantem,
1710 1482 1813 1532 aut
1849 1478 2068 1548 potius,
2119 1481 2184 1533 ut

531 1567 793 1640 apertius
819 1566 1037 1631 dicam,
1071 1563 1418 1620 clarissimae
1449 1564 1603 1620 illius
1633 1570 1690 1620 et
1713 1564 1998 1621 unanime
2035 1581 2180 1621 con-

534 1657 860 1728 spirantem
920 1654 1107 1708 ﬁliam
1153 1653 1212 1708 in
1273 1653 1540 1714 Domino.
1600 1669 1818 1710 nurum
1872 1655 1931 1710 in
1982 1669 2180 1720 carne,

1782 285 1822 339 S
1862 283 2048 340 THEO
2059 281 2231 340 DOHI
2271 281 2598 340 STUDITE

530 410 756 467 laetanti
782 409 1075 466 excedens
1105 425 1135 464 e
1157 409 1278 464 vita
1310 423 1322 463 :
1360 408 1524 481 quod
1549 407 1838 464 indicium
1869 413 1960 464 est
1985 409 2176 464 maxi-

2295 407 2613 475 ἓπιτεύξεως,

3736 281 3853 339 1380

2694 415 2928 483 Χριστοῦ
3005 415 3208 480 τυχεῖν,
3275 407 3366 460 καί
3435 410 3566 480 μετὰ
3644 415 3852 482 Χριστοῦ

2290 499 2505 550 ἔσεσθαι
2556 497 2742 554 εἰσαεῐ.
2820 498 3001 560 osus;
3073 494 3160 550 οὖν
3209 495 3327 550 ἐϐίω
3391 499 3421 555 ἡ
3486 502 3735 572 μακαρία,
3778 501 3852 549 καὶ

2291 587 2453 648 ὀύτως
2492 586 2654 659 ἁγίως
2707 587 2875 662 ἀπῆρε
2907 605 2918 618 °
2971 591 3060 640 καὶ
3113 586 3274 647 οὕτως
3322 589 3629 660 πιστεύομεν
3667 590 3792 658 ἔχειν
3817 595 3855 644 οἱ

2291 675 2611 750 ἁμαρτωλοί.
2653 679 2850 731 Λόιπὸν
2898 675 2984 730 ἐπὶ
3034 678 3090 729 σε
3145 678 3170 728 ὀ
3207 675 3360 746 λόγος
3406 679 3736 748 μετενεκτίος.
3789 679 3855 729 Δέ-

2295 771 2483 818 σποινά
2511 785 2631 839 μου,
2666 771 2719 819 τί
2753 774 2944 833 τοῦτο;
2987 767 3071 818 ἵνα
3110 765 3155 819 εἰ
3191 769 3279 819 καὶ
3308 761 3499 840 δριμύς
3529 767 3556 817 ὁ
3586 769 3853 839 χωρισμὸς,

2293 853 2400 906 ἀλλ’
2453 856 2593 927 ὅμως
2638 854 2850 928 ἐνέγκῃς
2915 854 3266 929 εὐχαρίστως,
3325 856 3464 906 καθὰ
3517 859 3608 906 καὶ
3662 852 3856 911 ἀκηκόα-

2290 963 2402 1017 μεν,
2449 950 2538 998 καὶ
2584 946 2904 1018 ἐπῃνέσαμεν
2952 964 3008 997 σε
3049 946 3182 997 πάνυ
3213 961 3226 974 ’
3297 947 3370 1016 μὴ
3429 945 3728 1018 προϊεμένην
3773 963 3856 994 κω-

2291 1037 2480 1096 κυτούς
2528 1034 2770 1105 ἀλόγους,
2858 1039 2948 1086 καὶ
3030 1035 3244 1109 θρήνους
3314 1031 3644 1093 ἀνελπίστους
3674 1051 3688 1064 ο
3753 1029 3856 1083 ἀλλὰ

2294 1121 2533 1195 δεόντως,
2586 1129 2676 1177 καὶ
2725 1127 2793 1185 ὡς
2847 1122 3052 1184 ἀληθῶς
3122 1121 3472 1195 μοναζούσης,
3529 1126 3620 1174 καὶ
3671 1120 3856 1196 ἀρίστης

2295 1210 2652 1279 διδασκάλου,
2729 1214 3102 1274 ὑποτυπούσης
3151 1219 3226 1282 τῷ
3277 1212 3394 1264 καθ’
3447 1210 3635 1270 ἑαυτὴν
3677 1207 3856 1262 ὑποδεί-

2292 1323 2457 1377 γματι
2481 1307 2572 1364 τὰς
2597 1304 2961 1363 πιστευθείσας
3002 1320 3086 1354 σοι
3115 1299 3302 1374 ψυχὰς
3339 1301 3440 1353 ὑπὸ
3492 1305 3682 1373 Κυρίου
3721 1317 3734 1331 ·
3754 1299 3855 1373 μᾱλ·

2291 1395 2377 1446 λον
2437 1389 2516 1458 δὲ,
2594 1394 2676 1444 ἵνα
2750 1396 3140 1465 γνωριμώτερον
3203 1393 3348 1455 εἴπω,
3418 1393 3488 1452 ὡς
3549 1392 3737 1449 ἑκείνης
3783 1398 3857 1450 τῆς

2293 1481 2545 1553 ἀοιδιμου
2613 1481 2894 1555 ὁμοψύχου
2962 1482 3318 1554 ὀμογνὼμονος
3377 1481 3632 1553 θυγατρος
3683 1477 3727 1531 ἐν
3779 1485 3857 1532 Κυ-

2290 1578 2414 1648 ρίῳ,
2466 1575 2671 1644 νύμφης
2725 1573 2775 1624 ἑν
2821 1576 3001 1644 σαρκὶ,
3061 1571 3302 1646 ἰσαρέτου
3367 1569 3415 1620 ἐν
3475 1568 3726 1641 πολιτείᾳ.
3779 1573 3857 1621 Καὶ

2289 1665 2392 1735 γὰρ
2443 1665 2538 1734 μία
2584 1661 2740 1732 ψυχὴ
2790 1663 2838 1713 ἓν
2892 1657 3021 1713 δυσὶ
3078 1665 3291 1732 σώμασι
3331 1660 3390 1711 τὸ
3445 1659 3565 1712 καθ’
3613 1659 3756 1729 ὑμᾶς,
3789 1661 3859 1709 καὶ

531 1744 795 1817 aequales
829 1745 888 1798 in
941 1742 1377 1812 gubernatione
1407 1742 1674 1797 virtutis!
1707 1745 1896 1799 Unam
1936 1744 2097 1799 enim
2122 1744 2183 1799 in

2295 1753 2488 1804 αἰνετὸν
2517 1755 2607 1804 καὶ
2635 1746 3034 1823 δεδοξασμένον.

533 1833 772 1889 duobus
793 1833 1146 1903 corporibus
1164 1830 1433 1887 animam
1460 1830 1662 1898 fuisse,
1682 1838 1736 1888 et
1756 1832 2057 1889 laudabile
2074 1839 2182 1899 est,

535 1926 592 1978 et
616 1923 787 1979 vobis
818 1921 1170 1992 gloriosum.

605 2015 731 2068 Non
759 2026 901 2080 ergo
927 2009 1164 2082 penitus
1195 2025 1231 2065 a
1261 2013 1331 2075 te,
1364 2008 1632 2075 domina,
1662 2015 1940 2082 separata
1971 2015 2059 2067 est
2083 2009 2189 2067 do-

535 2101 727 2172 mina,
753 2100 860 2155 sed
881 2099 957 2155 ad
982 2098 1287 2154 modicum
1314 2103 1575 2170 tempus.
1602 2099 1796 2154 donec
1826 2099 2105 2156 eamdem
2131 2105 2186 2156 et

531 2207 645 2248 nos
677 2190 838 2246 viam
870 2189 1237 2244 insistamus.
1282 2187 1681 2258 Praeterquam
1713 2188 1879 2259 quod
1913 2190 2187 2260 spiritua-

534 2280 662 2336 liter
677 2278 1030 2335 nuncetiam
1054 2277 1245 2346 adest,
1276 2281 1334 2331 et
1361 2293 1470 2332 sua
1489 2277 1594 2333 tibi
1626 2277 1826 2334 studia
1854 2278 2185 2350 impendit:

533 2368 822 2442 quodque
866 2366 1066 2436 majus
1116 2369 1227 2433 est,
1273 2365 1391 2420 Deo
1445 2367 1722 2436 proprior
1768 2365 1944 2432 facta,
1995 2381 2103 2437 pro
2137 2372 2188 2422 te

534 2459 771 2528 tuisque
813 2457 1194 2526 deprecatur.
1239 2454 1409 2519 Quod
1438 2469 1580 2524 ergo
1625 2460 1828 2517 restat,
1879 2471 1953 2510 ne
1984 2455 2188 2511 animo

537 2546 841 2608 concidas,
870 2559 1135 2608 oramus,
1164 2543 1606 2614 quasipraaside
1634 2559 1866 2610 carens,
1889 2551 1990 2601 aut
2013 2545 2188 2616 quasi

539 2635 668 2690 sola
693 2633 993 2689 derelicta.
1024 2632 1218 2686 Habes
1244 2631 1430 2697 illam,
1451 2639 1507 2688 et
1532 2648 1654 2704 prte
1679 2633 1779 2688 illa
1806 2636 1992 2688 Deum
2017 2637 2188 2704 cujus

538 2727 679 2779 sunt
709 2722 944 2788 omnia;
980 2721 1083 2776 sed
1130 2726 1185 2777 et
1229 2736 1338 2776 nos
1382 2728 1747 2792 peccatores,
1795 2723 1949 2778 sicut
1996 2723 2095 2778 illa
2133 2728 2191 2778 et

536 2819 673 2869 ante
704 2816 974 2874 mortem.
1011 2815 1064 2865 et
1093 2808 1150 2864 in
1189 2814 1377 2865 morte
1410 2811 1543 2880 ipsa
1593 2810 1935 2881 postulavit,
1976 2811 2182 2877 habes,

538 2902 586 2956 si
613 2900 758 2972 quid
780 2902 1065 2971 prodesse
1095 2903 1279 2971 queat
1302 2898 1486 2954 homo
1508 2904 1806 2969 peccator.
1835 2903 1966 2956 Haec
1991 2906 2192 2957 nostra

537 2994 625 3047 est
670 2989 938 3045 funebris
984 2987 1282 3044 allocutio.
1330 2990 1412 3042 Tu
1461 3002 1618 3052 vero,
1666 3004 1701 3044 ο
1732 2989 1910 3044 beata
1953 2989 2188 3054 anima;

539 3079 618 3136 ad
631 3079 787 3134 hanc
800 3078 960 3133 enim
976 3078 1165 3132 oratio
1187 3076 1624 3144 convertenda;
1648 3092 1722 3133 ne
1735 3077 1958 3134 anobis
1977 3094 2190 3149 poscas

536 3172 602 3224 ut
625 3168 780 3223 Deus
819 3166 924 3221 tibi
955 3181 1058 3236 per
1101 3181 1209 3221 nos
1257 3165 1330 3221 sit
1380 3164 1672 3237 propitius
1708 3183 1721 3221 :
1774 3167 1879 3222 sed
1910 3171 1971 3222 tu
2021 3166 2188 3224 illum

538 3257 715 3313 nobis
741 3255 993 3312 concilia
1014 3254 1537 3326 deprecationibus
1561 3271 1574 3309 :
1608 3255 1723 3311 hoc
1751 3256 1908 3312 enim
1936 3262 1985 3312 te
2010 3271 2191 3328 posse

539 3346 900 3403 conﬁdimus
933 3362 945 3399 :
981 3361 1176 3416 neque
1199 3350 1262 3400 ut
1285 3344 1588 3414 adjutores
1616 3360 1724 3401 nos
1753 3346 1974 3402 habeat
2002 3346 2193 3402 domi-

538 3451 640 3501 na,
670 3450 856 3500 soror,
892 3439 1102 3498 mater,
1152 3433 1275 3490 ﬁlia
1305 3439 1434 3499 tua;
1479 3433 1585 3489 sed
1619 3434 1868 3505 teipsam
1911 3436 2193 3508 impende

539 3529 597 3581 et
625 3523 708 3580 illi
739 3528 794 3579 et
842 3523 1016 3579 nobis
1046 3530 1104 3578 et
1152 3522 1412 3578 universi
1439 3523 1602 3595 gregi
1650 3529 1773 3589 tuo,
1803 3524 1863 3579 in
1914 3525 2189 3593 Domino,

539 3613 635 3669 cui
667 3611 936 3684 gloriain
968 3611 1205 3669 saecula.
1233 3613 1444 3667 Amen.

931 3826 1118 3883 CXIV.
1148 3857 1214 3866 --
1239 3825 1487 3882 Juliano
1517 3825 1797 3883 vestitori.

2369 2007 2444 2061 Ού
2475 2012 2647 2061 τοίνυν
2695 2006 2764 2070 εἰς
2819 2004 2955 2059 ἆπαν
3004 2003 3274 2079 ἐχωρίσθη
3319 2022 3436 2070 σου,
3468 2007 3648 2078 κυρία,
3684 2005 3856 2073 κυρία·

2297 2097 2573 2172 ἀλλὰπρὸς
2603 2099 2810 2170 μικρὸν,
2851 2097 2943 2157 ἕως
2970 2096 3031 2147 οἷν
3083 2099 3173 2146 καὶ
3212 2096 3360 2166 ἡμεῖς
3391 2097 3485 2151 τὴν
3540 2096 3698 2150 αὐτὴν
3741 2086 3862 2143 ὁδεύ-

2298 2206 2465 2258 σωμεν
2517 2183 2640 2239 ὁδόν
2672 2207 2685 2220 ·
2740 2185 2869 2244 πλὴν
2925 2186 3006 2238 ὃτι
3069 2189 3159 2236 καὶ
3227 2190 3588 2254 πνευματικῶς
3639 2185 3724 2233 καὶ
3765 2181 3862 2251 οἶρτι

2293 2279 2519 2348 πάρεστι
2569 2280 2660 2328 καὶ
2701 2277 2953 2346 συμφέρει
2983 2292 3068 2326 σοι
3115 2274 3181 2325 τὰ
3221 2268 3652 2343 σπουδάσματα’
3705 2273 3782 2322 καὶ
3817 2271 3860 2319 τὸ

2294 2369 2493 2439 μεῖζον,
2547 2366 2635 2440 ὅτι
2675 2367 2764 2415 καὶ
2831 2362 3092 2436 ἐγγυτέρω
3137 2365 3380 2433 γενομένη
3433 2367 3593 2425 Θεοῦ,
3647 2357 3863 2411 ἀντιϐολεῖ

2294 2459 2360 2508 τὰ
2397 2459 2516 2528 περὶ
2568 2460 2662 2506 σοῦ
2693 2456 2783 2505 καὶ
2825 2460 2924 2505 τῶν
2973 2460 3077 2504 σῶν
3130 2455 3216 2510 Μὴ
3265 2447 3333 2508 δὴ
3385 2446 3474 2503 οὖν
3515 2449 3689 2503 λοιπὸν
3734 2466 3861 2500 κατι·

2294 2550 2496 2606 πέσοις,
2551 2542 2969 2616 παρακαλοῦμεν,
3024 2540 3094 2603 ὠς
3157 2539 3599 2616 ἁπροστάτευτος,
3655 2535 3781 2612 μηδὲ
3810 2540 3860 2596 ὣς

2297 2637 2650 2708 μεμονωμένη.
2703 2630 2884 2703 Ἔχεις
2924 2629 3088 2688 αὐτὴν
3130 2633 3220 2682 καὶ
3257 2632 3358 2704 πρὸ
3406 2628 3578 2688 αὐτῆς
3609 2632 3694 2681 τὸν
3741 2629 3859 2692 Θεὸν,

2297 2724 2358 2776 οὗ
2391 2728 2454 2776 τὰ
2476 2723 2647 2775 πάντα
2671 2742 2682 2754 ·
2719 2720 2762 2773 εἰ
2807 2716 2866 2773 δὲ
2903 2723 2993 2772 καὶ
3041 2720 3178 2790 ἡμᾶς
3205 2721 3322 2778 τοὺς
3373 2717 3730 2793 ἁμαρτωλοὺς,
3757 2717 3862 2767 κατὰ

2297 2816 2392 2870 τὴν
2449 2812 2649 2871 ἐκείνης
2702 2813 2791 2861 καὶ
2834 2812 2935 2884 πρὸ
2997 2809 3240 2872 θανάτου,
3279 2811 3370 2859 καὶ
3423 2812 3474 2859 ἓν
3532 2815 3606 2878 τῷ
3657 2808 3860 2859 ἀποπνεῖν

2299 2903 2530 2966 αἴτησιν,
2588 2902 2730 2971 ἔχεις
2758 2918 2770 2932 ⁸
2817 2900 2955 2970 εἰπερ
2995 2916 3046 2949 τι
3089 2901 3179 2949 καὶ
3222 2895 3513 2949 λυσιτελεῖν
3567 2892 3860 2948 δύναιτοᾶν-

2302 2993 2503 3065 θρωπος
2552 2987 2871 3065 ἁμαρτωλός.
2939 2987 3078 3044 Αὕτη
3124 2988 3268 3058 ἡμῶν
3326 2987 3357 3044 ἠ
3413 2984 3686 3057 ἐπιτάφιος
3734 2999 3862 3057 προσ-

2229 3109 2270 3164 C
2301 3064 2552 3152 omnem.
2586 3081 2653 3130 Σὺ
2707 3073 2784 3142 δὲ,
2827 3064 2874 3128 ’ὦ
2912 3080 3148 3149 μακαρία
3197 3074 3352 3147 ψυχὴ
3389 3076 3551 3148 (πρὸς
3601 3073 3753 3131 αὐτὴν
3784 3072 3860 3140 γὰρ

2302 3167 2713 3241 ἑπιστρεπτίον),
2775 3169 2846 3238 μὴ
2907 3169 3038 3240 πρὸς
3093 3166 3238 3237 ἡμῶν
3290 3168 3436 3217 αίτοῦ
3498 3167 3587 3216 τὸν
3639 3166 3757 3216 Θεὸν
3799 3176 3862 3211 σοι

2301 3259 2420 3310 ἵλεω
2475 3256 2738 3328 γενέσθαι.
2794 3253 2932 3308 Ἀλλ’
2981 3253 3112 3312 αύτή
3177 3252 3332 3306 αὐτὸν
3406 3254 3537 3325 ἡμῖν
3587 3247 3861 3309 κατάλλαξον

2303 3353 2420 3407 ταῖς
2464 3344 2766 3420 πρεσϐείαις
2799 3363 2810 3376 ·
2848 3341 3132 3418 θαρροῦμεν
3197 3345 3296 3415 γὰρ
3345 3349 3505 3395 ⁸τοῦτο
3557 3341 3756 3413 ἰσχύειν
3782 3352 3858 3389 σι’

2303 3432 2443 3509 μηδὲ
2497 3436 2635 3506 ὑμᾶς
2680 3435 2987 3508 ἐπικούρους
3035 3435 3175 3504 ἱχειν
3231 3436 3325 3490 τὴν
3367 3436 3560 3506 κυρίαν
3607 3427 3862 3500 ἁδελφομη·

2302 3527 2568 3598 τρότεκνόν
2609 3541 2723 3576 σου.
2757 3521 2915 3576 Ἀλλὰ
2954 3525 3152 3579 σαυτὴν
3199 3522 3401 3595 πάρεχε
3447 3525 3541 3574 καὶ
3597 3519 3741 3590 αὐτῇ,
3784 3516 3854 3566 καί

2301 3615 2448 3686 ἡμῖν,
2492 3617 2583 3664 καὶ
2611 3611 2700 3684 ὅλῃ
2752 3618 2814 3683 τῇ
2852 3615 3044 3684 ποίμνῆ
3079 3629 3172 3664 σου
3213 3608 3261 3662 ἐν
3293 3614 3474 3683 Κυρίῳ
3509 3627 3524 3641 ·
3613 3611 3643 3668 η
3676 3603 3792 3669 δόξα
3811 3601 3862 3663 εἰς

2302 3707 2423 3767 τοὺς
2449 3703 2657 3764 αἰῶνας.
2688 3700 2874 3774 Ἀμήν.

2373 3825 2513 3882 ΡῐΔ’.
2554 3826 2690 3897 (10).
2731 3857 2802 3866 -
2830 3823 3154 3896 Ἰουλιανῷ
3208 3821 3586 3900 βεστήτορι.
3623 3816 3805 3895 [χμς’.]

1735 3942 1898 3993 Varia
1924 3956 2136 3994 morum
2171 3943 2496 3994 documenta
2522 3941 2702 3992 tradit.

611 4049 1114 4123 Quandoquidem
1142 4065 1249 4122 per
1292 4048 1535 4105 fratrem
1570 4064 1679 4106 nos
1713 4049 2008 4115 salutasti,
2041 4066 2190 4123 prae-

539 4141 696 4197 clare
723 4140 922 4206 frater,
959 4155 1200 4210 aequum
1229 4138 1374 4195 duxi
1415 4138 1666 4194 salutem
1702 4138 1806 4194 tibi
1836 4155 1944 4211 per
1971 4140 2193 4196 litteras

538 4228 787 4285 reddere
821 4245 833 4284 :
869 4244 939 4284 ea
961 4243 1022 4283 re
1048 4226 1376 4283 ostendens
1392 4226 1638 4283 charam
1671 4227 1814 4282 mihi
1847 4244 1980 4284 esse
2002 4227 2190 4286 excel-

537 4316 786 4373 lentiam
820 4323 1015 4380 tuam;
1050 4331 1244 4387 neque
1287 4315 1402 4371 hoc
1455 4315 1673 4384 solum,
1728 4317 1830 4372 sed
1873 4316 2192 4374 sollicitum

2375 4046 2587 4108 Ἐπειδὴ
2657 4053 3096 4124 προσηγόρευσας
3148 4049 3290 4121 ἡμᾶς
3349 4044 3446 4101 διὰ
3505 4055 3600 4102 τοῦ
3655 4042 3857 4114 ἀδελφοῦ,

2302 4137 2488 4212 ἀδελφὴ
2533 4139 2674 4205 καλε,
2718 4137 2873 4191 καλὸν
2930 4139 3218 4210 ἡγησάμην
3255 4135 3349 4190 διὰ
3401 4140 3704 4213 γράμματος
3750 4133 3859 4184 ἀντι-

2303 4231 2732 4303 προσαγορεῦσαί
2780 4245 2838 4280 σε
2869 4245 2882 4260 ο
2936 4223 3181 4280 δεικνύων
3237 4226 3489 4292 ἐντεῦθεν,
3531 4230 3595 4289 ὡς
3623 4226 3862 4297 ἀγαπητῶς

2301 4321 2411 4390 ἔχω
2434 4323 2553 4392 περὶ
2599 4322 2694 4376 τὴν
2721 4319 3002 4388 τιμιότητά
3061 4335 3155 4369 σου
3180 4335 3192 4349 ·
3227 4315 3286 4369 ού
3325 4321 3482 4388 μόνον
3516 4314 3596 4382 δε,
3637 4315 3755 4367 ἀλλὰ
3791 4313 3858 4362 καὶ

539 4421 637 4462 me
667 4421 799 4461 esse
828 4411 893 4460 ut
925 4405 1124 4460 salvus
1155 4405 1380 4460 evadas
1411 4421 1447 4460 a
1477 4405 1696 4460 diaboli
1731 4405 2185 4477 tentationibus;

2299 4414 2682 4481 μεριμνητικῶς
2737 4405 2811 4468 εἰς
2851 4409 2908 4457 τὸ
2971 4405 3236 4466 σώζεσθαι
3281 4404 3446 4464 αὐτὴν
3497 4403 3599 4459 ἀπὸ
3654 4411 3746 4457 τῶν
3792 4403 3860 4450 τοῦ

540 4495 657 4549 scis
689 4495 869 4564 enim,
900 4494 1112 4558 amice,
1146 4493 1390 4549 circuire
1431 4493 1601 4549 illum
1633 4509 1870 4564 semper
1899 4500 2188 4566 tanquam

536 4583 796 4650 leonem,
831 4589 887 4638 et
910 4597 1175 4653 quaerere
1191 4597 1370 4654 quem
1394 4581 1716 4639 devoret”.
1743 4585 1934 4648 Quare
1953 4584 2192 4642 attende

539 4671 869 4742 diligenter,
893 4677 949 4726 et
978 4671 1325 4742 pactionum
1352 4672 1689 4728 recordare.
1724 4672 2019 4743 Scriptum
2053 4677 2143 4729 est
2174 4688 2187 4728 :

538 4761 812 4817 Peccasti
839 4760 866 4813 ?
892 4775 1012 4815 non
1034 4760 1288 4829 adjicias
1316 4762 1528 4816 iterum
1557 4778 1573 4814 :
1615 4761 1718 4816 sed
1746 4766 1799 4817 et
1826 4761 1898 4818 de
1916 4761 2190 4832 pristinis

539 4849 942 4920 deprecare“.
968 4850 1032 4903 Et
1059 4864 1294 4904 rursum
1326 4850 1611 4904 Dominus
1639 4851 1758 4905 ait:
1790 4850 2032 4907 Omnem
2057 4853 2192 4921 pal-

538 4941 738 4994 mitem
756 4939 1174 5007 nonferentem
1184 4940 1480 5008 fructum,
1499 4939 1652 4994 tollit
1667 4955 1797 4996 eum
1817 4941 2189 5005 Patermeus,

542 5031 597 5084 et
617 5029 679 5082 in
702 5029 895 5097 ignem
924 5027 1124 5091 mittit,
1155 5033 1207 5082 et
1225 5028 1393 5082 ardet
1409 5029 1478 5082 ³⁵.
1507 5027 1981 5084 Reformidemus
2012 5028 2192 5098 igitur

539 5115 907 5186 exemplum,
935 5131 1043 5186 pro
1071 5115 1392 5172 animabus
1415 5116 1632 5171 nostris
1657 5117 2049 5183 decertemus,
2077 5119 2192 5189 pri-

541 5219 801 5274 usquam
832 5203 1175 5259 instethora
1199 5204 1443 5259 mortis:
1478 5219 1552 5259 ne
1577 5203 1736 5260 velut
1766 5204 2116 5262 infructuosi
2138 5212 2194 5263 et

612 5312 661 5346 ³³
695 5314 710 5366 1
741 5314 888 5368 Petr.
922 5327 977 5375 ν,
1010 5315 1064 5367 8.
1141 5312 1188 5346 ³⁴
1220 5310 1389 5366 Eccli.
1417 5326 1534 5378 xxx,
1575 5316 1624 5367 l.
1701 5313 1748 5347 ⁸⁵
1774 5313 1939 5368 Joan.
1969 5328 2066 5378 xv,
2092 5315 2148 5368 2.

2302 4491 2551 4548 διαϐόλου
2603 4498 2952 4568 πειρατηρίων
2982 4513 2994 4527 ·
3057 4496 3171 4547 ἲσθι
3207 4496 3332 4568 γὰρ,
3393 4493 3653 4566 ἀγαπητε,
3708 4493 3778 4544 ὃτι
3815 4488 3862 4545 ὣς

2297 4583 2420 4637 λέων
2477 4583 2554 4636 ἀεὶ
2607 4587 2941 4657 περιέρχεται
2999 4583 3168 4644 ζητῶν
3207 4588 3324 4636 τίνα
3368 4588 3625 4657 καταπίῃ.
3653 4581 3774 4653 Ἔχε
3797 4571 3860 4628 οὖν

2298 4681 2649 4744 προσεκτικῶς
2681 4692 2694 4705 ο
2772 4677 3006 4744 μέμνησο
3064 4681 3164 4724 τῶν
3225 4675 3518 4731 συνθηκῶν.
3565 4678 3857 4744 Γέγραπται·

2297 4760 2646 4834 Ἠμαρτες;
2689 4766 2770 4833 μὴ
2825 4763 3116 4834 προσθῇς
3149 4782 3162 4794 ·
3213 4767 3491 4836 καὶπερὶ
3529 4771 3644 4814 τῶν
3684 4756 3861 4834 προτέ-

2297 4869 2417 4924 ρων
2468 4870 2578 4904 σου
2633 4847 2933 4909 δεήθητι.
2968 4855 3070 4903 Καὶ
3094 4850 3247 4903 πάλιν
3278 4853 3303 4902 ὁ
3333 4854 3525 4924 Κύριος
3554 4850 3684 4922 λέγει
3714 4866 3727 4877 ·
3764 4851 3859 4899 Πᾶν

2298 4940 2514 5012 κλῆμα
2549 4944 2630 5012 μὴ
2677 4944 2860 5014 φέρον
2898 4943 3164 5014 καρπὸν,
3198 4943 3368 5014 αἴρει
3406 4939 3564 4992 αὒτό
3602 4941 3627 4992 ὁ
3657 4939 3858 5006 Πατὴρ,

2298 5033 2405 5082 καὶ
2451 5029 2540 5091 εἰς
2579 5036 2703 5103 πῦρ
2756 5027 3086 5102 βάλλεται,
3135 5035 3246 5082 καὶ
3284 5027 3862 5095 καίεται.ψοϐηθῶμΐι

2301 5114 2387 5172 οὖν
2409 5121 2466 5170 τὸ
2489 5118 2787 5190 ὑπόδειγμα
2810 5133 2824 5148 ⁸
2844 5116 3222 5190 ἀγωνισώμεθα
3248 5119 3373 5191 ὑπερ
3390 5126 3488 5170 τῶν
3509 5119 3697 5190 ψυχῶν
3726 5117 3860 5186 ἡμῶν,

2300 5211 2422 5282 πρὶν
2473 5208 2501 5267 ἡ
2559 5206 2837 5268 ίπιστῆναι
2883 5210 2979 5266 τὴν
3028 5209 3165 5283 ὤραν
3193 5215 3285 5261 τοῦ
3336 5209 3558 5260 θανάτου
3590 5223 3602 5237 ⁸
3651 5208 3718 5278 μὴ
3750 5206 3864 5255 imo-

2075 5445 2307 5507 ΝΟΤᾸΞ.

613 5561 729 5634 (l0)
758 5562 819 5617 In
855 5559 990 5617 cod.
1024 5562 1161 5631 Reg.
1191 5559 1331 5636 ρκη’.
