4036 6276
252 290 386 349 1381

252 420 457 489 φθῶμεν
504 418 573 479 ὡς
619 419 845 493 ἄκαρποι
913 423 1001 471 καὶ
1058 417 1456 492 ἀτελεσφόρητοι
1508 428 1596 481 τῆς
1644 419 1851 491 ἀγαθῆς
1882 419 1931 473 Α

251 504 506 578 ἀμπέλου,
554 509 669 569 ἣτις
711 506 849 560 ἐστὶν
880 509 905 560 ό
955 512 1204 581 Χριστός.
1255 511 1365 561 Διά
1401 517 1588 561 τοῦτο
1628 509 1845 573 ἦλθον,

254 600 413 666 φησὶν
439 597 465 647 ό
495 598 703 669 Κύριος,
735 597 858 668 οὐχ
899 598 999 648 ἱνα
1036 602 1229 671 κρίνω
1268 601 1371 650 τόν
1410 601 1683 670 κόσμον,
1715 598 1848 651 ἀλλ’

254 684 356 736 ἶνα
396 690 598 740 σώσω.
652 690 752 738 Καὶ
796 685 947 738 πάλιν
997 685 1174 757 λέγει·
1211 686 1277 740 Ei
1334 691 1412 758 μὴ
1472 686 1684 756 ἦλθον,
1742 690 1851 739 καὶ

252 771 536 831 ἐλάλησα
575 773 814 840 αὐτοῖς,
853 774 1177 849 ἁμαρτίαν
1211 775 1324 829 οὐκ
1359 772 1552 847 εἶχον
1587 797 1599 809 ·
1642 784 1750 828 νῦν
1783 773 1852 828 δε

252 866 578 935 πρόφασιν
618 863 729 914 οὐκ
767 866 1004 936 ἔχουσι
1040 861 1332 939 περὶτῆς
1372 864 1712 937 ἁμαρτίας
1752 866 1851 917 αὐ-

255 960 395 1004 τῶν.
428 954 535 1007 Καὶ
587 953 778 1005 πάλιν·
810 952 868 1006 Ὀ
890 954 1076 1025 λόγος
1115 955 1177 1006 ὃν
1229 954 1534 1020 ἐλάλησα,
1602 955 1851 1017 ἐκεῖνος

252 1049 465 1114 κρινεῖ
510 1041 700 1094 αὐτόν
750 1044 808 1094 ἓν
856 1050 927 1115 τῇ
976 1042 1223 1116 ἐσχάτη
1258 1046 1485 1116 ἡμέρᾳ.
1517 1041 1684 1111 Ἠδη,
1727 1043 1853 1116 ἀγα-

254 1132 407 1199 πητε,
440 1130 466 1181 ό
495 1129 652 1193 καλός
691 1135 817 1192 Θεὸς
848 1133 993 1203 ἡμῶν
1022 1134 1192 1184 πάντα
1240 1135 1306 1184 τὰ
1353 1132 1419 1193 εἰς
1449 1134 1589 1205 ἡμᾶς
1619 1132 1851 1207 ἐπληρω-

257 1217 474 1272 σεν·ἕπὶ
494 1228 597 1290 γῆς
617 1222 785 1292 ὤφθη,
820 1216 1056 1274 δούλου
1086 1226 1331 1294 μορφὴν
1362 1220 1681 1286 ἀνέλαϐεν,
1704 1223 1851 1280 {amr}-

256 1327 400 1369 κοος
479 1310 729 1380 ἐγένετο
794 1314 999 1381 μέχρι
1067 1312 1366 1364 θανάτου.
1442 1313 1718 1363 θανάτου
1786 1308 1853 1364 δὲ

263 1405 569 1471 σταυροῦ.
629 1402 730 1451 Καὶ
759 1406 925 1451 ταῦτα
966 1402 1154 1472 Κύριος
1195 1400 1263 1451 ὢν
1310 1409 1401 1460 τῆς
1449 1396 1630 1465 δόξης,
1671 1404 1761 1454 καὶ
1788 1402 1856 1453 τὰ

1442 1313 1718 1363 θανάτου

258 1488 432 1539 πάντα
479 1488 642 1560 φέρων
668 1495 739 1558 τῷ
776 1489 975 1562 ῥήματι
1006 1496 1095 1549 τῆς
1122 1485 1389 1561 δυνάμεως
1424 1489 1587 1542 αὐτοῦ
1620 1507 1632 1519 ·
1666 1489 1855 1542 ἀνακα-

257 1573 497 1649 λούμενος
549 1576 690 1649 ἡμᾶς
746 1575 847 1629 ἀπὸ
900 1586 996 1639 τῆς
1047 1576 1383 1651 ἕγγενομίνης
1441 1581 1566 1651 ημῖν
1622 1576 1716 1632 διὰ
1762 1587 1853 1632 τοῦ

255 1665 669 1739 πρωτοπλάστου
726 1668 921 1739 φθορᾶς
955 1687 967 1702 ·
995 1672 1085 1720 καὶ
1125 1672 1185 1720 οὺ
1241 1672 1413 1740 μόνον,
1457 1668 1588 1721 ἀλλά
1632 1671 1734 1742 γὰρ
1765 1674 1855 1722 καὶ

260 1733 460 1815 θεώσας
480 1757 622 1827 ἡμᾶς
646 1733 743 1808 διά
769 1733 863 1817 της
889 1756 1040 1828 ἁγίας
1060 1759 1220 1810 αὑτοῦ
1241 1733 1438 1832 σαρκός
1463 1776 1475 1787 ·
1500 1758 1560 1810 οὗ
1589 1733 1677 1810 καῖ
1705 1733 1854 1811 ἀδελ·
1888 1733 1933 1788 Β

258 1848 345 1917 φοι
375 1844 641 1916 ἠξιώμεθα
669 1844 962 1911 καλεῖσθαι,
995 1850 1084 1898 καὶ
1116 1849 1411 1918 σύσσωμοι,
1466 1852 1556 1899 καὶ
1590 1851 1852 1919 συμμέτο-

256 1952 373 2005 χοι,
430 1937 521 1985 καὶ
576 1933 1011 2007 συγκληρονόμοι.
1046 1941 1130 1988 Δεῖ
1174 1932 1260 1987 οὖν
1290 1938 1430 2007 ἡμᾶς
1471 1938 1614 2010 πάσῃ
1649 1936 1850 2009 φυλακῇ⁹

256 2022 524 2095 φυλάττειν
569 2022 808 2085 ἑαυτοὺς.
851 2024 932 2077 Ἐν
984 2028 1127 2096 μέσῳ
1185 2022 1425 2095 παγίδων
1480 2022 1764 2087 διαϐαίνεις
1806 2029 1854 2079 ἑν

255 2119 319 2183 τῇ
374 2111 520 2164 πόλει
568 2108 909 2185 διερχόμενος
947 2130 960 2143 ·
1018 2116 1115 2187 ὅρα
1158 2118 1231 2185 μὴ
1271 2113 1526 2187 ἐμπαρῇς.
1584 2116 1671 2169 Ἑν
1716 2115 1854 2188 φόϐῳ

260 2204 459 2274 Κυρίου
487 2203 516 2259 ἠ
551 2199 849 2275 ἀναστροφή
901 2221 996 2255 σου
1032 2206 1166 2255 ἔστω
1194 2206 1325 2266 μετά
1362 2201 1564 2276 ἀνδρῶν
1596 2203 1804 2276 ἀγαθῶν
1838 2222 1850 2235 ⁸

258 2295 410 2359 φεῦγε
460 2292 578 2350 τοὺς
628 2288 931 2362 ἀφυλάκτως
997 2293 1195 2353 ζῶντας
1227 2312 1239 2325 ·
1298 2300 1449 2364 φεῦγε
1492 2297 1710 2365 παίγνια
1763 2298 1853 2347 καὶ

257 2376 615 2450 γελοιάσματα
656 2383 933 2452 νεωτερικά
965 2399 978 2413 ·
1030 2388 1181 2453 φεῦγε
1232 2381 1524 2455 κραιπάλας
1573 2389 1661 2434 καὶ
1700 2383 1857 2435 πολυ-

258 2471 449 2529 ποσίας
507 2470 853 2543 φθοροποιούς
911 2476 1036 2523 Πᾶν
1101 2472 1275 2544 ῥῆμα
1340 2474 1584 2546 σαπρὸν
1644 2473 1708 2523 έκ
1746 2481 1856 2526 τοῦ

266 2560 591 2628 στόματός
650 2576 767 2610 σου
824 2564 904 2630 μὴ
971 2559 1473 2631 ἐκπορευέσθωο
1529 2560 1654 2612 ἀλλ’
1690 2565 1745 2614 εἶ
1795 2582 1857 2615 τι

260 2643 455 2697 καλὸν
496 2647 581 2707 εἰς
617 2644 985 2720 οἰκοδομὴν
1022 2657 1143 2702 τῶν
1174 2648 1550 2705 ἀκουόντων.
1586 2655 1672 2709 Μὴ
1712 2656 1855 2723 φρόν-

260 2732 374 2793 τιξε
395 2733 626 2788 πλουτεῖν
654 2754 666 2767 ·
697 2738 777 2789 ὅτε
806 2742 1003 2809 γυμνὸς
1033 2734 1268 2800 εἰσῆλθες
1293 2738 1365 2800 εἰς
1394 2742 1480 2791 τόν
1510 2744 1705 2810 κόσμον
1736 2748 1857 2793 τοῦ-

260 2841 370 2888 τον,
420 2829 616 2895 γυμνὸς
666 2830 758 2878 καὶ
790 2826 1069 2899 ἀπελεύσῃ.
1108 2832 1193 2887 Μὴ
1235 2828 1415 2898 ἀγάπα
1449 2833 1542 2886 τὴν
1576 2826 1733 2891 δόξαν
1764 2836 1856 2882 τοῦ

259 2916 463 2984 κόσμου
531 2916 718 2968 τούτου
751 2931 769 2949 ο
843 2918 923 2969 ὅτι
995 2919 1064 2979 ὡς
1137 2920 1329 2977 καπνὸς
1375 2921 1721 2991 παρέρχεται.
1768 2917 1855 2972 Ἐν

258 3000 391 3073 φίλει
439 3022 593 3075 μόνον
635 3008 693 3057 τό
736 3004 950 3077 ἀγαθόν,
1004 3009 1061 3058 τό
1109 3007 1348 3078 καθαρὰν
1396 3008 1537 3077 ἔχειν
1587 3011 1679 3065 τὴν
1722 3027 1855 3080 καρ-

259 3086 381 3144 δίαν
420 3089 521 3145 ἀπὸ
552 3100 647 3155 τῆς
680 3093 923 3167 ῥυπαρᾶς
972 3093 1230 3169 ἁμαρτίας
1263 3114 1276 3127 ο
1310 3097 1368 3148 τό
1393 3093 1662 3167 ἐπιτυχεῖν
1689 3094 1854 3169 βασι-
1889 3083 1929 3141 C

254 3179 397 3242 λείας
451 3181 679 3253 οὐρανῶν
718 3198 731 3210 ·
795 3188 885 3236 καὶ
938 3190 1116 3256 φυγεῖν
1169 3188 1383 3257 κρίσεως
1455 3184 1690 3242 αἰωνίου.
1754 3189 1855 3246 Τάς

254 3268 485 3334 ἐντολὰς,
534 3271 597 3333 ἂς
642 3271 835 3337 ἔλαϐες,
885 3274 1106 3345 φύλαττε
1140 3290 1153 3303 ⁸
1210 3272 1378 3325 κλῖνον
1426 3274 1626 3345 πτωχῷ
1667 3278 1724 3327 τὸ
1769 3275 1854 3337 οὖς

258 3377 354 3411 σου
388 3376 401 3389 '
457 3361 614 3418 ἡνίκα
660 3364 773 3433 ἔχει
820 3363 850 3421 η
932 3366 1053 3436 χείρ
1115 3380 1208 3415 σου
1269 3360 1503 3434 βοηθεῖν,
1560 3363 1729 3437 ὄρεξον
1784 3372 1854 3435 τῷ

256 3445 502 3521 δεομένῳ.
549 3453 648 3504 Δύο
695 3450 856 3504 λεπτά
906 3456 1080 3526 χήρας
1138 3460 1362 3523 πτωχῆς
1442 3454 1853 3524 ὑπερηκόντισαν

256 3539 461 3590 πάντων
545 3548 644 3590 τῶν
711 3538 760 3591 έν
829 3540 902 3610 τῷ
994 3540 1363 3613 γαζοφυλακίῳ
1443 3540 1848 3614 έμϐεϐλημένων.

252 3623 443 3697 Ὀρκος
488 3626 539 3678 έν
590 3634 661 3697 τῷ
721 3632 945 3700 στόματί
1003 3648 1098 3681 σου
1164 3634 1234 3701 μὴ
1304 3628 1598 3690 αὐλιζέσθω
1632 3649 1644 3663 ’
1678 3632 1704 3682 ό
1751 3633 1850 3705 γάρ

263 3713 462 3786 ὀμνύων
538 3716 597 3768 οὐ
653 3719 972 3782 σωθήσεται,
1042 3718 1136 3769 κᾶν
1220 3715 1351 3790 δοκῇ
1422 3725 1596 3771 πᾶσαν
1648 3718 1851 3780 ἐντολὴν

255 3812 437 3859 ποιεῖν.
500 3805 849 3859 Ἐπισκέπτου
920 3808 1188 3883 ἄνθρωπον
1240 3806 1289 3859 έν
1338 3807 1562 3880 φυλακῇ,
1620 3810 1703 3861 ἵνα
1744 3809 1852 3862 ὶπι·

258 3896 484 3967 σκεφθῇς
514 3897 613 3948 ὑπὸ
648 3900 865 3970 Κυρίου.
905 3900 1217 3969 Προσεύχου
1267 3906 1521 3969 συνεχῶς,
1574 3903 1663 3950 καὶ
1691 3898 1851 3969 ψάλλε

255 3980 304 4034 ἐν
334 3980 534 4058 καρδίᾳ
562 4006 575 4019 ο
614 3986 697 4037 ἶνα
733 3988 793 4037 τό
820 3992 1031 4058 Πνεῦμα
1050 3989 1107 4039 τό
1138 3986 1284 4057 ἅγιον
1310 3984 1538 4050 ὑποδέξη
1589 3990 1846 4045 σύνοικον.

252 4077 431 4125 Ταῦτα
500 4072 555 4125 ἐκ
606 4073 803 4126 πολλῶν
869 4073 1019 4142 ὀλίγα
1062 4071 1323 4145 δείγματα
1374 4073 1602 4146 ἀγάπης,
1654 4077 1850 4130 έντολαὶ

1518 286 2030 351 EPISTOLARUM
2073 288 2210 348 LIB.
2254 291 2325 347 II.

3479 294 3612 350 1382

1958 418 2194 475 inutiles
2222 419 2652 475 abscindamur
2671 436 2707 476 a
2721 420 2885 476 bona
2904 420 3042 486 vite,
3062 435 3197 493 quas
3215 425 3302 477 est
3320 421 3610 478 Christus.

1964 508 2282 579 Propterea
2311 509 2461 578 veni,
2483 510 2561 563 ait
2594 508 2899 574 Dominus,
2928 525 3047 565 non
3074 514 3137 564 ut
3150 512 3418 580 judicem
3439 527 3611 567 mun-

1960 599 2123 663 dum,
2152 599 2253 654 sed
2303 605 2365 653 ut
2393 598 2714 666 salviﬁcem
2747 601 2814 650 ³⁸.
2850 601 2913 652 Et
2952 599 3164 654 iterum
3209 599 3378 655 dicit:
3404 600 3609 656 Sinon

1960 687 2264 754 venissem,
2282 691 2335 743 et
2360 689 2590 743 locutus
2602 687 2845 754 fuissem
2862 688 2966 755 eis,
2978 694 3287 755 peccatum
3298 705 3418 745 non
3440 688 3613 746 habe-

1959 783 2090 831 rent
2113 794 2133 830 :
2161 792 2322 832 nunc
2343 783 2537 832 autem
2563 776 2999 833 excusationem
3012 792 3131 832 non
3157 777 3373 833 habent
3394 778 3465 834 de
3482 793 3613 848 pec-

1960 871 2092 919 cato
2120 881 2226 921 suo
2255 866 2321 919 ’7.
2357 866 2421 919 Et
2454 865 2668 920 iterum
2703 882 2715 917 :
2745 865 2951 921 Sermo
3002 881 3173 936 quem
3198 868 3427 923 locutus
3456 882 3610 931 sum,

1958 954 2063 1009 ille
2091 954 2383 1022 iudicabit
2404 970 2534 1010 eum
2558 955 2623 1009 in
2648 956 2965 1010 novissimo
2983 955 3076 1011 die
3106 957 3173 1008 ³⁸.
3207 956 3464 1028 Jamque
3482 956 3612 1028 ipse

1962 1057 2102 1112 erga
2132 1058 2244 1098 nos
2276 1043 2500 1109 omnia,
2533 1043 2762 1109 dilecte,
2782 1044 2977 1098 bonus
2998 1044 3153 1099 Deus
3187 1051 3390 1100 noster
3419 1044 3615 1116 exple-

1962 1132 2063 1187 vit.
2098 1133 2161 1186 ln
2182 1136 2338 1187 terra
2369 1133 2531 1187 visus
2552 1138 2659 1197 est,
2677 1132 2936 1202 formam
2967 1134 3124 1189 servi
3143 1134 3613 1204 accepit,factus

1962 1229 2041 1277 est
2072 1221 2342 1277 obediens
2376 1236 2556 1292 usque
2583 1221 2663 1277 ad
2682 1228 2948 1285 mortem,
2976 1231 3219 1278 mortem
3251 1230 3447 1279 autem
3477 1239 3617 1280 cru-

1961 1312 2049 1365 cis
2082 1311 2148 1364 3°.
2178 1316 2370 1382 Atque
2400 1310 2528 1365 hinc
2554 1326 2692 1365 cum
2723 1316 2876 1365 esset
2906 1310 3110 1380 gloriae
3145 1313 3453 1379 Dominus,
3480 1328 3615 1384 por-

1965 1403 2219 1471 tansque
2248 1400 2454 1454 omnia
2472 1398 2650 1454 verbo
2679 1399 2903 1454 virtutis
2929 1415 3051 1455 suae
3078 1401 3155 1455 ‘0:
3188 1416 3474 1456 revocans
3503 1416 3615 1457 nos

1964 1488 2040 1543 ab
2090 1488 2265 1543 insita
2322 1487 2500 1543 nobis
2558 1503 2664 1559 per
2713 1488 3155 1559 protoplastum
3201 1491 3613 1562 corruptione;

1964 1592 2159 1648 neque
2185 1577 2244 1632 id
2272 1581 2529 1643 tantum,
2559 1576 2662 1631 sed
2687 1592 2791 1648 per
2809 1582 3080 1632 sanctam
3111 1594 3354 1650 quoque
3372 1594 3614 1634 carnem

1964 1681 2137 1721 suam
2182 1681 2292 1721 nos
2345 1666 2684 1721 deiticans:
2733 1665 2904 1736 cujus
2961 1672 3017 1721 et
3063 1666 3270 1722 fratres
3324 1666 3613 1738 appellari

1966 1756 2315 1820 meruimus,
2349 1761 2406 1809 et
2436 1755 2845 1825 concorporei,
2879 1758 2937 1809 et
2975 1762 3302 1824 consortes,
3326 1761 3383 1812 et
3421 1756 3615 1811 cohae-

1964 1844 2154 1899 redes.
2186 1843 2471 1899 Convenit
2501 1857 2642 1910 ergo
2691 1848 2753 1897 ut
2782 1843 2947 1897 omni
2974 1845 3248 1898 custodia
3270 1860 3380 1899 nos
3411 1850 3616 1900 custo~

1964 1934 2222 1990 diamus.
2252 1933 2312 1987 ln
2348 1932 2544 1988 medio
2586 1932 2943 2003 laqueorum
2985 1934 3313 2002 ingrederis
3339 1949 3445 2005 per
3476 1934 3614 1989 civi-

1965 2028 2145 2080 tatem
2179 2022 2520 2087 ambulans,
2554 2021 2687 2077 vide
2720 2037 2792 2077 ne
2841 2023 2922 2077 sis
2976 2024 3279 2078 remissus.
3316 2024 3379 2079 In
3402 2024 3616 2080 timore

1967 2113 2200 2168 Domini
2241 2112 2317 2167 sit
2336 2112 2709 2167 conversatio
2743 2115 2843 2166 tua
2872 2126 3012 2167 cum
3060 2112 3200 2166 viris
3226 2112 3403 2167 bonis
3431 2130 3444 2168 :
3475 2113 3616 2183 fuge

1963 2203 2097 2259 illos
2115 2202 2221 2274 qui
2255 2201 2381 2256 sine
2410 2200 2685 2256 cautione
2723 2199 2953 2255 vivunt:
2988 2200 3124 2268 fuge
3147 2200 3320 2256 ludos
3342 2202 3616 2275 risusque

1960 2291 2286 2363 juveniles:
2321 2290 2457 2359 fuge
2475 2289 2787 2361 crapulam
2810 2295 2863 2345 et
2885 2290 3230 2345 ebrietatem
3246 2291 3614 2361 pestiferam.

1967 2382 2171 2437 Omnis
2198 2395 2387 2436 sermo
2420 2380 2615 2434 malus
2637 2393 2711 2434 ex
2758 2394 2858 2433 ore
2888 2383 2988 2433 tuo
3018 2394 3138 2434 non
3161 2381 3487 2449 procedat;
3511 2382 3619 2437 sed

1966 2472 2017 2527 si
2041 2472 2171 2541 quis
2200 2472 2385 2525 bonus
2415 2468 2495 2524 ad
2526 2467 2971 2535 aediﬁcationem
3005 2468 3377 2524 audientium
3418 2470 3487 2521 ⁴¹.
3522 2470 3616 2525 Di-

1968 2566 2185 2615 tescere
2218 2574 2292 2614 ne
2326 2557 2589 2621 studeas,
2620 2557 2765 2627 quia
2787 2556 2986 2611 nudus
3036 2558 3095 2611 in
3127 2557 3287 2612 hunc
3319 2559 3617 2615 mundum

1965 2648 2271 2719 ingressus
2322 2661 2405 2711 es,
2435 2652 2490 2698 et
2546 2644 2749 2699 nudus
2808 2644 3047 2699 recedes
3078 2645 3140 2698 η.
3175 2648 3253 2700 Ne
3302 2661 3468 2701 ames
3497 2646 3621 2717 glo-

1966 2736 2117 2793 riam
2150 2734 2358 2791 mundi
2391 2734 2590 2804 hujus,
2622 2734 2766 2804 quia
2796 2734 2947 2787 sicut
2988 2733 3190 2788 fumus
3223 2735 3614 2806 praetervolat.

1967 2829 2161 2883 Unum
2180 2824 2376 2879 solum
2392 2838 2534 2878 ama
2556 2822 2807 2887 bonum,
2830 2838 3049 2893 purum
3073 2823 3247 2878 sorde
3268 2825 3494 2894 peccati
3516 2840 3618 2881 cor

1962 2916 2206 2979 habere,
2238 2928 2493 2984 regnum
2521 2911 2805 2967 caelorum
2836 2911 3112 2982 adipisci,
3138 2916 3197 2967 et
3222 2917 3508 2968 aeternam
3529 2912 3619 2969 fu-

1970 3019 2107 3075 gere
2135 3002 2606 3059 damnationem.
2629 3002 2805 3057 Serva
2834 3000 3121 3055 mandata
3138 3017 3273 3072 quas
3299 3003 3614 3073 accepisti:

1964 3108 2171 3150 aurem
2192 3097 2354 3148 tuam
2370 3090 2592 3146 inclina
2610 3089 2917 3145 mendico:
2948 3105 3081 3145 cum
3105 3088 3382 3161 Opitulari
3397 3106 3616 3146 manus

1964 3188 2070 3239 tua
2089 3186 2302 3253 potest,
2336 3182 2573 3252 porrige
2599 3178 2912 3247 indigenti.
2939 3178 3159 3234 Minuta
3184 3178 3306 3234 duo
3333 3180 3615 3250 pauperis

1964 3272 2159 3327 vidum
2182 3270 2441 3326 antelata
2467 3272 2606 3323 sunt
2628 3266 2913 3322 omnibus
2930 3283 3065 3338 quas
3094 3267 3278 3322 missa
3297 3266 3529 3323 fuerant
3553 3269 3612 3323 iu

1964 3358 2462 3432 gazophylacium
2492 3358 2561 3411 ⁴³.
2593 3359 3004 3412 Juramentum
3028 3372 3146 3411 non
3170 3356 3397 3412 habitet
3426 3357 3486 3412 in
3512 3372 3614 3413 ore

1963 3456 2065 3505 tuo
2091 3466 2104 3505 :
2138 3465 2279 3505 nam
2303 3447 2404 3520 qui
2428 3448 2590 3517 jurat
2621 3461 2741 3501 non
2767 3445 3113 3511 salvabitur,
3149 3445 3380 3501 tametsi
3409 3446 3615 3502 omnia

1964 3545 2261 3613 praecepta
2279 3551 2518 3592 servare
2541 3535 2830 3591 videatur.
2852 3536 3030 3590 Visita
3051 3535 3357 3591 hominem
3380 3551 3614 3592 carcere

1963 3630 2291 3695 detentum,
2323 3631 2383 3681 ut
2431 3625 2682 3681 visiteris
2734 3640 2771 3679 a
2800 3626 3070 3679 Domino.
3102 3624 3354 3679 Assidue
3397 3641 3524 3692 ora,
3558 3631 3616 3681 et

1964 3716 2152 3790 psalle
2180 3717 2239 3770 in
2261 3715 2461 3779 corde,
2496 3719 2558 3769 ut
2597 3713 2880 3785 Spiritum
2914 3717 3188 3769 sanctum
3219 3714 3615 3770 contuberna-

1960 3809 2080 3865 lem
2111 3808 2391 3879 excipias.
2423 3808 2553 3861 Haec
2579 3820 2774 3876 pauca
2803 3804 2877 3859 de
2907 3803 3109 3859 multis
3161 3804 3449 3873 dogmata
3476 3805 3612 3862 cha-

1960 3897 2169 3964 ritatis,
2199 3896 2364 3952 bona
2390 3900 2711 3967 praecepta,
2741 3909 2877 3964 quae
2902 3893 3085 3949 ambo
3115 3909 3520 3965 exsequamur
3550 3899 3614 3950 ut

1962 3987 2113 4043 salvi
2145 3986 2353 4050 simus,
2384 3984 2443 4039 in
2476 3984 2704 4039 Christo
2759 3983 2896 4037 Jesu
2952 3982 3203 4038 Domino
3254 3988 3481 4049 nostro,
3515 3984 3610 4039 cui

1962 4075 2150 4146 gloria
2179 4075 2240 4129 in
2270 4073 2488 4129 saecula
2519 4072 2895 4128 saaculorum.
2927 4076 3136 4125 Amen.

252 4160 581 4232 ἀγαθαὶ,.ἂς
625 4162 906 4237 ἀμφότεροι
953 4163 1255 4237 πράξοιμεν,
1314 4168 1404 4217 καὶ
1464 4166 1771 4237 σωθείημεν,
1820 4165 1868 4218 ἐν
1924 4171 2142 4240 Χριστῷ
2199 4164 2377 4221 Ἰησοῦ
2424 4170 2497 4233 τῷ
2569 4165 2741 4233 Κυοίῲ
2793 4162 2959 4232 ἡμῶν,
3098 4161 3127 4217 ἡ
3186 4155 3317 4222 δόξα
3372 4159 3441 4220 εἰς
3486 4163 3603 4220 τοὺς

250 4249 445 4314 αἰῶνας
476 4258 575 4303 τῶν
607 4251 824 4307 αἰώνων.
860 4252 1042 4323 Ἀμήν.

325 4357 444 4412 PIE’
475 4359 610 4431 (H).
641 4389 711 4403 --
741 4359 1115 4434 Εὐφροσύνῃ
1169 4362 1513 4435 ἡγουμένη.
1550 4361 1753 4435 [χμζᾌ]

2226 4361 2377 4417 CXV.
2401 4390 2469 4401 —-
2493 4358 2913 4430 Euphrosynw
2937 4356 3296 4428 praeposita.

1342 4468 1574 4518 Rursum
1608 4469 1674 4517 de
1707 4469 1879 4532 ipsius
1912 4468 2097 4518 matris
2129 4466 2276 4517 obitu
2310 4466 2511 4515 scribit.

323 4564 411 4627 Ὠς
461 4565 594 4619 καλὰ
648 4568 714 4619 τά
763 4569 1051 4641 γράμματα
1096 4576 1192 4629 τῆς
1235 4571 1535 4640 τιμιότητός
1581 4586 1695 4632 σου,
1752 4571 1842 4620 καὶ
1880 4566 1924 4621 D

253 4658 312 4707 τό
361 4655 591 4731 λυμηρόν
645 4654 1041 4730 ἐπιδεικνύμενα
1108 4666 1199 4718 τῆς
1257 4657 1343 4709 ἐπὶ
1386 4665 1447 4729 τῇ
1505 4658 1627 4729 ὁσία
1684 4662 1843 4731 μητρὶ

250 4750 565 4816 κοιπήσεως,
594 4751 683 4797 καὶ
712 4749 769 4797 τὸ
802 4747 1191 4819 ὑπομνηστικόν
1230 4754 1325 4807 τῆς
1365 4742 1575 4806 ε’λπίδος
1624 4744 1840 4817 ἔχονται

264 4839 336 4894 Ως
378 4835 479 4907 γάρ
528 4836 585 4885 τὸ
642 4834 809 4892 πάντη
862 4835 1057 4886 ἄλυπον
1106 4839 1196 4886 καὶ
1246 4830 1455 4908 ἄδακρυ
1516 4833 1600 4886 ἐπὶ
1638 4842 1699 4906 τῇ
1745 4842 1844 4886 τῶν

250 4927 632 4994 κεκοιμημένων
689 4919 970 4991 διαζεύξει,
1038 4930 1409 4999 κατηγορεῖται
1468 4922 1845 4994 (ἀναισθησίας

247 5012 351 5086 γὰρ
405 5010 705 5084 ταμὰριον)
737 5028 750 5041 ·
793 5012 927 5065 οὕτω
980 5014 1039 5064 τὸ
1096 5016 1252 5085 πέραν
1309 5020 1401 5063 τοῦ
1450 5016 1639 5087 μέτρου
1691 5012 1844 5065 πάλιν

247 5099 628 5159 κατακλὸωθαι,
663 5108 724 5173 τῇ
774 5099 932 5174 λύπῃ,
982 5109 1082 5153 τῶν
1116 5105 1187 5173 μὴ
1231 5099 1455 5172 ἑχόντων
1487 5104 1625 5153 ἔστὶν
1656 5098 1845 5153 ἐλπίδα

248 5189 587 5251 ἀναστάσεως
620 5210 633 5223 ·
686 5195 840 5264 Δεῦρο
911 5190 1111 5256 λοιπὸν,
1159 5187 1355 5263 ἀδελφὴ
1417 5190 1467 5242 ἐν
1532 5194 1726 5265 Κυρίῳ,
1784 5193 1841 5242 τό

903 5326 948 5359 ³⁷
969 5324 1140 5381 Joan.
1173 5340 1272 5389 xv,
1303 5324 1392 5378 22.

891 5395 938 5431 ⁴³
965 5399 1138 5452 Marc.
1172 5412 1269 5467 xu,
1294 5399 1383 5451 43.

322 5326 368 5361 ³⁸
398 5326 571 5380 Joan.
600 5340 703 5391 xu,
736 5327 825 5380 47.

246 5397 339 5451 29.
420 5398 465 5432 ⁴¹
489 5394 626 5452 Job.
658 5411 696 5463 ι,
731 5401 813 5450 tt.

1469 5325 1516 5359 ³⁸
1540 5326 1709 5381 Joan.
1732 5337 1833 5389 xu,
1864 5324 1954 5378 48.

2028 4566 2215 4634 Quam
2248 4564 2546 4637 praeclara)
2580 4562 2819 4619 fuerunt
2855 4562 3197 4618 reverentiae
3231 4566 3345 4618 tuae
3375 4562 3604 4632 litterae,

1955 4672 2091 4728 quae
2113 4662 2166 4711 et
2181 4654 2447 4710 dolorem
2462 4670 2533 4708 ex
2551 4657 2770 4709 sanctae
2790 4652 2993 4708 matris
3009 4651 3175 4707 obitu
3198 4656 3425 4708 testatae
3445 4655 3602 4714 sunt,

1954 4751 2011 4800 et
2042 4744 2165 4815 spei
2204 4743 2566 4799 mentionem
2612 4740 3037 4797 continebant!
3074 4739 3601 4805 Quemadmodum

1953 4833 2114 4889 enim
2146 4848 2267 4887 non
2288 4831 2485 4887 dolere
2511 4846 2771 4903 prorsus,
2799 4845 2907 4885 nec
2928 4829 3069 4883 ﬂere
3094 4836 3465 4884 mortuorum
3487 4828 3605 4882 dis-

1953 4922 2275 4987 cessiones,
2309 4921 2517 4975 merito
2574 4919 3067 4990 reprehenditur;
3097 4919 3357 4988 stuporis
3380 4917 3604 4989 quippe

1952 5015 2039 5066 est
2068 5016 2489 5079 argumentum
2517 5025 2531 5063 :
2562 5009 2644 5063 sic
2676 5010 2858 5063 etiam
2919 5007 3072 5061 ultra
3107 5006 3355 5061 modum
3401 5004 3606 5061 dolore

1952 5099 2165 5169 frangi,
2186 5115 2394 5155 eorum
2425 5097 2632 5170 estqui
2663 5096 3108 5152 resurrectionis
3150 5111 3318 5166 spem
3353 5110 3474 5150 non
3502 5096 3606 5150 ha-

1950 5190 2111 5245 bent.
2160 5194 2280 5259 Age
2306 5203 2466 5243 nunc
2492 5202 2654 5257 ergo,
2719 5200 2886 5241 soror
2938 5184 2997 5239 in
3033 5185 3304 5249 Domino,
3338 5181 3601 5252 legitimo

2032 5324 2079 5357 ³⁹
2108 5323 2359 5394 Philipp.
2403 5337 2463 5386 ιι,
2493 5325 2547 5385 7,
2576 5322 2627 5374 8.
2706 5320 2752 5354 ⁴⁰
2788 5318 2957 5374 Hebr.
2988 5333 3025 5382 1,
3060 5322 3110 5373 3.
3189 5318 3233 5352 δι
3262 5316 3478 5387 Ephes.
3513 5332 3591 5386 ιν,

1821 5483 2044 5538 NOT/E.

322 5591 435 5663 (tt)
468 5591 533 5646 1n
560 5589 693 5647 cod.
722 5590 863 5661 Reg.
893 5588 1025 5663 ρλγ’.
