4036 6276
547 281 679 336 1383

1787 275 1848 331 S.
1888 271 2257 331 THEODORI
2297 270 2626 331 STUDITE

3749 280 3872 337 1384

538 405 788 477 planctu
808 403 1121 477 perfuncti,
1146 403 1220 458 ad
1236 418 1345 458 nos
1365 402 1682 457 redeamus
1709 417 1858 457 :non
1888 406 1949 456 ut
1970 406 2175 457 sancta

2304 399 2476 453 ἰκανὸν
2553 406 2645 452 τοῦ
2712 401 2932 461 πένθους
3013 401 3452 474 ἀφοσιωσάμενοι,
3542 404 3616 465 εἰς
3680 405 3871 469 ἑαυτοὺς

539 494 695 549 illius
726 493 1121 549 simulacrum
1144 507 1216 547 ex
1238 495 1434 547 mente
1458 490 1812 561 abjiciamus
1827 509 1845 562 ;
1874 491 2049 547 absit.
2075 490 2192 546 Erit

539 584 702 639 enim
733 582 895 654 apud
929 598 1037 638 nos
1096 579 1293 637 omnis
1344 579 1774 637 adhortationis
1805 579 2188 649 gubernatio-

538 673 753 746 nisque
783 678 1245 728 monumentum
1275 687 1288 725 :
1333 669 1437 726 sed
1480 674 1543 724 ut
1573 669 1860 725 alacriore
1891 670 2094 725 animo
2117 669 2188 725 si-

540 780 697 828 mus,
721 778 791 817 ac
810 776 1175 834 peragamus
1197 759 1571 833 propositum
1591 765 1892 815 certamen
1910 759 2189 815 exercita-

538 853 735 909 tionis.
754 855 879 907 Non
901 851 1078 919 igitur
1094 848 1328 919 reliquit
1355 854 1406 904 te
1429 854 1618 904 mater
1641 849 1966 904 immatura
1992 852 2184 917 atate,

538 956 647 996 nec
676 940 886 996 rudem
945 955 1145 995 rerum
1194 938 1554 1002 divinarum,
1616 953 1725 993 nec
1778 937 2186 994 humanarum

535 1030 876 1102 imperitam
902 1045 914 1094 ;
949 1028 1074 1094 sed,
1104 1027 1314 1083 Chsisti
1342 1028 1552 1097 gratia,
1585 1026 1867 1083 omnibus
1889 1026 2067 1082 rebus
2096 1028 2188 1081 in-

539 1124 846 1185 structam,
881 1125 933 1174 et
956 1120 1085 1173 vita
1134 1133 1243 1171 usu
1270 1116 1545 1188 peritam,
1596 1121 1652 1172 et
1692 1116 2023 1187 prudentia
2060 1114 2186 1187 ple-

536 1225 703 1274 nam,
746 1214 802 1264 et
832 1208 1077 1263 scientia
1106 1206 1488 1278 locupletem,
1522 1211 1577 1262 et
1609 1205 2030 1275 gubernationi
2055 1221 2186 1277 per-

536 1298 838 1354 idoneam.
873 1297 1140 1367 Cumque
1164 1296 1448 1350 humana
1472 1295 1601 1349 vita
1633 1294 1859 1350 deﬁniti
1892 1295 2009 1349 sint
2035 1295 2181 1364 dies,

536 1387 812 1459 prospice
840 1385 1131 1457 imprimis
1180 1385 1438 1456 propria
1478 1384 1794 1452 securitati,
1830 1383 2182 1455 adjutricem

536 1491 855 1532 assumens
887 1475 1006 1529 sive
1038 1490 1068 1528 e
1099 1473 1301 1538 domo,
1336 1474 1381 1527 si
1421 1477 1719 1544 suppetat,
1750 1473 1876 1528 sive
1903 1474 2184 1529 extrinse-

537 1582 663 1621 cus.
694 1564 925 1637 Quippe
956 1563 1081 1618 ﬁeri
1147 1564 1395 1618 omnino
1425 1567 1643 1633 potest,
1691 1567 1754 1617 ut
1784 1561 2069 1618 feminam
2096 1562 2184 1618 in-

537 1654 743 1710 venias
778 1652 873 1708 cui
901 1654 1139 1723 negotia
1167 1667 1303 1723 qua
1333 1650 1631 1706 interdum
1682 1657 2001 1707 occurrunt
2030 1650 2180 1706 difﬁ-

2298 491 2602 561 γενὼμεθαο
2647 488 2751 561 οὐχ
2804 492 2884 541 ὅτι
2931 487 3160 542 ἐκϐαλεῖν
3207 497 3302 552 τῆς
3351 488 3583 567 καρδίας
3619 496 3676 545 1'6
3710 492 3872 548 ἰνδαλ..

2297 599 2372 651 μα
2422 586 2515 641 τῆς
2564 578 2718 650 ἁγίας
2766 583 2956 640 ἐκείνης
2988 593 3001 606 ⁸
3065 584 3135 652 μή
3187 599 3238 632 τι
3269 585 3469 652 γένοιτο
3502 602 3514 614 ·
3570 585 3647 641 εἴη
3696 586 3790 658 γὰρ
3832 589 3870 639 ἐν

2296 668 2421 739 ἡμῖν
2492 668 2775 740 ὑπόμνημα
2822 670 3000 730 πάσης
3058 668 3428 741 παρακλήσεως
3481 668 3573 723 κᾶὶ
3622 666 3872 745 διακυϐερ-

2295 761 2491 820 νήσεως
2530 772 2544 785 ⁸
2600 755 2731 809 ἀλλὰ
2766 759 2824 809 τὸ
2864 758 3090 829 ἄγεσθαι
3133 758 3490 834 εὐθυμότερον,
3538 764 3632 812 καὶ
3667 757 3872 813 dmum

2295 849 2382 898 τὸν
2445 851 2774 919 προκείμενον
2829 845 3005 918 ἀγῶνα
3059 855 3157 909 τῆς
3204 847 3501 911 ἀσκήσεως.
3559 848 3670 901 Οὐκ
3719 853 3873 902 εἴασεν

2294 931 2382 987 οὖν
2440 954 2497 987 σε
2540 935 2589 987 έν
2629 937 2779 1007 ἀώρῳ
2836 934 3049 1008 ἡλικίᾳ·
3105 938 3135 995 ἠ
3165 941 3362 1010 μήτηρ,
3395 934 3513 990 οὐδ’
3565 936 3735 1010 ἀμαθῆ
3786 946 3874 990 τῶν

2298 1026 2464 1091 θείων,
2536 1021 2651 1077 οὐδ’
2703 1026 2913 1097 ἄπειρον
2962 1033 3062 1077 τῶν
3107 1024 3156 1078 έν
3215 1024 3337 1098 βίῳ,
3406 1028 3659 1079 πάντοθεν
3705 1029 3875 1100 χάριτι

2293 1120 2529 1187 Χριστοῦ
2588 1116 2943 1186 ἱκανουμένην,
3000 1119 3089 1167 καὶ
3149 1113 3271 1187 βίου
3321 1118 3585 1188 ἔμπειρον,
3632 1121 3719 1170 καὶ
3772 1135 3875 1189 φρο-

2291 1207 2487 1265 νήσεως
2549 1203 2793 1276 ἔμπλεων,
2847 1208 2937 1256 καὶ
3001 1209 3241 1275 γνώσεως
3319 1209 3555 1279 εὔπορον,
3606 1210 3694 1259 καὶ
3761 1202 3875 1258 διοι-

2292 1295 2495 1352 κήσεως
2547 1294 2772 1349 εὔθετον.
2834 1296 2934 1346 Καὶ
2984 1293 3188 1368 ἡμερῶν
3239 1290 3643 1369 ἀπηρτισμένων
3684 1301 3745 1366 τῇ
3776 1294 3870 1367 ζωῇ

2291 1388 2391 1432 τῶν
2438 1380 2741 1456 ἀνθρώπων,
2794 1383 2924 1453 ἔχου
2980 1378 3048 1441 δὴ
3126 1390 3220 1445 τῆς
3306 1382 3506 1445 οἰκείας
3585 1382 3871 1455 ἀσφαλείας,

2290 1468 2630 1542 λαμϐάνουσα
2687 1467 2901 1543 βοηθὸν,
2953 1473 3054 1523 εἴτε
3091 1473 3312 1538 οῖκοθεν,
3371 1470 3531 1548 ἃνπερ
3586 1477 3677 1525 καὶ
3727 1475 3871 1537 ἔστιν,

2292 1562 2391 1612 εἴτε
2446 1560 2648 1623 ἔξωθεν,
2701 1560 2812 1613 Οὐκ
2877 1562 3073 1634 ἄπορον
3127 1561 3229 1635 γὰρ
3288 1562 3453 1635 εὑρεῖν
3526 1569 3747 1634 γυναῖκα
3805 1561 3871 1615 ἔπ’

2290 1647 2529 1703 ἀναθέσει
2576 1658 2677 1702 τῶν
2710 1655 3113 1721 συμπιπτόντων
3166 1654 3306 1704 ἔστιν
3359 1653 3440 1705 ὅτε
3482 1648 3872 1726 δυστεκμάρτων

536 1742 761 1798 cillima
790 1743 1154 1807 committas,
1185 1756 1320 1812 qua
1344 1740 1620 1813 eXpedire
1642 1756 1748 1813 per
1773 1756 1836 1796 se
1864 1756 2034 1796 mens
2064 1757 2175 1797 una

2289 1741 2631 1811 πραγμάτων,
2672 1739 2738 1790 ὧν
2790 1743 2876 1799 τὴν
2904 1739 3053 1792 λύσιν
3108 1741 3179 1804 εἷς
3216 1747 3331 1802 νοῦς
3381 1743 3490 1813 οὐχ
3534 1741 3639 1802 οἷός
3674 1744 3729 1794 τέ
3772 1738 3873 1792 ἔστι

534 1837 812 1888 nequeat

605 1855 609 1883 ε
657 1849 812 1888 ueat.

605 1849 856 1978 gttende
887 1920 1152 1976 similiter
1179 1919 1553 1975 subditarum
1587 1934 1862 1975 sororum
1887 1919 2179 1989 guberna-

534 2011 716 2068 tioni:
759 2026 969 2083 regens
1002 2009 1132 2064 illas
1163 2010 1221 2064 in
1257 2008 1525 2074 Domino,
1557 2024 1693 2064 cum
1716 2008 1880 2063 omni
1910 2008 2181 2080 longani-

536 2101 739 2157 mitate
757 2107 812 2157 et
838 2098 1361 2155 commiseratione
1383 2100 1624 2169 exigens
1652 2113 1788 2169 qua
1807 2102 1944 2153 sunt
1964 2097 2176 2153 ofﬁcii:

533 2206 728 2262 neque
756 2204 975 2260 urgens
1008 2187 1441 2253 vehementius,
1484 2187 1586 2241 sed
1620 2186 1768 2242 sicut
1799 2187 1997 2241 nutrix
2027 2185 2180 2242 ﬁlios

534 2296 673 2335 suos
706 2279 934 2346 fovens,
995 2283 1302 2349 totamque
1355 2281 1409 2332 te
1438 2275 1550 2331 illis
1582 2275 1975 2347 impendens:
2008 2275 2090 2331 ita
2117 2280 2180 2331 ut

533 2370 801 2426 animam
833 2368 1031 2439 ipsam
1062 2382 1171 2437 pro
1203 2365 1313 2421 illis
1340 2381 1633 2437 exponas,
1675 2380 1869 2437 neque
1900 2365 2047 2421 freni
2077 2364 2179 2422 ha-

530 2459 719 2514 benas
746 2474 775 2513 e
816 2457 1112 2513 contrario
1139 2457 1376 2527 penitus
1424 2454 1757 2521 remittens,
1812 2470 1946 2527 qua
1995 2470 2179 2511 causa

531 2563 658 2603 esse
690 2546 833 2602 solet
857 2545 1286 2609 dissolutionis,
1320 2543 1710 2609 confusionis,
1746 2549 1802 2599 et
1840 2544 2059 2599 nullius
2092 2559 2177 2599 er-

532 2652 609 2707 ga
624 2635 780 2691 ﬁltos
806 2636 1047 2691 amoris.
1072 2634 1194 2690 Scis
1217 2634 1527 2705 quomodo
1550 2638 1623 2701 te,
1654 2639 1945 2704 prasente
1965 2639 2174 2701 matre,

530 2740 798 2796 gereres:
834 2725 949 2780 scis
1001 2724 1062 2779 in
1116 2728 1168 2778 te
1225 2723 1496 2778 omnium
1544 2721 1779 2777 illarum
1819 2722 2006 2778 oculis
2053 2728 2176 2779 tan-

527 2831 711 2887 quam
730 2815 790 2869 in
824 2816 1008 2868 Deum
1032 2828 1162 2867 esse
1179 2827 1521 2876 conversos,
1544 2825 1867 2880 personam
1902 2815 2067 2867 tuam
2090 2811 2177 2866 in-

527 2902 825 2958 tuentium
842 2901 999 2957 velut
1017 2900 1472 2956 conciliatricem
1496 2899 1658 2971 apud
1685 2902 1891 2956 Deum.
1935 2900 2106 2966 Quod
2127 2901 2175 2956 si

530 2992 662 3063 ipsa
689 2994 771 3047 sic
800 3006 983 3063 agas;
1014 2991 1402 3062 perpiscuum
1458 2997 1546 3045 est
1576 2988 1739 3044 aliud
1792 2989 1922 3045 illas
1951 2989 2174 3061 spirare

528 3081 673 3137 nihil
703 3080 941 3149 debere,
972 3095 1157 3151 quam
1182 3078 1347 3151 quod
1396 3083 1457 3134 tu
1489 3079 1774 3146 magistra
1800 3083 1856 3134 et
1898 3079 2085 3150 cupis,
2118 3084 2174 3135 et
2203 3105 2245 3164 ρ

519 3170 716 3242 jubes,
745 3175 802 3226 et
825 3167 1134 3224 enuntias:
1168 3183 1418 3239 prorsus
1453 3172 1513 3223 ut
1543 3168 1818 3237 genuina
1866 3166 2002 3223 ﬁliae
2033 3183 2175 3237 erga

524 3265 798 3324 matrem,
836 3264 902 3313 ut
959 3257 1233 3313 membra
1262 3256 1338 3312 de
1379 3256 1653 3312 membro
1684 3270 1827 3327 erga
1866 3261 2067 3329 caput,
2113 3262 2175 3313 ut

523 3347 703 3404 ﬂores
726 3363 871 3417 erga
891 3348 1207 3403 rosarium.
1235 3345 1324 3401 Ad
1346 3346 1459 3401 hoc
1481 3346 1639 3400 enim
1673 3350 1729 3400 et
1749 3346 1809 3400 in
1832 3361 2018 3401 unum
2037 3361 2174 3402 con-

524 3442 835 3506 venerunt,
862 3436 1090 3491 mundo
1114 3435 1340 3499 relicto,
1366 3434 1501 3490 etiis
1521 3450 1657 3507 qua
1687 3434 1747 3489 in
1767 3435 1996 3490 mundo
2012 3440 2169 3501 sunt,

523 3525 876 3597 parentibus
910 3541 980 3581 ac
1007 3525 1305 3591 fratribus,
1357 3524 1706 3579 necessariis
1746 3528 1803 3579 et
1829 3525 2059 3591 amicis,
2087 3526 2175 3582 fa-

523 3614 844 3671 cultatibus
864 3618 919 3670 et
935 3615 1129 3670 carnis
1143 3613 1473 3683 affectibus,
1495 3612 1833 3669 caelibatum
1856 3613 2169 3685 amplexa,

526 3704 873 3777 Christoque
893 3704 1236 3775 desponsa:
1260 3707 1325 3758 ut
1354 3706 1557 3758 sancte
1579 3702 2171 3774 etquemadmodum

522 3793 783 3863 virgines
803 3797 969 3849 decet
1002 3794 1285 3857 viventes,
1318 3807 1570 3863 regnum
1625 3790 1912 3848 calorum
1971 3808 2171 3849 conse-

522 3889 802 3956 quantur,
829 3883 1166 3954 intrentque
1185 3898 1321 3937 cum
1342 3882 1568 3938 Christo
1589 3882 1648 3937 in
1672 3880 1975 3938 calestem
2001 3881 2170 3938 illum

522 3977 580 4030 et
605 3972 969 4029 ineffabilem
999 3972 1332 4028 thalamum
1362 3970 1714 4042 nuptialem.
1747 3971 1880 4027 Tale
1903 3977 1958 4027 et
1982 3972 2093 4027 illis
2117 3980 2171 4028 et

520 4062 648 4128 tibi,
699 4063 970 4127 domina,
1026 4066 1329 4116 certamen
1384 4066 1471 4114 est
1532 4065 1585 4115 et
1646 4059 1982 4131 professio:
2038 4077 2173 4133 pro-

521 4152 660 4207 inde
690 4152 828 4207 huic
850 4150 1232 4207 attendamus
1258 4170 1269 4203 :
1303 4149 1362 4204 in
1388 4149 1501 4205 hac
1526 4165 1900 4216 moveamur,
1934 4154 1990 4205 et
2011 4149 2171 4206 viva-

518 4257 655 4296 mus
682 4259 693 4295 :
729 4256 847 4296 non
870 4240 990 4295 huc
1019 4245 1077 4293 et
1101 4238 1239 4294 illuc
1268 4238 1679 4309 respicientes,
1714 4238 1881 4310 quod
1910 4239 1993 4293 sic
2025 4239 2170 4294 illud

522 4331 974 4395 monasterium,
1000 4327 1087 4384 vel
1116 4329 1197 4383 sic
1229 4326 1392 4382 aliud
1419 4327 1879 4383 monasterium.
1910 4327 2169 4383 Noxium

518 4418 634 4474 hoc
664 4422 789 4473 est:
825 4434 961 4474 cum
988 4434 1058 4473 ex
1107 4424 1541 4489 praceptorum
1580 4432 1795 4472 norma
1828 4417 2018 4473 metiri
2058 4433 2170 4473 nos
2196 4454 2244 4510 D

521 4507 1016 4577 debeamus,non
1041 4512 1239 4562 autem
1267 4520 1339 4561 ex
1373 4505 1606 4561 vicinis.
1644 4507 1785 4561 Hinc
1804 4507 1962 4561 enim
1991 4522 2168 4563 nemo

520 4598 857 4669 assequitur
880 4603 940 4652 ut
964 4602 1118 4652 recte
1140 4595 1399 4660 incedat,
1415 4595 1655 4668 Deoque
1681 4596 1860 4665 digne
1881 4595 2165 4653 ambulet.

522 4688 672 4753 Quia
703 4702 968 4759 prasens
997 4691 1141 4742 atas
1173 4684 1479 4757 negligens
1496 4690 1604 4752 est,
1636 4689 1693 4740 et
1718 4684 1794 4740 ab
1822 4689 2032 4740 exacta
2049 4686 2169 4740 dis-

519 4776 738 4848 ciplina
771 4776 1037 4837 descivit,
1089 4780 1145 4829 et
1174 4774 1251 4829 ab
1281 4790 1352 4828 ea
1393 4773 1629 4828 vivendi
1661 4774 1928 4843 regulam
1969 4780 2168 4846 petere

515 4881 741 4923 vanum
780 4870 867 4921 est
901 4868 957 4920 et
985 4863 1258 4928 inutiles;
1291 4862 1429 4918 illuc
1473 4866 1781 4933 pectemus
1830 4862 1931 4919 ubi
1962 4870 2169 4922 sancta

517 4958 641 5011 vita
665 4961 720 5011 et
755 4955 1005 5011 Domino
1032 4953 1274 5025 placens
1292 4951 1676 5023 resplenduit.
1700 4953 1889 5018 Vides,
1919 4968 2085 5010 soror
2114 4959 2170 5010 et

515 5050 705 5101 mater
720 5042 1061 5115 spiritualis,
1088 5040 1608 5115 quemadmodum
1631 5041 1831 5109 adegit
1858 5058 1953 5097 me
1976 5042 2163 5099 chari-

516 5140 607 5190 tas
634 5134 732 5188 Dei
762 5133 1003 5188 liberius
1025 5131 1189 5203 apud
1216 5146 1321 5186 vos
1348 5130 1511 5202 loqui
1535 5128 1562 5183 ‘P
1593 5130 1747 5185 Nihil
1765 5130 2026 5202 amplius
2050 5132 2166 5189 fac-

517 5228 684 5278 turus
697 5238 881 5286 eram,
907 5221 955 5276 si
981 5221 1057 5276 ad
1082 5219 1275 5291 ipsam
1295 5224 1603 5291 parentem
1632 5235 1828 5275 meam
1849 5226 1903 5275 et
1926 5235 2164 5289 germa-

516 5326 624 5367 nas
650 5327 882 5367 sorores
904 5310 1083 5365 verba
1105 5308 1398 5364 fecissem.
1427 5308 1825 5381 Praterquam
1851 5310 2016 5380 quod
2038 5325 2164 5366 om-

516 5417 623 5457 nes
644 5416 863 5473 corpus
911 5399 1121 5456 Christi
1153 5414 1383 5463 sumus,
1437 5403 1494 5453 et
1521 5413 1710 5453 unum
1742 5400 1973 5453 Patrem
2003 5398 2167 5455 invo-

517 5506 726 5547 camus
754 5489 984 5545 bonum
1018 5490 1201 5543 Deum
1228 5491 1523 5543 nostrum.
1554 5488 1745 5552 Quare
1773 5485 1983 5542 fratres
2013 5503 2165 5559 quo-

512 5594 629 5655 que
662 5595 873 5636 omnes
903 5578 1175 5645 invicem,
1196 5582 1251 5632 et
1271 5591 1489 5649 corpus
1523 5579 1810 5647 unum,et
1834 5581 2162 5645 consortes,

2291 1823 2496 1885 δοῦναι.

2359 1916 2528 1989 Ἔχου
2590 1913 2656 1975 δὴ
2705 1917 2900 1990 ὁμοίως
2946 1922 3035 1971 καὶ
3084 1925 3179 1979 τῆς
3231 1917 3590 1994 κυϐερνήσεως
3642 1926 3739 1971 τῶν
3781 1919 3870 1970 ὑπό

2287 2014 2448 2080 χεῖρα
2502 2004 2753 2079 ἀδελφῶν,
2803 2010 3168 2080 καθηγουμένη
3215 2010 3264 2061 ἑν
3318 2014 3495 2084 Κυρίῳ
3543 2009 3674 2081 μετὰ
3712 2008 3873 2068 πάσης

2287 2099 2667 2170 μακροθυμίας,
2699 2100 2832 2169 μετὰ
2881 2100 3224 2171 συμπαθείας,
3257 2102 3388 2171 μετὰ
3426 2099 3754 2159 ἐκζητήσεως
3782 2104 3871 2149 τῶν

2289 2184 2619 2259 ὀφειλομένων
2655 2200 2668 2214 ⁸
2705 2192 2838 2258 μήτε
2866 2187 3262 2248 καταπιέζουσα
3304 2184 3573 2263 σφοδρῶς,
3604 2185 3707 2239 ἀλλ’
3732 2189 3797 2247 ὡς
3818 2183 3871 2236 ἀν

2286 2278 2471 2349 τροφὸς
2548 2275 2714 2348 θάλπῃ
2795 2279 2858 2329 τὰ
2915 2275 3102 2338 ἑαυτῆς
3174 2280 3346 2343 τέκνα,
3428 2279 3499 2329 τὰ
3570 2278 3682 2329 κατ’
3729 2275 3869 2335 αὐτὰς

2287 2363 2626 2437 ἀμειϐομένη·
2687 2368 2757 2427 ὠς
2810 2370 2899 2419 καὶ
2981 2366 3144 2425 αὐτὴν
3218 2371 3311 2426 τὴν
3375 2366 3569 2440 ψυχὴν
3635 2366 3868 2439 προέσθαι

2285 2456 2412 2528 ὑπερ
2467 2455 2634 2507 αὐτῶν
2662 2469 2676 2485 ·
2728 2452 2859 2527 μηδ’
2904 2451 2969 2508 αὖ
3001 2454 3181 2509 ἀνεῖσα
3241 2456 3426 2518 ὀλικῶς
3480 2458 3576 2517 τὰς
3619 2457 3764 2516 ἡνίας
3789 2459 3867 2506 τοῦ

2284 2544 2508 2617 χαλινοῦ
2540 2565 2552 2577 ·
2614 2547 2781 2597 αἴτιον
2839 2547 2941 2619 γὰρ
2988 2552 3141 2598 τοῦτο
3190 2542 3505 2611 διαλύσεως,
3567 2543 3777 2607 ἀταξίας
3821 2560 3867 2594 τε

2284 2638 2373 2686 καὶ
2417 2632 2792 2704 ἀφιλοτεκνίας.
2844 2630 3013 2695 Οἶδας
3054 2636 3193 2696 ὅπως
3242 2636 3510 2697 συνούσης
3553 2641 3643 2695 τῆς
3692 2634 3866 2705 μητρὸς

2285 2722 2505 2783 ἐποίεις·
2569 2720 2716 2784 οἶδας
2763 2724 2844 2776 ὅτι
2882 2725 2931 2776 οἰ
2977 2722 3233 2796 ὀφθαλμοὶ
3279 2732 3465 2777 πασῶν
3505 2723 3669 2776 αὐτῶν
3708 2720 3775 2783 εἰς
3817 2722 3865 2771 σε

2283 2809 2564 2885 βλέπουσιν
2617 2814 2681 2873 ὡς
2730 2812 2799 2872 εἰς
2856 2814 3007 2878 Θεὸν,
3063 2814 3262 2887 ὁρῶσαι
3309 2816 3369 2866 1'6
3419 2814 3700 2884 πρόσωπόν
3757 2827 3861 2871 σου,

2282 2908 2549 2975 μεσιτεῦον
2602 2901 2785 2963 αὐταῖς
2835 2903 2901 2953 τὰ
2937 2904 3068 2975 πρὸς
3110 2902 3287 2958 αὐτόν.
3320 2902 3380 2955 Εἰ
3428 2898 3489 2955 δί
3518 2901 3648 2960 αὐτὴ
3699 2899 3861 2959 οὕτως,

2284 2987 2442 3049 δῆλον
2492 2991 2575 3042 ὅτι
2652 2988 2911 3051 κάκείναις
2969 2990 3289 3063 ὀφειλόμενόν
3341 2990 3487 3044 ἔστιν
3548 2990 3668 3043 ἄλλο
3717 2983 3862 3061 μηδὲν

2283 3079 2542 3145 ἀναπνεῖν,
2598 3082 2628 3139 ἦ
2685 3082 2807 3155 ὅπερ
2870 3083 2936 3133 σὺ
3000 3082 3030 3139 ἡ
3076 3076 3405 3143 διδάσκαλος
3459 3084 3549 3133 καὶ
3604 3077 3738 3154 ἐρᾷς,
3787 3077 3863 3126 καὶ

2284 3168 2506 3242 ἕντέλλῃ,
2565 3174 2655 3221 καὶ
2699 3165 3019 3242 διαγορεύεις
3047 3186 3061 3200 ·
3111 3173 3200 3222 καὶ
3248 3168 3422 3231 ἁπλῶς
3452 3172 3522 3232 ὡς
3568 3172 3715 3221 τέκνα
3755 3166 3863 3235 γνή-

2286 3279 2378 3312 σια
2422 3262 2554 3333 πρὸς
2591 3260 2813 3333 μητέρα,
2872 3261 2938 3321 ὡς
2977 3258 3104 3331 μέλη
3148 3260 3203 3311 ἑκ
3252 3262 3447 3334 μέρους
3476 3260 3606 3334 πρὸς
3634 3252 3853 3328 κεφαλὴν,

2284 3351 2351 3410 ὡς
2403 3350 2533 3406 ἄνθη
2582 3351 2711 3421 πρὸς
2757 3343 3035 3422 ῥοδωνιάν.
3093 3349 3214 3401 Ἐπὶ
3263 3351 3431 3421 τούτῳ
3483 3350 3584 3421 γὰρ
3633 3349 3719 3398 καὶ
3762 3341 3861 3397 ilu-

2282 3436 2524 3491 λύθεισαν
2573 3436 2654 3490 ἐπὶ
2693 3441 2751 3490 1'6
2802 3437 2948 3505 αὐτὸ,
2998 3437 3388 3492 καταλιποῦσαι
3439 3442 3635 3510 κόσμον
3679 3437 3760 3486 καὶ
3802 3429 3859 3482 τὰ

2281 3524 2331 3578 έν
2379 3530 2581 3600 κόσμῳ,
2634 3533 2797 3599 γονεῖς
2849 3546 2903 3580 τε
2945 3529 3035 3580 καὶ
3078 3523 3351 3600 ἀδελφοὺς,
3419 3527 3642 3588 οἰκείους
3668 3526 3752 3575 καὶ
3792 3521 3860 3592 φί-

2281 3613 2420 3681 λους,
2454 3615 2701 3691 ὑπάρξεις
2725 3635 2778 3669 τε
2829 3620 2920 3670 καὶ
2979 3620 3193 3689 σχέσεις
3244 3620 3464 3693 σαρκὸς,
3504 3615 3722 3688 ἀζυγίαν
3750 3608 3857 3679 ἀγα-

2279 3710 2545 3774 πήσασαι,
2601 3709 2690 3757 καὶ
2744 3708 2974 3779 Χριστὸν
3031 3708 3484 3779 νυμφευσάμεναι.
3549 3704 3658 3758 Ἰνα
3719 3700 3856 3756 ὁσίως

2278 3798 2369 3846 καὶ
2432 3796 2865 3867 παρθενοπρεπῶς
2917 3794 3165 3863 ξὴσασαι,
3231 3795 3669 3868 κληρονομήσουσι
3715 3785 3858 3861 βασι-

2277 3882 2417 3936 λείαν
2479 3883 2743 3958 οὐρανῶν·
2797 3888 2889 3936 καὶ
2940 3887 2998 3937 τὸ
3037 3886 3168 3956 μετά
3224 3892 3461 3958 Χριστοῦ
3519 3881 3751 3936 εἰσελθεῖν
3796 3871 3858 3934 εἰς

2278 3976 2365 4025 τὸν
2455 3972 2691 4045 οὐράνιον
2774 3972 2960 4026 ἐκεῖνον
3039 3977 3130 4026 καὶ
3206 3972 3549 4033 ἀνεκλάλητον
3611 3972 3851 4040 νυμφῶναι

2279 4068 2524 4115 Τοιοῦτον
2554 4067 2645 4115 καὶ
2691 4062 2877 4125 αὐταῖς
2901 4066 2991 4116 καὶ
3032 4067 3135 4129 σοὶ,
3164 4067 3341 4136 κυρία,
3374 4068 3438 4117 τὸ
3478 4062 3745 4135 ἀγώνισμα
3777 4052 3854 4104 καὶ

2281 4152 2581 4227 ἐπάγγελμα
2609 4172 2622 4185 ⁸
2682 4158 2849 4222 τούτῳ
2891 4160 2981 4208 καὶ
3028 4160 3371 4230 προσέχωμεν
3410 4173 3423 4185 ·
3485 4154 3533 4208 ἐν
3584 4153 3744 4219 τούτῳ
3778 4145 3852 4195 καὶ

2279 4246 2541 4317 κινώμεθα
2589 4249 2678 4298 καὶ
2730 4241 2994 4317 διαξῶμεν
3026 4262 3039 4275 ·
3100 4249 3172 4318 μὴ
3230 4244 3621 4299 ἀποϐλέπουσαι
3674 4232 3771 4290 ὧδέ
3808 4248 3854 4283 τε

2279 4332 2446 4398 κάκεῖ,
2497 4334 2577 4385 ὅτι
2623 4334 2788 4396 οὕτως
2835 4333 2993 4387 ἐκεῖνο
3040 4337 3098 4387 τὸ
3150 4339 3526 4406 μοναστὴριον,
3581 4331 3669 4382 καὶ
3710 4323 3855 4379 οὕτως

2279 4424 2337 4475 τὸ
2390 4421 2512 4475 ἄλλο
2566 4427 2937 4497 μοναστήριον.
3003 4422 3250 4497 Βλαϐερὸν
3298 4432 3454 4476 τοῦτο
3487 4440 3499 4453 ·
3569 4428 3630 4492 τῇ
3695 4408 3849 4479 δντολῇ

2282 4508 2367 4564 δεῖ
2419 4520 2764 4587 παραμετρεῖν
2811 4513 3042 4578 ἑαυτοὺς,
3098 4511 3224 4566 ἀλλά
3266 4517 3338 4586 μὴ
3380 4520 3493 4575 τοῖς
3546 4508 3713 4566 πέλας.

2280 4603 2452 4653 τεῦθεν
2485 4581 2588 4675 γὰρ
2640 4581 2735 4653 οὐκ
2788 4604 3004 4677 ἔρχεταί
3054 4621 3129 4664 τις
3160 4602 3226 4663 εἰς
3265 4581 3323 4655 1'6
3373 4594 3695 4678 ὀρθοποδεῖν,
3745 4581 3854 4685 οὑδῖ

2283 4691 2576 4763 θεοπρεπῶς
2634 4693 2966 4762 πορεύεσθαι.
3036 4686 3251 4749 Ἐπειδὴ
3315 4693 3344 4749 ἡ
3423 4694 3662 4761 παροῦσα
3728 4690 3852 4749 γενιο

2279 4783 2369 4831 καὶ
2425 4778 2666 4854 ὀλίγωρός
2734 4778 2893 4845 ἔστιν,
2958 4778 3283 4833 ἐκλελοιπυῖα
3342 4787 3436 4833 τοῦ
3522 4770 3852 4848 ἠκριϐωμένου

2281 4865 2423 4940 βίου,
2468 4872 2557 4921 καὶ
2592 4871 2648 4922 1'6
2682 4868 2770 4921 ἀπ’
2824 4869 2987 4932 αὐτῆς
3027 4869 3395 4930 κανονίζεσθαι
3446 4865 3594 4921 ἕωλον
3622 4857 3707 4913 καί
3744 4851 3851 4906 ἀλυ-

2282 4956 2475 5019 σιτελές
2507 4975 2519 4988 ·
2568 4956 2673 5011 ἐκεῖ
2700 4967 2972 5031 σκοπῶμεν
3021 4958 3081 5012 οὗ
3121 4960 3146 5011 ὁ
3188 4962 3320 5032 ἱερὸς
3376 4957 3514 5032 βίος,
3567 4952 3684 5005 ἔνθα
3720 4943 3852 5011 ἐλαμ-

2279 5045 2372 5117 ψεν
2404 5048 2433 5105 ἡ
2490 5046 2828 5119 εὐαρέστησις
2861 5053 3053 5121 Κυρίῳ.
3103 5047 3278 5123 Ὀρᾴς,
3326 5043 3519 5118 ἀδελφὴ
3570 5042 3657 5093 καὶ
3692 5036 3850 5123 μήτηρ

2279 5140 2622 5208 πνευματικὴ,
2681 5138 2819 5200 ὅπως
2846 5156 2909 5209 με
2959 5137 3250 5209 ἠνάγκασεν
3287 5140 3316 5195 ἠ
3350 5137 3486 5190 κατά
3523 5131 3647 5184 Θεὸν
3684 5120 3848 5217 ἁγάτξη

2276 5223 2745 5299 παῤῥησιασθῆναι
2808 5224 2857 5278 ἓν
2913 5227 3082 5300 ὑμῖν;
3136 5223 3286 5280 οὐδὲν
3347 5226 3493 5279 πλέον
3549 5212 3746 5300 ἔμελλον
3796 5212 3849 5300 ξίν

2276 5294 2461 5380 ποιεῖν,
2495 5313 2537 5366 εἰ
2587 5318 2719 5387 πρὸς
2760 5294 2963 5390 μητέρα
3017 5320 3111 5375 τὴν
3150 5314 3297 5389 ἐμὴν,
3339 5320 3427 5369 καὶ
3478 5311 3604 5383 πρὸς
3641 5294 3849 5390 ἀδελφὰς

2276 5404 2411 5454 κατά
2463 5404 2636 5477 σάρκα
2679 5404 2738 5461 ἦν
2794 5424 2885 5477 μοι
2943 5401 3297 5477 διαλέγεσθαι.
3354 5405 3492 5461 Πλὴν
3544 5398 3621 5448 δτι
3675 5385 3847 5477 πάντξς

2280 5494 2431 5564 σῶμά
2470 5490 2621 5565 ἐσμεν
2665 5500 2925 5568 Χριστοῦ,
2974 5499 3065 5548 καί
3102 5496 3189 5548 ἕνα
3243 5498 3441 5567 πατέρα
3489 5468 3849 5571 imula???“

2275 5557 2367 5633 τὸν
2392 5557 2587 5653 ἀγαθὸν
2630 5557 2758 5636 Θεθν
2798 5557 2966 5655 ἡμῶν.
3005 5582 3166 5637 Ὥστε
3204 5557 3418 5656 ἀδελφοὶ
3471 5576 3650 5630 πάντη
3696 5557 3844 5614 ἀλλή-
