  <div class='ocr_page' id='page_1' title='image "/cluster/home/n/w/nwhite01/storage/ocr_20150623/99/mdp.39015005675577/698.png"; bbox 0 0 4036 6276; ppageno 0'>
   <div class='ocr_carea' id='block_1_1' title="bbox 259 259 400 318">
    <p class='ocr_par' dir='ltr' id='par_1_1' title="bbox 259 259 400 318">
     <span class='ocr_line' id='line_1_1' title="bbox 259 259 400 318; baseline -0.014 0"><span class='ocrx_word' id='word_1_1' title='bbox 259 259 400 318; x_wconf 74' lang='grc'><strong>1385</strong></span> 
     </span>
    </p>
   </div>
   <div class='ocr_carea' id='block_1_2' title="bbox 1537 259 2342 321">
    <p class='ocr_par' dir='ltr' id='par_1_2' title="bbox 1537 259 2342 321">
     <span class='ocr_line' id='line_1_2' title="bbox 1537 259 2342 321; baseline 0.006 -6"><span class='ocrx_word' id='word_1_2' title='bbox 1537 259 2053 319; x_wconf 82' lang='lat' dir='ltr'><strong>EPISTOLARUM</strong></span> <span class='ocrx_word' id='word_1_3' title='bbox 2092 261 2225 319; x_wconf 88' lang='lat' dir='ltr'><strong>LIB.</strong></span> <span class='ocrx_word' id='word_1_4' title='bbox 2269 262 2342 321; x_wconf 92' lang='lat' dir='ltr'><strong>II.</strong></span> 
     </span>
    </p>
   </div>
   <div class='ocr_carea' id='block_1_3' title="bbox 3482 267 3619 326">
    <p class='ocr_par' dir='ltr' id='par_1_3' title="bbox 3482 267 3619 326">
     <span class='ocr_line' id='line_1_3' title="bbox 3482 267 3619 326; baseline 0.015 -1"><span class='ocrx_word' id='word_1_5' title='bbox 3482 267 3619 326; x_wconf 72' lang='grc'><strong>1386</strong></span> 
     </span>
    </p>
   </div>
   <div class='ocr_carea' id='block_1_4' title="bbox 252 387 1848 465">
    <p class='ocr_par' dir='ltr' id='par_1_4' title="bbox 252 387 1848 464">
     <span class='ocr_line' id='line_1_4' title="bbox 252 387 1848 464; baseline 0.001 -24"><span class='ocrx_word' id='word_1_6' title='bbox 252 387 374 453; x_wconf 88' lang='grc' dir='ltr'>λων,</span> <span class='ocrx_word' id='word_1_7' title='bbox 406 393 495 441; x_wconf 86' lang='grc' dir='ltr'>καὶ</span> <span class='ocrx_word' id='word_1_8' title='bbox 537 390 834 462; x_wconf 88' lang='grc' dir='ltr'>σύσσωμοι,</span> <span class='ocrx_word' id='word_1_9' title='bbox 883 393 975 441; x_wconf 83' lang='grc' dir='ltr'>καὶ</span> <span class='ocrx_word' id='word_1_10' title='bbox 1013 391 1365 459; x_wconf 76' lang='grc' dir='ltr'><strong>συμμέτοχοι,</strong></span> <span class='ocrx_word' id='word_1_11' title='bbox 1420 391 1510 440; x_wconf 81' lang='grc' dir='ltr'><strong>καὶ</strong></span> <span class='ocrx_word' id='word_1_12' title='bbox 1564 388 1848 464; x_wconf 86' lang='grc' dir='ltr'>συγκληρο-</span> 
     </span>
    </p>
   </div>
   <div class='ocr_carea' id='block_1_5' title="bbox 1959 387 3611 465">
    <p class='ocr_par' dir='ltr' id='par_1_5' title="bbox 1963 388 3611 465">
     <span class='ocr_line' id='line_1_5' title="bbox 1963 388 3611 465; baseline 0.004 -21"><span class='ocrx_word' id='word_1_13' title='bbox 1963 392 2019 444; x_wconf 91' lang='lat' dir='ltr'><strong>et</strong></span> <span class='ocrx_word' id='word_1_14' title='bbox 2063 388 2426 445; x_wconf 81' lang='lat' dir='ltr'><strong>cohaeredes.</strong></span> <span class='ocrx_word' id='word_1_15' title='bbox 2479 391 2672 463; x_wconf 81' lang='lat' dir='ltr'><strong>Atque</strong></span> <span class='ocrx_word' id='word_1_16' title='bbox 2710 390 2850 447; x_wconf 87' lang='lat' dir='ltr'><strong>inde</strong></span> <span class='ocrx_word' id='word_1_17' title='bbox 2881 395 2970 447; x_wconf 86' lang='lat' dir='ltr'><strong>est</strong></span> <span class='ocrx_word' id='word_1_18' title='bbox 2999 391 3165 465; x_wconf 90' lang='lat' dir='ltr'><strong>quod</strong></span> <span class='ocrx_word' id='word_1_19' title='bbox 3207 406 3320 449; x_wconf 87' lang='lat' dir='ltr'><strong>nos</strong></span> <span class='ocrx_word' id='word_1_20' title='bbox 3353 394 3611 451; x_wconf 80' lang='lat' dir='ltr'><strong>salutem</strong></span> 
     </span>
    </p>
   </div>
   <div class='ocr_carea' id='block_1_6' title="bbox 251 477 1851 551">
    <p class='ocr_par' dir='ltr' id='par_1_6' title="bbox 251 477 1851 551">
     <span class='ocr_line' id='line_1_6' title="bbox 251 477 1851 551; baseline 0 -22"><span class='ocrx_word' id='word_1_21' title='bbox 251 482 420 551; x_wconf 86' lang='grc' dir='ltr'>νόμοι.</span> <span class='ocrx_word' id='word_1_22' title='bbox 456 480 742 534; x_wconf 86' lang='grc' dir='ltr'>Κάντεῦθεν</span> <span class='ocrx_word' id='word_1_23' title='bbox 772 480 832 531; x_wconf 88' lang='grc' dir='ltr'><strong>τὸ</strong></span> <span class='ocrx_word' id='word_1_24' title='bbox 886 478 1046 545; x_wconf 79' lang='grc' dir='ltr'><strong>φιλεῖν</strong></span> <span class='ocrx_word' id='word_1_25' title='bbox 1082 479 1217 550; x_wconf 77' lang='grc' dir='ltr'>ἡμᾶς</span> <span class='ocrx_word' id='word_1_26' title='bbox 1254 481 1345 529; x_wconf 81' lang='grc' dir='ltr'>καὶ</span> <span class='ocrx_word' id='word_1_27' title='bbox 1405 477 1669 537; x_wconf 76' lang='grc' dir='ltr'>σώζεσθαι</span> <span class='ocrx_word' id='word_1_28' title='bbox 1698 478 1851 549; x_wconf 84' lang='grc' dir='ltr'>ὑμᾶς,</span> 
     </span>
    </p>
   </div>
   <div class='ocr_carea' id='block_1_7' title="bbox 250 564 1853 642">
    <p class='ocr_par' dir='ltr' id='par_1_7' title="bbox 250 564 1853 642">
     <span class='ocr_line' id='line_1_7' title="bbox 250 564 1853 642; baseline -0.001 -23"><span class='ocrx_word' id='word_1_29' title='bbox 250 568 485 642; x_wconf 87' lang='grc' dir='ltr'>καθαπερ</span> <span class='ocrx_word' id='word_1_30' title='bbox 527 566 711 640; x_wconf 81' lang='grc' dir='ltr'>ἀγαπᾷ</span> <span class='ocrx_word' id='word_1_31' title='bbox 751 570 962 642; x_wconf 75' lang='grc' dir='ltr'>Κύριος,</span> <span class='ocrx_word' id='word_1_32' title='bbox 1014 571 1105 619; x_wconf 83' lang='grc' dir='ltr'>καὶ</span> <span class='ocrx_word' id='word_1_33' title='bbox 1162 564 1475 619; x_wconf 80' lang='grc' dir='ltr'>ἐντέταλται.</span> <span class='ocrx_word' id='word_1_34' title='bbox 1532 565 1723 638; x_wconf 81' lang='grc' dir='ltr'><strong>Εἰρήνη</strong></span> <span class='ocrx_word' id='word_1_35' title='bbox 1768 584 1853 617; x_wconf 93' lang='grc' dir='ltr'><strong>σοι</strong></span> 
     </span>
    </p>
   </div>
   <div class='ocr_carea' id='block_1_8' title="bbox 252 652 1853 731">
    <p class='ocr_par' dir='ltr' id='par_1_8' title="bbox 252 652 1853 731">
     <span class='ocr_line' id='line_1_8' title="bbox 252 652 1853 731; baseline -0.001 -24"><span class='ocrx_word' id='word_1_36' title='bbox 252 663 317 729; x_wconf 70' lang='grc' dir='ltr'>τῇ</span> <span class='ocrx_word' id='word_1_37' title='bbox 376 660 537 731; x_wconf 87' lang='grc' dir='ltr'>κυρίᾳ</span> <span class='ocrx_word' id='word_1_38' title='bbox 584 661 766 730; x_wconf 89' lang='grc' dir='ltr'>μητρί.</span> <span class='ocrx_word' id='word_1_39' title='bbox 816 657 1007 730; x_wconf 80' lang='grc' dir='ltr'><strong>Εἰρήνη</strong></span> <span class='ocrx_word' id='word_1_40' title='bbox 1064 661 1176 717; x_wconf 89' lang='grc' dir='ltr'>ταῖς</span> <span class='ocrx_word' id='word_1_41' title='bbox 1232 652 1477 728; x_wconf 73' lang='grc' dir='ltr'><strong>ἀδελφαῖς</strong></span> <span class='ocrx_word' id='word_1_42' title='bbox 1526 653 1577 706; x_wconf 85' lang='grc' dir='ltr'><strong>ἐν</strong></span> <span class='ocrx_word' id='word_1_43' title='bbox 1636 661 1853 727; x_wconf 81' lang='grc' dir='ltr'><strong>Χριστῷ</strong></span> 
     </span>
    </p>
   </div>
   <div class='ocr_carea' id='block_1_9' title="bbox 251 746 1160 824">
    <p class='ocr_par' dir='ltr' id='par_1_9' title="bbox 251 746 1160 824">
     <span class='ocr_line' id='line_1_9' title="bbox 251 746 1160 824; baseline -0.003 -23"><span class='ocrx_word' id='word_1_44' title='bbox 251 747 434 805; x_wconf 80' lang='grc' dir='ltr'><strong>Ἰησοῦ</strong></span> <span class='ocrx_word' id='word_1_45' title='bbox 457 755 527 819; x_wconf 84' lang='grc' dir='ltr'>τῷ</span> <span class='ocrx_word' id='word_1_46' title='bbox 557 752 732 824; x_wconf 75' lang='grc' dir='ltr'>Κυρίῳ</span> <span class='ocrx_word' id='word_1_47' title='bbox 763 750 929 820; x_wconf 79' lang='grc' dir='ltr'>ἡμῶν.</span> <span class='ocrx_word' id='word_1_48' title='bbox 972 746 1160 819; x_wconf 72' lang='grc' dir='ltr'>Ἀμήν.</span> 
     </span>
    </p>
   </div>
   <div class='ocr_carea' id='block_1_10' title="bbox 537 850 1848 929">
    <p class='ocr_par' dir='ltr' id='par_1_10' title="bbox 537 850 1848 929">
     <span class='ocr_line' id='line_1_10' title="bbox 537 850 1848 929; baseline -0.004 -20"><span class='ocrx_word' id='word_1_49' title='bbox 537 854 656 921; x_wconf 80' lang='grc' dir='ltr'><strong>Ρις’</strong></span> <span class='ocrx_word' id='word_1_50' title='bbox 684 854 820 928; x_wconf 74' lang='grc'>(12).</span> <span class='ocrx_word' id='word_1_51' title='bbox 848 886 918 899; x_wconf 92' lang='grc'><strong>-</strong></span> <span class='ocrx_word' id='word_1_52' title='bbox 940 852 1192 929; x_wconf 75' lang='grc' dir='ltr'>Ἰωάννῃ</span> <span class='ocrx_word' id='word_1_53' title='bbox 1235 854 1540 928; x_wconf 79' lang='grc' dir='ltr'>ἐρημίτη.</span> <span class='ocrx_word' id='word_1_54' title='bbox 1617 850 1848 926; x_wconf 79' lang='grc' dir='ltr'>[χμη’.]</span> 
     </span>
    </p>
   </div>
   <div class='ocr_carea' id='block_1_11' title="bbox 1962 480 3620 552">
    <p class='ocr_par' dir='ltr' id='par_1_11' title="bbox 1962 480 3620 552">
     <span class='ocr_line' id='line_1_11' title="bbox 1962 480 3620 552; baseline 0.004 -19"><span class='ocrx_word' id='word_1_55' title='bbox 1962 484 2217 535; x_wconf 79' lang='lat' dir='ltr'><strong>vestram</strong></span> <span class='ocrx_word' id='word_1_56' title='bbox 2266 495 2547 535; x_wconf 89' lang='lat' dir='ltr'><strong>amamus</strong></span> <span class='ocrx_word' id='word_1_57' title='bbox 2593 480 2748 536; x_wconf 82' lang='lat' dir='ltr'>sicut</span> <span class='ocrx_word' id='word_1_58' title='bbox 2785 484 2949 536; x_wconf 90' lang='lat' dir='ltr'><strong>amat</strong></span> <span class='ocrx_word' id='word_1_59' title='bbox 2996 480 3306 552; x_wconf 85' lang='lat' dir='ltr'><strong>Dominus,</strong></span> <span class='ocrx_word' id='word_1_60' title='bbox 3348 498 3418 539; x_wconf 90' lang='lat' dir='ltr'><strong>ac</strong></span> <span class='ocrx_word' id='word_1_61' title='bbox 3464 484 3620 541; x_wconf 90' lang='lat' dir='ltr'><strong>sicut</strong></span> 
     </span>
    </p>
   </div>
   <div class='ocr_carea' id='block_1_12' title="bbox 1960 568 3616 640">
    <p class='ocr_par' dir='ltr' id='par_1_12' title="bbox 1960 568 3616 640">
     <span class='ocr_line' id='line_1_12' title="bbox 1960 568 3616 640; baseline 0.004 -18"><span class='ocrx_word' id='word_1_62' title='bbox 1960 573 2327 640; x_wconf 61' lang='lat' dir='ltr'><strong>praeceptum</strong></span> <span class='ocrx_word' id='word_1_63' title='bbox 2392 572 2498 625; x_wconf 89' lang='lat' dir='ltr'><strong>est.</strong></span> <span class='ocrx_word' id='word_1_64' title='bbox 2572 571 2690 625; x_wconf 87' lang='lat' dir='ltr'><strong>Pax</strong></span> <span class='ocrx_word' id='word_1_65' title='bbox 2746 569 2851 626; x_wconf 89' lang='lat' dir='ltr'><strong>tibi</strong></span> <span class='ocrx_word' id='word_1_66' title='bbox 2922 568 3187 626; x_wconf 71' lang='lat' dir='ltr'><strong>dominae</strong></span> <span class='ocrx_word' id='word_1_67' title='bbox 3243 571 3438 628; x_wconf 86' lang='lat' dir='ltr'><strong>matri.</strong></span> <span class='ocrx_word' id='word_1_68' title='bbox 3497 572 3616 628; x_wconf 86' lang='lat' dir='ltr'><strong>Pax</strong></span> 
     </span>
    </p>
   </div>
   <div class='ocr_carea' id='block_1_13' title="bbox 1962 655 3612 717">
    <p class='ocr_par' dir='ltr' id='par_1_13' title="bbox 1962 655 3612 717">
     <span class='ocr_line' id='line_1_13' title="bbox 1962 655 3612 717; baseline 0.004 -7"><span class='ocrx_word' id='word_1_69' title='bbox 1962 655 2271 713; x_wconf 86' lang='lat' dir='ltr'><strong>sororibus</strong></span> <span class='ocrx_word' id='word_1_70' title='bbox 2300 656 2359 712; x_wconf 90' lang='lat' dir='ltr'><strong>in</strong></span> <span class='ocrx_word' id='word_1_71' title='bbox 2411 655 2642 714; x_wconf 88' lang='lat' dir='ltr'><strong>Christo</strong></span> <span class='ocrx_word' id='word_1_72' title='bbox 2665 659 2800 714; x_wconf 87' lang='lat' dir='ltr'><strong>Jesu</strong></span> <span class='ocrx_word' id='word_1_73' title='bbox 2845 659 3096 715; x_wconf 92' lang='lat' dir='ltr'><strong>Domino</strong></span> <span class='ocrx_word' id='word_1_74' title='bbox 3127 664 3352 716; x_wconf 91' lang='lat' dir='ltr'><strong>nostro.</strong></span> <span class='ocrx_word' id='word_1_75' title='bbox 3402 661 3612 717; x_wconf 78' lang='lat' dir='ltr'><strong>Amen.</strong></span> 
     </span>
    </p>
   </div>
   <div class='ocr_carea' id='block_1_14' title="bbox 2374 853 3196 912">
    <p class='ocr_par' dir='ltr' id='par_1_14' title="bbox 2374 853 3196 912">
     <span class='ocr_line' id='line_1_14' title="bbox 2374 853 3196 912; baseline 0 -3"><span class='ocrx_word' id='word_1_76' title='bbox 2374 853 2547 909; x_wconf 85' lang='lat' dir='ltr'><strong>CXVI.</strong></span> <span class='ocrx_word' id='word_1_77' title='bbox 2581 884 2645 895; x_wconf 88' lang='lat'><strong>—</strong></span> <span class='ocrx_word' id='word_1_78' title='bbox 2672 855 2899 912; x_wconf 88' lang='lat' dir='ltr'><strong>Joanni</strong></span> <span class='ocrx_word' id='word_1_79' title='bbox 2923 854 3196 912; x_wconf 63' lang='lat' dir='ltr'><strong>eremitz.</strong></span> 
     </span>
    </p>
   </div>
   <div class='ocr_carea' id='block_1_15' title="bbox 967 946 2833 1017">
    <p class='ocr_par' dir='ltr' id='par_1_15' title="bbox 967 946 2833 1017">
     <span class='ocr_line' id='line_1_15' title="bbox 967 946 2833 1017; baseline 0 -14"><span class='ocrx_word' id='word_1_80' title='bbox 967 954 1041 1003; x_wconf 89' lang='lat' dir='ltr'><strong>De</strong></span> <span class='ocrx_word' id='word_1_81' title='bbox 1062 953 1298 1017; x_wconf 87' lang='lat' dir='ltr'><strong>quodam</strong></span> <span class='ocrx_word' id='word_1_82' title='bbox 1332 951 1555 1002; x_wconf 85' lang='lat' dir='ltr'><strong>eremita</strong></span> <span class='ocrx_word' id='word_1_83' title='bbox 1579 950 1827 1000; x_wconf 59' lang='lat' dir='ltr'><strong>heretico</strong></span> <span class='ocrx_word' id='word_1_84' title='bbox 1861 947 1928 998; x_wconf 87' lang='lat' dir='ltr'><strong>ad</strong></span> <span class='ocrx_word' id='word_1_85' title='bbox 1961 946 2124 998; x_wconf 84' lang='lat' dir='ltr'><strong>ﬁdem</strong></span> <span class='ocrx_word' id='word_1_86' title='bbox 2158 948 2475 1001; x_wconf 79' lang='lat' dir='ltr'><strong>catholicam</strong></span> <span class='ocrx_word' id='word_1_87' title='bbox 2498 951 2833 1003; x_wconf 88' lang='lat' dir='ltr'><strong>adducendo.</strong></span> 
     </span>
    </p>
   </div>
   <div class='ocr_carea' id='block_1_16' title="bbox 321 1039 1851 1112">
    <p class='ocr_par' dir='ltr' id='par_1_16' title="bbox 321 1039 1851 1112">
     <span class='ocr_line' id='line_1_16' title="bbox 321 1039 1851 1112; baseline -0.003 -16"><span class='ocrx_word' id='word_1_88' title='bbox 321 1039 453 1096; x_wconf 82' lang='grc' dir='ltr'><strong>Ἡδὺ</strong></span> <span class='ocrx_word' id='word_1_89' title='bbox 500 1044 667 1107; x_wconf 89' lang='grc' dir='ltr'>θέαμα</span> <span class='ocrx_word' id='word_1_90' title='bbox 713 1044 903 1096; x_wconf 84' lang='grc' dir='ltr'>ὁπόταν</span> <span class='ocrx_word' id='word_1_91' title='bbox 943 1062 1024 1105; x_wconf 92' lang='grc' dir='ltr'><strong>τις</strong></span> <span class='ocrx_word' id='word_1_92' title='bbox 1077 1044 1340 1108; x_wconf 86' lang='grc' dir='ltr'>θεάσοιτο,</span> <span class='ocrx_word' id='word_1_93' title='bbox 1389 1048 1541 1094; x_wconf 86' lang='grc' dir='ltr'>τοῦτο</span> <span class='ocrx_word' id='word_1_94' title='bbox 1587 1044 1678 1093; x_wconf 83' lang='grc' dir='ltr'>καὶ</span> <span class='ocrx_word' id='word_1_95' title='bbox 1721 1041 1851 1112; x_wconf 87' lang='grc' dir='ltr'><strong>μετά</strong></span> 
     </span>
    </p>
   </div>
   <div class='ocr_carea' id='block_1_17' title="bbox 249 1129 1847 1206">
    <p class='ocr_par' dir='ltr' id='par_1_17' title="bbox 249 1129 1847 1206">
     <span class='ocr_line' id='line_1_17' title="bbox 249 1129 1847 1206; baseline -0.003 -21"><span class='ocrx_word' id='word_1_96' title='bbox 249 1134 345 1191; x_wconf 76' lang='grc' dir='ltr'>τὴν</span> <span class='ocrx_word' id='word_1_97' title='bbox 412 1129 755 1204; x_wconf 79' lang='grc' dir='ltr'>ἀναχώρησιν</span> <span class='ocrx_word' id='word_1_98' title='bbox 829 1132 902 1194; x_wconf 82' lang='grc' dir='ltr'><strong>εἰς</strong></span> <span class='ocrx_word' id='word_1_99' title='bbox 947 1139 1065 1185; x_wconf 87' lang='grc' dir='ltr'>νοῦν</span> <span class='ocrx_word' id='word_1_100' title='bbox 1131 1130 1210 1184; x_wconf 82' lang='grc' dir='ltr'>ἀεὶ</span> <span class='ocrx_word' id='word_1_101' title='bbox 1282 1132 1588 1206; x_wconf 83' lang='grc' dir='ltr'>ἀναθεωρεῖν</span> <span class='ocrx_word' id='word_1_102' title='bbox 1654 1130 1847 1182; x_wconf 85' lang='grc' dir='ltr'>εἶωθεν.</span> 
     </span>
    </p>
   </div>
   <div class='ocr_carea' id='block_1_18' title="bbox 253 1216 1852 1294">
    <p class='ocr_par' dir='ltr' id='par_1_18' title="bbox 253 1216 1852 1294">
     <span class='ocr_line' id='line_1_18' title="bbox 253 1216 1852 1294; baseline -0.003 -20"><span class='ocrx_word' id='word_1_103' title='bbox 253 1223 436 1284; x_wconf 76' lang='grc' dir='ltr'>Οὕτως</span> <span class='ocrx_word' id='word_1_104' title='bbox 496 1216 583 1274; x_wconf 81' lang='grc' dir='ltr'>οὖν</span> <span class='ocrx_word' id='word_1_105' title='bbox 634 1225 722 1274; x_wconf 80' lang='grc' dir='ltr'>καὶ</span> <span class='ocrx_word' id='word_1_106' title='bbox 758 1222 910 1294; x_wconf 74' lang='grc' dir='ltr'>ἡμεῖς</span> <span class='ocrx_word' id='word_1_107' title='bbox 962 1222 1013 1273; x_wconf 86' lang='grc' dir='ltr'>οἱ</span> <span class='ocrx_word' id='word_1_108' title='bbox 1063 1226 1314 1284; x_wconf 84' lang='grc' dir='ltr'>ταπεινοὶ,</span> <span class='ocrx_word' id='word_1_109' title='bbox 1367 1222 1654 1292; x_wconf 84' lang='grc' dir='ltr'>θεοτίμητε,</span> <span class='ocrx_word' id='word_1_110' title='bbox 1711 1217 1852 1279; x_wconf 80' lang='grc' dir='ltr'>ἅπαξ</span> 
     </span>
    </p>
   </div>
   <div class='ocr_carea' id='block_1_19' title="bbox 253 1306 1847 1383">
    <p class='ocr_par' dir='ltr' id='par_1_19' title="bbox 253 1306 1847 1383">
     <span class='ocr_line' id='line_1_19' title="bbox 253 1306 1847 1383; baseline -0.002 -21"><span class='ocrx_word' id='word_1_111' title='bbox 253 1327 311 1362; x_wconf 94' lang='grc' dir='ltr'><strong>σε</strong></span> <span class='ocrx_word' id='word_1_112' title='bbox 364 1306 664 1383; x_wconf 71' lang='grc' dir='ltr'><strong>βλέψαντες,</strong></span> <span class='ocrx_word' id='word_1_113' title='bbox 722 1315 812 1363; x_wconf 84' lang='grc' dir='ltr'>καὶ</span> <span class='ocrx_word' id='word_1_114' title='bbox 865 1309 1199 1383; x_wconf 78' lang='grc' dir='ltr'><strong>ὡμιληκότες,</strong></span> <span class='ocrx_word' id='word_1_115' title='bbox 1260 1309 1354 1362; x_wconf 82' lang='grc' dir='ltr'><strong>οῦκ</strong></span> <span class='ocrx_word' id='word_1_116' title='bbox 1410 1308 1788 1379; x_wconf 76' lang='grc' dir='ltr'>ἐπιλελήσμεθα</span> <span class='ocrx_word' id='word_1_117' title='bbox 1834 1321 1847 1335; x_wconf 81' lang='grc'><strong>⁸</strong></span> 
     </span>
    </p>
   </div>
   <div class='ocr_carea' id='block_1_20' title="bbox 253 1394 1851 1472">
    <p class='ocr_par' dir='ltr' id='par_1_20' title="bbox 253 1394 1851 1472">
     <span class='ocr_line' id='line_1_20' title="bbox 253 1394 1851 1472; baseline -0.002 -22"><span class='ocrx_word' id='word_1_118' title='bbox 253 1397 381 1451; x_wconf 85' lang='grc' dir='ltr'><strong>ἀλλά</strong></span> <span class='ocrx_word' id='word_1_119' title='bbox 434 1402 816 1472; x_wconf 78' lang='grc' dir='ltr'>φανταζόμενον</span> <span class='ocrx_word' id='word_1_120' title='bbox 862 1401 1052 1472; x_wconf 78' lang='grc' dir='ltr'>ἔχομεν</span> <span class='ocrx_word' id='word_1_121' title='bbox 1079 1398 1128 1451; x_wconf 84' lang='grc' dir='ltr'><strong>ἐν</strong></span> <span class='ocrx_word' id='word_1_122' title='bbox 1158 1406 1220 1471; x_wconf 78' lang='grc' dir='ltr'><strong>τῇ</strong></span> <span class='ocrx_word' id='word_1_123' title='bbox 1264 1394 1473 1470; x_wconf 77' lang='grc' dir='ltr'>διανοίᾳ</span> <span class='ocrx_word' id='word_1_124' title='bbox 1501 1419 1513 1430; x_wconf 92' lang='grc'>·</span> <span class='ocrx_word' id='word_1_125' title='bbox 1544 1396 1671 1449; x_wconf 84' lang='grc' dir='ltr'>αύτό</span> <span class='ocrx_word' id='word_1_126' title='bbox 1700 1403 1851 1448; x_wconf 87' lang='grc' dir='ltr'>τοῦτο</span> 
     </span>
    </p>
   </div>
   <div class='ocr_carea' id='block_1_21' title="bbox 250 1487 1851 1564">
    <p class='ocr_par' dir='ltr' id='par_1_21' title="bbox 250 1487 1851 1564">
     <span class='ocr_line' id='line_1_21' title="bbox 250 1487 1851 1564; baseline -0.002 -25"><span class='ocrx_word' id='word_1_127' title='bbox 250 1490 559 1559; x_wconf 87' lang='grc' dir='ltr'>γαννύμενοι</span> <span class='ocrx_word' id='word_1_128' title='bbox 605 1490 730 1563; x_wconf 84' lang='grc' dir='ltr'>όρᾳν</span> <span class='ocrx_word' id='word_1_129' title='bbox 786 1489 1054 1564; x_wconf 82' lang='grc' dir='ltr'>ἄνθρωπον</span> <span class='ocrx_word' id='word_1_130' title='bbox 1106 1494 1261 1552; x_wconf 83' lang='grc' dir='ltr'>Θεοῦ,</span> <span class='ocrx_word' id='word_1_131' title='bbox 1332 1492 1598 1562; x_wconf 86' lang='grc' dir='ltr'>προσώπῳ</span> <span class='ocrx_word' id='word_1_132' title='bbox 1646 1504 1700 1538; x_wconf 92' lang='grc' dir='ltr'><strong>τε</strong></span> <span class='ocrx_word' id='word_1_133' title='bbox 1761 1487 1851 1537; x_wconf 84' lang='grc' dir='ltr'>καὶ</span> 
     </span>
    </p>
   </div>
   <div class='ocr_carea' id='block_1_22' title="bbox 251 1572 1851 1650">
    <p class='ocr_par' dir='ltr' id='par_1_22' title="bbox 251 1572 1851 1650">
     <span class='ocr_line' id='line_1_22' title="bbox 251 1572 1851 1650; baseline -0.003 -20"><span class='ocrx_word' id='word_1_134' title='bbox 251 1577 428 1650; x_wconf 77' lang='grc' dir='ltr'>ὁμιλίᾳ</span> <span class='ocrx_word' id='word_1_135' title='bbox 498 1580 662 1650; x_wconf 83' lang='grc' dir='ltr'>χάριν</span> <span class='ocrx_word' id='word_1_136' title='bbox 723 1580 860 1631; x_wconf 83' lang='grc' dir='ltr'>θείαν</span> <span class='ocrx_word' id='word_1_137' title='bbox 933 1577 1225 1649; x_wconf 81' lang='grc' dir='ltr'>λάμποντα,</span> <span class='ocrx_word' id='word_1_138' title='bbox 1282 1581 1372 1630; x_wconf 79' lang='grc' dir='ltr'>καὶ</span> <span class='ocrx_word' id='word_1_139' title='bbox 1426 1576 1497 1639; x_wconf 87' lang='grc' dir='ltr'><strong>εἰς</strong></span> <span class='ocrx_word' id='word_1_140' title='bbox 1549 1572 1851 1647; x_wconf 77' lang='grc' dir='ltr'>δοξολογίαν</span> 
     </span>
    </p>
   </div>
   <div class='ocr_carea' id='block_1_23' title="bbox 254 1662 1848 1741">
    <p class='ocr_par' dir='ltr' id='par_1_23' title="bbox 254 1662 1848 1741">
     <span class='ocr_line' id='line_1_23' title="bbox 254 1662 1848 1741; baseline -0.003 -23"><span class='ocrx_word' id='word_1_141' title='bbox 254 1673 387 1719; x_wconf 85' lang='grc' dir='ltr'>Θεοῦ</span> <span class='ocrx_word' id='word_1_142' title='bbox 442 1670 869 1741; x_wconf 86' lang='grc' dir='ltr'>προτρεπόμενον.</span> <span class='ocrx_word' id='word_1_143' title='bbox 924 1665 1124 1738; x_wconf 81' lang='grc' dir='ltr'>Ἐσχες</span> <span class='ocrx_word' id='word_1_144' title='bbox 1179 1662 1239 1719; x_wconf 64' lang='grc' dir='ltr'>δὲ</span> <span class='ocrx_word' id='word_1_145' title='bbox 1288 1672 1442 1717; x_wconf 84' lang='grc' dir='ltr'>τοῦτο</span> <span class='ocrx_word' id='word_1_146' title='bbox 1493 1672 1554 1737; x_wconf 79' lang='grc' dir='ltr'><strong>τῇ</strong></span> <span class='ocrx_word' id='word_1_147' title='bbox 1626 1662 1848 1737; x_wconf 73' lang='grc' dir='ltr'>ἐρημικῇ</span> 
     </span>
    </p>
   </div>
   <div class='ocr_carea' id='block_1_24' title="bbox 253 1751 1853 1827">
    <p class='ocr_par' dir='ltr' id='par_1_24' title="bbox 253 1751 1853 1827">
     <span class='ocr_line' id='line_1_24' title="bbox 253 1751 1853 1827; baseline -0.001 -22"><span class='ocrx_word' id='word_1_148' title='bbox 253 1759 497 1826; x_wconf 86' lang='grc' dir='ltr'>μονώσει,</span> <span class='ocrx_word' id='word_1_149' title='bbox 550 1759 641 1807; x_wconf 82' lang='grc' dir='ltr'>καὶ</span> <span class='ocrx_word' id='word_1_150' title='bbox 697 1762 760 1827; x_wconf 73' lang='grc' dir='ltr'><strong>τῇ</strong></span> <span class='ocrx_word' id='word_1_151' title='bbox 819 1763 1174 1827; x_wconf 79' lang='grc' dir='ltr'>προσευκτικῇ</span> <span class='ocrx_word' id='word_1_152' title='bbox 1249 1752 1585 1827; x_wconf 87' lang='grc' dir='ltr'>προσελεύσει</span> <span class='ocrx_word' id='word_1_153' title='bbox 1651 1768 1663 1781; x_wconf 89' lang='grc'><strong>·</strong></span> <span class='ocrx_word' id='word_1_154' title='bbox 1724 1751 1853 1822; x_wconf 80' lang='grc' dir='ltr'>λαμ-</span> 
     </span>
    </p>
   </div>
   <div class='ocr_carea' id='block_1_25' title="bbox 251 1839 1924 1935">
    <p class='ocr_par' dir='ltr' id='par_1_25' title="bbox 251 1839 1924 1935">
     <span class='ocr_line' id='line_1_25' title="bbox 251 1839 1924 1935; baseline -0.002 -40"><span class='ocrx_word' id='word_1_155' title='bbox 251 1845 495 1918; x_wconf 82' lang='grc' dir='ltr'>πρυνθεὶς</span> <span class='ocrx_word' id='word_1_156' title='bbox 568 1850 869 1907; x_wconf 81' lang='grc' dir='ltr'>Μωσαῖκῶς</span> <span class='ocrx_word' id='word_1_157' title='bbox 939 1848 1033 1903; x_wconf 76' lang='grc' dir='ltr'><strong>την</strong></span> <span class='ocrx_word' id='word_1_158' title='bbox 1090 1842 1209 1915; x_wconf 79' lang='grc' dir='ltr'>ὄψιν</span> <span class='ocrx_word' id='word_1_159' title='bbox 1282 1846 1383 1918; x_wconf 86' lang='grc' dir='ltr'><strong>πρὸ</strong></span> <span class='ocrx_word' id='word_1_160' title='bbox 1456 1848 1548 1894; x_wconf 89' lang='grc' dir='ltr'><strong>τοῦ</strong></span> <span class='ocrx_word' id='word_1_161' title='bbox 1623 1839 1924 1935; x_wconf 78' lang='grc' dir='ltr'>ἀρῥήτουΒ</span> 
     </span>
    </p>
   </div>
   <div class='ocr_carea' id='block_1_26' title="bbox 251 1929 1850 2006">
    <p class='ocr_par' dir='ltr' id='par_1_26' title="bbox 251 1929 1850 2006">
     <span class='ocr_line' id='line_1_26' title="bbox 251 1929 1850 2006; baseline -0.003 -22"><span class='ocrx_word' id='word_1_162' title='bbox 251 1935 434 2005; x_wconf 85' lang='grc' dir='ltr'>φάους.</span> <span class='ocrx_word' id='word_1_163' title='bbox 490 1935 578 1985; x_wconf 90' lang='grc' dir='ltr'>Διὸ</span> <span class='ocrx_word' id='word_1_164' title='bbox 634 1937 721 1986; x_wconf 73' lang='grc' dir='ltr'>καὶ</span> <span class='ocrx_word' id='word_1_165' title='bbox 775 1929 927 1994; x_wconf 80' lang='grc' dir='ltr'>αὖθις</span> <span class='ocrx_word' id='word_1_166' title='bbox 998 1932 1295 2006; x_wconf 85' lang='grc' dir='ltr'>γλιχόμεθά</span> <span class='ocrx_word' id='word_1_167' title='bbox 1363 1950 1421 1984; x_wconf 92' lang='grc' dir='ltr'><strong>σε</strong></span> <span class='ocrx_word' id='word_1_168' title='bbox 1474 1937 1850 1995; x_wconf 87' lang='grc' dir='ltr'>κατοπτεῦσαι,</span> 
     </span>
    </p>
   </div>
   <div class='ocr_carea' id='block_1_27' title="bbox 248 2015 1851 2095">
    <p class='ocr_par' dir='ltr' id='par_1_27' title="bbox 248 2015 1851 2095">
     <span class='ocr_line' id='line_1_27' title="bbox 248 2015 1851 2095; baseline -0.001 -23"><span class='ocrx_word' id='word_1_169' title='bbox 248 2025 338 2072; x_wconf 84' lang='grc' dir='ltr'>καὶ</span> <span class='ocrx_word' id='word_1_170' title='bbox 391 2028 793 2094; x_wconf 85' lang='grc' dir='ltr'>συμμετασχεῖν</span> <span class='ocrx_word' id='word_1_171' title='bbox 839 2029 940 2075; x_wconf 88' lang='grc' dir='ltr'>τῶν</span> <span class='ocrx_word' id='word_1_172' title='bbox 993 2024 1042 2073; x_wconf 80' lang='grc' dir='ltr'><strong>ἐν</strong></span> <span class='ocrx_word' id='word_1_173' title='bbox 1087 2027 1171 2074; x_wconf 81' lang='grc' dir='ltr'>σοὶ</span> <span class='ocrx_word' id='word_1_174' title='bbox 1210 2025 1468 2095; x_wconf 78' lang='grc' dir='ltr'>χαρίτων,</span> <span class='ocrx_word' id='word_1_175' title='bbox 1515 2021 1651 2071; x_wconf 89' lang='grc' dir='ltr'>κατὰ</span> <span class='ocrx_word' id='word_1_176' title='bbox 1681 2015 1851 2071; x_wconf 81' lang='grc' dir='ltr'>δευτέ-</span> 
     </span>
    </p>
   </div>
   <div class='ocr_carea' id='block_1_28' title="bbox 247 2109 1851 2183">
    <p class='ocr_par' dir='ltr' id='par_1_28' title="bbox 247 2109 1851 2183">
     <span class='ocr_line' id='line_1_28' title="bbox 247 2109 1851 2183; baseline -0.001 -22"><span class='ocrx_word' id='word_1_177' title='bbox 247 2128 409 2183; x_wconf 92' lang='grc' dir='ltr'>ρωσιν</span> <span class='ocrx_word' id='word_1_178' title='bbox 457 2109 774 2181; x_wconf 80' lang='grc' dir='ltr'>ἁγιαστικοῦ</span> <span class='ocrx_word' id='word_1_179' title='bbox 822 2118 1239 2183; x_wconf 86' lang='grc' dir='ltr'>μετουσιασμοῦ,</span> <span class='ocrx_word' id='word_1_180' title='bbox 1275 2113 1341 2162; x_wconf 84' lang='grc' dir='ltr'><strong>σύ</strong></span> <span class='ocrx_word' id='word_1_181' title='bbox 1392 2112 1519 2182; x_wconf 89' lang='grc' dir='ltr'>πρὸς</span> <span class='ocrx_word' id='word_1_182' title='bbox 1558 2112 1708 2179; x_wconf 84' lang='grc' dir='ltr'>Θεὸν,</span> <span class='ocrx_word' id='word_1_183' title='bbox 1761 2111 1851 2160; x_wconf 82' lang='grc' dir='ltr'>καὶ</span> 
     </span>
    </p>
   </div>
   <div class='ocr_carea' id='block_1_29' title="bbox 247 2195 1850 2275">
    <p class='ocr_par' dir='ltr' id='par_1_29' title="bbox 247 2195 1850 2275">
     <span class='ocr_line' id='line_1_29' title="bbox 247 2195 1850 2275; baseline -0.001 -24"><span class='ocrx_word' id='word_1_184' title='bbox 247 2201 399 2270; x_wconf 78' lang='grc' dir='ltr'>ἡμεῖς</span> <span class='ocrx_word' id='word_1_185' title='bbox 428 2202 573 2274; x_wconf 89' lang='grc' dir='ltr'><strong>παρά</strong></span> <span class='ocrx_word' id='word_1_186' title='bbox 626 2206 739 2255; x_wconf 90' lang='grc' dir='ltr'>σοῦ.</span> <span class='ocrx_word' id='word_1_187' title='bbox 781 2200 940 2275; x_wconf 82' lang='grc' dir='ltr'>Ὁρᾷς</span> <span class='ocrx_word' id='word_1_188' title='bbox 993 2201 1113 2253; x_wconf 86' lang='grc' dir='ltr'>ὅσον</span> <span class='ocrx_word' id='word_1_189' title='bbox 1164 2218 1221 2252; x_wconf 92' lang='grc' dir='ltr'><strong>σε</strong></span> <span class='ocrx_word' id='word_1_190' title='bbox 1250 2202 1380 2261; x_wconf 83' lang='grc' dir='ltr'>Θεὸς</span> <span class='ocrx_word' id='word_1_191' title='bbox 1424 2195 1692 2267; x_wconf 75' lang='grc' dir='ltr'>ἐδόξασεν,</span> <span class='ocrx_word' id='word_1_192' title='bbox 1743 2198 1850 2249; x_wconf 72' lang='grc' dir='ltr'>ἐπεὶ</span> 
     </span>
    </p>
   </div>
   <div class='ocr_carea' id='block_1_30' title="bbox 249 2284 1850 2359">
    <p class='ocr_par' dir='ltr' id='par_1_30' title="bbox 249 2284 1850 2359">
     <span class='ocr_line' id='line_1_30' title="bbox 249 2284 1850 2359; baseline -0.001 -19"><span class='ocrx_word' id='word_1_193' title='bbox 249 2284 511 2352; x_wconf 80' lang='grc' dir='ltr'>ἐδόξασας</span> <span class='ocrx_word' id='word_1_194' title='bbox 539 2289 698 2342; x_wconf 78' lang='grc' dir='ltr'>αὐτόν</span> <span class='ocrx_word' id='word_1_195' title='bbox 730 2307 744 2359; x_wconf 89' lang='grc'>;</span> <span class='ocrx_word' id='word_1_196' title='bbox 799 2288 929 2341; x_wconf 82' lang='grc' dir='ltr'><strong>ἀλλά</strong></span> <span class='ocrx_word' id='word_1_197' title='bbox 957 2293 1047 2342; x_wconf 85' lang='grc' dir='ltr'>καὶ</span> <span class='ocrx_word' id='word_1_198' title='bbox 1098 2291 1175 2341; x_wconf 73' lang='grc' dir='ltr'>ἔτι</span> <span class='ocrx_word' id='word_1_199' title='bbox 1205 2284 1472 2352; x_wconf 77' lang='grc' dir='ltr'>δοξάσειεν</span> <span class='ocrx_word' id='word_1_200' title='bbox 1501 2289 1551 2339; x_wconf 77' lang='grc' dir='ltr'><strong>ἐν</strong></span> <span class='ocrx_word' id='word_1_201' title='bbox 1586 2286 1715 2339; x_wconf 88' lang='grc' dir='ltr'>τέλει</span> <span class='ocrx_word' id='word_1_202' title='bbox 1757 2292 1850 2338; x_wconf 91' lang='grc' dir='ltr'><strong>τοῦ</strong></span> 
     </span>
    </p>
   </div>
   <div class='ocr_carea' id='block_1_31' title="bbox 250 2372 1850 2453">
    <p class='ocr_par' dir='ltr' id='par_1_31' title="bbox 250 2372 1850 2453">
     <span class='ocr_line' id='line_1_31' title="bbox 250 2372 1850 2453; baseline -0.001 -24"><span class='ocrx_word' id='word_1_203' title='bbox 250 2375 388 2451; x_wconf 79' lang='grc' dir='ltr'>βίου,</span> <span class='ocrx_word' id='word_1_204' title='bbox 423 2376 836 2453; x_wconf 88' lang='grc' dir='ltr'>ἀπόπεραίνοντα</span> <span class='ocrx_word' id='word_1_205' title='bbox 878 2377 1036 2441; x_wconf 78' lang='grc' dir='ltr'>ἀξίως</span> <span class='ocrx_word' id='word_1_206' title='bbox 1082 2381 1169 2431; x_wconf 90' lang='grc' dir='ltr'><strong>τὸν</strong></span> <span class='ocrx_word' id='word_1_207' title='bbox 1214 2375 1425 2452; x_wconf 89' lang='grc' dir='ltr'>δρόμον.</span> <span class='ocrx_word' id='word_1_208' title='bbox 1457 2375 1608 2449; x_wconf 82' lang='grc' dir='ltr'>Ἡμῖν</span> <span class='ocrx_word' id='word_1_209' title='bbox 1639 2372 1697 2429; x_wconf 72' lang='grc' dir='ltr'><strong>δε</strong></span> <span class='ocrx_word' id='word_1_210' title='bbox 1744 2381 1850 2436; x_wconf 90' lang='grc' dir='ltr'>τοῖς</span> 
     </span>
    </p>
   </div>
   <div class='ocr_carea' id='block_1_32' title="bbox 246 2461 1848 2542">
    <p class='ocr_par' dir='ltr' id='par_1_32' title="bbox 246 2461 1848 2542">
     <span class='ocr_line' id='line_1_32' title="bbox 246 2461 1848 2542; baseline -0.002 -23"><span class='ocrx_word' id='word_1_211' title='bbox 246 2466 574 2542; x_wconf 85' lang='grc' dir='ltr'>ἁμαρτωλοῖς</span> <span class='ocrx_word' id='word_1_212' title='bbox 628 2466 799 2530; x_wconf 80' lang='grc' dir='ltr'>εὔξαιο</span> <span class='ocrx_word' id='word_1_213' title='bbox 849 2466 945 2520; x_wconf 80' lang='grc' dir='ltr'>κᾶν</span> <span class='ocrx_word' id='word_1_214' title='bbox 985 2467 1246 2541; x_wconf 80' lang='grc' dir='ltr'>ἄρξασθαι</span> <span class='ocrx_word' id='word_1_215' title='bbox 1283 2472 1376 2519; x_wconf 84' lang='grc' dir='ltr'><strong>τοῦ</strong></span> <span class='ocrx_word' id='word_1_216' title='bbox 1430 2469 1693 2539; x_wconf 77' lang='grc' dir='ltr'>σωτηρίου</span> <span class='ocrx_word' id='word_1_217' title='bbox 1728 2461 1848 2537; x_wconf 86' lang='grc' dir='ltr'>δρό-</span> 
     </span>
    </p>
   </div>
   <div class='ocr_carea' id='block_1_33' title="bbox 246 2553 1847 2630">
    <p class='ocr_par' dir='ltr' id='par_1_33' title="bbox 246 2553 1847 2630">
     <span class='ocr_line' id='line_1_33' title="bbox 246 2553 1847 2630; baseline -0.001 -22"><span class='ocrx_word' id='word_1_218' title='bbox 246 2574 349 2629; x_wconf 88' lang='grc' dir='ltr'><strong>μου</strong></span> <span class='ocrx_word' id='word_1_219' title='bbox 381 2575 395 2589; x_wconf 88' lang='grc'><strong>·</strong></span> <span class='ocrx_word' id='word_1_220' title='bbox 462 2555 665 2630; x_wconf 88' lang='grc' dir='ltr'>ἐπείπερ</span> <span class='ocrx_word' id='word_1_221' title='bbox 738 2560 944 2630; x_wconf 82' lang='grc' dir='ltr'>μακρὰν</span> <span class='ocrx_word' id='word_1_222' title='bbox 997 2555 1097 2609; x_wconf 87' lang='grc' dir='ltr'><strong>ἀπὸ</strong></span> <span class='ocrx_word' id='word_1_223' title='bbox 1146 2562 1278 2610; x_wconf 86' lang='grc' dir='ltr'>Θεοῦ</span> <span class='ocrx_word' id='word_1_224' title='bbox 1336 2556 1385 2608; x_wconf 86' lang='grc' dir='ltr'>οἱ</span> <span class='ocrx_word' id='word_1_225' title='bbox 1441 2553 1737 2627; x_wconf 84' lang='grc' dir='ltr'>ἐλάχιστοι.</span> <span class='ocrx_word' id='word_1_226' title='bbox 1787 2553 1847 2607; x_wconf 78' lang='grc' dir='ltr'><strong>Ἠ</strong></span> 
     </span>
    </p>
   </div>
   <div class='ocr_carea' id='block_1_34' title="bbox 246 2644 1307 2719">
    <p class='ocr_par' dir='ltr' id='par_1_34' title="bbox 246 2644 1307 2719">
     <span class='ocr_line' id='line_1_34' title="bbox 246 2644 1307 2719; baseline -0.002 -20"><span class='ocrx_word' id='word_1_227' title='bbox 246 2650 429 2719; x_wconf 82' lang='grc' dir='ltr'>πρώτη</span> <span class='ocrx_word' id='word_1_228' title='bbox 462 2644 671 2705; x_wconf 75' lang='grc' dir='ltr'>ἐπιϐολὴ</span> <span class='ocrx_word' id='word_1_229' title='bbox 699 2654 792 2700; x_wconf 87' lang='grc' dir='ltr'><strong>τοῦ</strong></span> <span class='ocrx_word' id='word_1_230' title='bbox 820 2645 977 2719; x_wconf 90' lang='grc' dir='ltr'>λόγου</span> <span class='ocrx_word' id='word_1_231' title='bbox 1008 2649 1057 2699; x_wconf 82' lang='grc' dir='ltr'><strong>ἐν</strong></span> <span class='ocrx_word' id='word_1_232' title='bbox 1086 2648 1307 2706; x_wconf 84' lang='grc' dir='ltr'>τούτοις.</span> 
     </span>
    </p>
   </div>
   <div class='ocr_carea' id='block_1_35' title="bbox 319 2819 1842 2897">
    <p class='ocr_par' dir='ltr' id='par_1_35' title="bbox 319 2819 1842 2897">
     <span class='ocr_line' id='line_1_35' title="bbox 319 2819 1842 2897; baseline -0.003 -21"><span class='ocrx_word' id='word_1_233' title='bbox 319 2827 411 2886; x_wconf 87' lang='grc' dir='ltr'>Τίς</span> <span class='ocrx_word' id='word_1_234' title='bbox 462 2824 491 2881; x_wconf 83' lang='grc' dir='ltr'>ἡ</span> <span class='ocrx_word' id='word_1_235' title='bbox 545 2819 807 2897; x_wconf 86' lang='grc' dir='ltr'>δευτέρα;</span> <span class='ocrx_word' id='word_1_236' title='bbox 852 2827 975 2897; x_wconf 86' lang='grc' dir='ltr'><strong>Περὶ</strong></span> <span class='ocrx_word' id='word_1_237' title='bbox 1034 2826 1355 2877; x_wconf 86' lang='grc' dir='ltr'>Θεοκτίστου</span> <span class='ocrx_word' id='word_1_238' title='bbox 1407 2828 1500 2874; x_wconf 87' lang='grc' dir='ltr'><strong>τοῦ</strong></span> <span class='ocrx_word' id='word_1_239' title='bbox 1547 2821 1795 2893; x_wconf 88' lang='grc' dir='ltr'>ἐρημίτου</span> <span class='ocrx_word' id='word_1_240' title='bbox 1829 2839 1842 2853; x_wconf 84' lang='grc'><strong><em>-</em></strong></span> 
     </span>
    </p>
   </div>
   <div class='ocr_carea' id='block_1_36' title="bbox 248 2908 1844 2988">
    <p class='ocr_par' dir='ltr' id='par_1_36' title="bbox 248 2908 1844 2988">
     <span class='ocr_line' id='line_1_36' title="bbox 248 2908 1844 2988; baseline -0.003 -23"><span class='ocrx_word' id='word_1_241' title='bbox 248 2913 305 2974; x_wconf 87' lang='grc' dir='ltr'>ὃς</span> <span class='ocrx_word' id='word_1_242' title='bbox 377 2915 515 2975; x_wconf 85' lang='grc' dir='ltr'>ὅπως</span> <span class='ocrx_word' id='word_1_243' title='bbox 570 2908 825 2988; x_wconf 83' lang='grc' dir='ltr'>διερῥάγη</span> <span class='ocrx_word' id='word_1_244' title='bbox 894 2912 947 2975; x_wconf 82' lang='grc' dir='ltr'>ἐξ</span> <span class='ocrx_word' id='word_1_245' title='bbox 1003 2914 1272 2984; x_wconf 85' lang='grc' dir='ltr'>αἱρετικῶν</span> <span class='ocrx_word' id='word_1_246' title='bbox 1328 2930 1478 2964; x_wconf 89' lang='grc' dir='ltr'>τινων</span> <span class='ocrx_word' id='word_1_247' title='bbox 1553 2911 1844 2963; x_wconf 78' lang='grc' dir='ltr'>ὑποθέσεων</span> 
     </span>
    </p>
   </div>
   <div class='ocr_carea' id='block_1_37' title="bbox 245 2999 1843 3075">
    <p class='ocr_par' dir='ltr' id='par_1_37' title="bbox 245 2999 1843 3075">
     <span class='ocr_line' id='line_1_37' title="bbox 245 2999 1843 3075; baseline -0.004 -19"><span class='ocrx_word' id='word_1_248' title='bbox 245 3010 339 3056; x_wconf 91' lang='grc' dir='ltr'><strong>τοῦ</strong></span> <span class='ocrx_word' id='word_1_249' title='bbox 403 3008 639 3075; x_wconf 84' lang='grc' dir='ltr'>σώματος</span> <span class='ocrx_word' id='word_1_250' title='bbox 690 3010 787 3065; x_wconf 80' lang='grc' dir='ltr'>τῆς</span> <span class='ocrx_word' id='word_1_251' title='bbox 856 3001 1196 3066; x_wconf 88' lang='grc' dir='ltr'>Ἐκκλησίας,</span> <span class='ocrx_word' id='word_1_252' title='bbox 1253 3001 1407 3061; x_wconf 79' lang='grc' dir='ltr'>αὐτὸς</span> <span class='ocrx_word' id='word_1_253' title='bbox 1456 3002 1602 3072; x_wconf 80' lang='grc' dir='ltr'>ἡμῶν</span> <span class='ocrx_word' id='word_1_254' title='bbox 1654 2999 1843 3071; x_wconf 82' lang='grc' dir='ltr'>μᾶλλον</span> 
     </span>
    </p>
   </div>
   <div class='ocr_carea' id='block_1_38' title="bbox 246 3090 1844 3164">
    <p class='ocr_par' dir='ltr' id='par_1_38' title="bbox 246 3090 1844 3164">
     <span class='ocr_line' id='line_1_38' title="bbox 246 3090 1844 3164; baseline -0.004 -18"><span class='ocrx_word' id='word_1_255' title='bbox 246 3092 558 3158; x_wconf 82' lang='grc' dir='ltr'>ἐπίστασαι,</span> <span class='ocrx_word' id='word_1_256' title='bbox 615 3096 915 3164; x_wconf 85' lang='grc' dir='ltr'>τιμιώτατε.</span> <span class='ocrx_word' id='word_1_257' title='bbox 975 3094 1115 3150; x_wconf 77' lang='grc' dir='ltr'>Πλὴν</span> <span class='ocrx_word' id='word_1_258' title='bbox 1169 3091 1252 3143; x_wconf 83' lang='grc' dir='ltr'>ὅτι</span> <span class='ocrx_word' id='word_1_259' title='bbox 1307 3094 1395 3142; x_wconf 79' lang='grc' dir='ltr'>καὶ</span> <span class='ocrx_word' id='word_1_260' title='bbox 1449 3090 1600 3162; x_wconf 79' lang='grc' dir='ltr'>ἡμεῖς</span> <span class='ocrx_word' id='word_1_261' title='bbox 1655 3092 1844 3163; x_wconf 82' lang='grc' dir='ltr'>προπέ-</span> 
     </span>
    </p>
   </div>
   <div class='ocr_carea' id='block_1_39' title="bbox 243 3174 1841 3256">
    <p class='ocr_par' dir='ltr' id='par_1_39' title="bbox 243 3174 1841 3256">
     <span class='ocr_line' id='line_1_39' title="bbox 243 3174 1841 3256; baseline -0.004 -21"><span class='ocrx_word' id='word_1_262' title='bbox 243 3201 369 3256; x_wconf 89' lang='grc' dir='ltr'>ρυσι</span> <span class='ocrx_word' id='word_1_263' title='bbox 397 3181 787 3243; x_wconf 81' lang='grc' dir='ltr'>πλησιάσαντες</span> <span class='ocrx_word' id='word_1_264' title='bbox 823 3187 934 3243; x_wconf 92' lang='grc' dir='ltr'>τοῖς</span> <span class='ocrx_word' id='word_1_265' title='bbox 980 3180 1098 3233; x_wconf 88' lang='grc' dir='ltr'>καθ’</span> <span class='ocrx_word' id='word_1_266' title='bbox 1128 3181 1263 3252; x_wconf 77' lang='grc' dir='ltr'>ἡμᾶς</span> <span class='ocrx_word' id='word_1_267' title='bbox 1293 3178 1315 3253; x_wconf 96' lang='grc'>[</span> <span class='ocrx_word' id='word_1_268' title='bbox 1345 3178 1388 3235; x_wconf 82' lang='lat' dir='ltr'><strong>f.</strong></span> <span class='ocrx_word' id='word_1_269' title='bbox 1427 3180 1563 3251; x_wconf 81' lang='grc' dir='ltr'>ὑμᾶς</span> <span class='ocrx_word' id='word_1_270' title='bbox 1590 3178 1607 3248; x_wconf 96' lang='grc'>]</span> <span class='ocrx_word' id='word_1_271' title='bbox 1641 3174 1841 3230; x_wconf 85' lang='grc' dir='ltr'>ἐνδιαι-</span> 
     </span>
    </p>
   </div>
   <div class='ocr_carea' id='block_1_40' title="bbox 242 3264 1845 3345">
    <p class='ocr_par' dir='ltr' id='par_1_40' title="bbox 242 3264 1845 3345">
     <span class='ocr_line' id='line_1_40' title="bbox 242 3264 1845 3345; baseline -0.004 -21"><span class='ocrx_word' id='word_1_272' title='bbox 242 3276 495 3344; x_wconf 80' lang='grc' dir='ltr'>τημασιν,</span> <span class='ocrx_word' id='word_1_273' title='bbox 551 3270 859 3343; x_wconf 83' lang='grc' dir='ltr'>ἐξεμάθομεν</span> <span class='ocrx_word' id='word_1_274' title='bbox 911 3271 1057 3345; x_wconf 81' lang='grc' dir='ltr'>παρὰ</span> <span class='ocrx_word' id='word_1_275' title='bbox 1086 3276 1185 3322; x_wconf 85' lang='grc' dir='ltr'>τῶν</span> <span class='ocrx_word' id='word_1_276' title='bbox 1237 3264 1449 3321; x_wconf 85' lang='grc' dir='ltr'>εἰδότων</span> <span class='ocrx_word' id='word_1_277' title='bbox 1505 3269 1571 3319; x_wconf 87' lang='grc' dir='ltr'><strong>τά</strong></span> <span class='ocrx_word' id='word_1_278' title='bbox 1619 3273 1710 3319; x_wconf 74' lang='grc' dir='ltr'><strong>τοῦ</strong></span> <span class='ocrx_word' id='word_1_279' title='bbox 1758 3268 1845 3319; x_wconf 85' lang='grc' dir='ltr'>άν-</span> 
     </span>
    </p>
   </div>
   <div class='ocr_carea' id='block_1_41' title="bbox 246 3356 1844 3434">
    <p class='ocr_par' dir='ltr' id='par_1_41' title="bbox 246 3356 1844 3434">
     <span class='ocr_line' id='line_1_41' title="bbox 246 3356 1844 3434; baseline -0.003 -20"><span class='ocrx_word' id='word_1_280' title='bbox 246 3357 392 3434; x_wconf 84' lang='grc' dir='ltr'>δρός.</span> <span class='ocrx_word' id='word_1_281' title='bbox 426 3362 501 3413; x_wconf 87' lang='grc' dir='ltr'>Ού</span> <span class='ocrx_word' id='word_1_282' title='bbox 531 3364 634 3432; x_wconf 76' lang='grc' dir='ltr'>μὴν</span> <span class='ocrx_word' id='word_1_283' title='bbox 687 3358 814 3411; x_wconf 86' lang='grc' dir='ltr'>ἀλλὰ</span> <span class='ocrx_word' id='word_1_284' title='bbox 842 3363 931 3411; x_wconf 80' lang='grc' dir='ltr'>καὶ</span> <span class='ocrx_word' id='word_1_285' title='bbox 980 3356 1073 3412; x_wconf 82' lang='grc' dir='ltr'><strong>διὰ</strong></span> <span class='ocrx_word' id='word_1_286' title='bbox 1118 3359 1438 3434; x_wconf 77' lang='grc' dir='ltr'>γραμμάτων</span> <span class='ocrx_word' id='word_1_287' title='bbox 1477 3357 1844 3428; x_wconf 77' lang='grc' dir='ltr'>ύπεμνὴσαμεν</span> 
     </span>
    </p>
   </div>
   <div class='ocr_carea' id='block_1_42' title="bbox 243 3446 1843 3522">
    <p class='ocr_par' dir='ltr' id='par_1_42' title="bbox 243 3446 1843 3522">
     <span class='ocr_line' id='line_1_42' title="bbox 243 3446 1843 3522; baseline -0.003 -21"><span class='ocrx_word' id='word_1_288' title='bbox 243 3454 336 3502; x_wconf 84' lang='grc' dir='ltr'>καὶ</span> <span class='ocrx_word' id='word_1_289' title='bbox 366 3448 787 3522; x_wconf 76' lang='grc' dir='ltr'>παρεκαλέσαμεν</span> <span class='ocrx_word' id='word_1_290' title='bbox 845 3446 1181 3519; x_wconf 79' lang='grc' dir='ltr'>ἀποσχέσθαι</span> <span class='ocrx_word' id='word_1_291' title='bbox 1213 3447 1369 3500; x_wconf 78' lang='grc' dir='ltr'>αὐτόν</span> <span class='ocrx_word' id='word_1_292' title='bbox 1420 3453 1522 3498; x_wconf 86' lang='grc' dir='ltr'>τῶν</span> <span class='ocrx_word' id='word_1_293' title='bbox 1571 3453 1843 3498; x_wconf 82' lang='grc' dir='ltr'>σκοτεινῶν</span> 
     </span>
    </p>
   </div>
   <div class='ocr_carea' id='block_1_43' title="bbox 246 3531 1845 3610">
    <p class='ocr_par' dir='ltr' id='par_1_43' title="bbox 246 3531 1845 3610">
     <span class='ocr_line' id='line_1_43' title="bbox 246 3531 1845 3610; baseline -0.003 -19"><span class='ocrx_word' id='word_1_294' title='bbox 246 3540 448 3591; x_wconf 79' lang='grc' dir='ltr'>ἐκείνων</span> <span class='ocrx_word' id='word_1_295' title='bbox 490 3542 580 3590; x_wconf 79' lang='grc' dir='ltr'>καὶ</span> <span class='ocrx_word' id='word_1_296' title='bbox 620 3534 1002 3610; x_wconf 87' lang='grc' dir='ltr'>δαιμονοποιῶν</span> <span class='ocrx_word' id='word_1_297' title='bbox 1052 3538 1379 3609; x_wconf 82' lang='grc' dir='ltr'>φθεγμάτων,</span> <span class='ocrx_word' id='word_1_298' title='bbox 1434 3531 1733 3606; x_wconf 84' lang='grc' dir='ltr'>ὀρθοδοξεῖν</span> <span class='ocrx_word' id='word_1_299' title='bbox 1786 3531 1845 3587; x_wconf 71' lang='grc' dir='ltr'><strong>δε</strong></span> 
     </span>
    </p>
   </div>
   <div class='ocr_carea' id='block_1_44' title="bbox 243 3623 1844 3702">
    <p class='ocr_par' dir='ltr' id='par_1_44' title="bbox 243 3623 1844 3702">
     <span class='ocr_line' id='line_1_44' title="bbox 243 3623 1844 3702; baseline -0.003 -22"><span class='ocrx_word' id='word_1_300' title='bbox 243 3626 437 3702; x_wconf 85' lang='grc' dir='ltr'>μᾶλλον</span> <span class='ocrx_word' id='word_1_301' title='bbox 466 3625 550 3680; x_wconf 88' lang='grc' dir='ltr'><strong>ἐπί</strong></span> <span class='ocrx_word' id='word_1_302' title='bbox 588 3645 642 3680; x_wconf 88' lang='grc' dir='ltr'><strong>τε</strong></span> <span class='ocrx_word' id='word_1_303' title='bbox 677 3635 773 3689; x_wconf 81' lang='grc' dir='ltr'>τῆς</span> <span class='ocrx_word' id='word_1_304' title='bbox 814 3630 1074 3698; x_wconf 88' lang='grc' dir='ltr'>παναγίας</span> <span class='ocrx_word' id='word_1_305' title='bbox 1106 3630 1385 3692; x_wconf 88' lang='grc' dir='ltr'>Θεοτόκου,</span> <span class='ocrx_word' id='word_1_306' title='bbox 1426 3628 1515 3676; x_wconf 79' lang='grc' dir='ltr'>καὶ</span> <span class='ocrx_word' id='word_1_307' title='bbox 1553 3631 1652 3676; x_wconf 85' lang='grc' dir='ltr'>τῶν</span> <span class='ocrx_word' id='word_1_308' title='bbox 1681 3623 1844 3675; x_wconf 84' lang='grc' dir='ltr'>ἄλλων</span> 
     </span>
    </p>
   </div>
   <div class='ocr_carea' id='block_1_45' title="bbox 244 3710 1844 3790">
    <p class='ocr_par' dir='ltr' id='par_1_45' title="bbox 244 3710 1844 3790">
     <span class='ocr_line' id='line_1_45' title="bbox 244 3710 1844 3790; baseline -0.004 -21"><span class='ocrx_word' id='word_1_309' title='bbox 244 3735 467 3790; x_wconf 86' lang='grc' dir='ltr'>τρόπων.</span> <span class='ocrx_word' id='word_1_310' title='bbox 500 3722 607 3768; x_wconf 87' lang='grc' dir='ltr'>Νῦν</span> <span class='ocrx_word' id='word_1_311' title='bbox 658 3711 747 3767; x_wconf 84' lang='grc' dir='ltr'>οὖν</span> <span class='ocrx_word' id='word_1_312' title='bbox 804 3716 1047 3788; x_wconf 87' lang='grc' dir='ltr'>Νικάνωρ</span> <span class='ocrx_word' id='word_1_313' title='bbox 1101 3715 1126 3766; x_wconf 89' lang='grc' dir='ltr'><strong><em>ὁ</em></strong></span> <span class='ocrx_word' id='word_1_314' title='bbox 1156 3716 1404 3787; x_wconf 77' lang='grc' dir='ltr'>ἡμέτερος</span> <span class='ocrx_word' id='word_1_315' title='bbox 1452 3710 1673 3786; x_wconf 88' lang='grc' dir='ltr'>ἀδελφός</span> <span class='ocrx_word' id='word_1_316' title='bbox 1726 3730 1844 3784; x_wconf 91' lang='grc' dir='ltr'>φοι-</span> 
     </span>
    </p>
   </div>
   <div class='ocr_carea' id='block_1_46' title="bbox 243 3802 1845 3877">
    <p class='ocr_par' dir='ltr' id='par_1_46' title="bbox 243 3802 1845 3877">
     <span class='ocr_line' id='line_1_46' title="bbox 243 3802 1845 3877; baseline -0.003 -20"><span class='ocrx_word' id='word_1_317' title='bbox 243 3810 414 3868; x_wconf 79' lang='grc' dir='ltr'>τήσας</span> <span class='ocrx_word' id='word_1_318' title='bbox 468 3808 599 3877; x_wconf 88' lang='grc' dir='ltr'>πρὸς</span> <span class='ocrx_word' id='word_1_319' title='bbox 659 3805 820 3877; x_wconf 81' lang='grc' dir='ltr'>ἡμᾶς,</span> <span class='ocrx_word' id='word_1_320' title='bbox 870 3802 1174 3877; x_wconf 81' lang='grc' dir='ltr'>ἀπήγγειλεν</span> <span class='ocrx_word' id='word_1_321' title='bbox 1235 3803 1396 3856; x_wconf 86' lang='grc' dir='ltr'>ἐλθεῖν</span> <span class='ocrx_word' id='word_1_322' title='bbox 1450 3802 1520 3864; x_wconf 81' lang='grc' dir='ltr'><strong>εἰς</strong></span> <span class='ocrx_word' id='word_1_323' title='bbox 1583 3803 1845 3874; x_wconf 88' lang='grc' dir='ltr'>μετάγνω-</span> 
     </span>
    </p>
   </div>
   <div class='ocr_carea' id='block_1_47' title="bbox 249 3889 1838 3966">
    <p class='ocr_par' dir='ltr' id='par_1_47' title="bbox 249 3889 1838 3966">
     <span class='ocr_line' id='line_1_47' title="bbox 249 3889 1838 3966; baseline -0.003 -20"><span class='ocrx_word' id='word_1_324' title='bbox 249 3913 330 3947; x_wconf 92' lang='grc' dir='ltr'><strong>σιν</strong></span> <span class='ocrx_word' id='word_1_325' title='bbox 370 3897 457 3946; x_wconf 90' lang='grc' dir='ltr'><strong>τὸν</strong></span> <span class='ocrx_word' id='word_1_326' title='bbox 486 3889 677 3966; x_wconf 79' lang='grc' dir='ltr'>ἄνδρα,</span> <span class='ocrx_word' id='word_1_327' title='bbox 707 3897 798 3945; x_wconf 86' lang='grc' dir='ltr'><strong>καὶ</strong></span> <span class='ocrx_word' id='word_1_328' title='bbox 846 3891 1029 3945; x_wconf 75' lang='grc' dir='ltr'>ἐθέλειν</span> <span class='ocrx_word' id='word_1_329' title='bbox 1066 3894 1365 3966; x_wconf 89' lang='grc' dir='ltr'>όμοφρονεῖν</span> <span class='ocrx_word' id='word_1_330' title='bbox 1409 3899 1472 3964; x_wconf 74' lang='grc' dir='ltr'>τῇ</span> <span class='ocrx_word' id='word_1_331' title='bbox 1508 3890 1794 3961; x_wconf 85' lang='grc' dir='ltr'>Ἐκκλησίᾳ</span> <span class='ocrx_word' id='word_1_332' title='bbox 1825 3906 1838 3919; x_wconf 86' lang='grc'><em>’</em></span> 
     </span>
    </p>
   </div>
   <div class='ocr_carea' id='block_1_48' title="bbox 244 3978 1844 4055">
    <p class='ocr_par' dir='ltr' id='par_1_48' title="bbox 244 3978 1844 4055">
     <span class='ocr_line' id='line_1_48' title="bbox 244 3978 1844 4055; baseline -0.004 -18"><span class='ocrx_word' id='word_1_333' title='bbox 244 3983 408 4055; x_wconf 77' lang='grc' dir='ltr'>λέγειν</span> <span class='ocrx_word' id='word_1_334' title='bbox 483 3979 543 4036; x_wconf 83' lang='grc' dir='ltr'><strong>δέ</strong></span> <span class='ocrx_word' id='word_1_335' title='bbox 593 3978 735 4054; x_wconf 70' lang='grc' dir='ltr'>μηδὶ</span> <span class='ocrx_word' id='word_1_336' title='bbox 788 3984 1009 4054; x_wconf 90' lang='grc' dir='ltr'>γράμμα</span> <span class='ocrx_word' id='word_1_337' title='bbox 1059 3984 1178 4055; x_wconf 82' lang='grc' dir='ltr'>ἐμὸν</span> <span class='ocrx_word' id='word_1_338' title='bbox 1239 3980 1514 4053; x_wconf 76' lang='grc' dir='ltr'>εἰληφέναι,</span> <span class='ocrx_word' id='word_1_339' title='bbox 1573 3979 1699 4031; x_wconf 86' lang='grc' dir='ltr'><strong>ἀλλά</strong></span> <span class='ocrx_word' id='word_1_340' title='bbox 1754 3982 1844 4031; x_wconf 81' lang='grc' dir='ltr'>καὶ</span> 
     </span>
    </p>
   </div>
   <div class='ocr_carea' id='block_1_49' title="bbox 247 4067 1839 4147">
    <p class='ocr_par' dir='ltr' id='par_1_49' title="bbox 247 4067 1839 4147">
     <span class='ocr_line' id='line_1_49' title="bbox 247 4067 1839 4147; baseline -0.003 -22"><span class='ocrx_word' id='word_1_341' title='bbox 247 4072 365 4147; x_wconf 83' lang='grc' dir='ltr'>ἐρᾷν</span> <span class='ocrx_word' id='word_1_342' title='bbox 423 4069 697 4136; x_wconf 87' lang='grc' dir='ltr'>δέξασθαι.</span> <span class='ocrx_word' id='word_1_343' title='bbox 741 4074 881 4124; x_wconf 81' lang='grc' dir='ltr'>Ἐπεὶ</span> <span class='ocrx_word' id='word_1_344' title='bbox 937 4067 1047 4137; x_wconf 83' lang='grc' dir='ltr'>οὖν,</span> <span class='ocrx_word' id='word_1_345' title='bbox 1108 4072 1271 4143; x_wconf 87' lang='grc' dir='ltr'>Πάτερ</span> <span class='ocrx_word' id='word_1_346' title='bbox 1330 4069 1466 4141; x_wconf 82' lang='grc' dir='ltr'>οῖγιε,</span> <span class='ocrx_word' id='word_1_347' title='bbox 1506 4073 1839 4142; x_wconf 79' lang='grc' dir='ltr'>γέγραπταιο</span> 
     </span>
    </p>
   </div>
   <div class='ocr_carea' id='block_1_50' title="bbox 244 4158 1843 4233">
    <p class='ocr_par' dir='ltr' id='par_1_50' title="bbox 244 4158 1843 4233">
     <span class='ocr_line' id='line_1_50' title="bbox 244 4158 1843 4233; baseline -0.004 -18"><span class='ocrx_word' id='word_1_348' title='bbox 244 4162 302 4215; x_wconf 75' lang='lat'><strong>&#39;0</strong></span> <span class='ocrx_word' id='word_1_349' title='bbox 342 4161 583 4233; x_wconf 83' lang='grc' dir='ltr'>ἐξάγων</span> <span class='ocrx_word' id='word_1_350' title='bbox 652 4159 834 4224; x_wconf 78' lang='grc' dir='ltr'>ἄξιον</span> <span class='ocrx_word' id='word_1_351' title='bbox 874 4159 935 4222; x_wconf 85' lang='grc' dir='ltr'>ἐξ</span> <span class='ocrx_word' id='word_1_352' title='bbox 991 4158 1255 4223; x_wconf 79' lang='grc' dir='ltr'>ἀναξίου</span> <span class='ocrx_word' id='word_1_353' title='bbox 1318 4162 1396 4222; x_wconf 88' lang='grc' dir='ltr'>ὡς</span> <span class='ocrx_word' id='word_1_354' title='bbox 1457 4163 1665 4231; x_wconf 89' lang='grc' dir='ltr'>στόμα</span> <span class='ocrx_word' id='word_1_355' title='bbox 1725 4176 1843 4230; x_wconf 88' lang='grc' dir='ltr'><strong>μου</strong></span> 
     </span>
    </p>
   </div>
   <div class='ocr_carea' id='block_1_51' title="bbox 246 4246 1846 4321">
    <p class='ocr_par' dir='ltr' id='par_1_51' title="bbox 246 4246 1846 4321">
     <span class='ocr_line' id='line_1_51' title="bbox 246 4246 1846 4321; baseline -0.004 -17"><span class='ocrx_word' id='word_1_356' title='bbox 246 4254 451 4305; x_wconf 72' lang='grc' dir='ltr'>ἔσται.</span> <span class='ocrx_word' id='word_1_357' title='bbox 496 4254 617 4315; x_wconf 72' lang='grc' dir='ltr'>Καὶ,</span> <span class='ocrx_word' id='word_1_358' title='bbox 656 4247 716 4301; x_wconf 82' lang='lat'><strong>&#39;0</strong></span> <span class='ocrx_word' id='word_1_359' title='bbox 747 4248 1164 4321; x_wconf 89' lang='grc' dir='ltr'>ἀποστρέφων</span> <span class='ocrx_word' id='word_1_360' title='bbox 1203 4248 1539 4319; x_wconf 80' lang='grc' dir='ltr'>ἄνθρωπον</span> <span class='ocrx_word' id='word_1_361' title='bbox 1584 4246 1645 4300; x_wconf 81' lang='grc' dir='ltr'><strong>ἐκ</strong></span> <span class='ocrx_word' id='word_1_362' title='bbox 1696 4246 1846 4298; x_wconf 88' lang='grc' dir='ltr'>πλά-</span> 
     </span>
    </p>
   </div>
   <div class='ocr_carea' id='block_1_52' title="bbox 244 4335 1841 4409">
    <p class='ocr_par' dir='ltr' id='par_1_52' title="bbox 244 4335 1841 4409">
     <span class='ocr_line' id='line_1_52' title="bbox 244 4335 1841 4409; baseline -0.004 -16"><span class='ocrx_word' id='word_1_363' title='bbox 244 4358 353 4401; x_wconf 86' lang='grc' dir='ltr'><strong>νης</strong></span> <span class='ocrx_word' id='word_1_364' title='bbox 390 4335 547 4393; x_wconf 85' lang='grc' dir='ltr'>ὁδοῦ</span> <span class='ocrx_word' id='word_1_365' title='bbox 585 4338 803 4407; x_wconf 73' lang='grc' dir='ltr'>αὐτοῦ,</span> <span class='ocrx_word' id='word_1_366' title='bbox 843 4337 1118 4409; x_wconf 75' lang='grc' dir='ltr'>καλύψει</span> <span class='ocrx_word' id='word_1_367' title='bbox 1180 4336 1425 4398; x_wconf 84' lang='grc' dir='ltr'>πλῆθος</span> <span class='ocrx_word' id='word_1_368' title='bbox 1465 4336 1794 4409; x_wconf 80' lang='grc' dir='ltr'>ἁμαρτιῶν</span> <span class='ocrx_word' id='word_1_369' title='bbox 1828 4351 1841 4365; x_wconf 87' lang='grc'><strong>·</strong></span> 
     </span>
    </p>
   </div>
   <div class='ocr_carea' id='block_1_53' title="bbox 248 4422 1848 4499">
    <p class='ocr_par' dir='ltr' id='par_1_53' title="bbox 248 4422 1848 4499">
     <span class='ocr_line' id='line_1_53' title="bbox 248 4422 1848 4499; baseline -0.005 -16"><span class='ocrx_word' id='word_1_370' title='bbox 248 4425 331 4483; x_wconf 87' lang='grc' dir='ltr'><strong>δεῖ</strong></span> <span class='ocrx_word' id='word_1_371' title='bbox 349 4432 444 4487; x_wconf 80' lang='grc' dir='ltr'>τὴν</span> <span class='ocrx_word' id='word_1_372' title='bbox 471 4427 770 4499; x_wconf 81' lang='grc' dir='ltr'>ἁγιωσύνην</span> <span class='ocrx_word' id='word_1_373' title='bbox 802 4445 899 4479; x_wconf 86' lang='grc' dir='ltr'><strong>σου</strong></span> <span class='ocrx_word' id='word_1_374' title='bbox 932 4423 1302 4494; x_wconf 82' lang='grc' dir='ltr'>διαναστῆναι,</span> <span class='ocrx_word' id='word_1_375' title='bbox 1333 4430 1424 4479; x_wconf 80' lang='grc' dir='ltr'>καὶ</span> <span class='ocrx_word' id='word_1_376' title='bbox 1465 4422 1651 4477; x_wconf 85' lang='grc' dir='ltr'>δοῦναι</span> <span class='ocrx_word' id='word_1_377' title='bbox 1688 4431 1848 4498; x_wconf 89' lang='grc' dir='ltr'>χεῖρα</span> 
     </span>
    </p>
   </div>
   <div class='ocr_carea' id='block_1_54' title="bbox 248 4511 1848 4593">
    <p class='ocr_par' dir='ltr' id='par_1_54' title="bbox 248 4511 1848 4593">
     <span class='ocr_line' id='line_1_54' title="bbox 248 4511 1848 4593; baseline -0.004 -22"><span class='ocrx_word' id='word_1_378' title='bbox 248 4517 494 4593; x_wconf 82' lang='grc' dir='ltr'>βοηθείας</span> <span class='ocrx_word' id='word_1_379' title='bbox 518 4525 591 4589; x_wconf 86' lang='grc' dir='ltr'>τῷ</span> <span class='ocrx_word' id='word_1_380' title='bbox 619 4516 951 4589; x_wconf 85' lang='grc' dir='ltr'>πλανωμένῳ.</span> <span class='ocrx_word' id='word_1_381' title='bbox 1000 4515 1080 4570; x_wconf 86' lang='grc' dir='ltr'>Ἐν</span> <span class='ocrx_word' id='word_1_382' title='bbox 1109 4518 1275 4587; x_wconf 86' lang='grc' dir='ltr'>τούτῳ</span> <span class='ocrx_word' id='word_1_383' title='bbox 1312 4517 1411 4587; x_wconf 85' lang='grc' dir='ltr'><strong>γὰρ</strong></span> <span class='ocrx_word' id='word_1_384' title='bbox 1442 4511 1569 4568; x_wconf 83' lang='grc' dir='ltr'>Θεοῦ</span> <span class='ocrx_word' id='word_1_385' title='bbox 1606 4518 1848 4586; x_wconf 88' lang='grc' dir='ltr'>συνεργὸς</span> 
     </span>
    </p>
   </div>
   <div class='ocr_carea' id='block_1_55' title="bbox 1878 3239 1919 3296">
    <p class='ocr_par' dir='ltr' id='par_1_55' title="bbox 1878 3239 1919 3296">
     <span class='ocr_line' id='line_1_55' title="bbox 1878 3239 1919 3296; baseline 0 0"><span class='ocrx_word' id='word_1_386' title='bbox 1878 3239 1919 3296; x_wconf 90' lang='lat' dir='ltr'>C</span> 
     </span>
    </p>
   </div>
   <div class='ocr_carea' id='block_1_56' title="bbox 2030 1038 3609 1123">
    <p class='ocr_par' dir='ltr' id='par_1_56' title="bbox 2030 1038 3609 1123">
     <span class='ocr_line' id='line_1_56' title="bbox 2030 1038 3609 1123; baseline 0.007 -28"><span class='ocrx_word' id='word_1_387' title='bbox 2030 1038 2085 1095; x_wconf 92' lang='lat' dir='ltr'><strong>Si</strong></span> <span class='ocrx_word' id='word_1_388' title='bbox 2101 1038 2438 1111; x_wconf 90' lang='lat' dir='ltr'><strong>jucundum</strong></span> <span class='ocrx_word' id='word_1_389' title='bbox 2466 1043 2877 1113; x_wconf 87' lang='lat' dir='ltr'><strong>spectaculum</strong></span> <span class='ocrx_word' id='word_1_390' title='bbox 2898 1046 3108 1105; x_wconf 88' lang='lat' dir='ltr'><strong>viderit</strong></span> <span class='ocrx_word' id='word_1_391' title='bbox 3124 1049 3450 1123; x_wconf 87' lang='lat' dir='ltr'><strong>quispiam,</strong></span> <span class='ocrx_word' id='word_1_392' title='bbox 3469 1046 3609 1115; x_wconf 85' lang='lat' dir='ltr'><strong>hoc,</strong></span> 
     </span>
    </p>
   </div>
   <div class='ocr_carea' id='block_1_57' title="bbox 1959 1132 3608 1211">
    <p class='ocr_par' dir='ltr' id='par_1_57' title="bbox 1959 1132 3608 1211">
     <span class='ocr_line' id='line_1_57' title="bbox 1959 1132 3608 1211; baseline 0.007 -28"><span class='ocrx_word' id='word_1_393' title='bbox 1959 1134 2015 1183; x_wconf 89' lang='lat' dir='ltr'><strong>et</strong></span> <span class='ocrx_word' id='word_1_394' title='bbox 2031 1134 2353 1201; x_wconf 87' lang='lat' dir='ltr'><strong>postquam</strong></span> <span class='ocrx_word' id='word_1_395' title='bbox 2373 1132 2697 1200; x_wconf 86' lang='lat' dir='ltr'><strong>recesserit,</strong></span> <span class='ocrx_word' id='word_1_396' title='bbox 2725 1134 2927 1192; x_wconf 90' lang='lat' dir='ltr'><strong>animo</strong></span> <span class='ocrx_word' id='word_1_397' title='bbox 2949 1152 3185 1211; x_wconf 88' lang='lat' dir='ltr'><strong>semper</strong></span> <span class='ocrx_word' id='word_1_398' title='bbox 3204 1140 3420 1196; x_wconf 88' lang='lat' dir='ltr'><strong>intueri</strong></span> <span class='ocrx_word' id='word_1_399' title='bbox 3440 1138 3608 1196; x_wconf 86' lang='lat' dir='ltr'><strong>solet.</strong></span> 
     </span>
    </p>
   </div>
   <div class='ocr_carea' id='block_1_58' title="bbox 1962 1217 3613 1294">
    <p class='ocr_par' dir='ltr' id='par_1_58' title="bbox 1962 1217 3613 1294">
     <span class='ocr_line' id='line_1_58' title="bbox 1962 1217 3613 1294; baseline 0.007 -19"><span class='ocrx_word' id='word_1_400' title='bbox 1962 1217 2055 1275; x_wconf 89' lang='lat' dir='ltr'><strong>Sic</strong></span> <span class='ocrx_word' id='word_1_401' title='bbox 2086 1217 2266 1288; x_wconf 84' lang='lat' dir='ltr'><strong>igitur</strong></span> <span class='ocrx_word' id='word_1_402' title='bbox 2291 1225 2350 1275; x_wconf 91' lang='lat' dir='ltr'><strong>et</strong></span> <span class='ocrx_word' id='word_1_403' title='bbox 2385 1234 2495 1275; x_wconf 90' lang='lat' dir='ltr'><strong>nos</strong></span> <span class='ocrx_word' id='word_1_404' title='bbox 2523 1220 2801 1289; x_wconf 88' lang='lat' dir='ltr'><strong>humiles,</strong></span> <span class='ocrx_word' id='word_1_405' title='bbox 2846 1224 2931 1281; x_wconf 87' lang='lat' dir='ltr'><strong>vir</strong></span> <span class='ocrx_word' id='word_1_406' title='bbox 2961 1242 2996 1281; x_wconf 90' lang='lat' dir='ltr'><strong>a</strong></span> <span class='ocrx_word' id='word_1_407' title='bbox 3025 1227 3144 1284; x_wconf 94' lang='lat' dir='ltr'><strong>Deo</strong></span> <span class='ocrx_word' id='word_1_408' title='bbox 3190 1229 3502 1294; x_wconf 83' lang='lat' dir='ltr'><strong>honorate,</strong></span> <span class='ocrx_word' id='word_1_409' title='bbox 3539 1244 3613 1286; x_wconf 83' lang='lat' dir='ltr'><strong>ex</strong></span> 
     </span>
    </p>
   </div>
   <div class='ocr_carea' id='block_1_59' title="bbox 1960 1307 3615 1382">
    <p class='ocr_par' dir='ltr' id='par_1_59' title="bbox 1960 1307 3615 1382">
     <span class='ocr_line' id='line_1_59' title="bbox 1960 1307 3615 1382; baseline 0.008 -22"><span class='ocrx_word' id='word_1_410' title='bbox 1960 1321 2081 1379; x_wconf 89' lang='lat' dir='ltr'><strong>quo</strong></span> <span class='ocrx_word' id='word_1_411' title='bbox 2107 1312 2160 1362; x_wconf 91' lang='lat' dir='ltr'><strong>te</strong></span> <span class='ocrx_word' id='word_1_412' title='bbox 2192 1307 2375 1363; x_wconf 92' lang='lat' dir='ltr'><strong>semel</strong></span> <span class='ocrx_word' id='word_1_413' title='bbox 2418 1308 2679 1365; x_wconf 85' lang='lat' dir='ltr'><strong>vidimus</strong></span> <span class='ocrx_word' id='word_1_414' title='bbox 2704 1316 2761 1367; x_wconf 92' lang='lat' dir='ltr'><strong>et</strong></span> <span class='ocrx_word' id='word_1_415' title='bbox 2790 1311 2971 1370; x_wconf 86' lang='lat' dir='ltr'><strong>locuti</strong></span> <span class='ocrx_word' id='word_1_416' title='bbox 3020 1320 3215 1372; x_wconf 86' lang='lat' dir='ltr'><strong>tecum</strong></span> <span class='ocrx_word' id='word_1_417' title='bbox 3246 1334 3477 1382; x_wconf 90' lang='lat' dir='ltr'><strong>sumus,</strong></span> <span class='ocrx_word' id='word_1_418' title='bbox 3506 1318 3615 1374; x_wconf 90' lang='lat' dir='ltr'><strong>mi-</strong></span> 
     </span>
    </p>
   </div>
   <div class='ocr_carea' id='block_1_60' title="bbox 1959 1395 3611 1476">
    <p class='ocr_par' dir='ltr' id='par_1_60' title="bbox 1959 1395 3611 1476">
     <span class='ocr_line' id='line_1_60' title="bbox 1959 1395 3611 1476; baseline 0.007 -25"><span class='ocrx_word' id='word_1_419' title='bbox 1959 1396 2121 1452; x_wconf 88' lang='lat' dir='ltr'><strong>nime</strong></span> <span class='ocrx_word' id='word_1_420' title='bbox 2144 1395 2309 1453; x_wconf 87' lang='lat' dir='ltr'><strong>obliti</strong></span> <span class='ocrx_word' id='word_1_421' title='bbox 2332 1413 2572 1465; x_wconf 91' lang='lat' dir='ltr'><strong>sumus;</strong></span> <span class='ocrx_word' id='word_1_422' title='bbox 2604 1399 3089 1473; x_wconf 90' lang='lat' dir='ltr'><strong>sedimpressum</strong></span> <span class='ocrx_word' id='word_1_423' title='bbox 3123 1406 3306 1462; x_wconf 86' lang='lat' dir='ltr'><strong>menti</strong></span> <span class='ocrx_word' id='word_1_424' title='bbox 3327 1407 3611 1476; x_wconf 81' lang='lat' dir='ltr'><strong>gerimus,</strong></span> 
     </span>
    </p>
   </div>
   <div class='ocr_carea' id='block_1_61' title="bbox 1960 1484 3615 1560">
    <p class='ocr_par' dir='ltr' id='par_1_61' title="bbox 1960 1484 3615 1560">
     <span class='ocr_line' id='line_1_61' title="bbox 1960 1484 3615 1560; baseline 0.008 -21"><span class='ocrx_word' id='word_1_425' title='bbox 1960 1484 2123 1540; x_wconf 90' lang='lat' dir='ltr'><strong>illum</strong></span> <span class='ocrx_word' id='word_1_426' title='bbox 2140 1485 2338 1558; x_wconf 83' lang='lat' dir='ltr'><strong>ipsum</strong></span> <span class='ocrx_word' id='word_1_427' title='bbox 2351 1487 2551 1543; x_wconf 89' lang='lat' dir='ltr'><strong>videre</strong></span> <span class='ocrx_word' id='word_1_428' title='bbox 2573 1489 2890 1559; x_wconf 79' lang='lat' dir='ltr'><strong>gestientes</strong></span> <span class='ocrx_word' id='word_1_429' title='bbox 2904 1491 3213 1550; x_wconf 88' lang='lat' dir='ltr'><strong>hominem</strong></span> <span class='ocrx_word' id='word_1_430' title='bbox 3228 1495 3350 1560; x_wconf 91' lang='lat' dir='ltr'><strong>Dei,</strong></span> <span class='ocrx_word' id='word_1_431' title='bbox 3365 1499 3425 1551; x_wconf 91' lang='lat' dir='ltr'><strong>et</strong></span> <span class='ocrx_word' id='word_1_432' title='bbox 3446 1496 3615 1553; x_wconf 88' lang='lat' dir='ltr'><strong>vultu</strong></span> 
     </span>
    </p>
   </div>
   <div class='ocr_carea' id='block_1_62' title="bbox 1961 1573 3615 1653">
    <p class='ocr_par' dir='ltr' id='par_1_62' title="bbox 1961 1573 3615 1653">
     <span class='ocr_line' id='line_1_62' title="bbox 1961 1573 3615 1653; baseline 0.008 -25"><span class='ocrx_word' id='word_1_433' title='bbox 1961 1578 2017 1629; x_wconf 92' lang='lat' dir='ltr'><strong>et</strong></span> <span class='ocrx_word' id='word_1_434' title='bbox 2063 1573 2257 1631; x_wconf 84' lang='lat' dir='ltr'><strong>verbis</strong></span> <span class='ocrx_word' id='word_1_435' title='bbox 2304 1575 2570 1632; x_wconf 88' lang='lat' dir='ltr'><strong>divinam</strong></span> <span class='ocrx_word' id='word_1_436' title='bbox 2602 1579 2859 1647; x_wconf 83' lang='lat' dir='ltr'><strong>gratiam</strong></span> <span class='ocrx_word' id='word_1_437' title='bbox 2903 1582 3250 1653; x_wconf 89' lang='lat' dir='ltr'><strong>spirantem,</strong></span> <span class='ocrx_word' id='word_1_438' title='bbox 3301 1588 3358 1640; x_wconf 92' lang='lat' dir='ltr'><strong>et</strong></span> <span class='ocrx_word' id='word_1_439' title='bbox 3402 1584 3479 1639; x_wconf 91' lang='lat' dir='ltr'><strong>ad</strong></span> <span class='ocrx_word' id='word_1_440' title='bbox 3514 1585 3615 1641; x_wconf 91' lang='lat' dir='ltr'><strong>Dei</strong></span> 
     </span>
    </p>
   </div>
   <div class='ocr_carea' id='block_1_63' title="bbox 1960 1661 3613 1743">
    <p class='ocr_par' dir='ltr' id='par_1_63' title="bbox 1960 1661 3613 1743">
     <span class='ocr_line' id='line_1_63' title="bbox 1960 1661 3613 1743; baseline 0.008 -26"><span class='ocrx_word' id='word_1_441' title='bbox 1960 1661 2167 1718; x_wconf 89' lang='lat' dir='ltr'><strong>laudes</strong></span> <span class='ocrx_word' id='word_1_442' title='bbox 2197 1663 2563 1721; x_wconf 88' lang='lat' dir='ltr'><strong>incitantem.</strong></span> <span class='ocrx_word' id='word_1_443' title='bbox 2609 1668 2726 1723; x_wconf 86' lang='lat' dir='ltr'><strong>Hoc</strong></span> <span class='ocrx_word' id='word_1_444' title='bbox 2757 1684 2898 1726; x_wconf 89' lang='lat' dir='ltr'><strong>vero</strong></span> <span class='ocrx_word' id='word_1_445' title='bbox 2924 1671 3181 1743; x_wconf 90' lang='lat' dir='ltr'><strong>adeptus</strong></span> <span class='ocrx_word' id='word_1_446' title='bbox 3212 1689 3277 1728; x_wconf 91' lang='lat' dir='ltr'><strong>es</strong></span> <span class='ocrx_word' id='word_1_447' title='bbox 3313 1673 3613 1730; x_wconf 90' lang='lat' dir='ltr'><strong>eremitica</strong></span> 
     </span>
    </p>
   </div>
   <div class='ocr_carea' id='block_1_64' title="bbox 1961 1752 3614 1833">
    <p class='ocr_par' dir='ltr' id='par_1_64' title="bbox 1961 1752 3614 1833">
     <span class='ocr_line' id='line_1_64' title="bbox 1961 1752 3614 1833; baseline 0.008 -27"><span class='ocrx_word' id='word_1_448' title='bbox 1961 1752 2301 1821; x_wconf 86' lang='lat' dir='ltr'><strong>solitudine,</strong></span> <span class='ocrx_word' id='word_1_449' title='bbox 2332 1758 2388 1809; x_wconf 91' lang='lat' dir='ltr'><strong>et</strong></span> <span class='ocrx_word' id='word_1_450' title='bbox 2422 1755 2710 1811; x_wconf 90' lang='lat' dir='ltr'><strong>orationis</strong></span> <span class='ocrx_word' id='word_1_451' title='bbox 2742 1756 3235 1829; x_wconf 86' lang='lat' dir='ltr'><strong>frequentatione,</strong></span> <span class='ocrx_word' id='word_1_452' title='bbox 3274 1762 3482 1818; x_wconf 85' lang='lat' dir='ltr'><strong>faciem</strong></span> <span class='ocrx_word' id='word_1_453' title='bbox 3516 1778 3614 1833; x_wconf 88' lang='lat' dir='ltr'><strong>ge-</strong></span> 
     </span>
    </p>
   </div>
   <div class='ocr_carea' id='block_1_65' title="bbox 1960 1842 3608 1922">
    <p class='ocr_par' dir='ltr' id='par_1_65' title="bbox 1960 1842 3608 1922">
     <span class='ocr_line' id='line_1_65' title="bbox 1960 1842 3608 1922; baseline 0.006 -27"><span class='ocrx_word' id='word_1_454' title='bbox 1960 1856 2098 1896; x_wconf 86' lang='lat' dir='ltr'><strong>rens</strong></span> <span class='ocrx_word' id='word_1_455' title='bbox 2137 1842 2355 1913; x_wconf 87' lang='lat' dir='ltr'><strong>Moysis</strong></span> <span class='ocrx_word' id='word_1_456' title='bbox 2386 1842 2573 1899; x_wconf 90' lang='lat' dir='ltr'><strong>instar</strong></span> <span class='ocrx_word' id='word_1_457' title='bbox 2614 1844 2902 1903; x_wconf 79' lang='lat' dir='ltr'><strong>ineﬂahili</strong></span> <span class='ocrx_word' id='word_1_458' title='bbox 2932 1847 3062 1905; x_wconf 92' lang='lat' dir='ltr'><strong>luce</strong></span> <span class='ocrx_word' id='word_1_459' title='bbox 3102 1849 3608 1922; x_wconf 87' lang='lat' dir='ltr'><strong>resplendentem.</strong></span> 
     </span>
    </p>
   </div>
   <div class='ocr_carea' id='block_1_66' title="bbox 1962 1930 3610 2012">
    <p class='ocr_par' dir='ltr' id='par_1_66' title="bbox 1962 1930 3610 2012">
     <span class='ocr_line' id='line_1_66' title="bbox 1962 1930 3610 2012; baseline 0.008 -28"><span class='ocrx_word' id='word_1_460' title='bbox 1962 1930 2251 1995; x_wconf 88' lang='lat' dir='ltr'><strong>Quocirca</strong></span> <span class='ocrx_word' id='word_1_461' title='bbox 2280 1935 2334 1987; x_wconf 90' lang='lat' dir='ltr'><strong>et</strong></span> <span class='ocrx_word' id='word_1_462' title='bbox 2377 1931 2587 1988; x_wconf 88' lang='lat' dir='ltr'><strong>iterum</strong></span> <span class='ocrx_word' id='word_1_463' title='bbox 2617 1933 2837 1990; x_wconf 91' lang='lat' dir='ltr'><strong>intueri</strong></span> <span class='ocrx_word' id='word_1_464' title='bbox 2882 1940 2936 1992; x_wconf 91' lang='lat' dir='ltr'><strong>te</strong></span> <span class='ocrx_word' id='word_1_465' title='bbox 2983 1938 3283 2011; x_wconf 89' lang='lat' dir='ltr'><strong>cupimus,</strong></span> <span class='ocrx_word' id='word_1_466' title='bbox 3316 1945 3372 1996; x_wconf 93' lang='lat' dir='ltr'><strong>et</strong></span> <span class='ocrx_word' id='word_1_467' title='bbox 3402 1940 3610 2012; x_wconf 64' lang='lat' dir='ltr'><strong>gratiae</strong></span> 
     </span>
    </p>
   </div>
   <div class='ocr_carea' id='block_1_67' title="bbox 1960 2018 3612 2099">
    <p class='ocr_par' dir='ltr' id='par_1_67' title="bbox 1960 2018 3612 2099">
     <span class='ocr_line' id='line_1_67' title="bbox 1960 2018 3612 2099; baseline 0.007 -25"><span class='ocrx_word' id='word_1_468' title='bbox 1960 2018 2259 2075; x_wconf 91' lang='lat' dir='ltr'><strong>donorum</strong></span> <span class='ocrx_word' id='word_1_469' title='bbox 2290 2036 2425 2092; x_wconf 72' lang='lat' dir='ltr'><strong>quas</strong></span> <span class='ocrx_word' id='word_1_470' title='bbox 2456 2020 2518 2076; x_wconf 92' lang='lat' dir='ltr'><strong>in</strong></span> <span class='ocrx_word' id='word_1_471' title='bbox 2545 2028 2597 2078; x_wconf 90' lang='lat' dir='ltr'><strong>te</strong></span> <span class='ocrx_word' id='word_1_472' title='bbox 2615 2029 2752 2079; x_wconf 91' lang='lat' dir='ltr'><strong>sunt</strong></span> <span class='ocrx_word' id='word_1_473' title='bbox 2776 2026 3096 2099; x_wconf 88' lang='lat' dir='ltr'><strong>participes</strong></span> <span class='ocrx_word' id='word_1_474' title='bbox 3118 2028 3267 2095; x_wconf 83' lang='lat' dir='ltr'><strong>ﬁeri,</strong></span> <span class='ocrx_word' id='word_1_475' title='bbox 3301 2044 3372 2085; x_wconf 88' lang='lat' dir='ltr'><strong>ac</strong></span> <span class='ocrx_word' id='word_1_476' title='bbox 3399 2029 3612 2086; x_wconf 85' lang='lat' dir='ltr'><strong>sancti-</strong></span> 
     </span>
    </p>
   </div>
   <div class='ocr_carea' id='block_1_68' title="bbox 1961 2108 3612 2182">
    <p class='ocr_par' dir='ltr' id='par_1_68' title="bbox 1961 2108 3612 2182">
     <span class='ocr_line' id='line_1_68' title="bbox 1961 2108 3612 2182; baseline 0.008 -20"><span class='ocrx_word' id='word_1_477' title='bbox 1961 2108 2094 2164; x_wconf 88' lang='lat' dir='ltr'><strong>tatis</strong></span> <span class='ocrx_word' id='word_1_478' title='bbox 2139 2124 2325 2182; x_wconf 90' lang='lat' dir='ltr'><strong>quam</strong></span> <span class='ocrx_word' id='word_1_479' title='bbox 2372 2115 2437 2165; x_wconf 89' lang='lat' dir='ltr'><strong>tu</strong></span> <span class='ocrx_word' id='word_1_480' title='bbox 2468 2126 2503 2166; x_wconf 93' lang='lat' dir='ltr'><strong>a</strong></span> <span class='ocrx_word' id='word_1_481' title='bbox 2553 2114 2692 2181; x_wconf 91' lang='lat' dir='ltr'><strong>Deo,</strong></span> <span class='ocrx_word' id='word_1_482' title='bbox 2725 2129 2836 2169; x_wconf 90' lang='lat' dir='ltr'><strong>nos</strong></span> <span class='ocrx_word' id='word_1_483' title='bbox 2893 2115 3003 2171; x_wconf 83' lang='lat' dir='ltr'><strong>abs</strong></span> <span class='ocrx_word' id='word_1_484' title='bbox 3035 2119 3110 2181; x_wconf 89' lang='lat' dir='ltr'><strong>te,</strong></span> <span class='ocrx_word' id='word_1_485' title='bbox 3158 2117 3360 2173; x_wconf 86' lang='lat' dir='ltr'><strong>minus</strong></span> <span class='ocrx_word' id='word_1_486' title='bbox 3409 2122 3612 2175; x_wconf 87' lang='lat' dir='ltr'><strong>tamen</strong></span> 
     </span>
    </p>
   </div>
   <div class='ocr_carea' id='block_1_69' title="bbox 1959 2199 3612 2279">
    <p class='ocr_par' dir='ltr' id='par_1_69' title="bbox 1959 2199 3612 2279">
     <span class='ocr_line' id='line_1_69' title="bbox 1959 2199 3612 2279; baseline 0.007 -27"><span class='ocrx_word' id='word_1_487' title='bbox 1959 2213 2145 2269; x_wconf 89' lang='lat' dir='ltr'><strong>quam</strong></span> <span class='ocrx_word' id='word_1_488' title='bbox 2175 2202 2405 2270; x_wconf 88' lang='lat' dir='ltr'><strong>quanta</strong></span> <span class='ocrx_word' id='word_1_489' title='bbox 2432 2199 2494 2254; x_wconf 92' lang='lat' dir='ltr'><strong>in</strong></span> <span class='ocrx_word' id='word_1_490' title='bbox 2532 2204 2587 2256; x_wconf 90' lang='lat' dir='ltr'><strong>te</strong></span> <span class='ocrx_word' id='word_1_491' title='bbox 2618 2206 2725 2270; x_wconf 89' lang='lat' dir='ltr'><strong>est,</strong></span> <span class='ocrx_word' id='word_1_492' title='bbox 2768 2201 3138 2260; x_wconf 89' lang='lat' dir='ltr'><strong>hauriemus.</strong></span> <span class='ocrx_word' id='word_1_493' title='bbox 3169 2205 3343 2261; x_wconf 87' lang='lat' dir='ltr'><strong>Vides</strong></span> <span class='ocrx_word' id='word_1_494' title='bbox 3382 2210 3612 2279; x_wconf 86' lang='lat' dir='ltr'><strong>quanta</strong></span> 
     </span>
    </p>
   </div>
   <div class='ocr_carea' id='block_1_70' title="bbox 1960 2287 3613 2366">
    <p class='ocr_par' dir='ltr' id='par_1_70' title="bbox 1960 2287 3613 2366">
     <span class='ocr_line' id='line_1_70' title="bbox 1960 2287 3613 2366; baseline 0.007 -24"><span class='ocrx_word' id='word_1_495' title='bbox 1960 2291 2015 2342; x_wconf 94' lang='lat' dir='ltr'><strong>te</strong></span> <span class='ocrx_word' id='word_1_496' title='bbox 2056 2290 2211 2344; x_wconf 90' lang='lat' dir='ltr'><strong>Deus</strong></span> <span class='ocrx_word' id='word_1_497' title='bbox 2236 2287 2425 2357; x_wconf 85' lang='lat' dir='ltr'><strong>gloria</strong></span> <span class='ocrx_word' id='word_1_498' title='bbox 2469 2288 2748 2361; x_wconf 79' lang='lat' dir='ltr'><strong>effecerit,</strong></span> <span class='ocrx_word' id='word_1_499' title='bbox 2779 2293 3070 2365; x_wconf 90' lang='lat' dir='ltr'><strong>quoniam</strong></span> <span class='ocrx_word' id='word_1_500' title='bbox 3121 2299 3180 2350; x_wconf 93' lang='lat' dir='ltr'><strong>tu</strong></span> <span class='ocrx_word' id='word_1_501' title='bbox 3226 2294 3393 2351; x_wconf 90' lang='lat' dir='ltr'><strong>illum</strong></span> <span class='ocrx_word' id='word_1_502' title='bbox 3420 2295 3613 2366; x_wconf 86' lang='lat' dir='ltr'><strong>gloria</strong></span> 
     </span>
    </p>
   </div>
   <div class='ocr_carea' id='block_1_71' title="bbox 1960 2374 3611 2456">
    <p class='ocr_par' dir='ltr' id='par_1_71' title="bbox 1960 2374 3611 2456">
     <span class='ocr_line' id='line_1_71' title="bbox 1960 2374 3611 2456; baseline 0.007 -25"><span class='ocrx_word' id='word_1_503' title='bbox 1960 2374 2207 2432; x_wconf 70' lang='lat' dir='ltr'><strong>aﬂ’ecisti</strong></span> <span class='ocrx_word' id='word_1_504' title='bbox 2232 2376 2262 2431; x_wconf 82' lang='lat'><strong><em>?</em></strong></span> <span class='ocrx_word' id='word_1_505' title='bbox 2305 2383 2494 2450; x_wconf 81' lang='lat' dir='ltr'><strong>Atque</strong></span> <span class='ocrx_word' id='word_1_506' title='bbox 2537 2380 2762 2436; x_wconf 90' lang='lat' dir='ltr'><strong>utinam</strong></span> <span class='ocrx_word' id='word_1_507' title='bbox 2800 2397 3014 2439; x_wconf 90' lang='lat' dir='ltr'><strong>ornare</strong></span> <span class='ocrx_word' id='word_1_508' title='bbox 3045 2387 3100 2439; x_wconf 92' lang='lat' dir='ltr'><strong>te</strong></span> <span class='ocrx_word' id='word_1_509' title='bbox 3133 2388 3347 2456; x_wconf 86' lang='lat' dir='ltr'><strong>pergat</strong></span> <span class='ocrx_word' id='word_1_510' title='bbox 3388 2386 3449 2441; x_wconf 90' lang='lat' dir='ltr'><strong>in</strong></span> <span class='ocrx_word' id='word_1_511' title='bbox 3490 2386 3611 2442; x_wconf 89' lang='lat' dir='ltr'><strong>ﬁne</strong></span> 
     </span>
    </p>
   </div>
   <div class='ocr_carea' id='block_1_72' title="bbox 1959 2465 3611 2546">
    <p class='ocr_par' dir='ltr' id='par_1_72' title="bbox 1959 2465 3611 2546">
     <span class='ocr_line' id='line_1_72' title="bbox 1959 2465 3611 2546; baseline 0.007 -27"><span class='ocrx_word' id='word_1_512' title='bbox 1959 2465 2011 2520; x_wconf 87' lang='lat' dir='ltr'><strong>vi</strong></span> <span class='ocrx_word' id='word_1_513' title='bbox 2021 2470 2114 2531; x_wconf 74' lang='lat' dir='ltr'><strong>tas,</strong></span> <span class='ocrx_word' id='word_1_514' title='bbox 2134 2466 2493 2522; x_wconf 90' lang='lat' dir='ltr'><strong>curriculum</strong></span> <span class='ocrx_word' id='word_1_515' title='bbox 2511 2474 2697 2541; x_wconf 89' lang='lat' dir='ltr'><strong>utpar</strong></span> <span class='ocrx_word' id='word_1_516' title='bbox 2708 2474 2794 2525; x_wconf 89' lang='lat' dir='ltr'><strong>est</strong></span> <span class='ocrx_word' id='word_1_517' title='bbox 2805 2470 3240 2528; x_wconf 89' lang='lat' dir='ltr'><strong>absolventem.</strong></span> <span class='ocrx_word' id='word_1_518' title='bbox 3255 2475 3338 2529; x_wconf 86' lang='lat' dir='ltr'><strong>Tu</strong></span> <span class='ocrx_word' id='word_1_519' title='bbox 3350 2489 3488 2530; x_wconf 82' lang='lat' dir='ltr'><strong>vero</strong></span> <span class='ocrx_word' id='word_1_520' title='bbox 3502 2490 3611 2546; x_wconf 90' lang='lat' dir='ltr'><strong>pro</strong></span> 
     </span>
    </p>
   </div>
   <div class='ocr_carea' id='block_1_73' title="bbox 1958 2554 3610 2627">
    <p class='ocr_par' dir='ltr' id='par_1_73' title="bbox 1958 2554 3610 2627">
     <span class='ocr_line' id='line_1_73' title="bbox 1958 2554 3610 2627; baseline 0.007 -18"><span class='ocrx_word' id='word_1_521' title='bbox 1958 2554 2134 2610; x_wconf 89' lang='lat' dir='ltr'><strong>nobis</strong></span> <span class='ocrx_word' id='word_1_522' title='bbox 2162 2570 2268 2611; x_wconf 89' lang='lat' dir='ltr'><strong>ora</strong></span> <span class='ocrx_word' id='word_1_523' title='bbox 2292 2556 2736 2627; x_wconf 88' lang='lat' dir='ltr'><strong>peccatoribus,</strong></span> <span class='ocrx_word' id='word_1_524' title='bbox 2769 2563 2833 2614; x_wconf 91' lang='lat' dir='ltr'><strong>ut</strong></span> <span class='ocrx_word' id='word_1_525' title='bbox 2862 2560 2954 2615; x_wconf 89' lang='lat' dir='ltr'><strong>vel</strong></span> <span class='ocrx_word' id='word_1_526' title='bbox 2980 2560 3192 2617; x_wconf 88' lang='lat' dir='ltr'><strong>inchoe</strong></span> <span class='ocrx_word' id='word_1_527' title='bbox 3205 2578 3341 2617; x_wconf 90' lang='lat' dir='ltr'><strong>mus</strong></span> <span class='ocrx_word' id='word_1_528' title='bbox 3385 2562 3610 2620; x_wconf 89' lang='lat' dir='ltr'><strong>saluta-</strong></span> 
     </span>
    </p>
   </div>
   <div class='ocr_carea' id='block_1_74' title="bbox 1956 2644 3615 2722">
    <p class='ocr_par' dir='ltr' id='par_1_74' title="bbox 1956 2644 3615 2722">
     <span class='ocr_line' id='line_1_74' title="bbox 1956 2644 3615 2722; baseline 0.007 -24"><span class='ocrx_word' id='word_1_529' title='bbox 1956 2658 2084 2699; x_wconf 91' lang='lat' dir='ltr'><strong>rem</strong></span> <span class='ocrx_word' id='word_1_530' title='bbox 2107 2658 2346 2700; x_wconf 87' lang='lat' dir='ltr'><strong>cursum</strong></span> <span class='ocrx_word' id='word_1_531' title='bbox 2373 2663 2386 2711; x_wconf 91' lang='lat'><strong>;</strong></span> <span class='ocrx_word' id='word_1_532' title='bbox 2412 2644 2637 2718; x_wconf 90' lang='lat' dir='ltr'><strong>quippe</strong></span> <span class='ocrx_word' id='word_1_533' title='bbox 2654 2647 2757 2719; x_wconf 91' lang='lat' dir='ltr'><strong>qui</strong></span> <span class='ocrx_word' id='word_1_534' title='bbox 2784 2664 2819 2704; x_wconf 91' lang='lat' dir='ltr'><strong>a</strong></span> <span class='ocrx_word' id='word_1_535' title='bbox 2847 2650 2964 2704; x_wconf 92' lang='lat' dir='ltr'><strong>Deo</strong></span> <span class='ocrx_word' id='word_1_536' title='bbox 2986 2649 3162 2722; x_wconf 90' lang='lat' dir='ltr'><strong>longe</strong></span> <span class='ocrx_word' id='word_1_537' title='bbox 3185 2653 3481 2707; x_wconf 88' lang='lat' dir='ltr'><strong>absumus</strong></span> <span class='ocrx_word' id='word_1_538' title='bbox 3506 2653 3615 2709; x_wconf 89' lang='lat' dir='ltr'><strong>ho-</strong></span> 
     </span>
    </p>
   </div>
   <div class='ocr_carea' id='block_1_75' title="bbox 1958 2732 3609 2812">
    <p class='ocr_par' dir='ltr' id='par_1_75' title="bbox 1958 2732 3609 2812">
     <span class='ocr_line' id='line_1_75' title="bbox 1958 2732 3609 2812; baseline 0.007 -25"><span class='ocrx_word' id='word_1_539' title='bbox 1958 2732 2247 2788; x_wconf 90' lang='lat' dir='ltr'><strong>munculi.</strong></span> <span class='ocrx_word' id='word_1_540' title='bbox 2270 2737 2460 2806; x_wconf 86' lang='lat' dir='ltr'><strong>Atque</strong></span> <span class='ocrx_word' id='word_1_541' title='bbox 2489 2734 2604 2791; x_wconf 92' lang='lat' dir='ltr'><strong>hoc</strong></span> <span class='ocrx_word' id='word_1_542' title='bbox 2626 2736 2887 2807; x_wconf 90' lang='lat' dir='ltr'><strong>primum</strong></span> <span class='ocrx_word' id='word_1_543' title='bbox 2911 2739 3197 2795; x_wconf 88' lang='lat' dir='ltr'><strong>orationis</strong></span> <span class='ocrx_word' id='word_1_544' title='bbox 3209 2742 3609 2812; x_wconf 87' lang='lat' dir='ltr'><strong>propositum.</strong></span> 
     </span>
    </p>
   </div>
   <div class='ocr_carea' id='block_1_76' title="bbox 2027 2821 3609 2902">
    <p class='ocr_par' dir='ltr' id='par_1_76' title="bbox 2027 2821 3609 2902">
     <span class='ocr_line' id='line_1_76' title="bbox 2027 2821 3609 2902; baseline 0.008 -27"><span class='ocrx_word' id='word_1_545' title='bbox 2027 2821 2343 2886; x_wconf 87' lang='lat' dir='ltr'><strong>Quodnam</strong></span> <span class='ocrx_word' id='word_1_546' title='bbox 2378 2823 2630 2880; x_wconf 89' lang='lat' dir='ltr'><strong>alterum</strong></span> <span class='ocrx_word' id='word_1_547' title='bbox 2656 2824 2685 2879; x_wconf 80' lang='lat'><strong>?</strong></span> <span class='ocrx_word' id='word_1_548' title='bbox 2717 2826 2796 2881; x_wconf 93' lang='lat' dir='ltr'><strong>De</strong></span> <span class='ocrx_word' id='word_1_549' title='bbox 2825 2827 3159 2885; x_wconf 89' lang='lat' dir='ltr'><strong>Theoctisto</strong></span> <span class='ocrx_word' id='word_1_550' title='bbox 3184 2829 3430 2886; x_wconf 87' lang='lat' dir='ltr'><strong>eremita</strong></span> <span class='ocrx_word' id='word_1_551' title='bbox 3460 2846 3472 2885; x_wconf 92' lang='lat'>:</span> <span class='ocrx_word' id='word_1_552' title='bbox 3501 2830 3609 2902; x_wconf 90' lang='lat' dir='ltr'><strong>qui</strong></span> 
     </span>
    </p>
   </div>
   <div class='ocr_carea' id='block_1_77' title="bbox 1954 2912 3612 2989">
    <p class='ocr_par' dir='ltr' id='par_1_77' title="bbox 1954 2912 3612 2989">
     <span class='ocr_line' id='line_1_77' title="bbox 1954 2912 3612 2989; baseline 0.005 -23"><span class='ocrx_word' id='word_1_553' title='bbox 1954 2927 2223 2983; x_wconf 90' lang='lat' dir='ltr'><strong>quonam</strong></span> <span class='ocrx_word' id='word_1_554' title='bbox 2251 2912 2435 2968; x_wconf 91' lang='lat' dir='ltr'><strong>modo</strong></span> <span class='ocrx_word' id='word_1_555' title='bbox 2460 2928 2563 2984; x_wconf 93' lang='lat' dir='ltr'><strong>per</strong></span> <span class='ocrx_word' id='word_1_556' title='bbox 2587 2916 2893 2971; x_wconf 84' lang='lat' dir='ltr'><strong>haereticas</strong></span> <span class='ocrx_word' id='word_1_557' title='bbox 2914 2917 3213 2989; x_wconf 89' lang='lat' dir='ltr'><strong>quasdam</strong></span> <span class='ocrx_word' id='word_1_558' title='bbox 3244 2920 3612 2989; x_wconf 67' lang='lat' dir='ltr'><strong>quaestiones</strong></span> 
     </span>
    </p>
   </div>
   <div class='ocr_carea' id='block_1_78' title="bbox 1954 3000 3612 3078">
    <p class='ocr_par' dir='ltr' id='par_1_78' title="bbox 1954 3000 3612 3078">
     <span class='ocr_line' id='line_1_78' title="bbox 1954 3000 3612 3078; baseline 0.006 -23"><span class='ocrx_word' id='word_1_559' title='bbox 1954 3000 2033 3055; x_wconf 90' lang='lat' dir='ltr'><strong>ab</strong></span> <span class='ocrx_word' id='word_1_560' title='bbox 2065 3000 2338 3057; x_wconf 58' lang='lat' dir='ltr'><strong>Ecclesia</strong></span> <span class='ocrx_word' id='word_1_561' title='bbox 2364 3016 2615 3073; x_wconf 90' lang='lat' dir='ltr'><strong>corpore</strong></span> <span class='ocrx_word' id='word_1_562' title='bbox 2641 3004 2911 3060; x_wconf 89' lang='lat' dir='ltr'><strong>divulsus</strong></span> <span class='ocrx_word' id='word_1_563' title='bbox 2939 3006 3035 3071; x_wconf 89' lang='lat' dir='ltr'><strong>sit,</strong></span> <span class='ocrx_word' id='word_1_564' title='bbox 3064 3006 3192 3078; x_wconf 91' lang='lat' dir='ltr'><strong>ipse</strong></span> <span class='ocrx_word' id='word_1_565' title='bbox 3223 3007 3379 3063; x_wconf 88' lang='lat' dir='ltr'><strong>nosti</strong></span> <span class='ocrx_word' id='word_1_566' title='bbox 3395 3008 3612 3065; x_wconf 91' lang='lat' dir='ltr'><strong>melius</strong></span> 
     </span>
    </p>
   </div>
   <div class='ocr_carea' id='block_1_79' title="bbox 1953 3092 3613 3169">
    <p class='ocr_par' dir='ltr' id='par_1_79' title="bbox 1953 3092 3613 3169">
     <span class='ocr_line' id='line_1_79' title="bbox 1953 3092 3613 3169; baseline 0.007 -26"><span class='ocrx_word' id='word_1_567' title='bbox 1953 3104 2138 3161; x_wconf 89' lang='lat' dir='ltr'><strong>quam</strong></span> <span class='ocrx_word' id='word_1_568' title='bbox 2173 3106 2303 3156; x_wconf 90' lang='lat' dir='ltr'><strong>nos,</strong></span> <span class='ocrx_word' id='word_1_569' title='bbox 2335 3092 2850 3148; x_wconf 88' lang='lat' dir='ltr'><strong>reverendissime.</strong></span> <span class='ocrx_word' id='word_1_570' title='bbox 2890 3098 3161 3150; x_wconf 87' lang='lat' dir='ltr'><strong>Attamen</strong></span> <span class='ocrx_word' id='word_1_571' title='bbox 3189 3099 3248 3150; x_wconf 93' lang='lat' dir='ltr'><strong>et</strong></span> <span class='ocrx_word' id='word_1_572' title='bbox 3276 3097 3390 3167; x_wconf 88' lang='lat' dir='ltr'><strong>ipsi</strong></span> <span class='ocrx_word' id='word_1_573' title='bbox 3416 3111 3613 3169; x_wconf 90' lang='lat' dir='ltr'><strong>nuper</strong></span> 
     </span>
    </p>
   </div>
   <div class='ocr_carea' id='block_1_80' title="bbox 1953 3178 3610 3251">
    <p class='ocr_par' dir='ltr' id='par_1_80' title="bbox 1953 3178 3610 3251">
     <span class='ocr_line' id='line_1_80' title="bbox 1953 3178 3610 3251; baseline 0.005 -17"><span class='ocrx_word' id='word_1_574' title='bbox 1953 3178 2033 3234; x_wconf 84' lang='lat' dir='ltr'><strong>ad</strong></span> <span class='ocrx_word' id='word_1_575' title='bbox 2081 3178 2323 3234; x_wconf 85' lang='lat' dir='ltr'><strong>cellulas</strong></span> <span class='ocrx_word' id='word_1_576' title='bbox 2357 3186 2583 3236; x_wconf 89' lang='lat' dir='ltr'><strong>vestras</strong></span> <span class='ocrx_word' id='word_1_577' title='bbox 2631 3197 2769 3237; x_wconf 89' lang='lat' dir='ltr'><strong>cum</strong></span> <span class='ocrx_word' id='word_1_578' title='bbox 2801 3182 3200 3251; x_wconf 88' lang='lat' dir='ltr'><strong>venissemus,</strong></span> <span class='ocrx_word' id='word_1_579' title='bbox 3229 3184 3304 3240; x_wconf 91' lang='lat' dir='ltr'><strong>de</strong></span> <span class='ocrx_word' id='word_1_580' title='bbox 3347 3185 3610 3243; x_wconf 85' lang='lat' dir='ltr'><strong>hominis</strong></span> 
     </span>
    </p>
   </div>
   <div class='ocr_carea' id='block_1_81' title="bbox 1954 3267 3606 3340">
    <p class='ocr_par' dir='ltr' id='par_1_81' title="bbox 1954 3267 3606 3340">
     <span class='ocr_line' id='line_1_81' title="bbox 1954 3267 3606 3340; baseline 0.005 -17"><span class='ocrx_word' id='word_1_581' title='bbox 1954 3267 2133 3323; x_wconf 86' lang='lat' dir='ltr'><strong>rebus</strong></span> <span class='ocrx_word' id='word_1_582' title='bbox 2164 3283 2235 3322; x_wconf 89' lang='lat' dir='ltr'><strong>ex</strong></span> <span class='ocrx_word' id='word_1_583' title='bbox 2276 3268 2346 3322; x_wconf 87' lang='lat' dir='ltr'><strong>iis</strong></span> <span class='ocrx_word' id='word_1_584' title='bbox 2375 3269 2479 3340; x_wconf 90' lang='lat' dir='ltr'><strong>qui</strong></span> <span class='ocrx_word' id='word_1_585' title='bbox 2522 3275 2814 3325; x_wconf 88' lang='lat' dir='ltr'><strong>noverant</strong></span> <span class='ocrx_word' id='word_1_586' title='bbox 2861 3270 3203 3328; x_wconf 90' lang='lat' dir='ltr'><strong>didicimus.</strong></span> <span class='ocrx_word' id='word_1_587' title='bbox 3236 3273 3390 3339; x_wconf 90' lang='lat' dir='ltr'><strong>Quin</strong></span> <span class='ocrx_word' id='word_1_588' title='bbox 3428 3275 3606 3332; x_wconf 89' lang='lat' dir='ltr'><strong>etiam</strong></span> 
     </span>
    </p>
   </div>
   <div class='ocr_carea' id='block_1_82' title="bbox 1956 3356 3608 3434">
    <p class='ocr_par' dir='ltr' id='par_1_82' title="bbox 1956 3356 3608 3434">
     <span class='ocr_line' id='line_1_82' title="bbox 1956 3356 3608 3434; baseline 0.006 -23"><span class='ocrx_word' id='word_1_589' title='bbox 1956 3371 2058 3429; x_wconf 92' lang='lat' dir='ltr'><strong>per</strong></span> <span class='ocrx_word' id='word_1_590' title='bbox 2087 3356 2307 3412; x_wconf 88' lang='lat' dir='ltr'><strong>litteras</strong></span> <span class='ocrx_word' id='word_1_591' title='bbox 2326 3357 2900 3415; x_wconf 86' lang='lat' dir='ltr'><strong>commonefecimus</strong></span> <span class='ocrx_word' id='word_1_592' title='bbox 2915 3359 3251 3434; x_wconf 90' lang='lat' dir='ltr'><strong>hortatique</strong></span> <span class='ocrx_word' id='word_1_593' title='bbox 3283 3377 3514 3429; x_wconf 86' lang='lat' dir='ltr'><strong>sumus,</strong></span> <span class='ocrx_word' id='word_1_594' title='bbox 3544 3368 3608 3421; x_wconf 86' lang='lat' dir='ltr'><strong>ut</strong></span> 
     </span>
    </p>
   </div>
   <div class='ocr_carea' id='block_1_83' title="bbox 1952 3445 3604 3509">
    <p class='ocr_par' dir='ltr' id='par_1_83' title="bbox 1952 3445 3604 3509">
     <span class='ocr_line' id='line_1_83' title="bbox 1952 3445 3604 3509; baseline 0.005 -8"><span class='ocrx_word' id='word_1_595' title='bbox 1952 3446 2031 3502; x_wconf 91' lang='lat' dir='ltr'><strong>ab</strong></span> <span class='ocrx_word' id='word_1_596' title='bbox 2076 3445 2458 3501; x_wconf 88' lang='lat' dir='ltr'><strong>tenebricosis</strong></span> <span class='ocrx_word' id='word_1_597' title='bbox 2508 3446 2623 3501; x_wconf 90' lang='lat' dir='ltr'><strong>illis</strong></span> <span class='ocrx_word' id='word_1_598' title='bbox 2673 3451 2731 3502; x_wconf 92' lang='lat' dir='ltr'><strong>et</strong></span> <span class='ocrx_word' id='word_1_599' title='bbox 2781 3447 3170 3505; x_wconf 72' lang='lat' dir='ltr'><strong>dtemoniacis</strong></span> <span class='ocrx_word' id='word_1_600' title='bbox 3220 3452 3604 3509; x_wconf 88' lang='lat' dir='ltr'><strong>sermonibus</strong></span> 
     </span>
    </p>
   </div>
   <div class='ocr_carea' id='block_1_84' title="bbox 1953 3535 3606 3609">
    <p class='ocr_par' dir='ltr' id='par_1_84' title="bbox 1953 3535 3606 3609">
     <span class='ocr_line' id='line_1_84' title="bbox 1953 3535 3606 3609; baseline 0.005 -19"><span class='ocrx_word' id='word_1_601' title='bbox 1953 3535 2293 3601; x_wconf 88' lang='lat' dir='ltr'><strong>abstineret,</strong></span> <span class='ocrx_word' id='word_1_602' title='bbox 2345 3541 2400 3591; x_wconf 89' lang='lat' dir='ltr'><strong>et</strong></span> <span class='ocrx_word' id='word_1_603' title='bbox 2437 3535 2769 3592; x_wconf 85' lang='lat' dir='ltr'><strong>orthodoxe</strong></span> <span class='ocrx_word' id='word_1_604' title='bbox 2819 3538 3021 3609; x_wconf 89' lang='lat' dir='ltr'><strong>potius</strong></span> <span class='ocrx_word' id='word_1_605' title='bbox 3062 3540 3303 3597; x_wconf 88' lang='lat' dir='ltr'><strong>sentiret</strong></span> <span class='ocrx_word' id='word_1_606' title='bbox 3349 3545 3477 3598; x_wconf 87' lang='lat' dir='ltr'><strong>tum</strong></span> <span class='ocrx_word' id='word_1_607' title='bbox 3530 3542 3606 3599; x_wconf 88' lang='lat' dir='ltr'><strong>de</strong></span> 
     </span>
    </p>
   </div>
   <div class='ocr_carea' id='block_1_85' title="bbox 1952 3624 3606 3701">
    <p class='ocr_par' dir='ltr' id='par_1_85' title="bbox 1952 3624 3606 3701">
     <span class='ocr_line' id='line_1_85' title="bbox 1952 3624 3606 3701; baseline 0.006 -23"><span class='ocrx_word' id='word_1_608' title='bbox 1952 3624 2330 3679; x_wconf 88' lang='lat' dir='ltr'><strong>sanctissima</strong></span> <span class='ocrx_word' id='word_1_609' title='bbox 2360 3624 2636 3696; x_wconf 88' lang='lat' dir='ltr'><strong>Deipara,</strong></span> <span class='ocrx_word' id='word_1_610' title='bbox 2668 3629 2797 3680; x_wconf 89' lang='lat' dir='ltr'><strong>tum</strong></span> <span class='ocrx_word' id='word_1_611' title='bbox 2819 3626 2893 3682; x_wconf 89' lang='lat' dir='ltr'><strong>de</strong></span> <span class='ocrx_word' id='word_1_612' title='bbox 2924 3627 3056 3683; x_wconf 89' lang='lat' dir='ltr'><strong>aliis</strong></span> <span class='ocrx_word' id='word_1_613' title='bbox 3086 3629 3405 3701; x_wconf 90' lang='lat' dir='ltr'><strong>capitibus.</strong></span> <span class='ocrx_word' id='word_1_614' title='bbox 3434 3631 3606 3688; x_wconf 88' lang='lat' dir='ltr'><strong>Nunc</strong></span> 
     </span>
    </p>
   </div>
   <div class='ocr_carea' id='block_1_86' title="bbox 1951 3712 3606 3783">
    <p class='ocr_par' dir='ltr' id='par_1_86' title="bbox 1951 3712 3606 3783">
     <span class='ocr_line' id='line_1_86' title="bbox 1951 3712 3606 3783; baseline 0.004 -15"><span class='ocrx_word' id='word_1_615' title='bbox 1951 3728 2094 3783; x_wconf 86' lang='lat' dir='ltr'><strong>ergo</strong></span> <span class='ocrx_word' id='word_1_616' title='bbox 2134 3713 2389 3769; x_wconf 88' lang='lat' dir='ltr'><strong>Nicanor</strong></span> <span class='ocrx_word' id='word_1_617' title='bbox 2434 3712 2615 3769; x_wconf 86' lang='lat' dir='ltr'><strong>frater</strong></span> <span class='ocrx_word' id='word_1_618' title='bbox 2663 3720 2868 3771; x_wconf 91' lang='lat' dir='ltr'><strong>noster</strong></span> <span class='ocrx_word' id='word_1_619' title='bbox 2896 3715 2973 3771; x_wconf 92' lang='lat' dir='ltr'><strong>ad</strong></span> <span class='ocrx_word' id='word_1_620' title='bbox 3026 3732 3139 3771; x_wconf 88' lang='lat' dir='ltr'><strong>nos</strong></span> <span class='ocrx_word' id='word_1_621' title='bbox 3170 3718 3415 3774; x_wconf 87' lang='lat' dir='ltr'><strong>veniens</strong></span> <span class='ocrx_word' id='word_1_622' title='bbox 3462 3719 3606 3776; x_wconf 89' lang='lat' dir='ltr'><strong>resi-</strong></span> 
     </span>
    </p>
   </div>
   <div class='ocr_carea' id='block_1_87' title="bbox 1950 3802 3599 3878">
    <p class='ocr_par' dir='ltr' id='par_1_87' title="bbox 1950 3802 3599 3878">
     <span class='ocr_line' id='line_1_87' title="bbox 1950 3802 3599 3878; baseline 0.006 -23"><span class='ocrx_word' id='word_1_623' title='bbox 1950 3802 2151 3873; x_wconf 88' lang='lat' dir='ltr'><strong>puisse</strong></span> <span class='ocrx_word' id='word_1_624' title='bbox 2206 3802 2513 3858; x_wconf 90' lang='lat' dir='ltr'><strong>hominem</strong></span> <span class='ocrx_word' id='word_1_625' title='bbox 2565 3803 2947 3868; x_wconf 89' lang='lat' dir='ltr'><strong>renuntiavit,</strong></span> <span class='ocrx_word' id='word_1_626' title='bbox 3001 3804 3271 3878; x_wconf 88' lang='lat' dir='ltr'><strong>velleque</strong></span> <span class='ocrx_word' id='word_1_627' title='bbox 3326 3807 3599 3865; x_wconf 61' lang='lat' dir='ltr'><strong>Ecclesia</strong></span> 
     </span>
    </p>
   </div>
   <div class='ocr_carea' id='block_1_88' title="bbox 1950 3891 3589 3969">
    <p class='ocr_par' dir='ltr' id='par_1_88' title="bbox 1950 3891 3589 3969">
     <span class='ocr_line' id='line_1_88' title="bbox 1950 3891 3589 3969; baseline 0.004 -24"><span class='ocrx_word' id='word_1_628' title='bbox 1950 3891 2302 3955; x_wconf 88' lang='lat' dir='ltr'><strong>consentire,</strong></span> <span class='ocrx_word' id='word_1_629' title='bbox 2336 3906 2554 3961; x_wconf 88' lang='lat' dir='ltr'><strong>negare</strong></span> <span class='ocrx_word' id='word_1_630' title='bbox 2579 3896 2780 3948; x_wconf 90' lang='lat' dir='ltr'><strong>autem</strong></span> <span class='ocrx_word' id='word_1_631' title='bbox 2811 3908 2873 3948; x_wconf 90' lang='lat' dir='ltr'><strong>se</strong></span> <span class='ocrx_word' id='word_1_632' title='bbox 2903 3892 3124 3949; x_wconf 88' lang='lat' dir='ltr'><strong>litteras</strong></span> <span class='ocrx_word' id='word_1_633' title='bbox 3153 3910 3318 3951; x_wconf 91' lang='lat' dir='ltr'><strong>meas</strong></span> <span class='ocrx_word' id='word_1_634' title='bbox 3340 3897 3589 3969; x_wconf 85' lang='lat' dir='ltr'><strong>accepis-</strong></span> 
     </span>
    </p>
   </div>
   <div class='ocr_carea' id='block_1_89' title="bbox 1954 3979 3600 4056">
    <p class='ocr_par' dir='ltr' id='par_1_89' title="bbox 1954 3979 3600 4056">
     <span class='ocr_line' id='line_1_89' title="bbox 1954 3979 3600 4056; baseline 0.004 -22"><span class='ocrx_word' id='word_1_635' title='bbox 1954 3995 2047 4045; x_wconf 90' lang='lat' dir='ltr'><strong>se;</strong></span> <span class='ocrx_word' id='word_1_636' title='bbox 2093 3980 2200 4035; x_wconf 91' lang='lat' dir='ltr'><strong>sed</strong></span> <span class='ocrx_word' id='word_1_637' title='bbox 2231 3985 2288 4034; x_wconf 90' lang='lat' dir='ltr'><strong>et</strong></span> <span class='ocrx_word' id='word_1_638' title='bbox 2332 3979 2461 4035; x_wconf 89' lang='lat' dir='ltr'><strong>illas</strong></span> <span class='ocrx_word' id='word_1_639' title='bbox 2491 3984 2719 4051; x_wconf 91' lang='lat' dir='ltr'><strong>optare.</strong></span> <span class='ocrx_word' id='word_1_640' title='bbox 2767 3982 3063 4047; x_wconf 88' lang='lat' dir='ltr'><strong>Quoniam</strong></span> <span class='ocrx_word' id='word_1_641' title='bbox 3096 3981 3273 4051; x_wconf 91' lang='lat' dir='ltr'><strong>igitur</strong></span> <span class='ocrx_word' id='word_1_642' title='bbox 3314 3985 3600 4056; x_wconf 88' lang='lat' dir='ltr'><strong>scriptum</strong></span> 
     </span>
    </p>
   </div>
   <div class='ocr_carea' id='block_1_90' title="bbox 1951 4069 3599 4144">
    <p class='ocr_par' dir='ltr' id='par_1_90' title="bbox 1951 4069 3599 4144">
     <span class='ocr_line' id='line_1_90' title="bbox 1951 4069 3599 4144; baseline 0.003 -20"><span class='ocrx_word' id='word_1_643' title='bbox 1951 4073 2059 4134; x_wconf 91' lang='lat' dir='ltr'><strong>est,</strong></span> <span class='ocrx_word' id='word_1_644' title='bbox 2093 4069 2263 4124; x_wconf 90' lang='lat' dir='ltr'><strong>Pater</strong></span> <span class='ocrx_word' id='word_1_645' title='bbox 2294 4074 2498 4124; x_wconf 85' lang='lat' dir='ltr'><strong>sancte</strong></span> <span class='ocrx_word' id='word_1_646' title='bbox 2532 4085 2545 4123; x_wconf 90' lang='lat'>:</span> <span class='ocrx_word' id='word_1_647' title='bbox 2582 4069 2693 4136; x_wconf 84' lang='lat' dir='ltr'><strong>Qui</strong></span> <span class='ocrx_word' id='word_1_648' title='bbox 2722 4070 2915 4125; x_wconf 81' lang='lat' dir='ltr'><strong>educit</strong></span> <span class='ocrx_word' id='word_1_649' title='bbox 2947 4070 3196 4142; x_wconf 86' lang='lat' dir='ltr'><strong>dignum</strong></span> <span class='ocrx_word' id='word_1_650' title='bbox 3227 4086 3302 4128; x_wconf 76' lang='lat' dir='ltr'><strong>ea:</strong></span> <span class='ocrx_word' id='word_1_651' title='bbox 3328 4073 3599 4144; x_wconf 84' lang='lat' dir='ltr'><strong>indigno,</strong></span> 
     </span>
    </p>
   </div>
   <div class='ocr_carea' id='block_1_91' title="bbox 1952 4157 3603 4229">
    <p class='ocr_par' dir='ltr' id='par_1_91' title="bbox 1952 4157 3603 4229">
     <span class='ocr_line' id='line_1_91' title="bbox 1952 4157 3603 4229; baseline 0.002 -15"><span class='ocrx_word' id='word_1_652' title='bbox 1952 4158 2105 4214; x_wconf 83' lang='lat' dir='ltr'><strong>sicut</strong></span> <span class='ocrx_word' id='word_1_653' title='bbox 2136 4173 2196 4213; x_wconf 89' lang='lat' dir='ltr'><strong>os</strong></span> <span class='ocrx_word' id='word_1_654' title='bbox 2213 4172 2407 4214; x_wconf 88' lang='lat' dir='ltr'><strong>meum</strong></span> <span class='ocrx_word' id='word_1_655' title='bbox 2435 4157 2628 4223; x_wconf 80' lang='lat' dir='ltr'><strong>erit“,</strong></span> <span class='ocrx_word' id='word_1_656' title='bbox 2655 4162 2743 4213; x_wconf 92' lang='lat' dir='ltr'><strong>et:</strong></span> <span class='ocrx_word' id='word_1_657' title='bbox 2770 4158 2883 4226; x_wconf 82' lang='lat' dir='ltr'><strong>Qui</strong></span> <span class='ocrx_word' id='word_1_658' title='bbox 2902 4162 3167 4216; x_wconf 81' lang='lat' dir='ltr'><strong>converti</strong></span> <span class='ocrx_word' id='word_1_659' title='bbox 3188 4161 3400 4229; x_wconf 82' lang='lat' dir='ltr'><strong>fecerit</strong></span> <span class='ocrx_word' id='word_1_660' title='bbox 3418 4161 3603 4218; x_wconf 83' lang='lat' dir='ltr'><strong>homi-</strong></span> 
     </span>
    </p>
   </div>
   <div class='ocr_carea' id='block_1_92' title="bbox 1951 4246 3604 4322">
    <p class='ocr_par' dir='ltr' id='par_1_92' title="bbox 1951 4246 3604 4322">
     <span class='ocr_line' id='line_1_92' title="bbox 1951 4246 3604 4322; baseline 0.004 -18"><span class='ocrx_word' id='word_1_661' title='bbox 1951 4263 2083 4304; x_wconf 86' lang='lat' dir='ltr'><strong>nem</strong></span> <span class='ocrx_word' id='word_1_662' title='bbox 2105 4247 2179 4304; x_wconf 90' lang='lat' dir='ltr'><strong>ab</strong></span> <span class='ocrx_word' id='word_1_663' title='bbox 2194 4262 2397 4304; x_wconf 81' lang='lat' dir='ltr'><strong>errore</strong></span> <span class='ocrx_word' id='word_1_664' title='bbox 2410 4246 2519 4304; x_wconf 73' lang='lat' dir='ltr'><strong>viae</strong></span> <span class='ocrx_word' id='word_1_665' title='bbox 2539 4262 2678 4313; x_wconf 69' lang='lat' dir='ltr'><strong>suae,</strong></span> <span class='ocrx_word' id='word_1_666' title='bbox 2698 4248 2916 4317; x_wconf 76' lang='lat' dir='ltr'><strong>aperiet</strong></span> <span class='ocrx_word' id='word_1_667' title='bbox 2933 4250 3376 4308; x_wconf 85' lang='lat' dir='ltr'><strong>multitudinem</strong></span> <span class='ocrx_word' id='word_1_668' title='bbox 3394 4267 3604 4322; x_wconf 83' lang='lat' dir='ltr'><strong>pecca-</strong></span> 
     </span>
    </p>
   </div>
   <div class='ocr_carea' id='block_1_93' title="bbox 1954 4337 3608 4412">
    <p class='ocr_par' dir='ltr' id='par_1_93' title="bbox 1954 4337 3608 4412">
     <span class='ocr_line' id='line_1_93' title="bbox 1954 4337 3608 4412; baseline 0.003 -19"><span class='ocrx_word' id='word_1_669' title='bbox 1954 4338 2237 4405; x_wconf 77' lang='lat' dir='ltr'><strong>torum“;</strong></span> <span class='ocrx_word' id='word_1_670' title='bbox 2277 4337 2647 4392; x_wconf 88' lang='lat' dir='ltr'><strong>sanctitatem</strong></span> <span class='ocrx_word' id='word_1_671' title='bbox 2692 4341 2857 4392; x_wconf 88' lang='lat' dir='ltr'><strong>tuam</strong></span> <span class='ocrx_word' id='word_1_672' title='bbox 2893 4352 3211 4408; x_wconf 79' lang='lat' dir='ltr'><strong>exsurgere</strong></span> <span class='ocrx_word' id='word_1_673' title='bbox 3246 4346 3500 4412; x_wconf 88' lang='lat' dir='ltr'><strong>oportet,</strong></span> <span class='ocrx_word' id='word_1_674' title='bbox 3548 4346 3608 4398; x_wconf 89' lang='lat' dir='ltr'><strong>et</strong></span> 
     </span>
    </p>
   </div>
   <div class='ocr_carea' id='block_1_94' title="bbox 1952 4425 3602 4496">
    <p class='ocr_par' dir='ltr' id='par_1_94' title="bbox 1952 4425 3602 4496">
     <span class='ocr_line' id='line_1_94' title="bbox 1952 4425 3602 4496; baseline 0.003 -14"><span class='ocrx_word' id='word_1_675' title='bbox 1952 4426 2154 4482; x_wconf 87' lang='lat' dir='ltr'><strong>auxilii</strong></span> <span class='ocrx_word' id='word_1_676' title='bbox 2186 4441 2433 4481; x_wconf 86' lang='lat' dir='ltr'><strong>manum</strong></span> <span class='ocrx_word' id='word_1_677' title='bbox 2465 4425 2765 4496; x_wconf 86' lang='lat' dir='ltr'><strong>porrigere</strong></span> <span class='ocrx_word' id='word_1_678' title='bbox 2793 4428 3031 4482; x_wconf 90' lang='lat' dir='ltr'><strong>erranti.</strong></span> <span class='ocrx_word' id='word_1_679' title='bbox 3065 4429 3129 4483; x_wconf 93' lang='lat' dir='ltr'><strong>ln</strong></span> <span class='ocrx_word' id='word_1_680' title='bbox 3157 4428 3273 4485; x_wconf 91' lang='lat' dir='ltr'><strong>hoc</strong></span> <span class='ocrx_word' id='word_1_681' title='bbox 3303 4430 3464 4487; x_wconf 90' lang='lat' dir='ltr'><strong>enim</strong></span> <span class='ocrx_word' id='word_1_682' title='bbox 3499 4430 3602 4487; x_wconf 87' lang='lat' dir='ltr'><strong>Dei</strong></span> 
     </span>
    </p>
   </div>
   <div class='ocr_carea' id='block_1_95' title="bbox 1955 4512 3604 4587">
    <p class='ocr_par' dir='ltr' id='par_1_95' title="bbox 1955 4512 3604 4587">
     <span class='ocr_line' id='line_1_95' title="bbox 1955 4512 3604 4587; baseline 0.004 -18"><span class='ocrx_word' id='word_1_683' title='bbox 1955 4515 2195 4587; x_wconf 83' lang='lat' dir='ltr'><strong>adiutor</strong></span> <span class='ocrx_word' id='word_1_684' title='bbox 2221 4514 2357 4568; x_wconf 89' lang='lat' dir='ltr'><strong>eris.</strong></span> <span class='ocrx_word' id='word_1_685' title='bbox 2401 4512 2512 4579; x_wconf 92' lang='lat' dir='ltr'><strong>Qui</strong></span> <span class='ocrx_word' id='word_1_686' title='bbox 2550 4528 2690 4568; x_wconf 88' lang='lat' dir='ltr'><strong>vero</strong></span> <span class='ocrx_word' id='word_1_687' title='bbox 2719 4514 2778 4567; x_wconf 90' lang='lat' dir='ltr'><strong>id</strong></span> <span class='ocrx_word' id='word_1_688' title='bbox 2810 4513 2956 4570; x_wconf 70' lang='lat' dir='ltr'><strong>fiet?</strong></span> <span class='ocrx_word' id='word_1_689' title='bbox 2999 4516 3067 4570; x_wconf 93' lang='lat' dir='ltr'><strong>Ut</strong></span> <span class='ocrx_word' id='word_1_690' title='bbox 3096 4515 3494 4574; x_wconf 86' lang='lat' dir='ltr'><strong>Theoctistum</strong></span> <span class='ocrx_word' id='word_1_691' title='bbox 3523 4519 3604 4576; x_wconf 89' lang='lat' dir='ltr'><strong>ad</strong></span> 
     </span>
    </p>
   </div>
   <div class='ocr_carea' id='block_1_96' title="bbox 248 4597 1848 4680">
    <p class='ocr_par' dir='ltr' id='par_1_96' title="bbox 248 4602 1846 4680">
     <span class='ocr_line' id='line_1_96' title="bbox 248 4602 1846 4680; baseline -0.005 -18"><span class='ocrx_word' id='word_1_692' title='bbox 248 4609 364 4680; x_wconf 73' lang='grc' dir='ltr'>ἴση.</span> <span class='ocrx_word' id='word_1_693' title='bbox 418 4605 609 4660; x_wconf 79' lang='grc' dir='ltr'>Ἔσται</span> <span class='ocrx_word' id='word_1_694' title='bbox 654 4602 712 4659; x_wconf 75' lang='grc' dir='ltr'><strong>δε</strong></span> <span class='ocrx_word' id='word_1_695' title='bbox 754 4613 907 4659; x_wconf 77' lang='grc' dir='ltr'>τοῦτο</span> <span class='ocrx_word' id='word_1_696' title='bbox 954 4612 1060 4667; x_wconf 87' lang='grc' dir='ltr'>πῶς</span> <span class='ocrx_word' id='word_1_697' title='bbox 1096 4620 1110 4671; x_wconf 89' lang='grc'>;</span> <span class='ocrx_word' id='word_1_698' title='bbox 1142 4605 1227 4657; x_wconf 85' lang='grc' dir='ltr'>ἶνα</span> <span class='ocrx_word' id='word_1_699' title='bbox 1278 4602 1551 4677; x_wconf 87' lang='grc' dir='ltr'>δηλώματι</span> <span class='ocrx_word' id='word_1_700' title='bbox 1584 4603 1730 4666; x_wconf 79' lang='grc' dir='ltr'>ἄξοις</span> <span class='ocrx_word' id='word_1_701' title='bbox 1759 4605 1846 4655; x_wconf 87' lang='grc' dir='ltr'><strong>τὸν</strong></span> 
     </span>
    </p>
   </div>
   <div class='ocr_carea' id='block_1_97' title="bbox 1959 4597 3655 4680">
    <p class='ocr_par' dir='ltr' id='par_1_97' title="bbox 1959 4600 3655 4677">
     <span class='ocr_line' id='line_1_97' title="bbox 1959 4600 3655 4677; baseline 0.003 -19"><span class='ocrx_word' id='word_1_702' title='bbox 1959 4609 2009 4658; x_wconf 91' lang='lat' dir='ltr'><strong>te</strong></span> <span class='ocrx_word' id='word_1_703' title='bbox 2040 4603 2319 4667; x_wconf 87' lang='lat' dir='ltr'><strong>advoces,</strong></span> <span class='ocrx_word' id='word_1_704' title='bbox 2352 4601 2525 4672; x_wconf 87' lang='lat' dir='ltr'><strong>eique</strong></span> <span class='ocrx_word' id='word_1_705' title='bbox 2550 4600 2717 4656; x_wconf 89' lang='lat' dir='ltr'><strong>dicas</strong></span> <span class='ocrx_word' id='word_1_706' title='bbox 2745 4606 2800 4656; x_wconf 90' lang='lat' dir='ltr'><strong>et</strong></span> <span class='ocrx_word' id='word_1_707' title='bbox 2823 4602 3117 4659; x_wconf 89' lang='lat' dir='ltr'><strong>edisseras</strong></span> <span class='ocrx_word' id='word_1_708' title='bbox 3145 4620 3282 4676; x_wconf 67' lang='lat' dir='ltr'><strong>quas</strong></span> <span class='ocrx_word' id='word_1_709' title='bbox 3313 4622 3423 4677; x_wconf 89' lang='lat' dir='ltr'><strong>par</strong></span> <span class='ocrx_word' id='word_1_710' title='bbox 3459 4608 3596 4665; x_wconf 92' lang='lat' dir='ltr'><strong>erit.</strong></span> <span class='ocrx_word' id='word_1_711' title='bbox 3650 4648 3655 4654; x_wconf 80' lang='grc'><strong>-</strong></span> 
     </span>
    </p>
   </div>
   <div class='ocr_carea' id='block_1_98' title="bbox 248 4689 1841 4769">
    <p class='ocr_par' dir='ltr' id='par_1_98' title="bbox 248 4689 1841 4769">
     <span class='ocr_line' id='line_1_98' title="bbox 248 4689 1841 4769; baseline -0.003 -19"><span class='ocrx_word' id='word_1_712' title='bbox 248 4700 560 4751; x_wconf 86' lang='grc' dir='ltr'>Θεόκτιστον</span> <span class='ocrx_word' id='word_1_713' title='bbox 591 4698 720 4769; x_wconf 88' lang='grc' dir='ltr'>πρὸς</span> <span class='ocrx_word' id='word_1_714' title='bbox 749 4698 827 4762; x_wconf 71' lang='grc' dir='ltr'><strong>σε,</strong></span> <span class='ocrx_word' id='word_1_715' title='bbox 851 4697 1015 4757; x_wconf 82' lang='grc' dir='ltr'>εἴποις</span> <span class='ocrx_word' id='word_1_716' title='bbox 1051 4713 1104 4747; x_wconf 91' lang='grc' dir='ltr'><strong>τε</strong></span> <span class='ocrx_word' id='word_1_717' title='bbox 1134 4698 1223 4746; x_wconf 77' lang='grc' dir='ltr'><strong>καὶ</strong></span> <span class='ocrx_word' id='word_1_718' title='bbox 1249 4689 1535 4765; x_wconf 81' lang='grc' dir='ltr'>διαλεχθῇς</span> <span class='ocrx_word' id='word_1_719' title='bbox 1556 4695 1622 4745; x_wconf 82' lang='grc' dir='ltr'>τὰ</span> <span class='ocrx_word' id='word_1_720' title='bbox 1651 4693 1841 4746; x_wconf 80' lang='grc' dir='ltr'>εἰκότα.</span> 
     </span>
    </p>
   </div>
   <div class='ocr_carea' id='block_1_99' title="bbox 250 4782 1846 4859">
    <p class='ocr_par' dir='ltr' id='par_1_99' title="bbox 250 4782 1846 4859">
     <span class='ocr_line' id='line_1_99' title="bbox 250 4782 1846 4859; baseline -0.004 -19"><span class='ocrx_word' id='word_1_721' title='bbox 250 4789 352 4840; x_wconf 78' lang='grc' dir='ltr'><strong>Καὶ</strong></span> <span class='ocrx_word' id='word_1_722' title='bbox 380 4785 426 4839; x_wconf 83' lang='grc' dir='ltr'>εἰ</span> <span class='ocrx_word' id='word_1_723' title='bbox 472 4792 562 4858; x_wconf 75' lang='grc' dir='ltr'><strong>μέν</strong></span> <span class='ocrx_word' id='word_1_724' title='bbox 614 4785 778 4859; x_wconf 80' lang='grc' dir='ltr'>εὕροις</span> <span class='ocrx_word' id='word_1_725' title='bbox 815 4784 971 4837; x_wconf 78' lang='grc' dir='ltr'>αὐτὸν</span> <span class='ocrx_word' id='word_1_726' title='bbox 1002 4786 1203 4836; x_wconf 81' lang='grc' dir='ltr'>εἴκοντα</span> <span class='ocrx_word' id='word_1_727' title='bbox 1239 4790 1311 4853; x_wconf 85' lang='grc' dir='ltr'>τῷ</span> <span class='ocrx_word' id='word_1_728' title='bbox 1345 4784 1463 4854; x_wconf 83' lang='grc' dir='ltr'>θείῳ</span> <span class='ocrx_word' id='word_1_729' title='bbox 1500 4782 1656 4853; x_wconf 85' lang='grc' dir='ltr'>λόγῳ,</span> <span class='ocrx_word' id='word_1_730' title='bbox 1687 4784 1846 4841; x_wconf 80' lang='grc' dir='ltr'>εἴποις</span> 
     </span>
    </p>
   </div>
   <div class='ocr_carea' id='block_1_100' title="bbox 245 4870 1847 4949">
    <p class='ocr_par' dir='ltr' id='par_1_100' title="bbox 245 4870 1847 4949">
     <span class='ocr_line' id='line_1_100' title="bbox 245 4870 1847 4949; baseline -0.004 -21"><span class='ocrx_word' id='word_1_731' title='bbox 245 4880 337 4929; x_wconf 81' lang='grc' dir='ltr'>καὶ</span> <span class='ocrx_word' id='word_1_732' title='bbox 387 4880 506 4949; x_wconf 84' lang='grc' dir='ltr'>περὶ</span> <span class='ocrx_word' id='word_1_733' title='bbox 552 4874 679 4947; x_wconf 89' lang='grc' dir='ltr'>ἐμοῦ</span> <span class='ocrx_word' id='word_1_734' title='bbox 730 4881 822 4927; x_wconf 92' lang='grc' dir='ltr'><strong>τοῦ</strong></span> <span class='ocrx_word' id='word_1_735' title='bbox 879 4880 1140 4938; x_wconf 89' lang='grc' dir='ltr'>ταπεινοῦ,</span> <span class='ocrx_word' id='word_1_736' title='bbox 1198 4873 1278 4924; x_wconf 88' lang='grc' dir='ltr'>ὃτι</span> <span class='ocrx_word' id='word_1_737' title='bbox 1316 4871 1386 4934; x_wconf 89' lang='grc' dir='ltr'>εἰς</span> <span class='ocrx_word' id='word_1_738' title='bbox 1417 4870 1544 4923; x_wconf 75' lang='grc' dir='ltr'>αὐτὸ</span> <span class='ocrx_word' id='word_1_739' title='bbox 1587 4877 1739 4922; x_wconf 90' lang='grc' dir='ltr'>τοῦτο</span> <span class='ocrx_word' id='word_1_740' title='bbox 1767 4888 1847 4921; x_wconf 86' lang='grc' dir='ltr'>κε·</span> 
     </span>
    </p>
   </div>
   <div class='ocr_carea' id='block_1_101' title="bbox 245 4956 1845 5038">
    <p class='ocr_par' dir='ltr' id='par_1_101' title="bbox 245 4956 1845 5038">
     <span class='ocr_line' id='line_1_101' title="bbox 245 4956 1845 5038; baseline -0.004 -20"><span class='ocrx_word' id='word_1_741' title='bbox 245 4968 466 5038; x_wconf 84' lang='grc' dir='ltr'>κίνημαι</span> <span class='ocrx_word' id='word_1_742' title='bbox 508 4964 665 5037; x_wconf 85' lang='grc' dir='ltr'>φιλῶν</span> <span class='ocrx_word' id='word_1_743' title='bbox 694 4968 783 5023; x_wconf 80' lang='grc' dir='ltr'>τὴν</span> <span class='ocrx_word' id='word_1_744' title='bbox 824 4966 1086 5038; x_wconf 89' lang='grc' dir='ltr'>σωτηρίαν</span> <span class='ocrx_word' id='word_1_745' title='bbox 1136 4961 1298 5015; x_wconf 74' lang='grc' dir='ltr'>αὐτοῦ</span> <span class='ocrx_word' id='word_1_746' title='bbox 1333 4979 1345 4991; x_wconf 76' lang='grc'><strong><em>⁸</em></strong></span> <span class='ocrx_word' id='word_1_747' title='bbox 1378 4959 1473 5013; x_wconf 83' lang='grc' dir='ltr'><strong>κάν</strong></span> <span class='ocrx_word' id='word_1_748' title='bbox 1519 4956 1845 5032; x_wconf 88' lang='grc' dir='ltr'>δοκιμάζοις,</span> 
     </span>
    </p>
   </div>
   <div class='ocr_carea' id='block_1_102' title="bbox 246 5049 1845 5126">
    <p class='ocr_par' dir='ltr' id='par_1_102' title="bbox 246 5049 1845 5126">
     <span class='ocr_line' id='line_1_102' title="bbox 246 5049 1845 5126; baseline -0.005 -18"><span class='ocrx_word' id='word_1_749' title='bbox 246 5057 273 5108; x_wconf 89' lang='grc' dir='ltr'><strong>ό</strong></span> <span class='ocrx_word' id='word_1_750' title='bbox 323 5059 529 5126; x_wconf 73' lang='grc' dir='ltr'>Πατὴρ,</span> <span class='ocrx_word' id='word_1_751' title='bbox 605 5052 840 5115; x_wconf 86' lang='grc' dir='ltr'>κάκεῖνος</span> <span class='ocrx_word' id='word_1_752' title='bbox 901 5054 1011 5125; x_wconf 76' lang='grc' dir='ltr'>ἐρᾷ,</span> <span class='ocrx_word' id='word_1_753' title='bbox 1066 5050 1335 5105; x_wconf 80' lang='grc' dir='ltr'>ἐπιστείλω</span> <span class='ocrx_word' id='word_1_754' title='bbox 1396 5050 1537 5120; x_wconf 78' lang='grc' dir='ltr'>αὐτῷ</span> <span class='ocrx_word' id='word_1_755' title='bbox 1612 5049 1845 5114; x_wconf 74' lang='grc' dir='ltr'>εὐθέτως,</span> 
     </span>
    </p>
   </div>
   <div class='ocr_carea' id='block_1_103' title="bbox 247 5136 1847 5219">
    <p class='ocr_par' dir='ltr' id='par_1_103' title="bbox 247 5136 1847 5219">
     <span class='ocr_line' id='line_1_103' title="bbox 247 5136 1847 5219; baseline -0.004 -23"><span class='ocrx_word' id='word_1_756' title='bbox 247 5146 384 5198; x_wconf 82' lang='grc' dir='ltr'>ὥστε</span> <span class='ocrx_word' id='word_1_757' title='bbox 432 5142 789 5219; x_wconf 89' lang='grc' dir='ltr'>ἀμφοτέρωθεν</span> <span class='ocrx_word' id='word_1_758' title='bbox 847 5141 1184 5207; x_wconf 75' lang='grc' dir='ltr'>ἑλκυσθῆναι,</span> <span class='ocrx_word' id='word_1_759' title='bbox 1238 5146 1327 5194; x_wconf 84' lang='grc' dir='ltr'><strong>καὶ</strong></span> <span class='ocrx_word' id='word_1_760' title='bbox 1393 5136 1715 5215; x_wconf 84' lang='grc' dir='ltr'>κερδηθῆναι</span> <span class='ocrx_word' id='word_1_761' title='bbox 1761 5141 1847 5190; x_wconf 90' lang='grc' dir='ltr'>τὸν</span> 
     </span>
    </p>
   </div>
   <div class='ocr_carea' id='block_1_104' title="bbox 249 5226 1847 5307">
    <p class='ocr_par' dir='ltr' id='par_1_104' title="bbox 249 5226 1847 5307">
     <span class='ocr_line' id='line_1_104' title="bbox 249 5226 1847 5307; baseline -0.004 -20"><span class='ocrx_word' id='word_1_762' title='bbox 249 5233 618 5307; x_wconf 81' lang='grc' dir='ltr'>ἀπολλύμενον.</span> <span class='ocrx_word' id='word_1_763' title='bbox 679 5239 846 5287; x_wconf 86' lang='grc' dir='ltr'>Τοῦτο</span> <span class='ocrx_word' id='word_1_764' title='bbox 909 5234 1010 5306; x_wconf 79' lang='grc' dir='ltr'><strong>γὰρ</strong></span> <span class='ocrx_word' id='word_1_765' title='bbox 1052 5229 1297 5305; x_wconf 87' lang='grc' dir='ltr'>βούλεται</span> <span class='ocrx_word' id='word_1_766' title='bbox 1346 5232 1496 5295; x_wconf 88' lang='grc' dir='ltr'>Θεὸς,</span> <span class='ocrx_word' id='word_1_767' title='bbox 1554 5226 1649 5281; x_wconf 79' lang='grc' dir='ltr'>κᾶν</span> <span class='ocrx_word' id='word_1_768' title='bbox 1694 5235 1847 5281; x_wconf 89' lang='grc' dir='ltr'>τοῦτο</span> 
     </span>
    </p>
   </div>
   <div class='ocr_carea' id='block_1_105' title="bbox 1958 4690 3605 4763">
    <p class='ocr_par' dir='ltr' id='par_1_105' title="bbox 1958 4690 3605 4763">
     <span class='ocr_line' id='line_1_105' title="bbox 1958 4690 3605 4763; baseline 0.002 -15"><span class='ocrx_word' id='word_1_769' title='bbox 1958 4696 2023 4748; x_wconf 90' lang='lat' dir='ltr'><strong>Et</strong></span> <span class='ocrx_word' id='word_1_770' title='bbox 2047 4691 2097 4747; x_wconf 91' lang='lat' dir='ltr'><strong>si</strong></span> <span class='ocrx_word' id='word_1_771' title='bbox 2127 4690 2373 4762; x_wconf 87' lang='lat' dir='ltr'><strong>quidem</strong></span> <span class='ocrx_word' id='word_1_772' title='bbox 2404 4690 2611 4745; x_wconf 89' lang='lat' dir='ltr'><strong>cedere</strong></span> <span class='ocrx_word' id='word_1_773' title='bbox 2633 4690 2799 4745; x_wconf 90' lang='lat' dir='ltr'><strong>illum</strong></span> <span class='ocrx_word' id='word_1_774' title='bbox 2832 4691 3044 4747; x_wconf 87' lang='lat' dir='ltr'><strong>videris</strong></span> <span class='ocrx_word' id='word_1_775' title='bbox 3075 4692 3281 4749; x_wconf 88' lang='lat' dir='ltr'><strong>divino</strong></span> <span class='ocrx_word' id='word_1_776' title='bbox 3310 4698 3605 4763; x_wconf 90' lang='lat' dir='ltr'><strong>sermoni;</strong></span> 
     </span>
    </p>
   </div>
   <div class='ocr_carea' id='block_1_106' title="bbox 1956 4777 3608 4847">
    <p class='ocr_par' dir='ltr' id='par_1_106' title="bbox 1956 4777 3608 4847">
     <span class='ocr_line' id='line_1_106' title="bbox 1956 4777 3608 4847; baseline 0.003 -11"><span class='ocrx_word' id='word_1_777' title='bbox 1956 4782 2030 4836; x_wconf 91' lang='lat' dir='ltr'><strong>de</strong></span> <span class='ocrx_word' id='word_1_778' title='bbox 2053 4794 2148 4834; x_wconf 91' lang='lat' dir='ltr'><strong>me</strong></span> <span class='ocrx_word' id='word_1_779' title='bbox 2162 4780 2338 4834; x_wconf 89' lang='lat' dir='ltr'><strong>etiam</strong></span> <span class='ocrx_word' id='word_1_780' title='bbox 2354 4777 2564 4833; x_wconf 89' lang='lat' dir='ltr'><strong>humili</strong></span> <span class='ocrx_word' id='word_1_781' title='bbox 2589 4778 2907 4847; x_wconf 85' lang='lat' dir='ltr'><strong>signiﬁces,</strong></span> <span class='ocrx_word' id='word_1_782' title='bbox 2932 4780 3204 4836; x_wconf 89' lang='lat' dir='ltr'><strong>eamdem</strong></span> <span class='ocrx_word' id='word_1_783' title='bbox 3226 4798 3420 4839; x_wconf 91' lang='lat' dir='ltr'><strong>meam</strong></span> <span class='ocrx_word' id='word_1_784' title='bbox 3444 4800 3608 4840; x_wconf 90' lang='lat' dir='ltr'><strong>men-</strong></span> 
     </span>
    </p>
   </div>
   <div class='ocr_carea' id='block_1_107' title="bbox 1957 4866 3605 4944">
    <p class='ocr_par' dir='ltr' id='par_1_107' title="bbox 1957 4866 3605 4944">
     <span class='ocr_line' id='line_1_107' title="bbox 1957 4866 3605 4944; baseline 0.001 -19"><span class='ocrx_word' id='word_1_785' title='bbox 1957 4874 2075 4925; x_wconf 86' lang='lat' dir='ltr'><strong>tem</strong></span> <span class='ocrx_word' id='word_1_786' title='bbox 2116 4883 2268 4931; x_wconf 85' lang='lat' dir='ltr'><strong>esse,</strong></span> <span class='ocrx_word' id='word_1_787' title='bbox 2301 4870 2429 4937; x_wconf 89' lang='lat' dir='ltr'><strong>ejus</strong></span> <span class='ocrx_word' id='word_1_788' title='bbox 2467 4866 2677 4922; x_wconf 86' lang='lat' dir='ltr'><strong>salutis</strong></span> <span class='ocrx_word' id='word_1_789' title='bbox 2708 4866 3008 4923; x_wconf 87' lang='lat' dir='ltr'><strong>desiderio</strong></span> <span class='ocrx_word' id='word_1_790' title='bbox 3043 4888 3055 4926; x_wconf 92' lang='lat'>:</span> <span class='ocrx_word' id='word_1_791' title='bbox 3104 4874 3180 4935; x_wconf 88' lang='lat' dir='ltr'><strong>et,</strong></span> <span class='ocrx_word' id='word_1_792' title='bbox 3212 4871 3260 4926; x_wconf 90' lang='lat' dir='ltr'><strong>si</strong></span> <span class='ocrx_word' id='word_1_793' title='bbox 3295 4872 3605 4944; x_wconf 84' lang='lat' dir='ltr'><strong>probabis,</strong></span> 
     </span>
    </p>
   </div>
   <div class='ocr_carea' id='block_1_108' title="bbox 1959 4955 3610 5034">
    <p class='ocr_par' dir='ltr' id='par_1_108' title="bbox 1959 4955 3610 5034">
     <span class='ocr_line' id='line_1_108' title="bbox 1959 4955 3610 5034; baseline 0.003 -21"><span class='ocrx_word' id='word_1_794' title='bbox 1959 4961 2143 5022; x_wconf 88' lang='lat' dir='ltr'><strong>Pater,</strong></span> <span class='ocrx_word' id='word_1_795' title='bbox 2180 4955 2362 5028; x_wconf 90' lang='lat' dir='ltr'><strong>idque</strong></span> <span class='ocrx_word' id='word_1_796' title='bbox 2399 4955 2492 5010; x_wconf 91' lang='lat' dir='ltr'><strong>ille</strong></span> <span class='ocrx_word' id='word_1_797' title='bbox 2530 4961 2781 5027; x_wconf 84' lang='lat' dir='ltr'><strong>expetet,</strong></span> <span class='ocrx_word' id='word_1_798' title='bbox 2822 4955 3082 5012; x_wconf 88' lang='lat' dir='ltr'><strong>scribam</strong></span> <span class='ocrx_word' id='word_1_799' title='bbox 3114 4959 3192 5014; x_wconf 91' lang='lat' dir='ltr'><strong>ad</strong></span> <span class='ocrx_word' id='word_1_800' title='bbox 3227 4959 3396 5017; x_wconf 91' lang='lat' dir='ltr'><strong>illum</strong></span> <span class='ocrx_word' id='word_1_801' title='bbox 3428 4977 3610 5034; x_wconf 83' lang='lat' dir='ltr'><strong>appo-</strong></span> 
     </span>
    </p>
   </div>
   <div class='ocr_carea' id='block_1_109' title="bbox 1958 5045 3609 5122">
    <p class='ocr_par' dir='ltr' id='par_1_109' title="bbox 1958 5045 3609 5122">
     <span class='ocr_line' id='line_1_109' title="bbox 1958 5045 3609 5122; baseline 0.002 -20"><span class='ocrx_word' id='word_1_802' title='bbox 1958 5048 2087 5108; x_wconf 87' lang='lat' dir='ltr'><strong>site,</strong></span> <span class='ocrx_word' id='word_1_803' title='bbox 2120 5050 2182 5102; x_wconf 90' lang='lat' dir='ltr'><strong>ut</strong></span> <span class='ocrx_word' id='word_1_804' title='bbox 2217 5051 2466 5117; x_wconf 87' lang='lat' dir='ltr'><strong>utraque</strong></span> <span class='ocrx_word' id='word_1_805' title='bbox 2488 5050 2654 5116; x_wconf 91' lang='lat' dir='ltr'><strong>parte</strong></span> <span class='ocrx_word' id='word_1_806' title='bbox 2680 5045 2967 5113; x_wconf 84' lang='lat' dir='ltr'><strong>trahatur,</strong></span> <span class='ocrx_word' id='word_1_807' title='bbox 2995 5051 3051 5101; x_wconf 91' lang='lat' dir='ltr'><strong>et</strong></span> <span class='ocrx_word' id='word_1_808' title='bbox 3072 5046 3329 5104; x_wconf 87' lang='lat' dir='ltr'><strong>lucriﬁat</strong></span> <span class='ocrx_word' id='word_1_809' title='bbox 3350 5051 3452 5122; x_wconf 89' lang='lat' dir='ltr'><strong>qui</strong></span> <span class='ocrx_word' id='word_1_810' title='bbox 3481 5067 3609 5122; x_wconf 89' lang='lat' dir='ltr'><strong>per-</strong></span> 
     </span>
    </p>
   </div>
   <div class='ocr_carea' id='block_1_110' title="bbox 1958 5133 3608 5204">
    <p class='ocr_par' dir='ltr' id='par_1_110' title="bbox 1958 5133 3608 5204">
     <span class='ocr_line' id='line_1_110' title="bbox 1958 5133 3608 5204; baseline 0.004 -13"><span class='ocrx_word' id='word_1_811' title='bbox 1958 5135 2018 5191; x_wconf 93' lang='lat' dir='ltr'><strong>it.</strong></span> <span class='ocrx_word' id='word_1_812' title='bbox 2056 5136 2176 5192; x_wconf 88' lang='lat' dir='ltr'><strong>Hoc</strong></span> <span class='ocrx_word' id='word_1_813' title='bbox 2214 5135 2372 5191; x_wconf 88' lang='lat' dir='ltr'><strong>enim</strong></span> <span class='ocrx_word' id='word_1_814' title='bbox 2399 5133 2525 5189; x_wconf 90' lang='lat' dir='ltr'><strong>vult</strong></span> <span class='ocrx_word' id='word_1_815' title='bbox 2554 5134 2728 5202; x_wconf 91' lang='lat' dir='ltr'><strong>Deus,</strong></span> <span class='ocrx_word' id='word_1_816' title='bbox 2760 5139 2813 5189; x_wconf 88' lang='lat' dir='ltr'><strong>et</strong></span> <span class='ocrx_word' id='word_1_817' title='bbox 2843 5134 3022 5203; x_wconf 88' lang='lat' dir='ltr'><strong>hujus</strong></span> <span class='ocrx_word' id='word_1_818' title='bbox 3068 5136 3258 5204; x_wconf 90' lang='lat' dir='ltr'><strong>gratia</strong></span> <span class='ocrx_word' id='word_1_819' title='bbox 3301 5139 3359 5194; x_wconf 89' lang='lat' dir='ltr'><strong>in</strong></span> <span class='ocrx_word' id='word_1_820' title='bbox 3392 5144 3608 5197; x_wconf 89' lang='lat' dir='ltr'><strong>terram</strong></span> 
     </span>
    </p>
   </div>
   <div class='ocr_carea' id='block_1_111' title="bbox 1961 5222 3613 5298">
    <p class='ocr_par' dir='ltr' id='par_1_111' title="bbox 1961 5222 3613 5298">
     <span class='ocr_line' id='line_1_111' title="bbox 1961 5222 3613 5298; baseline 0.003 -17"><span class='ocrx_word' id='word_1_821' title='bbox 1961 5225 2143 5295; x_wconf 88' lang='lat' dir='ltr'><strong>venit,</strong></span> <span class='ocrx_word' id='word_1_822' title='bbox 2169 5222 2333 5298; x_wconf 88' lang='lat' dir='ltr'><strong>quod</strong></span> <span class='ocrx_word' id='word_1_823' title='bbox 2359 5223 2614 5295; x_wconf 86' lang='lat' dir='ltr'><strong>perierat</strong></span> <span class='ocrx_word' id='word_1_824' title='bbox 2642 5238 2919 5295; x_wconf 64' lang='lat' dir='ltr'><strong>quaerens</strong></span> <span class='ocrx_word' id='word_1_825' title='bbox 2948 5223 3321 5283; x_wconf 70' lang='lat' dir='ltr'><strong>reducere“:</strong></span> <span class='ocrx_word' id='word_1_826' title='bbox 3357 5237 3412 5285; x_wconf 87' lang='lat' dir='ltr'><strong>et</strong></span> <span class='ocrx_word' id='word_1_827' title='bbox 3446 5245 3613 5287; x_wconf 88' lang='lat' dir='ltr'><strong>amo-</strong></span> 
     </span>
    </p>
   </div>
   <div class='ocr_carea' id='block_1_112' title="bbox 324 5343 2018 5418">
    <p class='ocr_par' dir='ltr' id='par_1_112' title="bbox 324 5343 2018 5418">
     <span class='ocr_line' id='line_1_112' title="bbox 324 5343 2018 5418; baseline -0.008 -6"><span class='ocrx_word' id='word_1_828' title='bbox 324 5354 372 5390; x_wconf 77' lang='lat'><strong>“</strong></span> <span class='ocrx_word' id='word_1_829' title='bbox 403 5354 618 5411; x_wconf 81' lang='lat' dir='ltr'><strong>Jerem.</strong></span> <span class='ocrx_word' id='word_1_830' title='bbox 647 5368 749 5418; x_wconf 87' lang='lat' dir='ltr'><strong>xv,</strong></span> <span class='ocrx_word' id='word_1_831' title='bbox 781 5351 869 5406; x_wconf 86' lang='grc'>19.</span> <span class='ocrx_word' id='word_1_832' title='bbox 946 5351 992 5386; x_wconf 72' lang='grc'><strong>⁸⁵</strong></span> <span class='ocrx_word' id='word_1_833' title='bbox 1021 5350 1145 5408; x_wconf 90' lang='lat' dir='ltr'><strong>Jac.</strong></span> <span class='ocrx_word' id='word_1_834' title='bbox 1178 5367 1233 5418; x_wconf 88' lang='lat' dir='ltr'><strong>v,</strong></span> <span class='ocrx_word' id='word_1_835' title='bbox 1266 5353 1352 5407; x_wconf 81' lang='lat'><strong>20.</strong></span> <span class='ocrx_word' id='word_1_836' title='bbox 1433 5349 1481 5385; x_wconf 74' lang='lat'>“</span> <span class='ocrx_word' id='word_1_837' title='bbox 1513 5346 1714 5405; x_wconf 84' lang='lat' dir='ltr'><strong>Matth.</strong></span> <span class='ocrx_word' id='word_1_838' title='bbox 1747 5360 1900 5411; x_wconf 85' lang='lat' dir='ltr'><strong>xvm,</strong></span> <span class='ocrx_word' id='word_1_839' title='bbox 1933 5343 2018 5399; x_wconf 81' lang='lat' dir='ltr'><strong>t3.</strong></span> 
     </span>
    </p>
   </div>
   <div class='ocr_carea' id='block_1_113' title="bbox 1828 5443 2052 5499">
    <p class='ocr_par' dir='ltr' id='par_1_113' title="bbox 1828 5443 2052 5499">
     <span class='ocr_line' id='line_1_113' title="bbox 1828 5443 2052 5499; baseline -0.018 0"><span class='ocrx_word' id='word_1_840' title='bbox 1828 5443 2052 5499; x_wconf 69' lang='lat' dir='ltr'><strong>NOTIE.</strong></span> 
     </span>
    </p>
   </div>
   <div class='ocr_carea' id='block_1_114' title="bbox 336 5544 1046 5623">
    <p class='ocr_par' dir='ltr' id='par_1_114' title="bbox 336 5544 1046 5623">
     <span class='ocr_line' id='line_1_114' title="bbox 336 5544 1046 5623; baseline 0 -18"><span class='ocrx_word' id='word_1_841' title='bbox 336 5551 447 5621; x_wconf 80' lang='lat' dir='ltr'><strong>(t2)</strong></span> <span class='ocrx_word' id='word_1_842' title='bbox 475 5548 541 5607; x_wconf 87' lang='lat' dir='ltr'><strong>In</strong></span> <span class='ocrx_word' id='word_1_843' title='bbox 566 5549 701 5607; x_wconf 91' lang='lat' dir='ltr'><strong>cod.</strong></span> <span class='ocrx_word' id='word_1_844' title='bbox 733 5551 875 5620; x_wconf 87' lang='lat' dir='ltr'><strong>Reg.</strong></span> <span class='ocrx_word' id='word_1_845' title='bbox 904 5544 1046 5623; x_wconf 71' lang='lat' dir='ltr'><strong>pxd&quot;.</strong></span> 
     </span>
    </p>
   </div>
   <div class='ocr_carea' id='block_1_115' title="bbox 545 5645 1173 5707">
    <p class='ocr_par' dir='ltr' id='par_1_115' title="bbox 545 5645 1173 5707">
     <span class='ocr_line' id='line_1_115' title="bbox 545 5645 1173 5707; baseline -0.006 -4"><span class='ocrx_word' id='word_1_846' title='bbox 545 5647 784 5705; x_wconf 79' lang='lat' dir='ltr'><strong>PATROL.</strong></span> <span class='ocrx_word' id='word_1_847' title='bbox 826 5645 931 5704; x_wconf 73' lang='lat' dir='ltr'><strong>Gn.</strong></span> <span class='ocrx_word' id='word_1_848' title='bbox 972 5645 1173 5707; x_wconf 85' lang='lat' dir='ltr'><strong>XCIX.</strong></span> 
     </span>
    </p>
   </div>
   <div class='ocr_carea' id='block_1_116' title="bbox 3123 5635 3187 5694">
    <p class='ocr_par' dir='ltr' id='par_1_116' title="bbox 3123 5635 3187 5694">
     <span class='ocr_line' id='line_1_116' title="bbox 3123 5635 3187 5694; baseline 0.016 -1"><span class='ocrx_word' id='word_1_849' title='bbox 3123 5635 3187 5694; x_wconf 78' lang='grc'><strong>44</strong></span> 
     </span>
    </p>
   </div>
  </div>
