4036 6276
486 284 487 287 η
523 230 657 286 i387

512 448 891 514 gumentum.
916 444 1208 514 Omnique
1230 448 1448 499 conatu
1469 441 1709 498 excitari
1731 456 1841 496 nos
1865 439 2161 506 convenit,

513 533 682 590 Pater
712 536 915 589 sancte
950 549 961 587 :
997 530 1057 587 in
1088 532 1249 587 hunc
1279 532 1436 587 enim
1463 531 1647 586 tinem
1675 536 1737 584 ut
1763 529 1838 585 ad
1871 536 1923 584 te
1950 528 2163 583 scribe-

511 637 639 680 rem
669 627 978 694 permotus
1023 637 1177 676 sum.
1212 620 1384 686 Quod
1427 620 1475 674 si
1503 624 1638 690 post
1667 617 1845 675 talem
1881 622 2160 673 conatum

509 709 845 766 detrectans
875 725 997 764 non
1036 708 1424 781 obsequetur,
1468 706 1682 764 videbit
1714 706 1952 778 iniquus
1969 706 2036 758 ‘7.
2071 704 2163 759 Ait

509 798 839 853 Dominus:
872 798 1060 854 Sinite
1105 798 1263 864 illos,
1314 797 1453 854 caeci
1479 800 1620 852 sunt
1640 797 1707 848 ‘3.
1755 796 1940 861 Quem
1984 794 2162 863 igitur

509 901 854 943 successum
883 886 1170 943 Dominus
1198 886 1444 951 dederit,
1475 885 1736 942 indicare
1763 883 1933 949 mihi,
1966 884 2157 947 Pater,

506 974 861 1032 venerandis
888 975 1004 1031 tuis
1026 975 1234 1031 litteris
1256 974 1495 1032 bonitas
1521 982 1623 1030 tua
1644 990 1718 1029 ne
1750 978 2044 1044 gravetur.

849 1180 1047 1236 CXVII.
1075 1211 1142 1222 —
1171 1180 1452 1237 Mariano
1475 1178 1809 1249 spathario.

1772 225 1833 281 S.
1875 223 2237 281 THEODORl
2277 221 2600 278 STUDITIE

514 372 641 412 rem
662 354 921 427 proximi
948 371 1083 411 esse
1119 355 1291 425 jubet
1314 355 1491 412 nobis
1543 353 1767 410 amoris
1798 366 1939 420 erga
1982 366 2044 405 se
2074 365 2144 404 ari

2271 345 2419 405 ἦλθεν
2495 346 2573 400 ἐπὶ
2625 354 2717 408 τῆς
2778 356 2874 418 γῆς
2947 350 3003 399 τὸ
3080 346 3339 409 ἀπολωλὸς

3726 224 3872 279 1388

3440 347 3671 409 ἐκζητῶν
3746 347 3872 400 ἐπι-

2272 435 2497 509 στρέψαι
2525 455 2539 468 ·
2571 443 2659 489 καὶ
2689 444 2783 498 τῆς
2813 437 2881 497 εἰς
2912 435 3066 499 αὐτὸν
3112 435 3323 507 ἀγάπης
3353 433 3618 499 ἀπόδειξιν
3649 441 3742 496 τὴν
3772 445 3869 490 τοῦ

2270 526 2425 588 πέλας
2482 524 2651 597 φιλίαν
2699 533 2921 578 ποιεῖται
2976 527 3121 599 ἡμῖν.
3182 530 3282 579 Καὶ
3350 523 3432 578 δεῖ
3486 532 3640 579 παντὶ
3698 529 3871 581 σθένει

2270 617 2547 674 κινηθῆναι
2594 617 2753 687 ἡμᾶς,
2815 618 2981 685 Πάτερ
3035 617 3146 667 ὃσιε
3178 633 3191 645 ·
3261 615 3332 676 εἰς
3384 623 3535 667 τοῦτο
3561 618 3661 689 γὰρ
3714 614 3871 687 κάγὼ

2270 706 2495 764 κινηθεὶς
2553 704 2761 778 ἔγραψά
2818 724 2922 756 σοι.
2964 705 3025 757 Εἰ
3065 701 3124 757 δε
3162 706 3292 776 μετά
3330 709 3423 762 τήν
3471 707 3718 762 τοιαύτην
3747 708 3876 758 ἑπι-

2269 798 2517 867 χείρησιν
2550 793 2772 846 ἀπειθῶν
2804 793 3021 859 ἀπειθεῖ,
3052 793 3281 865 ὄψεται
3323 794 3349 845 ὁ
3398 792 3643 866 ἀνομῶν
3678 812 3690 824 ·
3730 794 3876 866 λέγει

2274 885 2501 954 Κύριος⁶
2552 881 2778 954 Ἀφετε
2830 883 3078 949 αὐτοὺς,
3128 881 3351 954 τυφλοί
3398 883 3563 935 εἰσιν
3596 900 3607 912 ·
3662 885 3729 945 ὡς
3780 881 3874 935 οὖν

2268 968 2443 1025 εύοδοί
2475 974 2684 1043 Κύριος,
2739 970 3083 1043 ἀγαθύνθητι,
3144 974 3332 1047 Πάτερ,
3379 968 3734 1030 ὃηλοποιῆσαὶ
3776 992 3874 1045 μοι

2265 1062 2539 1133 γράμματί
2572 1080 2666 1113 σου
2692 1067 2846 1134 τιμίῳ
2859 1105 2871 1118 .

2481 1177 2601 1231 PIZ’
2629 1178 2762 1249 (13).
2794 1209 2861 1219 -
2900 1185 3204 1254 Μαριανῷ
3246 1181 3607 1252 σπαθαρίῳ.
3638 1178 3865 1254 [χνη’.]

1838 1276 1909 1324 De
1944 1273 2133 1324 mundi
2159 1276 2491 1339 contemptu.

578 1365 888 1438 Compellit
908 1383 1005 1423 me
1020 1368 1101 1423 ad
1114 1366 1499 1423 scribendum
1519 1366 1709 1437 pietas
1726 1370 1850 1430 tua,
1867 1370 2154 1435 tanquam

504 1454 646 1511 inde
673 1455 952 1522 fructum,
980 1455 1194 1529 inquit,
1228 1456 1499 1527 capiens;
1527 1469 1638 1524 ego
1664 1469 1806 1509 vero
1838 1468 1956 1508 non
1991 1458 2151 1522 puto,

502 1545 648 1617 quia
663 1560 860 1600 sermo
890 1552 1111 1614 noster,
1136 1543 1659 1616 quemadmodum
1685 1548 1742 1597 et
1766 1542 1906 1607 vita,
1933 1540 2154 1596 inutilis

500 1639 592 1690 est
601 1652 620 1705 ς
651 1633 758 1689 sed
776 1638 840 1689 ut
860 1633 1144 1690 charitate
1167 1634 1363 1705 potius
1379 1632 1641 1688 incitata.
1668 1630 1949 1687 Charitas
1971 1631 2152 1695 enim,

503 1721 585 1778 ait
612 1722 950 1794 Apostolus,
968 1739 1087 1778 non
1118 1725 1338 1793 cogitat
1362 1722 1667 1778 malum“.
1699 1723 1985 1777 Craterum
2010 1734 2153 1791 quo-

502 1811 685 1867 modo
713 1827 806 1868 res
846 1827 907 1866 se
935 1811 1174 1877 habeat,
1213 1810 1359 1867 cedo
1400 1816 1452 1866 et
1479 1810 1783 1881 obsequor
1821 1809 2014 1864 amico
2053 1824 2153 1863 no-

500 1905 642 1965 stro,
667 1900 793 1956 viro
816 1899 999 1965 bono,
1031 1899 1444 1956 laudatissimo
1462 1898 1723 1971 praesidi,
1756 1896 2002 1953 alumno
2032 1898 2152 1969 pie-

498 1988 655 2054 tatis,
702 1989 989 2045 doctrinae
1020 1987 1370 2044 orthodoxae
1401 1987 1715 2059 discipulo,
1760 1986 1993 2042 homini
2026 1986 2148 2051 Dei,

500 2077 937 2135 monachorum
988 2077 1262 2134 amatori.
1314 2076 1490 2134 Multa
1536 2080 1677 2131 sunt
1706 2075 1981 2132 encomia
2024 2079 2147 2140 tua,

500 2167 740 2238 egregia
776 2165 1066 2223 facinora.
1098 2166 1213 2222 Sed
1243 2166 1394 2231 vide,
1440 2164 1685 2221 domine
1714 2164 1814 2229 mi,
1842 2163 2150 2235 quomodo

498 2256 805 2323 ambules;
844 2256 960 2312 hoc
1003 2257 1163 2313 enim
1207 2256 1427 2312 clamat
1454 2254 1869 2326 Apostolus“:
1923 2270 2044 2309 non
2091 2258 2152 2309 ut

497 2346 807 2418 insipiens,
832 2346 935 2401 sed
963 2353 1025 2402 ut
1043 2346 1285 2417 sapiens
1303 2363 1316 2413 ;
1336 2361 1459 2401 non
1480 2350 1542 2400 ut
1568 2345 1731 2401 carni
1758 2343 2017 2408 deditus,
2044 2343 2150 2398 sed

499 2439 566 2491 ut
603 2450 817 2491 amans
858 2436 1045 2492 Deum
1080 2451 1094 2501 ;
1135 2450 1258 2491 non
1294 2440 1583 2506 tanquam
1624 2432 2003 2499 immortalis,
2046 2433 2151 2487 sed

500 2529 793 2596 tanquam
823 2523 898 2579 de
947 2525 1107 2579 exitu
1156 2522 1461 2579 sollicitus.
1502 2522 1834 2578 Commune
1875 2527 1964 2577 est
1990 2520 2152 2576 debi-

499 2618 651 2676 tum,
675 2612 960 2685 praeﬁxus
992 2612 1280 2668 terminus
1303 2612 1407 2684 qui
1432 2611 1767 2667 transcendi
1790 2626 1909 2665 non
1937 2616 2147 2682 potest.

498 2701 633 2758 Non
655 2708 741 2758 est
762 2702 943 2767 enim,
961 2702 1061 2766 ait,
1084 2701 1187 2773 qui
1208 2701 1356 2757 vivet
1376 2706 1429 2756 et
1450 2716 1570 2755 non
1588 2699 1802 2756 videbit
1821 2703 2062 2755 mortem
2079 2699 2148 2752 δι.

502 2790 793 2856 Quanam
831 2805 996 2861 ergo,
1045 2790 1229 2858 dices,
1277 2795 1667 2862 utrorumque
1714 2789 1967 2859 prapriae
2014 2796 2151 2844 sunt

498 2880 697 2937 notae?
725 2878 865 2949 Ego,
888 2878 1100 2945 amice,
1135 2878 1237 2934 tibi
1257 2893 1581 2949 exponam.
1614 2877 1881 2932 Priorum
1904 2876 2148 2948 quidem

499 2967 756 3035 choreae,
769 2966 1099 3036 risus,ludi,
1116 2966 1502 3040 turpiloquia;
1518 2966 1848 3031 ebrietates,
1864 2966 2144 3037 crapulm,

2334 1362 2501 1416 Ἐλκει
2550 1365 2691 1436 ἡμᾶς
2738 1367 2768 1422 ἡ
2817 1364 3050 1418 εὐσέϐειά
3091 1384 3184 1419 σου
3234 1370 3363 1440 πρὸς
3403 1370 3461 1419 τὸ
3504 1369 3739 1440 γράφειν,
3795 1372 3870 1430 ὡς

2265 1452 2455 1523 ὄφελος,
2511 1459 2688 1525 φησὶν,
2744 1455 3065 1529 εύρίσκουσα
3098 1472 3108 1485 '
3165 1460 3254 1507 καὶ
3304 1455 3363 1507 ού
3424 1453 3603 1508 δοκῶ·
3654 1460 3864 1528 ἐπείπερ

2264 1542 2409 1612 ἡμῶν
2457 1545 2549 1594 σὺν
2604 1550 2675 1613 τῷ
2893 1545 3036 1596 καὶὸ
3081 1544 3228 1616 λόγος
3257 1546 3533 1616 ἄχρηστος
3563 1560 3577 1574 ·
3630 1544 3734 1597 ἀλλ’
3792 1548 3866 1606 ὡς

2264 1632 2440 1703 ἀγάπη
2476 1636 2745 1705 φερομένη.
2795 1631 2853 1684 Ἠ
2912 1630 3125 1703 ἀγάπη
3166 1635 3290 1708 γὰρ,
3348 1638 3502 1705 φησὶν
3541 1635 3567 1686 ὁ
3596 1635 3868 1687 Ἀπόστο-

2262 1719 2363 1784 λος,
2416 1723 2482 1772 τὸ
2540 1725 2734 1772 κακὸν
2788 1721 2856 1773 ού
2906 1720 3264 1792 λογίζεται.
3320 1723 3459 1781 Πλὴν
3507 1724 3760 1797 ὁποτέρως
3798 1722 3867 1774 ὄιν

2262 1810 2403 1880 ἔχοι,
2454 1812 2573 1862 εἴκω
2630 1815 2720 1863 καὶ
2776 1812 3020 1883 πείθομαι
3083 1820 3155 1883 τῷ
3213 1813 3445 1886 ἡμετέρῳ
3511 1814 3729 1886 ἐραστῇ,
3786 1821 3865 1883 τῷ

2263 1896 2442 1969 ἀγαθῷ
2492 1894 2667 1971 ἀνδρὶ,
2724 1908 2791 1970 τῷ
2837 1905 3154 1973 πανευφήμῳ
3207 1902 3452 1974 ἄρχοντι,
3501 1909 3574 1972 τῷ
3623 1905 3866 1976 τροφίμῳ

2260 1994 2355 2049 τῆς
2406 1987 2683 2053 εὐσεϐείας,
2730 1996 2802 2059 τῷ
2844 1991 3100 2064 θρέμματι
3146 1996 3240 2052 τῆς
3278 1986 3606 2062 ὁρθοδοξίας,
3663 1997 3734 2044 τῶ
3776 1989 3865 2043 ἀν-

2262 2079 2451 2148 θρώπῳ
2499 2084 2589 2128 τοῦ
2642 2084 2794 2143 Θεοῦ,
2836 2085 2906 2147 τῷ
2959 2077 3142 2151 φιλητῇ
3198 2086 3297 2131 τῶν
3346 2088 3638 2151 μοναστῶν.
3688 2080 3867 2132 Πολλά

2264 2185 2358 2218 σου
2417 2168 2482 2218 τὰ
2540 2165 2795 2238 ἐγκώμια,
2845 2166 3096 2221 κάλλιστα
3146 2169 3212 2220 τὰ
3265 2166 3644 2241 ἀριστεύματα.
3701 2169 3866 2225 Ἀλλά

2262 2252 2492 2327 βλέποις,
2524 2257 2549 2307 ὁ
2584 2252 2847 2318 δεσπότης
2875 2276 2998 2329 μου,
3038 2265 3148 2319 πῶς
3175 2264 3474 2331 περιπατεῖς
3516 2273 3528 2284 ⁵
3566 2265 3718 2310 τοῦτο
3752 2260 3862 2333 γάρ

2263 2340 2365 2416 βοᾷ
2401 2346 2427 2396 ὁ
2483 2345 2821 2412 Ἀποστολος,
2869 2350 2942 2416 μή
3001 2348 3066 2406 ὡς
3112 2348 3329 2419 ἄσοφος,
3377 2345 3484 2399 ἀλλ’
3532 2350 3601 2409 ὡς
3649 2352 3806 2419 σοφός
3842 2370 3857 2381 ο

2260 2438 2333 2505 μή
2368 2435 2436 2494 ὡς
2476 2434 2803 2507 φιλόσαρκος,
2850 2434 2959 2487 ἀλλ’
3013 2439 3077 2497 ὡς
3125 2435 3356 2507 φιλόθεος
3382 2453 3396 2467 ·
3451 2440 3522 2508 μὴ
3565 2438 3632 2499 ὡς
3662 2438 3859 2490 ἀθάνα-

2260 2542 2370 2591 τος,
2430 2523 2539 2577 ἀλλ’
2590 2527 2658 2587 ὡς
2706 2524 3014 2600 ἑμμέριμνος
3066 2522 3249 2589 ἔξοδον
3282 2542 3294 2556 ·
3344 2529 3405 2579 τὸ
3452 2531 3620 2580 κοινόν
3672 2532 3855 2603 χρέος,

2259 2616 2318 2664 τὸ
2379 2611 2727 2688 ἀνυπέρϐατον
2788 2616 3074 2689 ὁροθέσιον.
3118 2616 3249 2667 Ούκ
3311 2617 3444 2669 ἔστι
3501 2619 3626 2689 γὰρ,
3674 2622 3857 2689 φησὶν,

2262 2700 2324 2763 ὃς
2366 2702 2666 2769 ζήσεται,
2709 2708 2818 2754 καὶ
2858 2704 2969 2755 οὐκ
3008 2703 3236 2775 ἅψεται
3272 2706 3569 2762 θάνατον.
3616 2711 3746 2758 Τίνα
3768 2706 3859 2758 οὖν

2262 2788 2555 2863 ἀμφοτέρων
2586 2793 2651 2843 τὰ
2679 2788 2964 2864 ἰδιώματα,
2996 2796 3158 2856 εἴποις
3183 2794 3244 2845 ἄν
3274 2810 3287 2861 ;
3314 2794 3450 2865 Ἐγὼ
3479 2812 3564 2847 σοι
3597 2793 3855 2865 διεξίημι,

2261 2879 2370 2951 φίλε
2418 2898 2431 2912 °
2490 2888 2580 2932 τοῦ
2634 2884 2722 2953 μὲν
2801 2888 3009 2955 πρώτου
3074 2885 3399 2957 χορεύματα,
3471 2882 3855 2956 γελοιάσματα,

2259 2973 2498 3040 παίγνια,
2558 2969 3055 3043 αἰσχρολογήματα,
3108 2971 3451 3043 οἰνοφλυγίαι,
3519 2991 3849 3047 γαστριμαρ-

496 3056 633 3115 elati
649 3032 910 3130 spiritus,
935 3032 1149 3113 inanes
1163 3032 1777 3127 jactari-tiemexquisiti
1795 3055 1869 3109 ad
1894 3032 2144 3123 gloriam

2261 3061 2390 3128 γίαι,
2466 3064 2833 3131 μετεωρισμοὶ,
2913 3056 3128 3112 διάκενα
3211 3066 3518 3132 φυσήματα,
3594 3060 3843 3113 καλλωπί-

496 3151 743 3203 ornatus
761 3144 861 3201 alii
882 3145 1011 3201 aliis
1033 3145 1446 3213 succedentes,
1467 3143 1811 3199 divitiarum
1828 3142 2142 3209 desideria,

493 3250 752 3307 quaeque
779 3234 873 3290 his
900 3234 1073 3306 plura
1098 3238 1156 3289 et
1186 3233 1464 3304 graviora
1483 3232 1563 3288 ob
1587 3232 1889 3302 dignitatis
1920 3237 2037 3287 tua:
2060 3249 2145 3286 re-

494 3324 816 3380 verentiam
832 3325 1268 3395 praetermittor.
1289 3325 1355 3378 Et
1372 3322 1637 3394 quidem,
1656 3321 1760 3391 qui
1772 3321 1918 3377 talia
1932 3327 2142 3391 agunt,

494 3427 743 3483 regnum
782 3412 886 3469 Dei
908 3428 1028 3467 non
1078 3412 1594 3482 consequentur",
1647 3416 1709 3465 ut
1737 3410 2148 3482 pronuntiavit

493 3500 831 3573 Apostolus.
851 3506 971 3571 Age
992 3515 1130 3555 vero
1143 3499 1383 3556 alterius
1407 3515 1650 3571 quoque
1664 3499 1847 3570 partis
1873 3515 2007 3570 quae
2029 3499 2146 3554 sint

493 3590 740 3662 propria
777 3590 1112 3646 ostendam.
1170 3589 1494 3661 Paupertas
1548 3589 1807 3660 spiritus,
1858 3604 2146 3660 compun-

492 3679 704 3735 ctionis
732 3678 1037 3750 lacrymaa,
1074 3678 1497 3743 mansuetudo,
1543 3693 1680 3748 pax,
1717 3676 2141 3742 misericordia,

492 3768 708 3824 mentis
722 3767 780 3823 in
793 3766 981 3822 Deum
997 3765 1441 3837 contemplatio,
1458 3771 1836 3837 contemptus
1852 3766 2142 3837 pecuniae,

491 3857 699 3914 odium
722 3856 957 3921 mundi,
983 3854 1314 3925 frugalitas,
1339 3854 1705 3911 continentia
1725 3871 1832 3925 pro
1853 3855 2145 3925 cujusque

491 3946 703 4002 virium
725 3944 1037 4001 facultate:
1068 3960 1250 4015 supra
1268 3944 1612 4015 conjugem,
1644 3960 1826 4015 supra
1846 3942 2020 4009 ﬁlios,
2051 3960 2143 3998 su-

492 4050 604 4107 pra
634 4040 931 4106 parentes,
968 4049 1152 4107 supra
1182 4033 1410 4101 fratres,
1440 4049 1624 4105 supra
1650 4049 1863 4089 omnes
1894 4034 2142 4089 omnino

492 4139 697 4181 amare
714 4123 1031 4179 Dominum
1044 4123 1148 4195 qui
1175 4122 1311 4178 fecit
1338 4138 1468 4190 nos,
1483 4124 1586 4193 qui
1607 4123 1869 4192 seipsum
1895 4121 1973 4177 ad
1989 4137 2142 4178 mor-

494 4217 615 4269 tem
644 4212 884 4269 tradidit
906 4227 1016 4283 pro
1045 4226 1408 4283 unoquoque
1437 4216 1730 4267 nostrum.

564 4310 698 4366 Haec
728 4314 907 4382 atque
932 4309 1024 4364 his
1055 4307 1291 4375 similia,
1320 4308 1444 4365 veri
1474 4314 1613 4364 sunt
1642 4308 1977 4365 Christiani.
2006 4308 2139 4365 Noli

2258 3165 2436 3217 σματα
2490 3146 2863 3212 ἀλλεπάλληλα,
2927 3148 3306 3221 φιλοπλουτίαι,
3374 3152 3569 3223 ἔρωτες,
3637 3155 3727 3202 καὶ
3785 3152 3850 3202 τὰ

2254 3234 2409 3287 πλείω
2463 3241 2553 3287 καὶ
2592 3234 2853 3309 βαρύτερα
2899 3234 3047 3289 αἰδοῖ
3090 3245 3182 3299 τῆς
3223 3237 3458 3301 ἐξουσίας
3489 3258 3582 3291 σου
3637 3239 3850 3312 ἀφίημι.

2257 3329 2374 3376 Καί
2412 3345 2481 3396 γε
2521 3328 2578 3377 οἱ
2616 3328 2689 3378 τά
2728 3334 3002 3378 τοιαῦτα
3046 3329 3459 3403 πράσσοντες
3499 3324 3889 3401 βασιλείαν.

2256 3421 2416 3467 Θεοῦ
2454 3414 2521 3467 οῦ
2562 3414 3195 3489 κληρονομήσουσιν,
3241 3414 3488 3489 ἀπέφηνεν
3521 3420 3546 3469 ὁ
3587 3420 3854 3471 Ἀπόστο-

2252 3502 2352 3563 λος.
2397 3508 2550 3577 Δεῦρο
2581 3522 2665 3556 σοι
2711 3511 2800 3557 καὶ
2844 3512 2937 3557 τοῦ
2966 3504 3138 3579 ἑτέρου
3189 3502 3527 3578 ὑποδείξαιμι
3557 3509 3623 3559 τὰ
3652 3509 3851 3583 κράτη.

2255 3597 2502 3663 Πτωχεία
2561 3596 2868 3664 πνεύματος,
2925 3594 3243 3658 κατανύξεως
3319 3592 3546 3670 δάκρυα,
3598 3602 3853 3669 πραότης,

2254 3681 2450 3755 εἰρήνη,
2507 3680 2843 3754 ἐλεημοσύνη,
2881 3691 2971 3736 νοῦ
3017 3687 3145 3759 πρὸς
3203 3687 3330 3737 Θεὸν
3391 3686 3597 3758 θεωρία,
3640 3684 3858 3759 ἀφιλαρ-

3304 3772 3580 3846 ἔγκράτεια
3623 3794 3635 3807 ·

2255 3855 2477 3931 δύναμιν
2525 3869 2614 3920 τῆς
2653 3859 2726 3933 ἔφ’
2780 3860 2983 3933 ἑκάστῳ
3037 3858 3327 3933 δυνάμεως,
3384 3864 3509 3936 ὑπερ
3561 3864 3849 3935 ὀμόζυγον,

2252 3774 2431 3841 γυρία,
2507 3777 2854 3844 μισοκοσμία,
2925 3772 3228 3845 αὐτάρκεια,
3304 3772 3580 3845 ἐγκράτεια
3623 3794 3635 3807 ·
3716 3778 3857 3827 κατά

2252 3948 2377 4021 ὑπὲρ
2408 3952 2576 4015 τέκνα,
2628 3951 2754 4022 ὑπὲρ
2794 3958 2981 4020 γονεῖς,
3014 3952 3141 4027 ὑπὲρ
3191 3948 3465 4024 ἀδελφούς,
3506 3954 3634 4025 ύπὶρ
3686 3953 3851 4006 ἅπανο

2248 4059 2343 4101 τας
2382 4038 2571 4109 ἁπλῶς,
2623 4038 2828 4111 ἀγαπᾷν
2865 4043 2950 4093 τὸν
2997 4044 3185 4114 Κύριον
3220 4044 3307 4094 τὸν
3345 4046 3640 4099 ποιήσαντα
3685 4044 3847 4114 ἡμᾶς,

2249 4133 2335 4180 τὸν
2411 4130 2536 4201 ὑπὲρ
2611 4128 2717 4191 ἐνὸς
2792 4129 3012 4182 ἑκάστου
3097 4126 3428 4184 ἐκδεδωκότα
3501 4130 3685 4184 ἑαυτὸν
3776 4132 3849 4194 εἰς

2252 4218 2487 4272 θάνατον.

2318 4313 2497 4359 Ταῦτα
2524 4310 2613 4359 καὶ
2641 4309 2706 4359 τὰ
2732 4309 2934 4368 τούτοις
2976 4308 3151 4380 ὅμοια,
3183 4312 3273 4361 καὶ
3318 4315 3410 4362 τοῦ
3440 4308 3686 4367 ἀληθινοῦ
3718 4317 3846 4381 Χρι-

492 4399 653 4457 enim
679 4398 752 4454 de
774 4397 1075 4454 monacho
1103 4397 1494 4469 interpretari,
1526 4398 1789 4461 domine,
1816 4414 1953 4468 quae
1982 4398 2140 4454 dicta

2261 4404 2480 4453 ττιανοῦ.
2534 4402 2619 4455 Μή
2673 4399 2776 4469 γάρ
2828 4416 2909 4450 τοι
2963 4403 3205 4470 νομίσῃς,
3262 4394 3514 4464 δέσποτα,
3554 4398 3640 4451 ἐπὶ
3689 4402 3847 4471 μονά-

494 4493 654 4553 sunt,
686 4492 741 4542 et
767 4503 886 4542 non
917 4486 991 4541 de
1024 4486 1176 4542 laico
1207 4486 1512 4559 aequaliter
1545 4488 1747 4542 omnia
1774 4487 2031 4555 (tametsi
2064 4487 2138 4542 de

497 4576 793 4633 monacho
822 4577 1175 4648 impensius)
1208 4581 1418 4648 praeter
1442 4577 1869 4631 continentiam
1901 4584 1955 4631 et
1992 4592 2135 4645 pau-

492 4672 801 4738 pertatem,
822 4666 896 4720 de
917 4665 1137 4737 quibus
1151 4664 1448 4720 saecularis
1470 4681 1591 4719 non
1616 4664 2133 4720 condemnabitur.

492 4759 557 4811 Et
580 4759 775 4811 tamen
800 4756 926 4810 istic
950 4771 1190 4827 quoque
1218 4762 1352 4810 sunt
1375 4760 1644 4825 tempora
1660 4756 2058 4821 continentiae,
2084 4760 2138 4810 et

489 4843 841 4914 frugalitatis
863 4843 1042 4913 leges.
1073 4843 1371 4898 Habentes
1402 4843 1556 4897 enim
1590 4844 1893 4910 alimenta,
1925 4844 2133 4915 inquit,

488 4940 541 4989 et
566 4933 777 5004 quibus
804 4937 1091 5002 tegamur,
1114 4932 1203 4987 his
1220 4931 1479 4987 contenti
1506 4931 1686 4986 simus
1702 4932 1768 4986 ⁵³.
1801 4932 1913 4999 Qui
1938 4939 2132 4988 autem

486 5023 1076 5091 divitesﬁerivoiunt,
1105 5022 1381 5076 incidunt
1401 5020 1459 5075 in
1480 5020 1825 5075 barathrum
1856 5020 2136 5077 inelucta-

486 5112 601 5168 bile
614 5113 685 5163 ⁵⁸.
706 5114 1039 5175 Etrursum,
1065 5111 1137 5167 Ut
1156 5117 1208 5165 et
1232 5110 1335 5180 qui
1354 5109 1569 5165 habent
1586 5124 1821 5175 uxores,
1847 5116 2131 5181 tanquam

558 5221 601 5254 ‘7
660 5219 810 5274 Psal.
875 5233 984 5282 cxi,
1024 5216 1106 5271 10.
1186 5218 1231 5251 ⁸⁸
1280 5215 1479 5271 Matth.
1535 5216 1744 5281 xv,t1i.

486 5292 532 5326 ⁵³
588 5289 802 5362 Ephes.
840 5304 894 5354 ν,
925 5289 977 5344 4.
1057 5289 1105 5322 ⁵³
1137 5288 1431 5354 lTim.v1,
1466 5290 1518 5342 8.
1598 5288 1644 5322 ⁵⁸
1675 5287 1697 5340 I
1737 5289 1865 5343 Cor.
1902 5304 1998 5353 v11,
2045 5293 2135 5345 29.

1822 5217 1918 5270 “1
1985 5218 2111 5272 Cor.
2163 5234 2286 5285 xm,
2355 5224 2407 5275 5.

2249 4485 2428 4547 ζοντος
2471 4489 2535 4539 τὰ
2586 4485 2857 4558 λεχθέντα,
2921 4485 3024 4539 ἀλλ’
3081 4487 3209 4559 ούχὶ
3265 4493 3352 4541 καὶ
3404 4487 3484 4541 ἐπὶ
3536 4487 3722 4540 λαῑκοῦ
3780 4490 3845 4541 τὰ

2246 4577 2415 4627 πάντα
2466 4574 2650 4637 ἐπίσης
2692 4574 2807 4647 (κᾶν
2859 4578 2908 4628 ἓν
2948 4584 3020 4647 τῷ
3070 4577 3349 4649 μονάζοντι
3400 4578 3794 4649 ἓπιτεταμένως)
3829 4595 3842 4607 ·

2250 4664 2378 4723 πλὴν
2423 4664 2647 4735 ἀγαμὶας
2695 4669 2784 4718 καὶ
2842 4664 3231 4739 ἀκτημοσύνης,
3282 4666 3333 4719 έν
3384 4668 3456 4727 οἷς
3509 4668 3535 4719 ὁ
3588 4670 3843 4738 κοσμικὰς

2245 4756 2305 4805 ού
2330 4760 2699 4827 κατακέκριται
2719 4774 2731 4786 ο
2753 4756 2892 4827 ὅμως
2915 4754 3181 4808 κάνταῦθα
3204 4754 3503 4829 ἕγκρατείας
3528 4761 3722 4829 καιροὶ,
3750 4761 3842 4808 καὶ

2247 4842 2556 4916 αὐταρκείας
2590 4845 2792 4916 θεσμοί.
2815 4843 2928 4916 Ἐχ
2950 4864 3125 4907 οντες
3148 4846 3273 4917 γὰρ,
3305 4850 3455 4917 φησὶ,
3490 4842 3524 4897 δ
3541 4849 3845 4917 ιατροφάς

2245 4938 2351 4986 καὶ
2392 4938 2843 5006 σκεπάσματα,
2887 4938 3142 4996 τούτοις
3183 4933 3733 5009 ἀρκεσθησόμεθα.
3768 4937 3843 4988 Οἱ

2246 5019 2313 5075 δὲ
2369 5019 2752 5095 βουλόμενοι
2814 5023 3134 5088 πλουτεῖν,
3183 5022 3621 5095 ἐμπίπτουσιν
3672 5024 3745 5085 εἰς
3782 5026 3839 5076 τὸ

2244 5113 2468 5183 ἄφυκτον
2497 5112 2782 5187 βάραθρον.
2815 5117 2914 5167 Καὶ
2944 5112 3134 5179 πάλιν;
3166 5110 3298 5167 Ἰνα
3334 5116 3442 5167 καὶ
3494 5115 3553 5165 οἱ
3582 5115 3840 5185 ἔχοντες

2484 5221 2527 5256 ⁵ο
2575 5220 2785 5292 Ephes.
2840 5236 2895 5288 ν,
2953 5225 3035 5277 i5.
3113 5222 3158 5257 ⁸1
3218 5219 3366 5278 Psal.
3417 5236 3694 5286 Lxxxvrn,
3747 5221 3835 5276 49.

2040 5398 2269 5455 ΝΟΤΖΕ.

555 5503 669 5579 (t3)
699 5504 762 5559 In
794 5503 927 5560 cod.
960 5505 1097 5575 Reg.
1127 5502 1265 5577 pxa’.
