  <div class='ocr_page' id='page_1' title='image "/cluster/home/n/w/nwhite01/storage/ocr_20150623/99/mdp.39015005675577/700.png"; bbox 0 0 4036 6276; ppageno 0'>
   <div class='ocr_carea' id='block_1_1' title="bbox 255 287 398 344">
    <p class='ocr_par' dir='ltr' id='par_1_1' title="bbox 255 287 398 344">
     <span class='ocr_line' id='line_1_1' title="bbox 255 287 398 344; baseline 0 0"><span class='ocrx_word' id='word_1_1' title='bbox 255 287 398 344; x_wconf 72' lang='grc'>1389</span> 
     </span>
    </p>
   </div>
   <div class='ocr_carea' id='block_1_2' title="bbox 1528 282 2334 344">
    <p class='ocr_par' dir='ltr' id='par_1_2' title="bbox 1528 282 2334 344">
     <span class='ocr_line' id='line_1_2' title="bbox 1528 282 2334 344; baseline 0.005 -4"><span class='ocrx_word' id='word_1_2' title='bbox 1528 282 2044 342; x_wconf 82' lang='lat' dir='ltr'>EPISTOLARUM</span> <span class='ocrx_word' id='word_1_3' title='bbox 2083 284 2221 341; x_wconf 85' lang='lat' dir='ltr'>LIB.</span> <span class='ocrx_word' id='word_1_4' title='bbox 2265 287 2334 344; x_wconf 90' lang='grc' dir='ltr'>ΙΙ.</span> 
     </span>
    </p>
   </div>
   <div class='ocr_carea' id='block_1_3' title="bbox 3474 286 3620 348">
    <p class='ocr_par' dir='ltr' id='par_1_3' title="bbox 3474 286 3620 348">
     <span class='ocr_line' id='line_1_3' title="bbox 3474 286 3620 348; baseline 0.021 -3"><span class='ocrx_word' id='word_1_5' title='bbox 3474 286 3620 348; x_wconf 77' lang='grc'><strong>1390</strong></span> 
     </span>
    </p>
   </div>
   <div class='ocr_carea' id='block_1_4' title="bbox 253 405 1861 484">
    <p class='ocr_par' dir='ltr' id='par_1_4' title="bbox 253 405 1861 484">
     <span class='ocr_line' id='line_1_4' title="bbox 253 405 1861 484; baseline -0.002 -19"><span class='ocrx_word' id='word_1_6' title='bbox 253 417 592 484; x_wconf 81' lang='grc' dir='ltr'><strong>γυναῖκας,</strong></span> <span class='ocrx_word' id='word_1_7' title='bbox 642 412 719 473; x_wconf 85' lang='grc' dir='ltr'><strong>ὡς</strong></span> <span class='ocrx_word' id='word_1_8' title='bbox 756 414 836 482; x_wconf 79' lang='grc' dir='ltr'><strong>μὴ</strong></span> <span class='ocrx_word' id='word_1_9' title='bbox 879 411 1142 482; x_wconf 78' lang='grc' dir='ltr'><strong>ἔχοντες</strong></span> <span class='ocrx_word' id='word_1_10' title='bbox 1190 410 1364 465; x_wconf 83' lang='grc' dir='ltr'><strong>ὦσιν.</strong></span> <span class='ocrx_word' id='word_1_11' title='bbox 1421 406 1582 476; x_wconf 80' lang='grc' dir='ltr'><strong>Ἰδού,</strong></span> <span class='ocrx_word' id='word_1_12' title='bbox 1633 405 1861 462; x_wconf 84' lang='grc' dir='ltr'><strong>δέσποτά</strong></span> 
     </span>
    </p>
   </div>
   <div class='ocr_carea' id='block_1_5' title="bbox 1973 405 3625 484">
    <p class='ocr_par' dir='ltr' id='par_1_5' title="bbox 1976 408 3625 484">
     <span class='ocr_line' id='line_1_5' title="bbox 1976 408 3625 484; baseline 0.004 -20"><span class='ocrx_word' id='word_1_13' title='bbox 1976 425 2095 465; x_wconf 83' lang='lat' dir='ltr'>non</span> <span class='ocrx_word' id='word_1_14' title='bbox 2114 408 2391 467; x_wconf 74' lang='lat' dir='ltr'>habentes</span> <span class='ocrx_word' id='word_1_15' title='bbox 2407 411 2525 467; x_wconf 81' lang='lat' dir='ltr'>sint</span> <span class='ocrx_word' id='word_1_16' title='bbox 2544 413 2613 469; x_wconf 78' lang='grc'>⁸⁸.</span> <span class='ocrx_word' id='word_1_17' title='bbox 2636 413 2805 479; x_wconf 83' lang='lat' dir='ltr'>Ecce,</span> <span class='ocrx_word' id='word_1_18' title='bbox 2850 413 2930 469; x_wconf 92' lang='lat' dir='ltr'>mi</span> <span class='ocrx_word' id='word_1_19' title='bbox 2957 413 3221 479; x_wconf 85' lang='lat' dir='ltr'>domine,</span> <span class='ocrx_word' id='word_1_20' title='bbox 3253 413 3506 484; x_wconf 88' lang='lat' dir='ltr'>adegisti</span> <span class='ocrx_word' id='word_1_21' title='bbox 3526 428 3625 471; x_wconf 92' lang='lat' dir='ltr'>me</span> 
     </span>
    </p>
   </div>
   <div class='ocr_carea' id='block_1_6' title="bbox 255 495 1867 575">
    <p class='ocr_par' dir='ltr' id='par_1_6' title="bbox 255 495 1867 575">
     <span class='ocr_line' id='line_1_6' title="bbox 255 495 1867 575; baseline -0.002 -22"><span class='ocrx_word' id='word_1_22' title='bbox 255 522 377 575; x_wconf 88' lang='grc' dir='ltr'><strong>μου,</strong></span> <span class='ocrx_word' id='word_1_23' title='bbox 431 501 741 571; x_wconf 80' lang='grc' dir='ltr'><strong>ἠνάγκασάς</strong></span> <span class='ocrx_word' id='word_1_24' title='bbox 787 518 852 571; x_wconf 93' lang='grc' dir='ltr'><strong>με</strong></span> <span class='ocrx_word' id='word_1_25' title='bbox 898 502 956 551; x_wconf 94' lang='grc' dir='ltr'>τό</span> <span class='ocrx_word' id='word_1_26' title='bbox 1011 495 1282 569; x_wconf 75' lang='grc' dir='ltr'>δικαίωμα</span> <span class='ocrx_word' id='word_1_27' title='bbox 1309 506 1401 551; x_wconf 85' lang='grc' dir='ltr'>τοῦ</span> <span class='ocrx_word' id='word_1_28' title='bbox 1443 505 1576 552; x_wconf 86' lang='grc' dir='ltr'><strong>Θεοῦ</strong></span> <span class='ocrx_word' id='word_1_29' title='bbox 1629 497 1867 570; x_wconf 84' lang='grc' dir='ltr'><strong>ἀναγγεῖ-</strong></span> 
     </span>
    </p>
   </div>
   <div class='ocr_carea' id='block_1_7' title="bbox 255 586 1866 662">
    <p class='ocr_par' dir='ltr' id='par_1_7' title="bbox 255 586 1866 662">
     <span class='ocr_line' id='line_1_7' title="bbox 255 586 1866 662; baseline -0.003 -18"><span class='ocrx_word' id='word_1_30' title='bbox 255 589 341 644; x_wconf 87' lang='grc' dir='ltr'>λαί</span> <span class='ocrx_word' id='word_1_31' title='bbox 406 608 516 646; x_wconf 90' lang='grc' dir='ltr'><strong>σοι.</strong></span> <span class='ocrx_word' id='word_1_32' title='bbox 593 591 903 660; x_wconf 85' lang='grc' dir='ltr'><strong>Σπεύσωμεν</strong></span> <span class='ocrx_word' id='word_1_33' title='bbox 966 586 1247 661; x_wconf 83' lang='grc' dir='ltr'><strong>ἀμφότεροι</strong></span> <span class='ocrx_word' id='word_1_34' title='bbox 1306 589 1559 646; x_wconf 83' lang='grc' dir='ltr'><strong>σωθῆναι.</strong></span> <span class='ocrx_word' id='word_1_35' title='bbox 1628 587 1866 662; x_wconf 83' lang='grc' dir='ltr'><strong>Ἀρκετός</strong></span> 
     </span>
    </p>
   </div>
   <div class='ocr_carea' id='block_1_8' title="bbox 255 674 1866 753">
    <p class='ocr_par' dir='ltr' id='par_1_8' title="bbox 255 674 1866 753">
     <span class='ocr_line' id='line_1_8' title="bbox 255 674 1866 753; baseline -0.002 -21"><span class='ocrx_word' id='word_1_36' title='bbox 255 684 380 753; x_wconf 77' lang='grc' dir='ltr'><strong>ἡμῖν</strong></span> <span class='ocrx_word' id='word_1_37' title='bbox 432 680 457 731; x_wconf 99' lang='lat'>6</span> <span class='ocrx_word' id='word_1_38' title='bbox 509 677 880 751; x_wconf 89' lang='grc' dir='ltr'><strong>παρεληλυθὼς</strong></span> <span class='ocrx_word' id='word_1_39' title='bbox 917 682 1111 752; x_wconf 80' lang='grc' dir='ltr'>χρόνος</span> <span class='ocrx_word' id='word_1_40' title='bbox 1148 684 1239 729; x_wconf 91' lang='grc' dir='ltr'>τοῦ</span> <span class='ocrx_word' id='word_1_41' title='bbox 1277 674 1419 750; x_wconf 87' lang='grc' dir='ltr'><strong>βίου,</strong></span> <span class='ocrx_word' id='word_1_42' title='bbox 1450 680 1509 729; x_wconf 89' lang='grc' dir='ltr'>τό</span> <span class='ocrx_word' id='word_1_43' title='bbox 1551 675 1748 748; x_wconf 79' lang='grc' dir='ltr'><strong>θέλημα</strong></span> <span class='ocrx_word' id='word_1_44' title='bbox 1772 683 1866 737; x_wconf 81' lang='grc' dir='ltr'><strong>τῆς</strong></span> 
     </span>
    </p>
   </div>
   <div class='ocr_carea' id='block_1_9' title="bbox 258 764 1864 840">
    <p class='ocr_par' dir='ltr' id='par_1_9' title="bbox 258 764 1864 840">
     <span class='ocr_line' id='line_1_9' title="bbox 258 764 1864 840; baseline -0.002 -19"><span class='ocrx_word' id='word_1_45' title='bbox 258 769 452 840; x_wconf 84' lang='grc' dir='ltr'><strong>σαρκός</strong></span> <span class='ocrx_word' id='word_1_46' title='bbox 503 768 956 839; x_wconf 87' lang='grc' dir='ltr'><strong>κατεργάσασθαι.</strong></span> <span class='ocrx_word' id='word_1_47' title='bbox 1014 772 1161 832; x_wconf 85' lang='grc' dir='ltr'><strong>Νῦν,</strong></span> <span class='ocrx_word' id='word_1_48' title='bbox 1220 770 1375 839; x_wconf 80' lang='grc' dir='ltr'><strong>φησὶν</strong></span> <span class='ocrx_word' id='word_1_49' title='bbox 1439 767 1464 817; x_wconf 93' lang='grc' dir='ltr'>ό</span> <span class='ocrx_word' id='word_1_50' title='bbox 1518 764 1864 827; x_wconf 87' lang='grc' dir='ltr'><strong>Ἀπόστολος,</strong></span> 
     </span>
    </p>
   </div>
   <div class='ocr_carea' id='block_1_10' title="bbox 255 852 1860 930">
    <p class='ocr_par' dir='ltr' id='par_1_10' title="bbox 255 852 1860 930">
     <span class='ocr_line' id='line_1_10' title="bbox 255 852 1860 930; baseline -0.002 -20"><span class='ocrx_word' id='word_1_51' title='bbox 255 860 489 930; x_wconf 90' lang='grc' dir='ltr'><strong>καιρός</strong></span> <span class='ocrx_word' id='word_1_52' title='bbox 528 852 1042 930; x_wconf 69' lang='grc' dir='ltr'>εὐπρόσδεκτος,</span> <span class='ocrx_word' id='word_1_53' title='bbox 1091 862 1199 906; x_wconf 88' lang='grc' dir='ltr'>νῦν</span> <span class='ocrx_word' id='word_1_54' title='bbox 1251 857 1460 930; x_wconf 79' lang='grc' dir='ltr'><strong>ἡμέρα</strong></span> <span class='ocrx_word' id='word_1_55' title='bbox 1513 859 1860 926; x_wconf 78' lang='grc' dir='ltr'>σωτηρίας.</span> 
     </span>
    </p>
   </div>
   <div class='ocr_carea' id='block_1_11' title="bbox 256 941 1866 1018">
    <p class='ocr_par' dir='ltr' id='par_1_11' title="bbox 256 941 1866 1018">
     <span class='ocr_line' id='line_1_11' title="bbox 256 941 1866 1018; baseline -0.003 -18"><span class='ocrx_word' id='word_1_56' title='bbox 256 943 401 1001; x_wconf 87' lang='grc' dir='ltr'><strong>Ἰδού</strong></span> <span class='ocrx_word' id='word_1_57' title='bbox 430 947 457 998; x_wconf 88' lang='lat'>6</span> <span class='ocrx_word' id='word_1_58' title='bbox 498 945 697 1018; x_wconf 82' lang='grc' dir='ltr'><strong>ἀγαθὸς</strong></span> <span class='ocrx_word' id='word_1_59' title='bbox 738 947 863 1007; x_wconf 83' lang='grc' dir='ltr'>Θεὸς</span> <span class='ocrx_word' id='word_1_60' title='bbox 888 941 1167 1017; x_wconf 72' lang='grc' dir='ltr'><strong>ἐκδέχεται</strong></span> <span class='ocrx_word' id='word_1_61' title='bbox 1201 945 1295 1006; x_wconf 77' lang='grc' dir='ltr'><strong>ἕως</strong></span> <span class='ocrx_word' id='word_1_62' title='bbox 1336 942 1568 1016; x_wconf 78' lang='grc' dir='ltr'>ἐσχάτης</span> <span class='ocrx_word' id='word_1_63' title='bbox 1607 946 1866 1005; x_wconf 78' lang='grc' dir='ltr'>ἀναπνοῆς</span> 
     </span>
    </p>
   </div>
   <div class='ocr_carea' id='block_1_12' title="bbox 255 1032 1866 1111">
    <p class='ocr_par' dir='ltr' id='par_1_12' title="bbox 255 1032 1866 1111">
     <span class='ocr_line' id='line_1_12' title="bbox 255 1032 1866 1111; baseline -0.002 -23"><span class='ocrx_word' id='word_1_64' title='bbox 255 1039 345 1089; x_wconf 90' lang='grc' dir='ltr'>τόν</span> <span class='ocrx_word' id='word_1_65' title='bbox 380 1038 580 1111; x_wconf 87' lang='grc' dir='ltr'><strong>καρπόν</strong></span> <span class='ocrx_word' id='word_1_66' title='bbox 620 1036 768 1107; x_wconf 80' lang='grc' dir='ltr'><strong>ἡμῶν</strong></span> <span class='ocrx_word' id='word_1_67' title='bbox 793 1052 806 1065; x_wconf 90' lang='grc'><strong>·</strong></span> <span class='ocrx_word' id='word_1_68' title='bbox 841 1038 913 1106; x_wconf 78' lang='grc' dir='ltr'><strong>μὴ</strong></span> <span class='ocrx_word' id='word_1_69' title='bbox 946 1036 1122 1087; x_wconf 81' lang='grc' dir='ltr'><strong>εἴποι·</strong></span> <span class='ocrx_word' id='word_1_70' title='bbox 1153 1032 1468 1104; x_wconf 70' lang='grc' dir='ltr'><strong>Ἔκκοψον</strong></span> <span class='ocrx_word' id='word_1_71' title='bbox 1508 1032 1721 1098; x_wconf 79' lang='grc' dir='ltr'><strong>αὐτόν,</strong></span> <span class='ocrx_word' id='word_1_72' title='bbox 1765 1033 1866 1085; x_wconf 83' lang='grc' dir='ltr'><strong>ἵνα</strong></span> 
     </span>
    </p>
   </div>
   <div class='ocr_carea' id='block_1_13' title="bbox 254 1120 1862 1196">
    <p class='ocr_par' dir='ltr' id='par_1_13' title="bbox 254 1120 1862 1196">
     <span class='ocr_line' id='line_1_13' title="bbox 254 1120 1862 1196; baseline -0.003 -19"><span class='ocrx_word' id='word_1_73' title='bbox 254 1130 315 1178; x_wconf 90' lang='grc' dir='ltr'>τί</span> <span class='ocrx_word' id='word_1_74' title='bbox 354 1128 462 1177; x_wconf 79' lang='grc' dir='ltr'>καὶ</span> <span class='ocrx_word' id='word_1_75' title='bbox 498 1128 611 1182; x_wconf 76' lang='grc' dir='ltr'><strong>τήν</strong></span> <span class='ocrx_word' id='word_1_76' title='bbox 655 1131 773 1195; x_wconf 79' lang='grc' dir='ltr'><strong>γῆν</strong></span> <span class='ocrx_word' id='word_1_77' title='bbox 812 1128 1129 1196; x_wconf 85' lang='grc' dir='ltr'><strong>καταργεῖ</strong></span> <span class='ocrx_word' id='word_1_78' title='bbox 1160 1138 1175 1188; x_wconf 89' lang='grc'>;</span> <span class='ocrx_word' id='word_1_79' title='bbox 1202 1126 1273 1194; x_wconf 81' lang='grc' dir='ltr'><strong>μὴ</strong></span> <span class='ocrx_word' id='word_1_80' title='bbox 1329 1121 1510 1193; x_wconf 80' lang='grc' dir='ltr'><strong>κλείσῃ</strong></span> <span class='ocrx_word' id='word_1_81' title='bbox 1542 1120 1659 1174; x_wconf 86' lang='grc' dir='ltr'><strong>καθ’</strong></span> <span class='ocrx_word' id='word_1_82' title='bbox 1695 1122 1862 1193; x_wconf 77' lang='grc' dir='ltr'><strong>ἡμῶν,</strong></span> 
     </span>
    </p>
   </div>
   <div class='ocr_carea' id='block_1_14' title="bbox 254 1207 1864 1285">
    <p class='ocr_par' dir='ltr' id='par_1_14' title="bbox 254 1207 1864 1285">
     <span class='ocr_line' id='line_1_14' title="bbox 254 1207 1864 1285; baseline -0.004 -18"><span class='ocrx_word' id='word_1_83' title='bbox 254 1218 344 1267; x_wconf 79' lang='grc' dir='ltr'>καὶ</span> <span class='ocrx_word' id='word_1_84' title='bbox 374 1213 469 1267; x_wconf 81' lang='grc' dir='ltr'><strong>οὐκ</strong></span> <span class='ocrx_word' id='word_1_85' title='bbox 494 1214 636 1266; x_wconf 76' lang='grc' dir='ltr'><strong>ἔστιν</strong></span> <span class='ocrx_word' id='word_1_86' title='bbox 682 1212 874 1276; x_wconf 82' lang='grc' dir='ltr'>ἄνοιξις</span> <span class='ocrx_word' id='word_1_87' title='bbox 899 1229 912 1242; x_wconf 89' lang='grc'><strong>·</strong></span> <span class='ocrx_word' id='word_1_88' title='bbox 943 1216 1016 1285; x_wconf 82' lang='grc' dir='ltr'><strong>μὴ</strong></span> <span class='ocrx_word' id='word_1_89' title='bbox 1067 1210 1219 1264; x_wconf 87' lang='grc' dir='ltr'><strong>λάϐοι</strong></span> <span class='ocrx_word' id='word_1_90' title='bbox 1248 1212 1387 1284; x_wconf 79' lang='grc' dir='ltr'><strong>ἡμᾶς</strong></span> <span class='ocrx_word' id='word_1_91' title='bbox 1437 1212 1462 1262; x_wconf 90' lang='lat'>6</span> <span class='ocrx_word' id='word_1_92' title='bbox 1522 1207 1765 1271; x_wconf 86' lang='grc' dir='ltr'><strong>διάϐολος</strong></span> <span class='ocrx_word' id='word_1_93' title='bbox 1793 1209 1864 1273; x_wconf 81' lang='grc' dir='ltr'><strong>εἰς</strong></span> 
     </span>
    </p>
   </div>
   <div class='ocr_carea' id='block_1_15' title="bbox 255 1298 1862 1377">
    <p class='ocr_par' dir='ltr' id='par_1_15' title="bbox 255 1298 1862 1377">
     <span class='ocr_line' id='line_1_15' title="bbox 255 1298 1862 1377; baseline -0.011 -21"><span class='ocrx_word' id='word_1_94' title='bbox 255 1305 407 1377; x_wconf 86' lang='grc' dir='ltr'><strong>μέρος</strong></span> <span class='ocrx_word' id='word_1_95' title='bbox 476 1301 661 1368; x_wconf 78' lang='grc' dir='ltr'><strong>αὐτοῦ,</strong></span> <span class='ocrx_word' id='word_1_96' title='bbox 740 1300 1218 1374; x_wconf 80' lang='grc' dir='ltr'><strong>συγκολαζομένους</strong></span> <span class='ocrx_word' id='word_1_97' title='bbox 1284 1299 1468 1352; x_wconf 86' lang='grc' dir='ltr'><strong>αἰώνια</strong></span> <span class='ocrx_word' id='word_1_98' title='bbox 1499 1315 1513 1329; x_wconf 86' lang='grc'><strong>·</strong></span> <span class='ocrx_word' id='word_1_99' title='bbox 1566 1302 1638 1371; x_wconf 74' lang='grc' dir='ltr'><strong>μὴ</strong></span> <span class='ocrx_word' id='word_1_100' title='bbox 1702 1298 1862 1371; x_wconf 78' lang='grc' dir='ltr'><strong>ἀνάρ-</strong></span> 
     </span>
    </p>
   </div>
   <div class='ocr_carea' id='block_1_16' title="bbox 256 1383 1862 1463">
    <p class='ocr_par' dir='ltr' id='par_1_16' title="bbox 256 1383 1862 1463">
     <span class='ocr_line' id='line_1_16' title="bbox 256 1383 1862 1463; baseline -0.002 -19"><span class='ocrx_word' id='word_1_101' title='bbox 256 1410 453 1445; x_wconf 81' lang='grc' dir='ltr'><strong>παστοι</strong></span> <span class='ocrx_word' id='word_1_102' title='bbox 498 1392 641 1463; x_wconf 81' lang='grc' dir='ltr'><strong>ἄφνω</strong></span> <span class='ocrx_word' id='word_1_103' title='bbox 668 1391 960 1463; x_wconf 86' lang='grc' dir='ltr'><strong>γενοίμεθα.</strong></span> <span class='ocrx_word' id='word_1_104' title='bbox 1016 1390 1247 1449; x_wconf 84' lang='grc' dir='ltr'><strong>Ποσάκις</strong></span> <span class='ocrx_word' id='word_1_105' title='bbox 1298 1386 1485 1459; x_wconf 75' lang='grc' dir='ltr'><strong>ἐγγύας</strong></span> <span class='ocrx_word' id='word_1_106' title='bbox 1539 1383 1862 1461; x_wconf 81' lang='grc' dir='ltr'><strong>δέδὼκαμεν,</strong></span> 
     </span>
    </p>
   </div>
   <div class='ocr_carea' id='block_1_17' title="bbox 257 1473 1865 1547">
    <p class='ocr_par' dir='ltr' id='par_1_17' title="bbox 257 1473 1865 1547">
     <span class='ocr_line' id='line_1_17' title="bbox 257 1473 1865 1547; baseline -0.002 -14"><span class='ocrx_word' id='word_1_107' title='bbox 257 1481 327 1543; x_wconf 81' lang='grc' dir='ltr'><strong>ὡς</strong></span> <span class='ocrx_word' id='word_1_108' title='bbox 352 1480 396 1534; x_wconf 83' lang='grc' dir='ltr'><strong>εἰ</strong></span> <span class='ocrx_word' id='word_1_109' title='bbox 420 1487 511 1540; x_wconf 81' lang='grc' dir='ltr'><strong>τῆς</strong></span> <span class='ocrx_word' id='word_1_110' title='bbox 558 1478 845 1544; x_wconf 68' lang='grc' dir='ltr'><strong>ἀσθενείας.</strong></span> <span class='ocrx_word' id='word_1_111' title='bbox 897 1480 927 1538; x_wconf 77' lang='grc' dir='ltr'><strong>ἣ</strong></span> <span class='ocrx_word' id='word_1_112' title='bbox 978 1475 1137 1532; x_wconf 87' lang='grc' dir='ltr'><strong>τοῦδε</strong></span> <span class='ocrx_word' id='word_1_113' title='bbox 1181 1484 1275 1531; x_wconf 89' lang='grc' dir='ltr'>τοῦ</span> <span class='ocrx_word' id='word_1_114' title='bbox 1324 1473 1590 1547; x_wconf 81' lang='grc' dir='ltr'><strong>κινδύνου,</strong></span> <span class='ocrx_word' id='word_1_115' title='bbox 1631 1477 1661 1535; x_wconf 76' lang='grc' dir='ltr'><strong>ἣ</strong></span> <span class='ocrx_word' id='word_1_116' title='bbox 1696 1473 1865 1536; x_wconf 84' lang='grc' dir='ltr'><strong>τῆσδε</strong></span> 
     </span>
    </p>
   </div>
   <div class='ocr_carea' id='block_1_18' title="bbox 257 1562 1855 1643">
    <p class='ocr_par' dir='ltr' id='par_1_18' title="bbox 257 1562 1855 1643">
     <span class='ocr_line' id='line_1_18' title="bbox 257 1562 1855 1643; baseline -0.003 -21"><span class='ocrx_word' id='word_1_117' title='bbox 257 1576 356 1632; x_wconf 80' lang='grc' dir='ltr'><strong>τῆς</strong></span> <span class='ocrx_word' id='word_1_118' title='bbox 408 1568 631 1640; x_wconf 73' lang='grc' dir='ltr'><strong>θλίψεως</strong></span> <span class='ocrx_word' id='word_1_119' title='bbox 674 1569 968 1643; x_wconf 82' lang='grc' dir='ltr'><strong>ῥυσθῶμεν,</strong></span> <span class='ocrx_word' id='word_1_120' title='bbox 1025 1574 1139 1637; x_wconf 83' lang='grc' dir='ltr'>Θεῷ</span> <span class='ocrx_word' id='word_1_121' title='bbox 1177 1570 1413 1637; x_wconf 79' lang='grc' dir='ltr'>γνησίως</span> <span class='ocrx_word' id='word_1_122' title='bbox 1458 1562 1800 1638; x_wconf 80' lang='grc' dir='ltr'>δουλεύσομεν</span> <span class='ocrx_word' id='word_1_123' title='bbox 1841 1582 1855 1596; x_wconf 74' lang='grc' dir='ltr'>ο</span> 
     </span>
    </p>
   </div>
   <div class='ocr_carea' id='block_1_19' title="bbox 257 1654 1864 1724">
    <p class='ocr_par' dir='ltr' id='par_1_19' title="bbox 257 1654 1864 1724">
     <span class='ocr_line' id='line_1_19' title="bbox 257 1654 1864 1724; baseline -0.001 -14"><span class='ocrx_word' id='word_1_124' title='bbox 257 1663 348 1711; x_wconf 80' lang='grc' dir='ltr'>καὶ</span> <span class='ocrx_word' id='word_1_125' title='bbox 418 1658 573 1710; x_wconf 86' lang='grc' dir='ltr'><strong>πάλιν</strong></span> <span class='ocrx_word' id='word_1_126' title='bbox 650 1656 1004 1724; x_wconf 76' lang='grc' dir='ltr'><strong>έπελαθόμεθα</strong></span> <span class='ocrx_word' id='word_1_127' title='bbox 1063 1663 1164 1708; x_wconf 86' lang='grc' dir='ltr'>τῶν</span> <span class='ocrx_word' id='word_1_128' title='bbox 1215 1656 1486 1713; x_wconf 80' lang='grc' dir='ltr'><strong>συνθηκῶν</strong></span> <span class='ocrx_word' id='word_1_129' title='bbox 1513 1671 1532 1719; x_wconf 88' lang='grc'><strong><em>;</em></strong></span> <span class='ocrx_word' id='word_1_130' title='bbox 1594 1654 1688 1717; x_wconf 76' lang='grc' dir='ltr'><strong>ἕως</strong></span> <span class='ocrx_word' id='word_1_131' title='bbox 1741 1660 1864 1708; x_wconf 92' lang='grc' dir='ltr'><strong>πότε</strong></span> 
     </span>
    </p>
   </div>
   <div class='ocr_carea' id='block_1_20' title="bbox 258 1746 1095 1814">
    <p class='ocr_par' dir='ltr' id='par_1_20' title="bbox 258 1746 1095 1814">
     <span class='ocr_line' id='line_1_20' title="bbox 258 1746 1095 1814; baseline -0.005 -14"><span class='ocrx_word' id='word_1_132' title='bbox 258 1746 535 1814; x_wconf 81' lang='grc' dir='ltr'><strong>ἀνέξεται;</strong></span> <span class='ocrx_word' id='word_1_133' title='bbox 580 1747 676 1808; x_wconf 78' lang='grc' dir='ltr'><strong>ἕως</strong></span> <span class='ocrx_word' id='word_1_134' title='bbox 717 1750 851 1806; x_wconf 83' lang='grc' dir='ltr'><strong>τίνος</strong></span> <span class='ocrx_word' id='word_1_135' title='bbox 900 1748 1044 1798; x_wconf 70' lang='grc' dir='ltr'><strong>ἰάσει</strong></span> <span class='ocrx_word' id='word_1_136' title='bbox 1082 1761 1095 1811; x_wconf 90' lang='grc'><strong>;</strong></span> 
     </span>
    </p>
   </div>
   <div class='ocr_carea' id='block_1_21' title="bbox 259 1829 1862 1910">
    <p class='ocr_par' dir='ltr' id='par_1_21' title="bbox 259 1829 1862 1910">
     <span class='ocr_line' id='line_1_21' title="bbox 259 1829 1862 1910; baseline -0.003 -21"><span class='ocrx_word' id='word_1_137' title='bbox 259 1836 474 1910; x_wconf 82' lang='grc' dir='ltr'><strong>ὕστερον</strong></span> <span class='ocrx_word' id='word_1_138' title='bbox 540 1835 755 1898; x_wconf 77' lang='grc' dir='ltr'>ἐξελθεῖν</span> <span class='ocrx_word' id='word_1_139' title='bbox 797 1842 896 1887; x_wconf 86' lang='grc' dir='ltr'>τῶν</span> <span class='ocrx_word' id='word_1_140' title='bbox 952 1829 1175 1887; x_wconf 70' lang='grc' dir='ltr'><strong>ἐνθένδε.</strong></span> <span class='ocrx_word' id='word_1_141' title='bbox 1218 1836 1304 1890; x_wconf 73' lang='grc' dir='ltr'><strong>Μή</strong></span> <span class='ocrx_word' id='word_1_142' title='bbox 1358 1835 1527 1884; x_wconf 83' lang='grc' dir='ltr'><strong>τοίνυν</strong></span> <span class='ocrx_word' id='word_1_143' title='bbox 1582 1832 1862 1905; x_wconf 78' lang='grc' dir='ltr'><strong>εύρεθῶμεν</strong></span> 
     </span>
    </p>
   </div>
   <div class='ocr_carea' id='block_1_22' title="bbox 258 1920 1862 1999">
    <p class='ocr_par' dir='ltr' id='par_1_22' title="bbox 258 1920 1862 1999">
     <span class='ocr_line' id='line_1_22' title="bbox 258 1920 1862 1999; baseline -0.004 -21"><span class='ocrx_word' id='word_1_144' title='bbox 258 1923 716 1999; x_wconf 78' lang='grc' dir='ltr'>ἀπαρασκεύαστοι</span> <span class='ocrx_word' id='word_1_145' title='bbox 786 1930 887 1977; x_wconf 85' lang='grc' dir='ltr'>τῶν</span> <span class='ocrx_word' id='word_1_146' title='bbox 958 1920 1167 1994; x_wconf 88' lang='grc' dir='ltr'><strong>ἀγαθῶν</strong></span> <span class='ocrx_word' id='word_1_147' title='bbox 1246 1923 1425 1995; x_wconf 79' lang='grc' dir='ltr'><strong>ἔργων,</strong></span> <span class='ocrx_word' id='word_1_148' title='bbox 1511 1920 1594 1971; x_wconf 82' lang='grc' dir='ltr'>ἶνά</span> <span class='ocrx_word' id='word_1_149' title='bbox 1659 1923 1732 1992; x_wconf 82' lang='grc' dir='ltr'><strong>μὴ</strong></span> <span class='ocrx_word' id='word_1_150' title='bbox 1804 1922 1862 1972; x_wconf 91' lang='grc' dir='ltr'>τό</span> 
     </span>
    </p>
   </div>
   <div class='ocr_carea' id='block_1_23' title="bbox 258 2007 1864 2086">
    <p class='ocr_par' dir='ltr' id='par_1_23' title="bbox 258 2007 1864 2086">
     <span class='ocr_line' id='line_1_23' title="bbox 258 2007 1864 2086; baseline -0.005 -18"><span class='ocrx_word' id='word_1_151' title='bbox 258 2013 374 2068; x_wconf 78' lang='grc' dir='ltr'><strong>οὐαὶ</strong></span> <span class='ocrx_word' id='word_1_152' title='bbox 429 2015 554 2086; x_wconf 75' lang='grc' dir='ltr'><strong>ἡμῖν</strong></span> <span class='ocrx_word' id='word_1_153' title='bbox 609 2014 687 2071; x_wconf 82' lang='grc' dir='ltr'><strong>εἴη</strong></span> <span class='ocrx_word' id='word_1_154' title='bbox 741 2011 946 2065; x_wconf 83' lang='grc' dir='ltr'><strong>αἰώνιον</strong></span> <span class='ocrx_word' id='word_1_155' title='bbox 997 2015 1089 2063; x_wconf 81' lang='grc' dir='ltr'><strong>καὶ</strong></span> <span class='ocrx_word' id='word_1_156' title='bbox 1136 2008 1417 2083; x_wconf 81' lang='grc' dir='ltr'><strong>ἀπέραντον</strong></span> <span class='ocrx_word' id='word_1_157' title='bbox 1450 2026 1462 2038; x_wconf 82' lang='grc'><em>’</em></span> <span class='ocrx_word' id='word_1_158' title='bbox 1487 2007 1594 2061; x_wconf 82' lang='grc' dir='ltr'><strong>ἀλλ’</strong></span> <span class='ocrx_word' id='word_1_159' title='bbox 1644 2007 1693 2060; x_wconf 77' lang='grc' dir='ltr'><strong>ἐν</strong></span> <span class='ocrx_word' id='word_1_160' title='bbox 1727 2007 1864 2060; x_wconf 82' lang='grc' dir='ltr'><strong>ἑτόι-</strong></span> 
     </span>
    </p>
   </div>
   <div class='ocr_carea' id='block_1_24' title="bbox 261 2097 1862 2176">
    <p class='ocr_par' dir='ltr' id='par_1_24' title="bbox 261 2097 1862 2176">
     <span class='ocr_line' id='line_1_24' title="bbox 261 2097 1862 2176; baseline -0.004 -20"><span class='ocrx_word' id='word_1_161' title='bbox 261 2107 433 2176; x_wconf 82' lang='grc' dir='ltr'><strong>μασίᾳ</strong></span> <span class='ocrx_word' id='word_1_162' title='bbox 510 2101 913 2175; x_wconf 78' lang='grc' dir='ltr'><strong>εὐαρεστήσεως,</strong></span> <span class='ocrx_word' id='word_1_163' title='bbox 988 2100 1129 2162; x_wconf 85' lang='grc' dir='ltr'><strong>ὅπως</strong></span> <span class='ocrx_word' id='word_1_164' title='bbox 1199 2097 1600 2172; x_wconf 84' lang='grc' dir='ltr'><strong>συμϐασιλεύειν</strong></span> <span class='ocrx_word' id='word_1_165' title='bbox 1686 2101 1862 2170; x_wconf 82' lang='grc' dir='ltr'><strong>Κυρίῳ</strong></span> 
     </span>
    </p>
   </div>
   <div class='ocr_carea' id='block_1_25' title="bbox 257 2187 1637 2263">
    <p class='ocr_par' dir='ltr' id='par_1_25' title="bbox 257 2187 1637 2263">
     <span class='ocr_line' id='line_1_25' title="bbox 257 2187 1637 2263; baseline -0.001 -18"><span class='ocrx_word' id='word_1_166' title='bbox 257 2190 660 2263; x_wconf 84' lang='grc' dir='ltr'><strong>καταξιωθῶμεν</strong></span> <span class='ocrx_word' id='word_1_167' title='bbox 682 2189 753 2251; x_wconf 83' lang='grc' dir='ltr'>εἰς</span> <span class='ocrx_word' id='word_1_168' title='bbox 779 2188 1148 2248; x_wconf 80' lang='grc' dir='ltr'><strong>ἀτελευτήτους</strong></span> <span class='ocrx_word' id='word_1_169' title='bbox 1175 2187 1384 2249; x_wconf 83' lang='grc' dir='ltr'><strong>αἰῶνας.</strong></span> <span class='ocrx_word' id='word_1_170' title='bbox 1412 2189 1637 2243; x_wconf 87' lang='grc' dir='ltr'><strong>Γένοιτο.</strong></span> 
     </span>
    </p>
   </div>
   <div class='ocr_carea' id='block_1_26' title="bbox 354 2301 1772 2381">
    <p class='ocr_par' dir='ltr' id='par_1_26' title="bbox 354 2301 1772 2381">
     <span class='ocr_line' id='line_1_26' title="bbox 354 2301 1772 2381; baseline -0.002 -20"><span class='ocrx_word' id='word_1_171' title='bbox 354 2307 483 2362; x_wconf 85' lang='grc' dir='ltr'>ΡΙΗ¹</span> <span class='ocrx_word' id='word_1_172' title='bbox 515 2306 649 2379; x_wconf 76' lang='grc'>(14).</span> <span class='ocrx_word' id='word_1_173' title='bbox 682 2334 749 2350; x_wconf 76' lang='grc' dir='ltr'><strong>-ι</strong></span> <span class='ocrx_word' id='word_1_174' title='bbox 781 2305 1157 2381; x_wconf 77' lang='grc' dir='ltr'><strong>Εὐφροσύνη</strong></span> <span class='ocrx_word' id='word_1_175' title='bbox 1200 2305 1545 2377; x_wconf 72' lang='grc' dir='ltr'><strong>ἡγουμένη.</strong></span> <span class='ocrx_word' id='word_1_176' title='bbox 1577 2301 1772 2376; x_wconf 82' lang='grc' dir='ltr'><strong>[χνγ’.]</strong></span> 
     </span>
    </p>
   </div>
   <div class='ocr_carea' id='block_1_27' title="bbox 1976 499 3623 569">
    <p class='ocr_par' dir='ltr' id='par_1_27' title="bbox 1976 499 3623 569">
     <span class='ocr_line' id='line_1_27' title="bbox 1976 499 3623 569; baseline 0.005 -16"><span class='ocrx_word' id='word_1_177' title='bbox 1976 503 2041 553; x_wconf 90' lang='lat' dir='ltr'>ut</span> <span class='ocrx_word' id='word_1_178' title='bbox 2057 499 2283 569; x_wconf 78' lang='lat' dir='ltr'>justam</span> <span class='ocrx_word' id='word_1_179' title='bbox 2311 499 2414 555; x_wconf 91' lang='lat' dir='ltr'>Dei</span> <span class='ocrx_word' id='word_1_180' title='bbox 2432 499 2627 569; x_wconf 89' lang='lat' dir='ltr'>legem</span> <span class='ocrx_word' id='word_1_181' title='bbox 2679 502 3103 558; x_wconf 88' lang='lat' dir='ltr'>annuntiarem</span> <span class='ocrx_word' id='word_1_182' title='bbox 3136 503 3259 558; x_wconf 90' lang='lat' dir='ltr'>tibi.</span> <span class='ocrx_word' id='word_1_183' title='bbox 3290 502 3623 563; x_wconf 88' lang='lat' dir='ltr'>Contenda-</span> 
     </span>
    </p>
   </div>
   <div class='ocr_carea' id='block_1_28' title="bbox 1977 587 3623 664">
    <p class='ocr_par' dir='ltr' id='par_1_28' title="bbox 1977 587 3623 664">
     <span class='ocr_line' id='line_1_28' title="bbox 1977 587 3623 664; baseline 0.004 -22"><span class='ocrx_word' id='word_1_184' title='bbox 1977 603 2112 642; x_wconf 90' lang='lat' dir='ltr'>mus</span> <span class='ocrx_word' id='word_1_185' title='bbox 2133 588 2315 644; x_wconf 91' lang='lat' dir='ltr'>ambo</span> <span class='ocrx_word' id='word_1_186' title='bbox 2338 596 2398 643; x_wconf 93' lang='lat' dir='ltr'>ut</span> <span class='ocrx_word' id='word_1_187' title='bbox 2421 587 2794 645; x_wconf 87' lang='lat' dir='ltr'>salvisimus.</span> <span class='ocrx_word' id='word_1_188' title='bbox 2823 591 2972 647; x_wconf 90' lang='lat' dir='ltr'>Satis</span> <span class='ocrx_word' id='word_1_189' title='bbox 2998 591 3173 647; x_wconf 88' lang='lat' dir='ltr'>nobis</span> <span class='ocrx_word' id='word_1_190' title='bbox 3190 590 3365 647; x_wconf 84' lang='lat' dir='ltr'>fuerit</span> <span class='ocrx_word' id='word_1_191' title='bbox 3386 595 3623 664; x_wconf 64' lang='lat' dir='ltr'>praeter-</span> 
     </span>
    </p>
   </div>
   <div class='ocr_carea' id='block_1_29' title="bbox 1974 676 3621 752">
    <p class='ocr_par' dir='ltr' id='par_1_29' title="bbox 1974 676 3621 752">
     <span class='ocr_line' id='line_1_29' title="bbox 1974 676 3621 752; baseline 0.002 -22"><span class='ocrx_word' id='word_1_192' title='bbox 1974 676 2120 731; x_wconf 90' lang='lat' dir='ltr'>itum</span> <span class='ocrx_word' id='word_1_193' title='bbox 2144 676 2274 732; x_wconf 76' lang='lat' dir='ltr'>vitas</span> <span class='ocrx_word' id='word_1_194' title='bbox 2297 683 2552 749; x_wconf 83' lang='lat' dir='ltr'>tempus,</span> <span class='ocrx_word' id='word_1_195' title='bbox 2582 683 2645 734; x_wconf 90' lang='lat' dir='ltr'>ut</span> <span class='ocrx_word' id='word_1_196' title='bbox 2673 679 2970 736; x_wconf 89' lang='lat' dir='ltr'>desideria</span> <span class='ocrx_word' id='word_1_197' title='bbox 2994 680 3191 736; x_wconf 89' lang='lat' dir='ltr'>carnis</span> <span class='ocrx_word' id='word_1_198' title='bbox 3220 680 3621 752; x_wconf 84' lang='lat' dir='ltr'>expleremus.</span> 
     </span>
    </p>
   </div>
   <div class='ocr_carea' id='block_1_30' title="bbox 1974 764 3623 839">
    <p class='ocr_par' dir='ltr' id='par_1_30' title="bbox 1974 764 3623 839">
     <span class='ocr_line' id='line_1_30' title="bbox 1974 764 3623 839; baseline 0.004 -20"><span class='ocrx_word' id='word_1_199' title='bbox 1974 764 2169 830; x_wconf 84' lang='lat' dir='ltr'>Nunc,</span> <span class='ocrx_word' id='word_1_200' title='bbox 2194 765 2273 820; x_wconf 90' lang='lat' dir='ltr'>ait</span> <span class='ocrx_word' id='word_1_201' title='bbox 2298 766 2636 838; x_wconf 84' lang='lat' dir='ltr'>Apostolus,</span> <span class='ocrx_word' id='word_1_202' title='bbox 2666 774 2889 837; x_wconf 78' lang='lat' dir='ltr'>tempus</span> <span class='ocrx_word' id='word_1_203' title='bbox 2920 769 3305 839; x_wconf 79' lang='lat' dir='ltr'>acceptabile,</span> <span class='ocrx_word' id='word_1_204' title='bbox 3328 770 3623 828; x_wconf 82' lang='lat' dir='ltr'>nuncdies</span> 
     </span>
    </p>
   </div>
   <div class='ocr_carea' id='block_1_31' title="bbox 1973 854 3623 929">
    <p class='ocr_par' dir='ltr' id='par_1_31' title="bbox 1973 854 3623 929">
     <span class='ocr_line' id='line_1_31' title="bbox 1973 854 3623 929; baseline 0.005 -21"><span class='ocrx_word' id='word_1_205' title='bbox 1973 854 2187 910; x_wconf 82' lang='lat' dir='ltr'>salutis</span> <span class='ocrx_word' id='word_1_206' title='bbox 2219 856 2287 908; x_wconf 73' lang='grc'>⁵⁸.</span> <span class='ocrx_word' id='word_1_207' title='bbox 2316 858 2463 911; x_wconf 82' lang='lat' dir='ltr'>Ecce</span> <span class='ocrx_word' id='word_1_208' title='bbox 2504 856 2698 912; x_wconf 92' lang='lat' dir='ltr'>bonus</span> <span class='ocrx_word' id='word_1_209' title='bbox 2731 857 2885 913; x_wconf 89' lang='lat' dir='ltr'>Deus</span> <span class='ocrx_word' id='word_1_210' title='bbox 2927 874 3117 929; x_wconf 89' lang='lat' dir='ltr'>usque</span> <span class='ocrx_word' id='word_1_211' title='bbox 3160 860 3238 915; x_wconf 90' lang='lat' dir='ltr'>ad</span> <span class='ocrx_word' id='word_1_212' title='bbox 3290 864 3623 917; x_wconf 85' lang='lat' dir='ltr'>extremum</span> 
     </span>
    </p>
   </div>
   <div class='ocr_carea' id='block_1_32' title="bbox 1975 943 3624 1017">
    <p class='ocr_par' dir='ltr' id='par_1_32' title="bbox 1975 943 3624 1017">
     <span class='ocr_line' id='line_1_32' title="bbox 1975 943 3624 1017; baseline 0.007 -22"><span class='ocrx_word' id='word_1_213' title='bbox 1975 943 2245 1014; x_wconf 72' lang='lat' dir='ltr'>spiritum</span> <span class='ocrx_word' id='word_1_214' title='bbox 2265 949 2568 1017; x_wconf 84' lang='lat' dir='ltr'>exspectat</span> <span class='ocrx_word' id='word_1_215' title='bbox 2581 945 2837 1003; x_wconf 86' lang='lat' dir='ltr'>fructum</span> <span class='ocrx_word' id='word_1_216' title='bbox 2861 963 2896 1003; x_wconf 91' lang='lat' dir='ltr'>a</span> <span class='ocrx_word' id='word_1_217' title='bbox 2918 948 3095 1003; x_wconf 89' lang='lat' dir='ltr'>nobis</span> <span class='ocrx_word' id='word_1_218' title='bbox 3123 964 3138 1015; x_wconf 84' lang='lat'>;</span> <span class='ocrx_word' id='word_1_219' title='bbox 3160 963 3235 1004; x_wconf 93' lang='lat' dir='ltr'>ne</span> <span class='ocrx_word' id='word_1_220' title='bbox 3257 948 3451 1005; x_wconf 84' lang='lat' dir='ltr'>dicat:</span> <span class='ocrx_word' id='word_1_221' title='bbox 3477 950 3624 1006; x_wconf 85' lang='lat' dir='ltr'>Suc-</span> 
     </span>
    </p>
   </div>
   <div class='ocr_carea' id='block_1_33' title="bbox 1975 1032 3626 1107">
    <p class='ocr_par' dir='ltr' id='par_1_33' title="bbox 1975 1032 3626 1107">
     <span class='ocr_line' id='line_1_33' title="bbox 1975 1032 3626 1107; baseline 0.005 -21"><span class='ocrx_word' id='word_1_222' title='bbox 1975 1032 2106 1088; x_wconf 77' lang='lat' dir='ltr'>cide</span> <span class='ocrx_word' id='word_1_223' title='bbox 2120 1032 2317 1095; x_wconf 73' lang='lat' dir='ltr'>illum,</span> <span class='ocrx_word' id='word_1_224' title='bbox 2335 1035 2558 1106; x_wconf 81' lang='lat' dir='ltr'>utquid</span> <span class='ocrx_word' id='word_1_225' title='bbox 2569 1036 2746 1092; x_wconf 77' lang='lat' dir='ltr'>etiam</span> <span class='ocrx_word' id='word_1_226' title='bbox 2763 1041 2986 1093; x_wconf 66' lang='lat' dir='ltr'>terram</span> <span class='ocrx_word' id='word_1_227' title='bbox 3001 1043 3250 1107; x_wconf 80' lang='lat' dir='ltr'>occupat</span> <span class='ocrx_word' id='word_1_228' title='bbox 3268 1037 3313 1072; x_wconf 78' lang='grc'>⁵⁷</span> <span class='ocrx_word' id='word_1_229' title='bbox 3329 1036 3357 1092; x_wconf 77' lang='grc' dir='ltr'>τ</span> <span class='ocrx_word' id='word_1_230' title='bbox 3368 1052 3443 1094; x_wconf 90' lang='lat' dir='ltr'>ne</span> <span class='ocrx_word' id='word_1_231' title='bbox 3464 1037 3626 1095; x_wconf 85' lang='lat' dir='ltr'>clau-</span> 
     </span>
    </p>
   </div>
   <div class='ocr_carea' id='block_1_34' title="bbox 1974 1120 3625 1196">
    <p class='ocr_par' dir='ltr' id='par_1_34' title="bbox 1974 1120 3625 1196">
     <span class='ocr_line' id='line_1_34' title="bbox 1974 1120 3625 1196; baseline 0.004 -20"><span class='ocrx_word' id='word_1_232' title='bbox 1974 1120 2077 1176; x_wconf 89' lang='lat' dir='ltr'>dat</span> <span class='ocrx_word' id='word_1_233' title='bbox 2105 1120 2297 1189; x_wconf 90' lang='lat' dir='ltr'>nobis,</span> <span class='ocrx_word' id='word_1_234' title='bbox 2323 1126 2518 1179; x_wconf 84' lang='lat' dir='ltr'>etnon</span> <span class='ocrx_word' id='word_1_235' title='bbox 2540 1123 2611 1180; x_wconf 86' lang='lat' dir='ltr'>sit</span> <span class='ocrx_word' id='word_1_236' title='bbox 2642 1123 2747 1195; x_wconf 89' lang='lat' dir='ltr'>qui</span> <span class='ocrx_word' id='word_1_237' title='bbox 2787 1124 3015 1196; x_wconf 77' lang='lat' dir='ltr'>aperiat</span> <span class='ocrx_word' id='word_1_238' title='bbox 3050 1141 3061 1179; x_wconf 91' lang='lat'><strong>:</strong></span> <span class='ocrx_word' id='word_1_239' title='bbox 3096 1140 3172 1182; x_wconf 90' lang='lat' dir='ltr'>ne</span> <span class='ocrx_word' id='word_1_240' title='bbox 3209 1130 3484 1183; x_wconf 77' lang='lat' dir='ltr'>assumat</span> <span class='ocrx_word' id='word_1_241' title='bbox 3514 1142 3625 1184; x_wconf 89' lang='lat' dir='ltr'>nos</span> 
     </span>
    </p>
   </div>
   <div class='ocr_carea' id='block_1_35' title="bbox 1974 1207 3625 1288">
    <p class='ocr_par' dir='ltr' id='par_1_35' title="bbox 1974 1207 3625 1288">
     <span class='ocr_line' id='line_1_35' title="bbox 1974 1207 3625 1288; baseline 0.005 -24"><span class='ocrx_word' id='word_1_242' title='bbox 1974 1207 2251 1265; x_wconf 89' lang='lat' dir='ltr'>diabolus</span> <span class='ocrx_word' id='word_1_243' title='bbox 2273 1208 2334 1265; x_wconf 92' lang='lat' dir='ltr'>in</span> <span class='ocrx_word' id='word_1_244' title='bbox 2356 1217 2576 1269; x_wconf 82' lang='lat' dir='ltr'>sortem</span> <span class='ocrx_word' id='word_1_245' title='bbox 2600 1228 2773 1269; x_wconf 90' lang='lat' dir='ltr'>suam</span> <span class='ocrx_word' id='word_1_246' title='bbox 2795 1229 2933 1269; x_wconf 91' lang='lat' dir='ltr'>cum</span> <span class='ocrx_word' id='word_1_247' title='bbox 2962 1215 3098 1286; x_wconf 89' lang='lat' dir='ltr'>ipso</span> <span class='ocrx_word' id='word_1_248' title='bbox 3118 1214 3179 1270; x_wconf 93' lang='lat' dir='ltr'>in</span> <span class='ocrx_word' id='word_1_249' title='bbox 3207 1218 3494 1273; x_wconf 73' lang='lat' dir='ltr'>aeternum</span> <span class='ocrx_word' id='word_1_250' title='bbox 3517 1230 3625 1288; x_wconf 87' lang='lat' dir='ltr'>pu-</span> 
     </span>
    </p>
   </div>
   <div class='ocr_carea' id='block_1_36' title="bbox 1974 1297 3623 1374">
    <p class='ocr_par' dir='ltr' id='par_1_36' title="bbox 1974 1297 3623 1374">
     <span class='ocr_line' id='line_1_36' title="bbox 1974 1297 3623 1374; baseline 0.005 -22"><span class='ocrx_word' id='word_1_251' title='bbox 1974 1297 2228 1354; x_wconf 90' lang='lat' dir='ltr'>niendos</span> <span class='ocrx_word' id='word_1_252' title='bbox 2258 1315 2270 1354; x_wconf 87' lang='lat'><strong><em>:</em></strong></span> <span class='ocrx_word' id='word_1_253' title='bbox 2302 1314 2375 1354; x_wconf 89' lang='lat' dir='ltr'>ne</span> <span class='ocrx_word' id='word_1_254' title='bbox 2405 1306 2646 1371; x_wconf 87' lang='lat' dir='ltr'>repente</span> <span class='ocrx_word' id='word_1_255' title='bbox 2677 1300 2870 1374; x_wconf 87' lang='lat' dir='ltr'>abripi</span> <span class='ocrx_word' id='word_1_256' title='bbox 2901 1317 3013 1358; x_wconf 89' lang='lat' dir='ltr'>nos</span> <span class='ocrx_word' id='word_1_257' title='bbox 3034 1303 3359 1373; x_wconf 84' lang='lat' dir='ltr'>conlingat.</span> <span class='ocrx_word' id='word_1_258' title='bbox 3378 1304 3623 1371; x_wconf 78' lang='lat' dir='ltr'>Quoties</span> 
     </span>
    </p>
   </div>
   <div class='ocr_carea' id='block_1_37' title="bbox 1973 1387 3623 1465">
    <p class='ocr_par' dir='ltr' id='par_1_37' title="bbox 1973 1387 3623 1465">
     <span class='ocr_line' id='line_1_37' title="bbox 1973 1387 3623 1465; baseline 0.005 -24"><span class='ocrx_word' id='word_1_259' title='bbox 1973 1387 2439 1458; x_wconf 90' lang='lat' dir='ltr'>spopondimus,</span> <span class='ocrx_word' id='word_1_260' title='bbox 2463 1404 2594 1455; x_wconf 91' lang='lat' dir='ltr'>nos,</span> <span class='ocrx_word' id='word_1_261' title='bbox 2619 1389 2671 1445; x_wconf 90' lang='lat' dir='ltr'>si</span> <span class='ocrx_word' id='word_1_262' title='bbox 2687 1389 2765 1447; x_wconf 84' lang='lat' dir='ltr'>ab</span> <span class='ocrx_word' id='word_1_263' title='bbox 2786 1390 3148 1455; x_wconf 84' lang='lat' dir='ltr'>inﬁrmitate,</span> <span class='ocrx_word' id='word_1_264' title='bbox 3164 1392 3212 1448; x_wconf 87' lang='lat' dir='ltr'>si</span> <span class='ocrx_word' id='word_1_265' title='bbox 3230 1392 3308 1449; x_wconf 90' lang='lat' dir='ltr'>ab</span> <span class='ocrx_word' id='word_1_266' title='bbox 3329 1392 3445 1449; x_wconf 93' lang='lat' dir='ltr'>hoc</span> <span class='ocrx_word' id='word_1_267' title='bbox 3465 1394 3623 1465; x_wconf 88' lang='lat' dir='ltr'>peri-</span> 
     </span>
    </p>
   </div>
   <div class='ocr_carea' id='block_1_38' title="bbox 1974 1474 3625 1546">
    <p class='ocr_par' dir='ltr' id='par_1_38' title="bbox 1974 1474 3625 1546">
     <span class='ocr_line' id='line_1_38' title="bbox 1974 1474 3625 1546; baseline 0.006 -16"><span class='ocrx_word' id='word_1_268' title='bbox 1974 1474 2129 1541; x_wconf 91' lang='lat' dir='ltr'>culo,</span> <span class='ocrx_word' id='word_1_269' title='bbox 2160 1476 2208 1531; x_wconf 90' lang='lat' dir='ltr'>si</span> <span class='ocrx_word' id='word_1_270' title='bbox 2237 1476 2315 1533; x_wconf 89' lang='lat' dir='ltr'>ab</span> <span class='ocrx_word' id='word_1_271' title='bbox 2357 1477 2472 1533; x_wconf 90' lang='lat' dir='ltr'>hac</span> <span class='ocrx_word' id='word_1_272' title='bbox 2501 1493 2775 1535; x_wconf 60' lang='lat' dir='ltr'>aerumna</span> <span class='ocrx_word' id='word_1_273' title='bbox 2802 1478 3214 1546; x_wconf 85' lang='lat' dir='ltr'>liberaremur,</span> <span class='ocrx_word' id='word_1_274' title='bbox 3248 1483 3367 1538; x_wconf 91' lang='lat' dir='ltr'>Deo</span> <span class='ocrx_word' id='word_1_275' title='bbox 3396 1481 3625 1540; x_wconf 88' lang='lat' dir='ltr'>sincere</span> 
     </span>
    </p>
   </div>
   <div class='ocr_carea' id='block_1_39' title="bbox 1973 1564 3626 1640">
    <p class='ocr_par' dir='ltr' id='par_1_39' title="bbox 1973 1564 3626 1640">
     <span class='ocr_line' id='line_1_39' title="bbox 1973 1564 3626 1640; baseline 0.006 -22"><span class='ocrx_word' id='word_1_276' title='bbox 1973 1564 2328 1622; x_wconf 80' lang='lat' dir='ltr'>servituros:</span> <span class='ocrx_word' id='word_1_277' title='bbox 2350 1573 2404 1621; x_wconf 91' lang='lat' dir='ltr'>et</span> <span class='ocrx_word' id='word_1_278' title='bbox 2426 1573 2635 1639; x_wconf 88' lang='lat' dir='ltr'>postea</span> <span class='ocrx_word' id='word_1_279' title='bbox 2652 1568 3000 1640; x_wconf 90' lang='lat' dir='ltr'>pactionum</span> <span class='ocrx_word' id='word_1_280' title='bbox 3017 1568 3185 1626; x_wconf 88' lang='lat' dir='ltr'>obliti</span> <span class='ocrx_word' id='word_1_281' title='bbox 3203 1586 3413 1626; x_wconf 91' lang='lat' dir='ltr'>sumus</span> <span class='ocrx_word' id='word_1_282' title='bbox 3427 1573 3454 1628; x_wconf 72' lang='lat'>‘2</span> <span class='ocrx_word' id='word_1_283' title='bbox 3470 1572 3626 1637; x_wconf 85' lang='lat' dir='ltr'>Quo-</span> 
     </span>
    </p>
   </div>
   <div class='ocr_carea' id='block_1_40' title="bbox 1974 1654 3624 1731">
    <p class='ocr_par' dir='ltr' id='par_1_40' title="bbox 1974 1654 3624 1731">
     <span class='ocr_line' id='line_1_40' title="bbox 1974 1654 3624 1731; baseline 0.004 -22"><span class='ocrx_word' id='word_1_284' title='bbox 1974 1669 2164 1726; x_wconf 88' lang='lat' dir='ltr'>usque</span> <span class='ocrx_word' id='word_1_285' title='bbox 2197 1654 2439 1711; x_wconf 89' lang='lat' dir='ltr'>tandem</span> <span class='ocrx_word' id='word_1_286' title='bbox 2457 1656 2773 1713; x_wconf 84' lang='lat' dir='ltr'>sustinebit</span> <span class='ocrx_word' id='word_1_287' title='bbox 2802 1656 2829 1712; x_wconf 79' lang='lat'>?</span> <span class='ocrx_word' id='word_1_288' title='bbox 2857 1674 3174 1731; x_wconf 86' lang='lat' dir='ltr'>quousque</span> <span class='ocrx_word' id='word_1_289' title='bbox 3191 1659 3498 1716; x_wconf 85' lang='lat' dir='ltr'>cessabit?</span> <span class='ocrx_word' id='word_1_290' title='bbox 3519 1663 3624 1717; x_wconf 87' lang='lat' dir='ltr'>Ne-</span> 
     </span>
    </p>
   </div>
   <div class='ocr_carea' id='block_1_41' title="bbox 1140 1743 1861 1822">
    <p class='ocr_par' dir='ltr' id='par_1_41' title="bbox 1140 1743 1861 1816">
     <span class='ocr_line' id='line_1_41' title="bbox 1140 1743 1861 1816; baseline 0 -21"><span class='ocrx_word' id='word_1_291' title='bbox 1140 1743 1369 1815; x_wconf 81' lang='grc' dir='ltr'><strong>Ἀνάγκη</strong></span> <span class='ocrx_word' id='word_1_292' title='bbox 1421 1744 1627 1806; x_wconf 85' lang='grc' dir='ltr'><strong>πάντως</strong></span> <span class='ocrx_word' id='word_1_293' title='bbox 1677 1746 1861 1816; x_wconf 87' lang='grc' dir='ltr'><strong>μικρὸν</strong></span> 
     </span>
    </p>
   </div>
   <div class='ocr_carea' id='block_1_42' title="bbox 1973 1743 3623 1822">
    <p class='ocr_par' dir='ltr' id='par_1_42' title="bbox 1974 1745 3623 1819">
     <span class='ocr_line' id='line_1_42' title="bbox 1974 1745 3623 1819; baseline 0.004 -21"><span class='ocrx_word' id='word_1_294' title='bbox 1974 1758 2140 1798; x_wconf 90' lang='lat' dir='ltr'>cesse</span> <span class='ocrx_word' id='word_1_295' title='bbox 2163 1748 2250 1799; x_wconf 89' lang='lat' dir='ltr'>est</span> <span class='ocrx_word' id='word_1_296' title='bbox 2270 1759 2518 1814; x_wconf 88' lang='lat' dir='ltr'>prorsus</span> <span class='ocrx_word' id='word_1_297' title='bbox 2546 1745 2726 1817; x_wconf 89' lang='lat' dir='ltr'>paulo</span> <span class='ocrx_word' id='word_1_298' title='bbox 2753 1751 2891 1818; x_wconf 92' lang='lat' dir='ltr'>post</span> <span class='ocrx_word' id='word_1_299' title='bbox 2917 1747 3056 1803; x_wconf 86' lang='lat' dir='ltr'>hinc</span> <span class='ocrx_word' id='word_1_300' title='bbox 3082 1747 3268 1804; x_wconf 88' lang='lat' dir='ltr'>abire.</span> <span class='ocrx_word' id='word_1_301' title='bbox 3298 1751 3423 1804; x_wconf 87' lang='lat' dir='ltr'>Non</span> <span class='ocrx_word' id='word_1_302' title='bbox 3446 1748 3623 1819; x_wconf 79' lang='lat' dir='ltr'>igitur</span> 
     </span>
    </p>
   </div>
   <div class='ocr_carea' id='block_1_43' title="bbox 1972 1831 3622 1908">
    <p class='ocr_par' dir='ltr' id='par_1_43' title="bbox 1972 1831 3622 1908">
     <span class='ocr_line' id='line_1_43' title="bbox 1972 1831 3622 1908; baseline 0.004 -22"><span class='ocrx_word' id='word_1_303' title='bbox 1972 1831 2421 1903; x_wconf 87' lang='lat' dir='ltr'>deprehendam</span> <span class='ocrx_word' id='word_1_304' title='bbox 2431 1849 2497 1889; x_wconf 91' lang='lat' dir='ltr'>ur</span> <span class='ocrx_word' id='word_1_305' title='bbox 2512 1850 2549 1890; x_wconf 90' lang='lat' dir='ltr'>a</span> <span class='ocrx_word' id='word_1_306' title='bbox 2561 1834 2734 1890; x_wconf 88' lang='lat' dir='ltr'>bonis</span> <span class='ocrx_word' id='word_1_307' title='bbox 2747 1835 3031 1906; x_wconf 90' lang='lat' dir='ltr'>operibus</span> <span class='ocrx_word' id='word_1_308' title='bbox 3047 1836 3346 1908; x_wconf 86' lang='lat' dir='ltr'>imparati,</span> <span class='ocrx_word' id='word_1_309' title='bbox 3359 1852 3434 1893; x_wconf 91' lang='lat' dir='ltr'>ne</span> <span class='ocrx_word' id='word_1_310' title='bbox 3447 1836 3622 1893; x_wconf 85' lang='lat' dir='ltr'>nobis</span> 
     </span>
    </p>
   </div>
   <div class='ocr_carea' id='block_1_44' title="bbox 1971 1919 3621 1997">
    <p class='ocr_par' dir='ltr' id='par_1_44' title="bbox 1971 1919 3621 1997">
     <span class='ocr_line' id='line_1_44' title="bbox 1971 1919 3621 1997; baseline 0.004 -22"><span class='ocrx_word' id='word_1_311' title='bbox 1971 1925 2261 1976; x_wconf 65' lang='lat' dir='ltr'>aeternum</span> <span class='ocrx_word' id='word_1_312' title='bbox 2289 1926 2344 1975; x_wconf 89' lang='lat' dir='ltr'>et</span> <span class='ocrx_word' id='word_1_313' title='bbox 2374 1919 2493 1977; x_wconf 84' lang='lat' dir='ltr'>ﬁne</span> <span class='ocrx_word' id='word_1_314' title='bbox 2523 1937 2734 1977; x_wconf 90' lang='lat' dir='ltr'>carens</span> <span class='ocrx_word' id='word_1_315' title='bbox 2785 1939 2875 1979; x_wconf 70' lang='lat' dir='ltr'>vra</span> <span class='ocrx_word' id='word_1_316' title='bbox 2898 1923 3181 1981; x_wconf 87' lang='lat' dir='ltr'>obveniat</span> <span class='ocrx_word' id='word_1_317' title='bbox 3209 1942 3223 1993; x_wconf 93' lang='lat'><strong>;</strong></span> <span class='ocrx_word' id='word_1_318' title='bbox 3258 1925 3363 1980; x_wconf 84' lang='lat' dir='ltr'>sed</span> <span class='ocrx_word' id='word_1_319' title='bbox 3393 1940 3621 1997; x_wconf 53' lang='lat' dir='ltr'>praepa-</span> 
     </span>
    </p>
   </div>
   <div class='ocr_carea' id='block_1_45' title="bbox 1970 2008 3621 2084">
    <p class='ocr_par' dir='ltr' id='par_1_45' title="bbox 1970 2008 3621 2084">
     <span class='ocr_line' id='line_1_45' title="bbox 1970 2008 3621 2084; baseline 0.004 -20"><span class='ocrx_word' id='word_1_320' title='bbox 1970 2014 2171 2064; x_wconf 87' lang='lat' dir='ltr'>rantes</span> <span class='ocrx_word' id='word_1_321' title='bbox 2210 2024 2321 2065; x_wconf 89' lang='lat' dir='ltr'>nos</span> <span class='ocrx_word' id='word_1_322' title='bbox 2350 2008 2428 2065; x_wconf 84' lang='lat' dir='ltr'>ad</span> <span class='ocrx_word' id='word_1_323' title='bbox 2443 2009 2837 2067; x_wconf 87' lang='lat' dir='ltr'>obtinendam</span> <span class='ocrx_word' id='word_1_324' title='bbox 2868 2012 2967 2068; x_wconf 90' lang='lat' dir='ltr'>Dei</span> <span class='ocrx_word' id='word_1_325' title='bbox 2998 2027 3236 2084; x_wconf 89' lang='lat' dir='ltr'>pacem,</span> <span class='ocrx_word' id='word_1_326' title='bbox 3256 2017 3321 2069; x_wconf 90' lang='lat' dir='ltr'>ut</span> <span class='ocrx_word' id='word_1_327' title='bbox 3349 2028 3487 2070; x_wconf 90' lang='lat' dir='ltr'>cum</span> <span class='ocrx_word' id='word_1_328' title='bbox 3508 2013 3621 2070; x_wconf 90' lang='lat' dir='ltr'>Do-</span> 
     </span>
    </p>
   </div>
   <div class='ocr_carea' id='block_1_46' title="bbox 1970 2098 3619 2169">
    <p class='ocr_par' dir='ltr' id='par_1_46' title="bbox 1970 2098 3619 2169">
     <span class='ocr_line' id='line_1_46' title="bbox 1970 2098 3619 2169; baseline 0.003 -16"><span class='ocrx_word' id='word_1_329' title='bbox 1970 2098 2136 2154; x_wconf 91' lang='lat' dir='ltr'>mino</span> <span class='ocrx_word' id='word_1_330' title='bbox 2160 2113 2410 2169; x_wconf 91' lang='lat' dir='ltr'>regnare</span> <span class='ocrx_word' id='word_1_331' title='bbox 2433 2114 2773 2156; x_wconf 89' lang='lat' dir='ltr'>mereamur</span> <span class='ocrx_word' id='word_1_332' title='bbox 2786 2100 2849 2156; x_wconf 88' lang='lat' dir='ltr'>in</span> <span class='ocrx_word' id='word_1_333' title='bbox 2871 2100 3091 2158; x_wconf 67' lang='lat' dir='ltr'>saecula</span> <span class='ocrx_word' id='word_1_334' title='bbox 3114 2117 3237 2159; x_wconf 89' lang='lat' dir='ltr'>non</span> <span class='ocrx_word' id='word_1_335' title='bbox 3262 2102 3619 2161; x_wconf 84' lang='lat' dir='ltr'>desinentia.</span> 
     </span>
    </p>
   </div>
   <div class='ocr_carea' id='block_1_47' title="bbox 1973 2188 2113 2244">
    <p class='ocr_par' dir='ltr' id='par_1_47' title="bbox 1973 2188 2113 2244">
     <span class='ocr_line' id='line_1_47' title="bbox 1973 2188 2113 2244; baseline 0 -2"><span class='ocrx_word' id='word_1_336' title='bbox 1973 2188 2113 2244; x_wconf 88' lang='lat' dir='ltr'>Fiat.</span> 
     </span>
    </p>
   </div>
   <div class='ocr_carea' id='block_1_48' title="bbox 2220 2304 3376 2378">
    <p class='ocr_par' dir='ltr' id='par_1_48' title="bbox 2220 2304 3376 2378">
     <span class='ocr_line' id='line_1_48' title="bbox 2220 2304 3376 2378; baseline 0.003 -17"><span class='ocrx_word' id='word_1_337' title='bbox 2220 2304 2446 2361; x_wconf 81' lang='lat' dir='ltr'>CXVIII.</span> <span class='ocrx_word' id='word_1_338' title='bbox 2476 2334 2546 2346; x_wconf 93' lang='lat'>—</span> <span class='ocrx_word' id='word_1_339' title='bbox 2573 2304 2995 2377; x_wconf 64' lang='lat' dir='ltr'>Euphrosynz</span> <span class='ocrx_word' id='word_1_340' title='bbox 3021 2308 3376 2378; x_wconf 62' lang='lat' dir='ltr'>praeposita.</span> 
     </span>
    </p>
   </div>
   <div class='ocr_carea' id='block_1_49' title="bbox 430 2408 3447 2476">
    <p class='ocr_par' dir='ltr' id='par_1_49' title="bbox 430 2408 3447 2476">
     <span class='ocr_line' id='line_1_49' title="bbox 430 2408 3447 2476; baseline -0.001 -11"><span class='ocrx_word' id='word_1_341' title='bbox 430 2414 500 2465; x_wconf 89' lang='lat' dir='ltr'>Ut</span> <span class='ocrx_word' id='word_1_342' title='bbox 527 2414 733 2470; x_wconf 84' lang='lat' dir='ltr'>matris,</span> <span class='ocrx_word' id='word_1_343' title='bbox 765 2412 919 2476; x_wconf 88' lang='lat' dir='ltr'>cujus</span> <span class='ocrx_word' id='word_1_344' title='bbox 949 2411 1155 2463; x_wconf 91' lang='lat' dir='ltr'>obitum</span> <span class='ocrx_word' id='word_1_345' title='bbox 1186 2411 1496 2468; x_wconf 84' lang='lat' dir='ltr'>deﬂeverat,</span> <span class='ocrx_word' id='word_1_346' title='bbox 1526 2409 1753 2459; x_wconf 82' lang='lat' dir='ltr'>virtutes</span> <span class='ocrx_word' id='word_1_347' title='bbox 1787 2408 1982 2459; x_wconf 89' lang='lat' dir='ltr'>imitari</span> <span class='ocrx_word' id='word_1_348' title='bbox 2013 2408 2242 2466; x_wconf 85' lang='lat' dir='ltr'>studeat,</span> <span class='ocrx_word' id='word_1_349' title='bbox 2279 2411 2577 2474; x_wconf 72' lang='lat' dir='ltr'>prmsertim</span> <span class='ocrx_word' id='word_1_350' title='bbox 2601 2412 2656 2461; x_wconf 88' lang='lat' dir='ltr'>in</span> <span class='ocrx_word' id='word_1_351' title='bbox 2692 2413 3001 2462; x_wconf 88' lang='lat' dir='ltr'>monasterii</span> <span class='ocrx_word' id='word_1_352' title='bbox 3037 2412 3447 2476; x_wconf 80' lang='lat' dir='ltr'>gubernatione.</span> 
     </span>
    </p>
   </div>
   <div class='ocr_carea' id='block_1_50' title="bbox 330 2508 1848 2588">
    <p class='ocr_par' dir='ltr' id='par_1_50' title="bbox 330 2508 1848 2588">
     <span class='ocr_line' id='line_1_50' title="bbox 330 2508 1848 2588; baseline -0.005 -21"><span class='ocrx_word' id='word_1_353' title='bbox 330 2513 488 2588; x_wconf 71' lang='grc' dir='ltr'><strong>’Ἄρτι</strong></span> <span class='ocrx_word' id='word_1_354' title='bbox 555 2513 748 2587; x_wconf 87' lang='grc' dir='ltr'><strong>μᾶλλον</strong></span> <span class='ocrx_word' id='word_1_355' title='bbox 802 2508 1140 2585; x_wconf 78' lang='grc' dir='ltr'><strong>ἀποδέχομαι</strong></span> <span class='ocrx_word' id='word_1_356' title='bbox 1208 2515 1302 2570; x_wconf 77' lang='grc' dir='ltr'><strong>τὴν</strong></span> <span class='ocrx_word' id='word_1_357' title='bbox 1358 2509 1641 2583; x_wconf 87' lang='grc' dir='ltr'><strong>τιμιότητά</strong></span> <span class='ocrx_word' id='word_1_358' title='bbox 1700 2527 1793 2561; x_wconf 90' lang='grc' dir='ltr'>σου</span> <span class='ocrx_word' id='word_1_359' title='bbox 1834 2523 1848 2536; x_wconf 91' lang='grc'><strong>·</strong></span> 
     </span>
    </p>
   </div>
   <div class='ocr_carea' id='block_1_51' title="bbox 264 2596 1860 2676">
    <p class='ocr_par' dir='ltr' id='par_1_51' title="bbox 264 2596 1860 2676">
     <span class='ocr_line' id='line_1_51' title="bbox 264 2596 1860 2676; baseline -0.004 -19"><span class='ocrx_word' id='word_1_360' title='bbox 264 2603 739 2676; x_wconf 83' lang='grc' dir='ltr'><strong>ἀποκλαυσαμένην</strong></span> <span class='ocrx_word' id='word_1_361' title='bbox 784 2606 879 2662; x_wconf 74' lang='grc' dir='ltr'><strong>τὴν</strong></span> <span class='ocrx_word' id='word_1_362' title='bbox 931 2605 1195 2676; x_wconf 81' lang='grc' dir='ltr'><strong>μακαρίαν</strong></span> <span class='ocrx_word' id='word_1_363' title='bbox 1261 2603 1499 2675; x_wconf 83' lang='grc' dir='ltr'><strong>μητέρα’</strong></span> <span class='ocrx_word' id='word_1_364' title='bbox 1561 2600 1642 2651; x_wconf 88' lang='grc' dir='ltr'><strong>ὅτε</strong></span> <span class='ocrx_word' id='word_1_365' title='bbox 1693 2596 1860 2661; x_wconf 78' lang='grc' dir='ltr'><strong>ἐξελη-</strong></span> 
     </span>
    </p>
   </div>
   <div class='ocr_carea' id='block_1_52' title="bbox 259 2686 1859 2764">
    <p class='ocr_par' dir='ltr' id='par_1_52' title="bbox 259 2686 1859 2764">
     <span class='ocr_line' id='line_1_52' title="bbox 259 2686 1859 2764; baseline -0.004 -19"><span class='ocrx_word' id='word_1_366' title='bbox 259 2692 427 2754; x_wconf 84' lang='grc' dir='ltr'><strong>λυθὼς</strong></span> <span class='ocrx_word' id='word_1_367' title='bbox 470 2694 496 2745; x_wconf 92' lang='lat'>6</span> <span class='ocrx_word' id='word_1_368' title='bbox 546 2692 832 2764; x_wconf 85' lang='grc' dir='ltr'><strong>οἰκονόμος,</strong></span> <span class='ocrx_word' id='word_1_369' title='bbox 884 2689 1165 2762; x_wconf 81' lang='grc' dir='ltr'><strong>ἀπήγγειλε</strong></span> <span class='ocrx_word' id='word_1_370' title='bbox 1210 2688 1643 2764; x_wconf 79' lang='grc' dir='ltr'><strong>παρακεκλῆσθαι</strong></span> <span class='ocrx_word' id='word_1_371' title='bbox 1696 2686 1859 2745; x_wconf 76' lang='grc' dir='ltr'><strong>αὐτὴν</strong></span> 
     </span>
    </p>
   </div>
   <div class='ocr_carea' id='block_1_53' title="bbox 261 2775 1857 2856">
    <p class='ocr_par' dir='ltr' id='par_1_53' title="bbox 261 2775 1857 2856">
     <span class='ocr_line' id='line_1_53' title="bbox 261 2775 1857 2856; baseline -0.004 -21"><span class='ocrx_word' id='word_1_372' title='bbox 261 2780 310 2835; x_wconf 84' lang='grc' dir='ltr'>έν</span> <span class='ocrx_word' id='word_1_373' title='bbox 366 2786 561 2856; x_wconf 77' lang='grc' dir='ltr'><strong>Κυρίῳ.</strong></span> <span class='ocrx_word' id='word_1_374' title='bbox 626 2780 736 2853; x_wconf 87' lang='grc' dir='ltr'>Ἐφ’</span> <span class='ocrx_word' id='word_1_375' title='bbox 903 2784 992 2832; x_wconf 78' lang='grc' dir='ltr'>καὶ</span> <span class='ocrx_word' id='word_1_376' title='bbox 1049 2780 1079 2838; x_wconf 73' lang='grc' dir='ltr'>ἡ</span> <span class='ocrx_word' id='word_1_377' title='bbox 1143 2783 1458 2841; x_wconf 85' lang='grc' dir='ltr'><strong>ταπείνωσίς</strong></span> <span class='ocrx_word' id='word_1_378' title='bbox 1516 2798 1618 2852; x_wconf 88' lang='grc' dir='ltr'>μου</span> <span class='ocrx_word' id='word_1_379' title='bbox 1682 2775 1857 2834; x_wconf 78' lang='grc' dir='ltr'><strong>ἀνείθη</strong></span> 
     </span>
    </p>
   </div>
   <div class='ocr_carea' id='block_1_54' title="bbox 262 2864 1855 2944">
    <p class='ocr_par' dir='ltr' id='par_1_54' title="bbox 262 2864 1855 2944">
     <span class='ocr_line' id='line_1_54' title="bbox 262 2864 1855 2944; baseline -0.003 -21"><span class='ocrx_word' id='word_1_380' title='bbox 262 2870 618 2944; x_wconf 71' lang='grc' dir='ltr'><strong>φροντίζοντος</strong></span> <span class='ocrx_word' id='word_1_381' title='bbox 691 2871 757 2921; x_wconf 83' lang='grc' dir='ltr'><strong>τὰ</strong></span> <span class='ocrx_word' id='word_1_382' title='bbox 816 2870 950 2921; x_wconf 87' lang='grc' dir='ltr'>κατά</span> <span class='ocrx_word' id='word_1_383' title='bbox 999 2870 1057 2920; x_wconf 71' lang='grc' dir='ltr'>σε</span> <span class='ocrx_word' id='word_1_384' title='bbox 1121 2870 1184 2928; x_wconf 87' lang='grc' dir='ltr'><strong>ὡς</strong></span> <span class='ocrx_word' id='word_1_385' title='bbox 1241 2864 1465 2941; x_wconf 82' lang='grc' dir='ltr'><strong>ἀδελφῆς</strong></span> <span class='ocrx_word' id='word_1_386' title='bbox 1521 2870 1570 2920; x_wconf 77' lang='grc' dir='ltr'><strong>ἑν</strong></span> <span class='ocrx_word' id='word_1_387' title='bbox 1622 2873 1855 2941; x_wconf 83' lang='grc' dir='ltr'><strong>Χριστῷ.</strong></span> 
     </span>
    </p>
   </div>
   <div class='ocr_carea' id='block_1_55' title="bbox 261 2954 1861 3033">
    <p class='ocr_par' dir='ltr' id='par_1_55' title="bbox 261 2954 1861 3033">
     <span class='ocr_line' id='line_1_55' title="bbox 261 2954 1861 3033; baseline -0.004 -21"><span class='ocrx_word' id='word_1_388' title='bbox 261 2966 348 3013; x_wconf 86' lang='grc' dir='ltr'>Δεῖ</span> <span class='ocrx_word' id='word_1_389' title='bbox 393 2962 517 3033; x_wconf 84' lang='grc' dir='ltr'><strong>γὰρ,</strong></span> <span class='ocrx_word' id='word_1_390' title='bbox 560 2955 600 3010; x_wconf 84' lang='grc' dir='ltr'>ὦ</span> <span class='ocrx_word' id='word_1_391' title='bbox 629 2962 809 3032; x_wconf 88' lang='grc' dir='ltr'><strong>κυρία,</strong></span> <span class='ocrx_word' id='word_1_392' title='bbox 862 2955 910 3009; x_wconf 79' lang='grc' dir='ltr'>ἐν</span> <span class='ocrx_word' id='word_1_393' title='bbox 940 2962 1052 3018; x_wconf 81' lang='grc' dir='ltr'><strong>τοῖς</strong></span> <span class='ocrx_word' id='word_1_394' title='bbox 1082 2955 1363 3029; x_wconf 72' lang='grc' dir='ltr'><strong>φιλτάτοις,</strong></span> <span class='ocrx_word' id='word_1_395' title='bbox 1410 2961 1499 3009; x_wconf 87' lang='grc' dir='ltr'><strong>καὶ</strong></span> <span class='ocrx_word' id='word_1_396' title='bbox 1528 2960 1585 3009; x_wconf 88' lang='grc' dir='ltr'>τό</span> <span class='ocrx_word' id='word_1_397' title='bbox 1614 2964 1707 3018; x_wconf 79' lang='grc' dir='ltr'><strong>τῆς</strong></span> <span class='ocrx_word' id='word_1_398' title='bbox 1735 2954 1861 3027; x_wconf 87' lang='grc' dir='ltr'><strong>ἀγά-</strong></span> 
     </span>
    </p>
   </div>
   <div class='ocr_carea' id='block_1_56' title="bbox 258 3045 1861 3121">
    <p class='ocr_par' dir='ltr' id='par_1_56' title="bbox 258 3045 1861 3121">
     <span class='ocr_line' id='line_1_56' title="bbox 258 3045 1861 3121; baseline -0.003 -19"><span class='ocrx_word' id='word_1_399' title='bbox 258 3068 359 3110; x_wconf 92' lang='grc' dir='ltr'>πης</span> <span class='ocrx_word' id='word_1_400' title='bbox 406 3045 837 3121; x_wconf 79' lang='grc' dir='ltr'><strong>ἰνδεικνυμένους,</strong></span> <span class='ocrx_word' id='word_1_401' title='bbox 890 3048 1150 3105; x_wconf 86' lang='grc' dir='ltr'><strong>πενθῆσαι</strong></span> <span class='ocrx_word' id='word_1_402' title='bbox 1204 3054 1453 3119; x_wconf 84' lang='grc' dir='ltr'><strong>φυσικῶς,</strong></span> <span class='ocrx_word' id='word_1_403' title='bbox 1506 3048 1596 3098; x_wconf 80' lang='grc' dir='ltr'>κάὶ</span> <span class='ocrx_word' id='word_1_404' title='bbox 1646 3054 1719 3117; x_wconf 82' lang='grc' dir='ltr'><strong>τῷ</strong></span> <span class='ocrx_word' id='word_1_405' title='bbox 1766 3051 1861 3104; x_wconf 77' lang='grc' dir='ltr'><strong>τῆς</strong></span> 
     </span>
    </p>
   </div>
   <div class='ocr_carea' id='block_1_57' title="bbox 259 3131 1861 3213">
    <p class='ocr_par' dir='ltr' id='par_1_57' title="bbox 259 3131 1861 3213">
     <span class='ocr_line' id='line_1_57' title="bbox 259 3131 1861 3213; baseline -0.002 -22"><span class='ocrx_word' id='word_1_406' title='bbox 259 3134 469 3201; x_wconf 66' lang='grc' dir='ltr'><strong>ἐλπίδος</strong></span> <span class='ocrx_word' id='word_1_407' title='bbox 525 3132 947 3213; x_wconf 80' lang='grc' dir='ltr'><strong>έπερειδομένους</strong></span> <span class='ocrx_word' id='word_1_408' title='bbox 1000 3131 1253 3208; x_wconf 83' lang='grc' dir='ltr'><strong>δόγματι,</strong></span> <span class='ocrx_word' id='word_1_409' title='bbox 1306 3134 1704 3210; x_wconf 83' lang='grc' dir='ltr'><strong>παρακληθῆναι</strong></span> <span class='ocrx_word' id='word_1_410' title='bbox 1750 3136 1861 3187; x_wconf 90' lang='grc' dir='ltr'><strong>θεο-</strong></span> 
     </span>
    </p>
   </div>
   <div class='ocr_carea' id='block_1_58' title="bbox 259 3222 1859 3303">
    <p class='ocr_par' dir='ltr' id='par_1_58' title="bbox 259 3222 1859 3303">
     <span class='ocr_line' id='line_1_58' title="bbox 259 3222 1859 3303; baseline -0.003 -23"><span class='ocrx_word' id='word_1_411' title='bbox 259 3234 491 3303; x_wconf 88' lang='grc' dir='ltr'><strong>πρεπῶς,</strong></span> <span class='ocrx_word' id='word_1_412' title='bbox 524 3222 654 3298; x_wconf 88' lang='grc' dir='ltr'><strong>μηδ’</strong></span> <span class='ocrx_word' id='word_1_413' title='bbox 704 3227 961 3300; x_wconf 77' lang='grc' dir='ltr'><strong>ὁποτέρως</strong></span> <span class='ocrx_word' id='word_1_414' title='bbox 1006 3224 1340 3298; x_wconf 78' lang='grc' dir='ltr'><strong>λυμήνασθαι</strong></span> <span class='ocrx_word' id='word_1_415' title='bbox 1388 3227 1446 3276; x_wconf 89' lang='grc' dir='ltr'>τό</span> <span class='ocrx_word' id='word_1_416' title='bbox 1498 3223 1676 3280; x_wconf 83' lang='grc' dir='ltr'><strong>καλόν,</strong></span> <span class='ocrx_word' id='word_1_417' title='bbox 1716 3222 1859 3275; x_wconf 82' lang='grc' dir='ltr'><strong>Ἴσον</strong></span> 
     </span>
    </p>
   </div>
   <div class='ocr_carea' id='block_1_59' title="bbox 257 3308 1855 3391">
    <p class='ocr_par' dir='ltr' id='par_1_59' title="bbox 257 3308 1855 3391">
     <span class='ocr_line' id='line_1_59' title="bbox 257 3308 1855 3391; baseline -0.001 -22"><span class='ocrx_word' id='word_1_418' title='bbox 257 3318 363 3391; x_wconf 87' lang='grc' dir='ltr'>γάρ</span> <span class='ocrx_word' id='word_1_419' title='bbox 440 3318 581 3369; x_wconf 73' lang='grc' dir='ltr'><strong>ἐστιν</strong></span> <span class='ocrx_word' id='word_1_420' title='bbox 657 3314 982 3387; x_wconf 81' lang='grc' dir='ltr'><strong>ἀναλγησίας</strong></span> <span class='ocrx_word' id='word_1_421' title='bbox 1038 3315 1069 3372; x_wconf 82' lang='grc' dir='ltr'><strong>ἠ</strong></span> <span class='ocrx_word' id='word_1_422' title='bbox 1129 3314 1442 3388; x_wconf 83' lang='grc' dir='ltr'><strong>ὑπέρμετρος</strong></span> <span class='ocrx_word' id='word_1_423' title='bbox 1516 3308 1855 3385; x_wconf 84' lang='grc' dir='ltr'><strong>περιωδυνια.</strong></span> 
     </span>
    </p>
   </div>
   <div class='ocr_carea' id='block_1_60' title="bbox 253 3400 1859 3478">
    <p class='ocr_par' dir='ltr' id='par_1_60' title="bbox 253 3400 1859 3478">
     <span class='ocr_line' id='line_1_60' title="bbox 253 3400 1859 3478; baseline -0.003 -20"><span class='ocrx_word' id='word_1_424' title='bbox 253 3410 482 3478; x_wconf 82' lang='grc' dir='ltr'><strong>Μέτροις</strong></span> <span class='ocrx_word' id='word_1_425' title='bbox 546 3403 779 3477; x_wconf 84' lang='grc' dir='ltr'><strong>ἀγόμεθα</strong></span> <span class='ocrx_word' id='word_1_426' title='bbox 832 3408 919 3456; x_wconf 80' lang='grc' dir='ltr'><strong>καὶ</strong></span> <span class='ocrx_word' id='word_1_427' title='bbox 976 3406 1159 3455; x_wconf 89' lang='grc' dir='ltr'><strong>κανόσι</strong></span> <span class='ocrx_word' id='word_1_428' title='bbox 1192 3404 1364 3469; x_wconf 88' lang='grc' dir='ltr'><strong>θείοις,</strong></span> <span class='ocrx_word' id='word_1_429' title='bbox 1414 3406 1503 3454; x_wconf 85' lang='grc' dir='ltr'>καὶ</span> <span class='ocrx_word' id='word_1_430' title='bbox 1531 3400 1764 3474; x_wconf 86' lang='grc' dir='ltr'><strong>μάλιστα</strong></span> <span class='ocrx_word' id='word_1_431' title='bbox 1811 3403 1859 3453; x_wconf 88' lang='grc' dir='ltr'>οἱ</span> 
     </span>
    </p>
   </div>
   <div class='ocr_carea' id='block_1_61' title="bbox 248 3489 1857 3565">
    <p class='ocr_par' dir='ltr' id='par_1_61' title="bbox 248 3489 1857 3565">
     <span class='ocr_line' id='line_1_61' title="bbox 248 3489 1857 3565; baseline -0.004 -17"><span class='ocrx_word' id='word_1_432' title='bbox 248 3497 312 3549; x_wconf 87' lang='grc' dir='ltr'><strong>τὸ</strong></span> <span class='ocrx_word' id='word_1_433' title='bbox 384 3503 482 3557; x_wconf 84' lang='grc' dir='ltr'><strong>τῆς</strong></span> <span class='ocrx_word' id='word_1_434' title='bbox 552 3493 868 3556; x_wconf 89' lang='grc' dir='ltr'><strong>τελειότητος</strong></span> <span class='ocrx_word' id='word_1_435' title='bbox 944 3491 1246 3565; x_wconf 75' lang='grc' dir='ltr'><strong>ἐπάγγελμα</strong></span> <span class='ocrx_word' id='word_1_436' title='bbox 1327 3490 1651 3564; x_wconf 82' lang='grc' dir='ltr'><strong>ἐπανημένοι.</strong></span> <span class='ocrx_word' id='word_1_437' title='bbox 1738 3489 1857 3543; x_wconf 80' lang='grc' dir='ltr'>Ἐκ-</span> 
     </span>
    </p>
   </div>
   <div class='ocr_carea' id='block_1_62' title="bbox 250 3578 1858 3644">
    <p class='ocr_par' dir='ltr' id='par_1_62' title="bbox 250 3578 1858 3644">
     <span class='ocr_line' id='line_1_62' title="bbox 250 3578 1858 3644; baseline -0.002 -8"><span class='ocrx_word' id='word_1_438' title='bbox 250 3583 420 3636; x_wconf 86' lang='grc' dir='ltr'><strong>λαυσε</strong></span> <span class='ocrx_word' id='word_1_439' title='bbox 489 3587 579 3635; x_wconf 85' lang='grc' dir='ltr'><strong>καὶ</strong></span> <span class='ocrx_word' id='word_1_440' title='bbox 628 3583 829 3637; x_wconf 87' lang='grc' dir='ltr'><strong>Μωσέα</strong></span> <span class='ocrx_word' id='word_1_441' title='bbox 878 3585 965 3635; x_wconf 87' lang='grc' dir='ltr'><strong>τὸν</strong></span> <span class='ocrx_word' id='word_1_442' title='bbox 1015 3583 1233 3639; x_wconf 82' lang='grc' dir='ltr'><strong>θεόπτην</strong></span> <span class='ocrx_word' id='word_1_443' title='bbox 1286 3582 1312 3633; x_wconf 91' lang='lat'>6</span> <span class='ocrx_word' id='word_1_444' title='bbox 1350 3580 1492 3644; x_wconf 84' lang='grc' dir='ltr'><strong>λαός,</strong></span> <span class='ocrx_word' id='word_1_445' title='bbox 1553 3578 1679 3632; x_wconf 82' lang='grc' dir='ltr'><strong>ἀλλὰ</strong></span> <span class='ocrx_word' id='word_1_446' title='bbox 1743 3599 1858 3632; x_wconf 85' lang='grc' dir='ltr'><strong>τεσ-</strong></span> 
     </span>
    </p>
   </div>
   <div class='ocr_carea' id='block_1_63' title="bbox 258 3670 1856 3745">
    <p class='ocr_par' dir='ltr' id='par_1_63' title="bbox 258 3670 1856 3745">
     <span class='ocr_line' id='line_1_63' title="bbox 258 3670 1856 3745; baseline -0.003 -20"><span class='ocrx_word' id='word_1_447' title='bbox 258 3674 556 3745; x_wconf 86' lang='grc' dir='ltr'><strong>σαράκοντα</strong></span> <span class='ocrx_word' id='word_1_448' title='bbox 631 3674 823 3745; x_wconf 82' lang='grc' dir='ltr'><strong>ἡμέρας</strong></span> <span class='ocrx_word' id='word_1_449' title='bbox 874 3688 886 3701; x_wconf 90' lang='grc'><strong>·</strong></span> <span class='ocrx_word' id='word_1_450' title='bbox 942 3676 1030 3723; x_wconf 81' lang='grc' dir='ltr'>καὶ</span> <span class='ocrx_word' id='word_1_451' title='bbox 1105 3670 1306 3743; x_wconf 75' lang='grc' dir='ltr'><strong>Ῥαχὴλ</strong></span> <span class='ocrx_word' id='word_1_452' title='bbox 1382 3674 1476 3728; x_wconf 79' lang='grc' dir='ltr'><strong>τὴν</strong></span> <span class='ocrx_word' id='word_1_453' title='bbox 1558 3671 1856 3741; x_wconf 82' lang='grc' dir='ltr'><strong>θαυμασίαν</strong></span> 
     </span>
    </p>
   </div>
   <div class='ocr_carea' id='block_1_64' title="bbox 258 3756 1857 3836">
    <p class='ocr_par' dir='ltr' id='par_1_64' title="bbox 258 3756 1857 3836">
     <span class='ocr_line' id='line_1_64' title="bbox 258 3756 1857 3836; baseline -0.002 -22"><span class='ocrx_word' id='word_1_454' title='bbox 258 3760 449 3815; x_wconf 85' lang='grc' dir='ltr'><strong>Ἰακὼϐ</strong></span> <span class='ocrx_word' id='word_1_455' title='bbox 498 3763 525 3813; x_wconf 92' lang='lat'>6</span> <span class='ocrx_word' id='word_1_456' title='bbox 580 3762 924 3836; x_wconf 87' lang='grc' dir='ltr'><strong>πατριάρχης</strong></span> <span class='ocrx_word' id='word_1_457' title='bbox 978 3763 1072 3813; x_wconf 83' lang='grc' dir='ltr'><strong>σὺν</strong></span> <span class='ocrx_word' id='word_1_458' title='bbox 1111 3764 1348 3822; x_wconf 82' lang='grc' dir='ltr'><strong>τέκνοις⁸</strong></span> <span class='ocrx_word' id='word_1_459' title='bbox 1407 3757 1533 3811; x_wconf 86' lang='grc' dir='ltr'>ἀλλά</span> <span class='ocrx_word' id='word_1_460' title='bbox 1582 3756 1857 3833; x_wconf 84' lang='grc' dir='ltr'><strong>βραχείαις</strong></span> 
     </span>
    </p>
   </div>
   <div class='ocr_carea' id='block_1_65' title="bbox 255 3848 1858 3923">
    <p class='ocr_par' dir='ltr' id='par_1_65' title="bbox 255 3848 1858 3923">
     <span class='ocr_line' id='line_1_65' title="bbox 255 3848 1858 3923; baseline -0.002 -20"><span class='ocrx_word' id='word_1_461' title='bbox 255 3850 520 3923; x_wconf 71' lang='grc' dir='ltr'><strong>ἡμέραις·</strong></span> <span class='ocrx_word' id='word_1_462' title='bbox 571 3853 660 3902; x_wconf 77' lang='grc' dir='ltr'><strong>καὶ</strong></span> <span class='ocrx_word' id='word_1_463' title='bbox 717 3849 871 3902; x_wconf 80' lang='grc' dir='ltr'><strong>αὐτόν</strong></span> <span class='ocrx_word' id='word_1_464' title='bbox 922 3848 1112 3922; x_wconf 74' lang='grc' dir='ltr'><strong>Ἰωσὴφ</strong></span> <span class='ocrx_word' id='word_1_465' title='bbox 1188 3850 1214 3900; x_wconf 94' lang='lat'>6</span> <span class='ocrx_word' id='word_1_466' title='bbox 1272 3848 1707 3920; x_wconf 84' lang='grc' dir='ltr'><strong>πολυθρύλλητος,</strong></span> <span class='ocrx_word' id='word_1_467' title='bbox 1768 3853 1858 3900; x_wconf 82' lang='grc' dir='ltr'>καὶ</span> 
     </span>
    </p>
   </div>
   <div class='ocr_carea' id='block_1_66' title="bbox 256 3936 1861 4010">
    <p class='ocr_par' dir='ltr' id='par_1_66' title="bbox 256 3936 1861 4010">
     <span class='ocr_line' id='line_1_66' title="bbox 256 3936 1861 4010; baseline -0.002 -18"><span class='ocrx_word' id='word_1_468' title='bbox 256 3938 446 4001; x_wconf 77' lang='grc' dir='ltr'><strong>ἄλλους</strong></span> <span class='ocrx_word' id='word_1_469' title='bbox 497 3937 641 3991; x_wconf 84' lang='grc' dir='ltr'><strong>ἄλλοι</strong></span> <span class='ocrx_word' id='word_1_470' title='bbox 696 3941 746 3991; x_wconf 77' lang='grc' dir='ltr'><strong>ἓν</strong></span> <span class='ocrx_word' id='word_1_471' title='bbox 800 3957 855 3991; x_wconf 92' lang='grc' dir='ltr'>τε</span> <span class='ocrx_word' id='word_1_472' title='bbox 898 3937 1105 4008; x_wconf 85' lang='grc' dir='ltr'><strong>Παλαιᾷ</strong></span> <span class='ocrx_word' id='word_1_473' title='bbox 1151 3942 1241 3990; x_wconf 87' lang='grc' dir='ltr'>καὶ</span> <span class='ocrx_word' id='word_1_474' title='bbox 1296 3942 1404 4010; x_wconf 82' lang='grc' dir='ltr'>Νέᾳ</span> <span class='ocrx_word' id='word_1_475' title='bbox 1440 3940 1673 4010; x_wconf 75' lang='grc' dir='ltr'><strong>Διαθήκη</strong></span> <span class='ocrx_word' id='word_1_476' title='bbox 1707 3954 1720 3967; x_wconf 82' lang='lat'><strong><em>°</em></strong></span> <span class='ocrx_word' id='word_1_477' title='bbox 1755 3936 1861 3990; x_wconf 86' lang='grc' dir='ltr'><strong>ἀλλ’</strong></span> 
     </span>
    </p>
   </div>
   <div class='ocr_carea' id='block_1_67' title="bbox 256 4023 1862 4104">
    <p class='ocr_par' dir='ltr' id='par_1_67' title="bbox 256 4023 1862 4104">
     <span class='ocr_line' id='line_1_67' title="bbox 256 4023 1862 4104; baseline -0.002 -23"><span class='ocrx_word' id='word_1_478' title='bbox 256 4032 579 4104; x_wconf 76' lang='grc' dir='ltr'><strong>ὡρισμένως,</strong></span> <span class='ocrx_word' id='word_1_479' title='bbox 616 4032 703 4081; x_wconf 76' lang='grc' dir='ltr'><strong>καὶ</strong></span> <span class='ocrx_word' id='word_1_480' title='bbox 730 4026 825 4079; x_wconf 85' lang='grc' dir='ltr'>ούκ</span> <span class='ocrx_word' id='word_1_481' title='bbox 864 4025 940 4079; x_wconf 83' lang='grc' dir='ltr'>ἀει</span> <span class='ocrx_word' id='word_1_482' title='bbox 967 4044 979 4056; x_wconf 87' lang='grc'><em>’</em></span> <span class='ocrx_word' id='word_1_483' title='bbox 1009 4026 1145 4079; x_wconf 77' lang='grc' dir='ltr'><strong>οὕτω</strong></span> <span class='ocrx_word' id='word_1_484' title='bbox 1176 4023 1244 4084; x_wconf 83' lang='grc' dir='ltr'><strong>δὴ</strong></span> <span class='ocrx_word' id='word_1_485' title='bbox 1286 4031 1376 4079; x_wconf 81' lang='grc' dir='ltr'>καὶ</span> <span class='ocrx_word' id='word_1_486' title='bbox 1416 4026 1544 4085; x_wconf 79' lang='grc' dir='ltr'>αύτή</span> <span class='ocrx_word' id='word_1_487' title='bbox 1587 4030 1862 4085; x_wconf 73' lang='grc' dir='ltr'><strong>ποιήσασα</strong></span> 
     </span>
    </p>
   </div>
   <div class='ocr_carea' id='block_1_68' title="bbox 253 4113 1849 4190">
    <p class='ocr_par' dir='ltr' id='par_1_68' title="bbox 253 4113 1849 4190">
     <span class='ocr_line' id='line_1_68' title="bbox 253 4113 1849 4190; baseline -0.003 -19"><span class='ocrx_word' id='word_1_488' title='bbox 253 4124 350 4171; x_wconf 79' lang='grc' dir='ltr'><strong>καὶ</strong></span> <span class='ocrx_word' id='word_1_489' title='bbox 386 4125 633 4183; x_wconf 87' lang='grc' dir='ltr'><strong>ποιοῦσα,</strong></span> <span class='ocrx_word' id='word_1_490' title='bbox 676 4116 940 4180; x_wconf 82' lang='grc' dir='ltr'><strong>έπαινετή,</strong></span> <span class='ocrx_word' id='word_1_491' title='bbox 980 4117 1125 4187; x_wconf 85' lang='grc' dir='ltr'><strong>παρά</strong></span> <span class='ocrx_word' id='word_1_492' title='bbox 1165 4134 1219 4167; x_wconf 87' lang='grc' dir='ltr'>τε</span> <span class='ocrx_word' id='word_1_493' title='bbox 1251 4124 1366 4186; x_wconf 72' lang='grc' dir='ltr'>Θεῷ</span> <span class='ocrx_word' id='word_1_494' title='bbox 1403 4119 1494 4167; x_wconf 77' lang='grc' dir='ltr'><strong>καὶ</strong></span> <span class='ocrx_word' id='word_1_495' title='bbox 1533 4113 1849 4190; x_wconf 81' lang='grc' dir='ltr'><strong>ἀνθρώποις.</strong></span> 
     </span>
    </p>
   </div>
   <div class='ocr_carea' id='block_1_69' title="bbox 256 4203 1862 4277">
    <p class='ocr_par' dir='ltr' id='par_1_69' title="bbox 256 4203 1862 4277">
     <span class='ocr_line' id='line_1_69' title="bbox 256 4203 1862 4277; baseline -0.002 -17"><span class='ocrx_word' id='word_1_496' title='bbox 256 4207 470 4267; x_wconf 87' lang='grc' dir='ltr'><strong>Βλέποις</strong></span> <span class='ocrx_word' id='word_1_497' title='bbox 522 4205 603 4259; x_wconf 78' lang='grc' dir='ltr'>ἀεὶ</span> <span class='ocrx_word' id='word_1_498' title='bbox 650 4207 787 4257; x_wconf 85' lang='grc' dir='ltr'>κατὰ</span> <span class='ocrx_word' id='word_1_499' title='bbox 830 4211 949 4257; x_wconf 85' lang='grc' dir='ltr'><strong>νοῦν</strong></span> <span class='ocrx_word' id='word_1_500' title='bbox 1014 4209 1109 4262; x_wconf 65' lang='grc' dir='ltr'><strong>τὴν</strong></span> <span class='ocrx_word' id='word_1_501' title='bbox 1165 4205 1507 4276; x_wconf 87' lang='grc' dir='ltr'><strong>ποθουμένην,</strong></span> <span class='ocrx_word' id='word_1_502' title='bbox 1570 4209 1659 4256; x_wconf 83' lang='grc' dir='ltr'><strong>καὶ</strong></span> <span class='ocrx_word' id='word_1_503' title='bbox 1722 4203 1862 4277; x_wconf 81' lang='grc' dir='ltr'><strong>μάλα</strong></span> 
     </span>
    </p>
   </div>
   <div class='ocr_carea' id='block_1_70' title="bbox 2035 2510 3618 2586">
    <p class='ocr_par' dir='ltr' id='par_1_70' title="bbox 2035 2510 3618 2586">
     <span class='ocr_line' id='line_1_70' title="bbox 2035 2510 3618 2586; baseline 0.004 -22"><span class='ocrx_word' id='word_1_504' title='bbox 2035 2510 2200 2565; x_wconf 86' lang='lat' dir='ltr'>Nunc</span> <span class='ocrx_word' id='word_1_505' title='bbox 2222 2510 2350 2581; x_wconf 89' lang='lat' dir='ltr'>jam</span> <span class='ocrx_word' id='word_1_506' title='bbox 2384 2512 2575 2582; x_wconf 89' lang='lat' dir='ltr'>magis</span> <span class='ocrx_word' id='word_1_507' title='bbox 2600 2510 2784 2569; x_wconf 90' lang='lat' dir='ltr'>laudo</span> <span class='ocrx_word' id='word_1_508' title='bbox 2815 2512 3209 2569; x_wconf 87' lang='lat' dir='ltr'>reverentiam</span> <span class='ocrx_word' id='word_1_509' title='bbox 3242 2518 3430 2581; x_wconf 90' lang='lat' dir='ltr'>tuam,</span> <span class='ocrx_word' id='word_1_510' title='bbox 3453 2514 3618 2586; x_wconf 92' lang='lat' dir='ltr'>quod</span> 
     </span>
    </p>
   </div>
   <div class='ocr_carea' id='block_1_71' title="bbox 1969 2595 3619 2676">
    <p class='ocr_par' dir='ltr' id='par_1_71' title="bbox 1969 2595 3619 2676">
     <span class='ocr_line' id='line_1_71' title="bbox 1969 2595 3619 2676; baseline 0.005 -25"><span class='ocrx_word' id='word_1_511' title='bbox 1969 2595 2208 2654; x_wconf 91' lang='lat' dir='ltr'>beatam</span> <span class='ocrx_word' id='word_1_512' title='bbox 2233 2606 2483 2656; x_wconf 85' lang='lat' dir='ltr'>matrem</span> <span class='ocrx_word' id='word_1_513' title='bbox 2510 2600 2966 2658; x_wconf 83' lang='lat' dir='ltr'>deﬂendiﬁnem</span> <span class='ocrx_word' id='word_1_514' title='bbox 2982 2603 3136 2669; x_wconf 82' lang='lat' dir='ltr'>fecit,</span> <span class='ocrx_word' id='word_1_515' title='bbox 3159 2602 3407 2676; x_wconf 90' lang='lat' dir='ltr'>quando</span> <span class='ocrx_word' id='word_1_516' title='bbox 3420 2618 3619 2674; x_wconf 89' lang='lat' dir='ltr'>egres-</span> 
     </span>
    </p>
   </div>
   <div class='ocr_carea' id='block_1_72' title="bbox 1968 2688 3620 2750">
    <p class='ocr_par' dir='ltr' id='par_1_72' title="bbox 1968 2688 3620 2750">
     <span class='ocr_line' id='line_1_72' title="bbox 1968 2688 3620 2750; baseline 0.006 -10"><span class='ocrx_word' id='word_1_517' title='bbox 1968 2703 2069 2742; x_wconf 91' lang='lat' dir='ltr'>sus</span> <span class='ocrx_word' id='word_1_518' title='bbox 2101 2688 2474 2745; x_wconf 82' lang='lat' dir='ltr'>(Economus</span> <span class='ocrx_word' id='word_1_519' title='bbox 2499 2695 2549 2745; x_wconf 89' lang='lat' dir='ltr'>te</span> <span class='ocrx_word' id='word_1_520' title='bbox 2577 2690 3050 2749; x_wconf 90' lang='lat' dir='ltr'>consolationem</span> <span class='ocrx_word' id='word_1_521' title='bbox 3072 2692 3130 2749; x_wconf 91' lang='lat' dir='ltr'>in</span> <span class='ocrx_word' id='word_1_522' title='bbox 3158 2690 3412 2749; x_wconf 89' lang='lat' dir='ltr'>Domino</span> <span class='ocrx_word' id='word_1_523' title='bbox 3429 2692 3620 2750; x_wconf 87' lang='lat' dir='ltr'>admi—</span> 
     </span>
    </p>
   </div>
   <div class='ocr_carea' id='block_1_73' title="bbox 1968 2775 3618 2855">
    <p class='ocr_par' dir='ltr' id='par_1_73' title="bbox 1968 2775 3618 2855">
     <span class='ocr_line' id='line_1_73' title="bbox 1968 2775 3618 2855; baseline 0.004 -24"><span class='ocrx_word' id='word_1_524' title='bbox 1968 2775 2112 2831; x_wconf 88' lang='lat' dir='ltr'>sisse</span> <span class='ocrx_word' id='word_1_525' title='bbox 2143 2778 2522 2834; x_wconf 87' lang='lat' dir='ltr'>renuntiavit.</span> <span class='ocrx_word' id='word_1_526' title='bbox 2553 2781 2634 2836; x_wconf 85' lang='lat' dir='ltr'><strong>Ex</strong></span> <span class='ocrx_word' id='word_1_527' title='bbox 2655 2796 2778 2852; x_wconf 90' lang='lat' dir='ltr'>quo</span> <span class='ocrx_word' id='word_1_528' title='bbox 2800 2786 2856 2836; x_wconf 92' lang='lat' dir='ltr'>et</span> <span class='ocrx_word' id='word_1_529' title='bbox 2882 2782 3149 2837; x_wconf 90' lang='lat' dir='ltr'>dolorem</span> <span class='ocrx_word' id='word_1_530' title='bbox 3174 2797 3417 2855; x_wconf 90' lang='lat' dir='ltr'>quoque</span> <span class='ocrx_word' id='word_1_531' title='bbox 3448 2783 3618 2839; x_wconf 81' lang='lat' dir='ltr'>remi—</span> 
     </span>
    </p>
   </div>
   <div class='ocr_carea' id='block_1_74' title="bbox 1970 2864 3616 2943">
    <p class='ocr_par' dir='ltr' id='par_1_74' title="bbox 1970 2864 3616 2943">
     <span class='ocr_line' id='line_1_74' title="bbox 1970 2864 3616 2943; baseline 0.006 -25"><span class='ocrx_word' id='word_1_532' title='bbox 1970 2864 2042 2920; x_wconf 91' lang='lat' dir='ltr'>sit</span> <span class='ocrx_word' id='word_1_533' title='bbox 2090 2865 2396 2922; x_wconf 88' lang='lat' dir='ltr'>humilitas</span> <span class='ocrx_word' id='word_1_534' title='bbox 2427 2883 2583 2935; x_wconf 89' lang='lat' dir='ltr'>mea,</span> <span class='ocrx_word' id='word_1_535' title='bbox 2636 2868 2711 2925; x_wconf 92' lang='lat' dir='ltr'>de</span> <span class='ocrx_word' id='word_1_536' title='bbox 2767 2873 2820 2925; x_wconf 90' lang='lat' dir='ltr'>te</span> <span class='ocrx_word' id='word_1_537' title='bbox 2868 2874 3160 2943; x_wconf 89' lang='lat' dir='ltr'>tanquam</span> <span class='ocrx_word' id='word_1_538' title='bbox 3208 2870 3284 2927; x_wconf 91' lang='lat' dir='ltr'>de</span> <span class='ocrx_word' id='word_1_539' title='bbox 3327 2887 3530 2927; x_wconf 88' lang='lat' dir='ltr'>sorore</span> <span class='ocrx_word' id='word_1_540' title='bbox 3554 2872 3616 2928; x_wconf 90' lang='lat' dir='ltr'>in</span> 
     </span>
    </p>
   </div>
   <div class='ocr_carea' id='block_1_75' title="bbox 1971 2954 3618 3032">
    <p class='ocr_par' dir='ltr' id='par_1_75' title="bbox 1971 2954 3618 3032">
     <span class='ocr_line' id='line_1_75' title="bbox 1971 2954 3618 3032; baseline 0.005 -24"><span class='ocrx_word' id='word_1_541' title='bbox 1971 2954 2194 3010; x_wconf 89' lang='lat' dir='ltr'>Christo</span> <span class='ocrx_word' id='word_1_542' title='bbox 2221 2954 2486 3012; x_wconf 91' lang='lat' dir='ltr'>sollicita.</span> <span class='ocrx_word' id='word_1_543' title='bbox 2517 2957 2688 3014; x_wconf 88' lang='lat' dir='ltr'>Decet</span> <span class='ocrx_word' id='word_1_544' title='bbox 2716 2974 3001 3032; x_wconf 86' lang='lat' dir='ltr'>namque,</span> <span class='ocrx_word' id='word_1_545' title='bbox 3040 2958 3312 3023; x_wconf 89' lang='lat' dir='ltr'>domina,</span> <span class='ocrx_word' id='word_1_546' title='bbox 3344 2965 3410 3015; x_wconf 89' lang='lat' dir='ltr'>ut</span> <span class='ocrx_word' id='word_1_547' title='bbox 3439 2958 3618 3017; x_wconf 87' lang='lat' dir='ltr'>amici</span> 
     </span>
    </p>
   </div>
   <div class='ocr_carea' id='block_1_76' title="bbox 1970 3041 3618 3119">
    <p class='ocr_par' dir='ltr' id='par_1_76' title="bbox 1970 3041 3618 3119">
     <span class='ocr_line' id='line_1_76' title="bbox 1970 3041 3618 3119; baseline 0.007 -23"><span class='ocrx_word' id='word_1_548' title='bbox 1970 3041 2118 3098; x_wconf 90' lang='lat' dir='ltr'>inter</span> <span class='ocrx_word' id='word_1_549' title='bbox 2148 3060 2209 3099; x_wconf 91' lang='lat' dir='ltr'>se</span> <span class='ocrx_word' id='word_1_550' title='bbox 2235 3052 2291 3100; x_wconf 91' lang='lat' dir='ltr'>et</span> <span class='ocrx_word' id='word_1_551' title='bbox 2323 3046 2628 3101; x_wconf 89' lang='lat' dir='ltr'>charitatis</span> <span class='ocrx_word' id='word_1_552' title='bbox 2674 3048 2978 3119; x_wconf 90' lang='lat' dir='ltr'>specimen</span> <span class='ocrx_word' id='word_1_553' title='bbox 3006 3048 3216 3104; x_wconf 88' lang='lat' dir='ltr'>dantes</span> <span class='ocrx_word' id='word_1_554' title='bbox 3244 3046 3488 3119; x_wconf 86' lang='lat' dir='ltr'>lugeant</span> <span class='ocrx_word' id='word_1_555' title='bbox 3512 3064 3618 3108; x_wconf 85' lang='lat' dir='ltr'>na.-</span> 
     </span>
    </p>
   </div>
   <div class='ocr_carea' id='block_1_77' title="bbox 1968 3132 3619 3208">
    <p class='ocr_par' dir='ltr' id='par_1_77' title="bbox 1968 3132 3619 3208">
     <span class='ocr_line' id='line_1_77' title="bbox 1968 3132 3619 3208; baseline 0.005 -21"><span class='ocrx_word' id='word_1_556' title='bbox 1968 3135 2113 3187; x_wconf 72' lang='lat' dir='ltr'>turae</span> <span class='ocrx_word' id='word_1_557' title='bbox 2135 3132 2337 3198; x_wconf 88' lang='lat' dir='ltr'>ductu,</span> <span class='ocrx_word' id='word_1_558' title='bbox 2371 3140 2426 3189; x_wconf 92' lang='lat' dir='ltr'>et</span> <span class='ocrx_word' id='word_1_559' title='bbox 2450 3134 2518 3189; x_wconf 93' lang='lat' dir='ltr'>iis</span> <span class='ocrx_word' id='word_1_560' title='bbox 2551 3150 2685 3207; x_wconf 76' lang='lat' dir='ltr'>quae</span> <span class='ocrx_word' id='word_1_561' title='bbox 2707 3152 2842 3208; x_wconf 91' lang='lat' dir='ltr'>spes</span> <span class='ocrx_word' id='word_1_562' title='bbox 2860 3136 3033 3193; x_wconf 89' lang='lat' dir='ltr'>docet</span> <span class='ocrx_word' id='word_1_563' title='bbox 3057 3137 3245 3193; x_wconf 81' lang='lat' dir='ltr'>innixi</span> <span class='ocrx_word' id='word_1_564' title='bbox 3283 3138 3619 3197; x_wconf 85' lang='lat' dir='ltr'>secundum</span> 
     </span>
    </p>
   </div>
   <div class='ocr_carea' id='block_1_78' title="bbox 1970 3222 3618 3298">
    <p class='ocr_par' dir='ltr' id='par_1_78' title="bbox 1970 3222 3618 3298">
     <span class='ocr_line' id='line_1_78' title="bbox 1970 3222 3618 3298; baseline 0.006 -23"><span class='ocrx_word' id='word_1_565' title='bbox 1970 3222 2154 3277; x_wconf 90' lang='lat' dir='ltr'>Deum</span> <span class='ocrx_word' id='word_1_566' title='bbox 2195 3222 2597 3290; x_wconf 90' lang='lat' dir='ltr'>consolentur,</span> <span class='ocrx_word' id='word_1_567' title='bbox 2653 3230 3049 3298; x_wconf 90' lang='lat' dir='ltr'>neutramque</span> <span class='ocrx_word' id='word_1_568' title='bbox 3078 3226 3137 3282; x_wconf 91' lang='lat' dir='ltr'>in</span> <span class='ocrx_word' id='word_1_569' title='bbox 3170 3230 3399 3298; x_wconf 87' lang='lat' dir='ltr'>partem</span> <span class='ocrx_word' id='word_1_570' title='bbox 3429 3228 3618 3285; x_wconf 89' lang='lat' dir='ltr'>bone-</span> 
     </span>
    </p>
   </div>
   <div class='ocr_carea' id='block_1_79' title="bbox 1969 3311 3617 3390">
    <p class='ocr_par' dir='ltr' id='par_1_79' title="bbox 1969 3311 3617 3390">
     <span class='ocr_line' id='line_1_79' title="bbox 1969 3311 3617 3390; baseline 0.007 -26"><span class='ocrx_word' id='word_1_571' title='bbox 1969 3317 2125 3365; x_wconf 83' lang='lat' dir='ltr'>stum</span> <span class='ocrx_word' id='word_1_572' title='bbox 2154 3311 2422 3368; x_wconf 89' lang='lat' dir='ltr'>violetur.</span> <span class='ocrx_word' id='word_1_573' title='bbox 2458 3315 2565 3370; x_wconf 89' lang='lat' dir='ltr'>Par</span> <span class='ocrx_word' id='word_1_574' title='bbox 2613 3314 2771 3369; x_wconf 90' lang='lat' dir='ltr'>enim</span> <span class='ocrx_word' id='word_1_575' title='bbox 2822 3321 2912 3371; x_wconf 87' lang='lat' dir='ltr'>est</span> <span class='ocrx_word' id='word_1_576' title='bbox 2951 3316 3199 3388; x_wconf 87' lang='lat' dir='ltr'>stupori,</span> <span class='ocrx_word' id='word_1_577' title='bbox 3230 3316 3331 3390; x_wconf 92' lang='lat' dir='ltr'>qui</span> <span class='ocrx_word' id='word_1_578' title='bbox 3365 3316 3617 3375; x_wconf 90' lang='lat' dir='ltr'>modum</span> 
     </span>
    </p>
   </div>
   <div class='ocr_carea' id='block_1_80' title="bbox 1967 3400 3615 3479">
    <p class='ocr_par' dir='ltr' id='par_1_80' title="bbox 1967 3400 3615 3479">
     <span class='ocr_line' id='line_1_80' title="bbox 1967 3400 3615 3479; baseline 0.005 -24"><span class='ocrx_word' id='word_1_579' title='bbox 1967 3400 2197 3456; x_wconf 83' lang='lat' dir='ltr'>excedit</span> <span class='ocrx_word' id='word_1_580' title='bbox 2221 3402 2440 3456; x_wconf 91' lang='lat' dir='ltr'>nimius</span> <span class='ocrx_word' id='word_1_581' title='bbox 2469 3401 2660 3459; x_wconf 90' lang='lat' dir='ltr'>dolor.</span> <span class='ocrx_word' id='word_1_582' title='bbox 2690 3404 2972 3460; x_wconf 87' lang='lat' dir='ltr'>Mensuris</span> <span class='ocrx_word' id='word_1_583' title='bbox 3011 3420 3267 3474; x_wconf 89' lang='lat' dir='ltr'>agamur</span> <span class='ocrx_word' id='word_1_584' title='bbox 3314 3411 3370 3462; x_wconf 90' lang='lat' dir='ltr'>et</span> <span class='ocrx_word' id='word_1_585' title='bbox 3394 3406 3615 3479; x_wconf 85' lang='lat' dir='ltr'>regulis</span> 
     </span>
    </p>
   </div>
   <div class='ocr_carea' id='block_1_81' title="bbox 1964 3490 3612 3566">
    <p class='ocr_par' dir='ltr' id='par_1_81' title="bbox 1964 3490 3612 3566">
     <span class='ocr_line' id='line_1_81' title="bbox 1964 3490 3612 3566; baseline 0.004 -20"><span class='ocrx_word' id='word_1_586' title='bbox 1964 3490 2202 3554; x_wconf 85' lang='lat' dir='ltr'>divinis,</span> <span class='ocrx_word' id='word_1_587' title='bbox 2230 3506 2340 3545; x_wconf 91' lang='lat' dir='ltr'>nos</span> <span class='ocrx_word' id='word_1_588' title='bbox 2365 3492 2623 3547; x_wconf 81' lang='lat' dir='ltr'>maxime</span> <span class='ocrx_word' id='word_1_589' title='bbox 2653 3491 2755 3564; x_wconf 91' lang='lat' dir='ltr'>qui</span> <span class='ocrx_word' id='word_1_590' title='bbox 2776 3492 3150 3564; x_wconf 87' lang='lat' dir='ltr'>perfectionis</span> <span class='ocrx_word' id='word_1_591' title='bbox 3170 3494 3612 3566; x_wconf 80' lang='lat' dir='ltr'>professionem</span> 
     </span>
    </p>
   </div>
   <div class='ocr_carea' id='block_1_82' title="bbox 1965 3578 3615 3657">
    <p class='ocr_par' dir='ltr' id='par_1_82' title="bbox 1965 3578 3615 3657">
     <span class='ocr_line' id='line_1_82' title="bbox 1965 3578 3615 3657; baseline 0.004 -22"><span class='ocrx_word' id='word_1_592' title='bbox 1965 3578 2275 3650; x_wconf 90' lang='lat' dir='ltr'>elegimus.</span> <span class='ocrx_word' id='word_1_593' title='bbox 2303 3578 2524 3635; x_wconf 86' lang='lat' dir='ltr'>Planxit</span> <span class='ocrx_word' id='word_1_594' title='bbox 2547 3585 2601 3636; x_wconf 91' lang='lat' dir='ltr'>et</span> <span class='ocrx_word' id='word_1_595' title='bbox 2626 3582 2884 3652; x_wconf 84' lang='lat' dir='ltr'>Moysem</span> <span class='ocrx_word' id='word_1_596' title='bbox 2905 3582 3003 3637; x_wconf 91' lang='lat' dir='ltr'>Dei</span> <span class='ocrx_word' id='word_1_597' title='bbox 3027 3591 3478 3655; x_wconf 91' lang='lat' dir='ltr'>conspectorem</span> <span class='ocrx_word' id='word_1_598' title='bbox 3511 3600 3615 3657; x_wconf 90' lang='lat' dir='ltr'>po-</span> 
     </span>
    </p>
   </div>
   <div class='ocr_carea' id='block_1_83' title="bbox 1964 3668 3617 3742">
    <p class='ocr_par' dir='ltr' id='par_1_83' title="bbox 1964 3668 3617 3742">
     <span class='ocr_line' id='line_1_83' title="bbox 1964 3668 3617 3742; baseline 0.004 -19"><span class='ocrx_word' id='word_1_599' title='bbox 1964 3668 2163 3742; x_wconf 91' lang='lat' dir='ltr'>pulus,</span> <span class='ocrx_word' id='word_1_600' title='bbox 2196 3668 2300 3724; x_wconf 90' lang='lat' dir='ltr'>sed</span> <span class='ocrx_word' id='word_1_601' title='bbox 2326 3668 2538 3724; x_wconf 89' lang='lat' dir='ltr'>diebus</span> <span class='ocrx_word' id='word_1_602' title='bbox 2589 3672 3026 3741; x_wconf 84' lang='lat' dir='ltr'>quadraginta:</span> <span class='ocrx_word' id='word_1_603' title='bbox 3082 3677 3139 3727; x_wconf 92' lang='lat' dir='ltr'>et</span> <span class='ocrx_word' id='word_1_604' title='bbox 3195 3673 3617 3730; x_wconf 87' lang='lat' dir='ltr'>admirandam</span> 
     </span>
    </p>
   </div>
   <div class='ocr_carea' id='block_1_84' title="bbox 1964 3756 3615 3834">
    <p class='ocr_par' dir='ltr' id='par_1_84' title="bbox 1964 3756 3615 3834">
     <span class='ocr_line' id='line_1_84' title="bbox 1964 3756 3615 3834; baseline 0.002 -22"><span class='ocrx_word' id='word_1_605' title='bbox 1964 3756 2279 3813; x_wconf 86' lang='lat' dir='ltr'>Rachelem</span> <span class='ocrx_word' id='word_1_606' title='bbox 2318 3772 2458 3812; x_wconf 93' lang='lat' dir='ltr'>cum</span> <span class='ocrx_word' id='word_1_607' title='bbox 2490 3756 2623 3811; x_wconf 84' lang='lat' dir='ltr'>ﬁliis</span> <span class='ocrx_word' id='word_1_608' title='bbox 2651 3758 2988 3829; x_wconf 88' lang='lat' dir='ltr'>patriarcha</span> <span class='ocrx_word' id='word_1_609' title='bbox 3034 3758 3239 3825; x_wconf 86' lang='lat' dir='ltr'>Jacob,</span> <span class='ocrx_word' id='word_1_610' title='bbox 3272 3762 3375 3817; x_wconf 91' lang='lat' dir='ltr'>sed</span> <span class='ocrx_word' id='word_1_611' title='bbox 3406 3762 3615 3834; x_wconf 90' lang='lat' dir='ltr'>paucis</span> 
     </span>
    </p>
   </div>
   <div class='ocr_carea' id='block_1_85' title="bbox 1966 3845 3617 3923">
    <p class='ocr_par' dir='ltr' id='par_1_85' title="bbox 1966 3845 3617 3923">
     <span class='ocr_line' id='line_1_85' title="bbox 1966 3845 3617 3923; baseline 0.002 -21"><span class='ocrx_word' id='word_1_612' title='bbox 1966 3845 2181 3903; x_wconf 89' lang='lat' dir='ltr'>diebus</span> <span class='ocrx_word' id='word_1_613' title='bbox 2208 3864 2219 3902; x_wconf 93' lang='lat'><strong>:</strong></span> <span class='ocrx_word' id='word_1_614' title='bbox 2252 3853 2307 3901; x_wconf 91' lang='lat' dir='ltr'>et</span> <span class='ocrx_word' id='word_1_615' title='bbox 2328 3846 2486 3901; x_wconf 90' lang='lat' dir='ltr'>hunc</span> <span class='ocrx_word' id='word_1_616' title='bbox 2512 3846 2715 3917; x_wconf 89' lang='lat' dir='ltr'>ipsum</span> <span class='ocrx_word' id='word_1_617' title='bbox 2739 3846 3159 3904; x_wconf 86' lang='lat' dir='ltr'>celeberrimus</span> <span class='ocrx_word' id='word_1_618' title='bbox 3181 3850 3421 3923; x_wconf 86' lang='lat' dir='ltr'>Joseph,</span> <span class='ocrx_word' id='word_1_619' title='bbox 3441 3851 3617 3907; x_wconf 89' lang='lat' dir='ltr'>alios-</span> 
     </span>
    </p>
   </div>
   <div class='ocr_carea' id='block_1_86' title="bbox 1968 3935 3611 4008">
    <p class='ocr_par' dir='ltr' id='par_1_86' title="bbox 1968 3935 3611 4008">
     <span class='ocr_line' id='line_1_86' title="bbox 1968 3935 3611 4008; baseline 0.004 -18"><span class='ocrx_word' id='word_1_620' title='bbox 1968 3951 2084 4008; x_wconf 92' lang='lat' dir='ltr'>que</span> <span class='ocrx_word' id='word_1_621' title='bbox 2112 3935 2211 3991; x_wconf 85' lang='lat' dir='ltr'>alii</span> <span class='ocrx_word' id='word_1_622' title='bbox 2243 3942 2367 3990; x_wconf 90' lang='lat' dir='ltr'>tum</span> <span class='ocrx_word' id='word_1_623' title='bbox 2398 3936 2456 3989; x_wconf 90' lang='lat' dir='ltr'>in</span> <span class='ocrx_word' id='word_1_624' title='bbox 2492 3937 2707 4000; x_wconf 90' lang='lat' dir='ltr'>Vetere,</span> <span class='ocrx_word' id='word_1_625' title='bbox 2749 3941 2871 3992; x_wconf 91' lang='lat' dir='ltr'>tum</span> <span class='ocrx_word' id='word_1_626' title='bbox 2919 3936 2981 3992; x_wconf 90' lang='lat' dir='ltr'>in</span> <span class='ocrx_word' id='word_1_627' title='bbox 3012 3940 3176 3994; x_wconf 89' lang='lat' dir='ltr'>Novo</span> <span class='ocrx_word' id='word_1_628' title='bbox 3206 3941 3611 4005; x_wconf 87' lang='lat' dir='ltr'>Testamento,</span> 
     </span>
    </p>
   </div>
   <div class='ocr_carea' id='block_1_87' title="bbox 1970 4025 3615 4097">
    <p class='ocr_par' dir='ltr' id='par_1_87' title="bbox 1970 4025 3615 4097">
     <span class='ocr_line' id='line_1_87' title="bbox 1970 4025 3615 4097; baseline 0.003 -18"><span class='ocrx_word' id='word_1_629' title='bbox 1970 4025 2073 4081; x_wconf 87' lang='lat' dir='ltr'>sed</span> <span class='ocrx_word' id='word_1_630' title='bbox 2092 4030 2250 4080; x_wconf 90' lang='lat' dir='ltr'>certo</span> <span class='ocrx_word' id='word_1_631' title='bbox 2268 4030 2554 4096; x_wconf 88' lang='lat' dir='ltr'>tempore,</span> <span class='ocrx_word' id='word_1_632' title='bbox 2578 4039 2701 4080; x_wconf 88' lang='lat' dir='ltr'>non</span> <span class='ocrx_word' id='word_1_633' title='bbox 2724 4041 2978 4097; x_wconf 90' lang='lat' dir='ltr'>semper.</span> <span class='ocrx_word' id='word_1_634' title='bbox 2997 4026 3167 4093; x_wconf 90' lang='lat' dir='ltr'>Quod</span> <span class='ocrx_word' id='word_1_635' title='bbox 3189 4032 3243 4082; x_wconf 89' lang='lat' dir='ltr'>et</span> <span class='ocrx_word' id='word_1_636' title='bbox 3259 4032 3321 4083; x_wconf 88' lang='lat' dir='ltr'>tu</span> <span class='ocrx_word' id='word_1_637' title='bbox 3342 4028 3615 4084; x_wconf 88' lang='lat' dir='ltr'>similiter</span> 
     </span>
    </p>
   </div>
   <div class='ocr_carea' id='block_1_88' title="bbox 1970 4113 3618 4188">
    <p class='ocr_par' dir='ltr' id='par_1_88' title="bbox 1970 4113 3618 4188">
     <span class='ocr_line' id='line_1_88' title="bbox 1970 4113 3618 4188; baseline 0.002 -18"><span class='ocrx_word' id='word_1_638' title='bbox 1970 4130 2107 4170; x_wconf 90' lang='lat' dir='ltr'>cum</span> <span class='ocrx_word' id='word_1_639' title='bbox 2137 4114 2325 4184; x_wconf 87' lang='lat' dir='ltr'>egeris</span> <span class='ocrx_word' id='word_1_640' title='bbox 2357 4129 2645 4185; x_wconf 87' lang='lat' dir='ltr'>agasque,</span> <span class='ocrx_word' id='word_1_641' title='bbox 2676 4113 2996 4170; x_wconf 89' lang='lat' dir='ltr'>laudabilis</span> <span class='ocrx_word' id='word_1_642' title='bbox 3029 4133 3092 4171; x_wconf 89' lang='lat' dir='ltr'>es</span> <span class='ocrx_word' id='word_1_643' title='bbox 3122 4116 3285 4188; x_wconf 90' lang='lat' dir='ltr'>apud</span> <span class='ocrx_word' id='word_1_644' title='bbox 3342 4116 3532 4173; x_wconf 89' lang='lat' dir='ltr'>Deum</span> <span class='ocrx_word' id='word_1_645' title='bbox 3559 4121 3618 4173; x_wconf 89' lang='lat' dir='ltr'>et</span> 
     </span>
    </p>
   </div>
   <div class='ocr_carea' id='block_1_89' title="bbox 1971 4201 3617 4279">
    <p class='ocr_par' dir='ltr' id='par_1_89' title="bbox 1971 4201 3617 4279">
     <span class='ocr_line' id='line_1_89' title="bbox 1971 4201 3617 4279; baseline 0.002 -20"><span class='ocrx_word' id='word_1_646' title='bbox 1971 4203 2135 4276; x_wconf 90' lang='lat' dir='ltr'>apud</span> <span class='ocrx_word' id='word_1_647' title='bbox 2166 4201 2464 4258; x_wconf 86' lang='lat' dir='ltr'>homines.</span> <span class='ocrx_word' id='word_1_648' title='bbox 2500 4206 2728 4259; x_wconf 90' lang='lat' dir='ltr'>Intuere</span> <span class='ocrx_word' id='word_1_649' title='bbox 2757 4218 2996 4277; x_wconf 85' lang='lat' dir='ltr'>semper</span> <span class='ocrx_word' id='word_1_650' title='bbox 3023 4204 3226 4261; x_wconf 89' lang='lat' dir='ltr'>animo</span> <span class='ocrx_word' id='word_1_651' title='bbox 3257 4222 3439 4279; x_wconf 89' lang='lat' dir='ltr'>quam</span> <span class='ocrx_word' id='word_1_652' title='bbox 3461 4206 3617 4263; x_wconf 87' lang='lat' dir='ltr'>desi—</span> 
     </span>
    </p>
   </div>
   <div class='ocr_carea' id='block_1_90' title="bbox 257 4271 1861 4368">
    <p class='ocr_par' dir='ltr' id='par_1_90' title="bbox 257 4292 1856 4368">
     <span class='ocr_line' id='line_1_90' title="bbox 257 4292 1856 4368; baseline -0.002 -19"><span class='ocrx_word' id='word_1_653' title='bbox 257 4294 598 4368; x_wconf 84' lang='grc' dir='ltr'><strong>συμϐουλεύω</strong></span> <span class='ocrx_word' id='word_1_654' title='bbox 628 4309 642 4326; x_wconf 87' lang='grc'>⁶</span> <span class='ocrx_word' id='word_1_655' title='bbox 686 4292 740 4358; x_wconf 73' lang='grc' dir='ltr'>ἕξ</span> <span class='ocrx_word' id='word_1_656' title='bbox 792 4293 852 4347; x_wconf 80' lang='grc' dir='ltr'><strong>οὗ</strong></span> <span class='ocrx_word' id='word_1_657' title='bbox 895 4293 1271 4354; x_wconf 84' lang='grc' dir='ltr'><strong>εύκατάνυκτός</strong></span> <span class='ocrx_word' id='word_1_658' title='bbox 1329 4294 1447 4365; x_wconf 75' lang='grc' dir='ltr'><strong>ἔσῃ,</strong></span> <span class='ocrx_word' id='word_1_659' title='bbox 1507 4297 1856 4365; x_wconf 86' lang='grc' dir='ltr'><strong>μισόκοσμος,</strong></span> 
     </span>
    </p>
   </div>
   <div class='ocr_carea' id='block_1_91' title="bbox 1973 4271 3617 4368">
    <p class='ocr_par' dir='ltr' id='par_1_91' title="bbox 1973 4271 3617 4365">
     <span class='ocr_line' id='line_1_91' title="bbox 1973 4271 3617 4365; baseline 0.002 -17"><span class='ocrx_word' id='word_1_660' title='bbox 1973 4271 2143 4349; x_wconf 78' lang='lat' dir='ltr'>deras</span> <span class='ocrx_word' id='word_1_661' title='bbox 2166 4308 2179 4347; x_wconf 92' lang='lat'><strong>:</strong></span> <span class='ocrx_word' id='word_1_662' title='bbox 2206 4307 2573 4363; x_wconf 90' lang='lat' dir='ltr'>magnopere</span> <span class='ocrx_word' id='word_1_663' title='bbox 2594 4292 2654 4347; x_wconf 91' lang='lat' dir='ltr'>id</span> <span class='ocrx_word' id='word_1_664' title='bbox 2677 4292 2906 4349; x_wconf 89' lang='lat' dir='ltr'>suadeo</span> <span class='ocrx_word' id='word_1_665' title='bbox 2934 4308 2949 4359; x_wconf 90' lang='lat'><strong>;</strong></span> <span class='ocrx_word' id='word_1_666' title='bbox 2971 4308 3043 4349; x_wconf 82' lang='lat' dir='ltr'>ex</span> <span class='ocrx_word' id='word_1_667' title='bbox 3063 4309 3186 4365; x_wconf 88' lang='lat' dir='ltr'>quo</span> <span class='ocrx_word' id='word_1_668' title='bbox 3199 4294 3435 4351; x_wconf 82' lang='lat' dir='ltr'>etfacile</span> <span class='ocrx_word' id='word_1_669' title='bbox 3455 4310 3617 4352; x_wconf 85' lang='lat' dir='ltr'>com-</span> 
     </span>
    </p>
   </div>
   <div class='ocr_carea' id='block_1_92' title="bbox 257 4380 1855 4459">
    <p class='ocr_par' dir='ltr' id='par_1_92' title="bbox 257 4380 1855 4459">
     <span class='ocr_line' id='line_1_92' title="bbox 257 4380 1855 4459; baseline -0.002 -21"><span class='ocrx_word' id='word_1_670' title='bbox 257 4384 511 4459; x_wconf 89' lang='grc' dir='ltr'><strong>φιλόθεος,</strong></span> <span class='ocrx_word' id='word_1_671' title='bbox 579 4383 970 4457; x_wconf 85' lang='grc' dir='ltr'><strong>έμπαράσκευος</strong></span> <span class='ocrx_word' id='word_1_672' title='bbox 1042 4386 1175 4456; x_wconf 88' lang='grc' dir='ltr'><strong>πρὸς</strong></span> <span class='ocrx_word' id='word_1_673' title='bbox 1248 4385 1343 4442; x_wconf 76' lang='grc' dir='ltr'><strong>τὴν</strong></span> <span class='ocrx_word' id='word_1_674' title='bbox 1405 4381 1567 4441; x_wconf 80' lang='grc' dir='ltr'><strong>αὐτὴν</strong></span> <span class='ocrx_word' id='word_1_675' title='bbox 1621 4380 1801 4445; x_wconf 81' lang='grc' dir='ltr'><strong>ἔξοδον</strong></span> <span class='ocrx_word' id='word_1_676' title='bbox 1841 4399 1855 4413; x_wconf 86' lang='grc'><strong>·</strong></span> 
     </span>
    </p>
   </div>
   <div class='ocr_carea' id='block_1_93' title="bbox 256 4467 1297 4548">
    <p class='ocr_par' dir='ltr' id='par_1_93' title="bbox 256 4467 1297 4548">
     <span class='ocr_line' id='line_1_93' title="bbox 256 4467 1297 4548; baseline -0.003 -21"><span class='ocrx_word' id='word_1_677' title='bbox 256 4473 325 4528; x_wconf 80' lang='grc' dir='ltr'><strong>οὗ</strong></span> <span class='ocrx_word' id='word_1_678' title='bbox 360 4477 414 4527; x_wconf 86' lang='grc' dir='ltr'>τί</span> <span class='ocrx_word' id='word_1_679' title='bbox 443 4471 504 4525; x_wconf 81' lang='grc' dir='ltr'><strong>ἂν</strong></span> <span class='ocrx_word' id='word_1_680' title='bbox 531 4476 731 4545; x_wconf 85' lang='grc' dir='ltr'><strong>γένοιτο</strong></span> <span class='ocrx_word' id='word_1_681' title='bbox 760 4467 1251 4548; x_wconf 88' lang='grc' dir='ltr'><strong>σωτηριωδέστερον</strong></span> <span class='ocrx_word' id='word_1_682' title='bbox 1282 4491 1297 4543; x_wconf 85' lang='grc'>;</span> 
     </span>
    </p>
   </div>
   <div class='ocr_carea' id='block_1_94' title="bbox 332 4652 1862 4723">
    <p class='ocr_par' dir='ltr' id='par_1_94' title="bbox 332 4652 1862 4723">
     <span class='ocr_line' id='line_1_94' title="bbox 332 4652 1862 4723; baseline -0.003 -19"><span class='ocrx_word' id='word_1_683' title='bbox 332 4654 403 4704; x_wconf 90' lang='lat' dir='ltr'><strong><em>T6</em></strong></span> <span class='ocrx_word' id='word_1_684' title='bbox 447 4652 721 4704; x_wconf 86' lang='grc' dir='ltr'><strong>πιστευθέν</strong></span> <span class='ocrx_word' id='word_1_685' title='bbox 780 4669 866 4705; x_wconf 92' lang='grc' dir='ltr'>σοι</span> <span class='ocrx_word' id='word_1_686' title='bbox 923 4654 1163 4723; x_wconf 86' lang='grc' dir='ltr'><strong>ποίμνιον</strong></span> <span class='ocrx_word' id='word_1_687' title='bbox 1224 4656 1317 4701; x_wconf 91' lang='grc' dir='ltr'>τοῦ</span> <span class='ocrx_word' id='word_1_688' title='bbox 1382 4657 1515 4703; x_wconf 85' lang='grc' dir='ltr'><strong>Θεοῦ</strong></span> <span class='ocrx_word' id='word_1_689' title='bbox 1564 4652 1862 4721; x_wconf 88' lang='grc' dir='ltr'><strong>ποιμαίνοις</strong></span> 
     </span>
    </p>
   </div>
   <div class='ocr_carea' id='block_1_95' title="bbox 260 4735 1862 4815">
    <p class='ocr_par' dir='ltr' id='par_1_95' title="bbox 260 4735 1862 4815">
     <span class='ocr_line' id='line_1_95' title="bbox 260 4735 1862 4815; baseline -0.002 -22"><span class='ocrx_word' id='word_1_690' title='bbox 260 4741 424 4801; x_wconf 85' lang='grc' dir='ltr'><strong>ὁσίως</strong></span> <span class='ocrx_word' id='word_1_691' title='bbox 466 4742 530 4801; x_wconf 82' lang='grc' dir='ltr'><strong>ὡς</strong></span> <span class='ocrx_word' id='word_1_692' title='bbox 573 4744 747 4815; x_wconf 80' lang='grc' dir='ltr'><strong>μήτηρ</strong></span> <span class='ocrx_word' id='word_1_693' title='bbox 798 4743 1146 4813; x_wconf 77' lang='grc' dir='ltr'><strong>πνευματικὴ,</strong></span> <span class='ocrx_word' id='word_1_694' title='bbox 1175 4738 1282 4791; x_wconf 80' lang='grc' dir='ltr'><strong>ἁλλ’</strong></span> <span class='ocrx_word' id='word_1_695' title='bbox 1328 4738 1422 4791; x_wconf 85' lang='grc' dir='ltr'>ούκ</span> <span class='ocrx_word' id='word_1_696' title='bbox 1468 4739 1717 4813; x_wconf 77' lang='grc' dir='ltr'><strong>ἄρχουσα</strong></span> <span class='ocrx_word' id='word_1_697' title='bbox 1777 4735 1862 4788; x_wconf 84' lang='grc' dir='ltr'><strong>ἀν-</strong></span> 
     </span>
    </p>
   </div>
   <div class='ocr_carea' id='block_1_96' title="bbox 261 4825 1863 4902">
    <p class='ocr_par' dir='ltr' id='par_1_96' title="bbox 261 4825 1863 4902">
     <span class='ocr_line' id='line_1_96' title="bbox 261 4825 1863 4902; baseline -0.004 -19"><span class='ocrx_word' id='word_1_698' title='bbox 261 4830 554 4902; x_wconf 82' lang='grc' dir='ltr'><strong>θρωπίνως,</strong></span> <span class='ocrx_word' id='word_1_699' title='bbox 600 4832 668 4893; x_wconf 86' lang='grc' dir='ltr'><strong>ὡς</strong></span> <span class='ocrx_word' id='word_1_700' title='bbox 720 4837 965 4883; x_wconf 83' lang='grc' dir='ltr'><strong>τυποῦσα</strong></span> <span class='ocrx_word' id='word_1_701' title='bbox 1024 4826 1096 4883; x_wconf 87' lang='grc' dir='ltr'><strong>δι’</strong></span> <span class='ocrx_word' id='word_1_702' title='bbox 1144 4828 1331 4890; x_wconf 77' lang='grc' dir='ltr'><strong>ἑαυτῆς</strong></span> <span class='ocrx_word' id='word_1_703' title='bbox 1385 4830 1434 4880; x_wconf 71' lang='grc' dir='ltr'><strong>ἓν</strong></span> <span class='ocrx_word' id='word_1_704' title='bbox 1480 4834 1583 4887; x_wconf 86' lang='grc' dir='ltr'><strong>τοῖς</strong></span> <span class='ocrx_word' id='word_1_705' title='bbox 1624 4827 1739 4879; x_wconf 85' lang='grc' dir='ltr'><strong>κατ’</strong></span> <span class='ocrx_word' id='word_1_706' title='bbox 1781 4825 1863 4878; x_wconf 85' lang='grc' dir='ltr'>ἐν-</span> 
     </span>
    </p>
   </div>
   <div class='ocr_carea' id='block_1_97' title="bbox 258 4913 1862 4990">
    <p class='ocr_par' dir='ltr' id='par_1_97' title="bbox 258 4913 1862 4990">
     <span class='ocr_line' id='line_1_97' title="bbox 258 4913 1862 4990; baseline -0.004 -18"><span class='ocrx_word' id='word_1_707' title='bbox 258 4917 440 4985; x_wconf 77' lang='grc' dir='ltr'><strong>τολὴν,</strong></span> <span class='ocrx_word' id='word_1_708' title='bbox 494 4917 601 4971; x_wconf 86' lang='grc' dir='ltr'><strong>ἀλλ’</strong></span> <span class='ocrx_word' id='word_1_709' title='bbox 655 4918 750 4971; x_wconf 78' lang='grc' dir='ltr'><strong>οὐκ</strong></span> <span class='ocrx_word' id='word_1_710' title='bbox 807 4918 1108 4972; x_wconf 89' lang='grc' dir='ltr'><strong>ἀπαιτοῦσα</strong></span> <span class='ocrx_word' id='word_1_711' title='bbox 1160 4920 1228 4970; x_wconf 85' lang='grc' dir='ltr'><strong>τὰ</strong></span> <span class='ocrx_word' id='word_1_712' title='bbox 1278 4918 1404 4990; x_wconf 70' lang='grc' dir='ltr'><strong>ὑπερ</strong></span> <span class='ocrx_word' id='word_1_713' title='bbox 1464 4913 1685 4988; x_wconf 88' lang='grc' dir='ltr'><strong>δύναμιν</strong></span> <span class='ocrx_word' id='word_1_714' title='bbox 1721 4931 1733 4943; x_wconf 92' lang='grc'><strong>·</strong></span> <span class='ocrx_word' id='word_1_715' title='bbox 1798 4918 1862 4975; x_wconf 85' lang='grc' dir='ltr'><strong>ὡς</strong></span> 
     </span>
    </p>
   </div>
   <div class='ocr_carea' id='block_1_98' title="bbox 256 5003 1861 5081">
    <p class='ocr_par' dir='ltr' id='par_1_98' title="bbox 256 5003 1861 5081">
     <span class='ocr_line' id='line_1_98' title="bbox 256 5003 1861 5081; baseline -0.002 -21"><span class='ocrx_word' id='word_1_716' title='bbox 256 5009 447 5069; x_wconf 72' lang='grc' dir='ltr'><strong>ἑπίσης</strong></span> <span class='ocrx_word' id='word_1_717' title='bbox 506 5011 555 5061; x_wconf 76' lang='grc' dir='ltr'><strong>ἓν</strong></span> <span class='ocrx_word' id='word_1_718' title='bbox 610 5010 811 5069; x_wconf 87' lang='grc' dir='ltr'><strong>πάσαις</strong></span> <span class='ocrx_word' id='word_1_719' title='bbox 860 5015 922 5081; x_wconf 73' lang='grc' dir='ltr'>τῇ</span> <span class='ocrx_word' id='word_1_720' title='bbox 994 5007 1169 5080; x_wconf 77' lang='grc' dir='ltr'><strong>ἀγάπη</strong></span> <span class='ocrx_word' id='word_1_721' title='bbox 1230 5008 1701 5078; x_wconf 84' lang='grc' dir='ltr'><strong>καταμεριζομένη,</strong></span> <span class='ocrx_word' id='word_1_722' title='bbox 1754 5003 1861 5056; x_wconf 78' lang='grc' dir='ltr'><strong>ἀλλ’</strong></span> 
     </span>
    </p>
   </div>
   <div class='ocr_carea' id='block_1_99' title="bbox 258 5093 1855 5172">
    <p class='ocr_par' dir='ltr' id='par_1_99' title="bbox 258 5093 1855 5172">
     <span class='ocr_line' id='line_1_99' title="bbox 258 5093 1855 5172; baseline -0.002 -21"><span class='ocrx_word' id='word_1_723' title='bbox 258 5096 322 5151; x_wconf 82' lang='grc' dir='ltr'>ού</span> <span class='ocrx_word' id='word_1_724' title='bbox 387 5099 768 5171; x_wconf 85' lang='grc' dir='ltr'><strong>προστιθεμένη</strong></span> <span class='ocrx_word' id='word_1_725' title='bbox 825 5098 953 5172; x_wconf 79' lang='grc' dir='ltr'><strong>ἄλλῃ</strong></span> <span class='ocrx_word' id='word_1_726' title='bbox 1004 5097 1170 5161; x_wconf 80' lang='grc' dir='ltr'><strong>ἄλλως</strong></span> <span class='ocrx_word' id='word_1_727' title='bbox 1224 5093 1296 5149; x_wconf 89' lang='grc' dir='ltr'><strong>δι’</strong></span> <span class='ocrx_word' id='word_1_728' title='bbox 1354 5095 1571 5168; x_wconf 77' lang='grc' dir='ltr'><strong>αἳματος</strong></span> <span class='ocrx_word' id='word_1_729' title='bbox 1638 5099 1855 5166; x_wconf 90' lang='grc' dir='ltr'><strong>τρόπον.</strong></span> 
     </span>
    </p>
   </div>
   <div class='ocr_carea' id='block_1_100' title="bbox 258 5182 1860 5260">
    <p class='ocr_par' dir='ltr' id='par_1_100' title="bbox 258 5182 1860 5260">
     <span class='ocr_line' id='line_1_100' title="bbox 258 5182 1860 5260; baseline -0.004 -20"><span class='ocrx_word' id='word_1_730' title='bbox 258 5189 422 5259; x_wconf 79' lang='grc' dir='ltr'><strong>Ὀρᾷς</strong></span> <span class='ocrx_word' id='word_1_731' title='bbox 460 5186 600 5249; x_wconf 84' lang='grc' dir='ltr'><strong>ὅπως</strong></span> <span class='ocrx_word' id='word_1_732' title='bbox 637 5188 1077 5260; x_wconf 83' lang='grc' dir='ltr'><strong>νενομοθετήμεθα</strong></span> <span class='ocrx_word' id='word_1_733' title='bbox 1118 5188 1244 5259; x_wconf 87' lang='grc' dir='ltr'><strong>πρός</strong></span> <span class='ocrx_word' id='word_1_734' title='bbox 1283 5192 1374 5245; x_wconf 82' lang='grc' dir='ltr'><strong>τῆς</strong></span> <span class='ocrx_word' id='word_1_735' title='bbox 1421 5183 1706 5249; x_wconf 51' lang='grc' dir='ltr'><strong>ἀληθείας</strong></span> <span class='ocrx_word' id='word_1_736' title='bbox 1739 5182 1860 5234; x_wconf 82' lang='grc' dir='ltr'>Ἀλ-</span> 
     </span>
    </p>
   </div>
   <div class='ocr_carea' id='block_1_101' title="bbox 336 5322 1933 5400">
    <p class='ocr_par' dir='ltr' id='par_1_101' title="bbox 336 5322 1933 5400">
     <span class='ocr_line' id='line_1_101' title="bbox 336 5322 1933 5400; baseline -0.002 -18"><span class='ocrx_word' id='word_1_737' title='bbox 336 5327 387 5363; x_wconf 77' lang='grc'>⁵⁸</span> <span class='ocrx_word' id='word_1_738' title='bbox 413 5327 435 5382; x_wconf 90' lang='lat' dir='ltr'>l</span> <span class='ocrx_word' id='word_1_739' title='bbox 467 5327 596 5385; x_wconf 91' lang='lat' dir='ltr'>Cor.</span> <span class='ocrx_word' id='word_1_740' title='bbox 631 5342 729 5400; x_wconf 77' lang='lat' dir='ltr'>v11,</span> <span class='ocrx_word' id='word_1_741' title='bbox 755 5327 846 5384; x_wconf 70' lang='lat'>29.</span> <span class='ocrx_word' id='word_1_742' title='bbox 921 5328 971 5364; x_wconf 71' lang='grc'>⁸⁸</span> <span class='ocrx_word' id='word_1_743' title='bbox 1000 5326 1047 5383; x_wconf 92' lang='lat' dir='ltr'><strong>Il</strong></span> <span class='ocrx_word' id='word_1_744' title='bbox 1078 5322 1211 5385; x_wconf 75' lang='lat' dir='ltr'>Cor.</span> <span class='ocrx_word' id='word_1_745' title='bbox 1243 5343 1315 5393; x_wconf 68' lang='lat' dir='ltr'>vx,</span> <span class='ocrx_word' id='word_1_746' title='bbox 1348 5325 1400 5381; x_wconf 76' lang='lat'>2.</span> <span class='ocrx_word' id='word_1_747' title='bbox 1478 5326 1522 5360; x_wconf 73' lang='grc'><strong>⁵⁷</strong></span> <span class='ocrx_word' id='word_1_748' title='bbox 1555 5327 1691 5381; x_wconf 90' lang='lat' dir='ltr'>Luc.</span> <span class='ocrx_word' id='word_1_749' title='bbox 1723 5339 1848 5389; x_wconf 80' lang='lat' dir='ltr'>xui,</span> <span class='ocrx_word' id='word_1_750' title='bbox 1878 5328 1933 5379; x_wconf 85' lang='lat'>7.</span> 
     </span>
    </p>
   </div>
   <div class='ocr_carea' id='block_1_102' title="bbox 1968 4381 3615 4455">
    <p class='ocr_par' dir='ltr' id='par_1_102' title="bbox 1968 4381 3615 4455">
     <span class='ocr_line' id='line_1_102' title="bbox 1968 4381 3615 4455; baseline 0.002 -18"><span class='ocrx_word' id='word_1_751' title='bbox 1968 4382 2276 4455; x_wconf 89' lang='lat' dir='ltr'>pungeris,</span> <span class='ocrx_word' id='word_1_752' title='bbox 2303 4388 2359 4436; x_wconf 92' lang='lat' dir='ltr'>et</span> <span class='ocrx_word' id='word_1_753' title='bbox 2387 4381 2593 4437; x_wconf 91' lang='lat' dir='ltr'>odium</span> <span class='ocrx_word' id='word_1_754' title='bbox 2626 4381 2891 4453; x_wconf 88' lang='lat' dir='ltr'>concipis</span> <span class='ocrx_word' id='word_1_755' title='bbox 2919 4382 3155 4449; x_wconf 88' lang='lat' dir='ltr'>mundi,</span> <span class='ocrx_word' id='word_1_756' title='bbox 3189 4399 3453 4440; x_wconf 87' lang='lat' dir='ltr'>amorem</span> <span class='ocrx_word' id='word_1_757' title='bbox 3488 4384 3615 4451; x_wconf 90' lang='lat' dir='ltr'>Dei,</span> 
     </span>
    </p>
   </div>
   <div class='ocr_carea' id='block_1_103' title="bbox 1969 4470 3619 4545">
    <p class='ocr_par' dir='ltr' id='par_1_103' title="bbox 1969 4470 3619 4545">
     <span class='ocr_line' id='line_1_103' title="bbox 1969 4470 3619 4545; baseline 0.001 -17"><span class='ocrx_word' id='word_1_758' title='bbox 1969 4477 2142 4543; x_wconf 90' lang='lat' dir='ltr'>teque</span> <span class='ocrx_word' id='word_1_759' title='bbox 2166 4470 2240 4526; x_wconf 88' lang='lat' dir='ltr'>ad</span> <span class='ocrx_word' id='word_1_760' title='bbox 2256 4470 2717 4542; x_wconf 89' lang='lat' dir='ltr'>mortemipsam</span> <span class='ocrx_word' id='word_1_761' title='bbox 2731 4470 3116 4541; x_wconf 88' lang='lat' dir='ltr'>comparabis</span> <span class='ocrx_word' id='word_1_762' title='bbox 3139 4490 3152 4527; x_wconf 92' lang='lat'>:</span> <span class='ocrx_word' id='word_1_763' title='bbox 3177 4487 3299 4545; x_wconf 89' lang='lat' dir='ltr'>quo</span> <span class='ocrx_word' id='word_1_764' title='bbox 3320 4473 3468 4545; x_wconf 91' lang='lat' dir='ltr'>quid</span> <span class='ocrx_word' id='word_1_765' title='bbox 3480 4489 3619 4530; x_wconf 82' lang='lat' dir='ltr'>esse</span> 
     </span>
    </p>
   </div>
   <div class='ocr_carea' id='block_1_104' title="bbox 1967 4557 3139 4632">
    <p class='ocr_par' dir='ltr' id='par_1_104' title="bbox 1967 4557 3139 4632">
     <span class='ocr_line' id='line_1_104' title="bbox 1967 4557 3139 4632; baseline -0.002 -16"><span class='ocrx_word' id='word_1_766' title='bbox 1967 4564 2166 4632; x_wconf 89' lang='lat' dir='ltr'>potest</span> <span class='ocrx_word' id='word_1_767' title='bbox 2185 4558 2262 4614; x_wconf 92' lang='lat' dir='ltr'>ad</span> <span class='ocrx_word' id='word_1_768' title='bbox 2294 4557 2549 4614; x_wconf 89' lang='lat' dir='ltr'>salutem</span> <span class='ocrx_word' id='word_1_769' title='bbox 2578 4557 3139 4615; x_wconf 79' lang='lat' dir='ltr'>accommodatius?</span> 
     </span>
    </p>
   </div>
   <div class='ocr_carea' id='block_1_105' title="bbox 2039 4646 3618 4719">
    <p class='ocr_par' dir='ltr' id='par_1_105' title="bbox 2039 4646 3618 4719">
     <span class='ocr_line' id='line_1_105' title="bbox 2039 4646 3618 4719; baseline 0.003 -16"><span class='ocrx_word' id='word_1_770' title='bbox 2039 4648 2441 4704; x_wconf 82' lang='lat' dir='ltr'>Commissum</span> <span class='ocrx_word' id='word_1_771' title='bbox 2469 4646 2569 4703; x_wconf 87' lang='lat' dir='ltr'>tibi</span> <span class='ocrx_word' id='word_1_772' title='bbox 2600 4646 2699 4702; x_wconf 91' lang='lat' dir='ltr'>Dei</span> <span class='ocrx_word' id='word_1_773' title='bbox 2730 4662 2971 4719; x_wconf 89' lang='lat' dir='ltr'>gregem</span> <span class='ocrx_word' id='word_1_774' title='bbox 3002 4652 3205 4705; x_wconf 88' lang='lat' dir='ltr'>sancte</span> <span class='ocrx_word' id='word_1_775' title='bbox 3245 4649 3534 4719; x_wconf 88' lang='lat' dir='ltr'>guberna,</span> <span class='ocrx_word' id='word_1_776' title='bbox 3552 4658 3618 4708; x_wconf 90' lang='lat' dir='ltr'>ut</span> 
     </span>
    </p>
   </div>
   <div class='ocr_carea' id='block_1_106' title="bbox 1970 4737 3612 4810">
    <p class='ocr_par' dir='ltr' id='par_1_106' title="bbox 1970 4737 3612 4810">
     <span class='ocr_line' id='line_1_106' title="bbox 1970 4737 3612 4810; baseline 0 -17"><span class='ocrx_word' id='word_1_777' title='bbox 1970 4737 2298 4810; x_wconf 88' lang='lat' dir='ltr'>spiritualis</span> <span class='ocrx_word' id='word_1_778' title='bbox 2322 4743 2529 4801; x_wconf 87' lang='lat' dir='ltr'>mater,</span> <span class='ocrx_word' id='word_1_779' title='bbox 2553 4752 2671 4792; x_wconf 91' lang='lat' dir='ltr'>non</span> <span class='ocrx_word' id='word_1_780' title='bbox 2687 4742 2748 4792; x_wconf 91' lang='lat' dir='ltr'>ut</span> <span class='ocrx_word' id='word_1_781' title='bbox 2764 4737 3032 4792; x_wconf 90' lang='lat' dir='ltr'>humano</span> <span class='ocrx_word' id='word_1_782' title='bbox 3057 4752 3221 4793; x_wconf 90' lang='lat' dir='ltr'>more</span> <span class='ocrx_word' id='word_1_783' title='bbox 3245 4739 3572 4810; x_wconf 70' lang='lat' dir='ltr'>prmsidens</span> <span class='ocrx_word' id='word_1_784' title='bbox 3599 4761 3612 4793; x_wconf 91' lang='lat'><strong>:</strong></span> 
     </span>
    </p>
   </div>
   <div class='ocr_carea' id='block_1_107' title="bbox 1972 4824 3617 4899">
    <p class='ocr_par' dir='ltr' id='par_1_107' title="bbox 1972 4824 3617 4899">
     <span class='ocr_line' id='line_1_107' title="bbox 1972 4824 3617 4899; baseline 0.001 -18"><span class='ocrx_word' id='word_1_785' title='bbox 1972 4831 2033 4881; x_wconf 92' lang='lat' dir='ltr'>ut</span> <span class='ocrx_word' id='word_1_786' title='bbox 2058 4841 2163 4897; x_wconf 89' lang='lat' dir='ltr'>per</span> <span class='ocrx_word' id='word_1_787' title='bbox 2193 4826 2443 4896; x_wconf 89' lang='lat' dir='ltr'>teipsam</span> <span class='ocrx_word' id='word_1_788' title='bbox 2465 4825 2617 4880; x_wconf 89' lang='lat' dir='ltr'>dans</span> <span class='ocrx_word' id='word_1_789' title='bbox 2638 4824 2980 4897; x_wconf 85' lang='lat' dir='ltr'>exemplum</span> <span class='ocrx_word' id='word_1_790' title='bbox 3012 4828 3073 4881; x_wconf 91' lang='lat' dir='ltr'>in</span> <span class='ocrx_word' id='word_1_791' title='bbox 3100 4826 3168 4881; x_wconf 91' lang='lat' dir='ltr'>iis</span> <span class='ocrx_word' id='word_1_792' title='bbox 3193 4842 3329 4897; x_wconf 69' lang='lat' dir='ltr'>quas</span> <span class='ocrx_word' id='word_1_793' title='bbox 3358 4842 3617 4899; x_wconf 66' lang='lat' dir='ltr'>princep-</span> 
     </span>
    </p>
   </div>
   <div class='ocr_carea' id='block_1_108' title="bbox 1971 4913 3617 4987">
    <p class='ocr_par' dir='ltr' id='par_1_108' title="bbox 1971 4913 3617 4987">
     <span class='ocr_line' id='line_1_108' title="bbox 1971 4913 3617 4987; baseline 0.002 -18"><span class='ocrx_word' id='word_1_794' title='bbox 1971 4919 2033 4970; x_wconf 89' lang='lat' dir='ltr'>ta</span> <span class='ocrx_word' id='word_1_795' title='bbox 2058 4921 2214 4980; x_wconf 90' lang='lat' dir='ltr'>sunt,</span> <span class='ocrx_word' id='word_1_796' title='bbox 2240 4930 2360 4969; x_wconf 91' lang='lat' dir='ltr'>non</span> <span class='ocrx_word' id='word_1_797' title='bbox 2378 4929 2511 4985; x_wconf 69' lang='lat' dir='ltr'>quae</span> <span class='ocrx_word' id='word_1_798' title='bbox 2540 4929 2720 4979; x_wconf 85' lang='lat' dir='ltr'>supra</span> <span class='ocrx_word' id='word_1_799' title='bbox 2742 4915 2895 4969; x_wconf 88' lang='lat' dir='ltr'>vires</span> <span class='ocrx_word' id='word_1_800' title='bbox 2923 4913 3202 4984; x_wconf 87' lang='lat' dir='ltr'>exigens;</span> <span class='ocrx_word' id='word_1_801' title='bbox 3234 4920 3522 4987; x_wconf 87' lang='lat' dir='ltr'>tanquam</span> <span class='ocrx_word' id='word_1_802' title='bbox 3542 4931 3617 4973; x_wconf 80' lang='lat' dir='ltr'>ex</span> 
     </span>
    </p>
   </div>
   <div class='ocr_carea' id='block_1_109' title="bbox 1971 5001 3616 5076">
    <p class='ocr_par' dir='ltr' id='par_1_109' title="bbox 1971 5001 3616 5076">
     <span class='ocr_line' id='line_1_109' title="bbox 1971 5001 3616 5076; baseline 0 -17"><span class='ocrx_word' id='word_1_803' title='bbox 1971 5019 2147 5076; x_wconf 71' lang='lat' dir='ltr'>aequo</span> <span class='ocrx_word' id='word_1_804' title='bbox 2172 5002 2521 5059; x_wconf 87' lang='lat' dir='ltr'>charitatem</span> <span class='ocrx_word' id='word_1_805' title='bbox 2551 5001 2836 5057; x_wconf 91' lang='lat' dir='ltr'>omnibus</span> <span class='ocrx_word' id='word_1_806' title='bbox 2874 5002 3239 5074; x_wconf 88' lang='lat' dir='ltr'>impertiens,</span> <span class='ocrx_word' id='word_1_807' title='bbox 3271 5019 3393 5059; x_wconf 89' lang='lat' dir='ltr'>non</span> <span class='ocrx_word' id='word_1_808' title='bbox 3432 5004 3616 5059; x_wconf 88' lang='lat' dir='ltr'>aliam</span> 
     </span>
    </p>
   </div>
   <div class='ocr_carea' id='block_1_110' title="bbox 1973 5089 3620 5164">
    <p class='ocr_par' dir='ltr' id='par_1_110' title="bbox 1973 5089 3620 5164">
     <span class='ocr_line' id='line_1_110' title="bbox 1973 5089 3620 5164; baseline 0.001 -17"><span class='ocrx_word' id='word_1_809' title='bbox 1973 5092 2071 5148; x_wconf 87' lang='lat' dir='ltr'>alii</span> <span class='ocrx_word' id='word_1_810' title='bbox 2128 5107 2231 5164; x_wconf 88' lang='lat' dir='ltr'>per</span> <span class='ocrx_word' id='word_1_811' title='bbox 2286 5089 2566 5147; x_wconf 74' lang='lat' dir='ltr'>affectum</span> <span class='ocrx_word' id='word_1_812' title='bbox 2635 5090 2943 5159; x_wconf 88' lang='lat' dir='ltr'>sanguinis</span> <span class='ocrx_word' id='word_1_813' title='bbox 2992 5097 3389 5163; x_wconf 90' lang='lat' dir='ltr'>anteponens.</span> <span class='ocrx_word' id='word_1_814' title='bbox 3441 5093 3620 5149; x_wconf 87' lang='lat' dir='ltr'>Vides</span> 
     </span>
    </p>
   </div>
   <div class='ocr_carea' id='block_1_111' title="bbox 1971 5179 3618 5254">
    <p class='ocr_par' dir='ltr' id='par_1_111' title="bbox 1971 5179 3618 5254">
     <span class='ocr_line' id='line_1_111' title="bbox 1971 5179 3618 5254; baseline 0 -17"><span class='ocrx_word' id='word_1_815' title='bbox 1971 5197 2107 5254; x_wconf 71' lang='lat' dir='ltr'>quas</span> <span class='ocrx_word' id='word_1_816' title='bbox 2136 5183 2298 5252; x_wconf 90' lang='lat' dir='ltr'>leges</span> <span class='ocrx_word' id='word_1_817' title='bbox 2322 5180 2402 5236; x_wconf 92' lang='lat' dir='ltr'>im</span> <span class='ocrx_word' id='word_1_818' title='bbox 2412 5181 2617 5253; x_wconf 84' lang='lat' dir='ltr'>positae</span> <span class='ocrx_word' id='word_1_819' title='bbox 2639 5179 2816 5234; x_wconf 90' lang='lat' dir='ltr'>nobis</span> <span class='ocrx_word' id='word_1_820' title='bbox 2838 5180 2955 5235; x_wconf 87' lang='lat' dir='ltr'>sint</span> <span class='ocrx_word' id='word_1_821' title='bbox 2970 5195 3007 5236; x_wconf 90' lang='lat' dir='ltr'>a</span> <span class='ocrx_word' id='word_1_822' title='bbox 3030 5180 3269 5238; x_wconf 86' lang='lat' dir='ltr'>veritate</span> <span class='ocrx_word' id='word_1_823' title='bbox 3292 5179 3319 5225; x_wconf 76' lang='lat'><strong>?</strong></span> <span class='ocrx_word' id='word_1_824' title='bbox 3336 5180 3451 5236; x_wconf 90' lang='lat' dir='ltr'>Sed</span> <span class='ocrx_word' id='word_1_825' title='bbox 3471 5181 3618 5254; x_wconf 89' lang='lat' dir='ltr'>quid</span> 
     </span>
    </p>
   </div>
   <div class='ocr_carea' id='block_1_112' title="bbox 1816 5448 2037 5505">
    <p class='ocr_par' dir='ltr' id='par_1_112' title="bbox 1816 5448 2037 5505">
     <span class='ocr_line' id='line_1_112' title="bbox 1816 5448 2037 5505; baseline -0.005 0"><span class='ocrx_word' id='word_1_826' title='bbox 1816 5448 2037 5505; x_wconf 65' lang='lat' dir='ltr'>NOTAE.</span> 
     </span>
    </p>
   </div>
   <div class='ocr_carea' id='block_1_113' title="bbox 338 5577 1048 5654">
    <p class='ocr_par' dir='ltr' id='par_1_113' title="bbox 338 5577 1048 5654">
     <span class='ocr_line' id='line_1_113' title="bbox 338 5577 1048 5654; baseline -0.001 -21"><span class='ocrx_word' id='word_1_827' title='bbox 338 5577 457 5650; x_wconf 81' lang='grc'>(41)</span> <span class='ocrx_word' id='word_1_828' title='bbox 486 5578 551 5636; x_wconf 92' lang='lat' dir='ltr'><strong>In</strong></span> <span class='ocrx_word' id='word_1_829' title='bbox 583 5577 716 5638; x_wconf 90' lang='lat' dir='ltr'>cod.</span> <span class='ocrx_word' id='word_1_830' title='bbox 739 5580 879 5651; x_wconf 76' lang='lat' dir='ltr'>Reg.</span> <span class='ocrx_word' id='word_1_831' title='bbox 908 5577 1048 5654; x_wconf 79' lang='grc' dir='ltr'><strong>ρκη’.</strong></span> 
     </span>
    </p>
   </div>
  </div>
