4036 6276
494 238 626 295 1391

1759 238 1821 293 S.
1859 236 2228 295 THEODORI
2268 237 2593 296 STUDITAE

3711 248 3862 305 i392

493 380 575 436 ait
606 393 863 449 magnus
916 381 1115 434 Petrus
1140 378 1165 431 ?
1194 381 1270 435 Et
1301 395 1431 436 cum
1484 382 1835 451 apparuerit
1857 382 2131 451 princeps

2249 363 2315 416 λά
2366 384 2418 416 τι
2460 384 2618 437 φησιν
2663 366 2688 417 6
2737 368 2899 437 μέγας
2947 371 3176 440 Πίτρος;
3210 368 3328 423 Καὶ
3377 374 3860 443 φανερωθέντος

490 474 820 538 pastorum,
847 467 1184 538 percipietis
1220 468 1773 525 immarcescibitem
1803 471 2011 540 gloriae
2047 486 2144 526 co-

491 573 704 614 ronam
730 559 799 613 ⁵⁸.
854 558 1089 623 Quanta
1144 556 1246 612 tibi
1297 555 1426 614 laus
1468 558 1575 614 erit
1605 575 1809 614 coram
1864 561 2138 626 Domino,

493 646 829 703 exclamare
854 663 867 702 :
899 647 1051 703 Ecce
1062 661 1166 717 ego
1191 653 1247 703 et
1266 646 1482 717 puellae
1505 663 1653 719 quas
1678 648 1892 704 dedisti
1911 649 2060 705 mihi
2068 650 2138 701 ⁸ο.

491 734 724 792 Addam
783 739 835 791 et
888 734 1071 791 illud:
1127 736 1264 791 Non
1329 752 1459 793 sum
1519 737 1883 805 defatigatus
1948 742 2002 794 te
2061 753 2143 793 se-

492 840 676 897 quens
697 840 718 879 :
748 829 803 881 et
821 824 973 881 diem
1000 825 1254 881 hominis
1270 840 1389 881 non
1423 826 1775 891 desideravi,
1801 826 2053 883 Domine
2070 826 2138 880 ⁸ο.

493 915 719 970 Etenim
783 914 865 970 sic
932 927 994 969 se
1059 930 1154 971 res
1218 914 1420 980 habet,
1472 916 1684 971 Omnia
1735 915 1854 971 Deo
1900 915 2138 980 dedisti,

491 1004 699 1060 omnia
729 1004 1081 1060 existimasti
1116 1011 1178 1059 ut
1210 1009 1490 1071 stercora,
1534 1009 1597 1060 ut
1627 1004 1923 1060 Christum
1967 1005 2145 1060 lucri-

491 1090 678 1149 facias
713 1094 782 1148 ⁸³.
831 1094 1044 1159 Quare,
1100 1095 1148 1148 si
1199 1109 1336 1165 quas
1390 1098 1526 1149 sunt
1583 1094 1761 1149 etiam
1816 1093 2143 1150 tribulatio-

492 1196 621 1247 nes,
652 1183 873 1255 quibus
899 1182 1318 1238 conﬂictantur
1355 1182 1457 1253 qui
1491 1182 1824 1238 secundum
1854 1184 2034 1239 Deum
2057 1183 2144 1238 vi-

492 1273 616 1326 tam
648 1275 835 1341 agunt
869 1291 880 1335 ;
924 1275 1030 1338 ter,
1060 1270 1331 1326 domina.
1381 1270 1587 1326 Multae
1617 1271 1766 1327 enim
1803 1271 2143 1328 tribulatio-

493 1374 595 1416 nes
604 1361 911 1430 justorum
944 1362 1005 1425 ⁸⁸,
1033 1363 1097 1414 ut
1127 1364 1373 1415 testatur
1413 1367 1658 1415 sanctus
1690 1359 1897 1425 David,
1929 1376 2066 1432 quas
2088 1365 2145 1416 et

490 1448 553 1505 in
586 1453 786 1505 mente
839 1455 895 1505 ct
934 1450 993 1504 in
1026 1449 1300 1504 sensibus
1349 1449 1427 1505 ab
1482 1449 1725 1505 inimico
1775 1449 2141 1515 excitantur;

492 1538 665 1609 cujus
748 1544 810 1594 tu
895 1538 1155 1608 cogitata
1220 1538 1494 1609 ignorare
1561 1538 1704 1607 noli,
1778 1539 1951 1608 cujus
2018 1555 2143 1594 ver-

493 1627 682 1683 sutias
738 1627 854 1683 tuis
902 1628 1178 1699 precibus
1233 1632 1451 1686 averte.
1487 1628 1621 1683 Non
1653 1633 1735 1683 est
1765 1628 1931 1683 nobis
1961 1629 2146 1683 cotlu-

2250 460 2359 505 τοῦ
2400 452 2888 527 ἀρχιποίμενος,
2922 460 3313 529 κομίσοισθε
3351 462 3455 511 τὸν
3496 460 3857 533 ἀμαράντι-

2251 561 2351 594 νον
2380 549 2451 598 τῆ
2471 563 2491 604 ς
2518 539 2674 606 δόξη
2695 565 2715 606 ς
2749 545 3298 617 στέφανον.Ἱ-Ιλίκον
3323 566 3406 600 σοι
3427 545 3621 620 βοῆσαι
3638 548 3859 603 ἐνώπιον

2258 636 2478 704 Κυρίου·
2529 629 2695 685 Ἰδοὺ
2735 633 2852 705 ἑγὼ
2891 640 2999 688 καὶ
3042 638 3118 687 τὰ
3153 634 3397 689 παιδία
3434 638 3468 689 ἆ
3506 658 3614 709 μοι
3655 635 3858 692 δέδω-

2252 740 2384 782 κας.
2416 723 2705 794 Προσθείην
2732 720 2781 775 δ’
2811 723 2869 775 ἂν
2899 722 3132 778 κάκεῖνά
3178 725 3329 797 Ἐγὼ
3368 726 3482 779 οὐκ
3529 726 3861 782 ἐκοπίασα

2253 810 2752 864 κατακολουθῶν
2794 832 2913 878 σοι,
2941 820 3047 866 καὶ
3086 816 3328 889 ἡμέραν
3358 815 3699 891 ἀνθρώπου
3731 818 3859 870 οὐκ

2252 900 2647 971 ἐπεθύμησα,
2683 904 2895 976 Κύριε.
2924 907 3024 956 καὶ
3047 906 3147 978 γὰρ
3175 904 3338 966 οὕτως
3369 907 3502 977 ἔχει.
3533 908 3713 959 Πάντα
3736 915 3860 978 Θεῷ

2254 984 2508 1054 δέδωκας,
2558 994 2723 1043 πάντα
2772 993 2959 1063 ἡγήσω
3012 992 3264 1060 σκύϐαλα,
3317 996 3399 1046 ἵνα
3447 999 3675 1068 Χριστὸν
3736 1016 3859 1071 κερ.

2253 1074 2443 1150 δήσῃς.
2502 1078 2661 1133 Ὠστε
2714 1080 2757 1133 εἰ
2808 1086 2897 1133 καὶ
2953 1081 3171 1153 θλίψεις,
3228 1084 3307 1144 αἶς
3349 1086 3583 1147 συζῶσιν
3624 1087 3672 1137 οἱ
3705 1088 3863 1147 θείως

2254 1163 2596 1232 διαϐιοῦντις,
2627 1174 2813 1242 φέροις,
2846 1176 3021 1244 κυρία.
3057 1171 3297 1225 Πολλαὶ
3333 1176 3453 1247 γὰρ
3495 1176 3562 1226 αἱ
3602 1174 3860 1246 θλίψεις

2252 1264 2366 1308 τῶν
2408 1253 2697 1325 δικαίων,
2727 1263 2791 1320 ὡς
2818 1257 2919 1332 βοᾷ
2946 1262 2972 1312 6
3012 1262 3165 1332 ἅγιος
3208 1258 3394 1329 Δαυῖδ,
3426 1271 3618 1325 νοητῶς
3659 1283 3713 1317 τε
3759 1269 3859 1317 καὶ

2252 1348 2517 1409 αἰσθητῶς
2571 1346 2916 1421 ἀναπτάμεναι
2962 1353 3107 1423 παρά
3144 1358 3235 1403 τοῦ
3266 1351 3485 1424 ἐχθροῦ.
3519 1352 3596 1404 Οὔ
3635 1356 3701 1405 τὰ
3737 1358 3852 1411 νοήο

2252 1456 2392 1506 ματα
2439 1441 2511 1508 μή
2555 1436 2723 1509 ἀγνόει
2756 1458 2768 1471 ·
2820 1439 2880 1491 οὗ
2922 1442 3013 1501 τάς
3052 1438 3329 1513 μεθοδείας
3370 1448 3483 1502 ταῖς
3520 1450 3851 1515 προσευχαῖς

2253 1527 2626 1600 τροπόῡ.οὐκ
2657 1530 2832 1581 ἔστιν
2871 1531 3023 1601 ἡμῖν
3053 1532 3083 1587 ἡ
3127 1530 3293 1589 πάλη
3335 1534 3496 1605 πρὸς
3534 1528 3695 1603 αἷμα
3739 1536 3850 1584 καὶ

2258 1619 2487 1687 σάρκα,
2542 1618 2611 1677 ὥς
2666 1619 2881 1689 φησινὸ
2933 1616 3268 1685 Ἀπόστολος,
3332 1618 3495 1671 ἀλλὰ
3545 1624 3703 1693 πρὸς
3738 1624 3853 1682 τὰς

489 1719 691 1783 ctatio,
726 1723 789 1772 ut
825 1716 907 1772 ait
957 1715 1292 1787 Apostolus,
1321 1717 1605 1772 adversus
1640 1732 1880 1773 carnem
1914 1724 1966 1773 et
2004 1732 2131 1773 εαη·

2255 1709 2461 1779 ἀρχὰς
2499 1711 2605 1758 καὶ
2644 1707 2945 1769 ἐξουσίας
2983 1717 3093 1760 τοῦ
3133 1705 3289 1781 τῇδε
3327 1714 3604 1781 κόσμου·
3633 1711 3700 1761 ὧν
3731 1707 3851 1761 δια-

488 1806 751 1877 guinem,
776 1806 878 1861 sed
888 1806 1172 1862 adversus
1182 1804 1564 1875 principatus
1578 1813 1632 1860 et
1646 1812 1963 1874 potestates
1978 1822 2145 1861 mun-

489 1894 556 1950 di
580 1895 760 1962 huius
792 1895 874 1948 '3:
916 1909 1175 1965 quarum
1206 1894 1454 1966 laqueos
1505 1894 1775 1959 evadere,
1826 1895 2029 1961 magni
2057 1900 2144 1950 est

486 1983 1068 2039 reveracertaminis.
1095 1982 1373 2036 Animam
1390 1981 1617 2036 habeas
1643 1982 1701 2037 in
1722 1997 1843 2053 qua
1861 1986 2141 2038 retractes

485 2085 623 2143 qum
648 2071 1017 2140 contingunt.
1057 2069 1201 2124 Hinc
1252 2068 1416 2124 enim
1463 2068 1698 2124 frenum
1746 2076 1836 2124 est
1890 2071 2138 2141 peccati,

494 2163 553 2216 et
576 2159 864 2216 auxilium
894 2158 1185 2213 divinum.
1221 2160 1532 2229 Tanquam
1566 2173 1870 2227 germanas
1902 2175 2139 2215 sorores

494 2246 598 2304 tibi
620 2248 736 2303 sint
758 2246 981 2320 quibus
1032 2260 1221 2317 prases
1253 2258 1265 2297 :
1308 2250 1541 2318 oportet
1591 2246 1750 2301 enim
1788 2252 1851 2302 ut
1889 2246 2138 2316 singulas

488 2352 631 2392 suos
659 2335 763 2391 tibi
793 2334 1043 2391 affectus
1071 2338 1395 2406 exponant,
1424 2340 1481 2389 et
1514 2350 1701 2406 quam
1733 2335 1810 2389 ad
1836 2351 1960 2391 rem
1996 2352 2137 2393 una-

487 2440 745 2497 quaeque
776 2425 851 2479 sit
880 2423 1228 2495 proclivior:
1267 2429 1325 2477 tu
1362 2438 1499 2478 vero
1538 2423 1665 2478 illas
1707 2424 1954 2492 benigne
1985 2427 2136 2480 exci-

488 2514 643 2585 pias,
671 2517 728 2567 et
751 2513 909 2569 hanc
934 2512 1178 2583 quidem
1212 2510 1552 2579 consoleris,
1600 2511 1737 2566 huic
1767 2512 2001 2567 animos
2035 2514 2137 2569 ad-

486 2601 619 2667 das,
650 2601 813 2656 illam
870 2601 1211 2665 conﬁrmes,
1242 2604 1298 2655 et
1357 2601 1523 2671 quod
1580 2600 1832 2669 singulis
1886 2602 2133 2658 demum

486 2689 624 2745 utile
655 2696 740 2744 est
762 2689 1059 2746 conferas.
1109 2692 1222 2744 Nec
1273 2705 1411 2744 vero
1439 2688 1678 2743 taedium
1733 2689 1845 2744 hac
1898 2689 1955 2744 in
1989 2707 2047 2745 re
2081 2699 2133 2747 te

484 2777 704 2851 capiat.
742 2781 891 2833 Deus
921 2777 1160 2848 adjutor
1204 2777 1489 2831 Dominus
1519 2777 1956 2849 corroborans;
1991 2779 2134 2834 inci-

484 2870 726 2940 piamus
760 2882 870 2923 nos
912 2872 1182 2932 tantum;
1212 2870 1266 2920 et
1305 2866 1434 2937 ipse
1490 2866 1655 2921 docet
1709 2866 2013 2923 scientiam
2059 2869 2127 2921 “.

484 2957 782 3014 zEmulor
809 2971 929 3022 vos,
965 2954 1161 3027 inquit
1187 2954 1527 3027 Apostolus,
1561 2957 1937 3012 aemulatione
1993 2958 2128 3013 Dei:

2254 1803 2430 1869 φυγεῖν
2451 1799 2541 1857 τὰς
2562 1793 2817 1867 παγίδάς,
2842 1796 3187 1867 ἀγωνιστικὸν
3209 1806 3280 1867 τῷ
3304 1803 3431 1853 ὄντι.
3462 1798 3847 1871 Ἔχοιςψυχὴν

2253 1885 2301 1937 ἐν
2435 1884 2673 1957 ἀναθήση
2722 1888 2785 1937 τὰ
2836 1885 3208 1957 συμϐαίνοντα.
3252 1887 3510 1940 Ἐντεῦθεν
3558 1890 3658 1962 γὰρ
3690 1888 3849 1959 χαλίο

2250 1978 2336 2037 νὸς
2402 1974 2663 2049 ἁμαρτίας
2721 1980 2810 2028 καὶ
2866 1973 3084 2048 βοήθεια
3137 1978 3267 2031 θεία.
3328 1974 3449 2030 Οἷον
3504 1980 3559 2029 αἱ
3627 1974 3850 2050 ἀδελφαὶ

2249 2068 2350 2123 τήη
2384 2068 2482 2122 σήν
2513 2067 2738 2136 ἔχουσαι
2784 2069 3111 2136 προστασίαν
3139 2083 3152 2096 ·
3189 2062 3271 2118 δεῖ
3310 2068 3413 2140 γὰρ
3470 2066 3627 2127 αὐτὰς
3669 2064 3850 2118 ἀνατί-

2252 2155 2436 2206 θεσθαί
2489 2172 2572 2205 σοι
2619 2155 2708 2213 τὰς
2763 2152 2953 2205 ἑαυτῶν
3006 2155 3191 2226 ὁρμᾶς,
3246 2159 3333 2207 καὶ
3379 2158 3510 2227 πρὸς
3557 2159 3611 2207 τί
3646 2154 3841 2214 ἑκάστη

2249 2241 2667 2317 ἐπιρρεπέστερον
2727 2243 2859 2313 ἔχει,
2914 2247 3003 2295 καὶ
3066 2242 3226 2301 αὐτὴν
3285 2239 3648 2315 ὑποδέχεσθαι
3681 2260 3695 2273 ·
3753 2249 3849 2295 καὶ

2246 2337 2340 2389 τήν
2383 2335 2471 2403 μεν
2518 2330 2852 2406 παρακαλεῖν,
2909 2336 2996 2390 τὴν
3061 2328 3119 2384 δὲ
3158 2333 3563 2406 προθυμεῖσθαι,
3620 2336 3713 2399 τὴν
3783 2329 3847 2385 δὲ

2246 2418 2651 2491 ἀσφαλίζεσθαι,
2709 2425 2799 2472 καὶ
2877 2420 3050 2482 ἁπλῶς
3132 2424 3190 2472 τό
3265 2426 3561 2495 πρόσφορον
3614 2422 3848 2482 ἀπάσαις

2243 2514 2566 2581 προσφέρειν.
2653 2514 2753 2561 Καὶ
2801 2514 2960 2579 μήτοι
3032 2505 3331 2582 ἀκηδιάσης
3396 2509 3443 2561 ἐν
3497 2506 3655 2580 τῷδε.
3712 2513 3848 2572 Θεὸς

2247 2602 2632 2658 πνασπιστὴς,
2688 2601 2878 2670 Κύριος
2934 2595 3218 2673 ὑπερείδων
3256 2619 3271 2632 ο
3325 2600 3476 2671 ἡμεῖς
3542 2604 3693 2671 μόνον
3755 2598 3847 2673 ἀρ-

2244 2687 2483 2759 ξώμεθα·
2514 2692 2604 2739 καὶ
2627 2686 2778 2747 αὐτὸς
2804 2683 3114 2739 διδάσκει
3152 2696 3414 2758 γνῶσιν.
3440 2687 3615 2745 Ζηλῶ
3657 2689 3842 2759 ὑμᾶς,

2244 2783 2402 2848 φησὶν
2428 2778 2453 2828 6
2478 2776 2807 2842 Ἀπόστολος,
2838 2776 3007 2847 ζήλῳ
3027 2781 3181 2829 Θεοῦ
3206 2793 3219 2807 ’
3252 2778 3644 2851 ἡρμοσάμην
3675 2779 3845 2849 ὑμᾶς

2242 2866 2332 2918 ἐνὶ
2386 2862 2597 2940 ἀνδρὶ,
2660 2866 2972 2940 παρθένον
3030 2865 3227 2937 ἀγνὴν
3283 2874 3720 2939 παραστῆσαι
3758 2876 3841 2938 τῷ

2243 2957 2322 3026 Χρ
2340 2962 2516 3025 ιστῷ,
2550 2954 2729 3016 Οὕτως
2757 2952 3088 3026 ὑπολάμϐανε
3112 2957 3179 3008 τά
3207 2955 3325 3008 καθ’
3355 2958 3514 3029 ἡμᾶς,
3555 2958 3677 3009 ὅσον
3701 2959 3836 3009 κατά

484 3045 771 3116 άεδροηάί
794 3060 894 3101 vos
922 3044 1028 3099 uni
1065 3045 1214 3110 viro,
1263 3043 1551 3113 virginem
1604 3055 1826 3101 castam
1854 3046 2131 3104 exhibere

2243 3047 2467 3115 ἔσχατον
2536 3042 2806 3115 ἀπήχημα
2857 3042 3220 3117 ἀφομοιώσεως
3247 3062 3259 3074 ·
3300 3043 3396 3097 κᾶν
3453 3045 3616 3109 ἄλλως
3675 3046 3831 3118 ἀμαρ-

484 3134 722 3192 Chtisto
747 3134 816 3187 ⁵⁵.
848 3133 938 3189 Sic
968 3148 1062 3187 res
1092 3138 1326 3187 nostras
1352 3147 1414 3186 se
1443 3131 1666 3186 habere
1697 3133 1917 3201 cogita,
1939 3149 2128 3205 quan-

481 3227 611 3280 tum
640 3223 820 3295 hujus
842 3210 1296 3277 'assimilationis
1321 3235 1643 3293 possumus
1675 3224 1911 3294 assequi
1948 3239 1962 3288 ;
1998 3223 2130 3281 licet

481 3312 703 3385 alioqui
726 3317 1071 3384 peccatores
1122 3310 1330 3364 simus.
1381 3312 1445 3364 Et
1499 3309 1655 3365 Deus
1689 3310 1875 3380 pacis,
1911 3312 2012 3383 qui
2037 3329 2131 3369 co-

483 3401 832 3472 gnominem
864 3398 1029 3471 pacis
1062 3401 1289 3453 lrenem
1340 3403 1593 3453 matrem
1643 3402 1812 3454 tuam
1854 3400 1931 3454 ad
1976 3417 2036 3456 se
2068 3404 2127 3457 in

483 3506 630 3563 pace
656 3494 713 3545 et
734 3487 1045 3544 sanctitate
1076 3487 1420 3558 assumpsit,
1457 3502 1563 3557 per
1591 3487 1744 3541 illius
1776 3489 2020 3556 vestigia
2052 3489 2131 3544 vi-

481 3585 606 3636 tam
627 3582 686 3634 et
706 3574 1226 3633 conversationem
1247 3580 1409 3630 tuam
1427 3575 1679 3645 dirigere
1700 3576 1994 3647 dignetur,
2019 3593 2128 3649 pa-

2240 3133 2391 3186 τωλοὶ
2421 3134 2588 3205 ἡμεῖς.
2637 3138 2735 3186 Καὶ
2763 3134 2788 3184 6
2837 3137 2962 3194 Θεὸς
2998 3142 3090 3194 τῆς
3127 3133 3356 3207 εἰρήνης,
3389 3135 3415 3186 6
3464 3140 3554 3187 καὶ
3591 3139 3685 3194 τήν
3717 3154 3831 3187 συν·

2239 3228 2438 3295 ώνυμον
2510 3221 2715 3296 εἰρήνην
2794 3221 3074 3280 κληθεῖσάν
3135 3241 3229 3275 σου
3290 3228 3491 3297 μητέρα
3544 3226 3594 3275 ἐν
3661 3224 3832 3297 εἰρήνῃ

2238 3316 2328 3363 καὶ
2368 3312 2604 3369 ὁσιότητι
2646 3312 2775 3382 πρὸς
2819 3310 2995 3363 ἑαυτὸν
3040 3310 3476 3385 προσλαϐόμενος,
3511 3315 3601 3364 καὶ
3633 3314 3691 3364 σε
3720 3312 3837 3364 κατ’

2236 3404 2385 3471 ἴχνος
2427 3398 2621 3460 ἐκείνης
2668 3398 3032 3452 πολιτεύεσθαι
3075 3399 3330 3467 ἀξιώσειε,
3384 3406 3667 3474 ποιμαίνων
3714 3422 3836 3454 ποι-

2237 3494 2545 3562 μαίνουσαν,
2586 3492 2676 3540 καὶ
2726 3485 2936 3559 ὁδηγῶν
2980 3485 3305 3560 ὁδηγοῦσαν,
3356 3489 3403 3541 ίν
3444 3490 3584 3562 αὐτῷ
3615 3498 3839 3563 Χριστῷ

2235 3586 2305 3648 τῷ
2336 3584 2448 3648 Θεῷ
2488 3578 2653 3649 ἡμῶν,
2713 3577 2781 3627 ὧν
2827 3578 2857 3635 ἡ
2911 3573 3042 3641 δόξα
3081 3578 3153 3641 εἰς
3204 3582 3320 3640 τοὺς
3378 3578 3586 3641 αἰῶνας.
3643 3579 3835 3652 Ἀμήν.

481 3684 655 3725 scens
687 3674 1054 3740 pascentem,
1094 3664 1430 3736 ducemque
1457 3664 1782 3732 deducens,
1817 3666 1875 3721 in
1907 3666 2138 3725 Christo
2168 3669 2286 3725 Deo
2324 3674 2552 3731 nostro,
2586 3666 2683 3722 cui
2714 3666 2902 3736 gloria
2931 3667 2990 3722 in
3024 3668 3266 3724 saecula.
3308 3670 3519 3724 Amen.

871 3782 1046 3837 CXIX.
1077 3810 1143 3821 —
1171 3780 1389 3836 Jacobo
1419 3780 1730 3836 monacho.

2472 3781 2601 3836 ΡΙΘ¹
2631 3782 2765 3855 (15).
2797 3781 3027 3854 Ἰαϐώκῳ
3066 3783 3363 3854 μονάζοντι.
3396 3781 3596 3857 [χνδ¹.]

580 3892 711 3942 Cum
741 3904 804 3941 eo
828 3890 937 3953 qui,
971 3892 1093 3952 post
1115 3888 1346 3951 lapsum,
1370 3888 1597 3937 retineat
1626 3888 2012 3950 episcopatum,
2037 3889 2551 3941 communicandum
2588 3902 2695 3939 non
2727 3901 2860 3948 esse,
2890 3889 3100 3939 etiamsi
3124 3903 3359 3940 errorem
3380 3890 3736 3941 damnaverit.

550 3989 799 4046 Tardius
818 3987 995 4043 etiam
1016 3985 1094 4041 ad
1124 3984 1575 4041 rescribendum
1604 3984 1709 4040 tibi
1732 4001 1840 4040 nos
1858 3986 2124 4042 accinxi-

477 4095 637 4150 mus,
669 4078 848 4136 frater
875 4074 1243 4137 honorande,
1282 4079 1523 4146 propter
1551 4075 1839 4146 temporis
1870 4074 2124 4133 difﬁcul-

478 4173 658 4225 tatem
688 4185 700 4219 :
730 4171 993 4223 attamen
1054 4163 1184 4236 pari
1231 4162 1536 4218 charitatis
1590 4178 1874 4219 mensura
1933 4164 2120 4220 vicem

477 4258 580 4314 tibi
595 4253 1175 4318 reddimus,moleste
1188 4250 1424 4324 quidem
1438 4251 1687 4306 ferentes
1699 4253 1974 4308 encomia
1986 4269 2122 4325 quso

475 4348 536 4404 in
568 4362 679 4403 nos
707 4344 1075 4415 excogitasti,
1109 4342 1212 4413 qui
1259 4341 1437 4397 laude
1467 4342 1718 4413 dignum
1760 4342 1903 4398 nihil
1934 4342 2118 4399 habe-

477 4451 651 4502 mus;
684 4433 929 4489 recreati
957 4437 1155 4487 autem
1195 4431 1425 4486 ardenti
1477 4430 1603 4487 zelo
1655 4439 1945 4487 accuratae
1985 4448 2121 4488 con-

474 4521 826 4581 versationis
851 4527 987 4587 tuae,
1033 4535 1155 4593 qua
1184 4535 1362 4575 caves
1412 4535 1486 4575 ne
1512 4536 1634 4592 quo
1661 4520 1843 4576 modo
1876 4521 2120 4592 tepidio-

473 4631 611 4672 rum
630 4610 1006 4684 negligentiae
1023 4608 1400 4679 adjungaris,
1421 4608 1494 4663 de
1525 4625 1646 4681 qua
1670 4610 1771 4664 tibi
1800 4610 2000 4664 omnis
2032 4615 2120 4667 est

472 4718 690 4760 sermo.
753 4703 872 4770 Ego
925 4714 1085 4763 vero,
1143 4698 1509 4762 charissime,
1566 4713 1685 4752 non
1744 4703 1889 4768 puto
1926 4698 2114 4765 illum,

469 4808 651 4866 quem
674 4789 970 4852 indicasti,
1003 4787 1086 4843 sic
1114 4785 1278 4859 loqui
1310 4793 1413 4841 aut
1443 4801 1640 4855 agere.
1667 4788 1795 4852 Quo
1829 4788 1986 4843 enim
2018 4804 2115 4859 pa-

469 4887 563 4937 cto
584 4878 689 4952 qui
711 4878 786 4935 ad
813 4876 1159 4933 hierarchiaa
1183 4875 1439 4943 gradum
1462 4881 1776 4946 provectus
1798 4882 1905 4945 est,
1929 4877 2002 4931 ad
2028 4876 2115 4931 in-

466 4970 615 5026 ﬁma
634 4967 1003 5039 deprimatur
1021 4964 1049 5018 ?
1070 4962 1379 5035 quomodo
1402 4963 1503 5034 qui
1530 4962 1917 5019 confessionis
1931 4970 2115 5020 certa-

468 5074 607 5115 men
633 5055 936 5120 sustinuit,
998 5070 1135 5109 cum
1185 5051 1483 5108 illaudatis
1537 5050 1927 5123 profanisque
1960 5053 2113 5109 abri-

467 5145 707 5221 piatur‘i
734 5148 832 5200 Ais
864 5144 1022 5199 enim
1060 5140 1360 5196 afﬁrmare
1409 5139 1600 5207 illum,
1630 5140 1795 5212 quod
1827 5141 1885 5196 in
1917 5142 2114 5198 cathe-

536 5258 584 5294 ⁵⁸
612 5257 801 5313 IPetr.
824 5270 881 5323 v,
903 5256 958 5309 4.
1035 5253 1081 5287 ⁵9
1105 5254 1214 5307 lsa.
1247 5249 1489 5323 vnittﬁ.

464 5345 544 5401 γι,
578 5333 661 5385 t2.
740 5328 786 5363 ⁶⁴
820 5320 969 5382 Psal.
996 5338 1148 5389 xcm,
1186 5325 1271 5377 l0.
1347 5321 1395 5357 ⁸⁵
1424 5321 1469 5375 II
1498 5320 1628 5377 Cor.
1656 5336 1734 5388 x1,
1770 5324 1823 5377 2.

1568 5252 1614 5285 ⁸ο
1634 5249 1849 5306 Jerem.
1876 5266 2017 5317 xvu,
2052 5251 2135 5307 16.

2307 3984 2522 4060 Βραδεῖς
2571 3992 2661 4039 καὶ
2721 3986 2871 4059 ἡμεῖς
2925 3990 3056 4060 πρὸς
3107 3992 3199 4046 τὴν
3251 3997 3349 4040 τῶν
3395 3991 3718 4063 γραμμάτων
3748 3988 3837 4042 ἀν-

2231 4072 2438 4129 τίδοσιν
2482 4075 2871 4148 ἀπηντήκαμεν,
2936 4072 3121 4149 ἀδελφέ
3176 4083 3478 4150 τιμιώτατε,
3543 4079 3678 4131 οὕτω
3737 4087 3837 4132 τοῦ

2231 4170 2426 4238 χρόνου
2487 4163 2910 4226 δυσκολήσαντος
2946 4187 2959 4199 ·
3013 4165 3118 4218 ἀλλ’
3174 4169 3312 4240 ὅμως
3386 4167 3705 4241 ἀμειϐόμεθά
3773 4188 3837 4222 σε

2230 4263 2336 4316 τοῖς
2385 4258 2521 4318 ἰσοις
2567 4263 2660 4318 τῆς
2710 4254 2919 4327 ἀγάπης
2964 4260 3174 4331 μέτροις
3201 4273 3212 4286 ·
3258 4254 3695 4331 δυσχεραίνοντες

2231 4342 2303 4417 ἐφ’
2356 4345 2433 4406 οἷς
2490 4344 2686 4417 ἐξεῦρες
2741 4345 2858 4397 καθ’
2907 4346 3051 4417 ἡμῶν
3109 4344 3399 4419 ἐγκωμίοις,
3434 4350 3503 4408 ὡς
3542 4347 3636 4400 οὐκ
3674 4346 3837 4419 ἐχόν-

2230 4452 2329 4484 των
2383 4432 2593 4485 ἐπαίνου
2640 4434 2791 4506 λόγον
2827 4450 2839 4463 ⁸
2870 4434 3259 4508 εὐφραινόμενοι
3308 4433 3367 4487 δι
3404 4434 3487 4489 ἐπὶ
3526 4444 3587 4509 τῇ
3638 4432 3836 4489 διαπύ-

2228 4541 2302 4594 ρῳ
2366 4522 2658 4595 ζηλοτυπίᾳ
2707 4531 2803 4584 τῆς
2840 4522 3200 4597 ἡκριϐωμένης
3246 4544 3353 4577 ισου
3392 4524 3651 4587 πολιτείας
3679 4547 3692 4559 ο
3736 4546 3833 4598 φυ-

2227 4610 2515 4673 λαττούσης
2598 4611 2784 4671 ἑαυτὴν
2863 4612 3220 4667 ἀκατάτακτον
3298 4622 3398 4667 τῶν
3458 4611 3836 4688 χυδαιομίνων

2227 4710 2287 4774 τῇ
2346 4699 2651 4774 ἀδιαφορία,
2710 4707 2827 4777 περὶ
2882 4704 2941 4763 ἧς
2982 4722 3067 4756 σοι
3112 4709 3203 4757 καὶ
3251 4706 3277 4756 6
3330 4710 3433 4765 πᾶς
3482 4704 3653 4776 λόγος.
3690 4705 3834 4776 Ἐγὼ

2228 4788 2285 4843 δε
2334 4791 2427 4842 οὐκ
2495 4794 2692 4863 οἴομαι,
2749 4791 2976 4863 φίλτατε,
3044 4795 3165 4868 ὅπερ
3223 4792 3486 4866 ίσήμανας
3546 4798 3835 4867 πρόσωπον

2225 4879 2358 4931 οὕτω
2398 4884 2487 4932 καὶ
2530 4880 2691 4951 λέγειν
2749 4885 2838 4933 καὶ
2892 4884 3155 4954 πράττειν.
3190 4888 3292 4935 Καὶ
3317 4891 3427 4944 πῶς
3463 4885 3564 4956 γὰρ
3597 4884 3622 4934 6
3652 4881 3701 4935 ἐν
3724 4879 3834 4956 βα-

2227 4970 2339 5040 θμῷ
2382 4971 2657 5043 ἱεραρχίας
2685 4968 2969 5043 ἀνηγμένος
2995 4971 3345 5043 χαμαιζήλως
3374 4973 3554 5044 ἄγοιτο
3578 4990 3595 5043 ς,
3624 4980 3735 5034 πῶς
3769 4970 3835 5025 δὲ

2224 5063 2312 5108 καὶ
2379 5059 2404 5109 6
2470 5057 2709 5120 ἡθληκὼς
2779 5055 2853 5111 δι’
2913 5060 3190 5133 ὁμολογίας
3249 5065 3655 5135 συνυποφίρεται
3711 5070 3831 5124 τοῖς

2227 5143 2516 5210 ἀζηλὼτοις
2556 5153 2645 5200 καὶ
2692 5146 2915 5222 ἀνιέροις
2956 5166 2970 5217 ;
3013 5154 3110 5223 φής
3156 5153 3257 5223 γὰρ
3306 5151 3465 5223 λέγειν
3518 5150 3693 5217 αὐτόν,
3747 5154 3834 5206 ὅτι

2211 5255 2254 5289 ⁶¹
2286 5255 2536 5329 Philipp.
2597 5272 2678 5325 ιιι,
2709 5258 2764 5314 8.
2841 5259 2895 5294 ⁸³
2921 5258 3070 5316 Psal.
3104 5275 3309 5327 χχχιιι,
3338 5259 3428 5316 20.
3506 5261 3551 5294 ⁸³
3604 5258 3826 5332 Ephes.

2010 5428 2244 5492 ΝΟΤᾸΞ.

537 5541 650 5623 (15)
675 5541 739 5597 In
769 5538 904 5596 cod.
932 5538 1074 5607 Reg.
1102 5534 1254 5613 ρας-ὀ
