4036 6276
246 263 263 315 1
278 258 381 316 393

1516 265 2026 323 EPISTOLARUM
2065 268 2206 325 LIB.
2247 269 2319 326 ll.

3466 269 3609 325 1394

240 388 299 438 τὸ
356 386 672 447 καθέζεσθαι
740 388 814 452 είς
864 392 1214 461 επισκὸπεῖον,
1271 402 1320 446 έν
1389 394 1523 466 ᾧπερ
1582 391 1834 452 ἠσέϐησεν

1952 393 2059 449 dra
2099 393 2428 466 episcopali
2460 393 2665 451 sedere
2696 393 2842 451 nihil
2871 392 3185 466 prohibeat
3210 409 3368 460 eum,
3401 395 3505 467 qui
3543 395 3606 451 in

239 476 267 526 ὁ
306 479 564 547 κατέχων,
625 480 682 529 τὸ
735 478 929 532 κωλύον
979 478 1128 534 οὐδέν
1170 498 1183 512 ⁸
1239 487 1327 534 καὶ
1358 484 1415 534 τὸ
1463 484 1607 556 παρὰ
1640 501 1840 554 συγκα-

239 563 477 617 ταϐατῶν
525 564 882 621 ἀνεπισκόπων
942 572 1256 637 σιτίζεσθαι,
1316 568 1466 624 ούδεν
1504 574 1736 644 μάχεται
1771 579 1837 642 τῷ

240 658 418 706 κανόνι
468 663 559 716 τῆς
606 656 887 719 εὐσεϐείας.
936 659 1041 713 Καὶ
1090 669 1197 723 πῶς
1236 667 1389 713 τοῦτο
1420 660 1478 713 ού
1511 663 1743 734 μάχεται
1772 669 1834 733 τῇ

240 741 457 816 ἀληθείᾳ
484 761 498 811 ;
531 752 622 797 τοῦ
644 745 794 818 ἁγίου
819 745 988 802 Δαυῖδ
1015 748 1300 821 ψάλλοντος
1325 769 1337 782 ·
1372 750 1620 803 Ἔλαιον
1646 750 1838 825 αμαρ-

239 832 437 886 τωλοῦ
494 838 575 906 μὴ
634 834 967 891 λιπανοίτω
1005 844 1116 897 τὴν
1155 839 1429 912 κεφαλήν
1473 859 1611 911 μου.
1652 846 1755 892 Τοῦ
1785 859 1838 891 τε

240 920 395 992 ἁγίου
462 921 775 977 Ἀθανασίου
840 929 1287 1000 προστάσσοντος,
1350 924 1614 1000 μηδεμίαν
1652 948 1838 980 κοινω-

242 1014 352 1062 νίαν
410 1013 549 1083 ἔχειν
605 1014 747 1085 ἡμᾶς
770 1018 899 1089 πρὸς
951 1021 1069 1077 τούς
1108 1019 1413 1091 αἱρετικοὺς,
1448 1016 1572 1069 ἀλλὰ
1600 1022 1702 1087 μὴν
1732 1038 1836 1089 μη-

242 1095 301 1152 δε
354 1102 484 1174 πρὸς
540 1104 663 1162 τοὺς
717 1111 1086 1167 κοινωνοῦντας
1132 1108 1256 1178 μετὰ
1303 1115 1402 1158 τῶν
1446 1105 1661 1160 ἀσεϐῶν.
1720 1112 1837 1169 Πῶς

244 1185 303 1241 δε
343 1188 401 1241 ού
458 1201 721 1255 κοινωνία,
779 1195 918 1268 εἰπερ
971 1190 1055 1246 δεῖ
1104 1196 1419 1256 καθέζεσθαι
1458 1194 1506 1247 έν
1558 1201 1698 1268 τόπῳ
1735 1215 1837 1249 τοι·

239 1280 397 1349 ούτῳ,
453 1277 555 1330 κάκ
593 1288 691 1331 τῶν
734 1284 980 1334 τοιούτων
1013 1286 1348 1350 σιτίζεσθαι;
1404 1284 1497 1337 οὐκ
1543 1288 1656 1357 ἔχει
1684 1288 1838 1358 φύσιν

241 1367 337 1419 κοίν
390 1372 460 1440 μὴ
532 1366 695 1422 έκεῖσε
747 1372 976 1429 κάθηταί
1040 1392 1142 1439 τις,
1202 1372 1388 1427 ἰκεῖθεν
1456 1370 1515 1427 δε
1580 1379 1834 1448 τρέφοιτο,

241 1456 369 1515 αὕτη
420 1458 450 1514 ἠ
494 1454 644 1519 δόσις
679 1463 769 1512 καὶ
822 1460 983 1531 λῆψις
1027 1467 1297 1515 κοινωνίαν
1340 1462 1617 1535 έργάζοιτο
1658 1482 1671 1496 ’
1707 1469 1838 1537 φησὶ

238 1547 341 1621 γὰρ
391 1547 417 1597 ὀ
456 1546 771 1610 Ἀπόστολος
800 1571 811 1582 ·
874 1547 1115 1604 Οῖὸατε
1170 1557 1276 1605 καὶ
1315 1554 1496 1625 ὑμεῖς
1532 1553 1837 1612 Φιλιππή-

242 1654 375 1687 σιοι
401 1636 500 1687 ὃτι
529 1636 916 1700 ὃτεέξῆλθον
948 1638 1066 1693 ἀπὸ
1099 1639 1530 1707 Μακεδονίας,
1563 1640 1838 1714 οὐδεμία

1952 482 2053 539 illa
2087 482 2306 538 sedens
2340 483 2521 555 impie
2549 500 2609 538 se
2640 483 2858 554 gessit;
2887 489 2942 537 et
2979 482 3144 555 quod
3170 498 3206 538 a
3244 482 3607 538 condescen-

1952 572 2232 628 dentibus
2265 572 2799 644 pseudoepiscopis
2824 571 2984 643 pasci
3014 572 3234 642 ipsum,
3258 572 3494 643 pietatis
3520 585 3608 627 re-

1952 660 2104 732 gulae
2144 676 2267 716 non
2300 668 2607 733 repugnet.
2643 664 2710 716 Et
2738 676 2860 733 quo
2902 664 3077 731 pacto
3109 661 3315 717 veritat
3341 660 3455 717 hoc
3481 676 3605 718 non

1949 752 2290 821 repugnet?
2319 767 2456 806 cum
2480 754 2721 806 sanctus
2744 749 2925 805 David
2942 751 3213 806 canat“:
3245 749 3451 807 Oleum
3473 765 3601 819 pec-

1952 840 2166 895 catoris
2186 855 2305 896 non
2330 840 2613 910 impiguet
2633 843 2814 906 caput
2834 854 3047 906 meum,
3067 844 3123 895 et
3149 844 3395 895 sanctus
3418 839 3602 895 Atha-

1950 929 2153 985 nasius
2200 929 2525 1001 praecipiat,
2574 944 2647 983 ne
2695 928 2877 983 ullam
2926 944 3063 984 cum
3108 928 3397 984 haereticis
3442 944 3606 984 com-

1951 1018 2297 1073 munionem
2339 1018 2693 1083 habeamus,
2727 1033 2797 1074 ac
2822 1032 2895 1073 ne
2935 1033 3073 1072 cum
3113 1017 3185 1072 iis
3225 1018 3465 1091 quidem
3499 1018 3604 1091 qui

1951 1124 2088 1162 cum
2132 1107 2330 1179 impiis
2356 1106 2826 1163 communicant.
2861 1106 2970 1172 Qui
3004 1111 3205 1162 autem
3254 1108 3604 1164 communio

1948 1212 2071 1252 non
2094 1196 2185 1262 sit,
2232 1197 2281 1251 si
2312 1195 2411 1252 tali
2442 1196 2503 1251 in
2552 1195 2684 1251 loco
2716 1194 2944 1262 sedere,
2978 1201 3159 1267 atque
3197 1212 3233 1251 a
3273 1194 3490 1251 talibus
3520 1194 3606 1252 ci-

1947 1285 2097 1341 bum
2154 1285 2423 1356 accipere
2479 1284 2817 1357 oporteat?
2862 1286 2991 1340 Non
3043 1288 3136 1340 est
3183 1283 3285 1340 ita.
3340 1283 3605 1342 Tametsi

1947 1375 2271 1446 quisquam
2287 1374 2367 1429 ibi
2388 1389 2509 1429 non
2526 1372 2750 1437 sedeat,
2769 1372 2818 1429 si
2841 1377 3041 1429 tamen
3058 1372 3197 1428 inde
3220 1372 3431 1438 alatur,
3454 1388 3605 1445 prai-

1946 1462 2096 1519 bitio
2121 1463 2258 1534 ipsa
2287 1468 2343 1519 et
2367 1462 2633 1534 acceptio
2661 1461 3151 1519 communionem
3180 1460 3411 1517 emciet.
3454 1461 3606 1519 Dicit

1948 1551 2109 1607 enim
2139 1550 2454 1623 Apostolus
2489 1570 2500 1610 :
2535 1551 2705 1608 Scitis
2732 1556 2785 1608 et
2814 1566 2934 1615 vos,
2974 1551 3406 1620 Philippenses,
3440 1551 3601 1623 quod

1946 1641 2187 1711 quando
2206 1642 2509 1711 profectus
2525 1656 2656 1697 sum
2673 1656 2709 1697 a
2730 1640 3106 1703 Macedonia,
3129 1640 3305 1696 nulla
3326 1639 3474 1697 mihi
3493 1640 3602 1698 Ec-

239 1743 349 1797 μοι
401 1723 749 1784 Ἐκκλησία
800 1726 1191 1788 ἐκοινώνησε
1246 1732 1441 1804 χάριν
1496 1729 1738 1792 δόσεώς
1775 1750 1834 1784 τε

1949 1730 2128 1786 clesia
2156 1729 2615 1785 communicavit
2647 1731 2707 1785 in
2726 1730 2960 1786 ratione
2979 1729 3106 1786 dati
3129 1735 3183 1784 et
3214 1730 3462 1799 accepti,
3487 1728 3604 1785 nisi

240 1818 347 1866 καὶ
411 1812 681 1885 λήψεως,
743 1815 796 1869 εἰ
837 1822 918 1889 μὴ
970 1820 1152 1890 ὑμεῖς
1203 1824 1391 1891 μόνον
1425 1838 1437 1851 ’
1494 1822 1591 1873 ὅτι
1643 1820 1835 1873 καὶέν

241 1907 690 1978 Θεσσαλονίκῃ
732 1903 901 1969 ἃπαξ
938 1912 1045 1960 καὶ
1077 1905 1175 1969 δὶς
1205 1908 1295 1971 εἰς
1332 1914 1443 1968 τὴν
1471 1915 1699 1983 χρείαν
1730 1930 1837 1983 μοι

241 1990 587 2064 ἐπέμψατε.
622 1994 684 2047 Εἰ
712 1992 799 2047 οὖν
829 1999 888 2048 τὸ
914 1995 1074 2062 ἅπαξ,
1116 2001 1203 2049 καὶ
1236 1994 1322 2060 δὶς
1349 1997 1540 2065 λαϐεῖν,
1572 2004 1836 2051 κοινωνίαν

242 2079 465 2153 ἀπέφηνε
493 2085 553 2134 τό
584 2090 691 2155 φῶς
736 2092 828 2137 τοῦ
862 2088 1064 2158 κόσμου
1094 2105 1105 2117 ·
1163 2090 1221 2139 τὸ
1253 2086 1330 2139 ἀεὶ
1367 2086 1642 2159 λαμϐάνειν
1670 2093 1748 2150 τίς
1776 2089 1836 2140 ἄν

241 2166 293 2222 εὖ
334 2178 526 2245 φρονῶν
557 2172 616 2223 ού
648 2172 885 2244 φεύξοιτο
915 2176 983 2235 ὡς
1014 2172 1273 2228 ἀντίθετον
1303 2181 1471 2248 φωτός
1498 2196 1515 2247 ;

312 2266 397 2312 Δεῖ
453 2256 512 2312 δε
578 2266 670 2319 τὴν
705 2261 1003 2333 ἁγιωσύνην
1045 2282 1138 2316 σου
1192 2263 1429 2326 ἐπιεικῶς
1464 2271 1553 2318 καὶ
1600 2285 1839 2319 ταπεινο-

241 2354 438 2423 φρόνως
512 2356 585 2419 τῷ
639 2355 807 2423 Πατρὶ
888 2354 978 2413 τὰς
1029 2353 1344 2424 ὑπομνήσεις
1416 2354 1639 2407 εἰσοῖσαι
1675 2373 1686 2385 ·

239 2440 330 2509 μεν
383 2440 597 2512 πεισθῇ,
671 2437 1026 2514 ἓκερδήσαμεν
1071 2446 1157 2494 τὸν
1212 2447 1417 2517 Πατέρα
1457 2459 1469 2471 ·
1544 2444 1589 2496 εἰ
1631 2441 1690 2496 δε
1738 2449 1835 2517 μὴ,

239 2530 298 2578 τὸ
374 2524 569 2579 ἐαυτῶν
627 2526 851 2600 ἀσφαλες
907 2535 979 2602 μὴ
1048 2533 1343 2603 προώμεθα.
1414 2536 1539 2605 Περὶ⁸
1578 2535 1676 2607 γὰρ
1745 2540 1837 2586 τοῦ

239 2611 434 2668 παιδία
496 2614 871 2688 βαπτίζεσθαι,
928 2620 1027 2671 ύπό
1061 2615 1246 2687 τῶνδε,
1286 2624 1379 2679 τὴν
1409 2620 1684 2680 έπιστολὴν
1715 2622 1835 2679 ὃλην

242 2705 303 2762 ἣν
359 2706 491 2777 πρὸς
544 2707 632 2756 τὸν
708 2705 859 2757 αὐτὸν
940 2705 1286 2778 έγκαλέσαντα
1342 2713 1456 2782 περὶ
1520 2716 1611 2761 τοῦ
1674 2709 1835 2762 αὐτοῦ

239 2794 545 2867 πράγματος
593 2795 853 2865 ἐχάραξα,
889 2801 978 2848 καὶ
1024 2804 1086 2869 τῇ
1124 2805 1187 2869 σῇ
1230 2801 1496 2869 τιμιότητι
1537 2797 1831 2867 ἀπέστειλα,

240 2884 476 2953 περιττὸν
526 2882 853 2954 ἡγησάμενος
920 2881 1006 2947 δὶς
1061 2883 1145 2937 ἐπὶ
1200 2888 1258 2938 τό
1312 2886 1437 2939 αύτὸ
1479 2886 1833 2958 εἰκαιολργεῖν.

240 2969 419 3031 Ούτως
482 2965 568 3022 οὖν
631 2973 730 3042 ἐγὼ
781 2973 807 3024 ὁ
864 2976 1097 3034 ταπεινὸς
1144 2983 1329 3047 φρονῶ,
1388 2981 1478 3028 καὶ
1525 2985 1836 3051 φρονοῦντας

237 3062 361 3121 τοὺς
413 3059 596 3131 ἁγίους
673 3062 797 3133 ὁρῶ,
865 3064 933 3124 ὡς
983 3059 1041 3115 δε
1109 3062 1309 3135 ἑκάστῳ
1363 3061 1507 3118 δοκεῖ
1564 3068 1705 3137 ἔχειν
1757 3070 1836 3119 εῦ-

234 3166 392 3222 ροιεν.
454 3147 610 3211 Ἴσως
665 3146 724 3203 δε
772 3154 897 3222 φαίη
939 3153 965 3203 ὁ
1018 3151 1374 3225 ἀρτιξόμενος,
1431 3156 1486 3207 ἑκ
1548 3162 1637 3207 τοῦ
1689 3158 1836 3229 ὄρθο-

238 3243 586 3309 φρονήσαντος
659 3243 749 3291 καὶ
814 3240 1206 3313 ἐπιτιμηθέντος
1260 3238 1390 3294 εἶναι
1447 3248 1540 3301 τὴν
1618 3242 1776 3315 λῆψιν
1818 3261 1831 3275 ⁸

239 3324 346 3377 ἀλλ’
374 3330 517 3379 οῦπω
564 3334 748 3382 ταῦτα.
776 3326 908 3390 Ἕως
958 3326 1009 3381 δ’
1053 3331 1113 3381 οἶν
1145 3334 1365 3403 κατέχοι
1402 3337 1494 3391 τὴν
1521 3335 1831 3398 ἓπισκοπην,

237 3414 282 3467 εὶ
311 3420 402 3467 καὶ
439 3420 509 3487 μὴ
560 3417 835 3489 ἱερουργεῖ,
888 3414 1027 3489 μηδὲ
1055 3423 1271 3491 μετέχοι
1317 3429 1416 3475 τῶν
1468 3420 1831 3493 ἀγιασμάτων.

233 3502 293 3556 Ἦ
321 3499 381 3556 δε
411 3503 609 3567 ἀληθὴς
666 3507 933 3576 μετάνοια,
991 3516 1063 3578 τῷ
1119 3510 1322 3581 ἀφῆσαι
1384 3514 1478 3569 τὴν
1522 3509 1831 3579 ἐπισκοπὴν,

236 3598 327 3645 καὶ
376 3592 552 3668 πόῥρω
606 3596 868 3665 γενέσθαι,
963 3598 1137 3671 ὧσπερ
1196 3601 1327 3659 τινες
1383 3597 1633 3658 έποιησαν
1662 3617 1674 3629 ·
1748 3598 1833 3673 ἀφ’

240 3681 305 3731 ὧν
358 3680 573 3743 ἀϐλαϐες
624 3686 683 3735 τὸ
734 3682 1009 3755 λαμϐάνειν
1041 3706 1053 3718 ·
1106 3685 1219 3757 μεθ’
1258 3687 1325 3737 ὧν
1381 3684 1696 3741 καταδεκτόν
1745 3693 1833 3742 καὶ

240 3773 298 3821 τὸ
326 3772 633 3825 συνεσθίειν.
674 3770 830 3826 Ἀλλο
886 3792 937 3825 τι
994 3773 1156 3844 λέγειν
1213 3774 1308 3827 ούκ
1360 3778 1470 3848 ἔχω
1501 3796 1514 3810 ·
1558 3778 1586 3836 ἡ
1633 3781 1692 3830 τὸ
1731 3798 1833 3831 πα-

236 3859 563 3933 ρακληθῆναί
625 3879 683 3913 σε
712 3865 1107 3934 προσεύχεσθαι
1157 3869 1275 3938 περὶ
1326 3874 1419 3927 τῆς
1483 3872 1835 3930 ταπεινώσεως

237 3968 338 4019 μου
373 3968 385 3981 ο
442 3949 500 4002 ού
566 3954 717 4021 μόνον
775 3950 1114 4025 ὀρθολεκτεῖν,
1196 3952 1326 4006 ἀλλὰ
1381 3960 1469 4007 καὶ
1529 3954 1833 4028 ὀρθοποδείν

236 4042 355 4112 περὶ
394 4042 487 4097 τὴν
525 4038 735 4111 πρᾶξιν.

1741 2356 1836 2407 κᾶν

1868 3113 1909 3171 C

344 4152 615 4225 ΡΚ¹<16).
664 4184 734 4195 —
763 4160 1016 4228 Νικήτᾳ
1054 4166 1495 4232 τοποτηρητῇ.
1530 4160 1723 4233 [χνς-.’]

1948 1834 2048 1874 vos
2063 1818 2195 1883 soli,
2223 1818 2365 1890 quia
2381 1825 2435 1875 et
2465 1818 2941 1875 Thessalonicam
2958 1819 3137 1874 semel
3162 1821 3217 1873 et
3235 1818 3319 1873 bis
3340 1818 3404 1873 in
3429 1833 3601 1875 usum

1947 1908 2096 1965 mihi
2143 1907 2469 1963 misistis".
2522 1907 2577 1964 Si
2632 1922 2775 1977 ergo
2815 1906 2999 1962 semel
3038 1912 3096 1963 et
3151 1905 3246 1962 bis
3303 1906 3598 1979 accipere,

1947 1997 2434 2052 communionem
2462 1996 2793 2069 appellavit
2820 1994 2924 2051 lux
2964 1994 3209 2061 mundi;
3236 2010 3474 2066 semper
3504 2011 3605 2051 ac-

1946 2085 2142 2157 cipere
2170 2086 2304 2157 quis
2344 2090 2500 2141 recte
2536 2085 2795 2142 sentiens
2845 2100 2966 2141 non
3006 2084 3262 2156 refugiat
3308 2088 3601 2157 tanquam

1946 2174 2155 2230 lumini
2188 2175 2554 2231 contrarium
2584 2173 2613 2229 ?

2020 2265 2259 2335 Oportet
2283 2270 2484 2319 autem
2516 2263 2888 2320 sanctitatem
2922 2268 3086 2319 tuam
3120 2262 3390 2319 modeste
3419 2262 3604 2319 ethu-

1947 2353 2163 2409 militer
2194 2353 2343 2409 Patri
2382 2352 2826 2409 admonitiones
2872 2367 3224 2423 suggerere;
3255 2367 3346 2419 ac,
3382 2351 3432 2407 si
3473 2352 3605 2425 qui-

1947 2442 2087 2498 dem
2118 2458 2473 2514 persuasum
2498 2442 2551 2497 ei
2589 2442 2783 2507 fuerit,
2827 2440 3041 2497 lucrati
3068 2441 3301 2497 Patrem
3334 2456 3545 2497 sumus
3570 2456 3593 2497 ':

1947 2531 2042 2587 sin
2070 2531 2295 2598 minus,
2322 2531 2487 2603 quod
2520 2536 2715 2587 tutum
2747 2530 2921 2587 nobis
2951 2536 3042 2586 est
3065 2544 3189 2586 non
3223 2528 3601 2601 abjiciamus.

1947 2620 2027 2675 De
2057 2619 2387 2675 infantibus
2424 2626 2625 2675 autem
2649 2620 2752 2692 qui
2792 2620 2869 2675 ab
2904 2618 2995 2675 his
3021 2618 3110 2675 vel
3141 2618 3219 2675 ab
3241 2618 3352 2673 illis
3395 2618 3596 2690 bapti-

1946 2715 2171 2774 zautur,
2204 2708 2499 2778 integram
2534 2708 2869 2780 epistolam,
2902 2722 3090 2780 quam
3120 2706 3200 2763 ad
3228 2722 3367 2763 eum
3390 2706 3595 2779 ipsum

1946 2800 2049 2870 qui
2081 2797 2428 2853 criminatus
2460 2805 2547 2853 est
2575 2797 2650 2853 de
2679 2797 2894 2853 eadem
2928 2812 2989 2853 re
3033 2796 3297 2862 exaravi,
3329 2795 3409 2853 ad
3436 2810 3602 2851 reve-

1946 2888 2199 2943 rentiam
2224 2902 2469 2959 quoque
2510 2892 2674 2943 tuam
2707 2886 2862 2952 misi,
2892 2900 3409 2958 supervacaneum
3434 2888 3601 2941 ratus

1946 2975 2039 3031 bis
2068 2975 2142 3031 de
2177 2975 2389 3032 eadem
2431 2991 2493 3031 re
2522 2975 2743 3031 frustra
2772 2974 2960 3047 loqui.
3013 2975 3105 3031 Sic
3134 2974 3312 3043 igitur
3356 2972 3600 3030 humilis

1946 3082 2059 3137 ego
2085 3066 2273 3122 sentio
2302 3085 2315 3125 :
2351 3066 2433 3121 sic
2460 3064 2671 3131 sentio,
2697 3069 2754 3121 et
2778 3069 3018 3121 sanctos
3038 3064 3121 3120 ita
3143 3063 3359 3119 sentire
3382 3063 3556 3120 video
3581 3082 3595 3123 :

1948 3161 2009 3212 ut
2051 3156 2305 3228 quisque
2352 3160 2554 3211 autem
2604 3154 2834 3219 sentiet,
2869 3153 2953 3209 sic
2994 3152 3274 3209 inveniat.
3327 3154 3599 3209 Fortasse

1945 3249 2145 3301 autem
2189 3243 2396 3300 dixerit
2424 3244 2526 3314 qui
2577 3242 2858 3314 pascitur,
2904 3258 2968 3297 se
3003 3259 3038 3297 a
3083 3245 3239 3297 recte
3287 3241 3595 3307 sentiente,

1942 3334 2168 3406 quique
2197 3332 2608 3405 paenitentiam
2655 3331 2936 3403 suscepit,
2985 3346 3297 3402 accipere:
3339 3330 3445 3386 sed
3475 3344 3597 3387 non

1943 3421 2025 3478 ita
2071 3428 2177 3478 est.
2235 3421 2512 3488 Quandiu
2562 3436 2702 3476 vero
2738 3421 2946 3477 retinet
2996 3420 3433 3492 episcopatum,
3489 3418 3598 3476 etsi

1943 3527 2066 3568 non
2107 3511 2426 3578 sacrificat,
2469 3526 2577 3567 nec
2618 3510 2804 3566 sacris
2834 3509 3164 3582 participet.
3213 3512 3361 3566 Vera
3391 3513 3595 3565 autem

1943 3602 2314 3673 paenitentia,
2334 3601 2747 3672 episcopatum
2769 3599 3071 3670 abdicare,
3097 3604 3154 3657 et
3176 3598 3384 3672 procul
3407 3597 3595 3665 abire,

1943 3689 2111 3762 quod
2151 3689 2401 3761 quidam
2440 3688 2737 3750 fecerunt;
2770 3704 2806 3743 a
2854 3687 3077 3759 quibus
3120 3687 3389 3759 accipere
3426 3687 3597 3743 inno-

1942 3779 2111 3834 xium
2161 3784 2277 3843 est;
2321 3794 2455 3833 cum
2496 3776 2718 3848 quibus
2763 3781 2821 3832 et
2853 3776 3006 3832 vesci
3027 3776 3117 3832 fas
3160 3782 3268 3832 est.
3298 3774 3471 3831 Aliud
3510 3774 3594 3830 di-

1943 3882 2075 3923 cere
2105 3882 2224 3922 non
2270 3867 2485 3931 habeo,
2519 3865 2633 3921 nisi
2662 3865 2886 3921 hortari
2942 3870 2994 3921 te
3047 3870 3109 3921 ut
3147 3880 3280 3921 ores
3330 3878 3440 3936 pro
3483 3863 3591 3920 hu-

1944 3956 2188 4014 militate
2220 3972 2354 4011 mea
2392 3972 2406 4021 ;
2437 3971 2559 4011 non
2598 3954 2793 4011 solum
2838 3960 2897 4010 ut
2933 3960 3089 4009 recte
3117 3953 3351 4026 loquar,
3384 3967 3594 4009 verum

1944 4048 2121 4103 etiam
2156 4052 2217 4102 ut
2250 4051 2403 4101 recte
2435 4060 2530 4100 me
2557 4044 2616 4099 in
2648 4043 2819 4099 factis
2849 4042 2998 4115 ipsis
3028 4058 3257 4113 geram.

2266 4161 2413 4217 CXX.
2443 4190 2511 4201 —
2538 4160 2759 4216 Nicetae
2800 4161 2992 4215 locum
3029 4158 3269 4215 tenenti.

814 4260 908 4310 Pro
934 4263 1245 4312 muneribus
1279 4262 1345 4312 ab
1378 4264 1465 4313 illo
1499 4267 1674 4315 missis
1710 4269 1908 4331 gratias
1933 4269 2061 4332 agit,
2096 4281 2156 4317 ac
2183 4268 2388 4317 monita
2423 4266 2677 4316 salutaria
2708 4265 2974 4329 rependit.

310 4355 521 4419 Ἐπειδὴ
575 4357 966 4436 ἑδωροφόρησεν
1006 4364 1130 4435 ἡμῖν
1184 4365 1213 4422 ἡ
1267 4363 1553 4436 φιλέντολός
1598 4385 1690 4418 σου
1749 4364 1830 4420 δε-

2013 4367 2514 4440 Ouaudoquidem
2538 4366 2631 4422 his
2664 4366 2772 4422 illis
2798 4364 3146 4421 muneribus
3172 4361 3587 4429 nos,domine,

238 4447 345 4515 ξιά,
389 4456 542 4502 τοῦτο
581 4448 804 4515 κάκεῖνο,
863 4448 1117 4519 δέσποτα,
1196 4448 1399 4515 δέξοιτο
1466 4459 1554 4507 καὶ
1601 4458 1667 4507 τὰ
1707 4460 1830 4531 πρὸς

236 4538 382 4609 ἡμῶν
429 4546 529 4590 τῶν
570 4539 796 4595 εὐτελῶν.
854 4540 922 4593 Αἱ
977 4542 1243 4615 ἡμέτεραι,
1302 4542 1613 4613 ἀποστολαὶ,
1663 4564 1828 4620 προσ-

237 4631 417 4697 ευχαὶ,
467 4627 829 4703 εὐχαριστίαι,
889 4629 931 4682 εἰ
982 4626 1043 4683 δέ
1078 4650 1128 4683 τι
1178 4635 1267 4683 καὶ
1320 4633 1485 4705 ἕτερον
1539 4628 1621 4685 δεῖ
1671 4653 1830 4706 προσ-

239 4716 421 4780 θεῖναι,
462 4719 748 4772 νουθεσίαι.
798 4723 899 4771 Καὶ
951 4723 1078 4780 τίνες
1129 4719 1327 4787 «ﬁrm;
1387 4720 1658 4793 φοϐεῖσθαι
1697 4725 1831 4795 ὑμᾶς

237 4806 323 4856 τὸν
373 4808 521 4867 Θεὸν,
574 4811 753 4859 πίστιν
797 4810 937 4879 ἔχειν
990 4807 1164 4880 ὀρθὴν,
1224 4806 1519 4881 ἀπέχεσθαι
1570 4822 1829 4886 σαρκικῶν

236 4891 542 4964 έπιθυμιῶν,
601 4900 860 4969 πορνείας,
929 4902 1191 4968 μοιχείας,
1262 4896 1610 4968 ἀκαθαρσίας,
1660 4901 1832 4961 πάσης

235 4981 391 5042 ἄλλης
450 4980 759 5053 ἁσελγείας”
840 4986 1102 5057 αἱρεῖσθαι
1158 4982 1216 5039 δε
1270 5006 1332 5038 τα
1406 4990 1516 5040 θεῖα
1566 4990 1829 5062 πράττειν,

233 5070 383 5123 ἕλεεῖν
430 5074 666 5143 πτωχὸν,
721 5069 993 5145 φείδεσθαι
1044 5071 1261 5140 δούλων,
1308 5077 1502 5150 ὀρέγειν
1542 5084 1701 5150 χεῖρα
1759 5085 1830 5148 τῷ

234 5159 479 5226 πλησίον,
555 5170 983 5236 ταπεινοφρονεῖν,
1057 5165 1457 5239 συνεσταλμένον
1527 5164 1674 5232 εἶναι,
1742 5173 1832 5220 καὶ

308 5288 355 5323 σο
384 5284 536 5342 Psal.
568 5301 691 5352 cu,
724 5291 776 5342 5.
853 5288 896 5323 ιτ
933 5271 1181 5360 Philipp.
1215 5304 1288 5354 ιν,
1330 5289 1413 5354 ιδ,
1452 5289 1536 5344 t6.

1939 4458 2365 4513 mandatorum
2398 4472 2610 4513 amans
2647 4456 2888 4512 dextera
2920 4460 3020 4511 tua
3053 4452 3400 4517 cumulavit,
3444 4450 3593 4509 acci-

1939 4547 2063 4618 piat
2107 4545 2363 4601 vicissim
2398 4562 2531 4617 quae
2574 4562 2609 4600 a
2639 4544 2813 4600 nobis
2847 4543 3062 4599 vilibus
3112 4542 3586 4614 proﬁciscuntur.

1938 4638 2177 4691 Munera
2204 4641 2406 4690 nostra
2428 4639 2566 4689 sunt
2596 4650 2821 4706 preces,
2841 4632 3169 4704 gratiarum
3197 4630 3481 4696 actiones,
3510 4633 3586 4694 et,

1940 4724 1986 4779 si
2018 4723 2161 4796 quid
2203 4726 2484 4796 praeterea
2510 4730 2596 4779 est
2625 4723 2995 4787 addendum,
3028 4720 3491 4777 admonitiones.
3525 4719 3595 4775 Et

1939 4828 2222 4885 quaenam
2252 4813 2343 4867 hee
2366 4814 2394 4870 ?
2423 4813 2647 4868 Timere
2678 4827 2783 4867 vos
2818 4814 3023 4876 Deum,
3045 4810 3226 4865 ﬁdem
3260 4814 3479 4865 rectam
3515 4812 3593 4863 te-

1939 4917 2099 4967 nere,
2133 4901 2429 4957 abstinere
2454 4919 2487 4957 a
2515 4900 2825 4956 desideriis
2859 4898 3221 4965 carnalibus,
3251 4897 3593 4953 fornicatio-

1942 4991 2052 5057 nis,
2086 4990 2376 5053 adulterii,
2412 4990 2786 5062 impuritatis,
2818 4989 3017 5045 omnis
3060 4988 3300 5043 alterius
3332 4985 3590 5059 impudi-

1941 5079 2119 5145 cities;
2150 5080 2322 5135 malle
2356 5085 2559 5136 autem
2587 5078 2794 5134 divina
2823 5076 3089 5150 exsequi,
3112 5091 3450 5148 pauperum
3478 5073 3588 5132 mi-

1941 5169 2139 5236 sereri,
2172 5170 2356 5225 servis
2398 5184 2661 5240 parcere,
2698 5182 2947 5223 manum
2991 5165 3250 5238 praebere
3291 5163 3588 5237 proximo,

1788 5414 2022 5471 ΝΟΤᾸΞ.

312 5542 428 5616 (Ιῦ)
455 5542 519 5600 ln
551 5543 685 5600 cod.
720 5545 858 5616 Reg.
893 5544 1026 5622 ρλα’.
