4036 6276
448 254 590 312 1395

1704 253 1766 309 S.
1806 251 2176 309 THEODORI
2214 251 2543 309 STUDITIE

3674 251 3821 308 i396

446 376 698 435 humilia
730 377 967 443 sentire,
997 378 1271 449 colligere
1297 394 1380 445 se,
1421 394 1531 435 nec
1560 379 1817 435 effusum
1858 394 1990 435 esse
2027 378 2099 434 li-

2230 383 2281 436 ιὴ
2352 375 2742 451 διακεχυμένον
2798 384 2915 440 ταῖς
2968 376 3278 445 αἰσθήσεσι,
3334 373 3408 431 δι’
3465 374 3533 429 ὧν
3590 378 3824 437 θάνατος

448 468 643 523 centia
668 482 977 533 sensuum,
1009 482 1113 538 per
1142 483 1295 538 quos
1336 469 1561 540 peccati
1592 483 1755 523 mors
1791 467 2060 524 ascendit
2086 487 2099 535 ;

446 557 657 628 paucis
685 561 1031 611 contentum
1050 571 1198 625 esse,
1227 572 1346 612 non
1372 557 1664 613 inebriari
1688 557 1846 623 vino,
1874 559 1936 613 in
1964 574 2100 629 quo,

453 648 517 700 ut
544 642 807 715 loquitur
841 643 1182 716 Apostolus,
1215 652 1298 702 est
1328 646 1669 715 luxuria“;
1710 662 1831 702 non
1865 647 2103 703 studere

451 733 794 799 avaritias",
845 733 906 788 in
953 748 1075 804 qua
1118 733 1288 789 radix
1319 740 1406 789 est
1452 734 1747 790 malorum
1791 735 2102 800 omnium;

450 821 763 877 assiduum
807 837 935 877 esse
964 822 1022 877 in
1072 822 1466 889 orationibus,
1508 824 1568 878 in
1616 823 1997 890 lectionibus,
2044 824 2105 879 in

450 908 828 983 psalmodiis,
859 911 916 966 in
950 912 1159 967 mortis
1195 912 1603 978 meditatione,
1632 913 1691 967 in
1719 928 1839 985 qua
1865 917 1953 967 est
1977 912 2105 968 ani-

453 1014 569 1056 mae
594 998 979 1070 compunctio
1009 1016 1147 1055 cum
1166 1000 1467 1072 lacrymis.
1498 1004 1918 1073 Lacrymarum
1946 1002 2107 1057 enim

455 1094 543 1145 est
574 1101 837 1159 prmsens
892 1089 1096 1157 vita,o
1145 1089 1478 1157 Christiani,
1527 1093 1631 1145 sed
1683 1107 1803 1145 non
1853 1092 2103 1146 risuum.

455 1176 625 1234 Nullo
651 1176 835 1232 modo
859 1177 1084 1248 jurare,
1105 1194 1213 1235 nec
1238 1180 1649 1236 venerandum
1678 1179 1776 1236 Dei
1804 1195 2025 1237 nomen
2046 1180 2109 1236 in

454 1264 813 1337 juramentis
848 1282 1173 1339 usurpare:
1210 1268 1427 1325 salvari
1465 1270 1623 1324 enim
1657 1270 1758 1342 qui
1796 1270 1958 1341 jurat
1984 1284 2109 1326 non

457 1358 669 1427 potest.
686 1355 1023 1411 Immunem
1044 1372 1177 1413 esse
1200 1357 1280 1413 ab
1302 1358 1441 1414 odio
1472 1358 1777 1427 Cainitico,
1808 1359 1886 1415 ab
1908 1359 2110 1414 exitio-

458 1443 924 1510 sadetractione,
940 1445 1018 1501 ab
1037 1447 1178 1502 odio
1197 1448 1297 1503 Dei
1312 1448 1574 1513 inimico,
1596 1464 1631 1504 a
1651 1448 1921 1505 convicio
1943 1447 2109 1520 quod

459 1531 721 1590 excludit
743 1550 780 1589 a
803 1549 990 1605 regno
1006 1535 1291 1592 ccelorum
1326 1556 1338 1592 :
1368 1552 1570 1607 regem
1586 1537 1883 1594 honorare
1913 1554 1983 1594 ac
2008 1554 2110 1610 pa-

460 1628 657 1678 rentes
688 1642 700 1682 :
752 1624 1073 1696 conjugem
1108 1631 1169 1681 ut
1198 1627 1462 1698 seipsum
1493 1627 1766 1699 diligere:
1804 1645 1911 1684 nec
1946 1628 2106 1683 aliud

2212 466 2466 540 ἁμαρτίας
2522 468 2738 534 ἄνεισιν,
2799 467 3115 541 αὐταρκείας
3187 468 3429 539 ἔχεσθαι,
3490 470 3571 539 μή
3628 468 3822 539 μεθύ-

2215 558 2489 609 σκεσθαι
2575 559 2743 628 οἴνῳ,
2804 557 2926 627 ἐνῷ
2979 554 3178 623 ἐστιν,
3242 554 3601 617 ἀποστολικῶς
3630 555 3818 622 εἰπεῖν,

2215 644 2464 697 ἀσωτία
2495 666 2508 679 ·
2550 649 2622 718 μὴ
2656 644 3006 721 φιλαργυρείν,
3047 643 3095 697 ἓν
3211 645 3242 702 ἡ
3298 644 3426 720 ῥίζα
3470 645 3676 697 πάντων
3713 652 3822 697 τῶν

2215 742 2383 787 κακῶν
2414 737 2563 787 ἔστι·
2602 734 2888 807 σχολάζειν
2936 732 2986 787 ἓν
3027 730 3295 801 δεήσεσιν,
3336 732 3386 786 ἂν
3435 733 3822 805 ἀναγνώσεσιν,

2214 826 2262 876 ἓν
2310 820 2668 896 ψαλμῳδίαις,
2722 822 2771 875 ίν
2819 828 3039 898 μερίμνῃ
3098 826 3342 889 θανάτου,
3385 822 3459 895 ἔφ’
3596 826 3824 876 κατάνυ-

2215 913 2289 976 ﬁt;
2317 912 2505 984 ψυχῆς
2555 917 2645 964 καὶ
2687 908 2917 987 δάκρυα.
2975 914 3220 985 Δακρύων
3261 914 3364 985 γὰρ
3392 912 3419 963 ὁ
3448 915 3623 985 παρὼν
3677 912 3818 984 βίος,

2217 999 2255 1052 ὦ
2312 1007 2644 1076 Χριστιανοὶ,
2679 1000 2785 1053 ἀλλ’
2818 1001 2877 1054 οὐ
2923 1001 3181 1073 γελώτων.
3233 997 3509 1072 Μηδαμῶς
3561 999 3769 1072 ὀμνύειν
3802 1022 3819 1034 ·

2215 1088 2355 1163 μηδὲ
2401 1092 2575 1164 ὅρκιον
2626 1094 2685 1144 τὸ
2728 1090 3011 1163 πολύτιμον
3041 1092 3203 1163 ὄνομα
3253 1097 3346 1143 τοῦ
3389 1096 3524 1143 Θεοῦ
3564 1087 3660 1142 διὰ
3698 1090 3827 1142 στό-

2216 1200 2377 1254 ματος
2431 1184 2598 1253 φέρειν
2630 1196 2643 1210 ⁸
2701 1180 2760 1233 οὐ
2814 1182 2915 1254 γὰρ
2956 1182 3072 1232 ἔστι
3121 1183 3210 1231 τόν
3268 1178 3521 1251 ὀμνύοντα
3561 1179 3822 1237 σωθῆναι.

2217 1271 2533 1342 Καθαρεύειν
2582 1270 2768 1342 φθόνου
2813 1276 2904 1321 τοῦ
2964 1271 3177 1334 Καῖνου,
3223 1266 3536 1328 καταλαλιᾶς
3583 1274 3679 1327 τῆς
3707 1266 3828 1319 ὀλε-

2220 1361 2387 1435 θρίου,
2415 1362 2604 1430 μίσους
2640 1366 2732 1411 τοῦ
2764 1359 3070 1431 ἓχθροθίου,
3101 1354 3372 1432 λοιδορίας
3400 1364 3494 1419 τῆς
3524 1356 3621 1419 ἔξω
3662 1357 3829 1408 τιθεί-

2221 1467 2318 1509 σης
2340 1446 2613 1518 βασιλείας
2636 1447 2868 1519 οὐρανῶν
2896 1465 2909 1478 °
2938 1452 3095 1518 τιμᾷν
3124 1450 3211 1499 τὸν
3244 1444 3485 1520 βασιλέα,
3507 1449 3623 1506 τοὺς
3645 1449 3828 1517 γεννή-

2218 1555 2375 1611 τορας
2400 1557 2413 1571 ·
2446 1536 2650 1608 ἀγαπᾷν
2695 1540 2766 1599 ὡς
2795 1536 2976 1589 ἑαυτὸν
3000 1541 3095 1595 τήν
3126 1537 3407 1609 ὁμοζυγον,
3456 1539 3547 1587 καὶ
3575 1538 3647 1607 μὴ
3690 1555 3829 1605 γνω·

2217 1625 2381 1701 ρίζεεν
2443 1625 2604 1684 ἄλλην
2662 1625 2884 1699 πλευρὰν
2926 1630 3194 1700 πορνικὴν,
3254 1625 3330 1698 ἐφ’
3384 1625 3416 1699 ᾖ
3476 1624 3604 1697 όργή
3662 1630 3825 1679 Θεοῦ.

462 1711 851 1768 fornicarium
883 1712 1038 1769 latus
1068 1730 1449 1784 cognoscere,
1479 1717 1539 1772 in
1571 1733 1694 1786 quo
1726 1717 1815 1772 ira
1846 1722 1932 1773 est
1965 1718 2060 1773 Dei
2094 1734 2108 1772 :

2230 1721 2497 1789 Πόρνους
2539 1717 2658 1788 γὰρ
2698 1720 2807 1768 καὶ
2854 1718 3136 1788 μοιχοὺς
3172 1721 3382 1790 κρινεῖ
3419 1716 3445 1766 ό
3477 1718 3652 1775 Θεός.
3687 1720 3829 1766 Παι-

459 1801 879 1859 Fomicatores
892 1805 1046 1860 enim
1073 1809 1127 1861 et
1147 1805 1762 1876 aduuerosjudicabit
1774 1807 1930 1863 Deus
1947 1809 2013 1859 ⁷ο.
2030 1808 2113 1863 Fi-

463 1889 578 1951 lios
608 1890 940 1947 secundum
983 1895 1168 1949 Deum
1213 1894 1540 1961 instituere,
1585 1900 1641 1952 et
1674 1896 2014 1968 exemplum
2052 1911 2114 1951 se

464 1978 576 2035 illis
591 1978 669 2036 ad
692 1980 1073 2053 prudentiam
1092 1983 1388 2055 praebere;
1423 1990 1480 2041 et
1499 1984 1616 2041 alia
1635 2001 2015 2058 quascunque
2035 1985 2113 2041 ad

465 2071 685 2127 animm
715 2070 967 2127 salutem
995 2080 1295 2145 praecepta
1317 2080 1474 2131 sunt.
1505 2078 1634 2131 Haec
1657 2081 1818 2141 sunt,
1846 2076 2111 2141 domine,

464 2174 601 2232 quae
627 2160 885 2230 egregiis
910 2162 1259 2218 muneribus
1281 2164 1397 2220 tuis
1422 2165 1808 2235 rependimus
1833 2181 1843 2219 :
1879 2181 2016 2237 quae
2042 2180 2116 2221 ne

465 2249 779 2320 spreveris,
813 2251 1043 2305 tametsi
1070 2250 1149 2309 ab
1164 2251 1459 2308 inhonoro
1476 2255 1670 2324 capite
1687 2253 1951 2325 profecta
1977 2253 2114 2309 sint.

470 2337 568 2393 Dei
591 2338 750 2394 enim
772 2339 1062 2397 mandata
1074 2340 1259 2412 pluris
1276 2340 1552 2399 facienda
1571 2349 1709 2399 sunt
1728 2358 1916 2415 quam
1938 2357 2119 2399 omne

468 2441 685 2484 aurum
713 2432 768 2483 et
785 2427 942 2500 lapis
964 2429 1283 2501 pretiosus.

467 2563 479 2572 -
541 2542 712 2599 CXXI.
741 2572 807 2583 -—
837 2543 1073 2600 Thema
1095 2545 1463 2614 patriarchae
1482 2545 2044 2617 Hierosolymitano.

470 2720 677 2772 Gratias
701 2721 811 2786 agit
853 2736 949 2787 pro
979 2723 1210 2787 acceptis
1256 2725 1323 2774 ab
1353 2725 1469 2789 ipso
1502 2725 1723 2775 litteris:
1746 2729 1861 2775 tum
1892 2725 2075 2776 laudat

2222 1802 2389 1858 δεύειν
2420 1804 2593 1866 ἐνθίως
2636 1806 2703 1857 τὰ
2752 1809 2919 1870 τέκνα,
2960 1810 3049 1857 καὶ
3080 1804 3261 1857 ἑαυτὸν
3287 1799 3589 1875 ὑπόδειγμα
3626 1804 3833 1855 τιθέναι

2222 1902 2318 1956 τῆς
2350 1893 2518 1946 αὐτῶν
2557 1898 2812 1954 συνέσεως
2845 1915 2859 1927 ·
2893 1898 2983 1947 καὶ
3013 1895 3114 1946 ὅσα
3144 1892 3274 1945 ἆλλα
3302 1893 3328 1944 ὁ
3373 1900 3469 1954 τῆς
3514 1891 3715 1951 ἐντολῆς
3739 1891 3830 1943 λό-

2220 2003 2314 2056 γος
2342 1983 2550 2036 ἀπαιτεῖ
2578 1983 2645 2044 εἰς
2685 1987 2948 2057 σωτηρίαν
3005 1982 3209 2055 ψυχῆς.
3261 1989 3460 2050 Ταῦτα,
3492 1979 3531 2034 ὦ
3566 1978 3827 2043 δέσποτα,

2225 2072 2545 2147 ἀμειπτήρια
2606 2081 2706 2125 τῶν
2770 2072 2936 2125 καλῶν
2990 2092 3084 2125 σου
3137 2079 3390 2147 παροχῶν
3418 2089 3435 2106 ο
3490 2071 3526 2123 ἄ
3575 2075 3646 2143 μή
3706 2069 3831 2123 ἀτι-

2224 2164 2437 2236 μάσοις,
2479 2163 2576 2215 κᾶν
2608 2160 2661 2226 ἐξ
2694 2161 2879 2234 ἀτίμου
2931 2166 3187 2234 στόματος
3223 2162 3500 2235 προήχθη.
3555 2164 3683 2214 Θεοῦ
3719 2160 3828 2234 γὰρ

2226 2250 2423 2304 ἰντολαὶ
2447 2254 2639 2314 παντὸς
2693 2256 2927 2325 χρυσίου
2980 2255 3071 2304 καὶ
3123 2250 3283 2303 λίθων
3312 2249 3606 2322 πολυτίμων
3642 2248 3831 2321 τιμαλ-

2227 2344 2496 2414 φίστεραι.

2227 2528 2374 2583 PKA'
2412 2528 2547 2601 (l7).
2593 2556 2657 2571 -
2691 2532 2886 2599 Θωμᾴ
2930 2527 3313 2600 πατριάρχη
3344 2524 3827 2601 Ἰεροσολύμων.

2931 2615 3123 2689 (χνξ’-]

2110 2724 2253 2789 quod
2292 2723 2485 2774 Christi
2530 2735 2749 2773 causam
2791 2722 3052 2773 adversus
3090 2720 3474 2773 Iconomachos
3512 2720 3832 2772 defenderit.

1796 2790 2003 2851 (Baron.
2035 2801 2123 2838 an.
2160 2789 2270 2843 821,
2297 2801 2352 2836 n.
2380 2789 2479 2842 55.)

542 2882 775 2947 Quanto
802 2897 913 2939 nos
947 2882 1205 2940 humiles
1234 2883 1428 2941 aﬂ'ecti
1472 2886 1759 2942 fuerimus
1791 2887 2012 2957 gaudio
2048 2902 2119 2942 ex

2236 2920 2239 2923 -
2298 2883 2501 2937 Ἠλίκον
2547 2884 2782 2956 ἧσθημεν
2822 2884 2870 2935 οἱ
2924 2887 3157 2935 ταπεινοὶ
3184 2890 3278 2943 τῆς
3307 2878 3400 2935 διὰ
3438 2889 3531 2934 τοῦ
3585 2882 3830 2956 γράμμα-

472 2970 915 3044 sapientissima
945 2988 1066 3046 qua
1096 2989 1205 3029 nos
1233 2990 1337 3046 per
1373 2974 1687 3047 epistolam
1721 2976 1949 3046 dignati
1979 2977 2119 3031 estis

472 3060 855 3132 allocutione,
897 3063 1232 3134 perspicere
1263 3069 1459 3136 potest
1499 3081 1781 3136 suprema
1816 3064 2122 3122 beatitudo

471 3155 703 3205 vestra:
731 3151 957 3222 quippe
982 3150 1087 3222 qui
1109 3152 1437 3224 apostolico
1462 3153 1652 3224 gradu
1679 3153 2124 3225 supereminen-

476 3244 581 3303 tes,
615 3243 670 3294 et
700 3238 896 3295 fratris
921 3240 1151 3295 Domini
1193 3256 1298 3312 per
1326 3242 1653 3313 legitimam
1686 3244 2123 3299 successionem

475 3342 798 3399 personam
852 3333 1139 3398 gerentes,
1170 3328 1262 3385 vel
1294 3330 1422 3386 solo
1466 3330 1648 3387 aﬁ‘atu
1680 3332 1975 3388 honorare
2016 3346 2126 3387 nos

476 3414 767 3485 inglorios
796 3417 1007 3473 merito
1046 3419 1328 3489 poteratis
1361 3435 1374 3474 :
1411 3420 1633 3475 nedum
1666 3426 1965 3476 tantarum
2006 3421 2129 3476 lau-

478 3503 627 3559 dum
660 3503 932 3574 fastigiis,
962 3522 998 3562 a
1026 3506 1246 3577 quibus
1286 3523 1394 3563 nos
1421 3513 1543 3564 tam
1590 3508 1767 3578 longe
1811 3508 2125 3574 absumus,

480 3597 545 3649 ut
571 3607 723 3663 pene
757 3593 1029 3651 arbitrari
1058 3611 1179 3651 non
1206 3596 1478 3652 ausimus
1510 3597 1586 3653 de
1612 3599 1785 3653 nobis
1816 3598 1972 3655 dicta
2002 3599 2130 3654 haec

481 3696 517 3738 a
544 3681 719 3737 vobis
748 3681 931 3738 fuisse
962 3704 973 3742 :
1006 3700 1076 3740 ac
1102 3700 1176 3741 ne
1202 3686 1377 3741 ullius
1399 3686 1643 3758 quidem
1672 3704 1744 3743 ex
1775 3688 1847 3742 iis
1880 3689 1981 3760 qui
2014 3687 2134 3742 for-

482 3770 612 3826 titer
637 3785 699 3825 se
730 3778 1041 3840 gesserunt
1067 3790 1199 3829 esse
1225 3774 1353 3831 haec
1382 3777 1676 3841 encomia,
1705 3776 1808 3832 sed
1841 3776 2136 3832 divinissi-

485 3858 569 3915 mi
614 3860 889 3917 antistitis
938 3863 1147 3929 nostri,
1202 3863 1263 3919 in
1317 3880 1498 3935 quem
1550 3867 1762 3922 merito
1821 3865 2137 3921 conveniat

482 3948 760 4022 qualibet
807 3951 1220 4025 cujuscunque
1249 3952 1610 4011 laudationis
1647 3956 1858 4011 oratio.
1894 3955 2004 4012 Sed
2033 3954 2137 4027 qui

487 4038 655 4094 aiiter
703 4040 998 4111 patefacta
1045 4040 1257 4097 fuisset
1294 4042 1630 4112 benignitas
1681 4050 1875 4100 vestra
1922 4044 2140 4099 divinas

489 4126 728 4193 aemula,
753 4127 865 4184 nisi
889 4130 1152 4201 paternis
1172 4130 1485 4187 affectibus
1510 4132 1820 4204 splendide
1839 4141 1989 4187 esset
2010 4149 2142 4205 pro-

2230 2993 2315 3036 τος
2358 2978 2627 3045 πανσόφου
2696 2973 2838 3045 ὐμῶν
2894 2977 3313 3047 προσφωνήσεως
3355 2971 3657 3043 ἠξιωμένοι,
3713 2990 3826 3024 συν·

2230 3068 2354 3138 ορᾷν
2404 3064 2628 3135 πάρεστι
2683 3070 2743 3133 τῇ
2800 3066 3060 3137 κορυφαίᾳ
3110 3063 3251 3132 ὑμῶν
3308 3065 3663 3133 μακαριότητι
3702 3077 3716 3091 ⁸
3755 3061 3823 3112 οἶ-

2230 3170 2289 3223 γε
2342 3158 2413 3221 τῷ
2472 3149 2800 3222 ἀποστολικῷ
2868 3148 3059 3223 βαθμῷ
3118 3150 3545 3224 ύπερανεστῶτες,
3623 3153 3714 3201 καὶ
3774 3150 3829 3200 τό

2230 3248 2320 3293 τοῦ
2346 3237 2655 3313 ἀδελφοθίου
2711 3237 2784 3292 δι’
2815 3238 3025 3311 ἐννόμου
3057 3234 3329 3311 διαδοχῆς
3378 3237 3648 3310 ἐπέχοντες
3673 3242 3834 3311 πρόσ-

2234 3349 2391 3395 ωπον,
2438 3334 2528 3381 καὶ
2582 3328 2709 3401 ψιλῇ
2763 3333 3057 3401 προσρήσει
3110 3334 3264 3399 τιμᾷν
3317 3330 3493 3401 ἔχοιτε
3543 3330 3666 3390 τοὺς
3713 3326 3836 3379 καθ’

2235 3422 2370 3491 ἡμᾶς
2424 3417 2764 3491 ἀγεράστους,
2814 3419 2950 3470 κατὰ
3007 3420 3065 3470 τό
3125 3416 3261 3479 εἰκός
3297 3432 3310 3446 ’
3380 3421 3451 3489 μὴ
3502 3418 3645 3488 ὅτιγε
3693 3414 3841 3474 τηλι-

2234 3512 2432 3561 κούτων
2485 3506 2700 3559 ἐπαίνων
2730 3506 3013 3579 ὑψώμασιν
3042 3525 3053 3535 ·
3106 3506 3173 3557 ὧν
3230 3508 3376 3578 ἡμεῖς
3422 3513 3670 3559 τοσοῦτον
3711 3504 3842 3558 ἀπο-

2238 3595 2437 3671 δέομεν,
2498 3600 2565 3659 ὡς
2620 3603 2809 3670 μικροῦ
2864 3592 2974 3648 δεῖν
3030 3592 3169 3668 μηδὲ
3225 3595 3417 3667 τολμᾷν
3464 3596 3666 3648 οἴεσθαι
3720 3597 3842 3666 περὶ

2239 3690 2384 3759 ἡμῶν
2440 3689 2523 3759 ὑφ’
2568 3688 2710 3759 ὑμῶν
2739 3692 2903 3738 ταῦτα
2945 3684 3189 3756 λελέχθαι
3222 3705 3235 3717 ·
3285 3683 3392 3736 ἀλλ’
3428 3680 3553 3737 οὐδε
3580 3702 3711 3745 τινος
3740 3690 3845 3735 τῶν

2242 3774 2500 3851 ἀνδρικῶν
2549 3773 2677 3830 εἶναι
2725 3778 2789 3827 τὰ
2838 3776 3069 3846 ἐγκώμια
3098 3790 3111 3804 ·
3156 3774 3315 3845 ἣγουν
3364 3780 3457 3825 τοῦ
3490 3773 3846 3825 θεσπεσιωτοί-

2240 3885 2331 3918 του
2384 3866 2529 3938 ἡμῶν
2562 3863 2932 3936 ἀρχιποίμενος
2962 3878 2974 3891 ·
3026 3861 3101 3934 ἐφ’
3201 3867 3299 3922 πᾶς
3337 3866 3427 3913 καὶ
3454 3863 3642 3921 παντὸς
3681 3862 3706 3912 ὁ
3746 3867 3848 3921 τῆς

2245 3953 2499 4026 εὐφημίας
2569 3954 2779 4013 εἰκότως
2838 3950 3115 4004 ἀνάπτοιτο
3180 3949 3350 4023 λόγος.
3418 3947 3578 4004 Ἀλλὰ
3626 3955 3734 4010 πῶς
3778 3948 3846 4000 .iv

2246 4042 2409 4105 ἄλλως
2452 4045 2509 4095 τό
2569 4045 2880 4114 θεομίμητον
2945 4042 3086 4112 ὐμῶν
3128 4043 3219 4091 καὶ
3283 4038 3689 4111 εὐσυμπάθητον
3747 4037 3847 4088 ὑπο

2247 4128 2465 4204 εδείχθη
2501 4153 2514 4165 ·
2574 4136 2645 4204 μὴ
2697 4132 2825 4201 οὐχὶ
2864 4136 2977 4191 ταῖς
3018 4134 3307 4201 Πατρικαίς
3354 4124 3627 4181 διαθέσεσι
3660 4127 3851 4199 θριαμ-

490 4216 616 4273 dita
646 4233 658 4271 :
693 4218 842 4273 sicut
880 4225 934 4275 et
965 4218 1103 4274 solis
1144 4219 1245 4275 lux
1276 4236 1596 4295 erumpens
1637 4222 1815 4278 radiis
1854 4222 2112 4278 diffundi

2249 4220 2550 4293 ϐευόμενον·
2604 4222 2674 4282 ὡς
2724 4222 2813 4271 καὶ
2876 4217 3024 4277 ἡλίου
3080 4217 3274 4289 ἔξαλμα
3327 4214 3508 4269 ἀκτῖσι
3559 4232 3850 4268 κατασπει-

492 4310 584 4361 tur
609 4305 637 4360 ?
664 4308 771 4372 Qui
809 4307 974 4363 aliter
1006 4308 1309 4364 unanimis
1349 4316 1405 4365 et
1440 4311 1793 4384 conspirans
1826 4313 2140 4367 nobiscum

488 4411 700 4450 sensus
732 4403 1187 4466 agnosceretur;
1222 4398 1337 4453 [ιιεὶ
1360 4399 1437 4454 ab
1478 4399 1547 4454 iis
1580 4406 2002 4465 secerneretur,
2039 4398 2141 4472 qui

492 4483 572 4540 ad
602 4484 997 4552 adversarios,
1039 4487 1488 4561 qualescunque
1523 4488 1602 4544 illi
1632 4489 1766 4554 sint,
1806 4494 2017 4561 sponte
2044 4489 2143 4544 de-

493 4572 816 4630 fecerunt?
851 4576 925 4630 De
967 4575 1211 4647 quibus,
1259 4578 1363 4633 etsi
1426 4579 1715 4634 audacius
1749 4579 1821 4633 sit
1865 4595 1901 4634 a
1945 4579 2139 4644 nobis,

493 4676 738 4734 asquum
770 4668 969 4719 tamen
1001 4669 1087 4720 est
1116 4665 1252 4731 dici,
1284 4667 1427 4739 quid
1457 4668 1696 4723 tandem
1723 4670 1746 4722 ?
1775 4668 1935 4741 quod
1984 4667 2144 4722 ebul-

495 4751 670 4808 liente
687 4752 928 4808 haeresis
950 4756 1360 4825 persecutione
1383 4756 1774 4811 conveniebat
1796 4756 2141 4812 sublimium

498 4840 733 4897 aedium
774 4842 1084 4910 antistites,
1118 4848 1404 4917 tanquam
1446 4845 1695 4917 Spiritus
1729 4846 2052 4916 adjutores,
2091 4852 2147 4901 et

498 4929 841 5002 apostolicis
878 4931 1343 4989 institutionibus
1375 4932 1605 5004 plenos,
1644 4933 1903 4989 fraterno
1944 4935 2146 4990 animo

499 5019 889 5085 commoveri,
921 5037 1170 5076 manum
1194 5037 1301 5093 pro
1323 5022 1565 5077 veritate
1595 5022 1959 5077 certantibus
1988 5038 2148 5078 com-

502 5108 787 5181 patiendo
812 5110 1130 5182 porrigere.
1155 5110 1377 5181 Siquid
1389 5110 1564 5176 enim,
1591 5111 1691 5180 ait,
1702 5112 1938 5181 patitur
1962 5128 2149 5167 unum

576 5278 623 5314 ⁸⁸
652 5276 865 5349 Ephes.
897 5292 946 5345 ν,
991 5280 1070 5333 t8.

2248 4317 2456 4384 ρόμενον
2496 4328 2508 4374 ;
2572 4316 2687 4370 Πῶς
2722 4305 2772 4361 δ’
2828 4309 2888 4360 ἄν
2943 4307 3123 4382 ἑτέρως
3164 4310 3222 4358 τὸ
3256 4305 3543 4378 σύμψυχον
3591 4306 3717 4377 ἡμῖν
3756 4296 3849 4355 καὶ

2250 4400 2549 4473 όμόγνωμον
2607 4396 2893 4471 ἐγνωρίσθη
2929 4413 2940 4425 ·
3027 4400 3097 4469 μὴ
3155 4394 3282 4467 οὐχὶ
3339 4397 3467 4468 πρὸς
3545 4397 3660 4455 τούς
3736 4398 3852 4454 τοῖς

2251 4491 2491 4549 ἐναντίοις
2544 4488 2712 4539 όποῖοί
2768 4505 2891 4539 ποτε
2942 4481 3077 4544 ἦσαν
3136 4483 3591 4556 αὐτομολήσαντας
3639 4478 3853 4555 διακρι-

2561 4576 2634 4649 ἐφ⁹
2683 4577 2760 4637 οἷς
2814 4575 2857 4629 εἰ
2908 4580 2997 4627 καὶ
3037 4574 3313 4647 τολμηρὸν,
3345 4575 3473 4647 πρὸς
3510 4573 3655 4644 ἡμῶν
3704 4570 3851 4642 ὅμως

2252 4662 2450 4718 ἔνδικόν
2480 4663 2593 4717 ἐστι
2623 4668 2777 4737 φάναι
2811 4682 2823 4694 °
2852 4666 2915 4721 Τί
2945 4671 3096 4716 τοῦτο
3126 4682 3143 4735 ς
3188 4664 3267 4716 ότι
3304 4669 3398 4724 τῆς
3449 4662 3693 4734 αἱρέσεως
3723 4655 3857 4711 διω-

2251 4762 2441 4815 κτικῶς
2498 4752 2963 4825 ἀναπαφλασάσης,
3045 4754 3208 4827 ἐχρῆν
3287 4754 3410 4813 τοὺς
3488 4758 3589 4802 τῶν
3636 4747 3857 4820 ὑψηλῶν

2256 4845 2443 4917 θρόνων
2495 4842 2728 4915 ἐξόχους,
2778 4846 2845 4905 ὡς
2898 4850 2988 4895 τοῦ
3040 4844 3338 4913 Πνεύματος
3389 4842 3728 4912 συμμάχους,
3760 4843 3857 4891 καὶ

2253 4940 2353 4985 τῶν
2406 4931 2760 4985 ἀποστολικῶν
2814 4933 3088 4990 ὑποθηκῶν
3150 4929 3412 5002 ίμπλέους,
3474 4928 3858 5001 συγκινηθήναι

2257 5017 2588 5094 φιλαδέλφως,
2616 5029 2777 5095 χεῖρα
2800 5019 2972 5095 ὀρέξαι
2999 5027 3107 5082 τοῖς
3137 5020 3263 5094 ὑπερ
3295 5018 3556 5078 ἀληθείαις
3586 5018 3858 5089 κάμνουσι

2263 5113 2738 5185 συμπαθοπρεπῶς.
2816 5112 2958 5163 Εἱτε
3021 5112 3162 5183 γὰρ,
3238 5113 3389 5181 φησι,

2248 4596 2453 4648 νόμενον
2487 4593 2501 4642 ;

3472 5108 3720 5179 πάσχει
3792 5105 3857 5158 ἓν

1150 5279 1196 5313 ⁵³
1228 5279 1269 5334 Ι.
1298 5277 1442 5333 Tim.
1478 5291 1557 5344 v1,
1602 5278 1684 5332 10.
1760 5278 1810 5314 ⁷ο
1843 5277 2013 5333 Hebr.
2048 5293 2170 5345 xui,
2202 5280 2253 5334 4.

2053 5402 2282 5459 ΝΟΤιΕ.

588 5533 697 5603 (t7)
729 5532 791 5587 In
818 5529 951 5587 cod.
987 5532 1129 5601 Reg.
1156 5526 1295 5605 ρλβ’.
