4036 6276
249 256 389 317 1397

1527 260 2040 319 EPISTOLARUM
2089 261 2223 322 LIB.
2264 263 2332 318 ΙΙ.

3462 261 3605 319 i398-

247 387 449 460 μέλος,
515 389 901 460 συμπάσχει
936 390 1142 441 πάντα
1180 390 1260 441 τά
1296 388 1449 461 μέλη
1486 408 1499 420 ⁸
1557 392 1683 441 εἴτε
1734 385 1832 441 δο-

1959 390 2290 456 membrum,
2325 390 2761 459 compatientur
2784 390 2983 446 omnia
3007 389 3269 446 membra
3287 406 3305 443 :
3330 388 3450 446 sive
3480 390 3604 458 glo-

249 477 519 541 ξοίζεται
556 480 615 529 ἔν
653 478 854 549 μέλος,
900 483 1258 551 συγχαίρει
1294 481 1499 531 πάντα
1532 482 1609 531 τὰ
1647 478 1834 551 μέλη·

248 566 475 638 κεφαλῆς
505 563 717 625 δηλαδὴ
749 570 912 628 οὔσης
930 575 1023 620 τοῦ
1053 567 1491 627 ἓκκλησιαστικοῦ
1517 568 1634 621 ὅλου
1667 573 1842 640 σῶμα·

249 674 331 715 τος
410 662 646 729 Χριστοῦ
748 663 841 709 τοῦ
924 656 1170 714 ἀληθινοῦ
1258 662 1450 731 Κυρίου
1529 662 1619 711 καὶ
1709 663 1841 711 Θεοῦ

250 764 416 816 ημων.

319 832 483 908 Ὀπερ
528 835 554 885 6
601 840 697 896 τῆς
739 836 941 897 Δύσεως
990 834 1336 895 ἀποστολικὸς
1381 840 1671 907 πεπραχὼς
1723 838 1844 889 ὅσον

249 926 437 989 ὤνησε,
490 927 541 975 τί
573 920 656 976 δεῖ
704 928 791 975 καὶ
814 922 975 995 λέγειν
1010 942 1023 991 ;
1053 923 1350 999 ἐπιρρώσας
1391 928 1479 996 μὲν
1516 928 1582 977 τὰ
1628 934 1726 977 τῶν
1767 925 1847 976 έν-

253 1016 540 1084 ισταμένων
576 1013 657 1063 ὅτι
687 1012 920 1084 μάλιστα
967 1018 1289 1085 φρονήματα.
1339 1017 1493 1086 Εἷπερ
1524 1019 1613 1067 καὶ
1646 1017 1847 1089 σμικρὰ

248 1102 384 1177 ῥοπὴ
438 1103 613 1163 σθένος
661 1100 888 1173 ἐμποιεῖν
941 1104 1085 1155 εἴωθε
1134 1111 1207 1173 τῷ
1258 1105 1524 1175 κάμνοντι,
1577 1103 1846 1179 ἐπιρραπί-

254 1209 347 1251 σας
372 1188 431 1243 δε
460 1198 530 1261 τῷ
571 1196 1029 1263 πνευματοκινήτῳ
1059 1191 1253 1264 ἐλεγμῷ
1291 1201 1387 1245 τῶν
1432 1192 1751 1246 ἀσεϐούντων
1782 1198 1848 1247 τὰ

252 1282 611 1352 φρυάγματα·
670 1280 730 1332 οὗ
798 1285 850 1333 τί
925 1280 985 1333 ἀν
1036 1285 1236 1353 γένοιτο
1310 1281 1839 1357 σωτηριωδέστερον;

252 1370 329 1431 οἷς
382 1365 442 1422 δε
497 1375 648 1422 τοῦτο
692 1376 853 1422 ποιεῖν
907 1368 1037 1439 ἰξόν,
1087 1370 1303 1423 οῦτίπου
1356 1377 1642 1437 ποιήσασι,
1701 1373 1845 1425 τούν-

255 1462 427 1511 αντίον
472 1454 553 1523 δε,
603 1457 697 1510 οὐκ
749 1460 860 1529 ἔχω
903 1458 1066 1531 λέγειν
1123 1461 1148 1511 6
1196 1459 1375 1524 τάλας,
1425 1457 1574 1513 αἰδοῖ
1613 1468 1704 1513 τοῦ
1756 1470 1847 1522 τῆς

253 1550 643 1621 μακαριότητος
689 1548 836 1619 ἡμῶν
885 1545 1126 1620 ἀγγέλου,
1180 1549 1301 1601 ὅσον
1352 1549 1413 1600 ἂν
1468 1553 1545 1608 εἴη
1601 1553 1659 1602 τὸ
1714 1570 1847 1602 κατ-

253 1641 519 1710 ηγόρημα.
581 1635 720 1691 Ἀλλ’
773 1636 938 1689 ἐκεῖνα
992 1641 1081 1710 μεν
1128 1642 1284 1713 πέρας
1337 1639 1557 1709 εἴληφεν,
1609 1640 1713 1691 οἷον
1757 1644 1846 1691 καὶ

253 1725 569 1788 έξήκουσται
597 1726 767 1778 ἅπασι
800 1743 812 1755 ·
849 1734 941 1778 τοῦ
990 1725 1190 1798 ἀγαθοῦ
1223 1734 1355 1781 Θεοῦ
1398 1729 1455 1779 ἐκ
1487 1724 1663 1780 ποδῶν
1698 1734 1847 1786 ποιή-

257 1833 443 1877 σαντος
496 1819 582 1868 τόν
630 1814 897 1888 ἀλιτήριον
931 1812 1214 1890 δράκοντα,
1256 1822 1345 1868 καί
1382 1836 1442 1887 γε
1482 1819 1684 1888 θανάτῳ
1717 1818 1851 1880 ἐξαι-

258 1909 354 1976 σίῳ
388 1910 478 1956 καὶ
517 1912 606 1966 τῆς
656 1904 987 1966 ἀποστασίας
1027 1902 1228 1977 ἐνδίκῳ.
1274 1906 1348 1958 Οὐ
1380 1910 1484 1976 μὴν
1514 1908 1577 1958 τὰ
1618 1911 1851 1980 παρόντα

254 1996 427 2055 καθὼς
464 1994 760 2046 ὑπετόπασέ
806 2013 934 2055 πως.
982 1992 1103 2046 Ὀτι
1132 1995 1157 2046 6
1212 1998 1300 2066 μὲν
1348 2001 1549 2067 χειμὼν
1593 1996 1850 2070 παρῆλθεν

255 2083 471 2136 οῦτίπου
521 2080 579 2136 δε
611 2086 668 2136 τὸ
706 2085 1020 2154 ποθούμενον
1064 2086 1153 2157 ἔαρ
1188 2102 1198 2113 ·
1234 2085 1264 2143 ἣ
1315 2086 1436 2137 ὅσον
1490 2086 1697 2157 αἰθρίαν
1736 2088 1853 2139 τινὰ

256 2173 584 2243 ὑπαυγάσαι,
634 2176 723 2224 καὶ
771 2168 929 2230 τήνδε
977 2168 1070 2224 διὰ
1126 2176 1181 2224 τό
1231 2174 1320 2225 ἀπ’
1374 2174 1496 2234 ἠοῦς
1534 2179 1698 2247 νέφος·
1733 2176 1851 2250 Ἀρ-

255 2269 361 2315 κεῖν
399 2263 498 2334 γὰρ
556 2263 786 2333 ἡγοῦμαι
819 2259 902 2313 ἐπὶ
946 2269 1038 2321 τῆς
1090 2261 1278 2322 εἰκόνος
1340 2261 1493 2315 έᾶσαι
1538 2265 1623 2315 τὸν
1677 2263 1846 2334 λόγον,

256 2355 388 2423 μήτε
441 2357 537 2412 τῆς
573 2351 715 2421 ὑμῶν
768 2349 1104 2421 μεγαλονοίας
1160 2347 1459 2423 ἓνδιομένης
1518 2353 1847 2422 μαθήσεωςο

254 2440 377 2511 μήτ’
410 2435 474 2491 αὖ
504 2445 597 2491 τοῦ
640 2446 825 2510 καιροῦ
874 2437 1240 2511 έπιτρέποντος
1293 2444 1448 2511 φαίην
1496 2437 1839 2513 εκδηλότερα.

256 2529 332 2581 Οὗ
363 2530 525 2603 χάριν
576 2532 665 2580 καὶ
707 2530 762 2580 αἱ
795 2529 926 2602 ἱεραὶ
957 2530 1099 2599 ὑμῶν
1127 2536 1329 2601 κεραῖαι
1372 2526 1690 2583 ἀνεπίδοτοι.
1738 2536 1849 2591 Πῶς

254 2619 355 2689 γὰρ
389 2616 450 2668 ἂν
496 2621 585 2669 καὶ
628 2613 973 2685 έπεδόθησαν,
1023 2618 1169 2688 ἡμῶν
1218 2625 1318 2669 τῶν
1358 2617 1567 2670 εὐτελῶν
1616 2615 1720 2671 ὧδέ
1747 2637 1849 2670 που

254 2706 562 2781 πορρωτέρω
613 2714 705 2758 τοῦ
760 2708 944 2768 ἄστεος
1009 2705 1431 2782 παρεῤῥιμμένων
1465 2723 1478 2737 ·
1537 2709 1710 2783 ὥσπερ
1760 2712 1849 2760 καὶ

254 2794 419 2847 ἄλλων
458 2793 663 2867 ἀλλαχῆ
707 2802 806 2847 τῶν
856 2790 1256 2867 δεδιωγμένων;
1309 2796 1411 2850 Καὶ
1453 2804 1578 2866 γοῦν
1626 2801 1713 2849 καὶ
1762 2795 1851 2848 λο-

254 2888 387 2955 γίαι,
430 2885 602 2958 ὥσπερ
653 2885 955 2954 εποθοῦμεν,
1008 2886 1152 2935 οῦπω
1197 2882 1423 2953 ἐγένοντο
1457 2900 1469 2915 ·
1501 2884 1631 2943 πλὴν
1684 2887 1714 2943 ἡ
1763 2904 1853 2956 γε-

254 2976 436 3042 νομένη
486 2973 551 3032 ὡς
598 2970 646 3023 ἰν
698 2992 769 3042 τῳ
819 2971 1140 3044 έμϐολιμαίῳ
1193 2978 1451 3044 πιττακίῳ
1505 2970 1801 3031 δεδήλωται
1832 2994 1848 3009 ο

1946 479 2145 534 riatur
2166 495 2349 534 unum
2388 479 2735 543 membrum,
2788 478 3165 549 congaudent
3194 478 3397 534 omnia
3427 492 3605 534 mem-

1951 568 2057 623 bra
2085 570 2131 603 ⁷¹
2160 584 2172 633 ;
2214 568 2358 640 quia
2386 568 2668 623 nimirum
2693 574 2873 639 caput
2902 572 2992 622 est
3020 567 3194 623 totius
3215 564 3606 622 ecclesiastici

1950 658 2215 727 corporis
2254 657 2537 722 Christus,
2599 671 2767 712 verus
2825 656 3113 712 Dominus
3168 671 3239 712 ac
3294 656 3449 711 Deus
3497 669 3603 711 no-

1952 751 2089 802 ster.

2024 835 2193 900 Quod
2244 835 2578 891 Occidentis
2619 834 2983 907 apostolicus
3011 849 3146 889 cum
3213 832 3605 905 prmstitisset,

1950 931 2246 997 quantum
2266 924 2570 994 profuerit,
2587 923 2731 995 quid
2748 924 2953 979 attinet
2968 923 3163 979 dicere
3183 920 3211 977 ?
3231 923 3450 995 partim
3476 921 3610 994 qui-

1952 1015 2090 1070 dem
2129 1013 2483 1070 certantium
2515 1018 2743 1068 mentes
2777 1027 3164 1084 summopere
3190 1010 3559 1067 conﬁrmans
3589 1026 3601 1064 :

1953 1103 2253 1173 siquidem
2292 1102 2574 1174 exiguum
2592 1106 2967 1157 momentum
3001 1101 3120 1156 vim
3150 1104 3207 1156 et
3236 1098 3608 1155 roburfessis

1952 1197 2006 1247 et
2034 1191 2446 1246 laborantibus
2476 1189 2697 1245 addere
2754 1189 2903 1245 solet
2945 1206 2956 1244 :
3013 1189 3229 1260 partim
3280 1188 3606 1259 impiorum

1951 1280 2222 1335 fremitus
2245 1296 2279 1335 a
2306 1279 2521 1351 Spiritu
2553 1280 2818 1350 profecta
2848 1278 3311 1350 reprehensione
3368 1290 3611 1347 compe-

1953 1384 2124 1424 scens
2166 1385 2180 1423 ε
2214 1384 2335 1440 quo
2372 1367 2519 1440 quid
2548 1366 2674 1423 ﬁeri
2717 1366 2909 1438 potuit
2962 1365 3285 1422 salutarius
3310 1365 3337 1419 ‘I
3392 1366 3612 1421 Contra

1953 1473 2094 1513 vero
2124 1458 2225 1529 qui
2258 1457 2417 1513 idem
2432 1457 2622 1512 facere
2651 1472 2789 1512 cum
2818 1460 3086 1526 possent,
3111 1453 3360 1510 minime
3386 1453 3613 1525 praesti-

1955 1552 2170 1612 terunt,
2198 1546 2392 1601 dicere
2425 1546 2602 1601 miser
2615 1560 2820 1601 vereor
2833 1549 3073 1616 propter
3085 1560 3159 1599 an
3169 1542 3282 1614 geli
3296 1541 3614 1599 beatitudi-

1953 1636 2047 1691 nis
2064 1640 2273 1690 vestrm
2300 1635 2952 1706 reverentiam,quanta
2968 1633 3077 1688 illis
3099 1633 3390 1688 debeatur
3410 1647 3611 1704 repre-

1878 1744 1920 1799 Β
1954 1726 2187 1782 hensio.
2218 1727 2433 1780 Verum
2464 1724 2590 1780 haec
2610 1725 2712 1788 ita,
2749 1731 3035 1779 utomnes
3063 1722 3399 1788 audierunt,
3423 1721 3610 1778 tinem

1955 1816 2312 1887 cepere,Deo
2325 1813 2486 1869 bono
2501 1812 2800 1868 funestum
2815 1811 3141 1867 draconem
3154 1811 3613 1877 exterminante,

1957 1903 2278 1975 etquidem
2307 1903 2488 1958 atroci
2524 1906 2709 1958 morte
2740 1907 2795 1956 et
2856 1902 3175 1973 apostasite
3225 1905 3615 1972 congruente.

1957 1996 2071 2049 Nec
2102 1998 2300 2048 tamen
2340 2007 2410 2047 eo
2449 1991 2577 2047 loco
2616 1996 2757 2045 sunt
2799 2005 3234 2061 usquequaque
3292 1989 3611 2060 praesentia

1957 2098 2079 2154 quo
2104 2082 2439 2153 suspicatus
2457 2096 2540 2134 es.
2565 2080 2860 2145 Quoniam
2883 2077 3332 2149 hiemsquidem
3360 2077 3610 2144 transiit,

1956 2171 2227 2227 nondum
2257 2168 2640 2232 tamenfadest
2666 2183 2767 2223 ver
2787 2166 3285 2239 exoptatum,‘.nisi
3312 2171 3613 2238 quatenus

1957 2260 2246 2315 serenitas
2279 2258 2560 2331 quaedam
2590 2256 2856 2327 aﬂ‘ulget,
2875 2262 2930 2312 et
2950 2256 3078 2312 haec
3103 2271 3211 2328 per
3236 2254 3516 2311 nebulum
3536 2253 3614 2311 ab

1956 2364 2191 2404 aurora.
2238 2346 2465 2405 Sufﬁcit
2485 2347 2667 2410 enim,
2695 2347 2929 2417 opinor,
2969 2344 3233 2415 imagine
3258 2342 3612 2400 adumbrari

1954 2439 2289 2494 orationem
2318 2452 2330 2491 :
2373 2438 2519 2508 quia
2542 2451 2653 2490 nec
2682 2435 2883 2490 doceri
2914 2451 3067 2506 opus
3098 2439 3191 2489 est
3230 2432 3613 2505 prudentiam

1954 2532 2234 2590 vestram,
2264 2540 2457 2598 neque
2473 2540 2602 2595 ego,
2636 2525 2722 2580 vel
2752 2525 2800 2579 si
2826 2529 3061 2596 tempus
3094 2523 3477 2595 permitteret,
3492 2520 3614 2579 cla-

1956 2617 2113 2672 riora
2134 2616 2412 2671 dicerem.
2439 2617 2582 2680 Qum
2613 2615 2789 2669 etiam
2824 2629 3007 2669 causa
3027 2612 3134 2668 fuit
3172 2628 3276 2667 cur
3303 2612 3455 2667 sacri
3490 2612 3615 2684 api-

1956 2721 2055 2762 ces
2088 2704 2259 2760 vestri
2311 2704 2653 2773 erogatioue
2701 2703 3094 2775 pecuniarum
3134 2701 3449 2757 caruerint.
3496 2698 3612 2765 Qui

1956 2796 2114 2851 enim
2146 2794 2309 2850 illam
2340 2794 2705 2864 accepissent
2735 2792 2958 2847 anobis
2992 2790 3394 2862 nulliuspretii
3421 2788 3616 2845 homi-

1958 2884 2134 2939 nibus
2155 2883 2257 2954 qui
2292 2883 2351 2937 in
2383 2882 2542 2937 hunc
2571 2881 2769 2936 locum
2801 2879 3104 2953 proculzab
3136 2880 3278 2934 urbe
3296 2878 3466 2950 ejecti
3507 2894 3615 2934 su-

1960 2988 2115 3036 mus,
2147 2971 2301 3026 sicut
2340 2976 2394 3025 et
2427 2970 2541 3025 alio
2589 2969 2685 3025 alii
2736 2985 2807 3024 ex
2851 2968 2923 3023 iis
2971 2968 3072 3039 qui
3124 2966 3609 3039 persecutionem

254 3067 353 3110 τῶν
410 3056 797 3126 έπιδωσοίντων,
849 3060 1107 3133 εἰληφέναι
1138 3061 1328 3131 μᾶλλον
1369 3062 1397 3120 ἡ
1449 3064 1703 3128 προέσθαι
1742 3064 1847 3134 χοί-

1960 3065 2096 3116 sunt
2122 3060 2279 3131 passi
2310 3060 2436 3117 ‘?Ita
2458 3074 2531 3114 ne
2545 3057 2804 3113 collectas
2830 3056 3074 3129 quidem
3089 3054 3611 3128 quemadmodum

897 3151 978 3201 ὅτι
1060 3149 1309 3212 ἠξίωνται
1389 3155 1656 3202 κοινωνίαν
1728 3154 1848 3203 τινὰ

256 3244 409 3309 σχεῖν
441 3236 487 3289 έν
515 3244 623 3301 τοῖς
671 3238 981 3310 ἁγιωτάτοις
1027 3243 1225 3302 τόποις,
1272 3238 1346 3311 ἐφ’
1375 3241 1452 3301 οἷς
1484 3244 1541 3291 τό
1589 3243 1725 3311 μέγα
1760 3248 1850 3302 τῆς

253 3325 513 3387 εὐσεϐείας
565 3325 876 3384 ἀπετελέσθη
935 3333 1247 3402 μυστήριον,
1300 3332 1430 3390 Θεὸς
1500 3327 1547 3379 ἐν
1599 3338 1670 3400 τῷ
1733 3331 1848 3382 καθ’

252 3417 388 3483 ἡμᾶς
414 3415 589 3487 ὀφθεὶς
615 3412 762 3469 εῖδει.

251 3167 334 3223 ριν
393 3148 779 3221 ὁμολογούντων
809 3165 820 3177 ·

1960 3148 2354 3220 cupiebamus
2382 3147 2952 3218 factmsunt,przeter
2978 3161 3110 3200 cam
3140 3144 3214 3199 de
3227 3160 3350 3216 qua
3375 3144 3433 3198 in
3449 3143 3614 3198 sche-

1960 3238 2038 3293 da
2066 3237 2271 3293 litteris
2304 3239 2522 3292 inserta
2549 3236 2876 3291 indicatum
2908 3240 3000 3289 est
3032 3250 3043 3289 ε
3107 3234 3179 3288 iis
3206 3234 3310 3305 qui
3349 3230 3612 3288 contule-

1959 3332 2115 3395 runt,
2159 3326 2465 3397 accepisse
2489 3326 2688 3396 potius
2703 3323 2954 3393 gratiam
2986 3338 3169 3395 quam
3185 3321 3421 3377 dedisse
3436 3321 3612 3394 proﬁc

1960 3416 2221 3473 tentibus
2250 3434 2267 3487 ;
2312 3414 2655 3486 quoddigni
2687 3413 2903 3469 fuerint
2932 3412 3035 3485 qui
3059 3410 3612 3468 sanctissimislocis

251 3506 789 3569 communicarent,
834 3505 892 3560 iu
919 3505 1141 3578 quibus
1170 3522 1459 3578 magnum
1494 3506 1724 3578 pietatis
1753 3507 2102 3579 mysterium
2134 3510 2439 3578 peractum
2494 3510 2604 3568 est,
2662 3507 2812 3559 Deus
2853 3504 2913 3558 in
2944 3502 3141 3574 specie
3169 3507 3373 3558 nostra
3429 3516 3616 3573 appa-

251 3610 412 3651 rens.

325 3737 393 3791 Ὠ
445 3745 537 3790 τοῦ
582 3737 917 3811 παναῤῥήτου
969 3739 1270 3802 θαύματοςῐ
1320 3738 1510 3807 Ὀνπερ
1565 3737 1850 3812 έγγεγραμ-

259 3832 404 3901 μένον
452 3825 545 3879 κάν
595 3834 656 3898 τῇ
707 3833 905 3899 Γραφῇ,
955 3824 1451 3899 πατροπαραδότως,
1498 3831 1616 3886 ἦτοι
1673 3829 1851 3885 θεοκη-

254 3921 473 3993 ρύκτως,
520 3917 690 3987 ἡμεῖς,
740 3914 929 3987 μᾶλλον
979 3912 1038 3967 δε
1086 3917 1115 3973 ἠ
1159 3915 1245 3967 ὑπ’
1285 3916 1517 3990 οὐρανόν,
1566 3915 1851 3988 ὁμολογοῦ-

255 4010 344 4079 μέν
391 4024 445 4057 τε
499 4009 589 4057 καὶ
645 4012 1055 4077 προσκυνοῦμεν,
1118 4004 1169 4067 ἐξ
1225 4005 1390 4066 αὐτῆς
1449 4002 1701 4077 βαλϐίδος
1758 4011 1848 4056 τοῦ

255 4096 613 4168 κηρύγματος.
646 4093 720 4145 Οὐ
756 4095 856 4165 γὰρ
888 4092 947 4144 ἀν
997 4093 1161 4156 ἄλλως
1209 4092 1547 4165 ὁμολογηθεῖν
1596 4097 1849 4165 Χριστός,

258 4187 325 4246 ὡς
374 4185 423 4236 οἱ
467 4188 861 4257 μακαριώτατοι
893 4179 1196 4251 διδάσκετε,
1229 4188 1479 4258 ἤρνηνται
1533 4180 1591 4235 δε
1622 4180 1848 4236 Ἰουδαῖ-

259 4282 364 4333 κῶς
417 4274 465 4325 οἱ
504 4269 808 4343 δυσώνυμοι
852 4272 1221 4344 Εἰκονομάχοι,
1278 4276 1347 4333 ὡς
1404 4274 1503 4325 ὑπὸ
1561 4275 1850 4344 πνεύματος

258 4369 485 4434 πονηροῦ
535 4360 903 4433 ἐνεργούμενοι.
951 4366 1045 4414 Καὶ
1097 4362 1149 4413 ὃν
1192 4369 1302 4423 ταῖς
1356 4362 1634 4414 θεοκλινέσι
1690 4382 1844 4434 προσ·

2032 3736 2075 3791 Ο
2108 3736 2403 3793 ineffabile
2444 3751 2688 3807 prorsus
2716 3734 3071 3790 miraculum
3098 3734 3110 3790 !
3154 3735 3337 3799 Quem
3365 3732 3610 3805 quidem

1959 3827 2138 3882 etiam
2172 3828 2401 3898 pictura
2432 3842 2806 3898 expressum,
2863 3831 3109 3896 paterna
3149 3823 3480 3879 traditione.
3507 3838 3611 3878 seu

1960 3917 2156 3987 potius
2186 3916 2389 3971 divina
2419 3930 2563 3970 voce
2595 3930 2725 3979 nos,
2760 3914 2847 3969 vel
2876 3911 3246 3984 potiusorbis
3280 3914 3610 3980 universus,

1959 4005 2315 4059 confitemur
2352 4011 2408 4059 et
2463 4005 2789 4059 adoramus
2843 4003 2921 4057 ab
2975 4003 3108 4070 ipso
3167 4000 3608 4073 praedicationis

1959 4094 2221 4149 exordio.
2266 4094 2441 4149 Aliter
2466 4094 2623 4148 enim
2652 4107 2770 4147 non
2805 4091 3225 4146 conﬁteremur
3268 4090 3603 4144 Christum:

1959 4182 2110 4237 sicut
2135 4198 2239 4237 vos
2262 4182 2594 4237 beatissimi
2609 4180 2854 4243 docetis,
2870 4185 3088 4250 negant
3113 4195 3253 4234 vero
3269 4180 3293 4234 J
3303 4177 3611 4233 udesorum

1960 4287 2125 4326 more
2173 4271 2553 4326 detestabiles
2606 4268 3011 4336 Iconomachi,
3044 4276 3330 4340 tanquam
3368 4284 3404 4322 a
3448 4265 3607 4321 malo

1960 4359 2169 4431 spiritu
2199 4360 2422 4427 agitati.
2458 4360 2643 4424 Quem
2686 4358 2885 4428 ipsum
2917 4363 2979 4413 tu
3011 4355 3437 4428 acceptissimis
3490 4354 3611 4411 Deo

258 4457 447 4522 ευχαῖς
515 4450 629 4502 ἱλεω
681 4456 979 4517 ποιήσειας,
1051 4450 1091 4503 ὦ
1146 4454 1257 4504 θεία
1312 4456 1401 4503 καὶ
1459 4454 1568 4523 ἱερὰ
1632 4452 1845 4523 κεφαλὴ,

1960 4449 2231 4520 precibus
2280 4446 2602 4519 propitium
2654 4446 2892 4509 reddas,
2920 4462 2955 4501 o
2988 4446 3257 4500 divinum
3287 4450 3343 4499 et
3372 4460 3609 4500 sacrum

257 4538 504 4613 ἐκτρέψαι
561 4543 652 4597 τὴν
705 4538 988 4592 λαοπλάνον
1039 4541 1261 4616 αἰρεσιν,
1304 4539 1501 4611 ἀνάψαι
1541 4538 1849 4615 ὀρθοδοξίας

258 4629 401 4687 ἣλίον
430 4645 441 4657 ’
496 4624 607 4681 εἶτα
634 4632 722 4680 καὶ
770 4630 910 4700 ἡμᾶς
959 4632 1075 4689 τοὺς
1113 4628 1162 4680 έν
1194 4633 1388 4690 τέκνοις
1444 4648 1539 4681 σου
1589 4630 1849 4690 τελοῦντας

258 4717 569 4790 ἐλαχίστους
648 4720 1116 4791 περιποιήσασθαι,
1178 4718 1448 4791 ἑπομένους
1530 4727 1601 4787 τῷ
1683 4739 1849 4791 μακα-

1530 4804 1660 4862 Εἶεν.
1720 4811 1849 4870 Τοὺς

259 4896 757 4968 έξυπηρετουμένους
804 4897 925 4967 ὑμῖν
980 4901 1208 4969 Πατέρας
1279 4902 1366 4949 καὶ
1419 4895 1641 4957 κλεινούς
1697 4894 1851 4950 ἀδελ-

1649 4992 1845 5040 Θεσσαο

1630 5076 1851 5129 πλεῖστα

258 5166 741 5239 προσαγορεύομεν,
805 5164 923 5215 Ἐπὶ
974 5166 1071 5236 γὰρ
1117 5172 1189 5235 τῷ
1248 5163 1379 5236 ἁγίῳ
1430 5183 1523 5216 σου
1567 5171 1847 5239 προσώπῳ,

258 5256 359 5327 πρὸ
411 5261 511 5305 τῶν
560 5248 737 5305 ποδῶν
785 5271 899 5317 σου,
933 5252 1122 5324 μᾶλλον
1153 5253 1496 5325 εὐλογηθῆναι
1543 5255 1716 5326 ἄμφω,
1761 5260 1849 5308 καὶ

266 5346 384 5397 ὅσοι
413 5351 512 5397 τῶν
552 5346 645 5394 σὺν
672 5343 818 5415 ἡμῖν,
859 5342 1014 5395 εἰπεῖν
1040 5338 1482 5416 πρεπωδέστερον.

258 4809 494 4880 ριωτάτῳ
565 4812 733 4882 Πατρὶ
810 4812 897 4858 καὶ
969 4807 1209 4879 ἀρχιερεῖ
1277 4810 1442 4880 ἡμῶν.

259 4990 385 5058 φούς
442 4988 607 5057 ἡμῶν,
675 4985 773 5057 ἐγώ
822 5004 877 5037 τε
928 4991 1016 5037 καὶ
1074 4988 1099 5037 6
1153 4985 1267 5057 ἐμὸς
1324 4982 1563 5058 ἀδελφὸς,

257 5075 469 5135 λονίκης
521 5076 547 5126 6
629 5076 1021 5146 θεοφιλέστατος
1094 5074 1538 5149 ἀρχιεπίσκοπος,

336 5545 379 5578 τί
416 5543 436 5595 l
464 5544 595 5600 Cor.
620 5557 716 5607 xu,
749 5544 838 5597 26.

1959 4543 2171 4608 caput:
2218 4542 2279 4591 ut
2312 4535 2512 4608 populi
2563 4534 2957 4591 seductricem
3001 4534 3279 4590 haeresim
3308 4533 3603 4605 proﬂiget,

1957 4625 2217 4697 ﬁdeique
2243 4624 2592 4680 orthodoxa;
2612 4625 2799 4679 solem
2821 4623 3113 4679 accendat
3146 4622 3391 4678 :deinde
3408 4626 3465 4677 et
3495 4639 3607 4678 nos

1958 4714 2061 4787 qui
2090 4714 2317 4769 minimi
2349 4713 2407 4768 in
2434 4713 2567 4768 ﬁliis
2601 4713 2712 4767 tuis
2744 4729 2976 4777 sumus,
3011 4712 3225 4776 foveat,
3276 4711 3608 4767 beatissimi

1960 4803 2141 4858 Patris
2171 4809 2221 4857 et
2250 4802 2520 4874 praesulis
2588 4801 2774 4857 nostri
2806 4801 3066 4871 vestigiis
3117 4800 3492 4856 inhaerentes.
3527 4801 3609 4856 Ita

1959 4893 2047 4946 sit.
2093 4895 2200 4947 Eos
2230 4892 2329 4964 qui
2358 4891 2694 4947 ministrant
2726 4890 2894 4946 vobis
2923 4896 3119 4962 patres
3180 4888 3611 4961 praeclarasque

1960 4979 2167 5037 fratres
2199 4986 2457 5045 nostros,
2494 4996 2604 5051 ego
2658 4985 2712 5035 et
2735 4980 2912 5035 frater
2970 4994 3137 5033 meus
3178 4976 3612 5034 Thessalonica

1959 5068 2440 5140 archiepiscopus
2466 5070 2582 5123 Deo
2608 5068 2996 5124 charissimus
3028 5065 3355 5137 plurimum
3389 5066 3611 5123 saluta-

1960 5175 2117 5213 mus.
2148 5158 2357 5213 Coram
2409 5163 2615 5213 sancta
2647 5157 2805 5212 enim
2856 5154 3008 5211 facie
3063 5162 3185 5219 tua,
3233 5160 3371 5209 ante
3429 5154 3613 5227 pedes

1961 5261 2112 5319 tuos,
2150 5254 2619 5311 benedictionem
2649 5256 2918 5325 accipere
2947 5270 3055 5308 nos
3088 5252 3305 5308 ambos
3337 5258 3393 5307 et
3432 5257 3608 5325 quot-

1962 5345 2432 5416 quotnobiscum
2463 5347 2623 5407 sunt,
2649 5342 2834 5398 multo
2864 5341 3320 5409 convenientius
3344 5340 3599 5398 dicatur.
