  <div class='ocr_page' id='page_1' title='image "/cluster/home/n/w/nwhite01/storage/ocr_20150623/99/mdp.39015005675577/705.png"; bbox 0 0 4036 6276; ppageno 0'>
   <div class='ocr_carea' id='block_1_1' title="bbox 471 254 613 314">
    <p class='ocr_par' dir='ltr' id='par_1_1' title="bbox 471 254 613 314">
     <span class='ocr_line' id='line_1_1' title="bbox 471 254 613 314; baseline 0 -2"><span class='ocrx_word' id='word_1_1' title='bbox 471 254 613 314; x_wconf 80' lang='grc'><strong>1399</strong></span> 
     </span>
    </p>
   </div>
   <div class='ocr_carea' id='block_1_2' title="bbox 752 378 1834 451">
    <p class='ocr_par' dir='ltr' id='par_1_2' title="bbox 752 378 1834 451">
     <span class='ocr_line' id='line_1_2' title="bbox 752 378 1834 451; baseline -0.003 -14"><span class='ocrx_word' id='word_1_2' title='bbox 752 380 953 437; x_wconf 84' lang='lat' dir='ltr'><strong>CXXII.</strong></span> <span class='ocrx_word' id='word_1_3' title='bbox 978 410 1046 422; x_wconf 93' lang='lat'><strong><em>—</em></strong></span> <span class='ocrx_word' id='word_1_4' title='bbox 1083 380 1384 439; x_wconf 86' lang='lat' dir='ltr'><strong>Theodoro</strong></span> <span class='ocrx_word' id='word_1_5' title='bbox 1417 378 1834 451; x_wconf 80' lang='lat' dir='ltr'><strong>hospitalario.</strong></span> 
     </span>
    </p>
   </div>
   <div class='ocr_carea' id='block_1_3' title="bbox 1743 249 2579 309">
    <p class='ocr_par' dir='ltr' id='par_1_3' title="bbox 1743 249 2579 309">
     <span class='ocr_line' id='line_1_3' title="bbox 1743 249 2579 309; baseline -0.006 0"><span class='ocrx_word' id='word_1_6' title='bbox 1743 252 1802 309; x_wconf 92' lang='lat' dir='ltr'><strong>S.</strong></span> <span class='ocrx_word' id='word_1_7' title='bbox 1843 251 2029 309; x_wconf 86' lang='grc' dir='ltr'><strong>ΤΗΕο</strong></span> <span class='ocrx_word' id='word_1_8' title='bbox 2039 250 2212 307; x_wconf 84' lang='lat' dir='ltr'><strong>DORI</strong></span> <span class='ocrx_word' id='word_1_9' title='bbox 2254 249 2579 306; x_wconf 70' lang='lat' dir='ltr'><strong>STUDlTE</strong></span> 
     </span>
    </p>
   </div>
   <div class='ocr_carea' id='block_1_4' title="bbox 3690 243 3846 304">
    <p class='ocr_par' dir='ltr' id='par_1_4' title="bbox 3690 243 3846 304">
     <span class='ocr_line' id='line_1_4' title="bbox 3690 243 3846 304; baseline 0.019 -4"><span class='ocrx_word' id='word_1_10' title='bbox 3690 243 3846 304; x_wconf 78' lang='grc'><strong>1400</strong></span> 
     </span>
    </p>
   </div>
   <div class='ocr_carea' id='block_1_5' title="bbox 2338 366 3719 447">
    <p class='ocr_par' dir='ltr' id='par_1_5' title="bbox 2338 366 3719 447">
     <span class='ocr_line' id='line_1_5' title="bbox 2338 366 3719 447; baseline -0.001 -17"><span class='ocrx_word' id='word_1_11' title='bbox 2338 375 2478 429; x_wconf 83' lang='lat' dir='ltr'><strong>PKB&#39;</strong></span> <span class='ocrx_word' id='word_1_12' title='bbox 2507 374 2640 447; x_wconf 86' lang='grc'>(18).</span> <span class='ocrx_word' id='word_1_13' title='bbox 2692 404 2754 414; x_wconf 85' lang='grc'><strong>-</strong></span> <span class='ocrx_word' id='word_1_14' title='bbox 2790 368 3100 447; x_wconf 76' lang='grc' dir='ltr'><strong>Θεοδώρῳ</strong></span> <span class='ocrx_word' id='word_1_15' title='bbox 3139 366 3486 444; x_wconf 83' lang='grc' dir='ltr'>ξενοδόχῳ.</span> <span class='ocrx_word' id='word_1_16' title='bbox 3517 369 3719 445; x_wconf 85' lang='grc' dir='ltr'>[χνη’.]</span> 
     </span>
    </p>
   </div>
   <div class='ocr_carea' id='block_1_6' title="bbox 1366 472 2922 542">
    <p class='ocr_par' dir='ltr' id='par_1_6' title="bbox 1366 472 2922 542">
     <span class='ocr_line' id='line_1_6' title="bbox 1366 472 2922 542; baseline -0.005 -14"><span class='ocrx_word' id='word_1_17' title='bbox 1366 478 1601 542; x_wconf 76' lang='lat' dir='ltr'><strong>Rogatus</strong></span> <span class='ocrx_word' id='word_1_18' title='bbox 1619 477 1973 541; x_wconf 67' lang='lat' dir='ltr'><strong>exponitqum</strong></span> <span class='ocrx_word' id='word_1_19' title='bbox 2006 475 2113 525; x_wconf 87' lang='lat' dir='ltr'><strong>sint</strong></span> <span class='ocrx_word' id='word_1_20' title='bbox 2142 474 2375 524; x_wconf 84' lang='lat' dir='ltr'><strong>hominis</strong></span> <span class='ocrx_word' id='word_1_21' title='bbox 2419 473 2703 524; x_wconf 89' lang='lat' dir='ltr'><strong>Christiani</strong></span> <span class='ocrx_word' id='word_1_22' title='bbox 2725 472 2922 522; x_wconf 78' lang='lat' dir='ltr'><strong>ofﬁcia.</strong></span> 
     </span>
    </p>
   </div>
   <div class='ocr_carea' id='block_1_7' title="bbox 537 565 2203 639">
    <p class='ocr_par' dir='ltr' id='par_1_7' title="bbox 537 565 2203 639">
     <span class='ocr_line' id='line_1_7' title="bbox 537 565 2203 639; baseline -0.001 -15"><span class='ocrx_word' id='word_1_23' title='bbox 537 570 622 624; x_wconf 90' lang='lat' dir='ltr'><strong>En</strong></span> <span class='ocrx_word' id='word_1_24' title='bbox 654 568 777 633; x_wconf 88' lang='lat' dir='ltr'><strong>tibi,</strong></span> <span class='ocrx_word' id='word_1_25' title='bbox 806 567 1070 634; x_wconf 87' lang='lat' dir='ltr'><strong>domine,</strong></span> <span class='ocrx_word' id='word_1_26' title='bbox 1104 567 1325 624; x_wconf 82' lang='lat' dir='ltr'><strong>litteras</strong></span> <span class='ocrx_word' id='word_1_27' title='bbox 1362 584 1516 639; x_wconf 90' lang='lat' dir='ltr'><strong>quas</strong></span> <span class='ocrx_word' id='word_1_28' title='bbox 1546 566 1723 639; x_wconf 81' lang='lat' dir='ltr'><strong>petis,</strong></span> <span class='ocrx_word' id='word_1_29' title='bbox 1782 571 1838 622; x_wconf 90' lang='lat' dir='ltr'><strong>et</strong></span> <span class='ocrx_word' id='word_1_30' title='bbox 1877 565 2123 622; x_wconf 86' lang='lat' dir='ltr'><strong>absolve</strong></span> <span class='ocrx_word' id='word_1_31' title='bbox 2156 567 2203 622; x_wconf 87' lang='lat' dir='ltr'><strong>A</strong></span> 
     </span>
    </p>
   </div>
   <div class='ocr_carea' id='block_1_8' title="bbox 462 655 2123 723">
    <p class='ocr_par' dir='ltr' id='par_1_8' title="bbox 462 655 2123 723">
     <span class='ocr_line' id='line_1_8' title="bbox 462 655 2123 723; baseline -0.003 -8"><span class='ocrx_word' id='word_1_32' title='bbox 462 672 577 715; x_wconf 87' lang='lat' dir='ltr'><strong>nos</strong></span> <span class='ocrx_word' id='word_1_33' title='bbox 609 656 687 713; x_wconf 90' lang='lat' dir='ltr'><strong>ab</strong></span> <span class='ocrx_word' id='word_1_34' title='bbox 714 656 1113 713; x_wconf 81' lang='lat' dir='ltr'><strong>accusatione.</strong></span> <span class='ocrx_word' id='word_1_35' title='bbox 1148 658 1262 713; x_wconf 88' lang='lat' dir='ltr'><strong>Cur</strong></span> <span class='ocrx_word' id='word_1_36' title='bbox 1316 672 1479 721; x_wconf 92' lang='lat' dir='ltr'><strong>vero,</strong></span> <span class='ocrx_word' id='word_1_37' title='bbox 1520 656 1703 723; x_wconf 86' lang='lat' dir='ltr'><strong>dices,</strong></span> <span class='ocrx_word' id='word_1_38' title='bbox 1732 671 1854 711; x_wconf 93' lang='lat' dir='ltr'><strong>non</strong></span> <span class='ocrx_word' id='word_1_39' title='bbox 1894 655 2065 710; x_wconf 89' lang='lat' dir='ltr'><strong>citius</strong></span> <span class='ocrx_word' id='word_1_40' title='bbox 2095 655 2123 710; x_wconf 79' lang='lat'><strong>?</strong></span> 
     </span>
    </p>
   </div>
   <div class='ocr_carea' id='block_1_9' title="bbox 465 742 2123 819">
    <p class='ocr_par' dir='ltr' id='par_1_9' title="bbox 465 742 2123 819">
     <span class='ocr_line' id='line_1_9' title="bbox 465 742 2123 819; baseline -0.001 -18"><span class='ocrx_word' id='word_1_41' title='bbox 465 746 617 813; x_wconf 85' lang='lat' dir='ltr'><strong>Quia</strong></span> <span class='ocrx_word' id='word_1_42' title='bbox 648 746 842 819; x_wconf 89' lang='lat' dir='ltr'><strong>pudor</strong></span> <span class='ocrx_word' id='word_1_43' title='bbox 868 745 1044 801; x_wconf 91' lang='lat' dir='ltr'><strong>nobis</strong></span> <span class='ocrx_word' id='word_1_44' title='bbox 1075 751 1219 813; x_wconf 90' lang='lat' dir='ltr'><strong>erat,</strong></span> <span class='ocrx_word' id='word_1_45' title='bbox 1261 746 1349 801; x_wconf 89' lang='lat' dir='ltr'><strong>vel</strong></span> <span class='ocrx_word' id='word_1_46' title='bbox 1373 744 1690 811; x_wconf 91' lang='lat' dir='ltr'><strong>hortando,</strong></span> <span class='ocrx_word' id='word_1_47' title='bbox 1722 744 1813 800; x_wconf 89' lang='lat' dir='ltr'><strong>vel</strong></span> <span class='ocrx_word' id='word_1_48' title='bbox 1850 742 2123 800; x_wconf 90' lang='lat' dir='ltr'><strong>docendo</strong></span> 
     </span>
    </p>
   </div>
   <div class='ocr_carea' id='block_1_10' title="bbox 462 833 2126 907">
    <p class='ocr_par' dir='ltr' id='par_1_10' title="bbox 462 833 2126 907">
     <span class='ocr_line' id='line_1_10' title="bbox 462 833 2126 907; baseline -0.002 -17"><span class='ocrx_word' id='word_1_49' title='bbox 462 835 857 893; x_wconf 80' lang='lat' dir='ltr'><strong>reverentiam</strong></span> <span class='ocrx_word' id='word_1_50' title='bbox 888 840 1050 891; x_wconf 91' lang='lat' dir='ltr'><strong>tuam</strong></span> <span class='ocrx_word' id='word_1_51' title='bbox 1081 835 1324 907; x_wconf 86' lang='lat' dir='ltr'><strong>alloqui.</strong></span> <span class='ocrx_word' id='word_1_52' title='bbox 1352 836 1421 889; x_wconf 95' lang='lat' dir='ltr'><strong>At</strong></span> <span class='ocrx_word' id='word_1_53' title='bbox 1478 835 1622 906; x_wconf 84' lang='lat' dir='ltr'><strong>quia</strong></span> <span class='ocrx_word' id='word_1_54' title='bbox 1651 833 1986 898; x_wconf 85' lang='lat' dir='ltr'><strong>desideras,</strong></span> <span class='ocrx_word' id='word_1_55' title='bbox 2031 847 2126 893; x_wconf 78' lang='lat' dir='ltr'><strong>ac,</strong></span> 
     </span>
    </p>
   </div>
   <div class='ocr_carea' id='block_1_11' title="bbox 466 922 2124 997">
    <p class='ocr_par' dir='ltr' id='par_1_11' title="bbox 466 922 2124 997">
     <span class='ocr_line' id='line_1_11' title="bbox 466 922 2124 997; baseline -0.002 -16"><span class='ocrx_word' id='word_1_56' title='bbox 466 924 619 997; x_wconf 87' lang='lat' dir='ltr'><strong>cipe,</strong></span> <span class='ocrx_word' id='word_1_57' title='bbox 647 924 1080 980; x_wconf 84' lang='lat' dir='ltr'><strong>amantissime.</strong></span> <span class='ocrx_word' id='word_1_58' title='bbox 1100 923 1254 980; x_wconf 86' lang='lat' dir='ltr'><strong>Nihil</strong></span> <span class='ocrx_word' id='word_1_59' title='bbox 1280 939 1423 993; x_wconf 90' lang='lat' dir='ltr'><strong>ergo</strong></span> <span class='ocrx_word' id='word_1_60' title='bbox 1452 922 1617 980; x_wconf 89' lang='lat' dir='ltr'><strong>aliud</strong></span> <span class='ocrx_word' id='word_1_61' title='bbox 1647 928 1923 978; x_wconf 89' lang='lat' dir='ltr'><strong>estverus</strong></span> <span class='ocrx_word' id='word_1_62' title='bbox 1937 922 2124 978; x_wconf 89' lang='lat' dir='ltr'><strong>Chris-</strong></span> 
     </span>
    </p>
   </div>
   <div class='ocr_carea' id='block_1_12' title="bbox 466 1010 2119 1085">
    <p class='ocr_par' dir='ltr' id='par_1_12' title="bbox 466 1010 2119 1085">
     <span class='ocr_line' id='line_1_12' title="bbox 466 1010 2119 1085; baseline 0.001 -16"><span class='ocrx_word' id='word_1_63' title='bbox 466 1013 883 1085; x_wconf 87' lang='lat' dir='ltr'><strong>tianus,quam</strong></span> <span class='ocrx_word' id='word_1_64' title='bbox 905 1013 1348 1068; x_wconf 85' lang='lat' dir='ltr'><strong>imitamentum</strong></span> <span class='ocrx_word' id='word_1_65' title='bbox 1372 1017 1428 1067; x_wconf 92' lang='lat' dir='ltr'><strong>et</strong></span> <span class='ocrx_word' id='word_1_66' title='bbox 1461 1011 1839 1082; x_wconf 81' lang='lat' dir='ltr'><strong>signaculum</strong></span> <span class='ocrx_word' id='word_1_67' title='bbox 1868 1010 2076 1067; x_wconf 86' lang='lat' dir='ltr'><strong>Christi</strong></span> <span class='ocrx_word' id='word_1_68' title='bbox 2106 1028 2119 1070; x_wconf 88' lang='lat'><strong>:</strong></span> 
     </span>
    </p>
   </div>
   <div class='ocr_carea' id='block_1_13' title="bbox 466 1098 2123 1170">
    <p class='ocr_par' dir='ltr' id='par_1_13' title="bbox 466 1098 2123 1170">
     <span class='ocr_line' id='line_1_13' title="bbox 466 1098 2123 1170; baseline -0.002 -11"><span class='ocrx_word' id='word_1_69' title='bbox 466 1118 605 1159; x_wconf 91' lang='lat' dir='ltr'><strong>cum</strong></span> <span class='ocrx_word' id='word_1_70' title='bbox 646 1101 726 1158; x_wconf 90' lang='lat' dir='ltr'><strong>illi</strong></span> <span class='ocrx_word' id='word_1_71' title='bbox 757 1101 1060 1158; x_wconf 86' lang='lat' dir='ltr'><strong>conciliari</strong></span> <span class='ocrx_word' id='word_1_72' title='bbox 1082 1101 1165 1158; x_wconf 90' lang='lat' dir='ltr'><strong>sic</strong></span> <span class='ocrx_word' id='word_1_73' title='bbox 1196 1100 1432 1168; x_wconf 86' lang='lat' dir='ltr'><strong>debeat,</strong></span> <span class='ocrx_word' id='word_1_74' title='bbox 1465 1106 1527 1157; x_wconf 92' lang='lat' dir='ltr'><strong>ut</strong></span> <span class='ocrx_word' id='word_1_75' title='bbox 1569 1100 1843 1157; x_wconf 90' lang='lat' dir='ltr'><strong>membra</strong></span> <span class='ocrx_word' id='word_1_76' title='bbox 1884 1098 2123 1170; x_wconf 84' lang='lat' dir='ltr'><strong>singula</strong></span> 
     </span>
    </p>
   </div>
   <div class='ocr_carea' id='block_1_14' title="bbox 466 1188 2120 1265">
    <p class='ocr_par' dir='ltr' id='par_1_14' title="bbox 466 1188 2120 1265">
     <span class='ocr_line' id='line_1_14' title="bbox 466 1188 2120 1265; baseline 0 -17"><span class='ocrx_word' id='word_1_77' title='bbox 466 1192 738 1264; x_wconf 87' lang='lat' dir='ltr'><strong>capiti,et</strong></span> <span class='ocrx_word' id='word_1_78' title='bbox 765 1191 999 1265; x_wconf 86' lang='lat' dir='ltr'><strong>palmes</strong></span> <span class='ocrx_word' id='word_1_79' title='bbox 1030 1191 1153 1247; x_wconf 90' lang='lat' dir='ltr'><strong>viti.</strong></span> <span class='ocrx_word' id='word_1_80' title='bbox 1186 1191 1471 1247; x_wconf 89' lang='lat' dir='ltr'><strong>Dominus</strong></span> <span class='ocrx_word' id='word_1_81' title='bbox 1499 1190 1723 1263; x_wconf 88' lang='lat' dir='ltr'><strong>quippe</strong></span> <span class='ocrx_word' id='word_1_82' title='bbox 1753 1191 1882 1262; x_wconf 91' lang='lat' dir='ltr'><strong>ipse</strong></span> <span class='ocrx_word' id='word_1_83' title='bbox 1922 1188 2070 1246; x_wconf 88' lang='lat' dir='ltr'><strong>dixit</strong></span> <span class='ocrx_word' id='word_1_84' title='bbox 2101 1205 2120 1248; x_wconf 89' lang='lat'><strong>:</strong></span> 
     </span>
    </p>
   </div>
   <div class='ocr_carea' id='block_1_15' title="bbox 465 1280 2122 1353">
    <p class='ocr_par' dir='ltr' id='par_1_15' title="bbox 465 1280 2122 1353">
     <span class='ocr_line' id='line_1_15' title="bbox 465 1280 2122 1353; baseline -0.001 -16"><span class='ocrx_word' id='word_1_85' title='bbox 465 1282 596 1353; x_wconf 83' lang='lat' dir='ltr'><strong>Ego</strong></span> <span class='ocrx_word' id='word_1_86' title='bbox 623 1296 752 1337; x_wconf 88' lang='lat' dir='ltr'><strong>sum</strong></span> <span class='ocrx_word' id='word_1_87' title='bbox 780 1280 931 1345; x_wconf 88' lang='lat' dir='ltr'><strong>vitis,</strong></span> <span class='ocrx_word' id='word_1_88' title='bbox 965 1282 1353 1351; x_wconf 83' lang='lat' dir='ltr'><strong>vospalmites</strong></span> <span class='ocrx_word' id='word_1_89' title='bbox 1371 1282 1513 1334; x_wconf 69' lang='grc' dir='ltr'>ποτε.</span> <span class='ocrx_word' id='word_1_90' title='bbox 1534 1283 1596 1336; x_wconf 87' lang='lat' dir='ltr'><strong>Et</strong></span> <span class='ocrx_word' id='word_1_91' title='bbox 1622 1296 1860 1336; x_wconf 88' lang='lat' dir='ltr'><strong>rursum</strong></span> <span class='ocrx_word' id='word_1_92' title='bbox 1875 1282 2122 1351; x_wconf 85' lang='lat' dir='ltr'><strong>Aposto-</strong></span> 
     </span>
    </p>
   </div>
   <div class='ocr_carea' id='block_1_16' title="bbox 464 1368 2120 1439">
    <p class='ocr_par' dir='ltr' id='par_1_16' title="bbox 464 1368 2120 1439">
     <span class='ocr_line' id='line_1_16' title="bbox 464 1368 2120 1439; baseline -0.002 -12"><span class='ocrx_word' id='word_1_93' title='bbox 464 1370 560 1427; x_wconf 89' lang='lat' dir='ltr'><strong>lus</strong></span> <span class='ocrx_word' id='word_1_94' title='bbox 604 1387 617 1425; x_wconf 91' lang='lat'>:</span> <span class='ocrx_word' id='word_1_95' title='bbox 656 1370 763 1426; x_wconf 88' lang='lat' dir='ltr'><strong>Vos</strong></span> <span class='ocrx_word' id='word_1_96' title='bbox 792 1369 922 1427; x_wconf 78' lang='lat' dir='ltr'><strong>estis</strong></span> <span class='ocrx_word' id='word_1_97' title='bbox 946 1386 1159 1439; x_wconf 83' lang='lat' dir='ltr'><strong>corpus</strong></span> <span class='ocrx_word' id='word_1_98' title='bbox 1190 1369 1428 1435; x_wconf 77' lang='lat' dir='ltr'><strong>Christi,</strong></span> <span class='ocrx_word' id='word_1_99' title='bbox 1461 1376 1515 1426; x_wconf 88' lang='lat' dir='ltr'><strong>et</strong></span> <span class='ocrx_word' id='word_1_100' title='bbox 1563 1368 1821 1426; x_wconf 88' lang='lat' dir='ltr'><strong>membra</strong></span> <span class='ocrx_word' id='word_1_101' title='bbox 1844 1368 1919 1425; x_wconf 86' lang='lat' dir='ltr'><strong>de</strong></span> <span class='ocrx_word' id='word_1_102' title='bbox 1950 1383 2120 1425; x_wconf 87' lang='lat' dir='ltr'><strong>mem-</strong></span> 
     </span>
    </p>
   </div>
   <div class='ocr_carea' id='block_1_17' title="bbox 466 1457 2120 1529">
    <p class='ocr_par' dir='ltr' id='par_1_17' title="bbox 466 1457 2120 1529">
     <span class='ocr_line' id='line_1_17' title="bbox 466 1457 2120 1529; baseline -0.002 -14"><span class='ocrx_word' id='word_1_103' title='bbox 466 1459 571 1515; x_wconf 82' lang='lat' dir='ltr'><strong>bro</strong></span> <span class='ocrx_word' id='word_1_104' title='bbox 600 1460 671 1511; x_wconf 75' lang='grc'><strong>⁷⁸.</strong></span> <span class='ocrx_word' id='word_1_105' title='bbox 692 1461 969 1515; x_wconf 85' lang='lat' dir='ltr'><strong>Fructum</strong></span> <span class='ocrx_word' id='word_1_106' title='bbox 999 1473 1139 1529; x_wconf 88' lang='lat' dir='ltr'><strong>ergo</strong></span> <span class='ocrx_word' id='word_1_107' title='bbox 1165 1458 1444 1529; x_wconf 82' lang='lat' dir='ltr'><strong>feremus,</strong></span> <span class='ocrx_word' id='word_1_108' title='bbox 1476 1458 1741 1527; x_wconf 90' lang='lat' dir='ltr'><strong>domine,</strong></span> <span class='ocrx_word' id='word_1_109' title='bbox 1774 1474 1917 1514; x_wconf 89' lang='lat' dir='ltr'><strong>uvas</strong></span> <span class='ocrx_word' id='word_1_110' title='bbox 1947 1457 2120 1512; x_wconf 91' lang='lat' dir='ltr'><strong>virtu-</strong></span> 
     </span>
    </p>
   </div>
   <div class='ocr_carea' id='block_1_18' title="bbox 469 1547 2115 1617">
    <p class='ocr_par' dir='ltr' id='par_1_18' title="bbox 469 1547 2115 1617">
     <span class='ocr_line' id='line_1_18' title="bbox 469 1547 2115 1617; baseline -0.002 -12"><span class='ocrx_word' id='word_1_111' title='bbox 469 1552 619 1617; x_wconf 87' lang='lat' dir='ltr'><strong>tum,</strong></span> <span class='ocrx_word' id='word_1_112' title='bbox 643 1552 701 1605; x_wconf 90' lang='lat' dir='ltr'><strong>et</strong></span> <span class='ocrx_word' id='word_1_113' title='bbox 728 1563 802 1604; x_wconf 92' lang='lat' dir='ltr'><strong>ne</strong></span> <span class='ocrx_word' id='word_1_114' title='bbox 824 1547 1175 1604; x_wconf 85' lang='lat' dir='ltr'><strong>infructuosi</strong></span> <span class='ocrx_word' id='word_1_115' title='bbox 1205 1549 1415 1604; x_wconf 91' lang='lat' dir='ltr'><strong>simus.</strong></span> <span class='ocrx_word' id='word_1_116' title='bbox 1448 1548 1540 1605; x_wconf 86' lang='lat' dir='ltr'><strong>Ait</strong></span> <span class='ocrx_word' id='word_1_117' title='bbox 1577 1547 1738 1603; x_wconf 90' lang='lat' dir='ltr'><strong>enim</strong></span> <span class='ocrx_word' id='word_1_118' title='bbox 1773 1547 2061 1603; x_wconf 88' lang='lat' dir='ltr'><strong>Dominus</strong></span> <span class='ocrx_word' id='word_1_119' title='bbox 2102 1562 2115 1601; x_wconf 87' lang='lat'><strong>:</strong></span> 
     </span>
    </p>
   </div>
   <div class='ocr_carea' id='block_1_19' title="bbox 473 1634 2121 1709">
    <p class='ocr_par' dir='ltr' id='par_1_19' title="bbox 473 1634 2121 1709">
     <span class='ocr_line' id='line_1_19' title="bbox 473 1634 2121 1709; baseline -0.002 -15"><span class='ocrx_word' id='word_1_120' title='bbox 473 1636 673 1694; x_wconf 86' lang='lat' dir='ltr'><strong>Omnis</strong></span> <span class='ocrx_word' id='word_1_121' title='bbox 692 1638 915 1709; x_wconf 84' lang='lat' dir='ltr'><strong>palmes</strong></span> <span class='ocrx_word' id='word_1_122' title='bbox 929 1636 1161 1709; x_wconf 85' lang='lat' dir='ltr'><strong>quinon</strong></span> <span class='ocrx_word' id='word_1_123' title='bbox 1183 1638 1341 1708; x_wconf 80' lang='lat' dir='ltr'><strong>facit</strong></span> <span class='ocrx_word' id='word_1_124' title='bbox 1368 1639 1637 1708; x_wconf 83' lang='lat' dir='ltr'><strong>fructum</strong></span> <span class='ocrx_word' id='word_1_125' title='bbox 1657 1634 2121 1701; x_wconf 74' lang='lat' dir='ltr'><strong>bonum,excidi-</strong></span> 
     </span>
    </p>
   </div>
   <div class='ocr_carea' id='block_1_20' title="bbox 471 1722 2115 1797">
    <p class='ocr_par' dir='ltr' id='par_1_20' title="bbox 471 1722 2115 1797">
     <span class='ocr_line' id='line_1_20' title="bbox 471 1722 2115 1797; baseline -0.003 -15"><span class='ocrx_word' id='word_1_126' title='bbox 471 1732 593 1792; x_wconf 84' lang='lat' dir='ltr'><strong>tur,</strong></span> <span class='ocrx_word' id='word_1_127' title='bbox 621 1732 676 1783; x_wconf 87' lang='lat' dir='ltr'><strong>et</strong></span> <span class='ocrx_word' id='word_1_128' title='bbox 701 1725 765 1781; x_wconf 85' lang='lat' dir='ltr'><strong>in</strong></span> <span class='ocrx_word' id='word_1_129' title='bbox 818 1725 1012 1795; x_wconf 86' lang='lat' dir='ltr'><strong>ignem</strong></span> <span class='ocrx_word' id='word_1_130' title='bbox 1065 1728 1331 1783; x_wconf 81' lang='lat' dir='ltr'><strong>mittitur</strong></span> <span class='ocrx_word' id='word_1_131' title='bbox 1381 1728 1454 1794; x_wconf 85' lang='grc'><strong>⁷⁷,</strong></span> <span class='ocrx_word' id='word_1_132' title='bbox 1504 1726 1793 1797; x_wconf 70' lang='lat' dir='ltr'><strong>gehennae</strong></span> <span class='ocrx_word' id='word_1_133' title='bbox 1826 1722 2115 1779; x_wconf 86' lang='lat' dir='ltr'><strong>videlicet.</strong></span> 
     </span>
    </p>
   </div>
   <div class='ocr_carea' id='block_1_21' title="bbox 473 1813 2120 1887">
    <p class='ocr_par' dir='ltr' id='par_1_21' title="bbox 473 1813 2120 1887">
     <span class='ocr_line' id='line_1_21' title="bbox 473 1813 2120 1887; baseline -0.004 -15"><span class='ocrx_word' id='word_1_134' title='bbox 473 1813 901 1872; x_wconf 85' lang='lat' dir='ltr'><strong>Formidabiles</strong></span> <span class='ocrx_word' id='word_1_135' title='bbox 927 1815 1121 1872; x_wconf 88' lang='lat' dir='ltr'><strong>minas</strong></span> <span class='ocrx_word' id='word_1_136' title='bbox 1151 1815 1647 1887; x_wconf 86' lang='lat' dir='ltr'><strong>pertimescamus</strong></span> <span class='ocrx_word' id='word_1_137' title='bbox 1692 1813 2120 1884; x_wconf 86' lang='lat' dir='ltr'><strong>:gloriticemus</strong></span> 
     </span>
    </p>
   </div>
   <div class='ocr_carea' id='block_1_22' title="bbox 2307 557 3843 633">
    <p class='ocr_par' dir='ltr' id='par_1_22' title="bbox 2307 557 3843 633">
     <span class='ocr_line' id='line_1_22' title="bbox 2307 557 3843 633; baseline -0.004 -16"><span class='ocrx_word' id='word_1_138' title='bbox 2307 560 2469 633; x_wconf 86' lang='grc' dir='ltr'>Ἰδοὺ,</span> <span class='ocrx_word' id='word_1_139' title='bbox 2525 560 2780 629; x_wconf 80' lang='grc' dir='ltr'><strong>δέσποτα,</strong></span> <span class='ocrx_word' id='word_1_140' title='bbox 2827 563 2884 613; x_wconf 87' lang='grc' dir='ltr'><strong>τό</strong></span> <span class='ocrx_word' id='word_1_141' title='bbox 2933 561 3154 633; x_wconf 84' lang='grc' dir='ltr'>γράμμα</span> <span class='ocrx_word' id='word_1_142' title='bbox 3196 558 3522 622; x_wconf 80' lang='grc' dir='ltr'>ἀπαιτοῦντι,</span> <span class='ocrx_word' id='word_1_143' title='bbox 3562 562 3652 611; x_wconf 83' lang='grc' dir='ltr'>καὶ</span> <span class='ocrx_word' id='word_1_144' title='bbox 3705 557 3843 611; x_wconf 65' lang='lat'><strong><em>61:6-</em></strong></span> 
     </span>
    </p>
   </div>
   <div class='ocr_carea' id='block_1_23' title="bbox 2232 645 3838 726">
    <p class='ocr_par' dir='ltr' id='par_1_23' title="bbox 2232 645 3838 726">
     <span class='ocr_line' id='line_1_23' title="bbox 2232 645 3838 726; baseline -0.003 -22"><span class='ocrx_word' id='word_1_145' title='bbox 2232 651 2388 705; x_wconf 88' lang='grc' dir='ltr'>λυσον</span> <span class='ocrx_word' id='word_1_146' title='bbox 2433 654 2573 726; x_wconf 80' lang='grc' dir='ltr'>ἡμᾶς</span> <span class='ocrx_word' id='word_1_147' title='bbox 2624 658 2718 713; x_wconf 79' lang='grc' dir='ltr'>τῆς</span> <span class='ocrx_word' id='word_1_148' title='bbox 2770 649 3072 722; x_wconf 83' lang='grc' dir='ltr'>ἐγκλὴσεως.</span> <span class='ocrx_word' id='word_1_149' title='bbox 3129 651 3223 702; x_wconf 86' lang='grc' dir='ltr'><strong>Διά</strong></span> <span class='ocrx_word' id='word_1_150' title='bbox 3268 652 3320 701; x_wconf 89' lang='grc' dir='ltr'><strong>τί</strong></span> <span class='ocrx_word' id='word_1_151' title='bbox 3385 645 3462 715; x_wconf 69' lang='grc' dir='ltr'>δί,</span> <span class='ocrx_word' id='word_1_152' title='bbox 3519 651 3693 720; x_wconf 86' lang='grc' dir='ltr'><strong>φαίηςΙ</strong></span> <span class='ocrx_word' id='word_1_153' title='bbox 3754 652 3838 720; x_wconf 72' lang='grc' dir='ltr'>μὴ</span> 
     </span>
    </p>
   </div>
   <div class='ocr_carea' id='block_1_24' title="bbox 2232 736 3837 814">
    <p class='ocr_par' dir='ltr' id='par_1_24' title="bbox 2232 736 3837 814">
     <span class='ocr_line' id='line_1_24' title="bbox 2232 736 3837 814; baseline -0.003 -20"><span class='ocrx_word' id='word_1_154' title='bbox 2232 744 2468 814; x_wconf 83' lang='grc' dir='ltr'>τάχιον;</span> <span class='ocrx_word' id='word_1_155' title='bbox 2524 740 2647 793; x_wconf 70' lang='grc' dir='ltr'>Ὀτι</span> <span class='ocrx_word' id='word_1_156' title='bbox 2722 736 3040 812; x_wconf 81' lang='grc' dir='ltr'>αἰδουμένως</span> <span class='ocrx_word' id='word_1_157' title='bbox 3119 741 3329 811; x_wconf 82' lang='grc' dir='ltr'>εἴχομεν</span> <span class='ocrx_word' id='word_1_158' title='bbox 3400 738 3709 800; x_wconf 85' lang='grc' dir='ltr'>νουθετικῶς</span> <span class='ocrx_word' id='word_1_159' title='bbox 3764 744 3837 809; x_wconf 73' lang='grc' dir='ltr'><strong>τῇ</strong></span> 
     </span>
    </p>
   </div>
   <div class='ocr_carea' id='block_1_25' title="bbox 2233 825 3839 904">
    <p class='ocr_par' dir='ltr' id='par_1_25' title="bbox 2233 825 3839 904">
     <span class='ocr_line' id='line_1_25' title="bbox 2233 825 3839 904; baseline -0.004 -20"><span class='ocrx_word' id='word_1_160' title='bbox 2233 835 2499 903; x_wconf 89' lang='grc' dir='ltr'>τιμιότητί</span> <span class='ocrx_word' id='word_1_161' title='bbox 2547 850 2640 883; x_wconf 91' lang='grc' dir='ltr'><strong>σου</strong></span> <span class='ocrx_word' id='word_1_162' title='bbox 2694 832 3000 904; x_wconf 73' lang='grc' dir='ltr'><strong>προσφέρειν</strong></span> <span class='ocrx_word' id='word_1_163' title='bbox 3054 830 3141 883; x_wconf 84' lang='grc' dir='ltr'>τὸν</span> <span class='ocrx_word' id='word_1_164' title='bbox 3182 827 3352 899; x_wconf 89' lang='grc' dir='ltr'>λόγον.</span> <span class='ocrx_word' id='word_1_165' title='bbox 3392 825 3539 881; x_wconf 69' lang='grc' dir='ltr'>Ἐπεὶ</span> <span class='ocrx_word' id='word_1_166' title='bbox 3584 828 3839 891; x_wconf 84' lang='grc' dir='ltr'>ποθοίης,</span> 
     </span>
    </p>
   </div>
   <div class='ocr_carea' id='block_1_26' title="bbox 2236 912 3845 992">
    <p class='ocr_par' dir='ltr' id='par_1_26' title="bbox 2236 912 3845 992">
     <span class='ocr_line' id='line_1_26' title="bbox 2236 912 3845 992; baseline -0.004 -19"><span class='ocrx_word' id='word_1_167' title='bbox 2236 917 2431 988; x_wconf 75' lang='grc' dir='ltr'>δέξαιο,</span> <span class='ocrx_word' id='word_1_168' title='bbox 2475 918 2914 992; x_wconf 85' lang='grc' dir='ltr'>προσφιλέστατε.</span> <span class='ocrx_word' id='word_1_169' title='bbox 2966 914 3133 971; x_wconf 72' lang='grc' dir='ltr'>Ούδεν</span> <span class='ocrx_word' id='word_1_170' title='bbox 3179 912 3267 970; x_wconf 83' lang='grc' dir='ltr'>οὖν</span> <span class='ocrx_word' id='word_1_171' title='bbox 3296 915 3417 969; x_wconf 78' lang='grc' dir='ltr'>ἄλλο</span> <span class='ocrx_word' id='word_1_172' title='bbox 3470 917 3609 969; x_wconf 75' lang='grc' dir='ltr'>ἓστὶν</span> <span class='ocrx_word' id='word_1_173' title='bbox 3649 917 3674 967; x_wconf 99' lang='lat'><strong>6</strong></span> <span class='ocrx_word' id='word_1_174' title='bbox 3707 913 3845 973; x_wconf 77' lang='grc' dir='ltr'>ἁλη-</span> 
     </span>
    </p>
   </div>
   <div class='ocr_carea' id='block_1_27' title="bbox 2236 1003 3841 1083">
    <p class='ocr_par' dir='ltr' id='par_1_27' title="bbox 2236 1003 3841 1083">
     <span class='ocr_line' id='line_1_27' title="bbox 2236 1003 3841 1083; baseline -0.004 -20"><span class='ocrx_word' id='word_1_175' title='bbox 2236 1012 2328 1073; x_wconf 81' lang='grc' dir='ltr'>θὴς</span> <span class='ocrx_word' id='word_1_176' title='bbox 2362 1011 2697 1083; x_wconf 82' lang='grc' dir='ltr'>Χριστιανὸς,</span> <span class='ocrx_word' id='word_1_177' title='bbox 2739 1010 2769 1068; x_wconf 82' lang='grc' dir='ltr'><strong>ἣ</strong></span> <span class='ocrx_word' id='word_1_178' title='bbox 2816 1014 3051 1081; x_wconf 79' lang='grc' dir='ltr'><strong>Χριστοῦ</strong></span> <span class='ocrx_word' id='word_1_179' title='bbox 3106 1011 3324 1080; x_wconf 89' lang='grc' dir='ltr'>μίμημα</span> <span class='ocrx_word' id='word_1_180' title='bbox 3373 1008 3462 1058; x_wconf 81' lang='grc' dir='ltr'>καὶ</span> <span class='ocrx_word' id='word_1_181' title='bbox 3504 1003 3841 1079; x_wconf 79' lang='grc' dir='ltr'>ἀποσφράγι-</span> 
     </span>
    </p>
   </div>
   <div class='ocr_carea' id='block_1_28' title="bbox 2234 1094 3843 1172">
    <p class='ocr_par' dir='ltr' id='par_1_28' title="bbox 2234 1094 3843 1172">
     <span class='ocr_line' id='line_1_28' title="bbox 2234 1094 3843 1172; baseline -0.004 -20"><span class='ocrx_word' id='word_1_182' title='bbox 2234 1118 2343 1172; x_wconf 90' lang='grc' dir='ltr'><strong>σμα</strong></span> <span class='ocrx_word' id='word_1_183' title='bbox 2375 1116 2388 1128; x_wconf 90' lang='grc'><strong>·</strong></span> <span class='ocrx_word' id='word_1_184' title='bbox 2441 1105 2691 1151; x_wconf 89' lang='grc' dir='ltr'>τοσοῦτον</span> <span class='ocrx_word' id='word_1_185' title='bbox 2736 1096 2948 1169; x_wconf 85' lang='grc' dir='ltr'>ὀφείλων</span> <span class='ocrx_word' id='word_1_186' title='bbox 3007 1096 3329 1149; x_wconf 77' lang='grc' dir='ltr'>οἰκειοῦσθαι</span> <span class='ocrx_word' id='word_1_187' title='bbox 3378 1094 3539 1161; x_wconf 75' lang='grc' dir='ltr'>αὑτῶ,</span> <span class='ocrx_word' id='word_1_188' title='bbox 3600 1096 3665 1155; x_wconf 83' lang='grc' dir='ltr'>ὡς</span> <span class='ocrx_word' id='word_1_189' title='bbox 3716 1094 3843 1165; x_wconf 77' lang='grc' dir='ltr'>ἔχει</span> 
     </span>
    </p>
   </div>
   <div class='ocr_carea' id='block_1_29' title="bbox 2231 1183 3840 1262">
    <p class='ocr_par' dir='ltr' id='par_1_29' title="bbox 2231 1183 3840 1262">
     <span class='ocr_line' id='line_1_29' title="bbox 2231 1183 3840 1262; baseline -0.004 -21"><span class='ocrx_word' id='word_1_190' title='bbox 2231 1187 2380 1262; x_wconf 84' lang='grc' dir='ltr'>μέλος</span> <span class='ocrx_word' id='word_1_191' title='bbox 2429 1188 2644 1241; x_wconf 82' lang='grc' dir='ltr'>ἕκαστον</span> <span class='ocrx_word' id='word_1_192' title='bbox 2702 1190 2834 1260; x_wconf 89' lang='grc' dir='ltr'>πρὸς</span> <span class='ocrx_word' id='word_1_193' title='bbox 2902 1185 3143 1259; x_wconf 76' lang='grc' dir='ltr'>κεφαλὴν,</span> <span class='ocrx_word' id='word_1_194' title='bbox 3194 1190 3286 1238; x_wconf 76' lang='grc' dir='ltr'>καὶ</span> <span class='ocrx_word' id='word_1_195' title='bbox 3341 1183 3517 1256; x_wconf 79' lang='grc' dir='ltr'>κλῆμα</span> <span class='ocrx_word' id='word_1_196' title='bbox 3558 1185 3684 1258; x_wconf 86' lang='grc' dir='ltr'>πρὸς</span> <span class='ocrx_word' id='word_1_197' title='bbox 3731 1183 3840 1255; x_wconf 72' lang='grc' dir='ltr'>εἱμ-</span> 
     </span>
    </p>
   </div>
   <div class='ocr_carea' id='block_1_30' title="bbox 2230 1272 3833 1351">
    <p class='ocr_par' dir='ltr' id='par_1_30' title="bbox 2230 1272 3833 1351">
     <span class='ocr_line' id='line_1_30' title="bbox 2230 1272 3833 1351; baseline -0.005 -20"><span class='ocrx_word' id='word_1_198' title='bbox 2230 1278 2397 1332; x_wconf 90' lang='grc' dir='ltr'>πελον.</span> <span class='ocrx_word' id='word_1_199' title='bbox 2459 1277 2623 1340; x_wconf 84' lang='grc' dir='ltr'>Δύτὸς</span> <span class='ocrx_word' id='word_1_200' title='bbox 2670 1278 2772 1350; x_wconf 83' lang='grc' dir='ltr'><strong>γὰρ</strong></span> <span class='ocrx_word' id='word_1_201' title='bbox 2826 1278 2853 1329; x_wconf 91' lang='lat'><strong>6</strong></span> <span class='ocrx_word' id='word_1_202' title='bbox 2896 1278 3087 1350; x_wconf 79' lang='grc' dir='ltr'>Κύριος</span> <span class='ocrx_word' id='word_1_203' title='bbox 3140 1277 3340 1351; x_wconf 83' lang='grc' dir='ltr'>εἴρηκεν</span> <span class='ocrx_word' id='word_1_204' title='bbox 3371 1290 3385 1303; x_wconf 79' lang='grc'><strong>⁸</strong></span> <span class='ocrx_word' id='word_1_205' title='bbox 3421 1273 3571 1346; x_wconf 82' lang='grc' dir='ltr'><strong>Ἐγώ</strong></span> <span class='ocrx_word' id='word_1_206' title='bbox 3618 1272 3758 1344; x_wconf 86' lang='grc' dir='ltr'>εἰμι</span> <span class='ocrx_word' id='word_1_207' title='bbox 3799 1273 3833 1330; x_wconf 77' lang='grc' dir='ltr'><strong>ἠ</strong></span> 
     </span>
    </p>
   </div>
   <div class='ocr_carea' id='block_1_31' title="bbox 2230 1361 3840 1440">
    <p class='ocr_par' dir='ltr' id='par_1_31' title="bbox 2230 1361 3840 1440">
     <span class='ocr_line' id='line_1_31' title="bbox 2230 1361 3840 1440; baseline -0.003 -20"><span class='ocrx_word' id='word_1_208' title='bbox 2230 1367 2530 1440; x_wconf 81' lang='grc' dir='ltr'><strong>ἄμπελος,</strong></span> <span class='ocrx_word' id='word_1_209' title='bbox 2570 1368 2749 1439; x_wconf 89' lang='grc' dir='ltr'>ύμεῖς</span> <span class='ocrx_word' id='word_1_210' title='bbox 2786 1369 2861 1419; x_wconf 84' lang='grc' dir='ltr'><strong>τὰ</strong></span> <span class='ocrx_word' id='word_1_211' title='bbox 2896 1365 3211 1437; x_wconf 81' lang='grc' dir='ltr'>κλήματα.</span> <span class='ocrx_word' id='word_1_212' title='bbox 3266 1367 3363 1418; x_wconf 77' lang='grc' dir='ltr'><strong>Καὶ</strong></span> <span class='ocrx_word' id='word_1_213' title='bbox 3418 1363 3568 1416; x_wconf 87' lang='grc' dir='ltr'>πάλιν</span> <span class='ocrx_word' id='word_1_214' title='bbox 3599 1362 3624 1414; x_wconf 89' lang='lat'><strong>6</strong></span> <span class='ocrx_word' id='word_1_215' title='bbox 3674 1361 3840 1416; x_wconf 81' lang='grc' dir='ltr'>Ἀπό-</span> 
     </span>
    </p>
   </div>
   <div class='ocr_carea' id='block_1_32' title="bbox 2233 1450 3834 1528">
    <p class='ocr_par' dir='ltr' id='par_1_32' title="bbox 2233 1450 3834 1528">
     <span class='ocr_line' id='line_1_32' title="bbox 2233 1450 3834 1528; baseline -0.005 -17"><span class='ocrx_word' id='word_1_216' title='bbox 2233 1456 2413 1519; x_wconf 88' lang='grc' dir='ltr'>στολος</span> <span class='ocrx_word' id='word_1_217' title='bbox 2446 1478 2458 1490; x_wconf 74' lang='grc' dir='ltr'><strong><em>ο</em></strong></span> <span class='ocrx_word' id='word_1_218' title='bbox 2489 1456 2699 1528; x_wconf 87' lang='grc' dir='ltr'>Ὑμεῖς</span> <span class='ocrx_word' id='word_1_219' title='bbox 2738 1458 2883 1509; x_wconf 72' lang='grc' dir='ltr'>ἕστε</span> <span class='ocrx_word' id='word_1_220' title='bbox 2948 1462 3132 1527; x_wconf 81' lang='grc' dir='ltr'>σῶμα</span> <span class='ocrx_word' id='word_1_221' title='bbox 3170 1458 3486 1524; x_wconf 80' lang='grc' dir='ltr'>Χριστοῦ,</span> <span class='ocrx_word' id='word_1_222' title='bbox 3526 1456 3635 1505; x_wconf 83' lang='grc' dir='ltr'>καὶ</span> <span class='ocrx_word' id='word_1_223' title='bbox 3668 1450 3834 1523; x_wconf 84' lang='grc' dir='ltr'>μέλη</span> 
     </span>
    </p>
   </div>
   <div class='ocr_carea' id='block_1_33' title="bbox 2230 1538 3838 1620">
    <p class='ocr_par' dir='ltr' id='par_1_33' title="bbox 2230 1538 3838 1620">
     <span class='ocr_line' id='line_1_33' title="bbox 2230 1538 3838 1620; baseline -0.004 -21"><span class='ocrx_word' id='word_1_224' title='bbox 2230 1545 2293 1599; x_wconf 75' lang='grc' dir='ltr'>ἐκ</span> <span class='ocrx_word' id='word_1_225' title='bbox 2331 1550 2442 1619; x_wconf 89' lang='grc' dir='ltr'><strong>μέρ</strong></span> <span class='ocrx_word' id='word_1_226' title='bbox 2456 1566 2524 1598; x_wconf 90' lang='grc' dir='ltr'><strong>ου</strong></span> <span class='ocrx_word' id='word_1_227' title='bbox 2544 1566 2582 1607; x_wconf 90' lang='grc' dir='ltr'><strong>ς.</strong></span> <span class='ocrx_word' id='word_1_228' title='bbox 2606 1549 3092 1620; x_wconf 79' lang='grc' dir='ltr'>Καρποφορήσωμεν</span> <span class='ocrx_word' id='word_1_229' title='bbox 3110 1539 3218 1609; x_wconf 85' lang='grc' dir='ltr'>οὖν,</span> <span class='ocrx_word' id='word_1_230' title='bbox 3243 1540 3283 1595; x_wconf 82' lang='grc' dir='ltr'>ὦ</span> <span class='ocrx_word' id='word_1_231' title='bbox 3314 1538 3567 1610; x_wconf 80' lang='grc' dir='ltr'>δέσποτα,</span> <span class='ocrx_word' id='word_1_232' title='bbox 3589 1544 3709 1603; x_wconf 81' lang='grc' dir='ltr'>τοὺς</span> <span class='ocrx_word' id='word_1_233' title='bbox 3728 1548 3838 1593; x_wconf 84' lang='grc' dir='ltr'>τῶν</span> 
     </span>
    </p>
   </div>
   <div class='ocr_carea' id='block_1_34' title="bbox 2231 1630 3836 1711">
    <p class='ocr_par' dir='ltr' id='par_1_34' title="bbox 2231 1630 3836 1711">
     <span class='ocr_line' id='line_1_34' title="bbox 2231 1630 3836 1711; baseline -0.002 -24"><span class='ocrx_word' id='word_1_234' title='bbox 2231 1635 2421 1711; x_wconf 78' lang='grc' dir='ltr'>ἀρετῶν</span> <span class='ocrx_word' id='word_1_235' title='bbox 2455 1632 2701 1710; x_wconf 85' lang='grc' dir='ltr'>βότρυας,</span> <span class='ocrx_word' id='word_1_236' title='bbox 2744 1637 2934 1707; x_wconf 80' lang='grc' dir='ltr'>καὶμὴ</span> <span class='ocrx_word' id='word_1_237' title='bbox 2982 1634 3212 1706; x_wconf 75' lang='grc' dir='ltr'>ἄκαρποι</span> <span class='ocrx_word' id='word_1_238' title='bbox 3258 1630 3409 1705; x_wconf 85' lang='grc' dir='ltr'>ὦμεν.</span> <span class='ocrx_word' id='word_1_239' title='bbox 3465 1635 3602 1690; x_wconf 76' lang='grc' dir='ltr'>Φησὶ</span> <span class='ocrx_word' id='word_1_240' title='bbox 3644 1632 3747 1703; x_wconf 76' lang='grc' dir='ltr'><strong>γὰρ</strong></span> <span class='ocrx_word' id='word_1_241' title='bbox 3807 1631 3836 1684; x_wconf 89' lang='lat'><strong>6</strong></span> 
     </span>
    </p>
   </div>
   <div class='ocr_carea' id='block_1_35' title="bbox 2233 1718 3834 1799">
    <p class='ocr_par' dir='ltr' id='par_1_35' title="bbox 2233 1718 3834 1799">
     <span class='ocr_line' id='line_1_35' title="bbox 2233 1718 3834 1799; baseline -0.005 -21"><span class='ocrx_word' id='word_1_242' title='bbox 2233 1728 2423 1799; x_wconf 80' lang='grc' dir='ltr'>Κύριος</span> <span class='ocrx_word' id='word_1_243' title='bbox 2453 1744 2466 1757; x_wconf 87' lang='grc'><strong>·</strong></span> <span class='ocrx_word' id='word_1_244' title='bbox 2493 1730 2619 1777; x_wconf 86' lang='grc' dir='ltr'>Πᾶν</span> <span class='ocrx_word' id='word_1_245' title='bbox 2657 1722 2870 1796; x_wconf 76' lang='grc' dir='ltr'>κλῆμα</span> <span class='ocrx_word' id='word_1_246' title='bbox 2909 1726 2990 1796; x_wconf 75' lang='grc' dir='ltr'>μὴ</span> <span class='ocrx_word' id='word_1_247' title='bbox 3054 1728 3281 1775; x_wconf 87' lang='grc' dir='ltr'>ποιοῦν</span> <span class='ocrx_word' id='word_1_248' title='bbox 3319 1723 3567 1795; x_wconf 86' lang='grc' dir='ltr'>καρπὸν</span> <span class='ocrx_word' id='word_1_249' title='bbox 3606 1718 3834 1785; x_wconf 86' lang='grc' dir='ltr'>καλὸν,</span> 
     </span>
    </p>
   </div>
   <div class='ocr_carea' id='block_1_36' title="bbox 2230 1808 3838 1885">
    <p class='ocr_par' dir='ltr' id='par_1_36' title="bbox 2230 1808 3838 1885">
     <span class='ocr_line' id='line_1_36' title="bbox 2230 1808 3838 1885; baseline -0.004 -18"><span class='ocrx_word' id='word_1_250' title='bbox 2230 1813 2639 1878; x_wconf 79' lang='grc' dir='ltr'>ἐκκόπτεται,</span> <span class='ocrx_word' id='word_1_251' title='bbox 2681 1816 2788 1866; x_wconf 83' lang='grc' dir='ltr'>καὶ</span> <span class='ocrx_word' id='word_1_252' title='bbox 2828 1812 2916 1875; x_wconf 87' lang='grc' dir='ltr'><strong>εἰς</strong></span> <span class='ocrx_word' id='word_1_253' title='bbox 2958 1819 3077 1883; x_wconf 90' lang='grc' dir='ltr'><strong>πῦρ</strong></span> <span class='ocrx_word' id='word_1_254' title='bbox 3120 1808 3452 1885; x_wconf 79' lang='grc' dir='ltr'>βάλλεται,</span> <span class='ocrx_word' id='word_1_255' title='bbox 3483 1812 3541 1862; x_wconf 89' lang='grc' dir='ltr'>τὸ</span> <span class='ocrx_word' id='word_1_256' title='bbox 3574 1817 3666 1871; x_wconf 81' lang='grc' dir='ltr'>τῆς</span> <span class='ocrx_word' id='word_1_257' title='bbox 3695 1812 3838 1881; x_wconf 79' lang='grc' dir='ltr'>γεέν-</span> 
     </span>
    </p>
   </div>
   <div class='ocr_carea' id='block_1_37' title="bbox 471 1894 2144 1977">
    <p class='ocr_par' dir='ltr' id='par_1_37' title="bbox 471 1903 2122 1976">
     <span class='ocr_line' id='line_1_37' title="bbox 471 1903 2122 1976; baseline -0.002 -16"><span class='ocrx_word' id='word_1_258' title='bbox 471 1905 662 1960; x_wconf 90' lang='lat' dir='ltr'><strong>Deum</strong></span> <span class='ocrx_word' id='word_1_259' title='bbox 685 1904 745 1960; x_wconf 90' lang='lat' dir='ltr'><strong>in</strong></span> <span class='ocrx_word' id='word_1_260' title='bbox 784 1919 1030 1976; x_wconf 88' lang='lat' dir='ltr'><strong>corpore</strong></span> <span class='ocrx_word' id='word_1_261' title='bbox 1069 1909 1276 1961; x_wconf 92' lang='lat' dir='ltr'><strong>nostro</strong></span> <span class='ocrx_word' id='word_1_262' title='bbox 1305 1909 1360 1960; x_wconf 90' lang='lat' dir='ltr'><strong>et</strong></span> <span class='ocrx_word' id='word_1_263' title='bbox 1385 1905 1446 1959; x_wconf 90' lang='lat' dir='ltr'><strong>in</strong></span> <span class='ocrx_word' id='word_1_264' title='bbox 1470 1903 1680 1976; x_wconf 84' lang='lat' dir='ltr'><strong>spiritu</strong></span> <span class='ocrx_word' id='word_1_265' title='bbox 1710 1907 1939 1959; x_wconf 90' lang='lat' dir='ltr'><strong>nostro.</strong></span> <span class='ocrx_word' id='word_1_266' title='bbox 1973 1903 2122 1957; x_wconf 73' lang='lat' dir='ltr'><strong>Prte—</strong></span> 
     </span>
    </p>
   </div>
   <div class='ocr_carea' id='block_1_38' title="bbox 2238 1894 3836 1977">
    <p class='ocr_par' dir='ltr' id='par_1_38' title="bbox 2238 1894 3836 1975">
     <span class='ocr_line' id='line_1_38' title="bbox 2238 1894 3836 1975; baseline -0.004 -20"><span class='ocrx_word' id='word_1_267' title='bbox 2238 1924 2323 1967; x_wconf 81' lang='grc' dir='ltr'><strong>νης</strong></span> <span class='ocrx_word' id='word_1_268' title='bbox 2352 1898 2588 1962; x_wconf 84' lang='grc' dir='ltr'>δηλαδή.</span> <span class='ocrx_word' id='word_1_269' title='bbox 2617 1900 2927 1975; x_wconf 75' lang='grc' dir='ltr'>Φοϐηθῶμεν</span> <span class='ocrx_word' id='word_1_270' title='bbox 2948 1906 3040 1960; x_wconf 76' lang='grc' dir='ltr'>τήν</span> <span class='ocrx_word' id='word_1_271' title='bbox 3063 1899 3280 1972; x_wconf 77' lang='grc' dir='ltr'>φοϐερὰν</span> <span class='ocrx_word' id='word_1_272' title='bbox 3311 1898 3527 1958; x_wconf 79' lang='grc' dir='ltr'>ἀπειλήν</span> <span class='ocrx_word' id='word_1_273' title='bbox 3545 1915 3557 1928; x_wconf 90' lang='grc'><strong>·</strong></span> <span class='ocrx_word' id='word_1_274' title='bbox 3594 1894 3836 1961; x_wconf 79' lang='grc' dir='ltr'>δοξάσω-</span> 
     </span>
    </p>
   </div>
   <div class='ocr_carea' id='block_1_39' title="bbox 473 1992 2118 2065">
    <p class='ocr_par' dir='ltr' id='par_1_39' title="bbox 473 1992 2118 2065">
     <span class='ocr_line' id='line_1_39' title="bbox 473 1992 2118 2065; baseline -0.002 -15"><span class='ocrx_word' id='word_1_275' title='bbox 473 1993 847 2065; x_wconf 88' lang='lat' dir='ltr'><strong>cipititerum</strong></span> <span class='ocrx_word' id='word_1_276' title='bbox 869 1992 1187 2064; x_wconf 88' lang='lat' dir='ltr'><strong>Apostolus</strong></span> <span class='ocrx_word' id='word_1_277' title='bbox 1214 2010 1228 2061; x_wconf 90' lang='lat'><strong>;</strong></span> <span class='ocrx_word' id='word_1_278' title='bbox 1259 1992 1389 2065; x_wconf 89' lang='lat' dir='ltr'><strong>ejus</strong></span> <span class='ocrx_word' id='word_1_279' title='bbox 1412 1993 1571 2049; x_wconf 89' lang='lat' dir='ltr'><strong>enim</strong></span> <span class='ocrx_word' id='word_1_280' title='bbox 1604 1992 1781 2048; x_wconf 89' lang='lat' dir='ltr'><strong>etiam</strong></span> <span class='ocrx_word' id='word_1_281' title='bbox 1799 1997 1938 2047; x_wconf 89' lang='lat' dir='ltr'><strong>sunt</strong></span> <span class='ocrx_word' id='word_1_282' title='bbox 1967 1992 2118 2047; x_wconf 90' lang='lat' dir='ltr'><strong>ista:</strong></span> 
     </span>
    </p>
   </div>
   <div class='ocr_carea' id='block_1_40' title="bbox 481 2081 2123 2153">
    <p class='ocr_par' dir='ltr' id='par_1_40' title="bbox 481 2081 2123 2153">
     <span class='ocr_line' id='line_1_40' title="bbox 481 2081 2123 2153; baseline -0.001 -14"><span class='ocrx_word' id='word_1_283' title='bbox 481 2083 711 2140; x_wconf 83' lang='lat' dir='ltr'><strong>Tollens</strong></span> <span class='ocrx_word' id='word_1_284' title='bbox 736 2097 874 2153; x_wconf 90' lang='lat' dir='ltr'><strong>ergo</strong></span> <span class='ocrx_word' id='word_1_285' title='bbox 889 2097 1035 2138; x_wconf 88' lang='lat' dir='ltr'><strong>mem</strong></span> <span class='ocrx_word' id='word_1_286' title='bbox 1044 2081 1151 2138; x_wconf 85' lang='lat' dir='ltr'><strong>bra</strong></span> <span class='ocrx_word' id='word_1_287' title='bbox 1165 2082 1408 2148; x_wconf 81' lang='lat' dir='ltr'><strong>Christi,</strong></span> <span class='ocrx_word' id='word_1_288' title='bbox 1421 2082 1647 2152; x_wconf 85' lang='lat' dir='ltr'><strong>faciam</strong></span> <span class='ocrx_word' id='word_1_289' title='bbox 1666 2082 1929 2138; x_wconf 89' lang='lat' dir='ltr'><strong>membra</strong></span> <span class='ocrx_word' id='word_1_290' title='bbox 1944 2096 2123 2137; x_wconf 87' lang='lat' dir='ltr'><strong>mere-</strong></span> 
     </span>
    </p>
   </div>
   <div class='ocr_carea' id='block_1_41' title="bbox 476 2171 2125 2239">
    <p class='ocr_par' dir='ltr' id='par_1_41' title="bbox 476 2171 2125 2239">
     <span class='ocr_line' id='line_1_41' title="bbox 476 2171 2125 2239; baseline -0.002 -10"><span class='ocrx_word' id='word_1_291' title='bbox 476 2172 691 2239; x_wconf 67' lang='lat' dir='ltr'><strong>tricis}?</strong></span> <span class='ocrx_word' id='word_1_292' title='bbox 719 2172 883 2228; x_wconf 82' lang='lat' dir='ltr'><strong>Absit</strong></span> <span class='ocrx_word' id='word_1_293' title='bbox 902 2173 952 2207; x_wconf 80' lang='grc'><strong>⁷⁸</strong></span> <span class='ocrx_word' id='word_1_294' title='bbox 982 2171 995 2227; x_wconf 90' lang='lat'><strong>!</strong></span> <span class='ocrx_word' id='word_1_295' title='bbox 1033 2172 1123 2228; x_wconf 93' lang='lat' dir='ltr'><strong>Sic</strong></span> <span class='ocrx_word' id='word_1_296' title='bbox 1152 2171 1561 2228; x_wconf 88' lang='lat' dir='ltr'><strong>observemus.</strong></span> <span class='ocrx_word' id='word_1_297' title='bbox 1591 2172 1873 2227; x_wconf 87' lang='lat' dir='ltr'><strong>Amemus</strong></span> <span class='ocrx_word' id='word_1_298' title='bbox 1910 2185 2125 2226; x_wconf 83' lang='lat' dir='ltr'><strong>uxores</strong></span> 
     </span>
    </p>
   </div>
   <div class='ocr_carea' id='block_1_42' title="bbox 474 2261 2125 2334">
    <p class='ocr_par' dir='ltr' id='par_1_42' title="bbox 474 2261 2125 2334">
     <span class='ocr_line' id='line_1_42' title="bbox 474 2261 2125 2334; baseline -0.002 -16"><span class='ocrx_word' id='word_1_299' title='bbox 474 2268 680 2319; x_wconf 90' lang='lat' dir='ltr'><strong>nostra</strong></span> <span class='ocrx_word' id='word_1_300' title='bbox 700 2262 851 2318; x_wconf 88' lang='lat' dir='ltr'><strong>sicut</strong></span> <span class='ocrx_word' id='word_1_301' title='bbox 869 2276 1124 2334; x_wconf 89' lang='lat' dir='ltr'><strong>corpora</strong></span> <span class='ocrx_word' id='word_1_302' title='bbox 1149 2266 1356 2318; x_wconf 87' lang='lat' dir='ltr'><strong>nostra</strong></span> <span class='ocrx_word' id='word_1_303' title='bbox 1388 2277 1401 2328; x_wconf 93' lang='lat'><strong>;</strong></span> <span class='ocrx_word' id='word_1_304' title='bbox 1436 2266 1491 2317; x_wconf 89' lang='lat' dir='ltr'><strong>et</strong></span> <span class='ocrx_word' id='word_1_305' title='bbox 1533 2261 1840 2333; x_wconf 87' lang='lat' dir='ltr'><strong>impudica</strong></span> <span class='ocrx_word' id='word_1_306' title='bbox 1871 2274 2125 2331; x_wconf 90' lang='lat' dir='ltr'><strong>corpora</strong></span> 
     </span>
    </p>
   </div>
   <div class='ocr_carea' id='block_1_43' title="bbox 473 2350 2126 2423">
    <p class='ocr_par' dir='ltr' id='par_1_43' title="bbox 473 2350 2126 2423">
     <span class='ocr_line' id='line_1_43' title="bbox 473 2350 2126 2423; baseline -0.002 -15"><span class='ocrx_word' id='word_1_307' title='bbox 473 2366 597 2408; x_wconf 92' lang='lat' dir='ltr'><strong>non</strong></span> <span class='ocrx_word' id='word_1_308' title='bbox 609 2350 973 2408; x_wconf 86' lang='lat' dir='ltr'><strong>amabimus.</strong></span> <span class='ocrx_word' id='word_1_309' title='bbox 996 2351 1178 2419; x_wconf 70' lang='lat' dir='ltr'><strong>Uxor,</strong></span> <span class='ocrx_word' id='word_1_310' title='bbox 1206 2350 1417 2423; x_wconf 90' lang='lat' dir='ltr'><strong>inquit,</strong></span> <span class='ocrx_word' id='word_1_311' title='bbox 1432 2366 1628 2406; x_wconf 81' lang='lat' dir='ltr'><strong>verum</strong></span> <span class='ocrx_word' id='word_1_312' title='bbox 1642 2351 1841 2408; x_wconf 86' lang='lat' dir='ltr'><strong>timeat</strong></span> <span class='ocrx_word' id='word_1_313' title='bbox 1869 2351 2126 2405; x_wconf 72' lang='lat' dir='ltr'><strong>79.Amo-</strong></span> 
     </span>
    </p>
   </div>
   <div class='ocr_carea' id='block_1_44' title="bbox 474 2437 2124 2506">
    <p class='ocr_par' dir='ltr' id='par_1_44' title="bbox 474 2437 2124 2506">
     <span class='ocr_line' id='line_1_44' title="bbox 474 2437 2124 2506; baseline 0 -9"><span class='ocrx_word' id='word_1_314' title='bbox 474 2440 524 2497; x_wconf 89' lang='lat' dir='ltr'><strong>ri</strong></span> <span class='ocrx_word' id='word_1_315' title='bbox 553 2440 713 2496; x_wconf 89' lang='lat' dir='ltr'><strong>enim</strong></span> <span class='ocrx_word' id='word_1_316' title='bbox 741 2444 964 2495; x_wconf 88' lang='lat' dir='ltr'><strong>metum</strong></span> <span class='ocrx_word' id='word_1_317' title='bbox 984 2440 1502 2506; x_wconf 87' lang='lat' dir='ltr'><strong>miscens,rectam</strong></span> <span class='ocrx_word' id='word_1_318' title='bbox 1535 2439 1718 2496; x_wconf 89' lang='lat' dir='ltr'><strong>vitam</strong></span> <span class='ocrx_word' id='word_1_319' title='bbox 1733 2438 1929 2495; x_wconf 87' lang='lat' dir='ltr'><strong>ducet.</strong></span> <span class='ocrx_word' id='word_1_320' title='bbox 1960 2437 2124 2498; x_wconf 82' lang='lat' dir='ltr'><strong>Filii.</strong></span> 
     </span>
    </p>
   </div>
   <div class='ocr_carea' id='block_1_45' title="bbox 476 2528 2125 2597">
    <p class='ocr_par' dir='ltr' id='par_1_45' title="bbox 476 2528 2125 2597">
     <span class='ocr_line' id='line_1_45' title="bbox 476 2528 2125 2597; baseline -0.002 -12"><span class='ocrx_word' id='word_1_321' title='bbox 476 2529 705 2586; x_wconf 86' lang='lat' dir='ltr'><strong>obedite</strong></span> <span class='ocrx_word' id='word_1_322' title='bbox 716 2528 1086 2597; x_wconf 82' lang='lat' dir='ltr'><strong>parentibus,</strong></span> <span class='ocrx_word' id='word_1_323' title='bbox 1119 2533 1173 2585; x_wconf 91' lang='lat' dir='ltr'><strong>et</strong></span> <span class='ocrx_word' id='word_1_324' title='bbox 1202 2545 1445 2584; x_wconf 86' lang='lat' dir='ltr'><strong>rursum</strong></span> <span class='ocrx_word' id='word_1_325' title='bbox 1463 2528 1602 2584; x_wconf 88' lang='lat' dir='ltr'><strong>dicit</strong></span> <span class='ocrx_word' id='word_1_326' title='bbox 1628 2529 1697 2581; x_wconf 79' lang='grc' dir='ltr'><strong>⁸ο.</strong></span> <span class='ocrx_word' id='word_1_327' title='bbox 1720 2529 1945 2583; x_wconf 88' lang='lat' dir='ltr'><strong>Justem</strong></span> <span class='ocrx_word' id='word_1_328' title='bbox 1967 2528 2125 2582; x_wconf 91' lang='lat' dir='ltr'><strong>enim</strong></span> 
     </span>
    </p>
   </div>
   <div class='ocr_carea' id='block_1_46' title="bbox 476 2616 2123 2689">
    <p class='ocr_par' dir='ltr' id='par_1_46' title="bbox 476 2616 2123 2689">
     <span class='ocr_line' id='line_1_46' title="bbox 476 2616 2123 2689; baseline -0.003 -14"><span class='ocrx_word' id='word_1_329' title='bbox 476 2623 563 2675; x_wconf 89' lang='lat' dir='ltr'><strong>est</strong></span> <span class='ocrx_word' id='word_1_330' title='bbox 602 2623 880 2689; x_wconf 88' lang='lat' dir='ltr'><strong>parentes</strong></span> <span class='ocrx_word' id='word_1_331' title='bbox 901 2617 1187 2674; x_wconf 91' lang='lat' dir='ltr'><strong>honorari</strong></span> <span class='ocrx_word' id='word_1_332' title='bbox 1212 2623 1266 2674; x_wconf 89' lang='lat' dir='ltr'><strong>et</strong></span> <span class='ocrx_word' id='word_1_333' title='bbox 1288 2618 1348 2674; x_wconf 93' lang='lat' dir='ltr'><strong>in</strong></span> <span class='ocrx_word' id='word_1_334' title='bbox 1366 2617 1528 2674; x_wconf 88' lang='lat' dir='ltr'><strong>senio</strong></span> <span class='ocrx_word' id='word_1_335' title='bbox 1556 2617 1878 2673; x_wconf 87' lang='lat' dir='ltr'><strong>sustentari</strong></span> <span class='ocrx_word' id='word_1_336' title='bbox 1906 2633 1942 2672; x_wconf 93' lang='lat' dir='ltr'><strong>a</strong></span> <span class='ocrx_word' id='word_1_337' title='bbox 1970 2616 2123 2671; x_wconf 87' lang='lat' dir='ltr'><strong>ﬁliis.</strong></span> 
     </span>
    </p>
   </div>
   <div class='ocr_carea' id='block_1_47' title="bbox 476 2705 2124 2778">
    <p class='ocr_par' dir='ltr' id='par_1_47' title="bbox 476 2705 2124 2778">
     <span class='ocr_line' id='line_1_47' title="bbox 476 2705 2124 2778; baseline -0.002 -16"><span class='ocrx_word' id='word_1_338' title='bbox 476 2706 595 2778; x_wconf 89' lang='lat' dir='ltr'><strong>Ipsi</strong></span> <span class='ocrx_word' id='word_1_339' title='bbox 621 2705 907 2761; x_wconf 89' lang='lat' dir='ltr'><strong>enimillis</strong></span> <span class='ocrx_word' id='word_1_340' title='bbox 938 2706 1267 2761; x_wconf 89' lang='lat' dir='ltr'><strong>secundum</strong></span> <span class='ocrx_word' id='word_1_341' title='bbox 1296 2707 1482 2762; x_wconf 92' lang='lat' dir='ltr'><strong>Deum</strong></span> <span class='ocrx_word' id='word_1_342' title='bbox 1498 2710 1772 2763; x_wconf 86' lang='lat' dir='ltr'><strong>auctores</strong></span> <span class='ocrx_word' id='word_1_343' title='bbox 1805 2710 1944 2761; x_wconf 91' lang='lat' dir='ltr'><strong>sunt</strong></span> <span class='ocrx_word' id='word_1_344' title='bbox 1969 2707 2124 2760; x_wconf 67' lang='lat' dir='ltr'><strong>vitae.</strong></span> 
     </span>
    </p>
   </div>
   <div class='ocr_carea' id='block_1_48' title="bbox 478 2795 2123 2866">
    <p class='ocr_par' dir='ltr' id='par_1_48' title="bbox 478 2795 2123 2866">
     <span class='ocr_line' id='line_1_48' title="bbox 478 2795 2123 2866; baseline -0.001 -13"><span class='ocrx_word' id='word_1_345' title='bbox 478 2799 544 2853; x_wconf 86' lang='lat' dir='ltr'><strong>Et</strong></span> <span class='ocrx_word' id='word_1_346' title='bbox 578 2814 591 2851; x_wconf 88' lang='lat'><strong>:</strong></span> <span class='ocrx_word' id='word_1_347' title='bbox 623 2795 962 2852; x_wconf 82' lang='lat' dir='ltr'><strong>Benedictio</strong></span> <span class='ocrx_word' id='word_1_348' title='bbox 986 2796 1183 2866; x_wconf 81' lang='lat' dir='ltr'><strong>patris</strong></span> <span class='ocrx_word' id='word_1_349' title='bbox 1209 2797 1412 2865; x_wconf 80' lang='lat' dir='ltr'><strong>ﬁrmat</strong></span> <span class='ocrx_word' id='word_1_350' title='bbox 1438 2795 1638 2853; x_wconf 87' lang='lat' dir='ltr'><strong>domos</strong></span> <span class='ocrx_word' id='word_1_351' title='bbox 1664 2796 1926 2863; x_wconf 79' lang='lat' dir='ltr'><strong>ﬁliorum</strong></span> <span class='ocrx_word' id='word_1_352' title='bbox 1956 2813 1976 2861; x_wconf 89' lang='lat'><em>;</em></span> <span class='ocrx_word' id='word_1_353' title='bbox 2008 2810 2123 2851; x_wconf 88' lang='lat' dir='ltr'><strong>ma-</strong></span> 
     </span>
    </p>
   </div>
   <div class='ocr_carea' id='block_1_49' title="bbox 482 2885 2123 2955">
    <p class='ocr_par' dir='ltr' id='par_1_49' title="bbox 482 2885 2123 2955">
     <span class='ocr_line' id='line_1_49' title="bbox 482 2885 2123 2955; baseline -0.002 -13"><span class='ocrx_word' id='word_1_354' title='bbox 482 2885 714 2942; x_wconf 87' lang='lat' dir='ltr'><strong>ledictio</strong></span> <span class='ocrx_word' id='word_1_355' title='bbox 743 2890 940 2943; x_wconf 83' lang='lat' dir='ltr'><strong>autem</strong></span> <span class='ocrx_word' id='word_1_356' title='bbox 969 2887 1180 2941; x_wconf 83' lang='lat' dir='ltr'><strong>matris</strong></span> <span class='ocrx_word' id='word_1_357' title='bbox 1197 2886 1463 2942; x_wconf 77' lang='lat' dir='ltr'><strong>eradicet</strong></span> <span class='ocrx_word' id='word_1_358' title='bbox 1483 2885 1887 2955; x_wconf 83' lang='lat' dir='ltr'><strong>fundamenta</strong></span> <span class='ocrx_word' id='word_1_359' title='bbox 1918 2887 1985 2936; x_wconf 77' lang='grc' dir='ltr'><strong>εί.</strong></span> <span class='ocrx_word' id='word_1_360' title='bbox 2020 2886 2083 2939; x_wconf 90' lang='lat' dir='ltr'><strong>Et</strong></span> <span class='ocrx_word' id='word_1_361' title='bbox 2111 2901 2123 2939; x_wconf 88' lang='lat'><strong>:</strong></span> 
     </span>
    </p>
   </div>
   <div class='ocr_carea' id='block_1_50' title="bbox 481 2973 2128 3044">
    <p class='ocr_par' dir='ltr' id='par_1_50' title="bbox 481 2973 2128 3044">
     <span class='ocr_line' id='line_1_50' title="bbox 481 2973 2128 3044; baseline 0 -13"><span class='ocrx_word' id='word_1_362' title='bbox 481 2975 713 3039; x_wconf 86' lang='lat' dir='ltr'><strong>Patres,</strong></span> <span class='ocrx_word' id='word_1_363' title='bbox 729 2990 966 3030; x_wconf 87' lang='lat' dir='ltr'><strong>rursum</strong></span> <span class='ocrx_word' id='word_1_364' title='bbox 982 2973 1080 3039; x_wconf 86' lang='lat' dir='ltr'><strong>ait,</strong></span> <span class='ocrx_word' id='word_1_365' title='bbox 1105 2975 1289 3032; x_wconf 81' lang='lat' dir='ltr'><strong>nolite</strong></span> <span class='ocrx_word' id='word_1_366' title='bbox 1314 2975 1395 3031; x_wconf 88' lang='lat' dir='ltr'><strong>ad</strong></span> <span class='ocrx_word' id='word_1_367' title='bbox 1411 2974 1789 3031; x_wconf 86' lang='lat' dir='ltr'><strong>iracundiam</strong></span> <span class='ocrx_word' id='word_1_368' title='bbox 1808 2988 2128 3044; x_wconf 82' lang='lat' dir='ltr'><strong>provocare</strong></span> 
     </span>
    </p>
   </div>
   <div class='ocr_carea' id='block_1_51' title="bbox 478 3063 2126 3134">
    <p class='ocr_par' dir='ltr' id='par_1_51' title="bbox 478 3063 2126 3134">
     <span class='ocr_line' id='line_1_51' title="bbox 478 3063 2126 3134; baseline 0 -15"><span class='ocrx_word' id='word_1_369' title='bbox 478 3063 634 3133; x_wconf 75' lang='lat' dir='ltr'><strong>ﬁlios</strong></span> <span class='ocrx_word' id='word_1_370' title='bbox 667 3068 886 3121; x_wconf 87' lang='lat' dir='ltr'><strong>vestros</strong></span> <span class='ocrx_word' id='word_1_371' title='bbox 913 3081 931 3118; x_wconf 88' lang='lat'><em>:</em></span> <span class='ocrx_word' id='word_1_372' title='bbox 958 3064 1061 3120; x_wconf 88' lang='lat' dir='ltr'><strong>sed</strong></span> <span class='ocrx_word' id='word_1_373' title='bbox 1071 3063 1318 3121; x_wconf 75' lang='lat' dir='ltr'><strong>educata</strong></span> <span class='ocrx_word' id='word_1_374' title='bbox 1338 3065 1473 3120; x_wconf 88' lang='lat' dir='ltr'><strong>illos</strong></span> <span class='ocrx_word' id='word_1_375' title='bbox 1494 3064 1556 3120; x_wconf 91' lang='lat' dir='ltr'><strong>in</strong></span> <span class='ocrx_word' id='word_1_376' title='bbox 1572 3065 1890 3134; x_wconf 83' lang='lat' dir='ltr'><strong>disciplina</strong></span> <span class='ocrx_word' id='word_1_377' title='bbox 1912 3071 1962 3120; x_wconf 89' lang='lat' dir='ltr'><strong>et</strong></span> <span class='ocrx_word' id='word_1_378' title='bbox 1997 3079 2126 3119; x_wconf 77' lang='lat' dir='ltr'><strong>cor-</strong></span> 
     </span>
    </p>
   </div>
   <div class='ocr_carea' id='block_1_52' title="bbox 481 3153 2129 3226">
    <p class='ocr_par' dir='ltr' id='par_1_52' title="bbox 481 3153 2129 3226">
     <span class='ocr_line' id='line_1_52' title="bbox 481 3153 2129 3226; baseline -0.002 -15"><span class='ocrx_word' id='word_1_379' title='bbox 481 3153 747 3224; x_wconf 85' lang='lat' dir='ltr'><strong>reptione</strong></span> <span class='ocrx_word' id='word_1_380' title='bbox 761 3153 1076 3209; x_wconf 70' lang='lat' dir='ltr'><strong>Domini&quot;.</strong></span> <span class='ocrx_word' id='word_1_381' title='bbox 1096 3154 1297 3226; x_wconf 89' lang='lat' dir='ltr'><strong>Itaque</strong></span> <span class='ocrx_word' id='word_1_382' title='bbox 1318 3158 1632 3225; x_wconf 90' lang='lat' dir='ltr'><strong>parentum</strong></span> <span class='ocrx_word' id='word_1_383' title='bbox 1647 3169 1799 3226; x_wconf 95' lang='lat' dir='ltr'><strong>opus</strong></span> <span class='ocrx_word' id='word_1_384' title='bbox 1812 3158 1897 3208; x_wconf 90' lang='lat' dir='ltr'><strong>est</strong></span> <span class='ocrx_word' id='word_1_385' title='bbox 1911 3168 2129 3224; x_wconf 86' lang='lat' dir='ltr'><strong>pacare</strong></span> 
     </span>
    </p>
   </div>
   <div class='ocr_carea' id='block_1_53' title="bbox 2230 1988 3839 2066">
    <p class='ocr_par' dir='ltr' id='par_1_53' title="bbox 2230 1988 3839 2066">
     <span class='ocr_line' id='line_1_53' title="bbox 2230 1988 3839 2066; baseline -0.004 -20"><span class='ocrx_word' id='word_1_386' title='bbox 2230 2013 2319 2066; x_wconf 92' lang='grc' dir='ltr'><strong>μεν</strong></span> <span class='ocrx_word' id='word_1_387' title='bbox 2348 1995 2433 2045; x_wconf 85' lang='grc' dir='ltr'>τὸν</span> <span class='ocrx_word' id='word_1_388' title='bbox 2479 1995 2607 2046; x_wconf 85' lang='grc' dir='ltr'><strong>Θεὸν</strong></span> <span class='ocrx_word' id='word_1_389' title='bbox 2636 1994 2687 2044; x_wconf 79' lang='grc' dir='ltr'>ἐν</span> <span class='ocrx_word' id='word_1_390' title='bbox 2734 2000 2803 2062; x_wconf 84' lang='grc' dir='ltr'>τῷ</span> <span class='ocrx_word' id='word_1_391' title='bbox 2835 1996 3040 2063; x_wconf 84' lang='grc' dir='ltr'>σώματι</span> <span class='ocrx_word' id='word_1_392' title='bbox 3069 1991 3215 2062; x_wconf 78' lang='grc' dir='ltr'>ἡμῶν</span> <span class='ocrx_word' id='word_1_393' title='bbox 3244 1994 3335 2042; x_wconf 88' lang='grc' dir='ltr'>καὶ</span> <span class='ocrx_word' id='word_1_394' title='bbox 3365 1988 3412 2041; x_wconf 83' lang='grc' dir='ltr'><strong>έν</strong></span> <span class='ocrx_word' id='word_1_395' title='bbox 3465 1996 3537 2059; x_wconf 85' lang='grc' dir='ltr'>τῷ</span> <span class='ocrx_word' id='word_1_396' title='bbox 3574 1990 3839 2060; x_wconf 86' lang='grc' dir='ltr'>πνεύματι</span> 
     </span>
    </p>
   </div>
   <div class='ocr_carea' id='block_1_54' title="bbox 2232 2078 3838 2156">
    <p class='ocr_par' dir='ltr' id='par_1_54' title="bbox 2232 2078 3838 2156">
     <span class='ocr_line' id='line_1_54' title="bbox 2232 2078 3838 2156; baseline -0.002 -21"><span class='ocrx_word' id='word_1_397' title='bbox 2232 2086 2395 2156; x_wconf 77' lang='grc' dir='ltr'>ἡμῶν.</span> <span class='ocrx_word' id='word_1_398' title='bbox 2456 2082 2657 2137; x_wconf 80' lang='grc' dir='ltr'>Κελεύει</span> <span class='ocrx_word' id='word_1_399' title='bbox 2712 2082 2864 2134; x_wconf 85' lang='grc' dir='ltr'>πάλιν</span> <span class='ocrx_word' id='word_1_400' title='bbox 2910 2082 2935 2133; x_wconf 92' lang='lat'><strong>6</strong></span> <span class='ocrx_word' id='word_1_401' title='bbox 2976 2078 3292 2142; x_wconf 85' lang='grc' dir='ltr'>Ἀπόστολος</span> <span class='ocrx_word' id='word_1_402' title='bbox 3328 2096 3340 2110; x_wconf 82' lang='lat'>&#39;</span> <span class='ocrx_word' id='word_1_403' title='bbox 3376 2078 3534 2140; x_wconf 85' lang='grc' dir='ltr'>αύτός</span> <span class='ocrx_word' id='word_1_404' title='bbox 3584 2080 3684 2153; x_wconf 83' lang='grc' dir='ltr'><strong>γὰρ</strong></span> <span class='ocrx_word' id='word_1_405' title='bbox 3739 2081 3838 2131; x_wconf 76' lang='grc' dir='ltr'>καὶ</span> 
     </span>
    </p>
   </div>
   <div class='ocr_carea' id='block_1_55' title="bbox 2230 2167 3835 2244">
    <p class='ocr_par' dir='ltr' id='par_1_55' title="bbox 2230 2167 3835 2244">
     <span class='ocr_line' id='line_1_55' title="bbox 2230 2167 3835 2244; baseline -0.004 -18"><span class='ocrx_word' id='word_1_406' title='bbox 2230 2180 2401 2226; x_wconf 88' lang='grc' dir='ltr'>ταῦτα</span> <span class='ocrx_word' id='word_1_407' title='bbox 2433 2190 2445 2202; x_wconf 77' lang='grc'><strong><em>⁵</em></strong></span> <span class='ocrx_word' id='word_1_408' title='bbox 2507 2171 2700 2244; x_wconf 77' lang='grc' dir='ltr'>Ἀρας</span> <span class='ocrx_word' id='word_1_409' title='bbox 2742 2167 2846 2224; x_wconf 78' lang='grc' dir='ltr'>οὖν</span> <span class='ocrx_word' id='word_1_410' title='bbox 2885 2172 2965 2223; x_wconf 85' lang='grc' dir='ltr'><strong>τὰ</strong></span> <span class='ocrx_word' id='word_1_411' title='bbox 3003 2168 3156 2242; x_wconf 90' lang='grc' dir='ltr'>μέλη</span> <span class='ocrx_word' id='word_1_412' title='bbox 3198 2175 3504 2243; x_wconf 82' lang='grc' dir='ltr'>Χριστοῦ,</span> <span class='ocrx_word' id='word_1_413' title='bbox 3546 2170 3763 2226; x_wconf 81' lang='grc' dir='ltr'>ποιήσ</span> <span class='ocrx_word' id='word_1_414' title='bbox 3792 2188 3835 2219; x_wconf 86' lang='grc' dir='ltr'><strong>ω</strong></span> 
     </span>
    </p>
   </div>
   <div class='ocr_carea' id='block_1_56' title="bbox 2231 2256 3831 2336">
    <p class='ocr_par' dir='ltr' id='par_1_56' title="bbox 2231 2256 3831 2336">
     <span class='ocr_line' id='line_1_56' title="bbox 2231 2256 3831 2336; baseline -0.004 -21"><span class='ocrx_word' id='word_1_415' title='bbox 2231 2267 2474 2336; x_wconf 85' lang='grc' dir='ltr'>πόρνης</span> <span class='ocrx_word' id='word_1_416' title='bbox 2512 2260 2713 2335; x_wconf 84' lang='grc' dir='ltr'>μέλη;</span> <span class='ocrx_word' id='word_1_417' title='bbox 2754 2264 2847 2318; x_wconf 66' lang='grc' dir='ltr'><strong>Μὴ</strong></span> <span class='ocrx_word' id='word_1_418' title='bbox 2888 2257 3189 2331; x_wconf 81' lang='grc' dir='ltr'>γένοιτοῙ</span> <span class='ocrx_word' id='word_1_419' title='bbox 3241 2258 3393 2310; x_wconf 75' lang='grc' dir='ltr'>Οὕτω</span> <span class='ocrx_word' id='word_1_420' title='bbox 3430 2256 3831 2330; x_wconf 73' lang='grc' dir='ltr'>φυλαττώμεθα.</span> 
     </span>
    </p>
   </div>
   <div class='ocr_carea' id='block_1_57' title="bbox 2233 2345 3835 2424">
    <p class='ocr_par' dir='ltr' id='par_1_57' title="bbox 2233 2345 3835 2424">
     <span class='ocr_line' id='line_1_57' title="bbox 2233 2345 3835 2424; baseline -0.005 -19"><span class='ocrx_word' id='word_1_421' title='bbox 2233 2352 2540 2424; x_wconf 85' lang='grc' dir='ltr'>Ἀγαπῶμεν</span> <span class='ocrx_word' id='word_1_422' title='bbox 2624 2351 2713 2411; x_wconf 87' lang='grc' dir='ltr'><strong>τὰς</strong></span> <span class='ocrx_word' id='word_1_423' title='bbox 2790 2348 2983 2402; x_wconf 80' lang='grc' dir='ltr'>ἑαυτῶν</span> <span class='ocrx_word' id='word_1_424' title='bbox 3061 2354 3335 2420; x_wconf 89' lang='grc' dir='ltr'>γυναῖκας,</span> <span class='ocrx_word' id='word_1_425' title='bbox 3380 2349 3445 2408; x_wconf 82' lang='grc' dir='ltr'>ὡς</span> <span class='ocrx_word' id='word_1_426' title='bbox 3501 2347 3569 2399; x_wconf 80' lang='grc' dir='ltr'>τὰ</span> <span class='ocrx_word' id='word_1_427' title='bbox 3633 2345 3835 2398; x_wconf 74' lang='grc' dir='ltr'>ἑαυτῶν</span> 
     </span>
    </p>
   </div>
   <div class='ocr_carea' id='block_1_58' title="bbox 2235 2435 3832 2514">
    <p class='ocr_par' dir='ltr' id='par_1_58' title="bbox 2235 2435 3832 2514">
     <span class='ocr_line' id='line_1_58' title="bbox 2235 2435 3832 2514; baseline -0.004 -20"><span class='ocrx_word' id='word_1_428' title='bbox 2235 2446 2454 2514; x_wconf 86' lang='grc' dir='ltr'>σώματα</span> <span class='ocrx_word' id='word_1_429' title='bbox 2483 2460 2495 2473; x_wconf 89' lang='grc'><strong>·</strong></span> <span class='ocrx_word' id='word_1_430' title='bbox 2552 2443 2642 2492; x_wconf 84' lang='grc' dir='ltr'>καὶ</span> <span class='ocrx_word' id='word_1_431' title='bbox 2685 2438 2780 2492; x_wconf 80' lang='grc' dir='ltr'><strong>οῦκ</strong></span> <span class='ocrx_word' id='word_1_432' title='bbox 2830 2437 3233 2512; x_wconf 82' lang='grc' dir='ltr'>έρασθησόμεθα</span> <span class='ocrx_word' id='word_1_433' title='bbox 3270 2435 3516 2508; x_wconf 78' lang='grc' dir='ltr'>ἀσελγοῦς</span> <span class='ocrx_word' id='word_1_434' title='bbox 3570 2438 3832 2507; x_wconf 82' lang='grc' dir='ltr'>σώματος.</span> 
     </span>
    </p>
   </div>
   <div class='ocr_carea' id='block_1_59' title="bbox 2230 2520 3835 2601">
    <p class='ocr_par' dir='ltr' id='par_1_59' title="bbox 2230 2520 3835 2601">
     <span class='ocr_line' id='line_1_59' title="bbox 2230 2520 3835 2601; baseline -0.004 -18"><span class='ocrx_word' id='word_1_435' title='bbox 2230 2529 2291 2583; x_wconf 80' lang='grc' dir='ltr'><strong>Ἠ</strong></span> <span class='ocrx_word' id='word_1_436' title='bbox 2328 2532 2511 2601; x_wconf 83' lang='grc' dir='ltr'>γυνὴ,</span> <span class='ocrx_word' id='word_1_437' title='bbox 2555 2532 2739 2600; x_wconf 79' lang='grc' dir='ltr'>φησὶν,</span> <span class='ocrx_word' id='word_1_438' title='bbox 2772 2528 2872 2579; x_wconf 82' lang='grc' dir='ltr'>ἵνα</span> <span class='ocrx_word' id='word_1_439' title='bbox 2910 2525 3188 2599; x_wconf 79' lang='grc' dir='ltr'>φοϐῆται</span> <span class='ocrx_word' id='word_1_440' title='bbox 3225 2528 3331 2587; x_wconf 81' lang='grc' dir='ltr'>τὸν</span> <span class='ocrx_word' id='word_1_441' title='bbox 3369 2520 3835 2598; x_wconf 80' lang='grc' dir='ltr'>ἄνδρα.Τῳφίλ-</span> 
     </span>
    </p>
   </div>
   <div class='ocr_carea' id='block_1_60' title="bbox 2233 2610 3833 2694">
    <p class='ocr_par' dir='ltr' id='par_1_60' title="bbox 2233 2610 3833 2694">
     <span class='ocr_line' id='line_1_60' title="bbox 2233 2610 3833 2694; baseline -0.001 -23"><span class='ocrx_word' id='word_1_442' title='bbox 2233 2638 2337 2694; x_wconf 85' lang='grc' dir='ltr'>τρῳ</span> <span class='ocrx_word' id='word_1_443' title='bbox 2365 2618 2467 2691; x_wconf 82' lang='grc' dir='ltr'><strong>γὰρ</strong></span> <span class='ocrx_word' id='word_1_444' title='bbox 2516 2619 2603 2669; x_wconf 88' lang='grc' dir='ltr'>τὸν</span> <span class='ocrx_word' id='word_1_445' title='bbox 2652 2614 2805 2690; x_wconf 80' lang='grc' dir='ltr'>φόϐον</span> <span class='ocrx_word' id='word_1_446' title='bbox 2857 2623 3111 2690; x_wconf 83' lang='grc' dir='ltr'>κιρνῶσα,</span> <span class='ocrx_word' id='word_1_447' title='bbox 3162 2615 3379 2689; x_wconf 82' lang='grc' dir='ltr'>ἄριστον</span> <span class='ocrx_word' id='word_1_448' title='bbox 3431 2612 3645 2687; x_wconf 83' lang='grc' dir='ltr'>βιώσειε</span> <span class='ocrx_word' id='word_1_449' title='bbox 3691 2610 3833 2686; x_wconf 84' lang='grc' dir='ltr'>βίον.</span> 
     </span>
    </p>
   </div>
   <div class='ocr_carea' id='block_1_61' title="bbox 2233 2704 3834 2776">
    <p class='ocr_par' dir='ltr' id='par_1_61' title="bbox 2233 2704 3834 2776">
     <span class='ocr_line' id='line_1_61' title="bbox 2233 2704 3834 2776; baseline -0.004 -16"><span class='ocrx_word' id='word_1_450' title='bbox 2233 2710 2319 2760; x_wconf 79' lang='grc' dir='ltr'><strong>Τὰ</strong></span> <span class='ocrx_word' id='word_1_451' title='bbox 2356 2710 2564 2776; x_wconf 83' lang='grc' dir='ltr'>τέκνα,</span> <span class='ocrx_word' id='word_1_452' title='bbox 2606 2707 2967 2758; x_wconf 79' lang='grc' dir='ltr'>ὑπακούετε</span> <span class='ocrx_word' id='word_1_453' title='bbox 3014 2711 3149 2767; x_wconf 91' lang='grc' dir='ltr'>τοῖς</span> <span class='ocrx_word' id='word_1_454' title='bbox 3200 2710 3533 2776; x_wconf 90' lang='grc' dir='ltr'>γονεῦσιν,</span> <span class='ocrx_word' id='word_1_455' title='bbox 3587 2704 3652 2764; x_wconf 85' lang='grc' dir='ltr'>ὧς</span> <span class='ocrx_word' id='word_1_456' title='bbox 3699 2722 3834 2774; x_wconf 86' lang='grc' dir='ltr'>φησι</span> 
     </span>
    </p>
   </div>
   <div class='ocr_carea' id='block_1_62' title="bbox 2234 2793 3831 2869">
    <p class='ocr_par' dir='ltr' id='par_1_62' title="bbox 2234 2793 3831 2869">
     <span class='ocr_line' id='line_1_62' title="bbox 2234 2793 3831 2869; baseline -0.003 -19"><span class='ocrx_word' id='word_1_457' title='bbox 2234 2796 2405 2851; x_wconf 81' lang='grc' dir='ltr'>πάλιν.</span> <span class='ocrx_word' id='word_1_458' title='bbox 2458 2800 2663 2849; x_wconf 84' lang='grc' dir='ltr'>Δίκαιον</span> <span class='ocrx_word' id='word_1_459' title='bbox 2706 2797 2807 2869; x_wconf 83' lang='grc' dir='ltr'><strong>γὰρ</strong></span> <span class='ocrx_word' id='word_1_460' title='bbox 2855 2798 2977 2856; x_wconf 86' lang='grc' dir='ltr'>τοὺς</span> <span class='ocrx_word' id='word_1_461' title='bbox 3024 2797 3200 2865; x_wconf 83' lang='grc' dir='ltr'>γονέας</span> <span class='ocrx_word' id='word_1_462' title='bbox 3252 2793 3510 2865; x_wconf 82' lang='grc' dir='ltr'>τιμᾶσθαι</span> <span class='ocrx_word' id='word_1_463' title='bbox 3555 2796 3644 2844; x_wconf 81' lang='grc' dir='ltr'>καὶ</span> <span class='ocrx_word' id='word_1_464' title='bbox 3674 2810 3831 2864; x_wconf 79' lang='grc' dir='ltr'>γηρο·</span> 
     </span>
    </p>
   </div>
   <div class='ocr_carea' id='block_1_63' title="bbox 2234 2878 3831 2958">
    <p class='ocr_par' dir='ltr' id='par_1_63' title="bbox 2234 2878 3831 2958">
     <span class='ocr_line' id='line_1_63' title="bbox 2234 2878 3831 2958; baseline -0.004 -19"><span class='ocrx_word' id='word_1_465' title='bbox 2234 2887 2510 2958; x_wconf 87' lang='grc' dir='ltr'>κομεῖσθαι</span> <span class='ocrx_word' id='word_1_466' title='bbox 2561 2886 2661 2936; x_wconf 89' lang='grc' dir='ltr'>ύπό</span> <span class='ocrx_word' id='word_1_467' title='bbox 2709 2892 2808 2936; x_wconf 86' lang='grc' dir='ltr'>τῶν</span> <span class='ocrx_word' id='word_1_468' title='bbox 2862 2878 3088 2938; x_wconf 90' lang='grc' dir='ltr'>παίδων.</span> <span class='ocrx_word' id='word_1_469' title='bbox 3136 2883 3299 2937; x_wconf 79' lang='grc' dir='ltr'>Αὐτοὶ</span> <span class='ocrx_word' id='word_1_470' title='bbox 3356 2883 3459 2955; x_wconf 79' lang='grc' dir='ltr'><strong>γὰρ</strong></span> <span class='ocrx_word' id='word_1_471' title='bbox 3505 2883 3664 2934; x_wconf 78' lang='grc' dir='ltr'>αἴτιοι</span> <span class='ocrx_word' id='word_1_472' title='bbox 3701 2882 3831 2952; x_wconf 81' lang='grc' dir='ltr'>μετὰ</span> 
     </span>
    </p>
   </div>
   <div class='ocr_carea' id='block_1_64' title="bbox 2234 2969 3824 3045">
    <p class='ocr_par' dir='ltr' id='par_1_64' title="bbox 2234 2969 3824 3045">
     <span class='ocr_line' id='line_1_64' title="bbox 2234 2969 3824 3045; baseline -0.004 -16"><span class='ocrx_word' id='word_1_473' title='bbox 2234 2979 2364 3029; x_wconf 81' lang='grc' dir='ltr'>Θεὸν</span> <span class='ocrx_word' id='word_1_474' title='bbox 2395 2982 2486 3027; x_wconf 85' lang='grc' dir='ltr'><strong>τοῦ</strong></span> <span class='ocrx_word' id='word_1_475' title='bbox 2517 2970 2645 3026; x_wconf 82' lang='grc' dir='ltr'>εἶναι</span> <span class='ocrx_word' id='word_1_476' title='bbox 2698 2972 2887 3035; x_wconf 83' lang='grc' dir='ltr'>αύτούς</span> <span class='ocrx_word' id='word_1_477' title='bbox 2928 2972 3000 3034; x_wconf 85' lang='grc' dir='ltr'><strong>εἰς</strong></span> <span class='ocrx_word' id='word_1_478' title='bbox 3038 2979 3159 3045; x_wconf 86' lang='grc' dir='ltr'>φῶς.</span> <span class='ocrx_word' id='word_1_479' title='bbox 3202 2976 3319 3025; x_wconf 84' lang='grc' dir='ltr'>Καί</span> <span class='ocrx_word' id='word_1_480' title='bbox 3351 2988 3363 3001; x_wconf 86' lang='grc'><strong>·</strong></span> <span class='ocrx_word' id='word_1_481' title='bbox 3415 2969 3697 3043; x_wconf 82' lang='grc' dir='ltr'>Εύλογία</span> <span class='ocrx_word' id='word_1_482' title='bbox 3731 2990 3824 3023; x_wconf 84' lang='grc' dir='ltr'>πα·</span> 
     </span>
    </p>
   </div>
   <div class='ocr_carea' id='block_1_65' title="bbox 2234 3056 3819 3139">
    <p class='ocr_par' dir='ltr' id='par_1_65' title="bbox 2234 3056 3819 3139">
     <span class='ocr_line' id='line_1_65' title="bbox 2234 3056 3819 3139; baseline -0.003 -22"><span class='ocrx_word' id='word_1_483' title='bbox 2234 3067 2379 3139; x_wconf 89' lang='grc' dir='ltr'>τρὸς</span> <span class='ocrx_word' id='word_1_484' title='bbox 2420 3062 2726 3135; x_wconf 74' lang='grc' dir='ltr'>στηρίξει</span> <span class='ocrx_word' id='word_1_485' title='bbox 2764 3065 2992 3123; x_wconf 83' lang='grc' dir='ltr'>οἴκους</span> <span class='ocrx_word' id='word_1_486' title='bbox 3022 3064 3285 3113; x_wconf 86' lang='grc' dir='ltr'>τέκνων·</span> <span class='ocrx_word' id='word_1_487' title='bbox 3325 3061 3577 3134; x_wconf 79' lang='grc' dir='ltr'>κατάρα</span> <span class='ocrx_word' id='word_1_488' title='bbox 3616 3056 3684 3113; x_wconf 59' lang='grc' dir='ltr'><strong>δι</strong></span> <span class='ocrx_word' id='word_1_489' title='bbox 3720 3079 3819 3130; x_wconf 84' lang='grc' dir='ltr'>μη-</span> 
     </span>
    </p>
   </div>
   <div class='ocr_carea' id='block_1_66' title="bbox 2236 3146 3825 3227">
    <p class='ocr_par' dir='ltr' id='par_1_66' title="bbox 2236 3146 3825 3227">
     <span class='ocr_line' id='line_1_66' title="bbox 2236 3146 3825 3227; baseline -0.004 -20"><span class='ocrx_word' id='word_1_490' title='bbox 2236 3157 2382 3227; x_wconf 87' lang='grc' dir='ltr'>τρὸς</span> <span class='ocrx_word' id='word_1_491' title='bbox 2422 3152 2685 3226; x_wconf 78' lang='grc' dir='ltr'>ἐκριζοῖ</span> <span class='ocrx_word' id='word_1_492' title='bbox 2726 3150 3013 3222; x_wconf 86' lang='grc' dir='ltr'>θεμέλια.</span> <span class='ocrx_word' id='word_1_493' title='bbox 3058 3154 3200 3203; x_wconf 80' lang='grc' dir='ltr'>Καί·</span> <span class='ocrx_word' id='word_1_494' title='bbox 3237 3151 3313 3203; x_wconf 84' lang='grc' dir='ltr'><strong>Οἱ</strong></span> <span class='ocrx_word' id='word_1_495' title='bbox 3350 3146 3642 3224; x_wconf 78' lang='grc' dir='ltr'>πατέρες,</span> <span class='ocrx_word' id='word_1_496' title='bbox 3678 3149 3825 3201; x_wconf 81' lang='grc' dir='ltr'>πάλιν</span> 
     </span>
    </p>
   </div>
   <div class='ocr_carea' id='block_1_67' title="bbox 479 3236 2144 3338">
    <p class='ocr_par' dir='ltr' id='par_1_67' title="bbox 479 3242 2118 3314">
     <span class='ocr_line' id='line_1_67' title="bbox 479 3242 2118 3314; baseline 0 -15"><span class='ocrx_word' id='word_1_497' title='bbox 479 3242 653 3308; x_wconf 85' lang='lat' dir='ltr'><strong>ﬁlios,</strong></span> <span class='ocrx_word' id='word_1_498' title='bbox 674 3243 964 3298; x_wconf 86' lang='lat' dir='ltr'><strong>instruere</strong></span> <span class='ocrx_word' id='word_1_499' title='bbox 991 3242 1318 3299; x_wconf 87' lang='lat' dir='ltr'><strong>etformare</strong></span> <span class='ocrx_word' id='word_1_500' title='bbox 1348 3242 1478 3298; x_wconf 92' lang='lat' dir='ltr'><strong>illos</strong></span> <span class='ocrx_word' id='word_1_501' title='bbox 1492 3243 1833 3299; x_wconf 88' lang='lat' dir='ltr'><strong>charactere</strong></span> <span class='ocrx_word' id='word_1_502' title='bbox 1863 3242 2118 3314; x_wconf 86' lang='lat' dir='ltr'><strong>pietatis.</strong></span> 
     </span>
    </p>
   </div>
   <div class='ocr_carea' id='block_1_68' title="bbox 2238 3236 3827 3338">
    <p class='ocr_par' dir='ltr' id='par_1_68' title="bbox 2238 3236 3827 3316">
     <span class='ocr_line' id='line_1_68' title="bbox 2238 3236 3827 3316; baseline -0.003 -21"><span class='ocrx_word' id='word_1_503' title='bbox 2238 3246 2387 3316; x_wconf 83' lang='grc' dir='ltr'>φησὶ,</span> <span class='ocrx_word' id='word_1_504' title='bbox 2441 3246 2521 3314; x_wconf 79' lang='grc' dir='ltr'>μὴ</span> <span class='ocrx_word' id='word_1_505' title='bbox 2565 3241 3006 3313; x_wconf 73' lang='grc' dir='ltr'>παροργίζετε</span> <span class='ocrx_word' id='word_1_506' title='bbox 3061 3241 3136 3291; x_wconf 74' lang='grc' dir='ltr'>τὰ</span> <span class='ocrx_word' id='word_1_507' title='bbox 3172 3242 3359 3292; x_wconf 89' lang='grc' dir='ltr'>τέκνα</span> <span class='ocrx_word' id='word_1_508' title='bbox 3418 3238 3629 3310; x_wconf 78' lang='grc' dir='ltr'>ὑμῶν·</span> <span class='ocrx_word' id='word_1_509' title='bbox 3691 3236 3827 3290; x_wconf 69' lang='grc' dir='ltr'>ἀλλ’</span> 
     </span>
    </p>
   </div>
   <div class='ocr_carea' id='block_1_69' title="bbox 482 3331 2130 3403">
    <p class='ocr_par' dir='ltr' id='par_1_69' title="bbox 482 3331 2130 3403">
     <span class='ocr_line' id='line_1_69' title="bbox 482 3331 2130 3403; baseline -0.001 -16"><span class='ocrx_word' id='word_1_510' title='bbox 482 3331 636 3399; x_wconf 86' lang='lat' dir='ltr'><strong>Quid</strong></span> <span class='ocrx_word' id='word_1_511' title='bbox 664 3331 1002 3403; x_wconf 84' lang='lat' dir='ltr'><strong>reliquum?</strong></span> <span class='ocrx_word' id='word_1_512' title='bbox 1029 3347 1233 3387; x_wconf 87' lang='lat' dir='ltr'><strong>servos</strong></span> <span class='ocrx_word' id='word_1_513' title='bbox 1253 3331 1467 3403; x_wconf 87' lang='lat' dir='ltr'><strong>subjici</strong></span> <span class='ocrx_word' id='word_1_514' title='bbox 1490 3331 1750 3388; x_wconf 90' lang='lat' dir='ltr'><strong>dominis</strong></span> <span class='ocrx_word' id='word_1_515' title='bbox 1765 3348 1900 3387; x_wconf 91' lang='lat' dir='ltr'><strong>cum</strong></span> <span class='ocrx_word' id='word_1_516' title='bbox 1922 3331 2130 3387; x_wconf 90' lang='lat' dir='ltr'><strong>timore</strong></span> 
     </span>
    </p>
   </div>
   <div class='ocr_carea' id='block_1_70' title="bbox 482 3420 2131 3488">
    <p class='ocr_par' dir='ltr' id='par_1_70' title="bbox 482 3420 2131 3488">
     <span class='ocr_line' id='line_1_70' title="bbox 482 3420 2131 3488; baseline -0.001 -11"><span class='ocrx_word' id='word_1_517' title='bbox 482 3427 539 3477; x_wconf 90' lang='lat' dir='ltr'><strong>et</strong></span> <span class='ocrx_word' id='word_1_518' title='bbox 562 3425 839 3485; x_wconf 86' lang='lat' dir='ltr'><strong>tremore,</strong></span> <span class='ocrx_word' id='word_1_519' title='bbox 866 3420 991 3476; x_wconf 89' lang='lat' dir='ltr'><strong>sine</strong></span> <span class='ocrx_word' id='word_1_520' title='bbox 1018 3420 1179 3488; x_wconf 92' lang='lat' dir='ltr'><strong>dolo,</strong></span> <span class='ocrx_word' id='word_1_521' title='bbox 1213 3424 1269 3476; x_wconf 90' lang='lat' dir='ltr'><strong>et</strong></span> <span class='ocrx_word' id='word_1_522' title='bbox 1293 3420 1426 3477; x_wconf 86' lang='lat' dir='ltr'><strong>forti</strong></span> <span class='ocrx_word' id='word_1_523' title='bbox 1494 3420 1696 3478; x_wconf 89' lang='lat' dir='ltr'><strong>animo</strong></span> <span class='ocrx_word' id='word_1_524' title='bbox 1732 3438 1746 3477; x_wconf 90' lang='lat'><strong>:</strong></span> <span class='ocrx_word' id='word_1_525' title='bbox 1804 3421 1905 3476; x_wconf 89' lang='lat' dir='ltr'><strong>sed</strong></span> <span class='ocrx_word' id='word_1_526' title='bbox 1948 3428 2004 3476; x_wconf 89' lang='lat' dir='ltr'><strong>et</strong></span> <span class='ocrx_word' id='word_1_527' title='bbox 2028 3420 2131 3476; x_wconf 91' lang='lat' dir='ltr'><strong>do-</strong></span> 
     </span>
    </p>
   </div>
   <div class='ocr_carea' id='block_1_71' title="bbox 484 3509 2130 3582">
    <p class='ocr_par' dir='ltr' id='par_1_71' title="bbox 484 3509 2130 3582">
     <span class='ocr_line' id='line_1_71' title="bbox 484 3509 2130 3582; baseline 0 -17"><span class='ocrx_word' id='word_1_528' title='bbox 484 3509 679 3565; x_wconf 88' lang='lat' dir='ltr'><strong>minos</strong></span> <span class='ocrx_word' id='word_1_529' title='bbox 692 3510 1049 3565; x_wconf 87' lang='lat' dir='ltr'><strong>remittentes</strong></span> <span class='ocrx_word' id='word_1_530' title='bbox 1065 3510 1285 3576; x_wconf 90' lang='lat' dir='ltr'><strong>minas,</strong></span> <span class='ocrx_word' id='word_1_531' title='bbox 1312 3509 1527 3582; x_wconf 67' lang='lat' dir='ltr'><strong>aequali</strong></span> <span class='ocrx_word' id='word_1_532' title='bbox 1550 3527 1693 3566; x_wconf 84' lang='lat' dir='ltr'><strong>cura</strong></span> <span class='ocrx_word' id='word_1_533' title='bbox 1713 3526 1923 3566; x_wconf 90' lang='lat' dir='ltr'><strong>omnes</strong></span> <span class='ocrx_word' id='word_1_534' title='bbox 1943 3510 2130 3565; x_wconf 87' lang='lat' dir='ltr'><strong>intue-</strong></span> 
     </span>
    </p>
   </div>
   <div class='ocr_carea' id='block_1_72' title="bbox 485 3597 2125 3663">
    <p class='ocr_par' dir='ltr' id='par_1_72' title="bbox 485 3597 2125 3663">
     <span class='ocr_line' id='line_1_72' title="bbox 485 3597 2125 3663; baseline 0.001 -10"><span class='ocrx_word' id='word_1_535' title='bbox 485 3597 554 3663; x_wconf 89' lang='lat' dir='ltr'><strong>ri,</strong></span> <span class='ocrx_word' id='word_1_536' title='bbox 583 3598 833 3654; x_wconf 90' lang='lat' dir='ltr'><strong>scientes</strong></span> <span class='ocrx_word' id='word_1_537' title='bbox 862 3615 1048 3654; x_wconf 92' lang='lat' dir='ltr'><strong>unum</strong></span> <span class='ocrx_word' id='word_1_538' title='bbox 1079 3614 1207 3655; x_wconf 90' lang='lat' dir='ltr'><strong>esse</strong></span> <span class='ocrx_word' id='word_1_539' title='bbox 1221 3600 1483 3655; x_wconf 89' lang='lat' dir='ltr'><strong>omnium</strong></span> <span class='ocrx_word' id='word_1_540' title='bbox 1510 3599 1827 3654; x_wconf 85' lang='lat' dir='ltr'><strong>Dominum</strong></span> <span class='ocrx_word' id='word_1_541' title='bbox 1855 3600 2035 3654; x_wconf 90' lang='lat' dir='ltr'><strong>Deum</strong></span> <span class='ocrx_word' id='word_1_542' title='bbox 2059 3601 2125 3654; x_wconf 81' lang='grc'><strong>⁸³.</strong></span> 
     </span>
    </p>
   </div>
   <div class='ocr_carea' id='block_1_73' title="bbox 484 3686 2130 3759">
    <p class='ocr_par' dir='ltr' id='par_1_73' title="bbox 484 3686 2130 3759">
     <span class='ocr_line' id='line_1_73' title="bbox 484 3686 2130 3759; baseline 0 -16"><span class='ocrx_word' id='word_1_543' title='bbox 484 3689 550 3743; x_wconf 84' lang='grc' dir='ltr'>Ει</span> <span class='ocrx_word' id='word_1_544' title='bbox 579 3686 673 3742; x_wconf 91' lang='lat' dir='ltr'><strong>hic</strong></span> <span class='ocrx_word' id='word_1_545' title='bbox 698 3687 943 3759; x_wconf 89' lang='lat' dir='ltr'><strong>quidem</strong></span> <span class='ocrx_word' id='word_1_546' title='bbox 976 3694 1063 3745; x_wconf 89' lang='lat' dir='ltr'><strong>est</strong></span> <span class='ocrx_word' id='word_1_547' title='bbox 1103 3688 1378 3754; x_wconf 89' lang='lat' dir='ltr'><strong>servitus,</strong></span> <span class='ocrx_word' id='word_1_548' title='bbox 1427 3688 1577 3743; x_wconf 89' lang='lat' dir='ltr'><strong>sicut</strong></span> <span class='ocrx_word' id='word_1_549' title='bbox 1630 3694 1685 3744; x_wconf 88' lang='lat' dir='ltr'><strong>et</strong></span> <span class='ocrx_word' id='word_1_550' title='bbox 1748 3686 2014 3759; x_wconf 59' lang='lat' dir='ltr'><strong>nuptias:</strong></span> <span class='ocrx_word' id='word_1_551' title='bbox 2071 3688 2130 3744; x_wconf 92' lang='lat' dir='ltr'><strong>in</strong></span> 
     </span>
    </p>
   </div>
   <div class='ocr_carea' id='block_1_74' title="bbox 484 3775 2131 3850">
    <p class='ocr_par' dir='ltr' id='par_1_74' title="bbox 484 3775 2131 3850">
     <span class='ocr_line' id='line_1_74' title="bbox 484 3775 2131 3850; baseline 0.001 -19"><span class='ocrx_word' id='word_1_552' title='bbox 484 3775 684 3832; x_wconf 86' lang='lat' dir='ltr'><strong>futuro</strong></span> <span class='ocrx_word' id='word_1_553' title='bbox 712 3781 909 3832; x_wconf 89' lang='lat' dir='ltr'><strong>autem</strong></span> <span class='ocrx_word' id='word_1_554' title='bbox 932 3776 1151 3833; x_wconf 68' lang='lat' dir='ltr'><strong>saeculo</strong></span> <span class='ocrx_word' id='word_1_555' title='bbox 1164 3784 1415 3850; x_wconf 89' lang='lat' dir='ltr'><strong>utraque</strong></span> <span class='ocrx_word' id='word_1_556' title='bbox 1430 3777 1753 3833; x_wconf 89' lang='lat' dir='ltr'><strong>cessabunt</strong></span> <span class='ocrx_word' id='word_1_557' title='bbox 1770 3793 1783 3831; x_wconf 88' lang='lat'><strong>:</strong></span> <span class='ocrx_word' id='word_1_558' title='bbox 1800 3792 2131 3849; x_wconf 89' lang='lat' dir='ltr'><strong>omnesque</strong></span> 
     </span>
    </p>
   </div>
   <div class='ocr_carea' id='block_1_75' title="bbox 484 3865 1314 3936">
    <p class='ocr_par' dir='ltr' id='par_1_75' title="bbox 484 3865 1314 3936">
     <span class='ocr_line' id='line_1_75' title="bbox 484 3865 1314 3936; baseline -0.004 -13"><span class='ocrx_word' id='word_1_559' title='bbox 484 3880 675 3923; x_wconf 87' lang='lat' dir='ltr'><strong>unum</strong></span> <span class='ocrx_word' id='word_1_560' title='bbox 704 3871 897 3931; x_wconf 89' lang='lat' dir='ltr'><strong>erunt,</strong></span> <span class='ocrx_word' id='word_1_561' title='bbox 927 3867 1079 3922; x_wconf 89' lang='lat' dir='ltr'><strong>sicut</strong></span> <span class='ocrx_word' id='word_1_562' title='bbox 1099 3865 1314 3936; x_wconf 81' lang='lat' dir='ltr'><strong>angeli.</strong></span> 
     </span>
    </p>
   </div>
   <div class='ocr_carea' id='block_1_76' title="bbox 488 3951 2197 4029">
    <p class='ocr_par' dir='ltr' id='par_1_76' title="bbox 488 3951 2197 4029">
     <span class='ocr_line' id='line_1_76' title="bbox 488 3951 2197 4029; baseline 0.001 -22"><span class='ocrx_word' id='word_1_563' title='bbox 488 3951 590 4008; x_wconf 82' lang='grc' dir='ltr'>ὦδε</span> <span class='ocrx_word' id='word_1_564' title='bbox 613 3957 704 4027; x_wconf 67' lang='grc' dir='ltr'><strong>μεν</strong></span> <span class='ocrx_word' id='word_1_565' title='bbox 735 3957 763 4014; x_wconf 84' lang='grc' dir='ltr'><strong>ἠ</strong></span> <span class='ocrx_word' id='word_1_566' title='bbox 803 3951 1014 4008; x_wconf 89' lang='grc' dir='ltr'>δουλεία</span> <span class='ocrx_word' id='word_1_567' title='bbox 1049 3957 1120 4018; x_wconf 86' lang='grc' dir='ltr'><strong>ὡς</strong></span> <span class='ocrx_word' id='word_1_568' title='bbox 1167 3960 1257 4008; x_wconf 84' lang='grc' dir='ltr'>καὶ</span> <span class='ocrx_word' id='word_1_569' title='bbox 1302 3956 1327 4008; x_wconf 89' lang='lat'><strong>6</strong></span> <span class='ocrx_word' id='word_1_570' title='bbox 1375 3957 1545 4029; x_wconf 85' lang='grc' dir='ltr'>γάμος</span> <span class='ocrx_word' id='word_1_571' title='bbox 1577 3971 1589 3983; x_wconf 90' lang='grc'><strong>·</strong></span> <span class='ocrx_word' id='word_1_572' title='bbox 1634 3953 1681 4007; x_wconf 79' lang='grc' dir='ltr'><strong>έν</strong></span> <span class='ocrx_word' id='word_1_573' title='bbox 1737 3952 1795 4009; x_wconf 74' lang='grc' dir='ltr'>δὲ</span> <span class='ocrx_word' id='word_1_574' title='bbox 1841 3963 1912 4028; x_wconf 82' lang='grc' dir='ltr'>τῷ</span> <span class='ocrx_word' id='word_1_575' title='bbox 1965 3955 2197 4028; x_wconf 85' lang='grc' dir='ltr'>μέλλοντι</span> 
     </span>
    </p>
   </div>
   <div class='ocr_carea' id='block_1_77' title="bbox 487 4045 1000 4117">
    <p class='ocr_par' dir='ltr' id='par_1_77' title="bbox 487 4045 1000 4117">
     <span class='ocr_line' id='line_1_77' title="bbox 487 4045 1000 4117; baseline 0 -20"><span class='ocrx_word' id='word_1_576' title='bbox 487 4045 660 4117; x_wconf 85' lang='grc' dir='ltr'>ὥσπερ</span> <span class='ocrx_word' id='word_1_577' title='bbox 690 4046 738 4097; x_wconf 83' lang='grc' dir='ltr'>οἱ</span> <span class='ocrx_word' id='word_1_578' title='bbox 767 4045 1000 4116; x_wconf 81' lang='grc' dir='ltr'>ἄγγελοι.</span> 
     </span>
    </p>
   </div>
   <div class='ocr_carea' id='block_1_78' title="bbox 558 4132 2128 4207">
    <p class='ocr_par' dir='ltr' id='par_1_78' title="bbox 558 4132 2128 4207">
     <span class='ocr_line' id='line_1_78' title="bbox 558 4132 2128 4207; baseline 0.001 -18"><span class='ocrx_word' id='word_1_579' title='bbox 558 4134 961 4203; x_wconf 86' lang='lat' dir='ltr'><strong>Quamobrem</strong></span> <span class='ocrx_word' id='word_1_580' title='bbox 988 4134 1331 4207; x_wconf 90' lang='lat' dir='ltr'><strong>quicunque</strong></span> <span class='ocrx_word' id='word_1_581' title='bbox 1358 4132 1479 4189; x_wconf 90' lang='lat' dir='ltr'><strong>vult</strong></span> <span class='ocrx_word' id='word_1_582' title='bbox 1505 4132 1706 4189; x_wconf 88' lang='lat' dir='ltr'><strong>salvus</strong></span> <span class='ocrx_word' id='word_1_583' title='bbox 1722 4134 2128 4205; x_wconf 87' lang='lat' dir='ltr'><strong>ﬁeri,vigilare</strong></span> 
     </span>
    </p>
   </div>
   <div class='ocr_carea' id='block_1_79' title="bbox 486 4222 2127 4295">
    <p class='ocr_par' dir='ltr' id='par_1_79' title="bbox 486 4222 2127 4295">
     <span class='ocr_line' id='line_1_79' title="bbox 486 4222 2127 4295; baseline -0.001 -14"><span class='ocrx_word' id='word_1_584' title='bbox 486 4223 663 4281; x_wconf 88' lang='lat' dir='ltr'><strong>debet</strong></span> <span class='ocrx_word' id='word_1_585' title='bbox 690 4229 753 4279; x_wconf 91' lang='lat' dir='ltr'><strong>ut</strong></span> <span class='ocrx_word' id='word_1_586' title='bbox 786 4222 957 4295; x_wconf 80' lang='lat' dir='ltr'><strong>juxta</strong></span> <span class='ocrx_word' id='word_1_587' title='bbox 992 4228 1357 4295; x_wconf 75' lang='lat' dir='ltr'><strong>praeceptum</strong></span> <span class='ocrx_word' id='word_1_588' title='bbox 1392 4224 1591 4279; x_wconf 87' lang='lat' dir='ltr'><strong>vivat:</strong></span> <span class='ocrx_word' id='word_1_589' title='bbox 1629 4240 1747 4279; x_wconf 92' lang='lat' dir='ltr'><strong>non</strong></span> <span class='ocrx_word' id='word_1_590' title='bbox 1800 4224 1974 4294; x_wconf 86' lang='lat' dir='ltr'><strong>juret,</strong></span> <span class='ocrx_word' id='word_1_591' title='bbox 2006 4238 2127 4279; x_wconf 90' lang='lat' dir='ltr'><strong>non</strong></span> 
     </span>
    </p>
   </div>
   <div class='ocr_carea' id='block_1_80' title="bbox 488 4311 2126 4379">
    <p class='ocr_par' dir='ltr' id='par_1_80' title="bbox 488 4311 2126 4379">
     <span class='ocr_line' id='line_1_80' title="bbox 488 4311 2126 4379; baseline -0.002 -10"><span class='ocrx_word' id='word_1_592' title='bbox 488 4311 817 4378; x_wconf 84' lang='lat' dir='ltr'><strong>extollatur,</strong></span> <span class='ocrx_word' id='word_1_593' title='bbox 863 4326 981 4366; x_wconf 92' lang='lat' dir='ltr'><strong>non</strong></span> <span class='ocrx_word' id='word_1_594' title='bbox 1006 4311 1214 4376; x_wconf 89' lang='lat' dir='ltr'><strong>rideat,</strong></span> <span class='ocrx_word' id='word_1_595' title='bbox 1256 4326 1377 4366; x_wconf 90' lang='lat' dir='ltr'><strong>non</strong></span> <span class='ocrx_word' id='word_1_596' title='bbox 1417 4311 1743 4378; x_wconf 88' lang='lat' dir='ltr'><strong>delicietur,</strong></span> <span class='ocrx_word' id='word_1_597' title='bbox 1787 4329 1905 4367; x_wconf 91' lang='lat' dir='ltr'><strong>non</strong></span> <span class='ocrx_word' id='word_1_598' title='bbox 1939 4312 2126 4379; x_wconf 90' lang='lat' dir='ltr'><strong>ludat,</strong></span> 
     </span>
    </p>
   </div>
   <div class='ocr_carea' id='block_1_81' title="bbox 488 4400 2126 4470">
    <p class='ocr_par' dir='ltr' id='par_1_81' title="bbox 488 4400 2126 4470">
     <span class='ocr_line' id='line_1_81' title="bbox 488 4400 2126 4470; baseline -0.001 -13"><span class='ocrx_word' id='word_1_599' title='bbox 488 4416 610 4457; x_wconf 91' lang='lat' dir='ltr'><strong>non</strong></span> <span class='ocrx_word' id='word_1_600' title='bbox 650 4400 1062 4465; x_wconf 83' lang='lat' dir='ltr'><strong>excandescat,</strong></span> <span class='ocrx_word' id='word_1_601' title='bbox 1096 4416 1218 4456; x_wconf 93' lang='lat' dir='ltr'><strong>non</strong></span> <span class='ocrx_word' id='word_1_602' title='bbox 1259 4400 1598 4470; x_wconf 83' lang='lat' dir='ltr'><strong>fornicatur,</strong></span> <span class='ocrx_word' id='word_1_603' title='bbox 1633 4417 1752 4457; x_wconf 88' lang='lat' dir='ltr'><strong>non</strong></span> <span class='ocrx_word' id='word_1_604' title='bbox 1785 4401 2126 4466; x_wconf 86' lang='lat' dir='ltr'><strong>inebrietur,</strong></span> 
     </span>
    </p>
   </div>
   <div class='ocr_carea' id='block_1_82' title="bbox 489 4489 2131 4563">
    <p class='ocr_par' dir='ltr' id='par_1_82' title="bbox 489 4489 2131 4563">
     <span class='ocr_line' id='line_1_82' title="bbox 489 4489 2131 4563; baseline -0.001 -17"><span class='ocrx_word' id='word_1_605' title='bbox 489 4505 610 4546; x_wconf 92' lang='lat' dir='ltr'><strong>non</strong></span> <span class='ocrx_word' id='word_1_606' title='bbox 626 4496 944 4560; x_wconf 89' lang='lat' dir='ltr'><strong>congreget</strong></span> <span class='ocrx_word' id='word_1_607' title='bbox 961 4505 1209 4545; x_wconf 91' lang='lat' dir='ltr'><strong>aurum:</strong></span> <span class='ocrx_word' id='word_1_608' title='bbox 1236 4489 1337 4545; x_wconf 91' lang='lat' dir='ltr'><strong>sed</strong></span> <span class='ocrx_word' id='word_1_609' title='bbox 1355 4490 1541 4562; x_wconf 76' lang='lat' dir='ltr'><strong>quid?</strong></span> <span class='ocrx_word' id='word_1_610' title='bbox 1555 4496 1697 4556; x_wconf 92' lang='lat' dir='ltr'><strong>oret,</strong></span> <span class='ocrx_word' id='word_1_611' title='bbox 1723 4490 1942 4563; x_wconf 82' lang='lat' dir='ltr'><strong>lugeat,</strong></span> <span class='ocrx_word' id='word_1_612' title='bbox 1960 4490 2131 4562; x_wconf 77' lang='lat' dir='ltr'><strong>hym-</strong></span> 
     </span>
    </p>
   </div>
   <div class='ocr_carea' id='block_1_83' title="bbox 489 4578 2135 4651">
    <p class='ocr_par' dir='ltr' id='par_1_83' title="bbox 489 4578 2135 4651">
     <span class='ocr_line' id='line_1_83' title="bbox 489 4578 2135 4651; baseline -0.001 -16"><span class='ocrx_word' id='word_1_613' title='bbox 489 4594 600 4635; x_wconf 89' lang='lat' dir='ltr'><strong>nos</strong></span> <span class='ocrx_word' id='word_1_614' title='bbox 631 4583 844 4644; x_wconf 89' lang='lat' dir='ltr'><strong>cantet,</strong></span> <span class='ocrx_word' id='word_1_615' title='bbox 879 4578 1166 4634; x_wconf 86' lang='lat' dir='ltr'><strong>mandata</strong></span> <span class='ocrx_word' id='word_1_616' title='bbox 1190 4594 1297 4651; x_wconf 89' lang='lat' dir='ltr'><strong>pro</strong></span> <span class='ocrx_word' id='word_1_617' title='bbox 1331 4578 1553 4635; x_wconf 87' lang='lat' dir='ltr'><strong>viribus</strong></span> <span class='ocrx_word' id='word_1_618' title='bbox 1586 4587 1799 4643; x_wconf 89' lang='lat' dir='ltr'><strong>servet,</strong></span> <span class='ocrx_word' id='word_1_619' title='bbox 1833 4579 2042 4650; x_wconf 89' lang='lat' dir='ltr'><strong>paucis</strong></span> <span class='ocrx_word' id='word_1_620' title='bbox 2058 4580 2135 4635; x_wconf 81' lang='lat' dir='ltr'><strong>sit</strong></span> 
     </span>
    </p>
   </div>
   <div class='ocr_carea' id='block_1_84' title="bbox 488 4666 2132 4741">
    <p class='ocr_par' dir='ltr' id='par_1_84' title="bbox 488 4666 2132 4741">
     <span class='ocr_line' id='line_1_84' title="bbox 488 4666 2132 4741; baseline 0 -18"><span class='ocrx_word' id='word_1_621' title='bbox 488 4672 823 4733; x_wconf 89' lang='lat' dir='ltr'><strong>contentus,</strong></span> <span class='ocrx_word' id='word_1_622' title='bbox 865 4666 1111 4723; x_wconf 88' lang='lat' dir='ltr'><strong>humilia</strong></span> <span class='ocrx_word' id='word_1_623' title='bbox 1134 4671 1350 4739; x_wconf 86' lang='lat' dir='ltr'><strong>sapiat,</strong></span> <span class='ocrx_word' id='word_1_624' title='bbox 1394 4668 1738 4741; x_wconf 83' lang='lat' dir='ltr'><strong>proximum</strong></span> <span class='ocrx_word' id='word_1_625' title='bbox 1755 4669 1980 4738; x_wconf 88' lang='lat' dir='ltr'><strong>diligat,</strong></span> <span class='ocrx_word' id='word_1_626' title='bbox 2012 4684 2132 4723; x_wconf 93' lang='lat' dir='ltr'><strong>non</strong></span> 
     </span>
    </p>
   </div>
   <div class='ocr_carea' id='block_1_85' title="bbox 488 4755 2136 4829">
    <p class='ocr_par' dir='ltr' id='par_1_85' title="bbox 488 4755 2136 4829">
     <span class='ocr_line' id='line_1_85' title="bbox 488 4755 2136 4829; baseline -0.001 -15"><span class='ocrx_word' id='word_1_627' title='bbox 488 4756 771 4829; x_wconf 89' lang='lat' dir='ltr'><strong>loquatur</strong></span> <span class='ocrx_word' id='word_1_628' title='bbox 792 4755 1080 4813; x_wconf 88' lang='lat' dir='ltr'><strong>adversus</strong></span> <span class='ocrx_word' id='word_1_629' title='bbox 1109 4756 1370 4824; x_wconf 80' lang='lat' dir='ltr'><strong>fratrem,</strong></span> <span class='ocrx_word' id='word_1_630' title='bbox 1392 4774 1510 4813; x_wconf 91' lang='lat' dir='ltr'><strong>non</strong></span> <span class='ocrx_word' id='word_1_631' title='bbox 1541 4757 1820 4827; x_wconf 90' lang='lat' dir='ltr'><strong>invideat,</strong></span> <span class='ocrx_word' id='word_1_632' title='bbox 1852 4774 1971 4813; x_wconf 89' lang='lat' dir='ltr'><strong>non</strong></span> <span class='ocrx_word' id='word_1_633' title='bbox 2007 4774 2136 4813; x_wconf 89' lang='lat' dir='ltr'><strong>suc-</strong></span> 
     </span>
    </p>
   </div>
   <div class='ocr_carea' id='block_1_86' title="bbox 489 4846 2137 4919">
    <p class='ocr_par' dir='ltr' id='par_1_86' title="bbox 489 4846 2137 4919">
     <span class='ocr_line' id='line_1_86' title="bbox 489 4846 2137 4919; baseline 0.001 -17"><span class='ocrx_word' id='word_1_634' title='bbox 489 4850 751 4913; x_wconf 90' lang='lat' dir='ltr'><strong>censeat,</strong></span> <span class='ocrx_word' id='word_1_635' title='bbox 780 4851 1026 4919; x_wconf 87' lang='lat' dir='ltr'><strong>paratus</strong></span> <span class='ocrx_word' id='word_1_636' title='bbox 1057 4846 1131 4901; x_wconf 89' lang='lat' dir='ltr'><strong>sit</strong></span> <span class='ocrx_word' id='word_1_637' title='bbox 1160 4848 1484 4918; x_wconf 89' lang='lat' dir='ltr'><strong>semperad</strong></span> <span class='ocrx_word' id='word_1_638' title='bbox 1504 4847 1819 4902; x_wconf 90' lang='lat' dir='ltr'><strong>subeunda</strong></span> <span class='ocrx_word' id='word_1_639' title='bbox 1843 4862 1949 4918; x_wconf 89' lang='lat' dir='ltr'><strong>pro</strong></span> <span class='ocrx_word' id='word_1_640' title='bbox 1980 4852 2137 4903; x_wconf 90' lang='lat' dir='ltr'><strong>recto</strong></span> 
     </span>
    </p>
   </div>
   <div class='ocr_carea' id='block_1_87' title="bbox 488 4934 2140 5007">
    <p class='ocr_par' dir='ltr' id='par_1_87' title="bbox 488 4934 2140 5007">
     <span class='ocr_line' id='line_1_87' title="bbox 488 4934 2140 5007; baseline 0.001 -17"><span class='ocrx_word' id='word_1_641' title='bbox 488 4934 841 4991; x_wconf 89' lang='lat' dir='ltr'><strong>discrimina</strong></span> <span class='ocrx_word' id='word_1_642' title='bbox 873 4951 886 4988; x_wconf 91' lang='lat'><strong>:</strong></span> <span class='ocrx_word' id='word_1_643' title='bbox 923 4941 1133 5007; x_wconf 66' lang='lat' dir='ltr'><strong>praster</strong></span> <span class='ocrx_word' id='word_1_644' title='bbox 1161 4936 1390 4991; x_wconf 90' lang='lat' dir='ltr'><strong>bonum</strong></span> <span class='ocrx_word' id='word_1_645' title='bbox 1426 4936 1635 4999; x_wconf 87' lang='lat' dir='ltr'><strong>Deum,</strong></span> <span class='ocrx_word' id='word_1_646' title='bbox 1680 4935 1860 4991; x_wconf 89' lang='lat' dir='ltr'><strong>alium</strong></span> <span class='ocrx_word' id='word_1_647' title='bbox 1894 4938 1953 4991; x_wconf 92' lang='lat' dir='ltr'><strong>in</strong></span> <span class='ocrx_word' id='word_1_648' title='bbox 1987 4945 2140 4992; x_wconf 83' lang='lat' dir='ltr'><strong>terra</strong></span> 
     </span>
    </p>
   </div>
   <div class='ocr_carea' id='block_1_88' title="bbox 490 5024 2138 5097">
    <p class='ocr_par' dir='ltr' id='par_1_88' title="bbox 490 5024 2138 5097">
     <span class='ocr_line' id='line_1_88' title="bbox 490 5024 2138 5097; baseline -0.001 -17"><span class='ocrx_word' id='word_1_649' title='bbox 490 5039 611 5080; x_wconf 90' lang='lat' dir='ltr'><strong>non</strong></span> <span class='ocrx_word' id='word_1_650' title='bbox 634 5024 908 5080; x_wconf 82' lang='lat' dir='ltr'><strong>formidet</strong></span> <span class='ocrx_word' id='word_1_651' title='bbox 938 5042 951 5080; x_wconf 90' lang='lat'><strong>:</strong></span> <span class='ocrx_word' id='word_1_652' title='bbox 978 5024 1099 5097; x_wconf 90' lang='lat' dir='ltr'><strong>regi</strong></span> <span class='ocrx_word' id='word_1_653' title='bbox 1145 5025 1449 5096; x_wconf 89' lang='lat' dir='ltr'><strong>subjectus</strong></span> <span class='ocrx_word' id='word_1_654' title='bbox 1491 5024 1565 5080; x_wconf 88' lang='lat' dir='ltr'><strong>sit</strong></span> <span class='ocrx_word' id='word_1_655' title='bbox 1602 5024 1659 5079; x_wconf 88' lang='lat' dir='ltr'><strong>in</strong></span> <span class='ocrx_word' id='word_1_656' title='bbox 1690 5024 1759 5079; x_wconf 90' lang='lat' dir='ltr'><strong>iis</strong></span> <span class='ocrx_word' id='word_1_657' title='bbox 1800 5024 1858 5078; x_wconf 92' lang='lat' dir='ltr'><strong>in</strong></span> <span class='ocrx_word' id='word_1_658' title='bbox 1916 5024 2138 5097; x_wconf 87' lang='lat' dir='ltr'><strong>quibus</strong></span> 
     </span>
    </p>
   </div>
   <div class='ocr_carea' id='block_1_89' title="bbox 492 5112 2139 5183">
    <p class='ocr_par' dir='ltr' id='par_1_89' title="bbox 492 5112 2139 5183">
     <span class='ocr_line' id='line_1_89' title="bbox 492 5112 2139 5183; baseline -0.001 -14"><span class='ocrx_word' id='word_1_659' title='bbox 492 5114 592 5170; x_wconf 91' lang='lat' dir='ltr'><strong>Dei</strong></span> <span class='ocrx_word' id='word_1_660' title='bbox 631 5113 986 5169; x_wconf 89' lang='lat' dir='ltr'><strong>mandatum</strong></span> <span class='ocrx_word' id='word_1_661' title='bbox 1008 5129 1127 5168; x_wconf 87' lang='lat' dir='ltr'><strong>non</strong></span> <span class='ocrx_word' id='word_1_662' title='bbox 1160 5112 1411 5168; x_wconf 88' lang='lat' dir='ltr'><strong>violatur</strong></span> <span class='ocrx_word' id='word_1_663' title='bbox 1441 5133 1453 5171; x_wconf 93' lang='lat'>:</span> <span class='ocrx_word' id='word_1_664' title='bbox 1486 5113 1737 5168; x_wconf 90' lang='lat' dir='ltr'><strong>honoret</strong></span> <span class='ocrx_word' id='word_1_665' title='bbox 1761 5114 2139 5183; x_wconf 82' lang='lat' dir='ltr'><strong>magistratus</strong></span> 
     </span>
    </p>
   </div>
   <div class='ocr_carea' id='block_1_90' title="bbox 492 5201 2141 5276">
    <p class='ocr_par' dir='ltr' id='par_1_90' title="bbox 492 5201 2141 5276">
     <span class='ocr_line' id='line_1_90' title="bbox 492 5201 2141 5276; baseline -0.002 -15"><span class='ocrx_word' id='word_1_666' title='bbox 492 5208 780 5276; x_wconf 89' lang='lat' dir='ltr'><strong>tanquam</strong></span> <span class='ocrx_word' id='word_1_667' title='bbox 794 5201 1128 5274; x_wconf 78' lang='lat' dir='ltr'><strong>disciplinas</strong></span> <span class='ocrx_word' id='word_1_668' title='bbox 1148 5201 1538 5257; x_wconf 86' lang='lat' dir='ltr'><strong>administros</strong></span> <span class='ocrx_word' id='word_1_669' title='bbox 1560 5219 1573 5256; x_wconf 90' lang='lat'>:</span> <span class='ocrx_word' id='word_1_670' title='bbox 1592 5202 1852 5271; x_wconf 84' lang='lat' dir='ltr'><strong>gaudeat</strong></span> <span class='ocrx_word' id='word_1_671' title='bbox 1873 5203 1931 5256; x_wconf 92' lang='lat' dir='ltr'><strong>in</strong></span> <span class='ocrx_word' id='word_1_672' title='bbox 1951 5202 2141 5257; x_wconf 87' lang='lat' dir='ltr'><strong>Domi-</strong></span> 
     </span>
    </p>
   </div>
   <div class='ocr_carea' id='block_1_91' title="bbox 2236 3324 3835 3405">
    <p class='ocr_par' dir='ltr' id='par_1_91' title="bbox 2236 3324 3835 3405">
     <span class='ocr_line' id='line_1_91' title="bbox 2236 3324 3835 3405; baseline -0.003 -21"><span class='ocrx_word' id='word_1_673' title='bbox 2236 3331 2575 3405; x_wconf 74' lang='grc' dir='ltr'>ἐκτρέφετε</span> <span class='ocrx_word' id='word_1_674' title='bbox 2615 3329 2780 3381; x_wconf 83' lang='grc' dir='ltr'>αύτὰ</span> <span class='ocrx_word' id='word_1_675' title='bbox 2816 3330 2875 3381; x_wconf 73' lang='grc' dir='ltr'>ἓν</span> <span class='ocrx_word' id='word_1_676' title='bbox 2916 3324 3191 3401; x_wconf 83' lang='grc' dir='ltr'>παιδείᾳ</span> <span class='ocrx_word' id='word_1_677' title='bbox 3226 3332 3333 3380; x_wconf 86' lang='grc' dir='ltr'>καὶ</span> <span class='ocrx_word' id='word_1_678' title='bbox 3370 3329 3678 3399; x_wconf 82' lang='grc' dir='ltr'>νουθεσίᾳ</span> <span class='ocrx_word' id='word_1_679' title='bbox 3719 3331 3835 3381; x_wconf 70' lang='grc' dir='ltr'><strong>Κυ-</strong></span> 
     </span>
    </p>
   </div>
   <div class='ocr_carea' id='block_1_92' title="bbox 2234 3418 3836 3497">
    <p class='ocr_par' dir='ltr' id='par_1_92' title="bbox 2234 3418 3836 3497">
     <span class='ocr_line' id='line_1_92' title="bbox 2234 3418 3836 3497; baseline -0.003 -24"><span class='ocrx_word' id='word_1_680' title='bbox 2234 3426 2396 3497; x_wconf 88' lang='grc' dir='ltr'>ρίου.</span> <span class='ocrx_word' id='word_1_681' title='bbox 2428 3419 2585 3472; x_wconf 84' lang='grc' dir='ltr'>Ὦστε</span> <span class='ocrx_word' id='word_1_682' title='bbox 2614 3422 2703 3471; x_wconf 87' lang='grc' dir='ltr'>καὶ</span> <span class='ocrx_word' id='word_1_683' title='bbox 2749 3424 2986 3490; x_wconf 76' lang='grc' dir='ltr'>γονεῦσιν</span> <span class='ocrx_word' id='word_1_684' title='bbox 3026 3419 3195 3489; x_wconf 83' lang='grc' dir='ltr'>ἔργον,</span> <span class='ocrx_word' id='word_1_685' title='bbox 3229 3418 3502 3491; x_wconf 78' lang='grc' dir='ltr'>εἰρηνεύειν</span> <span class='ocrx_word' id='word_1_686' title='bbox 3555 3418 3621 3469; x_wconf 80' lang='grc' dir='ltr'>τὰ</span> <span class='ocrx_word' id='word_1_687' title='bbox 3660 3420 3836 3485; x_wconf 85' lang='grc' dir='ltr'>τέκνα,</span> 
     </span>
    </p>
   </div>
   <div class='ocr_carea' id='block_1_93' title="bbox 2237 3505 3841 3582">
    <p class='ocr_par' dir='ltr' id='par_1_93' title="bbox 2237 3505 3841 3582">
     <span class='ocr_line' id='line_1_93' title="bbox 2237 3505 3841 3582; baseline -0.004 -19"><span class='ocrx_word' id='word_1_688' title='bbox 2237 3517 2534 3582; x_wconf 86' lang='grc' dir='ltr'>στοιχειοῦν</span> <span class='ocrx_word' id='word_1_689' title='bbox 2564 3512 2651 3560; x_wconf 83' lang='grc' dir='ltr'>καὶ</span> <span class='ocrx_word' id='word_1_690' title='bbox 2700 3506 2939 3560; x_wconf 84' lang='grc' dir='ltr'>πλάττειν</span> <span class='ocrx_word' id='word_1_691' title='bbox 2979 3505 3238 3569; x_wconf 76' lang='grc' dir='ltr'>εὐσεϐείας</span> <span class='ocrx_word' id='word_1_692' title='bbox 3280 3514 3610 3580; x_wconf 83' lang='grc' dir='ltr'>χαρακτῆρι.</span> <span class='ocrx_word' id='word_1_693' title='bbox 3642 3509 3707 3559; x_wconf 92' lang='grc' dir='ltr'>Τί</span> <span class='ocrx_word' id='word_1_694' title='bbox 3735 3505 3841 3558; x_wconf 84' lang='grc' dir='ltr'>λοι-</span> 
     </span>
    </p>
   </div>
   <div class='ocr_carea' id='block_1_94' title="bbox 2235 3593 3833 3668">
    <p class='ocr_par' dir='ltr' id='par_1_94' title="bbox 2235 3593 3833 3668">
     <span class='ocr_line' id='line_1_94' title="bbox 2235 3593 3833 3668; baseline -0.003 -17"><span class='ocrx_word' id='word_1_695' title='bbox 2235 3604 2328 3651; x_wconf 89' lang='grc' dir='ltr'><strong>πόν</strong></span> <span class='ocrx_word' id='word_1_696' title='bbox 2361 3615 2374 3665; x_wconf 88' lang='grc'><strong>;</strong></span> <span class='ocrx_word' id='word_1_697' title='bbox 2409 3595 2625 3660; x_wconf 81' lang='grc' dir='ltr'>δούλους</span> <span class='ocrx_word' id='word_1_698' title='bbox 2653 3593 2934 3657; x_wconf 84' lang='grc' dir='ltr'>δεσπόταις</span> <span class='ocrx_word' id='word_1_699' title='bbox 2966 3596 3352 3649; x_wconf 77' lang='grc' dir='ltr'>ὑποτάττεσθαι</span> <span class='ocrx_word' id='word_1_700' title='bbox 3380 3597 3512 3668; x_wconf 85' lang='grc' dir='ltr'>μετὰ</span> <span class='ocrx_word' id='word_1_701' title='bbox 3539 3594 3697 3667; x_wconf 79' lang='grc' dir='ltr'>φόϐου</span> <span class='ocrx_word' id='word_1_702' title='bbox 3740 3600 3833 3648; x_wconf 83' lang='grc' dir='ltr'>καὶ</span> 
     </span>
    </p>
   </div>
   <div class='ocr_carea' id='block_1_95' title="bbox 2236 3681 3844 3761">
    <p class='ocr_par' dir='ltr' id='par_1_95' title="bbox 2236 3681 3844 3761">
     <span class='ocr_line' id='line_1_95' title="bbox 2236 3681 3844 3761; baseline -0.002 -20"><span class='ocrx_word' id='word_1_703' title='bbox 2236 3693 2429 3761; x_wconf 89' lang='grc' dir='ltr'>τρόμου</span> <span class='ocrx_word' id='word_1_704' title='bbox 2459 3702 2470 3715; x_wconf 87' lang='grc'><strong>·</strong></span> <span class='ocrx_word' id='word_1_705' title='bbox 2505 3683 2706 3747; x_wconf 80' lang='grc' dir='ltr'>ἀδόλως</span> <span class='ocrx_word' id='word_1_706' title='bbox 2731 3690 2820 3738; x_wconf 85' lang='grc' dir='ltr'>καὶ</span> <span class='ocrx_word' id='word_1_707' title='bbox 2847 3684 3095 3757; x_wconf 75' lang='grc' dir='ltr'>εύψῦχως</span> <span class='ocrx_word' id='word_1_708' title='bbox 3125 3702 3139 3714; x_wconf 87' lang='grc'><strong>·</strong></span> <span class='ocrx_word' id='word_1_709' title='bbox 3160 3682 3294 3737; x_wconf 69' lang='grc' dir='ltr'>ἀλλὰ</span> <span class='ocrx_word' id='word_1_710' title='bbox 3322 3689 3411 3736; x_wconf 86' lang='grc' dir='ltr'>καὶ</span> <span class='ocrx_word' id='word_1_711' title='bbox 3434 3687 3552 3747; x_wconf 82' lang='grc' dir='ltr'>τοὺς</span> <span class='ocrx_word' id='word_1_712' title='bbox 3581 3681 3844 3748; x_wconf 82' lang='grc' dir='ltr'>δεσπότας</span> 
     </span>
    </p>
   </div>
   <div class='ocr_carea' id='block_1_96' title="bbox 2237 3769 3843 3847">
    <p class='ocr_par' dir='ltr' id='par_1_96' title="bbox 2237 3769 3843 3847">
     <span class='ocr_line' id='line_1_96' title="bbox 2237 3769 3843 3847; baseline -0.002 -18"><span class='ocrx_word' id='word_1_713' title='bbox 2237 3775 2467 3839; x_wconf 77' lang='grc' dir='ltr'>ἀνιέντας</span> <span class='ocrx_word' id='word_1_714' title='bbox 2487 3778 2580 3838; x_wconf 83' lang='grc' dir='ltr'>τὰς</span> <span class='ocrx_word' id='word_1_715' title='bbox 2619 3774 2850 3841; x_wconf 78' lang='grc' dir='ltr'>ἀπειλὰς,</span> <span class='ocrx_word' id='word_1_716' title='bbox 2896 3774 3165 3847; x_wconf 83' lang='grc' dir='ltr'>ἰσομοιρίᾳ</span> <span class='ocrx_word' id='word_1_717' title='bbox 3194 3769 3471 3847; x_wconf 77' lang='grc' dir='ltr'>φροντίδος</span> <span class='ocrx_word' id='word_1_718' title='bbox 3499 3776 3619 3834; x_wconf 85' lang='grc' dir='ltr'>τούς</span> <span class='ocrx_word' id='word_1_719' title='bbox 3644 3775 3843 3836; x_wconf 82' lang='grc' dir='ltr'>πάντας</span> 
     </span>
    </p>
   </div>
   <div class='ocr_carea' id='block_1_97' title="bbox 2237 3859 3839 3940">
    <p class='ocr_par' dir='ltr' id='par_1_97' title="bbox 2237 3859 3839 3940">
     <span class='ocr_line' id='line_1_97' title="bbox 2237 3859 3839 3940; baseline -0.002 -21"><span class='ocrx_word' id='word_1_720' title='bbox 2237 3868 2358 3940; x_wconf 81' lang='grc' dir='ltr'>ὀρᾷν</span> <span class='ocrx_word' id='word_1_721' title='bbox 2392 3883 2403 3895; x_wconf 89' lang='grc'>·</span> <span class='ocrx_word' id='word_1_722' title='bbox 2453 3862 2656 3927; x_wconf 88' lang='grc' dir='ltr'>εἰδότας</span> <span class='ocrx_word' id='word_1_723' title='bbox 2714 3865 2794 3916; x_wconf 88' lang='grc' dir='ltr'>ὃτι</span> <span class='ocrx_word' id='word_1_724' title='bbox 2846 3859 2913 3925; x_wconf 84' lang='grc' dir='ltr'>εἷς</span> <span class='ocrx_word' id='word_1_725' title='bbox 2977 3864 3165 3936; x_wconf 87' lang='grc' dir='ltr'>Κύριος</span> <span class='ocrx_word' id='word_1_726' title='bbox 3212 3864 3436 3930; x_wconf 86' lang='grc' dir='ltr'>πάντων,</span> <span class='ocrx_word' id='word_1_727' title='bbox 3494 3863 3520 3914; x_wconf 88' lang='lat'><strong>6</strong></span> <span class='ocrx_word' id='word_1_728' title='bbox 3552 3866 3701 3924; x_wconf 89' lang='grc' dir='ltr'>Θεός.</span> <span class='ocrx_word' id='word_1_729' title='bbox 3733 3864 3839 3918; x_wconf 81' lang='grc' dir='ltr'><strong>Καὶ</strong></span> 
     </span>
    </p>
   </div>
   <div class='ocr_carea' id='block_1_98' title="bbox 2256 3948 3842 4027">
    <p class='ocr_par' dir='ltr' id='par_1_98' title="bbox 2256 3948 3842 4027">
     <span class='ocr_line' id='line_1_98' title="bbox 2256 3948 3842 4027; baseline -0.001 -20"><span class='ocrx_word' id='word_1_730' title='bbox 2256 3955 2426 4024; x_wconf 77' lang='grc' dir='ltr'>αἰῶνι,</span> <span class='ocrx_word' id='word_1_731' title='bbox 2480 3961 2580 4007; x_wconf 85' lang='grc' dir='ltr'>τῶν</span> <span class='ocrx_word' id='word_1_732' title='bbox 2620 3952 2920 4027; x_wconf 81' lang='grc' dir='ltr'>ἀμφοτέρων</span> <span class='ocrx_word' id='word_1_733' title='bbox 2975 3950 3237 4026; x_wconf 76' lang='grc' dir='ltr'>ἀναίρεσις</span> <span class='ocrx_word' id='word_1_734' title='bbox 3272 3972 3284 3985; x_wconf 92' lang='grc'><strong>·</strong></span> <span class='ocrx_word' id='word_1_735' title='bbox 3329 3954 3377 4005; x_wconf 82' lang='grc' dir='ltr'>οἱ</span> <span class='ocrx_word' id='word_1_736' title='bbox 3428 3952 3615 4015; x_wconf 83' lang='grc' dir='ltr'>πάντες</span> <span class='ocrx_word' id='word_1_737' title='bbox 3673 3948 3734 4005; x_wconf 68' lang='grc' dir='ltr'><strong>δε</strong></span> <span class='ocrx_word' id='word_1_738' title='bbox 3787 3951 3842 4005; x_wconf 76' lang='grc' dir='ltr'>ἓν</span> 
     </span>
    </p>
   </div>
   <div class='ocr_carea' id='block_1_99' title="bbox 2310 4129 3847 4206">
    <p class='ocr_par' dir='ltr' id='par_1_99' title="bbox 2310 4129 3847 4206">
     <span class='ocr_line' id='line_1_99' title="bbox 2310 4129 3847 4206; baseline -0.003 -20"><span class='ocrx_word' id='word_1_739' title='bbox 2310 4136 2406 4186; x_wconf 83' lang='grc' dir='ltr'><strong>Διὰ</strong></span> <span class='ocrx_word' id='word_1_740' title='bbox 2459 4139 2606 4185; x_wconf 90' lang='grc' dir='ltr'>τοῦτο</span> <span class='ocrx_word' id='word_1_741' title='bbox 2640 4134 2993 4206; x_wconf 86' lang='grc' dir='ltr'>γρηγορητέον</span> <span class='ocrx_word' id='word_1_742' title='bbox 3045 4134 3201 4184; x_wconf 85' lang='grc' dir='ltr'>παντὶ</span> <span class='ocrx_word' id='word_1_743' title='bbox 3247 4138 3319 4202; x_wconf 84' lang='grc' dir='ltr'>τῷ</span> <span class='ocrx_word' id='word_1_744' title='bbox 3367 4129 3562 4184; x_wconf 84' lang='grc' dir='ltr'>θέλοντι</span> <span class='ocrx_word' id='word_1_745' title='bbox 3606 4131 3847 4189; x_wconf 76' lang='grc' dir='ltr'>σωθῆναι</span> 
     </span>
    </p>
   </div>
   <div class='ocr_carea' id='block_1_100' title="bbox 2238 4219 3839 4295">
    <p class='ocr_par' dir='ltr' id='par_1_100' title="bbox 2238 4219 3839 4295">
     <span class='ocr_line' id='line_1_100' title="bbox 2238 4219 3839 4295; baseline -0.002 -21"><span class='ocrx_word' id='word_1_746' title='bbox 2238 4223 2352 4274; x_wconf 82' lang='grc' dir='ltr'>κατ’</span> <span class='ocrx_word' id='word_1_747' title='bbox 2411 4221 2610 4280; x_wconf 74' lang='grc' dir='ltr'>έντολην</span> <span class='ocrx_word' id='word_1_748' title='bbox 2669 4221 2764 4293; x_wconf 74' lang='grc' dir='ltr'><strong>ζῇν</strong></span> <span class='ocrx_word' id='word_1_749' title='bbox 2805 4242 2817 4254; x_wconf 95' lang='grc'><strong>·</strong></span> <span class='ocrx_word' id='word_1_750' title='bbox 2870 4224 2942 4292; x_wconf 80' lang='grc' dir='ltr'>μὴ</span> <span class='ocrx_word' id='word_1_751' title='bbox 2994 4219 3218 4292; x_wconf 76' lang='grc' dir='ltr'>ὀμνύειν,</span> <span class='ocrx_word' id='word_1_752' title='bbox 3272 4223 3344 4292; x_wconf 71' lang='grc' dir='ltr'>μή</span> <span class='ocrx_word' id='word_1_753' title='bbox 3402 4221 3839 4295; x_wconf 73' lang='grc' dir='ltr'>μετεωρίζεσθαι,</span> 
     </span>
    </p>
   </div>
   <div class='ocr_carea' id='block_1_101' title="bbox 2239 4309 3845 4384">
    <p class='ocr_par' dir='ltr' id='par_1_101' title="bbox 2239 4309 3845 4384">
     <span class='ocr_line' id='line_1_101' title="bbox 2239 4309 3845 4384; baseline -0.001 -21"><span class='ocrx_word' id='word_1_754' title='bbox 2239 4316 2309 4384; x_wconf 81' lang='grc' dir='ltr'>μὴ</span> <span class='ocrx_word' id='word_1_755' title='bbox 2360 4310 2533 4383; x_wconf 80' lang='grc' dir='ltr'>γελᾷν,</span> <span class='ocrx_word' id='word_1_756' title='bbox 2583 4314 2654 4384; x_wconf 76' lang='grc' dir='ltr'>μὴ</span> <span class='ocrx_word' id='word_1_757' title='bbox 2707 4316 2923 4383; x_wconf 79' lang='grc' dir='ltr'>τρυφᾲν,</span> <span class='ocrx_word' id='word_1_758' title='bbox 2974 4312 3046 4381; x_wconf 78' lang='grc' dir='ltr'>μὴ</span> <span class='ocrx_word' id='word_1_759' title='bbox 3109 4309 3335 4375; x_wconf 76' lang='grc' dir='ltr'>παίζειν,</span> <span class='ocrx_word' id='word_1_760' title='bbox 3388 4312 3459 4381; x_wconf 81' lang='grc' dir='ltr'>μὴ</span> <span class='ocrx_word' id='word_1_761' title='bbox 3520 4310 3845 4381; x_wconf 85' lang='grc' dir='ltr'>θυμοῦσθαι,</span> 
     </span>
    </p>
   </div>
   <div class='ocr_carea' id='block_1_102' title="bbox 2238 4400 3840 4475">
    <p class='ocr_par' dir='ltr' id='par_1_102' title="bbox 2238 4400 3840 4475">
     <span class='ocr_line' id='line_1_102' title="bbox 2238 4400 3840 4475; baseline -0.003 -21"><span class='ocrx_word' id='word_1_762' title='bbox 2238 4407 2311 4473; x_wconf 79' lang='grc' dir='ltr'>μὴ</span> <span class='ocrx_word' id='word_1_763' title='bbox 2354 4404 2634 4475; x_wconf 85' lang='grc' dir='ltr'>πορνεύειν,</span> <span class='ocrx_word' id='word_1_764' title='bbox 2685 4404 2755 4472; x_wconf 79' lang='grc' dir='ltr'>μὴ</span> <span class='ocrx_word' id='word_1_765' title='bbox 2810 4401 3036 4472; x_wconf 81' lang='grc' dir='ltr'>μεθύειν,</span> <span class='ocrx_word' id='word_1_766' title='bbox 3082 4403 3154 4471; x_wconf 81' lang='grc' dir='ltr'>μὴ</span> <span class='ocrx_word' id='word_1_767' title='bbox 3200 4400 3537 4473; x_wconf 83' lang='grc' dir='ltr'>θησαυρίζειν</span> <span class='ocrx_word' id='word_1_768' title='bbox 3579 4402 3784 4471; x_wconf 84' lang='grc' dir='ltr'>χρυσόν</span> <span class='ocrx_word' id='word_1_769' title='bbox 3824 4414 3840 4429; x_wconf 85' lang='grc'>⁶</span> 
     </span>
    </p>
   </div>
   <div class='ocr_carea' id='block_1_103' title="bbox 2242 4485 3846 4562">
    <p class='ocr_par' dir='ltr' id='par_1_103' title="bbox 2242 4485 3846 4562">
     <span class='ocr_line' id='line_1_103' title="bbox 2242 4485 3846 4562; baseline -0.002 -21"><span class='ocrx_word' id='word_1_770' title='bbox 2242 4488 2369 4542; x_wconf 79' lang='grc' dir='ltr'>ἀλλὰ</span> <span class='ocrx_word' id='word_1_771' title='bbox 2423 4494 2517 4550; x_wconf 74' lang='grc' dir='ltr'><strong>τίς</strong></span> <span class='ocrx_word' id='word_1_772' title='bbox 2594 4490 3010 4562; x_wconf 86' lang='grc' dir='ltr'>προσεύχεσθαι,</span> <span class='ocrx_word' id='word_1_773' title='bbox 3088 4486 3446 4561; x_wconf 89' lang='grc' dir='ltr'>προσκλαίειν,</span> <span class='ocrx_word' id='word_1_774' title='bbox 3516 4485 3846 4558; x_wconf 87' lang='grc' dir='ltr'>ύμνολογεῖν,</span> 
     </span>
    </p>
   </div>
   <div class='ocr_carea' id='block_1_104' title="bbox 2242 4574 3849 4651">
    <p class='ocr_par' dir='ltr' id='par_1_104' title="bbox 2242 4574 3849 4651">
     <span class='ocr_line' id='line_1_104' title="bbox 2242 4574 3849 4651; baseline -0.002 -20"><span class='ocrx_word' id='word_1_775' title='bbox 2242 4577 2578 4631; x_wconf 72' lang='grc' dir='ltr'>ἕντολοποιεῖν</span> <span class='ocrx_word' id='word_1_776' title='bbox 2632 4580 2767 4629; x_wconf 89' lang='grc' dir='ltr'><strong>κατά</strong></span> <span class='ocrx_word' id='word_1_777' title='bbox 2832 4581 2887 4629; x_wconf 89' lang='grc' dir='ltr'>τὸ</span> <span class='ocrx_word' id='word_1_778' title='bbox 2950 4575 3191 4645; x_wconf 80' lang='grc' dir='ltr'>δυνατὸν,</span> <span class='ocrx_word' id='word_1_779' title='bbox 3251 4574 3665 4651; x_wconf 77' lang='grc' dir='ltr'>ὀλιγαρχεῖσθαι,</span> <span class='ocrx_word' id='word_1_780' title='bbox 3750 4594 3849 4627; x_wconf 81' lang='grc' dir='ltr'>τα-</span> 
     </span>
    </p>
   </div>
   <div class='ocr_carea' id='block_1_105' title="bbox 2240 4662 3850 4742">
    <p class='ocr_par' dir='ltr' id='par_1_105' title="bbox 2240 4662 3850 4742">
     <span class='ocr_line' id='line_1_105' title="bbox 2240 4662 3850 4742; baseline -0.003 -21"><span class='ocrx_word' id='word_1_781' title='bbox 2240 4673 2602 4742; x_wconf 80' lang='grc' dir='ltr'>πεινοφρονεῖν,</span> <span class='ocrx_word' id='word_1_782' title='bbox 2672 4666 2879 4740; x_wconf 81' lang='grc' dir='ltr'>ᾁγαπᾷν</span> <span class='ocrx_word' id='word_1_783' title='bbox 2933 4670 3018 4720; x_wconf 87' lang='grc' dir='ltr'><strong>τόν</strong></span> <span class='ocrx_word' id='word_1_784' title='bbox 3076 4666 3316 4731; x_wconf 90' lang='grc' dir='ltr'>πλησίον,</span> <span class='ocrx_word' id='word_1_785' title='bbox 3377 4669 3449 4738; x_wconf 80' lang='grc' dir='ltr'>μὴ</span> <span class='ocrx_word' id='word_1_786' title='bbox 3536 4662 3850 4717; x_wconf 88' lang='grc' dir='ltr'>καταλαλεῖν</span> 
     </span>
    </p>
   </div>
   <div class='ocr_carea' id='block_1_106' title="bbox 2243 4748 3853 4829">
    <p class='ocr_par' dir='ltr' id='par_1_106' title="bbox 2243 4748 3853 4829">
     <span class='ocr_line' id='line_1_106' title="bbox 2243 4748 3853 4829; baseline -0.002 -20"><span class='ocrx_word' id='word_1_787' title='bbox 2243 4753 2488 4829; x_wconf 80' lang='grc' dir='ltr'>ἀδελφοῦ,</span> <span class='ocrx_word' id='word_1_788' title='bbox 2532 4761 2603 4828; x_wconf 76' lang='grc' dir='ltr'>μὴ</span> <span class='ocrx_word' id='word_1_789' title='bbox 2660 4758 2879 4828; x_wconf 86' lang='grc' dir='ltr'>φθονεῖν,</span> <span class='ocrx_word' id='word_1_790' title='bbox 2929 4760 3000 4829; x_wconf 77' lang='grc' dir='ltr'>μὴ</span> <span class='ocrx_word' id='word_1_791' title='bbox 3055 4754 3407 4828; x_wconf 79' lang='grc' dir='ltr'>ὀργίζεσθαι⁶</span> <span class='ocrx_word' id='word_1_792' title='bbox 3458 4752 3665 4826; x_wconf 79' lang='grc' dir='ltr'>ἕτοιμον</span> <span class='ocrx_word' id='word_1_793' title='bbox 3714 4748 3853 4805; x_wconf 84' lang='grc' dir='ltr'>εἶναι</span> 
     </span>
    </p>
   </div>
   <div class='ocr_carea' id='block_1_107' title="bbox 2244 4840 3853 4920">
    <p class='ocr_par' dir='ltr' id='par_1_107' title="bbox 2244 4840 3853 4920">
     <span class='ocr_line' id='line_1_107' title="bbox 2244 4840 3853 4920; baseline -0.002 -23"><span class='ocrx_word' id='word_1_794' title='bbox 2244 4845 2322 4898; x_wconf 76' lang='grc' dir='ltr'>ἀεὶ</span> <span class='ocrx_word' id='word_1_795' title='bbox 2352 4849 2476 4918; x_wconf 80' lang='grc' dir='ltr'>πρὸς</span> <span class='ocrx_word' id='word_1_796' title='bbox 2521 4850 2638 4906; x_wconf 84' lang='grc' dir='ltr'>τοὺς</span> <span class='ocrx_word' id='word_1_797' title='bbox 2668 4845 2794 4920; x_wconf 68' lang='grc' dir='ltr'>ὑπὲρ</span> <span class='ocrx_word' id='word_1_798' title='bbox 2843 4852 2933 4898; x_wconf 89' lang='grc' dir='ltr'><strong>τοῦ</strong></span> <span class='ocrx_word' id='word_1_799' title='bbox 2981 4844 3181 4916; x_wconf 76' lang='grc' dir='ltr'>ἀγαθοῦ</span> <span class='ocrx_word' id='word_1_800' title='bbox 3232 4840 3530 4906; x_wconf 86' lang='grc' dir='ltr'>κινδύνους,</span> <span class='ocrx_word' id='word_1_801' title='bbox 3567 4845 3638 4915; x_wconf 81' lang='grc' dir='ltr'>μὴ</span> <span class='ocrx_word' id='word_1_802' title='bbox 3674 4840 3853 4914; x_wconf 79' lang='grc' dir='ltr'>φοϐεῖ-</span> 
     </span>
    </p>
   </div>
   <div class='ocr_carea' id='block_1_108' title="bbox 2246 4932 3852 5006">
    <p class='ocr_par' dir='ltr' id='par_1_108' title="bbox 2246 4932 3852 5006">
     <span class='ocr_line' id='line_1_108' title="bbox 2246 4932 3852 5006; baseline -0.002 -19"><span class='ocrx_word' id='word_1_803' title='bbox 2246 4936 2369 4987; x_wconf 87' lang='grc' dir='ltr'>σθαι</span> <span class='ocrx_word' id='word_1_804' title='bbox 2400 4933 2529 4992; x_wconf 79' lang='grc' dir='ltr'>πλὴν</span> <span class='ocrx_word' id='word_1_805' title='bbox 2562 4942 2694 4987; x_wconf 81' lang='grc' dir='ltr'>Θεοῦ</span> <span class='ocrx_word' id='word_1_806' title='bbox 2722 4940 2811 4986; x_wconf 90' lang='grc' dir='ltr'><strong>τοῦ</strong></span> <span class='ocrx_word' id='word_1_807' title='bbox 2865 4934 3083 5006; x_wconf 80' lang='grc' dir='ltr'>ἀγαθοῦ,</span> <span class='ocrx_word' id='word_1_808' title='bbox 3135 4932 3285 4985; x_wconf 79' lang='grc' dir='ltr'>ἄλλον</span> <span class='ocrx_word' id='word_1_809' title='bbox 3316 4935 3399 4985; x_wconf 69' lang='grc' dir='ltr'><strong>ἰπὶ</strong></span> <span class='ocrx_word' id='word_1_810' title='bbox 3433 4939 3531 5003; x_wconf 83' lang='grc' dir='ltr'>γῆς</span> <span class='ocrx_word' id='word_1_811' title='bbox 3572 4945 3585 4959; x_wconf 83' lang='grc'><strong>⁸</strong></span> <span class='ocrx_word' id='word_1_812' title='bbox 3625 4932 3852 4983; x_wconf 78' lang='grc' dir='ltr'>ὑποτάτ-</span> 
     </span>
    </p>
   </div>
   <div class='ocr_carea' id='block_1_109' title="bbox 2244 5019 3847 5097">
    <p class='ocr_par' dir='ltr' id='par_1_109' title="bbox 2244 5019 3847 5097">
     <span class='ocr_line' id='line_1_109' title="bbox 2244 5019 3847 5097; baseline -0.002 -22"><span class='ocrx_word' id='word_1_813' title='bbox 2244 5026 2430 5077; x_wconf 86' lang='grc' dir='ltr'>τεσθαι</span> <span class='ocrx_word' id='word_1_814' title='bbox 2456 5021 2667 5097; x_wconf 84' lang='grc' dir='ltr'>βασιλεῖ</span> <span class='ocrx_word' id='word_1_815' title='bbox 2712 5023 2760 5075; x_wconf 84' lang='grc' dir='ltr'>ἐν</span> <span class='ocrx_word' id='word_1_816' title='bbox 2788 5024 2862 5086; x_wconf 84' lang='grc' dir='ltr'>οἷς</span> <span class='ocrx_word' id='word_1_817' title='bbox 2916 5023 3090 5081; x_wconf 74' lang='grc' dir='ltr'>ἐντολὴ</span> <span class='ocrx_word' id='word_1_818' title='bbox 3126 5030 3258 5076; x_wconf 86' lang='grc' dir='ltr'>Θεοῦ</span> <span class='ocrx_word' id='word_1_819' title='bbox 3288 5026 3347 5074; x_wconf 83' lang='grc' dir='ltr'><strong>οῦ</strong></span> <span class='ocrx_word' id='word_1_820' title='bbox 3373 5019 3807 5096; x_wconf 81' lang='grc' dir='ltr'>παραϐλάπτεται</span> <span class='ocrx_word' id='word_1_821' title='bbox 3834 5040 3847 5052; x_wconf 67' lang='grc'><strong><em>⁸</em></strong></span> 
     </span>
    </p>
   </div>
   <div class='ocr_carea' id='block_1_110' title="bbox 2244 5105 3850 5188">
    <p class='ocr_par' dir='ltr' id='par_1_110' title="bbox 2244 5105 3850 5188">
     <span class='ocr_line' id='line_1_110' title="bbox 2244 5105 3850 5188; baseline -0.004 -24"><span class='ocrx_word' id='word_1_822' title='bbox 2244 5118 2399 5184; x_wconf 80' lang='grc' dir='ltr'>τιμᾷν</span> <span class='ocrx_word' id='word_1_823' title='bbox 2448 5114 2710 5188; x_wconf 78' lang='grc' dir='ltr'>ἄρχοντας</span> <span class='ocrx_word' id='word_1_824' title='bbox 2767 5115 2831 5174; x_wconf 84' lang='grc' dir='ltr'>ὡς</span> <span class='ocrx_word' id='word_1_825' title='bbox 2876 5108 3149 5173; x_wconf 86' lang='grc' dir='ltr'>διακόνους</span> <span class='ocrx_word' id='word_1_826' title='bbox 3198 5109 3437 5173; x_wconf 78' lang='grc' dir='ltr'>εὐταξίας</span> <span class='ocrx_word' id='word_1_827' title='bbox 3472 5124 3485 5139; x_wconf 79' lang='grc'><strong><em>⁸</em></strong></span> <span class='ocrx_word' id='word_1_828' title='bbox 3545 5112 3752 5183; x_wconf 88' lang='grc' dir='ltr'>χαίρειν</span> <span class='ocrx_word' id='word_1_829' title='bbox 3798 5105 3850 5159; x_wconf 72' lang='grc' dir='ltr'>ἓν</span> 
     </span>
    </p>
   </div>
   <div class='ocr_carea' id='block_1_111' title="bbox 2250 5195 3851 5276">
    <p class='ocr_par' dir='ltr' id='par_1_111' title="bbox 2250 5195 3851 5276">
     <span class='ocr_line' id='line_1_111' title="bbox 2250 5195 3851 5276; baseline -0.004 -21"><span class='ocrx_word' id='word_1_830' title='bbox 2250 5206 2426 5276; x_wconf 78' lang='grc' dir='ltr'>Κυρίῳ</span> <span class='ocrx_word' id='word_1_831' title='bbox 2474 5204 2731 5255; x_wconf 86' lang='grc' dir='ltr'>πάντοτε·</span> <span class='ocrx_word' id='word_1_832' title='bbox 2786 5200 2881 5253; x_wconf 80' lang='grc' dir='ltr'>κᾶν</span> <span class='ocrx_word' id='word_1_833' title='bbox 2914 5199 3173 5275; x_wconf 81' lang='grc' dir='ltr'>σύμϐασις</span> <span class='ocrx_word' id='word_1_834' title='bbox 3223 5195 3318 5253; x_wconf 85' lang='grc' dir='ltr'>εἶεν</span> <span class='ocrx_word' id='word_1_835' title='bbox 3370 5200 3634 5272; x_wconf 86' lang='grc' dir='ltr'>λυπηρῶν,</span> <span class='ocrx_word' id='word_1_836' title='bbox 3679 5197 3851 5269; x_wconf 79' lang='grc' dir='ltr'>εύχαο</span> 
     </span>
    </p>
   </div>
   <div class='ocr_carea' id='block_1_112' title="bbox 598 5294 2144 5371">
    <p class='ocr_par' dir='ltr' id='par_1_112' title="bbox 598 5298 2124 5371">
     <span class='ocr_line' id='line_1_112' title="bbox 598 5298 2124 5371; baseline 0.001 -18"><span class='ocrx_word' id='word_1_837' title='bbox 598 5302 669 5353; x_wconf 79' lang='grc'><strong>⁷³.</strong></span> <span class='ocrx_word' id='word_1_838' title='bbox 701 5302 749 5336; x_wconf 79' lang='grc'><strong>⁷⁵</strong></span> <span class='ocrx_word' id='word_1_839' title='bbox 779 5301 1081 5371; x_wconf 54' lang='grc' dir='ltr'>ἔθαψαν,</span> <span class='ocrx_word' id='word_1_840' title='bbox 1124 5304 1175 5355; x_wconf 87' lang='grc'>5.</span> <span class='ocrx_word' id='word_1_841' title='bbox 1251 5300 1301 5334; x_wconf 77' lang='grc' dir='ltr'><strong>⁷ο</strong></span> <span class='ocrx_word' id='word_1_842' title='bbox 1332 5298 1349 5353; x_wconf 95' lang='lat' dir='ltr'><strong>l</strong></span> <span class='ocrx_word' id='word_1_843' title='bbox 1378 5298 1506 5371; x_wconf 82' lang='lat' dir='ltr'><strong>Cor.</strong></span> <span class='ocrx_word' id='word_1_844' title='bbox 1527 5300 1773 5367; x_wconf 79' lang='lat' dir='ltr'><strong>xvn,22.</strong></span> <span class='ocrx_word' id='word_1_845' title='bbox 1849 5300 1896 5334; x_wconf 78' lang='grc'><strong>⁷⁷</strong></span> <span class='ocrx_word' id='word_1_846' title='bbox 1919 5299 2124 5371; x_wconf 82' lang='lat' dir='ltr'><strong>Matth.</strong></span> 
     </span>
    </p>
   </div>
   <div class='ocr_carea' id='block_1_113' title="bbox 2238 5294 3851 5371">
    <p class='ocr_par' dir='ltr' id='par_1_113' title="bbox 2238 5294 3851 5371">
     <span class='ocr_line' id='line_1_113' title="bbox 2238 5294 3851 5371; baseline -0.002 -17"><span class='ocrx_word' id='word_1_847' title='bbox 2238 5341 2246 5365; x_wconf 86' lang='lat'><strong>,</strong></span> <span class='ocrx_word' id='word_1_848' title='bbox 2291 5299 2377 5356; x_wconf 79' lang='grc'><strong>19.</strong></span> <span class='ocrx_word' id='word_1_849' title='bbox 2453 5301 2542 5355; x_wconf 79' lang='grc'><strong>⁷⁸1</strong></span> <span class='ocrx_word' id='word_1_850' title='bbox 2565 5302 2693 5358; x_wconf 91' lang='lat' dir='ltr'><strong>Cor.</strong></span> <span class='ocrx_word' id='word_1_851' title='bbox 2726 5315 2805 5367; x_wconf 83' lang='lat' dir='ltr'><strong>v1,</strong></span> <span class='ocrx_word' id='word_1_852' title='bbox 2829 5302 2916 5359; x_wconf 88' lang='grc'>15.</span> <span class='ocrx_word' id='word_1_853' title='bbox 2994 5300 3041 5335; x_wconf 77' lang='grc' dir='ltr'><strong>τ’</strong></span> <span class='ocrx_word' id='word_1_854' title='bbox 3066 5297 3279 5371; x_wconf 86' lang='lat' dir='ltr'><strong>Ephes.</strong></span> <span class='ocrx_word' id='word_1_855' title='bbox 3312 5312 3367 5364; x_wconf 90' lang='lat' dir='ltr'><strong>v,</strong></span> <span class='ocrx_word' id='word_1_856' title='bbox 3396 5300 3484 5354; x_wconf 88' lang='lat'><strong>33.</strong></span> <span class='ocrx_word' id='word_1_857' title='bbox 3557 5298 3604 5333; x_wconf 82' lang='grc' dir='ltr'><strong>⁸ο</strong></span> <span class='ocrx_word' id='word_1_858' title='bbox 3630 5294 3851 5368; x_wconf 88' lang='lat' dir='ltr'><strong>Ephes.</strong></span> 
     </span>
    </p>
   </div>
   <div class='ocr_carea' id='block_1_114' title="bbox 495 5370 1808 5444">
    <p class='ocr_par' dir='ltr' id='par_1_114' title="bbox 495 5370 1808 5444">
     <span class='ocr_line' id='line_1_114' title="bbox 495 5370 1808 5444; baseline -0.004 -14"><span class='ocrx_word' id='word_1_859' title='bbox 495 5389 572 5439; x_wconf 74' lang='grc' dir='ltr'>γι,</span> <span class='ocrx_word' id='word_1_860' title='bbox 612 5373 669 5431; x_wconf 81' lang='grc'>1.</span> <span class='ocrx_word' id='word_1_861' title='bbox 754 5373 797 5408; x_wconf 79' lang='grc'><strong>⁸¹</strong></span> <span class='ocrx_word' id='word_1_862' title='bbox 824 5370 995 5427; x_wconf 89' lang='lat' dir='ltr'><strong>Eccli.</strong></span> <span class='ocrx_word' id='word_1_863' title='bbox 1030 5371 1109 5439; x_wconf 77' lang='lat' dir='ltr'><strong>lii,</strong></span> <span class='ocrx_word' id='word_1_864' title='bbox 1147 5371 1230 5425; x_wconf 81' lang='grc' dir='ltr'>Η.</span> <span class='ocrx_word' id='word_1_865' title='bbox 1308 5371 1355 5406; x_wconf 69' lang='grc' dir='ltr'>θ’</span> <span class='ocrx_word' id='word_1_866' title='bbox 1385 5370 1601 5444; x_wconf 88' lang='lat' dir='ltr'><strong>Ephes.</strong></span> <span class='ocrx_word' id='word_1_867' title='bbox 1641 5387 1719 5440; x_wconf 84' lang='lat' dir='ltr'><strong>v1,</strong></span> <span class='ocrx_word' id='word_1_868' title='bbox 1756 5373 1808 5426; x_wconf 75' lang='grc'><strong>4.</strong></span> 
     </span>
    </p>
   </div>
   <div class='ocr_carea' id='block_1_115' title="bbox 1887 5370 2251 5428">
    <p class='ocr_par' dir='ltr' id='par_1_115' title="bbox 1887 5370 2251 5428">
     <span class='ocr_line' id='line_1_115' title="bbox 1887 5370 2251 5428; baseline -0.005 0"><span class='ocrx_word' id='word_1_869' title='bbox 1887 5371 1934 5406; x_wconf 80' lang='grc'><strong>³⁸</strong></span> <span class='ocrx_word' id='word_1_870' title='bbox 1954 5370 2103 5428; x_wconf 87' lang='lat' dir='ltr'><strong>Ibid.</strong></span> <span class='ocrx_word' id='word_1_871' title='bbox 2138 5371 2251 5427; x_wconf 84' lang='lat'><strong>5-9.</strong></span> 
     </span>
    </p>
   </div>
   <div class='ocr_carea' id='block_1_116' title="bbox 2052 5459 2281 5516">
    <p class='ocr_par' dir='ltr' id='par_1_116' title="bbox 2052 5459 2281 5516">
     <span class='ocr_line' id='line_1_116' title="bbox 2052 5459 2281 5516; baseline -0.004 -2"><span class='ocrx_word' id='word_1_872' title='bbox 2052 5459 2281 5516; x_wconf 74' lang='grc' dir='ltr'>ΝΟΤιΕ.</span> 
     </span>
    </p>
   </div>
   <div class='ocr_carea' id='block_1_117' title="bbox 566 5547 1268 5624">
    <p class='ocr_par' dir='ltr' id='par_1_117' title="bbox 566 5547 1268 5624">
     <span class='ocr_line' id='line_1_117' title="bbox 566 5547 1268 5624; baseline -0.006 -17"><span class='ocrx_word' id='word_1_873' title='bbox 566 5552 682 5623; x_wconf 82' lang='grc'><strong>(18)</strong></span> <span class='ocrx_word' id='word_1_874' title='bbox 713 5551 775 5607; x_wconf 85' lang='lat' dir='ltr'><strong>In</strong></span> <span class='ocrx_word' id='word_1_875' title='bbox 806 5549 937 5607; x_wconf 92' lang='lat' dir='ltr'><strong>cod.</strong></span> <span class='ocrx_word' id='word_1_876' title='bbox 974 5550 1111 5620; x_wconf 81' lang='lat' dir='ltr'><strong>Reg.</strong></span> <span class='ocrx_word' id='word_1_877' title='bbox 1140 5547 1268 5624; x_wconf 59' lang='grc' dir='ltr'>ρλγζ</span> 
     </span>
    </p>
   </div>
  </div>
