4036 6276
210 288 344 346 1401

1500 293 2007 353 EPISTOLARUM
2046 296 2184 353 LIB.
2228 297 2296 353 Il.

3430 298 3570 355 1402

210 421 408 488 ριστείν
466 418 641 491 Κυρίῳ
697 414 770 490 ἔφ’
813 416 891 479 οἷς
926 417 988 471 ἄν
1035 417 1279 493 οἰκονομῇ
1340 420 1407 472 τα
1460 420 1575 473 κατ’
1628 419 1804 476 αὐτόν.

1928 438 2000 478 no
2028 439 2303 495 semper:
2337 427 2410 495 et,
2435 423 2484 479 si
2510 423 2766 482 molesta
2786 422 3088 497 quapiam
3113 423 3413 489 accidant,
3436 438 3571 494 gra-

211 511 389 559 Ταῦτα
454 508 522 567 ὡς
578 504 627 558 ἐν
699 506 892 578 ὀλίγοις
968 508 1244 581 ὑπέμνησα
1297 514 1389 569 τήν
1466 509 1809 583 εύλογημένην

215 613 309 647 σου
359 594 545 666 ψυχήν
579 611 592 624 ⁸
645 595 725 647 ἵνα
772 600 1012 671 γνωρίσω
1069 599 1134 659 ὡς
1185 598 1340 671 φιλῶν
1394 598 1500 671 εἰμι
1555 602 1642 651 τὸν
1690 601 1809 672 ἱμόν

210 684 502 755 ὁμώνυμον,
560 689 650 737 καὶ
707 684 888 746 εὐσεϐῆ
948 683 1138 762 ἄνδρα,
1193 692 1281 740 καὶ
1335 686 1478 761 φίλον
1530 683 1809 762 διάπυρον,

210 774 330 827 Ἐὰν
390 770 449 826 δε
501 775 576 826 ἔτι
650 777 835 847 ζῶμεν,
909 778 985 829 ἔτι
1052 776 1361 849 λαλήσομεν,
1428 779 1505 830 ἔτι
1577 797 1814 852 παρακα-

209 861 442 935 λέσομεν,
500 865 576 915 ἔτι
629 862 1126 937 συμϐουλευσόμεθα
1178 866 1350 919 πάντα
1409 863 1635 941 δεύτερα
1681 867 1812 938 ἠγήο

213 953 413 1006 σασθαι
457 959 553 1015 τῆς
589 959 723 1006 Θεοῦ
750 951 972 1025 ἀγάπης.
1028 959 1102 1009 Τί
1164 958 1281 1030 γὰρ
1349 955 1663 1028 ὠφελήσει
1713 954 1811 1007 ἃν-

213 1051 481 1122 θρωπον,
522 1052 626 1104 ἑὰν
687 1050 828 1104 ὅλον
875 1055 983 1105 τόν
1039 1057 1283 1126 κόσμον
1343 1050 1662 1127 κερδήσῃ,
1709 1058 1810 1113 τήν

212 1134 282 1192 δι
318 1138 541 1211 ψυχήν
571 1140 768 1192 αύτοῦ
796 1140 1091 1215 ζημιωθῇ
1117 1158 1131 1209 ;
1154 1142 1231 1195 Ού
1257 1144 1505 1216 φύγοιμεν
1534 1159 1546 1172 ⁸
1576 1142 1811 1217 εὕροιμεν

212 1224 272 1281 δι
332 1227 467 1289 ἵλεος
539 1227 588 1281 ἓν
653 1230 822 1302 ἡμέρᾳ
894 1236 1135 1303 κρίσεως,
1193 1236 1284 1284 καὶ
1356 1235 1413 1285 τό
1469 1233 1603 1304 μετὰ
1677 1239 1811 1287 Θεοῦ

210 1318 452 1388 γενέσθαι
479 1315 527 1370 έν
552 1322 703 1390 χαρᾷ
733 1316 1057 1392 ἀνεκλαλήτῳ
1086 1319 1156 1383 εἰς
1183 1324 1299 1381 τοὺς
1324 1320 1535 1382 αἰῶνας.

290 1513 430 1567 PKI"
470 1513 700 1585 (l9).—
729 1514 1103 1590 Εὐφροσύνῃ
1145 1517 1491 1590 ἡγουμένῃ.
1536 1515 1729 1589 [χξα”]

1924 513 2032 567 tias
2054 512 2305 568 Domino
2317 518 2472 583 agat,
2491 529 2528 585 q
2539 528 2734 585 uoque
2748 513 2932 569 modo
2946 528 3037 568 res
3059 514 3246 585 ipsius
3261 512 3568 584 disponat.

1922 604 2057 657 Hac
2084 602 2291 673 paucis
2343 602 2613 672 suggessi
2644 602 2973 658 benedicta
3021 602 3238 657 anima
3285 608 3443 657 tua:
3512 607 3573 659 ut

1922 690 2235 747 ostendam
2255 707 2457 747 amare
2478 707 2571 747 me
2583 691 3006 761 cognominem
3034 706 3256 757 meum,
3282 691 3572 763 piumque

1922 780 2141 847 virum,
2175 786 2231 836 et
2256 782 2515 836 amicum
2550 780 2878 838 ardentem.
2915 780 3085 845 Quod
3113 781 3163 835 si
3193 781 3392 837 adhuc
3417 781 3572 836 vive-

1924 885 2079 935 mus,
2112 870 2310 926 adhuc
2347 869 2686 942 loquemur,
2715 870 2914 925 adhuc
2944 870 3340 937 hortabimur,
3370 869 3569 925 adhuc

1922 958 2335 1025 suadebimus,
2371 964 2434 1015 ut
2456 960 2662 1015 omnia
2690 958 2970 1015 inferiora
2998 959 3186 1015 ducas
3214 974 3421 1014 amore
3448 959 3569 1014 Dei.

1925 1048 2079 1115 Quid
2101 1048 2255 1105 enim
2279 1048 2547 1119 proderit
2582 1048 2808 1104 homini
2829 1048 2880 1104 si
2910 1049 3249 1104 universum
3280 1047 3571 1103 mundum

1924 1138 2431 1204 lucretur,anima
2443 1153 2579 1195 vero
2591 1136 3382 1207 detrimentumpaiiaiur“?
3394 1134 3569 1202 Quod

1920 1227 2256 1296 fugiamus:
2290 1232 2353 1283 ut
2379 1227 2755 1283 inveniamus
2776 1226 3249 1283 misericordiam
3273 1225 3336 1281 in
3366 1225 3462 1281 die
3477 1225 3573 1297 ju-

1920 1317 2080 1381 dicii,
2113 1322 2171 1373 et
2198 1333 2337 1373 cum
2366 1319 2482 1372 Deo
2509 1316 2698 1372 simus
2736 1316 2795 1372 in
2826 1315 3048 1387 gaudio
3079 1314 3464 1372 inenarrabili
3510 1313 3573 1369 in

1922 1406 2167 1463 sacula.

2170 1512 2394 1569 CXXIII.
2419 1542 2488 1553 —
2517 1511 2936 1583 Euphrosynai
2963 1511 3319 1582 praepositae.

742 1613 1064 1666 Monasterio
1098 1616 1441 1678 prapositam
1472 1614 1717 1664 hortatur
1742 1617 1803 1664 ut
1825 1626 1888 1664 eo
1923 1624 2145 1662 munere
2179 1614 2362 1661 sancte
2391 1623 2453 1660 ac
2488 1610 2746 1674 praeclare
2773 1610 3049 1673 fungatur.

281 1702 543 1763 ’Δκηκοώς
585 1705 675 1754 καὶ
715 1709 803 1754 νῦν
855 1705 930 1757 ὃτι
987 1706 1330 1780 παρεμυθήθη
1364 1723 1459 1757 σου
1491 1706 1520 1763 ἠ
1572 1708 1810 1777 τιμιότης
1847 1706 1892 1761 Β

208 1792 312 1845 ἀπὸ
341 1798 433 1843 τοῦ
482 1796 598 1865 περὶ
628 1795 721 1849 τήν
766 1797 1030 1866 μακαρίαν
1073 1797 1273 1866 μητέρα
1316 1795 1535 1858 πάθους,
1592 1793 1814 1867 εύχαρί-

210 1899 387 1938 στησα
440 1886 514 1950 τῷ
555 1885 730 1955 Κυρίῳ
763 1898 776 1911 ⁸
832 1881 888 1943 ὃς
934 1884 1182 1957 ἓγνώρισέ
1234 1901 1291 1935 σε
1340 1887 1431 1935 καὶ
1491 1881 1814 1955 φιλομήτορα

205 1970 606 2042 γνησιεύουσαν,
683 1974 773 2022 καὶ
832 1970 1061 2043 φιλόθεον
1119 1970 1497 2044 ἀριστεύουσαν
1526 1992 1539 2004 -
1608 1974 1665 2023 τὸ
1722 1974 1812 2043 μεν

209 2054 304 2112 διὰ
326 2065 417 2111 τοῦ
449 2056 781 2130 ἁγαπητικοῦ
809 2058 1049 2133 λυπηροῦ
1075 2077 1087 2090 ·
1123 2063 1181 2113 τό
1238 2057 1297 2113 δι
1342 2057 1437 2113 διὰ
1472 2067 1564 2113 τοῦ
1611 2078 1814 2132 συμμε-

205 2151 525 2223 μετρημένου
556 2147 948 2219 παρακλητικοῦ
982 2166 995 2179 ⁸
1051 2148 1104 2212 EE
1156 2149 1223 2201 ὧν
1282 2145 1677 2217 ἀποδέδεικται,
1733 2148 1813 2201 ὃτι

205 2241 523 2310 καὶμητέρα
549 2241 641 2289 καὶ
693 2242 815 2291 Θεὸν
845 2239 1149 2308 ἠγάπησας.
1202 2238 1363 2294 Ἀλλὰ
1420 2235 1599 2314 δεῦρο,
1632 2244 1809 2313 κυρία,

205 2330 481 2400 χαίρουσα
504 2330 593 2378 καὶ
642 2331 905 2401 τρέμουσα
942 2324 1133 2401 βάδιζε
1185 2332 1279 2386 τήν
1308 2324 1430 2380 ὀδόν
1488 2348 1581 2380 σου
1616 2346 1631 2362 ·
1680 2332 1812 2399 χαὶ-

205 2434 374 2490 ρουσα
428 2418 537 2486 μὲν,
599 2414 681 2467 ὁτι
736 2415 963 2479 ἠξίωσαι
1017 2419 1268 2479 τοιαύτης
1320 2421 1517 2491 μητρός
1576 2419 1812 2490 θυγάτηρ
1866 2466 1867 2471 η

204 2508 546 2577 χρηματίσαι
577 2523 590 2536 ·
647 2508 914 2577 τρέμουσα
965 2502 1044 2572 δι,
1090 2506 1169 2558 ὃτι
1222 2510 1278 2559 τὸ
1332 2513 1422 2567 τῆς
1481 2510 1814 2580 προστασίας

204 2597 608 2667 φροντιστήριον
641 2613 726 2646 σοι
780 2597 1027 2668 πάρεστιν
1057 2613 1069 2624 ·
1127 2595 1187 2647 οὗ
1236 2596 1342 2667 ούχ
1372 2597 1398 2648 ὀ
1441 2600 1619 2668 τυχὼν
1652 2594 1811 2667 ἀγὼν,

206 2680 331 2737 ούδε
382 2682 825 2758 εὐκαταφρόνητος
876 2685 902 2736 ὀ
950 2685 1143 2757 μισθός
1175 2703 1188 2717 ο
1251 2684 1381 2738 ἀλλὰ
1426 2690 1514 2738 καὶ
1556 2684 1673 2737 λίαν
1718 2684 1815 2757 ἁμ-

209 2774 488 2846 φοτέρωθεν
536 2776 594 2825 τὸ
651 2772 849 2845 ὕψωμα
902 2781 1010 2836 τοῖς
1066 2782 1184 2827 νοῦν
1237 2776 1451 2847 ἔχουσι.
1502 2778 1569 2828 Σὺ
1619 2770 1708 2827 οὖν
1748 2776 1813 2836 ὡς

209 2863 463 2935 ἕχέφρων,
516 2864 582 2922 ὡς
617 2867 825 2927 συνετὴ,
885 2866 955 2925 ὡς
1004 2864 1261 2937 μητρόθεν
1308 2864 1505 2935 ἠγμένη
1557 2862 1605 2915 έν
1660 2865 1813 2916 Πνεύ-

209 2969 355 3023 ματι,
421 2950 636 3023 ἄριστον
707 2948 820 3025 βίον
881 2954 971 3003 καὶ
1044 2956 1466 3024 κεκανονισμένον
1529 2948 1770 3005 διέλασον
1797 2978 1811 2993 ο

1993 1705 2141 1757 Cum
2173 1716 2331 1756 nunc
2361 1715 2602 1773 quoque
2634 1700 2836 1755 audivi
2870 1698 3160 1765 dolorem,
3189 1714 3370 1771 quem
3410 1713 3576 1753 reve-

1922 1791 2107 1846 rentia
2140 1798 2240 1846 tua
2273 1806 2347 1845 ex
2377 1790 2565 1845 beata
2598 1788 2802 1845 matris
2843 1788 3012 1844 obitu
3052 1792 3311 1859 ceperat,
3346 1786 3577 1858 mitiga-

1922 1885 2051 1936 tum
2091 1895 2251 1946 esse;
2285 1879 2376 1948 egi
2413 1878 2662 1934 Domino
2689 1878 2931 1950 gratias,
2968 1878 3068 1950 qui
3105 1883 3157 1932 te
3195 1883 3251 1932 et
3280 1877 3339 1932 in
3372 1876 3576 1933 matris

1919 1983 2128 2025 amore
2162 1968 2456 2024 sinceram
2496 1968 2757 2036 agnovit,
2790 1971 2846 2022 et
2874 1966 2934 2021 in
2978 1967 3073 2022 Dei
3099 1981 3303 2022 amore
3334 1964 3577 2037 praeel-

1920 2057 2141 2114 lentem
2160 2074 2173 2113 :
2190 2057 2334 2113 illud
2356 2055 2602 2130 quidem
2620 2071 2723 2127 per
2736 2056 2959 2112 amoris
2984 2054 3229 2127 plenam
3255 2054 3576 2120 tristitiam,

1920 2148 2035 2204 hoc
2060 2163 2196 2204 vero
2227 2163 2332 2215 per
2350 2151 2778 2216 congruentem
2803 2144 3276 2201 consolationem
3301 2165 3313 2204 :
3344 2161 3416 2201 ex
3442 2143 3577 2216 qui-

1921 2237 2035 2293 bus
2075 2238 2265 2310 patuit
2306 2235 2471 2309 quod
2524 2241 2580 2291 et
2622 2239 2875 2290 matrem
2917 2240 2974 2290 et
3026 2236 3211 2289 Deum
3253 2232 3575 2291 amaveris.

1924 2326 2035 2381 Sed
2078 2341 2209 2394 age,
2242 2324 2512 2389 domina,
2541 2322 2815 2393 gaudens
2843 2328 2899 2377 et
2928 2328 3188 2378 tremens
3221 2323 3376 2377 viam
3411 2327 3575 2377 tuam

1920 2413 2163 2468 insiste:
2218 2414 2488 2482 gaudens
2542 2411 2816 2483 quidem,
2850 2411 3015 2483 quod
3047 2410 3179 2467 talis
3213 2410 3417 2466 matris
3456 2409 3579 2465 ﬁlia

1921 2503 2037 2559 dici
2072 2503 2358 2559 merueris
2391 2519 2404 2557 :
2445 2502 2655 2557 timens
2695 2516 2858 2569 vero,
2887 2500 3031 2573 quia
3086 2500 3189 2555 tibi
3232 2498 3580 2555 monasterii

1920 2591 2278 2663 prafectura
2302 2590 2614 2654 incumbit,
2646 2590 2817 2661 cujus
2846 2588 3106 2645 nonleve
3138 2593 3440 2644 certamen
3466 2591 3579 2657 est,

1922 2696 2033 2736 nec
2061 2696 2287 2737 merces
2322 2679 2782 2745 contemnenda,
2824 2678 2929 2734 sed
2956 2678 3215 2733 sublime
3255 2683 3581 2748 utrumque

1922 2769 2086 2843 apud
2134 2785 2237 2826 eos
2275 2770 2380 2842 qui
2413 2774 2569 2825 recte
2610 2770 2870 2840 sapiunt.
2911 2768 2995 2822 Tu
3036 2783 3179 2837 ergo
3214 2771 3275 2822 ut
3312 2767 3581 2837 sapiens,

1926 2865 1987 2915 ut
2016 2859 2299 2930 prudens,
2325 2863 2617 2930 tanquam
2648 2873 2685 2914 a
2707 2863 2894 2913 matre
2915 2857 2974 2912 in
3002 2856 3213 2928 spiritu
3238 2855 3477 2922 educta,
3503 2854 3586 2909 vi-

1924 2953 2046 3006 tam
2078 2963 2189 3018 age
2205 2964 2392 3020 quam
2414 2948 2707 3018 optimam
2733 2953 2789 3002 et
2818 2945 3187 3020 regularem;
3226 2945 3476 3017 teipsam
3494 2959 3585 2999 so-

210 3042 373 3091 τύπον
425 3038 609 3098 ἑαυτήν
661 3041 919 3114 προθεῖσα
972 3038 1322 3113 ἀγαθοεργίας
1373 3047 1489 3103 ταῖς
1544 3037 1811 3113 ἀδελφαῖς.

1928 3038 2161 3095 roribus
2188 3038 2247 3092 in
2280 3036 2625 3107 exemplum
2656 3041 2810 3091 recte
2836 3034 3051 3105 agendi
3081 3049 3453 3106 proponens.
3494 3033 3584 3088 Vi-

206 3132 295 3186 Μή
327 3127 554 3201 νυστάξη
597 3131 655 3181 τὸ
705 3132 851 3201 ὄμμα
878 3136 968 3190 τῆς
1016 3126 1238 3204 καρδίας
1297 3149 1391 3183 σου
1438 3128 1539 3183 ἀπὸ
1589 3129 1817 3202 φυλακῆς

207 3224 308 3270 τῶν
338 3216 546 3269 ἐντολῶν
591 3223 684 3270 τοῦ
732 3224 893 3274 Θεοῦ.
931 3222 1016 3276 Μή
1053 3216 1225 3291 βύσῃς
1275 3222 1332 3272 τὸ
1381 3214 1466 3279 οὖς
1495 3215 1591 3281 τῆς
1629 3216 1819 3290 ψυχῆς

209 3304 497 3359 εἰσακούειν
563 3314 729 3376 φωνῆς
786 3303 1179 3369 διδασκαλικῆς
1206 3326 1218 3339 ·
1300 3303 1661 3379 διδασκομένη
1730 3310 1820 3359 καὶ

211 3390 557 3449 διδάσκουσα
588 3412 600 3425 ’
638 3395 958 3468 φωτιζομένη
1013 3400 1101 3448 καὶ
1152 3399 1454 3468 φωτίζουσα
1484 3413 1497 3425 ·
1559 3415 1819 3470 χιιραγω.

204 3488 434 3557 γουμένη
488 3488 579 3537 καὶ
633 3484 1045 3557 χειραγωγοῦσα
1075 3506 1088 3519 ·
1146 3489 1515 3560 προσαγομένη
1567 3493 1682 3555 Θεῷ
1731 3490 1821 3538 καὶ

206 3574 577 3648 προσάγουσα.
613 3574 897 3627 Ἀκουστὸν
947 3577 1024 3634 εἴη
1077 3576 1136 3629 τὸ
1187 3577 1347 3646 ὄνομά
1395 3593 1489 3627 σου
1544 3572 1591 3626 έν
1646 3573 1817 3646 ἀγαθῇ

207 3662 443 3735 πολιτείᾳ
470 3679 482 3693 °
516 3664 581 3723 ὡς
610 3663 672 3714 οἶν
703 3658 997 3726 δοξάζηται
1024 3666 1149 3724 Θεὸς
1189 3662 1236 3715 έν
1270 3668 1354 3717 σοὶ
1384 3667 1475 3716 καὶ
1514 3664 1563 3715 έν
1585 3670 1646 3735 τῇ
1690 3671 1819 3736 μονῇ

214 3768 312 3804 σου
337 3768 349 3781 ’
390 3756 461 3823 μή
517 3747 883 3823 χυδαιουμένη
916 3754 1054 3805 κατὰ
1104 3756 1197 3811 τήν
1229 3760 1328 3805 τῶν
1368 3752 1563 3805 πολλῶν
1603 3751 1821 3827 χλιαρό-

211 3858 365 3903 τητα,
423 3838 528 3891 ἀλλ’
596 3838 984 3912 ἁκριϐαξομένη
1040 3842 1174 3893 κατὰ
1229 3845 1323 3900 τήν
1398 3838 1658 3912 διαταγήν
1731 3848 1821 3893 τοῦ

214 3931 534 4002 Πνεύματος,
589 3926 638 3981 έν
692 3928 765 3982 ἐνὶ
827 3934 1138 4002 φρονήματι,
1194 3933 1242 3983 iv
1304 3930 1376 3983 ivi.
1446 3930 1714 4001 θελήματι,
1774 3933 1822 3983 iv

211 4024 315 4092 μιᾷ
337 4014 535 4093 καρδίᾳ
581 4036 635 4071 τε
687 4022 777 4071 καί
817 4018 998 4092 ψυχῇ,
1043 4024 1267 4091 μιμήσει
1319 4027 1417 4073 τῶν
1452 4018 1497 4081 ές
1544 4018 1823 4073 ἁποστολι·

211 4115 331 4169 καίς
378 4107 632 4180 Πράξεσιν
692 4109 1070 4181 ἱστορουμένων
1134 4108 1313 4180 ἁγίων.
1351 4108 1455 4161 Ἦν
1507 4111 1630 4182 γὰρ,
1673 4112 1820 4181 φησὶ,

211 4198 467 4251 πάντων
505 4201 618 4269 μία
656 4195 841 4268 ψυχή
883 4202 992 4251 καὶ
1030 4193 1304 4272 καρδία*
1347 4202 1455 4251 καὶ
1496 4195 1716 4259 ούδείς
1764 4217 1823 4251 τι

210 4294 337 4339 τῶν
376 4286 803 4357 ὑπαρχόντων
848 4286 1016 4357 αύτῷ
1052 4286 1261 4359 ἔλεγεν
1300 4283 1477 4339 ἴδιον
1519 4284 1701 4343 εἶναι.

1927 3127 2066 3198 gilet
2090 3126 2286 3182 cordis
2327 3126 2408 3182 tui
2438 3125 2648 3180 oculus
2679 3124 2757 3180 ad
2788 3123 3125 3179 custodiam
3158 3122 3583 3178 mandatorum

1929 3217 2048 3273 Dei.
2078 3219 2157 3273 Ne
2178 3214 2418 3271 obtures
2436 3230 2643 3270 aurem
2672 3214 2893 3269 anima
2908 3212 3359 3269 adaudiendam
3375 3226 3583 3267 vocem

1928 3304 2200 3361 docentis
2234 3321 2247 3359 :
2278 3303 2516 3359 discens
2561 3308 2616 3359 et
2656 3302 2902 3368 docens,
2935 3301 3139 3357 lumen
3185 3300 3485 3372 accipiens
3528 3303 3586 3356 et

1928 3395 2296 3460 illuminans,
2327 3392 2765 3449 manuductaet
2791 3390 3450 3459 manuducens,oblata
3465 3389 3584 3447 Deo

1929 3488 1989 3541 et
2017 3483 2292 3541 offerens.
2327 3480 2568 3539 Celebre
2599 3481 2676 3536 sit
2700 3496 2922 3537 nomen
2950 3485 3123 3536 tuum
3152 3481 3213 3535 in
3245 3480 3407 3535 bona
3446 3494 3587 3534 con-

1929 3573 2288 3641 versatione,
2318 3576 2381 3627 ut
2417 3570 2776 3641 gloriﬁcatur
2805 3573 2957 3625 Deus
2996 3571 3057 3625 in
3100 3577 3151 3625 te
3178 3576 3236 3624 et
3269 3569 3330 3624 in
3371 3583 3587 3624 mona—

1930 3661 2107 3719 sterio
2148 3667 2251 3717 tuo
2285 3677 2297 3717 :
2332 3677 2527 3733 neque
2555 3659 2699 3716 illud
2727 3658 3091 3716 dissolvatur
3121 3673 3226 3730 per
3259 3656 3586 3712 multarum

1932 3750 2319 3822 tepiditatem,
2348 3749 2454 3805 sed
2483 3749 2794 3821 diligenter
2825 3747 2883 3803 in
2916 3746 3112 3803 otﬁcio
3146 3750 3386 3802 maneat
3409 3746 3586 3817 juxta

1930 3840 2321 3896 directionem
2354 3839 2627 3911 Spiritus,
2655 3839 2715 3893 in
2748 3853 2866 3893 uno
2899 3852 3098 3902 sensu,
3129 3835 3191 3890 in
3226 3851 3345 3892 una
3375 3834 3586 3890 volun-

1932 3934 2069 3995 tate,
2098 3929 2154 3984 in
2186 3944 2305 3985 uno
2326 3928 2505 3985 corde
2536 3932 2593 3984 et
2620 3926 2846 3992 anima,
2872 3925 2951 3981 ad
2981 3924 3325 3997 exemplum
3352 3928 3586 3979 sancto-

1931 4035 2088 4085 rum,
2107 4018 2209 4091 qui
2240 4018 2301 4074 in
2324 4016 2570 4073 Actibus
2601 4014 2949 4087 apostolicis
2977 4018 3408 4070 memorantur.
3432 4013 3583 4070 Erat

1932 4108 2116 4175 enim,
2147 4106 2355 4179 inquit,
2375 4106 2638 4162 omnium
2660 4104 2860 4161 anima
2877 4120 3000 4161 una
3025 4107 3080 4161 et
3099 4118 3202 4159 cor
3230 4118 3415 4158 unum
3433 4120 3453 4158 :
3476 4116 3583 4158 nec

1931 4198 2244 4269 quisquam
2270 4211 2470 4254 eorum
2491 4210 2621 4266 quae
2634 4192 2984 4265 possidebat,
3014 4192 3247 4263 aliquid
3266 4207 3439 4248 suum
3466 4205 3586 4248 esse

1932 4286 2168 4343 dicebat
2185 4287 2255 4338 ⁸⁵.

291 4374 437 4433 Αὕτη
486 4375 593 4436 ζωὴ
637 4374 832 4448 ἀγαθή,
877 4378 1006 4434 αῦτη
1063 4380 1207 4449 μερὶς
1239 4380 1432 4449 Κυρίου
1466 4394 1479 4408 ’
1512 4384 1665 4430 τοῦτο
1718 4395 1820 4429 κοι-

1935 4431 1945 4440 ,
2004 4376 2139 4431 Hac
2153 4374 2314 4430 bona
2333 4378 2422 4430 est
2437 4373 2576 4442 vita,
2597 4372 2725 4428 hac
2743 4371 2938 4444 portio
2966 4369 3220 4436 Domini,
3237 4369 3348 4426 hoc
3371 4384 3580 4425 verum

214 4463 389 4518 νόϐιον
420 4463 677 4523 ἀληθινόν.
709 4464 787 4517 Οὔ
836 4460 895 4517 δὲ
925 4464 983 4517 ού
1010 4472 1194 4531 ταῦτα,
1247 4465 1543 4518 τούναντίον
1584 4461 1826 4524 δηλονότι

216 4554 404 4613 Ἠλικη
433 4572 518 4607 σοι
556 4556 707 4629 χαρὰ
748 4559 839 4607 καὶ
888 4551 1039 4619 δόξα,
1081 4556 1391 4627 τιμιωτάτη,
1443 4553 1572 4608 ἀλλὰ
1598 4558 1696 4627 γὰρ
1737 4560 1827 4608 καὶ⁹

218 4651 329 4707 τοῖς
368 4647 564 4707 τέκνοις
596 4663 715 4711 σου,
760 4644 1115 4707 ἁποστολικῶς
1170 4644 1534 4698 πολιτεύεσθαι
1569 4662 1581 4675 ⁸
1639 4664 1826 4717 πατρο-

220 4732 557 4808 παραδότως,
624 4735 850 4805 ἄγεσθαι
902 4733 1335 4808 εύγενοπρεπῶςὶ
1385 4741 1538 4787 τοῦτο
1594 4736 1694 4809 γὰρ
1752 4734 1829 4786 εύ-

219 4824 412 4896 γένειᾶ,
487 4825 774 4898 θεαρέστως
848 4824 964 4896 ζῇν,
1040 4823 1368 4896 ἁγιοπρεπῶς
1442 4823 1826 4890 πολιτεύεσθαι,

221 4916 367 4985 γένος
438 4912 570 4984 ὑμᾶς
625 4913 978 4985 χρηματίζειν
1035 4911 1286 4977 ἐκλεκτὸν,
1346 4916 1553 4987 σπέρμα
1605 4914 1826 4981 ἔντιμον,

224 5006 398 5067 τίνος;
455 5000 656 5064 Θέκλης
718 5004 913 5062 ἑκείνης
955 5009 1050 5063 τῆς
1100 5003 1571 5077 πρωτομάρτυρος.
1634 5000 1831 5076 Φεϐρω-

223 5096 358 5156 νέας,
413 5090 728 5165 Εύπραξίας,
761 5098 853 5143 τοῦ
908 5091 1025 5142 κατ’
1074 5090 1236 5151 αύτὰς
1268 5093 1404 5164 ἱεροῦ
1434 5096 1523 5144 καὶ
1570 5095 1830 5165 μακαρίου

225 5178 537 5251 καταλόγου.
606 5178 663 5233 Εἰ
716 5182 817 5252 γὰρ
893 5182 1089 5252 κόσμον
1162 5179 1486 5247 κατελίπατε,
1550 5179 1593 5233 εἰ
1665 5187 1831 5252 γονεῖς

304 5325 353 5361 ⁸⁴
378 5324 579 5383 Matth.
613 5341 732 5392 xvr,
759 5328 847 5381 26.
928 5325 977 5361 "
1004 5328 1127 5382 Act.
1161 5339 1239 5397 1v,
1270 5328 1360 5381 32.

1928 4463 2305 4521 canobium.
2364 4462 2468 4519 Ubi
2519 4477 2655 4518 vero
2683 4460 2813 4517 hac
2865 4476 2985 4515 non
3016 4465 3175 4525 sunt,
3217 4459 3579 4515 contrarium

1935 4555 2155 4627 utique.
2191 4554 2424 4619 Quanta
2452 4550 2653 4607 latitia
2682 4555 2739 4606 et
2773 4548 2963 4621 gloria
2994 4548 3120 4614 tibi,
3162 4546 3586 4604 reverendissi—

1936 4658 2056 4711 ma,
2086 4648 2140 4697 et
2169 4641 2402 4697 ﬁliabus
2434 4640 2572 4708 tuis,
2604 4638 2932 4710 apostolico
2954 4638 3170 4701 vivere,
3204 4637 3584 4693 traditionem

1936 4732 2221 4804 patritam
2252 4728 2563 4785 retinendo
2586 4727 2859 4784 nobiliter
2889 4742 3065 4797 agerc
3087 4726 3115 4782 ‘l
3138 4729 3269 4782 Hac
3302 4726 3462 4781 enim
3494 4728 3583 4780 est

1937 4820 2240 4888 nobilitas,
2273 4822 2582 4889 acceptam
2618 4820 2734 4873 Deo
2764 4817 2944 4873 vitam
2975 4816 3214 4879 ducere,
3240 4812 3585 4871 conversari

1936 4917 2001 4966 ut
2032 4913 2268 4966 sanctos
2297 4908 2487 4974 decet,
2521 4922 2711 4977 genus
2733 4906 2987 4963 electum
3014 4922 3121 4961 vos
3148 4904 3456 4976 appellari,
3494 4919 3588 4959 se-

1942 5015 2075 5055 men
2112 4997 2485 5063 honorabile,
2521 4996 2838 5068 cujusnam
2864 4995 2891 5051 ?
2929 4994 3154 5051 Thecla
3194 4993 3350 5049 illius
3392 4998 3588 5065 proto-

1942 5087 2237 5161 martyris,
2261 5086 2583 5153 Febronia,
2601 5084 2930 5157 Eupraxia,
2955 5089 3011 5139 et
3026 5083 3235 5155 reliqui
3252 5081 3585 5137 secundum

1941 5177 2073 5234 illas
2124 5178 2277 5233 sacri
2308 5193 2379 5233 ac
2418 5176 2577 5233 beati
2602 5174 2877 5244 catalogi.
2926 5172 3152 5229 Etenim
3185 5172 3232 5227 si
3281 5170 3577 5228 mundum

1803 5446 2031 5504 NOTAE.

319 5575 432 5649 (19)
460 5576 523 5633 In
549 5575 683 5633 cod.
718 5576 852 5649 Reg.
879 5575 1000 5651 ρλε’.
