4036 6276
495 282 633 339 “03

1759 285 1819 341 S.
1861 283 2225 341 THEODORI
2265 280 2592 342 STUDITAE

3706 284 3860 340 1404

492 407 827 479 reliquistis,
857 408 906 462 si
937 411 1214 479 parentes
1251 408 1615 478 abnegastis,
1655 409 1700 464 si
1734 408 2134 479 virginitatem

2254 409 2565 483 ἠρνήσασθε,
2625 410 2667 463 εἰ
2716 413 2995 483 παρθενίαν
3052 410 3263 478 εἵλεσθε,
3318 410 3361 464 εἰ
3420 418 3636 483 Χριστῷ
3696 410 3859 483 ἐνύμ-

493 496 771 564 elegistis,
797 496 847 551 si
871 496 1097 552 Christo
1117 497 1433 568 desponsae
1464 498 1627 566 estis,
1652 497 1699 552 si
1741 513 1992 569 regnum
2025 513 2137 552 cm-

491 585 686 641 lorum
700 584 1168 649 adamastis,cur
1191 601 1309 640 non
1332 586 1599 641 studium
1620 592 1884 642 vestrum
1907 603 2139 642 curam-

490 690 608 747 que
637 690 877 729 omnem
932 675 1010 730 ad
1041 676 1155 729 hoc
1183 674 1501 730 conferatis
1528 676 1557 728 ?
1596 676 1924 745 gaudentes
1971 674 2137 748 quod

492 764 591 821 tali
626 779 873 819 munere
896 770 949 818 et
972 766 1089 820 Deo
1115 763 1376 833 dignatas
1404 766 1562 829 estis,
1596 766 1881 835 dignitate
1906 766 2138 821 incom-

493 853 753 926 parabili
786 870 798 907 :
830 868 951 909 non
1002 853 1135 908 dico
1189 854 1522 910 secundum
1562 855 1864 911 humana:
1922 855 2139 912 umbra

492 943 653 999 enim
679 943 807 998 haec
834 947 972 998 sunt
1001 948 1057 999 et
1082 944 1335 1007 somnia,
1367 960 1502 1015 quae
1553 960 1690 999 cum
1723 945 1997 1016 praesenti
2031 961 2139 1000 sae-

494 1031 628 1087 culo
653 1031 1009 1087 interibunt:
1045 1032 1147 1087 sed
1178 1033 1510 1088 secundum
1557 1034 1920 1105 spiritualia:
1955 1034 2140 1105 siqui-

493 1122 633 1177 dem
664 1122 971 1190 virginitas
1002 1126 1057 1176 et
1083 1127 1404 1194 paupertas
1453 1123 1603 1178 inter
1655 1124 1918 1178 maxima
1974 1122 2139 1179 dona

490 1211 1075 1283 prtecipuum.0uod
1091 1211 1271 1266 sinon
1301 1212 1671 1267 exsatiantur
1696 1212 1799 1283 qui
1832 1213 1889 1267 in
1910 1213 2137 1269 mundo

499 1305 658 1366 sunt,
689 1305 745 1355 et
782 1300 1103 1372 acquirunt
1131 1300 1332 1356 inania
1354 1305 1410 1356 et
1441 1301 1701 1369 peritura
1728 1322 1738 1359 :
1769 1317 1954 1373 quam
1981 1301 2139 1357 insa-

496 1389 778 1446 turabiles
801 1405 909 1444 nos
939 1406 1069 1445 esse
1090 1390 1381 1445 debemus
1406 1391 1465 1445 in
1482 1390 1785 1463 perpetuis
1819 1396 1875 1445 et
1904 1391 2138 1446 inenar-

495 1478 783 1534 rabilibus
839 1478 1015 1534 bonis
1038 1480 1065 1535 ?
1097 1480 1304 1550 Utique
1335 1479 1558 1548 hortor,
1588 1480 1792 1551 utique
1837 1479 2086 1535 obsecro
2118 1502 2134 1536 :

496 1568 783 1641 acquirite
815 1567 1096 1633 ccnlestia,
1119 1568 1255 1624 ﬁliae
1280 1569 1378 1623 Dei
1407 1574 1612 1634 estote,
1646 1569 1866 1639 reginae
1900 1570 1958 1625 in
1985 1569 2136 1626 coelo

492 1658 794 1730 gloriosae,
820 1672 1055 1728 sponsae
1071 1657 1303 1723 Christi,
1330 1658 1537 1713 Christi
1565 1658 1926 1724 cobaaredes,
1951 1659 2050 1714 lux
2075 1659 2136 1714 in

2248 500 2484 570 φεύθητε,
2545 499 2587 551 εἰ
2644 496 2914 572 βασιλείαν
2981 500 3207 574 οὐρανῶν
3272 500 3599 571 ἠγαπήσατε,
3660 504 3715 552 τί
3770 504 3854 572 μή

2247 593 2418 641 πᾶσαν
2473 589 2613 659 ὑμῶν
2653 593 2746 647 τὴν
2801 587 3041 648 σπουδὴν
3079 593 3168 641 καὶ
3219 593 3467 662 μέριμναν
3506 592 3635 661 πρὸς
3694 596 3857 641 τοῦτο

2246 678 2438 748 ἔχοιτε,
2461 681 2755 750 χαίρουσαι
2784 678 2864 730 ὁτι
2893 681 3127 731 τοιούτου
3171 674 3452 730 θεοσδότου
3482 674 3654 753 δώρου
3684 678 3856 741 ἠξιω-

2248 768 2384 831 θητε,
2452 764 2743 838 ἀξιώματος
2798 767 3183 840 ἀνυπερϐλήτου
3216 782 3230 797 ⁶

2247 853 2542 923 ἀνθρώπινα
2603 857 2748 925 (σκιά
2801 858 2903 928 γὰρ
2964 864 3131 909 ταῦτα
3172 859 3261 909 καὶ
3312 855 3569 929 ὀνείρατα,
3629 860 3718 907 καὶ
3777 863 3860 925 τῷ

3292 767 3350 818 ού
3404 766 3537 837 λέγω
3591 770 3729 819 κατά
3783 768 3862 818 τὰ

2244 948 2462 1016 παρόντι
2504 943 2650 995 αἰῶνι
2709 944 3211 1017 συγκαταλυόμενα),
3269 943 3396 996 ἀλλά
3451 949 3540 997 καὶ
3591 947 3729 997 κατά
3783 948 3865 996 τὰ

2245 1034 2570 1105 πνευματικά
2602 1049 2615 1063 ·
2669 1035 2807 1108 εἴπερ
2885 1036 3135 1107 παρθενία
3185 1038 3274 1086 καὶ
3349 1032 3685 1105 ἀκτημοσύνη
3752 1042 3865 1086 τῶν

2246 1124 2501 1193 μεγίστων
2529 1117 2733 1193 δωρεῶν
2788 1124 2846 1175 τό
2901 1120 3194 1196 ἐξαίρετον;
3256 1127 3346 1175 καὶ
3403 1122 3447 1174 εἰ
3500 1120 3864 1179 ἀπληστεύον-

2246 1228 2335 1262 ται
2363 1212 2412 1263 οἱ
2450 1212 2585 1262 κατὰ
2611 1214 2807 1283 κόσμον
2845 1230 3132 1284 μετασχειν
3176 1219 3277 1264 τῶν
3306 1214 3537 1283 ματαίων
3565 1216 3654 1263 καὶ
3695 1210 3865 1263 ἀπολ-

2246 1298 2470 1371 λυμένων
2502 1318 2516 1333 ο
2570 1304 2624 1351 τί
2681 1304 2771 1352 καὶ
2829 1305 2994 1353 πόσον
3039 1303 3191 1372 ἡμεῖς
3240 1299 3502 1373 ὀφείλομεν
3560 1297 3867 1374 ἀδιορίστως

2248 1392 2387 1460 ἔχειν
2440 1388 2489 1441 ἐν
2546 1396 2655 1451 τοῖς
2706 1388 2993 1463 ἀμηρύτοις
3041 1395 3132 1443 καὶ
3190 1388 3551 1451 ἀνεκλαλήτοις
3593 1389 3859 1461 ἀγαθοῖς;

2245 1483 2369 1543 Ναὶ,
2436 1478 2753 1551 παρακαλῶ⁶
2808 1484 2914 1545 ναὶ,
2983 1478 3253 1548 ἀντιϐολῶ,
3309 1480 3723 1537 κατακτήσασθε
3789 1482 3867 1531 τά

2245 1566 2501 1641 adponam“
2551 1570 2788 1639 γένοισθε
2835 1576 2967 1623 Θεοῦ
3018 1571 3311 1643 θυγατέρες,
3367 1565 3639 1641 βασιλίδες
3696 1567 3865 1640 ούρα-

2244 1661 2534 1729 νοτίμητοι,
2579 1658 2811 1731 Χριστοῦ
2867 1661 3084 1730 νύμφαι,
3116 1664 3354 1731 Χριστοῦ
3407 1658 3858 1730 συγκληρονόμοι,

494 1746 743 1813 mundo,
780 1762 979 1801 sermo
1011 1753 1276 1815 sanctus,
1306 1748 1678 1803 conversatio
1706 1748 1884 1803 laude
1911 1747 2130 1817 digna:

2254 1755 2347 1819 φῶς
2388 1745 2437 1798 ἐν
2488 1752 2691 1820 κόσμῳ,
2744 1747 2952 1820 λάλημα
2996 1747 3161 1819 ἅγιον,
3214 1747 3501 1819 πολίτευμα
3533 1746 3860 1810 ἀξιέπαινον.

496 1842 557 1891 tu
587 1835 855 1909 quidem,
892 1835 1137 1890 domina
1168 1836 1413 1891 antistes
1464 1843 1521 1892 et
1576 1836 1635 1891 in
1671 1837 1899 1892 Christo
1938 1838 2136 1908 praesi-

494 1925 662 1990 dens,
684 1930 739 1979 et
758 1942 864 1979 vos
884 1924 1123 1993 egregia
1145 1925 1416 1996 pignora,
1443 1924 1577 1980 ﬁliae
1600 1942 1875 1997 supernae
1899 1926 2133 1981 Jerusa-

494 2013 631 2078 lem,
665 2014 724 2069 in
756 2014 981 2069 Christo
1011 2016 1146 2069 Jesu
1183 2015 1433 2070 Domino
1463 2021 1686 2080 nostro,
1721 2015 1813 2070 cui
1867 2015 2054 2085 gloria
2076 2015 2136 2071 in

496 2102 736 2160 sweula.
766 2108 974 2158 Amen.

674 2210 896 2267 CXXIV.
925 2241 987 2250 -—
1025 2210 1358 2267 Catechesis
1378 2211 1460 2267 ad
1471 2211 1792 2282 discipulos
1804 2227 1961 2269 suos.

2246 1840 2311 1889 Σύ
2349 1855 2402 1889 τε
2441 1838 2470 1894 ἠ
2504 1842 2659 1909 κυρία
2696 1839 3082 1909 καθηγουμένη,
3122 1842 3212 1889 καὶ
3247 1835 3295 1887 ἐν
3334 1844 3551 1909 Χριστῷ
3576 1838 3863 1911 ἄρχουσα,

2246 1928 2387 1996 ὑμεῖς
2440 1945 2492 1978 τι
2549 1928 2604 1977 αἱ
2659 1926 2977 1979 καλλίτεκνοι
3032 1927 3304 1997 θυγατέρες
3365 1933 3460 1987 τῆς
3515 1927 3618 1978 ἄνω
3666 1924 3865 1999 Ἰερου-

2250 2014 2448 2087 σαλὴμ,
2488 2016 2535 2067 ἓν
2585 2022 2799 2089 Χριστῷ
2831 2014 3007 2073 Ἰησοῦ
3037 2022 3108 2086 τῷ
3155 2021 3329 2086 Κυριῳ
3382 2017 3547 2087 ἡμῶν,
3579 2015 3618 2084 ᾧ
3648 2015 3676 2072 ἡ
3723 2010 3871 2076 δόξα

2249 2105 2320 2165 εἰς
2344 2107 2462 2166 τοὺς
2492 2104 2702 2167 αἰῶνας.
2737 2104 2925 2176 Ἀμην,

2250 2211 2554 2283 PKA’(29).
2603 2243 2671 2253 —
2730 2215 3155 2283 Karﬁxna’tgi
3187 2213 3344 2283 πρὸς
3406 2211 3553 2272 τοὺς
3618 2208 3866 2262 ἑαυτοῦ

2782 2281 2953 2355 μαθη
2969 2284 3045 2336 τά
3063 2304 3102 2345 ς.
3134 2281 3325 2356 [χξζ’.]

1329 2390 1529 2440 Horum
1560 2389 1929 2439 contentiones
1962 2391 2105 2439 inter
2134 2402 2211 2447 se,
2252 2393 2303 2438 et
2336 2388 2587 2453 quaedam
2610 2389 2717 2439 alia
2743 2389 2990 2452 castigat.

569 2487 992 2545 Catechesibus
1009 2501 1119 2557 ego
1141 2486 1385 2543 humilis
1409 2503 1653 2559 operam
1686 2488 1786 2553 do,
1808 2503 1928 2543 non
1950 2494 2142 2543 osten-

494 2575 738 2633 tationis
766 2574 983 2643 studio,
1017 2591 1211 2647 neque
1243 2591 1312 2631 ex
1340 2576 1598 2632 absurda
1634 2577 1846 2632 mentis
1863 2576 2139 2642 elatione,

494 2663 602 2718 sed
641 2680 713 2719 ex
748 2669 907 2718 metu
938 2678 1007 2720 ac
1065 2669 1339 2731 tremore,
1400 2679 1471 2719 ex
1498 2665 1676 2719 corde
1713 2664 1893 2719 anxio
1922 2670 1979 2721 et
2004 2664 2143 2719 cha-

494 2752 682 2817 ritate,
708 2753 913 2808 fratres
934 2758 1270 2825 patresque,
1300 2753 1563 2809 Amantis
1586 2752 1883 2825 siquidem
1902 2754 2140 2823 signum

498 2847 588 2897 est
615 2841 860 2897 sollicite
889 2840 1121 2898 docere.
1154 2842 1373 2912 Argue.
1408 2842 1619 2914 inquit,
1644 2842 1909 2913 increpa,
1930 2858 2142 2914 oppor-

498 2936 657 2996 tune,
692 2933 1029 2999 importrme
1074 2932 1143 2985 ⁸⁸.
1175 2931 1262 2985 Ad
1290 2931 1436 2996 haec,
1496 2930 1752 2995 hortare,
1809 2933 2053 2996 instrue,
2087 2937 2141 2989 et

497 3035 876 3092 quascunque
907 3019 1019 3075 alia
1065 3019 1246 3076 habet
1279 3020 1370 3074 lex
1410 3020 1506 3075 Dei
1565 3036 1633 3076 ac
1672 3021 1956 3093 praecipit.
1988 3021 2140 3089 Quid

496 3123 640 3177 ergo
663 3108 998 3178 signiﬁcare
1015 3108 1285 3163 volumus
1305 3109 1397 3164 his
1418 3108 1617 3164 verbis
1635 3108 1662 3163 ?
1678 3111 1755 3165 De
1778 3110 2101 3182 petulantia
2124 3126 2136 3165 :

496 3196 662 3269 quod
715 3197 791 3253 ad
823 3196 1225 3269 psalmodiam
1280 3214 1315 3253 a
1365 3197 1473 3269 piis
1501 3203 1557 3253 et
1586 3197 1876 3267 religiosis
1923 3198 2137 3265 vocati,

498 3300 617 3340 non
646 3286 796 3340 sicut
822 3284 993 3341 decet
1016 3286 1343 3341 convenitis
1371 3291 1427 3341 et
1478 3292 1715 3343 noctem
1746 3287 1961 3343 ducitis
1995 3306 2006 3343 :
2036 3287 2141 3343 sed

497 3375 556 3428 in
587 3375 908 3429 verborum
936 3374 1441 3439 contentionibus,
1487 3376 1817 3449 primisque
1849 3377 2143 3432 consessi—

499 3464 633 3518 bus.
667 3463 1012 3533 Anticipasti
1056 3470 1138 3529 tu,
1168 3464 1376 3535 inquit,
1413 3469 1469 3520 et
1491 3480 1584 3520 me
1611 3480 1731 3520 non
1764 3466 2140 3536 exspectasti.

499 3552 806 3622 Propriam
828 3568 1060 3608 caenam
1085 3553 1412 3623 sumpsisti,
1446 3559 1501 3609 et
1535 3569 1627 3608 me
1664 3569 1783 3609 non
1812 3554 2140 3613 advocasti.

500 3641 620 3708 Ego
652 3639 900 3695 chorum
934 3640 1312 3703 moderabor.
1354 3646 1408 3696 et
1450 3657 1570 3696 non
1602 3648 1680 3706 tu,
1710 3643 1921 3714 inqutt.
1955 3648 2141 3715 Atque

500 3727 629 3783 haec
658 3728 715 3782 in
750 3728 1041 3784 Ecclesia:
1076 3734 1252 3801 atque
1298 3729 1427 3784 hinc
1485 3730 1867 3785 audientibus
1897 3731 2007 3787 illis
2039 3731 2143 3803 qui

497 3817 824 3872 invitarunt
853 3834 863 3871 :
898 3834 967 3873 ex
994 3818 1215 3889 quibus
1248 3819 1331 3874 ira
1362 3820 1604 3891 quidem
1632 3819 1831 3875 divina
1878 3821 2145 3876 invisibi-

500 3905 595 3972 lis,
624 3905 795 3962 dolor
826 3923 965 3963 vero
996 3913 1051 3963 et
1076 3906 1324 3963 offensio
1369 3914 1571 3979 aperta
1628 3909 2021 3964 invitantium.
2056 3914 2143 3966 An

502 4000 857 4067 potestatem
891 4011 1008 4051 non
1036 3996 1286 4061 habetis,
1330 3997 1377 4051 si
1408 3997 1550 4068 quid
1585 3998 1870 4053 molestia:
1900 3999 2141 4063 incidat,

506 4083 783 4154 privatim
811 4086 1132 4141 accusandi
1163 4092 1390 4149 mutuo,
1415 4091 1469 4141 et
1495 4102 1630 4157 quae
1662 4093 1977 4143 occurrunt
2008 4103 2147 4142 con-

502 4172 745 4229 ciliandi
777 4189 883 4244 per
909 4173 1373 4229 satisfactionem
1406 4180 1461 4229 et
1490 4189 1818 4244 congruam
1848 4175 2146 4232 humilita-

2320 2485 2509 2560 Ἔργον
2561 2485 2660 2558 ἐγὼ
2725 2487 2751 2538 ό
2815 2490 3052 2549 ταπεινὸς
3110 2485 3398 2559 ἕργάζομαι
3451 2485 3498 2536 ίν
3554 2491 3669 2547 ταῖς
3731 2503 3865 2536 κατ-

2252 2580 2539 2648 ηχήσεσιν,
2571 2575 2664 2629 οὐκ
2711 2574 2764 2638 ἐξ
2811 2572 3227 2649 ἐπιτηδεύματος
3285 2582 3673 2647 φανητιασμοῦ,
3735 2571 3865 2627 ούδὶ

2252 2663 2352 2717 ἀπὸ
2393 2667 2753 2737 συνεπάρσεως
2798 2661 3035 2727 διανοίας
3066 2664 3341 2717 ἀλλοκότου
3367 2682 3380 2694 ·
3429 2664 3534 2716 ἀλλ’
3584 2667 3639 2716 ὲκ
3697 2662 3863 2734 φόϐου

2250 2758 2340 2807 καὶ
2376 2758 2590 2825 τρόμου,
2630 2754 2683 2817 ἐξ
2718 2754 2961 2808 ίπιπόνου
3016 2751 3242 2827 καρδίας
3289 2758 3379 2806 καὶ
3434 2752 3661 2824 ἀγάπης,
3708 2749 3862 2804 ἀδελ-

2178 2886 2220 2943 C
2251 2848 2335 2916 φοὶ
2376 2848 2466 2895 καὶ
2520 2848 2763 2918 Πατέρες.
2828 2847 2981 2916 Εἴπερ
3034 2842 3338 2915 ἀγαπῶντος
3392 2838 3586 2913 δεῖγμα
3640 2845 3698 2894 τό
3752 2840 3861 2893 ἐπι-

2249 2931 2413 3003 μελῶς
2468 2928 2754 2986 παιδεύειν.
2814 2932 3127 3004 Ἐλεγξον,
3188 2936 3368 3003 φησὶν,
3429 2930 3849 3002 ἐπιτίμησον,

2251 3021 2311 3073 si}
2325 3040 2354 3072 κ
2368 3041 2400 3073 α
2415 3026 2471 3094 ίρ
2486 3041 2577 3086 ως,
2657 3020 2729 3073 ἀκ
2745 3042 2776 3073 α
2791 3026 2846 3096 ίρ
2860 3044 2899 3073 ω
2918 3043 2957 3083 ς.
3022 3022 3163 3073 Ἐπεὶ
3193 3024 3281 3072 καὶ
3319 3020 3701 3092 παρακάλεσον,
3730 3038 3843 3068 νον-

2250 3112 2487 3177 θέτησον,
2537 3110 2636 3161 ὃσα
2682 3110 2811 3162 ἄλλα
2840 3112 2865 3161 ό
2896 3116 2988 3162 τοῦ
3046 3116 3178 3163 Θεοῦ
3228 3113 3383 3180 νόμος
3414 3110 3526 3179 ἔχει
3582 3112 3674 3159 καὶ
3728 3102 3843 3157 δια-

2247 3198 2520 3251 κελεύεται.
2554 3202 2618 3252 Τί
2663 3196 2729 3256 δη
2764 3196 2853 3251 οὖν
2895 3196 3138 3271 βούλεταί
3166 3218 3256 3269 μοι
3286 3199 3311 3249 ό
3363 3197 3509 3265 λόγος
3562 3192 3852 3252 ὑποδηλῶ-

2251 3307 2340 3341 σαι
2374 3304 2387 3354 ;
2420 3292 2546 3360 Περὶ
2589 3286 2805 3351 ἀταξίας
2837 3305 2850 3318 ⁶
2891 3290 2972 3339 ὅτι
2996 3287 3442 3360 προσκαλούμενοι
3483 3287 3585 3338 ὑπὸ
3632 3283 3857 3337 εὐσεϐῶν

2248 3376 2316 3436 εἰς
2364 3373 2681 3449 ψαλμῳδίας
2735 3394 2748 3407 ’
2781 3376 2839 3428 ού
2883 3379 3099 3428 κατὰτὸ
3132 3371 3395 3448 πρεπῶδες
3450 3373 3863 3447 συναθροίζεσθε

2248 3471 2337 3518 καὶ
2397 3466 2761 3537 παννυχίζετε,
2817 3464 2924 3517 ἀλλ’
2987 3464 3037 3517 ἕν
3100 3465 3451 3537 λογομαχίαις
3510 3467 3599 3515 καὶ
3656 3480 3864 3534 πρωτοο

2248 3554 2493 3615 κλισίαις.
2556 3553 2844 3626 Προῦλαϐες
2892 3557 2976 3619 σὺ,
3039 3559 3189 3626 φησὶ,
3250 3552 3382 3625 κάμὲ
3435 3552 3528 3605 οὐκ
3574 3550 3858 3622 ἀνέμεινας.

2248 3648 2317 3696 Τό
2392 3640 2531 3695 ἴδιον
2598 3639 2802 3695 δεῖπνον
2872 3645 3070 3715 ἔφαγες,
3144 3641 3277 3714 κάμὲ
3353 3645 3414 3694 ού
3486 3638 3858 3699 συνεκάλεσας.

2251 3734 2386 3803 Ἐγὼ
2431 3738 2913 3806 κανοναρχήσαιμι,
2956 3730 3061 3783 ἀλλ’
3106 3730 3164 3784 ού
3211 3734 3296 3796 σύ,
3331 3734 3483 3803 φησί.
3538 3733 3639 3783 Καὶ
3690 3736 3864 3780 ταῦτα

2251 3819 2299 3873 ἓν
2347 3819 2629 3893 ἐκκλησίᾳ·
2664 3824 2752 3872 καὶ
2807 3827 2972 3872 ταῦτα
3011 3818 3301 3872 ἀκουόντων
3329 3827 3432 3871 τῶν
3483 3817 3810 3875 κεκληκότων
3846 3836 3859 3848 ·

2252 3909 2323 3982 ἐφ’
2356 3911 2433 3972 οἷς
2463 3909 2592 3983 ὀργὴ
2639 3912 2728 3980 μὲν
2777 3913 2902 3962 Θεοῦ
2936 3907 3172 3982 ἀοράτως
3210 3926 3221 3937 ·
3250 3908 3385 3965 λύπη
3431 3903 3489 3960 δι
3534 3912 3623 3959 καὶ
3683 3904 3860 3978 βλάϐη

2252 3998 2632 4070 ὁμολογουμένη
2690 4006 2790 4049 τῶν
2841 3996 3183 4052 κεκληκότων.
3235 4002 3320 4055 Μὴ
3370 3999 3472 4069 γάρ
3524 4002 3707 4067 χώραν
3766 3996 3864 4046 οὐκ

2252 4091 2431 4158 ἔχητε,
2460 4087 2503 4139 εἰ
2553 4091 2643 4139 καί
2673 4105 2724 4139 τι
2752 4091 2949 4157 γίνοιτο
2991 4086 3277 4151 θλιπτικόν,
3334 4086 3405 4146 εἰς
3456 4088 3514 4136 τό
3565 4081 3681 4156 ἰδίᾳ
3711 4086 3864 4155 ἐγκα-

2251 4177 2353 4231 λεῖν
2383 4175 2636 4241 ἀλλήλοις,
2687 4181 2777 4227 καὶ
2807 4177 2872 4227 τὰ
2928 4180 3295 4247 συμπίπτοντα
3352 4174 3730 4226 καταλλάσσειν
3783 4168 3859 4224 δι’

507 4266 622 4316 tem
645 4261 673 4316 ἲ
707 4238 818 4318 Sed
867 4263 1047 4318 frater
1082 4279 1218 4317 cum
1251 4263 1425 4318 fratre
1478 4238 1797 4330 contendit,
1853 4266 2142 4333 irascitur,

2256 4266 2537 4338 ἀπολογίας
2586 4264 2794 4326 καὶτῆς
2833 4238 3060 4326 δεούσης
3090 4269 3474 4327 ταπεινώσεως;
3529 4261 3661 4314 Ἀλλ’
3712 4258 3861 4313 ἀδελ-

505 4350 723 4420 injuria
737 4350 933 4416 afﬁcit,
954 4353 1294 4407 indecenter
1319 4367 1379 4407 se
1406 4355 1555 4422 gerit
1580 4355 1637 4407 in
1652 4354 1836 4408 oculis
1848 4356 2143 4411 omnium.

508 4440 551 4495 Ο
581 4441 965 4510 petulantiam
996 4440 1024 4495 τ
1049 4457 1084 4497 o
1116 4441 1376 4497 alienum
1408 4458 1443 4498 a
1502 4443 1812 4498 monachis
1843 4449 2148 4515 spectacu-

504 4526 628 4583 lum
660 4531 671 4587 l
701 4546 736 4584 o
768 4529 1110 4586 divinarum
1146 4529 1345 4599 legum
1375 4532 1824 4604 contemptum!
1922 4584 1958 4611 ι

578 4708 798 4763 Deinde
853 4723 1041 4763 causa
1094 4709 1417 4780 prmposito
1473 4709 1829 4765 attribuitur.
1858 4709 2031 4776 Talis,
2064 4710 2148 4765 in-

509 4797 745 4868 quiunt,
774 4797 1038 4867 magistri
1065 4796 1208 4852 tales
1238 4804 1293 4852 et
1321 4797 1617 4870 discipuli.
1661 4804 1871 4853 Annon
1900 4815 2147 4855 exosum

512 4901 607 4940 me
639 4885 706 4939 iis
735 4887 911 4940 etiam
942 4885 1043 4958 qui
1069 4887 1129 4940 in
1152 4887 1297 4942 urbe
1331 4892 1471 4941 sunt
1518 4887 1863 4942 reddidistis
1884 4887 1913 4941 ?
1936 4894 2149 4943 Annon

511 4974 864 5044 praeclarum
919 4990 1161 5043 nomen,
1222 4974 1388 5047 quod
1444 4975 1503 5029 in
1557 4984 1763 5031 sancta
1788 4975 2151 5032 fraternitate

513 5069 717 5118 nostra
734 5063 1100 5119 celebratum
1120 5064 1247 5129 fuit,
1274 5064 1332 5118 in
1356 5065 1716 5119 contrarium
1745 5067 2101 5122 convertitur
2121 5070 2149 5126 τ

513 5153 798 5223 Pugnatis
824 5158 879 5208 et
910 5152 1266 5225 belligeratis
1296 5171 1308 5207 :
1350 5152 1661 5208 comeditis
1687 5160 1743 5209 et
1774 5154 1994 5224 bibitis,
2030 5172 2150 5212 non

583 5306 630 5341 ⁸⁸
664 5304 710 5359 ΙΙ
736 5305 882 5361 Tim.
912 5321 987 5369 ιν,
1021 5308 1073 5359 2.

2258 4359 2351 4429 φὸς
2388 4355 2497 4427 μετ’
2541 4350 2765 4426 ἀδελφοῦ
2805 4355 3059 4425 μάχεται,
3103 4354 3395 4425 ὀργίζεται,
3428 4350 3649 4424 ὑϐρίζει,
3684 4350 3859 4421 ἀσχη-

2258 4452 2419 4519 μονεῖ,
2478 4442 2561 4495 ἐπὶ
2608 4449 2893 4518 προσώπου
2952 4444 3175 4497 πάντων.
3233 4442 3304 4494 Ὠ
3350 4450 3443 4503 τῆς
3499 4440 3764 4503 ἀταξίαςέ
3821 4445 3859 4490 ὢ

2258 4543 2353 4595 τῆς
2404 4531 2677 4605 ἀμονάχου
2710 4531 2973 4603 θεωρίαςῖ
3036 4536 3076 4583 ὤ
3129 4539 3222 4594 τῆς
3268 4535 3705 4605 καταφρονήσεως
3762 4537 3859 4580 τῶν

2263 4624 2407 4674 θείων
2436 4625 2602 4693 νόμων
2646 4621 2657 4672 i

2331 4707 2459 4763 Εἶτα
2516 4712 2545 4767 ἡ
2615 4710 2761 4762 αἰτία
2825 4712 2909 4762 ἐπὶ
2972 4715 3057 4763 τὸν
3114 4710 3520 4781 καθηγούμενον.
3588 4709 3860 4773 Τοιούτου,

2261 4804 2410 4871 φησὶ,
2459 4795 2789 4851 διδασκάλου
2839 4798 3136 4856 τηλικοῦτοι
3189 4802 3276 4850 καὶ
3304 4800 3558 4870 μαθηταί.
3586 4795 3702 4870 Ἆρ’
3756 4795 3864 4867 οὐχ

2261 4892 2484 4960 μισητόν
2513 4907 2575 4959 με
2612 4892 2925 4946 πεποιήκατε
2968 4893 3059 4939 καὶ
3112 4894 3215 4947 τοῖς
3267 4885 3315 4938 ἄν
3345 4888 3533 4954 οἷστεις
3599 4884 3721 4956 Ἆρ’
3758 4886 3863 4957 οὐχ

2263 4982 2320 5031 τό
2366 4977 2520 5029 καλὸν
2547 4982 2705 5049 ὄνομα
2746 4982 2804 5031 τό
2844 4977 3112 5036 ἐπικληθὲν
3153 4976 3235 5029 ἐπὶ
3272 4985 3334 5049 τῇ
3383 4978 3505 5049 όσίᾳ
3553 4972 3862 5046 ἀδελφότητι

2264 5070 2429 5138 ἡμῶν,
2495 5066 2567 5128 εἰς
2627 5066 2923 5119 τούναντίον
2985 5069 3388 5141 περιτρέπεται;
3454 5066 3710 5136 Μάχεσθε
3775 5068 3866 5115 καὶ

2265 5155 2529 5229 πολεμεῖτε
2557 5174 2568 5185 ·
2629 5162 2851 5229 τρῶγετε
2914 5160 3002 5208 καὶ
3055 5160 3220 5208 πίνετε
3249 5172 3261 5187 ο
3319 5155 3412 5207 οὐκ
3465 5152 3707 5217 εὐλαϐῶς,
3761 5152 3867 5224 οὐχ

2061 5426 2287 5484 NOTAE.

588 5556 698 5629 (20)
721 5556 781 5612 In
810 5555 941 5612 cod.
977 5556 1116 5625 Reg.
1149 5552 1285 5627 91;“.
