4036 6276
198 255 346 311 1405

1509 253 2018 312 EPISTOLARUM
2058 256 2193 312 LIB.
2237 257 2303 313 II.

3432 248 3570 305 1406

196 383 447 453 ἡσύχως,
502 379 610 433 ἀλλ’
669 378 891 453 ἀσίμως,
949 379 1054 434 ἀλλ’
1124 380 1423 454 ἆμονοὶχως.
1488 384 1630 435 Εἴτε
1694 378 1799 434 οὖν

1928 387 2241 439 everenter
2286 386 2343 439 et
2379 382 2645 455 paciﬁce,
2684 380 2791 438 sed
2843 380 3183 446 inhoneste,
3222 374 3327 431 sed
3358 379 3570 431 contra

197 470 475 535 ἐσθίετε,
534 472 662 523 ε’ίτε
711 475 950 541 πίνετε,
1008 473 1132 524 εἶτε
1168 475 1229 524 τί
1279 477 1553 535 ποιεῖτε,
1586 473 1800 543 φησὶνό

199 559 540 625 ’Δπόστολος,
606 562 811 613 πάντα
893 559 984 621 είς
1038 556 1231 623 δόξαν
1293 568 1454 614 Θεοῦ
1534 568 1800 617 ποιεῖτε,

195 647 371 721 ’Υμεῖς
391 645 425 701 δ
428 651 449 700 ε
470 647 576 719 οὐχ
597 648 781 715 οὕτως,
809 652 899 701 καὶ
919 651 1300 721 καταισχύνετε
1316 652 1373 701 τό
1399 648 1548 721 οἶγιον
1571 657 1764 721 σχῆμα
1785 664 1800 677 ·

202 734 581 800 σκανδαλίζετε
622 741 738 798 τοὺς
791 737 1043 805 εὐλαϐεῖς,
1102 737 1293 810 μᾶλλον
1346 736 1405 791 δε
1451 742 1542 790 καὶ
1596 736 1805 791 ἀνευλα-

202 827 337 889 3εῖς.
428 828 546 879 Εἴθε
648 826 865 884 ἠκούετο
942 831 1062 900 περὶ
1148 827 1255 890 ἑνός
1331 826 1552 880 ἑκάστου
1639 829 1801 899 ὐμῶν.

198 917 411 969 Ὁποῖον
458 913 661 975 εὐλαϐες
696 919 974 987 πρόσωπον
1018 920 1156 989 φέρει
1185 918 1210 968 ό
1254 913 1439 970 δεῖναῑ
1485 916 1600 969 Οὐὰ
1630 917 1806 975 ἡλίκον

203 1008 265 1058 τό
323 1003 586 1062 σιωπηλόν
641 1012 734 1057 τοῦ
794 1001 941 1058 δεῖνα
994 1006 1007 1061 l
1075 1002 1193 1078 εὖγε
1253 1009 1310 1059 τό
1378 1005 1807 1081 ἀπαρρησίαστον

206 1094 400 1147 ἐκείνου
424 1110 438 1125 ·
471 1100 563 1146 τοῦ
612 1089 672 1146 δε
698 1096 759 1147 τὸ
798 1098 1038 1147 τακτικὸν
1065 1114 1077 1127 °
1110 1095 1266 1147 ἄλλου
1295 1099 1355 1148 τό
1410 1095 1762 1169 σεμνόψαλτον
1790 1121 1806 1137 ο

207 1182 382 1257 ἆτίρου
440 1186 497 1235 τό
564 1182 917 1242 εὐαπάντητον
976 1183 989 1238 l
1052 1190 1232 1237 Ταῦτα
1280 1188 1367 1237 καὶ
1418 1188 1539 1246 τοὺς
1592 1188 1810 1257 ἔχοντας

207 1271 465 1339 καλλύνει,
511 1276 601 1325 καὶ
652 1276 775 1335 τούς
828 1274 1143 1346 θεωροῦντας
1193 1273 1417 1339 ὀνίνησι,
1463 1278 1548 1327 τόν
1596 1294 1650 1328 τε
1680 1279 1809 1329 Θεὸν

210 1360 488 1437 εὐφραίνει,
544 1360 676 1434 κάμὲ
730 1365 819 1414 τόν
883 1361 1189 1437 ἁμαρτωλὸν
1251 1366 1509 1436 σεμνύνει.
1583 1370 1691 1417 Νῦν
1750 1362 1810 1419 δε

208 1454 344 1504 κατὰ
372 1453 462 1512 τὰς
518 1451 778 1527 ἁμαρτίας
823 1470 925 1524 μου
983 1451 1312 1525 ἀντίστροφα.
1368 1454 1473 1508 Καὶ
1497 1453 1557 1505 οὐ
1608 1455 1809 1506 πάντων

207 1541 545 1613 καθάπτομαι
572 1556 585 1570 ⁸
631 1538 739 1593 ἐπεὶ
785 1539 961 1593 πολλοὶ
990 1542 1181 1615 χάριτι
1231 1548 1385 1608 Θεοῦ,
1439 1543 1575 1603 οἴους
1606 1542 1754 1604 ζητεῖ
1782 1545 1808 1595 ό

206 1628 402 1701 λόγος·
454 1628 561 1681 ἀλλ’
602 1628 801 1682 ἕκείνων
836 1637 936 1683 τῶν
980 1630 1337 1703 ἕνισχημιένων
1381 1638 1443 1704 τῇ
1500 1630 1806 1705 ἁπροσεξίᾳ.

1912 488 2140 528 morem
2173 472 2572 527 monasticum
2604 488 2617 526 :
2651 471 2787 526 Sive
2815 486 2951 539 ergo
3009 464 3404 527 manducata},
3448 464 3570 519 sive

1912 562 2126 626 bibitis,
2158 562 2282 617 sive
2304 561 2449 632 quid
2471 560 2643 616 aliud
2666 559 2891 627 facitis,
2907 558 2989 614 ait
3010 554 3351 627 Apostolus,
3367 552 3571 609 omnia

1911 651 1976 708 in
2004 651 2259 722 gloriam
2275 651 2382 707 Dei
2405 650 2591 719 facite
2618 650 2685 703 ⁸⁷.
2718 650 2832 703 Vos
2858 662 2998 702 vero
3025 660 3146 700 non
3169 644 3255 698 sic
3289 646 3373 696 :et
3397 641 3571 710 igno-

1912 742 2098 797 minia
2129 740 2362 795 afﬁcitis
2381 754 2619 794 sacrum
2648 738 2920 793 habitum
2956 754 2966 793 :
3004 730 3355 789 verecundis
3386 729 3570 785 offen-

1913 829 2112 886 diculo
2138 830 2297 897 estis,
2330 829 2452 884 imo
2492 827 2691 900 potius
2748 821 3188 881 inverecundis.
3216 821 3449 876 Utinam
3498 818 3573 874 de

1914 934 2280 990 unoquoque
2299 923 2557 973 vestrum
2577 916 2854 973 audiatur
2882 930 2893 968 :
2929 915 3226 979 Quantam
3251 908 3421 964 vultu
3450 924 3573 963 mo-

1916 1008 2171 1064 destiam
2204 1007 2440 1078 praefert
2472 1005 2566 1061 ille
2602 1005 2615 1060 l
2650 1005 2693 1061 Ο
2723 1009 3018 1077 quantum
3057 998 3268 1055 silentii
3306 998 3573 1053 studium

1917 1105 2004 1156 est
2033 1098 2149 1154 illi!
2180 1102 2411 1170 quanta
2443 1095 2734 1151 modestia
2774 1099 2862 1149 est
2902 1092 3093 1155 istius,
3139 1088 3372 1145 ordinis
3428 1101 3576 1141 cura

1917 1190 1977 1245 in
2013 1189 2150 1254 hoc,
2192 1189 2249 1242 in
2291 1187 2408 1243 alio
2448 1185 2710 1255 gravitas
2752 1187 2987 1244 cantus.
3018 1180 3079 1235 in
3110 1178 3231 1235 alio
3275 1173 3571 1233 comitas!

1919 1281 2051 1334 Haec
2090 1282 2148 1333 et
2186 1276 2315 1332 illos
2344 1276 2447 1347 qui
2478 1274 2571 1329 his
2605 1272 2828 1345 praediti
2872 1274 3011 1325 sunt
3066 1271 3307 1335 ornant,
3352 1270 3408 1321 et
3443 1278 3577 1336 spe-

1916 1374 2143 1424 ctantes
2166 1367 2405 1439 juvant,
2433 1366 2735 1434 Deumque
2762 1360 3114 1423 exhilarant,
3146 1361 3202 1413 et
3232 1371 3328 1411 me
3364 1368 3576 1426 pecca-

1920 1463 2105 1513 torem
2130 1457 2468 1512 honestant.
2499 1453 2664 1508 Nunc
2711 1465 2873 1515 vero,
2902 1447 3069 1522 quod
3117 1444 3377 1519 peccatis
3430 1442 3578 1499 meis

1919 1546 2186 1611 debetur,
2220 1543 2429 1601 omnia
2465 1542 2781 1599 contraria.
2813 1543 2926 1595 Nec
2958 1543 3156 1593 tamen
3180 1549 3390 1591 omnes
3442 1548 3578 1604 per-

1920 1636 2147 1706 stringo
2178 1658 2189 1689 :
2223 1635 2367 1706 quia
2397 1648 2501 1704 per
2534 1631 2631 1686 Dei
2666 1629 2922 1699 gratiam
2971 1624 3135 1681 multi
3185 1628 3323 1679 sunt
3364 1621 3577 1694 quales

211 1717 505 1790 Παρακαλῶ
566 1714 653 1771 οὖν
722 1721 879 1791 ὑμᾶς,
933 1719 1124 1792 μᾶλλον
1178 1717 1239 1773 δε
1289 1719 1603 1793 ἐντέλλομαι,
1660 1720 1810 1775 ἀλλοί-

1928 1725 2101 1795 exigit
2126 1725 2274 1780 ratio
2304 1743 2317 1783 :
2352 1720 2603 1777 sedillos
2625 1719 2728 1792 qui
2747 1712 3578 1789 negligentiaimplicatisunt.

212 1808 333 1872 ξατε
369 1811 435 1861 τὰ
479 1810 681 1883 πονηρὰ
708 1811 810 1867 ἤθη
859 1814 950 1861 καὶ
993 1811 1105 1875 ἔθη,
1158 1813 1280 1873 τοὺς
1309 1815 1529 1885 τρόπους
1570 1815 1808 1873 καὶτοὺς

208 1897 392 1969 λόγους
425 1915 439 1927 ’
470 1899 536 1950 τὰ
566 1902 827 1970 σχήματα
869 1903 960 1951 καὶ
990 1902 1054 1951 τὰ
1087 1903 1342 1970 στόματα.
1385 1899 1526 1953 Ἐπεὶ
1553 1904 1626 1961 τίς
1650 1905 1811 1975 χρεία

213 1987 329 2040 ἀντὶ
379 1986 579 2059 ἀγαθοῦ
635 1992 891 2063 πονηρίαν
959 1984 1317 2041 ὑποδεικνύειν
1370 1997 1484 2050 τοῖς
1534 1989 1806 2063 κλήτορσι,

216 2082 345 2132 Θεὸν
392 2095 447 2130 τε
495 2075 696 2143 λυπεῖν,
776 2075 910 2149 κὰμε
950 2080 1037 2130 τὸν
1085 2076 1295 2131 ἐλεεινόν
1364 2081 1740 2151 καταισχύνειν
1793 2096 1807 2147 ;

213 2167 651 2239 Ακουσθήσομαι,
729 2162 944 2239 ἀδελφοί
1017 2185 1143 2239 μου,
1221 2165 1332 2219 imi
1404 2164 1588 2239 βοήσω
1680 2170 1812 2242 πρὸς

215 2258 405 2330 Κύριον
458 2256 485 2308 ό
540 2253 763 2317 ἀνάξιος.
838 2254 1058 2311 Ἔπειτα
1119 2261 1210 2308 καὶ
1271 2253 1648 2329 διαστελοῦμαι
1704 2257 1808 2309 ἀπὸ

214 2351 308 2396 τοῦ
356 2344 709 2406 ἀπειθοῦντος.
768 2344 962 2407 Ἀπλῶς
1010 2341 1071 2399 δε
1119 2344 1250 2417 λέγω
1303 2348 1467 2418 τυχὸν
1519 2351 1608 2398 καὶ
1659 2342 1812 2399 ἀδια-

216 2440 386 2510 φόρως
419 2438 639 2509 φέρομαι
667 2455 681 2469 ·
741 2440 813 2509 μὴ
864 2432 1183 2489 διαστέλλων
1236 2439 1323 2489 τὸν
1380 2438 1524 2489 ὅσιον
1571 2435 1673 2488 ἀπὸ
1719 2443 1812 2489 τοῦ

213 2526 453 2581 ἄνοσίου.
509 2524 672 2598 ’Υμεῖς
729 2528 856 2580 Θεὸν
911 2524 971 2579 οὐ
1026 2524 1312 2598 φοϐεῖσθε;
1380 2526 1524 2598 Οὐχὶ
1583 2522 1642 2579 δε
1696 2532 1813 2600 περὶ

217 2612 385 2688 ἀργοῦ
430 2615 664 2689 ῥήματος
716 2610 952 2688 δώσομεν
1011 2613 1162 2686 λόγον
1212 2630 1227 2680 ;
1285 2614 1343 2667 Ὀ
1403 2618 1563 2676 Θεὸς
1639 2617 1814 2687 ἡμῶν

217 2710 340 2776 πῦρ
404 2702 903 2767 καταναλίσκον,
964 2699 1199 2775 ἀδελφοί.
1250 2703 1345 2756 Ὃν
1401 2702 1724 2776 φοϐηθῶμεν,

221 2791 324 2845 ἀπὸ
380 2800 471 2845 τοῦ
549 2789 704 2867 δευρο
778 2789 1139 2866 δουλιύσωμεν
1213 2794 1371 2854 ὁσίως
1418 2811 1431 2825 ·
1494 2795 1577 2845 ἱνα
1626 2798 1816 2855 κακίας

221 2880 429 2942 ἁπάσης
477 2884 642 2956 μέχρι
706 2886 797 2934 καὶ
864 2880 1172 2956 ἀργολογίας
1241 2881 1575 2955 ἀπεχόμενοι,
1630 2882 1818 2957 ἀρετῆς

224 2966 285 3023 δε
357 2969 619 3043 ἐχόμενοι,
720 2971 1034 3045 κληρονόμοι
1131 2973 1407 3043 γενοίμεθα
1482 2969 1622 3034 ζωῆς
1696 2973 1818 3024 αἰω·

1921 1817 2127 1870 Hortor
2166 1827 2306 1881 ergo
2331 1827 2454 1876 vos,
2489 1814 2591 1865 aut
2614 1808 2808 1879 potius
2835 1804 3118 1877 praecipio
3147 1819 3157 1856 :
3194 1805 3417 1856 mutate
3447 1814 3577 1871 per-

1921 1918 2124 1959 versos
2159 1916 2355 1957 mores
2381 1905 2437 1955 et
2473 1895 2955 1961 consuetudines,
2994 1892 3243 1948 modum
3278 1888 3499 1959 agendi
3524 1891 3582 1943 et

1920 1991 2224 2065 loquendi,
2259 1994 2461 2060 gestus
2495 1994 2674 2059 atque
2706 1985 2828 2041 oris
2859 1983 3151 2039 habitum.
3187 1979 3412 2036 Etenim
3434 1976 3581 2049 quid

1915 2082 2084 2154 juvat
2104 2079 2249 2136 boni
2297 2078 2428 2134 loco
2489 2075 2773 2132 malitiam
2832 2072 3147 2130 ostendere
3173 2066 3579 2132 vocatoribus,

1925 2173 2230 2242 Deumque
2259 2166 2627 2230 contristare,
2661 2170 2716 2220 et
2747 2178 2841 2219 me
2876 2161 3159 2217 miserum
3196 2157 3425 2229 pudore
3455 2154 3583 2210 afﬁ-

1921 2275 2051 2316 cere
2075 2258 2104 2314 ‘i
2135 2256 2666 2319 Exaudiar.fratres
2695 2253 2984 2317 mei,'cum
3008 2247 3282 2306 clamabo
3299 2245 3583 2315 indignus

1921 2348 1999 2405 ad
2031 2344 2601 2404 Dominum.Deinde
2616 2342 2955 2398 subducam
2975 2354 3068 2394 me
3089 2334 3579 2393 abinobediente.

1922 2441 2192 2495 Fortasse
2229 2440 2430 2493 autem
2476 2432 2675 2488 minus
2731 2431 3055 2503 prudenter
3106 2426 3340 2498 loquor,
3397 2427 3451 2478 et
3499 2422 3583 2476 in-

1922 2524 2381 2583 discriminatim
2396 2521 2744 2592 feror,pium
2758 2518 2835 2575 ab
2850 2517 3035 2589 impio
3051 2530 3169 2571 non
3183 2512 3578 2583 distinguens.

1924 2617 2040 2672 Vos
2072 2618 2256 2671 Deum
2303 2628 2423 2668 non
2466 2611 2681 2667 timetis
2709 2608 2738 2663 ?
2764 2612 2976 2663 Annon
3021 2604 3095 2660 de
3152 2603 3343 2659 otioso
3394 2598 3582 2655 verbo

1924 2704 2215 2761 rationem
2274 2700 2595 2758 reddemus
2626 2699 2674 2733 ⁸⁸
2703 2698 2731 2754 ?
2764 2699 2917 2753 Deus
2947 2700 3149 2750 noster
3174 2692 3328 2763 ignis
3377 2704 3583 2746 consu-

1923 2809 2086 2851 mens
2114 2800 2198 2849 est
2220 2793 2287 2859 ”,
2312 2790 2536 2847 fratres.
2568 2787 2738 2843 Illum
2769 2781 3223 2847 timemmugilli
3240 2786 3442 2836 sancte
3458 2793 3582 2833 ser-

1926 2881 2243 2939 viamusin
2275 2885 2602 2952 posterum,
2638 2883 2699 2932 ut
2741 2891 2777 2932 a
2836 2873 2996 2930 malo
3049 2870 3215 2927 omni
3270 2882 3459 2941 usque
3504 2865 3583 2922 ad

1927 2972 2179 3027 verbum
2192 2970 2449 3026 otiosum
2465 2967 2856 3028 abstinentes,
2871 2960 3192 3031 virtutique
3212 2958 3577 3022 insistentes,

221 3064 335 3112 νίου
364 3076 377 3089 ·
438 3064 684 3132 φυγόντες
724 3063 792 3113 τὰ
818 3060 1137 3133 ἠπειλημνα
1162 3060 1489 3134 κολαστήρια
1525 3068 1635 3121 τοῖς
1661 3081 1817 3114 κατα-

1928 3060 2192 3118 hteredes
2220 3058 2440 3115 ﬁamus
2464 3056 2598 3112 vitae
2616 3060 2871 3117 aaternm,
2895 3051 3184 3106 intentata
3212 3049 3585 3116 contempto-

224 3156 523 3224 φρονηταῖς,
584 3148 632 3201 ἄν
684 3158 901 3225 Χριστῷ
957 3148 1134 3208 Ἰησοῦ
1198 3158 1271 3222 τῷ
1342 3154 1515 3225 Κυρίῳ
1563 3152 1728 3223 ἡμῶν,
1780 3151 1819 3222 ᾤ

223 3240 253 3297 ἠ
299 3234 431 3301 δόξα
488 3243 577 3292 καὶ
628 3242 686 3291 τό
724 3242 916 3313 κράτος
964 3243 1059 3292 σὺν
1096 3248 1169 3311 τῷ
1214 3244 1381 3313 Πατρὶ
1426 3245 1515 3293 καὶ
1558 3247 1629 3310 τῷ
1686 3240 1820 3312 ἁγίῳ

225 3330 509 3400 Πνεύματι,
567 3335 656 3380 νῦν
719 3332 809 3381 καὶ
863 3327 962 3394 ἀεὶ,
1038 3333 1128 3381 καὶ
1192 3328 1259 3389 εἰς
1311 3332 1426 3390 τοὺς
1481 3328 1671 3392 αἰῶνας
1720 3337 1821 3381 τῶν

221 3416 445 3473 αἰώνων.
492 3416 679 3488 Ἀμην.

370 3523 513 3578 PKE’
542 3524 678 3597 (21).
711 3555 776 3566 -
811 3531 1195 3586 Κανονικαῖς
1232 3529 1592 3598 πριγκίπου
1626 3518 1818 3600 [χξθ’.]

1929 3151 2094 3207 ribus
2116 3146 2407 3220 supplicia
2434 3144 2781 3215 effugientes
2815 3158 2829 3207 ;
2861 3142 2922 3196 in
2954 3139 3183 3194 Christo
3230 3137 3367 3191 Jesu
3390 3133 3583 3189 Domi-

1932 3256 2010 3296 no
2032 3244 2256 3302 nostro,
2308 3236 2404 3292 cui
2448 3234 2635 3305 gloria
2682 3237 2738 3288 et
2775 3229 3095 3301 imperium
3138 3241 3275 3281 cum
3327 3225 3499 3279 Patre
3528 3226 3585 3279 et

1933 3333 2141 3386 sancto
2161 3326 2398 3398 Spiritu,
2423 3339 2584 3380 nunc
2613 3326 2670 3378 et
2690 3333 2947 3391 semper,
2980 3317 3119 3373 etin
3148 3312 3370 3370 saecula
3400 3328 3583 3367 saecu-

1935 3419 2151 3475 lorum.
2186 3422 2393 3472 Amen.

2168 3521 2366 3579 CXXV.
2400 3552 2463 3561 —
2495 3518 2591 3575 Ad
2615 3515 2933 3574 canonicas
2957 3510 3384 3584 principenses.

955 3634 1157 3684 Harum
1174 3635 1396 3684 virtutes
1420 3633 1621 3691 laudat,
1649 3638 1702 3685 et
1725 3633 1794 3684 ad
1824 3633 2115 3699 perfectam
2151 3629 2563 3681 sanctimoniam
2593 3627 2856 3677 hortatur.

298 3736 435 3796 xei;
492 3730 619 3787 ἰδὼν
676 3734 807 3805 ὑμᾶς
879 3736 974 3798 τὰς
1056 3734 1104 3787 ἕν
1166 3739 1340 3809 Κυρίῳ
1398 3731 1637 3808 ἀδελφὰς,
1718 3733 1825 3787 ἐπεὶ

222 3830 530 3897 κατεπεῖγον
580 3820 640 3883 ἦν
700 3820 794 3875 διὰ
842 3827 937 3882 τὴν
988 3830 1077 3876 τοῦ
1134 3823 1527 3896 θεοφιλεστάτου
1576 3822 1821 3898 ἀρχιεπι-

226 3915 433 3965 σκόπου
514 3910 798 3979 ἀσθένειαν,
877 3910 1136 3970 ἐκωλύθην
1223 3913 1344 3980 ύμῖν
1420 3911 1648 3972 λαλῆσαι
1702 3916 1822 3964 ὅσον

223 4002 416 4074 ἐχρῆν.
493 4006 624 4055 Νυνὶ
678 3998 737 4055 δὲ
812 3998 907 4054 διὰ
970 4009 1062 4054 τοῦ
1135 4003 1445 4077 γράμματος
1498 4006 1557 4054 τό
1632 4000 1823 4062 ἐλλιπες

224 4090 608 4165 ἀναπληρῶσαι
649 4090 812 4152 καλῶς
854 4094 994 4163 ἔχειν
1042 4093 1277 4164 ἐνόμισα.
1335 4088 1485 4144 Εἶδον
1542 4092 1684 4164 ύμῶν
1730 4095 1823 4150 τὴν

226 4174 563 4250 ἀδελφότητα
607 4183 708 4238 ὅση
754 4185 841 4233 καὶ
893 4179 1069 4247 ἡλίκη,
1123 4182 1202 4233 ὃτι
1256 4200 1309 4233 τε
1365 4180 1548 4239 πλήθει
1600 4180 1827 4249 ηὐξημέ-

224 4285 319 4334 νη,
362 4271 452 4319 καὶ
501 4273 702 4321 συνέσει
747 4265 1072 4342 διαφέρουσα
1104 4289 1116 4302 ·
1159 4275 1248 4322 καὶ
1298 4266 1528 4332 ίδόξασα
1556 4273 1642 4322 τόν
1695 4268 1829 4341 ἁγα-

2003 3733 2149 3788 Cum
2180 3748 2286 3787 vos
2315 3730 2591 3786 hesterna
2618 3726 2713 3782 die
2754 3725 2813 3781 in
2843 3723 3096 3779 Domino
3146 3733 3378 3774 sorores
3433 3713 3584 3777 vidi,

1932 3823 2073 3895 quia
2101 3825 2343 3895 propter
2372 3816 2739 3874 dilectissimi
2771 3817 2886 3870 Deo
2918 3805 3350 3881 archiepiscopi
3372 3803 3590 3859 valetu-

1930 3913 2133 3968 dinem
2159 3927 2251 3966 res
2301 3907 2568 3979 urgebat,
2598 3903 2934 3978 prohibitus
2967 3916 3102 3956 sum
3148 3912 3251 3953 vos
3291 3898 3589 3967 quantum

1930 4018 2083 4077 opus
2112 4004 2238 4056 erat
2265 3998 2505 4070 alloqui.
2534 3996 2701 4051 Nunc
2733 4008 2867 4049 vero
2893 4003 3227 4059 congruum
3251 3980 3589 4040 existimavi

1932 4108 2036 4167 per
2062 4091 2286 4147 litteras
2317 4086 2597 4159 supplere
2621 4082 2784 4157 quod
2814 4080 3023 4137 defuit.
3057 4077 3182 4133 Vidi
3208 4086 3591 4167 namque-so-

1934 4159 2205 4238 cietatem
2238 4183 2519 4240 vestram,
2554 4180 2780 4246 quanta
2823 4168 3139 4243 qualisque
3189 4164 3283 4229 sit,
3339 4159 3503 4233 quod
3534 4162 3591 4213 et

1935 4285 2187 4327 numero
2215 4266 2436 4338 ampla,
2460 4271 2516 4319 et
2538 4261 2851 4335 prudentia
2874 4261 3168 4331 praestans
3203 4270 3214 4307 :
3241 4253 3591 4321 bonumque

230 4357 327 4409 Θόν
370 4358 491 4409 Θεὸν
540 4359 684 4431 ἡμῶν
713 4375 727 4388 ⁸
782 4358 832 4420 ὃς
886 4364 1176 4431 συνήγαγεν
1222 4361 1357 4433 ὑμᾶς
1399 4366 1645 4413 τοσοῦτον
1701 4338 1817 4418 πλῆ-

1942 4362 2126 4415 Deum
2153 4361 2419 4413 nostrum
2451 4351 2797 4423 gloriﬁcavi,
2828 4348 2929 4420 qui
2956 4352 3121 4402 tanta
3174 4358 3279 4398 vos
3327 4338 3593 4394 multitu-

233 4446 327 4505 θος
394 4446 478 4498 ἰπὶ
532 4450 589 4499 τό
646 4450 795 4512 αὐτὸ,
868 4455 938 4519 τῷ
994 4452 1331 4523 σταυροφόρῳ
1384 4446 1484 4521 βίῳ
1569 4444 1830 4500 δουλεύειν

235 4534 381 4606 αὐτῷ
434 4533 482 4587 ἓν
531 4536 769 4595 ὁσιότητι
821 4542 907 4590 καὶ
976 4533 1307 4610 δικαιοσύνῃ.
1367 4542 1494 4590 Τίνα
1544 4533 1631 4589 οὖν
1688 4540 1832 4589 ἐπαι-

233 4627 371 4677 νέσω
414 4640 428 4690 ;
486 4629 579 4684 τὴν
627 4627 1021 4699 καθηγουμίνην
1078 4626 1248 4691 πλέον,
1299 4627 1327 4686 ἦ
1385 4628 1522 4698 ὑμᾶς
1574 4629 1665 4689 τὰς
1719 4624 1832 4678 ἕπο-

236 4715 392 4786 μὲνας
456 4718 546 4766 καὶ
620 4715 1103 4789 ὑποτασσομέναςς
1180 4713 1492 4792 Ἀμφότεραι
1567 4719 1833 4787 ἐγκωμίων

237 4801 470 4875 πλήρεις,
506 4805 657 4855 α’ίνων
707 4809 797 4857 καὶ
854 4807 1091 4859 ἐπαίνων.
1150 4809 1249 4858 Καὶ
1300 4804 1358 4857 οὐ
1397 4824 1550 4877 μονον
1606 4806 1741 4857 κατὰ
1779 4806 1834 4856 τὸ

241 4894 460 4964 συναφὲς
512 4900 607 4955 τῆς
661 4901 1015 4964 πνευματικῆς
1068 4894 1225 4957 ζωῆς,
1294 4892 1400 4945 ἀλλ’
1455 4895 1531 4946 ὅτι
1580 4913 1670 4945 και

240 4979 600 5053 ἠκριϐωμένῳ,
687 4984 821 5034 κατά
896 5002 948 5035 τε
1022 4984 1340 5056 ἐγκράτειαν,
1434 4987 1523 5034 καὶ
1596 4987 1690 5041 τὴν
1764 4982 1835 5055 ὶφ’

242 5070 453 5133 ἑαυταῖς
518 5067 755 5123 δουλείαν
785 5075 875 5124 καὶ
926 5076 1099 5123 πᾶσαν
1157 5067 1445 5136 διακονίαν,
1492 5073 1629 5124 καθὰ
1670 5074 1840 5144 μεμεί-

245 5160 403 5230 θηκα,
453 5155 814 5233 διατηρεῖσθε,
887 5158 1238 5232 Εὐλογημίναι
1301 5160 1446 5232 ύμείς
1499 5162 1548 5212 ἓν
1596 5166 1771 5235 Κυρίῳ
1823 5183 1835 5195 -

243 5255 502 5322 μακάριον
554 5250 611 5301 τό
665 5250 936 5322 σύνταγμα
964 5250 1141 5321 ὐμῶν·
1197 5248 1394 5302 αἰνετόν
1445 5252 1503 5301 τό
1555 5248 1842 5322 πολίτευμα

320 5373 364 5409 ⁸⁷
393 5372 416 5427 Ι
450 5371 585 5429 Cor.
612 5388 671 5437 x,
699 5374 788 5430 31.
866 5374 914 5410 ⁸³
946 5374 1142 5431 Matth.
1169 5390 1264 5441 xii,
1296 5374 1385 5430 36.

1940 4448 2079 4504 dine
2111 4448 2169 4501 in
2195 4460 2378 4500 unum
2394 4436 2994 4511 congregavit,utsub
3024 4447 3198 4489 cruce
3225 4427 3593 4492 viventes,in

1942 4536 2255 4593 sanctitate
2323 4538 2379 4589 et
2416 4531 2643 4604 justitia
2695 4527 2965 4583 servietis
3026 4523 3125 4578 illi.
3157 4522 3350 4587 Quam
3416 4516 3593 4586 igitur

1941 4622 2257 4683 laudabo?
2284 4623 2581 4677 Ducemne
2627 4623 2877 4672 vestram
2929 4612 3144 4687 potius,
3179 4626 3257 4665 au
3306 4622 3411 4662 vos
3457 4619 3595 4675 quas

1944 4713 2262 4787 sequimini
2293 4718 2349 4767 et
2377 4709 2629 4766 subditas
2654 4707 2791 4763 estis
2823 4705 2851 4759 ‘f
2875 4704 3079 4759 Ambae
3105 4700 3265 4756 enim
3307 4691 3596 4752 encomiis

1945 4786 2289 4865 cumulate,
2316 4798 2595 4855 laudibus
2621 4802 2677 4852 et
2695 4792 3036 4869 praeconiis.
3065 4794 3178 4846 Nec
3203 4788 3337 4843 ideo
3362 4786 3593 4839 tantum

1944 4891 2111 4965 quod
2141 4888 2460 4962 spiritualis
2491 4886 2626 4941 vitm
2650 4901 2807 4940 nexu
2821 4882 3113 4955 copulatae
3130 4878 3289 4940 estis,
3310 4875 3413 4930 sed
3432 4871 3597 4945 quod

1947 4963 2155 5037 exacta
2186 4977 2500 5050 disciplina
2528 4983 2582 5031 ct
2611 4973 3036 5031 continentiam
3068 4975 3123 5023 et
3152 4971 3427 5021 mutuum
3449 4963 3599 5017 inter

1949 5087 2055 5126 vos
2096 5068 2451 5125 famulatum
2495 5082 2563 5121 ac
2608 5062 2999 5121 ministerium
3058 5057 3484 5130 quodcunque,
3532 5056 3601 5107 ut

1949 5159 2149 5225 didici,
2173 5155 2520 5213 observatis.
2558 5152 2880 5209 Benedictis
2920 5165 3023 5205 vos
3055 5149 3113 5204 in
3142 5145 3393 5201 Domino
3422 5159 3435 5197 :
3462 5142 3601 5197 bea-

1953 5254 2047 5304 tus
2079 5254 2268 5303 costus
2315 5250 2546 5300 vester:
2582 5240 2899 5298 laudabilis
2940 5234 3311 5294 conversatio
3352 5236 3548 5287 vestra
3583 5246 3596 5285 :

1480 5375 1527 5410 "
1570 5374 1737 5431 Deut.
1768 5390 1842 5440 iv,
1865 5375 1952 5431 24.

1802 5460 2031 5520 ΝΟΤΕ.

322 5554 437 5627 (21)
465 5556 528 5611 In
560 5553 691 5612 cod.
722 5556 863 5625 Reg.
887 5552 1017 5629 plC'.
