4036 6276
504 256 637 313 1407

495 471 746 527 ticorum
775 471 1194 543 verbisloquar
1211 473 1415 528 hortus
1446 472 1774 536 conclusus,
1792 473 1927 542 fons
1941 472 2144 543 signa-

496 564 590 615 tus
638 562 707 626 9°,
739 577 876 616 rosa
900 560 1042 615 boni
1065 562 1267 616 odoris
1286 561 1425 627 Deo,
1451 560 1640 616 lilium
1658 561 2140 633 incorruptionis.

496 650 539 704 Ο
565 648 882 720 pulchrum
917 650 1260 721 paradisum
1295 649 1306 703 !
1345 666 1381 705 o
1402 654 1661 722 pratum,
1683 649 2145 721 quodelectatur

494 738 651 792 Deus
681 738 945 793 Christus
975 739 1032 793 in
1061 738 1258 795 medio
1312 745 1599 804 vestrum,
1634 740 1736 811 qui
1781 738 2012 809 lignum
2055 743 2145 795 est

494 826 651 882 vitae.

567 916 681 972 Sed
698 918 987 990 quoniam
1019 917 1093 973 ad
1110 918 1586 989 experimentum
1610 918 2144 990 probationemque

492 1003 724 1060 virtutis
768 1010 858 1061 est
899 1006 1077 1063 etiam
1128 1006 1307 1062 arbor
1355 1006 1554 1069 vetita,
1595 1022 1732 1079 quae
1788 1007 2038 1078 pulchra
2068 1007 2144 1062 ad

494 1094 1049 1166 contemplandum,
1092 1111 1201 1150 nec
1236 1101 1326 1151 est
1366 1111 1512 1151 sane
1554 1096 1609 1149 id
1658 1095 1822 1167 quod
1873 1095 2142 1158 videtur;

493 1183 616 1239 imo
657 1200 865 1239 amara
917 1190 973 1238 et
1017 1184 1321 1241 mortifera
1352 1184 1400 1239 si
1442 1186 1656 1239 edatur
1691 1201 1701 1237 :
1736 1190 1791 1239 et
1837 1184 1983 1255 quid
2032 1183 2147 1239 hoc

494 1270 657 1327 aliud
680 1277 769 1326 est
798 1288 983 1343 quam
1017 1273 1318 1343 voluptas,
1350 1289 1472 1345 qua
1523 1272 1643 1327 Eva
1686 1273 1881 1344 prima
1928 1288 2147 1344 parens

494 1365 672 1431 capta
691 1367 778 1416 est
806 1360 833 1415 ?
862 1360 1332 1417 Commonemus
1357 1378 1464 1417 vos
1495 1367 1547 1417 et
1572 1361 1904 1428 hortamur,
1930 1376 2002 1416 ne
2037 1376 2146 1415 un-

491 1465 677 1522 quam
700 1449 982 1506 lethalem
1010 1450 1267 1505 fructum
1291 1451 1612 1522 attingatis,
1648 1451 1752 1507 sed
1787 1450 2145 1505 mandatum

491 1539 788 1609 arripiatis
810 1540 1063 1610 speciosi
1106 1539 1510 1613 undequaque
1547 1556 1617 1595 ac
1647 1541 1767 1595 veri
1795 1540 1993 1611 reipsa
2022 1539 2149 1594 fru-

490 1633 639 1693 ctus,
666 1628 1070 1684 obedientiam
1104 1634 1159 1684 et
1189 1629 1587 1685 humilitatem
1618 1628 1980 1694 excolentes,
2014 1628 2149 1683 cha-

1758 258 1817 313 S.
1858 256 2227 314 THEODORI
2267 256 2589 313 STUDITIE

495 396 709 439 omnes
739 396 980 455 sponsas
996 382 1205 439 Christi
1238 400 1251 439 :
1279 384 1447 455 virgo
1469 398 1869 456 unaquaeque,
1897 388 1959 439 ut
1988 386 2145 440 Can-
2173 383 2218 439 Α
2253 384 2397 455 ὑμῶν
2442 402 2455 416 ο

3719 251 3880 307 1408

2518 389 2687 436 πᾶσαι
2737 384 2932 457 νύμφαι
2978 389 3215 458 Χριστοῦ
3265 396 3279 411 ⁸
3331 380 3523 437 ἑκάστη
3576 378 3867 453 παρθένος,

2258 473 2587 546 Ἀσματικῶς
2637 474 2815 539 εἰπεῖν,
2874 482 3075 533 κῆπος
3128 470 3605 541 κεκλεισμένος,
3663 472 3858 539 πηγή

2255 565 2703 636 ἑσφραγισμέν
2718 582 2772 630 η,
2802 559 2960 637 ῥόδον
2987 562 3237 633 εύοσμίας
3272 566 3425 626 Θεοῦ,
3457 565 3630 632 κρῖνον
3658 556 3879 631 ἁχρανο

2252 653 2413 713 τίαςὲ
2463 651 2531 704 Ὢ.
2590 652 2747 704 καλοῦ
2810 648 3181 723 παραδείσουῑ
3238 649 3306 701 Ὠ
3351 648 3595 720 λειμῶνος
3660 648 3877 719 θεοτερ-

2255 749 2404 804 ποῦς.
2455 745 2683 817 Χριστός
2730 740 2781 794 ἄν
2831 747 2973 814 μέσῳ
3019 742 3182 813 ὑμῶν,
3237 742 3287 801 ὃς
3316 737 3430 791 ἔστι
3477 741 3535 790 τὸ
3589 736 3740 800 ξύλον
3769 743 3878 795 τῆς

2257 832 2411 893 ζωῆς.

2326 919 2460 973 ’ἁλλ’
2502 916 2683 979 ἓπειδὴ
2731 922 2862 992 πρὸς
2904 926 3084 992 πεῖραν
3129 922 3218 971 καὶ
3258 914 3485 989 δοκιμὴν
3528 915 3716 989 ἀρετῆς
3747 912 3875 966 ἔστι

2254 1016 2345 1062 καὶ
2386 1014 2445 1062 τὸ
2496 1013 2652 1082 φυτὸν
2696 1012 2751 1061 τὸ
2783 1008 3122 1082 ἀπειρημένον
3150 1023 3165 1037 ’
3222 1009 3345 1080 ὅπερ
3377 1010 3566 1080 ὡραῖον
3598 1005 3667 1066 εἰς
3700 1022 3873 1055 κατα-

2254 1103 2436 1157 νόησιν
2470 1116 2481 1127 ’
2513 1098 2572 1151 οὐ
2603 1102 2705 1170 μὴν
2738 1100 2859 1173 ὅπερ
2892 1101 3122 1171 φαίνοιτό
3172 1095 3334 1161 ἔστιν,
3375 1094 3502 1147 ἀλλὰ
3531 1096 3718 1165 πικρόν
3770 1096 3874 1143 καὶ

2258 1189 2545 1259 θανάσιμον
2573 1195 2634 1261 τῇ
2668 1187 2955 1260 μεταλήψει
2990 1205 3001 1217 ·
3036 1192 3125 1239 καὶ
3152 1190 3204 1239 τί
3227 1192 3399 1248 τοῦτο,
3426 1182 3534 1236 ἀλλ’
3681 1177 3866 1239 ἠδονή

2256 1276 2342 1348 ὑφ’
2370 1277 2432 1339 ἧς
2482 1276 2612 1329 ἑάλω
2651 1280 2760 1329 Εὔα
2808 1279 2837 1335 ἡ
2871 1280 3154 1351 προμήτωρ
3190 1296 3202 1340 ;
3251 1276 3720 1345 ὑπομιμνησκόμεν
3764 1274 3873 1321 καί.

2254 1372 2622 1439 παραινοῦμεν,
2677 1370 2878 1437 μήποτε
2932 1364 3175 1436 ἅψασθαι
3224 1365 3361 1436 ὑμᾶς
3410 1369 3503 1414 τοῦ
3563 1364 3873 1431 θανασίμου

2256 1462 2460 1530 καρποῦ
2492 1472 2505 1484 ·
2558 1453 2686 1507 ἀλλὰ
2729 1454 3139 1527 μεταλαμϐάνειν
3191 1462 3288 1514 τῆς
3335 1451 3539 1511 ἐντολῆς
3589 1456 3681 1503 τοῦ
3730 1468 3877 1500 ποιν-

2258 1548 2451 1618 ωραίου
2506 1548 2595 1595 καὶ
2648 1542 2894 1601 ἀληθινοῦ
2951 1546 3021 1604 ὡς
3088 1541 3294 1604 ἀληθῶς
3348 1547 3552 1615 καρποῦ
3585 1556 3597 1568 ·
3650 1539 3869 1608 ὑπακοῇ

2258 1638 2348 1685 καὶ
2420 1634 2861 1706 ταπεινοφροσύνῃ
2938 1635 3309 1704 κεχρημένας·
3388 1628 3566 1700 ἀγάπη
3644 1634 3709 1699 τῇ
3794 1626 3870 1685 εἰς

490 1716 728 1773 ritatem
755 1717 831 1773 ad
864 1717 1120 1773 invicem
1147 1724 1201 1773 et
1226 1734 1480 1773 vacuam
1512 1718 1740 1773 invidia
1781 1720 2147 1789 aequitatem,

2262 1721 2481 1784 ἀλλήλας
2541 1726 2636 1774 καὶ
2680 1720 2915 1793 ἀφθονίᾳ,
2971 1719 3307 1793 ἀκτημοσύνῃ
3359 1723 3448 1770 καὶ
3514 1716 3870 1790 εἰρηνοποιίᾳ.

492 1811 931 1878 paupertatem,
984 1807 1271 1878 pacisque
1338 1823 1544 1863 curam
1598 1813 1653 1862 et
1709 1807 1994 1862 studium.
2059 1806 2150 1862 Sic

491 1895 653 1951 enim
694 1896 950 1950 viventes
982 1894 1391 1967 gloriﬁcabitis
1424 1899 1605 1951 Deum
1660 1896 1715 1950 in
1758 1911 2004 1967 corpore
2055 1910 2151 1950 ve-

491 1988 613 2038 stro
644 1987 699 2038 et
728 1982 788 2037 in
812 1983 1044 2054 spiritu,
1080 1985 1231 2038 sicut
1272 1990 1517 2039 sanctus
1574 1984 1865 2055 praedicat
1903 1989 2148 2054 Aposto-

489 2070 585 2128 lus
633 2074 702 2126 “.
762 2071 858 2127 Sic
905 2078 962 2126 et
1002 2071 1263 2143 amplius
1322 2072 1865 2145 multiplicabimini
1899 2088 1910 2128 :
1948 2072 2034 2127 sic
2093 2078 2150 2126 et

492 2161 823 2217 sanctitatis
853 2176 1072 2217 nomen
1122 2161 1182 2217 in
1223 2161 1334 2217 hac
1384 2162 1504 2219 vita
1546 2161 1910 2227 obtinebitis,
1974 2167 2033 2217 et
2088 2160 2147 2216 in

490 2250 691 2307 futuro
754 2250 973 2307 saeculo
1031 2250 1219 2321 gloria
1259 2251 1440 2306 simul
1490 2250 1788 2307 fruemini.
1852 2251 2146 2321 Scriptum

492 2344 585 2398 est
612 2340 1800 2410 :Sicompatimur,etcongloriﬁcabimur
1824 2342 1892 2394 θ’.
1918 2338 2147 2410 thuid

491 2428 732 2485 tandem
780 2429 948 2484 vobis
998 2428 1282 2485 decorum
1334 2430 1528 2498 magis
1573 2430 1600 2486 7
1633 2430 1779 2501 quid
1831 2430 2147 2498 augustius

491 2532 677 2589 quam
713 2518 808 2573 Dei
834 2516 986 2573 ﬁlias
1010 2517 1145 2586 dici,
1172 2534 1344 2573 sacra
1361 2518 1634 2584 donaria,
1665 2517 1886 2589 templa
1916 2517 2149 2587 virgini-

491 2606 676 2663 tatis?
703 2608 847 2662 Cum
883 2621 1025 2675 ergo
1056 2606 1184 2662 haec
1218 2606 1300 2662 ita
1335 2606 1474 2672 sint,
1506 2607 1785 2676 gaudete,
1823 2622 2056 2662 sorores
2088 2606 2148 2661 in

493 2694 743 2761 Christo,
796 2694 1071 2763 gaudete,
1127 2694 1269 2750 odio
1317 2695 1604 2751 habentes
1671 2694 1950 2752 affectum
2006 2709 2149 2763 erga

492 2798 626 2839 care
647 2784 905 2854 junctos,
947 2782 1087 2839 odio
1120 2783 1407 2840 habentes
1452 2789 1674 2839 sortem
1714 2785 1774 2839 in
1821 2790 1972 2839 terra
2013 2799 2149 2855 pos-

493 2872 704 2938 sidere,
769 2872 909 2928 odio
974 2872 1259 2928 habentes
1307 2873 1515 2929 omnia
1568 2889 1705 2945 quas
1748 2872 2038 2944 optabilia
2089 2872 2147 2927 in

494 2960 723 3017 mundo
750 2966 889 3017 sunt
916 2978 927 3015 :
953 2962 1243 3033 quoniam
1260 2963 1638 3017 conversatio
1669 2967 1869 3017 vestra
1895 2961 1954 3017 in
1986 2961 2149 3017 ccelis

2262 1813 2414 1864 Οὕτω
2450 1814 2551 1885 γὰρ
2585 1808 2799 1883 βιοῦσαι
2849 1807 3123 1873 δοξάσοιτε
3153 1812 3239 1862 τὸν
3285 1810 3414 1862 Θεόν
3468 1809 3518 1859 ἂν
3550 1813 3622 1875 τῲ
3655 1810 3874 1875 σώματι

2261 1901 2403 1972 ὑμῶν
2431 1906 2520 1952 καὶ
2576 1898 2624 1951 ἕν
2675 1907 2746 1970 τῷ
2778 1901 3035 1971 πνεύματι
3070 1914 3082 1926 ·
3146 1899 3286 1949 καθὰ
3316 1895 3421 1969 βοᾷ
3449 1898 3474 1949 6
3509 1897 3638 1969 ἱερός
3698 1893 3872 1946 Ἀπό-

2263 1990 2438 2050 στολος
2470 2004 2483 2019 ³
2514 1990 2649 2041 οὕτω
2694 1993 2782 2041 καὶ
2822 1987 3012 2060 μᾶλλον
3064 1986 3496 2045 πληθυνθήσεσθε
3523 2003 3536 2016 ·
3570 1983 3707 2035 οὕτω
3739 1980 3870 2033 κᾶν-

2259 2081 2429 2132 ταῦθα
2480 2078 2866 2150 ὀνομασθήσεόε
2932 2076 3146 2149 ὀνόματι
3203 2077 3495 2143 ὁσιότητος,
3550 2077 3640 2125 καὶ
3684 2071 3737 2124 ἓν
3789 2078 3871 2140 τῷ

2259 2168 2491 2241 μελλοντι
2530 2168 2677 2220 αἰῶνι
2735 2163 3254 2229 συνδοξασθήσεσθε.
3320 2167 3520 2238 Εἴπερ
3558 2164 3658 2236 γὰρ
3704 2180 3869 2232 συμ-

2262 2260 2623 2329 πάσχομεν,
2665 2261 2772 2309 καὶ
2817 2252 3516 2325 συνδοξασθησόμεθα,
3547 2254 3867 2323 γέγραπται.

2262 2352 2361 2400 Καὶ
2408 2350 2460 2398 τί
2504 2345 2680 2398 λοιπόν
2734 2347 3036 2418 ὡραιότερον
3085 2345 3268 2417 ύμῶν;
3307 2346 3379 2395 τί.
3408 2338 3468 2395 δι
3513 2338 3869 2411 σεϐασμιῶτε-

2258 2451 2396 2508 ρον;
2452 2436 2740 2508 θυγατέρας
2789 2439 2917 2487 Θεοῦ
2970 2432 3264 2497 καλεῖσθαι,
3326 2429 3657 2501 ἀναθήματα,
3729 2428 3866 2498 ἱερὰ,

2257 2528 2408 2584 ναούς
2463 2526 2762 2595 παρθενίας.
2815 2524 2958 2575 Ἐπεὶ
3015 2518 3103 2574 οὖν
3154 2528 3342 2585 ταῦτα,
3411 2523 3644 2593 χαίρετε,
3716 2511 3869 2568 ἀδελ-

2260 2617 2350 2685 φαὶ
2402 2615 2450 2664 ἓν
2508 2616 2703 2684 Κυρίῳ,
2772 2616 3008 2685 χαίρετε,
3068 2617 3326 2682 μισοῦσαι
3391 2612 3484 2665 την
3540 2608 3717 2679 χαρὰν
3773 2611 3868 2656 τοῦ

2258 2706 2460 2774 κόσμου
2498 2719 2506 2730 ⁸
2558 2707 2818 2772 μισοῦσαι
2865 2703 2923 2753 τὸ
2970 2702 3096 2774 πρὸς
3134 2702 3251 2759 τοὺς
3293 2700 3429 2751 κατὰ
3482 2695 3652 2769 σάρκα
3695 2691 3869 2755 ἰδίους

2258 2791 2559 2864 προσπαθές
2618 2807 2630 2819 ’
2700 2796 2958 2861 μισοῦσαι
3011 2792 3069 2841 τό
3121 2788 3308 2859 κλῆρον
3358 2789 3500 2857 ἔχειν
3558 2782 3642 2837 ἐπὶ
3686 2791 3786 2854 γῆς
3844 2795 3858 2810 ⁸

2258 2887 2512 2954 μισοῦσαι
2561 2881 2627 2932 τὰ
2667 2881 2801 2931 κατὰ
2847 2883 3042 2951 κόσμον
3094 2879 3292 2950 ἐραστὰ
3346 2875 3573 2928 ἅπαντα.
3624 2872 3865 2944 Ἐπείπερ

2258 2972 2400 3042 ὑμῶν
2452 2972 2511 3022 τό
2567 2968 2857 3040 πολίτευμα
2911 2970 2959 3020 ἓν
3024 2966 3277 3040 οὐρανοῖς,
3337 2969 3426 3017 καὶ
3476 2963 3771 3038 κληρουχία
3827 2964 3857 3018 ἡ

494 3056 599 3120 est,
643 3056 699 3106 et
737 3050 1055 3107 hareditas
1105 3067 1359 3121 regnum
1409 3050 1718 3116 caelorum,
1778 3058 1835 3106 et
1887 3066 2147 3121 sponsus

2261 3056 2506 3131 βασιλεία
2554 3065 2651 3110 τῶν
2708 3057 2933 3129 οὐρανῶν
2962 3072 2973 3084 ⁸
3008 3061 3098 3109 καὶ
3145 3059 3361 3128 νυμφίος
3400 3056 3558 3114 αὐτὸς
3614 3052 3851 3125 Χριστός,

495 3136 936 3211 Οῠτίεῑιιεῖρεθ,
966 3140 1069 3212 qui
1087 3156 1193 3196 vos
1218 3142 1450 3196 vocavit
1472 3141 1740 3211 utipsum
1764 3140 2101 3213 sequamini
2130 3155 2142 3194 :

493 3228 600 3302 qui
674 3237 729 3285 et
780 3246 888 3285 vos
948 3245 1051 3300 per
1082 3228 1685 3295 consummationem,
1738 3231 1795 3284 in
1846 3228 2149 3285 caelestem

492 3318 828 3374 thalamum
889 3334 1028 3374 cum
1115 3317 1533 3390 prudentibus’
1582 3317 1914 3387 virginibus
1964 3318 2152 3373 intro-

494 3407 693 3461 ducet.
721 3407 857 3461 Haec
884 3422 997 3477 ego
1021 3408 1248 3477 paucis,
1283 3414 1343 3461 ut
1364 3408 1702 3478 agnoscatis
1718 3423 1813 3462 me
1835 3406 1896 3462 in
1930 3407 2151 3477 Spiritu

497 3500 1020 3568 sanctotanquam
1075 3510 1309 3551 sorores
1356 3512 1459 3553 vos
1514 3495 1822 3560 habuisse,
1860 3495 2151 3567 vobisque

497 3585 728 3655 Optima
758 3584 967 3641 omnia
997 3590 1299 3656 exaptare.

786 3700 1008 3756 CXXVI.
1039 3732 1110 3742 —
1134 3701 1442 3757 Monachis
1472 3701 1843 3758 Phdtinudz'i.

2260 3149 2286 3199 6
2325 3146 2585 3207 κεκληκὼς
2624 3148 2755 3218 ὑμᾶς
2796 3146 2965 3199 ὀπίσω
3020 3145 3180 3197 αὐτοῦ
3220 3142 3517 3196 ἀκολουθεῖν
3555 3157 3568 3171 ⁶
3616 3146 3707 3193 καὶ
3756 3138 3861 3191 εἰσ-

2260 3236 2396 3299 άξων
2451 3233 2546 3289 διὰ
2600 3235 2907 3296 τελειώσεως
2964 3235 3031 3295 εἰς
3095 3237 3183 3286 τόν
3234 3231 3535 3302 ίπουροίνιον
3596 3236 3864 3301 νυμφῶνα,

2260 3327 2393 3397 μετὰ
2464 3333 2564 3377 τῶν
2648 3328 2908 3396 φρονίμων
3008 3324 3293 3395 παρθένων.
3399 3327 3580 3374 Ταῦτα
3656 3316 3717 3371 δι
3792 3314 3869 3369 ἐπ’

2262 3414 2453 3485 ὀλίγον,
2533 3415 2601 3475 ὡς
2652 3413 2712 3464 ἂν
2785 3421 2945 3485 γνῶτε
3018 3413 3099 3464 ὅτι
3173 3410 3220 3463 εν
3282 3412 3541 3481 [Ινεύματι
3614 3407 3747 3479 ἁγίῳ
3802 3409 3872 3467 ὡς

2264 3500 2489 3575 ἀδελφὰς
2563 3504 2699 3575 ὑμᾶς
2772 3500 3137 3574 λελογίσμεθα,
3212 3505 3303 3551 καὶ
3390 3498 3726 3571 ἕπευχόμεθα
3803 3497 3874 3547 τὰ

2263 3597 2554 3665 κρείττονα.

2266 3697 2447 3782 Ρκςί.
2492 3706 2627 3779 (22).
2668 3737 2735 3747 —
2774 3711 2915 3782 Τοῖς
2971 3711 3290 3777 μοναχοῖς
3340 3709 3457 3756 τοῦ
3509 3708 3870 3755 Φωτεινου-

2871 3781 3037 3839 δίου.
3085 3782 3251 3857 [χθ’.]

527 3886 598 3937 De
631 3891 797 3936 morte
822 3887 1215 3952 abbatis,quam
1248 3887 1435 3937 laudat
1467 3892 1616 3937 :tum
1637 3888 1702 3938 de
1733 3900 2223 3951 successore,quem
2246 3886 2492 3935 hortatur
2524 3888 2582 3933 ut
2612 3884 2748 3933 bene
2780 3883 2977 3947 praesit,
3010 3896 3073 3932 ac
3098 3881 3409 3936 monachos,
3434 3883 3493 3929 ut
3517 3878 3561 3928 ei
3586 3882 3835 3942 pareant.

567 3977 848 4032 Laetitiam
899 3977 1147 4049 quidem
1202 3977 1371 4032 vobis
1438 3976 1629 4040 affert,
1691 3978 1916 4041 fratres,
1983 3976 2144 4048 quod

498 4066 715 4132 scribo,
784 4065 888 4120 sed
973 4081 1274 4121 summam
1354 4066 1648 4122 tristitiam
1725 4071 2144 4135 argumentum

498 4154 1351 4228 scriptionis:quiadereliquit
1383 4172 1487 4212 vos
1504 4162 1709 4227 pastor
1731 4156 1946 4217 bonus.
1983 4158 2148 4209 Pater

496 4245 556 4300 in
593 4243 865 4308 Domino,
904 4243 1020 4309 via,
1062 4244 1184 4299 dux
1230 4250 1287 4300 et
1315 4243 1539 4308 lumen,
1571 4244 1670 4316 qui
1727 4243 1926 4299 multis
1974 4243 2147 4297 annis

500 4331 720 4387 multas
750 4349 894 4387 oves
933 4333 1180 4404 pavit,et
1206 4332 1442 4389 caulam
1472 4332 1732 4388 alumnis
1764 4333 2001 4405 plenam
2018 4332 2147 4387 reli-

498 4422 644 4493 quit,
668 4421 876 4490 viginti
900 4426 1317 4478 numerantem
1346 4438 1529 4492 supra
1542 4421 1831 4477 ducentos
1848 4438 1858 4475 :
1878 4421 1963 4475 vir
1979 4436 2148 4476 vene-

497 4510 744 4573 randus,
777 4514 835 4565 et
852 4510 1069 4566 divinas
1101 4512 1304 4583 gratias
1321 4511 1909 4583 composzcandidus
1936 4510 2150 4567 admo-

500 4599 646 4655 dum
675 4598 988 4670 capillis,et
1018 4600 1343 4656 candidum
1377 4599 1553 4656 simul
1582 4617 1683 4656 cor
1715 4616 1954 4671 gerens;
1983 4598 2150 4655 dives

499 4688 807 4754 charitate,
832 4688 1126 4760 ditiorque
1156 4688 1564 4744 misericordia
1596 4706 1609 4743 :
1648 4688 1917 4760 plurimis
1943 4704 2151 4743 revera

499 4776 817 4837 virtutibus
844 4783 1110 4841 ornatus,
1144 4793 1215 4831 ne
1251 4777 1515 4848 singulas
1546 4776 2152 4846 recensendolongio-

499 4882 626 4922 rem
674 4866 886 4921 faciam
943 4866 1297 4921 orationem.
1352 4866 1727 4921 Eheuleheu
1760 4866 1772 4919 ε
1808 4881 1927 4937 quo
1976 4870 2151 4937 pacto

501 4956 710 5025 gravia
737 4955 861 5010 haec
892 4970 1011 5011 non
1036 4955 1149 5009 sint
1179 4953 1207 5009 ?
1234 4970 1355 5026 quo
1384 4961 1555 5025 pacto
1583 4954 2031 5009 nouluctuosa?
2050 4960 2152 5009 aut

502 5044 637 5117 quis
668 5044 1001 5099 desolatum
1029 5044 1276 5115 posthac
1299 5058 1538 5112 gregem
1567 5058 1687 5097 non
1718 5043 1991 5107 videat,si
2013 5043 2148 5114 quis

503 5150 574 5189 ea
597 5138 820 5205 spectet
842 5148 979 5206 quae
1022 5134 1368 5188 acciderunt
1393 5133 1420 5189 ?
1447 5134 1659 5187 Verum
1685 5132 1830 5203 quid
1858 5132 2102 5187 tandem
2125 5131 2152 5186 ‘i

508 5222 715 5279 Utrum
745 5222 807 5277 in
836 5221 998 5278 luctu
1042 5222 1426 5294 persistemus
1466 5221 1494 5278 ?
1524 5237 1601 5277 an
1634 5235 1886 5276 masrore
1914 5220 2152 5291 dejicie-

579 5367 627 5401 ὀ
664 5365 832 5421 Cant.
863 5380 940 5435 1v,
978 5368 1060 5420 t2.

1166 5365 1208 5400 ⁹¹
1238 5364 1261 5417 l
1294 5365 1424 5421 Cor.
1459 5379 1532 5433 vi,
1560 5367 1649 5419 20.
1726 5366 1769 5399 ⁹²
1800 5366 1967 5421 Rom.
2002 5364 2241 5445 V111,.17.

2329 3977 2503 4048 Χαρᾶς
2540 3977 2630 4044 μεν
2671 3975 2698 4031 ἠ
2756 3975 3031 4046 προγραφὴ
3074 3972 3215 4043 ύμῖν,
3274 3965 3526 4040 ἀδελφοί·
3576 3966 3747 4029 λύπης
3803 3962 3862 4019 δε

2257 4065 2336 4117 ὅτι
2376 4064 2609 4135 μάλιστα
2646 4063 2675 4121 ἠ
2710 4060 2793 4113 ἐπὶ
2838 4065 2896 4113 τό
2939 4063 3152 4133 γράφειν
3205 4061 3453 4120 ὑπόθεσις
3485 4072 3499 4087 ⁸
3552 4059 3633 4110 ὅτι
3674 4055 3862 4109 ἀπολί-

2254 4152 2426 4205 λοιπεν
2468 4153 2603 4222 ὑμᾶς
2639 4152 2664 4203 6
2715 4154 2910 4223 ποιμὴν
2958 4152 2982 4202 6
3031 4148 3200 4213 καλός,
3256 4150 3281 4201 6
3326 4150 3374 4200 ἓν
3426 4150 3603 4220 Κυρίῳ
3658 4150 3859 4219 Πατήρ,

2257 4242 2282 4294 6
2332 4237 2528 4312 όδηγὸς
2578 4245 2667 4292 καὶ
2720 4244 2954 4314 φωστὴρ,
3014 4240 3038 4291 6
3100 4237 3306 4299 πολλοῖς
3372 4239 3509 4289 ἔτεσι
3560 4239 3651 4287 καὶ
3706 4233 3864 4286 πολλὰ

2257 4328 2498 4404 πρόϐατα
2570 4331 2853 4401 ποιμάνας,
2928 4334 3018 4380 καὶ
3092 4332 3185 4386 τὴν
3242 4326 3381 4379 λείαν
3456 4324 3615 4388 ἕοίσας
3690 4322 3860 4395 πλήρη

2690 4420 2843 4491 Εἴπερ
2921 4416 2968 4469 ἐν
3046 4413 3344 4478 διακοσίοις
3438 4416 3579 4486 παρὰ
3674 4416 3865 4465 εἴκοσιν

2717 4508 2742 4558 ό
2796 4503 3076 4578 αἰδέσιμος
3124 4504 3252 4576 ἀνὴρ
3313 4509 3403 4557 καὶ
3460 4504 3676 4577 χάριτος
3730 4502 3863 4560 θείας

2259 4420 2583 4493 θρεμμάτων.

2257 4509 2616 4580 ἠριθμημένην
2652 4523 2663 4535 ·

2258 4602 2483 4670 μέτοχος
2525 4614 2536 4625 ’
2587 4598 2613 4648 6
2660 4595 2841 4657 λευκὸς
2888 4596 3021 4667 ἄγαν
3073 4600 3166 4654 τὴν
3211 4600 3397 4668 τρίχα,
3448 4597 3537 4645 καὶ
3579 4594 3655 4644 ἔτι
3698 4589 3863 4642 λελευ-

2259 4691 2512 4758 κασμένος
2564 4690 2655 4744 τὴν
2683 4680 2905 4757 καρδίαν
2940 4700 2952 4714 ⁸
2988 4686 3013 4736 6
3067 4683 3310 4743 πλούσιος
3360 4687 3445 4740 τὴν
3496 4679 3727 4753 ἀγάπην,
3774 4683 3864 4730 καί

2259 4776 2639 4847 πλουσιώτερος
2692 4778 2785 4833 τὴν
2843 4772 3189 4846 ἐλεημοσύνην
3223 4790 3234 4802 ’
3293 4773 3318 4823 6
3371 4771 3601 4824 πλείοσιν
3655 4768 3857 4841 ἀρεταῖς

2260 4868 2329 4927 ὡς
2383 4863 2581 4925 ἀληθῶς
2625 4866 3148 4936 κατακεκοσμημένος
3201 4879 3212 4891 ·
3273 4863 3355 4914 ἵνα
3410 4865 3480 4932 μὴ
3542 4859 3590 4912 ἓν
3647 4857 3764 4912 καθ’
3818 4858 3863 4911 ἓν

2262 4952 2711 5028 ἁπαριθμούμενος
2787 4956 2984 5025 μακρὸν
3061 4952 3251 5025 εὑρεθῶ
3340 4949 3618 5003 ἀποτείνων
3692 4947 3863 5017 λόγον.

2266 5038 2330 5094 Ὠ
2362 5044 2373 5097 l
2409 5046 2448 5094 ὦ
2483 5051 2493 5100 !
2530 5050 2633 5103 πῶς
2664 5041 2721 5093 ού
2762 5048 2929 5093 ταῦτα
2987 5041 3233 5094 θλιπτικοί
3265 5058 3279 5109 ;
3318 5048 3426 5101 πῶς
3473 5034 3531 5091 δε
3586 5037 3679 5090 ούκ
3710 5033 3868 5107 ὀδυρ-

2259 5134 2428 5197 τικοί;
2478 5140 2580 5192 πῶς
2635 5127 2693 5184 δε
2746 5130 2839 5183 οὐκ
2893 5129 2967 5183 ἔπ’
3024 5129 3240 5209 ἐρημίας
3294 5130 3321 5187 ἠ
3372 5130 3559 5202 θεωρία
3604 5134 3696 5188 τῆς
3750 5130 3866 5177 ποί-

2265 5241 2394 5295 μνης
2424 5222 2545 5275 ὅσον
2596 5222 2732 5273 κατὰ
2783 5222 2850 5273 τὰ
2902 5221 3218 5292 φθάσαντα;
3264 5217 3418 5271 Ἀλλὰ
3460 5221 3511 5269 τί
3551 5216 3693 5289 ipsi;
3744 5213 3846 5266 ἐπι-

2074 5461 2299 5519 NOTAE.

583 5560 697 5633 (22)
727 5560 790 5616 In
818 5559 952 5617 cod.
976 5562 1113 5631 Reg.
1147 5558 1283 5633 ρλη’.
