4036 6276
222 276 365 335 1109

222 408 472 475 μείνωμεν
555 408 627 471 τῷ

222 510 357 566 ρον;
420 492 733 562 ὶναφεθῶμεν
797 497 871 560 τῷ
940 490 1143 557 πάθει;
1217 488 1499 560 Ούμενοῦν,
1566 488 1605 537 ὦ
1673 484 1827 539 ἀδελ-

224 586 309 654 φοί
342 597 355 611 ⁸
411 578 518 632 ἀλλ’
579 575 773 639 εἰδότες
822 579 903 631 ότι
956 574 1133 650 δόγμα
1179 584 1315 631 Θεοῦ
1345 582 1507 629 πᾶσιν
1539 575 1830 650 ἀνθρώποις

224 669 300 732 εἰς
335 674 535 741 γένεσιν
589 666 826 719 έλθοῦσιν
865 663 1012 729 αὖθις
1066 665 1319 731 ἀναλύειν,
1373 670 1460 717 καὶ
1496 668 1591 723 τὴν
1655 668 1828 737 κρείτ-

226 778 353 812 τονα
403 761 495 811 καὶ
552 755 798 828 ἀπήμονα
836 753 1239 828 μεταλαμϐάνειν
1293 755 1453 826 ζωὴν,
1504 754 1564 814 ἧς
1606 751 1826 825 ἀπαρχὴ

228 850 458 921 Χριστός
488 848 515 898 6
544 850 694 916 Θεὸς,
724 848 890 918 ἡμῶν,
923 846 949 897 ό
970 853 1060 905 τῆς
1088 844 1224 905 ζωῆς
1258 843 1499 918 ἀρχηγός
1525 858 1536 871 ⁸
1561 839 1832 915 παρακλη-

230 939 395 1009 θῶμεν
446 934 777 1009 παρακλήσει
832 940 987 999 Θεοῦ,
1045 933 1117 995 εἰς
1170 933 1379 993 ἑαυτοὺς
1406 933 1670 1004 γενώμεθα
1701 946 1713 959 ⁸
1765 932 1833 981 εἶ-

731 400 902 452 πένθει
937 415 951 465 ;

226 1045 401 1098 πωμεν
434 1024 535 1077 ’Ὀ
585 1026 824 1097 Κύριος
870 1019 1178 1088 έδωκεν,ό
1235 1025 1472 1097 Κύριος
1513 1020 1829 1092 ἀφείλετο,

229 1118 315 1169 τόν
340 1114 495 1167 καλὸν
517 1110 551 1167 δ
558 1110 867 1178 εδάσκαλον,
909 1115 997 1165 τὸν
1029 1114 1160 1187 ἱερὸν
1190 1113 1545 1183 καθηγεμόνα.
1577 1114 1681 1170 Τίς
1731 1109 1831 1181 γὰρ

228 1208 415 1258 ἱστιν
458 1205 792 1276 ἄνθρωπος
845 1204 909 1263 ὃς
954 1202 1252 1266 ζήσεται,
1292 1205 1398 1253 xui
1445 1200 1556 1253 ούκ
1603 1198 1835 1270 ὄψεται

232 1296 258 1347 θ
278 1295 350 1346 civ
368 1313 436 1347 ατ
450 1312 514 1346 ον
547 1310 561 1359 ;
586 1294 668 1345 ἶνα
691 1299 785 1345 τοῦ
804 1294 1055 1365 ἡμετέρου
1075 1294 1275 1365 Πατρός
1296 1290 1588 1353 ξενοπαθεῖν
1608 1291 1831 1359 ἔχωμεν,

240 1383 523 1457 Εύχαριστ
549 1380 663 1455 [ητ]
678 1386 756 1434 έον
786 1383 870 1433 ὅτι
899 1383 1138 1433 τοιούτου
1166 1380 1435 1453 ἠξιώμεθα
1458 1396 1470 1411 ⁸
1504 1383 1590 1431 καὶ
1621 1380 1701 1431 ὃτι
1742 1379 1838 1440 ἕως

229 1476 427 1544 γηρους
454 1476 545 1523 xui
591 1468 868 1544 πρεσϐείου
918 1472 947 1527 ἡ
987 1473 1212 1541 χρονική
1259 1471 1557 1542 παράτασις
1591 1483 1603 1495 ⁸
1637 1472 1726 1519 καὶ
1756 1468 1839 1519 ὅτι

229 1579 289 1631 γε
316 1559 667 1631 έγκατέλιπεν,
726 1558 821 1611 ούκ
851 1556 1325 1633 ἀπροστατεύτους,
1386 1553 1509 1610 ούδε
1564 1555 1789 1631 έρὸμους
1820 1572 1835 1587 ⁸

233 1649 363 1701 ἀλλὰ
407 1652 493 1701 καὶ
549 1647 829 1719 εὐλόγησεν
860 1644 1061 1713 έξόδια,
1119 1652 1211 1700 καὶ
1262 1646 1525 1709 ἐπηύξατο
1554 1643 1789 1718 ἁρμόδια
1821 1675 1835 1691 ο

1506 268 2009 328 EPISTOLARUM
2051 270 2190 327 LIB.
2232 270 2303 326 II.

1008 398 1415 470 κατηφιάσωμεν
1493 393 1826 469 δυσθυμότε-

1950 412 2069 452 nus
2094 397 2365 452 animum
2391 396 2423 448 ‘I
2450 412 2527 451 an
2582 396 2772 452 dolori
2808 398 3278 455 succumbemus
3302 400 3332 451 ‘2
3355 402 3590 472 Nequa-

3444 276 3584 330 1410

1936 502 2140 558 quam,
2188 486 2399 541 fratres
2424 486 2452 537 ‘I
2474 485 2577 540 sed
2600 501 2738 541 cum
2765 486 3035 543 sciamus
3069 493 3357 544 statutum
3384 503 3514 544 esse
3553 503 3589 544 a

1935 576 2054 630 Deo
2097 574 2377 631 omnibus
2406 574 2464 629 in
2521 574 2716 630 lucem
2747 575 3184 647 prodeuntibus
3218 577 3587 645 hominibus,

1937 678 2175 719 rursum
2206 663 2469 729 dissolvi,
2514 668 2569 719 et
2612 663 2918 719 meliorem
2974 665 3235 738 malique
3287 670 3590 737 expertem

1940 752 2123 808 vitam
2155 752 2437 824 recipere,
2466 752 2639 824 cujus
2694 753 2970 825 primitiae
3024 754 3296 810 Christus
3337 756 3405 809 ".
3438 756 3591 810 Deus

1938 849 2141 898 noster
2184 841 2289 913 qui
2340 843 2620 913 princeps
2676 849 2735 898 et
2796 843 2932 899 vitae
2974 861 2987 909 ;
3047 843 3430 899 consolemur
3477 859 3590 899 nos

1940 930 2349 986 consolatione
2367 931 2483 995 Dei,
2507 930 2581 986 ad
2603 947 2713 986 nos
2736 931 2900 1002 ipsos
2912 931 3249 998 redeamus,
3266 933 3543 989 dicamus
3563 933 3593 985 ‘2

1941 1018 2227 1074 Dominus
2253 1019 2433 1084 dedit,
2465 1020 2754 1075 Dominus
2783 1020 3033 1075 abstulit
3065 1022 3112 1055 ⁸⁸
3143 1021 3373 1077 bonum
3405 1022 3594 1092 magi-

1941 1114 2154 1173 strum,
2183 1124 2419 1164 sacrum
2459 1109 2886 1165 institutorem.
2938 1110 3078 1178 Quis
3107 1111 3267 1166 enim
3307 1118 3387 1167 est
3420 1112 3593 1167 homo

1942 1200 2049 1270 qui
2064 1198 2216 1255 vivet
2242 1204 2297 1255 et
2321 1214 2442 1254 non
2466 1198 2683 1255 videbit
2707 1207 2953 1255 mortem
2983 1201 3030 1235 9‘
3052 1202 3079 1255 ‘I
3107 1206 3168 1255 ut
3190 1200 3381 1256 Patris
3408 1200 3592 1256 nostri

1944 1287 2306 1344 desiderium
2333 1287 2480 1343 ferre
2503 1303 2940 1344 assuescamus.
2961 1289 3220 1359 Agendae
3235 1294 3373 1344 sunt
3388 1289 3594 1359 gratias

1945 1376 2109 1449 quod
2137 1376 2314 1432 talem
2345 1376 2545 1446 adepti
2581 1375 2824 1440 fuimus,
2856 1383 2911 1433 et
2939 1379 3105 1449 quod
3135 1378 3214 1434 ad
3246 1383 3595 1448 provectam

1948 1481 2137 1537 usque
2167 1469 2404 1521 aetatem
2434 1466 2789 1537 seniumque
2808 1467 3164 1538 perductum
3194 1474 3282 1523 est
3305 1467 3436 1538 ejus
3463 1469 3595 1523 vitm

1948 1559 2206 1625 tempus,
2234 1558 2289 1609 et
2317 1554 2481 1624 quod
2507 1555 2633 1609 sine
2672 1560 2898 1610 rectore
2927 1571 3038 1610 nos
3068 1570 3189 1611 non
3215 1556 3469 1629 reliquit,
3487 1571 3599 1612 nec

1950 1642 2245 1698 solitarios
2273 1660 2286 1709 ;
2324 1642 2432 1697 sed
2460 1648 2516 1697 et
2542 1642 2753 1698 abiens
2778 1644 3101 1708 benedixit,
3122 1649 3179 1699 et
3202 1644 3600 1714 congruentia

232 1744 322 1791 xui
373 1740 462 1790 ἕνα
514 1746 612 1789 τῶν
665 1742 758 1789 σὺν
820 1738 939 1809 ὑμῖν
986 1741 1305 1794 κατέστησεν
1340 1737 1415 1807 ἐφ’
1447 1738 1583 1807 ὑμᾶς
1610 1754 1836 1808 προστα-

1950 1736 2227 1802 precatus
2262 1736 2367 1794 est,
2400 1735 2459 1785 et.
2485 1748 2674 1786 unum
2705 1748 2736 1785 e
2768 1732 2940 1787 vobis
2968 1734 3272 1788 constituit
3296 1735 3399 1806 qui
3425 1733 3599 1789 vobis

233 1830 483 1880 τεύσοντα
517 1842 529 1853 ·
624 1828 678 1878 όν
750 1834 1099 1899 παραινοῦμεν
1188 1827 1465 1887 ζώσασθαι
1521 1828 1593 1885 ὡς
1652 1824 1840 1877 τέλειον

234 1912 405 1990 ἄνδρα
442 1921 535 1973 την
585 1913 765 1987 ὀσφῦν,
823 1921 909 1967 xui
952 1919 1370 1988 Χριστομιμὴτῳ
1407 1919 1716 1966 ταπεινώσει
1747 1920 1842 1974 τῆς

236 2004 674 2077 έμπιστευθείσης
726 2003 873 2074 αύτῷ
924 2000 1194 2066 διακονίας
1224 2004 1445 2074 ἔχεσθαι
1484 2019 1497 2033 ⁸
1539 2006 1715 2055 κανόνι
1753 2006 1842 2053 xui

235 2098 378 2167 ἴχνει
433 2101 527 2146 τοῦ
580 2098 843 2168 μακαρίου
909 2091 1106 2146 ἐκείνου
1185 2096 1526 2168 πορευόμενον
1595 2099 1669 2162 τῷ
1724 2089 1839 2143 κατ’

237 2183 443 2242 ἐντολὴν
472 2190 605 2237 Θεοῦ
634 2181 793 2254 λογῳ.

321 2271 728 2345 Παρακαλοῦμεν
786 2267 845 2323 δι
898 2273 1147 2333 ὡσαύτως
1192 2274 1279 2323 xui
1325 2271 1480 2343 ὑμᾶς,
1539 2273 1634 2327 τήν
1681 2268 1842 2328 καλὴν

237 2359 586 2435 ἀδελφότητα,
663 2362 950 2432 ὁμογνώμῳ
1032 2365 1210 2413 πίστει
1267 2379 1319 2413 τε
1378 2364 1469 2411 xui
1538 2359 1713 2431 ἀγάπη
1766 2366 1840 2429 τῷ

238 2471 518 2523 νεοκτιστῳ
569 2452 888 2522 καθηγεμόνι
943 2451 1169 2502 ὑπείκειν
1200 2452 1247 2501 ἐν
1282 2453 1454 2521 Κυρίῳ
1489 2465 1501 2477 ⁸
1543 2452 1631 2501 xui
1672 2444 1843 2510 δεῖξαι

239 2542 318 2594 ὅτι
357 2544 514 2602 ὄντως
551 2541 577 2592 6
624 2543 753 2601 Θεὸς
808 2538 857 2591 έν
897 2539 1018 2610 ύμῖν
1074 2540 1188 2591 ἑστι
1220 2555 1232 2568 ⁸
1266 2541 1357 2590 xui
1403 2538 1429 2589 6
1468 2538 1613 2598 ὅσιος
1665 2540 1839 2611 Πατὴρ

239 2631 675 2703 προθυμούμενος
736 2632 825 2679 xui
893 2624 1122 2680 συνδέων
1196 2628 1409 2695 πάντας,
1472 2624 1544 2687 εἰς
1600 2627 1841 2697 ὁμόνοιάν

240 2737 295 2771 τε
319 2722 407 2771 xui
463 2720 774 2784 σύμπνοιαν.
830 2720 953 2779 Nui,
1015 2712 1230 2787 ἀδελφοὶ
1282 2716 1594 2773 ἂπιπόθητοι
1625 2733 1638 2747 ⁸
1681 2714 1841 2777 ούτως

244 2807 445 2874 ἔσεσθε,
538 2806 673 2858 οὕτω
751 2806 1056 2877 πηιὼθητε
1097 2822 1110 2835 ⁸
1159 2806 1255 2857 κᾶν
1310 2810 1459 2857 πᾶσα
1531 2802 1675 2879 ἀρχὴ
1744 2802 1840 2854 οὐκ

244 2896 516 2969 εὐμάρειαν
573 2898 692 2967 ἔχοι
727 2914 738 2926 ·
791 2898 971 2968 χρόνῳ
1020 2891 1080 2947 δέ
1121 2901 1399 2967 προῖοῦσα,
1441 2894 1514 2956 εἰς
1570 2892 1670 2956 ἕξιν
1733 2890 1838 2947 ἐπι.

246 2988 563 3056 στημονικην
632 2985 953 3037 καθίσταται
986 3000 998 3013 ⁸
1077 2980 1216 3055 μηδε
1267 2984 1556 3055 ὁμοιωθῆτε
1607 2988 1718 3043 τοῖς
1784 2980 1839 3043 έκ

1950 1822 2153 1891 praesit
2178 1837 2189 1875 :
2213 1836 2393 1891 quem
2423 1821 2737 1876 hortamur
2779 1828 2841 1876 ut
2866 1827 3156 1895 tanquam
3186 1824 3274 1878 vir
3300 1824 3597 1895 perfectus

1948 1909 2189 1965 lumbos
2229 1908 2526 1979 accingat,
2560 1915 2615 1965 et
2646 1910 2853 1965 Christi
2888 1911 3109 1967 aemula
3134 1912 3466 1968 humilitate
3486 1913 3597 1969 im-

1948 1996 2207 2069 positum
2236 1997 2349 2052 sibi
2384 1998 2776 2054 ministerium
2807 1999 3227 2071 amplectatur,
3254 2001 3413 2059 beati
3444 2001 3599 2058 illius

1948 2085 2169 2156 regulae
2206 2094 2262 2142 et
2290 2086 2555 2156 vestigiis
2583 2088 2886 2154 incedens,
2919 2089 3034 2145 hoc
3063 2095 3172 2155 est,
3206 2090 3305 2147 Dei
3335 2090 3516 2147 verbo
3544 2095 3601 2148 et

1950 2175 2260 2232 mandato.

2023 2265 2337 2319 Hortamur
2366 2269 2567 2320 autem
2617 2268 2673 2319 et
2698 2279 2802 2319 vos
2829 2266 3070 2335 pariter,
3093 2266 3448 2338 prmelaram
3479 2266 3600 2324 fra-

1952 2352 2310 2417 ternitatem,
2343 2357 2406 2408 ut
2460 2352 2731 2408 unanimi
2758 2353 2875 2409 fide
2904 2361 2962 2410 et
2991 2355 3277 2412 charitate
3310 2372 3464 2413 novo
3512 2372 3600 2412 re-

1948 2442 2092 2497 ctori
2107 2441 2528 2513 obtemperetis
2547 2441 2606 2496 in
2624 2442 2874 2497 Domino
2897 2459 2909 2494 :
2944 2444 3390 2517 ostendatisque
3410 2446 3599 2502 Deum

1948 2545 2156 2586 revera
2204 2531 2353 2586 inter
2399 2545 2506 2585 vos
2562 2546 2711 2595 esse,
2767 2537 3163 2604 sanctumque
3213 2536 3461 2600 Patrem,
3492 2535 3600 2607 qui

1947 2635 2159 2675 omnes
2185 2619 2497 2685 accendat,
2529 2625 2967 2693 connectatque
2994 2622 3074 2677 ad
3116 2622 3504 2680 concordiam
3543 2628 3601 2681 et

1947 2724 2331 2764 consensum.
2357 2708 2588 2781 Utique,
2621 2708 2830 2765 fratres
2852 2712 3270 2778 amantissimi,
3291 2713 3373 2767 sic
3389 2718 3596 2779 estote,

1947 2798 2030 2852 sic
2066 2797 2474 2853 stabiliamini.
2511 2798 2798 2864 Quamvis
2856 2800 3217 2872 principium
3251 2818 3431 2857 omne
3476 2818 3599 2859 non

1948 2887 2144 2942 statim
2171 2885 2509 2942 facilitatem
2524 2886 2772 2943 habeat:
2806 2902 3131 2958 progressu
3153 2897 3348 2946 tamen
3374 2896 3601 2964 tempo-

1947 2976 2027 3031 ris
2062 2992 2235 3031 usum
2268 2982 2323 3031 et
2352 2977 2667 3032 scientiam
2694 2977 3065 3048 adipiscitur.
3110 2981 3225 3034 Nec
3255 2979 3479 3035 similes
3510 2980 3598 3035 eis

244 3051 399 3135 εὐθύς
437 3073 565 3145 (sic)
618 3072 902 3147 φιλαρχίας
958 3051 1208 3134 ἀστάτοις
1258 3051 1349 3125 καὶ
1404 3070 1836 3144 ἀνεπιστήμοσιν,

1950 3064 2196 3129 fueritis,
2229 3064 2332 3137 qui
2363 3081 2437 3121 ex
2464 3064 2819 3120 dominandi
2868 3066 3067 3122 studio
3099 3067 3342 3139 inquieti
3374 3075 3512 3123 sunt
3544 3073 3601 3125 et

243 3154 457 3216 Ἐπειδὴ
518 3155 577 3210 δε
634 3158 718 3211 έπὶ
770 3156 927 3232 ξυροῦ
970 3161 1029 3209 τό
1085 3164 1179 3209 τοῦ
1236 3153 1474 3229 διωγμοῦ
1504 3159 1835 3230 πρᾶγμα,μὴ

239 3241 498 3320 προδῶτε,
548 3247 691 3318 ύμῶν
750 3242 960 3318 δέομαι,
1021 3250 1116 3304 τὴν
1162 3250 1363 3311 πίστιν,
1413 3241 1553 3317 μηδε
1576 3249 1671 3302 τὴν
1701 3244 1841 3297 εύσέ-

241 3334 423 3388 ϐειαν⁸
486 3334 592 3387 ἀλλ’
649 3334 693 3387 εἰ
742 3334 851 3398 ἣξει
926 3332 1189 3408 μηδαμῶς
1232 3341 1342 3396 τοῖς
1398 3336 1677 3407 αἱρετικοῖς
1722 3331 1842 3385 καθ’

240 3426 349 3478 οἷον
398 3420 597 3483 δήποτε
640 3429 828 3497 τρόπον
889 3426 1315 3495 συνυπαχθῆναι.
1358 3427 1559 3499 Φέροιτε
1598 3426 1843 3494 γενναίως

238 3515 411 3566 πάντα
465 3509 689 3586 δεύτερα
742 3515 1041 3586 ἡγούμενοι,
1109 3518 1181 3586 μὴ
1266 3517 1419 3585 μόνον
1489 3515 1838 3587 ριοναστὴρια⁹

239 3607 333 3655 xui
406 3605 472 3655 τὰ
559 3600 608 3654 έν
670 3608 1043 3674 μοναστηρίοις
1127 3602 1353 3667 ἅπαντα,
1426 3602 1520 3653 κοῖν
1586 3598 1682 3654 εἶεν
1714 3601 1840 3675 ύπερ

237 3692 356 3745 λίαν
394 3692 587 3766 ἄπειρα
620 3709 633 3722 ⁸
666 3690 795 3744 ἀλλὰ
831 3694 931 3767 γὰρ
963 3696 1053 3744 καὶ
1108 3694 1174 3744 τὰ
1203 3691 1396 3745 ἑαυτῶν
1445 3696 1666 3762 σώματα
1706 3708 1718 3722 ⁸
1749 3693 1842 3748 τὴν

240 3780 407 3839 καλὴν
500 3777 790 3853 φυγαδείαν
858 3781 1107 3853 ἑλόμενοι,
1171 3786 1261 3833 καὶ
1310 3784 1397 3833 τὸν
1441 3788 1533 3833 τοῦ
1604 3777 1844 3853 διωγμοῦ

238 3874 579 3943 μακαρισμὸν
685 3873 1080 3943 στεφανούμενοι
1161 3874 1249 3923 τόν
1337 3866 1672 3943 ύπερένδοξον
1754 3872 1845 3921 καὶ

238 3960 681 4033 ὑπερθαύμαστον
711 3978 723 3991 ⁸
780 3961 919 4012 καθά
978 3963 1069 4010 καὶ
1121 3958 1411 4012 ἐντέταλται
1456 3960 1577 4029 ύμῖν
1621 3960 1647 4010 ό
1677 3959 1846 4030 μακά-

236 4067 378 4124 ριος.
447 4048 507 4101 Εἰ
564 4045 623 4101 δε
670 4050 751 4101 ὅτι
835 4048 966 4100 έάλω
1043 4047 1267 4109 ἐκεῖνος·
1320 4052 1402 4100 vui
1478 4052 1568 4100 xui
1624 4055 1715 4119 φεῦ
1754 4053 1846 4105 τῆς

239 4135 452 4198 ἧττηςῑ
497 4136 629 4195 πλὴν
674 4137 756 4189 ὃτι
796 4135 1142 4194 ἀνακέκληται
1174 4153 1187 4166 ⁸
1239 4136 1372 4196 πλήν
1419 4138 1499 4189 ὃτι
1550 4135 1846 4209 ἐπιτετίμη-

236 4244 355 4291 ται,
447 4230 536 4278 xui
591 4229 720 4298 μετά
800 4234 898 4278 τῶν
983 4225 1204 4278 εύσεϐῶν
1271 4233 1551 4293 συνῆπται,
1632 4231 1723 4279 xui
1779 4227 1846 4288 εἷς

238 4313 362 4367 ἔστι
405 4321 505 4365 τῶν
554 4312 782 4386 ἀδελφῶν
840 4319 929 4367 xui
980 4318 1217 4389 Πατέρων
1274 4316 1418 4386 ἡμῶν
1453 4331 1465 4344 ⁸
1517 4316 1697 4367 καθότι
1756 4319 1846 4368 xui

240 4397 578 4457 εἰσδέδεκται
628 4408 759 4477 πρός
830 4411 923 4456 τοῦ
990 4403 1333 4476 ἱεροτελεστοῦ
1380 4406 1527 4475 ἡμῶν
1579 4423 1847 4477 μακαριω-

240 4494 407 4543 τάτου
478 4492 837 4565 πατριάρχου.
914 4499 1093 4545 Ταῦτα
1169 4488 1256 4544 οὖν
1329 4488 1547 4559 εἰδότες,
1606 4488 1842 4565 ἀδελφοὶ,

245 4579 614 4652 εύψυχήσατε,
676 4581 1051 4647 εύτακτήσατε,
1108 4576 1161 4633 εὖ
1215 4580 1478 4655 πράξοιτε,
1527 4583 1578 4632 ἓν
1630 4589 1845 4653 Χριστῷ

242 4673 426 4728 Ἰησοῦ
482 4678 555 4742 τῷ
611 4675 785 4744 Κυριῳ
851 4673 1016 4742 ἡμῶν,
1081 4671 1137 4732 ὃς
1218 4669 1450 4723 κάκεῖνον
1530 4668 1845 4723 ἀναπαύσειε

244 4761 379 4832 μετὰ
458 4755 698 4826 δικαίων,
785 4764 875 4811 καὶ
939 4761 1074 4831 ὑμᾶς
1150 4764 1509 4834 καταρτίσειεν
1567 4758 1616 4812 ἓν
1684 4766 1845 4813 πᾶσιν

246 4848 486 4921 ἀγαθοῖς,
519 4850 847 4921 ἠγαπημένοι
876 4850 1022 4921 ἡμῶν
1043 4844 1273 4921 ἀδελφοί.

471 5044 614 5099 PKZ'
653 5044 786 5118 (23).
827 5046 1046 5119 Πέτρῳ
1084 5050 1384 5107 Νικαίας.
1427 5044 1617 5119 [χοα,]

1946 3154 2314 3225 impatientes
2326 3153 2969 3225 disciplinaeﬂaeterum
2985 3156 3276 3227 quoniam
3293 3156 3353 3212 in
3367 3173 3597 3214 summo

1946 3243 2291 3298 discrimine
2306 3244 2734 3314 persecutionis
2763 3259 2997 3299 versam
3009 3260 3097 3312 ur,
3115 3244 3296 3300 fidem
3313 3251 3598 3313 vestram,

1947 3331 2222 3401 obsecro,
2253 3332 2654 3403 pietatemque
2693 3348 2767 3387 ne
2793 3331 3057 3404 prodatis
3085 3348 3098 3388 :
3133 3334 3239 3389 sed
3266 3334 3314 3389 si
3340 3334 3601 3406 ingruat,

1950 3420 2195 3476 minime
2239 3437 2376 3476 cum
2430 3420 2723 3476 haereticis
2779 3436 3143 3494 quocunque
3195 3423 3601 3495 pactoabdu—

1948 3508 2193 3564 camini.
2228 3508 2377 3564 Forti
2404 3508 2612 3564 animo
2639 3508 2945 3575 sustinete,
3006 3510 3213 3566 omnia
3240 3510 3603 3581 posthaben-

1950 3604 2054 3663 tes,
2089 3614 2207 3653 non
2240 3597 2435 3653 solum
2464 3598 2844 3661 monasteria,
2896 3604 2953 3653 et
2976 3614 3353 3672 quaecunque
3384 3602 3444 3655 in
3467 3616 3603 3657 mo-

1948 3686 2221 3742 nasteriis
2248 3690 2404 3751 sunt,
2436 3686 2768 3758 quamlibet
2814 3702 2996 3759 supra
3054 3688 3305 3744 modum
3337 3689 3453 3745 sint
3497 3705 3602 3745 co-

1948 3775 2143 3848 piosa,
2162 3775 2266 3831 sed
2290 3776 2531 3848 propria
2548 3776 2731 3831 etiam
2752 3790 3032 3847 corpora:
3059 3776 3374 3848 pulchram
3390 3778 3599 3847 fugam

1950 3864 2250 3934 eligentes,
2309 3868 2367 3919 et
2417 3863 2851 3935 persecutionis
2903 3864 3268 3921 beatitudine
3308 3869 3599 3938 coronati,

1950 3969 2085 4026 quae
2122 3952 2374 4023 gloriam
2413 3952 2820 4009 incredibilem
2848 3959 2905 4009 et
2932 3954 3353 4011 admirabilem
3375 3955 3595 4012 habet:

1951 4042 2469 4114 quemadmodum
2494 4041 2709 4099 beatus
2745 4042 2921 4097 etiam
2963 4042 3057 4097 ille
3090 4044 3260 4099 vobis
3291 4046 3600 4117 prascepit.

1952 4130 2124 4198 Quod
2175 4130 2387 4202 siquis
2441 4131 2663 4187 victum
2722 4130 2888 4187 illum
2933 4131 3114 4187 fuisse
3162 4132 3340 4199 dicat,
3398 4134 3601 4207 utique

1953 4224 2009 4275 et.
2037 4219 2411 4291 deploranda
2440 4219 2635 4276 clades
2662 4235 2675 4271 :
2705 4225 2765 4275 at
2821 4225 3134 4277 revocatus
3164 4230 3272 4286 est,
3324 4227 3385 4279 at
3413 4224 3601 4295 paeni-

1955 4310 2197 4364 tentiam
2224 4310 2359 4378 egit,
2415 4316 2473 4364 at
2500 4309 2609 4379 piis
2664 4317 3024 4381 aggregatus
3058 4318 3165 4379 est,
3193 4328 3471 4383 unusque
3508 4317 3601 4370 est

1951 4396 2202 4453 fratrum
2223 4398 2583 4469 Patrumque
2603 4403 2968 4453 nostrorum.
2986 4399 3193 4470 Itaque
3215 4404 3490 4472 receptus
3512 4405 3602 4456 est

1951 4486 2126 4541 etiam
2163 4486 2241 4541 ab
2270 4485 2529 4541 antistite
2562 4490 2788 4552 nostro,
2841 4486 3188 4544 beatissimo
3235 4489 3599 4558 patriarcha.

1955 4577 2082 4630 Haec
2101 4574 2277 4644 igitur
2302 4590 2437 4628 cum
2460 4572 2634 4630 vobis
2662 4582 2969 4645 comperta
2999 4576 3136 4641 sint,
3179 4576 3409 4641 fratres,
3437 4578 3599 4634 bono

1952 4664 2157 4719 animo
2183 4668 2386 4727 estote,
2423 4662 2800 4734 disciplinam
2856 4670 3106 4729 servate,
3142 4666 3292 4721 bene
3322 4666 3512 4723 valete
3540 4668 3601 4724 in

1953 4752 2183 4810 Christo
2204 4754 2341 4807 Jesu
2373 4751 2626 4808 Domino
2682 4757 2906 4821 nostro,
2952 4753 3055 4825 qui
3088 4759 3143 4809 et
3168 4754 3245 4810 illi
3273 4757 3601 4828 quietatem

1953 4841 2172 4898 tribuat
2196 4856 2333 4896 cum
2360 4840 2554 4911 justis,
2596 4847 2777 4897 etvos
2807 4842 2867 4897 in
2899 4842 3071 4898 bonis
3101 4844 3385 4900 omnibus
3414 4844 3597 4917 perﬁ-

1954 4931 2089 4996 ciat,
2118 4930 2313 4987 dilecti
2338 4929 2545 4986 fratres
2585 4930 2795 4986 nostri.

2376 5044 2627 5101 CXXVII.
2657 5075 2725 5084 —
2751 5044 2929 5100 Petro
2950 5046 3189 5103 Nicaeae.

995 5150 1339 5214 Apologetica
1366 5150 1622 5201 adversus
1652 5151 2085 5203 calumniatores.
2119 5151 2333 5214 (Baron.
2367 5163 2458 5204 an.
2493 5151 2602 5207 823,
2633 5165 2690 5200 n.
2731 5152 2840 5213 19.)

318 5248 429 5295 Νῦν
501 5221 871 5314 εύοδούμεθαἱ
924 5240 1209 5293 ἕπιστεῖλαι
1276 5248 1338 5314 τῇ
1425 5248 1651 5314 πατρικῇ
1748 5260 1843 5293 σου

321 5359 371 5393 ’⁸
397 5358 419 5411 Ι
450 5358 579 5427 Cor,
604 5374 703 5426 xv,
733 5359 825 5414 20.
903 5358 951 5393 “
979 5356 1089 5414 Job
1114 5373 1155 5421 1,
1189 5358 1282 5415 21.

1360 5358 1409 5393 ’⁵
1438 5357 1592 5415 Psal.
1620 5374 1782 5425 xvui,
1815 5360 1905 5415 49.

2026 5244 2194 5297 Nunc
2241 5244 2583 5313 opportuna
2645 5240 2943 5297 scribendi
2999 5244 3260 5314 paternae
3300 5245 3601 5306 sanctitati

1808 5461 2036 5520 NOTIE.

330 5563 445 5637 (23)
473 5564 535 5620 ln
567 5563 695 5621 cod.
730 5565 868 5635 Reg.
898 5561 1035 5640 ρλϐ’.
