4036 6276
494 217 629 271 1411
1751 209 1813 265 S.
1853 207 2221 266 THEODORI

495 350 603 399 tuae
655 342 832 398 datur
882 339 1141 406 occasio,
1196 344 1516 411 postquam
1554 338 1631 394 ab
1674 337 1891 393 ‘exsilio
1918 335 2142 393 reversi
2175 336 2222 389 Α

492 448 725 487 sumus.
785 429 1089 502 Siquidem
1144 429 1419 483 incursus
1463 428 1726 483 Arabum
1758 442 1868 482 nos
1900 441 2143 499 quoque

491 520 750 577 humiles
781 535 916 575 cum
949 518 1080 574 aliis
1114 517 1420 589 permultis
1472 516 1712 588 ejiciens
1747 516 1824 572 ab
1859 515 2139 587 hospitio,

493 610 555 666 in
586 609 918 681 principem
945 606 1204 663 insulam
1256 611 1393 662 ante
1430 606 1641 661 urbem
1666 605 1884 675 abegit.
1917 605 1981 660 In
2020 621 2143 677 qua.

492 698 712 771 quibus
730 698 1013 753 aerumnis
1036 695 1228 751 affecti
1249 697 1534 751 fuerimus
1556 696 1775 767 partim
1796 711 1831 749 a
1861 697 2143 767 profugo-

490 803 626 844 rum
651 793 899 858 urgente
920 803 1030 841 nos
1054 785 1243 850 turba.
1269 784 1487 856 partim
1515 784 1593 840 ab
1624 788 1775 840 testu
1793 789 1849 839 et
1866 783 2039 856 aquis
2063 783 2142 839 ad

490 881 702 951 potum
758 877 1005 933 minime
1061 875 1313 938 idoneis,
1362 874 1507 946 quid
1566 889 1718 946 opus
1773 879 1861 929 est
1899 873 2143 929 dicere?

492 969 704 1023 Postea
730 982 896 1032 vero,
924 972 987 1021 ut
1043 965 1180 1020 inde
1234 963 1533 1035 progressi
1587 979 1797 1018 sumus
1841 962 1918 1017 ad
1948 962 2143 1018 vicina

493 1055 855 1113 Chalcedoni
876 1055 1030 1118 loca,
1072 1055 1149 1109 ad
1206 1054 1319 1109 ista
1371 1054 1493 1108 duo
1524 1052 1797 1114 accessit.
1831 1058 1887 1107 et
1916 1052 2029 1108 hoc
2057 1051 2141 1107 al-

492 1150 706 1211 terum,
743 1145 908 1217 quod
936 1144 996 1199 in
1024 1143 1451 1214 gravissimum
1483 1142 1800 1197 incidimus
1858 1140 2140 1197 morbum

491 1234 595 1307 qui
624 1236 906 1289 miserum
950 1248 1169 1303 corpus
1219 1235 1488 1287 nostrum
1541 1236 1694 1287 totos
1752 1237 1979 1302 septem
2010 1229 2139 1285 dies

490 1339 693 1379 rerum
720 1322 1029 1378 doloribus
1068 1319 1279 1377 afﬂixit
1312 1336 1324 1375 :
1361 1324 1543 1390 atque
1594 1325 1657 1374 ut
1704 1318 1888 1375 semel
1917 1319 2135 1389 dicam,

490 1412 668 1484 plane
701 1411 1072 1467 laboriosum
1106 1412 1214 1464 iter
1260 1416 1533 1464 nostrum
1567 1408 1695 1463 fuit.
1727 1410 2000 1464 Attamen
2026 1408 2140 1464 tria

489 1501 619 1557 haec
639 1502 847 1557 divino
879 1514 1127 1555 munere
1160 1498 1333 1554 nobis
1384 1497 1761 1566 obtigerunt:
1792 1498 2048 1568 primum
2079 1503 2139 1552 ut

488 1590 909 1646 beatissimum
940 1587 1280 1660 pontiﬁcem
1310 1593 1578 1642 nostrum
1608 1586 2024 1649 salutaremus,
2046 1603 2138 1642 sa-

488 1679 600 1735 cris
626 1680 754 1751 ejus
788 1678 1066 1750 precibus
1090 1678 1350 1731 fruentes
1377 1693 1391 1742 ;
1426 1675 1642 1731 deinde
1664 1676 1774 1731 hos
1802 1681 1981 1748 atque
2006 1675 2138 1731 illos

491 1784 698 1824 sacros
725 1770 922 1822 Patres
948 1782 1017 1821 ac
1048 1766 1293 1830 fratres;
1318 1781 1387 1820 ac
1438 1764 1625 1830 tertio,
1670 1771 1732 1819 ut
1768 1764 2139 1835 objectiones

488 1862 547 1913 et
599 1855 1045 1912 criminationes
1122 1854 1221 1909 Dei
1282 1853 1685 1909 misericordia
1752 1852 2134 1917 diluerentur,

488 1961 642 2018 quas
696 1950 904 2001 contra
958 1960 1086 2005 nos,
1121 1943 1320 1999 nescio
1372 1942 1551 2007 unde,
1581 1942 1943 1997 suscitarunt
1969 1942 2137 2013 pacis

488 2034 753 2107 opiﬁces.
810 2032 1226 2089 Schismaticos
1285 2047 1397 2087 nos
1429 2036 1609 2086 antea
1656 2032 2074 2102 depinxerunt,
2103 2045 2140 2086 a

491 2123 678 2179 divini
705 2122 1002 2195 pontiﬁcis
1056 2121 1241 2176 nostri
1270 2121 1568 2175 consortio
1604 2135 1878 2175 aversos:
1908 2120 2140 2192 privata

494 2212 849 2271 auctoritate
875 2226 1016 2266 usos
1043 2210 1225 2266 fuisse
1279 2208 1653 2265 aﬁlrmarunt
1682 2209 1742 2264 in
1780 2225 1989 2266 eorum
2011 2228 2138 2282 poe-

487 2302 603 2371 nis,
631 2302 733 2373 qui
790 2300 1080 2355 haeretica;
1146 2298 1556 2355 communioni
1609 2297 1991 2356 adhaeserunt
2033 2318 2045 2356 :
2082 2305 2139 2357 et

488 2390 608 2447 alia
645 2389 835 2446 multa
865 2404 1001 2460 quae
1056 2388 1321 2460 epistola
1367 2387 1670 2443 includere
1699 2387 1997 2444 difﬁcilius
2026 2396 2133 2446 est.

556 2480 775 2534 Verum
814 2478 892 2533 ad
920 2476 1172 2547 singula,
1208 2481 1268 2532 ut
1290 2476 1573 2541 diximus,
1616 2476 1837 2532 auxilio
1889 2493 2135 2549 precum

484 2574 726 2625 tuarum
753 2566 1028 2639 apposite
1055 2565 1507 2637 respondentes,
1541 2573 1596 2621 et
1626 2582 1764 2621 cum
1795 2582 1964 2623 sacro
1989 2584 2137 2640 pon-

484 2657 643 2712 tiﬁce
666 2662 869 2711 nostro
900 2655 1344 2710 communicare
1368 2670 1478 2710 nos
1519 2654 1917 2719 ostendimus,
1950 2657 2052 2727 qui
2079 2662 2134 2714 et

484 2761 725 2802 summa
744 2744 1117 2799 humanitate
1140 2759 1250 2799 nos
1269 2744 1521 2816 excepit,
1545 2748 1599 2798 et
1620 2751 1894 2800 amanter
1916 2751 2134 2802 tracta-

481 2836 566 2890 vit
595 2840 649 2890 et
679 2832 925 2896 dimisit,
980 2831 1146 2887 nulla
1201 2832 1499 2887 mentione
1548 2831 1703 2888 facta
1735 2849 1964 2903 eorum,
1994 2850 2130 2907 quas

482 2921 806 2995 perdolum
824 2921 1081 2976 contieta
1102 2920 1355 2975 fuerant.
1385 2920 1721 2987 Quinetiam
1736 2937 1872 2977 cum
1904 2924 2129 2979 mentio

481 3011 648 3067 ﬁeret
696 3010 770 3066 de
826 3010 1079 3065 Domino
1134 3009 1310 3066 beato
1360 3009 1599 3066 Tarasio
1659 3009 1826 3082 (nam
1868 3017 1925 3068 et
1953 3013 2030 3068 ab
2058 3028 2130 3069 eo
2164 2995 2205 3054 Ο

481 3100 775 3164 dixerant,
809 3101 1044 3155 Patrum
1061 3098 1281 3155 scilicet
1309 3107 1627 3165 amatores,
1658 3115 1768 3155 nos
1790 3100 2128 3167 descivisse,

482 3194 539 3246 et
558 3188 886 3245 secundam
914 3188 971 3243 in
994 3187 1190 3244 Nicaaa
1216 3193 1487 3243 sanctam
1516 3188 1842 3259 synodum,
1871 3189 2128 3246 localem

482 3277 821 3350 appellare),
854 3293 964 3332 nos
980 3292 1113 3333 vero
1127 3276 1519 3348 probavimus
1549 3282 1605 3333 et
1630 3276 1794 3332 illum
1828 3279 1886 3334 in
1909 3278 2129 3335 sanctis

479 3366 747 3426 Patribus
785 3366 1027 3431 habere,
1077 3372 1135 3421 et
1187 3365 1489 3437 synodum
1538 3366 1739 3422 verbis
1775 3368 2129 3440 scriptisque

478 3456 913 3513 mcumenicam
942 3455 1215 3511 conﬁteri
1241 3474 1252 3512 :
1288 3455 1419 3511 licet
1451 3456 1684 3527 uspiam
1722 3456 2048 3528 aliquando
2074 3462 2130 3513 et

478 3546 680 3619 aliquo
711 3546 894 3601 modo
923 3548 981 3600 et
1003 3543 1370 3616 quibusdam
1420 3543 1590 3599 aliter
1618 3546 2124 3616 responderimus.

477 3636 619 3700 Qum
647 3634 892 3707 quidem
946 3649 1065 3689 non
1097 3636 1349 3704 oportet,
1406 3634 1557 3687 sicut
1585 3648 1695 3691 nec
1726 3648 1797 3689 ea
1823 3650 1958 3706 quae
2000 3641 2125 3690 tum

476 3723 641 3780 aliter
665 3730 799 3781 acta
825 3722 1078 3785 fuerunt,
1113 3736 1274 3776 nunc
1328 3721 1625 3793 inquirere
1657 3727 1713 3783 et
1740 3723 2035 3779 refricare.
2063 3724 2126 3780 Id

476 3813 633 3868 enim
656 3812 945 3867 tumultus
970 3826 1219 3866 causam
1242 3810 1488 3882 praebet,
1514 3826 1622 3867 nec
1649 3812 2123 3877 emolumentum

477 3901 665 3957 ullum
682 3900 870 3967 affert,
901 3901 1005 3955 sed
1035 3897 1450 3956 altercationes
1495 3900 1693 3971 potius
1717 3906 1774 3957 et
1802 3900 2126 3958 offendicu-

472 3989 597 4047 lum
631 3990 904 4046 Ecclesiae
938 3988 1056 4044 Dei.
1092 3991 1211 4045 Hoc
1241 3994 1297 4043 et
1337 3988 1437 4044 illo
1470 3988 1652 4045 modo
1695 3990 1755 4059 hi
1786 3996 1842 4046 et
1872 3991 1953 4046 illi
1984 3994 2122 4048 scri-

476 4085 720 4151 pserunt
776 4095 845 4136 ac
897 4084 1186 4149 egerunt:
1217 4078 1434 4148 singuli
1482 4094 1545 4134 se
1590 4080 1897 4147 veritatem
1929 4088 2125 4138 tenere

474 4168 849 4225 arbitrantes.
880 4167 1073 4223 Multis
1125 4166 1323 4233 annis,
1373 4174 1435 4222 ut
1483 4169 1658 4229 nosti,
1687 4170 2121 4237 amantissime,

476 4264 783 4330 peractum
843 4256 970 4321 fuit,
1016 4256 1182 4328 quod
1225 4257 1286 4311 in
1321 4272 1422 4312 ore
1471 4272 1631 4313 nunc
1684 4264 1773 4329 est
1828 4260 2121 4326 omnium,

475 4346 763 4418 quodque
777 4345 994 4401 Orienti
1008 4349 1187 4416 atque
1215 4345 1519 4402 Occidenti
1541 4346 1798 4407 innotuit
1810 4364 1945 4419 quae
1959 4355 2124 4419 gesta

475 4440 531 4490 et
562 4438 784 4506 scripta
810 4439 948 4489 sunt
994 4440 1250 4490 evertere
1300 4440 1511 4491 neutra
1537 4452 1674 4507 pars
1714 4443 1922 4508 potest.
1958 4440 2123 4494 Nunc

476 4526 713 4594 tempus
742 4527 835 4578 est
864 4522 1221 4587 concordiae,
1254 4538 1415 4579 nunc
1444 4530 1679 4595 tempus
1710 4526 1768 4579 in
1800 4541 2122 4583 commune

474 4610 841 4666 decertandi.
868 4613 1084 4666 Eorum
1098 4612 1359 4684 quiquid
1382 4614 1691 4683 scripsere,
1708 4621 2120 4687 monumenta,

476 4702 524 4756 si
554 4700 799 4771 quidem
830 4706 984 4755 recte
1006 4700 1228 4756 habere
1260 4702 1509 4773 posteris
1534 4702 1917 4769 videbuntur,
1950 4711 2123 4760 erunt

474 4788 649 4845 laude
674 4789 858 4860 digna
882 4809 894 4848 :
931 4789 1023 4843 sin
1048 4791 1266 4855 minus,
1294 4805 1486 4845 secus.
1523 4790 1733 4845 Fidelis
1762 4808 1981 4862 sermo,
2014 4810 2123 4850 nec

476 4878 632 4933 aliud
664 4877 777 4933 hac
808 4879 882 4934 de
905 4895 965 4934 re
995 4878 1192 4934 dicere
1216 4878 1377 4941 libet,
1411 4894 1604 4951 neque
1627 4880 1687 4934 in
1716 4896 1998 4950 praesens,
2022 4898 2121 4938 ne-

474 4981 590 5037 que
615 4967 675 5021 in
703 4974 1030 5039 posterum.
1073 4971 1137 5023 Et
1168 4967 1463 5033 ostendet,
1502 4969 1714 5039 inquit,
1744 4969 1870 5024 dies
1902 4972 2122 5027 revela-

475 5054 673 5121 tionis,
707 5062 763 5111 et
795 5056 1153 5112 novissimus
1205 5056 1358 5127 ignis
1411 5073 1533 5129 quo
1578 5057 1925 5128 judicantur
1964 5060 2122 5116 facta

474 5150 677 5199 nostra
711 5148 769 5199 et
798 5150 1130 5216 purgantur
1155 5146 1223 5195 9‘.
1274 5145 1406 5199 Haec
1438 5147 1655 5215 partim
1685 5146 1952 5217 quidem,
1984 5152 2118 5203 tan-

473 5248 657 5304 quam
675 5234 961 5289 unanimo
976 5234 1127 5304 patri
1154 5239 1210 5287 et
1223 5233 1383 5303 pacis
1397 5234 1623 5289 auctori
1648 5250 1662 5301 ;
1699 5234 1914 5306 partim
1940 5236 2115 5292 etiam

472 5320 617 5391 quia
646 5320 867 5377 doloris
923 5321 1418 5378 commemoratio
1464 5320 1742 5379 solatium
1782 5322 2120 5381 dolentibus

480 5406 690 5465 afferre
716 5408 1047 5474 consuevit,
1103 5424 1439 5468 necessario
1489 5426 1526 5468 a
1578 5426 1676 5467 me
1715 5412 1933 5484 scripta
1960 5421 2116 5471 sunt.

553 5508 601 5543 ³⁸
627 5508 670 5561 ll
698 5506 897 5562 Thess.
929 5521 968 5571 1,
995 5512 1050 5577 7,
1082 5509 1133 5561 8.

2172 1630 2221 1688 Β

2159 4135 2204 4190 D

2265 206 2591 266 STUDITE
3706 207 3735 263 1
3747 206 3870 263 412

2252 334 2519 406 ἀγιωσύνη
2555 354 2568 367 ·
2644 338 2869 395 ὁπηνίκα
2948 335 3439 410 ἀνθυπεστρίψαμεν
3510 342 3604 396 τῆς
3678 352 3864 407 φυγα-

2253 421 2399 487 δείας
2441 444 2454 455 ·
2511 425 2714 499 ἐπείπερ
2766 428 2796 484 ἠ
2849 434 2949 478 τῶν
3019 424 3290 501 ’Λῤῥάϐων
3333 421 3518 497 ἔφοδος
3567 428 3659 477 σὺν
3717 424 3867 477 πολ-

2250 515 2357 578 λοῖς
2419 515 2591 578 οἶλλοις
2634 520 2724 568 καὶ
2791 518 2929 589 ἡμᾶς
2984 518 3107 578 τοὺς
3153 517 3419 576 ταπεινοὺς
3474 515 3693 587 μεθεῖσα
3756 521 3865 576 τῆς

2252 604 2434 670 ξενίας,
2507 604 2751 677 ἀπήγαγε
2797 608 2897 681 πρὸ
2954 613 3045 658 τοῦ
3101 606 3287 667 ἄστεος
3337 603 3386 656 ἓν
3450 612 3511 677 τῇ
3571 608 3864 679 Πριγκίπῳ

2249 700 2414 767 νήσῳ.
2471 695 2551 748 Ἐν
2606 696 2637 768 ᾖ
2716 696 2837 747 ὅσον
2922 694 3437 770 ἐταλαιπωρήσαμεν,
3498 691 3598 746 ἀπό
3658 712 3713 746 τε
3757 700 3863 745 τοῦ

2252 788 2560 856 συνέχοντος
2616 786 2755 856 ἡμᾶς
2813 780 3199 857 φυγαδευτικοῦ
3250 783 3376 836 λαοῦ
3409 799 3423 813 ⁶
3468 789 3561 836 τοῦ
3610 800 3665 835 τε
3714 785 3861 834 καύ-

2251 892 2433 939 σωνος,
2492 878 2581 927 καὶ
2639 882 2738 926 τῶν
2796 870 3075 927 δυσπότων
3121 870 3349 937 ὑδάτων,
3405 876 3459 925 τί
3503 869 3715 925 δεῖκαὶ
3768 871 3861 924 λέο

2248 982 2403 1034 γειν;
2460 962 2588 1016 Εἰτα
2638 960 2819 1022 ἕπειδὴ
2894 961 3192 1037 προῦϐημεν
3244 961 3502 1035 ἄγγυτέρω
3571 962 3709 1013 κατὰ
3755 965 3862 1018 τὴν

2251 1049 2589 1118 Χαλκηδόνα,
2650 1050 2755 1105 έκεῖ
2806 1059 2913 1105 τοῖν
2962 1049 3112 1105 δυοῖν
3187 1054 3395 1125 θάτερον
3427 1068 3439 1081 ·
3494 1055 3860 1121 κατεπέσαμεν

2248 1144 2298 1194 ἓν
2335 1140 2576 1214 ἀσθενείᾳ
2617 1139 2887 1214 δυσοίστῳ
2925 1149 3229 1215 νεφριτικοῖς
3284 1146 3463 1203 πόνοις
3516 1136 3856 1213 παιδευούσῃ

2248 1232 2393 1303 ἡμῶν
2450 1235 2543 1290 τὴν
2574 1230 2786 1290 ἕλεεινὴν
2832 1232 3005 1305 σάρκα
3058 1235 3246 1305 μέχρις
3296 1228 3673 1303 έϐδοματιαίου
3701 1233 3860 1302 χρό-

2246 1339 2335 1374 νου
2365 1336 2377 1349 ⁸
2412 1325 2499 1373 καὶ
2556 1320 2725 1381 ἁπλῶς
2784 1321 2959 1383 εἰπεῖν,
3022 1319 3382 1395 ἀργαλεωτέρα
3429 1321 3578 1393 ἡμῶν
3634 1320 3661 1378 ὁ
3721 1313 3859 1379 ὁδὸς

2249 1408 2491 1481 ἆγεγόνει.
2551 1417 2724 1483 Ὅμως
2779 1415 2902 1486 τρία
2964 1417 3133 1463 ταῦτα
3199 1415 3404 1482 γέγονεν
3460 1410 3585 1481 ἡμῖν
3644 1407 3855 1460 ἄπιτε-ύ-

2246 1518 2424 1571 γματα
2461 1507 2594 1554 Θεοῦ
2623 1502 2812 1573 χάριτι
2844 1517 2858 1531 ο
2890 1503 2976 1552 τόν
3032 1518 3086 1553 τε
3136 1505 3532 1573 μακαριώτατον
3580 1500 3727 1570 ἡμῶν
3755 1496 3856 1572 ἀρ-

2247 1592 2431 1660 χιερέα
2500 1597 2869 1665 προσκυνῆσαι
2924 1592 3292 1662 κομισαμένοις
3340 1591 3431 1649 τὰς
3489 1589 3629 1660 ἱερὰς
3680 1605 3855 1659 προσ-

2248 1680 2412 1749 ωχάς
2469 1678 2629 1731 αὐτοῦ
2661 1700 2674 1713 ο
2720 1681 2896 1731 ἔπειτα
2939 1675 3133 1732 τούσδε
3181 1683 3271 1731 καὶ
3309 1673 3503 1731 τούσδε
3549 1684 3648 1729 τῶν
3699 1678 3853 1747 ἱερῶν

2250 1772 2490 1841 Πατέρων
2520 1774 2605 1822 καὶ
2641 1764 2873 1841 ἀδελφῶν
2902 1785 2915 1799 ·
2957 1774 3047 1821 καὶ
3086 1772 3278 1840 τρίτον,
3331 1770 3388 1819 τὸ
3437 1763 3688 1819 διαλῦσαι
3719 1765 3855 1818 ἐλέει

2249 1862 2384 1908 Θεοῦ
2439 1858 2534 1918 τὰς
2586 1856 2855 1919 ἐνστάσης
2903 1861 2993 1909 καὶ
3052 1854 3545 1930 ἀντιπαραστάσεις,
3604 1855 3666 1915 οἷς
3724 1855 3851 1906 καθ’

2246 1945 2393 2015 ἡμῶν
2423 1944 2518 1996 οὐκ
2548 1941 2655 1998 οἶδ’
2680 1947 2794 1999 ὅθεν
2847 1944 3051 2017 ἀνῆψαν
3099 1946 3147 1997 οἱ
3196 1952 3292 2006 τῆς
3343 1944 3551 2017 εἰρήνης
3580 1939 3856 2017 δημιουρ-

2245 2037 2333 2104 γοί
2366 2050 2379 2063 ⁶
2415 2038 2807 2107 σχισματικούς
2837 2036 2973 2107 ἡμᾶς
3002 2034 3549 2108 προανεζωγράφησαν
3599 2040 3693 2095 τῆς
3751 2040 3853 2084 τοῦ

2248 2124 2526 2175 θεσπεσίου
2578 2124 2723 2196 ἡμῶν
2792 2122 3075 2197 ἀρχιερέως
3141 2127 3412 2195 συναφείας
3450 2138 3463 2152 ·
3548 2118 3852 2193 ίδιονόμους

2246 2210 2568 2285 ἀπεφήναντο
2621 2213 2670 2266 ἓν
2729 2220 2846 2277 ταῖς
2896 2216 3186 2287 ἑπιτιμίαις
3240 2220 3343 2267 τῶν
3416 2210 3709 2266 ἑαλωκότων
3774 2220 3846 2285 τῇ

2245 2304 2477 2376 αἱρετικῇ
2502 2306 2759 2375 κοινωνίᾳ.

2313 2479 2474 2533 Ἃλλα
2524 2480 2657 2533 ἆττα
2720 2477 3100 2553 ἑργωδέστερον
3163 2488 3237 2552 τῷ
3302 2481 3579 2553 γράμματι
3657 2478 3849 2533 ἔπαυ-

2242 2568 2397 2622 κ).εῖν.
2486 2570 2642 2639 Πλὴν,
2702 2572 2770 2632 ὡς
2817 2574 3143 2643 προείρηται,
3203 2568 3391 2641 εὐχαῖς
3447 2587 3543 2621 σου
3601 2573 3735 2640 πρὸς
3793 2571 3847 2621 ἓν

2242 2659 2459 2711 ἕκαστον
2528 2658 2915 2718 ἀπαντήσαντες
2990 2657 3294 2725 εὖθυϐόλως,
3383 2662 3474 2710 καὶ
3531 2664 3625 2710 τοῦ
3702 2660 3845 2731 ἱεροῦ

2242 2749 2387 2820 ἡμῶν
2416 2750 2755 2823 πατριάρχου
2795 2767 3085 2800 κοινωνικοι
3116 2745 3246 2800 εἶναι
3286 2743 3713 2820 ἀποδεδείχαμεν
3747 2762 3761 2775 ·
3790 2748 3845 2807 ὅς

2240 2844 2327 2890 καὶ
2367 2839 2498 2909 μετά
2552 2835 2976 2911 ὑπερϐαλλούσης
3026 2835 3467 2909 συγκαταϐασεως
3516 2840 3602 2888 καὶ
3659 2832 3840 2898 ἐδέξαο

2240 2944 2299 2978 το
2354 2931 2444 2979 καὶ
2495 2926 2954 3000 ἐφιλοφρονήσατο,
3011 2931 3100 2979 καὶ
3166 2925 3457 2979 ἀπέστειλεν
3510 2930 3652 2999 ἡμᾶς
3684 2942 3698 2956 ’
3753 2930 3828 2997 μή

2241 3034 2374 3076 τινος
2412 3015 2567 3087 λόγου
2615 3023 2715 3068 τῶν
2775 3017 3203 3088 σκαιωρηθίντων
3256 3016 3822 3087 ἰπιμνηματισθέντος·

2240 3103 2298 3157 οὗ
2328 3108 2433 3177 μὴν
2464 3104 2591 3157 ἀλλά
2648 3109 2739 3157 καὶ
2785 3112 2878 3157 τοῦ
2929 3108 3114 3177 κυρίου
3158 3109 3425 3178 Ταρασίου
3464 3108 3556 3156 καὶ
3591 3106 3640 3156 ἐν
3670 3103 3833 3176 ἁγίοις

2238 3198 2682 3267 μνημονευόμενον
2718 3211 2731 3224 ·
2792 3196 2987 3267 ἔφασαν
3032 3195 3135 3266 γὰρ
3193 3195 3243 3245 οἰ
3294 3189 3452 3253 δῆθεν
3500 3194 3841 3267 φιλοπάτορες

2237 3288 2329 3336 καὶ
2355 3287 2541 3336 τούτου
2574 3285 2709 3356 ἡμᾶς
2762 3279 2798 3335 δ
2803 3284 3099 3354 ιεσχίσθαι,
3132 3287 3223 3335 καὶ
3258 3287 3351 3340 τήν
3378 3300 3436 3354 γε
3465 3285 3513 3335 ἓν
3542 3287 3743 3355 Νικαίᾳ
3778 3286 3839 3335 τό

2240 3368 2477 3443 δεύτερον
2509 3373 2662 3444 ἁγίαν
2705 3368 2925 3424 σύνοδον
2971 3376 3196 3429 τοπικὴν
3243 3369 3519 3424 ἀποκαλεῖν
3552 3390 3565 3403 ·
3597 3374 3750 3445 ἡμεῖς
3778 3367 3842 3424 δέ

2242 3463 2673 3535 συνεστησάμεθα
2702 3461 2937 3530 ἑαυτοὺς,
2967 3466 3058 3513 καὶ
3087 3459 3243 3513 αὐτὸν
3281 3462 3331 3513 ἓν
3363 3462 3633 3535 Πατράσιν
3662 3460 3842 3532 ἁγίοις

2239 3553 2378 3622 ἔχειν
2412 3570 2425 3583 ·
2476 3556 2565 3603 καὶ
2630 3556 2723 3610 τήν
2778 3569 2840 3623 γε
2890 3547 3109 3602 σύνοδον
3160 3549 3514 3622 οἰκουμενικὴν
3567 3549 3839 3622 ὁμολογεῖν

2239 3641 2511 3714 ἓγγράφως
2540 3658 2593 3692 τε
2640 3659 2729 3692 και
2761 3637 3003 3714 ἀγράφως
3051 3654 3064 3665 ·
3101 3638 3146 3691 εἰ
3177 3643 3265 3691 καὶ
3303 3659 3425 3705 που,
3461 3643 3549 3691 καὶ
3578 3657 3721 3703 ποτε,
3751 3642 3839 3691 καὶ

2237 3748 2347 3790 πως
2393 3733 2483 3781 καὶ
2526 3748 2664 3781 τισιν
2705 3727 3055 3801 ἀπεκρίθημεν
3104 3727 3302 3801 ἑτέρως.
3332 3726 3396 3781 ’Δ
3436 3728 3494 3779 οὗ
3542 3723 3622 3780 δεῖ
3660 3729 3836 3801 ὥσπερ

2236 3822 2326 3870 καὶ
2373 3820 2439 3870 τά
2492 3825 2781 3876 τηνικαῦτα
2840 3818 3022 3891 ἑτέρως
3080 3820 3418 3890 πεπραγμένα
3481 3825 3569 3868 νῦν
3637 3816 3840 3876 ἀναζη-

2235 3915 2338 3959 τεῖν
2385 3910 2477 3959 καὶ
2523 3906 2812 3970 ἀναξαίνειν
2841 3923 2853 3937 ⁸
2915 3908 3028 3959 ἔστι
3085 3908 3188 3978 γὰρ
3250 3913 3497 3979 ταραχῆς
3525 3909 3715 3971 αἴτιον,
3746 3910 3835 3959 καὶ

2236 3992 2387 4049 οὐδὲν
2418 4000 2596 4055 ὄνησιν
2645 4000 2792 4069 φέρον
2820 4013 2833 4027 '
2868 3998 2899 4053 ἤ
2929 3993 3119 4067 μᾶλλον
3171 3994 3503 4068 λογομαχίαν
3552 4000 3642 4047 καὶ
3672 4013 3834 4070 προσ⁶

2237 4091 2402 4144 κοπὴν
2447 4093 2510 4158 τῇ
2564 4084 2854 4157 Ἐκκλησία
2908 4091 3002 4137 τοῦ
3064 4090 3237 4137 Θεοῦ·
3290 4084 3453 4147 οὕτως
3506 4087 3594 4136 καὶ
3646 4084 3831 4147 οὕτως,

2236 4170 2348 4227 οἶδε
2396 4179 2486 4226 καὶ
2535 4170 2668 4239 οἶδε,
2710 4173 2964 4246 ἔγραψαν,
3017 4169 3269 4247 ἔδρασαν,
3315 4173 3528 4226 ἔκαστοι
3556 4176 3615 4225 1'6
3648 4171 3836 4235 ἀληθες

2235 4266 2375 4336 ἔχειν
2406 4264 2649 4336 οἰόμενοι.
2680 4270 2915 4338 Μακροῖς
2968 4266 3152 4329 ἔτεσιν,
3212 4266 3281 4325 ὡς
3322 4259 3496 4333 οἶσθα,
3525 4265 3828 4336 τριπόθητε,

2234 4356 2293 4404 τὸ
2350 4352 2720 4427 θρυλλούμενον
2775 4353 3144 4427 κατεπράχθη,
3209 4350 3459 4425 Ἀνατολῇ
3527 4357 3618 4405 καὶ
3677 4354 3831 4405 Δύσει

2231 4447 2490 4517 γνώριμον
2557 4445 2823 4514 γενόμενον
2853 4456 2869 4472 ’
2924 4443 2991 4494 τὰ
3034 4445 3371 4515 πεπραγμένα
3430 4446 3535 4511 ,καὶ
3603 4461 3831 4514 γεγραμ·

2232 4534 2380 4602 μένα,
2429 4530 2539 4583 οὔθ’
2604 4531 2772 4605 ἕτερον
2846 4535 3001 4606 μέρος
3069 4530 3367 4603 ἀνατρέπειν
3432 4531 3538 4583 οἷόν
3589 4549 3645 4583 τε
3692 4530 3825 4586 ἔστι.

2233 4626 2340 4672 Νῦν
2377 4622 2560 4693 καιρὸς
2622 4621 2882 4691 ὁμονοίας,
2940 4627 3027 4672 νῦν
3078 4622 3257 4694 καιρὸς
3305 4618 3670 4682 συναθλήσεως
3710 4640 3723 4653 ·
3766 4622 3830 4672 τὰ

2233 4708 2688 4781 ἓγκαταλείμματα
2715 4715 2807 4761 τοῦ
2858 4712 3193 4783 γεγραφότος,
3228 4708 3270 4760 εἰ
3321 4712 3411 4781 μεν
3442 4704 3494 4761 εὖ
3526 4708 3652 4772 ἕξειν
3685 4706 3826 4762 δοκεῖ

2232 4804 2343 4858 τοῖς
2380 4801 2652 4869 μετέπειτα
2702 4800 2913 4851 ἐπαίνου
2960 4794 3141 4850 ἔνδικα
3170 4811 3183 4826 ⁶
3220 4796 3264 4850 εί
3291 4794 3349 4850 δι
3373 4802 3470 4869 μὴ,
3511 4800 3824 4853 τούναντίον.

2234 4890 2427 4947 Πιστὸς
2475 4888 2500 4938 ὁ
2538 4885 2710 4957 λόγος,
2738 4891 2828 4939 καὶ
2865 4905 2984 4959 περι
3022 4888 3207 4938 τούτου
3257 4885 3419 4957 λέγειν
3458 4885 3578 4939 οἴλλο
3610 4886 3667 4938 οὐ
3701 4886 3824 4959 βου-

2230 4977 2428 5047 γόμεθα
2456 4990 2468 5003 ⁸
2533 4978 2650 5028 οὔτε
2690 4984 2798 5041 νῦν,
2839 4979 2956 5028 οὔτε
3010 4979 3135 5051 πρὸς
3164 4978 3222 5027 τὸ
3254 4974 3391 5037 ἑξῆς.
3440 4981 3541 5028 Καὶ
3571 4973 3821 5042 δηλώσει,

2227 5064 2405 5134 ρησίν,
2465 5062 2494 5119 ἡ
2551 5068 2647 5123 τῆς
2714 5059 3076 5122 ἀποκαλύλεως
3139 5062 3328 5133 ἡμέρα,
3372 5064 3462 5112 καὶ
3538 5063 3596 5112 τό
3661 5060 3824 5114 τελευ-

2229 5155 2376 5201 ταῖον
2426 5157 2551 5222 πῦρ,
2692 5154 2922 5223 κρίνεται
2972 5154 3063 5202 καὶ
3108 5150 3413 5222 καθαίρεται
3460 5150 3525 5202 τὰ
3578 5151 3819 5223 ἡμέτερα.

2230 5244 2409 5291 Ταῦτα
2433 5238 2563 5311 ὁμοῦ
2613 5241 2703 5311 μὶν
2734 5241 2799 5299 ὡς
2829 5244 2999 5313 Πατρὶ
3043 5236 3315 5311 συμψύχῳ
3357 5241 3448 5289 καὶ
3480 5236 3779 5313 εἰρηνάρχῳ
3806 5258 3819 5269 ·

2233 5331 2362 5398 ὁμοῦ
2411 5323 2471 5379 δι
2508 5330 2597 5379 καὶ
2654 5326 2724 5389 εἰς
2773 5331 2830 5381 τό
2879 5326 3089 5391 ίξειπεῖν
3140 5328 3207 5378 τὰ
3268 5325 3495 5401 λυπηρὰ,
3551 5326 3821 5401 ῥᾳστώνην

2234 5411 2347 5468 οἶδε
2403 5425 2569 5491 φέρειν
2652 5414 2700 5469 ἐν
2754 5423 2862 5477 τοῖς
2947 5412 3311 5489 ὀδυνωμένοις,
3395 5414 3690 5488 ἀναγκαίως
3743 5420 3822 5487 γέ-
