4036 6276
264 249 403 307 1413

1530 247 2041 309 EPISTOLARUM
2070 250 2206 307 LIB.
2238 250 2305 305 Il.

3465 249 3605 305 1414

256 396 510 450 γραπται.
572 375 634 430 Εἰ
688 371 747 428 δι
803 374 1153 450 παρακληθεὶς
1192 375 1359 448 ὀφθῇς
1418 376 1543 448 ἡμῖν
1599 382 1702 436 τοῖς
1754 395 1846 428 τα·

1972 375 2127 440 )uod
2158 375 2204 430 si
2236 375 2672 433 consolatorem
2703 382 2758 433 te
2784 376 2956 433 nobis
2982 375 3313 432 humilibus
3332 376 3608 448 prrebue-

252 472 461 531 πεινοῖς,
534 469 691 518 κόπον
762 462 969 536 ἀγάπης
1054 462 1551 536 ἀναλαμϐανόμενος,
1641 469 1845 524 πάντως

256 550 430 615 ἰδίους
473 556 611 626 ἡμᾶς
669 556 944 613 ποιήσειας
1001 558 1117 627 περὶ
1184 562 1378 609 πάντα.
1450 555 1515 605 Οἱ
1569 555 1663 605 σύν
1722 554 1847 625 ἡμῖν

251 645 710 716 προσαγορεύουσι
766 640 988 694 πλεῖστα
1044 646 1140 701 τὴν
1201 641 1498 713 ἁγιωσύνην
1545 660 1662 699 σου.
1720 645 1850 702 Τοὺς

256 736 351 785 σὺν
407 737 492 786 σοὶ
535 735 626 785 καὶ
681 732 828 803 ἡμεῖς
881 731 1102 784 πλεῖστα
1156 732 1643 805 προσφθεγγόμεθα,
1692 749 1853 783 πανα-

250 840 492 895 γιωτατε.

380 927 528 983 ΡΚΗ¹
557 928 695 999 (24).
736 931 951 1001 Μαρίᾳ
991 929 1492 1002 παρθενευούσῃ.
1525 925 1727 1000 [χος’.]

1955 465 2056 528 ris,
2103 463 2403 519 charitatis
2450 464 2716 521 laborem
2760 464 3128 536 suscipiens;
3172 466 3421 521 omnino
3472 469 3606 519 tuos

1958 568 2069 608 nos
2115 551 2330 608 reddes
2362 554 2422 608 in
2462 553 2766 610 omnibus.
2810 554 2916 618 Qui
2956 554 3275 610 nobiscum
3307 558 3444 608 sunt
3474 568 3608 607 san-

1961 641 2221 697 ctitatem
2251 647 2413 697 tuam
2446 641 2771 714 plurimum
2800 643 3062 698 salutant
3093 660 3106 698 :
3143 658 3245 698 eos
3278 643 3382 714 qui
3411 646 3608 697 tecum

1962 735 2100 786 sunt
2125 730 2456 786 salutamus
2487 737 2542 787 et
2573 747 2681 787 nos
2711 730 3060 803 plurimum,
3093 730 3489 787 sanctissime.

2134 925 2404 981 CXXVIII.
2438 957 2505 966 —
2533 926 2744 983 Maria
2769 926 3175 997 virginitatem
3202 927 3438 984 colenti.

1574 1042 1647 1092 De
1680 1040 1931 1092 laudibus
1965 1042 2303 1105 virginitatis.

330 1147 542 1210 Ἐπειδή
597 1154 689 1202 καὶ
762 1149 903 1212 ἅπαξ
968 1155 1060 1202 καὶ
1112 1146 1197 1212 δὶς
1267 1148 1558 1212 ἀποστολὰς
1629 1148 1853 1221 ἐφθάσα-

256 1262 347 1316 μεν
403 1242 547 1312 παρὰ
598 1247 695 1301 τῆς
744 1242 1043 1311 τιμιότητος
1095 1258 1190 1291 σου
1244 1236 1519 1303 δέξασθαι,
1573 1238 1854 1307 ἀναγκαῖον

259 1334 526 1403 ἰκρίναμεν
572 1332 643 1400 μή
696 1332 849 1400 μόνον
905 1327 1031 1401 ψιλῇ
1083 1333 1395 1402 προσρήσει,
1454 1326 1581 1381 ἀλλὰ
1630 1332 1721 1380 καὶ
1761 1324 1856 1380 διὰ

257 1421 571 1492 γράμματος
615 1423 1043 1491 προσαγορεῦσαι
1096 1420 1189 1474 τὴν
1250 1418 1652 1489 σεμνοπρέπειάν
1708 1435 1801 1468 σου
1836 1435 1849 1448 ·

259 1512 351 1561 καὶ
400 1507 459 1559 ού
513 1513 759 1559 τοσοῦτον
810 1501 904 1557 διὰ
947 1508 1033 1565 τὰς
1086 1504 1396 1571 ἀποστολὰς,
1450 1508 1571 1558 ὅσον
1611 1502 1706 1557 διὰ
1759 1509 1855 1563 τὴν

262 1597 554 1669 σεμνότητά
609 1614 724 1649 σου.
784 1596 1121 1667 Μανθάνομεν
1159 1597 1257 1669 γὰρ
1311 1597 1392 1647 ὅτι
1445 1599 1533 1647 τόν
1578 1597 1626 1647 ἑν
1665 1595 1855 1667 παρθε-

258 1692 344 1759 νίᾳ
392 1683 506 1759 βίον
555 1683 760 1757 ὐομένη
818 1680 1078 1737 δουλεύειν
1126 1691 1198 1753 τῷ
1266 1688 1440 1759 Κυρίῳ
1493 1679 1750 1746 κατεδέξω
1806 1680 1854 1733 έν

262 1778 504 1833 ὁσιότητι
551 1778 638 1827 καὶ
698 1770 1037 1846 δικαιοσύνη.
1088 1778 1152 1826 Τί
1196 1774 1299 1845 γὰρ
1369 1780 1601 1847 κρεῖττον
1666 1773 1855 1845 παρθε-

2035 1149 2329 1215 Quoniam
2358 1148 2542 1204 semel
2572 1148 2907 1221 iterumque
2935 1165 2970 1206 a
2988 1150 3320 1206 reverentia
3343 1155 3442 1207 tua
3462 1165 3614 1205 nun-

1961 1240 2074 1293 tias
2107 1237 2471 1309 accepimus,
2522 1239 2929 1294 necessarium
2960 1239 3244 1294 duximus
3273 1255 3395 1295 non
3435 1238 3613 1295 nudis

1960 1325 2157 1382 solum
2200 1326 2419 1390 verbis,
2455 1326 2559 1382 sed
2590 1326 2771 1382 etiam
2813 1327 3018 1382 litteris
3049 1326 3218 1383 affari
3263 1328 3613 1400 gravitatem

1964 1421 2129 1471 tuam
2153 1431 2165 1468 :
2200 1431 2396 1486 neque
2424 1415 2539 1471 hoc
2566 1420 2687 1471 tam
2711 1422 2956 1487 propter
2977 1418 3239 1483 nuntias,
3268 1433 3454 1489 quam
3483 1432 3615 1489 pro-

1962 1508 2093 1573 pter
2138 1503 2657 1559 honoriticentiam
2710 1510 2897 1559 tuam.
2943 1505 3291 1561 Audivimus
3331 1505 3491 1561 enim
3538 1510 3615 1573 te,

1963 1599 2242 1663 suscepta
2282 1592 2632 1664 virginitatis
2674 1593 3063 1664 professione,
3098 1596 3347 1650 Domino
3378 1597 3436 1650 in
3474 1610 3605 1650 san-

1963 1682 2158 1736 ctitate
2202 1688 2258 1737 et
2281 1682 2506 1752 justitia
2547 1683 2764 1737 servire
2808 1684 3207 1738 constituisse.
3257 1684 3409 1749 Quid
3457 1684 3617 1740 enim

1964 1771 2346 1841 praestantius
2393 1770 2749 1841 virginitate,
2782 1773 2954 1842 cujus
3006 1788 3151 1827 cura
3181 1778 3269 1827 est
3307 1772 3618 1843 quomodo

264 1869 419 1931 νίας;
473 1864 538 1925 ἧς
584 1864 613 1921 ἡ
660 1866 886 1934 μέριμνα
940 1870 1046 1922 πῶς
1115 1859 1286 1934 ἀρέσει
1362 1868 1434 1931 τῷ
1495 1865 1690 1935 Κυρίῳ,
1744 1866 1857 1921 πῶς

1972 1858 2195 1930 placeat
2236 1858 2573 1923 Domino",
2625 1859 2935 1930 quomodo
2980 1859 3179 1916 futura
3207 1860 3369 1917 bona
3413 1876 3621 1916 conse-

1427 1957 1533 2011 πῶς
1601 1946 1853 2007 δυνηθείη

265 2037 564 2114 διαδράσαι
602 2042 697 2100 τὰς
733 2039 1089 2100 πολυπλόκους
1132 2035 1410 2111 μεθοδείας
1446 2046 1539 2091 τοῦ
1585 2034 1853 2092 διαϐόλου.

262 2130 322 2183 Ἡ
356 2126 415 2183 δι
452 2131 552 2183 ύπό
597 2130 765 2201 γάμον
790 2128 1030 2194 τελοῦσα,
1058 2128 1372 2193 τούναντίον,
1409 2136 1519 2190 πῶς
1566 2126 1741 2203 ἀρέσει
1786 2134 1857 2197 τῷ

269 2215 444 2293 ἀνδρὶ,
477 2226 587 2280 πῶς
614 2219 710 2278 τὰς
737 2224 828 2270 τοῦ
860 2221 1061 2290 κόσμου
1110 2212 1163 2269 εὖ
1191 2212 1398 2272 διαθείη
1430 2233 1443 2245 ·
1477 2217 1507 2273 ἡ
1553 2215 1859 2290 περικλυζο-

266 2313 391 2381 μένη
419 2314 529 2369 τοῖς
571 2306 824 2380 ἁλμυροῖς
851 2308 1054 2377 κύμασι
1098 2312 1188 2358 τοῦ
1221 2302 1361 2377 βίου,
1395 2306 1443 2356 ἓν
1474 2312 1546 2374 τῷ
1573 2303 1858 2377 φροντίξειν

267 2400 387 2469 περὶ
417 2399 605 2448 τέκνων
630 2414 681 2448 τε
708 2399 798 2448 καὶ
839 2392 1037 2447 δούλων
1068 2398 1157 2447 καὶ
1200 2390 1459 2446 δουλίδων
1487 2412 1501 2426 ·
1542 2398 1632 2445 καὶ
1670 2396 1767 2466 πρό
1800 2410 1861 2463 γε

263 1952 581 2015 επιτεύξεται
626 1958 725 2003 τῶν
786 1950 1068 2023 μελλόντων
1119 1951 1329 2021 ἀγαθῶν
1363 1966 1376 1979 ·

268 2487 485 2550 τούτων,
539 2486 606 2536 τὰ
646 2488 763 2558 περὶ
813 2482 1085 2557 ἀρέσκειαν
1114 2490 1205 2535 τοῦ
1245 2479 1462 2555 ἀνδρός·
1513 2485 1657 2534 οὔπω
1707 2478 1849 2534 δυνα-

269 2578 395 2645 μένη
448 2574 849 2644 ύπερανεστάναι
899 2581 998 2624 τῶν
1053 2579 1285 2645 στροφῶν
1345 2579 1438 2623 τού
1496 2575 1721 2643 κόσμου,
1772 2574 1862 2621 καὶ

268 2670 343 2733 τῷ
394 2670 489 2724 τῆς
528 2658 757 2723 διανοίας
802 2669 971 2736 πτερῷ
1003 2660 1348 2732 κουφίζεσθαι
1390 2662 1517 2732 πρὸς
1546 2663 1754 2734 Κύριον.
1796 2662 1862 2710 Σύ

270 2749 381 2820 οὖν,
426 2747 465 2801 ὦ
496 2749 745 2807 καλλίστη
778 2756 1055 2820 γυναικῶν,
1114 2752 1351 2822 μακαρία
1387 2748 1457 2808 ὡς
1508 2745 1730 2813 ἀληθῶς,
1772 2752 1863 2798 καὶ

269 2842 650 2913 τρισμακαρία,
712 2839 793 2891 ὅτι
839 2841 926 2895 τὴν
981 2835 1181 2908 ἀγαθὴν
1219 2832 1413 2911 μερίδα
1463 2834 1686 2899 ἐξελέξω,
1736 2838 1865 2907 μετὰ

270 2932 479 3002 Μαρίαν
556 2925 750 2983 έκείνην
832 2930 924 2984 τὴν
1006 2923 1272 2998 ἀοίδιμον,
1353 2924 1506 2977 οἱονεὶ
1571 2926 1866 2998 παρακαθε-

273 3020 459 3089 ζομένη
506 3018 651 3088 παρά
690 3018 809 3075 τοὺς
859 3011 1031 3075 πόδας
1080 3022 1170 3068 τοῦ
1219 3014 1417 3080 Ἰησοῦ,
1450 3019 1540 3065 καὶ
1593 3014 1866 3066 ἀκούουσα

271 3102 344 3158 δι’
399 3103 892 3179 ἀπραγμονεστέρου
943 3101 1066 3176 βίον
1119 3106 1206 3156 τόν
1258 3102 1407 3175 λόγον
1456 3103 1616 3155 αὐτοῦ
1652 3120 1665 3132 ·
1705 3104 1862 3174 ἡγία-

270 3214 365 3256 σας
417 3193 601 3252 ἑαυτὴν
646 3196 710 3254 ὡς
763 3192 1027 3265 κειμήλιον
1077 3200 1191 3263 Θεῷ
1238 3193 1519 3264 ἀναθεμένη
1576 3195 1670 3249 τὴν
1725 3190 1863 3250 ζωήν

266 3302 387 3341 σου.
419 3283 777 3355 Ἐξευγένισας
827 3284 885 3334 τό
946 3282 1078 3354 αἷμά
1128 3300 1224 3334 σου
1278 3279 1326 3333 έν
1382 3284 1645 3353 Πνεύματι
1702 3279 1855 3351 ἁγίῳ,

265 3372 422 3425 καλὸν
471 3369 771 3444 ὑπόδειγμα
829 3370 1013 3430 ἑαυτὴν
1090 3372 1403 3443 προθεμένη.
1460 3374 1524 3423 Τί
1597 3372 1700 3441 γὰρ
1774 3372 1862 3420 καὶ

265 3458 622 3530 κερδήσουσιν
675 3462 732 3513 αἱ
778 3461 878 3513 ὑπὸ
932 3460 1135 3532 ζυγόν;
1194 3459 1238 3511 εἰ
1280 3465 1352 3532 μή
1402 3478 1452 3512 τι
1504 3459 1609 3531 ἄρα
1645 3456 1865 3521 ἐκζητή-

270 3569 409 3604 σοιεν
465 3555 555 3603 καὶ
608 3548 970 3622 ψηλαφήσοιεν
1045 3554 1135 3601 καὶ
1199 3548 1356 3601 αὑταὶ
1419 3549 1507 3600 τόν
1569 3550 1690 3600 Θεὸν
1747 3544 1865 3599 καθ’

270 3640 393 3692 ὅσον
450 3640 556 3692 οἷον
602 3657 675 3695 τε.
732 3638 878 3710 Ούχὶ
924 3644 1095 3691 πᾶσαι
1151 3638 1404 3708 συζυγίαι
1454 3634 1863 3707 ἀποζεύγνυνται

270 3724 368 3781 διὰ
432 3730 706 3793 θανάτου;
780 3726 885 3798 οὐχ
947 3729 1016 3790 ὡς
1072 3730 1192 3801 ὄναρ
1240 3729 1306 3778 τὰ
1363 3728 1532 3799 ὡραῖα
1591 3732 1681 3777 τοῦ
1732 3720 1865 3796 τῇδε

272 3815 392 3890 βίου
433 3817 755 3890 ἀπέρχονται
788 3833 803 3883 ;
840 3814 983 3868 Ὀσα
1033 3812 1092 3869 δὲ
1140 3819 1251 3888 περὶ
1292 3818 1380 3867 τόν
1417 3816 1584 3887 γάμον
1641 3813 1862 3866 mmet

268 3909 320 3959 οἱ
371 3910 461 3979 μεν
529 3903 774 3970 ἄπαιδες,
840 3906 888 3957 οἱ
946 3902 1005 3957 δε
1082 3901 1423 3965 κακόπαιδες.
1500 3907 1698 3967 Πενίαι,
1775 3906 1866 3954 καὶ

267 3995 484 4048 πλοῦτοι
515 4012 527 4025 ·
579 3997 637 4048 αἱ
686 3997 777 4067 μεν
826 3993 1127 4061 πιέζουσαι,

269 4084 463 4145 ζουσαι
487 4101 500 4116 θ

1202 3998 1293 4046 καὶ
1341 3995 1493 4046 οἰονεὶ
1545 3991 1868 4063 ἀποτηγανί-

584 4086 633 4135 oi
719 4080 777 4136 δι
854 4083 1359 4157 ματαρριπτούμενοι
1440 4085 1503 4142 ὡς
1574 4080 1622 4133 έν
1687 4080 1866 4142 κύϐοις

267 4172 326 4226 ἐκ
371 4169 535 4226 τῶνδε
590 4172 663 4234 εἰς
719 4170 871 4226 τόνδε
925 4188 939 4200 '
1000 4167 1269 4233 παστάδες
1319 4170 1635 4244 έγειρόμεναι
1666 4186 1678 4201 '
1738 4170 1867 4222 ἀλλὰ

267 4267 360 4316 καὶ
428 4263 559 4333 μετά
634 4263 850 4336 θρήνους
912 4259 1328 4331 καταλυόμεναι·
1374 4262 1554 4332 θρῆνοι
1615 4263 1705 4312 καὶ
1772 4278 1866 4310 κο-

267 4355 414 4405 πετοί
456 4367 469 4378 ⁶
549 4349 921 4407 ἀλλεπάλληλοι
1001 4353 1265 4421 συμφοραί
1315 4364 1328 4380 ⁸
1407 4348 1475 4399 ὧν
1557 4347 1762 4421 πλήρης
1838 4347 1864 4398 ὁ

270 4438 409 4515 βίος,
441 4444 533 4493 καὶ
562 4442 629 4493 τὰ
654 4436 1060 4515 παραδείγματα
1086 4441 1185 4513 πρὸ
1213 4436 1513 4509 ὀφθαλμῶν.

343 4533 411 4583 Σύ
480 4525 539 4583 δι
593 4532 789 4582 τούτων
851 4529 1053 4580 πάντων
1113 4525 1391 4598 ἀπέφυγες,
1470 4524 1861 4598 καλλιπάρθενε,

271 4627 593 4673 κατοικούσα
646 4621 975 4690 μονοτρόπως
1032 4614 1080 4667 έν
1146 4619 1270 4687 οἴκῳ
1309 4630 1323 4644 ⁸
1389 4614 1738 4688 φυλαττομένη
1801 4618 1865 4675 ὡς

269 4704 428 4783 ῥόδον
480 4702 703 4768 εὐωδίας
735 4710 909 4778 Κυρίῳ
952 4712 1013 4776 τῇ
1046 4706 1298 4779 παρθενίᾳ
1326 4722 1338 4734 ·
1394 4707 1598 4776 ἔχουσα
1621 4712 1865 4776 μενοῦνγε

270 4798 479 4857 πάντως
545 4799 635 4847 καί
694 4794 937 4847 θλιπτικά
992 4796 1047 4845 έκ
1103 4812 1157 4846 τε
1212 4795 1409 4868 ὁρατῶν
1487 4799 1578 4845 καὶ
1636 4794 1864 4867 ἀοράτων

270 4887 495 4959 ἔχθρῶν.
548 4880 760 4941 Ἐπειδὴ
804 4885 930 4936 ὅπου
982 4881 1225 4954 ἀνάθημα
1258 4886 1448 4956 Κυρίῳ,
1482 4881 1586 4934 έκεί
1611 4883 1636 4934 ό
1664 4882 1866 4954 λῃστὴς

270 4970 532 5048 ἐφεδρεύει
575 4971 761 5043 κλέψαι
802 4976 892 5023 καὶ
935 4971 1164 5030 συλῆσαι
1201 4974 1257 5024 τὸ
1304 4972 1454 5044 ἱερόν,
1490 4970 1645 5023 Ἀλλά
1677 4972 1863 5044 θάρσει

270 5063 321 5117 έν
373 5065 563 5136 Κύρίῳ,
610 5062 661 5115 έν
790 5062 1059 5123 πέποιθας,
1117 5059 1165 5111 έν
1311 5064 1539 5135 στέργεις
1595 5064 1716 5122 τοὺς
1771 5064 1861 5112 κό-

266 5173 436 5215 πους·
479 5153 561 5206 ὅτι
624 5151 780 5212 αύτός
831 5149 994 5222 φύλαξ
1039 5157 1134 5212 τῆς
1202 5150 1339 5211 ζωῆς
1394 5168 1525 5204 σουο
1587 5149 1859 5223 ἐπίκουρος

344 5296 389 5330 9"
419 5294 443 5350 Ι
472 5295 600 5352 Cor.
628 5310 722 5357 vu,
754 5292 843 5349 32.
919 5292 967 5327 ⁸⁸
998 5292 1147 5349 Ibid.
1182 5296 1269 5350 34.
1349 5294 1395 5328 θ’
1428 5292 1566 5348 Luc.
1592 5307 1652 5357 Χ,
1682 5294 1770 5347 42.

1965 1955 2201 2019 quatur,
2216 1948 2526 2019 quomodo
2542 1948 2901 2019 multiplices
2924 1955 3105 2021 queat
3128 1949 3352 2005 diaboli
3378 1949 3619 2006 fraudes

1966 2036 2287 2091 declinare.
2335 2038 2478 2102 Quae
2514 2052 2655 2092 vero
2709 2038 3093 2094 matrimonio
3137 2038 3377 2108 alligata
3427 2043 3533 2104 est,
3587 2054 3618 2094 e

1966 2126 2286 2191 contrario,
2318 2126 2628 2197 quomodo
2658 2126 2888 2197 placeat
2913 2127 3040 2183 viro
3054 2128 3123 2198 9°,
3151 2127 3458 2200 quomodo
3484 2143 3619 2199 quas

1968 2214 2179 2270 mundi
2210 2220 2348 2269 sunt
2373 2221 2528 2270 recte
2566 2222 2862 2285 procuret,
2894 2216 3118 2271 amaris
3159 2217 3287 2272 vitae
3340 2216 3621 2273 ﬂuctibus

1967 2309 2247 2369 aestuans,
2277 2303 2424 2359 dum
2457 2303 2706 2360 sollicita
2736 2311 2823 2359 est
2865 2304 2938 2360 de
2969 2304 3190 2372 liberis,
3228 2305 3536 2378 servisque
3566 2309 3624 2362 et

1968 2391 2279 2456 ancillulis,
2330 2397 2385 2447 et
2418 2408 2539 2464 prae
2586 2393 2678 2448 his
2716 2394 3023 2459 omnibus,
3070 2410 3288 2450 curans
3317 2411 3452 2467 qua:
3494 2395 3623 2451 viro

1971 2488 2139 2554 grata
2163 2483 2278 2537 sint
2311 2497 2324 2536 :
2358 2483 2627 2537 nondum
2654 2482 2855 2538 valens
2888 2482 3096 2538 mundi
3124 2484 3412 2539 versutias
3436 2489 3625 2540 trans-

1971 2572 2246 2637 cendere,
2293 2575 2349 2625 et
2378 2571 2595 2626 mentis
2627 2570 2738 2626 alis
2778 2570 3015 2627 evolare
3046 2572 3121 2627 ad
3164 2574 3508 2629 Dominum.
3540 2575 3624 2629 Tu

1971 2674 2135 2729 ergo,
2176 2659 2537 2715 feminarum
2570 2661 3085 2732 praestantissima,
3119 2662 3295 2717 beata
3333 2677 3542 2717 revera
3570 2674 3625 2718 et

1972 2754 2060 2805 ter
2090 2749 2285 2814 beata,
2317 2748 2460 2821 quia
2490 2750 2779 2820 optimam
2807 2755 3039 2822 partem
3066 2750 3313 2820 elegisti,
3347 2757 3481 2823 post
3508 2753 3625 2807 Ma-

1972 2840 2123 2894 riam
2172 2837 2337 2893 illam
2386 2838 2857 2903 celeberrimam,
2902 2839 3119 2894 sedens
3168 2840 3625 2911 quodammodo

1975 2943 2145 2983 secus
2177 2927 2358 2998 pedes
2387 2927 2587 2981 Jesu”
2622 2946 2635 2985 :
2666 2932 2721 2982 et
2753 2942 2857 2998 per
2895 2928 3247 2998 quietiorem
3279 2930 3458 2985 vitam
3500 2944 3625 2984 ver-

1973 3016 2121 3072 bum
2164 3015 2320 3070 illius
2353 3016 2625 3071 audiens.
2677 3016 3071 3072 Sanctiﬁcasti
3116 3018 3388 3089 teipsam,
3439 3017 3625 3074 vitam

1974 3111 2141 3161 tuam
2167 3106 2285 3160 Deo
2328 3106 2387 3160 in
2419 3120 2640 3160 munus
2681 3105 2957 3161 oﬂerens.
3004 3106 3331 3163 Nobilitasti
3375 3107 3623 3179 sangui-

1974 3209 2110 3249 nem
2140 3200 2306 3248 tuum
2338 3195 2398 3249 in
2427 3193 2648 3265 Spiritu
2670 3200 2900 3259 sancto,
2934 3195 3401 3266 pulcherrimum
3429 3212 3626 3251 exem-

1973 3281 2141 3354 plum
2173 3281 2234 3337 in
2271 3288 2327 3338 te
2357 3284 2488 3355 ipsa
2520 3298 2884 3354 proponens.
2919 3283 3072 3348 Quid
3102 3285 3259 3339 enim
3293 3284 3441 3340 lucri
3483 3284 3626 3340 refe-

1973 3378 2105 3428 rent
2150 3388 2281 3443 quas
2320 3373 2433 3428 sub
2484 3372 2632 3443 jugo
2679 3379 2836 3439 sunt,
2892 3374 3005 3428 nisi
3044 3378 3100 3429 et
3152 3374 3298 3445 ipsae
3349 3379 3626 3446 quaerant

1974 3468 2031 3518 et
2081 3466 2391 3518 attrectent
2444 3464 2629 3517 Deum
2683 3468 2977 3533 quantum
3005 3464 3289 3534 possunt1
3332 3463 3359 3518 ?
3410 3464 3623 3518 Annon

1975 3552 2257 3622 conjugis
2287 3552 2491 3606 omnia
2530 3556 2718 3606 morte
2748 3551 3156 3607 dissolvuntur
3184 3553 3212 3609 ‘i’
3240 3556 3455 3608 Annon
3490 3568 3625 3625 spe-

1974 3643 2135 3696 ciosa
2180 3641 2360 3710 hujus
2410 3639 2544 3695 vitae
2593 3639 2818 3696 abeunt
2863 3640 3050 3696 instar
3090 3643 3309 3697 somnii
3348 3643 3376 3699 ?
3430 3643 3623 3707 Quam

1975 3729 2163 3785 multa
2176 3744 2316 3785 vero
2332 3729 2393 3785 in
2417 3729 2637 3801 nuptiis
2650 3729 2993 3785 miseranda
3015 3728 3044 3783 ‘i
3068 3729 3163 3785 alii
3185 3729 3382 3786 liberis
3399 3737 3622 3796 carent,

1977 3819 2073 3875 alii
2104 3820 2400 3891 pessimos
2428 3818 2669 3874 habent.
2708 3821 2970 3888 Egestas,
2998 3824 3053 3874 et
3078 3819 3299 3875 divitia
3329 3837 3340 3875 :
3387 3818 3488 3876 illa
3515 3835 3626 3876 an-

1976 3923 2143 3978 gens,
2200 3916 2257 3963 et
2297 3907 2754 3979 quodammodo
2811 3924 3181 3979 excoquens;
3232 3908 3323 3963 his
3377 3908 3456 3964 ab
3512 3909 3624 3965 isto

1975 3997 2052 4055 ad
2108 3997 2297 4064 illum,
2353 3997 2609 4052 talorum
2656 3997 2862 4062 instar,
2915 3996 3295 4068 emigrantes.
3351 3996 3624 4053 Thalami

1974 4086 2272 4160 nuptiales
2314 4085 2617 4157 exstructi,
2672 4087 2776 4141 sed
2803 4092 2859 4141 et
2906 4102 3039 4141 cum
3082 4086 3244 4140 luctu
3292 4086 3620 4141 destructi:

1974 4177 2238 4233 lamenta
2266 4181 2323 4231 et
2350 4175 2647 4248 planctus,
2681 4180 2737 4230 et
2765 4175 3005 4231 alternae
3047 4174 3436 4238 calamitates,
3484 4175 3622 4246 qui-

1978 4266 2089 4321 bus
2114 4265 2327 4322 referta
2357 4270 2444 4321 est
2462 4265 2601 4330 vita,
2629 4269 2685 4320 et
2708 4278 2969 4335 quorum
2994 4264 3268 4336 exempla
3288 4262 3366 4319 ob
3388 4262 3618 4319 oculos.

2044 4522 2126 4576 Tu
2141 4535 2279 4575 vero
2289 4519 2418 4574 haec
2430 4517 2634 4573 omnia
2646 4516 3082 4587 evasisti,virgo
3095 4515 3613 4588 praestantissima,

1894 4580 1940 4637 θ
1975 4609 2230 4665 seorsim
2276 4607 2440 4663 domi
2480 4606 2781 4676 habitans,
2829 4612 2892 4661 ut
2939 4606 3295 4662 suaveolens
3339 4621 3476 4661 rasa
3518 4620 3623 4678 per

1972 4698 2369 4767 virginitatem
2387 4696 2637 4752 Domino
2653 4695 2944 4751 custodita
2961 4714 2974 4751 :
2990 4694 3222 4751 habens
3234 4702 3286 4750 et
3300 4694 3436 4765 ipsa
3459 4707 3624 4766 pror-

1972 4805 2074 4843 sus
2092 4786 2501 4843 tribulationes
2524 4802 2560 4841 a
2585 4784 2919 4840 visibilibus
2942 4791 2996 4839 et
3017 4782 3415 4839 invisibilibus
3432 4783 3621 4837 inimi-

1972 4879 2053 4934 cis
2086 4894 2097 4931 ε
2128 4877 2351 4950 quippe
2370 4875 2469 4930 ubi
2498 4875 2816 4930 donarium
2839 4880 2929 4929 est
2959 4875 3229 4937 Domino,
3265 4873 3345 4928 ibi
3368 4872 3459 4927 fur
3485 4872 3624 4928 insi-

1972 4968 2189 5032 diatur,
2227 4972 2285 5019 ut
2315 4964 2479 5037 quod
2513 4980 2752 5019 sacrum
2784 4968 2870 5018 est
2894 4963 3089 5034 rapiat
3116 4967 3172 5017 et
3201 4962 3576 5032 depraedetur
3604 4977 3616 5014 :

1974 5057 2079 5112 sed
2108 5054 2341 5110 conﬁde
2367 5056 2426 5109 in
2456 5054 2724 5123 Domino,
2759 5052 2817 5107 in
2847 5067 2969 5124 quo
3001 5067 3169 5123 spem
3200 5050 3524 5115 collocasti,
3558 5051 3618 5106 in

1971 5160 2094 5217 quo
2114 5160 2414 5201 aerumnas
2428 5141 2834 5215 amplecteris:
2859 5141 3146 5212 quoniam
3170 5140 3297 5211 ipse
3317 5146 3520 5196 custos
3535 5142 3625 5195 est

1851 5291 1867 5325 ¹
1902 5291 2025 5345 Act.
2059 5303 2195 5354 xvu,
2224 5289 2314 5340 27.

1835 5414 2061 5471 ΝΟΤιέΕ.

346 5542 462 5616 (24)
490 5544 551 5599 ln
582 5542 717 5601 00d.
749 5545 888 5615 Reg.
919 5541 1061 5618 ρμοί.
