4036 6276
487 226 626 281 1415

1746 222 1806 280 S.
1848 218 2034 279 ΤΗΕο
2044 218 2216 279 DORI
2257 218 2581 279 STUDITE

3706 220 3853 280 1416

472 350 619 407 vita:
649 352 789 414 tuas,
819 348 1059 419 adjutor
1083 351 1140 404 et
1164 347 1481 404 auxiliator
1508 349 1568 403 in
1607 346 2093 404 tribulationibus
2118 363 2133 400 :

2252 352 2334 401 icui
2389 345 2578 420 βοηθός
2632 349 2681 401 ἓν
2732 354 2849 411 ταῖς
2901 347 3138 420 θλίψεσιν
3167 347 3223 412 ὂς
3257 352 3348 402 καὶ
3385 347 3583 402 τελιιῶν
3629 367 3724 402 σου
3762 351 3853 402 τόν

482 440 585 511 qui
615 454 854 494 cursum
889 443 1056 493 tuum
1079 452 1535 502 consummans,
1563 436 1786 493 ccelesti
1818 452 2002 507 regno
2026 452 2138 493 suo

483 533 539 583 te
577 527 823 597 dignam
850 526 1080 582 efﬁciet.
1118 528 1247 581 Haec
1280 542 1313 581 a
1342 526 1518 581 nobis
1553 526 1971 597 peccatoribus
2000 541 2137 599 pro-

481 615 601 672 lata
631 620 789 679 sunt,
822 621 882 669 ut
914 615 1067 671 scias
1114 620 1168 669 te
1200 614 1431 670 Domini
1461 613 1755 671 famulam
1783 629 1892 670 nos
1936 615 2135 678 etiam,

481 705 585 777 qui
614 704 867 760 Domino
907 704 1124 759 servire
1168 704 1495 769 studemus,
1528 702 1751 759 habere
1784 702 1887 759 tibi
1922 703 2134 759 fratres

480 794 540 849 in
572 792 810 865 Spiritu,
858 793 1007 849 sicut
1038 798 1093 848 et
1126 798 1339 848 natura
1388 807 1708 849 conservos
1742 809 1753 846 :
1789 792 1893 865 qui
1940 796 2000 848 et
2026 807 2135 865 pro

480 883 809 939 reverentia
837 889 938 938 tua
961 897 1225 938 oramus.

864 1078 1084 1133 CXXIX.
1112 1109 1178 1118 —
1207 1079 1387 1134 Leoni
1409 1077 1751 1134 sacellario.

2248 435 2464 513 δρόμον,
2515 437 2663 501 ἀξίαν
2714 458 2773 491 σε
2818 443 3029 497 ποιήσει
3096 446 3188 500 τῆς
3265 438 3511 512 οὐρανίου
3570 437 3853 511 βασιλείας

2245 530 2427 580 αὐτοῦ.
2505 529 2683 581 Ταῦτά
2764 546 2849 581 σοι
2917 526 3040 601 παρ’
3121 529 3269 599 ἡμῶν
3346 536 3446 580 τῶν
3531 526 3852 603 ἁμαρτωλῶν

2245 622 2683 689 προσπεφώνηται
2710 635 2723 649 ο
2782 618 2864 669 ἶνα
2906 613 3101 679 εἰδείης
3147 619 3228 669 ὅτι
3269 617 3299 675 ἠ
3332 624 3421 669 τοῦ
3455 622 3648 691 Κυρίου
3681 613 3847 675 δούλη

2245 709 2334 757 καὶ
2405 706 2539 777 ἡμᾶς
2604 708 2727 767 τούς
2782 701 3106 766 σπεύδοντας
3185 702 3449 759 δουλεύειν
3526 705 3598 776 τῷ
3643 709 3847 779 Κυρίῳ,

2245 796 2385 865 ἔχεις
2428 795 2562 847 κατά
2615 801 2819 867 πνεῦμα
2870 790 3119 867 ἀδελφούς
3182 813 3298 859 σου,
3352 797 3524 869 ὥσπερ
3577 798 3664 846 καὶ
3718 794 3848 867 ὀμο-

2247 876 2462 941 δούλους
2521 884 2659 935 κατὰ
2722 885 2898 955 φύσιν,
2955 884 3405 958 ὑπερευχομένους
3471 900 3567 935 σου
3622 890 3716 944 τῆς
3773 901 3855 934 τι-

2243 974 2512 1042 μιότητος.

2390 1077 2540 1131 ΡΚΘ¹
2566 1079 2700 1148 (25).
2728 1108 2791 1119 -
2831 1082 3059 1132 Λέοντι
3099 1077 3700 1152 σακε)λαρίῳ.[χπ¹.]

869 1186 1320 1250 Disceptationem
1345 1185 1409 1235 de
1439 1184 1765 1249 imaginibus
1786 1198 1965 1235 coram
1999 1183 2321 1248 imperatore
2348 1184 2461 1234 ﬁeri
2484 1199 2591 1235 non
2627 1184 2820 1234 debere
2849 1184 3059 1246 (Baron.
3082 1198 3170 1234 an.
3191 1185 3269 1242 82,
3301 1198 3354 1234 n.
3383 1186 3471 1247 9.).

550 1276 777 1346 Ingenti
792 1276 1106 1347 gratiarum
1125 1275 1642 1347 etresponsionum
1657 1290 1811 1348 quas
1824 1273 2133 1339 debemus,

480 1366 723 1421 nomine
748 1365 1033 1429 obstricti,
1063 1380 1314 1434 parvam
1334 1364 1667 1437 quamdam
1692 1363 1877 1420 debiti
1904 1370 2138 1436 partem

479 1453 726 1510 reddere
739 1470 848 1509 nos
863 1469 1099 1509 censem
1110 1470 1179 1508 us
1193 1469 1299 1525 per
1314 1453 1539 1509 litteras
1554 1452 1631 1508 ad
1653 1452 2138 1509 laudatissimam

479 1559 550 1600 ac
570 1542 1144 1599 desideratissimam
1164 1542 1576 1598 excellentiam
1606 1548 1769 1597 tuam
1797 1542 1874 1597 ab
1904 1541 2140 1597 humili-

483 1637 597 1690 tate
612 1638 812 1688 nostra
826 1636 1123 1687 exaratas.
1142 1634 1288 1687 Nam
1307 1636 1364 1687 et
1377 1646 1537 1686 nunc
1554 1630 1775 1687 Silvani
1789 1631 1981 1686 fratris
1994 1646 2137 1686 cau-

480 1738 548 1778 sa
560 1721 705 1793 quid
720 1720 1249 1793 respondebimus?
1264 1721 1523 1776 Primum
1537 1720 1805 1793 quidem,
1821 1719 1982 1791 quod
1999 1735 2138 1773 cum
2174 1700 2217 1755 Β

487 1828 626 1868 eum
652 1812 709 1866 in
735 1816 1124 1881 conspectum
1148 1826 1325 1864 suum
1344 1808 1653 1864 admiserit
1680 1811 1797 1864 Deo
1814 1809 1997 1864 chara
2018 1808 2140 1864 ani-

487 1915 585 1957 ma
604 1904 726 1965 tua,
741 1898 914 1971 quasi
931 1914 1049 1953 unu
1062 1915 1115 1953 m
1132 1914 1203 1953 ex
1224 1897 1642 1963 familiaribus,
1660 1896 1873 1953 mellea
1890 1895 2140 1952 aﬁabili-

483 1993 619 2053 tate,
646 1987 941 2060 hilarique
973 1986 1134 2042 vultu
1158 2003 1296 2043 cum
1324 1987 1569 2042 homine
1602 1986 1763 2043 tenui
1788 1986 2141 2057 colloquens

481 2094 551 2134 ac
572 2082 854 2133 tractans.
882 2075 1102 2132 Deinde
1124 2076 1286 2149 quod
1308 2076 1385 2131 de
1416 2075 1593 2131 rebus
1612 2074 1852 2140 nostris,
1874 2075 1979 2147 qui
2006 2090 2139 2146 pec-

482 2172 711 2223 catores
742 2182 970 2231 sumus,
1013 2170 1069 2221 et
1109 2165 1185 2220 de
1227 2165 1540 2238 utriusque
1582 2171 1852 2220 nostrum
1894 2162 2141 2219 humilis

481 2256 748 2328 corporis
768 2254 1108 2310 inﬁrmitate
1136 2254 1433 2310 sciscitata
1451 2255 1616 2319 sit,et
1641 2253 1775 2309 aliis
1793 2252 1990 2310 modis
2018 2267 2142 2307 sum

482 2344 542 2400 in
572 2359 684 2400 nos
716 2342 1017 2399 charitatis
1037 2342 1313 2398 affectum
1340 2342 1685 2408 ostenderit,
1716 2342 1867 2399 adeo
1894 2347 1959 2397 ut
1987 2342 2143 2399 dice-

483 2438 612 2490 ret:
672 2435 791 2501 Ego
821 2432 879 2486 in
915 2431 1317 2503 suspicionem
1353 2431 1517 2503 apud
1565 2446 1668 2487 eos
1717 2432 1823 2503 qui
1863 2446 2003 2501 erga
2033 2447 2142 2488 vos

496 2521 651 2578 male
683 2521 877 2577 affecti
911 2528 1050 2576 sunt
1076 2521 1273 2590 venio,
1301 2521 1464 2592 quod
1499 2521 1727 2578 Studita
1755 2522 1866 2576 sim
1902 2537 1914 2575 :
1956 2526 2012 2577 et
2037 2521 2143 2577 de-

484 2618 845 2684 precaretur,
889 2626 963 2665 ne
1018 2610 1161 2667 tanti
1210 2610 1433 2665 amoris
1471 2610 1815 2680 conjunctio
1866 2625 2140 2682 unquam

485 2698 891 2756 labefactetur.
924 2702 1055 2754 Haec
1077 2714 1188 2754 nos
1217 2698 1421 2755 omnia
1452 2699 1921 2756 devinxeruntet
1947 2700 2139 2770 magis

485 2789 801 2860 magisque
819 2788 875 2842 in
897 2788 1124 2843 sincera
1137 2787 1453 2844 dilectione
1479 2788 1912 2845 conﬁrmarunt
1934 2793 1996 2844 ut
2012 2788 2141 2845 haec

485 2878 669 2933 verba
696 2893 1121 2949 usurparemus
1150 2894 1162 2932 :
1196 2880 1535 2949 Nunquam,
1568 2893 1604 2933 ο
1634 2879 1881 2933 Domine
1908 2878 2139 2933 univer-

485 2982 709 3032 sorum,
728 2965 997 3021 oblivisci
1018 2981 1127 3021 nos
1144 2966 1304 3021 sinas
1328 2967 1548 3037 egregii
1576 2966 1997 3033 benefactoris,
2012 2966 2133 3033 ﬁdi,

2319 1274 2519 1328 Πολλοῦ
2566 1278 2759 1348 χρέους
2819 1274 3173 1347 εὐχαριστιῶν
3224 1278 3314 1327 καὶ
3347 1272 3639 1346 ἀπολογιῶν
3694 1274 3855 1327 ύπεύ-

2250 1365 2393 1417 θυνοι
2468 1367 2627 1429 ὄντες,
2706 1366 2897 1439 μικράν
2964 1383 3083 1417 τινα
3164 1364 3440 1436 νομίζομεν
3529 1359 3855 1417 ἀποδιδόναι

2248 1452 2450 1525 ὀφειλὴν
2511 1451 2559 1504 έν
2610 1460 2720 1513 ταῖς
2778 1454 2909 1527 πρὸς
2959 1457 3051 1512 τὴν
3104 1455 3438 1526 πανεύφημον
3488 1458 3580 1505 καὶ
3638 1457 3855 1526 παμπό-

2250 1544 2405 1600 θητόν
2466 1560 2561 1594 σου
2618 1541 2885 1615 ὑπεροχὴν
2959 1543 3059 1595 ὑπὸ
3117 1550 3209 1603 τῆς
3274 1547 3634 1603 ταπεινώσεως
3699 1545 3851 1615 ἡμῶν

2248 1629 2725 1704 ἐγχαραττομέναις
2777 1630 3107 1703 ἐπιστογαῖς.
3173 1629 3313 1684 Ἐπεὶ
3361 1637 3450 1684 καὶ
3496 1639 3584 1683 νῦν
3632 1630 3715 1683 ἐπὶ
3773 1638 3851 1701 τῷ

2250 1718 2455 1794 ἀδελφῷ
2522 1720 2799 1791 Σιλουανῷ,
2864 1724 2915 1772 τί
2963 1725 3051 1773 καὶ
3107 1719 3591 1793 ἀπολογησόμεθα;
3643 1729 3853 1793 πρῶτον

2249 1813 2339 1883 μὲν
2394 1812 2474 1862 ὄτι
2529 1809 2689 1871 οὕτως
2759 1809 2914 1861 αύτόν
2964 1816 3270 1883 προσήκατο
3329 1807 3459 1863 ἰδεῖν
3516 1812 3545 1869 ἡ
3613 1810 3854 1883 θεοφιλής

2252 1918 2346 1952 σου
2398 1899 2553 1971 ψυχή
2586 1920 2599 1934 ·
2660 1902 2728 1961 ὡς
2780 1899 2867 1951 ἕνα
2929 1918 3046 1951 τινα
3104 1907 3204 1951 τῶν
3251 1901 3489 1957 συνήθων
3521 1920 3535 1932 υ
3574 1899 3851 1972 μειλιχίῳ,

2249 1991 2365 2048 ἣθεί
2437 1994 2528 2041 καὶ
2603 1989 2892 2061 εύπροσίτῳ
2961 1993 3225 2063 προσώπῳ
3299 1987 3677 2047 συλλαλήσασα
3753 1993 3848 2040 καί

2251 2078 2705 2151 συνανακραθεῖσα
2777 2078 2909 2149 μετά
2978 2084 3071 2129 τοῦ
3153 2076 3402 2139 εὐτελοῦς.
3487 2075 3705 2130 Ἔπειτα
3781 2078 3855 2130 τὰ

2249 2171 2367 2239 περὶ
2437 2168 2583 2239 ἡμῶν
2651 2174 2749 2219 τῶν
2823 2164 3136 2239 ἁμαρτωλῶν
3221 2166 3382 2227 οὕτως
3452 2173 3848 2239 συνανακρῦαι,

2250 2260 2344 2313 τήν
2394 2274 2448 2308 τε
2506 2262 2597 2308 τοῦ
2672 2253 2974 2328 ἀμφοτέρων
3041 2256 3187 2327 ἡμῶν
3268 2262 3512 2308 ταπεινοῦ
3606 2261 3853 2328 σώματος

2252 2343 2538 2409 ἀσθένειαν,
2600 2348 2692 2397 καὶ
2771 2348 2863 2403 τὴν
2937 2343 3095 2403 ἄλλην
3164 2345 3425 2417 ύποφῆναι
3510 2342 3851 2415 ἀγαπητικὴν

2253 2430 2592 2487 συνδιάθεσιν
2635 2453 2649 2467 ο
2704 2436 2770 2494 ὡς
2830 2442 3077 2487 τοσοῦτον
3139 2434 3294 2487 εἰπεῖν
3328 2450 3341 2464 ⁸
3396 2435 3477 2486 ὅτί
3553 2439 3642 2486 καὶ
3691 2441 3853 2486 Στου-

2251 2520 2449 2586 διώτης
2535 2525 2893 2596 ὑποπτεύομαι
2958 2526 3089 2597 πρὸς
3165 2542 3313 2576 τινων
3390 2531 3489 2575 τῶν
3566 2521 3850 2587 ἀντιθέτως

2250 2616 2379 2684 πρὸς
2434 2614 2566 2683 ὑμᾶς
2615 2610 2842 2684 ἐχόντων
2876 2628 2889 2641 ·
2944 2617 3034 2665 καὶ
3085 2616 3144 2665 τό
3199 2611 3525 2675 ἀπεύξασθαι
3590 2616 3663 2684 μὴ
3720 2631 3852 2665 ποτε

2248 2703 2488 2773 γενέσθαι
2582 2705 2697 2754 τινὰ
2769 2709 2962 2777 τρῶσιν
3058 2710 3153 2763 τῆς
3244 2700 3562 2763 τηλικαύτης
3641 2700 3851 2773 φιλικῆς

2249 2789 2600 2864 ἀνακράσεως.
2665 2797 2828 2843 Τοῦτο
2902 2791 3015 2843 ὅλον
3072 2788 3288 2854 ἐξένισεν
3364 2792 3522 2863 ἡμᾶς,
3582 2796 3673 2843 καὶ
3728 2809 3850 2842 συν-

2248 2879 2497 2955 ερρίζωσε
2597 2878 2787 2952 μᾶλλον
2866 2883 2953 2931 καὶ
3043 2878 3231 2952 μᾶλλον
3311 2878 3360 2931 έν
3444 2887 3506 2952 τῇ
3582 2878 3846 2953 εἰλικρινεῖ

2247 2969 2414 3030 αὐτῆς
2464 2966 2729 3040 ἀγαπήσει
2765 2971 2833 3022 τά
2884 2968 3018 3021 αύτά
3066 2969 3295 3040 λέγοντες
3328 2986 3341 2999 ’
3390 2970 3472 3027 Μὴ
3508 2986 3651 3032 ποτε,
3685 2964 3724 3019 ὧ
3754 2965 3839 3019 δέ-

487 3054 808 3121 unanimis,
860 3054 1095 3126 probati
1143 3055 1451 3125 amatoris,
1510 3055 1659 3110 sacri
1704 3054 1988 3121 hominis,
2032 3072 2139 3127 per

2252 3077 2439 3123 σποτα,
2507 3076 2606 3109 των
2683 3057 2920 3111 ἁπάντων
2998 3054 3137 3129 δῴης
3193 3059 3317 3130 ἡμῖν
3365 3056 3697 3110 ἇπιλαθέσθαι
3748 3062 3835 3108 τοῦ

485 3145 691 3200 omnia
721 3144 849 3199 etin
873 3142 1157 3198 omnibus
1188 3143 1395 3199 tutoris
1423 3159 1492 3200 ac
1522 3144 1777 3215 patroni,
1812 3146 2061 3217 Herique
2082 3150 2139 3201 et

484 3231 719 3289 Domini
749 3232 935 3288 nostri
966 3249 978 3286 :
1014 3232 1116 3288 sed
1148 3231 1367 3288 haereat
1395 3233 1457 3289 in
1497 3232 1671 3289 nobis
1704 3232 1926 3289 inﬁxus
1967 3249 2138 3290 amor

485 3322 665 3378 etiam
692 3329 827 3394 post
849 3326 1124 3388 mortem,
1148 3337 1387 3393 unaque
1415 3321 1474 3376 in
1502 3321 1700 3377 futuro
1721 3322 1937 3378 saeculo
1958 3323 2140 3378 comi-

486 3416 658 3479 tetur,
685 3410 931 3483 quando
955 3426 1064 3466 nos
1086 3411 1338 3466 invicem
1364 3412 1706 3481 cognituros
1733 3418 2139 3483 speramus,et

486 3499 1003 3571 congratulaturos
1024 3499 1082 3554 in
1110 3500 1229 3554 Deo
1258 3499 1444 3572 iisqui
1468 3500 1717 3571 Spiritus
1742 3500 2004 3573 impulsu
2027 3517 2138 3558 nos

487 3589 765 3646 amarint.
802 3590 1017 3644 Verum
1042 3588 1181 3645 hinc
1207 3588 1519 3659 egrediens
1553 3589 1767 3662 oratio,
1799 3591 1859 3645 in
1890 3590 2136 3661 duplici,

488 3678 536 3733 si
567 3677 769 3748 jubes,
801 3683 1157 3747 argumento
1201 3664 1556 3733 versabitur.
1598 3681 1658 3733 In
1691 3678 1884 3749 priore
1913 3680 2135 3753 itaque,

486 3766 590 3839 qui
620 3781 832 3821 sensus
858 3770 994 3822 tuus
1020 3766 1212 3833 fuerit,
1250 3765 1494 3823 domine
1524 3766 1628 3833 mi,
1658 3768 1815 3823 idem
1845 3772 1901 3824 et
1936 3773 2139 3825 noster

486 3856 614 3911 erit.
648 3855 740 3911 Sic
779 3854 959 3925 igitur
989 3855 1317 3911 ordiamur.

2247 3146 2409 3200 καλοῦ
2460 3146 2745 3222 εὐεργέτου,
2777 3155 2868 3200 τοῦ
2897 3154 3091 3200 πιστοῦ
3147 3146 3462 3219 συμψύχου,
3493 3153 3585 3199 τοῦ
3618 3142 3836 3218 δοκίμου

2249 3234 2491 3312 ἐραστοῦ,
2556 3243 2648 3289 τοῦ
2704 3236 2841 3311 ἱεροῦ
2894 3234 3188 3312 ἀνθρώπου,
3238 3243 3330 3288 τοῦ
3398 3236 3536 3289 κατά
3573 3237 3745 3289 πάντα
3792 3232 3841 3285 έν

2248 3332 2381 3379 πᾶσι
2458 3330 2549 3378 καὶ
2622 3328 2921 3401 προστάτου
2977 3330 3067 3379 καὶ
3130 3321 3438 3396 κηδεμόνος,
3495 3329 3585 3377 καὶ
3643 3328 3845 3399 Κυρίου

2248 3416 2393 3487 ἡμῶν
2423 3420 2509 3467 καὶ
2566 3420 2827 3468 Δεσπότου
2857 3434 2871 3447 ·
2922 3414 3031 3467 άλλ⁹
3086 3418 3162 3473 εἰη
3214 3416 3272 3467 τό
3325 3414 3535 3487 φίλτρον
3574 3418 3667 3466 καὶ
3715 3414 3851 3486 μετά

2248 3508 2441 3575 πότμον
2489 3503 2717 3567 ένιζάνον
2764 3506 2813 3556 ἓν
2843 3505 2967 3575 ἡμῖν
2995 3522 3008 3537 ·
3059 3503 3250 3576 μᾶλλον
3296 3500 3355 3556 δι
3405 3507 3496 3555 καὶ
3548 3521 3852 3575 συμμετερ-

2249 3598 2471 3664 χόμενον
2527 3595 2575 3644 ἓν
2629 3601 2701 3663 τῷ
2760 3591 2994 3664 μέλλοντι
3070 3592 3238 3657 αἰῶνι,
3298 3591 3346 3644 έν
3536 3594 3853 3663 πιστεύομεν

2247 3686 2514 3755 γνωρίζειν
2570 3680 2859 3744 ἀλλήλους·
2924 3686 3014 3735 καὶ
3081 3686 3394 3756 συγχαίρειν
3461 3684 3509 3734 ἓν
3562 3679 3677 3753 Θεῷ
3730 3685 3854 3742 τοὺς

2248 3770 2569 3843 φιλήσαντας
2619 3770 2837 3833 ἑαυτούς
2902 3774 3406 3843 πνευματοκινήτως.
3468 3769 3605 3822 Ἀλλ’
3678 3773 3855 3823 ἑυτεῦ-

2252 3861 2331 3913 θεν
2392 3862 2418 3913 ὀ
2477 3860 2628 3933 λόγος
2675 3861 2930 3933 μετελθὼν
2999 3860 3047 3912 ἄν
3118 3868 3234 3922 ταῖς
3290 3856 3447 3914 δυσὶν
3514 3860 3849 3925 ὑποθέσεσιν,

486 3940 838 4019 ἐνδιατρίψειε
867 3947 1005 3997 κατά
1024 3947 1118 4002 τὴν
1148 3944 1379 3997 κελευσιν
1418 3961 1431 3976 ·
1472 3944 1553 3998 έπὶ
1577 3947 1670 4019 μεν
1695 3942 1791 3998 οὖν
1823 3955 1918 4009 τῆς
1943 3953 2176 4021 πρώτης,
2208 3950 2278 4011 ὡς
2296 3952 2456 4022 ἔχεις,
2489 3951 2515 4003 ό
2544 3954 2721 4025 κύριος
2753 3952 2919 4021 ἡμῶν,
2962 3950 3122 4011 οὕτως
3145 3953 3235 4002 καὶ
3281 3951 3430 4022 ἡμεῖς
3482 3949 3517 4002 δ
3522 3950 3845 4022 ιατιθέμεθα.

492 4030 912 4108 Προδιαιτείσθω
945 4030 1003 4087 δι
1027 4035 1053 4086 ό
1081 4033 1230 4105 λόγος
1260 4034 1424 4096 οὕτως
1451 4052 1463 4064 ·

560 4122 870 4179 Homicida
890 4128 1211 4195 postquam
1234 4122 1628 4189 victusfuerit,
1655 4123 1888 4181 debitas
1908 4125 2141 4196 legibus

487 4228 703 4285 poenas
718 4212 905 4267 dabit.
924 4214 962 4267 N
974 4227 1087 4267 unc
1101 4217 1300 4267 autem
1328 4212 1496 4268 civile
1510 4212 1730 4268 bellum
1746 4214 1938 4280 adest,
1954 4215 2142 4287 quod,

490 4302 637 4357 sicut
670 4301 787 4355 alia
814 4301 913 4356 iraa
940 4300 1156 4355 divinae
1184 4300 1381 4370 signa,
1410 4307 1578 4357 terrae
1619 4310 1815 4358 motus
1844 4309 1900 4359 et
1930 4304 2141 4373 fames,

489 4390 798 4446 eluviones
831 4390 1015 4446 maris
1056 4396 1233 4462 atque
1266 4391 1567 4462 incendia;
1603 4392 1678 4447 ad
1710 4392 2155 4465 correptionem-

492 4483 761 4534 nostram
792 4495 827 4533 a
857 4479 977 4534 Deo
1008 4484 1099 4534 est
1122 4479 1285 4550 justo
1308 4479 1534 4549 judicio
1567 4481 1907 4546 excitatum,
1952 4486 2011 4537 et
2041 4498 2145 4555 po-

2324 4132 2573 4190 Φονίσκος
2623 4128 2701 4181 ἔπ’
2758 4126 2818 4180 ἂν
2866 4129 3122 4201 κρατηθῇ,
3180 4124 3399 4190 δικαίως
3435 4125 3676 4180 ἀποτίσει
3723 4128 3851 4200 πρὸς

2253 4224 2345 4269 τοῦ
2374 4222 2531 4290 νόμου
2578 4221 2673 4276 τὴν
2703 4216 3092 4276 ἀντισηκοῦσαν
3132 4222 3332 4276 ποινήν.
3388 4220 3519 4270 Νυνὶ
3575 4211 3637 4269 δι
3688 4218 3850 4287 ἃμφύ-

2252 4304 2356 4365 λιος
2414 4305 2631 4378 πόλεμος
2669 4310 2940 4380 πρόκειται
2967 4324 2980 4336 ·
3033 4306 3083 4367 ὃς
3140 4308 3314 4379 ὥσπερ
3369 4307 3423 4358 αἱ
3469 4304 3623 4356 ἄλλαι
3664 4306 3852 4377 θεομη-

2251 4399 2358 4446 νίαι
2388 4410 2400 4423 ·
2458 4399 2667 4467 σεισμοί
2726 4414 2781 4447 τε
2861 4399 2951 4447 καὶ
3024 4394 3190 4467 λιμοί,
3265 4398 3686 4467 καταποντισμοὶ
3761 4403 3854 4451 καὶ

2254 4482 2541 4556 έμπρὴσεις
2617 4485 2762 4557 παρά
2835 4490 2969 4537 Θεοῦ
3040 4487 3165 4556 πρός
3243 4485 3605 4556 σωφρονισμόν
3679 4484 3850 4555 ἡμῶν,

490 4567 613 4640 puli
643 4568 765 4622 vim
806 4572 1055 4633 tantam,
1088 4573 1317 4640 quanta
1355 4569 1547 4641 periit,
1582 4569 1941 4642 absumpsit.
1987 4553 2139 4627 Post-

2255 4553 2440 4644 δικαίᾳ
2466 4577 2634 4648 κρίσει
2674 4553 3038 4647 ἀνεῤῥιπίσθη,
3072 4553 3299 4625 όλέσασα
3328 4553 3580 4625 *τοσοῦτον
3607 4553 3849 4646 ἀριθμὸν,

490 4672 673 4729 quam
712 4671 854 4725 ergo
894 4658 1171 4712 misertus
1212 4658 1499 4713 Dominus
1555 4658 1802 4729 plagam
1838 4660 2141 4731 repressit,

490 4745 739 4801 minime
759 4744 887 4801 vult
908 4746 1251 4817 superstites
1269 4748 1485 4818 perire;
1510 4746 1735 4818 alioqui
1755 4764 2142 4805 communem

491 4835 763 4891 omnium
790 4835 1041 4900 ciadem,
1075 4835 1590 4907 quemadmodum
1620 4835 1820 4892 diluvii
1855 4842 2140 4909 tempore,

493 4924 842 4980 induxisset.
880 4924 1032 4989 Quid
1076 4925 1252 4994 igitur
1282 4925 1309 4981 ?
1347 4924 1581 4979 Servari
1623 4924 1749 4980 vult
1777 4942 1880 4981 eos
1912 4928 2014 4998 qui
2057 4943 2143 4983 re-

491 5012 608 5067 licti
639 5018 795 5077 sunt,
828 5016 885 5068 et
913 5013 1085 5069 venia
1118 5013 1334 5083 dignos
1367 5012 1511 5068 ﬁeri.
1548 5013 1641 5069 Ait
1672 5015 1831 5069 enim
1860 5016 1917 5070 in
1952 5019 2144 5071 Evan-

492 5100 723 5171 geliis':
758 5102 1071 5166 Βίηιίιιέιε,
1089 5109 1141 5158 et
1163 5102 1500 5158 dimittetur
1514 5102 1693 5158 vobis.
1722 5105 1787 5157 Et
1811 5103 1967 5159 beati
1984 5105 2144 5161 Pauli

494 5204 640 5245 voce
670 5208 682 5245 :
714 5190 805 5246 Ne
833 5190 962 5263 quis
988 5191 1212 5247 malum
1238 5206 1347 5260 pro
1375 5192 1535 5247 malo
1566 5191 1751 5248 alicui
1781 5192 2015 5262 reddat,
2044 5193 2145 5250 sed

565 5316 587 5349 ³
614 5314 814 5372 Matth.
844 5330 916 5382 vr,
952 5316 1038 5371 14.

2253 4662 2371 4722 ὅσος
2399 4666 2489 4715 καὶ
2540 4661 2732 4715 ὤλλυτο
2763 4683 2777 4695 ο
2835 4665 2943 4715 imi
3001 4662 3089 4714 οὖν
3128 4660 3547 4733 σπλαγχνισθεὶς
3597 4666 3853 4714 κεκόπακε

2252 4754 2347 4809 τὴν
2378 4752 2595 4824 θραῦσιν
2637 4753 2847 4826 Κύριος,
2890 4751 2949 4803 ού
3000 4748 3241 4824 βούλεται
3292 4754 3413 4813 τοὺς
3462 4750 3855 4822 ὑπολειφθέντας

2253 4838 2522 4894 ὄλλυσθαι.
2591 4839 2732 4893 Ἐπεὶ
2785 4841 2988 4902 πάντως
3037 4839 3373 4913 πανολεθρίαν
3417 4838 3723 4913 εἰργάσατο,
3786 4840 3855 4902 ὡς

2252 4927 2338 4980 ἐπὶ
2390 4936 2482 4981 τοῦ
2542 4927 2936 5001 κατακλυσμοῦ.
2998 4928 3154 4983 Ἀλλά
3208 4932 3304 4995 τέ;
3365 4930 3419 4981 τὸ
3484 4923 3856 4981 διασεσῶσθαι

2252 5021 2374 5079 τούς
2442 5016 2698 5083 ἓαθέντας,
2752 5024 2842 5071 καὶ
2889 5014 3100 5091 φειδοῦς
3146 5020 3389 5090 γενέσθαι
3443 5016 3617 5080 ἀξίους
3648 5036 3662 5050 ο
3722 5021 3855 5089 φησὶ

2252 5108 2354 5181 γὰρ
2385 5104 2561 5169 ἕντοῖς
2593 5106 2926 5179 Εύαγγελίοις
2957 5122 2970 5138 ·
3007 5106 3225 5180 ’Ἄφετε
3277 5112 3386 5159 καὶ
3443 5105 3857 5179 ἀγςθήσεται

2255 5196 2419 5269 ύμῖν.
2457 5202 2557 5250 Καὶ
2588 5194 2682 5250 διὰ
2728 5204 2821 5251 τοῦ
2850 5200 3113 5271 μακαρίου
3155 5196 3360 5251 Παύλου
3391 5214 3403 5227 ·
3446 5200 3542 5254 Μή
3584 5199 3687 5257 τίς
3720 5215 3857 5249 τινι

2066 5417 2291 5475 NOTAE.

570 5510 683 5581 (25)
710 5510 771 5565 In
804 5509 938 5565 cod.
967 5512 1103 5583 Reg.
1134 5512 1280 5584 ρμγ’.
