4036 6276
252 308 393 368 1417

1520 297 2033 367 EPISTOLAHUM
2078 302 2213 368 LIB.
2257 303 2325 368 Il.

3468 308 3611 373 1418

244 439 441 490 κακὸν
480 435 623 489 ἀντὶ
667 442 867 490 κακοῦ
907 429 1280 490 ἀποδιδότω
1311 454 1325 467 ⁸
1370 435 1530 490 ἀλλὰ
1568 439 1838 491 πάντοτε

1950 437 2109 509 quod
2146 438 2359 495 bonum
2382 446 2462 495 est
2486 441 2792 496 sectamini
2810 437 2872 496 in
2898 440 3170 506 invicem,
3202 448 3255 497 et
3289 442 3349 498 in
3373 457 3596 499 omnes.

244 529 312 579 τό
350 525 592 599 ἀγαθόν
633 521 922 590 διώκετε,
964 531 1070 579 καὶ
1110 526 1197 587 εἰς
1235 525 1567 592 ἀλλήλους,
1607 532 1719 580 καὶ
1758 528 1843 589 εἰς

243 618 501 677 πάντας.
561 614 637 668 Ού
669 619 771 687 μὴν
827 613 1227 688 ἆνεπιτιμήτως.
1279 614 1420 669 Ἐπεὶ
1463 620 1553 669 καὶ
1599 618 1726 669 Κάῐν
1758 635 1843 688 φο-

242 706 431 767 νεύσας
475 709 563 758 τόν
639 700 882 778 ἀδελφόν,
957 708 1016 757 τὸ
1090 701 1362 767 πολυειδὶς
1428 710 1518 758 καὶ
1592 702 1843 778 ᾀδόμενον

245 796 504 867 έπιτίμιον
592 794 803 857 εἰκότως
900 794 1119 867 εἴληφεν.
1226 794 1616 867 Ἐπιτετίμηται
1715 799 1846 870 πρός

245 883 434 937 ἑαυτοῦ
508 888 598 937 καὶ
691 885 905 956 Λάμεχ,
982 889 1072 937 καὶ
1170 882 1535 957 Ἀϐεσσαλὼμ,
1625 880 1844 957 ἀδελφόν

242 971 448 1045 Ἀμνὼν
496 978 721 1037 κτείνας,
752 974 878 1031 ἰάθη
930 974 1030 1027 ύπό
1077 980 1169 1026 τοῦ
1216 978 1431 1048 πατρὸς,
1463 977 1599 1026 κατὰ
1634 977 1695 1026 1'6
1742 975 1844 1026 ὑπὸ

243 1070 339 1124 τῆς
413 1058 767 1124 Θεοκοήτιδος
826 1060 1107 1138 πρόϐλημα
1157 1064 1402 1125 άκταντος
1455 1076 1470 1092 ⁸
1548 1067 1638 1115 καὶ
1689 1062 1844 1126 αὐτὸς

244 1147 412 1205 Δαυίδ
458 1151 553 1204 ούκ
603 1149 836 1205 ἰϐούλετο
877 1155 965 1204 τὸν
1009 1151 1375 1224 Ἀϐεσσαλὼμ,
1408 1154 1495 1205 τόν
1541 1153 1844 1225 πατρολῳαν

240 1242 529 1296 κτενέσθαι.
563 1239 702 1295 Ἀλλ’
742 1236 866 1295 ούδὶ
918 1245 1040 1304 τοὺς
1095 1246 1664 1303 συναποστατήσαντας
1706 1242 1844 1314 αύτῷ

243 1331 374 1403 μετὰ
413 1333 508 1389 τὴν
555 1337 749 1384 παῦσεν
796 1338 888 1383 τοῦ
934 1329 1158 1403 πολέμου
1211 1335 1499 1404 γέγραπται
1549 1331 1844 1405 προστάξαι

244 1421 548 1491 φονεύεσθαι
575 1436 589 1451 ⁸
629 1427 860 1473 τοσαῦτα
905 1421 975 1483 ὡς
1025 1419 1142 1472 κατ’
1196 1419 1447 1492 ἐπιτομὴν
1503 1426 1621 1496 περὶ
1664 1418 1838 1473 τοῦδε.

241 1508 495 1582 Ἐλεήμων
574 1510 675 1582 γὰρ
729 1509 796 1561 ῶν
857 1510 884 1562 6
935 1512 1079 1573 Θεός,
1164 1508 1295 1561 θέλει
1344 1505 1417 1561 δι’
1497 1511 1841 1582 έπιτιμὴσεων

242 1599 405 1670 ἤγουν
452 1595 678 1670 έξοριῶν,
732 1598 991 1670 φυλακῶν,
1043 1596 1207 1650 ἄλλων
1258 1605 1406 1650 τινῶν
1452 1598 1743 1651 ὑποθέσεων
1780 1602 1840 1651 τὸ

244 1694 340 1748 τῆς
366 1690 635 1759 μετανοίας
665 1687 841 1751 αὐτοῖς
868 1683 961 1739 διὰ
994 1687 1131 1748 ζωῆς
1160 1689 1554 1759 συντηρεῖσθαι.

315 1774 432 1829 Ἐπὶ
471 1772 530 1829 6'0
572 1782 633 1849 τῇ
689 1776 836 1851 ἑτέρᾳ
865 1777 1129 1840 ὑποθέσει,
1170 1780 1223 1828 τί
1269 1780 1358 1828 καὶ
1405 1784 1573 1849 φῶμεν
1603 1791 1617 1840 ;
1649 1773 1842 1839 εἰδότος

247 1883 342 1917 σου
394 1871 488 1918 τοῦ
545 1863 821 1938 ἰχέφρονος
871 1870 961 1919 καὶ
1020 1862 1349 1941 δραστηρίου
1398 1873 1487 1917 νοῦ
1528 1867 1595 1918 161
1648 1868 1837 1922 πάντα.

244 1954 335 2017 Εἰς
365 1954 492 2009 αύτό
519 1963 671 2008 τοῦτο
702 1956 732 2014 ἡ
763 1962 855 2008 τοῦ
901 1954 1253 2031 προάρξαντος
1301 1958 1521 2017 Λέοντος
1573 1957 1837 2021 ἔνστασις,

248 2050 471 2119 συνᾶραι
517 2046 651 2116 ἡμᾶς
696 2044 847 2116 λογον
902 2046 1033 2117 μετὰ
1082 2052 1182 2098 τῶν
1238 2040 1549 2117 ἑτεροδόξων
1584 2062 1597 2074 ·
1645 2044 1840 2098 ἀντιθε-

244 2142 400 2197 τικῶς
470 2137 645 2206 κρίσιν
712 2133 1039 2198 ἁποίσοντος,
1101 2137 1170 2196 ὡς
1235 2133 1482 2206 ἐνόμιζεν.
1544 2133 1697 2187 Ἀλλὰ
1750 2140 1840 2187 καὶ

245 2222 403 2275 αύτοῦ
431 2212 540 2281 ἤδη
572 2230 663 2277 τοῦ
717 2221 1082 2297 βασιλεύοντος
1111 2225 1142 2282 ἡ
1177 2223 1307 2283 αὐτη
1341 2227 1585 2285 ἔνστασις
1614 2225 1842 2283 ὁπηνίκα

245 2314 381 2365 κατὰ
429 2313 709 2388 πρόσωπον
742 2315 844 2389 πρὸ
897 2321 1055 2390 τριῶν
1102 2315 1224 2366 ἑτῶν
1263 2310 1510 2385 διελέχθη
1543 2315 1666 2385 ἡμῖν
1694 2333 1708 2346 ·
1747 2313 1839 2366 ούκ

246 2401 404 2454 αὐτοῦ
445 2400 677 2473 λέγοντος
723 2405 913 2476 κρίνειν
946 2406 1041 2460 τὴν
1085 2398 1450 2467 διαδικασίαν,
1493 2400 1622 2454 ἀλλὰ
1658 2410 1839 2456 τοῦτον

243 2489 476 2543 κάκεῖνον
543 2499 643 2542 τῶν
701 2488 858 2551 δῆθεν
937 2493 1231 2566 ὁμοφρόνων
1304 2492 1456 2563 ἡμῖν.
1522 2490 1655 2545 ’Δλλ’
1722 2495 1840 2545 οὔτε

244 2581 396 2651 ἡμεῖς
446 2580 496 2632 οἱ
546 2580 794 2654 παρόντες
850 2582 985 2633 κατὰ
1046 2582 1322 2654 πρόσωπον
1352 2597 1364 2610 ⁸
1407 2583 1524 2633 οὔτε
1570 2583 1596 2633 6
1643 2580 1841 2645 κλεινὸς

245 2669 391 2740 ἡμῶν
422 2665 702 2744 ἀρχιερεύς
730 2669 1005 2741 ἠνέσχετο,
1048 2669 1119 2731 ὡς
1164 2670 1412 2742 ἔκθεσμον
1467 2674 1557 2723 καὶ
1593 2669 1786 2723 ὀθνεῖον
1820 2687 1834 2702 '

244 2756 367 2831 ὅπερ
420 2764 508 2811 καὶ
563 2757 770 2823 ἁληθὶς,
821 2760 1133 2831 παμπόθητε
1186 2760 1333 2830 ἡμῶν
1391 2756 1624 2812 δέσποτα
1658 2776 1671 2789 ·
1713 2756 1837 2812 ούδὶ

241 2848 343 2919 γὰρ
391 2851 508 2920 περὶ
559 2842 816 2920 βιωτικῶν
846 2852 937 2900 καὶ
991 2854 1252 2921 σαρκικῶν
1281 2848 1306 2900 6
1358 2848 1504 2920 λόγος
1534 2864 1550 2882 ⁶
1584 2850 1651 2900 ὧν
1677 2846 1829 2922 βασιο

242 2933 354 2996 λεύς
403 2939 462 2988 16
504 2938 686 3010 κράτος
738 2938 850 3009 ἔχει
904 2944 997 2990 τοῦ
1047 2941 1260 3010 κρίνειν.
1326 2942 1416 2989 καὶ
1470 2940 1527 2990 16
1589 2935 1835 3011 {5101111160

242 3029 504 3098 κριτήριον
539 3041 552 3057 ο
585 3023 711 3078 ἀλλὰ
760 3031 877 3101 περὶ
926 3027 1072 3079 θείων
1101 3031 1191 3078 καὶ
1236 3029 1486 3099 οὐρανίων
1539 3023 1831 3100 δογμάτων.

242 3113 269 3165 ὃ
336 3113 506 3175 ἄλλοις
558 3114 653 3167 ούκ
718 3114 1107 3188 έπιτέτραπται,
1165 3116 1196 3174 ἣ
1252 3117 1477 3181 έκείνοις,
1545 3115 1622 3177 οἷς
1677 3134 1834 3188 φησιν

241 3202 400 3266 αὐτὸς
423 3205 449 3256 6
472 3206 816 3276 ΘεόςΛόγος”
846 3203 1007 3258 Ὀσα
1034 3203 1103 3257 ἆν
1135 3200 1388 3263 δήσητε
1417 3202 1516 3258 έπὶ
1545 3213 1615 3263 τῆ
1637 3227 1658 3267 ς
1693 3214 1827 3277 γῆς,

241 3294 429 3345 ἱσται
466 3289 780 3366 δεδεμένα
818 3296 877 3347 ἂν
914 3302 997 3365 τῷ
1036 3293 1299 3366 οὐρανῷ,
1332 3299 1441 3347 καὶ
1479 3295 1599 3347 ὅσα
1634 3293 1704 3347 ἂν
1741 3294 1833 3347 λύ-

243 3400 400 3440 σητε
431 3380 533 3435 ἰπὶ
592 3392 707 3444 τῆς
756 3390 892 3455 γῆς,
934 3386 1120 3437 ἔσται
1167 3382 1479 3455 λελυμένα
1532 3382 1588 3435 έν
1623 3391 1703 3454 τῷ
1741 3384 1835 3435 ού-

239 3478 430 3543 ρανῷ.
485 3475 631 3533 Τίνες
679 3468 739 3526 6‘0
792 3473 939 3526 οὗτοι
989 3475 1040 3527 οἱ
1084 3471 1470 3545 έντεταλμένοι;
1504 3471 1829 3541 Ἀπόστολοι,

240 3564 331 3613 καὶ
373 3562 423 3613 οὶ
451 3563 646 3615 τούτων
676 3557 955 3634 διάδοχοι.
986 3566 1128 3624 Τίνες
1165 3558 1213 3614 δ’
1241 3557 1328 3614 οὖν
1357 3563 1406 3613 οἰ
1444 3557 1702 3634 διάδοχοι
1734 3580 1747 3630 ;
1775 3562 1833 3615 Ὀ

239 3657 335 3712 τῆς
387 3649 651 3721 Ῥωμαίων
704 3656 816 3704 νυνὶ
872 3653 1246 3726 πρωτόθρονος.
1302 3651 1328 3703 6
1381 3650 1477 3714 τῆς
1509 3657 1837 3705 Κωνσταντι-

241 3738 527 3801 νουπόλεως
573 3736 902 3816 δευτερεύων,
962 3736 1353 3815 ’Δλεξανδρείας
1393 3758 1448 3792 1'0
1498 3745 1588 3793 καὶ
1640 3740 1836 3796 Ἀντιο-

242 3831 418 3899 χείας,
465 3833 557 3882 καὶ
604 3829 630 3882 6
682 3828 1071 3902 Ἰεροσολύμων.
1127 3835 1293 3882 Τοῦτο
1349 3831 1407 3882 16
1455 3833 1836 3903 πεντακόρυφον

241 3917 431 3988 κράτος
485 3925 582 3979 τῆς
610 3917 945 3981 Ἐκκλησίας.
997 3920 1148 3992 [Ιαρὰ
1192 3920 1397 3979 τούτοις
1448 3921 1506 3970 τό
1536 3927 1635 3971 τῶν
1691 3920 1836 3972 θείων

242 4002 525 4078 δογμάτων
563 4011 855 4082 κριτήριον.
910 4006 1173 4062 Βασιλέων
1218 4003 1277 4060 6'0
1320 4011 1407 4059 καὶ
1463 4009 1747 4079 ἡγεμόνων,
1778 4010 1836 4060 1'6

244 4101 634 4170 συνεπικουρεῖν
685 4100 775 4149 καὶ
829 4096 1321 4170 συνεπισφραγιξειν
1378 4099 1443 4149 161
1495 4092 1787 4170 δεδογμένα
1819 4115 1833 4130 ⁸

241 4186 334 4235 καὶ
410 4178 731 4238 διαλλάττειν
805 4187 872 4237 τὰ
926 4193 1189 4260 σαρκικῶς
1264 4181 1664 4260 διαφορούμενα.
1726 4186 1837 4239 Ούκ

240 4270 367 4324 ἄλλο
394 4290 443 4325 τι
466 4270 529 4324 έν
574 4279 683 4337 τοῖς
736 4275 892 4335 θείοις
945 4270 1230 4346 δόγμασιν,
1279 4276 1393 4327 οὔτε
1446 4270 1662 4328 δέδοται
1708 4278 1839 4349 πρὸς

243 4367 402 4426 Θεοῦ,
452 4364 569 4415 ούτε
609 4367 950 4436 γενησόμενον
1003 4368 1275 4421 στήσεται.
1327 4365 1422 4416 Διὰ
1471 4371 1620 4417 τοῦτο
1651 4361 1839 4418 ἀπεδο-

241 4452 481 4523 κιμάσθη
540 4453 624 4505 ἰπὶ
688 4460 779 4506 τοῦ
834 4449 1097 4525 δόγματος
1146 4460 1247 4506 τῶν
1305 4454 1449 4506 θείων
1507 4453 1713 4506 εἰκόνων
1774 4456 1837 4509 τὰ
1871 4436 1917 4491 D

244 4543 333 4593 ἰπὶ
375 4547 468 4592 τοῦ
513 4539 675 4594 πάλαι
727 4545 1119 4595 Κωνσταντίνου
1174 4544 1264 4594 καὶ
1322 4544 1534 4603 Λέοντος
1582 4540 1841 4615 βασιλικῷ

244 4630 427 4704 κράτει
473 4634 564 4683 καὶ
618 4631 800 4704 θράσει
852 4627 1292 4703 συνεδριασθέντα
1346 4649 1400 4683 1'0
1446 4635 1537 4683 καὶ
1592 4629 1840 4705 βατταριο

249 4719 440 4772 σθέντα
472 4735 487 4750 ο
520 4717 594 4791 ἕν’
623 4718 698 4781 οἷς
742 4719 941 4793 έτμήθη
973 4721 1004 4778 ἠ
1039 4716 1170 4791 τῇδε
1217 4717 1504 4777 Ἐκκλησιόι
1530 4727 1627 4771 τῶν
1659 4720 1842 4794 ἑτέρων

248 4810 505 4885 τεττάρων
588 4807 1024 4882 ἁναλεματισμοῖς
1114 4806 1500 4880 ὑποϐαλλομένη
1596 4809 1838 4882 αἰωνίοις,

250 4894 509 4971 σφραγῖδι
581 4905 673 4952 τοῦ
747 4898 899 4971 ἁγίου
956 4900 1271 4970 Πνεύματος.
1343 4894 1468 4950 Εἶτα
1529 4898 1648 4969 ἰλέῳ
1710 4906 1844 4954 Θεοῦ

251 4986 450 5061 ἠγέρθη
493 4990 648 5060 κέρας
700 4984 1003 5061 ὀρθοδοξίας
1041 4985 1121 5041 ἰπὶ
1165 4986 1390 5061 Εἰρήνης
1440 4994 1536 5047 τῆς
1582 4988 1717 5039 πάνυ
1750 4992 1843 5040 σὺν

252 5083 328 5147 τῷ
375 5075 538 5138 αὐτῆς
584 5073 837 5151 ῥαδάμνῳ
869 5097 884 5111 ο
944 5075 1018 5149 ἔφ’
1075 5076 1139 5138 ἧς
1181 5077 1416 5147 συνῆφθη
1466 5076 1535 5127 τὰ
1582 5070 1845 5130 διεστῶτα

253 5169 450 5239 μέχρις
474 5169 692 5227 Λέοντος
718 5173 808 5219 τοῦ
848 5171 1149 5239 προσεχοῦς
1180 5180 1191 5195 ⁸
1227 5163 1300 5237 ἔφ’
1406 5161 1557 5227 αὖθις
1588 5161 1841 5237 διετμήθη

253 5259 286 5315 ἡ
340 5251 473 5329 τῇδε
522 5254 832 5323 Ἐκκλησία,
878 5253 1354 5328 ἂναθεματιζομένη
1404 5254 1504 5307 ύπό
1556 5261 1654 5307 τῶν
1709 5273 1842 5330 προ-

1865 3077 1907 3136 C

250 5349 411 5421 τέρων
444 5343 754 5421 ἰσόρῥόπως.

1876 1722 1921 1779 Β

1950 529 2030 585 At
2061 542 2184 583 non
2215 528 2342 583 sine
2368 527 2572 585 multa.
2600 531 2746 585 Nam
2777 528 2991 585 etCain
3005 545 3143 585 cum
3176 529 3417 586 fratrem
3446 532 3607 587 occi-

1950 615 2156 680 disset,
2182 617 2608 673 multiformem
2630 622 2685 673 et
2714 618 3071 675 celebratam
3112 633 3357 690 pcenam
3385 620 3593 677 merito

1953 704 2152 760 subiit.
2187 708 2428 763 Pmnam
2458 722 2702 779 quoque
2742 723 2777 763 a
2800 707 3002 779 seipso
3032 708 3262 779 repetiit
3317 709 3598 776 Lamech,

1952 799 2007 850 et
2032 795 2313 862 Absalou,
2341 795 2443 868 qui
2464 795 2705 852 fratrem
2757 800 2993 852 Amnon
3037 802 3297 864 necarat,
3339 813 3376 854 a
3412 803 3602 871 patre,

1949 885 2111 954 juxta
2140 884 3243 958 Thecuitidisproblema,nequaquam
3260 902 3453 943 casus
3483 893 3601 955 est;

1954 989 2062 1028 nec
2099 972 2361 1029 Absalon
2391 974 2755 1046 parricidam
2789 991 2968 1031 suum
2995 976 3184 1031 occidi
3215 975 3457 1033 volebat
3474 976 3603 1049 ipse

1956 1061 2163 1128 David,
2197 1063 2301 1118 sed
2330 1078 2525 1136 neque
2551 1080 2654 1120 eos
2684 1064 2787 1137 qui
2818 1080 2957 1119 cum
3004 1066 3208 1121 eodem
3239 1065 3601 1131 defecerant,

1953 1155 2091 1223 post
2120 1151 2257 1207 belli
2276 1151 2457 1208 tinem
2480 1153 3262 1225 perimijussisseproditum
3289 1161 3395 1212 est.
3423 1156 3504 1212 Ac
3527 1155 3602 1211 de

1950 1239 2043 1296 his
2085 1241 2371 1296 hactenus
2416 1241 2597 1297 veluti
2645 1241 3029 1312 compendio.
3085 1242 3415 1299 Misericors
3438 1243 3601 1301 enim

1953 1330 2108 1384 Deus
2137 1345 2243 1400 per
2289 1330 2733 1399 castigationes,
2789 1330 2848 1386 id
2898 1336 3004 1400 est,
3046 1331 3273 1398 exsilia,
3308 1348 3599 1402 carceres,

1950 1423 2006 1475 et
2029 1417 2266 1483 similia,
2302 1419 2711 1491 paenitentiam
2732 1419 2810 1478 ab
2836 1418 2951 1475 illis
2967 1424 3087 1477 tota
3112 1420 3234 1478 vita
3270 1420 3602 1479 vultobser-

1947 1522 2070 1564 vari
2079 1549 2092 1562 .

2025 1780 2101 1833 De
2127 1777 2311 1834 altero
2337 1783 2534 1835 autem
2568 1776 2763 1849 capite
2792 1778 2938 1850 quid
2976 1778 3270 1845 dicemus,
3303 1794 3442 1836 cum
3471 1795 3603 1853 per-

1952 1872 2158 1940 specta
2177 1868 2293 1923 sint
2317 1868 2523 1924 omnia
2555 1866 2831 1938 prudenti
2854 1882 2924 1923 ac
2963 1867 3165 1924 solerti
3211 1868 3395 1925 menti
3431 1871 3602 1927 tum?

1950 1957 2174 2013 Eodem
2200 1957 2482 2012 nimirum
2516 1954 2799 2012 tendebat
2816 1957 3023 2012 Leonis
3052 1972 3245 2029 nuper
3282 1957 3601 2030 imperato-

1948 2046 2030 2102 ris
2072 2050 2350 2114 conatus,
2390 2050 2454 2101 ut
2497 2060 2609 2101 nos
2643 2060 2779 2100 cum
2827 2045 3206 2102 heterodoxis
3256 2062 3600 2106 sermonem

1949 2135 2353 2191 conferremus
2383 2134 2752 2206 disceptante
2776 2132 2877 2189 illo
2905 2150 2916 2188 :
2950 2139 3015 2191 ut
3042 2136 3402 2193 contrariam
3428 2136 3600 2194 nobis

1950 2225 2303 2280 sententiam
2325 2222 2522 2288 ferret,
2563 2223 2714 2279 sicut
2735 2224 3009 2295 putabat.
3060 2224 3214 2290 Quin
3254 2229 3311 2281 et
3340 2225 3468 2297 ejus
3494 2227 3596 2299 qui

1948 2328 2108 2369 nunc
2137 2313 2411 2385 imperat,
2441 2327 2613 2368 mens
2660 2311 2873 2368 eadem
2924 2310 3052 2377 fuit,
3104 2328 3245 2369 cum
3292 2319 3426 2370 ante
3482 2319 3601 2371 tres

1947 2418 2139 2459 annos
2168 2402 2486 2458 nobiscum
2506 2415 2710 2456 coram
2742 2402 2881 2470 egit,
2912 2401 2994 2457 ita
3024 2407 3227 2458 tamen
3271 2410 3334 2458 ut
3371 2417 3601 2475 nequa-

1946 2508 2131 2565 quam
2156 2491 2422 2563 judicem
2451 2506 2514 2547 se
2538 2490 2802 2546 futurum
2826 2489 3065 2557 diceret,
3080 2489 3186 2547 sed
3212 2490 3375 2548 hunc
3418 2498 3599 2565 atque

1946 2581 2113 2637 illum
2136 2581 2355 2636 scilicet
2383 2588 2467 2636 ex'
2486 2578 2559 2635 iis
2607 2579 2711 2652 qui
2766 2578 3084 2635 nobiscum
3127 2580 3339 2636 eadem
3387 2581 3600 2638 sentie-

1946 2670 2113 2726 bant.
2148 2669 2262 2725 Sed
2288 2685 2484 2742 neque
2500 2683 2612 2725 nos
2642 2668 2744 2740 qui
2775 2674 3098 2737 praesentes
3130 2668 3477 2737 aderamus,
3500 2686 3599 2727 ne-

1944 2774 2063 2831 que
2090 2760 2344 2831 inclytus
2386 2756 2651 2830 pontifex
2682 2762 2883 2814 noster
2921 2757 2981 2813 id
3038 2757 3184 2826 tulit,
3227 2760 3452 2833 quippe
3484 2759 3594 2816 ini-

1944 2864 2134 2921 quum
2186 2854 2243 2904 et
2265 2847 2545 2914 alienum,
2570 2846 2737 2920 quod
2762 2863 2907 2903 sane
2954 2862 3164 2904 verum
3207 2853 3316 2914 est,
3349 2849 3594 2907 domine

1947 2937 2023 2993 mi
2052 2937 2585 2993 desideratissime.
2606 2935 2735 2991 Non
2756 2935 2917 2992 enim
2938 2936 3013 2992 de
3033 2937 3214 2993 rebus
3244 2939 3445 2995 smculi
3465 2954 3591 2995 car-

1943 3027 2156 3100 nisque
2171 3042 2368 3082 sermo
2399 3033 2505 3091 est,
2538 3024 2846 3097 dequibus
2872 3025 3378 3100 judicandipenes
3409 3028 3597 3101 impe-

1943 3121 2201 3172 ratorem
2232 3121 2461 3188 potesta
2488 3118 2599 3180 est,
2632 3120 2687 3170 et
2704 3114 3004 3185 judicium
3018 3116 3340 3173 saeculare:
3378 3116 3483 3174 sed
3515 3117 3593 3174 de

1942 3205 2162 3261 divinis
2193 3222 2264 3262 ac
2282 3204 2621 3261 caelestibus
2654 3204 3061 3274 dogmatibus,
3092 3222 3230 3278 qum
3261 3206 3395 3263 aliis
3429 3222 3594 3265 com-

1947 3294 2132 3350 missa
2148 3309 2269 3350 non
2296 3298 2433 3349 sunt
2460 3308 2648 3365 quam
2664 3292 2731 3347 iis
2756 3293 2979 3364 quibus
3002 3296 3153 3349 Deus
3182 3294 3310 3362 ipse
3332 3295 3590 3354 Verbum

1944 3383 2090 3440 dixit
2122 3400 2136 3438 ς
2167 3384 2540 3454 Quaecunque
2571 3382 2899 3453 ligaveritis
2942 3397 3123 3452 super
3158 3388 3382 3441 terram
3414 3390 3592 3441 erunt

1947 3473 2134 3543 ligata
2161 3478 2213 3529 et
2263 3471 2327 3527 in
2372 3473 2517 3528 creto
2540 3489 2559 3527 :
2592 3476 2647 3527 et
2686 3486 3050 3543 quaecunque
3091 3470 3383 3529 solveritis
3412 3488 3594 3544 super

1946 3561 2584 3627 terram,eruntsoluta
2597 3566 2649 3616 et
2674 3558 2737 3615 in
2769 3561 2914 3618 εωΖο
2954 3561 3001 3617 ⁴.
3037 3561 3291 3626 Quinam
3314 3567 3514 3619 autem
3527 3562 3591 3618 hi

1945 3654 2085 3705 sunt
2114 3650 2336 3721 quibus
2369 3649 2481 3706 hoc
2517 3649 2757 3720 jussum
2780 3648 2887 3704 fuit
2928 3650 2956 3707 ?
2998 3649 3263 3721 Apostoli
3295 3656 3589 3708 et‘eorum

1946 3754 2346 3795 successores.
2372 3738 2625 3804 Quinam
2648 3754 2827 3810 porro
2857 3743 2995 3793 sunt
3019 3755 3392 3797 successores
3424 3740 3453 3799 ?
3485 3740 3595 3807 Qui

1944 3828 2284 3885 Romanam
2312 3843 2470 3883 nunc
2504 3827 2763 3898 primam
2812 3827 3017 3884 sedem
3065 3833 3263 3886 tenet:
3314 3831 3419 3903 qui
3446 3828 3594 3886 Con-

1946 3916 2534 3989 stantinopolitanam
2575 3920 2944 3984 secundam;
2976 3918 3081 3990 qui
3126 3918 3593 3975 Alexandrinam

1946 4013 2000 4063 et
2032 4005 2483 4071 Antiochenam,
2543 4012 2598 4061 et
2642 4005 2747 4078 qui
2796 4007 3418 4079 Hierosolymitanam.
3459 4008 3596 4065 Haec

1944 4097 2316 4168 quinivertex
2350 4100 2612 4166 potestas
2662 4094 2978 4152 Ecclesia:
3028 4112 3213 4168 penes
3267 4098 3379 4155 hos
3442 4098 3595 4154 divi-

1946 4200 2163 4241 norum
2191 4184 2548 4254 dogmatum
2583 4184 2900 4255 judicium.
2963 4186 3397 4258 lmperatorum
3458 4203 3594 4245 vero

1947 4273 2342 4346 etpraesidum
2369 4278 2456 4327 est
2493 4288 2668 4344 opem
2701 4272 2872 4340 ferre,
2923 4277 2980 4330 et
3021 4276 3419 4347 comprobare
3458 4292 3595 4349 quas

1947 4363 2183 4419 decreta
2213 4366 2374 4425 sunt,
2438 4365 2493 4416 et
2548 4361 2931 4418 reconciliare
2962 4362 3064 4435 qui
3113 4364 3427 4421 carnaliter
3483 4365 3597 4422 dis-

1947 4451 2146 4507 sident
2168 4466 2239 4506 ac
2302 4448 2663 4520 discrepant.
2738 4450 2904 4505 Haud
2939 4449 3105 4506 aliud
3145 4452 3477 4525 quidquam
3522 4453 3598 4510 de

1948 4540 2163 4597 divinis
2189 4539 2589 4609 dogmatibus,
2610 4554 2806 4611 neque
2831 4555 2866 4595 a
2900 4543 3015 4596 Deo
3042 4539 3321 4597 traditum
3350 4550 3456 4608 est,
3491 4558 3601 4599 nec

1949 4631 1996 4685 si
2028 4629 2153 4696 ﬁat,
2179 4628 2376 4685 stabit.
2410 4628 2722 4700 Propterea
2744 4628 2993 4701 explosa
3028 4634 3083 4685 et
3112 4629 3331 4701 rejecta
3361 4630 3602 4688 fuerunt

1950 4720 2105 4775 circa
2133 4717 2472 4774 divinarum
2506 4717 2839 4788 imaginum
2879 4718 3124 4788 dogma,
3180 4735 3251 4774 ea
3300 4735 3435 4791 quae
3485 4720 3599 4777 sub

1953 4807 2339 4866 Constantino
2356 4807 2624 4879 quodam
2650 4806 2913 4862 etLeone
2943 4808 3107 4877 regia
3139 4808 3404 4878 potentia
3419 4816 3598 4882 atque

1952 4897 2208 4955 audacia
2250 4897 2311 4952 in
2357 4895 2755 4951 conciliabulo
2807 4902 2939 4951 acta
2990 4903 3048 4952 et
3092 4913 3410 4969 perperam
3442 4898 3600 4957 dicta

1955 4993 2113 5042 sunt.
2164 4986 2429 5051 Quorum
2470 5000 2657 5040 causa
2687 4984 2884 5040 divisa
2926 4985 3054 5042 haec
3109 4990 3314 5043 nostra
3344 4987 3603 5046 Ecclesia

1954 5076 2063 5132 fuit
2092 5091 2128 5131 a
2153 5074 2379 5130 caeteris
2410 5078 2691 5146 quatuor,
2728 5074 3245 5139 anathematismis
3268 5074 3479 5132 affecta
3505 5093 3603 5150 pe-

1951 5164 2261 5235 rennibus,
2290 5162 2666 5235 approbante
2710 5163 2929 5234 Spiritu
2977 5169 3203 5219 sancto.
3260 5167 3393 5221 Post
3451 5165 3602 5233 haec,

1954 5256 2071 5310 Deo
2089 5252 2424 5316 miserante,
2449 5255 2711 5307 erectum
2742 5256 2828 5305 est
2858 5266 3042 5307 cornu
3073 5251 3209 5306 ﬁdei
3230 5253 3605 5322 orthodoxae,

1952 5341 2348 5413 magnalrene
2372 5340 2691 5412 imperium
2717 5338 3022 5396 obtinente
3051 5355 3189 5396 cum
3203 5341 3441 5398 surculo
3468 5359 3603 5410 suo,

246 5451 371 5509 quo
403 5443 669 5508 tempore
692 5451 829 5509 quae
859 5433 1096 5491 divulsa
1138 5439 1308 5490 erant
1336 5433 1688 5490 coaluerunt
1713 5449 1899 5506 usque
1923 5432 2000 5489 ad
2037 5430 2379 5502 proximum
2413 5431 2666 5485 Leonem
2695 5446 2707 5483 :
2762 5428 2876 5485 sub
2909 5443 3030 5501 quo
3057 5429 3272 5486 iterum
3303 5430 3604 5503 discerpta

254 5530 347 5581 est
376 5524 639 5581 Ecclesia
668 5529 896 5591 nostra,
938 5527 996 5580 et
1026 5524 1104 5581 ab
1132 5522 1349 5581 iisdem
1378 5523 1603 5595 pariter
1628 5522 2011 5594 anathemate
2046 5520 2360 5576 damnata.

341 5622 364 5657 ³
392 5619 415 5677 Ι
443 5621 651 5680 Thess.
680 5637 740 5691 τ,
772 5621 861 5678 18.
936 5620 960 5658 ⁴
989 5620 1185 5679 Matth.
1206 5635 1326 5691 1m,
1358 5624 1442 5677 19.

570 5718 809 5777 ΡΑτιιοι..
851 5718 955 5777 Gn.
996 5718 1179 5777 XCIX.

3259 5714 3329 5771 48
