4036 6276
541 235 682 296 1419

1802 235 1860 297 S.
1903 234 2268 299 THEODORI
2310 238 2625 301 STUDlT/E

3752 238 3913 300 1420

612 364 759 422 Fieri
786 378 930 436 ergo
959 364 1123 422 nulla
1159 364 1392 423 ratione
1421 368 1638 437 potest,
1666 366 1932 433 domine,
1970 371 2033 423 ut
2077 384 2150 424 sas

2363 369 2669 442 Ἀμήχανον
2725 367 2812 422 οὖν
2879 372 3041 437 ἑστιν,
3090 368 3129 422 ὦ
3183 366 3433 436 δέσποτα,
3487 367 3718 443 βιωτικῷ
3780 389 3912 444 κρι-

534 453 720 511 culari
745 453 973 525 judicio
1007 453 1281 511 divinum
1304 454 1600 525 judicium
1632 460 2035 527 comparetur,
2081 461 2185 512 aut

534 549 601 600 ut
638 543 937 601 coalescat
1001 543 1130 600 haec
1186 543 1447 600 Ecclesia
1502 558 1623 600 non
1670 545 2183 601 consentientibus

532 631 799 705 quinque
829 631 1203 704 patriarchis.
1237 631 1409 698 Quod
1448 633 1499 687 si
1527 637 1696 703 roget
1726 633 2185 706 quispiam,quo

540 726 721 794 pacto
746 721 807 778 id
835 720 953 778 ﬁeri
995 720 1230 794 possit?
1296 721 1352 778 Si
1379 722 1690 789 excedant,
1745 723 2015 794 inquam,
2084 725 2184 781 Dei

529 810 807 867 Ecclesiis
831 810 1201 876 heterodoxi,
1244 815 1302 866 et
1325 811 1634 882 prOpriam
1668 810 1874 867 sedem
1936 813 2183 885 recipiat

526 900 839 974 quondam
861 900 1226 972 Nicephorus
1249 915 1416 956 sacer
1440 900 1803 971 patriarcha.
1834 901 2180 969 Qui,coacto

528 1004 737 1047 eorum
769 994 1068 1047 conventu
1118 1005 1254 1045 cum
1293 988 1515 1061 quibus
1545 994 1847 1045 certamen
1905 991 2182 1048 sustinuit

526 1079 603 1150 (si
624 1078 751 1136 ﬁeri
772 1094 891 1135 non
940 1078 1128 1152 possit
1192 1082 1254 1133 ut
1285 1078 1363 1134 ab
1407 1077 1539 1133 aliis
1596 1078 1950 1150 patriarchis
1980 1078 2180 1136 adsint

528 1168 746 1236 vicarii,
787 1167 953 1241 quod
982 1172 1137 1223 certe
1166 1166 1294 1222 ﬁeri
1333 1170 1547 1238 potest,
1605 1167 1653 1221 si
1684 1166 1823 1222 velit
1852 1166 2177 1239 imperator

525 1256 965 1315 Occidentalem
993 1258 1294 1323 interesse,
1322 1256 1415 1311 cui
1449 1260 1505 1312 et
1530 1260 1794 1327 potestas
1810 1272 2051 1313 summa
2075 1257 2173 1312 de-

521 1346 705 1403 fertur
718 1346 934 1418 synodi
946 1362 1139 1401 mcum
1150 1344 1375 1417 enicas),
1392 1348 1659 1400 attamen
1674 1360 1883 1416 pacem
1898 1361 2009 1400 con
2018 1346 2174 1402 ficiat

521 1441 578 1492 et
605 1435 1111 1506 conjunctionem,
1146 1434 1466 1506 synodicas
1493 1450 1635 1488 suas
1665 1436 1740 1488 ad
1765 1435 1969 1506 prima:
2013 1436 2171 1491 sedis

519 1525 839 1597 praesulem
880 1524 1187 1579 mittendo.
1246 1523 1417 1588 Quod
1476 1523 1526 1577 si
1569 1522 1683 1577 hoc
1731 1522 1977 1578 minime
2033 1540 2171 1594 pro-

517 1613 617 1670 bet
656 1614 1000 1685 imperator,
1067 1612 1449 1684 detlexitque,
1510 1615 1575 1666 ut
1639 1610 1769 1683 ipse
1832 1610 1935 1677 ait,
1991 1628 2027 1666 a
2076 1624 2167 1668 ve-

2292 462 2455 530 τηρίῳ
2502 457 2927 533 παραϐάλλεσθαι
2959 462 3016 512 τό
3059 461 3189 512 θεῖον
3240 463 3531 534 κριτήριον,
3562 459 3591 517 ἦ
3622 462 3903 532 συναφθῆ-

2290 567 2372 599 ναι
2396 543 2553 605 τήνδε
2589 552 2683 606 τήν
2722 548 3055 615 Ἐκκλησίαν,
3096 552 3167 622 μή
3209 548 3337 620 οὐχὶ
3381 550 3727 620 ὁμονοούντων
3788 556 3906 600 τῶν

2289 639 2433 689 πέντε
2494 645 2855 711 πατριαρχῶν.
2914 638 2973 691 Εἰ
3054 633 3114 690 δέ
3177 657 3253 699 τις
3325 636 3539 711 ἕρωτοίη
3616 642 3706 690 καὶ
3777 647 3906 699 πῶς

2290 721 2559 797 ἐνδέχεται
2611 734 2765 779 τοῦτο
2811 728 3053 799 γενέσθαι
3094 745 3107 759 ·
3141 734 3213 797 τῷ
3266 725 3515 787 ἐκστῆναι
3570 730 3687 789 τοὺς
3720 726 3901 801 ἑτερο·

2290 810 2477 876 δόξους
2539 822 2639 866 τῶν
2704 822 2796 867 τοῦ
2863 822 2997 868 Θεοῦ
3055 814 3376 873 Ἐκκλησιῶν
3404 831 3418 845 ’
3468 819 3557 867 καὶ
3608 812 3900 868 ἀπολαϐεῖν

2286 904 2374 953 τόν
2427 902 2610 956 οἰκεῖον
2656 906 2832 978 θρόνον
2870 908 3166 976 Νικηφόρον
3209 907 3294 957 τὸν
3335 906 3466 979 ἱερὸν
3490 906 3834 977 πατριάρχην
3879 923 3896 937 ·

2286 988 2341 1052 ὃς
2397 988 2749 1066 συνεδρεύσας
2796 995 2906 1065 μεθ’
2963 994 3031 1045 ὧν
3079 993 3401 1052 συνήθλησεν
3468 993 3534 1064 (εἰ
3584 993 3678 1047 οὐκ
3743 990 3898 1048 ἔνδέ-

2282 1098 2441 1151 χεται
2488 1080 2545 1133 ἑκ
2583 1090 2680 1133 τῶν
2718 1081 2881 1134 ἄλλων
2920 1091 3267 1155 πατριαρχῶν
3317 1091 3557 1158 παρεῖναι
3593 1080 3897 1156 ἀντιπροσ-

2282 1176 2476 1232 ώπους.
2523 1170 2684 1245 Ὀπερ
2738 1168 2957 1225 δυνατόν
3008 1172 3168 1239 ἐστιν,
3220 1172 3263 1224 εί
3320 1172 3454 1225 θελοι
3507 1169 3749 1245 βασιλεὺς
3791 1174 3892 1224 τὸν

2281 1256 2336 1309 ἐκ
2393 1262 2597 1322 Δύσεως
2641 1268 2923 1333 παρεῖναι·
3058 1266 3148 1315 καὶ
3196 1263 3253 1313 τὸ
3314 1263 3505 1333 κράτος
3572 1261 3891 1334 ἀναφέρεται

2279 1354 2370 1408 τῆς
2411 1348 2773 1420 οἰκουμενικῆς
2839 1346 3111 1422 συνόδου),
3180 1349 3495 1421 ἁποπεράνοι
3551 1348 3610 1401 ἃν
3665 1353 3723 1401 τό
3783 1358 3890 1412 τῆς

2278 1437 2506 1510 εἰρήνης,
2560 1443 2650 1491 καὶ
2692 1442 2750 1491 τό
2780 1447 2876 1501 τῆς
2916 1444 3193 1512 συναφείας
3242 1436 3641 1513 βραϐευτήριον,
3684 1435 3889 1497 δηλον-

2276 1531 2355 1579 ότι
2406 1524 2480 1580 δι’
2520 1528 2719 1581 οἰκείων
2772 1524 3063 1582 συνοδικῶν
3120 1528 3565 1601 ἀποστελλομένων
3610 1536 3681 1599 τῷ
3734 1548 3888 1602 πρω-

2273 1619 2518 1691 τοθρόνῳ.
2579 1616 2640 1669 Εἰ
2693 1613 2752 1671 δι
2811 1617 2871 1670 ού
2924 1625 3074 1670 τοῦτο
3123 1614 3467 1671 καταδεκτίον
3518 1626 3591 1689 τῷ
3642 1614 3882 1690 βασιλεῖ,

515 1704 685 1760 ritate
710 1702 1074 1775 Nicephorus
1106 1701 1444 1773 patriarcha
1476 1717 1490 1755 :
1520 1699 1810 1756 mittenda
1830 1705 1921 1757 est
1949 1702 2025 1756 ad
2058 1703 2150 1757 Ro-

2272 1710 2361 1758 καὶ
2428 1708 2497 1766 ὧς
2567 1725 2696 1779 φησι
2743 1710 3045 1781 παρετράπη
3108 1710 3200 1760 σύν
3266 1709 3390 1780 ἡμῖν
3466 1716 3559 1769 τῆς
3625 1705 3887 1767 ἀληθείας

514 1807 768 1850 manum
795 1807 868 1849 ex
899 1795 1153 1862 utraque
1184 1798 1351 1861 parte
1389 1788 1631 1860 legatio,
1654 1796 1707 1845 et
1733 1790 1871 1847 inde
1888 1790 2030 1858 ﬁdei
2053 1805 2163 1847 ac-

512 1881 788 1951 cipienda
853 1880 1159 1937 certitudo.
1214 1879 1439 1935 Etenim
1468 1880 1551 1934 sic
1592 1894 1685 1934 res
1747 1878 1946 1945 habet,
1979 1884 2058 1944 ut,
2112 1880 2158 1935 si

510 1968 744 2026 aberret
770 1982 981 2025 unuse
1011 1966 1382 2041 patriarchis,
1412 1982 1449 2023 a
1472 1966 1700 2024 cmteris
1749 1967 2023 2039 ejusdem
2069 1984 2160 2025 or-

507 2058 684 2125 diuis,
713 2057 1232 2131 quemadmodum
1284 2056 1525 2112 divinus
1585 2057 1908 2129 Dionysius
1959 2058 2155 2123 tradit,

508 2149 941 2205 correctionem
965 2147 1256 2210 admittat.
1283 2162 1402 2202 non
1418 2146 1496 2203 ab
1518 2146 1977 2217 imperatoribus
2002 2147 2158 2217 judi-

506 2242 716 2293 cetur:
760 2241 1084 2305 exsurgant
1119 2235 1256 2292 licet
1302 2250 1512 2291 omnes
1559 2240 1857 2307 quotquot
1884 2250 2155 2306 unquam

504 2326 746 2383 fuerunt
788 2326 1181 2399 imperatores
1246 2324 1585 2381 orthodoxi.
1625 2329 1815 2395 Atque
1854 2324 1969 2379 hoc
2009 2340 2154 2381 sane

501 2420 685 2488 caput
704 2414 1008 2486 descipere
1033 2414 1279 2469 minime
1322 2412 1503 2469 debet
1554 2413 1881 2484 imperator
1932 2422 2150 2482 noster,

502 2506 606 2560 sed
636 2508 773 2559 ante
803 2502 1010 2559 omnia
1040 2502 1244 2571 magni
1295 2501 1509 2566 facere,
1570 2501 1630 2557 in
1662 2517 1785 2574 quo
1815 2508 1869 2557 et
1916 2501 2151 2574 imperii

497 2593 768 2658 felicitas,
796 2598 854 2649 et
906 2594 1059 2665 iuste
1108 2591 1397 2662 regnandi
1450 2607 1671 2647 munus
1715 2592 1974 2663 positum
2024 2598 2139 2649 est.

494 2682 671 2739 Aliud
700 2682 844 2738 nihil
876 2682 1167 2738 sentimus
1197 2697 1307 2738 nos
1334 2680 1593 2737 humiles
1616 2685 1671 2737 et
1695 2680 1948 2750 indigni.
1973 2697 2146 2737 oran-

497 2778 586 2829 tes
621 2787 730 2844 pro
759 2770 1044 2843 optabilis
1101 2771 1233 2826 vitai
1290 2778 1403 2826 tua:
1450 2769 1860 2842 prosperitate.
1909 2770 1967 2825 Si
1997 2770 2143 2843 quid

495 2860 754 2934 denique
774 2860 915 2917 huic
945 2860 1211 2932 epistola:
1238 2859 1422 2925 deest,
1446 2859 1521 2915 de
1560 2875 1630 2915 eo
1663 2859 2143 2915 venerandorum

493 2950 887 3021 vestigiorum
914 2954 1157 3007 tuorum
1204 2948 1486 3006 adorator
1520 2946 1861 3005 tabellarius
1900 2963 2145 3020 respon-

494 3038 680 3097 debit.

743 3165 935 3222 CXXX.
970 3193 1027 3206 —
1063 3163 1466 3221 Cizarensium
1494 3163 1896 3234 fraternitati.

2270 1800 2564 1870 Νικηφόρος
2633 1796 2659 1848 ὃ
2730 1794 3005 1871 πρόεδρος,
3071 1796 3123 1860 ἐξ
3188 1798 3430 1871 ἐκατέρου
3487 1801 3676 1869 μέρους
3737 1794 3885 1847 ἀπο-

2273 1884 2513 1937 σταλτέον
2560 1887 2690 1958 πρὸς
2732 1889 2819 1939 τόν
2862 1885 3080 1959 Ῥωμης.
3114 1886 3420 1939 Κάκεῖθεν
3461 1882 3758 1958 δεχέσθω
3799 1888 3880 1936 τό

2270 1971 2546 2045 ἀσφαλες
2607 1981 2715 2034 τῆς
2753 1979 3049 2035 πίστεως.
3108 1980 3207 2028 Καὶ
3244 1977 3346 2048 γὰρ
3408 1975 3568 2035 οὕτως
3614 1977 3768 2047 ἔχει·
3828 1974 3881 2026 εἰ

2270 2070 2583 2137 παρατραπῇ
2636 2064 2708 2124 εἷς
2746 2062 2801 2115 ἇκ
2857 2072 2956 2115 τῶν
2994 2072 3339 2136 πατριαρχῶν
3384 2065 3484 2116 ύπὸ
3531 2071 3629 2116 τῶν
3672 2064 3876 2135 όμοτα-

2264 2159 2391 2222 γῶν,
2449 2154 2584 2205 καθά
2634 2171 2792 2224 φησιν
2832 2154 2857 2205 ὁ
2908 2154 3037 2213 θεῖος
3068 2156 3356 2219 Διονύσιος,
3387 2156 3479 2212 τὴν
3509 2150 3873 2225 ἐπανόρθωσιν

2265 2240 2547 2312 λήψεσθαι,
2602 2242 2708 2313 οὐχ
2749 2243 2849 2294 ύπό
2892 2239 3144 2315 βασιλέων
3184 2244 3456 2316 κρίνεσθαι
3482 2259 3493 2271 ·
3542 2240 3635 2294 κᾶν
3678 2241 3873 2305 ἐξανα-

2267 2338 2435 2383 στῶσι
2466 2332 2641 2391 πάντες
2666 2334 2714 2383 οἱ
2745 2327 3185 2405 ὀρθοδοξήσαντες
3230 2331 3466 2404 βασιλεῖς
3499 2350 3512 2363 ·
3542 2336 3631 2383 καὶ
3673 2334 3867 2383 τούτου

2262 2426 2354 2471 τοῦ
2410 2418 2686 2491 κεφαλαίου
2757 2420 2851 2472 οὐκ
2916 2420 3103 2492 ὀφείλει
3164 2417 3456 2492 ἀφειδῆσαι
3525 2421 3551 2471 ό
3609 2418 3865 2490 βασιλεὺς

2262 2509 2427 2579 ἡμῶν.
2482 2506 2633 2559 Ἀλλὰ
2682 2512 2770 2560 καὶ
2824 2512 2924 2582 πρὸ
2981 2512 3184 2562 πάντων
3238 2528 3298 2580 γε
3360 2514 3635 2584 φροντίσαι
3671 2528 3683 2541 ο
3728 2507 3776 2560 ἐν

2258 2601 2348 2648 καὶ
2390 2600 2447 2648 τὸ
2503 2594 2765 2669 βασίλειον
2813 2600 3104 2671 μακάριον·
3146 2603 3235 2651 καὶ
3279 2601 3337 2650 τό
3378 2596 3673 2670 βασιλεύειν
3723 2601 3860 2650 me.

2257 2705 2368 2757 μως
2417 2682 2737 2759 δεδώρηται.
2793 2686 2949 2740 Ἀλλο
2991 2707 3043 2740 τι
3086 2688 3144 2740 ού
3189 2695 3467 2760 φρονοῦμεν
3517 2690 3565 2740 οἰ
3621 2692 3858 2740 ταπεινοὶ

2256 2778 2347 2826 καὶ
2427 2773 2627 2837 ἀνάξιοι
2664 2792 2676 2805 ⁸
2728 2776 3135 2849 ύπερευχόμενοι
3202 2785 3297 2837 τῆς
3372 2774 3690 2829 πολυεύκτου
3754 2795 3857 2828 σου

2258 2862 2492 2924 εύζωίας.
2562 2863 2621 2917 Εἰ
2699 2862 2759 2917 δέ
2804 2884 2855 2917 τι
2926 2864 3121 2926 ἐλλιπὲς
3176 2864 3225 2917 ἐν
3278 2873 3383 2926 τοῖς
3441 2866 3770 2937 γράμμασιν,
3827 2867 3854 2917 ὁ

2256 2957 2623 3025 προσκυνητὴς
2677 2961 2777 3005 τῶν
2832 2959 3015 3028 τιμίων
3074 2973 3167 3008 σου
3226 2954 3385 3027 ἰχνῶν
3439 2959 3530 3007 καὶ
3574 2954 3845 3011 ἓπιστολη·

2188 3068 2227 3123 C
2257 3045 2411 3114 φόρος
2436 3040 2833 3113 ἀπολογήσεται.

2296 3164 2397 3217 ΡΛ¹
2428 3165 2562 3236 (26).
2596 3196 2665 3206 —
2699 3172 2772 3237 Τῇ
2818 3162 3211 3238 ἀδελφότητι
3252 3167 3566 3243 Κιζάρων.
3608 3163 3812 3241 [χπδκ]

1501 3260 1575 3311 De
1608 3261 1759 3311 obitu
1787 3261 2014 3319 abbatis,
2047 3275 2207 3325 quem
2234 3275 2561 3327 magnopere
2585 3262 2792 3313 laudat.

562 3351 813 3409 Nuntius
837 3351 1213 3408 dormitionis
1234 3352 1551 3424 spiritualis
1568 3351 1723 3408 Patri
1746 3352 1929 3407 nostri
1945 3367 2014 3407 ac
2045 3367 2143 3406 ve-

494 3441 993 3512 stri,dilectissimi
1007 3441 1507 3510 fratres,animam
1520 3445 1787 3497 nostram
1803 3447 2139 3496 consterna-

492 3533 591 3598 vit,
619 3536 681 3587 ut
709 3545 820 3603 par
844 3536 990 3600 erat,
1030 3530 1436 3603 acerbumque
1464 3530 1751 3600 gemitum
1776 3528 1990 3595 elicuit,
2017 3545 2138 3585 non

491 3619 708 3676 mortui
740 3635 929 3675 causa
954 3619 1189 3685 ;beatus
1212 3617 1511 3688 enimille,
1544 3618 1647 3690 qui
1681 3618 1920 3674 beatam
1956 3619 2137 3674 vitam

491 3708 933 3765 consummavit
973 3706 1493 3780 :quandoquidem
1526 3716 1581 3763 et
1616 3707 1836 3779 probus
1876 3706 1981 3762 fuit
2013 3723 2137 3763 mo-

488 3797 720 3853 nachus
757 3802 814 3853 et
853 3797 1134 3869 praeclare
1165 3812 1226 3851 se
1258 3796 1518 3851 exercuit
1544 3811 1731 3867 usque
1772 3795 1849 3850 ad
1878 3796 2133 3859 senium,

487 3887 771 3959 quodque
801 3891 979 3958 caput
1007 3891 1113 3952 est,
1172 3885 1570 3941 orthodoxam
1610 3883 1743 3939 ﬁdei
1771 3900 2133 3940 conservans

486 3974 638 4031 inter
651 3975 1093 4047 persecutiones
1122 3978 1178 4030 et
1195 3981 1502 4046 susceptas
1526 3989 1634 4046 pro
1648 3978 1805 4029 recto
1829 3988 2132 4029 aerumnas

486 4064 739 4119 excessit
811 4078 844 4120 e
924 4065 1065 4133 vita,
1118 4063 1355 4134 justitiaa
1396 4062 1844 4135 quodammodo
1894 4068 2133 4134 propter

487 4152 694 4209 Christi
725 4153 1161 4209 confessionem
1192 4167 1419 4208 corona
1442 4151 1747 4208 redimitus
1782 4151 1915 4207 :sed
1947 4152 2131 4207 nostri

486 4256 690 4309 causa,
720 4247 821 4298 aut
864 4240 1043 4297 vestri
1099 4241 1371 4313 ipsorum
1425 4242 1643 4313 potius,
1710 4243 1811 4314 qui
1870 4240 2131 4297 derelicti

486 4331 646 4396 estis,
688 4331 850 4386 velut
881 4346 1021 4402 grex
1076 4330 1218 4387 boni
1272 4331 1527 4402 pastoris
1561 4330 1727 4385 obitu
1786 4330 2127 4386 destitutus.

487 4419 799 4476 Enimvero
848 4419 1433 4476 commiserationem
1489 4419 1877 4491 doloremque
1934 4420 2131 4476 cordis

484 4515 766 4581 provocat
797 4509 1067 4582 praesulis
1093 4508 1445 4574 recordatio,
1486 4508 1631 4564 dum
1664 4510 1931 4564 animum
1974 4509 2134 4565 subit

2319 3351 2377 3404 Ἠ
2468 3350 2684 3423 ἀγγελία
2768 3360 2865 3415 τῆς
2954 3358 3251 3425 κοιμήσεως
3323 3360 3416 3407 τοῦ
3495 3362 3846 3428 πνευματικοῦ

2249 3442 2395 3513 ἡμῶν
2472 3446 2561 3494 καὶ
2649 3442 2791 3515 ὑμῶν
2887 3446 3109 3516 Πατρός,
3186 3446 3516 3517 ἠγαπημένοι
3606 3441 3844 3517 ἀδελφοὶ,

2248 3528 2492 3604 ἔθρόησεν
2554 3532 2702 3602 ἡμῶν
2751 3535 2844 3589 τὴν
2890 3531 3098 3603 ψυχήν.
3165 3535 3235 3594 ὡς
3289 3536 3347 3586 τό
3413 3533 3570 3598 εἰκὸς,
3628 3539 3720 3587 καὶ
3773 3535 3844 3597 εἰς

2250 3623 2536 3692 στεναγμὸν
2568 3624 2730 3692 ἤγαγε
2771 3619 3070 3673 θλιπτικόν·
3114 3620 3173 3673 ού
3219 3618 3312 3674 διὰ
3348 3625 3438 3675 τόν
3474 3625 3796 3681 κοιιιηθέντα
3825 3643 3837 3655 ·

2244 3710 2501 3782 μακάριος
2580 3710 2681 3782 γὰρ
2766 3708 2957 3773 ἐκεῖνος
3036 3714 3280 3783 μακαρίῳ
3351 3708 3451 3784 βίῳ
3536 3711 3836 3778 τελειωθεὶς,

2243 3793 2421 3855 ἑπειδή
2478 3802 2567 3849 καὶ
2628 3798 2865 3870 μονάζων
2922 3796 3142 3872 δόκιμος
3173 3815 3187 3829 ⁶
3238 3804 3328 3853 καὶ
3375 3801 3467 3863 ἕως
3515 3806 3715 3874 γήρους
3766 3801 3842 3865 ἕξ-

2244 3892 2489 3950 ησκηκὼς
2520 3888 2732 3960 ἄριστα,
2779 3893 2869 3940 καὶ
2909 3891 2967 3941 τὸ
3008 3888 3304 3961 κεφάλαιον,
3346 3889 3709 3963 πεφυλαγμένη
3751 3897 3839 3944 καί

2242 3972 2507 4050 ὀρθοδόξῳ
2548 3980 2725 4029 πίστει
2772 3979 2906 4049 μετὰ
2953 3973 3201 4048 διωγμῶν
3250 3982 3340 4031 καὶ
3398 3987 3500 4031 τῶν
3554 3980 3683 4055 ύπερ
3748 3988 3835 4033 τοῦ

2239 4065 2397 4118 καλοῦ
2480 4064 2839 4138 ταλαιπωριῶν
2906 4065 3218 4129 ἐξεληλυθὼς
3281 4075 3381 4120 τῶν
3452 4065 3673 4134 ἓνθᾶνδε,
3748 4074 3835 4122 καὶ

2240 4156 2391 4207 οἰονεὶ
2444 4154 2855 4228 ίστεφανωμίνος
2910 4163 3006 4219 τῆς
3077 4157 3204 4230 ὑπὲρ
3278 4163 3511 4229 Χριστοῦ
3564 4158 3839 4231 ὁμολογίας

2240 4239 2550 4316 δικαισούνῃ
2582 4260 2595 4274 ⁸
2640 4242 2766 4296 ἀλλὰ
2805 4241 2878 4296 δι’
2922 4245 3081 4317 ἡμᾶς,
3140 4243 3331 4316 μᾶλλον
3388 4242 3448 4298 δι
3476 4247 3611 4319 ὑμᾶς
3655 4246 3837 4310 αύτούς

2242 4330 2395 4403 [€0d.
2452 4335 2592 4403 Reg.
2653 4336 2742 4385 καὶ
2813 4332 2960 4406 τοὺς]
3052 4331 3383 4407 ἐναφεθέντας
3464 4337 3534 4398 ὡς
3597 4340 3836 4408 ποίμνιον

2238 4421 2562 4495 ἠπορημένον
2627 4429 2691 4494 τῇ
2766 4429 2857 4476 τοῦ
2922 4421 3082 4475 καλοῦ
3164 4428 3407 4496 ποιμένος
3482 4427 3825 4497 μεταστάσει.

2242 4516 2342 4564 Καὶ
2391 4513 2491 4585 γὰρ
2540 4510 2673 4563 ἕλκει
2715 4515 2844 4585 πρός
2896 4510 3067 4565 οἶκτον
3114 4518 3204 4566 καὶ
3253 4517 3574 4589 συντριμμόν
3610 4511 3834 4588 καρδίας

482 4598 824 4669 cujusmodi
848 4598 1022 4654 fuerit
1050 4598 1180 4669 ejus
1207 4597 1265 4652 in
1294 4598 1545 4653 Domino
1578 4597 1971 4668 gubernatio:
2007 4613 2130 4670 quo

2262 4618 2269 4658 ι
2348 4608 2438 4652 τοῦ
2513 4608 2836 4674 προεστῶτος
2912 4605 3116 4675 μνήμη,
3190 4600 3613 4677 ἀναθεωρουμινη
3702 4607 3837 4657 κατὰ

481 4694 657 4759 pacto
685 4688 845 4743 hunc
892 4687 1136 4760 quidem
1183 4687 1513 4758 collapsum
1564 4686 1889 4751 solabatur,
1959 4686 2126 4742 illum

482 4793 619 4832 vero
650 4776 1020 4849 pervicacem
1047 4776 1407 4847 objurgabat
1441 4791 1453 4829 :
1484 4776 1666 4831 alium
1715 4776 1879 4831 frena
1932 4775 2128 4831 detre-

480 4870 737 4920 ctantem
764 4865 1135 4928 hortabatur,
1150 4864 1331 4920 alium
1363 4869 1790 4935 torpesceutem
1808 4862 2123 4930 excitabat,

479 4952 1012 5009 mansuetudineet
1040 4952 1316 5024 aequitate
1347 4966 1559 5021 regens
1576 4952 1651 5006 ad
1686 4952 1872 5023 ipsius
1896 4953 2124 5007 Domini

479 5041 958 5114 exemplum,qui
984 5042 1133 5097 dixit
1174 5059 1186 5097 :
1222 5042 1440 5096 Discite
1464 5057 1499 5096 a
1532 5055 1614 5095 me
1642 5040 1781 5110 quia
1811 5041 1962 5096 mitis
1994 5057 2123 5097 sum

477 5137 533 5188 et
560 5131 802 5188 humilis
823 5132 999 5189 corde
1036 5134 1077 5186 ⁵ε
1111 5138 1289 5204 atque
1315 5131 1373 5186 in
1405 5129 1688 5185 omnibus
1712 5130 2124 5203 demum,qui-

474 5218 590 5277 bus
619 5221 681 5277 in
711 5221 908 5277 medio
936 5225 1204 5277 vestrum
1247 5219 1408 5275 velut
1434 5217 1599 5275 stella
1630 5219 1923 5276 matutina
1952 5220 2121 5277 reful-

559 5322 580 5355 ⁵
620 5320 817 5377 Matth.
847 5336 927 5383 XI,
954 5320 1041 5374 29.

2238 4694 2395 4742 τόπον
2446 4694 2535 4742 καὶ
2588 4694 2774 4764 τρόπον
2828 4697 2923 4752 τῆς
2978 4690 3026 4744 ἕν
3084 4697 3261 4766 Κυρίῳ
3328 4690 3646 4765 ἀφηγήσεως
3677 4712 3691 4726 ·
3729 4702 3835 4757 πῶς

2239 4778 2292 4829 ὃν
2348 4782 2438 4850 μιν
2488 4779 2763 4852 παρεκάλει
2830 4785 3195 4853 συμπίπτοντα
3222 4797 3234 4811 ⁸
3306 4781 3361 4833 ὃν
3443 4778 3503 4835 δε
3554 4781 3833 4841 ἐπέπληττε

2759 4869 2928 4943 ἕτερον
3018 4870 3389 4943 προσεκαλεῖτο
3457 4870 3827 4944 ἀφηνιάζοντα,

2942 4962 3340 5033 νῶθρευόμενον,
3406 4966 3669 5034 πραότητι
3742 4966 3829 5015 καὶ

2240 4869 2617 4942 θρασυνόμενον
2666 4885 2679 4899 ·

2235 4962 2325 5009 καὶ
2396 4957 2546 5009 ἄλλον
2620 4955 2863 5019 διύπνιζε

2235 5044 2481 5099 ἐπιεικεία
2517 5043 2731 5114 διέπων,
2774 5050 2911 5101 κατὰ
2961 5053 3188 5121 μίμησιν
3241 5049 3404 5103 αὐτοῦ
3459 5057 3550 5103 τοῦ
3604 5050 3828 5113 εἰπόντος

2233 5140 2522 5188 Δισπότου·
2553 5137 2796 5189 Μὰθετε
2834 5134 2928 5189 ἀπ’
2967 5137 3118 5210 ίμοῦ
3158 5140 3256 5191 ὃτι
3292 5143 3493 5213 πρᾶός
3541 5157 3681 5213 ειμι
3716 5147 3826 5195 καὶ

2230 5228 2532 5287 ταπεινὸς
2568 5224 2641 5297 τῇ
2682 5222 2973 5301 καρδίᾳ;
3017 5232 3107 5281 καὶ
3138 5226 3314 5292 ἁπλῶς
3350 5227 3399 5281 ἂν
3439 5233 3602 5283 πᾶσιν
3635 5228 3716 5293 οἶς
3748 5226 3828 5285 δι·

2046 5418 2269 5479 NOTAE.

556 5516 671 5589 (29)
704 5514 765 5572 ln
789 5515 921 5572 cod.
952 5516 1092 5587 Reg.
1131 5512 1261 5590 ρμε’.
