4036 6276
268 282 292 341 1
305 279 403 342 424

1561 276 2066 342 EPISTOLARUM
2109 277 2245 342 LIB.
2295 280 2362 342 II.

3488 279 3626 345 4422

264 415 480 487 έπρεπεν
539 415 589 466 ἓν
632 413 948 485 μέσῳηὺμῶν
987 412 1057 474 ὡς
1116 407 1324 472 ἑωθινὸς
1378 408 1547 483 ἀστήρ
1581 427 1595 442 ο
1637 409 1858 464 ἄλλωστε

1972 411 2085 466 sit:
2129 428 2268 467 cum
2308 410 2634 483 praesertim
2672 427 2746 468 ex
2779 410 3064 468 diuturna
3102 410 3278 468 etiam
3312 419 3626 470 consuetu-

263 506 357 554 καὶ
410 509 484 573 τῷ
521 500 851 575 πολυχρονίῳ
903 502 1028 567 έθοι,
1087 495 1326 572 βαρύνειν
1385 500 1531 552 εἴωθε
1559 502 1646 557 τὴν
1675 498 1861 571 ψυχὴν

268 587 480 665 σφόδρα
502 592 528 643 ὁ
567 598 659 643 τοῦ
690 592 892 664 Πατρός
915 592 1216 662 χωρισμός.

260 712 263 743 ς
340 678 500 735 Ἀλλὰ
558 684 610 733 τί
674 684 983 753 ποιήσομεν,
1040 673 1277 751 ἀδελφοὶ,
1334 680 1465 751 πρός
1517 680 1671 749 νόμον
1728 684 1861 730 Θεοῦ

264 768 402 822 οὕτω
428 767 698 822 κελεύοντα
732 784 745 797 ⁸
784 774 862 827 Γῆ
897 765 973 833 εἷ,
1015 772 1122 820 καὶ
1180 767 1265 829 εἰς
1319 773 1435 838 γῆν
1486 765 1807 839 ἀπελεύση
1844 784 1858 834 ;

265 857 458 931 μᾶλλον
510 855 571 912 δὲ
634 854 865 930 έκδημία
911 860 1043 926 πρὸς
1097 859 1308 931 Κύριον,
1349 857 1379 915 ἡ
1415 852 1704 919 διάζευξις.
1734 857 1857 911 Ἐπ-

265 949 465 1021 ετράπη
530 951 627 1007 τὴν
673 950 1015 1021 μετάστασιν,
1094 950 1184 998 καὶ
1232 944 1412 1008 ἐξῆλθε
1458 952 1550 998 τοῦ
1601 950 1857 1018 σώματος.

266 1037 572 1111 Ἐχωρίσθη
654 1036 739 1109 ἀφ’
814 1036 977 1109 ὑμῶν,
1028 1039 1117 1089 καὶ
1194 1036 1482 1109 προσετέθη
1562 1037 1693 1107 πρὸς
1744 1037 1859 1087 τοῦθ

265 1131 494 1200 πατέρας
548 1126 730 1182 αὐτοῦ.
784 1125 950 1180 Καλόν
1004 1122 1305 1197 ὑπόδειγμα
1358 1125 1445 1176 τόν
1507 1122 1689 1177 ἑαυτοῦ
1742 1122 1859 1197 βίον

266 1225 362 1279 τῆς
414 1216 602 1291 ἀρετῆς
665 1217 915 1289 ὁμοίωσιν
972 1214 1412 1286 έγκαταλελοιπώς
1450 1214 1591 1286 ὑμῖν.
1652 1218 1715 1267 Τί
1771 1211 1859 1266 οὖν

264 1304 443 1360 λοιπόν
473 1309 589 1359 ἑστι
622 1308 679 1358 τὸ
719 1306 1032 1378 ζητούμενον
1076 1320 1089 1370 ;
1138 1304 1229 1366 Εἰς
1285 1303 1501 1364 ἑαυτοὺς
1541 1304 1677 1375 ὑμᾶς
1726 1307 1858 1374 γενέ-

270 1397 417 1461 σθαι,
470 1399 556 1449 καὶ
609 1394 969 1468 παρακαλέσαι
1022 1392 1270 1458 ἀλλήλους
1309 1390 1358 1444 έν
1404 1394 1665 1464 Πνεύματι
1704 1390 1855 1464 ἁγίῳ.

268 1489 371 1538 Καὶ
426 1486 601 1547 καθὼς
660 1485 779 1557 ὑμῖν
829 1486 970 1536 εἴασε
1031 1485 1116 1534 τὸν
1172 1484 1351 1557 κύριον
1399 1480 1675 1535 ’Λντώνιον
1735 1482 1861 1533 καθ-

270 1574 570 1647 ηγούμενον,
626 1581 698 1644 τῷ
744 1571 885 1642 αύτῷ
925 1574 1100 1623 κανόνι
1154 1575 1244 1623 καὶ
1290 1577 1399 1631 τοῖς
1452 1569 1625 1630 αὐτοῖς
1681 1572 1857 1641 ἴχνεσι

266 1670 359 1725 τῆς
460 1661 718 1723 εύσεϐείας
819 1660 1154 1734 ἀπάρξασθαι
1227 1661 1364 1730 ὑμᾶς
1472 1658 1857 1725 πολιτεύεσθαι,

1970 500 2108 555 dine
2141 516 2390 571 gravare
2417 500 2689 557 animum
2723 500 3106 558 vehementer
3147 500 3336 558 soleat
3375 505 3628 575 paterna

1972 588 2288 661 separatio.

2042 677 2157 735 Sed
2195 678 2338 750 quid
2375 694 2644 750 agemus,
2685 676 2913 745 fratres,
2955 677 3243 734 adversus
3290 679 3391 735 Dei
3430 678 3626 749 legem

1970 766 2051 822 sic
2082 767 2523 838 praecipientem
2554 783 2567 820 :
2604 768 2789 824 Terra
2820 782 2896 834 es,
2934 773 2985 824 el
3015 769 3081 823 in
3108 773 3329 825 terram
3366 774 3625 825 reverte-

1968 856 2085 912 ris6
2113 857 2141 910 ἲ
2171 856 2325 922 Quin
2355 856 2551 928 potius
2576 856 2864 928 profectio
2894 862 2981 913 est
3011 856 3090 913 ad
3124 856 3463 922 Dominum,
3494 856 3624 913 haec

1968 945 2307 1017 disjunctio.
2338 947 2542 1001 Jussus
2568 948 2658 1001 est
2687 946 2966 1015 migrare,
3000 950 3056 1002 et
3085 945 3229 1002 abiit
3255 960 3325 1002 ex
3351 961 3619 1019 corpore.

1970 1037 2289 1106 Separatus
2319 1038 2407 1091 est
2452 1051 2489 1092 a
2520 1034 2711 1101 vobis,
2744 1040 2802 1091 et
2833 1035 3147 1106 appositus
3180 1039 3271 1091 est
3312 1034 3391 1092 ad
3422 1040 3622 1108 patres

1968 1139 2131 1189 suos,
2192 1123 2544 1195 praeclarum
2602 1123 2909 1196 exemplar
2963 1139 3135 1179 suam
3195 1124 3384 1196 ipsius
3436 1126 3621 1182 vitam

1966 1212 2197 1270 virtutis
2229 1212 2488 1284 efﬁgiem
2517 1212 2689 1269 vobis
2709 1212 3070 1285 relinquens.
3096 1212 3248 1278 Quid
3275 1229 3416 1284 ergo
3446 1217 3627 1271 restat

1964 1301 2387 1375 inquirendum
2411 1302 2439 1355 ?
2473 1304 2541 1358 Ut
2559 1302 2636 1359 ad
2660 1318 2765 1358 vos
2794 1303 2958 1374 ipsos
2984 1301 3259 1370 redeatis,
3282 1307 3339 1359 et
3366 1302 3623 1359 invicem

1966 1407 2070 1447 vos
2122 1391 2514 1447 consolemini
2541 1393 2601 1447 in
2650 1392 2867 1464 Spiritu
2894 1395 3123 1447 sancto.
3152 1393 3218 1447 Et
3243 1392 3388 1465 quia
3422 1393 3624 1449 domi-

1967 1496 2113 1537 num
2165 1481 2484 1537 Antonium
2543 1486 2831 1537 rectorem
2871 1481 3039 1537 vobis
3092 1481 3360 1547 instituit,
3411 1482 3624 1539 eadem

1968 1585 2202 1635 norma,
2244 1569 2579 1642 iisdemque
2609 1569 2844 1641 pietatis
2886 1569 3151 1640 vestigiis
3175 1570 3357 1626 ﬁdem
3386 1586 3624 1627 conser-

1968 1663 2198 1724 vantes,
2232 1664 2284 1713 et
2317 1673 2421 1728 pro
2449 1673 2519 1714 eo
2537 1658 2659 1730 pati
2691 1659 2881 1730 parati
2906 1658 3000 1714 vel
3023 1674 3210 1733 usque
3242 1659 3318 1715 ad
3345 1664 3618 1726 mortem,

266 1759 617 1826 φρουροῦντας
673 1754 766 1808 τὴν
836 1754 1033 1813 πίστιν,
1079 1753 1165 1801 καὶ
1234 1750 1360 1821 ὑπὲρ
1410 1748 1575 1809 αὐτῆς
1629 1766 1858 1799 κακοπα-

1970 1747 2012 1800 si
2042 1762 2194 1817 opus
2215 1747 2306 1811 sit,
2335 1747 2505 1817 juxta
2522 1753 2873 1819 praesentem
2887 1748 3380 1819 persecutionem.
3403 1748 3626 1805 Verita-

269 1842 392 1908 θεῖν,
444 1840 487 1893 εἰ
553 1836 685 1904 δέοι,
740 1842 905 1913 μέχρι
972 1839 1216 1906 θανάτου,
1294 1839 1430 1889 κατὰ
1484 1840 1570 1889 τὸν
1626 1840 1860 1909 παρόντα

267 1926 502 2001 διωγμόν
536 1943 549 1956 ⁸
614 1934 704 1981 καὶ
768 1925 1027 2001 μηδαμῶς
1089 1923 1377 2002 προδοῦναι
1422 1930 1522 1984 ¹τὴν
1589 1924 1855 1990 ἀληθειαν,

264 2024 358 2078 τόν
414 2038 467 2072 τε
512 2015 718 2090 ἀγάπην
764 2019 895 2091 πρὸς
960 2015 1229 2079 ἀλλήλους,
1286 2020 1376 2067 καὶ
1431 2019 1525 2074 τὴν
1595 2017 1724 2088 πρός
1771 2017 1857 2065 τόν

263 2110 652 2180 καθηγούμενον
702 2107 938 2164 ὑπακοὴν
1008 2108 1163 2158 παντὶ
1238 2106 1403 2157 σθένει
1486 2102 1854 2157 ἀσπάσασθαι.

263 2203 425 2251 Τοῦτο
466 2198 568 2271 γὰρ
622 2198 750 2267 πρὸς
788 2198 881 2253 τὴν
921 2194 1063 2267 ὑμῶν
1096 2212 1358 2267 σωτηριαν
1393 2209 1405 2223 °
1446 2200 1599 2245 τοῦτο
1646 2194 1857 2264 καύχη-

260 2306 337 2359 μα
376 2289 468 2338 καὶ
521 2292 593 2357 τῷ
644 2288 888 2359 μακαρίῳ
962 2281 1134 2354 ἐκείνῳ
1200 2281 1270 2345 εἰς
1326 2283 1521 2355 ἡμέραν
1572 2288 1808 2357 Χριστοῦ
1842 2298 1855 2312 ’

264 2382 417 2430 τοῦτο
443 2378 534 2427 καὶ
566 2374 693 2447 ἡμῖν
744 2380 852 2435 τοῖς
905 2371 1070 2444 φίλοις
1126 2376 1216 2424 καὶ
1266 2366 1508 2443 ἀδελφοῖς
1552 2371 1695 2443 ὑμῶν
1739 2368 1860 2444 ἐρα-

265 2468 585 2537 σμιώτατον.
691 2462 843 2515 Οὕτω
924 2463 1024 2536 γὰρ
1099 2466 1501 2533 περιπατοῦντες
1584 2458 1857 2528 κάλλιστα,

265 2552 397 2616 ἕξετε
442 2554 582 2625 ἡμᾶς
628 2554 1002 2623 συνεπομένους
1060 2551 1202 2623 ὑμῖν,
1259 2551 1383 2603 ὅσον
1426 2550 1531 2603 οἶόν
1574 2566 1653 2616 τε,
1694 2548 1767 2609 εἰς
1794 2549 1861 2600 τὰ

264 2644 389 2715 πρὸς
421 2644 631 2717 Κύριον,
664 2637 876 2713 ἀδελφοὶ
900 2644 1227 2713 τιμιώτατοι.

265 2764 438 2822 PAA’.
472 2767 604 2837 (27).
640 2794 705 2807 —-
748 2768 1181 2837 Κατηχητικὴ
1232 2765 1389 2840 πρὸς
1441 2767 1592 2826 τοὺς
1629 2762 1859 2817 ἑαυτοῦ

899 2855 1221 2927 μαθητάς.

1968 1840 2088 1889 tem
2135 1834 2334 1906 utique
2378 1849 2765 1908 nequaquam
2818 1837 3104 1908 prodatis,
3153 1837 3622 1910 charitatemque

1967 1923 2118 1979 inter
2149 1939 2255 1979 vos
2297 1929 2589 1990 mutuam,
2622 1929 2679 1980 et
2715 1924 3122 1981 obedientiam
3154 1941 3296 1996 erga
3334 1930 3623 1983 rectorem

1967 2027 2077 2085 pro
2109 2011 2333 2068 viribus
2377 2012 2661 2069 omnibus
2691 2013 3157 2085 amplectamini.
3192 2016 3311 2071 Hoc
3352 2014 3511 2071 enim
3544 2014 3622 2071 ad

1967 2102 2221 2157 salutem
2253 2108 2509 2157 vestram
2543 2119 2557 2154 :
2588 2101 2717 2158 haec
2745 2102 2922 2158 beato
2947 2102 3026 2158 illi
3056 2102 3115 2158 in
3146 2102 3241 2159 die
3273 2103 3506 2160 Domini
3531 2103 3625 2160 fu-

1967 2192 2100 2248 tura
2138 2191 2408 2263 gloriatio
2443 2212 2455 2245 :
2506 2191 2621 2247 hoc
2651 2208 2893 2265 quoque
2932 2191 3128 2258 nobis,
3170 2192 3379 2249 amicis
3406 2197 3463 2249 et
3502 2192 3623 2250 fra-

1970 2280 2157 2335 tribus
2189 2280 2421 2351 vestris,
2464 2280 2929 2359 optatissimum.
2966 2281 3060 2337 Sic
3097 2281 3257 2337 enim
3299 2282 3623 2339 rectissime

1968 2368 2364 2434 ambulantes,
2408 2384 2520 2425 nos
2562 2369 2784 2441 pariter
2814 2374 3103 2426 sectantes
3132 2369 3192 2425 in
3226 2370 3320 2427 via
3362 2371 3618 2437 Domini,

1968 2463 2261 2531 quantum
2291 2456 2382 2515 fas
2411 2458 2537 2525 erit,
2554 2458 2872 2526 habebitis,
2892 2460 3098 2518 fratres
3121 2460 3620 2518 reverendissimi.

2114 2760 2330 2819 CXXXI.
2360 2791 2427 2803 —
2458 2761 2834 2820 Catechetica
2862 2762 2944 2821 ad
2970 2778 3104 2821 suos
3132 2763 3476 2837 discipulos.

1408 2952 1543 3001 Vita:
1579 2950 1886 3001 monasticae
1915 2947 2093 2999 ofﬁcia
2122 2948 2483 3000 commendat.

338 3039 672 3117 Θεόδωρος
702 3042 1051 3113 ἰλάχιστος
1082 3038 1516 3116 πρεσϐύτερος
1540 3046 1648 3093 καὶ
1678 3042 1858 3112 ἡγού-

2046 3038 2381 3095 Theodorus
2402 3037 2686 3095 minimus
2719 3039 3032 3111 presbyter
3044 3039 3243 3098 Studii
3264 3039 3623 3113 praepositus

264 3149 447 3204 μενος
495 3138 612 3184 τῶν
657 3128 1000 3197 Στουδίου,
1046 3131 1493 3203 ἠγαπημένοις
1553 3126 1859 3202 ἀδελφοῖς

264 3240 384 3294 μου
405 3225 513 3273 καὶ
563 3225 1030 3292 πνευματικοῖς
1071 3220 1265 3285 υἱέσι,
1304 3226 1435 3280 τοῖς
1485 3216 1596 3271 διὰ
1628 3220 1860 3293 Κύριον

266 3306 392 3363 ὦδε
425 3308 690 3363 κάκεῖσε
728 3306 1243 3384 διεσπαρμένοις
1665 3306 1860 3381 [χπε’.]

336 3400 502 3473 Χάρις
550 3400 674 3472 ὑμῖν
728 3402 819 3451 καὶ
884 3397 1058 3471 εἰρήνη
1133 3396 1235 3449 ἀπὸ
1313 3404 1446 3451 Θεοῦ
1504 3400 1710 3471 Πατρός
1769 3404 1859 3448 καὶ

265 3493 462 3561 Κυρίου
516 3492 695 3546 Ἰησοῦ
761 3495 997 3563 Χριστοῦ
1051 3493 1143 3540 τοῦ
1180 3489 1544 3559 χαρισαμένου
1596 3488 1716 3559 ὑμῖν
1772 3490 1858 3540 τόν

264 3578 392 3651 ὑπερ
420 3582 513 3629 τοῦ
543 3576 795 3649 ὀνόματος
832 3575 992 3629 αὐτοῦ
1042 3571 1295 3648 διωγμόν.
1355 3573 1446 3636 ’ος
1487 3581 1575 3629 καὶ
1607 3575 1649 3629 εἰ
1695 3575 1859 3633 λυπη-

264 3669 356 3740 ρός
418 3668 556 3718 κατὰ
608 3667 800 3739 σάρκα,
855 3664 982 3718 ἀλλὰ
1065 3666 1352 3738 χαρποιός
1408 3667 1544 3718 κατά
1612 3671 1813 3737 πνεῦμα
1840 3680 1855 3695 ·

242 3762 613 3829 μακαρισμῶν
676 3756 776 3828 γὰρ
853 3754 1124 3807 θεολέκτων
1180 3757 1365 3819 αἴτιος,
1437 3758 1527 3807 καὶ
1599 3755 1857 3827 στεφάνων

267 3843 483 3897 αἰωνίων
539 3842 798 3917 πρόξενος.
854 3842 932 3895 Οὔ
980 3844 1142 3915 χάριν
1202 3841 1349 3915 κάγὼ
1382 3844 1408 3895 ό
1456 3842 1658 3905 εὐτελὴς
1709 3848 1859 3918 χαρᾷ

263 3938 441 4007 χαίρω
465 3936 556 3985 καὶ
593 3931 899 4005 ἀγαλλιάσει
950 3930 1297 4004 ἁγαλλιῶμαι,
1352 3933 1433 3984 ὃτι
1484 3932 1710 4005 ἠξίωμαι
1740 3936 1859 3992 τοὺς

265 4021 417 4095 έμοὺς
461 4019 769 4093 ἁγαπητοὺς
825 4017 955 4073 ἰδεῖν
1009 4020 1061 4071 έν
1089 4023 1303 4093 τοιαύτη
1348 4028 1610 4094 προκοπῇ,
1638 4020 1687 4072 έν
1716 4021 1858 4079 τηλι-

263 4113 434 4183 κούτῳ
464 4109 655 4183 βαθμῲ
684 4118 775 4170 τῆς
813 4109 977 4171 καλῆς
1027 4109 1325 4182 ὁμολογίας,
1359 4110 1420 4167 ἦν
1450 4109 1858 4182 ὡμολογήσαμεν

266 4198 480 4253 ένὼπιον
537 4205 671 4252 Θεοῦ
725 4202 816 4251 καὶ
872 4197 1170 4274 ἀνθρώπων,
1247 4206 1556 4272 προσκυνεῖν
1627 4202 1859 4273 Χριστὸν

266 4287 680 4362 έγγεγραμμένον
728 4287 890 4360 ἤγουν
962 4287 1383 4360 έξεικονισμένον,
1459 4288 1629 4349 καθὼς
1674 4290 1859 4351 πάντες

1966 3127 2197 3184 dilectis
2218 3127 2517 3197 fratribus
2545 3127 2707 3194 meis,
2735 3134 2791 3185 et
2816 3129 2959 3197 ﬁliis
2985 3130 3400 3201 spiritualibus
3428 3132 3544 3190 huc
3568 3139 3622 3193 et

1964 3217 2115 3273 illuc
2142 3222 2390 3288 propter
2411 3218 2726 3279 Dominum
2758 3217 3059 3287 dispersis.

2039 3393 2235 3449 Gratia
2272 3393 2445 3448 vobis
2469 3399 2526 3450 et
2553 3409 2674 3468 pax
2702 3411 2739 3451 a
2762 3396 2882 3452 Deo
2910 3396 3079 3453 Patre
3107 3400 3164 3454 et
3195 3398 3448 3456 Domino
3476 3400 3619 3458 Jesu

1969 3481 2214 3547 Christo.
2247 3483 2350 3555 qui
2367 3482 2531 3539 dedit
2561 3485 2731 3540 vobis
2749 3486 3062 3558 proipsius
3081 3488 3324 3545 nomine
3346 3503 3623 3562 persecu-

1966 3571 2185 3627 tionem
2215 3571 2367 3643 pati;
2400 3588 2537 3644 quae
2554 3574 2661 3629 etsi
2685 3574 2860 3630 tristis
2881 3580 2972 3630 est
2995 3576 3329 3634 secundum
3350 3593 3614 3645 carnem,

1965 3664 2023 3716 at
2053 3659 2259 3716 laetitia
2290 3661 2468 3732 plena
2508 3663 2841 3719 secundum
2875 3663 3170 3735 spiritum.
3204 3668 3354 3723 Nam
3396 3672 3453 3725 et
3479 3668 3621 3725 bea-

1965 3750 2280 3805 titudinum
2310 3750 2650 3806 divinarum
2691 3768 2880 3809 causa
2910 3756 3018 3817 est,
3049 3757 3104 3809 et
3130 3759 3484 3812 aeternarum
3525 3772 3620 3814 co-

1963 3853 2251 3895 ronarum
2290 3838 2673 3895 conciliatrix.
2711 3841 3085 3914 Quapropter
3113 3848 3171 3900 et
3199 3858 3313 3915 ego
3348 3846 3619 3915 abjectus

1964 3928 2185 3998 gaudio
2207 3928 2443 3997 gaudeo
2465 3929 2921 3987 etexsultatione
2938 3932 3189 3999 exsulto,
3215 3934 3381 4005 quod
3400 3934 3620 4004 dignus

1962 4015 2207 4072 habitus
2231 4016 2344 4072 sim
2371 4017 2740 4088 quidilectos
2763 4036 2930 4076 meos
2952 4020 3217 4077 viderem
3249 4021 3402 4079 adeo
3428 4023 3619 4095 profe-

1964 4107 2137 4170 cisse,
2155 4121 2224 4161 ac
2240 4106 2582 4177 pervenisse
2600 4107 2677 4163 ad
2696 4108 3017 4165 sublimem
3041 4110 3296 4180 gradum
3317 4112 3619 4184 praeclarae

1965 4194 2381 4260 confessionis,
2413 4212 2599 4268 quam
2628 4211 2832 4255 coram
2860 4198 2981 4255 Deo
3021 4205 3077 4256 et
3103 4200 3450 4257 hominibus
3488 4217 3621 4274 pro-

1965 4284 2107 4342 fessi
2122 4300 2348 4347 sumus,
2372 4284 2446 4340 de
2477 4285 2790 4343 adorando
2821 4287 3049 4344 Christo
3065 4289 3299 4361 pictura
3325 4290 3447 4346 sive
3470 4291 3617 4348 ima-

266 4379 316 4430 οἰ
358 4377 495 4450 ἅγιοι
531 4381 753 4451 Πατέρες
804 4379 971 4450 ἡμῶν.
1024 4381 1191 4430 Μόνον
1216 4375 1498 4451 παρακαλῶ
1528 4380 1619 4429 καὶ
1667 4379 1858 4450 ὑπομι-

1970 4374 2103 4445 gine
2125 4387 2434 4445 expresso,
2451 4374 2620 4445 juxta
2641 4391 2851 4431 omnes
2870 4382 3110 4434 sanctos
3134 4378 3335 4435 Patres
3359 4384 3617 4447 nostros,

264 4471 503 4540 μνήσκω,
555 4466 710 4531 ἀξίως
754 4473 846 4519 τοῦ
884 4465 1196 4538 Εὐαγγελίου
1225 4473 1318 4519 τοῦ
1358 4467 1583 4541 Χριστοῦ
1609 4467 1741 4539 ὑμᾶς
1769 4486 1860 4520 πο-

262 4555 578 4612 λιτεύεσθαι.
620 4560 728 4615 Τήν
781 4553 1109 4630 ἀναστροφὴν
1157 4556 1299 4628 ὑμῶν
1328 4556 1544 4628 ἔχοντας
1593 4554 1774 4621 καλὴν,
1809 4555 1859 4608 ἐν

266 4646 346 4709 οἷς
375 4642 669 4719 διατρίϐετε
694 4649 785 4699 καὶ
816 4649 990 4707 τόποις
1018 4649 1109 4699 καὶ
1145 4649 1448 4719 προσώποις
1474 4662 1487 4675 ο
1518 4648 1605 4697 τόν
1630 4644 1780 4717 λόγον
1809 4642 1858 4696 ἐν

265 4736 456 4807 χάριτι
508 4734 658 4788 ἅλατι
712 4735 997 4811 ἠρτυμένον
1028 4750 1041 4766 ⁸
1101 4738 1197 4793 τὴν
1261 4733 1363 4796 ἕξιν
1430 4732 1670 4806 εὐλαϐείᾳ
1706 4752 1858 4806 μεμε-

266 4827 549 4898 στωμένην.
619 4828 724 4883 Τὴν
789 4821 990 4897 βρῶσιν
1058 4827 1149 4876 καὶ
1207 4825 1300 4881 τὴν
1365 4826 1521 4876 πόσιν
1580 4823 1859 4899 αὐταρκείᾳ

264 4918 616 4987 τετηρημένην
640 4930 654 4943 ⁶
685 4915 744 4966 τὸ
765 4910 965 4985 ἔνδυμα
990 4917 1079 4966 καὶ
1102 4908 1349 4985 βάδισμα
1373 4916 1577 4965 συνέσει
1606 4915 1860 4987 τεθεωρη-

264 5006 414 5077 μένον
440 5019 454 5033 ·
517 5005 587 5066 ὡς
633 5002 696 5054 ἄν
747 5006 1010 5074 φωτισμός
1048 5000 1165 5055 ἕστε
1219 5008 1320 5053 τῶν
1374 5000 1582 5068 λαῑκῶν,
1628 5001 1758 5054 ἀλλὰ
1786 5006 1856 5074 μὴ

261 5093 559 5146 τούναντίον
591 5108 606 5124 ’
648 5093 897 5154 ὑπόθεσις
948 5093 1091 5153 θείας
1137 5089 1578 5163 έξομολογήσεως,
1634 5090 1760 5144 ἀλλὰ
1785 5095 1857 5164 μὴ

265 5183 580 5236 τούναντίον.
633 5186 940 5241 Ἕκαστος
1007 5181 1222 5241 καθὼς
1289 5178 1472 5233 ἔλαϐε
1536 5182 1862 5253 χάρισμα,

264 5270 353 5334 εἰς
428 5270 699 5333 έαυτοὺς
794 5269 949 5324 αὐτὸ
1057 5265 1484 5337 διοικοῦντες,
1544 5272 1608 5332 ὡς
1676 5269 1861 5323 καλοὶ

339 5397 362 5433 ⁸
393 5397 535 5454 Gen.
570 5412 645 5469 ιιι,
678 5398 757 5453 l9.

1972 4466 2163 4520 Unum
2211 4464 2413 4519 hortor
2461 4468 2514 4519 et
2552 4480 2769 4521 moneo
2812 4481 2939 4532 vos,
2988 4472 3051 4522 ut
3080 4467 3400 4524 ambuletis
3437 4469 3619 4540 digne

1969 4554 2287 4625 Evangelio
2319 4554 2548 4620 Christi,
2586 4555 2813 4612 bonam
2848 4556 3193 4613 exhibentes
3219 4560 3615 4617 conversatio-

1967 4661 2105 4700 nem
2122 4648 2399 4709 vestram,
2414 4643 2713 4716 quibusin
2735 4644 2882 4701 locis
2894 4645 3323 4719 etquibuscum
3344 4649 3620 4721 personis

1965 4735 2215 4805 degitis;
2249 4750 2585 4790 sermonem
2618 4736 2678 4791 in
2708 4736 2906 4805 gratiae
2928 4736 3048 4792 sale
3081 4738 3424 4807 conditum;
3459 4744 3623 4795 teno.

1966 4840 2092 4881 rem
2107 4823 2292 4880 animi
2306 4823 2832 4894 circumspectione
2848 4824 3323 4896 plenum,cibum
3339 4832 3393 4882 et
3408 4833 3618 4899 potum

1967 4912 2323 4984 frugalitate,
2353 4913 2628 4967 vestitum
2662 4918 2718 4968 et
2760 4913 3066 4970 incessum
3118 4916 3436 4987 prudentia
3476 4921 3619 4972 tem-

1967 5008 2265 5075 peratum,
2314 5005 2380 5056 ut
2416 4999 2584 5056 laicis
2626 5000 2729 5056 lux
2762 5002 2910 5068 .itis,
2952 5017 3072 5059 non
3116 5008 3358 5059 contra:
3404 5004 3620 5060 divinae

1970 5088 2359 5148 confessionis
2396 5096 2839 5161 argumentum,
2875 5105 2993 5145 non
3018 5098 3223 5147 contra
3252 5114 3265 5147 :
3304 5092 3622 5164 Unusquis-

1970 5179 2756 5252 quesz‘cutaccepitgratiam
2781 5179 2844 5234 in
2864 5180 3221 5236 alterutrum
3238 5181 3409 5237 illam
3434 5182 3622 5238 admi-

1973 5268 2319 5335 nistrantes,
2337 5274 2622 5339 tanquam
2640 5267 2775 5324 boni
2784 5268 3220 5339 dispensatores
3234 5269 3619 5342 multiformis

1830 5492 2031 5548 ΝΟΤΑΞ
2042 5533 2053 5546 .

339 5584 458 5655 (2'7)
482 5583 545 5641 In
569 5581 706 5643 cod.
726 5584 868 5656 Reg.
889 5581 1047 5657 ρμςθ.
