4036 6276
541 259 677 319 1423
1781 259 1817 318 S
1860 259 2044 319 ΤΗΕΟ
2058 256 2142 318 DO

2268 257 2595 319 STUDITE
3746 260 3777 318 ί
3792 260 3896 316 4Ξ4

510 382 728 459 gratias
765 388 894 453 Dei,
924 387 1080 443 sicut
1118 386 1406 460 scriptum
1435 394 1541 443 est.
1583 386 1648 442 Si
1686 388 1816 458 quis
1865 386 2142 458 loquitur;

2272 386 2583 459 οἰκονόμοι
2627 385 2931 448 ποικίλης
2986 388 3266 460 χάριτος
3315 395 3497 454 Θεοῦ,
3549 390 3735 451 καθὼς
3806 391 3897 459 7i-

509 479 794 548 tanquam
824 490 1119 534 sermones
1145 476 1269 541 Dei,
1293 490 1412 532 non
1441 474 1789 531 inanitates:
1819 478 1872 532 si
1900 475 2031 548 quis
2059 475 2141 531 mi

2270 491 2508 548 ραπται·
2564 474 2639 529 Εἰ
2674 494 2767 536 τις
2816 473 2996 527 λαλεῖ
3045 476 3119 536 ὡς
3174 474 3361 547 λόγια
3409 484 3592 542 Θεοῦ,
3646 476 3791 529 ἀλλὰ
3815 480 3893 548 μὴ

505 564 747 631 nistrat,
777 571 1065 638 tanquam
1095 580 1169 622 ea:
1194 564 1467 631 virtute’,
1490 580 1611 622 non
1640 581 1744 637 per
1771 565 2117 634 superbiam

2271 564 2647 636 ματαιολογίας
2680 582 2692 595 ·
2742 566 2795 616 εἰ
2841 584 2938 625 τις
2987 560 3302 633 διακονεῖ,
3360 568 3439 629 ὡς
3488 564 3552 629 ἐξ
3612 566 3893 639 ἰσχύος,

509 654 559 710 si
587 656 723 728 quis
762 654 996 712 laborat
1043 653 1300 727 propriis
1354 653 1655 719 manibus,
1708 670 1782 710 ne
1813 654 2015 724 gravis
2064 655 2138 710 sit

2273 652 2399 705 ἀλλὰ
2423 657 2494 726 μὴ
2526 655 2643 706 καθ’
2670 654 3019 726 ὑπερηφανίαν
3044 674 3057 687 ο
3089 656 3133 706 ε⁸ί
3151 673 3231 717 τις
3259 653 3535 728 ἐργάζέται
3562 662 3682 717 ταῖς
3712 651 3898 716 ἰδίαις

507 758 631 800 non
666 748 866 801 autem
898 759 971 799 ne
1011 748 1303 815 tanquam
1333 744 1561 799 otiosus
1591 744 1912 799 damnetur
1955 748 2010 799 et
2041 758 2142 798 nor

2270 747 2455 815 χερσὶ,
2522 746 2652 814 πρὸς
2707 745 2764 795 τὸ
2814 747 2885 815 μὴ
2947 741 3199 819 έπιϐαρὴς
3252 740 3402 809 εἶναι,
3471 742 3601 797 ἀλλὰ
3674 749 3755 817 μή
3820 746 3895 803 ὡς

508 832 851 890 manducet.
878 834 935 889 Si
962 832 1096 906 quis
1122 834 1181 888 in
1205 832 1489 888 omnibus
1510 833 1865 888 mandatum
1887 832 2139 905 exsequi

2274 832 2433 907 ἀργὸς
2484 835 2917 905 κατακρινόμενος
2964 837 3053 885 καὶ
3126 841 3219 886 τοῦ
3302 832 3511 888 ἐσθίειν.
3567 836 3632 887 Εἴ
3686 852 3781 894 τις
3845 836 3894 885 ἑν

506 924 621 989 tur,
654 926 717 978 ut
745 921 1053 994 operarius
1074 920 1192 987 Dei,
1219 936 1339 977 non
1372 926 1575 977 autem
1595 938 1667 977 ne
1698 920 2053 977 scandalum
2089 920 2142 975 si'

2271 928 2403 974 πᾶσι
2453 923 2569 974 κατ’
2621 920 2824 981 ἐντολὴν
2847 924 3097 995 πράσσει,
3157 924 3228 983 ὡς
3273 925 3499 996 ἐργάτης
3539 930 3699 987 Θεοῦ,
3753 921 3894 974 ἀλλά

506 1011 813 1085 proximo;
859 1018 914 1068 et
963 1015 1025 1067 ut
1066 1010 1127 1066 in
1173 1010 1457 1067 omnibus
1491 1010 1849 1081 gloriﬁcetur
1890 1009 2065 1075 Deus,
2108 1026 2139 1066 e

2271 1015 2343 1083 μὴ
2406 1013 2541 1063 κατὰ
2596 1007 2888 1064 σκάνδαλον
2934 1016 3231 1084 γιγνόμενος
3288 1020 3380 1065 τοῦ
3427 1011 3579 1073 πέλας
3612 1033 3626 1045 ·
3676 1012 3773 1064 ἶνα
3839 1010 3891 1063 έν

505 1114 618 1173 ego
649 1100 826 1158 miser
849 1100 1126 1166 audiens,
1154 1099 1448 1157 exhilarer
1479 1105 1535 1157 et
1563 1099 1886 1172 gaudeam.

2270 1105 2405 1153 πᾶσι
2452 1097 2746 1163 δοξάζηται
2811 1101 2836 1153 6
2898 1104 3026 1162 Θεός
3058 1117 3071 1130 °
3148 1099 3295 1173 κάγὼ
3353 1102 3379 1153 ό
3438 1100 3590 1162 τάλας
3643 1100 3886 1167 ἀκούων,

2272 1190 2478 1261 εύθυμῶ
2506 1194 2595 1241 καὶ
2621 1194 2821 1264 χαίρω.

2341 1295 2551 1349 Βλέπετε
2596 1299 2712 1356 τοὺς
2768 1298 2963 1358 κακοὺς
3016 1291 3392 1369 συνδυασμούς
3421 1313 3435 1327 ⁸
3507 1295 3727 1370 βλέπετε
3789 1301 3890 1354 τὴν

2270 1383 2503 1456 ὀλεθρίαν
2566 1385 2866 1459 παρρησίαν
2900 1405 2913 1418 ·
2976 1382 3186 1457 βλέπετε
3234 1390 3325 1443 τὴν
3379 1389 3685 1459 πορνοποιὸν
3746 1382 3890 1443 ἅδη-

2270 1479 2494 1546 φαγίαν·
2548 1478 2703 1545 μήτις
2756 1477 2885 1547 μετὰ
2940 1479 3183 1546 γυναικός
3230 1474 3468 1546 όμιλείτω
3538 1476 3657 1528 ἄνευ
3712 1474 3887 1546 (bnis/-

585 1296 810 1353 Cernite
842 1312 1154 1369 perversae
1184 1296 1686 1369 conspirationes:
1720 1297 1937 1352 cernite
1964 1296 2163 1369 perni-

508 1386 735 1442 ciosam
765 1385 1098 1441 libertatem
1132 1402 1144 1439 :
1179 1386 1398 1441 cernite
1437 1385 1865 1440 adulteriorum
1906 1393 2160 1440 matrem

508 1475 888 1531 edacitatem.
921 1474 1127 1530 Nullus
1158 1491 1293 1530 cum
1334 1473 1581 1529 muliere
1626 1474 2000 1547 colloquatur
2031 1476 2159 1529 sine

507 1563 861 1620 necessitate
889 1580 901 1619 :
945 1564 1144 1620 nullus
1176 1565 1378 1619 sedeat
1409 1562 1710 1619 solitarius
1740 1580 1752 1619 :
1798 1564 1993 1619 nullus
2025 1580 2142 1619 ava'

2268 1580 2403 1625 κης⁸
2458 1568 2610 1633 μήτις
2661 1569 3031 1637 μεμονωμένως
3083 1564 3417 1624 καθεζέσθω·
3469 1568 3629 1637 μήτις
3691 1564 3887 1636 φιλαρ-

506 1654 650 1710 ritiae
695 1653 949 1717 studeat,
981 1652 1149 1709 lucro
1195 1654 1429 1708 lucrum
1484 1653 1795 1723 adjiciens,
1841 1658 1895 1708 et
1941 1670 2142 1708 aurum

2267 1656 2488 1727 γυρείτω
2566 1657 2785 1727 κέρματι
2871 1658 3037 1726 κέρμα
3119 1655 3441 1727 προστιθεὶς,
3527 1657 3613 1705 καὶ
3699 1653 3885 1716 αὔξων

508 1757 759 1812 augens,
794 1744 853 1797 in
878 1758 1001 1815 quo
1028 1741 1197 1798 radix
1229 1748 1317 1797 est
1339 1743 1589 1813 peccati,
1622 1748 1677 1797 et
1701 1741 1869 1796 ludas
1903 1743 2134 1814 portio'

2267 1748 2517 1814 χρυσίον,
2572 1740 2620 1794 ἐν
2738 1743 2984 1817 ῥιζοῦται
3040 1744 3069 1801 ἡ
3124 1742 3373 1816 ἁμαρτία,
3403 1746 3493 1795 καὶ
3539 1744 3568 1801 ἠ
3602 1748 3761 1815 μερὶς
3786 1750 3884 1795 τοῦ

507 1830 711 1888 Nullus
732 1836 1059 1903 comparet,
1080 1847 1217 1887 cum
1241 1832 1641 1886 monasticam
1664 1829 1996 1887 libertatem
2020 1846 2131 1903 pos

2268 1826 2467 1884 Ἰούδα.
2529 1837 2699 1893 Mariti;
2750 1830 3127 1903 ἁπεμπολείτω,
3187 1836 3281 1891 τὴν
3343 1836 3637 1904 μοναχικην
3675 1831 3885 1885 ἑλευθε-

510 1919 724 1989 sideat,
738 1920 1073 1992 emptitium
1090 1936 1352 1975 servum.
1369 1921 1448 1974 Eo
1465 1935 1655 1991 usque
1669 1921 1825 1975 enim
1844 1934 2142 1991 progressi

2266 1925 2383 1995 ρίαν
2435 1928 2709 1993 κτώμενος,
2778 1918 3139 1994 ἀργυρώνητον
3215 1916 3422 1977 δοῦλον.
3508 1924 3681 1994 Μέχρι
3771 1925 3879 1994 γὰρ

510 2008 1021 2082 estquorumdam
1046 2008 1332 2080 nequitia,
1364 2009 1469 2080 qui
1493 2008 1717 2064 vitiosis
1748 2007 2061 2064 affectibus
2094 2024 2142 2063 st

2266 2006 2422 2061 τοῦδε
2474 2011 2690 2082 ἔφθασεν
2753 2008 2783 2067 ἣ
2841 2029 2990 2062 τινων
3069 2015 3314 2083 πονηρία,
3378 2006 3741 2062 δουλωθέντων
3810 2018 3874 2082 τῇ

508 2098 1013 2170 manciparunt,et
1026 2096 1373 2154 monasticae
1389 2097 1999 2169 dignitatisjacturam
2015 2097 2142 2152 fece

2266 2101 2618 2172 προσπαθείᾳ,
2676 2104 2765 2151 καὶ
2816 2097 3209 2151 ἀπολωλεκότων
3270 2101 3327 2151 τὸ
3373 2102 3660 2171 μοναχικὸν
3716 2096 3879 2161 ἀξίω-

503 2193 663 2244 runt.
680 2187 883 2244 Nullus
904 2188 1043 2243 vino
1060 2187 1474 2259 seiugurgitet,
1498 2186 1853 2259 Apostolum
1871 2187 2124 2242 audiens

2266 2208 2360 2260 μα.
2429 2192 2600 2250 Μῆτις
2650 2186 3031 2259 οἰνοφλυγείτω,
3098 2186 3296 2240 ἁκούων
3354 2195 3448 2241 τοῦ
3491 2187 3827 2242 Ἀποστόλου
3857 2204 3871 2218 ⁸

507 2277 739 2333 Modico
751 2276 888 2332 vino
905 2283 1087 2341 utere,
1106 2282 1358 2347 propter
1378 2275 1745 2332 stomachum
1767 2282 1932 2331 tuum
1951 2283 2004 2331 et
2025 2292 2142 2332 cre-

2268 2276 2493 2349 Ὀλίγῳ
2532 2280 2678 2348 οἴνῳ
2726 2285 2881 2352 χρῶ,
2918 2274 3029 2329 διὰ
3074 2281 3178 2329 τόν
3228 2281 3562 2350 στόμαχον
3614 2296 3731 2330 σου
3763 2282 3874 2330 καὶ

506 2366 642 2423 bras
689 2365 1068 2434 inﬁrmitates
1098 2366 1287 2420 tuas“.
1335 2368 1414 2420 Ex
1465 2364 1687 2438 quibus
1732 2363 1911 2420 rebus
1960 2367 2142 2420 incen'

2266 2369 2372 2427 τὰς
2424 2369 2668 2429 πυκνάς
2727 2385 2843 2419 σου
2889 2364 3245 2428 ἀσθενείας.
3302 2366 3416 2438 Ἀφ’
3448 2366 3515 2418 ὧν
3546 2364 3872 2419 ἀνάπτονται

505 2454 730 2511 duntur
775 2454 1067 2510 adversus
1102 2454 1370 2509 animam
1422 2452 1689 2509 carnalia
1738 2451 2061 2519 desideria,
2104 2470 2142 2509 e‘

2267 2456 2403 2507 κατὰ
2438 2462 2533 2517 τῆς
2592 2454 2778 2527 ψυχῆς
2828 2457 2883 2506 αἱ
2928 2458 3177 2527 σαρκικαὶ
3219 2456 3652 2528 ἑπιθυμίαι,’καὶ
3696 2453 3867 2527 ἐμπυ-

502 2543 767 2601 exuritur
796 2542 1015 2598 domus
1044 2542 1166 2609 Dei,
1199 2542 1303 2615 qui
1329 2543 1573 2598 interior
1596 2542 1782 2597 homo
1815 2548 2014 2598 noster
2043 2548 2135 2598 est

2264 2547 2469 2618 ρίζεται
2525 2544 2552 2595 6
2600 2544 2738 2605 οἶκος
2794 2550 2884 2595 τοῦ
2941 2550 3095 2613 Θεοῦ,
3154 2543 3204 2604 ὃς
3255 2545 3396 2595 ἑστιν
3454 2544 3480 2595 6
3547 2545 3649 2595 ἔσω
3718 2546 3867 2615 ἡμῶν

504 2632 620 2689 Sed
645 2637 936 2704 tanquam
962 2630 1227 2703 hospites
1265 2638 1321 2686 et
1352 2631 1649 2703 peregrini
1681 2634 1891 2696 simus,
1936 2630 2142 2700 singul;

2266 2633 2557 2704 ἄνθρωπος,
2619 2631 2753 2683 Ἀλλ’
2801 2633 2868 2693 ὡς
2922 2629 3051 2694 ξένοι
3123 2635 3212 2683 καὶ
3285 2628 3649 2704 παρεπίδημοι
3706 2632 3862 2704 ὦμεν,

501 2728 785 2784 vestrum,
814 2720 1046 2785 fratres,
1075 2720 1134 2774 in
1152 2719 1266 2774 hac
1288 2720 1699 2791 persecutione
1716 2721 1888 2791 quasi
1905 2723 2142 2776 morien‘

2264 2721 2304 2771 ὦ
2343 2718 2576 2793 ἀδελφοὶ,
2640 2720 2856 2782 ἕκαστος
2900 2720 3041 2792 ὑμῶν
3080 2722 3129 2771 ἓν
3185 2716 3322 2791 τῷδε
3372 2729 3444 2792 τῷ
3490 2717 3734 2793 διωγμῷ,
3798 2725 3861 2783 ὡς

503 2816 611 2879 tes,
625 2816 679 2866 et
698 2824 827 2866 ecce
840 2809 1089 2865 vivimus
1115 2828 1137 2863 .-
1166 2815 1228 2863 ut
1254 2808 1531 2879 castigati
1554 2815 1606 2865 et
1630 2824 1747 2865 non
1769 2809 2115 2877 morti/irati
2137 2827 2149 2865 :

500 2899 674 2972 quasi
685 2898 901 2963 tristes,
914 2913 1143 2967 semper
1156 2905 1350 2955 autem
1362 2898 1688 2967 gaudentes
1700 2911 1719 2949 :
1733 2898 1884 2953 sicut
1900 2906 2151 2969 egentes,

494 2990 720 3045 multos
749 2994 947 3045 autem
971 2986 1354 3059 spiritualiter
1377 2988 1837 3056 tocuptetantes;
1865 2994 2151 3059 tanquam

498 3079 656 3135 nihil
677 3078 975 3144 habentes,
1005 3083 1061 3134 et
1090 3078 1289 3133 omnia
1310 3077 1759 3147 possidentes”,
1790 3080 1853 3132 ut
1873 3077 2151 3148 apostoli-
2190 3100 2229 3153 (ι

497 3168 582 3224 cis
612 3166 810 3224 verbis
845 3172 1101 3222 utamur.
1138 3166 1301 3222 Oculi
1335 3167 1450 3221 mei
1480 3180 1717 3239 semper
1746 3164 1823 3221 ad
1858 3181 1963 3221 vos
1993 3182 2149 3237 quos

496 3257 818 3315 desidero:
870 3272 973 3313 cor
1001 3272 1205 3312 meum
1233 3256 1294 3312 in
1337 3255 1506 3312 vobis
1541 3257 1707 3311 ardet
1755 3257 1812 3311 in
1850 3255 2099 3311 Domino
2131 3275 2143 3314 :

495 3362 708 3403 sensus
734 3346 850 3402 mei
878 3345 1297 3417 percelluntur,
1328 3361 1467 3401 cum
1498 3345 1799 3401 sinistrum
1832 3343 2147 3416 quidpiam

495 3436 677 3492 audio
698 3436 773 3491 de
798 3434 1026 3507 aliquo,
1046 3450 1183 3490 cum
1210 3434 1440 3505 accipio
1466 3435 1841 3489 aversionem
1874 3437 1989 3489 Deo
2016 3450 2148 3490 exo-

495 3524 958 3596 sam,lacrymas
972 3522 1756 3579 funduntoculi.Conteritur
1768 3524 1973 3578 anima
1985 3539 2144 3590 mea,

494 3613 542 3669 si
561 3612 811 3686 quando
838 3618 1048 3669 contra
1071 3612 1446 3669 traditionem
1480 3617 1535 3668 et
1565 3611 2070 3677 constitutionem,
2091 3619 2148 3669 et

492 3717 701 3758 eorum
718 3718 855 3774 quas
871 3707 1006 3758 ante
1023 3701 1182 3757 dicta
1194 3702 1914 3758 suntdemonstrationem
1934 3702 2147 3758 ambu-

490 3791 572 3847 let
594 3792 730 3864 quis
754 3793 938 3846 Deum
969 3805 1091 3846 non
1120 3805 1364 3846 amans.
1398 3790 1648 3855 Exiistis,
1678 3796 1897 3861 patres,
1930 3807 1999 3845 ex
2022 3808 2146 3847 mo-

490 3881 755 3937 nasterio
778 3879 857 3935 ad
882 3879 1151 3935 altiorem
1168 3878 1365 3934 lucem
1387 3880 1836 3949 persecutionis.
1862 3880 2142 3952 Nunquid

490 3969 651 4025 enim
684 3969 761 4025 ad
779 3967 1075 4033 tenebras,
1097 3968 1348 4040 Spiritus
1371 3968 1654 4040 impulsu,
1686 3968 1919 4023 discreti
1952 3969 2030 4024 ab
2056 3970 2140 4025 in-

491 4059 682 4113 vicem
716 4073 927 4113 sumus
957 4058 988 4110 ‘?
1016 4057 1296 4128 Nunquid
1338 4062 1401 4111 ut
1431 4057 1781 4128 voluptuose
1811 4057 2088 4113 vivamus
2115 4058 2144 4113 ‘i

490 4147 774 4220 Nunquid
814 4148 967 4202 Deus
1001 4161 1123 4202 non
1149 4146 1346 4202 videt!
1398 4146 1679 4218 Nunquid
1709 4146 1786 4202 ad
1823 4147 2141 4203 hominum

489 4251 666 4292 aures
688 4251 840 4307 opus
868 4235 1339 4308 uniuscujusque
1357 4250 1475 4291 non
1500 4235 1788 4307 pervenit,
1811 4251 1934 4308 quo
1957 4236 2140 4293 modo

489 4325 924 4382 conversemini
945 4322 974 4379 ?

558 4521 713 4587 Haec,
728 4521 833 4594 qui
848 4535 1050 4576 servos
1062 4519 1313 4583 habetis,
1329 4520 1549 4587 audite,
1564 4521 1667 4593 qui
1682 4520 1820 4577 solis
1833 4520 2137 4586 habitatis,

485 4611 587 4683 qui
620 4610 899 4666 mulieres
931 4608 1263 4673 sectamini,
1308 4624 1380 4664 ne
1408 4609 1554 4680 quid
1589 4610 1849 4681 amplius
1888 4609 2085 4666 dicam
2122 4627 2135 4665 :

468 4699 674 4769 ‘avari,
719 4698 1033 4770 gyrovagi.
1074 4700 1200 4753 Non
1242 4696 1433 4752 libens
1461 4699 1749 4770 vitupero,
1797 4699 2087 4769 ignoscite
2122 4717 2135 4753 :

484 4790 585 4844 sed
615 4802 770 4857 aegre
788 4802 1026 4853 accuso,
1056 4792 1346 4857 tanquam
1371 4786 1447 4841 ad
1467 4785 1580 4841 hoc
1599 4789 1953 4843 constitutus
1980 4802 1993 4841 :
2023 4788 2138 4844 Im-

2264 2808 2807 2875 ἁποθνήσκοντες,
2839 2813 2943 2860 καὶ
2978 2804 3123 2861 ἰδοὺ
3155 2809 3365 2881 ζῶμεν
3396 2825 3411 2839 ⁸
3445 2812 3523 2872 ὡς
3556 2807 3859 2864 παιδευο·

2263 2918 2463 2970 μενοι,
2494 2903 2603 2951 καὶ
2655 2902 2736 2971 μὴ
2781 2899 3254 2971 θανατούμενον
3282 2913 3296 2928 ⁸
3334 2901 3407 2959 ὡς
3444 2897 3851 2972 λυπούμενοι,

2263 2988 2368 3042 ἀεὶ
2397 2986 2464 3041 δι
2509 2993 2848 3064 χαίροντες
2881 3004 2893 3017 ’
2937 2990 3003 3049 ὡς
3036 2993 3314 3060 πτωχοὶ,
3346 2988 3581 3041 πολλοῦ
3614 2986 3682 3043 δε
3706 3008 3842 3041 πνευ-

2260 3087 2489 3151 ματικῶς
2540 3079 3001 3141 πλουτίζοντες
3031 3095 3042 3106 ·
3081 3074 3378 3150 ὡςμηδεν
3416 3081 3709 3151 ἔχοντες,
3743 3084 3841 3131 καὶ

2258 3171 2335 3221 τὰ
2389 3170 2596 3220 πάντα
2672 3171 3084 3239 κατέχοντες,
3148 3164 3505 3228 ἀποστολικῶς
3559 3168 3738 3222 εἰπεῖν.
3790 3170 3851 3220 Οἱ

2259 3256 2513 3329 ὀφθαλμοί
2556 3275 2656 3329 μου
2713 3253 2807 3308 διὰ
2834 3258 3025 3318 παντὸς
3063 3258 3194 3329 πρὸς
3232 3256 3366 3328 ὑμᾶς
3420 3260 3541 3320 τοὺς
3596 3259 3858 3319 ποθητούς

2257 3366 2357 3418 μου
2386 3365 2399 3378 ·
2437 3348 2467 3404 ἡ
2494 3342 2694 3421 καρδία
2708 3364 2808 3417 μου
2838 3347 3084 3415 καιομένη
3119 3346 3168 3396 έν
3194 3346 3315 3417 ὑμῖν
3337 3343 3386 3396 ἕν
3417 3351 3592 3420 Κυρίῳ
3615 3349 3713 3399 ’τὰ
3737 3347 3860 3399 αἰσ-

2260 3438 2479 3507 θητήριά
2504 3455 2603 3506 μου
2660 3437 2955 3507 μαιμάσσει
3010 3455 3094 3507 με,
3140 3437 3296 3494 ἡνίκα
3344 3434 3554 3488 ἀκούσω
3592 3433 3857 3494 ἀπευκτὴν

2255 3522 2416 3582 ἀκοὴν
2446 3522 2529 3576 ἐπί
2552 3543 2653 3575 τινι
2693 3537 2707 3550 ⁸
2745 3524 2821 3575 ἐπ’
2852 3525 2913 3576 ἄν
2942 3527 3103 3596 μάθω
3128 3523 3381 3598 ἄκτροπην
3413 3527 3725 3597 θεομίσητον
3761 3543 3773 3555 ·
3807 3528 3859 3578 οἱ

2255 3612 2509 3684 ὀφθαλμοί
2573 3632 2674 3684 μου
2740 3616 3031 3685 κατάγουσι
3097 3609 3325 3687 δάκρυα.
3396 3620 3454 3667 Ἦ
3524 3613 3680 3686 ψυχή
3752 3634 3856 3687 μου

2257 3700 2608 3774 συντρίϐεται,
2668 3702 2859 3755 ὁπόταν
2925 3705 3069 3778 παρὰ
3118 3707 3212 3761 την
3265 3700 3565 3776 παράδοσιν
3616 3708 3706 3756 καὶ
3764 3724 3861 3756 κα-

2256 3792 2510 3843 τάστασιν
2554 3795 2645 3843 καὶ
2700 3794 2794 3849 τὴν
2850 3798 2950 3842 τῶν
2984 3795 3364 3865 προειρημένων
3424 3794 3665 3864 ἔκφανσιν
3703 3811 3859 3867 περι-

2252 3886 2407 3931 πατεί
2456 3881 2483 3932 6
2539 3878 2821 3951 ἀφιλόθεος.
2894 3878 3262 3943 Ἐξεληλύθατε
3321 3881 3359 3931 ὦ
3426 3885 3669 3955 Πατέρες,
3752 3880 3859 3935 διπό

2252 3976 2344 4021 τοῦ
2383 3974 2736 4044 μοναστηρίου
2777 3969 2843 4030 εἰς
2894 3969 3210 4045 ὑψηλότερον
3264 3972 3393 4043 φάος
3447 3978 3541 4023 τοῦ
3588 3966 3853 4043 διωγμοῦ.

2251 4062 2337 4116 Μὴ
2394 4061 2493 4132 γὰρ
2548 4058 2619 4120 εἰς
2670 4058 3019 4111 ἐπισκότωσιν
3099 4056 3412 4132 διηρέθημεν
3463 4057 3553 4112 ἀπ’
3621 4058 3856 4118 ἀλλήλων

2251 4152 2781 4220 πνευματοκινήτως;
2860 4151 2931 4220 μὴ
3000 4150 3102 4220 γὰρ
3173 4148 3255 4200 ἶνα
3325 4151 3621 4221 περιπαθῶς
3678 4152 3855 4213 ζήσω-

2249 4255 2339 4308 μεν
2374 4255 2386 4305 ;
2441 4240 2511 4309 μὴ
2566 4239 2667 4310 γὰρ
2714 4237 2740 4288 6
2782 4239 2901 4297 Θεὸς
2958 4236 3064 4309 οὐχ
3112 4238 3211 4309 ὁρᾴ
3249 4241 3363 4309 Hui
3402 4239 3503 4312 γὰρ
3562 4237 3658 4291 οὐκ
3696 4236 3854 4291 ἀκον-

2252 4328 2374 4377 στόν
2442 4330 2678 4397 γίγνεται
2757 4324 2979 4378 ἑκάστου
3032 4329 3091 4378 τό
3156 4327 3322 4400 ἔργον,
3399 4325 3539 4388 ὅπως
3602 4325 3851 4401 ἀναστρέ-

2174 4448 2221 4504 D
2251 4415 2433 4487 φοισθε
2464 4432 2477 4481 ;

2322 4522 2388 4573 Oi
2433 4524 2554 4584 τούς
2594 4517 2814 4583 δούλους
2859 4523 3087 4594 ἔχοντες,
3121 4528 3289 4575 ταῦτα
3330 4520 3541 4576 ἀκούετε
3571 4539 3584 4552 ·
3618 4525 3667 4575 οἱ
3689 4543 3854 4596 μονο-

2247 4612 2512 4679 κάθιστοι,
2570 4610 2621 4663 οἰ
2674 4614 3116 4684 γυναικιζόμενοι,
3175 4611 3259 4664 ἵνα
3301 4617 3432 4684 μήτι
3476 4609 3627 4665 πλέον
3673 4611 3848 4684 λέγωο

2248 4702 2295 4753 οἱ
2347 4699 2677 4776 φιλάργυροι,
2742 4702 2790 4753 οἱ
2856 4700 3146 4773 φιλόγυροι.
3223 4700 3345 4773 Οὐχ
3399 4700 3525 4754 ἑκὼν
3578 4698 3846 4763 ὀνειδίζω,

2248 4792 2514 4861 σύγγνωτε
2556 4805 2571 4819 ’
2656 4788 2784 4842 ἀλλὰ
2845 4797 3009 4845 πονῶν
3059 4798 3357 4865 κατηγορῶ,
3436 4793 3501 4851 ὡς
3556 4790 3629 4853 εἰς
3689 4798 3848 4845 τοῦτο

480 4878 639 4947 ptete
660 4876 948 4946 gaudium
978 4891 1192 4939 meum,
1221 4874 1356 4943 ﬁlii,
1390 4881 1453 4929 ut
1479 4875 1630 4931 idem
1665 4876 1995 4945 sapiatis“,
2037 4891 2135 4931 ea-

482 4967 620 5021 dem
638 4981 850 5020 norma
869 4964 1211 5032 ambulatis,
1231 4964 1391 5019 bona
1406 4964 1681 5034 exempla
1694 4971 1747 5019 et
1771 4965 2136 5022 documenta

479 5055 541 5110 in
564 5053 797 5109 animas
822 5052 1173 5108 intuentium
1197 5051 1607 5122 imprimentes
1639 5053 1713 5107 ad
1739 5053 1987 5123 gloriam
2007 5054 2127 5121 Dei,

480 5142 558 5199 ad
588 5142 772 5197 decus
806 5148 1070 5197 vestrum
1097 5140 1453 5204 immortale,
1487 5141 1564 5196 ad
1592 5140 1857 5197 laetitiam
1888 5158 2131 5214 quoque

479 5247 681 5289 meam
710 5231 814 5304 qui
856 5236 1134 5303 peccator
1165 5246 1324 5294 sum,
1353 5230 1429 5286 ad
1472 5229 1714 5286 laudem
1748 5230 2129 5287 fraternitatis

481 5325 691 5378 vestrae
723 5321 779 5376 in
816 5320 1043 5376 Christo
1074 5322 1211 5375 Jesu
1254 5318 1507 5376 Domino
1537 5324 1769 5385 nostro;
1803 5319 1897 5375 cui
1941 5320 2127 5390 gloria

2243 4883 2495 4951 κείμενος.
2526 4877 2915 4954 Πληρώσατέ
2952 4898 3072 4952 μου
3102 4883 3213 4937 τὴν
3266 4882 3502 4952 χαρὰν,
3554 4880 3592 4930 ὧ
3625 4880 3844 4949 τέκνα,

2246 4969 2345 5019 ἶνα
2398 4971 2467 5019 τό
2522 4967 2675 5020 αὐτὸ
2729 4974 3027 5043 φρονῆτε,
3064 4976 3133 5039 τῷ
3159 4966 3300 5039 αὐτῷ
3329 4976 3581 5040 στοιχῆτε
3618 4974 3793 5021 κανόνι
3825 4985 3842 5001 ⁸

2243 5054 2417 5127 ἀγαθὰ
2477 5053 2842 5128 ὑποδείγματα
2896 5061 2986 5110 καὶ
3043 5058 3397 5129 ὑπομνήματα
3455 5055 3844 5133 έναποσφραγί-

2244 5147 2411 5208 ζοντες
2466 5152 2576 5207 ταῖς
2626 5145 2831 5219 ψυχαῖς
2895 5155 2995 5199 τῶν
3062 5148 3317 5223 ὁρώντων,
3369 5146 3443 5209 εἰς
3494 5142 3653 5209 δόξαν
3679 5153 3839 5215 Θεοῦ,

2238 5236 2305 5295 εἰς
2382 5234 2525 5297 κλέος
2599 5236 2740 5309 ὑμῶν
2801 5234 3077 5305 ἄσϐεστον,
3138 5235 3209 5297 εἰς
3279 5235 3598 5310 εὐφροσύνην
3664 5233 3839 5309 κᾶμοῦ

2235 5330 2324 5375 τοῦ
2376 5323 2701 5398 ἁμαρτωλοῦ,
2745 5324 2818 5388 εἰς
2878 5326 3081 5379 ἔπαινον
3140 5332 3235 5387 τῆς
3292 5321 3640 5397 ἀδελφότητος
3692 5326 3841 5398 ὑμῶν

558 5535 577 5571 ’³
614 5535 805 5595 lPetr.
838 5550 916 5606 ιν,
952 5538 1033 5606 to,
1074 5539 1151 5589 lt.
1232 5534 1253 5569 ⁸
1286 5574 1299 5590 .
1326 5534 1473 5591 Tim.
1503 5549 1578 5608 v1,
1615 5537 1697 5591 t0.
1776 5536 1797 5569 ο
1826 5534 1845 5587 Ι
1877 5535 2020 5591 Tim.
2055 5552 2106 5601 v,
2138 5540 2227 5594 23.
2304 5538 2351 5573 1°
2379 5541 2423 5594 ll
2448 5539 2577 5596 Cor.
2620 5555 2696 5607 vx,
2722 5541 2776 5596 9.
2856 5540 2898 5577 ¹¹
2937 5539 3189 5616 Philipp.
3218 5557 3277 5617 ιι,
3307 5544 3361 5596 2.
