4036 6276
276 288 421 344 1425

1559 289 2065 349 EPISTOLAHUM
2104 294 2242 350 LIB.
2286 294 2355 350 II.

3491 296 3629 352 1426

270 422 323 476 ἓν
374 428 592 498 Χριστῷ
641 420 821 482 Ἰησοῦ
870 429 942 494 τῷ
992 426 1167 499 Κυρίῳ
1204 424 1349 498 ἡμῶν
1383 442 1396 457 ο
1431 424 1471 496 ᾧ
1515 425 1546 483 ή
1596 420 1730 488 δόξα
1778 445 1833 478 κο

1941 473 1945 482 .
1981 432 2036 484 et
2063 427 2382 501 imperium
2413 444 2549 485 cum
2582 429 2751 487 Patre
2772 434 2829 488 et
2858 430 3078 505 Spiritu
3111 432 3339 497 sancto,
3379 445 3541 487 nunc
3569 428 3647 488 et

272 516 334 566 τὸ
381 515 591 587 κράτος,
642 512 752 585 ἅμα
806 510 879 585 τῷ
938 517 1104 587 Πατρὶ
1155 518 1245 566 καὶ
1297 522 1370 585 τῷ
1415 514 1544 586 ἁγίῳ
1588 517 1866 587 Πνεύματι,

268 609 361 655 νῦν
410 605 502 654 καὶ
559 600 638 655 ἀεὶ
699 605 787 655 καὶ
850 600 920 664 εἰς
1005 605 1128 665 τοὺς
1202 602 1392 665 αἰῶνας
1473 610 1574 656 τῶν
1648 604 1865 658 αἰώνων.

269 690 462 764 Ἀμήν.

376 814 519 870 ΡΛΒ’
547 814 685 888 (28).
724 822 891 889 -Τῇ
932 816 1256 891 ἦγουμένη
1302 818 1509 890 Ἰγνῶν
1552 817 1755 893 [χπζᾘ

1980 532 2218 590 semper
2255 522 2311 575 et
2344 518 2404 573 in
2434 518 2655 576 saecula
2683 520 3071 577 saeculorum.
3104 524 3319 578 Amen.

2262 819 2511 877 CXXXII.
2552 851 2619 861 —
2645 822 2987 892 Prarposita
3024 821 3332 893 Ignarum.

1201 917 1268 967 Ut
1295 917 1813 976 sanctimonialibus,
1849 917 2046 982 quibus
2075 920 2286 981 praeest,
2318 918 2388 967 sit
2420 918 2683 983 exemplo.

339 999 685 1075 Απιδεξάμῆν
720 1007 814 1062 τήν
858 1003 1120 1057 εὐλάϐιιάν
1161 1024 1278 1070 σου,
1319 1002 1511 1080 ἀδελφή
1568 1009 1616 1060 ἓν
1667 1012 1863 1082 Κυρίῳ,

265 1095 349 1144 καὶ
393 1092 469 1164 ῖφ’
520 1092 599 1155 οἷς
651 1089 952 1155 ἀπέστειλας
993 1090 1221 1167 δώροιςο
1262 1100 1352 1148 καὶ
1400 1096 1451 1149 έν
1499 1096 1583 1159 αἷς
1626 1093 1865 1149 διαθέσε-

268 1200 351 1233 σιν
401 1179 784 1253 ὑπολαμϐάνεις
831 1184 896 1235 τὰ
962 1184 1079 1235 καθ’
1136 1184 1297 1257 ἡμᾶς.
1351 1184 1489 1238 Ἀλλ’
1542 1185 1601 1238 οὐ
1656 1192 1861 1238 τοιοῦτο

265 1272 460 1342 ἡμεῖς·
524 1270 573 1323 οἰ
623 1289 681 1341 γε
724 1267 849 1324 οάδι
921 1271 1126 1334 ἑαυτοῖς
1187 1271 1463 1347 ἀρκοῦντες
1519 1273 1567 1326 έν
1620 1273 1855 1345 ἀγαθοῖς,

261 1366 367 1419 πῶς
430 1356 491 1410 ἃν
560 1357 731 1420 ἄλλοις
791 1356 1140 1433 μεταδοίημεν
1197 1359 1538 1435 ἀγαθοειδοῦς
1595 1359 1858 1416 διδασκα-

260 1448 419 1515 liae;
472 1451 673 1502 Γένοιτο
722 1445 782 1502 δε
840 1453 971 1503 κατά
1016 1455 1109 1509 τήν
1185 1456 1362 1505 πίστιν
1422 1471 1517 1505 σου
1569 1454 1855 1527 θεοπρεπῶς

259 1536 642 1603 πολιτεύεσθαι,
702 1540 790 1590 τὸν
838 1540 887 1592 ἓν
954 1541 1203 1613 παρθενίᾳ
1242 1538 1355 1613 βίον
1404 1540 1684 1614 ἀμέμπτως
1738 1537 1854 1593 δια-

257 1626 534 1679 τελοῦσαν’
607 1625 666 1679 οὐ
722 1632 846 1699 μὴν,
908 1626 1034 1681 ἀλλὰ
1087 1634 1179 1682 καὶ
1228 1633 1312 1682 τὸν
1372 1639 1465 1692 τῆς
1522 1634 1852 1705 προστασίας

260 1713 463 1789 βαθμὸν
503 1713 866 1788 ἀκατακρίτως
917 1720 1197 1789 περιέπειν.
1246 1718 1388 1774 Ἰσθι
1424 1722 1525 1791 γὰρ
1571 1722 1635 1779 ὡς
1688 1718 1843 1771 πολύ-

256 1806 444 1877 μισθον
514 1807 573 1857 τό
646 1810 889 1877 πρᾶγμα·
946 1805 1053 1857 ἀλλ’
1131 1803 1218 1859 οὖν
1284 1827 1343 1878 γε
1400 1814 1509 1869 τοῖς
1558 1811 1629 1879 μή
1681 1826 1843 1882 προσι

254 1892 446 1965 έχουσι
469 1898 559 1945 καὶ
588 1890 936 1959 ἐπικίνδυνον,
968 1901 1164 1966 Ψυχῶν
1191 1896 1377 1969 ἄρχειν
1404 1904 1501 1948 τῶν
1529 1898 1643 1948 κατ’
1676 1900 1847 1949 εἰκόνα

254 1985 382 2035 Θεοῦ
461 1986 835 2054 πεποιημένων.
897 1982 987 2046 Ὠς
1045 1980 1132 2035 οὖν
1216 1983 1264 2036 ἐν
1350 1989 1524 2057 Κυρίῳ
1595 1986 1847 2058 ἄρχουσα

252 2071 404 2140 ἡγοῦ,
445 2075 530 2123 καὶ
583 2067 870 2124 κατευοδοῦ
921 2080 1016 2135 τῆς
1070 2077 1292 2145 ποίμνης
1344 2092 1459 2145 σου,
1493 2077 1680 2135 παντὸς
1719 2073 1845 2144 ἀγα-

253 2160 346 2211 θοῦ
392 2161 718 2233 προτύπωμα
756 2160 942 2219 ἑαυτήν
981 2163 1186 2215 τιθεῖσα
1208 2183 1221 2195 ·
1256 2163 1339 2215 ἱνα
1376 2160 1602 2236 ἀξιωθῇς
1645 2163 1801 2215 εἰπεῖν
1826 2182 1838 2195 ο

251 2244 416 2302 Ἰδοὺ
456 2246 594 2319 ἐγὼ,
644 2254 734 2301 καὶ
763 2252 830 2301 τὰ
877 2247 1068 2303 παιδία
1112 2251 1147 2302 ἆ
1182 2271 1291 2324 μοι
1330 2248 1563 2305 ἔδωκεν
1604 2253 1630 2304 ὁ
1670 2256 1838 2314 Θεός.

252 2340 415 2399 Θεὸς
452 2339 554 2412 γὰρ
586 2334 933 2411 παραδέδωκέ
959 2358 1042 2392 σοι
1072 2343 1160 2401 τὰς
1185 2339 1369 2412 ψυχὰς
1409 2337 1482 2394 δι’
1515 2339 1782 2412 ἀποταγῆς
1819 2356 1832 2369 ⁸

247 2429 338 2477 καὶ
374 2428 515 2497 αὐτῷ
563 2422 671 2478 δεῖν
723 2446 780 2479 σε
811 2426 974 2490 αὐτὰς
1002 2428 1265 2503 προσάξαι
1309 2432 1377 2491 ὡς
1408 2432 1594 2483 θυσίαν
1621 2429 1841 2503 εὐπρόσ-

248 2510 458 2566 δεκτον’
510 2516 604 2567 κάν
647 2518 814 2587 τούτῳ
860 2516 1016 2577 πολύς
1065 2536 1159 2570 σου
1200 2519 1227 2570 ό
1272 2520 1463 2590 μισθὸς
1506 2520 1553 2571 ἓν
1602 2518 1840 2592 οὐρανοῖς

245 2603 485 2676 ὑπάρξει.
527 2600 756 2657 Δίδασκε
794 2604 949 2671 αὐτὰ,
1002 2608 1225 2659 νουθέτει
1267 2609 1332 2659 τὰ
1386 2612 1622 2680 σωτήρια
1666 2606 1836 2661 ἐντάλ-

242 2710 405 2763 ματα,
455 2694 629 2745 ποθεῖν
690 2698 842 2765 μόνον
894 2699 1141 2767 Χριστόν,
1202 2693 1331 2747 ἀλλά
1376 2700 1448 2768 μή
1502 2698 1702 2770 σάρκας
1746 2702 1836 2750 καὶ

243 2781 441 2853 αἵματα
468 2802 481 2815 ο
523 2780 851 2854 ἀκτημονεῖν,
902 2782 1029 2835 ἀλλά
1078 2781 1245 2856 μηδὲν
1296 2788 1435 2857 ἔχειν
1487 2782 1783 2844 ἰδιόκτητον
1818 2804 1830 2816 ’

243 2867 621 2943 ἀπροσπαθεῖν,
708 2869 836 2924 ἀλλά
912 2876 984 2944 μή
1074 2869 1419 2946 φιλοῑδιάζειν
1503 2878 1633 2947 πρὸς
1714 2878 1833 2937 τοὺς

241 2956 653 3029 ἀγχιστεύοντας
685 2980 697 2993 ’
780 2962 1203 3035 προθυμοεργείν,
1255 2960 1385 3014 ἀλλά
1458 2968 1529 3035 μή
1604 2963 1832 3036 ὀκνηρῶς

236 3048 379 3118 ἔχειν
424 3050 555 3121 πρὸς
605 3053 692 3107 τήν
743 3050 993 3107 ἄσκησιν.
1038 3050 1133 3105 Ἂν
1163 3053 1264 3126 γὰρ
1314 3051 1495 3116 οὕτως,
1544 3050 1832 3110 ἀπαντήσει

235 3135 471 3199 αὐταίςό
516 3141 731 3210 νυμφίος
773 3142 1003 3211 Χριστός
1053 3159 1239 3212 μικρόν
1286 3141 1500 3214 ὕστερον
1546 3139 1833 3211 λαμπαδη-

233 3228 534 3299 φορούσαις,
586 3232 675 3279 καὶ
725 3210 1157 3286 ἀπαντηθήσεται
1195 3210 1494 3302 περιχαρῶς
1522 3247 1535 3260 ⁸
1599 3210 1831 3283 ἀσπάσε-
1867 3210 1906 3266 C

229 3333 318 3366 ται
371 3319 460 3367 καὶ
510 3314 913 3375 ἀσπασθήσεται
996 3319 1309 3391 ἱεροπρεπῶς
1408 3318 1594 3382 ἀνοίξει
1651 3320 1831 3381 αὐταῖς

230 3406 319 3454 τόν
376 3403 613 3478 οὐράνιον
699 3409 788 3457 καὶ
862 3404 1262 3481 ἀχειρότευκτον
1320 3416 1607 3480 νυμφῶνα·
1665 3405 1823 3461 δώσει

231 3491 418 3555 αὐταῖς
474 3490 745 3566 βασιλείαν
784 3494 1033 3569 οὐρανῶν,
1092 3501 1288 3571 τρυφὴν
1339 3493 1692 3570 παραδείσου,
1732 3502 1829 3550 πό-

228 3599 374 3653 ματα
402 3580 708 3648 ἀθανασίας,
734 3583 1083 3656 γλυκάσματα
1113 3583 1358 3647 ἀειξωίαυς
1384 3602 1396 3614 ·
1433 3582 1639 3639 ἓνδύσει
1670 3586 1827 3648 αὐτὰς

230 3668 592 3744 περιϐλήματα
633 3669 908 3744 φωτοειδῆ,
937 3678 1197 3744 κοσμήσει
1240 3678 1460 3747 κόσμοις
1508 3673 1822 3748 ἀφθαρσίας,

229 3767 654 3830 νυμφαγωγικοῖς
699 3756 1031 3832 διαδήμασιν
1071 3778 1083 3790 ·
1142 3760 1393 3834 ἕμπλήσει
1446 3771 1543 3815 τῶν
1602 3762 1822 3837 ἀπείρων

230 3844 458 3917 ἀγαθῶν,
513 3848 582 3910 εἰς
639 3849 825 3911 αἰῶνας
876 3850 1096 3905 αἰώνων.
1148 3854 1241 3904 Διά
1278 3859 1442 3905 ταῦτα
1488 3856 1575 3906 καὶ
1632 3856 1697 3905 σὺ
1731 3852 1820 3905 κά-

225 3950 391 3997 κεῖναι
438 3947 752 4017 μοχθήσατε
786 3963 799 3976 ·
844 3943 1067 4010 διώξατε
1117 3946 1179 4021 [ἰ.
1242 3947 1595 4021 ἕμοχθήσατε]
1651 3951 1821 4023 ἡμέρᾳ

224 4037 313 4086 καὶ
344 4035 513 4108 ἡμέρᾳ
542 4037 958 4110 κατεργάζεσθαι
989 4042 1082 4096 τήν
1121 4037 1313 4090 ἑαυτῶν
1356 4044 1618 4113 σωτηρίαν
1645 4054 1658 4067 ⁸
1699 4038 1816 4091 ἀνα-

221 4120 425 4194 ψύχετε
460 4131 570 4185 ταῖς
609 4124 782 4178 ελπίσι
816 4142 827 4155 ’
873 4125 1110 4180 σϐέννυτε
1161 4131 1216 4180 τὸ
1270 4131 1665 4201 ἓπεισαγόμενον
1714 4136 1814 4201 πῦρ

222 4213 368 4283 παρά
411 4220 501 4264 τοῦ
533 4214 728 4286 ἰχθροῦ
768 4212 817 4266 έν
847 4214 1075 4287 ψυχαῖς,
1116 4225 1188 4286 τῷ
1240 4218 1357 4288 θείῳ
1395 4220 1547 4289 ἔρωτι
1579 4237 1591 4249 ·
1639 4219 1715 4270 ὅτι
1746 4218 1806 4270 ἂν

223 4298 345 4352 ﬂio
376 4298 605 4372 έπαχθὶς
620 4311 715 4365 τῆς
744 4304 1039 4366 άσκήσεως.
1068 4312 1191 4366 Ταῖς
1220 4305 1509 4377 ἀναλήψεσι
1540 4315 1639 4358 τῶν
1667 4309 1812 4360 θείων

224 4386 641 4462 ἀναγνωσμάτων
734 4411 788 4445 τε
867 4398 956 4446 καὶ
1054 4393 1299 4466 ᾀσμάτων
1398 4398 1809 4469 παραμυθεῖσθε,

221 4488 664 4555 περιφρουροῦσαι
720 4486 811 4535 καὶ
865 4486 923 4535 τὸ
986 4482 1328 4543 ἀκοινώνητον
1372 4493 1465 4548 τῆς
1520 4488 1807 4557 αἱρέσεως·

220 4567 314 4620 κάν
355 4565 446 4642 δέη
501 4571 627 4644 ὑπερ
678 4574 838 4624 αὐτοῦ
886 4574 1068 4625 παθεῖν
1106 4593 1157 4625 τι
1207 4578 1372 4646 μέχρι
1414 4579 1503 4627 καὶ
1538 4576 1759 4628 θανάτου
1792 4597 1805 4611 ο

219 4654 476 4729 μηδαμῶς
527 4664 801 4731 προέμεναι
855 4665 950 4720 τήν
1013 4667 1215 4718 πίστιν,
1281 4671 1388 4723 Τῆς
1445 4666 1546 4739 γὰρ
1606 4663 1810 4735 ἀγάπης

219 4753 453 4819 Χριστοῦ
510 4744 661 4799 οὐδε-δ
718 4755 1082 4825 προτιμότερον
1112 4768 1124 4781 ·
1194 4754 1367 4815 καθὼς
1424 4750 1699 4818 ἀπέδειξαν
1754 4759 1810 4810 αἱ

219 4832 305 4886 ἀπ’
352 4833 534 4897 αἰῶνος
591 4838 836 4908 παρθένοι
889 4842 1053 4913 μέχρι
1128 4847 1220 4892 τοῦ
1273 4837 1456 4916 δεῦρο·
1524 4841 1806 4921 ἐπειδήπερ

216 4922 320 4975 εἰσὶ
371 4928 455 4975 καὶ
508 4930 596 4975 νῦν
646 4921 979 4997 διωκόμεναι,
1028 4932 1115 4981 καὶ
1167 4937 1265 4981 τῶν
1318 4939 1484 5002 μονῶν
1536 4930 1807 4995 ἓξωθεῖσαι

216 5007 308 5064 διὰ
364 5015 615 5086 Χριστὸν,
670 5014 699 5073 ἦ
756 5024 1043 5087 μετασχεῖν
1119 5025 1209 5070 τοῦ
1283 5022 1547 5093 αἱρετικου
1622 5023 1803 5095 ἄρτου.

213 5107 389 5155 Ταῦτα
431 5103 496 5162 ὡς
536 5103 673 5153 κατά
721 5106 953 5176 Χριστόν
993 5100 1187 5179 ἀδελφῇ
1232 5111 1363 5181 οὔσῃ
1424 5117 1515 5161 καὶ
1564 5112 1802 5185 θυγατρὶ,

1844 4557 1887 4611 D

209 5200 448 5273 γέγραφά
496 5218 581 5253 σοι
626 5204 717 5254 καὶ
770 5208 885 5265 ταῖς
950 5206 1082 5276 μετά
1137 5209 1241 5259 σέ·
1302 5210 1369 5269 ὡς
1406 5206 1467 5260 ἃν
1510 5204 1650 5271 ἴδοις
1723 5212 1804 5263 ὅτι

282 5349 325 5384 ¹²
353 5349 463 5406 Isa.
497 5364 617 5417 vm,
654 5350 738 5408 l8.

2045 1025 2324 1083 Pietatem
2355 1030 2515 1082 tuam
2550 1026 2788 1083 laudavi
2820 1042 2891 1084 ac
2916 1028 3192 1100 probavi,
3223 1043 3393 1084 soror
3419 1028 3481 1084 in
3512 1030 3622 1085 Do-

1973 1116 2157 1181 mino,
2194 1120 2318 1171 tum
2351 1114 2411 1171 in
2458 1115 2529 1171 iis
2586 1116 2761 1172 donis
2810 1134 2945 1190 quae
2994 1118 3225 1184 misisti,
3251 1124 3378 1175 tum
3430 1119 3491 1174 in
3546 1134 3619 1175 eo

1969 1203 2181 1260 aﬁectu
2206 1220 2327 1277 quo
2367 1211 2573 1261 n03tra
2616 1205 2859 1278 accipis.
2887 1206 3039 1263 Nihil
3081 1206 3273 1263 simile
3323 1211 3523 1263 autem
3554 1207 3615 1264 in

1967 1293 2143 1349 nobis
2163 1298 2271 1361 est,
2294 1294 2399 1365 qui
2426 1309 2565 1349 cum
2592 1309 2700 1350 nec
2727 1294 2870 1350 satis
2899 1295 3016 1367 ipsi
3047 1294 3318 1352 instructi
3346 1311 3382 1352 a
3401 1295 3617 1352 virtute

1965 1381 2175 1447 simus,
2199 1383 2508 1454 quomodo
2538 1382 2668 1439 aliis
2697 1382 3027 1440 doctrinam
3063 1384 3288 1441 virtutis
3319 1383 3614 1456 impertie-

1964 1487 2100 1527 mus
2119 1471 2146 1526 ?
2165 1471 2397 1528 Utinam
2419 1476 2620 1528 autem
2646 1473 2978 1529 secundum
3005 1473 3186 1530 ﬁdem
3208 1479 3373 1531 tuam
3406 1473 3615 1530 divino

1962 1577 2127 1617 more
2158 1561 2546 1624 conversaris,
2580 1562 2884 1634 vitamque
2910 1563 2970 1618 in
2992 1564 3325 1634 virginitate
3356 1578 3612 1635 peragas

1960 1649 2262 1721 inculpate
2287 1667 2300 1706 :
2334 1656 2513 1721 atque
2544 1650 2695 1706 adeo
2725 1651 3094 1723 praefecturae
3124 1668 3367 1725 quoque
3392 1667 3612 1708 munus

1960 1739 2085 1794 sine
2114 1738 2577 1810 reprehensione
2598 1741 2815 1796 obeas!
2843 1742 2965 1797 Scis
2986 1742 3146 1797 enim
3170 1757 3295 1797 rem
3322 1757 3451 1797 esse
3471 1757 3611 1797 cum

1878 1865 1922 1920 Β
1957 1827 2184 1897 ingenti
2201 1829 2473 1885 mercede
2495 1830 2902 1900 conjunctam,
2922 1830 3025 1886 sed
3053 1836 3109 1886 et
3127 1829 3197 1885 iis
3223 1830 3617 1909 quisuntmi-p

1957 1933 2069 1972 nus
2084 1919 2266 1985 cauti,
2285 1918 2527 1989 periculi
2550 1917 2813 1990 plenam,
2835 1934 3053 1990 praesse
3069 1919 3287 1976 animis
3308 1918 3387 1976 ad
3402 1919 3608 1975 simili-

1955 2006 2225 2063 tudinem
2254 2006 2347 2064 Dei
2378 2007 2651 2063 conditis.
2688 2008 2891 2082 Itaque
2923 2012 3215 2080 tanquam
3253 2008 3315 2064 in
3348 2009 3601 2065 Domino

1950 2096 2313 2153 moderatrix
2340 2101 2613 2168 praesto,
2644 2102 2701 2152 et
2729 2112 2970 2167 gregem
3003 2102 3171 2152 tuum
3200 2096 3442 2153 feliciter
3470 2112 3609 2168 rege

1952 2186 2204 2257 teipsam
2235 2186 2431 2241 omnis
2462 2185 2604 2241 boni
2651 2184 2911 2255 efﬁgiem
2943 2185 3217 2257 praebens
3250 2204 3264 2255 ;
3307 2190 3369 2242 ut
3398 2186 3594 2259 possis

1951 2274 2178 2329 dicere:
2201 2274 2354 2332 Ecce
2365 2290 2469 2345 ego
2491 2279 2549 2329 et
2570 2274 2803 2346 puellm,
2826 2291 2976 2346 quas
3001 2274 3158 2332 dedit
3182 2275 3332 2332 mihi
3352 2276 3508 2333 Deus
3529 2277 3599 2331 η.

1949 2363 2382 2420 Tradiditeuim
2399 2363 2504 2419 tibi
2518 2365 2754 2421 animas
2769 2364 2926 2421 Deus
2940 2381 3045 2438 per
3056 2365 3559 2423 renuntiationem
3580 2381 3594 2421 :

1952 2457 2131 2523 atque
2151 2453 2228 2509 ad
2267 2453 2472 2524 ipsum
2501 2453 2721 2510 adduci
2749 2458 2860 2510 ate
2888 2454 2999 2512 has
3025 2459 3276 2528 oportet,
3309 2459 3602 2528 tanquam

1948 2540 2207 2598 hostiam
2243 2548 2553 2614 acceptam
2583 2559 2595 2597 :
2628 2559 2886 2616 eamque
2916 2543 2996 2600 ob
3035 2560 3162 2601 rem
3204 2544 3471 2601 maxima
3503 2544 3602 2602 tibi

1949 2645 2177 2687 merces
2208 2631 2268 2687 in
2294 2631 2459 2688 caelis
2489 2631 2615 2687 erit.
2652 2634 2767 2688 Has
2804 2632 2978 2699 doce,
3010 2632 3294 2691 salutaria
3323 2632 3416 2689 his
3447 2650 3602 2707 prta-

1946 2725 2118 2792 cepta
2144 2720 2369 2790 ingere,
2399 2736 2588 2776 unum
2621 2737 2825 2778 amare
2855 2721 3176 2788 Christum,
3208 2738 3329 2778 non
3352 2738 3597 2779 carnem

1944 2815 2001 2864 et
2025 2808 2403 2879 sanguinem,
2432 2810 2676 2881 inopem
2703 2810 2890 2866 vitam
2922 2811 3161 2876 ducere,
3195 2810 3341 2867 nihil
3371 2810 3594 2869 habere

1942 2898 2245 2966 privatim,
2266 2897 2429 2953 nulla
2442 2896 2659 2953 aﬁ‘ectu
2676 2900 2880 2965 teneri,
2906 2915 3014 2955 nec
3034 2899 3406 2972 propinquos
3419 2916 3596 2973 pecu-

1941 2986 2164 3043 liariter
2202 2986 2445 3057 diligere
2477 3006 2489 3043 :
2525 2986 2753 3044 alacres
2784 2988 3064 3045 exhibere
3096 3004 3179 3054 se,
3230 3004 3339 3045 nec
3369 3006 3501 3047 esse
3530 2990 3589 3047 in

1941 3076 2206 3133 instituto
2254 3077 2585 3133 monastico
2636 3092 2871 3147 segnes.
2903 3081 3053 3135 Nam
3093 3078 3141 3133 si
3188 3078 3270 3136 ita
3311 3078 3407 3146 sit,
3449 3079 3593 3149 ipsis

1942 3182 2085 3221 suas
2113 3166 2427 3237 lampades
2449 3165 2790 3236 gerentibus
2808 3167 2988 3239 paulo
3007 3175 3139 3240 post
3155 3183 3412 3239 sponsus
3434 3167 3589 3224 Chri-

1941 3260 2063 3312 stus
2077 3258 2365 3319 occurret,
2380 3258 2437 3309 et
2452 3254 2778 3325 excipietur
2790 3254 2947 3310 idem
2976 3272 3111 3312 cum
3128 3255 3372 3325 gaudio,
3387 3272 3590 3314 sacros

1937 3343 2205 3399 vicissim
2217 3343 2546 3415 accipietac
2559 3343 2766 3399 reddet
2779 3344 3111 3416 amplexus,
3127 3344 3422 3401 cmlestem
3438 3346 3587 3418 ipsis

1938 3447 2047 3488 nec
2066 3431 2479 3489 manufactum
2506 3432 2841 3487 thalamum
2868 3435 3110 3504 aperiet,
3130 3432 3381 3490 donabit
3400 3435 3484 3490 eis
3502 3451 3588 3491 re-

1936 3535 2122 3591 gnum
2145 3521 2450 3586 cmlerum,
2480 3521 2746 3593 paradisi
2774 3520 3160 3594 voluptatem,
3180 3523 3452 3594 potiones
3479 3524 3586 3580 im-

1936 3610 2332 3676 mortalitatis,
2371 3611 2725 3666 suavitatem
2755 3611 2886 3666 vitm
2934 3612 3309 3682 sempiternae
3340 3628 3353 3667 :
3380 3611 3585 3669 induet

1932 3714 2037 3754 eas
2056 3699 2280 3755 amictu
2305 3698 2524 3763 lucido,
2549 3698 3008 3769 incorruptionis
3025 3700 3234 3756 decore
3252 3700 3583 3767 exornabit,

1932 3787 2196 3860 sponsali
2222 3787 2564 3844 diademate
2599 3804 2612 3854 ;
2646 3786 2974 3843 innumeris
3000 3787 3168 3843 bonis
3194 3788 3253 3843 in
3278 3789 3583 3861 sempiter-

1929 3892 2076 3933 num
2124 3893 2322 3933 aevum
2371 3876 2722 3933 cumulabit.
2756 3878 2997 3948 Propter
3043 3876 3171 3933 haec
3202 3884 3257 3933 et
3287 3881 3348 3933 tu
3379 3884 3437 3933 et
3466 3878 3579 3935 illa:

1926 3981 2228 4022 aerumnas
2245 3965 2562 4037 pertulistis
2582 3986 2595 4022 :
2614 3980 2834 4035 magno
2849 3965 3046 4020 studio
3062 3966 3328 4038 quotidie
3354 3966 3579 4022 eniten-

1926 4059 2013 4111 tes
2028 4053 2350 4112 utsalutem
2367 4059 2623 4111 vestram
2636 4055 3208 4127 operaremini.Spes
3224 4071 3327 4111 vos
3340 4055 3433 4111 illa
3446 4055 3578 4111 reﬁ-

1924 4144 2038 4201 ciat
2052 4160 2121 4200 ac
2141 4149 2380 4200 recreet.
2404 4143 2715 4200 lnductum
2747 4144 2805 4199 in
2824 4143 3060 4201 animos
3082 4144 3159 4199 ab
3182 4144 3351 4200 hoste
3373 4144 3574 4214 ignem

1923 4232 2127 4288 divino
2140 4248 2345 4288 amore
2360 4232 2693 4301 exstiguite.
2713 4231 2883 4298 Quod
2913 4232 2961 4287 si
2984 4232 3129 4304 quid
3144 4231 3305 4288 aliud
3323 4232 3381 4287 in
3395 4232 3575 4289 disci-

1922 4322 2086 4394 plina
2101 4338 2282 4390 grave
2297 4326 2384 4377 est
2396 4336 2465 4377 ac
2480 4320 2796 4377 molestum
2808 4363 2821 4387 ,
2840 4320 2900 4377 id
2926 4321 3175 4378 lectione
3189 4337 3359 4378 sacra
3372 4337 3576 4394 arrep-

1922 4411 2355 4484 tahymnisque
2367 4410 2980 4467 decantandisleniter
2992 4427 3060 4467 ac
3074 4410 3569 4482 mitigate,abhaa-

1921 4501 2102 4557 retica
2132 4500 2557 4556 communione
2578 4499 2790 4555 sedulo
2803 4505 3111 4556 caventes:
3139 4499 3230 4556 vel
3260 4500 3307 4555 si
3330 4515 3570 4556 necesse

1920 4589 1996 4646 sit
2023 4590 2205 4661 hujus
2240 4590 2323 4645 rei
2365 4605 2551 4645 causa
2585 4605 2775 4662 usque
2816 4590 2894 4645 ad
2926 4595 3175 4645 mortem
3208 4588 3353 4661 pati,
3404 4589 3567 4647 nullo

1920 4683 2096 4752 pacto
2116 4678 2466 4751 abjicientes
2491 4678 2695 4734 ﬁdem.
2711 4678 2862 4735 Nihil
2882 4678 3041 4734 enim
3064 4678 3461 4751 praestabilius
3480 4683 3568 4735 est

1919 4768 2131 4824 Christi
2160 4766 2448 4824 charitate
2475 4785 2489 4823 :
2526 4768 3042 4839 quemadmodum
3068 4784 3188 4840 praa
3216 4783 3279 4823 se
3310 4768 3568 4824 tulerunt

1916 4856 2308 4914 abomniaevo
2332 4856 2590 4928 virgines
2612 4873 2806 4931 usque
2831 4857 2907 4912 ad
2921 4856 3568 4922 huncdiem.Quando-

1915 4946 2162 5018 quidem
2188 4961 2346 5001 nunc
2364 4961 2606 5018 quoque
2635 4951 2772 5002 sunt
2792 4962 2928 5019 qua;
2955 4951 3263 5011 vexantur,
3295 4951 3473 5018 atque
3491 4961 3562 5001 ex

1916 5034 2292 5091 monasteriis
2313 5040 2554 5107 propter
2573 5036 2867 5091 Christum
2898 5041 3150 5091 extrusae
3173 5040 3333 5102 sunt,
3353 5051 3426 5092 ne
3444 5035 3563 5091 hae-

1914 5122 2163 5179 reticum
2186 5138 2409 5194 panem
2430 5123 2870 5196 participarent,
2896 5127 3025 5180 Haec
3046 5124 3146 5180 tibi
3163 5131 3451 5196 tanquam
3470 5140 3560 5180 so-

1914 5212 2031 5268 rori
2080 5212 2140 5267 in
2171 5212 2394 5269 Christo
2425 5228 2497 5270 ac
2526 5212 2661 5269 ﬁlim
2701 5212 2936 5284 scripsi,
2979 5218 3035 5268 et
3059 5213 3131 5269 iis
3178 5228 3318 5286 qua:
3360 5218 3558 5270 tecum

1771 5459 1994 5516 NO'UE.

280 5570 393 5642 (80)
424 5573 487 5629 In
526 5573 658 5630 cod.
689 5576 827 5647 Reg.
854 5576 1000 5651 ppC’.
