4036 6276
469 244 605 340 1427

1723 282 1782 339 S.
1822 284 1909 339 ΤΗ
1921 281 2182 339 EODORI
2222 280 2350 337 STU
2364 280 2548 337 [ΠΤΑΞ

3680 276 3833 333 1428

467 413 608 466 sunt
634 429 646 466 :
680 413 744 466 ut
771 408 1064 481 intelligas
1089 412 1144 464 et
1172 424 1555 464 communem
1574 407 1745 464 nobis
1772 406 2111 463 Dominum-

2225 410 2392 467 κοινός
2438 404 2579 458 ἐστιν
2632 407 2659 459 6
2705 410 2973 469 Δεσπότης
3024 405 3324 480 ἀμφοτέρων
3370 406 3516 477 ἡμῶν
3545 424 3559 438 ⁸
3613 407 3709 456 καὶ
3753 403 3837 465 ὡς

465 500 999 565 ambobusesse,et
1025 503 1318 572 quantum
1339 513 1553 554 omnes
1582 513 1712 553 esse
1742 496 1941 553 salvos
1955 501 2115 568 opte-

462 605 619 653 mus,
634 590 858 661 quippe
870 588 975 660 qui
988 589 1104 643 sint
1118 587 1294 642 unius
1315 586 1585 658 corporis
1601 586 1833 652 Christi,
1850 592 2027 658 atque
2042 601 2110 641 ex

464 693 534 733 eo
549 677 1022 733 fratresinvicem
1038 676 1342 747 appellati.
1359 679 1505 732 Nam
1519 676 1577 731 in
1599 675 1977 732 ChristoJesu
1993 690 2112 730 non

461 772 543 823 est
570 766 865 823 masculus
877 781 1063 839 neque
1078 765 1435 835 femina,sed
1450 765 1649 821 omnia
1669 772 1725 822 et
1749 766 1812 820 in
1840 763 2111 819 omnibus

465 855 740 913 Christus
770 857 838 921 ¹²,
871 855 973 927 qni
1003 861 1058 910 et
1089 870 1192 911 vos
1225 860 1281 911 et
1306 870 1417 910 nos
1448 860 1642 910 servet
1674 852 2031 910 incolumes.

463 978 739 1036 CXXXIII.
768 1010 835 1020 —
854 977 1146 1049 Ephraim
1173 984 1226 1034 et
1246 977 1553 1049 Agathom’
1580 976 1922 1049 ueterisque
1940 975 2106 1045 ﬁliis.

2222 494 2463 567 φιλοῦμεν
2500 497 2694 558 πάντας
2748 497 3015 558 σώζεσθαι
3044 512 3059 528 ⁸
3094 498 3164 557 ὡς
3219 496 3327 558 ἑνός
3378 498 3516 557 ὄντες
3576 499 3834 565 σώματος

2223 591 2476 657 Χριστοῦ,
2528 589 2618 637 καὶ
2673 584 2761 638 ἀπ’
2801 586 2963 639 αὐτοῦ
3017 582 3228 658 ἀδελφοὶ
3272 583 3502 643 ἀλλήλων
3548 585 3834 656 χρηματί-

2220 672 2435 735 ζοντες’
2488 677 2539 725 ὲν
2590 676 2690 749 γὰρ
2744 682 2961 750 Χριστῷ
3001 674 3201 739 Ἰησοῦ,
3235 676 3378 726 οῦτε
3416 673 3831 747 ἄρσεν,νοῦτε

2222 762 2398 829 θῆλυ,
2439 761 2593 815 ἀλλὰ
2630 765 2845 817 πάντα
2881 768 2989 818 καὶ
3028 770 3163 818 πᾶσι
3209 764 3464 838 Χριστὸς,
3501 759 3555 823 ὃς
3608 755 3828 813 διασώ-

2222 869 2323 905 σειε
2352 855 2442 904 καὶ
2471 852 2608 925 ὑμᾶς
2636 857 2725 906 καὶ
2760 855 2919 926 ἡμᾶς.

2217 976 2382 1031 PAF’.
2414 978 2803 1057 -⁹Εφραῖμ,
2843 983 2951 1032 καὶ
2989 978 3335 1050 Ἀγάθωνι,
3374 978 3658 1037 καὶτοῖς
3694 973 3832 1027 λοε-

2667 1088 2816 1132 ποις
2852 1071 3124 1131 τίκνοις.

1671 1174 1730 1222 In
1756 1172 1962 1223 obitum
1993 1172 2266 1223 Laurentii
2295 1175 2592 1238 praspositi.

533 1262 706 1332 Quod
725 1264 938 1321 beatus
958 1263 1311 1321 Laurentius
1333 1263 1493 1320 diem
1515 1263 1679 1330 obiit,
1707 1278 1866 1318 mors
1877 1261 1958 1318 illi
1979 1262 2108 1334 qui-

460 1353 601 1410 dem
626 1370 733 1425 pro
759 1354 961 1426 requie
979 1358 1097 1410 est:
1119 1370 1257 1410 nam
1277 1355 1379 1426 qui
1398 1354 1718 1426 possitnon
1746 1353 1825 1409 ita
1842 1367 1967 1407 esse
1985 1351 2111 1407 viro

460 1442 623 1499 bono
650 1453 677 1501 ?
700 1442 869 1498 Illum
902 1444 962 1499 in
986 1442 1168 1515 hujus
1199 1444 1329 1498 vitae
1350 1458 1595 1513 egressu
1628 1442 1798 1514 quies
1831 1457 1867 1496 a
1898 1457 2112 1496 mona-

462 1532 621 1587 sticae
659 1531 989 1595 laboribus,
1022 1533 1110 1588 vel
1163 1532 1361 1604 potius
1414 1549 1449 1588 a
1502 1532 1817 1587 vexatione
1868 1536 2111 1603 propter

457 1620 749 1692 justitiam
768 1621 1041 1694 excipiet,
1064 1621 1421 1692 migrantem
1438 1621 1515 1677 ad
1544 1620 1862 1675 Dominum
1895 1635 1907 1674 :
1938 1619 2108 1690 cujus

462 1709 742 1765 virtutum
769 1714 940 1766 testes
965 1710 1417 1781 quamplurimi.
1443 1709 1624 1765 Vobis
1649 1715 1871 1778 autem,
1900 1707 2109 1764 fratres

460 1799 1182 1863 reverendissimi,deinde
1195 1806 1245 1855 et
1264 1799 1436 1854 nobis
1450 1798 1801 1863 humilibus,
1816 1798 1979 1854 triste
1994 1798 2109 1854 hoc
2140 1788 2185 1845 Β

461 1892 518 1942 et
535 1886 819 1942 acerbum
844 1886 1076 1953 accidit,
1101 1887 1204 1958 qui
1222 1887 1545 1958 probatum
1570 1886 1937 1941 monachum
1962 1886 2108 1940 ami-

464 1975 671 2044 simus,
698 1975 1091 2032 reverendum
1124 1975 1385 2043 fratrem,
1420 1976 1809 2032 constitutum
1838 1979 1905 2029 ut
1928 1978 2110 2046 caput

462 2069 615 2122 esset
642 2080 711 2121 ac
751 2064 1070 2135 spiritualis
1121 2064 1228 2121 vim
1276 2064 1419 2120 dux.
1466 2064 1586 2121 Sed
1637 2064 1870 2120 tristitia
1905 2068 2109 2120 tamen

465 2153 732 2225 utrisque
765 2169 943 2209 versa
976 2158 1065 2210 est
1102 2154 1159 2209 in
1211 2154 1522 2224 gaudium,
1557 2153 1720 2226 quod
1760 2153 1980 2209 electus
2009 2151 2111 2208 Dei

459 2248 669 2314 raptus
695 2248 782 2298 est
810 2258 846 2298 a
884 2241 1083 2308 nobis,
1112 2241 1318 2314 optimi
1350 2242 1446 2298 Dei
1468 2243 1665 2314 jussu,
1710 2242 1769 2297 in
1802 2242 2111 2297 sanctitate

462 2330 770 2402 etjustitia.
802 2331 1177 2402 Quapropter
1202 2336 1257 2386 et
1282 2345 1394 2401 ego
1415 2330 1658 2387 humilis
1691 2330 1947 2401 gaudeo,
1980 2345 2112 2400 gra-

460 2418 737 2491 tulorque
766 2419 939 2476 vobis
978 2420 1144 2492 quod
1184 2420 1296 2475 tale
1327 2437 1435 2476 vas
1470 2420 1547 2476 ad
1589 2421 1773 2475 Deum
1813 2419 2110 2491 praemisi-

462 2525 595 2565 mus
628 2527 642 2569 :
678 2524 886 2565 revera
922 2509 1083 2565 enim
1119 2525 1225 2564 vas
1264 2509 1567 2565 electionis
1601 2509 1951 2565 Laurentius
1980 2507 2109 2573 fuit,

466 2597 727 2670 primum
759 2597 1004 2670 quidem
1038 2598 1271 2653 sincera
1298 2599 1732 2654 renuntiatione
1772 2602 1947 2670 atque
1975 2596 2111 2653 obe-

462 2685 705 2757 dientia,
738 2686 951 2742 deinde
992 2686 1189 2742 studio
1219 2703 1659 2759 progressuque
1692 2688 1997 2753 virtutum,
2032 2686 2112 2742 ob

464 2791 620 2848 quas
639 2780 694 2831 et
719 2775 1046 2831 sacerdotio
1068 2775 1288 2847 dignus
1310 2776 1667 2843 esthabitus,
1695 2792 1764 2832 ac
1782 2776 2110 2832 multorum

462 2863 711 2921 fratrum
745 2863 1159 2935 praefecturam
1181 2866 1459 2937 suscepit,
1483 2865 1591 2921 hos
1614 2865 1871 2936 benigne
1895 2879 2110 2935 regens

467 2953 624 3010 utilis
666 2954 852 3024 gregi,
886 2953 1006 3009 Deo
1037 2954 1243 3009 vivens
1274 2970 1480 3010 revera
1509 2970 1579 3010 ac
1623 2954 1945 3026 praeposito
1980 2970 2106 3025 suo,

462 3057 585 3099 non
614 3045 862 3109 mundo,
892 3058 998 3097 nec
1018 3043 1225 3098 mundi
1246 3043 1497 3113 negotiis
1524 3043 1728 3115 :cujus
1751 3048 1809 3099 et
1836 3048 1979 3099 nota
2008 3059 2113 3099 ex-

2286 1262 2407 1316 Ὀτι
2471 1263 2725 1338 ἐκοιμήθη
2812 1267 2837 1318 ό
2891 1266 3146 1338 μακάριός
3234 1265 3566 1336 Λαυρέντιος,
3641 1257 3830 1331 ἆκείνῳ

2219 1354 2309 1425 μεν
2362 1352 2655 1416 ἀνάπαυσις
2711 1356 2737 1407 6
2794 1356 3056 1416 θάνατος’
3114 1348 3270 1426 ἀνδρὶ
3316 1354 3418 1426 γὰρ
3472 1348 3653 1422 ἀγαθῷ
3709 1355 3831 1409 πῶς

2219 1446 2347 1513 οὐχὶ
2377 1450 2529 1496 τοῦτο
2561 1443 2939 1510 ἀπαντήσεται,
2984 1443 3084 1496 ἀπὸ
3116 1446 3288 1495 κόπων
3315 1440 3613 1499 ἀσκητικῶν
3662 1457 3830 1511 μετοι-

2218 1530 2365 1584 ϐάντι
2395 1539 2485 1585 τοῦ
2515 1531 2652 1605 βίου,
2696 1533 2890 1606 μᾶλλον
2927 1529 2987 1587 δὲ
3018 1532 3119 1585 ἀπὸ
3160 1538 3253 1585 τοῦ
3282 1532 3421 1583 κατά
3471 1526 3827 1586 δικαιοσύνην

2218 1617 2458 1693 διωγμοῦ
2505 1619 2865 1695 ἕνδημήσαντι
2913 1625 3041 1697 πρὸς
3100 1624 3325 1697 Κύριον·
3381 1619 3443 1672 οὗ
3494 1626 3596 1671 τῶν
3625 1616 3826 1690 ἀρετῶν

2215 1713 2475 1783 μάρτυρες
2495 1711 2671 1765 πολλοί
2690 1712 2864 1784 ;’Υμῖν
2888 1708 2948 1765 δέ
2981 1710 3192 1776 συνέϐη,
3230 1707 3443 1782 ἀδελφοί
3483 1713 3823 1779 τιμιώτατοι,

2217 1802 2324 1852 ἐπεὶ
2354 1805 2443 1853 καὶ
2489 1802 2614 1873 ἡμῖν
2672 1808 2781 1863 τοῖς
2837 1807 3098 1862 ταπεινοῖς
3126 1804 3185 1852 τό
3237 1798 3490 1871 λυπηρὸν,
3528 1795 3826 1850 ἀπολέσασι

2218 1886 2436 1962 δόκιμον
2506 1895 2791 1962 μοναστὴν,
2874 1895 3044 1962 τίμιον
3121 1886 3359 1961 ἀδελφὸν,
3443 1886 3514 1948 εἰς
3598 1884 3826 1957 κεφαλήν

2216 1980 2593 2051 καθιστάμενον
2635 1986 2730 2041 τῆς
2783 1982 2916 2031 κατὰ
2968 1978 3155 2051 ψυχὴν
3208 1975 3452 2049 ὁδηγίας.
3506 1974 3638 2029 Ἀλλ’
3676 1976 3822 2045 ὅμως

2215 2071 2271 2120 τὸ
2318 2067 2551 2140 λυπηρὸν
2582 2068 2652 2131 εἰς
2682 2070 2858 2141 χαρὰν
2921 2067 3229 2142 ἀμφοτέροις
3288 2068 3628 2139 περιετράπη,
3676 2060 3823 2116 διότι

2217 2155 2444 2217 ἐκλεκτός
2475 2164 2608 2211 Θεοῦ
2660 2158 2686 2210 6
2744 2156 3034 2229 ἁρπασθεὶς
3076 2154 3162 2229 ἀφ’
3201 2158 3346 2227 ἡμῶν
3394 2154 3624 2208 κελεύσει
3679 2159 3823 2206 Θεοῦ

2217 2252 2309 2298 τοῦ
2362 2244 2581 2318 ἀγαθοῦ,
2615 2249 2663 2300 ἓν
2715 2248 2958 2305 ὁσιότητι
2991 2251 3081 2298 καὶ
3126 2242 3462 2317 δικαιοσύνῃ.
3505 2241 3761 2314 Διὸκάγὼ
3791 2243 3820 2294 ό

2218 2337 2456 2396 ταπεινὸς
2504 2341 2683 2408 χαίρω
2744 2354 2835 2388 και
2886 2339 3169 2409 συγχαίρω
3222 2336 3366 2407 ύμῖν,
3416 2335 3498 2386 ὅτι
3552 2336 3820 2403 παρεπίμο

2217 2422 2387 2496 φαμεν
2454 2427 2578 2497 πρὸς
2628 2428 2714 2477 τόν
2768 2426 2889 2478 Θεὸν
2941 2424 3245 2483 τηλικοῦτον
3310 2430 3509 2485 σκεῦος.
3566 2421 3823 2493 Ἐκλογῆς

2216 2514 2317 2586 γάρ
2362 2520 2539 2573 σκεῦος
2581 2516 2650 2575 ὡς
2708 2513 2907 2574 ἀληθῶς
2952 2518 3285 2587 Λαυρεντιος,
3333 2520 3537 2586 πρῶτον
3583 2514 3673 2582 μεν
3721 2507 3823 2563 διὰ

2221 2608 2313 2663 τῆς
2342 2598 2604 2672 ἀψευδοῦς
2634 2601 2907 2674 ἀποταγῆς
2942 2607 3031 2654 καὶ
3084 2604 3345 2674 ὑποταγῆς
3378 2614 3392 2630 ’
3442 2598 3681 2675 δεύτερον
3721 2595 3822 2652 διὰ

2218 2698 2312 2752 τῆς
2369 2690 2641 2765 φιλαρίτου
2683 2689 2925 2754 σπουδῆς
2965 2711 3020 2744 τε
3065 2697 3155 2744 καὶ
3186 2698 3454 2763 προκοπῆς
3490 2708 3504 2721 ·
3542 2689 3596 2753 ἑξ
3624 2690 3693 2741 ὧν
3721 2695 3819 2742 καὶ

2220 2782 2497 2853 ἱερωσύνης
2548 2780 2785 2847 ἠξίωται,
2836 2785 2925 2834 καὶ
2971 2779 3166 2833 πολλῶν
3223 2776 3454 2851 ἀδελφῶν
3499 2777 3821 2842 ἄπιστασίας

2219 2867 2494 2932 ἀνεδέξατο
2554 2868 2778 2943 ἀξίωμα,
2836 2868 3061 2943 φιλητῶς
3107 2874 3377 2939 πομαίνειν
3420 2874 3694 2941 χρήσιμος
3745 2876 3810 2939 τῇ

2217 2964 2407 3032 ποίμνη
2428 2976 2438 2988 ·
2471 2960 2573 3020 ζῶν
2606 2958 2822 3013 Θεῶκαί
2842 2966 2913 3029 τῷ
2940 2960 3314 3031 καθηγουμίνῳ
3340 2960 3404 3019 ὡς
3435 2956 3663 3026 ἀληθῶς,
3702 2955 3810 3008 ἀλλ’

2218 3047 2276 3100 ού
2316 3052 2495 3120 κόσμῳ
2527 3054 2615 3101 καὶ
2665 3055 2774 3109 τοῖς
2820 3050 2958 3101 κατὰ
3007 3053 3204 3120 κόσμον
3238 3049 3546 3121 πράγμασιν
3583 3063 3598 3078 '
3631 3046 3687 3099 ού
3716 3049 3801 3097 καὶ

2874 1895 3044 1963 τίμιον
3121 1886 3359 1961 ἀδελφὸν,

461 3130 593 3188 silia
623 3136 865 3204 propter
906 3131 1246 3199 Dominum,
1281 3138 1335 3187 et
1356 3131 1700 3189 vexationes
1732 3138 1857 3189 tum
1882 3132 2111 3205 priores

2225 3135 2413 3211 ἐξορίαι
2470 3133 2564 3189 διά
2622 3139 2828 3212 Κύριον,
2885 3141 2975 3189 καὶ
3011 3132 3259 3209 διωγμοὶ,
3302 3140 3391 3188 καὶ
3428 3140 3678 3208 πρότερον
3721 3138 3813 3185 καὶ

463 3226 586 3277 tum
618 3221 981 3293 posteriores
1015 3240 1028 3280 :
1073 3221 1243 3292 cujus
1268 3226 1323 3277 et
1354 3222 1607 3293 speciosi
1640 3222 1836 3293 pedes,
1880 3228 1943 3277 ut
1973 3237 2109 3278 cum

463 3310 768 3381 Scriptura
782 3309 1033 3382 loquar:
1068 3327 1206 3367 cum
1234 3310 1351 3366 huc
1373 3317 1429 3367 et
1458 3311 1597 3367 illuc
1614 3311 1823 3376 obiret,
1857 3316 2109 3367 etevan-

463 3399 738 3468 gelizaret
770 3398 1050 3455 fratribus
1076 3400 1360 3457 salutaria
1377 3406 1693 3472 praecepta.
1728 3402 2110 3471 Unguentum

466 3488 791 3561 spiritualis
821 3488 949 3559 ejus
980 3489 1165 3544 sudor
1204 3505 1217 3544 :
1263 3504 1361 3545 ros
1394 3505 1585 3560 sacer,
1623 3495 1922 3546 certamen
1953 3489 2112 3545 illius

464 3584 522 3635 et
550 3577 780 3633 virtutis
806 3577 1189 3633 curriculum.
1226 3579 1334 3644 Qui
1372 3578 1431 3633 in
1461 3578 1577 3634 hac
1606 3579 1879 3649 praesenti
1912 3594 2115 3651 perse-

466 3666 701 3723 cutione
724 3674 1094 3739 assumptus,
1122 3667 1267 3739 quid
1295 3667 1452 3723 aliud
1474 3684 1657 3739 quam
1682 3668 2111 3724 beatitudinem

467 3772 502 3812 a
530 3755 782 3811 Domino
813 3755 1070 3811 obtinuit
1098 3754 1126 3810 ?
1166 3758 1230 3811 Et
1262 3772 1420 3811 nunc
1460 3757 1555 3812 ille
1592 3757 1838 3830 quidem
1878 3756 1936 3813 in
1962 3757 2113 3813 coelo

468 3849 574 3908 est,
597 3844 656 3899 in
674 3842 951 3900 eamdem
974 3860 1110 3900 cum
1134 3845 1447 3901 sodalibus
1468 3846 1763 3901 civitatem
1779 3845 2109 3918 ascriptus:

470 3949 581 3990 nos
612 3938 809 3989 autem
834 3933 1032 3989 adhuc
1058 3933 1115 3989 in
1141 3935 1464 3991 certamine
1491 3934 1815 3998 constituti,
1848 3941 2027 4007 atque
2053 3936 2114 3991 in

471 4028 633 4079 metu
664 4038 737 4078 ne
763 4022 1131 4095 dejiciamur.
1158 4023 1359 4096 Neque
1385 4025 1542 4079 enim
1571 4032 1992 4082 consummata
2013 4025 2117 4081 ho-

474 4112 620 4169 mini
648 4112 894 4169 felicitas
921 4113 1071 4168 inest
1101 4120 1237 4170 ante
1268 4129 1579 4170 excessum
1618 4130 1648 4170 e
1676 4114 1797 4171 vita
1829 4132 1842 4171 :
1877 4130 2017 4171 cum
2045 4115 2118 4171 sit

472 4202 731 4258 incertus
756 4201 966 4257 exitus.

546 4290 953 4357 Quamobrem
980 4291 1229 4347 obsecro
1256 4307 1379 4357 vos,
1412 4291 1640 4357 fratres,
1672 4298 1734 4349 ut
1763 4293 2016 4363 vigiletis
2048 4308 2119 4348 ac

476 4378 660 4435 sobrii
689 4381 839 4446 sitis,
869 4385 931 4435 ut
982 4379 1133 4435 virili
1163 4396 1232 4435 ac
1263 4380 1395 4436 forti
1453 4382 1657 4437 animo
1706 4383 1764 4438 in
1810 4384 2119 4454 proposito

476 4470 798 4525 certamine
836 4474 961 4524 tum
992 4468 1394 4538 intelligibilis,
1428 4476 1549 4525 tum
1584 4471 1879 4527 sensibilis
1922 4488 2117 4545 perse-
2151 4454 2196 4509 D
2228 4454 2440 4546 κειμένῳ

474 4557 745 4615 cutionis.
782 4558 890 4622 Qui
913 4558 1071 4613 enim
1102 4557 1433 4614 secundum
1469 4562 1648 4614 Deum
1688 4560 1854 4625 vivit,
1885 4577 2121 4634 semper

476 4649 695 4721 patitur
732 4648 1199 4719 persecutionem
1256 4648 1334 4704 ab
1383 4648 1662 4705 invisibili
1723 4655 2021 4716 vexatore,
2059 4656 2121 4707 ut

475 4742 745 4794 teneatur
758 4736 982 4808 peccati
1001 4736 1244 4808 laqueo:
1269 4754 1470 4810 quem,
1487 4754 1522 4794 ο
1538 4740 1757 4795 strenui
1778 4740 1984 4796 Christi
2014 4742 2119 4797 mi-

474 4825 626 4892 lites,
649 4824 969 4897 fugiamus.
999 4827 1138 4891 Quae
1166 4842 1341 4897 porro
1366 4827 1523 4897 fugae
1552 4829 1698 4884 ratio
1729 4835 1815 4884 est
1845 4829 1865 4883 ἶ
1899 4832 2120 4901 Nempe

477 4915 527 4971 si
552 4914 665 4970 sub
696 4914 921 4986 potenti
947 4930 1128 4971 manu
1151 4915 1249 4970 Dei
1275 4916 1484 4983 simus,
1516 4916 1575 4972 in
1607 4918 1890 4973 omnibus
1915 4919 1966 4974 ei
1997 4920 2122 4992 pla-

476 5009 693 5060 centes.
726 5003 787 5058 ld
823 5019 962 5059 vero
1003 5005 1471 5078 consequemini,
1506 5006 1553 5061 si
1607 5022 1725 5061 non
1757 5022 1825 5062 ex
1877 5010 2121 5081 proprio

476 5092 764 5149 arbitratu
804 5092 907 5148 sed
938 5109 1004 5149 ex
1036 5094 1345 5149 communi
1378 5093 1505 5163 lege
1537 5095 1747 5150 vivatis
1781 5115 1793 5154 :
1829 5096 2122 5153 habentes

475 5181 747 5238 videlicet
759 5181 999 5239 fratrem
1016 5182 1296 5255 Ephraim
1312 5184 1367 5238 in
1386 5184 1685 5255 prmpositi
1702 5183 2121 5257 vicem,quem-

477 5270 811 5327 admodum
850 5276 903 5327 et
933 5271 1028 5327 ille
1059 5272 1376 5335 consensit,
1406 5278 1461 5327 et
1482 5287 1590 5329 nos
1630 5274 1855 5328 assensi
1889 5291 2121 5341 sumus,

476 5366 533 5417 et
561 5367 795 5433 tempus
826 5376 895 5417 ac
926 5361 1079 5417 ratio
1108 5360 1433 5433 postulant.
1457 5362 1585 5419 Sint
1616 5362 1823 5418 omnia
1854 5379 2121 5422 commu-

476 5451 577 5507 nia
604 5464 618 5505 :
646 5465 848 5506 meum
869 5465 940 5505 ac
968 5456 1135 5506 tuum
1154 5449 1385 5507 exsulet
1408 5468 1420 5507 ε
1451 5450 1708 5509 charitas
1731 5452 2119 5525 exprimatur,

552 5579 595 5613 ’³
635 5575 823 5634 Galat.
852 5591 931 5643 Ill,
965 5575 1032 5632 28
1065 5592 1079 5643 ;
1123 5574 1347 5633 Coloss.
1377 5593 1453 5643 ιιι,
1502 5582 1584 5633 ll.

2219 3228 2433 3301 ὕστερον
2467 3246 2479 3259 ·
2524 3227 2585 3279 οὔ
2616 3231 2705 3279 καὶ
2757 3229 2807 3280 οἰ
2850 3223 3008 3288 πόδες
3048 3230 3251 3299 ὡραῖοι,
3308 3232 3575 3299 γραφικῶς
3632 3225 3815 3288 εἰπεῖν,

2218 3312 2321 3368 ὧδέ
2367 3335 2421 3368 τε
2473 3315 2623 3368 κάκεῖ
2678 3320 2996 3389 περιιόντως,
3052 3319 3142 3367 καὶ
3195 3313 3656 3386 εὐαγγελιζομένου
3711 3320 3821 3373 τοῖς

2221 3402 2462 3477 ἀδελφοῖς
2557 3407 2624 3457 τὰ
2735 3410 2966 3479 σωτήρια
3068 3402 3455 3475 ἔπαγγέλματα.
3559 3404 3756 3477 Μύρον,
3793 3402 3822 3453 6

2219 3498 2557 3566 πνευματικός
2607 3497 2766 3546 αὐτοῦ
2815 3491 2978 3566 ἱδρώς
3010 3510 3022 3523 ·
3060 3489 3253 3564 δρόσος
3286 3493 3440 3566 ἱερός,
3472 3492 3499 3544 6
3548 3494 3823 3562 ἑναγώνιος

2221 3583 2378 3635 αὐτοῦ
2433 3580 2629 3656 δρόμος
2677 3590 2772 3644 τῆς
2824 3584 3033 3655 ἀρετῆς,
3090 3580 3185 3643 Ὃς
3221 3580 3567 3653 προσληφθεὶς
3598 3581 3647 3631 ίν
3678 3579 3822 3649 αύτῷ

2221 3680 2292 3743 τῷ
2330 3677 2546 3743 παρόντι
2587 3668 2828 3743 διωγμῷ,
2868 3676 2916 3723 τί
2959 3669 3081 3723 ἀλλο
3136 3672 3165 3729 ἢ
3202 3673 3287 3722 τὸν
3340 3670 3442 3722 ύπό
3481 3669 3680 3742 Κυρίου
3720 3688 3822 3740 μα-

2220 3764 2478 3834 καρισμὸν
2530 3757 2865 3825 ἀνεδήσατο;
2905 3764 3005 3813 Καὶ
3058 3766 3145 3810 νῦν
3194 3761 3382 3821 ἐκεῖνος
3440 3762 3530 3830 μέν
3585 3762 3727 3811 ἐστιν
3771 3756 3821 3809 ἄν

2222 3844 2421 3920 οὐρανῷ
2472 3848 2808 3921 συμπολεύων
2856 3856 2961 3909 τοῖς
3017 3850 3328 3920 ὁμοταγίσιν
3360 3863 3379 3881 θ
3437 3848 3586 3918 ὀμεῖς
3633 3843 3693 3899 δί
3745 3849 3823 3899 ἔτι

2224 3940 2306 3991 ἐπὶ
2359 3946 2449 3990 τοῦ
2509 3937 2706 4010 ἀγῶνος
2774 3939 3059 4010 ἱστάμενοι,
3126 3941 3217 3989 καὶ
3272 3935 3356 3989 ἐπὶ
3414 3934 3567 4008 φόϐον
3620 3944 3820 4007 τροπῆς

2223 4033 2467 4099 κείμενοι.
2534 4027 2608 4079 Ού
2672 4028 2774 4100 γάρ
2837 4026 2950 4080 ἔστι
3005 4029 3341 4101 μακαρισμός
3388 4025 3576 4087 τέλειος
3623 4023 3815 4097 ἀνθρὼ-

2226 4137 2324 4190 πῳ,
2376 4118 2463 4178 ἕως
2507 4114 2861 4181 ἀποϐιώσεως,
2915 4113 3008 4169 διὰ
3064 4119 3121 4168 τό
3163 4111 3360 4173 ἄδηλον
3392 4123 3485 4177 τῆς
3524 4112 3810 4175 ἐκϐάσεως.

2299 4298 2385 4348 Διὸ
2458 4294 2740 4369 παρακαλῶ
2810 4295 2971 4367 ὑμᾶς,
3068 4290 3301 4365 ἀδελφοὶ,
3379 4298 3658 4367 γρηγορεῖν
3730 4294 3821 4344 καὶ

2226 4390 2421 4457 νήφειν,
2472 4380 2816 4458 ἀνδρίζεσθαι
2864 4387 2955 4436 καὶ
3014 4384 3399 4459 κραταιοῦσθαι
3465 4385 3513 4434 εν
3566 4389 3640 4452 τῷ
3688 4399 3825 4455 προ-

3563 4470 3825 4527 αἰσθητοῦ

2231 4561 2492 4634 διωγμοῦ.
2551 4558 2839 4614 Δεδίωκται
2911 4565 3013 4635 γάρ
3080 4560 3157 4615 ἀεὶ
3231 4562 3258 4613 6
3318 4563 3457 4614 κατά
3514 4563 3643 4614 Θεὸν
3719 4559 3826 4619 ζῶν

2230 4654 2329 4705 ύπό
2394 4659 2486 4704 τοῦ
2554 4650 2777 4724 ἀοράτου
2832 4648 3058 4704 διῶκτου
3142 4650 3215 4712 εἰς
3285 4649 3582 4721 κατάληψιν
3650 4647 3829 4721 ἀμαρ-

2231 4747 2341 4803 τίας
2374 4759 2385 4771 ·
2468 4741 2521 4794 ὃν
2592 4744 2830 4813 φύγωμεν
2881 4748 3109 4812 γενναῖοι
3164 4748 3482 4814 στρατιῶται
3556 4744 3815 4813 Χριστοῦ.

2235 4839 2348 4892 Πῶς
2405 4828 2463 4883 δὲ
2515 4833 2629 4883 ἔστι
2685 4837 2899 4903 φυγεῖνς
2932 4838 3015 4902 Τῷ
3071 4831 3171 4883 ὑπὸ
3227 4835 3322 4888 τὴν
3364 4832 3618 4905 κραταιὰν
3664 4833 3828 4899 χεῖρα

2230 4930 2321 4973 τοῦ
2398 4927 2530 4975 Θεοῦ
2602 4922 2863 4992 γενέσθαι,
2939 4917 3033 4973 διὰ
3106 4927 3199 4982 τῆς
3274 4919 3341 4979 εἰς
3414 4919 3550 4971 ἅπαν
3646 4916 3824 4988 εύαρε-

2235 5016 2467 5072 στήσεως
2520 5013 2698 5062 αὐτοῦ.
2755 5008 2945 5062 Ἐσται
3000 5006 3059 5063 δε
3114 5016 3287 5075 τοῦτο,
3340 5006 3423 5061 ἕάν
3472 5012 3543 5080 μὴ
3594 5003 3828 5059 ὶδιοϐούο

2232 5098 2346 5163 λως,
2424 5097 2551 5150 ἀλλὰ
2614 5096 2949 5159 κοινοϐιακῶς
3012 5098 3211 5158 ζήσητε
3244 5114 3257 5126 ·
3309 5094 3551 5155 δηλονότι
3614 5098 3825 5167 ἔχοντες

2234 5192 2318 5240 τόν
2425 5183 2644 5260 ἀδελφὸν
2721 5188 2943 5260 Ἐφραίμ
3039 5188 3550 5259 προκαθηγούμενον,

2234 5276 2469 5339 κάκεῖνος
2539 5279 2697 5341 εἴασε,
2771 5280 2860 5328 καὶ
2936 5278 3084 5348 ἡμεῖς
3155 5272 3586 5347 συνευδοκοῦμεν,
3642 5277 3733 5326 καὶ
3799 5274 3829 5325 ό

2234 5371 2427 5440 χρόνος
2482 5370 2572 5419 καὶ
2630 5367 2655 5418 ὁ
2701 5371 2890 5439 τρόπος
2972 5364 3251 5424 ἀπαιτοίη.
3324 5364 3601 5419 Ἔστωσαν
3656 5364 3830 5416 πάντα

2235 5458 2402 5524 κοινὰ,
2434 5458 2492 5508 τὸ
2541 5453 2659 5528 ίμόν
2701 5459 2792 5507 καὶ
2848 5457 2937 5507 σὸν
2969 5452 3277 5530 ίξοριζίσθω
3309 5472 3329 5491 ο
3358 5455 3388 5512 ἠ
3433 5451 3610 5524 ἀγάπη
3643 5472 3833 5528 χαρα-

2541 4471 2703 4544 ἀγῶνι
2777 4480 2870 4524 τοῦ
2951 4492 3004 4525 τε
3076 4478 3260 4530 νοητοῦ
3361 4476 3450 4523 καὶ

3654 5186 3830 5247 καθὼς
