4036 6276
242 285 387 345 1429

1523 282 2034 340 EPISTOLARUM
2074 282 2209 339 LIB.
2252 282 2318 339 ll.

3463 278 3599 336 1430

239 412 535 486 κτηριζέτω
580 430 592 446 '
628 413 656 471 ὁ
706 412 909 471 ὑπακοὴ
957 410 1273 486 φυλαττέτω.
1307 416 1409 467 Καί
1440 428 1455 443 ο
1512 411 1582 465 Εἰ
1634 418 1833 465 ταῦτα

1945 409 2288 467 obedientia
2326 413 2606 467 servetur.
2636 413 2702 468 Et
2733 428 2747 467 :
2775 410 2840 467 Si
2865 410 2993 468 hac
3032 407 3212 473 scitis,
3246 405 3401 466 beati
3443 406 3599 473 estis,

240 499 485 570 οἴδατε,
516 504 839 576 μακάριοί
875 502 1358 576 έστε,φησὶν,έάν
1396 508 1625 560 ποιῆτε
1651 501 1831 554 αὐτά.

313 628 456 684 ΡΛΔ¹
484 627 626 702 (25).
658 657 729 669 -
758 627 1136 703 Εὗφροσύνῃ
1177 627 1524 700 ἡγουμένῃ.
1555 624 1759 699 [χπθ’.”Ι

1944 498 2156 571 inquit,
2199 500 2252 555 si
2274 500 2537 569 feceritis
2569 514 2639 557 ea
2670 502 2741 557 ³³.

2156 624 2451 681 CXXXIV.
2482 655 2536 666 —
2582 625 2996 696 Euphrosynaz
3017 622 3377 693 praepositae.

1473 734 1678 783 Rursus
1707 732 1774 781 de
1798 730 1973 796 ipsius
1997 732 2185 781 matris
2218 732 2385 782 obitu.

310 823 367 879 Ἠ
425 828 603 897 μνήμη
657 831 753 885 τῆς
807 827 1066 897 μακαρίας
1118 825 1337 900 μητρὸς,
1399 829 1493 876 σοῦ
1541 826 1630 895 μεν
1674 821 1837 894 ἀμφο-

238 915 475 988 τέρωθεν,
544 916 666 986 ἱμοῦ
726 909 785 968 δε
843 914 980 966 κατὰ
1039 920 1259 987 πνεῦμα,
1330 912 1500 988 θαρῥῶ
1560 908 1619 966 δε
1681 911 1836 965 εἰπεῖν

235 1009 328 1058 καὶ
390 1003 588 1057 πολλῶν
650 1002 814 1056 ἄλλων
866 1022 880 1036 ο
950 1003 1153 1078 ἐπείπερ
1216 1001 1479 1075 σεϐασμία
1542 1004 1571 1061 ἡ
1623 1006 1782 1076 κυρία
1814 1015 1828 1029 ⁸

237 1091 598 1167 προύτρέψατό
670 1110 733 1164 με
806 1093 979 1164 ῶσπερ
1065 1091 1151 1145 ὑπ’
1226 1090 1425 1155 ἐκείνης
1512 1095 1835 1164 νυττόμενον,

236 1181 691 1258 προσφθέγξεσθαί
748 1200 826 1247 σε,
886 1177 1080 1253 ἀδελφή
1132 1182 1181 1233 ἓν
1231 1186 1425 1254 Κυρίῳ,
1464 1180 1678 1256 βραχέα
1722 1183 1840 1233 τινὰ

236 1275 328 1324 καὶ
361 1278 539 1328 τανῦν.
566 1275 695 1325 Τίνα
724 1266 783 1324 δε
838 1277 1046 1337 ταῦτα;
1096 1270 1207 1324 Ίνα
1266 1269 1496 1343 ἀγωνίζῃ
1554 1274 1638 1323 τὸν
1682 1269 1836 1323 καλὸν

238 1358 414 1431 ἀγῶνα
464 1356 559 1422 τῆς
609 1358 903 1423 ἀσκήσεως,
958 1358 1031 1420 εἰς
1079 1360 1141 1419 ἣν
1194 1358 1436 1426 ἐκλήθης,
1502 1364 1591 1412 καὶ
1642 1360 1839 1431 ὡμολό-

235 1468 409 1521 γησας
446 1453 537 1508 τήν
589 1447 750 1508 καλὴν
800 1447 1075 1521 ὁμολογίᾶω
1127 1447 1337 1501 ένωπιον
1392 1447 1589 1501 πολλῶν
1645 1451 1838 1523 μαρτύ-

234 1558 356 1613 ρων.
419 1545 533 1599 Πῶς
577 1535 637 1591 δι
665 1540 806 1591 ἔστιν
860 1536 1256 1609 ἀγωνίσασθαι;
1307 1536 1395 1592 Ἐκ
1440 1544 1531 1590 τοῦ
1561 1540 1702 1609 ἔχειν
1750 1541 1837 1590 τόν

237 1625 391 1700 φοϐον
436 1634 532 1680 τοῦ
578 1634 710 1681 Θεοῦ
738 1625 788 1679 έν
839 1634 901 1699 τῇ
956 1622 1175 1698 καρδίᾳ.
1229 1626 1306 1678 Οὗ
1352 1629 1450 1699 γὰρ
1506 1626 1679 1698 φόϐος,
1736 1625 1839 1679 ἐκεῖ

235 1715 445 1769 έντολῶν
523 1721 765 1789 τήρησις.
845 1715 938 1771 Ἐκ
1009 1722 1102 1768 τοῦ
1153 1715 1363 1787 μελετᾷν
1441 1718 1527 1768 τὸν
1588 1717 1829 1773 θάνατον.

235 1807 395 1858 Ἔνθα
472 1807 573 1879 γὰρ
644 1804 822 1877 μελέτη
908 1805 1148 1867 θανάτου,

238 1893 327 1947 Ἐκ
382 1901 475 1947 τοῦ
530 1899 779 1967 μεριμνᾷν
828 1897 921 1952 τὴν
974 1891 1075 1945 ἀπὸ
1125 1900 1215 1945 τοῦ
1265 1899 1503 1965 σώματος
1546 1889 1838 1961 διάζευξις,

233 1988 328 2041 τὴν
385 1982 468 2035 ἰπὶ
518 1985 681 2056 ταύτῃ
743 1981 1021 2054 ἀγγελικὴν
1073 1985 1405 2049 ἱπιστασίαν,
1470 1987 1563 2041 τὴν
1621 1982 1839 2053 ἀπαγω-

235 2077 337 2144 γὴν
360 2080 455 2135 τῆς
504 2072 686 2144 ψυχῆς
736 2075 867 2147 πρὸς
915 2074 979 2124 τά
1040 2071 1256 2143 οὐράνια
1327 2079 1437 2132 Πῶς
1480 2073 1583 2145 ἄρα
1640 2068 1840 2134 διέλθοι

233 2166 319 2214 τὸν
382 2162 620 2237 ἄρχοντα
699 2169 791 2214 τοῦ
846 2157 978 2234 τῇδε
1037 2161 1238 2225 αἰῶνος,
1319 2166 1626 2234 πειρώμενον
1712 2165 1839 2236 πρὸς

235 2246 413 2299 έαυτὸν
464 2250 559 2305 τὴν
623 2245 870 2298 ἀνιοῦσαν
930 2246 1115 2318 ψυχὴν
1190 2245 1609 2315 ἐπισπάσασθαι,
1696 2250 1835 2319 εἰπερ

232 2332 344 2388 ἴδοι
392 2334 556 2394 αὐτὴν
610 2339 1018 2407 κατεστιγμένην
1065 2343 1176 2397 τοίς
1230 2337 1449 2387 πάθεσιν
1479 2356 1491 2368 ο

232 2428 327 2483 τὴν
366 2422 797 2478 ἀποκατάστασιν
830 2423 978 2477 λάϐοι
1020 2428 1185 2496 μέχρι
1229 2432 1414 2496 καιροῦ
1440 2423 1775 2487 ἀναστάσεως
1813 2440 1827 2453 ’

232 2514 385 2571 ἡνίκα
427 2517 485 2566 τό
544 2513 772 2584 συζυγες
824 2522 976 2585 σῶμα
1028 2512 1237 2572 ένωθείη
1286 2516 1422 2565 κατά
1477 2517 1571 2571 τὴν
1614 2512 1836 2588 ἄρρητον

231 2609 322 2654 τοῦ
349 2609 483 2655 Θεοῦ
536 2598 775 2673 δύναμιν.
813 2606 913 2655 Καὶ
967 2604 1112 2654 οῦπω
1166 2600 1297 2672 λέγω
1323 2606 1416 2659 τὴν
1472 2607 1659 2674 μικρὸν
1689 2602 1835 2655 ὔστε-

231 2710 319 2765 ρον
358 2690 617 2743 ίπελευσιν
672 2698 763 2743 τοῦ
815 2694 1038 2762 νυμφίου
1088 2697 1344 2765 Χριστοῦ,
1396 2689 1492 2742 ἀπ’
1559 2691 1833 2765 οὐρανοῦ

1228 1806 1404 1857 παθῶν
1473 1804 1835 1877 ἀλλοτρίωσιν.

1566 2332 1679 2388 εἶτα
1726 2339 1836 2402 ζποῦ

231 2780 356 2851 μετ’
398 2778 674 2851 ἀγγέλων
715 2775 1042 2851 δυναμεως
1107 2781 1305 2832 αὐτοῦ
1340 2796 1351 2808 ·
1386 2784 1480 2838 τὴν
1508 2799 1559 2833 τε
1609 2780 1680 2841 εἰς
1708 2779 1835 2854 ἀέρα

230 2866 472 2939 ἁρπαγὴν
520 2875 621 2918 τῶν
672 2867 914 2938 θεοφίλῶν
969 2866 1200 2938 ψυχῶν
1258 2873 1348 2920 καὶ
1398 2872 1490 2924 τὴν
1538 2869 1669 2940 ὁμοῦ
1732 2870 1833 2921 πά-

231 2974 329 3016 σης
358 2963 453 3016 τῆς
500 2959 715 3016 κτίσεως
761 2960 1069 3027 συναγωγὴν
1124 2958 1223 3027 πρὸ
1280 2962 1563 3029 προσώπου
1594 2965 1686 3009 τοῦ
1745 2977 1831 3031 φο-

228 3042 380 3112 ϐεροῦ
438 3042 674 3117 βήματος
707 3064 720 3077 ο
779 3041 888 3096 εἶτα
953 3049 1045 3102 τὴν
1108 3028 1369 3117 ἀποφασιν
1424 3045 1676 3118 ἑκατέρων
1732 3028 1831 3098 ⁴τῶν
1871 3028 1911 3083 C

225 3136 625 3207 παρισταμένων
703 3141 869 3206 μερῶν
921 3150 934 3163 ⁶
987 3138 1109 3196 τοὺς
1184 3137 1275 3205 μὲν
1353 3130 1589 3195 δικαίους
1645 3134 1835 3187 καλοῦ-

227 3239 325 3274 σαν
378 3221 448 3282 εἰς
502 3219 775 3293 βασιλείαν
826 3220 1053 3295 οὐρανῶν
1114 3239 1125 3251 ·
1187 3225 1306 3284 τοὺς
1362 3218 1422 3274 δε
1499 3221 1834 3297 ἁμαρτωλοὺς

224 3308 636 3382 ἀποπέμπουσαν
702 3310 771 3372 εἰς
838 3313 895 3363 τό
950 3317 1054 3385 πῦρ
1121 3314 1179 3363 τὸ
1243 3308 1501 3385 έξώτερον.
1557 3316 1739 3364 Τοίνυν
1798 3313 1828 3370 ἡ

221 3407 393 3452 ταῦτα
453 3398 697 3451 ἐννοοῦσα
760 3401 1079 3460 εὐαισθήτως
1136 3398 1317 3471 ψυχὴ,
1384 3403 1579 3474 τρέμει,
1649 3396 1830 3473 δεδιᾷ,

219 3490 418 3539 κατανύ
427 3505 627 3551 σσεται,
740 3483 975 3559 δακρύει,
1092 3490 1417 3561 καθαίρεται,
1530 3489 1830 3561 φωτίζεται,

224 3573 531 3649 ἓξισταμένη
585 3584 684 3628 τῶν
737 3573 865 3650 τῇδε
915 3580 1188 3649 σχέσεων’
1241 3576 1574 3649 ἀλλοιουμένη
1636 3597 1690 3630 τε
1739 3582 1832 3637 τὴν

226 3663 387 3724 καλὴν
453 3664 748 3729 ἀλλοίωσιν,
814 3670 903 3717 καὶ
967 3670 1095 3737 πρὸς
1162 3670 1290 3719 Θεὸν
1358 3665 1724 3739 ἀνατρέχουσα
1784 3667 1832 3720 έν

225 3760 373 3827 χαρᾷ
418 3755 739 3827 πνευματικῇ
800 3758 890 3806 καὶ
957 3752 1162 3829 ἀρρήτῳ
1228 3752 1507 3828 θυμηδίᾳ⁶
1587 3757 1643 3818 ὃς
1708 3755 1834 3809 ἀπο-

229 3845 539 3916 στρέφεσθαι
608 3846 697 3915 μξν
760 3849 848 3896 καὶ
924 3842 1065 3901 ἣλιον
1140 3845 1283 3918 ὁρᾷν,
1351 3850 1441 3897 καὶ
1503 3852 1601 3897 τῶν
1670 3844 1833 3897 ἄλλων

226 3928 394 3990 ἡδέων
433 3940 525 3984 τοῦ
573 3936 824 4007 παρόντος
881 3930 1021 4005 βίου,
1070 3928 1163 3985 διὰ
1196 3937 1283 3991 τὴν
1340 3934 1696 4006 ὑπερνικῶσαν
1743 3942 1831 3987 τοῦ

224 4020 386 4072 καλοῦ
439 4022 674 4095 θεωρίαν.
732 4021 914 4084 Οὕτως
962 4024 1074 4074 έστι
1118 4024 1203 4074 τὸν
1257 4020 1413 4074 καλὸν
1472 4022 1647 4094 ἀγῶνα
1694 4022 1833 4095 ἀγω-

225 4110 482 4175 νίζεσθαι,
559 4112 873 4182 τιμιωτάτη.
939 4112 1131 4166 Τοῦτον
1209 4107 1274 4168 δη
1355 4109 1714 4185 ἀγωνισαμένη
1792 4114 1823 4171 ἡ

225 4197 356 4256 καλή
388 4217 481 4251 σου
534 4204 731 4274 μήτηρ,
766 4198 1007 4257 ἐκολλήθη
1064 4206 1198 4269 Θεῷ,
1255 4204 1343 4252 καὶ
1402 4199 1587 4272 μετέϐη
1635 4200 1831 4254 έπαινε-

223 4296 321 4349 τῶς
351 4296 449 4340 τῶν
480 4284 658 4341 ένθένδ
662 4307 701 4343 ε.

299 4376 659 4449 Ἐπειχθῶμεν
743 4373 831 4429 οὖν
915 4381 1004 4429 καὶ
1083 4378 1248 4449 ἡμεῖς,

1340 4378 1645 4451 παρακαλῶ,
1725 4389 1829 4445 τοῖς
1863 4411 1908 4465 D

227 4464 421 4528 έκείνης
467 4469 673 4537 ἴχνεσιν
723 4466 938 4518 ἕπεσθαι
970 4482 983 4496 ο

1042 4470 1131 4518 καὶ
1181 4467 1300 4538 μήτ’
1351 4467 1653 4541 ἰλιγγιάσῃς
1699 4475 1828 4543 πρὸς

225 4558 285 4608 τὸ
308 4555 441 4627 ὕψος
494 4563 588 4616 τῆς
630 4554 816 4631 ἀρετῆς
855 4553 1196 4628 έκκαλουμένη
1234 4574 1246 4586 ·
1281 4559 1337 4608 τὸ
1394 4560 1481 4628 μεν
1538 4559 1617 4611 ὅτι
1668 4562 1827 4635 χάρι-

224 4663 277 4697 τι
325 4651 458 4699 Θεοῦ
502 4651 591 4696 καὶ
636 4649 920 4721 συνεπαίρῃ
977 4652 1092 4707 ταῖς
1142 4644 1325 4707 καλαῖς
1377 4645 1711 4715 ἀναϐάσεσιν,
1772 4647 1827 4711 έξ

224 4734 292 4785 ὧν
333 4732 504 4786 ἀκούω
557 4730 611 4786 εὖ
662 4736 905 4809 πράττειν
966 4753 1022 4787 σε
1053 4751 1065 4764 ·
1122 4738 1180 4786 τὸ
1227 4731 1287 4787 δε
1338 4736 1417 4787 ὃτι
1469 4735 1529 4788 οὗ
1560 4740 1617 4789 τὸ
1665 4737 1822 4791 θέλειν

223 4822 491 4896 πάρεστιν,
542 4826 647 4875 ἐκεῖ
690 4826 827 4875 κατά
875 4826 1061 4897 μικρόν
1117 4828 1204 4876 καὶ
1258 4825 1287 4883 ἡ
1349 4824 1609 4886 τελείωσις
1660 4845 1820 4901 προσ-

221 4915 439 4982 γίνεται,
494 4919 585 4964 τοῦ
637 4920 769 4965 Θεοῦ
828 4909 1197 4985 δυναμοῦντος,
1262 4918 1351 4966 καὶ
1408 4914 1670 4986 φιλοῦντος
1726 4921 1820 4975 τὴν

225 5005 490 5073 σωτηρίαν
545 5008 636 5052 τοῦ
691 5001 852 5064 οὕτως
905 5007 1335 5076 προαιρουμένου.
1406 5006 1563 5075 Τάχα
1616 5000 1675 5057 δε
1725 5010 1818 5064 τὴν

222 5094 553 5163 προστασίαν
597 5096 695 5141 τῶν
739 5085 969 5162 ἀδελφῶν
998 5087 1248 5162 ἑμπόδιον
1301 5093 1475 5165 ἡγήσῃ
1509 5101 1595 5153 τῆς
1641 5096 1821 5145 τοιαύ-

220 5197 314 5239 της
372 5180 680 5253 προθέσεως,
752 5178 1179 5253 προσϐαρουμένη
1248 5188 1309 5253 τῇ
1392 5177 1628 5254 ὁδηγία·
1695 5182 1822 5235 ἀλλὰ

221 5262 503 5341 μηδαμῶς,
544 5265 584 5320 ὦ
617 5272 793 5343 κυρία.
836 5264 1003 5322 Οὑδέν
1040 5271 1142 5343 γὰρ
1181 5269 1345 5331 οὕτως
1382 5269 1652 5342 ἀγαπητὸν
1689 5277 1817 5345 Θεῷ,

299 5406 345 5442 ¹³
381 5406 553 5463 Joan.
581 5419 704 5470 nu,
748 5406 831 5461 Π.
910 5407 957 5443 ﬂ
988 5406 1008 5462 Ι
1037 5406 1184 5465 Tim.
1219 5422 1299 5476 vi,
1346 5412 1427 5466 t2.
1504 5409 1551 5445 ¹⁸
1588 5408 1635 5465 ΙΙ
1660 5409 1862 5467 Thess.
1894 5424 1911 5464 ι

2018 822 2304 878 Memoria
2329 822 2519 879 beatae
2549 820 2774 888 matris,
2804 825 2916 877 tua:
2964 818 3210 893 quidem
3248 831 3497 890 corpore
3530 831 3603 873 ac

1946 912 2177 983 spiritu.
2201 916 2328 968 tum
2359 926 2499 967 vero
2524 926 2670 967 mea:
2703 909 3039 966 secundum
3071 907 3367 981 spiritum,
3400 905 3601 963 ausim

1947 1000 2143 1056 dicere
2172 1000 2641 1072 etcomplurium
2672 1000 2948 1063 aliorum,
2980 996 3603 1070 quoniamjsanctaest

1948 1104 2019 1145 ac
2048 1090 2364 1161 praecipuas
2394 1089 2793 1146 venerationis
2841 1088 3133 1153 domina;
3191 1084 3430 1158 impulit
3482 1098 3600 1151 me,

1948 1182 2237 1251 tanquam
2272 1184 2457 1234 matre
2487 1178 2976 1250 ipsainstigante,
3002 1181 3066 1231 ut
3097 1180 3171 1242 te,
3205 1189 3373 1231 soror
3399 1173 3459 1229 in
3488 1175 3604 1229 Do-

1949 1268 2132 1333 mino,
2156 1266 2367 1340 paucis
2398 1266 2595 1322 verbis
2624 1267 2685 1321 in
2730 1266 3006 1338 praesenti
3039 1263 3395 1336 alloquerer.
3459 1263 3602 1329 Qum

1948 1361 2086 1412 sunt
2106 1355 2203 1411 illa
2234 1370 2413 1426 porro
2434 1357 2463 1412 il
2487 1358 2553 1412 Ut
2586 1355 2815 1411 bouum
2844 1360 3145 1411 certamen
3174 1357 3361 1408 certes
3396 1366 3603 1408 mona-

1948 1445 2105 1501 sticae
2131 1446 2258 1501 vitae
2291 1444 2569 1517 adquam
2594 1449 2806 1501 vocata
2844 1459 2929 1509 es,
2972 1450 3027 1499 et
3065 1440 3342 1499 confessa
3370 1441 3603 1499 bonam

1948 1533 2376 1593 confessionem
2404 1550 2607 1590 coram
2633 1533 2831 1589 multis
2858 1532 3108 1589 testibus
3142 1533 3209 1585 ¹⁴.
3243 1532 3371 1596 Qua
3400 1534 3603 1586 autem

1948 1623 2176 1679 ratione
2207 1624 2602 1679 certandum?
2619 1623 2676 1679 Si
2706 1622 3097 1678 Deitimorem
3126 1619 3448 1689 insitum'jn
3479 1617 3602 1675 ani-

1951 1728 2050 1769 mo
2079 1712 2382 1769 habueris.
2415 1716 2563 1769 Nam
2596 1711 2911 1777 ubitimor,
2943 1708 3381 1767 ibiobservatio
3410 1708 3603 1779 :man-

1948 1802 2251 1859 datorum.
2268 1801 2325 1859 Si
2340 1807 2591 1857 mortem
2614 1801 2937 1857 mediteris.
2955 1799 3234 1857 Ubienim
3262 1799 3469 1853 mortis
3483 1812 3605 1853 me-

1947 1890 2173 1955 ditatio,
2209 1890 2290 1945 ibi
2322 1907 2356 1945 a
2390 1891 2540 1945 vitiis
2573 1889 2850 1945 alienatio
2877 1896 2984 1945 est.
3030 1887 3087 1944 Si
3132 1893 3325 1944 tecum
3366 1890 3605 1957 reputes

1949 1980 2134 2035 animi
2164 1980 2596 2050 sejunctionem
2615 1994 2931 2050 acorpore,
2957 1976 3423 2050 cuisejunctioni
3451 1990 3606 2047 pra:-

1948 2069 2056 2125 erit
2081 2068 2360 2138 angelus;
2389 2068 2814 2125 abductionem
2841 2066 3057 2123 deinde
3096 2066 3310 2123 animae
3337 2066 3395 2121 in
3434 2064 3605 2121 caele-

1947 2163 2099 2215 stem
2130 2157 2395 2230 plagam.
2431 2157 2958 2224 Quemadmodum
2989 2155 3239 2227 effugiat
3270 2156 3473 2228 utique
3490 2154 3605 2211 hu-

1943 2249 2043 2318 jus
2070 2247 2272 2305 saeculi
2292 2248 2623 2320 principem
2635 2251 2957 2303 conantem
2978 2244 3249 2302 videlicet
3265 2244 3604 2317 pertrahere

1948 2338 2026 2394 ad
2078 2353 2140 2393 se
2182 2337 2522 2392 evolantem
2580 2336 2869 2402 animam,
2899 2334 3204 2405 siquidem
3230 2333 3440 2389 viderit
3468 2348 3605 2390 eam

1945 2425 2101 2481 vitiis
2134 2430 2423 2498 tanquam
2452 2424 2700 2481 maculis
2726 2425 2990 2481 inustam
3033 2422 3292 2480 :deinde
3333 2422 3436 2478 ubi
3466 2421 3605 2479 sub-

1946 2514 2034 2570 sid
2042 2514 2177 2569 endi
2206 2513 2406 2570 locum
2420 2513 2675 2587 accipiat
2691 2529 2880 2586 usque
2893 2513 2971 2568 ad
2985 2512 3432 2569 resurrectionis
3458 2516 3603 2568 tem-

1946 2619 2081 2674 pus,
2111 2619 2248 2659 cum
2281 2603 2513 2659 socium
2539 2619 2759 2675 corpus
2798 2601 3160 2673 adiungetur
3218 2599 3606 2658 inenarrabili

1944 2692 2050 2748 Dei
2086 2692 2319 2748 virtute.
2363 2691 2627 2748 Necdum
2680 2706 3091 2747 commemoro
3153 2705 3291 2745 mox
3337 2689 3605 2745 futurum

1945 2781 2154 2838 Christi
2177 2780 2720 2852 sponsiadventum
2735 2781 2807 2838 de
2831 2780 2972 2837 caelo
3001 2795 3131 2835 cum
3161 2778 3392 2849 angelis
3415 2779 3609 2835 virtu-

1944 2872 2014 2926 tis
2042 2872 2168 2942 ejus
2192 2872 2260 2935 *5,
2295 2875 2679 2943 acceptarum
2712 2868 2832 2925 Deo
2880 2869 3223 2926 animarum
3260 2872 3504 2940 raptum
3535 2868 3598 2925 in

1943 2959 2182 3025 cmlum,
2208 2975 2278 3015 ac
2303 2959 2484 3015 simul
2512 2960 2708 3015 omnis
2766 2964 3052 3014 creaturae
3092 2956 3595 3015 convocationem

1940 3064 2145 3105 coram
2175 3048 2476 3104 horrendo
2539 3047 2821 3103 tribunali
2872 3065 2885 3103 :
2947 3046 3164 3103 deinde
3222 3045 3297 3101 de
3352 3051 3603 3119 utraque

1942 3142 2109 3208 parte
2131 3153 2264 3210 quas
2302 3153 2566 3208 prmsens
2598 3135 2789 3192 aderit
2820 3135 3197 3200 sententiam,
3241 3150 3377 3207 quae
3408 3134 3602 3205 justos

1942 3225 2270 3297 quidemin
2323 3240 2575 3295 regnum
2632 3225 2922 3281 oculorum
2960 3224 3186 3289 invitet,
3255 3228 3602 3292 peccatores

1943 3319 2140 3371 autem
2173 3315 2594 3371 inexteriorem
2620 3315 2822 3385 ignem
2849 3313 3104 3383 ableget.
3140 3315 3269 3368 Haec
3291 3313 3475 3383 igitur
3505 3327 3594 3368 se-

1941 3419 2079 3459 cum
2112 3404 2352 3459 animus
2385 3403 2593 3459 sedulo
2624 3410 2929 3475 reputans,
2960 3408 3161 3474 pavet,
3191 3401 3376 3467 timet,
3431 3400 3600 3458 dedit

1941 3509 2002 3549 se
2032 3492 2315 3565 lacrymis
2332 3508 2468 3548 cum
2486 3493 2692 3547 intimo
2709 3491 2933 3547 doloris
2964 3507 3036 3547 ex
3051 3506 3206 3546 noxa
3224 3506 3428 3560 sensu,
3460 3504 3601 3563 pur-

1943 3587 2135 3652 gatur,
2164 3581 2555 3649 illuminatur,
2606 3580 2784 3651 hujus
2827 3581 2958 3636 vitae
2996 3579 3308 3635 affectibus
3340 3578 3595 3645 exuitur,

1941 3671 2002 3725 in
2028 3670 2339 3740 egregium
2365 3676 2587 3726 statum
2614 3670 2984 3735 immutatus,
3027 3673 3083 3724 et
3124 3669 3199 3724 ad
3248 3670 3431 3723 Deum
3461 3682 3597 3723 evo—

1939 3758 2072 3816 lans
2107 3759 2169 3814 in
2198 3759 2399 3815 laetitia
2447 3759 2715 3830 spiritali,
2744 3763 2802 3814 et
2826 3757 3210 3815 inenarrabili
3242 3756 3544 3812 alacritate
3577 3773 3592 3815 :

1942 3849 2023 3904 ita
2054 3854 2117 3905 ut
2151 3847 2237 3904 vel
2278 3848 2490 3904 intueri
2518 3848 2726 3913 solem,
2753 3847 2841 3903 vel
2870 3847 3178 3919 prmsentis
3210 3848 3342 3901 vitae
3369 3844 3597 3902 deliciis

1942 3937 2056 3994 frui
2090 3938 2323 4003 taedeat,
2365 3938 2444 3993 ob
2475 3938 2949 4009 prtestantiorem
2968 3935 3205 3991 honesti
3230 3934 3597 4007 contempla-

1943 4028 2183 4083 tionem.
2222 4029 2316 4082 Est
2346 4026 2407 4081 id
2449 4027 2679 4083 bonum
2720 4032 3020 4082 certamen
3075 4030 3319 4089 certare,
3354 4039 3390 4080 ο
3435 4040 3597 4080 reve-

1939 4116 2319 4172 rendissima.
2352 4118 2468 4171 Hac
2491 4117 2667 4187 igitur
2704 4131 2839 4170 cum
2865 4114 3103 4187 egregia
3127 4119 3230 4171 tua
3263 4119 3450 4169 mater
3473 4128 3593 4169 cer-

1941 4206 2171 4270 taverit,
2197 4204 2316 4261 Deo
2344 4204 2624 4276 copulata
2646 4212 2750 4270 est,
2781 4209 2835 4259 et
2860 4220 2933 4259 ex
2964 4204 3077 4259 hac
3103 4203 3219 4259 vita
3252 4218 3391 4258 cum
3414 4201 3592 4259 laude

1942 4294 2238 4363 migravit.

2012 4384 2378 4439 Festinemus
2410 4382 2586 4454 igitur
2610 4387 2665 4438 et
2697 4397 2827 4447 nos,
2869 4381 3145 4448 obsecro,
3193 4381 3463 4451 ejusdem
3494 4395 3592 4437 ve-

1940 4473 2129 4542 stigiis
2157 4472 2451 4539 insistere,
2487 4472 2568 4528 Ne
2606 4487 2747 4528 vero
2804 4471 3219 4544 obstupescas,
3249 4470 3327 4527 ad
3359 4468 3586 4526 virtutis

1935 4560 2239 4633 fastigium
2264 4561 2506 4617 invitata
2541 4564 2697 4616 :tum
2712 4561 2872 4634 quod
2888 4560 2985 4615 Dei
3006 4560 3295 4616 beneﬁcio
3317 4565 3372 4615 et
3402 4557 3591 4615 subli-

1934 4650 2048 4706 mis
2098 4650 2379 4712 attolleris
2434 4650 2685 4721 egregiis
2743 4650 3185 4721 progressibus.
3250 4649 3313 4704 in
3363 4648 3584 4721 quibus

1934 4745 2170 4796 strenue
2212 4755 2337 4795 rem
2384 4743 2504 4796 ate
2553 4739 2672 4809 geri
2706 4739 2924 4794 audio:
2982 4744 3105 4794 tum
3150 4739 3312 4812 quod
3360 4738 3463 4793 ubi
3491 4754 3587 4794 vo-

1930 4827 2130 4884 luntas
2164 4827 2352 4893 adest,
2385 4827 2467 4883 ibi
2496 4842 2589 4882 res
2634 4828 2799 4883 brevi
2829 4843 2861 4883 e
2894 4826 3189 4883 sententia
3248 4825 3583 4892 conﬁcitur,

1930 4916 2051 4973 Deo
2080 4917 2524 4980 corroborante.
2559 4932 2629 4972 ac
2674 4917 2927 4973 salutem
2982 4916 3136 4972 illius
3170 4916 3275 4988 qui
3334 4916 3417 4971 sic
3445 4904 3585 4971 effe;

1928 5011 2057 5063 ctus
2071 5007 2142 5061 sit
2169 5006 2469 5077 diligente.
2488 5008 2651 5063 Forte
2663 5012 2860 5062 autem
2877 5020 3149 5062 sororum
3165 5006 3583 5076 praefecturam

1929 5095 2428 5167 impedimentum
2442 5111 2573 5151 esse
2596 5095 2728 5150 talis
2756 5094 3049 5167 propositi
3076 5094 3460 5159 arbitrabere,
3498 5111 3584 5151 re-

1930 5185 2107 5255 gendi
2129 5200 2272 5242 cura
2302 5188 2694 5257 praegravata.
2717 5186 2785 5239 At
2814 5199 3272 5257 nequaquam,o
3303 5183 3578 5241 domina.

1931 5272 2080 5330 Nihil
2112 5274 2270 5329 enim
2336 5278 2459 5329 tam
2510 5277 2823 5345 acceptum
2883 5273 3021 5339 Deo,
3070 5288 3257 5345 quam
3303 5272 3581 5329 subditos

1922 5412 2014 5476 ,7.

1770 5509 1991 5565 ΝΟΤΕ.

298 5575 413 5646 (25)
441 5575 505 5630 In
529 5574 663 5633 cod.
689 5576 828 5648 Reg.
860 5575 1000 5650 ρμθ¹.
