4036 6276
451 189 579 246 1431
1693 184 1751 245 S.
1793 186 1980 243 THEO
1992 185 2161 242 DOBI
2201 185 2529 243 STUDITIE
2952 246 2955 247 ν
3667 182 3811 239 M32

438 328 683 387 pascere
714 330 785 370 ac
823 317 1151 387 regere.Sic
1180 318 1342 374 enim
1366 332 1655 387 magnum
1676 316 1911 371 Petrum
1940 328 2032 369 cor

2217 333 2258 374 ις
2280 313 2338 364 τό
2382 314 2673 383 ποιμαίνειν
2723 313 2814 363 καὶ
2870 306 3085 382 ὁδηγεῖν
3132 311 3253 372 τοὺς
3310 307 3607 379 ἑπομένους.
3658 309 3811 366 Φησὶ

437 403 617 475 pellat
645 421 657 458 :
690 404 971 475 Sidiligis
996 423 1106 471 me,
1128 423 1308 479 pasce
1323 422 1456 463 oves
1470 420 1627 462 meas
1647 407 1713 459 ιε.
1747 409 2031 476 lterumqr

2215 402 2291 475 γὰρ
2321 404 2448 474 πρὸς
2477 403 2562 453 τὸν
2588 403 2748 473 μέγαν
2779 402 2971 471 Πέτρον
3005 416 3018 429 ·
3051 397 3126 453 Εἰ
3201 397 3447 470 ἀγαπᾷς
3509 416 3605 469 με,
3677 417 3746 451 πο
3762 400 3809 448 ί·-

437 492 501 549 Si
539 496 915 564 separaveiis
963 496 1289 566 pretiosum
1343 511 1378 551 a
1418 495 1547 557 viti,
1596 494 1768 567 quasi
1805 509 1868 549 os
1897 508 2031 549 meu;

2215 509 2375 542 ιαινε
2434 492 2509 543 τὰ
2571 488 2867 565 πρόϐατά
2904 507 3046 561 μου.
3083 489 3186 544 Καὶ
3232 487 3419 540 πάλιν·
3451 486 3517 539 “0
3558 486 3809 558 ἐξάγων

439 583 557 638 eris
584 583 626 618 1⁷
643 626 656 638 .
697 587 777 637 Ac
791 599 1032 641 rursum
1050 603 1061 640 :
1081 585 1192 653 Qui
1215 585 1478 641 converti
1498 584 1705 651 fecerit
1714 586 2033 655 peccatore:

2219 579 2372 642 Ξξιον
2437 577 2500 643 ἐξ
2552 578 2842 645 ἀναξίου,
2911 580 2989 640 ὡς
3057 582 3266 651 στόμα
3326 596 3444 650 μου
3497 578 3633 649 ἴση.
3697 578 3813 629 Καὶ

438 672 515 727 ab
544 686 745 727 errore
758 675 866 727 vix
895 689 1037 738 suae,
1070 674 1325 731 salbavit
1354 675 1609 730 animam
1624 674 2016 744 ejusamorte,

2218 669 2375 721 πάλιν·
2425 668 2492 721 Ὀ
2531 666 2931 743 ἐπιστρέψας
2997 666 3376 741 ἁμαρτωλὸν
3438 664 3500 719 έκ
3557 665 3812 727 πλάνης

437 761 659 831 aperiet
686 762 1129 819 multitudinem
1152 771 1535 834 peccatorum
1567 764 1653 815 ιν.
1688 762 1745 818 Si
1776 763 1910 833 quis
1927 761 2031 815 eui:

2218 755 2351 811 νδοῦ
2401 758 2614 822 αὐτοῦ,
2660 763 2854 811 σώσει
2889 756 3114 830 ψυχὴν
3155 760 3352 811 αὐτοῦ
3391 758 3457 809 ἑκ
3497 756 3812 821 θανάτου,

439 848 513 905 ad
524 848 731 904 volans
746 865 815 905 ex
829 850 1522 923 dominandilcupiditate
1545 850 1843 922 pastorale
1865 849 2033 922 pedu:

2224 853 2305 901 :ui
2341 846 2613 919 καλύψει
2650 846 2894 909 πλῆθος
2934 846 3285 919 ἁμαρτιῶν.
3322 844 3419 899 "Av
3444 847 3533 918 μὶν
3558 846 3661 919 γὰρ
3690 843 3818 897 έπε-

440 936 702 1009 arripiat,
733 938 978 995 odiosus
999 940 1094 996 ille
1125 948 1214 997 est
1247 947 1304 996 et
1334 941 1782 997 abominandus
1815 943 1952 1005 Deo,
1979 956 2034 995 ni

2223 941 2399 1009 'pc'xaw
2420 955 2519 1000 τις,
2544 934 2599 987 ἐκ
2615 936 2897 1008 φιλαρχίας
2916 933 3251 1009 δράξηταιτῆ
3264 955 3286 997 ς
3305 940 3621 1005 ποιμαντικῆ
3634 953 3656 994 ς
3670 931 3817 1008 ῥάϐ-

437 1026 692 1083 salutem
724 1026 887 1084 alteri
943 1036 1134 1102 parat,
1176 1047 1285 1086 nec
1341 1030 1472 1102 ipse
1526 1030 1933 1102 consequitur.
1987 1030 2031 1085 S“

2227 1023 2321 1091 iov,
2352 1027 2573 1096 μισητὸς
2613 1028 2704 1076 καὶ
2735 1023 3071 1086 ἀπόπτυστος
3100 1031 3237 1094 Θεῷ,
3285 1025 3402 1076 οὔτε
3436 1022 3639 1085 σώζων,
3687 1024 3821 1074 οὔτε

437 1120 681 1172 vocatus
720 1132 756 1172 a
785 1118 903 1173 Deo
917 1133 987 1174 ac
1004 1134 1234 1174 morem
1267 1133 1479 1189 gerens
1499 1118 1918 1191 praefecturam
1940 1132 2031 1171 acc

2227 1114 2517 1184 τωζόμενος.
2566 1113 2659 1167 “Av
2691 1110 2751 1167 δε
2780 1113 2991 1175 κληθεὶς
3042 1109 3116 1167 δι’
3146 1114 3385 1171 ὑπακοὴν
3424 1119 3558 1166 Θεοῦ
3586 1108 3821 1174 δέξηται

439 1205 583 1277 piat,
612 1205 715 1260 etis
736 1205 964 1262 amicus
994 1207 1113 1263 Deo
1144 1206 1517 1277 intelligetur,
1552 1213 1607 1263 et
1645 1206 1804 1263 idem
1828 1206 1991 1262 alteri
2021 1222 2033 1261 ι

2227 1211 2295 1265 ’ὴν
2318 1210 2669 1281 προστασίαν,
2693 1211 2779 1259 xui
2804 1206 2948 1279 φίλος
2977 1213 3092 1277 Θεῳ
3116 1208 3207 1258 καὶ
3240 1204 3422 1266 σώζων
3451 1207 3541 1256 καὶ
3571 1206 3821 1275 σωζόμεο

441 1293 553 1349 sibi
613 1293 865 1351 salutem
924 1295 1147 1352 afferet.
1181 1296 1683 1369 Quandoquidem
1736 1296 1914 1366 igitur
1960 1296 2035 1367 ip:

2231 1315 2283 1358 ος
2336 1293 2805 1368 ἀποδειχθήσεται.
2852 1290 3065 1353 Ἐπειδὴ
3125 1290 3184 1347 δι
3227 1296 3359 1352 αῦτη
3412 1292 3576 1355 οὕτως
3622 1289 3823 1350 κέκλη-

441 1383 525 1438 sic
555 1389 763 1439 vocata
791 1399 876 1454 es,
910 1385 1108 1455 gaude
1156 1392 1212 1442 et
1252 1387 1395 1441 time
1448 1403 1460 1440 :
1517 1384 1661 1441 illud
1716 1384 1962 1457 quidem
2013 1399 2035 1439 ε

2229 1405 2314 1448 ἀι,
2363 1391 2521 1457 χαῖρε
2566 1388 2656 1436 καὶ
2699 1388 2886 1460 τρέμε·
2949 1387 3009 1436 τό
3219 1378 3314 1435 διὰ
3351 1385 3446 1440 τὴν
3493 1377 3705 1445 ἕλπίδα,
3754 1382 3823 1431 τὸ

440 1486 611 1543 spem
645 1488 659 1537 ;
692 1471 851 1527 istud
892 1489 1031 1530 vero
1056 1474 1135 1530 ob
1167 1474 1640 1531 sollicitudinem.
1668 1474 1760 1529 Sic
1777 1473 2004 1545 praesis.

2232 1478 2261 1526 ἰ
2313 1470 2407 1526 διὰ
2456 1477 2549 1532 τὴν
2606 1472 2870 1544 ἀγωνίαν·
2904 1475 3038 1544 ἡγοῦ
3092 1476 3181 1524 καὶ
3232 1468 3544 1535 κατευοδοῦ,
3594 1474 3826 1541 ποιμαί-

443 1575 723 1632 prospere
738 1576 907 1632 agas,
924 1578 1198 1634 pascens,
1213 1579 1542 1635 gerensque
1555 1563 1629 1618 de
1645 1578 1921 1618 sororum
1953 1577 2037 1617 co:

2229 1583 2362 1616 ουσα
2412 1567 2502 1614 καὶ
2547 1558 2872 1637 διαφέρουσα
2917 1566 3011 1621 τὴν
3068 1557 3322 1635 φροντίδα
3378 1567 3470 1621 τῆς
3520 1555 3823 1631 ἀδελφότη-

441 1647 714 1705 tubernio
744 1666 971 1706 curam.
1012 1655 1250 1709 Terrent
1298 1657 1352 1709 te
1402 1668 1473 1708 ea
1498 1668 1631 1724 quae
1677 1651 1840 1708 fama
1866 1667 2035 1707 narra

2232 1672 2302 1713 ος.
2369 1648 2625 1726 Ὀῥρωδεί
2686 1669 2742 1704 σε
2806 1654 2871 1704 τὰ
2932 1649 3281 1725 θρυλλούμενα
3343 1651 3415 1711 ὡς
3477 1653 3571 1721 φής
3611 1665 3625 1678 ·
3696 1646 3823 1699 ἀλλ’

443 1737 681 1811 inquis:
719 1740 825 1795 sed
853 1740 1044 1797 habes
1094 1741 1424 1812 adjutorvm
1486 1745 1689 1805 Deum,
1759 1741 2037 1814 emcaxqi

2223 1745 2344 1813 χεις
2392 1744 2519 1794 Θεὸν
2566 1743 2855 1814 ἐπίκουρον,
2906 1744 3153 1813 συνεργίᾳ
3199 1747 3300 1791 τῶν
3346 1745 3662 1809 προσευχῶν
3709 1744 3817 1798 τῆς

444 1835 853 1885 maternarum
868 1845 1113 1902 precum
1140 1831 1448 1887 auxilium.
1471 1835 1531 1887 ln
1550 1831 1715 1887 illum
1728 1847 1937 1887 curam
1966 1848 2038 1887 on

2225 1835 2415 1905 ιητρός.
2480 1830 2585 1902 Ἐφ’
2727 1834 2820 1885 τήν
2875 1831 3125 1904 μέριμναν
3183 1847 3277 1880 σου
3342 1826 3660 1901 ὶπιῤῥίψοις,
3718 1831 3819 1878 καὶ

446 1933 585 1974 nem
618 1924 785 1975 tuam
814 1920 1024 1992 abjice,
1066 1928 1123 1977 et
1143 1923 1267 1994 ipse
1290 1921 1567 1994 expedita
1596 1922 1808 1979 efﬁciet
1841 1920 2040 1977 cunsili

2221 1919 2360 1981 ιύτός
2415 1923 2627 1976 ποιήσει
2681 1920 2843 1993 ῥάους
2890 1920 2979 1979 τὰς
3023 1914 3288 1978 διαθέσεις
3321 1935 3437 1970 σου.
3498 1915 3605 1968 Οὐκ
3660 1917 3815 1986 ἔχειν

447 2013 571 2066 tua.
602 2011 809 2064 Deesse
831 2010 937 2065 tibi
977 2010 1239 2082 aliquem
1278 2011 1496 2067 dixeris
1526 2012 1630 2083 qui
1661 2018 1713 2067 te
1754 2012 1859 2068 rite
1889 2010 2041 2067 defer

2224 2013 2370 2080 λέγοις
2418 2011 2533 2061 τινὰ
2582 2011 2668 2060 τόν
2726 2009 3122 2081 προστατοῦντοὶ
3178 2025 3273 2059 σου
3332 2009 3609 2077 γνησίως;
3668 2002 3818 2058 Ἀλλ’

445 2097 549 2154 dat
573 2096 602 2152 ?
623 2099 724 2152 sed
756 2098 1071 2170 praesidem
1086 2100 1273 2156 habes
1295 2100 1490 2172 ipsum
1505 2116 1686 2172 quem
1700 2100 1960 2157 dilexisti
1985 2100 2039 2155 1)‹

2220 2101 2341 2170 ἴχεις
2383 2101 2470 2151 τὸν
2511 2099 2887 2170 πρωτοστάτην
2935 2096 3092 2149 αὐτόν
3142 2097 3196 2148 ὃν
3242 2096 3525 2167 ἠγάπησας
3584 2096 3814 2167 Κύριον·

446 2185 679 2242 minum
713 2202 724 2240 :
755 2186 973 2243 deinde
1018 2192 1074 2244 et
1112 2188 1423 2244 custodem
1454 2190 1589 2245 vitae
1633 2193 1746 2245 tuae
1787 2188 2040 2259 angelum

2225 2190 2381 2241 πειτα
2425 2190 2630 2240 καὶτὸν
2688 2186 2891 2259 φύλακα
2925 2193 3017 2246 τῆς
3064 2185 3206 2247 ζωῆς
3261 2202 3355 2237 σου
3406 2182 3642 2256 ἄγγελον,
3690 2183 3819 2257 ῥυό·

448 2274 553 2347 qui
587 2279 639 2331 te
664 2290 736 2330 ex
774 2277 939 2331 omni
973 2275 1132 2333 malo
1163 2277 1941 2349 eripiat.Quarenedemilte
1967 2294 2042 2334 an

2216 2280 2351 2329 κενόν
2415 2295 2471 2329 σε
2530 2273 2585 2327 ἐκ
2646 2278 2838 2336 παντὸς
2898 2282 3082 2327 κακοῦ.
3154 2276 3241 2326 Διό
3307 2272 3516 2345 εὐθύμει
3578 2276 3669 2324 καὶ
3733 2276 3810 2343 μὴ

450 2380 640 2429 mum,
670 2365 774 2420 sed
804 2364 965 2435 erige
1004 2382 1016 2421 :
1052 2365 1257 2422 firmas
1306 2367 1544 2433 adhibe,
1587 2383 1710 2424 non
1768 2367 2044 2425 imbecilli

2224 2365 2393 2437 ἱθύμει
2421 2381 2435 2395 ’
2470 2364 2713 2438 εὐρώστει
2743 2368 2832 2416 καὶ
2857 2368 2928 2437 μὴ
2979 2362 3237 2438 ἀρῥώστει
3269 2380 3284 2394 ο
3336 2366 3579 2435 πρόνοιαν
3634 2367 3818 2413 ποιοῦ-

451 2454 635 2509 vires:
666 2453 1036 2525 prospiciens
1065 2455 1307 2525 integrae
1342 2456 1660 2512 valetudini
1704 2458 1989 2529 corporis,
2036 2475 2045 2513 ι

2226 2474 2279 2508 ru
2337 2462 2431 2515 τῆς
2486 2453 2678 2516 εὐεξίας
2739 2460 2830 2505 τοῦ
2880 2457 3121 2525 σώματος
3153 2468 3166 2482 ·
3234 2455 3319 2503 ἵνα
3381 2446 3632 2522 δουλεύης
3698 2457 3820 2520 Θεῷ

447 2541 565 2598 Deo
595 2541 701 2597 rite
732 2544 978 2611 servias,
1009 2548 1067 2599 et
1097 2559 1329 2600 sorores
1357 2560 1634 2615 regas,ac
1666 2562 1898 2603 sorores
1926 2547 2037 2602 vici

2224 2544 2515 2619 ὶρκούντως,
2553 2546 2643 2594 καὶ
2692 2538 2881 2615 διέπης
2911 2543 2999 2602 τὰς
3029 2537 3276 2613 ἀδελφάς.
3333 2544 3434 2593 Καὶ
3484 2559 3538 2592 αι
3586 2535 3818 2611 ἀδελφαὶ

450 2631 563 2686 sim
630 2631 733 2701 (ad
758 2631 920 2703 ipsas
967 2631 1125 2688 enim
1177 2638 1556 2689 convertatur
1585 2635 1793 2706 oratio)
1827 2641 1889 2692 ut
1943 2652 2039 2693 rec

2227 2633 2359 2686 εάλιν
2391 2650 2403 2662 ·
2446 2635 2576 2707 πρὸς
2615 2631 2773 2691 αὐτὰς
2831 2633 2932 2705 γὰρ
2988 2631 3013 2683 ό
3060 2635 3205 2701 λόγος
3245 2628 3605 2702 ἐπιστρέφοιτο
3648 2647 3661 2661 ·
3727 2628 3821 2681 ἱνα

451 2718 874 2790 gubernentur,
906 2736 975 2776 ac
1006 2720 1275 2791 religiose
1308 2727 1651 2794 pascantur,
1672 2729 1727 2779 te
1757 2740 1938 2780 unam
1981 2741 2045 2797 sp

2221 2726 2429 2775 ἕπωνται
2489 2722 2624 2773 κατὰ
2682 2720 2850 2791 λόγον,
2909 2723 2999 2771 καὶ
3063 2723 3438 2791 ποιμαίνωνται
3499 2719 3815 2793 θεοπρεπῶς,

449 2812 670 2874 rantes,
702 2812 756 2864 te
783 2823 986 2864 veram
1027 2816 1277 2867 matrem
1308 2816 1722 2882 agnoscentes,
1758 2828 1827 2869 ac
1857 2828 1918 2869 se
1947 2813 2043 2869 inv

2220 2813 2269 2864 τε
2329 2816 2481 2884 μόνον
2557 2809 2925 2875 ἁναπνέουσαι,
3001 2812 3092 2861 καὶ
3162 2811 3219 2861 σε
3291 2810 3495 2881 μητέρα
3563 2805 3814 2865 ἀληθινὴν

455 2912 584 2953 cem
611 2895 836 2953 sincere
866 2904 1175 2968 cognatas.

2208 2901 2582 2973 γνωρίζουσαι,
2617 2903 2706 2951 καὶ
2739 2902 3028 2970 συγγόνους
3051 2893 3294 2968 ἀψευδεῖς
3320 2896 3568 2959 ἀλλήλας.

527 3024 675 3079 Nam
711 3021 815 3079 ubi
864 3022 998 3077 talis
1056 3022 1221 3080 adest
1268 3025 1592 3081 concordia
1630 3026 2100 3092 animorum,ibi

2276 3026 2444 3079 Ὀπου
2487 3025 2587 3099 γὰρ
2637 3024 2667 3080 ἡ
2715 3023 2928 3079 τοιαύτη
2981 3019 3269 3092 συμψυχία
3312 3022 3583 3092 πάρεστιν,
3638 3020 3728 3071 ἐκεῖ
3774 3018 3801 3069 ό

453 3110 716 3173 Christus
754 3112 814 3166 in
864 3112 1082 3176 medio,
1115 3117 1172 3168 et
1222 3112 1415 3169 beatas
1461 3114 1595 3169 vitae
1635 3119 2047 3172 consummaui

2214 3118 2439 3190 Χριστός
2484 3116 2533 3166 ἑν
2576 3117 2739 3185 μέσῳ,
2789 3115 2873 3164 καὶ
2927 3112 2958 3169 ἡ
3016 3114 3253 3184 μακαρία
3300 3109 3406 3170 ζωη
3454 3108 3808 3180 τελειουμένη·

451 3200 642 3256 Vitam
669 3200 830 3257 enim
862 3201 1098 3259 beatam
1123 3203 1354 3275 adepta
1369 3210 1524 3268 sunt.
1558 3204 1955 3277 virginitatem
1969 3223 2045 3262 an

2218 3207 2469 3277 μακαρίαν
2516 3204 2614 3277 γὰρ
2673 3201 2812 3261 ζωὴν
2858 3200 3048 3253 εἰὶοντο
3102 3201 3375 3272 παρθενίαν
3422 3196 3812 3269 ἀσπασάμεναι,

453 3289 651 3362 plexa,
675 3294 731 3345 et
753 3289 1046 3345 Christum
1095 3307 1387 3363 sponsum
1432 3292 1740 3359 habentes,
1783 3310 1904 3350 non
1946 3311 2046 3351 mo

2226 3299 2298 3347 ιαὶ
2356 3296 2584 3365 Χριστόν
2640 3294 2856 3363 νυμφίον
2913 3291 3162 3360 ἔχουσαι,
3229 3292 3318 3340 καὶ
3378 3287 3472 3340 οὐκ
3534 3290 3820 3359 ἕπικήρους

452 3377 601 3435 tales
651 3392 887 3449 procos,
939 3394 1199 3451 quorum
1264 3380 1518 3436 molesta
1574 3383 1938 3439 consociatio
1991 3401 2046 3439 es

2227 3386 2501 3454 ινήστορας
2536 3398 2548 3410 ·
2584 3381 2651 3431 ὧν
2694 3381 2722 3438 ἠ
2785 3379 3034 3451 συνάφεια
3089 3374 3345 3451 ὀδυνηρά,
3395 3381 3484 3429 καὶ
3536 3378 3567 3435 ἡ
3626 3380 3821 3448 μικρὸν

454 3474 511 3522 et
556 3482 692 3539 quae
745 3466 930 3538 paulo
987 3475 1121 3539 post
1188 3469 1507 3538 disjunctio
1563 3470 1647 3536 ﬁt,
1708 3472 1897 3527 multo
1941 3489 2046 3529 ace

2227 3475 2422 3545 ἱστερον
2523 3467 2790 3532 διάζευξις
2876 3468 3240 3539 ἀλγεινοτέρα·
3312 3468 3366 3519 ὄν
3443 3462 3502 3519 δε
3594 3470 3821 3539 νυμφίον

453 3554 603 3611 bior.
648 3556 835 3621 Quem
867 3571 1003 3612 vero
1054 3572 1343 3629 sponsum
1418 3558 1643 3615 habent
1700 3560 2015 3626 Christum,

2218 3565 2399 3635 ῐχουσι
2450 3562 2694 3633 Χριστὸν,
2748 3561 2935 3610 οὔποτε
2985 3554 3307 3614 ἀποθνήσκει
3336 3571 3348 3585 ·
3394 3553 3519 3607 ἀλλὰ
3570 3559 3662 3607 καὶ
3701 3555 3812 3616 ζωή

452 3659 769 3715 nunquam
801 3645 1085 3701 moritur:
1118 3646 1292 3702 sedet
1312 3648 1433 3702 vita
1453 3649 1725 3703 omnium
1753 3653 1858 3704 est.
1886 3652 1951 3706 Ut
1982 3666 2046 3705 un

2224 3651 2321 3705 ἑστι
2365 3658 2463 3702 τῶν
2511 3648 2784 3701 ἁπάντων·
2826 3651 2915 3699 καὶ
2971 3644 3449 3698 συνεισελεύσονται
3502 3644 3665 3715 αὐτῷ.
3724 3656 3818 3704 τη-

455 3748 593 3789 cum
625 3748 696 3788 eo
726 3733 1131 3804 ingredientur
1157 3734 1321 3806 ipsae,
1351 3742 1556 3792 votum
1583 3742 1889 3793 servantes
1919 3738 2049 3795 abst

2222 3748 2398 3793 Μῡσαι
2441 3742 2497 3791 τό
2546 3735 2843 3807 ἐπαγγελμα
2884 3742 2979 3797 τῆς
3020 3738 3279 3800 νηστείας,
3333 3733 3402 3795 εἰς
3439 3737 3523 3787 τόν
3575 3734 3816 3809 οὐράνιον

455 3823 691 3892 nentiie,
735 3821 796 3879 in
811 3823 1108 3880 caelestem
1126 3824 1477 3881 thalamum.
1515 3825 1702 3883 Edant
1728 3826 2049 3895 illaa,biban

2220 3836 2493 3900 νυμφῶνα·
2538 3831 2627 3878 καὶ
2686 3828 3010 3897 φαγέτωσαν,
3054 3828 3139 3875 xui
3193 3825 3474 3892 πιέτωσαν,
3529 3827 3620 3876 καὶ
3671 3818 3814 3875 ἓνδι-

454 3910 800 3976 vestiantur,
831 3911 1130 3984 quidquid
1171 3928 1243 3969 ex
1296 3931 1409 3969 usu
1450 3915 1583 3970 vita)
1615 3921 1700 3971 est
1727 3917 2026 3988 accipiant

2221 3914 2608 3982 δυσκέσθωσαν,
2650 3919 2739 3967 καὶ
2776 3914 2803 3965 ὅ
2841 3933 2889 3966 τι
2927 3914 2988 3964 ἄν
3028 3912 3150 3964 ἄλλο
3187 3908 3442 3984 χρειῶδες
3490 3910 3815 3985 λαμϐανέτω-

453 3998 780 4069 perspicaci
797 4001 1082 4056 charitate
1099 4006 1197 4056 tua
1211 4018 1230 4055 :
1256 4002 1753 4074 quandoquidem
1781 4006 2047 4077 Apostoll

2217 4026 2307 4060 σαν
2360 4010 2489 4079 πρὸς
2531 4013 2626 4066 τῆς
2663 3999 2998 4075 εὖδιακρίτου
3056 4020 3151 4054 σου
3213 4001 3494 4074 θεοφιλείας
3528 4019 3539 4030 ·
3608 4006 3811 4076 έπείπερ

454 4086 539 4143 ait
558 4104 570 4142 :
586 4088 684 4143 Ita
701 4088 1102 4146 desiderantes
1116 4105 1236 4158 vos,
1268 4091 1480 4163 cupide
1500 4094 1837 4149 volebamus
1865 4095 2048 4151 trade:

2217 4091 2809 4169 φησὶνόἈπόστολος·
2860 4094 3068 4152 Οὕτως
3138 4091 3549 4163 ἱμειρόμενοι
3616 4093 3811 4163 ὑμῶν,

452 4176 612 4231 vobis
638 4193 757 4232 non
783 4178 966 4233 solum
992 4179 1380 4250 Evangelium
1409 4183 1532 4244 Dei,
1547 4182 1648 4237 sed
1676 4182 1851 4239 etiam
1872 4183 2046 4239 animi

2218 4183 2602 4255 εὐδοκοῦμεν
2668 4176 3069 4253 μεταδοῦναι
3134 4181 3307 4253 ὑμῖν,
3349 4179 3421 4232 οὐ
3488 4185 3682 4253 μόνον
3748 4184 3812 4233 τό

454 4270 693 4320 nostras
725 4267 792 4320 1⁸.
826 4265 952 4322 Sint
989 4268 1170 4323 modo
1221 4268 1394 4323 unius
1442 4272 1769 4336 sententiae,
1805 4273 2043 4344 uniusqt

2218 4273 2602 4344 Εὑαγγέλιον
2642 4279 2755 4324 τοῦ
2818 4278 3001 4336 Θεου,
3043 4267 3205 4322 ἀλλὰ
3265 4274 3372 4321 καὶ
3411 4272 3520 4331 τὰς
3582 4272 3812 4323 ἑαυτῶν

457 4353 689 4419 mentis,
721 4354 989 4410 animam
1018 4372 1199 4411 unam
1231 4357 1516 4414 habentes
1549 4376 1561 4413 :
1595 4376 1711 4415 una
1730 4360 2051 4418 sitvolunte

2212 4362 2246 4435 ψ
2262 4384 2291 4415 υ
2304 4384 2346 4435 χ
2359 4365 2390 4413 ά
2405 4382 2425 4423 ς
2440 4407 2453 4419 ,
2511 4366 2676 4414 Μόνον
2728 4360 3271 4432 όμογνωμονείτωσαν,
3334 4363 3806 4431 ωμφρονεὶτωσανι

452 4442 801 4498 communia
812 4444 1035 4507 omnia,
1053 4445 1347 4516 peculiare
1361 4446 1526 4511 nihil,
1542 4447 1780 4504 diversa
1801 4465 2046 4521 nusquai

2220 4458 2332 4505 μίαν
2374 4450 2559 4523 ψυχήν
2599 4452 2844 4520 ἔχουσαι,
2885 4451 2933 4501 ἔν
2981 4447 3196 4520 θέλημα,
3234 4449 3404 4501 πάντα
3437 4450 3605 4517 κοινὰ,
3649 4444 3814 4520 μηδὲν

453 4530 791 4587 sententia:
835 4538 891 4587 et
918 4532 1263 4603 perfecerint
1297 4536 1502 4591 omnia
1553 4552 1690 4609 quae
1739 4538 1815 4592 ad
1848 4537 2047 4593 salute;

2220 4538 2531 4602 ἰδιόκτητον,
2572 4535 2737 4611 μηδὲν
2791 4538 3125 4611 ἐτερόγνωμον
3172 4557 3185 4570 ο
3241 4541 3330 4589 καὶ
3375 4540 3433 4590 τὸ
3477 4542 3577 4589 πᾶν
3632 4537 3814 4600 αὐταῖς

453 4620 798 4676 necessaria
831 4636 841 4674 :
871 4636 942 4676 ac
969 4621 1396 4680 brevissimum
1428 4630 1482 4680 et
1507 4627 1814 4695 egregium
1844 4628 2047 4684 caanoh

2219 4637 2301 4691 τῆς
2360 4633 2623 4701 σωτηρίας
2667 4626 3037 4701 ἐξείργασται·
3091 4630 3181 4678 καὶ
3237 4627 3261 4678 ό
3330 4628 3584 4698 σύντομος
3648 4630 3737 4678 καὶ
3788 4628 3813 4679 ό

455 4708 579 4765 ιὶοιε
605 4708 739 4764 vitea
760 4710 1120 4767 curriculum
1147 4728 1407 4768 emensas
1450 4714 1505 4769 in
1529 4719 1883 4786 perpetuum
1914 4732 2049 4772 exsu

2214 4716 2477 4788 πάγκαλος
2537 4723 2626 4769 τοῦ
2681 4714 3010 4768 κοινοϐιακοῡ
3065 4712 3184 4788 βίου
3242 4711 3441 4789 δρόμος
3491 4712 3808 4774 διήνυσται·

457 4799 669 4855 tabunt
698 4815 835 4854 cum
893 4801 1132 4872 egregia
1183 4807 1283 4857 tua
1343 4819 1412 4857 ac
1461 4802 1739 4875 religiosa
1771 4812 1978 4860 matre.
2015 4807 2049 4863 S

2219 4811 2304 4859 καὶ
2364 4807 2715 4878 χορεύσουσιν
2769 4803 2842 4864 εἰς
2908 4803 3096 4865 αἰῶνας
3152 4812 3252 4855 τῶν
3302 4803 3497 4855 αἰώνων
3546 4807 3675 4876 μετὰ
3720 4811 3813 4857 σοῦ

454 4889 614 4944 enim
640 4889 869 4961 insigne
899 4890 1266 4953 ccenobium,
1288 4896 1343 4946 et
1374 4907 1510 4963 quae
1538 4894 1821 4963 praeclare
1853 4893 2048 4949 admin

2218 4902 2308 4955 τῆς
2352 4894 2514 4956 καλῆς
2562 4896 2761 4965 μητρός
2815 4897 2903 4944 καὶ
2954 4893 3236 4966 θεόφρονος.
3274 4893 3425 4945 Οὕτω
3470 4894 3571 4964 γὰρ
3608 4895 3667 4945 τὸ
3720 4913 3812 4945 κα-

457 4981 624 5042 strat,
656 4979 965 5035 communi
997 4978 1194 5035 laetitia
1229 4979 1623 5051 perfruentur,
1675 4988 1730 5036 et
1755 4988 1927 5037 erunt
1964 4998 2051 5037 cui

2221 4984 2300 5036 λὸν
2355 4982 2628 5047 κοινόϐιον,
2680 4986 2768 5034 καὶ
2820 4982 2849 5039 ἠ
2910 4980 3073 5041 καλῶς
3128 4986 3483 5053 ποιμαίνουσα
3531 4982 3815 5056 εὐφρανθή-

456 5066 707 5122 Domino
733 5083 988 5138 semper.
1018 5072 1225 5125 Nostra
1253 5069 1382 5124 huic
1406 5070 1596 5125 brevis
1611 5069 1954 5142 nulliusque
1979 5088 2046 5141 pr

2219 5090 2395 5125 σονται
2424 5068 2725 5143 ὁμοδίαιτον
2774 5070 3112 5144 εὐφροσύνην,
3170 5074 3260 5122 καὶ
3298 5073 3504 5124 ἔσονται
3556 5075 3649 5123 σὺν
3709 5077 3813 5125 Κυ-

458 5153 519 5209 tii
540 5153 816 5211 allocutio
848 5164 954 5212 est.
986 5158 1070 5210 Tu
1111 5171 1269 5225 vero,
1298 5157 1564 5223 domina,
1600 5173 1796 5229 pauca
1842 5159 1969 5214 hac
2009 5176 2052 5215 st

2217 5164 2307 5235 ρίῳ
2358 5162 2595 5215 πάντοτε.
2655 5159 2801 5217 Αὕτη
2858 5160 3002 5231 ἡμῶν
3059 5160 3089 5217 ἡ
3156 5161 3322 5233 μικρὰ
3377 5165 3468 5213 καὶ
3532 5156 3811 5233 μηδαμινό

456 5243 621 5299 mina
649 5243 966 5315 excipiens,
999 5260 1071 5299 ex
1104 5244 1292 5315 teipsa
1317 5261 1452 5316 quos
1501 5245 1721 5303 desunt
1765 5246 1957 5317 adjice
1991 5264 2004 5303 :
2033 5265 2050 5303 ε

2221 5255 2626 5323 προσφώνησις·
2680 5252 2745 5300 σὺ
2798 5244 2877 5312 δε,
2932 5252 3109 5322 κυρία,
3164 5251 3230 5301 τὰ
3282 5246 3493 5323 βραχέα
3538 5251 3815 5321 σπέρματα

456 5347 566 5404 pro
595 5332 770 5389 nobis
784 5331 1197 5404 peccatoribus
1210 5348 1415 5405 preces
1432 5333 1679 5391 fundere
1708 5351 1780 5391 ne
1807 5338 2050 5407 graveri:

2223 5337 2468 5408 λαϐοῦσα,
2523 5337 2648 5412 παρ’
2700 5339 2887 5399 ἑαυτῆς
2941 5337 3169 5410 πρόσθες
3219 5339 3286 5390 τὰ
3341 5332 3669 5391 ἐλλείποντα·
3726 5343 3817 5392 καὶ

535 5565 773 5623 "Joan.
802 5567 1033 5633 111,18.
1112 5568 1155 5603 ¹⁷
1184 5568 1395 5625 Jerem.
1426 5585 1524 5638 xv,
1562 5574 1643 5628 t9.
1725 5572 1790 5607 ³⁷·
1813 5573 1932 5629 Jac.
1964 5588 2019 5645 v,
2053 5572 2123 5630 20

1127 5568 1155 5602 ⁷
1184 5568 1395 5625 Jerem.
1426 5585 1524 5638 xv,
1562 5574 1643 5628 t9.
1725 5572 1790 5607 ³⁷·
1813 5573 1932 5629 Jac.
1964 5588 2019 5645 v,
2053 5572 2142 5630 20.
2221 5575 2267 5611 ¹⁸
2296 5576 2317 5632 l
2346 5573 2545 5631 Thess.
2575 5590 2633 5645 ιι,
2666 5573 2721 5629 8.
