4036 6276
218 272 362 330 1433

224 400 625 474 προσεύχεσθαι
652 404 772 475 περὶ
829 402 973 475 ἡμῶν
1036 408 1138 456 τῶν
1188 400 1507 476 ἁμαρτωλῶν
1551 397 1818 475 παρακλή-
1843 398 1892 454 Α

221 490 340 548 θητι
368 506 381 518 '
442 490 525 541 ἶνα
577 490 645 541 ὧν
672 489 837 562 λόγων
890 489 1042 564 ἔσμεν
1082 487 1425 557 διδάσκαλοι,
1466 492 1658 543 τούτων
1687 491 1820 562 ἄνερ-

217 585 330 651 γεῖς
377 578 610 651 ὀφθῶμεν
694 580 976 655 πράκτορας
1007 598 1021 612 ⁸
1092 584 1181 635 καὶ
1242 583 1485 653 σωθῶμεν
1561 581 1655 632 σὺν
1698 579 1820 651 ύμῖν

221 666 272 720 ἰν
300 674 360 740 τῇ
390 664 637 741 βασιλείᾳ
667 676 769 721 τῶν
794 669 1043 743 οὐρανῶν.

438 790 750 865 ΡΛΕ’
793 824 857 835 —
902 798 1356 866 Κατηχητική.
1403 792 1603 881 [χςαἍ]

1496 271 2007 330 EPISTOLARUM
2051 272 2186 329 LIB.
2231 270 2278 327 ll
2288 314 2300 326 .

3448 268 3584 327 1434

1928 402 1993 453 ut
2018 413 2155 470 quas
2177 397 2465 454 docemus
2489 409 2613 465 ore,
2631 411 2704 453 ea
2729 411 2909 469 opere
2936 393 3221 467 perﬁcere
3236 394 3583 467 conspicia-

1931 502 2085 551 mur,
2118 503 2187 542 ac
2217 486 2365 543 salvi
2389 485 2706 541 vobiscum
2736 486 2923 541 simus
2954 484 3013 540 in
3053 499 3239 555 regno
3264 483 3583 541 ccelorum.

2359 785 2606 842 CXXXV.
2648 817 2717 827 —
2757 785 3154 843 Catechctica.

957 891 1173 942 Pietatis
1197 891 1522 941 documenta
1553 890 1717 940 tradit
1736 889 1793 938 in
1822 888 2093 938 sacratum
2122 885 2557 949 Quadragesimaa
2586 887 2829 948 tempus.

291 977 413 1032 Ὀτι
464 978 782 1040 ὶπεζήτησεν
833 981 864 1039 ἠ
923 985 1159 1054 τιμιότης
1208 1000 1303 1034 σου
1345 979 1495 1053 λόγον
1545 980 1816 1040 νουθεσίας

225 1068 371 1140 παρὰ
416 1075 512 1130 τῆς
566 1073 926 1131 ταπεινώσεως
980 1071 1127 1142 ἡμῶν
1156 1086 1169 1099 ⁸
1244 1074 1334 1123 καὶ
1387 1070 1414 1122 6
1464 1068 1615 1140 λόγος
1669 1068 1817 1140 ἡμῶν

222 1154 641 1228 ἑξουθενημένος,
695 1162 786 1211 καὶ
843 1158 869 1210 6
925 1155 1041 1231 βίος
1090 1160 1232 1232 ἡμῶν
1267 1157 1603 1231 ἠμελημένος.
1643 1156 1819 1229 Ὅμως

222 1245 305 1297 ὅτι
369 1244 561 1317 ἇρῶμιν
624 1254 719 1308 τῆς
794 1251 1058 1323 σωτηρίας
1124 1266 1241 1314 σου,
1310 1249 1495 1301 καθότι
1555 1250 1644 1300 καὶ
1687 1264 1819 1318 παρ-

225 1334 366 1395 θένος
455 1332 505 1386 εἷ
576 1336 747 1407 νύμφη
828 1341 1084 1407 Χριστοῦ,
1178 1335 1444 1409 κειμήλιον
1516 1335 1816 1408 ἁγιότητος,

223 1425 315 1475 καὶ
370 1423 546 1485 καθὼς
634 1421 691 1476 ἑκ
766 1426 1121 1487 πεποιθήσεως
1194 1427 1455 1489 επιζητείς
1515 1426 1661 1498 ἡμῶν
1725 1428 1821 1482 τὴν

225 1513 497 1566 νουθεσίαν
530 1527 543 1541 ⁸
615 1511 873 1574 ἔπιζητεῖς
929 1511 989 1567 δι
1031 1514 1195 1573 αὐτὴν
1225 1511 1320 1568 διὰ
1368 1520 1462 1575 τὴν
1509 1512 1593 1568 ἰπὶ
1638 1516 1821 1588 θύραις

223 1598 568 1673 ἕφισταμὲνην
648 1601 801 1674 ἁγίαν
892 1609 1325 1675 τεσσαρακοστήν
1355 1621 1368 1635 ·
1441 1608 1529 1656 καὶ
1604 1604 1634 1661 ἡ
1699 1601 1822 1661 ἁληο

228 1692 341 1747 θινή
416 1692 665 1763 παρθένος
740 1699 977 1765 Χριστοῦ
1050 1693 1145 1745 οῦκ
1209 1692 1258 1745 ἓν
1332 1696 1546 1767 ἡμέραις
1632 1692 1826 1766 ἀφωρι-

228 1782 461 1851 σμέναις,
517 1778 625 1831 ἀλλ’
672 1779 721 1832 ἐν
775 1785 928 1834 παντί
956 1790 1145 1856 καιρῷ,
1199 1786 1289 1836 καὶ
1339 1786 1386 1835 ἓν
1426 1782 1618 1856 ἑκάστῃ
1655 1784 1823 1855 ἡμέρᾳ

228 1871 379 1932 ζητεῖ
402 1875 510 1930 πῶς
548 1866 723 1941 ἆρίσει
746 1878 819 1940 τῷ
850 1875 1024 1944 Κυρίῳ
1050 1876 1138 1924 καὶ
1187 1876 1407 1945 Νυμφίῳ
1438 1876 1619 1933 αὐτῆς.
1669 1877 1822 1941 Ἔχει

225 1953 287 2011 δέ
340 1976 395 2010 τι
444 1958 643 2019 πάντως
708 1962 798 2011 καὶ
849 1961 875 2011 ό
930 1967 1027 2012 τῶν
1074 1969 1322 2019 νηστειῶν
1377 1965 1564 2036 χρόνος
1625 1957 1824 2032 ἰδίωμα

227 2041 464 2107 σπουδῆς
508 2045 744 2121 ἐναρέτου
804 2051 935 2120 πρὸς
985 2051 1072 2101 τὸν
1124 2047 1237 2101 ὅλον
1277 2052 1504 2102 ἐνιαυτόν
1537 2066 1551 2079 ·
1609 2068 1825 2124 τοιγαρ-

223 2142 332 2201 οῦν,
383 2136 423 2186 ὦ
471 2137 787 2208 τιμιωτάτη,
841 2139 929 2190 τὸν
969 2140 1170 2196 συνήθη
1226 2157 1320 2191 σου
1350 2143 1539 2192 κανόνα
1584 2146 1679 2201 τῆς
1725 2139 1821 2191 ἀσ-

224 2230 425 2286 κήσεως
477 2223 694 2297 ἢεργείν
741 2229 831 2278 καὶ
859 2227 982 2299 ἄρτι
1029 2229 1398 2299 προθυμήθητι
1430 2245 1443 2259 ’
1476 2228 1534 2281 ού
1590 2231 1692 2301 γὰρ
1724 2224 1818 2281 δυ-

222 2315 422 2387 νάμεθα
450 2314 705 2386 όροθετιῖν
756 2322 905 2367 τοῦτο
946 2315 1172 2381 κάκεῖνο,
1207 2320 1238 2375 ἤ
1300 2321 1405 2382 σοι,
1454 2321 1484 2376 ἣ
1537 2324 1651 2381 ταῖς
1691 2319 1822 2389 μετὰ

227 2408 323 2456 σοῦ
353 2405 820 2475 συνασκουμέναις,
853 2400 949 2457 διὰ
988 2408 1045 2457 τὸ
1092 2410 1249 2477 μήπω
1290 2402 1483 2460 εἰδέναι
1528 2412 1623 2465 τὴν
1673 2406 1820 2469 τάξιν

224 2496 313 2545 καὶ
360 2497 455 2551 τὴν
493 2491 705 2564 ἀγωγὸν
733 2494 897 2566 ὑμῶν.
940 2492 1025 2557 Εἷς
1057 2491 1117 2548 δι
1153 2497 1269 2570 ὅρος
1319 2500 1410 2549 καὶ
1446 2501 1611 2549 κανὼν
1641 2515 1821 2549 κοινω-

225 2580 375 2653 φελης
410 2587 545 2634 πᾶσι
599 2586 1078 2656 κεχρεωστημένος,
1129 2588 1219 2637 καὶ
1273 2584 1505 2657 μάλιστα
1570 2593 1677 2647 τοῖς
1736 2584 1821 2637 ἁν-

1854 1829 1898 1885 Β

226 2672 502 2745 ῃρημένοις
567 2672 626 2723 τὸ
677 2675 969 2743 μοναχικόν
1021 2670 1338 2747 ἐπάγγελμα,
1384 2678 1445 2727 τὸ
1493 2670 1660 2747 μηδεν
1725 2674 1820 2738 ἕξω

223 2767 322 2812 τῶν
345 2759 737 2833 ἁπαρεσκόντων
775 2768 890 2832 Θεῷ
918 2763 1164 2836 πράττειν
1190 2765 1347 2836 ἡμᾶς,
1375 2762 1445 2815 ἀλ
1457 2763 1501 2816 λ’
1537 2762 1595 2816 ἄν
1652 2762 1820 2837 φόϐῳ

225 2853 332 2901 καὶ
378 2852 587 2924 τρόμῳ
658 2853 771 2909 τὴν
854 2856 1185 2928 σωτηρίαν
1250 2855 1423 2927 ἡμῶν
1508 2855 1821 2929 κατεργά-

227 2936 491 2998 ζεσθαι·
542 2940 759 3012 καὶγὰρ
807 2944 1025 2998 νηστεία
1073 2940 1294 3011 ἀληθὴς,
1343 2944 1373 3000 ἦ
1414 2945 1605 3005 παντὸς
1657 2948 1821 2995 κακοῦ

231 3024 437 3099 ἀποχή.
494 3030 880 3101 Νηστεύσωμεν
958 3038 1162 3105 πρῶτον
1239 3034 1327 3103 μεν
1399 3033 1499 3084 ἀπὸ
1585 3039 1676 3084 τοῦ
1746 3036 1816 3103 μὴ

224 3114 603 3179 εἰσοικίζεσθαι
631 3121 753 3179 τοὺς
794 3122 1053 3191 πονηροὺς
1089 3119 1372 3193 λογισμούς
1411 3120 1460 3173 ίν
1497 3128 1558 3193 τῇ
1600 3117 1817 3195 καρδίᾳ,

223 3202 496 3259 κάντεῦθεν
549 3204 871 3259 ἀνάπτεσθαι
925 3208 997 3271 εἰς
1065 3208 1342 3283 ἐπιθυμίας
1393 3210 1659 3273 ἕκτόπους.
1710 3215 1821 3264 Μία

220 3294 325 3366 γὰρ
356 3296 604 3367 ἓπιθυμὸα
654 3300 745 3349 καὶ
774 3298 843 3359 εἷς
895 3299 1020 3371 ἔρως
1066 3297 1323 3366 ἀληθινὸς,
1370 3300 1396 3351 ό
1446 3302 1629 3374 Κύριος
1672 3301 1819 3371 ἡμῶν

223 3383 429 3444 Ἰησοῦς
486 3388 741 3457 Χριστὸς,
799 3386 826 3437 ὁ
874 3385 1024 3448 καλός
1065 3392 1155 3440 καὶ
1201 3390 1388 3461 ὡραῖος
1448 3394 1716 3460 Νυμφίος·
1759 3388 1820 3441 οὗ

223 3472 256 3529 ἠ
303 3470 536 3545 ἕριεμένη
592 3472 647 3537 ἐξ
710 3473 993 3549 ὁλοκλήρου
1057 3474 1238 3548 ψυχή,
1305 3483 1454 3549 μισεί
1504 3479 1675 3551 σάρκα
1729 3482 1820 3529 καί

224 3561 376 3633 αίμα,
435 3566 525 3614 καὶ
567 3565 739 3616 πάντα
779 3566 847 3615 τὰ
896 3572 992 3626 τῆς
1038 3567 1227 3639 φθορᾶς
1260 3563 1555 3639 ἰνδάλματα
1582 3585 1595 3599 ·
1649 3565 1728 3619 ἀεὶ
1760 3562 1819 3619 δε

222 3654 537 3722 πτερουμένη
629 3659 700 3723 τῷ
764 3656 877 3724 περὶ
962 3654 1117 3706 αύτὸν
1192 3657 1355 3726 πόθῳ,
1443 3654 1821 3730 ἀποστρέφεται

229 3735 428 3810 σχεδόν
457 3738 637 3809 εἰπεῖν,
682 3745 773 3793 καὶ
799 3744 955 3794 αὐτον
984 3746 1070 3795 τὸν
1097 3742 1240 3801 ἣλιον
1288 3746 1410 3817 όρᾲν
1440 3762 1452 3775 ·
1480 3750 1569 3797 καὶ
1611 3742 1823 3817 σφαδά-

226 3826 307 3888 ζει
350 3833 443 3881 καὶ
500 3836 593 3881 τοῦ
647 3835 887 3902 σώματος
926 3830 1158 3897 ἄκϐἤναι,
1211 3838 1300 3885 καὶ
1346 3837 1475 3908 πρὸς
1506 3838 1593 3886 τὸν
1630 3836 1820 3887 ποθού-

223 3935 373 3988 μενον
422 3919 664 3989 γενέσθαι
696 3936 709 3949 ·
786 3921 908 3994 ὅπερ
966 3924 1080 3973 ﬁeri
1139 3924 1198 3974 τό
1270 3921 1551 3996 ἀκρότατον
1613 3922 1819 3996 ὀρεκτόν

219 4013 331 4068 τοῖς
382 4005 537 4078 λόγου
576 4008 927 4081 μιτειλφηόσι.
967 4013 1347 4084 Νηστεύσωμεν
1394 4007 1462 4070 δὴ
1517 4016 1651 4065 κατὰ
1703 4009 1817 4065 δεύ·

224 4112 369 4167 τερον
425 4094 595 4168 λόγον,
649 4100 740 4149 καί
798 4096 898 4150 ἀπὸ
954 4096 1242 4173 βρωμάτων
1294 4105 1587 4164 ποσότητος
1636 4119 1688 4154 τε
1730 4106 1820 4154 καὶ

222 4187 498 4247 ποιότητος
527 4204 540 4218 ο
586 4190 675 4238 καὶ
731 4195 1001 4254 τοσοῦτον,
1044 4189 1236 4241 ὁπόσον
1262 4192 1293 4248 ἠ
1329 4186 1553 4261 δύναμις
1602 4198 1694 4243 τοῦ
1722 4197 1820 4243 σὼο

222 4291 387 4345 ματος
443 4277 580 4349 φίρει
615 4294 628 4308 ·
688 4280 818 4348 φησί
854 4279 957 4352 γὰρ
1007 4278 1033 4329 6
1086 4278 1397 4340 Ἀπόστολος
1430 4298 1443 4313 ο
1514 4278 1818 4344 Ἕκαστος

222 4363 428 4424 καθὼς
480 4372 900 4439 προαιρεῖται
951 4373 1022 4439 τῇ
1078 4364 1339 4441 καρδίᾳ,
1382 4372 1463 4441 μὴ
1505 4372 1569 4421 ίκ
1597 4368 1816 4450 λύπης,

222 4454 254 4510 ἦ
297 4451 360 4514 ἓξ
396 4450 718 4523 ἀνάγκης·
762 4457 829 4507 τὸ
883 4455 1106 4530 ἱλαρὸν
1142 4459 1261 4529 γὰρ
1296 4456 1513 4529 ἀγαπᾷ
1551 4459 1577 4511 ό
1616 4464 1774 4522 Θεός
1802 4478 1818 4495 ο

219 4544 310 4593 καί
339 4544 399 4592 τό
432 4544 567 4594 κατὰ
597 4539 837 4615 δύναμιν.
865 4550 1029 4597 Τοῦτο
1056 4541 1114 4598 δὲ
1130 4547 1212 4597 ἰπὶ
1244 4564 1338 4598 σου
1367 4556 1463 4609 τῆς
1491 4549 1819 4622 καθηγουμέ-

217 4647 309 4689 νης
352 4629 799 4702 κυριο).εκτεῖσθαι
850 4629 1107 4686 δύναται·
1161 4632 1243 4687 ἐπὶ
1298 4631 1357 4689 δί
1403 4644 1497 4697 τῆς
1524 4634 1819 4711 ἀδελφότη-

216 4737 310 4781 τος
351 4718 444 4771 ούκ
496 4722 609 4791 ἔχει
662 4718 884 4794 δύναμιν
915 4739 934 4756 ο
976 4719 1069 4775 διὰ
1110 4726 1167 4776 τό
1226 4727 1361 4778 κατὰ
1417 4730 1509 4784 τὴν
1566 4728 1666 4780 ὑπὸ
1721 4734 1816 4781 σοῦ

219 4804 507 4881 δεδομένην
574 4806 811 4874 διάταξιν
856 4817 946 4865 καὶ
979 4811 1167 4865 ἔσθίειν
1219 4819 1308 4867 καὶ
1353 4819 1535 4882 πίνειν,
1580 4820 1665 4868 καὶ
1722 4822 1815 4875 τὴν

216 4894 379 4954 ἄλλην
708 4901 837 4953 εἶναι
912 4901 987 4974 ἐφ’
1060 4901 1305 4967 ἑκάστης,
1388 4906 1523 4958 ὥστε
1608 4902 1816 4980 διακρι-

216 4994 371 5040 τικοῦ
419 4991 650 5060 ὄμματος
704 5008 789 5042 σοι
838 4994 998 5065 χρεία
1044 4996 1405 5063 προσηκόντως
1434 4996 1500 5045 τὰ
1536 4994 1815 5057 κατάύτᾰς

218 5076 533 5149 ἑπιθεωριῖν.
595 5083 783 5139 Κοινῶς
832 5075 892 5131 δι
940 5077 1022 5131 iul
1061 5086 1215 5148 πᾶσι,
1269 5084 1328 5133 τὸ
1382 5080 1676 5155 ἀπέχεσθαι
1716 5104 1814 5157 μα-

216 5163 516 5235 ταιολογίας
570 5162 813 5241 ἀκαίρου,
914 5165 1204 5240 βασκανίας
1315 5168 1531 5237 ἀτόπου,
1626 5172 1815 5244 ἀργίας

1854 3193 1894 3249 C

295 5314 362 5351 ί⁸¹
390 5313 639 5389 Philipp.
671 5332 731 5384 ιι,
760 5317 847 5375 18.
927 5320 973 5356 ¹⁹
1006 5318 1053 5375 Il
1081 5321 1208 5377 Cor.
1240 5336 1321 5392 1x,
1352 5322 1405 5377 7.

2001 983 2170 1050 Quod
2201 983 2533 1039 reverentia
2558 988 2657 1037 tua
2675 996 3013 1037 sermonem
3044 980 3479 1037 adhortationis
3506 982 3586 1038 ab

1926 1072 2257 1129 humilitate
2284 1077 2486 1127 nostra
2545 1070 2852 1141 ﬂagitavit.
2896 1086 3004 1126 nec
3038 1086 3237 1126 sermo
3269 1075 3469 1127 noster
3501 1070 3585 1127 ul-

1927 1161 2041 1218 lius
2070 1162 2239 1235 pretii
2266 1166 2375 1226 est,
2412 1167 2467 1216 ct
2492 1159 2613 1216 vita
2638 1158 3041 1231 despicabilis.
3063 1158 3360 1225 Quoniam
3378 1164 3586 1217 tamen

1930 1251 2137 1307 salutis
2162 1258 2273 1307 tua;
2292 1250 2603 1323 percupidi
2631 1265 2867 1314 sumus,
2883 1252 3200 1321 propterea
3215 1248 3383 1321 quod
3401 1248 3584 1306 etvir-

1930 1355 2007 1413 go
2031 1356 2094 1396 es
2116 1339 2323 1396 Christi
2346 1354 2595 1412 sponsa,
2618 1338 2922 1411 specimen
2946 1337 3295 1405 sanctitatis,
3312 1352 3385 1394 ac
3402 1337 3586 1395 veluti

1934 1445 2008 1486 ex
2046 1428 2266 1485 ﬁducia
2296 1434 2565 1484 nostram
2604 1427 2906 1484 desideras
2934 1425 3416 1483 adhortationem
3451 1443 3463 1481 :
3499 1426 3586 1484 id-

1932 1519 2090 1575 circo
2138 1524 2340 1574 autem
2392 1517 2700 1573 desideras
2757 1516 2923 1589 quod
2982 1516 3160 1572 veluti
3202 1531 3311 1588 pro
3356 1515 3585 1573 foribus

1932 1612 2087 1665 astat
2135 1611 2343 1664 sancta
2417 1606 2913 1676 Quadragesima.
2983 1621 3055 1661 ac
3129 1621 3267 1661 vera
3338 1605 3583 1678 quidem

1932 1695 2146 1752 Christi
2171 1697 2335 1767 virgo
2365 1711 2485 1751 non
2540 1695 2712 1751 certis
2741 1710 2813 1750 ac
2869 1693 3130 1750 deﬁnitis
3184 1694 3420 1762 diebus,
3477 1694 3583 1751 sed

1931 1786 2098 1841 omni
2128 1789 2396 1858 tempore
2422 1788 2477 1840 et
2508 1783 2775 1857 quolibet
2793 1783 2888 1839 die
2907 1782 3159 1839 sollicita
3172 1787 3259 1839 est
3274 1783 3586 1855 quomodo

1932 1873 2165 1947 placeat
2191 1873 2447 1929 Domino
2472 1888 2543 1928 ac
2570 1874 2805 1945 Sponso
2838 1887 2971 1928 suo.
3005 1872 3191 1928 Habet
3210 1876 3412 1929 tamen
3454 1887 3587 1928 om-

1932 1962 2160 2036 ninojej
2170 1962 2447 2018 uniorum
2461 1966 2701 2034 tempus
2712 1961 3075 2034 peculiarem
3098 1961 3215 2017 vim
3226 1961 3587 2034 quamdam,

1934 2056 1995 2108 ut
2016 2051 2283 2107 studium
2294 2055 2473 2107 acuat
2488 2050 2872 2123 capessenda
2894 2066 2998 2123 per
3014 2054 3207 2107 totum
3228 2066 3455 2107 annum
3473 2051 3587 2108 vir-

1932 2141 2090 2198 tutis.
2118 2140 2545 2206 Quamobrem,
2573 2155 2610 2196 o
2629 2139 3148 2207 reverendissima,
3165 2140 3245 2197 da
3267 2139 3422 2197 ultro
3439 2154 3589 2212 ope-

1929 2246 2063 2287 ram
2093 2234 2157 2285 ut
2185 2235 2536 2286 consuetam
2562 2228 2665 2285 tibi
2691 2228 2749 2284 in
2780 2229 3147 2286 monasterio
3174 2229 3414 2285 vivendi
3444 2244 3589 2286 nor-

1930 2335 2098 2378 mam
2127 2334 2291 2375 nunc
2318 2334 2563 2392 quoque
2579 2324 2783 2375 teneas
2809 2334 2823 2373 :
2851 2333 3050 2391 neque
3067 2317 3229 2374 enim
3255 2334 3586 2390 possumus

1931 2411 2045 2468 hoc
2072 2408 2166 2465 vel
2194 2406 2337 2464 illud
2364 2407 2635 2475 deﬁnire,
2664 2424 2769 2464 seu
2793 2407 2920 2475 tibi,
2949 2423 3055 2464 seu
3076 2407 3324 2480 reliquis
3342 2423 3479 2480 qua
3506 2413 3586 2465 te-

1930 2515 2069 2557 cum
2100 2501 2465 2568 exercentur,
2498 2496 2665 2570 quod
2695 2502 2897 2553 vestra
2938 2496 3086 2553 mihi
3115 2496 3314 2552 minus
3367 2496 3442 2552 sit
3492 2512 3586 2554 co-

1931 2590 2098 2661 gnita
2126 2589 2259 2644 vitae
2284 2586 2594 2643 institutio.
2628 2588 2752 2643 Una
2779 2601 2922 2642 vero
2969 2585 3086 2653 lex,
3112 2585 3321 2656 regula
3347 2600 3470 2642 una
3498 2589 3588 2643 est

1930 2693 2117 2751 quam
2148 2692 2257 2750 par
2285 2680 2372 2732 est
2395 2675 2681 2731 omnibus
2712 2690 2844 2731 esse
2870 2689 3281 2742 communem,
3314 2674 3419 2731 sed
3461 2690 3588 2732 ma-

1930 2767 2089 2824 xime
2119 2766 2193 2822 iis
2216 2766 2316 2838 qui
2347 2766 2750 2822 monasticam
2783 2764 2917 2820 vitm
2942 2764 3278 2820 institutum
3305 2763 3591 2836 proﬁten-

1931 2861 2027 2913 tur
2056 2872 2072 2923 ;
2103 2854 2251 2912 nihil
2278 2859 2344 2911 ut
2368 2855 2624 2910 exterius
2655 2867 2909 2922 agamus
2933 2868 3145 2909 eorum
3172 2868 3310 2925 qum
3335 2855 3452 2909 Deo
3476 2852 3586 2909 mi-

1932 2961 2045 3002 nus
2073 2945 2312 3018 placent
2338 2960 2350 2999 :
2382 2944 2485 3001 sed
2510 2943 2573 3000 in
2609 2944 2818 2999 timore
2845 2958 2917 3000 ac
2938 2948 3192 2999 tremore
3210 2942 3465 2999 salutem
3481 2957 3585 2999 ηο-

1930 3039 2117 3091 εινάηι
2142 3033 2553 3104 ορενειηιιι·¹⁸¹.
2571 3034 2785 3088 Verum
2800 3031 2960 3087 enim
2974 3031 3300 3104 jejunium,
3314 3030 3394 3087 ab
3414 3030 3585 3087 omni

1934 3122 2094 3180 malo
2123 3122 2487 3179 abstinentia
2509 3126 2618 3177 est.
2634 3121 2725 3178 Sic
2747 3120 2923 3191 igitur
2937 3120 3197 3192 primum
3213 3119 3580 3191 jejunemus,

1934 3217 1995 3267 ut
2023 3228 2096 3267 ne
2119 3227 2337 3285 pravas
2366 3211 2755 3282 cogitationes
2785 3209 2983 3266 subire
3008 3209 3068 3265 in
3088 3209 3361 3265 animum
3395 3208 3584 3281 patia-

1933 3317 2086 3366 mur,
2118 3305 2297 3373 atque
2325 3300 2385 3356 in
2415 3298 2703 3355 scelerata
2749 3298 2966 3355 deinde
3012 3297 3310 3355 desideria
3335 3296 3581 3353 exarde-

1931 3406 2116 3447 scere.
2153 3392 2344 3447 Unum
2374 3389 2680 3445 enimvero
2718 3387 3084 3443 desiderium
3139 3393 3194 3443 et
3224 3402 3379 3442 unus
3409 3401 3581 3441 amor

1930 3496 2124 3549 verus,
2174 3479 2459 3536 Dominus
2502 3483 2702 3534 noster
2747 3480 2915 3534 Jesus
2968 3476 3257 3543 Christus,
3311 3478 3580 3548 Sponsus

1930 3569 2202 3641 egregius
2230 3584 2301 3625 ac
2331 3568 2641 3640 speciosus
2670 3583 2683 3623 :
2715 3582 2897 3639 quem
2927 3582 3064 3639 quas
3103 3567 3307 3621 anima
3334 3565 3580 3621 omnino

1929 3658 2250 3725 desiderat,
2283 3671 2523 3712 carnem
2556 3655 2680 3712 odit
2713 3660 2769 3711 et
2800 3656 3187 3728 sanguinem,
3242 3668 3578 3727 omnesque

1929 3763 2128 3804 rerum
2150 3745 2624 3819 corruptibilium
2656 3743 2951 3815 imagines
2976 3761 2989 3800 :
3020 3759 3257 3816 semper
3287 3750 3487 3799 autem
3516 3742 3581 3799 il-

1929 3837 2043 3892 lius
2070 3835 2368 3891 desiderio
2396 3834 2457 3889 in
2493 3832 2748 3889 sublime
2792 3833 3057 3899 avolans,
3107 3832 3343 3906 refugit,
3393 3847 3582 3905 prope

1929 3925 2203 3992 dixerim,
2231 3923 2325 3979 vel
2357 3922 2560 3996 ipsum
2591 3922 2802 3979 intueri
2829 3922 3018 3979 solem
3054 3944 3066 3976 :
3132 3921 3425 3994 gestitque
3452 3926 3509 3978 et
3546 3937 3579 3977 e

1930 4029 2178 4088 corpore
2202 4012 2382 4082 exire,
2412 4016 2626 4069 etcum
2650 4027 2721 4067 eo
2741 4028 2924 4084 quem
2950 4016 3111 4069 amat
3130 4011 3345 4068 versari
3370 4026 3382 4066 :
3413 4010 3581 4083 quod

1930 4108 2111 4175 caput
2136 4119 2205 4159 ac
2235 4117 2475 4158 summa
2503 4106 2782 4157 votorum
2814 4106 2900 4157 est
2930 4101 2999 4155 iis
3029 4100 3133 4172 qui
3190 4099 3361 4155 Verbi
3394 4098 3577 4171 parti-

1930 4194 2093 4265 cipes
2123 4190 2417 4248 exstitere.
2443 4189 2857 4259 Jejunabimus
2901 4188 3107 4262 utique
3133 4187 3399 4244 secundo
3421 4187 3577 4254 loco,

1930 4287 2056 4338 tum
2086 4280 2417 4354 quantitate
2444 4280 2738 4348 ciborum,
2756 4284 2881 4335 tum
2906 4294 2941 4335 a
2970 4278 3277 4351 qualitate,
3297 4283 3354 4334 et
3376 4282 3580 4351 quate-

1928 4386 2044 4427 nus
2072 4368 2308 4443 coporis
2321 4369 2475 4425 vires
2488 4367 2980 4424 ferunt.Aitenim
2998 4367 3347 4439 Apostolus:
3392 4367 3581 4424 Unus.

1928 4460 2174 4533 quisque
2188 4457 2691 4528 proutdestinavit
2704 4458 2768 4513 in
2780 4458 2957 4513 corde
2976 4472 3083 4513 suo
3109 4477 3129 4514 :
3159 4472 3278 4513 non
3305 4456 3579 4513 extristi-

1929 4550 2037 4613 tia,
2068 4551 2175 4605 aut
2205 4563 2279 4604 ea:
2325 4546 2671 4604 necessitate
2698 4566 2719 4603 :
2750 4546 3121 4602 hilaritatem
3174 4546 3327 4602 enim
3379 4545 3581 4616 diligit

1931 4640 2080 4696 Deus
2107 4639 2153 4675 ¹⁹
2185 4653 2198 4692 :
2232 4640 2287 4692 et
2312 4651 2423 4708 pro
2440 4636 2666 4692 ratione
2688 4635 2921 4691 virium.
2940 4636 3061 4691 Hoc
3084 4650 3225 4691 vero
3256 4635 3313 4690 in
3344 4638 3417 4701 te,
3440 4650 3578 4707 quas

1927 4725 2247 4801 praposita
2275 4741 2356 4791 es,
2383 4724 2683 4794 designari
2727 4724 2999 4780 distincte
3026 4728 3222 4797 potest
3266 4739 3278 4780 :
3314 4723 3374 4778 in
3412 4738 3579 4779 soro-

1925 4832 2059 4872 rum
2088 4820 2264 4885 castu,
2286 4830 2403 4871 non
2429 4818 2625 4887 potest
2658 4829 2670 4869 :
2699 4813 2860 4887 quod
2890 4830 2960 4869 ex
2980 4812 3196 4869 tradita
3213 4812 3322 4867 abs
3348 4817 3403 4868 te
3423 4811 3575 4881 lege,

1925 4911 1979 4961 et
2008 4904 2226 4960 edendi
2253 4908 2311 4961 et
2337 4902 2583 4960 bibendi
2614 4903 2849 4967 modus,
2877 4908 2933 4957 et
2956 4902 3187 4975 reliqua
3216 4901 3454 4957 vivendi
3482 4916 3577 4957 ra-

1925 4993 2006 5050 tio
2032 4993 2359 5063 sigularum
2388 4992 2647 5065 pendere
2668 4991 2905 5048 debeat.
2925 4990 3326 5057 Quamobrem
3354 4989 3577 5062 perspi-

1924 5083 2051 5140 caci
2081 5082 2184 5139 tibi
2213 5081 2386 5139 oculo
2415 5087 2502 5138 est
2530 5096 2710 5154 opus,
2737 5088 2800 5136 ut
2824 5097 2961 5154 quas
2982 5080 3230 5151 singulis
3253 5079 3575 5152 expediant

1925 5171 2363 5245 contempleris.
2398 5171 2685 5229 Convenit
2713 5175 2914 5229 autem
2946 5186 3015 5226 ex
3047 5184 3224 5242 (equo
3266 5167 3572 5234 omnibus,

1788 5439 2009 5497 NOTAE.

293 5546 409 5622 (26)
435 5548 499 5605 in
530 5547 665 5608 cod.
698 5550 835 5620 Reg.
865 5549 960 5624 ρν’.
