4036 6276
470 290 603 345 1435

1728 294 1787 351 S.
1830 294 2200 351 THEODOHI
2240 293 2570 351 STUDITE

3678 296 3819 353 1436

461 414 881 489 intempestiva
910 418 1251 489 garrulitate
1276 419 1596 484 abstinere,
1623 419 1826 491 inepta
1855 419 2106 476 aemula-

2227 423 2485 495 περιέργου
2513 438 2526 449 ο
2568 420 2760 493 μᾶλλον
2812 423 2901 493 μὶν
2948 422 3037 476 οὗν
3067 423 3305 495 ἡσυχίαν
3333 423 3477 494 ἄγειν
3506 425 3748 496 εὔκαιρον
3779 438 3795 452 ·

462 505 638 569 tione,
692 506 879 562 inutili
920 508 1040 563 otio
1074 525 1086 563 :
1120 524 1190 563 ac
1239 508 1436 580 potius
1474 510 1889 579 tempestivum
1920 509 2103 564 silen-

460 594 607 649 tium
640 610 896 661 servare,
926 596 1088 668 loqui
1114 603 1471 667 opportune,
1500 614 1704 652 amare
1730 598 1987 653 invicem
2037 614 2107 653 ac

465 682 708 753 diligere
741 685 1071 739 secundum
1116 685 1434 740 Dominum
1464 703 1475 739 :
1512 692 1565 741 et
1590 687 1811 742 habere
1842 702 2109 743 commu-

461 772 562 829 nia
592 773 816 840 omnia,
845 777 901 830 et
925 774 1069 829 nihil
1098 774 1375 846 privatim
1403 776 1751 847 sepositum.

2216 513 2306 561 καὶ
2333 508 2485 579 λόγον
2532 512 2847 582 φθέγγεσθαι
2890 509 3074 565 δίοντα
3114 529 3128 544 ·
3159 516 3249 565 καὶ
3280 514 3485 584 ἀγαπᾷν
3514 516 3603 564 καὶ
3661 515 3815 585 στέρσ

2215 616 2324 669 γειν
2349 597 2561 660 ἀλλήλας
2584 603 2716 653 κατὰ
2748 603 2938 673 Κύριον
2966 618 2979 631 ν
3014 607 3104 654 καὶ
3139 603 3309 654 πάντα
3335 604 3482 654 κοινὰ
3508 603 3670 672 ἔχειν,
3715 606 3810 653 καὶ

2218 683 2385 762 μῃδεν
2417 686 2841 763 ἁποτεταγμένως
2870 686 3076 745 ἴδιον...
3109 694 3338 745 Λείπει
3364 690 3487 744 σελ.
3522 690 3588 745 α’.

1812 874 1997 937 (Deest
2030 874 2261 945 pagina
2299 876 2468 939 una.)

782 970 1050 1025 CXXXVI.
1080 1001 1147 1011 —
1176 970 1479 1027 Theodoro
1508 977 1789 1042 stratege.

2496 973 2688 1049 ΡΛς“’.
2728 1005 2793 1016 -
2836 972 3149 1052 Θεοδώρῳ
3195 981 3557 1049 στρατηγῷ.

1656 1079 1890 1142 Lapsum
1924 1079 2120 1130 excitat
2147 1078 2216 1129 ad
2241 1080 2631 1143 paenitentiam.

674 1166 1020 1224 Contrarius
1053 1170 1322 1223 eventus.
1374 1168 1416 1223 Ο
1448 1166 1849 1225 calamitatem
1884 1170 1896 1227 l
1932 1169 2110 1234 Quaa-

466 1272 611 1313 nam
638 1257 751 1312 ista
778 1260 865 1312 est
892 1255 1291 1312 involuntaria
1316 1256 1598 1313 abductio
1627 1258 1656 1316 ?
1694 1273 1979 1329 quasnam
2005 1272 2111 1329 per

458 1347 582 1403 vim
612 1345 775 1401 illata
803 1345 1201 1418 participatio,
1224 1345 1524 1401 intentans
1552 1346 1746 1402 carnis
1775 1346 2109 1418 periculum

459 1437 515 1492 ei
542 1436 647 1508 qui
673 1433 821 1490 nolit
847 1434 1281 1491 heterodoxum
1308 1450 1528 1505 panem
1551 1434 1913 1507 participare
1942 1435 1971 1491 ‘l
1998 1438 2110 1491 Vo-

458 1523 786 1582 luntarium
805 1523 1189 1587 sacriﬁcium,
1221 1539 1257 1579 o
1274 1523 1770 1581 christianissima
1791 1524 2071 1594 cogitatio
2092 1524 2106 1580 l

460 1630 682 1686 corpus
712 1619 769 1669 et
795 1612 1043 1683 sanguis
1068 1613 1301 1668 Domini
1334 1613 1517 1669 nostri
1544 1614 1688 1668 Jesu
1736 1613 1967 1670 Christi.
2019 1614 2111 1669 Ait

459 1705 620 1760 enim
646 1717 907 1773 magnus
938 1702 1258 1773 Apostolus
1288 1701 1363 1758 de
1389 1718 1478 1766 eo,
1514 1702 1626 1769 Qui
1652 1718 1784 1759 cum
1817 1703 1879 1758 in
1905 1704 2109 1773 forma

2227 1723 2314 1774 γας
2345 1704 2663 1765 Ἀπόστολος
2704 1710 2823 1777 περὶ
2865 1705 3027 1757 αὐτοῦ
3064 1727 3078 1739 ·

458 1794 566 1850 Dei
618 1796 780 1854 esset,
848 1807 906 1848 se
955 1807 1075 1847 non
1129 1792 1349 1861 rapina
1379 1809 1433 1847 m
1479 1792 1810 1849 arbitratus
1864 1798 1946 1849 est
1992 1807 2111 1850 esse

461 1883 748 1954 aequalem
775 1882 892 1937 Deo
912 1897 933 1936 :
956 1881 1059 1937 sed
1081 1881 1454 1949 semetipsum
1488 1882 2110 1951 exinanivitformam

459 1971 616 2029 servi
643 1971 959 2040 accipiens,
1004 1972 1068 2026 in
1097 1970 1545 2026 similitudinem
1577 1971 1883 2027 hominum
1906 1972 2112 2039 factus

459 2069 513 2119 et
543 2061 753 2118 habitu
778 2061 1054 2117 inventus
1068 2067 1132 2114 ut
1156 2059 1346 2115 homo.
1364 2060 1723 2116 Humiliavit
1735 2061 2111 2129 semetipsum

456 2152 655 2222 factus
684 2150 954 2205 obediene
991 2164 1176 2220 usque
1204 2148 1285 2204 ad
1312 2155 1580 2216 mortem,
1612 2155 1859 2205 mortem
1914 2157 2113 2206 autem

458 2240 652 2299 crucis
678 2240 770 2291 η’.
800 2240 1094 2304 Quoniam
1118 2238 1296 2307 igitur
1318 2238 1722 2294 voluntarium
1754 2238 2113 2295 sacriﬁcium

461 2336 519 2388 et
545 2328 874 2387 voluntarie
902 2328 1114 2383 datum
1142 2327 1498 2391 volentibus,
1533 2342 1656 2383 non
1681 2334 1882 2383 autem
1911 2327 2114 2384 nolen-

459 2420 637 2477 tibus.
676 2418 905 2473 Etenim
946 2416 1235 2472 Dominus
1259 2417 1387 2486 ipse
1417 2417 1478 2471 in
1505 2415 1837 2485 Evangeliis
1864 2417 1947 2472 ait
1970 2432 2113 2488 apo-

463 2508 629 2565 stolis
665 2524 676 2561 2
705 2507 998 2578 Nunquid
1024 2512 1079 2562 et
1106 2521 1204 2562 vos
1234 2506 1417 2561 vultis
1445 2506 1611 2562 abire
1634 2508 1717 2559 ’°.’
1746 2512 1986 2578 propter
2006 2522 2112 2562 eos

462 2598 562 2670 qui
574 2598 706 2670 jam
724 2596 1121 2652 discesserant
1137 2594 1216 2650 ab
1235 2610 1326 2662 eo,
1343 2594 1446 2666 qui
1463 2594 1740 2666 discipuli
1755 2594 2114 2651 videbantur

460 2691 518 2742 et
565 2685 770 2756 magni
821 2684 965 2740 Petri
1017 2684 1331 2754 responsio
1378 2683 1731 2753 hujusmodi
1765 2701 1778 2736 :
1816 2684 1914 2739 Ad
1941 2699 2113 2756 quem

459 2776 677 2833 ibimus
701 2776 729 2829 φ
767 2774 956 2831 Verba
981 2774 1115 2829 vitae
1144 2778 1378 2829 aeternae
1399 2773 1595 2829 habes.
1626 2773 1703 2828 Et
1726 2788 1832 2829 nos
1862 2773 2113 2829 credidi-

462 2880 613 2929 mus,
642 2869 697 2921 et
727 2861 1128 2934 cognovimus,
1151 2861 1292 2934 quia
1319 2867 1382 2916 tu
1407 2876 1465 2918 es
1487 2862 1764 2918 Christus
1788 2862 1982 2917 Filius
2006 2861 2115 2917 Dei

462 2953 715 3011 viventis
744 2954 833 3008 ²⁰·.
869 2954 935 3007 Et
964 2967 1170 3006 rursus
1199 2965 1459 3021 magnus
1506 2953 1706 3006 Petrus
1749 2950 1809 3006 in
1850 2950 2114 3022 Epistola

460 3058 589 3107 sua,
636 3040 985 3099 Voluntaria
1010 3055 1253 3110 pascere
1282 3044 1515 3113 oportet
1540 3055 1659 3096 non
1688 3042 1967 3097 coacte“.

532 3310 909 3380 Cognoscant
938 3306 1190 3378 proinde
1218 3307 1322 3379 qui
1351 3307 1620 3363 nolentes
1653 3307 1705 3363 vi
1737 3306 1983 3364 trahunt
2035 3307 2114 3365 ad

465 3414 640 3455 suam
668 3395 1183 3464 communionem,
1206 3412 1268 3451 se
1294 3396 1560 3467 gentium
1579 3412 1744 3452 more
1756 3396 1869 3453 hoc
1887 3396 2110 3454 facere:

464 3503 587 3544 non
648 3502 868 3557 corpus
929 3485 1137 3541 Christi
1192 3486 1356 3557 quod
1402 3490 1614 3555 sponte
1677 3485 1949 3541 oblatum
2003 3490 2113 3552 est,

463 3576 855 3650 porrigentes,
878 3575 983 3630 sed
1005 3579 1233 3638 contra,
1249 3574 1411 3646 quod
1430 3576 1684 3630 victimas
1705 3574 1881 3630 idolis
1900 3574 2117 3632 oblatm

465 3664 725 3739 speciem
758 3663 997 3729 habeat,
1025 3668 1203 3734 prout
1223 3668 1499 3719 coactum
1528 3668 1615 3720 est
1664 3663 2025 3720 sacriﬁcium
2056 3664 2116 3721 in

463 3752 855 3811 libationibus
868 3752 1129 3807 daemoni
1145 3753 1403 3823 acceptis
1420 3769 1554 3824 quae
1571 3753 1734 3825 apud
1758 3754 1919 3825 ipsos
1942 3754 2115 3809 ﬁunti

467 3848 535 3901 Et
562 3858 734 3899 verus
763 3847 850 3898 est
875 3856 1093 3906 sermo,
1123 3845 1181 3896 et
1199 3841 1629 3898 demonstratio
1660 3843 2020 3914 perspicua:
2063 3847 2119 3899 et

468 3948 649 3991 nemo
674 3931 860 3988 audit.
897 3931 1011 3987 Sed
1041 3932 1250 3998 Parce,
1285 3932 1549 3997 Domine,
1581 3947 1763 4001 parce
1783 3950 1806 3986 ,ο
1836 3938 1890 3989 et
1919 3949 1991 3988 ne
2018 3935 2117 3990 des

469 4022 873 4081 haereditatem
900 4027 1062 4076 tuam
1091 4020 1155 4076 in
1192 4020 1578 4089 opprobrium
1605 4022 1934 4091 perfectum
1954 4025 2038 4089 η’,
2055 4028 2119 4079 ut

472 4112 692 4170 alicubi
726 4111 810 4167 ait
864 4110 1115 4183 quidam
1146 4125 1176 4164 e
1218 4108 1546 4182 prophetis.
1581 4111 1735 4176 Quid
1772 4126 1909 4167 vero
1942 4111 2116 4167 nobis

468 4202 716 4268 eveniet,
744 4216 780 4256 o
810 4199 1340 4263 desideratissime,
1363 4204 1420 4254 et
1443 4198 1817 4256 abomnibus
1838 4200 2118 4258 laudate?

467 4291 699 4348 Dicetur
727 4289 885 4345 enim
910 4288 1084 4344 nobis
1110 4304 1121 4342 :
1158 4288 1462 4359 Siquidem
1492 4288 1780 4361 asperius,
1806 4290 2117 4361 quomodo

2294 1172 2547 1240 (27)......
2578 1178 2699 1223 οῦσι
2727 1172 2785 1223 τὸ
2816 1170 3041 1225 ἐναντίον
3074 1170 3373 1245 ἁπάντημα.
3406 1170 3474 1224 Ὢ.
3500 1178 3597 1233 τῆς
3618 1190 3827 1244 συμφο-

2220 1257 2344 1331 ρᾶςῙ
2374 1264 2448 1321 τίς
2473 1260 2604 1319 αὕτη
2627 1262 2659 1319 ἡ
2695 1259 2942 1324 ἀκούσιος
2967 1261 3223 1333 ἀπαγωγὴ
3257 1278 3271 1328 ;
3298 1265 3375 1322 τίς
3414 1257 3448 1314 δ
3452 1264 3473 1313 ‘e
3497 1263 3527 1319 ἡ
3554 1260 3825 1332 ἆωαγκασ-

2222 1350 2341 1404 τικὲ
2371 1348 2572 1418 μέθεξις
2586 1349 2938 1403 ἐπαπειλοῦσαι
2960 1354 3046 1403 τὸν
3065 1352 3202 1403 κατά
3232 1351 3406 1423 σάρκα
3420 1345 3659 1402 κίνδυνον
3677 1352 3729 1403 ἓν
3746 1358 3826 1421 τῷ

2221 1438 2291 1504 μή
2320 1439 2687 1511 προαιρεῖσθαι
2716 1438 2942 1508 μεθέξειν
2970 1447 3061 1492 τοῦ
3100 1435 3402 1512 ἑτεροδόξου
3429 1438 3588 1511 ἄρτου
3616 1456 3634 1511 ς
3668 1438 3828 1492 ἐκου-

2224 1525 2464 1577 σιόθυτον
2498 1542 2511 1557 ·
2553 1524 2593 1578 ὦ
2620 1534 3100 1601 χριστιανικώτατε
3136 1527 3386 1599 λογισμέ·
3438 1531 3495 1579 τὸ
3528 1536 3682 1598 σῶμα
3726 1532 3825 1580 καὶ

2222 1614 2352 1685 αἷμα
2376 1622 2465 1667 τοῦ
2499 1620 2692 1688 Κυρίου
2724 1618 3066 1689 ἠμῶνἹησοῦ
3086 1624 3343 1689 Χριστοῦ.
3376 1621 3513 1674 Φησὶ
3543 1620 3645 1689 γὰρ
3674 1618 3702 1669 6
3731 1620 3828 1688 μέ-

3132 1705 3232 1767 Ὀς
3285 1704 3342 1757 ἐν
3396 1713 3602 1779 μορφῇ
3656 1712 3825 1759 Θεοῦ

2221 1793 2533 1867 ὑπάρχων
2587 1794 2711 1866 οὐχ
2758 1794 3101 1867 ἁρπαγμὸν
3145 1796 3443 1866 ἡγήσατο
3494 1791 3659 1847 εἶναι
3705 1796 3828 1846 ἶσα

2221 1890 2353 1952 Θεῷ
2386 1900 2398 1911 °
2435 1882 2557 1934 ἀλλ’
2598 1882 2826 1936 ἑαυτὸν
2858 1884 3146 1949 ὶκένωσε,
3179 1887 3429 1957 μορφὴν
3461 1879 3694 1936 δούλου
3721 1882 3825 1935 λα-

2220 1968 2341 2023 ϐὼν
2390 1974 2448 2024 ἑν
2488 1973 2852 2045 ὁμοιώματι
2909 1971 3257 2046 ἀνθρώπων
3299 1978 3660 2044 γενόμενος,
3709 1975 3825 2024 καὶ

2222 2064 2525 2131 σχήματι
2554 2062 2834 2135 εὑρεθεὶς
2878 2064 2955 2123 ὡς
2984 2061 3356 2136 ἄνθρωπος’
3389 2063 3826 2114 ἐταπείνωσεν

2219 2149 2468 2216 ἑαυτὸν,
2539 2154 2866 2222 γενόμενος
2918 2152 3202 2211 ὑπήκοος
3259 2154 3461 2223 μέχρι
3518 2151 3823 2215 θανάτου,

2222 2240 2500 2291 θανάτου
2552 2235 2620 2291 δε
2677 2246 2979 2311 σταυροῦ.
3027 2239 3166 2293 Ἐπεὶ
3192 2240 3281 2291 οὖν
3333 2239 3700 2291 ἑκουσιόθυτον
3729 2242 3827 2290 καὶ

2220 2324 2586 2380 έκουσιοδοτον
2615 2335 2724 2389 τοῖς
2745 2327 3024 2391 ὶθελουσιν,
3055 2326 3161 2380 ἀλλ’
3192 2328 3320 2399 ούχὶ
3350 2332 3545 2399 τοῖςμή
3566 2325 3824 2382 ἕθελουσι.

2224 2420 2321 2470 Καὶ
2348 2419 2449 2491 γὰρ
2478 2417 2636 2478 αὐτὸς
2664 2418 2691 2469 6
2723 2420 2914 2488 Κύριος
2943 2417 2993 2469 έν
3040 2424 3147 2476 τοῖς
3176 2416 3502 2488 Εύαγγελίοις
3531 2421 3659 2488 φησί
3687 2419 3826 2490 πρὸς

2222 2508 2337 2565 τούς
2369 2503 2690 2566 ἀποστόλους
2723 2510 2851 2563 ’Μὴ
2884 2508 2991 2557 καὶ
3020 2507 3203 2577 ὑμεῖς
3233 2504 3441 2558 θέλετε
3472 2502 3770 2557 ἀπελθεῖν
3804 2520 3823 2571 ;

2223 2590 2316 2645 διὰ
2341 2596 2457 2654 τοὺς
2495 2590 2602 2652 ἤδη
2633 2592 2940 2654 ἀπελθόντας
2968 2592 3057 2646 ἀπ’
3087 2596 3249 2647 αὐτοῦ
3276 2602 3375 2646 τῶν
3401 2589 3693 2646 δοκούντων
3721 2612 3827 2665 μα-

2224 2684 2428 2754 θητιᾴν.
2462 2688 2562 2736 Καὶ
2605 2685 2634 2742 ἡ
2667 2685 2811 2757 παρὰ
2864 2690 2957 2735 τοῦ
3010 2682 3232 2755 μεγάλου
3287 2687 3482 2755 Πέτρου
3539 2681 3828 2753 ἀπόκρισις

2222 2769 2437 2825 τοιοίδεο
2490 2776 2648 2845 Πρὸς
2697 2777 2842 2825 τίνα
2916 2771 3457 2844 ἅπελευσόμεθα;
3544 2770 3829 2842 Ῥήματα

2223 2862 2683 2923 ζωῆςαίωνιου
2723 2864 2916 2933 ἔχεις.
2978 2866 3097 2915 Καὶ
3150 2863 3332 2934 ἡμεῖς
3393 2862 3827 2913 πεπιστεύκει-

2221 2956 2483 3023 μεν,καὶ
2540 2953 2812 3022 ἔγνωμεν
2871 2952 3064 3003 ὃτισὺ
3118 2947 3175 3003 εἴ
3214 2952 3241 3002 6
3288 2950 3631 3023 Χριστόςὸ
3670 2951 3828 3011 Υἱὸς

2150 3055 2190 3111 C
2222 3048 2329 3093 τοῦ
2355 3045 2507 3094 Θεοῦ
2538 3048 2647 3093 τοῦ
2687 3041 2945 3103 ζῶντος.
2983 3044 3083 3094 Καὶ
3112 3039 3267 3093 πάλιν
3292 3042 3318 3092 6
3356 3044 3520 3112 μέγας
3554 3042 3749 3112 Πέτρος
3773 3037 3826 3090 ἓν

2222 3139 2283 3203 τῇ
2336 3130 2502 3203 οἰκείᾳ
2553 3128 2820 3203 ὶπιστολῇ.
2867 3129 3205 3191 Ἑκουσίως
3282 3134 3653 3202 ποιμαίνειν
3694 3125 3825 3193 δεῖ,

2224 3218 2350 3271 ἀλλ’
2369 3219 2481 3272 ούκ
2505 3219 3022 3290 ἀναγκαστικῶς.

2294 3314 2573 3363 Γνώτωσαν
2620 3304 2707 3360 οὖν
2741 3309 2918 3361 λοιπὸν
2972 3309 3023 3359 οἱ
3086 3306 3379 3380 βιαστεκῶς
3432 3305 3661 3366 ἶλκοντες
3696 3308 3825 3377 πρὸς

2224 3403 2318 3458 τὴν
2375 3398 2566 3451 ἑαυτῶν
2622 3403 2888 3450 κοινωνίαν
2938 3400 3059 3459 τούς
3108 3402 3177 3469 μὴ
3233 3399 3693 3469 προαιρουμένους,
3745 3395 3817 3453 ὡς

2227 3484 2557 3548 ἱλληνοειδῶς
2586 3495 2736 3539 τοῦτο
2792 3488 3108 3560 πράττουσιν
3142 3507 3155 3519 ο
3187 3486 3246 3537 ού
3292 3494 3444 3557 σῶμα
3481 3490 3712 3557 Χριστοῦ
3753 3485 3813 3534 τὸ

2227 3577 2517 3630 ἕθελόθυτον
2583 3579 2920 3648 παρέχοντες,
3000 3573 3127 3626 ἀλλὰ
3180 3574 3476 3626 τούναντίον
3537 3570 3822 3625 εἰδωλοθύ-

2227 3684 2316 3717 του
2355 3667 2480 3737 ἔχον
2526 3667 2769 3737 ἔμφασιν,
2826 3665 2961 3715 κατὰ
3008 3668 3100 3722 τὴν
3154 3661 3401 3715 ἀκούσιον
3439 3668 3532 3714 τοῦ
3572 3663 3826 3733 θυομένου

2228 3754 2274 3806 έν
2327 3762 2441 3816 ταῖς
2497 3754 2612 3806 κατ’
2647 3754 2816 3806 αύτών
2868 3750 3209 3825 φιλοδαίμοσι
3250 3748 3524 3813 σπονδαῖς.
3558 3754 3661 3804 Καὶ
3691 3752 3717 3802 6
3742 3748 3827 3801 λό-

2225 3863 2313 3913 γος
2370 3842 2583 3907 ἀληθὴς,
2647 3848 2736 3895 καὶ
2775 3845 2804 3901 ἡ
2881 3839 3041 3905 δεῖξις
3100 3841 3341 3915 έναργὴς,
3396 3846 3486 3893 καὶ
3543 3840 3569 3891 6
3622 3838 3827 3891 ἁκούων

2227 3930 2419 3994 οὐδείς.
2471 3932 2648 3999 Ἀλλὰ,
2721 3939 2972 3996 Φεῖσαι,
3017 3934 3240 4003 Κύριε,
3296 3936 3536 4002 φεῖσαι,
3577 3932 3688 3980 καὶ
3738 3932 3823 3999 μὴ

2227 4018 2352 4092 δῷς
2381 4026 2493 4081 τὴν
2532 4022 2970 4093 κληρονομίαν
3012 4038 3123 4073 σου
3154 4019 3244 4080 εἰς
3282 4014 3530 4078 ὄνειδος
3557 4016 3823 4081 τέλειον,

2226 4113 2295 4171 ὦς
2314 4113 2412 4163 πού
2439 4130 2513 4170 τις
2544 4113 2635 4183 ἔφη
2662 4118 2761 4162 τῶν
2801 4117 3098 4183 προφητῶν.
3130 4112 3191 4161 Τί
3231 4104 3289 4160 δι
3316 4110 3463 4179 ἡμεῖς
3487 4107 3752 4177 πείθωμεν,
3784 4102 3825 4156 ὦ

2226 4202 2512 4273 τριπόθητε
2565 4204 2655 4251 καὶ
2710 4203 3056 4271 πανεύφημε;
3110 4197 3393 4273 Εἰρήσεται
3452 4198 3576 4268 γὰρ,
3624 4194 3687 4249 Εἰ
3732 4199 3827 4246 καὶ

2224 4292 2568 4361 τραχύτερον,
2629 4297 2740 4349 πῶς
2795 4287 2938 4360 φιλία
2990 4288 3017 4339 ὁ
3069 4286 3262 4358 λόγος;
3326 4283 3689 4357 ἂπαχθείημεν
3750 4289 3825 4352 τῷ

466 4379 727 4438 amicitia
751 4386 838 4434 est
868 4379 895 4434 7
918 4376 1212 4432 Cedamus
1229 4376 1429 4433 adhuc
1450 4378 1721 4449 tempori.
1750 4378 2113 4435 Reformida-

2227 4386 2391 4452 καιρῷ
2446 4381 2520 4431 ἔτι
2552 4395 2563 4407 ·
2621 4378 2983 4449 ὑποπτήξομεν
3021 4380 3113 4434 τὴν
3166 4375 3408 4438 ἐξουσίαν
3446 4373 3593 4426 πλέον
3650 4373 3680 4431 ἦ
3733 4391 3826 4425 κα-

467 4470 669 4525 bimus
690 4471 1043 4538 potestatem
1074 4465 1398 4538 plusquam
1428 4466 1749 4523 honestum
1769 4472 1856 4522 est
1876 4468 1903 4523 ?
1927 4470 1986 4523 Et
2014 4467 2117 4523 ubi

471 4574 586 4615 vox
622 4555 852 4613 Domini
887 4571 1023 4627 quae
1054 4555 1329 4611 homines
1363 4556 1549 4611 timeri
1603 4560 1783 4621 vetat,
1816 4561 1873 4612 et
1914 4556 2118 4613 statuit

472 4652 534 4705 ut
563 4646 761 4719 potius
792 4646 1067 4701 timeatur
1089 4644 1241 4700 Deus
1271 4644 1453 4709 solus,
1486 4644 1544 4700 in
1566 4660 1688 4717 quo
1713 4646 1910 4701 omnis
1941 4651 2115 4717 pote-

471 4743 591 4793 stas
622 4740 680 4792 et
716 4736 922 4799 virtus,
957 4750 1079 4806 qua
1117 4737 1310 4805 potest
1339 4734 1609 4790 animum
1648 4738 1704 4789 et
1735 4749 1955 4807 corpus
1992 4750 2120 4807 per-

470 4827 612 4883 dere
644 4825 704 4881 in
741 4824 1078 4895 gehennam
1106 4823 1259 4893 ignis
1285 4826 1321 4859 ³³
1344 4824 1372 4880 ?
1404 4823 1523 4877 Heu
1554 4826 1795 4893 lapsum
1829 4827 1840 4881 l
1876 4839 1912 4880 o
1947 4825 2119 4897 trepi-

474 4915 783 4972 dationem
819 4913 924 4969 lin
978 4912 1245 4985 qualibet
1298 4927 1577 4983 persona,
1635 4919 1692 4968 et
1740 4913 2002 4969 maxime
2057 4915 2116 4970 in

476 5004 832 5061 Christiano.
856 5003 1281 5058 Verumtamen
1313 5001 1430 5056 huc
1457 5001 1601 5057 ades
1648 5002 1882 5069 iterum,
1929 5002 2118 5059 amice

472 5109 545 5151 ac
566 5093 809 5149 domine
844 5093 1088 5165 optime,
1128 5092 1476 5159 excitemur,
1524 5091 1938 5163 paenitentiam
1981 5108 2120 5163 aga-

475 5199 633 5240 mus.
667 5185 861 5252 Prope
889 5189 972 5240 est
1003 5182 1286 5238 Dominus
1305 5181 1704 5253 quaerentibus
1730 5182 1988 5246 illum",
2011 5196 2121 5237 nec

2226 4467 2320 4527 λώς
2350 4470 2463 4539 ἔχει
2502 4513 2518 4537 ,
2555 4487 2641 4519 και
2683 4474 2784 4519 ποῦ
2816 4469 2844 4525 ἠ
2879 4470 3017 4538 φωνὴ
3068 4472 3160 4518 τοῦ
3194 4468 3388 4539 Κυρίου
3420 4461 3828 4536 ἀπαγορεύουσα

2227 4560 2312 4608 τὸν
2364 4556 2680 4630 ἀνθρώπινον
2745 4554 2918 4628 φόϐον,
2987 4559 3073 4606 καὶ
3130 4552 3319 4625 μᾶλλον
3374 4553 3704 4623 καθρίζουσα
3737 4552 3828 4602 τὸν

2229 4648 2355 4698 Θεὸν
2394 4651 2567 4717 μόνον,
2601 4646 2675 4717 ἐφ’
2704 4645 2742 4714 ᾧ
2782 4646 2811 4703 ἡ
2854 4649 3003 4696 πᾶσα
3032 4642 3263 4708 ἐξουσία,
3298 4646 3387 4694 καὶ
3412 4643 3443 4699 ἡ
3473 4638 3695 4711 δύναμις
3733 4645 3828 4691 τοῦ

2227 4739 2318 4787 καὶ
2361 4734 2542 4805 ψυχὴν
2601 4739 2691 4787 καὶ
2741 4742 2894 4806 σῶμα
2944 4731 3178 4805 ἐμϐαλεῖν
3232 4731 3305 4793 είς
3354 4735 3557 4802 γέενναν
3615 4729 3827 4801 πυρόςῖ

2229 4831 2326 4878 Φεῦ
2385 4832 2479 4885 τῆς
2547 4822 2943 4895 συμπτώσεωςι
3028 4820 3212 4874 ’Λϐάλε
3282 4828 3376 4881 τῆς
3441 4816 3825 4880 ὑποπτήξεωςι

2230 4913 2303 4985 ἐφ’
2332 4912 2432 4983 ὃτῳ
2462 4909 2550 4964 οὖν
2582 4917 2843 4984 προσώπῳ
2895 4915 2984 4963 καὶ
3031 4909 3262 4981 μάλιστά
3307 4927 3367 4979 γε
3420 4908 3825 4979 χριστιωνύμῳ.

2232 5002 2371 5061 Πλὴν
2401 5003 2541 5072 ὅμως
2580 4998 2736 5071 δεῦρο
2766 5001 2940 5063 πάλιν,
2998 4999 3105 5072 φῦε
3134 5002 3224 5050 καὶ
3254 4999 3401 5069 κύριε
3425 4995 3566 5060 καλε,
3598 4993 3830 5052 ἀνακλη-

2233 5094 2419 5163 θὼμεν,
2442 5090 2888 5162 μεταμεληθῶμεν.
2920 5088 3143 5158 Ἐγγύς
3179 5090 3412 5161 Κύριος
3441 5092 3579 5145 τοῖς
3604 5084 3829 5145 ζητοῦ-

2234 5200 2335 5233 σιν
2395 5180 2606 5244 αὐτὸν,
2689 5184 2779 5231 καὶ
2841 5178 2901 5230 ού
2994 5175 3237 5250 βούλεται
3306 5179 3395 5248 μεν
3453 5178 3548 5232 τὴν
3625 5180 3829 5226 πτῶσιν

552 5302 618 5337 ¹⁹¹
651 5299 898 5369 Philipp.
947 5315 1007 5363 ιι,
1057 5302 1167 5354 6-8.
1244 5297 1476 5353 ’°Joan.
1511 5312 1582 5360 vx,
1627 5300 1715 5351 68.
1789 5298 1845 5329 ’θ’
1889 5297 2035 5352 Ibid.
2084 5298 2113 5353 6

2250 5299 2289 5333 ²¹
2334 5298 2353 5352 Ι
2392 5299 2539 5353 Petr.
2591 5312 2647 5360 v,
2699 5295 2751 5349 2.
2825 5296 2891 5340 ιν
2922 5294 3044 5351 Joel
3076 5309 3133 5357 ιι,
3166 5293 3253 5348 l7.
3330 5292 3367 5323 "
3422 5290 3556 5347 Luc.
3617 5305 3719 5355 xu,
3771 5293 3825 5345 5.

547 5533 660 5605 (27)
692 5532 777 5589 ibi
802 5531 1253 5603 inscriptionem
1284 5546 1400 5586 non
1434 5531 1656 5586 habent
1686 5529 1916 5585 codices
1937 5441 2271 5596 [κιεέῗῖἒὲ
2297 5529 2473 5586 istam
2503 5530 2885 5600 repraesentat
2906 5526 3090 5583 codex
3118 5524 3333 5597 Regius
3358 5527 3418 5581 in
3443 5522 3642 5597 Indice
3665 5520 3829 5593 Epis-

479 5373 543 5409 ἰ’
584 5371 733 5427 Psal.
763 5386 949 5439 cxuv,
982 5372 1066 5425 18.

483 5606 755 5661 tolarum.
