4036 6276
241 297 379 355 1437

233 423 381 497 ἡμῶν
441 426 577 479 κατὰ
630 444 684 479 τι
755 432 855 479 τῶν
907 424 1340 501 ἁμαρτανομένων
1380 441 1395 459 ⁸

233 516 330 588 ἰρᾷ
369 514 685 569 ἀνίστασθαι
724 516 860 587 ἡμᾶς
900 516 1102 583 θᾶττον,
1142 521 1233 571 καὶ
1280 517 1672 591 ἁμαρτάνοντας
1722 519 1840 573 ἐπι-

234 607 470 676 στρέφειν
502 621 515 634 ·
545 610 637 658 καί
667 612 819 658 τοῦτο
848 606 1034 667 ὁσάκις
1062 604 1122 658 ἂν
1161 611 1251 660 καὶ
1283 606 1518 679 συμϐαίη
1550 611 1683 663 κατά
1721 629 1840 664 τινα

231 698 557 768 περιπέτειαν
614 693 881 757 ἀϐουλίας.
942 698 1097 749 Εἴποι
1144 693 1196 750 δ’
1250 696 1311 750 ἂν
1384 702 1551 770 τυχὸν
1604 701 1635 759 ἠ
1687 706 1839 773 τιμία

235 801 332 836 σου
357 781 512 856 ψυχή
547 798 561 814 ’
593 783 652 837 Ὀ
697 782 868 858 βαλὼν
907 788 995 838 καὶ
1044 785 1250 840 ἰάσεται
1273 802 1291 820 ⁸
1336 792 1425 841 καὶ
1451 788 1556 841 οἷον
1587 792 1645 842 τό
1676 791 1838 843 imi-i-

232 889 353 944 μιον
393 887 406 901 ·
440 868 591 926 οὐδὲν
638 875 741 946 γὰρ
797 872 1127 949 ἀνιάτρευτον
1159 876 1563 951 θεραπευόμενον
1592 893 1605 909 ·
1634 877 1693 930 οῦ
1733 876 1837 951 βα-

230 963 327 1035 ρὺς
350 962 472 1035 ὑμῖν
502 963 529 1015 6
556 970 654 1027 τῆς
693 962 920 1038 ἰατρείας
945 962 1122 1036 λόγος.

304 1171 708 1249 PAZ’(28).—
747 1180 1096 1251 Προκοπίῳ
1133 1180 1504 1251 μονάζοντι.
1557 1176 1761 1268 [χιθδε]

1524 305 2026 367 EPISTULARUM
2068 310 2201 367 LIB.
2246 309 2317 367 II.

1471 433 1723 493 πεσόντας
1778 428 1813 485 δ
1816 434 1827 486 i

1946 434 2071 491 vult
2108 435 2345 491 ruinam
2395 439 2666 493 nostram
2715 438 2958 508 propter
2986 431 3233 507 aliquod
3281 444 3599 504 perperam

3462 306 3484 359 ιι
3496 303 3600 360 438

1948 523 2170 579 factum
2184 527 2230 561 ³³
2261 541 2272 578 :
2307 525 2411 581 sed
2443 541 2579 582 cum
2607 526 3018 592 ceciderimus,
3061 526 3229 595 optat
3253 537 3362 576 nos
3405 534 3598 575 resur-

1946 628 2084 683 gere
2139 614 2474 677 confestim,
2525 620 2583 671 et
2629 620 2943 687 peccantes
2991 611 3294 669 converti:
3352 613 3410 664 et
3460 608 3595 673 hoc,

1945 702 2424 775 quotiescunque
2471 704 2801 775 contigerit,
2856 719 2929 758 ex
2972 701 3238 775 qualibet
3279 697 3599 755 occasione

1944 789 2385 862 imprudentia.
2442 792 2659 849 Dixerit
2701 797 2901 849 autem
2940 791 3196 848 fortasse
3253 787 3597 844 veneranda

1945 882 2149 937 anima
2181 885 2281 937 tua
2311 897 2324 936 :
2356 882 2466 947 Qui
2505 887 2795 953 percussit
2827 886 2884 937 et
2912 880 3232 936 sanabit”
3260 897 3272 937 :
3321 883 3378 933 et
3406 875 3598 948 possi-

1944 968 2082 1025 bilis
2112 975 2200 1025 est
2229 970 2578 1041 panitentia
2610 988 2623 1026 :
2657 969 2804 1026 nihil
2842 970 3001 1026 enim
3032 966 3370 1024 insanabile
3400 965 3449 1021 si
3492 980 3599 1021 ου-

1946 1063 2127 1115 retur.
2159 1061 2286 1115 Non
2313 1059 2511 1128 gravis
2532 1058 2705 1115 vobis
2734 1063 2827 1116 est
2854 1057 3169 1115 medicina
3197 1056 3445 1112 mentio.

2250 1184 2535 1241 CXXXVII.
2568 1216 2637 1225 —
2663 1183 2953 1253 Procopio
2985 1180 3298 1239 monacho.

1230 1285 1585 1351 Reprehendit
1618 1286 1766 1353 quod
1792 1290 1943 1340 extra
1963 1288 2270 1341 canobium
2302 1291 2545 1356 degeret.

304 1376 435 1447 Δρτι
509 1369 788 1426 ἰπιστέλλω
861 1379 926 1447 τῇ
1003 1377 1267 1452 τιμιότητί
1342 1395 1458 1441 σου,
1535 1378 1690 1430 όπότε
1752 1380 1841 1430 τὸν

234 1457 474 1515 διάκονον
503 1467 597 1514 τοῦ
641 1463 949 1536 γράμματος
998 1461 1116 1536 ἐμόν
1176 1483 1230 1518 τε
1275 1470 1367 1517 καὶ
1413 1469 1504 1518 σόν
1554 1465 1723 1540 εὗρον,
1779 1465 1840 1519 οὐ

231 1551 336 1621 μὴν
380 1548 509 1603 ἀλλὰ
544 1554 634 1604 καὶ
688 1554 1107 1626 παρορμήσαντά
1148 1573 1212 1626 με
1261 1553 1334 1617 εἰς
1364 1554 1490 1607 αὐτὸ
1535 1562 1709 1624 τοῦτο,
1771 1558 1843 1616 ὡς

229 1642 320 1690 καὶ
377 1646 474 1701 τῆς
547 1638 811 1702 εὐσεϐείας
888 1660 985 1694 σου
1059 1642 1226 1705 οὕτως
1300 1644 1673 1709 ἐπιζητούσης,
1750 1641 1839 1696 καὶ

230 1726 501 1799 φιλούσης.
547 1728 705 1782 Ἀλλὰ
740 1737 922 1806 χαῖρε,
968 1728 1008 1783 ὦ
1046 1731 1284 1805 ἄνθρωπε
1321 1740 1414 1785 τοῦ
1467 1737 1614 1787 Θεοῦ.
1656 1736 1834 1808 Χαῖρε,

230 1814 385 1889 φίλων
440 1817 644 1892 ἄριστε,
674 1822 766 1871 καὶ
809 1818 950 1892 μάλα
997 1827 1098 1872 τῶν
1129 1819 1390 1895 ἀρχαίων.
1440 1828 1626 1897 Χαῖρε,
1674 1823 1714 1873 ὧ
1759 1821 1837 1874 εὐ-

226 1904 410 1964 λαϐείᾳ
467 1905 620 1978 [Περ.
676 1907 789 1963 cod.
841 1909 867 1961 6
923 1907 1204 1981 εὐλαϐείᾳ]
1268 1910 1596 1986 περιϐόητος,
1648 1915 1738 1963 καὶ
1785 1904 1905 1962 ἕνΒ

226 1998 420 2065 γνώσει
503 1995 988 2069 ἰξακουτιζόμενος.
1073 2005 1180 2051 Ποῦ
1273 2018 1396 2052 ποτε
1496 1997 1832 2060 ἀπολέλοιπας

226 2083 384 2154 ἡμᾶς,
427 2087 701 2146 τοσούτοις
756 2091 968 2159 χρόνοις
1023 2087 1332 2160 ὑποκρύψας
1389 2108 1482 2141 σου
1542 2092 1600 2141 τό
1660 2095 1830 2160 τίμιον

222 2177 550 2248 πρόσωπον;
590 2178 679 2235 Τίς
731 2172 790 2228 δὲ
845 2177 871 2228 ό
928 2180 1117 2248 τρόπος
1163 2184 1254 2237 τῆς
1313 2180 1449 2230 κατὰ
1500 2182 1593 2237 τὴν
1650 2178 1830 2231 ἑστίαν

222 2267 494 2336 ριορίσεώς
543 2280 660 2331 σου,
713 2270 870 2336 μήπω
943 2270 1213 2338 προίόντος
1273 2271 1363 2319 καὶ¹
1423 2266 1828 2339 έμφανιζομένου

227 2346 467 2424 δημοσίᾳ
501 2367 517 2419 ;
549 2356 640 2404 καὶ
682 2356 877 2425 τρίτον,
920 2353 1005 2405 ἶνα
1038 2353 1626 2429 παρῥησιαστικώτερον
1654 2359 1826 2428 φήσω,

225 2438 420 2512 μᾶλλον
494 2443 585 2512 μὲν
659 2437 748 2493 οὖν
823 2440 1282 2516 ἀγαπητικώτερον
1351 2464 1364 2477 ·
1443 2443 1654 2517 ἀγάπης
1724 2447 1826 2518 γὰρ

227 2525 387 2598 ῖδιον,
428 2532 487 2582 τὸ
543 2534 617 2603 μὴ
650 2531 1059 2585 ὑποστέλλεσθαι
1108 2532 1155 2585 ἰν
1216 2541 1330 2595 ταῖς
1377 2535 1651 2607 ὠφελίμοις
1699 2539 1828 2611 πρὸς

225 2620 314 2669 τόν
341 2615 678 2691 ἀγαπώμενον
699 2620 1031 2692 ὑπομνήσεσι
1055 2640 1068 2653 ·
1100 2626 1180 2682 τίς
1208 2625 1239 2681 ἠ
1272 2624 1498 2697 ἰργασία
1524 2642 1619 2676 σου
1647 2623 1778 2683 αὕτη
1809 2642 1823 2657 ·

224 2712 541 2779 πεφευγότος
595 2712 792 2781 κόσμον
847 2705 942 2763 διὰ
991 2718 1087 2773 τῆς
1151 2720 1452 2784 μοναχικῆς
1499 2712 1824 2779 τελειώσεως,

224 2800 315 2848 καὶ
367 2793 552 2851 οἶκαδε
604 2796 757 2850 πάλιν
805 2796 1222 2873 ἀναστρέψαντος
1266 2820 1279 2834 ’
1334 2801 1569 2863 λυθέντος
1619 2798 1827 2874 δεσμῶν

224 2887 560 2958 προπαθείας,
602 2894 756 2940 τοῦτο
794 2891 896 2962 γὰρ
940 2891 971 2948 ἠ
1014 2888 1278 2963 ἁποταγή.
1326 2897 1416 2945 καὶ
1446 2892 1601 2954 αὖθις
1652 2888 1829 2945 δεθέν-

223 2992 310 3036 τος
340 2982 402 3047 τῇ
447 2981 751 3035 συνοικήσει
776 2984 872 3039 τῆς
918 2983 1105 3052 κυρίας
1141 2987 1236 3044 τῆς
1273 2981 1559 3054 ὁμοζύγου,
1594 2985 1687 3033 καὶ
1725 2987 1826 3033 τῶν

224 3063 579 3136 θεοφυλάκτων
633 3071 819 3119 τέκνων
865 3084 879 3133 ;
930 3073 1020 3121 καὶ
1075 3069 1102 3122 ὂ
1160 3072 1233 3123 ἔτι
1284 3070 1630 3144 ξενικώτερον,
1699 3067 1828 3122 ἁπο-

219 3154 499 3225 καρθέντος
570 3163 644 3227 τῷ
715 3163 812 3219 τῆς
886 3155 1076 3220 ένιαίας
1164 3162 1303 3222 ζωῆς
1380 3156 1649 3233 ἰδιώματι,
1732 3162 1822 3211 καὶ

219 3241 570 3307 τελειωθέντος
625 3252 699 3315 τῷ
776 3248 894 3319 θείῳ
968 3254 1446 3322 μυπαγωγήματι,
1523 3255 1614 3303 καὶ
1673 3245 1825 3311 αὖθις
1864 3264 1905 3320 c

220 3341 624 3405 καρηκομῶντος
662 3333 1013 3409 ἰρημικοειδεῖ
1061 3338 1399 3411 πολιτεύματι
1422 3356 1436 3407 ;
1488 3338 1588 3393 ’Ἐκ
1606 3359 1639 3392 α
1653 3358 1685 3392 σ
1697 3358 1726 3391 τ
1738 3357 1764 3391 ο
1781 3358 1821 3403 ς,

222 3427 353 3494 φησί
391 3422 417 3474 6
473 3423 813 3491 Ἀπόστολος,
905 3424 962 3479 ἄν
1034 3435 1107 3499 τῇ
1183 3425 1504 3502 κλήσει,ᾖ
1564 3428 1820 3493 έκλήθη,

221 3514 479 3583 μενέτω.
512 3518 611 3566 Καὶ
636 3513 790 3567 πάλιν
817 3514 1026 3588 ἑτέρωθι
1049 3536 1062 3549 ·
1093 3518 1535 3591 Ἀπρόσκοποι
1562 3519 1826 3589 γίνεσθε

220 3604 337 3652 καὶ
376 3597 750 3672 Ἰουδαίοις,
787 3610 894 3658 καὶ
931 3604 1213 3672 Ἕλλησι,
1246 3612 1353 3660 καὶ
1377 3616 1449 3681 τῇ
1482 3606 1826 3679 Ἐκκλησία

220 3695 333 3741 τοῦ
382 3694 559 3744 Θεοῦ.
613 3696 713 3745 Καὶ
760 3691 996 3765 ἀλλαχοῦ
1034 3696 1188 3747 πάλιν
1226 3695 1384 3758 αὐτὸς
1419 3701 1539 3769 περὶ
1577 3696 1760 3749 ἑαυτοῦ
1800 3710 1813 3723 ⁸

223 3776 311 3829 Οὐ
358 3781 435 3848 μὴ
473 3781 644 3850 φάγω
689 3786 844 3855 κρέα
891 3783 975 3843 εὶς
1012 3786 1119 3835 τόν
1179 3784 1398 3850 αἰῶνα,
1450 3787 1551 3837 ’ἱνα
1598 3789 1679 3857 μὴ
1722 3787 1822 3837 τὸν

223 3862 495 3938 ἀδελφόν
533 3887 651 3940 μου
711 3868 1150 3929 σκανδαλίσω.
1203 3879 1302 3927 Καὶ
1353 3875 1573 3937 ἕκαστος
1623 3876 1677 3927 ἑκ
1729 3880 1821 3927 τοῦ

226 3951 368 4008 ἰδίου
424 3961 699 4029 σχήματος
746 3965 1007 4034 γνώριμον
1059 3960 1239 4015 ἑαυτὸν
1296 3965 1609 4031 καθίστησι,
1666 3982 1823 4038 στρα-

221 4049 419 4108 τιώτης
475 4042 531 4097 ἰκ
588 4054 680 4099 τοῦ
734 4055 905 4120 φορεῖν
956 4052 1249 4123 μάχαιραν,
1307 4051 1518 4113 ἀστικὸς
1573 4051 1666 4105 ἁτό
1728 4058 1821 4104 τοῦ

224 4140 397 4205 φορεῖν
447 4134 794 4210 περιϐόλαιον.
848 4143 947 4192 Καὶ
995 4139 1164 4200 ἁπλῶς
1210 4141 1426 4204 ἕκαστος
1472 4138 1669 4215 σχεδόν
1722 4151 1821 4195 τῶν

223 4220 275 4275 ἀν
332 4219 548 4294 ἀρχαῖς,
603 4226 632 4284 ἣ
693 4230 926 4298 τέχναις,
994 4229 1024 4286 ἣ
1083 4227 1329 4302 μιθόδοις
1371 4234 1433 4284 τὰ
1491 4238 1825 4305 προσήκοντα

225 4308 368 4381 αὐτῷ
416 4315 573 4371 σκεύη
643 4312 937 4387 ἐπιφέρεται
986 4335 1000 4351 ⁸
1060 4321 1177 4372 οὔτε
1226 4322 1328 4394 γὰρ
1390 4320 1558 4393 ἰατρός
1603 4340 1824 4395 ποιμαν-

223 4402 376 4458 τικην
413 4398 610 4475 ῥάϐδον
646 4403 810 4457 ἕλοιτο
848 4404 1138 4478 βαστάζειν
1195 4424 1209 4437 ·
1260 4412 1379 4462 οὔτε
1410 4414 1605 4481 ποιμὴν
1659 4410 1823 4485 ἰατρι-

225 4492 317 4542 κὸν
378 4493 590 4564 ὄργανον
646 4492 731 4545 ἰπὶ
787 4502 946 4569 χεῖρα
997 4498 1135 4568 ἔχοι.
1196 4498 1257 4550 Εἰ
1300 4495 1359 4552 δε
1415 4508 1582 4553 ταῦτα
1636 4500 1818 4566 οὕτως,

224 4578 396 4651 πολλῷ
452 4599 514 4651 γε
571 4580 761 4654 μᾶλλον
814 4586 899 4638 ἐπὶ
958 4594 1053 4638 τῶν
1110 4597 1467 4660 πνευματικῶν
1526 4595 1615 4643 καὶ
1672 4595 1820 4663 μεγί-
1856 4625 1899 4679 D

229 4685 364 4720 στων
415 4668 509 4721 οὐκ
571 4670 759 4742 ὀφείλει
811 4692 885 4734 τις
932 4676 1074 4747 παρὰ
1110 4678 1177 4728 τὰ
1214 4675 1379 4730 οἰκεῖα
1415 4686 1507 4740 τῆς
1558 4689 1823 4732 καταστα-

228 4774 377 4820 σεως,
411 4761 527 4811 οὔτε
557 4758 653 4832 ζῇν
707 4765 822 4815 οὔτε
858 4765 1428 4837 μετασχηματίζεσθαι
1462 4783 1475 4797 ·
1520 4769 1602 4821 ἵνα
1638 4774 1709 4842 μὴ
1762 4773 1821 4822 τό

224 4847 576 4920 ἒπηρτημένον
615 4853 759 4919 παρὰ
786 4860 876 4904 τοῦ
926 4858 1121 4926 Κυρίου
1165 4861 1349 4929 κρῖμα,
1395 4858 1465 4919 ὡς
1494 4862 1580 4910 τόν
1624 4863 1821 4931 κόσμον

228 4932 592 4999 σκανδαλίζων
646 4941 840 5014 ἀποίσῃ
886 4959 898 4971 ·
952 4942 1013 4995 οὗ
1068 4946 1336 5016 φύγοιμεν,
1391 4944 1431 4998 ὦ
1487 4950 1771 5021 τριπόθητε
1803 4964 1816 4979 ⁶

226 5029 317 5079 καὶ
354 5026 587 5099 μάλιστα
614 5030 762 5101 ἡμεῖς
794 5033 843 5083 οἱ
870 5036 959 5084 καὶ
987 5038 1177 5105 γνώσει
1224 5038 1312 5087 καί
1357 5032 1544 5108 βαθμῷ
1575 5046 1673 5090 τῶν
1701 5038 1818 5092 πολ·

2019 1381 2226 1437 Scribo
2250 1396 2411 1438 nunc
2436 1380 2794 1438 excellentia
2825 1384 2961 1446 tua,
2992 1377 3240 1453 quando
3266 1376 3598 1434 litterarum

1950 1469 2291 1527 ministrum
2330 1486 2534 1527 meum
2575 1475 2864 1543 tuumque
2913 1474 3125 1525 nactus
3164 1483 3320 1533 sum,
3365 1463 3469 1539 qui
3517 1463 3598 1519 ad

1946 1557 2062 1615 hoc
2090 1559 2293 1632 ipsum
2330 1560 2509 1617 etiam
2538 1576 2633 1615 me
2670 1558 2994 1629 instigavit,
3026 1556 3202 1630 quasi
3233 1554 3467 1628 pietatis
3497 1558 3599 1610 tua

1952 1650 2013 1705 id
2042 1651 2238 1721 exigat
2262 1655 2319 1705 et
2364 1654 2539 1707 amet.
2572 1649 2742 1706 Salve
2770 1649 2970 1718 igitur,
3014 1647 3199 1702 homo
3226 1644 3345 1701 Dei.
3398 1642 3591 1708 Salve,

1946 1739 2277 1795 amicorum
2310 1739 2557 1810 optime,
2599 1744 2655 1795 et
2678 1738 2924 1812 quidem
2957 1736 3369 1792 vetustiorum.
3401 1733 3593 1798 Salve,

1946 1828 2119 1901 cujus
2161 1828 2614 1901 circumspectio
2645 1834 2702 1883 et
2742 1826 2988 1883 scientia
3025 1827 3085 1882 in
3116 1840 3217 1880 ore
3260 1828 3314 1879 et
3347 1821 3596 1878 auribus

1945 1923 2034 1974 est
2070 1918 2363 1974 omnium.
2403 1918 2659 1975 Ubinam
2695 1917 2943 1973 tandem
2973 1930 3083 1971 nos
3130 1910 3466 1977 deseruisti,
3510 1913 3597 1967 tot

1944 2008 2120 2064 annis
2135 2008 2514 2065 abscondens
2530 2006 2954 2064 honorandam
2977 2004 3190 2060 faciem
3213 2007 3378 2057 tuam
3394 2000 3423 2056 ‘t
3453 1999 3595 2065 Quis

1944 2112 2125 2169 porro
2144 2096 2241 2153 hic
2267 2097 2505 2167 modus,
2520 2096 2685 2171 quod
2708 2101 2761 2152 te
2783 2098 2937 2152 intra
2953 2094 3205 2150 domum
3228 2089 3593 2153 conclusisti,

1945 2202 2248 2258 nusquam
2279 2186 2563 2259 prodiens
2587 2191 2641 2243 et
2666 2201 2965 2258 apparens
2982 2183 3217 2257 publice
3236 2181 3263 2236 ’ἒ
3291 2186 3372 2237 Ac
3398 2179 3590 2244 tertio,

1946 2280 2009 2331 ut
2036 2275 2280 2332 liberius
2308 2276 2543 2348 loquar,
2594 2275 2685 2332 vel
2711 2275 2929 2347 potius,
2962 2279 3026 2330 ut
3069 2271 3393 2336 amantius,
3423 2284 3592 2325 amo-

1942 2365 2024 2422 ris
2072 2365 2369 2438 siquidem
2398 2364 2713 2438 proprium
2761 2369 2867 2430 est,
2900 2378 3022 2419 non
3050 2360 3400 2418 subtrahere
3428 2373 3491 2414 se
3530 2358 3592 2413 in

1942 2456 2300 2528 opportunis
2320 2470 2463 2527 erga
2487 2470 2626 2511 eum
2639 2469 2826 2526 quem
2844 2468 3009 2508 ames
3031 2448 3549 2508 admonitionibus
3575 2462 3588 2502 :

1939 2561 2223 2619 quanam
2250 2551 2353 2603 tua
2380 2545 2583 2601 isthac
2607 2542 2824 2615 agendi
2862 2543 3037 2608 ratio,
3067 2546 3131 2597 ut
3158 2539 3263 2613 qui
3292 2536 3591 2594 mundum

1936 2651 2043 2709 per
2083 2634 2478 2692 monasticam
2528 2632 2946 2705 perfectionem
2973 2629 3291 2701 eﬁ'ugeras,
3339 2627 3592 2682 domum

1936 2725 2152 2782 iterum
2170 2724 2251 2780 sis
2273 2739 2547 2781 reversus
2573 2739 2586 2779 :
2618 2722 2722 2795 qui
2742 2722 3131 2778 aﬂectionum
3159 2715 3397 2773 vincula
3417 2729 3594 2771 exue-

1934 2830 2062 2882 ras;
2090 2815 2205 2871 hoc
2239 2813 2403 2870 enim
2433 2817 2526 2868 est
2553 2811 2945 2877 renuntiatio;
2979 2808 3244 2865 domina
3290 2803 3589 2875 conjugis,

1936 2909 1993 2960 et
2021 2905 2142 2960 Deo
2167 2903 2487 2960 charorum
2524 2901 2851 2958 liberorum
2890 2897 3337 2955 cohabitatione
3375 2894 3591 2950 iterum

1935 2993 2282 3064 astringaris
2318 2992 2348 3048 ‘i
2401 2994 2487 3061 Et,
2537 2991 2704 3063 quod
2758 2987 3126 3062 stupendum
3194 2983 3410 3056 magis,
3461 2980 3586 3054 qui,

1934 3082 2100 3154 quod
2131 3081 2407 3138 solitaria
2429 3082 2561 3137 vita
2584 3080 2839 3147 insigne,
2862 3079 3154 3134 detonsus
3180 3075 3398 3138 fueras,
3432 3075 3489 3127 et
3503 3070 3591 3125 di-

1935 3171 2075 3228 vina
2124 3170 2454 3227 initiatione
2503 3173 2909 3235 consecratus,
2963 3165 3329 3239 promissam
3373 3175 3587 3217 rursus

1935 3276 2175 3317 comam
2195 3260 2321 3318 alas
2346 3260 2405 3315 in
2438 3274 2668 3315 morem
2693 3253 3117 3314 eremitarum?
3149 3251 3585 3323 Unusquisque,

1935 3350 2016 3406 ait
2042 3350 2379 3422 Apostolus,
2408 3350 2473 3406 in
2512 3363 2633 3420 qua
2661 3346 2964 3404 vocatione
2999 3347 3243 3401 vocatus
3268 3346 3374 3404 est,
3413 3339 3477 3395 in
3515 3353 3587 3395 ea

1928 3445 2280 3511 permaneat
2294 3442 2354 3495 ἰ.
2374 3441 2439 3494 Ει
2459 3439 2674 3494 iterum
2691 3435 2864 3492 alibi:
2888 3434 3032 3491 Sine
3050 3432 3583 3503 o/fensioneestote,

1933 3533 1988 3586 et
2016 3527 2258 3594 Judais,
2308 3532 2362 3585 et
2397 3527 2696 3599 gentibus,
2743 3532 2797 3582 et
2826 3523 3094 3580 Ecclesia
3126 3520 3311 3577 Dei“.
3366 3521 3432 3574 Et
3469 3516 3588 3573 alio

1932 3633 2171 3673 rursum
2201 3618 2334 3674 loco
2359 3617 2485 3690 ipse
2512 3617 2588 3673 de
2619 3617 2858 3687 seipso:
2890 3613 3029 3671 Non
3056 3607 3429 3667 manducabo
3458 3620 3591 3663 car-

1931 3722 2062 3763 nem
2104 3707 2169 3763 in
2219 3712 2528 3772 alemum,
2590 3711 2654 3761 ut
2711 3718 2832 3761 non
2876 3701 3279 3759 scandalizem
3323 3698 3585 3767 fratrem

1930 3811 2122 3854 meum
2135 3799 2204 3851 ³⁸.
2240 3798 2307 3853 Et
2328 3796 2750 3868 unusquisque
2778 3808 2850 3849 ex
2878 3790 3121 3864 propria
3143 3789 3339 3844 forma
3367 3799 3593 3857 cogno-

1931 3887 2223 3943 scendum
2268 3901 2332 3941 se
2361 3884 2587 3958 prabet
2619 3899 2631 3938 :
2667 3881 2835 3938 miles
2874 3880 3142 3951 gladium
3187 3881 3455 3948 portans,
3494 3887 3594 3927 ur-

1929 3975 2127 4032 banus
2145 3980 2350 4046 togam
2375 3988 2613 4044 gerens.
2635 3977 2824 4044 Atque
2850 3970 2911 4025 in
2938 3982 3181 4023 summa
3206 3962 3427 4034 singuli
3450 3976 3587 4034 pro-

1927 4063 2276 4137 pemodum,
2318 4063 2421 4136 qui
2453 4062 2890 4132 magistratum,
2920 4057 3012 4113 vel
3044 4060 3255 4121 artem,
3290 4051 3383 4108 vel
3411 4048 3585 4121 opiﬁ-

1930 4154 2089 4210 cium
2110 4152 2355 4226 aliquod
2377 4151 2748 4225 proﬁtentur,
2774 4146 3167 4218 congruentia
3186 4142 3302 4199 sibi
3326 4139 3586 4209 insignia

1930 4242 2272 4315 praferunt.
2300 4241 2419 4297 Nec
2448 4240 2609 4296 enim
2636 4236 3010 4311 pastoritiam
3051 4234 3287 4326 virgam
3312 4228 3589 4326 medicus

1932 4330 2289 4404 gestandam
2319 4328 2661 4397 sumpserit.
2704 4341 2815 4382 nec
2853 4328 3058 4396 pastor
3087 4319 3333 4393 proprio
3365 4315 3589 4373 medici

1930 4422 2326 4478 instrumento
2364 4434 2616 4475 manum
2646 4414 2999 4473 admoverit.
3051 4413 3223 4479 Quod
3250 4410 3300 4465 si
3330 4408 3459 4464 hac
3500 4406 3584 4462 ita

1932 4525 1994 4566 se
2039 4509 2286 4573 habent,
2332 4506 2518 4564 multo
2547 4521 2691 4562 sane
2723 4504 2915 4577 magis
2962 4503 3023 4557 in
3062 4495 3473 4572 spiritualibus
3519 4496 3577 4550 et

1931 4598 2208 4655 maximis
2234 4612 2355 4653 non
2378 4596 2557 4653 debet
2582 4595 2928 4668 quisquam,
2959 4596 3174 4664 prater
3202 4603 3274 4644 ea
3294 4601 3431 4659 qua
3462 4587 3581 4640 sta-

1931 4692 2028 4745 tus
2054 4693 2191 4743 sunt
2214 4685 2478 4759 propria,
2504 4683 2596 4741 vel
2624 4682 2684 4739 in
2713 4682 2853 4747 vita,
2888 4679 2977 4735 vel
3009 4681 3071 4734 in
3092 4676 3303 4734 habitu
3332 4679 3578 4731 externo

1931 4792 2055 4850 pra
2101 4793 2163 4833 se
2192 4776 2362 4841 ferre,
2402 4791 2477 4831 ne
2520 4771 2876 4846 impendens
2922 4785 2959 4826 a
2994 4767 3245 4825 Domino
3280 4763 3575 4850 judicium

1930 4848 2204 4939 perferat,
2247 4870 2536 4938 tanquam
2570 4863 2867 4920 mundum
2914 4858 3354 4918 scandalizans.
3403 4848 3577 4919 Quod

1930 4955 2253 5027 fugiamus,
2288 4970 2324 5012 ο
2362 4955 2745 5013 charissime:
2795 4968 2906 5009 nos
2945 4948 3296 5023 prasertim,
3349 4943 3453 5015 qui
3477 4956 3573 4997 co-

1930 5045 2192 5115 gnitione
2204 5048 2262 5100 et
2274 5044 2465 5115 gradu
2481 5043 2627 5101 alios
2644 5042 2823 5113 vulgo
2848 5037 3162 5112 pracellim
3172 5052 3263 5091 us.
3282 5030 3574 5102 Quoniam

227 5115 327 5169 λῶν
346 5112 693 5191 διαφέροντες.
721 5118 984 5180 Ἐπειδὴ
1016 5127 1236 5195 κρίσις
1266 5123 1588 5199 ἀπότομος
1616 5127 1675 5180 ἄν
1695 5136 1820 5191 τοῖς

1938 5112 2215 5197 iudicium
2229 5112 2614 5191 durissimum
2641 5133 2735 5189 his
2756 5112 2861 5204 oui
2882 5131 3165 5199 praesunt,
3185 5126 3306 5195 ﬁet.
3330 5120 3573 5191 Exiguo

229 5207 699 5281 ὑπερέχουσιν.
749 5207 807 5262 Ὀ
839 5206 908 5263 δι
963 5208 1320 5284 ίλάχιστος
1377 5222 1814 5288 συγγνωστός,

1927 5222 2081 5279 enim
2112 5223 2459 5281 conceditur
2477 5220 2904 5284 misericordia,
2923 5219 3074 5274 sicut
3094 5216 3381 5288 scriptum
3400 5213 3550 5272 est"l
3564 5249 3581 5267 .

284 5354 340 5390 ³³
369 5352 573 5411 Ezech.
603 5369 802 5421 xum,
832 5360 918 5411 ll.
992 5357 1061 5391 ³³⁵
1094 5358 1243 5415 Osee
1271 5374 1348 5427 vr,
1376 5359 1429 5417 4.
1503 5362 1591 5419 ¹⁴Ι
1620 5364 1746 5421 Cor.
1786 5380 1821 5420 v

1938 5366 1994 5421 ‘0.
2070 5367 2112 5402 ³⁵
2136 5368 2315 5426 lCor.
2342 5384 2404 5439 ι,
2436 5368 2523 5425 32.
2599 5370 2679 5425 ³⁸1
2709 5367 2841 5425 Cor.
2872 5385 2984 5435 νηί,
3016 5369 3103 5425 l3.
3178 5370 3220 5402 ³⁷
3251 5368 3389 5439 Sap.
3417 5381 3495 5431 vi,
3519 5368 3573 5420 6.

1802 5492 2027 5549 NOT/E.

312 5595 436 5669 (28)
466 5596 527 5654 In
551 5597 687 5656 cod.
719 5601 855 5670 Reg.
887 5597 1022 5673 ρνβ’.
