4036 6276
493 289 633 348 1439

489 507 647 577 ptius
686 509 1025 579 requiretur
1067 507 1142 566 ab
1174 524 1236 565 eo
1253 510 1324 565 ³⁸.
1353 513 1431 565 Ne
1480 525 1591 565 nos
1623 509 1815 580 igitur,
1866 509 2135 575 obsecro,

490 597 595 668 qui
654 597 756 652 lux
816 612 943 653 esse
998 597 1310 663 debemus,
1375 613 1584 655 eorum
1635 604 1841 655 contra
1905 599 2009 671 qui
2075 598 2136 654 in

488 685 749 742 tenebris
777 692 1113 756 versantur,
1152 703 1183 744 e
1214 703 1465 744 numero
1496 688 1683 744 simus
1716 704 1729 743 :
1760 703 1889 754 nec,
1917 687 2022 760 qui
2060 686 2139 744 ad

489 774 920 843 condiendum,
963 777 1133 847 juxta
1184 776 1644 847 Evangelium”,
1696 777 2000 833 constituti
2045 792 2141 832 su-

488 880 646 931 mus,
697 865 1060 921 infatuemur
1105 882 1212 939 per
1264 865 1877 923 inconsiderantiam:
1926 866 2140 923 Omnia

490 954 728 1011 honeste
755 958 811 1011 et
839 956 1161 1012 secundum
1192 956 1457 1013 ordinem
1473 957 1704 1024 ﬁant",
1739 955 1958 1013 clamat
1978 956 2137 1028 Apo-

490 1042 719 1099 stolus:
776 1044 983 1100 omnia
1038 1044 1118 1101 ad
1177 1043 1487 1101 utilitatem
1550 1045 1826 1117 proximi,
1880 1059 1998 1099 non
2061 1044 2136 1099 ad

488 1132 806 1190 damnum.
856 1133 923 1189 Et
964 1148 1102 1190 cum
1134 1134 1194 1189 in
1224 1133 1294 1188 iis
1340 1133 1505 1205 ipsis,
1559 1149 1697 1206 quas
1722 1134 1896 1190 nobis
1939 1133 2138 1189 indul-

488 1226 719 1292 gentur,
754 1221 962 1278 scissio
996 1221 1187 1288 fuerit,
1217 1222 1330 1278 hoc
1358 1238 1599 1278 rursum
1632 1222 1854 1278 clamat
1881 1237 2140 1292 magnus

488 1312 759 1377 Basilius,
791 1326 862 1368 ac
889 1316 1077 1368 totum
1105 1327 1354 1383 prorsus
1379 1312 1558 1368 Vetus
1587 1316 1644 1369 et
1673 1314 1905 1368 Novum
1945 1314 2141 1368 Testa-

486 1405 777 1466 mentum,
810 1402 867 1456 in
901 1401 1157 1471 propriis
1186 1417 1489 1474 quemque
1520 1401 1742 1457 finibus
1772 1417 1841 1457 ac
1869 1400 2138 1457 moribus

487 1505 838 1563 permanere
858 1490 1147 1563 prazcipit.
1166 1493 1367 1564 Neque
1388 1506 1528 1547 vero
1549 1507 1663 1556 me,
1687 1490 1953 1557 domine,
1978 1506 2138 1547 arro-

485 1583 693 1650 ganter
719 1580 779 1634 in
806 1584 861 1634 te
892 1579 1192 1635 invectum
1222 1580 1546 1649 existimes,
1573 1579 1679 1635 sed
1723 1579 1892 1635 valde
1924 1594 2138 1636 aman-

482 1672 571 1724 ter
624 1669 844 1739 potius,
904 1673 960 1723 et
1017 1668 1324 1725 studiose:
1380 1672 1443 1725 ut
1489 1668 1589 1737 qui
1647 1685 1781 1740 quas
1839 1674 1942 1724 tua
1998 1674 2136 1723 sunt

1742 293 1800 348 S.
1844 292 2209 349 THEODORI
2251 293 2334 349 ST
2342 293 2382 350 U
2392 292 2581 348 DszE

490 419 556 473 Et
584 432 828 473 rursum
856 415 1143 475 Dominus
1174 437 1189 474 :
1224 419 1337 475 Cui
1362 421 1614 476 multum
1643 420 1848 476 datum
1880 427 1982 490 est,
2016 434 2134 476 am-

2246 421 2383 472 καθά
2405 424 2715 493 γέγραπται,
2750 422 2847 474 Καὶ
2883 418 3036 473 πάλιν
3060 419 3087 472 6
3118 421 3304 493 Κύριος

3694 293 3837 348 1440

3356 435 3368 448 ’
3402 418 3471 491 ’ῼ
3518 420 3841 493 παρέθετο

2245 509 2420 575 πολὺ,
2461 513 2928 582 περισσότερον
2965 508 3435 567 ἀπαιτήσουσι.
3468 512 3554 567 Μὴ
3588 505 3696 575 οὖν,
3730 528 3843 561 πα-

2243 597 2472 674 ρακαλῶ,
2512 600 2661 671 ἡμεῖς
2690 599 2739 650 οἱ
2787 597 3064 670 ὀφείλοντες
3106 606 3209 671 φῶς
3249 594 3376 651 εἶναι
3419 605 3517 650 τῶν
3547 597 3597 650 έν
3647 601 3855 665 σκότει⁹

2244 686 2538 763 τούναντίον
2587 682 2721 759 ὦμεν
2750 703 2763 717 ⁸
2796 683 2936 759 μηδὶ
2976 688 3026 739 οἱ
3069 685 3261 748 ἁλίζειν
3300 685 3647 758 εύαγγελικῶς
3690 704 3855 739 τετα-

2243 780 2442 849 γμένοι,
2473 778 2860 850 μωρανθείημεν
2882 775 2938 840 ἐξ
2960 774 3271 850 ἀπροσεξίας
3309 790 3323 803 ·
3364 776 3579 829 Πάντα
3604 778 3857 847 εῦσχη·

2245 870 2450 938 μόνως
2494 870 2603 918 καὶ
2663 868 2827 918 κατά
2884 864 3067 928 τάξιν
3118 866 3420 936 γενέσθω,
3474 861 3577 937 βοᾷ
3617 864 3645 916 ό
3692 864 3861 916 ’Λπό-

2248 955 2421 1016 στολος
2453 972 2467 984 ·
2498 955 2667 1007 πάντα
2721 957 2847 1026 πρὸς
2875 953 3115 1026 ὠφέλειαν
3164 959 3258 1006 τοῦ
3307 952 3548 1019 πλησίον,
3598 951 3729 1005 ἀλλὰ
3770 956 3852 1025 μὴ

2249 1048 2376 1121 πρὸς
2433 1041 2658 1117 βλάϐην.
2722 1042 2828 1097 Κάν
2872 1043 2950 1096 ἐπ’
2998 1042 3167 1095 αὐτῶν
3216 1050 3315 1095 τῶν
3369 1044 3860 1115 συγκεχωρημένων

2246 1137 2372 1208 ἠμιν
2421 1129 2740 1206 σκινδαλμός
2785 1137 3004 1204 γίνοιτο,
3054 1139 3208 1186 τοῦτο
3267 1130 3419 1185 πάλιν
3476 1126 3576 1205 βοᾷ
3607 1132 3633 1183 ὁ
3685 1134 3861 1203 μέγας

2248 1223 2534 1291 Βασίλειος,
2588 1226 2679 1274 καὶ
2735 1228 2885 1275 πᾶσα
2931 1221 3106 1282 ἁπλῶς
3154 1223 3184 1280 ἦ
3244 1239 3299 1273 τε
3356 1219 3563 1273 Παλαιὰ
3606 1223 3696 1271 καὶ
3745 1224 3861 1273 Nic:

2250 1314 2507 1377 Διαθήκη,
2556 1309 2604 1363 έν
2665 1317 2767 1371 τοῖς
2843 1308 3004 1372 ἰδίοις
3076 1311 3215 1384 ὅροις
3289 1314 3381 1362 καὶ
3454 1312 3666 1381 τρόποις
3731 1309 3857 1361 ἕκα-

2250 1423 2372 1457 στον
2442 1398 2702 1474 διαμένειν
2777 1400 3096 1472 ἑγκελεύεται
3153 1413 3168 1428 ⁸
3226 1403 3315 1451 καὶ
3362 1403 3434 1471 μή
3495 1417 3559 1471 με
3607 1401 3857 1471 νομίσῃς,

2247 1488 2500 1559 δέσποτα,
2532 1497 2925 1563 κατεπαρτικῶς
2964 1508 3049 1541 σοι
3095 1489 3374 1560 ἐνεχθῆναι
3401 1502 3416 1517 ⁶
3453 1485 3581 1539 ἀλλά
3620 1491 3711 1539 καὶ
3734 1485 3861 1539 λίαν

2245 1578 2584 1653 ἀγαπητικῶς
2641 1583 2730 1630 καὶ
2798 1580 3160 1648 πεπονημένως
3194 1594 3205 1606 ’
3263 1572 3645 1649 ἀναδεχόμενον
3675 1578 3743 1628 τὰ
3782 1578 3862 1629 σὰ

2245 1672 2293 1721 έν
2319 1668 2453 1742 ἐμοὶ,
2498 1671 2634 1721 κατά
2681 1672 2775 1726 τὴν
2825 1674 2916 1727 τῆς
2962 1666 3172 1738 ἀγάπης
3220 1664 3528 1738 ἀνάκρασιν,
3578 1669 3667 1717 καὶ
3716 1665 3859 1737 ἔφιέ-

483 1756 545 1813 in
585 1771 681 1813 me
723 1756 1033 1828 recipiam,
1073 1756 1242 1827 juxta
1289 1758 1590 1813 charitatis
1635 1757 2134 1813 communicatio-

2246 1778 2391 1830 μενον
2446 1761 2505 1810 τό
2561 1761 2812 1830 σωτήριον
2865 1765 2958 1818 τῆς
3029 1761 3209 1829 τιμίας
3257 1775 3351 1808 σου
3406 1754 3609 1827 ψυχῆς,
3660 1758 3730 1817 ὡς
3792 1758 3858 1807 τὸ

484 1862 658 1912 nem;
683 1851 740 1901 et
764 1846 1036 1917 pretiosas
1063 1847 1281 1902 animas
1317 1852 1431 1902 ture
1461 1846 1714 1902 salutem
1738 1846 1979 1918 cupiam
2008 1862 2135 1917 per-

485 1934 625 1992 inde
654 1951 725 1991 ac
769 1950 987 1990 meam.
1019 1936 1189 2001 Quod
1222 1934 1270 1989 si
1312 1936 1456 2007 quid
1497 1941 1665 1992 extra
1695 1951 1880 2007 quam
1906 1935 2133 2001 deceat,

488 2040 525 2082 a
550 2040 647 2081 me
670 2025 891 2080 dictum
926 2028 1041 2090 est;
1077 2025 1290 2080 doceat
1310 2024 1501 2081 oratio
1542 2030 1664 2093 tua,
1697 2024 2136 2097 humilitatique

486 2118 707 2171 nostra:
737 2114 1120 2186 persuadeat,
1140 2112 1416 2170 decenter
1446 2118 1500 2170 te
1532 2129 1707 2185 agere
1736 2114 1795 2169 in
1824 2112 1893 2169 iis
1918 2129 2056 2187 quae
2074 2117 2137 2171 ut

487 2203 757 2260 absurda
785 2202 1147 2275 reprehensa
1177 2206 1334 2258 sunt.

772 2327 1083 2384 CXXXVIII.
1116 2357 1185 2367 —
1226 2326 1548 2385 Theoctisto
1576 2328 1850 2385 eremitaz.

2245 1852 2470 1920 ἐμαυτοῦ
2509 1865 2520 1877 ’
2555 1846 2597 1900 εἰ
2650 1843 2710 1899 δέ
2756 1866 2809 1898 τι
2855 1846 2951 1909 ἔξω
3002 1852 3092 1898 τοῦ
3132 1844 3322 1905 εἰκότος
3377 1845 3402 1897 6
3442 1844 3594 1915 λόγος
3631 1846 3768 1915 ἔχει,
3830 1844 3858 1895 ό

2245 1939 2389 2011 παρὰ
2453 1943 2547 1989 σοῦ
2602 1934 2755 2006 λόγος
2802 1931 3096 2002 διδαξάτω,
3163 1937 3251 1985 καὶ
3301 1934 3534 1987 πεισάτω
3580 1937 3672 1990 τὴν
3722 1933 3859 2005 ἐμὴν

2246 2029 2576 2091 ταπείνωσιν,
2644 2026 2711 2076 τά
2761 2023 2937 2076 εἰκότα
2992 2042 3049 2077 σε
3099 2024 3340 2098 πράττειν
3393 2021 3441 2075 έν
3480 2029 3589 2082 τοῖς
3637 2020 3857 2092 62min-

2247 2117 2457 2187 χθεῖσιν
2484 2113 2704 2174 έκτόπως
2736 2115 2894 2185 ἔχειν.

2320 2327 2470 2381 PAH'
2504 2326 2642 2398 (29).
2689 2356 2758 2366 —
2806 2328 3177 2397 Θεοκτίστῳ
3234 2324 3534 2400 έρημίτη.
3572 2323 3780 2412 [χθς-’ὴ

1622 2424 1887 2476 Revocare
1920 2438 1951 2475 a
1980 2438 2147 2489 prava
2165 2423 2411 2475 doctrina
2439 2425 2648 2477 nititur.

559 2514 903 2571 Mandatum
937 2515 1056 2581 Dei,
1106 2513 1272 2586 quod
1300 2514 1482 2585 exigit
1522 2519 1585 2571 ut
1612 2515 1873 2571 invicem
1920 2514 2137 2585 diliga-

488 2618 645 2669 mus,
677 2607 735 2658 et
776 2618 966 2675 usque
997 2602 1170 2669 adeo,
1200 2609 1262 2659 ut
1305 2604 1573 2661 animam
1620 2603 1766 2661 alter
1797 2619 1906 2675 pro
1948 2603 2135 2661 altero

488 2692 871 2764 ponamus“,
921 2692 1121 2764 adegit
1152 2708 1264 2762 me,
1309 2692 1635 2765 spiritualis
1682 2693 1881 2759 frater,
1927 2698 1990 2749 ut
2037 2699 2136 2749 ite-

485 2786 616 2837 rato
647 2781 726 2837 ad
757 2788 811 2837 te
849 2780 1127 2848 scribam,
1159 2780 1233 2837 de
1284 2782 1473 2838 salute
1500 2789 1600 2839 tua
1625 2788 1905 2852 satagens
1931 2801 1944 2835 :
1994 2799 2135 2839 cum

488 2868 733 2925 audiam
752 2868 902 2926 inter
927 2885 1035 2925 vos
1059 2874 1116 2926 et
1140 2869 1288 2925 alios
1310 2869 1517 2927 fratres
1538 2871 1989 2927 schismaticam
2005 2887 2135 2928 esse

488 2956 860 3023 divisionem,
890 2974 1013 3015 non
1040 2958 1371 3030 vulgarem,
1415 2959 1519 3016 sed
1548 2960 1721 3017 valde
1758 2975 2021 3031 gravem,
2054 2960 2136 3018 ita

2314 2514 2372 2569 Ἡ
2424 2521 2513 2567 τοῦ
2562 2521 2696 2567 Θεοῦ
2759 2511 2933 2572 ἐντολὴ
2992 2514 3022 2571 ἠ
3084 2511 3392 2565 ἀπαιτοῦσα
3444 2512 3585 2583 ἡμᾶς
3639 2510 3857 2582 ἀγαπᾷν

2246 2602 2517 2668 ἀλλήλους,
2545 2608 2635 2655 καὶ
2681 2608 2931 2655 τοσοῦτον
2977 2602 3099 2654 ὅσον
3131 2605 3225 2659 τὴν
3263 2600 3452 2672 ψυχὴν
3498 2602 3696 2653 τιθεναι
3722 2601 3855 2673 ὑπὲρ

2246 2692 2494 2757 ἀλλήλων,
2571 2692 2836 2762 ἠνάγκασέ
2908 2708 2993 2762 με,
3070 2686 3256 2762 ἀδελφὶ
3328 2690 3662 2761 πνευματικὶ,
3761 2695 3857 2741 καὶ

2243 2781 2397 2833 πάλιν
2422 2779 2710 2833 έπιστεῖλαί
2733 2797 2837 2843 σοι,
2865 2785 3121 2831 πονοῦντα
3146 2782 3265 2851 περὶ
3292 2786 3387 2839 τῆς
3409 2781 3676 2851 σωτηρίας
3708 2795 3805 2829 σου
3837 2793 3850 2806 ·

2242 2876 2332 2923 καὶ
2393 2869 2645 2922 ἀκούοντα
2719 2865 2982 2940 διαίρεσιν
3041 2864 3167 2921 εἶναι
3228 2870 3597 2939 σχισματικήν
3654 2865 3851 2938 μεταξύ

2243 2961 2384 3033 ὑμῶν
2438 2965 2528 3012 καί
2580 2959 2759 3030 ἑτέρων
2817 2954 3049 3029 ἀδελφῶν
3102 2956 3160 3009 ού
3209 2959 3305 3015 τὴν
3370 2962 3663 3028 τυχοῦσαν,
3723 2954 3848 3007 ἀλλά

488 3051 553 3104 ut
577 3046 636 3103 in
667 3047 820 3104 duas
854 3053 1044 3120 partes
1065 3048 1373 3121 appositas
1398 3048 1631 3106 divulsa
1653 3050 1726 3105 sit
1747 3049 1954 3121 populi
1980 3049 2133 3106 mul-

2246 3053 2331 3102 καὶ
2369 3048 2485 3101 λίαν
2517 3047 2779 3120 χαλεπὴν,
2811 3049 2946 3099 ὥστε
2986 3051 3075 3099 καὶ
3130 3044 3591 3120 σνναπορῥαγῆναι
3638 3042 3707 3105 εἰς
3743 3039 3838 3096 δύο

486 3136 699 3203 titudo,
748 3138 932 3194 altera
956 3136 1122 3194 alteri
1160 3138 1441 3203 instante,
1472 3138 1802 3212 proculque
1845 3154 1883 3196 a
1924 3143 2135 3197 mutua

486 3226 908 3282 communione
949 3226 1337 3283 abscedente.
1382 3229 1590 3283 Totum
1635 3227 1750 3284 hoc
1789 3232 1990 3284 autem
2030 3230 2133 3285 Sa-

488 3318 660 3383 tanaa,
712 3316 943 3387 antiqui
986 3315 1319 3382 homicidas,
1351 3321 1441 3372 est
1469 3332 1647 3388 opus,
1677 3324 1732 3372 et
1775 3316 2131 3375 scandalum

484 3404 696 3475 ingens
725 3422 738 3460 :
781 3421 919 3460 cum
951 3421 988 3462 a
1018 3405 1269 3461 Domino
1294 3405 1521 3461 dictum
1553 3406 1628 3462 sit
1655 3422 1667 3461 :
1708 3406 1802 3463 Va:
1831 3408 2053 3463 mundo
2092 3422 2130 3464 a

482 3493 889 3550 scandalis’".
923 3495 990 3550 Et
1017 3510 1259 3549 rursum
1289 3512 1302 3549 :
1336 3495 1596 3564 Expedit
1625 3502 1689 3551 ut
1727 3497 2133 3567 suspendatur

482 3583 643 3639 mola
664 3584 936 3639 asinaria
951 3584 1015 3639 in
1036 3584 1188 3639 collo
1214 3586 1359 3654 ejus,
1385 3588 1439 3639 et
1458 3584 1845 3655 demergatur
1857 3585 1921 3640 in
1944 3600 2128 3651 mare,

486 3685 665 3743 quam
703 3679 767 3726 ut
795 3671 1160 3728 scandalizet
1188 3687 1374 3729 unum
1412 3674 1484 3729 de
1509 3674 1754 3743 pusillis
1786 3674 1911 3729 istis
1924 3675 1992 3727 ³³.
2034 3674 2134 3731 Mi-

483 3774 702 3831 rorque
731 3776 852 3832 quo
881 3766 1054 3832 pacto
1085 3762 1412 3817 reverentia
1442 3766 1565 3827 tua,
1593 3778 1728 3834 quae
1760 3767 1843 3818 tot
1863 3762 1994 3834 jam
2024 3779 2134 3820 an-

483 3863 698 3905 norum
740 3849 932 3921 spatio
961 3858 1284 3915 exercetur,
1316 3851 1555 3924 Deoque
1585 3850 1869 3918 adhaeret,
1903 3852 1977 3907 de
2014 3852 2131 3909 hoc

482 3936 749 4009 periculo
797 3938 943 3994 nihil
992 3938 1236 3995 sollicita
1277 3940 1396 3996 sit:
1451 3940 1639 4014 quod,
1667 3941 1779 3996 nisi
1817 3941 1982 3998 omni
2031 3948 2129 3999 tuo

484 4027 685 4083 studio
714 4043 784 4083 ac
809 4027 1112 4097 diligentia
1141 4028 1490 4100 corrigatur,
1519 4044 1639 4084 non
1672 4029 1854 4085 modo
1883 4030 2130 4087 inanem

478 4116 714 4189 penitus
739 4116 1220 4174 exercitationem
1252 4121 1417 4174 tuam
1445 4116 1672 4187 reddet,
1708 4133 1917 4174 verum
1947 4118 2129 4175 etiam

484 4209 559 4271 te,
585 4204 748 4277 quod
778 4204 954 4272 absit,
986 4206 1162 4276 longe
1193 4222 1228 4262 a
1270 4208 1385 4262 Deo
1410 4205 1810 4262 submovebit.
1845 4207 1973 4272 Quo
2023 4206 2130 4263 im-

484 4292 693 4364 pulsus
716 4293 911 4349 fratris
939 4309 1174 4360 amans,
1206 4293 1403 4361 frater,
1434 4300 1569 4351 ante
1602 4299 1716 4351 tres
1741 4310 1957 4363 annos,
1990 4311 2129 4353 cum

485 4382 743 4454 Smyrna
754 4381 1195 4440 rediensisthuc
1208 4383 2130 4457 appropinquassem,etschisma

489 4469 851 4538 didicissem,
868 4470 1075 4543 scripsi
1090 4471 1168 4527 ad
1183 4477 1235 4528 te
1247 4488 1383 4544 quas
1403 4473 1736 4540 audieram,
1750 4481 1806 4531 et
1818 4473 2130 4547 quomodo

487 4558 561 4614 de
616 4559 860 4616 veritate
908 4560 1121 4617 sentire
1173 4566 1227 4618 te
1271 4568 1591 4634 oporteret,
1648 4567 1707 4619 et
1768 4562 2128 4636 impendens

492 4647 757 4704 scandali
793 4649 1122 4721 periculum
1168 4649 1448 4721 effugere.
1473 4653 1559 4707 Tu
1598 4668 1733 4709 vero
1769 4669 1891 4709 non
1918 4652 2133 4709 rescri-

486 4736 653 4808 psisti
682 4736 827 4793 mihi
859 4754 871 4792 :
907 4741 963 4793 et
991 4738 1203 4795 iterum
1237 4739 1590 4809 significavi,
1639 4745 1696 4797 et
1722 4741 1863 4797 mihi
1895 4756 2014 4797 non
2042 4756 2131 4796 re-

486 4824 798 4896 spondisti.
831 4826 1001 4892 Quod
1017 4827 1263 4899 quidem
1297 4828 1681 4885 manifestum
1702 4834 1787 4885 est
1816 4844 2132 4899 argumen-

488 4917 639 4982 tum,
666 4914 822 4970 nolle
845 4920 896 4970 te
919 4916 1035 4971 Deo
1067 4917 1303 4983 servire,
1330 4932 1440 4973 nec
1467 4918 1624 4975 circa
1649 4919 1956 4976 veritatem
1979 4926 2132 4974 recte

485 5002 782 5061 incedere.
813 5004 1061 5075 Ignosce
1106 5006 1269 5072 mihi,
1301 5022 1413 5063 nec
1450 5023 1607 5078 (egre
1649 5008 1804 5064 feras
1838 5024 1931 5064 me
1967 5007 2134 5080 quod

488 5108 694 5150 verum
728 5098 819 5150 est
856 5093 1069 5151 dicere.
1123 5097 1417 5167 Scriptum
1457 5101 1544 5153 est
1583 5115 1598 5158 :
1654 5098 1867 5154 Palam
1916 5112 2131 5167 argues

487 5184 830 5253 proximum
860 5190 1047 5251 tuum,
1067 5189 1123 5242 et
1151 5200 1271 5241 non
1300 5185 1780 5258 coinquinaberis
1801 5193 2044 5257 peccato
2063 5185 2135 5241 it-

562 5347 604 5381 ³⁸
635 5347 771 5403 Luc.
800 5361 900 5413 xu,
931 5346 1019 5405 48.
1097 5346 1139 5381 ’⁵
1188 5347 1385 5404 Matth.
1417 5363 1475 5414 ν,
1513 5351 1594 5404 13.

1673 5351 1716 5383 ³ο
1742 5347 1763 5402 Ι
1789 5348 1920 5403 Cor.
1962 5362 2084 5415 xiv,
2114 5346 2209 5403 40.

2242 3143 2372 3212 μέρη
2422 3135 2746 3208 ἀντικείμενα
2799 3139 2886 3188 τόν
2949 3134 3183 3207 ἀγελαῖον
3230 3133 3375 3187 λαὸν.
3428 3133 3672 3208 ἑκατέρου
3732 3132 3845 3185 ἑκα-

2243 3234 2371 3300 τέρῳ
2445 3230 2839 3301 προσκειμένου,
2915 3229 3006 3277 καὶ
3078 3224 3254 3299 πόρῥω
3328 3221 3683 3296 ἀφισταμένου
3755 3229 3851 3282 τῆς

2244 3317 2574 3388 ἀλληλούχου
2624 3319 2892 3377 κοινωνίας
2943 3331 2955 3343 '
3016 3318 3108 3366 καὶ
3161 3320 3314 3365 τοῦτο
3388 3313 3503 3365 ὅλον
3550 3314 3702 3385 ἔργον
3757 3318 3853 3363 τοῦ

2246 3412 2448 3460 Σατανᾶ
2511 3411 2601 3458 τοῦ
2669 3402 2900 3479 ἀρχαίου
2967 3402 3393 3474 ἀνθρωποκτόνου
3463 3419 3475 3432 ·
3550 3406 3638 3453 καί
3698 3408 3854 3453 τοῦτο

2246 3492 2535 3549 σκάνδαλον
2586 3495 2723 3564 μέγα
2754 3510 2766 3523 ·
2822 3496 2911 3544 καὶ
2968 3490 3199 3544 λέλεκται
3248 3492 3394 3564 παρὰ
3457 3496 3549 3543 τοῦ
3606 3493 3805 3561 Κυρίου
3836 3507 3849 3519 ’

2244 3584 2408 3637 Οὐαί
2441 3590 2521 3653 τῷ
2551 3587 2775 3653 κόσμῳ
2806 3579 2924 3633 ἀπό
2951 3590 3068 3633 τῶν
3102 3576 3507 3633 σκανδάλων.
3532 3577 3847 3633 Καὶπάλιν·

2244 3675 2552 3743 Συμφέρει
2583 3672 2682 3722 ῖνα
2711 3670 2908 3742 μύλος
2947 3668 3165 3731 ὀνικὸς
3190 3666 3346 3741 δεθῇ
3376 3670 3520 3742 περὶ
3552 3670 3668 3720 τόν
3699 3686 3769 3740 τρ
3793 3669 3855 3719 ά-

2241 3760 2441 3833 χηλον
2470 3759 2686 3824 αὐτοῦ,
2721 3759 3001 3833 καὶῥιφῆ
3038 3758 3120 3821 εἰς
3154 3763 3264 3817 τὴν
3296 3758 3651 3824 θάλασσαν,
3682 3757 3712 3815 ἣ
3746 3758 3853 3809 ἱνα

2244 3845 2657 3921 σκανδαλίσῃ
2698 3849 2808 3901 ἕνα
2858 3850 3094 3900 τούτων
3146 3856 3261 3900 τῶν
3300 3846 3688 3918 ἐλαχίστων.
3746 3850 3849 3899 Καὶ

2243 3938 2495 4011 θαυμάζω
2543 3946 2654 3998 πῶς
2706 3940 2736 3995 ἡ
2788 3941 3025 4008 τιμιότης
3075 3955 3191 4000 σου,
3242 3935 3485 3989 ἀσκοῦσα
3539 3940 3631 3987 καὶ
3677 3952 3848 4008 προσ-

2239 4031 2443 4100 κειμένη
2492 4034 2605 4097 Θεῷ
2654 4024 2703 4078 έν
2747 4028 3017 4088 τοσούτοις
3068 4028 3257 4093 ἔτεσιν,
3317 4023 3678 4098 ἀφροντίστως
3732 4025 3849 4095 ἔχει

2239 4122 2357 4189 περὶ
2410 4112 2501 4169 τού
2557 4112 2803 4167 κινδύνου
2848 4117 3036 4168 τούτου
3066 4132 3078 4145 ·
3132 4115 3185 4176 ὃς
3219 4116 3263 4167 εἱ
3305 4119 3377 4186 μὴ
3442 4110 3720 4187 διωρθωθῇ
3754 4108 3848 4165 διὰ

2238 4210 2412 4267 πάσης
2468 4200 2704 4265 σπουδῆς
2747 4223 2840 4257 σου
2888 4210 2979 4257 καὶ
3017 4203 3327 4275 ἐπιμελείας,
3385 4202 3443 4255 ού
3496 4207 3651 4275 μόνον
3698 4205 3846 4260 κενὴν

2239 4298 2413 4347 πᾶσάν
2455 4314 2550 4348 σου
2593 4298 2688 4353 τὴν
2733 4294 2964 4352 ἄσκησιν
3010 4292 3308 4365 έργάσεται,
3355 4290 3482 4344 ἀλλά
3529 4296 3619 4343 καὶ
3671 4288 3847 4364 πόρρω

2243 4403 2299 4437 σε
2337 4392 2470 4437 Θεοῦ
2526 4389 2756 4447 ποιησει,
2799 4383 2825 4435 ὃ
2864 4388 2933 4456 μὴ
2983 4386 3202 4454 γένοιτο.
3267 4386 3364 4435 Διά
3418 4387 3592 4443 τοῦτο,
3633 4376 3846 4451 ἀδελφε,

2240 4470 2563 4546 φιλαδέλφως
2618 4474 2848 4535 κινηθεὶς
2902 4492 3002 4547 προ
3060 4480 3216 4546 τριῶν
3270 4470 3411 4534 ἇτῶν,
3478 4471 3635 4528 ἡνίκα
3683 4467 3845 4526 ἔπλη-

2242 4566 2406 4615 σίασα
2460 4567 2567 4622 τοίς
2642 4560 2825 4613 αύτόθι
2899 4560 3000 4613 ἀπὸ
3075 4562 3305 4633 Σμύρνης
3380 4557 3599 4611 έπανιὼν
3654 4558 3847 4610 καὶτὸ

2243 4656 2458 4723 σχίσμα
2510 4651 2841 4722 μεμαθηκὼς,
2896 4649 3103 4725 ἔγραψά
3159 4668 3241 4702 σοι
3296 4648 3425 4723 άπερ
3481 4646 3704 4712 ἀκήκοα,
3755 4650 3846 4698 καὶ

2241 4742 2306 4801 ὡς
2338 4736 2420 4793 δεῖ
2478 4758 2535 4792 at
2583 4746 2781 4813 φρονεῖν
2828 4744 2946 4810 περὶ
2993 4747 3087 4801 τῆς
3136 4737 3394 4800 ἀληθείας,
3454 4741 3544 4789 καὶ
3572 4739 3642 4796 ὡς
3672 4742 3846 4807 φυγεῖν

2242 4832 2327 4882 τὸν
2384 4828 2735 4901 ἐπηρτημένον
2787 4824 3025 4881 κίνδυνον
3082 4835 3173 4881 τοῦ
3227 4822 3548 4880 σκανδάλου.
3605 4829 3705 4877 Καὶ
3752 4826 3845 4876 οὐκ

2243 4917 2569 4993 ἀντέγραψάς
2642 4936 2733 4990 μοι
2766 4934 2779 4946 ·
2841 4921 2929 4969 καὶ
3003 4916 3155 4968 πάλιν
3232 4911 3533 4979 δεδήλωκα,
3600 4918 3692 4966 καὶ
3750 4912 3847 4965 οὐκ

2243 5006 2526 5081 ἀπεκρίθης
2582 5025 2671 5080 μοι
2703 5023 2718 5040 ·
2761 5011 2851 5059 καὶ
2901 5013 3053 5058 τοῦτο
3100 5008 3395 5077 κατηγορία
3451 5006 3686 5077 ἐναργὴς,
3753 5009 3847 5054 τοῦ

2242 5103 2311 5169 μη
2340 5096 2496 5149 θέλειν
2531 5116 2588 5149 σε
2635 5099 2764 5149 Θεὸν
2820 5097 3134 5169 θεραπεύειν,
3197 5090 3337 5166 μηδὲ
3391 5089 3697 5165 ὁρθοποδεῐν
3726 5094 3845 5165 περὶ

2241 5190 2333 5245 τὴν
2360 5184 2623 5244 ἀλήθειαν.
2672 5190 2775 5240 Καὶ
2824 5189 3199 5257 συγχώρησον.
3242 5188 3311 5256 μή
3366 5185 3846 5253 καταγανακτήσῃς

2281 5349 2326 5383 ³³
2357 5348 2528 5404 Joan.
2559 5361 2661 5412 xv,
2694 5344 2780 5401 12.
2856 5347 2927 5384 ἰ·
2962 5345 3166 5403 Matth.
3196 5359 3355 5410 xvui,
3386 5344 3450 5399 7.
3518 5344 3565 5379 ³³
3591 5339 3738 5397 Ibid.
3770 5343 3825 5396 6.

2053 5471 2280 5529 ΝΟΤιΕ.

564 5571 675 5643 (29)
703 5571 765 5627 In
797 5571 930 5628 cod.
960 5572 1100 5640 Reg.
1119 5571 1242 5645 ρνγ”.
