4036 6276
220 278 352 339 4441

1483 281 1826 340 EPISTULA
1837 280 1993 339 RUM
2039 280 2174 340 LIB.
2220 282 2288 340 II.

3445 290 3461 341 ί
3472 282 3575 342 442

219 427 321 480 μου
345 408 582 480 λέγοντος
609 410 667 461 τό
698 407 905 470 ἀληθές.
966 410 1265 482 Γέγραπται
1287 426 1300 439 ·
1331 408 1611 483 Ἐλεγμῷ
1650 409 1821 483 ἰλίγ-

1939 412 2067 468 tius.
2086 413 2154 468 ⁸³.
2177 414 2258 468 En
2280 427 2392 483 ego
2406 413 2607 479 miser,
2621 413 2856 469 tametsi
2876 416 2930 469 te
2947 427 3268 486 nunquam
3297 412 3443 479 vidi,
3458 412 3577 469 hoc

223 496 487 561 ξειςτόν
525 497 804 556 πλησίον
837 517 971 563 σου,
1031 498 1233 553 καὶού
1281 498 1449 573 λήψῃ
1503 496 1586 553 δι’
1631 501 1819 554 αὐτόν

221 586 568 661 ἁμαρτίαν.
598 584 739 641 Ἰδοὺ
765 590 864 659 ἐγὼ
894 588 921 640 6
950 587 1129 653 τάλας,
1158 593 1343 661 καίπερ
1373 594 1444 662 μὴ
1479 585 1605 642 ἰδών
1633 609 1691 643 σε
1718 596 1822 642 πώ-

221 694 368 742 ποτε,
424 675 531 729 ἀλλ’
581 678 664 729 ότι
718 672 940 749 ἀδελφὸς
976 680 1113 730 κατά
1176 680 1436 744 Χπιστὸν,
1494 677 1589 731 οὐκ
1630 683 1825 751 ἤνεγκα

220 768 316 825 τὴν
374 767 535 824 ἀκοὴν
582 764 724 838 φόϐῳ
771 783 783 795 ·
835 764 1031 839 ἓλεγμῷ
1090 763 1150 820 δι
1215 766 1406 836 ἤλεγξα
1440 781 1454 796 ⁸
1510 768 1822 842 παρακαλῶν

220 854 570 927 παρεκάλεσα,
629 850 986 927 ἀποδυόμενος
1041 858 1097 908 τὸ
1155 863 1339 930 κρῖμα,
1381 860 1470 909 καὶ
1521 856 1676 926 φιλῶν
1728 862 1822 915 τὴν

225 948 488 1019 σωτηρίαν
537 963 655 999 σου.
714 951 832 1006 Πῶς
883 944 1040 1006 αὐτὸς
1078 946 1105 997 6
1131 944 1418 1017 ἐγκληθεὶς,
1460 950 1549 998 καὶ
1584 954 1676 999 τοῦ
1699 950 1824 1017 σχί-

223 1050 418 1105 σματος
468 1038 665 1110 πατὴρ,
715 1037 877 1096 οἴσεις
914 1038 973 1088 τό
1015 1041 1180 1111 κρῖμα
1217 1043 1373 1101 ςπῶς
1422 1032 1482 1088 δι
1512 1034 1819 1109 ἀπολογήσῃ

224 1128 298 1192 τῷ
330 1130 544 1196 Χριστῷ
582 1124 711 1199 ὑπερ
757 1126 1008 1178 τοσούτου
1062 1123 1187 1177 λαοῦ
1227 1124 1602 1198 woman“;
1653 1124 1824 1179 Ἰωάν-

222 1228 313 1263 νου
344 1219 435 1264 τοῦ
473 1209 778 1286 προδρόμου
829 1213 872 1266 εἰ
925 1216 984 1265 τὸ
1037 1216 1185 1288 ἔργον
1232 1216 1399 1286 ἔχοις,
1449 1218 1589 1267 κενόν
1630 1233 1686 1267 σε
1732 1222 1824 1275 τῆς

227 1297 500 1372 βασιλείας
549 1300 846 1375 ἀποπέμψει
876 1310 968 1356 τοῦ
996 1310 1150 1375 Θεοῦ,
1209 1304 1253 1358 εἰ
1288 1308 1361 1377 μὴ
1407 1302 1827 1379 προκαταλάϐοις

227 1384 651 1463 διορθώσασθαι.
679 1397 772 1454 Τίς
823 1389 883 1445 δι
934 1394 965 1451 ἠ
1001 1389 1333 1467 διόρθωσις;
1380 1393 1425 1445 εἰ
1463 1396 1551 1466 μέν
1603 1394 1710 1446 οἷόν
1748 1412 1821 1459 τε,

227 1486 325 1531 σοῦ
354 1479 518 1533 αὐτοῦ
573 1486 829 1557 παρόντος
863 1499 876 1511 ⁶
911 1483 955 1535 εἰ
994 1478 1054 1535 δε
1098 1486 1193 1556 μὴ,
1253 1479 1327 1536 δι’
1377 1480 1669 1535 ἀποστόλου
1729 1502 1824 1535 σου

227 1566 485 1642 ἀπολογίᾳ
534 1578 875 1643 γραμματικῇ
931 1576 1050 1645 περὶ
1107 1572 1176 1623 ὧν
1226 1576 1473 1645 πρότερον
1532 1571 1823 1632 ἓνεκλήθης.

225 1655 408 1710 ἀθωῶν
447 1658 630 1711 ἑαυτὸν
686 1656 780 1712 διὰ
830 1667 927 1722 τῆς
970 1658 1270 1732 ἀπολογίας,
1334 1665 1423 1713 καὶ
1474 1656 1826 1713 ὑποδεικνύων

1931 517 2053 559 uno
2082 502 2245 575 quod
2275 502 2453 559 frater
2492 502 2551 558 in
2583 502 2814 560 Christo
2846 519 3014 559 meus
3056 519 3140 568 es,
3172 502 3338 575 quod
3369 501 3579 558 audie-

1929 606 2061 647 ram
2102 597 2259 648 metu
2302 606 2423 647 non
2465 591 2601 647 silui
2636 608 2649 647 :
2679 593 2785 648 sed
2816 607 3075 662 arguens
3113 594 3304 660 argui,
3326 590 3576 648 hortans

1929 679 2201 736 hortatus
2231 697 2365 736 sum
2391 680 2687 750 judicium
2718 696 2962 747 exuens,
2994 685 3050 737 et
3079 696 3293 737 amans
3321 680 3578 737 salutem

1932 775 2118 825 tuam.
2148 769 2462 838 Quomodo
2491 769 2620 842 ipse
2657 770 2763 842 qui
2792 770 3118 834 accusaris,
3160 776 3217 825 et
3242 768 3579 825 schismatis

1932 874 1994 913 es
2017 864 2241 925 auctor,
2271 858 2566 928 judicium
2594 858 2920 915 sustinebis
2947 858 2976 912 ?
3005 858 3319 924 Quomodo
3350 858 3579 914 Christo

1930 947 2348 1019 respondebis,
2382 962 2491 1019 pro
2531 952 2697 1003 tanto
2736 952 2889 1004 coetu
2930 949 3222 1004 rationem
3255 946 3512 1003 reddens
3550 945 3578 1000 ?

1930 1037 2088 1093 Licet
2114 1037 2359 1092 Joannis
2397 1037 2778 1109 praesursoris
2807 1052 2992 1107 opera
3030 1036 3269 1092 fecisses
3317 1050 3578 1091 vacuum

1933 1131 1985 1181 te
2017 1141 2053 1182 a
2081 1140 2267 1195 regno
2292 1126 2391 1181 Dei
2421 1124 2793 1190 amandahit,
2821 1124 2936 1181 nisi
2961 1131 3226 1181 matures
3265 1123 3579 1182 correctio-

1934 1229 2092 1269 nem.
2126 1216 2414 1280 Quaanam
2466 1230 2645 1286 porro
2685 1221 2771 1270 est
2824 1214 3108 1270 correctio
3157 1214 3188 1267 ‘2
3237 1215 3283 1269 si
3331 1212 3579 1286 quidem

1930 1302 2061 1359 ﬁeri
2094 1308 2308 1377 potest,
2357 1305 2547 1376 teipse
2604 1308 2943 1375 praesente;
2994 1304 3084 1359 sin
3113 1304 3335 1370 minus,
3365 1310 3426 1359 ut
3475 1316 3582 1374 per

1932 1391 2243 1448 hominem
2268 1392 2374 1448 abs
2399 1398 2451 1448 te
2468 1392 2714 1457 misum,
2734 1392 3030 1449 insontem
3054 1399 3105 1448 te
3132 1391 3354 1462 scripta
3382 1390 3583 1447 defen-

1935 1481 2102 1537 sione
2120 1483 2477 1553 comprobes
2498 1483 2555 1537 in
2581 1481 2650 1538 iis
2676 1482 2749 1538 de
2779 1482 3001 1555 quibus
3028 1482 3318 1538 hactenus
3342 1495 3583 1537 accusa-

1934 1575 2027 1627 tus
2044 1586 2126 1636 es,
2159 1579 2383 1627 rectam
2414 1570 2618 1636 ﬁdem,
2651 1577 3001 1642 rectumque
3030 1572 3091 1626 in
3122 1570 3405 1627 omnibus
3429 1567 3583 1625 veri-

1936 1660 2072 1715 tatis
2105 1674 2447 1716 sermonem
2478 1659 2816 1715 ostendens.
2848 1662 3041 1732 Atque
3071 1660 3185 1716 hoc
3216 1659 3400 1715 modo
3424 1658 3583 1715 facta

224 1745 387 1820 ὃρθὴν
450 1751 546 1806 τὸν
600 1752 805 1819 πίστιν,
844 1753 933 1802 καὶ
982 1753 1078 1808 τὴν
1134 1748 1207 1821 ἐφ’
1256 1748 1454 1803 ἅπασιν
1517 1748 1828 1824 ὀρθοτομίαν

1939 1749 1996 1805 in
2045 1749 2293 1804 Domino
2333 1748 2673 1813 concordia,
2707 1763 2828 1803 non
2875 1747 3072 1803 dicam
3128 1764 3267 1803 cum
3327 1747 3443 1804 hoc
3488 1745 3583 1803 vel

225 1842 320 1888 τοῦ
370 1834 527 1907 λόγου
581 1845 672 1898 τῆς
735 1837 1000 1900 ἀληθείας.
1057 1842 1158 1892 Καὶ
1197 1838 1357 1898 οὕτως
1394 1842 1672 1911 γενομένης
1708 1840 1829 1910 όμο-

226 1928 373 1986 νοίας
422 1926 471 1978 ἓν
531 1930 731 2001 Κυρίῳ,
800 1926 859 1979 οὐ
907 1926 1039 1999 λίγω
1103 1929 1233 1999 μετά
1293 1923 1449 1980 τοῦδε
1500 1932 1589 1980 καὶ
1648 1923 1821 1993 τοῦδε,

230 2012 359 2066 ἀλλά
394 2014 505 2087 μετ’
549 2013 677 2087 ἐμοῦ
732 2019 891 2088 μόνου
928 2023 1021 2068 τοῦ
1067 2022 1330 2082 ταπεινοῦ,
1386 2016 1523 2090 ἣρθη
1562 2019 1622 2068 τό
1673 2018 1829 2069 σκάν-

231 2098 392 2155 δαλον
436 2102 492 2155 ἐκ
546 2107 734 2175 μέσου,
783 2109 874 2157 καὶ
924 2106 1163 2178 συνηφθη
1209 2106 1276 2157 τὰ
1332 2102 1595 2158 διεστῶτα
1627 2122 1640 2136 ⁸
1681 2110 1771 2158 καὶ
1800 2106 1826 2158 6

232 2193 423 2265 Κύριον
487 2194 539 2244 ἂν
596 2197 740 2265 μέσῳ
792 2195 959 2266 ἡμῶν,
1006 2198 1096 2246 καὶ
1146 2196 1205 2247 οὐ
1247 2191 1712 2267 βλασφημούμενον
1767 2198 1827 2247 τὸ

231 2283 393 2352 ὄνομα
419 2280 578 2333 αὐτοῦ
609 2277 682 2333 δι’
707 2282 849 2353 ἡμᾶς
881 2298 895 2312 ·
928 2282 988 2335 οὗ
1012 2281 1143 2355 λέγω
1169 2281 1219 2335 ἕν
1243 2290 1354 2345 τοῖς
1400 2285 1616 2342 ἔθνεσιν.
1650 2282 1756 2335 ἀλλ’
1778 2281 1827 2335 ἓν

232 2376 342 2431 τοῖς
369 2376 726 2443 Χριστιανοῖς.
760 2372 866 2424 Κᾶν
917 2390 1047 2432 τινες
1091 2368 1439 2446 διαφέρωνται
1464 2374 1595 2445 μετά
1623 2376 1715 2431 τὴν
1757 2372 1829 2436 εἰς

235 2457 486 2519 ἀλλήλους
537 2463 838 2531 συμφωνίαν
879 2455 916 2513 δ
922 2455 1313 2532 ιδαχθήσονται
1342 2466 1431 2513 καὶ
1472 2462 1828 2534 συναφθήσον-

235 2566 323 2599 ται
381 2543 455 2600 δι’
486 2549 632 2620 ἡμῶν
686 2548 855 2600 αὐτῶν
903 2556 1002 2601 τῶν
1032 2557 1282 2603 ταπεινῶν
1335 2550 1828 2625 ὑπερασπιξομίνων

235 2654 313 2703 σε,
360 2638 425 2696 ὡς
468 2634 707 2709 ἐμαυτόν.
749 2640 850 2689 Καὶ
915 2636 1060 2699 ἵλεως
1114 2640 1263 2690 ἔσται
1310 2641 1459 2704 Θεὸς,
1509 2643 1599 2692 καὶ
1640 2640 1666 2690 ὁ
1716 2637 1829 2712 βίος

235 2743 331 2777 σου
363 2724 500 2777 οὕτω
543 2727 818 2798 μακάριος,
850 2730 940 2779 καὶ
975 2729 1032 2779 τὸ
1059 2727 1200 2788 τέλος
1254 2746 1349 2781 σου
1388 2727 1606 2796 αἰνετόν,
1646 2733 1736 2781 καὶ
1764 2731 1831 2781 τὰ

232 2813 652 2885 ἕγκαταλείματοί
705 2833 799 2868 σου
855 2814 905 2867 ἕν
957 2812 1294 2890 δικαιοσύνῃ.
1352 2813 1495 2870 Ἰδοὺ
1553 2813 1825 2890 διυτίραή

234 2902 479 2961 ἐπιστολή
535 2923 637 2973 μου
702 2904 834 2963 αὕτη
884 2905 914 2962 ἠ
952 2904 1175 2967 εὐτελής.
1238 2910 1339 2960 Καὶ
1391 2906 1437 2959 εἰ
1619 2902 1831 2980 δράσεις

234 2994 301 3044 τά
335 2988 541 3060 δίοντα,
574 2988 746 3051 δηλῶν
779 2998 870 3046 καὶ
922 2991 1331 3067 ἀπολογούμενος
1359 3000 1477 3069 περὶ
1521 2997 1725 3049 πάντων
1763 2998 1831 3049 ὧν

1939 1837 2061 1903 illo,
2090 1837 2193 1892 sed
2230 1853 2364 1892 cum
2411 1836 2535 1892 solo
2592 1852 2686 1892 me
2724 1836 2958 1901 humili,
2985 1837 3221 1893 tolletur
3265 1836 3339 1892 de
3384 1836 3583 1893 medio
3680 1892 3687 1899 _

1941 1927 2314 1992 scandalum,
2344 1931 2401 1981 et
2419 1926 2751 1983 coalescent
2769 1942 2903 1998 quae
2928 1925 3166 1981 divulsa
3187 1932 3326 1983 sunt
3354 1942 3366 1981 :
3395 1930 3452 1982 et
3475 1927 3585 1981 Do-

1939 2016 2139 2073 minus
2180 2016 2239 2071 in
2272 2016 2471 2072 medio
2499 2020 2769 2072 nostrum
2799 2031 2813 2070 :
2842 2020 2897 2071 et
2926 2031 3047 2071 non
3067 2014 3588 2087 blasphemabitur

1939 2122 2160 2163 nomen
2205 2105 2334 2177 ejus
2384 2111 2626 2177 propter
2655 2120 2783 2170 nos,
2819 2120 2941 2161 non
2968 2105 3103 2160 dico
3157 2105 3310 2161 inter
3356 2107 3583 2175 gentes,

1939 2194 2041 2250 sed
2064 2195 2216 2250 inter
2244 2192 2632 2251 Christianos.
2675 2192 2846 2259 Quod
2884 2192 2933 2249 si
2981 2193 3084 2266 qui
3138 2198 3274 2265 post
3310 2197 3586 2249 mutuam

1936 2282 2322 2340 concordiam
2353 2283 2770 2353 dissenserint,
2795 2282 3193 2349 docebuntur,
3220 2285 3279 2337 et
3309 2281 3587 2337 unientur

1939 2387 2045 2444 per
2088 2387 2197 2427 nos
2226 2371 2508 2436 humiles,
2540 2372 2643 2445 qui
2689 2378 2743 2427 te
2770 2372 2923 2427 sicut
2967 2387 3078 2427 nos
3107 2370 3271 2443 ipsos
3300 2369 3587 2426 defende-

1940 2478 2097 2517 mus.
2130 2463 2195 2517 Et
2234 2460 2529 2534 propitius
2560 2461 2668 2517 erit
2697 2461 2875 2526 Deus,
2907 2466 2961 2516 et
3006 2460 3121 2516 vita
3177 2465 3279 2517 tua
3306 2459 3505 2523 beata,
3532 2464 3588 2516 et

1940 2550 2071 2606 ﬁnis
2112 2557 2246 2606 tuus
2277 2549 2616 2612 laudabilis.
2652 2555 2709 2606 et
2746 2550 3012 2623 reliquiae
3043 2555 3159 2605 tum
3211 2550 3272 2604 in
3330 2548 3584 2620 justitia.

1940 2643 2086 2695 Ecce
2133 2640 2261 2695 haec
2311 2638 2576 2695 secunda
2608 2645 2699 2695 est
2748 2655 2883 2695 mea
2912 2639 3104 2694 tenuis
3132 2637 3402 2710 epistola.
3426 2640 3507 2694 Ac
3538 2637 3586 2694 si

1939 2728 2185 2802 quidem
2212 2745 2348 2801 qua:
2379 2730 2742 2785 conveniunt
2765 2729 2974 2801 egeris,
3000 2728 3315 2784 declarans
3340 2743 3588 2800 respon-

1939 2819 2212 2890 densque
2242 2819 2315 2873 de
2340 2818 2622 2875 omnibus
2653 2834 2909 2889 quorum
2943 2816 3327 2883 iusimularis,
3360 2816 3591 2873 lucrifa-

1942 2914 2071 2963 ctus
2102 2925 2163 2963 es
2192 2907 2371 2965 frater
2396 2912 2618 2977 noster,
2654 2919 2716 2962 ut
2744 2907 2975 2963 Domini
3008 2922 3149 2962 voce
3181 2912 3420 2962 utamur
3446 2907 3512 2972 3‘,
3534 2910 3590 2963 et

1942 2998 2016 3054 de
2055 3002 2108 3053 te
2158 2997 2414 3053 humiles
2468 3012 2834 3069 magnopere
2886 2996 3241 3066 gaudemus.
3283 2994 3386 3050 Sin
3422 3010 3590 3064 vero,

234 3079 449 3154 ἕγκαλῇ,
508 3078 797 3156 ἔκερδήθης
863 3084 891 3134 ό
958 3079 1179 3156 ἀδελφός
1250 3086 1415 3157 ἡμῶν,
1495 3084 1829 3158 κυριολέκτως

1941 3086 2104 3160 quod
2139 3086 2317 3152 absit,
2344 3086 2404 3141 in
2433 3086 2644 3142 eodem
2679 3085 2910 3140 silentio
2938 3089 2997 3140 et
3024 3084 3431 3140 inobedientia
3462 3100 3591 3156 per-

234 3169 413 3235 εἰπεῖν,
441 3174 532 3224 καὶ
559 3177 817 3244 χαίρομεν
847 3174 932 3225 ἰπὶ
980 3177 1064 3225 σοὶ
1114 3177 1248 3245 μέγα
1279 3175 1330 3226 οἰ
1365 3178 1617 3230 ταπεινοί.
1659 3174 1720 3228 Εἰ
1750 3171 1827 3243 δι,

232 3259 355 3332 ὅπερ
389 3258 564 3330 ἀπείη,
621 3259 868 3334 ἐμμείνῃς
917 3263 967 3314 ἑν
1022 3268 1085 3333 τῇ
1137 3261 1267 3335 αὖτῇ
1330 3270 1501 3335 σιωπῇ
1551 3267 1642 3316 καὶ
1684 3262 1835 3316 ἀπει-

236 3350 369 3421 Θειᾳ,
402 3346 688 3422 βαστάσοις
739 3352 797 3403 τό
835 3356 1002 3424 κρῖμα
1052 3350 1279 3417 αἰώνιον,
1335 3352 1580 3426 ἄπρακτα
1633 3350 1829 3417 ἀσκῶν,

231 3437 427 3510 μᾶλλον
466 3435 527 3493 δε
557 3438 795 3513 ὀλεθρίως
850 3439 1056 3512 σχίζων
1111 3444 1200 3493 τόν
1246 3439 1369 3493 λαὸν
1399 3448 1490 3493 τοῦ
1533 3445 1683 3507 Θεοῦ,
1740 3438 1834 3494 διά

228 3534 327 3590 τῆς
368 3527 563 3591 οἱκιίας
618 3524 977 3605 ἰδιοπραγίας.
1041 3529 1213 3603 Ἡμεῖς
1279 3527 1337 3583 δε
1392 3530 1706 3605 προσίξομεν
1760 3539 1832 3603 τῷ

230 3616 534 3689 Ἀποστόλῳ
577 3617 811 3689 λέγοντι⁸
862 3620 1210 3693 Αίρετεκὸν
1284 3620 1618 3692 ἄνθρωπον
1674 3623 1833 3692 μετά

229 3710 390 3779 μίαν
441 3710 551 3760 καὶ
599 3703 909 3781 δευτέραν
948 3710 1299 3761 νουθεσίαν
1349 3716 1703 3781 παραιτοῦ,
1745 3708 1833 3762 εἰ-

230 3791 362 3857 δὼς
400 3797 499 3848 ὅτι
545 3796 978 3871 ἓξίστραπται
1020 3799 1047 3850 6
1097 3805 1423 3870 τοιοῦτος,
1476 3803 1584 3852 καὶ
1642 3797 1838 3873 ἀμαρ-

226 3885 415 3938 τάνει
451 3888 529 3938 ὧν
569 3885 1158 3960 αὐτοκατάκριτος.

371 4025 525 4080 ΡΛΘ¹
555 4026 692 4099 (30).
719 4056 789 4069 —
821 4028 1106 4099 Στεφάνῳ
1158 4026 1704 4103 ἡγουμένῳ.

1943 3175 2175 3241 stiteris,
2205 3175 2501 3245 judicium
2522 3173 2776 3245 perieres
2804 3174 3254 3246 sempiternum,
3287 3174 3591 3229 incassum

1946 3270 1997 3320 te
2024 3279 2323 3329 exercens,
2352 3269 2455 3320 aut
2484 3264 2680 3335 potius
2709 3263 2951 3319 exitiose
2982 3263 3256 3318 dividens
3297 3261 3593 3336 populum

1942 3353 2040 3408 Dei
2063 3369 2168 3426 per
2190 3353 2487 3425 privatam
2512 3358 2675 3408 tuam
2695 3351 3008 3407 actionem.
3037 3354 3152 3408 Nos
3179 3368 3315 3407 vero
3344 3353 3593 3423 Aposto-

1943 3441 2068 3497 lum
2083 3442 2398 3497 audiemus
2415 3440 2709 3497 dicentem
2735 3456 2747 3493 :
2770 3442 3125 3497 Haereticum
3146 3441 3438 3498 hominem
3460 3446 3594 3511 post

1944 3546 2126 3587 unam
2138 3535 2191 3588 et
2210 3530 2529 3587 secundam
2552 3530 2981 3600 correptionem
3006 3530 3225 3594 devita,
3248 3530 3435 3587 sciens
3450 3529 3593 3600 quia

1944 3620 2259 3677 subversas
2279 3626 2361 3677 est
2386 3621 2492 3692 qui
2510 3619 2799 3689 ejusmodi
2813 3625 2917 3685 est,
2952 3626 3005 3676 et
3030 3619 3344 3692 delinquit,
3363 3635 3494 3676 cum
3517 3618 3593 3675 sit

1943 3709 2191 3781 proprio
2208 3709 2447 3781 judicio
2476 3708 2901 3766 condemnatus
2932 3710 3000 3760 ³⁸.

2234 4026 2490 4085 CXXXIX.
2532 4056 2602 4071 —
2638 4025 2936 4098 Stephano
2972 4029 3308 4098 praeposito.

742 4123 883 4173 Nihil
910 4127 1088 4175 vetare
1104 4126 1394 4189 quominus
1424 4128 1625 4177 mensis
1654 4128 1990 4186 benedicant,
2012 4126 2106 4191 qui
2127 4128 2248 4189 post
2271 4126 2483 4189 lapsum
2518 4126 2890 4190 paenitentiam
2920 4139 3093 4189 egere.

304 4211 366 4268 Ἡ
419 4217 686 4286 συχνότης
750 4221 850 4266 τῶν
905 4216 1228 4287 γραμμάτων
1310 4221 1668 4290 πυκνουμένην
1723 4214 1829 4271 δεί-

2015 4215 2309 4273 Crebritas
2338 4214 2663 4272 litterarum
2690 4215 3102 4271 vehementem
3125 4215 3385 4272 ostendit
3404 4216 3595 4274 chari-

226 4321 392 4357 κνυσι
430 4306 522 4361 τὴν
562 4302 771 4375 ἀγάπην
809 4309 901 4365 τῆς
950 4308 1254 4376 τιμιότητος
1285 4323 1400 4376 σου,
1443 4314 1679 4378 πατρικῷ
1733 4309 1835 4360 ἔθει

228 4388 647 4467 ἐπερειδομένην.
714 4391 958 4454 Κάκεῖνος
1013 4394 1114 4469 γὰρ
1174 4393 1199 4445 ό
1247 4396 1503 4468 μακάριος
1564 4398 1689 4468 πρός
1727 4403 1835 4458 τοῖς

231 4480 413 4544 ἄλλοις
453 4481 615 4535 αὐτοῦ
666 4484 1060 4556 κατορθώμασι,
1106 4486 1196 4535 καὶ
1251 4479 1389 4554 τῷδε
1442 4491 1512 4555 τῷ
1560 4480 1835 4543 ἐπετηδεύ-

230 4590 365 4647 ματι
403 4566 742 4647 δημιουργῶν
781 4567 842 4631 ἧν
871 4574 1000 4645 πρὸς
1049 4575 1170 4635 τοὺς
1214 4568 1465 4645 ἀδελφοὺς
1496 4576 1554 4626 τὸ
1584 4580 1677 4636 τῆς
1709 4571 1834 4646 ἀγά-

232 4680 336 4722 πης
389 4660 565 4716 καλόν.
641 4662 807 4735 Γράφε
858 4664 1048 4726 τοίνυν,
1105 4658 1144 4713 ὦ
1190 4662 1492 4736 τριπόθητε,
1548 4663 1835 4737 πατρῶξων

234 4750 285 4805 ἄν
325 4751 514 4823 τούτῳ,
569 4751 709 4823 ἡμᾶς
765 4767 819 4803 τε
883 4746 1072 4814 ἡδίους
1126 4758 1287 4803 ποιῶν
1342 4758 1414 4822 τῷ
1480 4756 1694 4823 συνεχεί
1742 4758 1835 4804 τοῦ

234 4842 547 4915 φθέγματος.
625 4839 713 4899 Μὴ
798 4842 974 4911 μέντοι
1075 4837 1288 4906 ἐπαίνει,
1373 4836 1513 4913 μηδέ
1591 4842 1837 4914 σύγκρινε

231 4937 429 5004 χρυσῷ
456 4924 726 5000 μόλιϐδον,
758 4924 895 4999 μηδὶ
945 4933 1245 5003 μαργαρίτῃ
1292 4927 1472 4987 πηλόν.
1526 4931 1835 5004 Προσεύχου

235 5015 299 5072 δε
353 5018 562 5092 μᾶλλον,
614 5023 702 5070 καὶ
748 5018 890 5090 ὑμῶν
934 5025 1032 5070 τῶν
1089 5017 1281 5071 ἐκείνου
1347 5014 1557 5071 ὀπαδῶν
1616 5023 1834 5071 κατόπιν

236 5109 366 5163 ἰέναι
397 5125 410 5139 ·
445 5104 539 5161 διὰ
582 5109 641 5160 τό
693 5105 907 5181 ἀχρείόν
955 5124 1018 5178 με
1066 5102 1197 5160 εἶναι
1253 5106 1302 5159 ίν
1340 5113 1475 5160 πᾶσι
1508 5127 1521 5140 ι
1551 5108 1646 5159 κάν
1679 5108 1836 5170 αὐτὸς

234 5196 549 5271 ὠφελεῖσθαι
592 5195 764 5269 λόγοις
803 5197 930 5271 πρὸς
970 5196 1115 5268 ἡμῶν
1164 5203 1261 5249 τῶν
1302 5194 1565 5269 ἀνωφελῶν
1622 5196 1835 5270 ἀγαπη-

312 5352 362 5388 ³⁸
393 5350 564 5408 Eccli.
604 5365 723 5419 xxx,
761 5353 824 5405 l7
856 5366 870 5417 ;
903 5364 1043 5412 un,
1083 5348 1169 5403 t5.
1247 5348 1299 5384 ³⁴
1322 5348 1522 5405 Matth.
1556 5363 1716 5413 xvm,
1756 5351 1846 5404 l5.

1948 4309 2126 4361 tatem
2159 4304 2505 4360 reverentiae
2546 4310 2683 4373 ture,
2714 4304 2774 4359 in
2808 4309 3055 4376 paterno
3104 4320 3270 4360 more
3320 4310 3595 4364 constan-

1947 4400 2085 4451 tem.
2108 4394 2258 4449 Nam
2282 4399 2338 4448 et
2359 4394 2566 4450 beatus
2588 4393 2704 4455 ille,
2726 4392 2880 4449 inter
2900 4392 3019 4449 alia
3040 4393 3281 4464 egregia
3300 4394 3590 4462 facinora,

1945 4483 2059 4540 hoc
2090 4484 2271 4538 etiam
2302 4481 2621 4554 pulchrum
2653 4480 2957 4538 charitatis
2989 4482 3254 4538 studium
3288 4484 3451 4555 apud
3480 4483 3595 4542 fra-

1949 4576 2061 4628 tres
2109 4570 2365 4627 fovebat.
2403 4568 2603 4627 Scribe
2646 4570 2844 4641 igitur,
2905 4571 3309 4639 dilectissime,
3363 4576 3593 4631 Patrem

1944 4660 2186 4715 imitans
2214 4659 2330 4714 hac
2364 4659 2423 4714 in
2463 4663 2649 4730 parte,
2681 4674 2915 4731 nosque
2950 4659 3292 4715 exhilarans
3332 4660 3592 4717 assidui-

1948 4754 2065 4805 tate
2105 4748 2420 4804 sermonis.
2449 4751 2723 4803 Attamen
2774 4762 2847 4803 ne
2886 4746 3088 4815 lauda,
3129 4764 3239 4805 nec
3271 4748 3591 4821 plumbum

1946 4855 2083 4895 cum
2124 4853 2271 4894 auro
2316 4852 2624 4908 compara,
2670 4852 2779 4892 nec
2820 4836 3013 4893 lutum
3066 4854 3205 4893 cum
3247 4839 3589 4909 margarita.

1948 4926 2100 4994 Quin
2139 4926 2336 4999 potius
2383 4942 2489 4982 ora
2526 4930 2588 4980 ut
2640 4940 2747 4981 vos
2796 4924 2950 4981 illius
2996 4932 3382 4982 assectatores
3435 4943 3592 5000 pone

1945 5016 2385 5088 subsequamur
2409 5031 2421 5081 ;
2450 5015 2592 5087 quia
2621 5014 2844 5070 inutilis
2870 5031 2982 5086 ego
3009 5032 3143 5071 sum
3175 5015 3235 5070 in
3266 5016 3586 5073 omnibus:

1946 5105 2177 5163 tametsi
2219 5102 2444 5161 amoris
2466 5103 2521 5158 vi
2550 5103 2859 5176 abreptus,
2882 5103 3078 5174 juvari
3105 5110 3158 5159 te
3184 5103 3351 5160 dicas
3372 5104 3589 5161 inutili-

1944 5196 2060 5252 bus
2092 5193 2469 5250 sermonibus
2501 5193 2739 5249 nostris.
2774 5192 2944 5257 Quod
2975 5192 3025 5247 si
3054 5207 3178 5264 qua
3220 5192 3323 5248 tibi
3374 5193 3592 5251 utilitas

1931 5348 1980 5382 ³⁸
2004 5346 2109 5402 Tit.
2150 5360 2229 5411 ιιι,
2263 5344 2345 5399 10.

1804 5471 2028 5529 ΝΟΤΛΕ.

312 5565 430 5640 (30)
452 5565 515 5623 In
539 5565 674 5622 cod.
708 5567 848 5636 Reg.
880 5560 1001 5640 ρνε¹.
