4036 6276
538 266 674 324 “.43
1800 258 1859 318 S.
1901 256 2265 319 THEODORI
2306 258 2633 322 STUDITE
3758 268 3909 331 1444

535 392 764 465 obtigit,
797 393 919 448 Deo
956 389 1379 447 ascribendum
1423 393 1530 453 est,
1560 388 1669 459 qui
1692 402 1827 459 qum
1872 386 2129 458 profutui

2314 396 2445 451 ἰκῶς
2483 409 2771 463 φερόμενος.
2827 392 2887 446 Εἰ
2933 388 3011 445 δελ
3046 396 3139 446 καί
3197 412 3251 447 τι
3307 393 3616 471 ὀνησιφόρον
3674 415 3781 451 σου
3823 403 3908 468 7i-

532 487 694 549 sunt,
727 484 877 539 inter
930 480 1042 536 hos
1081 479 1331 550 illosque
1384 482 1594 533 mutuo
1625 477 1950 548 dispensat.
1993 478 2126 548 Atqu

2310 497 2449 544 ιοιτο,
2482 487 2596 551 Θεῷ
2649 484 2707 533 τὸ
2738 486 2959 554 πρᾶγμα
2999 480 3286 551 ἀναθετέον,
3318 492 3390 557 τῷ
3422 481 3496 537 δι’
3528 485 3771 546 ἀλλήλων
3811 492 3904 541 καὶ

532 572 663 628 haec
700 571 783 627 ita
821 572 956 626 sint.
1007 572 1082 625 De
1137 584 1208 623 eo
1260 573 1459 624 autem
1492 568 1655 640 quod
1709 565 1786 621 ab
1816 566 1887 621 iis
1936 566 2040 638 qui
2077 582 2126 637 p4

2314 588 2340 618 ν
2380 567 2612 633 ἀλλήλοις
2666 570 3021 644 οἰκονομοῦντι
3075 574 3139 625 τὰ
3196 575 3335 627 κατὰ
3399 580 3605 651 χρείαν.
3656 575 3781 631 Εἶεν
3837 575 3904 635 δὴ

532 661 946 734 paenitentiam
996 660 1169 714 erecti
1223 663 1379 720 sunt.
1412 658 1649 728 signum
1700 656 1760 710 in
1817 670 2047 720 mensa,
2081 671 2126 711 a1

2307 665 2471 713 ταῦτα.
2548 664 2685 735 Πρός
2751 657 2810 714 δε
2856 669 2955 714 τῶν
3008 660 3063 714 ἐκ
3139 668 3411 735 μετανοίας
3481 664 3901 739 ἀνασφηλοίντων

532 750 650 807 alia
678 751 965 823 quapiam
996 749 1308 803 occasione
1353 747 1479 801 ﬁeri
1509 744 1975 817 approbaverint
2003 744 2043 799 ii
2072 759 2126 815 qi

2306 744 2563 821 τφραγῖδα
2612 748 2696 801 ἐπὶ
2738 751 3021 823 τραπέζης,
3055 754 3086 810 ἦ
3118 754 3257 805 κατὰ
3306 752 3465 812 ἄλλην
3516 757 3635 808 τινὰ
3681 762 3900 831 περιπέ-

530 840 766 912 lapsum
779 839 904 909 jam
920 842 1238 893 evaserant
1258 852 1272 902 ;
1283 837 1408 907 jam
1423 852 1459 891 a
1472 835 1690 891 sanctis
1708 833 1977 889 Patribus
1992 848 2124 904 pro!

2301 855 2427 889 ruav
2456 833 2717 909 δεδέχθαι
2745 843 2862 900 τούς
2913 836 3019 898 ἤδη
3052 837 3465 915 διαπεφευγότας
3493 846 3580 897 τόν
3623 843 3849 898 ὄλισθον
3882 862 3895 874 ·

529 929 782 984 dixerim
807 926 1096 999 synodice
1122 924 1475 996 inquisitum
1493 928 1550 979 et
1565 926 1868 978 decretum
1896 928 2001 986 est,
2024 921 2123 977 be:

2302 923 2394 984 ἥδη
2454 925 2538 979 ἰπὶ
2588 932 2830 1003 Πατέρων
2884 931 3043 1001 ἁγίων
3097 927 3298 1002 σχεδὸν
3354 932 3511 986 εἰπεῖν
3588 931 3896 995 συνοδεκῶς

527 1016 767 1079 habere.
798 1017 843 1071 si
871 1020 930 1071 et
971 1032 1081 1071 nos
1110 1014 1367 1069 humiles
1396 1028 1521 1069 rem
1556 1012 1767 1069 merito
1798 1011 2121 1083 probandaJ

2302 1018 2611 1079 τυνεζητήθη
2653 1022 2742 1070 καὶ
2788 1020 3165 1091 συνεκροτηθη,
3217 1016 3272 1074 εὖ
3301 1024 3443 1094 ἔχειν
3490 1027 3579 1076 καὶ
3617 1025 3751 1096 ἡμῖν
3780 1031 3896 1087 τοῖς

527 1107 957 1171 custodiamus,
990 1111 1047 1161 et
1076 1105 1205 1160 aliis
1232 1103 1562 1160 tradamus.

2298 1112 2541 1167 ταπεινοῖς
2594 1103 2940 1160 εὐαπόδεκτον
2980 1109 3040 1161 τό
3094 1114 3315 1183 πρᾶγμα
3370 1112 3773 1185 φυλαττόμενον,
3803 1120 3892 1167 καὶ

2282 1192 2457 1256 ἄλλοις
2485 1190 2654 1265 μεταδ
2659 1190 2715 1247 ιδ
2720 1202 2917 1267 όμενον.

600 1283 653 1341 Si
687 1298 829 1353 ergo
859 1288 915 1339 et
972 1284 1098 1354 ipse
1152 1282 1235 1336 vis
1281 1280 1342 1336 id
1373 1295 1631 1345 servare,
1661 1284 1717 1335 et
1768 1278 2090 1335 laudamus
2120 1283 2177 1337 et

2354 1281 2415 1335 Ei
2457 1279 2545 1335 οὖν
2592 1286 2681 1335 καὶ
2728 1286 2882 1345 αὐτὸς
2931 1285 3068 1337 οὕτω
3113 1283 3320 1359 βούλοιο
3348 1296 3575 1362 κρατεῖν,
3618 1295 3713 1344 καὶ
3745 1291 3891 1344 ἐπιει-

527 1373 915 1430 admittimus.
938 1371 1109 1437 Quod
1136 1371 1293 1426 enim
1319 1375 1572 1425 renuunt
1598 1368 1868 1441 quidam,
1896 1374 2121 1439 superst

2295 1377 2465 1443 ροῦμεν
2516 1375 2606 1424 καὶ
2680 1369 3077 1446 ἀποδεχόμεθα.
3130 1378 3199 1428 T6
3248 1378 3349 1450 γάρ
3405 1397 3548 1440 τινας
3607 1378 3889 1433 ἀπαναίνε-

525 1466 701 1521 tionis
740 1479 892 1534 opus
923 1466 1031 1526 est,
1065 1476 1248 1532 quam
1280 1458 1660 1530 reprehendit
1692 1456 2027 1530 Apostolus,
2068 1473 2119 1513 se

2293 1463 2430 1527 σθαι,
2489 1460 2914 1536 ἕθελοθρησκείας
2979 1463 3123 1517 ἐστίν
3194 1469 3341 1540 ἔργον
3422 1474 3887 1543 κατηγορουμένης

525 1570 661 1627 quae
691 1569 800 1608 nec
844 1551 958 1620 legi
992 1554 1399 1604 consentanea
1430 1548 1520 1611 sit,
1556 1562 1665 1601 nec
1703 1547 1976 1602 fraternae
2016 1546 2119 1603 dilt

2297 1551 2381 1603 'nr6
2421 1558 2513 1603 τοῦ
2555 1551 2899 1617 Ἀποστόλου,
2935 1552 3046 1605 ἀλλ’
3084 1553 3177 1607 ούκ
3216 1557 3448 1627 έχούσης
3478 1562 3596 1611 οὔτε
3642 1562 3706 1612 τό
3755 1563 3891 1612 ἒννο-

523 1643 726 1700 ctioni.
756 1641 921 1697 Unde
954 1654 1217 1710 namque
1247 1642 1435 1692 tutum
1471 1637 1530 1690 id
1550 1652 1679 1691 esse
1705 1636 2117 1691 conﬁrmabuu

2292 1657 2396 1702 nov,
2451 1643 2569 1692 οὔτε
2607 1642 2663 1692 τό
2709 1637 3036 1713 φιλάδελφον.
3108 1645 3268 1697 Πόθεν
3320 1647 3423 1720 γὰρ
3480 1644 3777 1719 έρείδονται
3830 1652 3886 1701 τὸ

525 1748 660 1788 cum
702 1746 811 1786 nec
864 1744 1057 1783 canon
1110 1732 1296 1782 exstet
1334 1726 1438 1796 qui
1489 1725 1732 1789 sanciat,
1776 1740 1884 1780 nec
1930 1725 2119 1780 divini

2293 1727 2507 1800 ἀσφαλες
2555 1731 2718 1801 ἔχειν,
2772 1734 2901 1802 μήτε
2947 1736 3158 1794 κανόνος
3189 1734 3545 1803 θεσπίζοντος,
3597 1741 3736 1809 μήτε
3793 1734 3887 1790 τοῦ

522 1818 838 1876 hierarcba
864 1823 1064 1872 noster
1101 1816 1214 1870 hoc
1245 1814 1423 1885 recipi
1454 1829 1490 1869 a
1532 1813 1707 1869 nobis
1737 1812 1921 1869 velit?
1957 1817 2116 1869 Annc

2292 1818 2560 1871 θεσπεσίου
2609 1821 2755 1890 ἡμῶν
2822 1820 3073 1894 ἰεράρχου
3137 1820 3491 1896 ἀπείργοντος,
3540 1827 3685 1898 ἡμᾶς
3730 1835 3886 1880 τοῦτο

521 1910 720 1982 potius
747 1906 993 1963 destruit
1025 1904 1457 1975 paenitentiam,
1489 1909 1542 1957 et
1572 1903 2047 1974 desperationem
2080 1920 2115 1958 a

2290 1901 2589 1978 δέχεσθαις
2635 1906 2703 1960 Ἥ
2757 1907 2885 1980 οὐχὶ
2932 1908 3124 1981 μᾶλλον
3178 1910 3503 1988 ἀναιρετικον
3554 1914 3672 1969 έστί
3724 1935 3884 1989 μετα-

522 2000 634 2055 fert
660 1998 868 2054 salutis
891 1996 921 2048 ‘?
950 2000 1032 2061 ut,
1056 1995 1150 2049 cui
1176 1996 1551 2047 sacramenta
1577 1990 1932 2063 participare
1962 2007 2116 2047 conc

2290 2000 2437 2060 νοίας,
2512 2001 2602 2049 καὶ
2675 1995 3060 2068 ἀπογνωστικόν
3122 1997 3236 2052 έστι
3315 2007 3620 2075 σωτηρίας;
3673 2009 3735 2058 τὸ
3796 2010 3884 2059 τὸν

522 2088 702 2153 ditur,
732 2093 788 2141 et
833 2086 1068 2155 signare
1110 2082 1377 2153 seipsum
1430 2095 1667 2135 crucem
1717 2080 1995 2150 imagine,
2028 2079 2109 2136 hu

2288 2082 2577 2157 ἀξιούμενον
2630 2090 2870 2158 μετέχειν
2928 2095 3028 2139 τῶν
3076 2087 3438 2162 ἀγιασμάτων,
3491 2098 3582 2146 καὶ
3623 2100 3882 2167 σημείοθῆ

522 2193 644 2234 non
669 2177 845 2232 liceat
873 2174 1075 2229 cibum
1107 2186 1492 2227 communem
1522 2168 1612 2224 vel
1637 2168 1910 2241 privatim
1946 2169 2037 2225 vel
2064 2186 2116 2241 pl

2285 2172 2458 2225 ἑαυτὸν
2510 2180 2573 2245 τῇ
2612 2171 2947 2247 σταυροειδεῖ
2985 2176 3159 2244 εἰκόνι,
3213 2182 3285 2250 μὴ
3331 2179 3513 2243 ἐξεῖναι
3567 2189 3879 2257 σφραγίζειν

521 2266 673 2323 blice
703 2263 1025 2335 obsignare
1052 2262 1080 2318 ?
1111 2263 1196 2315 An
1230 2260 1530 2315 nescimus
1576 2258 1801 2314 bonum
1833 2259 2019 2314 Deum
2058 2276 2115 2315 nt

2282 2259 2467 2335 βρῶμα
2513 2265 2704 2330 κοινόν,
2736 2266 2837 2317 εῖτε
2881 2260 2997 2337 ἰδίᾳ
3039 2268 3137 2319 εῖτε
3163 2263 3404 2342 δημοσίᾳ
3435 2288 3448 2335 ;
3494 2276 3562 2324 Ἥ
3600 2272 3699 2325 οὐκ
3724 2277 3876 2347 ῖσμεν

523 2360 708 2411 strum
744 2359 798 2409 et
840 2352 1179 2414 Dominum,
1212 2349 1313 2420 qui
1356 2347 1517 2402 solus
1545 2362 1758 2419 expers
1795 2352 1887 2404 est
1916 2355 2117 2420 peccat

2282 2352 2355 2404 ὅτι
2408 2353 2435 2403 ό
2490 2352 2689 2424 ἀγαθὸς
2742 2354 2888 2426 ἡμῶν
2918 2357 3051 2418 Θεὸς
3104 2362 3190 2410 καὶ
3244 2358 3458 2431 Κύριος,
3508 2361 3536 2412 ό
3586 2366 3745 2434 μόνος
3790 2364 3876 2416 ἀν-

521 2450 577 2501 et
607 2443 753 2499 tollit
779 2446 1087 2514 peccatum
1135 2437 1363 2501 mundi,
1393 2436 1702 2507 pertulisse
1729 2441 1791 2491 ut
1820 2437 2115 2493 immacula

2275 2446 2591 2514 αμάρτητος,
2660 2446 2748 2494 καὶ
2826 2445 2985 2516 αῖρων
3036 2449 3130 2504 την
3182 2445 3443 2520 ἁμαρτίαν
3499 2457 3589 2502 τοῦ
3647 2458 3869 2525 κόσμου,

520 2538 611 2590 tos
632 2530 819 2603 ipsius
848 2528 1031 2601 pedes
1057 2524 1332 2582 meretrix
1357 2524 1637 2579 manibus
1666 2529 1955 2595 tangeret,
1984 2541 2114 2595 ung1

2276 2530 2377 2582 ὑπό
2433 2535 2627 2603 πόρνης
2681 2534 2802 2593 τοὺς
2870 2530 3169 2606 ἀχράντους
3237 2532 3403 2599 ποδας
3475 2524 3761 2612 ἠνέσχετο
3787 2548 3870 2594 καὶ

519 2627 725 2692 retque
756 2617 1038 2689 lacrymis
1068 2615 1290 2686 pariter
1318 2619 1374 2669 et
1404 2618 1710 2683 unguento
1738 2614 1765 2668 ?
1796 2614 1909 2670 Sed
1939 2620 1995 2670 et
2024 2631 2113 2671 Clll

2273 2620 2698 2693 χειραπτεῖσθαι,
2757 2624 2850 2673 καὶ
2909 2621 3286 2696 ύπαλείφεσθαι
3344 2623 3626 2701 δάκρυσιν,
3697 2632 3866 2705 ὥσπερ

521 2707 861 2782 publicanis
902 2705 1245 2768 manducat,
1273 2708 1330 2757 et
1360 2702 1520 2795 apud
1564 2701 1941 2795 publicanos,
1972 2708 2031 2759 et
2058 2720 2115 2795 pl

2274 2713 2361 2760 καὶ
2420 2711 2568 2781 μύρῳ
2602 2726 2615 2774 ;
2675 2708 2838 2764 Ἀλλὰ
2863 2716 2954 2764 καὶ
3001 2714 3134 2783 μετὰ
3173 2713 3397 2767 τελωνῶν
3426 2714 3589 2771 έσθίει
3606 2724 3701 2772 καὶ
3729 2701 3868 2795 παρά

520 2799 794 2855 blicanos
824 2794 1008 2852 habet
1035 2792 1361 2863 discipulos
1396 2807 1408 2845 :
1440 2790 1708 2863 nihilque
1737 2791 1817 2847 illi
1850 2792 2002 2849 adeo
2026 2794 2114 2849 ch:

2273 2796 2528 2867 τελώναις,
2583 2802 2673 2850 καὶ
2718 2800 2993 2871 μαθητεύει
3055 2801 3274 2866 τελώνας
3304 2817 3320 2835 ⁸
3372 2809 3464 2858 καὶ
3521 2804 3679 2861 οὐδὲν

518 2903 654 2943 rum
681 2892 789 2955 est,
812 2900 882 2941 ac
903 2881 1212 2939 conversio
1234 2896 1270 2936 a
1297 2886 1565 2951 peccato,
1592 2888 1648 2936 et
1676 2888 1886 2939 mutua
1909 2882 2112 2940 dilectil

2275 2886 2411 2939 οὕτω
2462 2886 2672 2959 φιλητόν
2710 2890 2780 2950 ὡς
2828 2891 2889 2940 τὸ
2945 2889 3304 2964 ἔπιτρεπτικόν
3360 2892 3412 2956 έξ
3459 2894 3727 2971 ἁμαρτίας
3780 2905 3866 2951 καὶ

504 2976 662 3032 .Inde
692 2980 749 3031 et
773 2972 1021 3044 agnosci
1048 2969 1378 3040 discipulos
1406 2985 1548 3025 suos
1586 2969 1912 3062 designat:
1952 2979 2009 3029 et
2034 2990 2098 3046 qt

2274 2975 2602 3048 ἀγαπητικὸν
2653 2975 2730 3029 ἔπ’
2782 2975 3035 3041 ἀλλήλοις.
3093 2979 3353 3035 Ἐντεῦθεν
3401 2988 3491 3036 καὶ
3541 2969 3862 3062 χαρακτηρίι

518 3066 657 3122 dem
679 3064 921 3120 beatum
946 3063 1202 3125 Petrum,
1222 3064 1354 3131 post
1376 3059 1778 3130 negationem,
1801 3059 2112 3133 reliquorul

2279 3066 2467 3127 ζεσθαι
2504 3068 2623 3129 τοὺς
2680 3069 2921 3139 μαθητὰς
2975 3068 3138 3122 αὐτοῦ
3184 3071 3473 3145 ὑπογράφει
3502 3089 3516 3103 ’
3549 3080 3645 3129 καὶ
3678 3095 3731 3148 γε
3770 3059 3853 3129 τόν

516 3151 925 3226 apostolorum
946 3148 1279 3221 principem
1305 3147 1638 3202 renuntiat:
1656 3162 1780 3219 quo
1800 3149 1947 3220 quid
1968 3152 2110 3223 majl

2275 3157 2532 3230 μακάριον
2574 3159 2786 3229 Πέτρον,
2830 3158 2963 3229 μετά
3008 3162 3103 3216 τήν
3140 3159 3380 3233 ἄρνησιν,
3424 3169 3742 3237 πρώταρχον
3766 3173 3859 3219 tiu

516 3243 595 3298 ad
646 3241 730 3297 rei
797 3237 1116 3313 proposita;
1172 3235 1690 3292 conﬁrmationem
1737 3238 1765 3293 ‘I
1821 3239 1975 3304 Quid
2030 3257 2110 3297 vei

2273 3244 2463 3297 λοιπῶν
2520 3243 2821 3297 ἀποστόλων
2876 3242 3242 3301 ἀναδείκνυσιν
3268 3266 3284 3281 ⁶
3342 3247 3402 3303 οὗ
3467 3256 3521 3305 τί
3567 3235 3750 3325 μεῖξον
3804 3255 3867 3317 εἰς

518 3328 855 3385 dementius
884 3328 956 3383 iis
987 3326 1088 3399 qui
1120 3341 1244 3390 eos,
1271 3324 1375 3397 qui
1406 3340 1479 3381 ex
1520 3326 1864 3396 poenitentia
1892 3327 2112 3385 meliori

2275 3335 2608 3408 παράστασιν
2639 3341 2732 3386 τοῦ
2768 3340 3103 3408 προκειμένου
3149 3336 3302 3409 λόγου
3334 3354 3350 3407 ;
3404 3344 3457 3393 τί
3510 3324 3576 3394 δέ
3598 3341 3869 3400 ἀσυνετὼ

513 3418 639 3489 jam
677 3417 814 3474 facti
840 3420 997 3481 sunt,
1034 3416 1271 3484 signare
1296 3418 1352 3469 et
1381 3428 1576 3475 orare.
1602 3414 1874 3487 imperite
1904 3422 1959 3472 et
1997 3433 2107 3473 arri

2277 3441 2416 3498 τερον
2446 3431 2547 3474 τῶν
2596 3421 2810 3495 ἀμαθῶς
2858 3428 2949 3476 καὶ
2991 3424 3313 3498 οίηματικῶς
3369 3432 3441 3501 μὴ
3499 3429 3871 3507 καταδεχομέ-

516 3512 725 3577 ganter
745 3521 866 3562 non
889 3503 1257 3561 admittunt?
1282 3505 1398 3558 Nos
1420 3503 1620 3573 itaque
1650 3503 1906 3559 humiles
1929 3505 2011 3560 sic
2034 3522 2110 3562 sel

2278 3531 2389 3579 νων,
2426 3512 2730 3586 σφραγίζειν
2774 3517 2864 3565 καὶ
2906 3517 3308 3588 προσεύχεσθαι
3360 3522 3482 3581 τούς
3518 3518 3628 3579 ἤδη

516 3596 715 3661 timus,
749 3600 813 3651 ut
858 3595 1085 3650 dictum
1115 3597 1224 3656 est,
1253 3597 1311 3647 et
1355 3591 1530 3647 vobis
1574 3592 1630 3646 id
1674 3593 2023 3649 suademus.
2054 3596 2110 3651 Al

2277 3604 2454 3673 τανοίᾳ
2503 3599 2918 3672 βελτιωθέντας;
2974 3601 3152 3674 Ἡμεῖς
3206 3615 3483 3681 τοιγαροῦν
3536 3613 3586 3664 οἱ
3638 3591 3871 3666 ταπείνοὶ

513 3685 617 3757 qui
641 3685 806 3741 aliter
828 3684 1106 3745 sentiunt,
1132 3682 1207 3736 de
1226 3680 1343 3737 hoc
1363 3679 1668 3736 videbunt.
1695 3684 1810 3737 Nos
1838 3683 1915 3738 ad
1935 3699 2005 3740 ea
2024 3700 2104 3756 qu

2278 3690 2438 3752 οὕτως
2484 3692 2691 3764 ἔχομεν,
2747 3695 2811 3753 ὡς
2840 3699 3167 3767 προείρηται,
3225 3700 3316 3749 καὶ
3359 3679 3483 3770 ύμῖν
3513 3699 3872 3771 συμϐουλεύο-

517 3775 759 3830 Simeon
805 3774 983 3828 frater
1031 3777 1232 3827 noster
1275 3770 1659 3842 interrogavit
1696 3774 2111 3843 respondimus

2272 3798 2381 3852 μεν.
2431 3778 2612 3835 Ἀλλοι
2653 3776 2713 3833 δι
2746 3781 2905 3843 ἄλλως
2943 3785 3169 3855 ἔχοντες,
3220 3785 3436 3857 ὄψονται
3486 3770 3604 3864 περὶ
3642 3794 3860 3850 τούτου.

512 3863 913 3935 cupimusque
946 3860 1221 3925 humiles,
1258 3863 1321 3913 ut
1363 3858 1551 3924 vobis,
1583 3859 1723 3913 viris
1767 3860 2102 3918 honorandi

2277 3871 2405 3944 Πρὸς
2434 3868 2469 3920 ἆ
2513 3865 2572 3922 δέ
2632 3871 2657 3922 ὁ
2711 3867 2930 3944 ἀδελφὸς
2982 3874 3129 3943 ἡμῶν
3174 3880 3379 3946 Συμεὼν
3422 3858 3714 3950 ἠρώτησεν,
3768 3879 3871 3933 ἀπ-

512 3950 591 4007 ad
610 3953 868 4023 quietem
887 3951 1104 4007 cedant
1127 3951 1187 4004 in
1211 3946 1496 4004 omnibus
1518 3966 1531 4016 ;
1561 3952 1618 4003 et
1644 3954 1924 4020 optamus
1946 3950 2106 4008 illam

512 4055 613 4068 ..ι-υ.
647 4040 703 4068 ἓν.
736 4038 1016 4068 Ακηέικηι.
1052 4036 1329 4068 ΛιιοθΛᾹίΙιί

2276 3960 2542 4031 ικρίθημεν
2610 3962 2700 4011 καὶ
2740 3958 3002 4032 ἕφιίμεθαι
3083 3960 3132 4014 έν
3190 3969 3325 4017 πᾶσι
3374 3970 3505 4068 πρὸὲ
3571 3967 3870 4022 ἀνάπαυσιν

2277 4047 2407 4068 (ηδ-,γ
2456 4045 2573 4068 ,τ’.-η
2614 4055 2674 4068 ξφ
2762 4046 2844 4068 μέμ
2970 4054 2980 4066 ε
3115 4052 3127 4065 ρ
3380 4059 3391 4068 .
3550 4061 3559 4068 .
3636 4057 3650 4068 ι
3714 4063 3724 4068 -
3804 4060 3825 4068 Α

508 4055 615 4097 vos
647 4040 707 4096 in
734 4038 1017 4098 omnibus
1051 4036 1353 4093 custodiri.
2268 4047 2410 4119 ὑμῶν
2450 4045 2579 4099 εἶναι
2609 4055 2709 4099 τῶν
2753 4046 3049 4121 σεϐασμίων
3079 4052 3129 4103 οἱ
3158 4059 3391 4107 ταπεινοί
3414 4036 3436 4085 ὀ
3472 4036 3568 4110 imi
3598 4057 3869 4131 εὐχόμεθα

2268 4132 2464 4198 ἀσινεῖς
2490 4136 2622 4208 ὑμᾶς
2648 4132 3089 4209 διαφυλάττεσθαι
3120 4139 3167 4193 ἐν
3195 4147 3375 4200 πᾶσιν.

760 4253 915 4311 CXL.
954 4283 1019 4293 —
1053 4248 1429 4309 Calechelica
1466 4250 1547 4306 ad
1572 4249 1908 4322 Cyzicenos.
2336 4264 2354 4312 l

2336 4256 2442 4313 PM‘
2506 4259 2643 4334 (31),
2703 4290 2771 4303 -
2841 4268 3277 4336 Κατηχητικὴ
3340 4270 3493 4343 πρὸς
3531 4273 3679 4334 τοὺς
3730 4270 3789 4325 ἐν

2828 4334 3103 4407 Κυζίκῳ.
3140 4335 3310 4412 [ψβ’.]

1263 4419 1343 4468 Ad
1367 4420 1821 4483 perseverantiam
1856 4424 1908 4471 et
1937 4423 2245 4475 monasticaa
2274 4426 2395 4477 vitm
2427 4428 2810 4491 perfectionem
2838 4429 3097 4483 hortatur.

577 4510 849 4566 Libenter
877 4509 1138 4565 vidimus
1168 4525 1305 4565 cum
1338 4508 1410 4565 iis
1438 4509 1543 4582 qui
1577 4525 1696 4565 una
1724 4516 2031 4578 venerunt,
2065 4513 2154 4570 Si-

2333 4512 2528 4579 Ἡδέως
2558 4514 2761 4591 εἴδομεν
2812 4527 2903 4573 τοῦ
2961 4527 3077 4598 περὶ
3133 4525 3218 4576 τόν
3278 4521 3497 4599 ἀδελφὸν
3528 4532 3732 4602 Συμεὼν
3775 4533 3863 4584 τόν

505 4615 782 4657 meonem
816 4598 1077 4663 fratrem,
1125 4598 1230 4671 qui
1286 4598 1454 4654 vobis
1501 4602 1684 4670 caput
1724 4604 2034 4672 rectorque
2068 4617 2099 4659 e

2271 4604 2335 4668 εἰς
2390 4606 2611 4679 κεφαλὴν
2658 4608 2799 4679 ὑμῶν
2856 4616 3163 4683 τεταγμένον
3200 4629 3213 4642 '
3264 4618 3322 4667 τὸ
3351 4598 3442 4687 μεν
3493 4598 3609 4670 διὰ-
3637 4622 3734 4677 τὴν
3772 4627 3865 4673 τοῦ

507 4689 866 4746 constitutus
891 4702 905 4739 :
940 4688 1154 4759 partim
1177 4688 1256 4743 ob
1277 4686 1620 4742 diuturnam
1643 4688 2001 4755 absentiam,
2022 4706 2100 4759 pa

2268 4699 2458 4766 χρόνου
2504 4693 2763 4748 ἀπουσίαν
2804 4713 2817 4726 ·
2876 4701 2933 4751 τό
2989 4696 3048 4752 δὲ
3092 4696 3187 4754 διὰ
3223 4707 3319 4763 τὴν
3364 4704 3526 4764 καλήν
3576 4707 3862 4764 πολιτείαν.

504 4778 611 4835 tim
634 4777 712 4833 ob
744 4777 1044 4847 egregiam
1085 4778 1621 4833 conversationem.
1656 4775 1822 4832 Bona
1853 4778 2098 4849 siquidel

2272 4783 2462 4854 Ἀγαθή
2494 4785 2597 4858 γὰρ
2654 4784 2888 4839 πολιτεία
2940 4794 3028 4842 καὶ
3085 4790 3225 4862 αύτῷ
3273 4796 3357 4845 καὶ
3406 4795 3559 4867 ἠρῖν·
3589 4799 3649 4848 τὸ
3678 4801 3866 4851 τοσούο

505 4865 874 4923 conversatio
905 4869 963 4920 et
1010 4866 1119 4937 ipsi
1166 4871 1222 4921 et
1261 4864 1453 4929 nobis,
1495 4864 1659 4936 quod
1688 4870 1811 4921 tam
1867 4866 2038 4923 multi
2086 4868 2099 4923 i

2272 4891 2378 4934 τους
2436 4868 2691 4946 ἀδελφοὺς
2747 4874 2830 4928 ἐπὶ
2882 4881 2937 4929 τό
2991 4881 3117 4932 αύτό
3177 4881 3343 4955 συζῇν
3396 4864 3450 4935 ἐν
3488 4880 3866 4958 δεδιωγμένοις

503 4972 682 5011 unum
697 4954 907 5011 fratres
923 4955 1100 5009 simul
1116 4954 1318 5009 vivant
1330 4952 1688 5024 temporibus
1703 4957 2089 5024 persecutioni

2270 4965 2496 5036 χρόνοις.
2531 4961 2726 5015 Ὀπου
2752 4966 2869 5039 γὰρ
2918 4963 3034 5020 δύο
3064 4969 3093 5027 ἡ
3128 4952 3305 5043 τρεῖς
3357 4952 3747 5045 τύγχάνοίεν
3775 4980 3864 5030 ὅν·

511 5045 620 5101 Ubi
669 5044 823 5100 enim
855 5044 971 5100 duo
1003 5044 1095 5100 vel
1146 5046 1261 5099 (res
1295 5041 1526 5111 fuerint
1573 5043 1642 5108 ³⁸,
1670 5042 1851 5134 laude
1895 5045 2105 5115 dignum

2272 5068 2373 5119 τες,
2407 5052 2616 5103 ἐπαίνου
2656 5050 2820 5118 ἀξιον,
2855 5057 2918 5115 ὡς
2940 5063 3032 5108 τοῦ
3058 5064 3296 5133 Χριστοῦ
3317 5064 3696 5134 μεσιτεύοντος,
3727 5069 3866 5119 κατά

504 5139 619 5200 est;
640 5149 777 5188 cum
796 5133 1056 5188 Christus
1073 5133 1133 5187 in
1154 5131 1354 5188 medio
1372 5133 1463 5197 sit,
1479 5131 1650 5201 juxta
1663 5133 2098 5203 promissionen

2271 5143 2353 5197 τὴν
2405 5138 2742 5212 ἐπαγγελίαν.
2800 5146 2871 5196 T6
2923 5142 2982 5197 δε
3040 5131 3325 5212 τοσούτους
3399 5151 3528 5203 εἶναι
3597 5131 3715 5206 ὅλον
3769 5175 3865 5228 μο-

499 5225 605 5279 Tot
617 5238 757 5278 vero
770 5238 1021 5278 numero
1036 5237 1166 5277 esse
1181 5226 1369 5277 totum
1384 5220 2093 5294 monasterium,maguan

2269 5232 2561 5301 γαστήριον,
2620 5234 2711 5283 καὶ
2768 5232 2999 5303 μεγάλην
3055 5233 3324 5305 συνοδίαν,
3377 5239 3750 5316 ἀναντίρρητον
3802 5248 3863 5297 τὸ

501 5329 618 5388 que
648 5314 1197 5385 congregationem,
1223 5312 1566 5369 encomium
1607 5315 1697 5370 est
1732 5312 1861 5370 sine
1917 5316 2095 5371 contu

2271 5315 2537 5392 ἰγκώμιον.
2581 5322 2684 5373 Καὶ
2721 5321 2888 5396 χάρις
2941 5328 3136 5402 Κυρίῳ,
3185 5328 3237 5389 ὃς
3277 5324 3469 5383 ἔδωκεν
3707 5331 3763 5385 έν
3789 5333 3865 5389 ἑνὶ

576 5406 622 5439 ³⁸
654 5402 853 5458 Matth.
887 5418 1046 5466 xvni,
1085 5404 1173 5457 20.

2059 5474 2283 5547 Now.

573 5553 686 5628 (3t)
714 5552 778 5607 In
800 5552 935 5610 cod.
970 5555 1107 5623 Reg.
1137 5550 1273 5626 ρνς’.
