4036 6276
217 292 376 351 1445

1518 286 2023 347 EPISTOLARUM
2069 288 2200 346 LIB.
2246 289 2303 346 ll.

3444 290 3585 349 M46

226 422 503 492 πνεύματι,
552 423 651 490 μιᾷ
674 416 830 489 ψυχῇ
867 415 1135 470 συναθλεῖν
1164 422 1233 488 τῇ
1282 418 1457 467 πίστει
1505 421 1616 469 τοῦ.
1661 414 1832 486 Εὐαγ-

1945 416 2150 472 versia.
2181 418 2247 472 Et
2276 418 2394 472 Deo
2426 421 2578 484 laus,
2603 418 2708 491 qui
2737 419 2914 475 nobis
2933 419 3096 475 dedit
3115 419 3173 474 in
3203 435 3322 475 uno
3349 419 3579 491 spiritu,

225 510 420 582 γελίου,
474 512 565 561 καὶ
596 504 859 580 διαφέρειν
913 507 961 558 ἓν
1013 513 1187 575 ταυτῷ
1243 506 1329 556 τὸν
1383 502 1669 563 ἀσκητικὸν
1713 503 1830 577 βίον

228 595 444 652 δίαθλον
486 602 577 651 καὶ
634 591 852 666 διαυγῆ,
903 598 993 647 καὶ
1045 590 1302 665 διαστεφῆ
1361 590 1537 665 ἀγῶνα
1565 591 1614 645 ἐν
1664 596 1830 665 τούτῳ

229 687 598 763 περαιοῦσθαι.
629 682 978 756 Ἐϐουλόμεθα
1030 679 1091 735 δε
1139 686 1229 734 καὶ
1280 682 1417 753 ὑμᾶς
1475 681 1666 744 αὐτοὺς
1715 686 1832 743 τοὺς

230 775 458 837 ἀπόντας
504 773 619 827 κατ’
677 772 976 847 ὀφθαλμοὺς
1030 768 1180 837 ἰδεῖν,
1241 775 1331 823 καὶ
1381 772 1831 844 συμπαρακληθῆ-

228 884 316 918 ναι
366 871 429 935 τῇ
479 867 720 934 κοινωνίᾳ
752 868 843 916 τοῦ
893 864 1185 933 πνεύματος
1217 880 1231 894 ο
1263 862 1327 920 ὡς
1370 858 1432 913 ἂν
1464 864 1554 913 καὶ
1583 864 1828 931 τοῦνομα,

228 958 319 1007 καὶ
375 957 678 1026 πρόσωπον,
735 956 826 1005 καὶ
876 946 1022 1016 ἦθος,
1079 954 1170 1001 καὶ
1226 949 1412 1019 λόγους
1467 949 1571 1010 ἑνός
1610 948 1833 1002 ἑκάστου

228 1044 607 1115 κατεμάθομεν.
673 1039 810 1094 Ἀλλ’
855 1038 967 1093 ἐπεὶ
1022 1046 1177 1091 τοῦτο
1234 1035 1487 1097 ἠδυνάτει
1542 1040 1784 1111 γενέσθαι
1816 1056 1828 1068 ·

229 1127 436 1203 εἴδομεν
487 1131 623 1202 ὑμᾶς
682 1124 789 1188 ἤδη
843 1124 939 1181 διά
992 1134 1082 1181 τοῦ
1142 1131 1535 1202 προηγουμένου
1591 1132 1679 1180 καὶ
1732 1135 1833 1179 τῶν

228 1221 502 1293 ὁμοταγῶν
545 1220 709 1291 ὑμῶν,
750 1218 818 1269 ὧν
872 1219 902 1275 ἠ
966 1218 1056 1269 θέα
1106 1215 1315 1290 ἔθρεψεν
1366 1218 1512 1288 ἡμῶν
1562 1218 1656 1278 τὰς
1710 1236 1833 1289 καρ-

231 1306 355 1371 δίας
392 1308 633 1381 εὐλαϐείᾳ
670 1310 1230 1382 κεχαρακτηρισμένῃ.
1277 1310 1341 1359 Τί
1374 1302 1462 1359 οὖν
1501 1305 1616 1359 ἐστι
1653 1305 1831 1359 λοιπόν

230 1399 390 1453 εἰπεῖν
417 1416 432 1466 ;
463 1400 546 1452 ἵνα
600 1399 775 1459 καθὼς
829 1400 1019 1472 χάριτι
1071 1402 1164 1449 τοῦ
1221 1399 1415 1469 Κυρίου
1469 1397 1614 1468 ἡμῶν
1653 1396 1831 1454 Ἰησοῦ

228 1495 468 1561 Χριστοῦ
569 1488 908 1561 ἠθροίσθητε,
985 1489 1077 1537 καὶ
1175 1487 1537 1559 συνηρτήθητε
1610 1486 1833 1558 ἁρμονίᾳ

226 1584 576 1649 πνευματικῇ,
622 1581 713 1629 καὶ
749 1574 1040 1648 συμψυχίᾳ
1077 1575 1390 1647 ὁμονοητικῇ
1444 1570 1834 1647 διαλάμψαντες

226 1664 280 1719 ἕν
336 1673 447 1729 τοῖς
495 1666 681 1719 αὐτόθι
717 1666 951 1737 καθάπερ
1008 1666 1143 1725 τινες
1198 1662 1410 1737 ἀστέρες
1465 1662 1513 1716 ἰν
1544 1671 1606 1737 τῇ
1641 1664 1835 1737 ζοφερᾲ

228 1761 322 1815 τῆς
370 1756 614 1825 αἱρέσεως
668 1758 840 1817 νυκτὶ,
878 1756 969 1805 καὶ
1026 1755 1156 1827 πρὸς
1184 1755 1243 1805 τό
1290 1751 1410 1815 ἑξῆς
1454 1755 1505 1806 οἱ
1532 1752 1685 1806 αὐτοὶ
1711 1749 1836 1805 δια-

228 1848 469 1917 μείνοιτε,
517 1842 819 1917 σύμψυχοι,
864 1845 934 1895 τόν
976 1840 1027 1893 ἓν
1074 1848 1394 1916 φρονοῦντες,
1461 1843 1830 1915 ὁμογνώμονες,

230 1934 590 1994 ὑποτακτικοὶ,
647 1933 928 1995 πειθήνεοι,
980 1930 1208 1996 εὐήκοοι,
1263 1930 1597 2003 εὐχάριστοι,
1656 1930 1833 1988 εῦκλη-

228 2041 329 2089 τοι,
418 2021 675 2094 φίλαγνοι,
761 2025 1036 2093 σώφρονες,
1123 2017 1573 2093 ἀπαρρησίαστοι,
1636 2020 1831 2094 ἄρτιοι,

231 2114 639 2186 κατηρτισμένοι
683 2111 733 2161 ἰν
783 2112 940 2162 παντὶ
969 2111 1102 2182 ἔργῳ
1151 2106 1330 2179 ἀγαθῷ
1362 2123 1377 2137 °
1411 2111 1487 2160 ἑτι
1530 2109 1833 2182 λάμποντες,

232 2202 309 2252 ἔτι
365 2199 703 2271 αὐγάζοντες,
762 2199 839 2250 ἔτι
887 2195 1311 2267 φωτοϐολοῦντες,
1356 2199 1435 2250 ἔτι
1463 2197 1738 2264 ἀλίξόντες,
1770 2200 1834 2258 ὡς

235 2288 295 2341 ἂν
358 2292 449 2340 καὶ
498 2291 614 2359 περὶ
671 2288 813 2358 ὑμῶν
848 2285 1059 2346 εἰκότως
1098 2286 1280 2360 ῥηθείη
1322 2287 1422 2339 ὑπὸ
1468 2295 1559 2340 τοῦ
1593 2293 1787 2363 Κυρίου
1816 2303 1830 2318 ⁸

228 2374 432 2448 Ὑμεῖς
462 2374 607 2428 ἕστε
635 2377 704 2428 τό
735 2383 854 2447 φῶς
891 2381 1000 2427 τοῦ
1031 2379 1306 2447 κόσμου·
1332 2371 1836 2449 καὶαῦθις·’Υμεῖς

232 2464 377 2518 ἕστε
415 2468 483 2517 τὸ
526 2463 681 2526 ἰλας
718 2471 788 2522 τῆ
812 2483 833 2524 ς
870 2471 1006 2535 γῆς.
1039 2466 1197 2536 Τάχα
1218 2460 1278 2517 δε
1306 2461 1485 2523 ἑπειδὴ
1518 2470 1607 2524 τὴν
1638 2465 1835 2541 ὀρεινὴν

232 2553 566 2615 κατάλλὴλως
610 2550 858 2606 ἓπάδοιτο
903 2550 1108 2605 κάκεῖνο
1138 2557 1257 2627 περὶ
1284 2554 1426 2625 ὑμῶν
1460 2571 1477 2587 ·
1529 2554 1612 2607 Οὐ
1654 2552 1688 2607 δ
1700 2558 1837 2607 ύνα-

232 2663 342 2696 ται
410 2642 597 2704 πόλις
653 2640 972 2712 κρυϐῆναι
1031 2640 1235 2694 in"de
1291 2646 1479 2717 ὄρους
1538 2648 1834 2716 κειμένην

236 2732 389 2805 ὄρους
419 2726 630 2790 δηλαδή
668 2730 876 2802 ὑψηλῆς
901 2728 1183 2796 πολιτείας,
1216 2730 1292 2802 ἔφ’
1378 2734 1427 2784 οἱ
1456 2730 1834 2799 ἐπιϐεϐηκότες,

237 2823 302 2883 ὡς
318 2820 366 2873 ἔν
383 2820 605 2897 οὐρανῷ,
630 2818 713 2872 ἐπὶ
730 2827 825 2880 τῆς
844 2827 945 2891 γῆς
963 2815 1331 2894 διατρίϐουσιν
1353 2837 1364 2851 ·
1391 2821 1469 2872 ὧν
1507 2822 1619 2874 οὐκ
1657 2822 1800 2886 ἄξιο
1815 2845 1836 2886 ς

238 2913 263 2962 ό
303 2914 559 2982 κόσμος,
586 2910 723 2961 κατά
751 2911 810 2961 τὸ
838 2905 1196 2971 ἀποστολικῶς
1228 2908 1515 2981 εἰρημένον.

310 2999 545 3065 Βλέπετε,
608 3001 761 3051 τίκνα
814 3002 905 3050 καὶ
963 2994 1199 3070 ἀδελφοὶ,
1245 2999 1383 3062 ὅπως
1430 3001 1568 3071 ὑμᾶς
1624 2997 1744 3076 ἦρεν
1809 3004 1835 3055 ό

232 3086 384 3160 λόγος
438 3097 530 3149 τῆς
590 3085 854 3151 ἀληθείας,
915 3088 1020 3139 ἄνω
1084 3089 1188 3149 θεὶς
1235 3095 1346 3149 τοῖς
1398 3086 1693 3162 ἐγκωμίοις,
1746 3099 1834 3144 καί

232 3174 518 3243 ὑποδείξας
587 3177 863 3241 ἀληθινοὺς
939 3175 1069 3230 εἶναι
1147 3180 1432 3250 μοναστάς,
1510 3180 1834 3254 ὁμολογητὰς

233 3276 494 3343 Χριστοῦ,
544 3263 787 3341 φυγάδας
859 3270 1086 3339 κόσμου,
1145 3263 1341 3342 ἄνδρας
1397 3266 1682 3342 ἐπιθυμιῶν
1734 3280 1833 3324 τῶν

232 3364 558 3434 κρειττόνων,
663 3360 860 3432 σαρκός
941 3358 1316 3423 πάθοκτόνους,
1397 3364 1700 3431 στεφανίτας
1785 3363 1833 3414 iv

235 3449 517 3520 πνεύματι.
577 3449 677 3499 Καὶ
724 3452 893 3498 ταῦτα
920 3447 1010 3519 μεν
1057 3444 1205 3517 λόγοι
1258 3451 1448 3519 γυμνοὶ
1496 3444 1590 3511 τῆς
1614 3448 1836 3502 ἀνταπο-

232 3532 430 3598 δόσεως
482 3536 624 3611 ἄρτι.
677 3536 796 3587 Ἐὰν
849 3530 909 3587 δὲ
959 3538 1045 3587 τόν
1104 3533 1281 3606 ἀγῶνα
1309 3536 1451 3608 ὑμῶν
1498 3544 1595 3598 τῆς
1629 3557 1681 3590 τε
1709 3539 1833 3591 ὐπο-

233 3634 402 3698 ταγῆς
484 3628 572 3678 καὶ
641 3623 921 3697 ὁμολογίας
970 3622 1264 3682 ἐκτελέσητε
1313 3630 1615 3699 κυριώτατα
1643 3646 1657 3659 ·
1690 3647 1831 3687 τηνιο

230 3723 408 3769 καῦτα
460 3711 849 3787 μεταϐαίνοντες
898 3720 991 3765 τοῦ
1042 3709 1159 3785 βίου
1217 3717 1312 3772 τὴν
1367 3723 1466 3767 τῶν
1516 3717 1676 3787 ἔργων
1705 3716 1835 3770 ἀπο-

227 3802 465 3876 λήψεσθε
536 3806 920 3877 μακαριότητα,
989 3802 1052 3863 ἧς
1125 3806 1356 3875 γίνοτιτο
1430 3805 1627 3867 πάντας
1700 3808 1835 3879 ἡμᾶς

228 3890 525 3963 ἐπιτυχεῖν,
578 3892 768 3964 χάριτι
796 3897 889 3943 τοῦ
921 3895 1114 3961 Κυρίου
1172 3892 1317 3963 ἡμῶν
1370 3889 1548 3949 Ἰησοῦ
1580 3899 1832 3967 Χρισνοῦ,

228 3980 275 4051 ᾧ
311 3981 340 4039 ἡ
376 3978 508 4043 δόξα
535 3983 625 4031 καὶ
668 3982 726 4031 τό
762 3980 952 4053 κράτος
982 3977 1054 4039 εἰς
1100 3981 1222 4040 τοὺς
1252 3978 1438 4042 αἰῶνας
1485 3987 1587 4033 τῶν
1618 3981 1833 4039 αἰώνων.

230 4069 407 4141 Ἀμήν
419 4112 434 4128 .

939 3175 1069 3230 εἶναι
1147 3180 1432 3250 μοναστάς,

524 4191 681 4248 ΡΜΔ’
713 4192 851 4265 (32).
881 4221 950 4234 —
974 4191 1352 4266 Ἠγουμένῳ.
1389 4194 1553 4268 HOC]

1939 504 2143 561 anima
2165 520 2286 561 una
2315 505 2683 563 collaborare
2712 506 2849 562 ﬁdei
2882 507 3178 577 Evangelii
3211 525 3225 574 ;
3256 513 3313 563 et
3360 508 3578 564 asceti-

1939 608 2071 649 cam
2098 594 2279 649 vitam
2303 594 2482 650 simul
2508 594 2744 661 ducere,
2764 603 2822 651 et
2850 596 3205 667 praeclarum
3236 611 3582 668 coronaque

1939 681 2193 752 dignum
2223 682 2337 738 hoc
2370 688 2669 740 certamen
2717 700 3022 756 peragere.
3079 686 3328 741 Animus
3384 690 3584 741 autem

1939 778 2064 827 erat
2094 788 2196 827 vos
2225 773 2404 829 etiam
2444 773 2624 845 ipsos,
2669 775 2771 846 qui
2800 775 3040 841 abestis,
3083 773 3270 831 oculis
3322 791 3584 841 cernere,

1939 864 1997 915 et
2024 862 2449 917 communione
2481 862 2725 934 spiritus
2748 863 3043 919 consolari
3067 880 3079 919 :
3117 868 3176 920 ut
3204 869 3259 920 et
3287 879 3510 920 nomen
3530 868 3587 920 et

1940 964 2262 1021 personam
2295 951 2791 1023 uniuscujusque,
2822 958 2877 1007 et
2908 968 3123 1018 mores,
3158 958 3215 1008 et
3247 968 3585 1009 sermonem

1942 1052 2463 1106 cognosceremus.
2495 1040 2607 1096 Sed
2646 1041 2788 1112 quia
2818 1041 2877 1095 id
2908 1041 3028 1095 ﬁeri
3056 1056 3177 1096 non
3225 1045 3474 1113 poterat,
3498 1041 3588 1096 vi-

1941 1125 2141 1182 dimus
2149 1127 2275 1196 jam
2292 1144 2396 1183 vos
2411 1144 2516 1199 per
2532 1131 2918 1200 praepositum
2946 1129 3305 1202 sodalesque
3331 1134 3585 1197 vestros,

1941 1231 2199 1287 quorum
2246 1224 2600 1288 conspectus
2650 1219 2886 1274 animos
2938 1224 3171 1275 nostros
3202 1220 3587 1291 expressione

1942 1304 2176 1375 pietatis
2204 1304 2419 1362 refecit.
2454 1307 2605 1371 Quid
2636 1322 2777 1376 ergo
2830 1312 3013 1364 restat
3068 1308 3393 1364 dicendum
3440 1307 3468 1364 7
3525 1311 3590 1361 ut

1945 1393 2465 1464 quemadmodum
2489 1395 2680 1464 gratia
2707 1396 2940 1451 Domini
2962 1398 3146 1452 nostri
3189 1397 3328 1452 Jesu
3378 1395 3591 1453 Christi

1942 1482 2282 1553 congregati
2314 1484 2475 1549 estis,
2505 1490 2559 1538 et
2589 1486 2840 1540 connexi
2872 1493 3162 1541 concentu
3199 1484 3507 1557 spirituali,
3535 1490 3590 1541 et

1944 1572 2552 1630 unanimiconcordia
2572 1574 3037 1645 conspicui,istis
3065 1575 3122 1630 in
3136 1574 3280 1631 locis
3294 1573 3590 1630 velutstel-

1942 1659 2011 1715 1m
2034 1660 2316 1731 quaedam
2330 1662 2389 1717 in
2411 1661 2735 1734 caliginosa
2746 1662 2990 1719 haeresis
3006 1669 3179 1720 nocte
3200 1663 3588 1734 refulgentes;

1944 1750 2029 1804 sic
2042 1750 2323 1821 deinceps
2336 1751 2516 1806 iidem
2530 1753 2950 1822 permaneatis,
2971 1752 3313 1821 unanimes,
3325 1752 3591 1824 idipsum

1944 1839 2246 1909 sapientes
2268 1840 2337 1903 ³⁷,
2363 1840 2828 1904 consentientes,
2844 1841 3116 1913 subjecti,
3136 1842 3432 1913 morigeri,
3451 1841 3592 1897 obe-

1943 1928 2197 1994 dientes,
2228 1930 2401 1997 grati,
2436 1930 2581 1985 boni
2610 1929 2892 1993 nominis,
2929 1932 3096 1995 casti,
3135 1930 3339 2000 sobrii,
3374 1931 3586 1996 timidi,

1941 2017 2174 2087 integri,
2197 2018 2436 2089 perfecti
2462 2017 2523 2073 in
2554 2020 2719 2074 omni
2740 2034 2921 2091 opere
2948 2020 3126 2085 bono,
3168 2020 3368 2077 adhuc
3390 2020 3591 2076 lucen-

1945 2111 2050 2172 tes,
2084 2106 2279 2162 adhuc
2310 2107 2709 2178 splendentes,
2756 2109 2956 2164 adhuc
3008 2110 3333 2174 radiantes,
3388 2110 3589 2166 adhuc

1944 2195 2290 2250 condientes
2309 2213 2321 2245 :
2339 2195 2553 2252 utetde
2569 2196 2736 2252 vobis
2762 2197 2967 2252 merito
2989 2198 3211 2253 dictum
3242 2198 3371 2254 sita
3398 2199 3591 2254 Donni-

1944 2299 2023 2339 no
2056 2299 2069 2337 :
2108 2285 2214 2339 Vos
2240 2284 2374 2340 estis
2407 2286 2516 2341 lux
2539 2287 2750 2341 mundi
2792 2287 2839 2321 ³⁸
2869 2302 2881 2345 ;
2912 2292 2968 2342 et
2998 2303 3232 2342 rursum
3267 2310 3277 2341 :
3318 2288 3426 2343 Vos
3455 2287 3591 2344 estis

1942 2374 2038 2429 sal
2066 2379 2234 2429 terrae
2264 2374 2331 2426 ³³.
2364 2376 2582 2429 Forsan
2606 2376 2803 2440 etiam,
2831 2376 2974 2447 quia
3002 2381 3289 2432 montana
3313 2376 3587 2448 incolitis,

1946 2471 2343 2532 congruenter
2371 2469 2426 2519 et
2453 2463 2595 2518 illud
2625 2465 2698 2520 de
2746 2465 2917 2520 vobis
2947 2466 3254 2521 occinatur
3280 2483 3292 2517 :
3323 2468 3455 2523 Non
3482 2484 3589 2537 po-

1948 2557 2052 2609 test
2082 2552 2290 2609 civitas
2320 2551 2603 2609 abscondi
2620 2569 2804 2622 supra
2817 2561 3069 2611 montem
3090 2557 3282 2624 posita
3303 2556 3378 2621 “;
3416 2573 3589 2613 mon-

1947 2647 2067 2697 tem
2099 2641 2317 2697 scilicet
2346 2641 2591 2697 excelsaa
2619 2644 3090 2699 conversationis
3125 2662 3136 2698 :
3166 2645 3243 2699 ad
3274 2662 3459 2717 quam
3485 2647 3591 2719 qui

1948 2733 2445 2797 conscenderunt,
2477 2732 2561 2785 sic
2589 2732 2648 2786 in
2676 2738 2829 2787 terra
2852 2738 3139 2803 tanquam
3167 2736 3222 2788 in
3253 2734 3403 2790 caelo
3429 2751 3588 2792 com-

1947 2826 2259 2876 morantur
2293 2838 2305 2888 ;
2337 2820 2549 2892 quibus
2574 2820 2789 2892 dignus
2810 2837 2929 2877 non
2954 2826 3038 2879 est
3062 2823 3319 2879 mundus
3347 2825 3413 2891 ‘1,
3440 2825 3592 2881 sicut

1947 2912 2026 2966 ab
2062 2910 2346 2983 Apostolo
2373 2910 2598 2965 dictum
2625 2914 2733 2964 est.

2016 2999 2257 3066 Videtis,
2288 2998 2391 3054 ﬁlii
2420 3015 2491 3055 ac
2512 2998 2744 3069 fratres,
2762 3015 2884 3071 quo
2899 3006 3075 3072 pacto
3100 3018 3204 3056 vos
3219 3018 3415 3059 sermo
3438 3004 3591 3059 veri-

1869 3077 1911 3135 C
1947 3090 2080 3146 tatis
2104 3088 2452 3159 evexerit,in
2484 3087 2724 3143 sublimi
2756 3088 3587 3158 coltocansencomiis,veros-

1942 3194 2061 3251 que
2092 3177 2422 3233 monachos
2447 3193 2574 3232 esse
2595 3177 2938 3247 ostendens,
2969 3178 3339 3235 confessores
3353 3179 3587 3247 Christi,

1943 3267 2216 3338 fugitivos
2231 3283 2286 3321 m
2298 3266 2462 3333 undi,
2482 3266 2917 3322 desideriorum
2932 3267 3088 3323 viros
3115 3267 3449 3336 meliorum,
3466 3285 3591 3325 car-

1945 3359 2035 3413 nis
2066 3356 2388 3412 affectuum
2420 3361 2825 3427 peremptores
2850 3356 2908 3410 in
2931 3357 3139 3429 spiritu
3165 3364 3500 3414 coronatos.
3524 3360 3591 3415 Et

1941 3448 2071 3503 haec
2096 3445 2338 3519 quidem
2370 3444 2553 3500 verba
2585 3451 2724 3499 sunt
2753 3445 2952 3501 adhuc
2977 3446 3475 3503 remunerationis
3496 3464 3591 3504 ex-

1945 3532 2154 3610 pertia.
2184 3537 2504 3607 Postquam
2531 3550 2668 3589 vero
2701 3542 2962 3590 vestrum
2985 3535 3338 3592 obedientiae
3368 3542 3425 3593 et
3448 3552 3594 3594 con-

1942 3624 2224 3681 fessionis
2254 3630 2555 3679 certamen
2596 3626 2832 3695 proprie
2860 3626 3217 3696 peregeritis,
3254 3630 3380 3682 tum
3414 3643 3444 3682 e
3476 3628 3593 3683 vita

1946 3710 2269 3780 migrantes
2295 3725 2547 3781 operum
2587 3709 3009 3765 beatitudinem
3040 3711 3356 3782 recipietis,
3405 3728 3591 3784 quam

1947 3799 2175 3855 utinam
2217 3798 2388 3853 nobis
2440 3798 2722 3854 omnibus
2759 3798 3010 3871 adipisci
3047 3800 3372 3871 contingat,
3401 3802 3594 3871 gratia

1947 3889 2183 3947 Domini
2212 3887 2397 3945 nostri
2421 3890 2558 3943 Jesu
2587 3888 2816 3954 Christi,
2850 3890 2944 3944 cui
2976 3889 3164 3962 gloria
3192 3896 3248 3947 et
3269 3889 3591 3963 imperium

1944 3980 2005 4035 in
2027 3977 2247 4035 saecula
2272 3977 2648 4034 saeculorum.
2681 3980 2892 4033 Amen.

2444 4193 2617 4250 CXLI.
2663 4224 2733 4233 —
2758 4192 3095 4263 Praeposito.

922 4289 1234 4341 Gratulatur
1260 4292 1327 4341 de
1356 4294 1618 4345 Ammone
1646 4309 1808 4360 quem
1839 4298 2054 4350 curator
2081 4293 2151 4344 ad
2181 4292 2569 4343 monasterium
2595 4291 2896 4341 reduxerat.

314 4384 576 4453 Μέγιστον
606 4377 776 4453 δῶρον
806 4375 1033 4433 δέδωκεν
1067 4382 1093 4433 ό
1129 4384 1259 4443 Θεὸς
1309 4380 1358 4434 ἐν
1409 4391 1472 4456 τῇ
1523 4386 1640 4437 καθ’
1694 4389 1832 4459 ἡμᾶς

2017 4385 2335 4443 Maximum
2361 4382 2515 4438 Deus
2530 4382 2850 4453 provincias
2864 4386 3083 4439 nostras
3096 4385 3324 4440 donum
3340 4382 3593 4454 largitus

239 4469 496 4543 ὄπαρχίᾳ,
554 4475 837 4541 τιμιώτατε
885 4466 1095 4543 ἀδελφὶ,
1157 4474 1244 4523 τὸν
1301 4471 1663 4527 εὐκλεέστατον
1713 4495 1835 4529 κου-

235 4562 470 4635 ράτωρα,
527 4564 618 4611 καὶ
676 4561 958 4634 κράτιστον
1024 4563 1072 4613 εν
1132 4560 1364 4634 εὐσεϐείᾳ
1396 4579 1409 4593 ·
1465 4563 1547 4616 ὁτι
1602 4572 1835 4640 Χριστοῦ

234 4645 448 4711 ἔκδικος
519 4653 766 4720 γεγονὼς,
816 4648 977 4701 εἷλκεν
1046 4649 1146 4701 ὑπὸ
1198 4656 1358 4725 χεῖρα
1408 4654 1494 4704 τόν
1550 4652 1838 4727 λῃστρικῶς

235 4736 630 4809 πολιτευόμενον
691 4736 739 4789 ἐν
793 4745 899 4798 τοῖς
949 4746 1305 4811 Χριπιανοίς,
1364 4744 1547 4817 καίπερ
1606 4747 1728 4795 ὄντα
1778 4746 1836 4797 τό

234 4830 488 4900 πρότερον
529 4824 774 4897 ἀνάθημα
826 4835 958 4880 Θεοῦ
1013 4824 1107 4881 διὰ
1161 4835 1252 4889 τῆς
1308 4827 1596 4900 μοναδικῆς
1637 4832 1839 4886 τελειώ-

242 4936 393 4979 σεως.
456 4915 692 4989 Ἀμμοῦν
738 4916 870 4987 λέγω
898 4920 985 4969 τόν
1017 4936 1137 4970 ποτε
1168 4918 1413 4992 ἡμέτερον
1458 4916 1696 4992 ἀδελφόν,
1748 4929 1837 4973 νῦν

240 5003 305 5060 δὲ
355 5006 456 5059 ὑπὸ
495 5007 653 5077 χεῖρά
705 5023 799 5057 σου
842 5005 1086 5058 τελοῦντα
1132 5002 1228 5058 διὰ
1272 5013 1537 5078 μεσιτείας
1588 5018 1681 5063 τοῦ
1730 5008 1838 5074 ἀξι-

240 5095 481 5166 αγοίστου
520 5091 730 5169 ἀνδρὸς,
763 5102 825 5167 τῇ
866 5090 1085 5166 εὐδοκία
1111 5094 1270 5147 αὐτοῦ
1309 5103 1560 5170 Χριστοῦ,
1596 5106 1687 5152 τοῦ
1716 5104 1839 5171 χαί-

239 5202 421 5260 ροντος
471 5183 556 5236 ἰπὶ
605 5188 845 5259 σωτηρίᾳ
889 5190 982 5236 τοῦ
1039 5182 1382 5246 ἀπολωλότος.
1411 5186 1499 5248 Ὡς
1537 5189 1839 5261 θαυμαστόν

244 5274 395 5349 ἔργον
479 5271 731 5326 τετίλεται
805 5274 934 5347 πρὸς
1013 5279 1105 5325 τοῦ
1176 5273 1442 5347 θεοφιλοῦς
1492 5278 1838 5352 κουράτωρος,

319 5381 368 5415 ιτ
399 5378 648 5453 Philipp.
681 5396 740 5446 ιι,
781 5383 837 5435 2.
916 5381 963 5416 ιε
989 5380 1191 5440 Matth.
1224 5399 1278 5449 v,
1314 5384 1400 5439 ιι.
1477 5385 1524 5420 ιο
1555 5371 1706 5441 Ibid.

1782 5386 1824 5422 ⁴⁰
1850 5384 1973 5440 Ibid
1986 5426 1999 5440 .

1944 4481 2049 4541 est,
2079 4474 2257 4530 frater
2302 4472 2783 4536 honoratissime,
2809 4472 3308 4541 gloriosissimum
3361 4480 3596 4531 curato-

1946 4580 2093 4629 rem,
2127 4569 2181 4619 et
2208 4561 2422 4634 pietate
2451 4561 3047 4633 praestantissimum:
3108 4563 3212 4634 qui
3243 4562 3453 4619 Christi
3491 4563 3590 4620 de-

1947 4655 2151 4710 fensor
2197 4651 2410 4717 factus,
2467 4651 2580 4705 sub
2628 4654 2983 4721 potestatem
3023 4651 3249 4720 redegit
3293 4668 3454 4718 eum,
3487 4652 3591 4724 qui

1947 4740 2249 4815 praedonis
2265 4754 2429 4795 more
2445 4740 2594 4795 inter
2612 4739 2974 4794 Christianos
2992 4741 3365 4807 versabatur,
3385 4757 3597 4813 quam-

1952 4833 2037 4887 vis
2056 4836 2235 4887 antea
2266 4832 2381 4884 Deo
2406 4830 2639 4885 dicatus
2668 4828 2872 4883 fuisset
2896 4844 3002 4899 per
3032 4831 3424 4886 monasticam
3467 4846 3597 4902 per-

1948 4921 2286 4977 fectionem.
2309 4919 2666 4973 Ammonem
2693 4919 2827 4973 dico
2856 4918 2997 4973 olim
3027 4918 3263 4975 fratrem
3295 4927 3594 4985 nostrum,

1948 5025 2109 5065 nunc
2149 5008 2487 5063 admirandi
2520 5007 2627 5062 viri
2676 5023 2858 5080 opera
2905 5007 3006 5063 tibi
3054 5008 3359 5064 subditum
3404 5010 3595 5080 :quia

1951 5098 2180 5155 Christo
2225 5097 2310 5152 sic
2353 5097 2548 5151 visum
2601 5102 2705 5161 est,
2753 5096 2826 5151 de
2869 5095 3023 5151 illius
3054 5098 3155 5167 qui
3204 5098 3457 5169 perierat
3504 5115 3597 5153 sa-

1948 5187 2067 5243 lute
2112 5186 2447 5256 gaudentis.
2504 5187 2694 5251 Quam
2742 5185 3167 5241 admirandum
3216 5201 3368 5258 opus
3411 5204 3447 5241 a
3492 5187 3595 5243 Dei

1950 5279 2192 5332 amante
2223 5278 2493 5331 curatore
2528 5274 2854 5346 perfectum
2901 5277 3010 5342 est,
3059 5290 3365 5347 quamque
3406 5275 3596 5349 ipsius

2075 5385 2119 5420 ⁴¹
2152 5383 2321 5440 Hebr.
2354 5400 2434 5451 ιι,
2459 5384 2545 5439 31.

1798 5480 2042 5540 ΝΟΤᾸΞ..

322 5566 432 5641 (32)
465 5567 528 5623 In
558 5566 692 5625 cod.
726 5570 865 5641 Reg.
895 5568 1030 5642 ρξαί.
