4036 6276
505 257 634 315 1447

1744 251 1804 313 S.
1846 250 2214 314 THEODORI
2254 249 2580 315 STUDITE

3721 251 3886 317 1448

491 385 702 441 virtute
731 384 982 455 dignum
1010 401 1023 454 ;
1057 383 1161 441 sed
1192 388 1247 441 et
1284 388 1339 441 te
1381 383 1604 456 pariter
1631 382 1925 456 spirituali
1957 388 2141 456 patre,

2253 387 2343 437 xui
2395 382 2540 447 ἄξιον
2586 391 2683 446 τῆς
2738 382 2854 438 κατ’
2904 382 3059 438 αὐτὸν
3090 381 3275 459 ἀρετῆς
3312 428 3327 443 .
3384 384 3445 439 οὐ
3474 389 3578 458 μην
3610 384 3739 439 ἀλλά
3772 390 3882 439 καὶ

491 473 594 546 qui
624 473 925 545 perditum
957 474 1107 529 sicut
1128 472 1362 530 Chistus
1389 472 1449 528 in
1478 473 1763 529 humeros
1810 472 2100 529 sustulisti
2129 468 2141 526 !

490 562 744 619 Lanatus
774 578 907 618 sum
940 562 1139 634 itaque
1169 561 1415 618 humilis
1439 577 1573 632 ego,
1605 561 2147 634 etexsultavi,quo-

489 651 652 707 niam
685 652 789 724 qui
819 652 1074 724 perierat
1103 652 1377 707 inventus
1409 656 1518 716 est,
1545 655 1603 706 et
1623 650 1726 724 qui
1778 651 2001 720 ejectus
2026 650 2146 706 fue-

487 746 599 806 rat,
640 740 887 796 domum
920 740 1201 796 reductus
1234 742 1300 795 ⁴².
1335 743 1398 795 Et
1419 740 1607 810 gratia
1646 740 1920 813 potestati
1947 755 2017 795 ac
2038 740 2146 795 mi-

488 830 824 885 sericordias
855 829 1055 899 gloriae
1092 829 1212 895 Dei,
1240 831 1343 901 qui
1373 834 1429 885 et
1459 828 1612 885 illius
1643 830 1917 884 misertus
1950 834 2055 895 est,
2088 834 2146 884 et

487 934 586 976 me
611 919 899 974 humilem
934 935 1187 975 mcerore
1235 917 1527 975 liberavit.
1571 917 1884 974 Muerebam
1918 917 2077 973 enim
2109 933 2145 973 a

489 1007 689 1064 multis
720 1008 893 1064 annis
925 1008 1001 1064 ob
1032 1007 1135 1063 ﬁlii
1168 1008 1282 1064 mei
1309 1008 1569 1063 ruinam.
1618 1009 1702 1063 'l‘u
1749 1006 1929 1076 igitur
1978 1013 2144 1079 pater

488 1097 645 1154 illius
677 1112 838 1153 nunc
864 1097 963 1152 Dei
996 1098 1378 1154 miseratione
1402 1097 1593 1153 factus
1641 1112 1722 1166 es,
1757 1095 1901 1153 boni
1925 1095 2145 1153 media-

488 1186 632 1243 toris
656 1201 836 1258 opem
869 1186 1061 1242 ferens
1097 1202 1109 1240 :
1144 1191 1199 1241 et
1244 1192 1303 1242 tu
1332 1185 1504 1241 illum
1528 1186 1810 1257 deinceps
1847 1185 1923 1241 ad
1956 1186 2144 1241 Deum

488 1275 775 1333 adduces.
811 1277 955 1331 Ecce
982 1274 1143 1331 enim
1172 1275 1340 1332 illum
1368 1275 1426 1330 in
1457 1290 1675 1331 manus
1701 1281 1853 1340 tuas,
1883 1290 1951 1331 ac
1978 1275 2025 1330 si
2051 1289 2146 1331 co-

488 1380 617 1421 ram
645 1365 723 1420 ob
754 1364 984 1433 oculos,
1015 1364 1414 1420 commendo:
1450 1369 1504 1420 et
1534 1363 1861 1436 discipulus
1888 1367 2023 1419 tuus
2047 1377 2146 1419 vo-

488 1458 675 1516 cetur,
708 1456 761 1507 et
789 1468 824 1507 a
855 1458 911 1507 te
942 1452 1135 1507 discat
1165 1467 1357 1524 usque
1389 1453 1443 1506 in
1463 1450 1637 1507 finem
1667 1469 1677 1506 :
1714 1457 1896 1522 tuque
1926 1466 2145 1507 merce-

489 1540 628 1598 dem
643 1540 797 1596 illius
811 1541 1101 1613 percipies
1117 1541 1177 1595 in
1192 1540 1431 1596 saecula.
1456 1545 1644 1612 Atque
1661 1541 1817 1596 hanc
1830 1538 2141 1612 epistolam

486 1630 649 1703 leges
674 1630 805 1702 ipsi,
842 1636 903 1684 ut
937 1644 1180 1685 securus
1212 1630 1301 1695 sit,
1330 1628 1849 1701 quemadmodum
1874 1628 1987 1700 ipsi
2009 1628 2145 1684 scri-

2256 480 2351 526 σοῦ
2397 480 2490 527 τοῦ
2533 481 2885 546 πνευματικοῦ
2926 476 3140 549 πατρὸς,
3182 478 3269 528 xui
3314 477 3400 528 τόν
3439 473 3746 529 ἀπολωλότα
3792 478 3877 539 ὡς

2254 565 2483 638 Χριστὸς
2525 562 2611 615 ἐπὶ
2654 570 2754 615 τῶν
2801 568 2952 636 ὤμων
2992 560 3354 627 ἀναλαϐόντος.
3415 565 3716 638 Εὐφράνθην
3770 561 3877 617 οὖν

2254 651 2547 713 ὁταπεινός
2601 649 2724 724 έγὼ,
2773 656 2864 705 καὶ
2894 651 3320 725 ἡγαλλιασάμην,
3352 654 3426 706 ὅτι
3485 657 3545 707 τὸ
3590 653 3877 715 ἀπολωλός

2253 740 2459 815 εὑρέθη,
2523 743 2581 794 τό
2646 739 2951 813 ἀπωσμένον
3014 741 3324 814 εἰσῳκίσθη.
3384 746 3486 797 Kui
3550 745 3715 816 χάρις
3789 750 3875 813 τῷ

2252 830 2432 903 κράτει
2480 834 2570 882 xui
2614 827 2737 883 έλέει
2789 837 2885 891 τῆς
2930 836 3023 883 τοῦ
3075 838 3209 885 Θεοῦ
3257 827 3440 901 δόξης,
3493 839 3586 885 τοῦ
3623 831 3874 886 κάκεῖνον

2252 916 2574 985 έλεήσαντος,
2634 918 2767 991 κάμε
2813 923 2900 972 τόν
2958 923 3195 973 ταπεινόν
3244 918 3299 973 ix
3346 928 3438 984 τῆς
3465 920 3691 993 ἀθυμίας
3734 920 3875 973 ἀναο

2251 1010 2586 1078 κομίσαντος.
2616 1007 2878 1080 Ἠθύμουν
2928 1010 3031 1081 γὰρ
3079 1010 3183 1063 ἀπὸ
3237 1008 3435 1063 πολλῶν
3483 1012 3606 1064 ἑτῶν
3657 1013 3745 1064 ἰπὶ
3796 1018 3868 1083 τῇ

2253 1091 2482 1166 ἀπωλείᾳ
2528 1102 2622 1148 τοῦ
2680 1098 2797 1148 υἱοῦ
2852 1114 2975 1168 μου.
3026 1100 3093 1150 Σὺ
3147 1093 3236 1150 οὖν
3292 1096 3414 1170 ἄρτι
3472 1101 3643 1173 πατὴρ
3691 1096 3871 1151 αὐτοῦ

2251 1181 2375 1237 ἐλέει
2429 1191 2563 1237 Θεοῦ
2614 1186 3034 1258 κεχρημάτικας,
3090 1194 3153 1259 τῇ
3188 1185 3463 1259 ἔπεκουρίιξ⁵
3511 1194 3605 1240 τοῦ
3652 1185 3871 1258 ἀγαθοῦ

2250 1276 2468 1345 μεσίτου
2498 1289 2510 1304 ⁸
2544 1278 2635 1326 xui
2668 1277 2733 1326 σὺ
2764 1274 2920 1327 αὐτόν
2954 1275 3270 1348 προσάξειας
3304 1283 3419 1347 Θεῷ
3456 1279 3587 1350 πρὸς
3622 1279 3682 1328 τό
3713 1275 3808 1339 ἐξῆ
3823 1295 3865 1338 ς.

2252 1357 2395 1414 Ἰδοὺ
2419 1363 2521 1435 γὰρ
2569 1359 2919 1436 παραδίδωμι
2948 1362 3104 1417 αὐτὸν
3136 1364 3208 1426 εἰς
3257 1367 3444 1437 χεῖράς
3496 1383 3611 1431 σου,
3652 1366 3718 1426 ὡς
3755 1363 3868 1417 ἀπὸ

2253 1449 2510 1521 αὐτοψίας
2558 1449 2853 1525 ὀφθαλμῶν,
2904 1456 2994 1505 καὶ
3026 1452 3284 1506 καλείσθω
3316 1471 3412 1506 σου
3458 1454 3721 1525 μαθητὴς,
3769 1458 3868 1505 καὶ

2254 1541 2576 1610 μαθητεύσει
2632 1559 2716 1593 σοι
2774 1542 2863 1602 ἕως
2906 1540 3083 1604 τέλους
3112 1560 3127 1575 ο
3172 1546 3262 1595 xui
3306 1541 3714 1616 κληρονομήσας
3771 1546 3868 1595 τὸν

2251 1630 2443 1701 μισθόν
2501 1629 2663 1683 αὐτοῦ
2695 1629 2766 1693 εἰς
2812 1633 2928 1691 τοὺς
2979 1630 3184 1693 αἰῶνας.
3238 1636 3340 1685 Καὶ
3394 1627 3557 1691 τήνδε
3600 1635 3695 1690 τήν
3750 1630 3867 1684 έπι-

488 1720 620 1793 psi;
652 1724 710 1775 et
737 1726 799 1774 ut
845 1718 1164 1790 impleatur
1194 1718 1356 1789 quod
1400 1718 1478 1774 ab
1520 1717 1803 1791 Apostolo
1854 1718 2141 1788 scriptum

2253 1717 2441 1776 στολὴν
2488 1717 2871 1790 έπαναγνώσεις
2916 1719 3078 1789 αὐτῷ,
3120 1723 3186 1781 ὡς
3233 1719 3293 1772 ἀν
3340 1723 3460 1792 ἔχοι
3513 1724 3573 1774 τὸ
3602 1720 3861 1793 ἀσφαλὲς,

489 1817 572 1864 est
599 1809 803 1863 :Alter
830 1807 1079 1863 alterius
1106 1821 1287 1863 onera
1299 1810 1552 1877 portate,
1571 1813 1622 1862 et
1636 1809 1715 1861 sic
1744 1806 2145 1875 adimplebitis

491 1898 675 1968 legem
701 1896 933 1953 Christi
957 1897 1005 1931 ⁴³
1040 1912 1052 1962 ;
1081 1896 1184 1968 qui
1217 1900 1269 1951 te
1294 1912 1429 1952 cum
1455 1896 1731 1952 universa
1756 1911 1791 1951 a
1819 1896 1937 1951 Deo
1958 1894 2145 1951 electa

489 1985 771 2042 societate
803 1989 902 2040 tua
931 1985 1249 2049 custodiat,
1287 1983 1534 2041 meliora
1583 1999 1691 2056 pro
1732 1983 1907 2040 nobis
1956 1984 2142 2040 etiam

488 2072 906 2147 peccatoribus
936 2078 1227 2130 orantem.

849 2375 1053 2431 CXLII.
1088 2405 1153 2416 —
1187 2375 1414 2431 Basilio
1442 2373 1780 2443 praeposito.

2251 1808 2389 1859 καθὰ
2413 1805 2631 1879 κάκείνῳ
2682 1807 2824 1879 αὐτῷ
2853 1812 3089 1881 γέγραφα
3112 1829 3125 1843 ο
3159 1813 3249 1861 καὶ
3296 1807 3613 1883 πληρούσθω
3669 1812 3729 1861 τό
3760 1816 3865 1862 τοῦ

2251 1894 2573 1949 ’Δποστόλου
2605 1914 2617 1926 ·
2652 1894 2968 1955 ’Δλληλων
3006 1899 3084 1950 τὰ
3122 1894 3289 1973 βάρη
3332 1894 3863 1971 βαστάζετε,καὶ

2249 1986 2453 2046 οὕτως
2483 1983 2987 2058 ἀναπληρώσατε
3022 1989 3127 2039 τόν
3155 1990 3346 2060 νόμον
3378 1994 3490 2040 τοῦ
3529 1994 3861 2061 Χριστοῦ·

2248 2075 2302 2136 ὃς
2355 2073 2591 2146 φυλάξειέ
2648 2092 2706 2127 σε
2753 2077 2880 2147 μετὰ
2902 2076 3082 2138 πάσης
3135 2083 3233 2137 τῆς
3286 2074 3553 2129 θεολέκτου
3605 2094 3700 2129 σου
3734 2095 3864 2129 συν-

2248 2159 2423 2229 οδίας,
2460 2166 2882 2236 προσευχόμενον
2938 2168 3027 2218 xui
3078 2169 3194 2238 περὶ
3246 2166 3394 2238 ἡμῶν
3450 2174 3550 2218 τῶν
3603 2164 3853 2238 ἀμαρτω-

2248 2252 2347 2305 λῶν
2372 2256 2437 2311 τὴ
2467 2256 2757 2326 κρείττονα.

2355 2377 2649 2451 PMB
2686 2410 2750 2420 —
2779 2377 3099 2450 Βασιλείῳ
3140 2380 3503 2453 ἡγουμένῳ.
3542 2378 3728 2454 [ψια’.]

1145 2473 1350 2536 Arguit,
1384 2472 1528 2536 quod
1558 2472 1625 2522 ab
1651 2473 1972 2536 imperatore
2003 2472 2146 2522 haud
2176 2476 2307 2525 satis
2332 2475 2629 2526 orthodoxo
2659 2489 2886 2526 munera
2910 2478 3193 2541 acceperit.

561 2566 701 2629 Quae
727 2578 909 2636 supra
938 2563 1218 2617 meritum
1239 2568 1508 2618 nostrum
1537 2563 1651 2617 sint
1676 2562 1954 2628 scribere,
1991 2578 2143 2618 sem-

488 2669 596 2725 per
620 2652 883 2709 fraterna
914 2652 1242 2707 reverentia
1293 2657 1393 2706 tua
1424 2652 1749 2718 consuevit,
1792 2652 2142 2707 tenuitatem

488 2748 755 2798 nostram
788 2740 1072 2797 laudibus
1101 2745 1156 2795 et
1186 2738 1475 2796 encomiis
1508 2755 1832 2804 exornans,
1863 2755 1974 2796 nos
2001 2755 2142 2797 vero

487 2830 747 2902 propriis
776 2829 996 2885 ﬁnibus
1025 2844 1139 2884 nos
1167 2828 1467 2885 continere
1492 2828 1834 2893 didicimus,
1877 2834 1934 2884 et
1954 2828 2139 2894 nihili,

486 2918 652 2991 quod
681 2934 891 2973 sumus
921 2934 1033 2973 nos
1077 2918 1389 2974 aestimare.
1415 2924 1491 2973 Ac
1520 2916 1594 2972 de
1634 2918 1725 2973 his
1753 2918 1913 2972 satis.
1967 2920 2143 2974 Caste-

2321 2566 2399 2617 Τὰ
2450 2566 2575 2638 ὑπέρ
2634 2569 2725 2624 την
2778 2564 2927 2629 ἀξίαν
2976 2567 3120 2637 ἡμῶν
3168 2569 3390 2621 πάντοτε
3448 2569 3478 2627 ἡ
3530 2563 3727 2640 ἀδελφή
3777 2586 3854 2620 τι-

2250 2658 2438 2725 μιότης
2485 2673 2579 2707 σου
2636 2653 2949 2707 ἕπιστέλλειν
2990 2657 3153 2721 εῖωθε,
3194 2664 3367 2729 τιμαῖς
3430 2661 3519 2710 xui
3570 2656 3851 2729 εὐφημίαις

2253 2740 2683 2815 ἀποσεμνύνουσα
2738 2747 2832 2803 τὴν
2889 2742 3147 2797 οὐθένειαν
3196 2746 3379 2817 ἡμῶν·
3427 2747 3579 2817 ἡμεῖς
3634 2742 3693 2799 δε
3751 2753 3849 2798 τῶν

2251 2832 2450 2885 οἰκείων
2514 2836 2711 2906 μέτρων
2790 2836 2862 2904 μὴ
2925 2830 3235 2895 ἐξίστασθαι
3299 2829 3680 2904 δεδιδάγμεθα,
3741 2833 3846 2886 ἀλλ’

2251 2923 2495 2992 ἡγεῖσθαι
2564 2920 2773 2982 ἑαυτοὺς
2839 2920 3006 2990 οὐθέν,
3083 2923 3205 2996 ὅπερ
3267 2921 3440 2995 έσμέν.
3501 2927 3603 2976 Καὶ
3656 2925 3844 2975 τούτων

485 3023 622 3064 rum
654 3007 901 3063 tarditas
935 3006 1361 3062 venerabilium
1404 3007 1726 3062 litterarum
1767 3012 2002 3061 tuarum
2036 3008 2141 3063 mi-

2252 3012 2341 3083 μὶν
2366 3009 2496 3071 ἅλις.
2526 3009 2584 3063 Ἠ
2616 3007 2676 3063 δε
2709 3006 2982 3083 βραδύτης
3014 3018 3112 3063 τῶν
3145 3030 3329 3084 τιμιων
3384 3023 3478 3065 σου
3528 3014 3835 3087 γραμμάτων

487 3096 650 3152 nime
680 3111 792 3151 nos
823 3095 1211 3151 contristavit.
1246 3097 1360 3150 Cur
1381 3095 1541 3150 enim
1572 3094 1600 3149 Ἰ
1621 3100 1722 3151 aut
1751 3110 1885 3166 quas
1909 3094 2016 3150 fuit
2042 3110 2142 3151 ne-

484 3186 778 3243 cessitas?
806 3183 1181 3241 Coutristavit
1207 3188 1408 3239 autem
1438 3182 1784 3255 (aperienda
1813 3184 1971 3239 enim
2004 3199 2141 3256 quae

485 3275 547 3330 in
573 3274 777 3330 animo
807 3272 967 3345 sunt)
1000 3281 1101 3330 tua
1141 3274 1200 3328 in
1234 3272 1380 3327 urbe
1432 3272 1944 3337 commemoratio,
1978 3278 2035 3328 et
2063 3271 2141 3328 ad

484 3362 910 3435 imperatorem
944 3378 1164 3430 sermo,
1188 3361 1437 3434 ejusque
1463 3360 1761 3425 allocutio,
1807 3362 2138 3432 responsio,

485 3458 542 3508 et
572 3459 706 3508 tuus
746 3467 818 3507 ex
847 3451 1134 3507 mandato
1163 3452 1465 3506 discessus
1491 3467 1504 3517 ;
1538 3466 1675 3505 cum
1695 3450 1755 3505 in
1792 3450 2004 3506 iisdem
2030 3466 2141 3506 nos

487 3540 700 3597 iterum
731 3539 1133 3596 incommodis
1161 3555 1487 3605 versemus,
1524 3538 1635 3595 sub
1684 3556 1869 3597 manu
1906 3539 2142 3595 hetero-

486 3629 786 3686 doxorum
816 3628 1056 3685 detenti.
1095 3627 1427 3699 Adjecerim
1468 3633 1665 3684 autem
1699 3634 1756 3684 et
1788 3628 2139 3685 missionem

487 3734 805 3775 oeconomo
838 3718 915 3773 ad
946 3717 1277 3790 principem
1303 3716 1606 3784 eumdem,
1640 3724 1695 3773 et
1726 3716 1841 3773 cibi
1873 3733 2140 3773 commu-

487 3808 753 3873 nionem,
802 3812 858 3863 et
898 3806 1348 3862 abductionem.
1380 3805 1511 3862 Haec
1540 3808 1745 3863 omnia
1776 3823 1885 3863 nos
1927 3806 2139 3877 contri-

488 3902 741 3965 starunt,
784 3895 1317 3954 reverendissime:
1352 3900 1410 3951 et
1460 3895 1686 3951 inhibet
1727 3911 1838 3952 nos
1874 3896 2137 3968 ignosce,

487 3985 760 4058 deceptio
790 3991 1003 4051 vestra,
1032 3984 1402 4055 congressio,
1429 3991 1486 4040 et
1505 3985 1899 4050 conversatio,
1933 4000 2140 4041 mune-

486 4091 623 4132 rum
649 4074 915 4146 exceptio
940 4080 997 4130 et
1042 4074 1315 4139 donatio,
1348 4078 1406 4130 et
1460 4074 1507 4129 si
1561 4074 1664 4146 qui
1709 4074 2137 4130 benevolentiae

486 4164 709 4221 indicia
736 4163 855 4219 alia
884 4162 1161 4234 usurpari
1192 4167 1502 4229 consueta,
1538 4162 1610 4219 Ut
1641 4163 1788 4234 quid
1817 4163 1993 4227 enim,
2046 4164 2138 4218 in-

486 4252 635 4322 quit,
667 4252 904 4309 libertas
948 4267 1077 4308 mea
1112 4251 1430 4322 judicatur
1463 4253 1539 4308 ab
1578 4253 1781 4309 aliena
1842 4252 2139 4309 conscien-

2252 3098 2311 3151 οὐ
2348 3094 2415 3158 δή
2478 3117 2579 3152 που
2624 3097 2905 3157 λελύπηκεν
2959 3101 3118 3172 ἡμᾶς.
3174 3102 3271 3153 Διά
3326 3104 3380 3153 τί
3431 3101 3573 3176 γάρς
3636 3104 3719 3153 xui
3763 3098 3834 3171 ἐφ’

2253 3188 2397 3257 ᾧτινι
2446 3190 2506 3240 τὸ
2566 3186 2855 3259 ἀναγκάζον
2888 3204 2903 3252 ;
2936 3187 3210 3248 Λελύπηκε
3267 3185 3347 3255 δι,
3405 3185 3514 3242 δεῖν
3566 3191 3665 3263 γὰρ
3697 3187 3847 3241 ἑκκα-

2250 3275 2415 3348 λύψαι
2458 3278 2524 3329 τά
2558 3277 2940 3350 παριστάμενα,
2982 3278 3011 3335 ἠ
3059 3276 3107 3330 έν
3136 3286 3208 3349 τῷ
3246 3278 3397 3331 ἄστει
3437 3274 3710 3350 διατριϐή,
3759 3282 3849 3331 xui

2251 3366 2281 3423 ἠ
2337 3368 2469 3439 πρὸς
2514 3367 2601 3417 τὸν
2649 3373 2935 3437 κρατοῦντα
2984 3367 3137 3437 φάσις
3185 3370 3276 3419 καὶ
3326 3364 3620 3439 ἀντίφασις,
3675 3370 3767 3419 xui
3813 3367 3845 3425 ἠ

2253 3454 2353 3508 ὑπὸ
2410 3453 2643 3507 κε’λευσιν
2700 3450 2880 3517 ἔξοδος
2909 3471 2921 3484 °
2960 3452 3044 3507 ἐπὶ
3097 3463 3196 3508 τῶν
3248 3454 3419 3508 αὐτῶν
3472 3455 3627 3508 πάλιν
3690 3460 3848 3508 ὄντων

2251 3545 2396 3615 ἡμῶν
2458 3544 2945 3618 πρακτικευμάτων,
3009 3550 3100 3605 τῆς
3145 3546 3457 3621 ὑποχειρίου
3518 3553 3620 3597 τῶν
3683 3545 3848 3620 ἑτερο-

2252 3629 2418 3696 δόξων
2473 3640 2715 3703 κατοχῆς
2742 3650 2754 3663 ·
2782 3634 3127 3707 προσθείημεν
3174 3630 3225 3686 δ’
3253 3632 3335 3702 ἂν,
3387 3638 3478 3686 καὶ
3528 3635 3558 3692 ἡ
3592 3637 3723 3708 πρὸς
3753 3641 3847 3687 τοῦ

2250 3721 2522 3794 οἰκονόμου
2587 3720 2673 3773 έπή
2723 3719 2884 3774 αὐτοῦ
2942 3728 3033 3774 τοῦ
3098 3724 3317 3797 κράτους
3371 3720 3659 3789 ἀποστολὴ,
3726 3741 3846 3775 συν-

2250 3813 2487 3873 εστίασίς
2533 3829 2588 3863 τε
2637 3816 2728 3863 xui
2786 3815 3160 3883 συναπαγωγη.
3224 3817 3404 3864 Ταῦτα
3478 3813 3649 3865 πάντα
3707 3810 3847 3864 λελύ-

2248 3919 2408 3957 πηκεν
2460 3902 2619 3970 ἡμᾶς,
2688 3897 2728 3951 ὦ
2776 3904 3077 3972 τιμιώτατε,
3156 3904 3245 3953 καὶ
3295 3903 3455 3974 εἴργει
3500 3901 3658 3973 ἡμᾶς,
3720 3902 3846 3971 σύγ·

2245 3990 2429 4061 γνωθι,
2482 3990 2513 4047 ἡ
2578 3991 2703 4062 πρὸς
2751 3989 2883 4061 ὑμᾶς
2941 3987 3135 4056 ἀπάτη,
3184 3992 3274 4043 xui
3322 3991 3725 4063 συνανάκρασις,
3756 3994 3845 4042 xui

2250 4081 2670 4151 συναναστροφὴ,
2723 4075 2883 4147 λῆψίς
2929 4096 2983 4130 τε
3030 4081 3121 4130 xui
3178 4072 3350 4143 δόσις,
3401 4083 3491 4131 xui
3545 4080 3590 4131 εῖ
3640 4096 3693 4131 τι
3723 4076 3842 4130 οῖλλο

2246 4174 2347 4219 τῶν
2402 4165 2635 4238 φιλικῶν,
2681 4169 2772 4218 xui
2819 4165 2872 4228 ἐξ
2923 4167 3091 4228 ἔθους.
3121 4164 3253 4219 Ἵνα
3301 4170 3361 4218 τί
3410 4167 3554 4239 γὰρ,
3584 4171 3764 4239 φησὶν,
3808 4167 3837 4224 ἡ

2248 4253 2586 4329 ἐλευθερία
2627 4272 2747 4326 μου
2799 4257 3097 4329 κρίνεται
3143 4256 3262 4308 ὑπὸ
3308 4254 3501 4317 ἄλλης
3544 4250 3841 4313 συνειδή·

490 4344 576 4399 tia
592 4343 640 4377 “
668 4340 697 4396 ἳ
723 4343 790 4396 Et
804 4341 1299 4413 quandoquidem
1322 4340 1575 4397 antehac
1597 4341 1739 4397 satis
1762 4341 2139 4413 dispensavi-

2252 4359 2429 4409 σεως;
2463 4348 2565 4397 Καὶ
2594 4339 2775 4401 έπειδὴ
2808 4344 2995 4405 ἱκανῶς
3019 4348 3252 4417 ῷκονομή
3262 4362 3421 4417 σαμεν
3446 4343 3497 4397 έν
3524 4351 3635 4406 τοῖς
3654 4342 3839 4418 προλα-

490 4446 646 4498 mus,
680 4430 882 4501 idque,
939 4433 1005 4484 ut
1032 4430 1188 4484 Deus
1218 4428 1380 4485 solus
1409 4430 1596 4497 novit,
1628 4447 1767 4485 cum
1796 4446 2018 4501 magno
2048 4430 2139 4487 af-

490 4520 648 4576 fectu
679 4524 735 4575 et
760 4518 1169 4574 misericordia
1193 4533 1382 4585 ;nunc
1402 4519 1581 4575 etiam
1604 4520 1950 4591 dispensare
1965 4535 2139 4592 opor-

490 4612 590 4678 tet,
621 4613 678 4664 et
706 4622 827 4664 non
852 4613 1104 4679 utraque
1129 4623 1201 4663 ex
1226 4612 1393 4679 parte
1408 4607 1829 4664 detrimentum
1844 4608 1987 4680 pati,
2006 4624 2135 4675 nec,

488 4697 683 4754 aliena
716 4701 1073 4768 usurpantes
1124 4715 1137 4763 ;
1180 4702 1387 4753 nostra
1432 4696 1769 4753 inconsulto
1814 4697 2129 4769 projicere.

488 4786 823 4843 Scientibus
853 4785 1068 4857 loquor
1101 4802 1114 4841 :
1161 4786 1344 4843 Nemo
1383 4792 1575 4857 potest
1614 4787 1843 4842 duobus
1886 4786 2139 4843 dominis

486 4875 706 4932 servire
728 4875 799 4939 ⁴⁵,
841 4876 1057 4931 veritas
1110 4874 1541 4946 pronuntiavit.
1600 4875 1829 4931 Domini
1890 4874 2035 4931 estis
2083 4881 2141 4932 et

488 4963 614 5019 heri
640 4968 695 5020 et
722 4969 980 5019 rectores
1002 4964 1381 5035 propriorum
1401 4964 1897 5019 monasteriorum
1920 4970 1977 5020 et
2001 4980 2140 5021 con-

490 5052 758 5109 siliorum
789 5070 802 5109 :
838 5070 943 5108 nos
971 5069 1107 5109 vero
1133 5052 1392 5109 humiles
1442 5058 1497 5107 et
1520 5052 1840 5108 errabundi
1873 5052 2031 5109 hunc
2080 5054 2138 5109 in

2248 4430 2425 4497 ϐοῦσι,
2486 4436 2596 4497 xui,
2653 4434 2724 4494 ὡς
2781 4435 2911 4495 Θεὸς
2966 4436 3120 4505 μόνος
3171 4428 3305 4502 οἶδε,
3366 4436 3461 4486 σὺν
3514 4432 3673 4506 πολλῇ
3725 4429 3840 4486 δια·

2250 4522 2389 4575 θέσει
2435 4526 2523 4574 xui
2577 4519 2896 4594 έλεημοσύνη
2931 4538 2944 4551 °
2985 4517 3094 4575 δεῖν
3143 4523 3262 4596 οῖρτι
3316 4527 3406 4575 xui
3463 4519 3836 4596 οἰκοδομῆσαι,

2247 4614 2336 4663 xui
2413 4614 2485 4683 μὴ
2571 4608 2928 4684 ἀμφοτέρωθεν
3001 4610 3346 4683 ζημιοῦσθαι,
3392 4617 3520 4685 μήτε
3579 4614 3637 4665 τὸ
3692 4610 3843 4665 ἀλλό-

2247 4718 2389 4774 τριον
2472 4698 3011 4773 προλαμϐανομένους,
3086 4705 3177 4753 xui
3233 4703 3291 4753 τὸ
3380 4700 3567 4755 οἰκεῖον
3648 4700 3844 4773 ἀλόγως

2249 4790 2521 4863 προέσθαι.
2554 4784 2768 4842 Εἰδόσιν
2796 4788 2989 4861 ὀλόγος
3022 4805 3036 4818 ’
3066 4786 3305 4851 Οὐδεὶς
3354 4785 3638 4843 δύναται
3689 4786 3841 4843 δυσὶ

2247 4882 2504 4951 κυρίοις
2554 4873 2918 4944 δουλεύειν,
2974 4881 3004 4937 ἡ
3073 4878 3291 4938 ἀλήθεια
3354 4876 3677 4953 ἀπεφήνατο.
3744 4883 3843 4935 Κύι

2247 4970 2355 5041 ριοί
2433 4964 2549 5019 έστε
2622 4972 2713 5020 xui
2796 4963 3051 5021 δεσπόται
3114 4968 3205 5020 καὶ
3280 4970 3674 5043 καθηγούμενοι
3747 4977 3844 5023 τῶν

2252 5051 2401 5108 ἰδίων
2464 5064 2629 5128 μονῶν
2689 5061 2778 5109 xui
2846 5053 3209 5130 βουλευμάτων
3241 5073 3254 5087 '
3298 5059 3450 5129 ἡμεῖς
3498 5054 3558 5111 δὲ
3614 5063 3846 5112 ταπεινοὶ

485 5141 687 5199 locum
718 5142 885 5214 ejecti
940 5143 1021 5199 ob
1069 5140 1564 5214 persecutionem.
1624 5140 1939 5198 Concedite
1985 5141 2141 5198 hanc

2252 5148 2338 5196 xui
2395 5143 2640 5218 ἀλήτιμοι
2696 5141 2802 5199 ὧδέ
2853 5164 2954 5199 που
2984 5144 3389 5221 παρερῥιμμένοι
3446 5142 3539 5201 διὰ
3574 5150 3660 5201 τόν
3691 5144 3847 5219 διωγ-

558 5289 606 5325 “
642 5288 776 5344 Luc.
811 5302 909 5353 xv,
942 5290 1033 5342 24.
1110 5287 1156 5321 ⁴³
1185 5284 1378 5341 Galat.
1414 5300 1495 5351 v1,
1518 5288 1570 5342 2.
1649 5285 1697 5320 “
1728 5284 1749 5340 Ι
1783 5285 1911 5342 Cor.
1938 5301 1993 5354 x,
2023 5286 2114 5341 29.

2272 5288 2473 5346 Matth.
2504 5304 2581 5353 νι,
2613 5288 2709 5345 24.

2049 5421 2275 5479 ΝΟΤιΕ.

563 5527 678 5602 (33)
711 5526 772 5581 ln
806 5526 936 5582 cod.
967 5528 1106 5595 Reg.
1135 5523 1276 5601 ρξβ¹.
