4036 6276
234 266 374 323 1449

1518 266 2019 325 EPISTOLARUM
2066 270 2200 325 LIB.
2244 271 2313 325 Il.

3450 254 3591 328 1450

233 396 349 465 μόν.
415 394 723 466 Χαρίσασθε
778 395 903 465 ἡμῖν
955 397 1048 451 τὴν
1115 392 1402 462 ἐλευθερίαν
1471 394 1685 459 ταύτην,
1743 398 1832 445 καὶ

1953 394 2118 450 nobis
2146 394 2502 458 libertatem,
2535 398 2599 449 ut
2628 395 2843 451 nostris
2882 396 3138 467 peccatis
3169 396 3579 453 indoleamus.

1731 487 1832 534 Καὶ

236 565 361 623 οἶδα
405 572 495 643 μεν
547 571 625 623 ὅτι
662 570 893 644 λυπηρὸν
950 574 1008 623 τό
1056 573 1279 645 γράμμα
1308 578 1368 643 τῇ
1404 575 1671 642 τιμιότητί
1714 590 1831 636 σου,

235 660 409 732 ὥσπερ
457 664 548 711 καὶ
598 661 745 732 ἡμῖν,
799 658 926 711 ἀλλὰ
968 668 1062 721 τῆς
1107 666 1197 711 τοῦ
1233 667 1365 713 Θεοῦ
1418 659 1627 730 ἀγάπης
1684 656 1834 712 οὐδὲν

235 752 606 823 προτιμότερον
639 770 652 782 ο
705 746 778 801 δι’
811 748 871 807 ἣν
900 754 990 801 καὶ
1028 751 1174 821 ἡμεῖς
1222 752 1317 801 σὺν
1361 755 1468 810 τοῖς
1513 748 1680 819 ἁγίοις
1726 756 1835 801 Πα-

234 839 421 912 τράσιν
465 839 611 911 ἡμῶν
673 837 756 891 ἐπὶ
807 846 868 911 τῇ
928 838 1074 913 ῦϐρει
1127 845 1365 912 Χριστοῦ
1422 839 1766 911 ἠρνησάμεθα
1804 837 1837 891 οἱ

234 926 594 1000 ἠρνησάμεθα,
627 932 711 981 καὶ
740 930 1130 1004 προαιρούμεθα
1166 928 1201 980 ἃ
1227 930 1623 1001 προϊσχόμεθα.

518 1049 666 1104 er
696 1051 835 1123 (34).
882 1083 949 1091 -
988 1057 1080 1122 Τῷ
1122 1051 1311 1122 αὐτῷ.
1365 1047 1554 1123 Nec]

235 483 290 533 τό
350 488 457 543 τοῖς
532 481 739 544 οἰκείοις
816 481 1208 553 ἐπιστυγνάζειν
1284 480 1650 557 ἁμαρτήμασι.

1944 484 2006 537 Et
2046 483 2168 537 scio
2207 484 2451 555 quidem
2479 483 2873 553 injucundam
2906 485 3246 540 reverentiae
3287 489 3401 540 tute
3432 483 3590 540 hanc

1943 571 2257 642 epistolam
2301 571 2441 637 fore,
2478 573 2629 627 sicut
2665 576 2720 627 et
2745 572 2919 627 nobis
2949 589 2960 625 :
2996 573 3101 627 sed
3132 572 3278 629 nihil
3306 578 3393 629 est
3425 578 3591 629 ante-

1944 661 2290 731 ponendum
2315 661 2412 716 Dei
2436 660 2733 716 charitati:
2760 667 3001 733 propter
3030 677 3211 732 quam
3244 668 3299 717 et
3319 678 3429 718 nos
3451 678 3590 718 cum

1945 750 2163 805 sanctis
2204 750 2473 806 Patribus
2508 752 2747 820 nostris,
2777 751 2855 807 ob
2906 751 3114 806 Christi
3139 750 3588 818 contumeliam,

1945 838 2294 909 negavimus
2324 856 2459 912 quae
2509 843 2883 911 negavimus.
2918 846 2974 897 et
3000 840 3419 912 amplectimur
3457 857 3592 914 quae

1946 928 2200 1000 professi
2223 946 2456 985 sumus.

2481 1054 2704 1110 CXLIII.
2748 1086 2814 1095 —
2853 1056 3086 1113 Eidem.

821 1160 1145 1217 Gratulatur,
1181 1174 1305 1209 cum
1328 1160 1645 1216 audivisset,
1679 1160 1872 1223 ipsum,
1897 1159 2019 1209 ﬁdei
2045 1173 2224 1217 causa,
2251 1161 2316 1210 de
2342 1163 2693 1226 praepositum
2718 1162 2990 1215 decedere.

310 1258 491 1329 Βραχύ
548 1275 600 1308 τι
651 1259 995 1331 παρεμυθήθη
1055 1260 1114 1308 τό
1146 1262 1256 1329 περὶ
1318 1258 1449 1328 ὑμᾶς
1493 1260 1612 1318 τοὺς
1658 1276 1839 1328 τιμιω-

240 1347 431 1408 τάτους
457 1345 686 1421 λυπηρὸν
733 1355 826 1408 τῆς
856 1346 1042 1418 ψυχῆς
1082 1348 1225 1418 ἡμῶν
1259 1363 1269 1374 ·
1311 1348 1413 1418 εἴγε
1442 1349 1511 1408 ὡς
1547 1347 1839 1421 γεγράφατε

240 1437 373 1506 ἔχει,
407 1440 493 1487 καὶ
548 1436 871 1508 ῦποχωρεῐτε
898 1444 989 1496 τῆς
1019 1437 1364 1507 ἠγουμενικῆς
1419 1431 1835 1509 διακρατήσεως.

239 1520 481 1596 Οὐδεμία
526 1526 627 1599 γὰρ
660 1530 919 1589 κοινωνία,
967 1522 1007 1575 ὦ
1055 1524 1283 1597 φιλότης,
1337 1520 1703 1596 δεδιωγμένοις
1751 1528 1840 1575 καὶ

241 1610 541 1679 ἆδιώκτοις,
586 1619 672 1666 καὶ
721 1614 778 1667 οὐ
838 1619 990 1687 μόνον
1047 1612 1344 1684 ἁδιώκτοις,
1405 1613 1533 1666 ἀλλὰ
1583 1618 1667 1665 καὶ
1712 1615 1843 1665 ὑπο-

238 1703 445 1755 τελοῦσι
469 1709 574 1763 τοῖς
625 1700 877 1765 διώκταις
934 1706 1419 1775 καθηγεμονιώντων
1476 1701 1638 1775 ὧνπερ
1697 1702 1838 1765 ἐξου-

243 1792 496 1852 σιάζουσι
536 1798 898 1866 μοναστηρίων
948 1814 960 1826 ·
992 1793 1036 1844 εἰ
1082 1796 1152 1865 μή
1188 1794 1290 1864 ἄρα
1317 1812 1396 1853 τις
1436 1797 1678 1844 κοινωνία
1707 1795 1840 1864 ὡμο-

237 1880 460 1951 λόγηται
512 1887 639 1953 φωτὶ
686 1886 810 1957 πρὸς
866 1887 1065 1943 σκότος.
1121 1881 1258 1937 Ἀλλ’
1290 1881 1384 1934 οὐκ
1429 1878 1731 1953 ἆνδίχεται,
1778 1884 1843 1942 ὡς

240 1972 266 2023 ὁ
300 1972 426 2043 ἱερὸς
458 1970 611 2042 λόγος
659 1969 972 2043 ἀπεφήνατο.
1031 1975 1100 2025 Τό
1147 1974 1249 2046 γὰρ
1300 1972 1387 2031 ἕως
1445 1978 1536 2022 τοῦ
1589 1976 1840 2043 παρόντος

240 2056 512 2113 ἰπιδοῦναι
587 2059 793 2122 ἑαυτοὺς
848 2060 896 2112 ἐν
944 2068 1054 2122 τοῖς
1127 2059 1313 2113 ἁλοῦσι
1368 2056 1440 2112 δι’
1498 2062 1843 2120 ὑποπτὼσεως

244 2149 502 2220 ἰατρικῆς,
567 2151 703 2201 κατὰ
740 2146 891 2203 τόνδε
944 2153 1029 2202 τόν
1077 2155 1266 2223 τρόπον
1316 2153 1513 2221 γέγονε,
1556 2152 1612 2200 τό
1670 2147 1841 2200 λαϐεῖν

241 2240 382 2311 ἡμᾶς
456 2236 659 2309 ἐγγύας,
715 2243 847 2311 μήτε
901 2238 1058 2311 λόγῳ,

244 2324 443 2386 δήποτε
516 2332 705 2400 τρόπον
780 2329 1087 2400 ὑπαχθῆναι
1141 2328 1295 2382 πάλιν
1350 2336 1455 2389 τοῖς
1503 2325 1839 2402 ἑτεροδόξοις,

242 2422 332 2469 καὶ
406 2417 511 2469 οἷον
559 2419 607 2469 ἓν
648 2423 949 2490 μεταιχμίῳ
1024 2417 1210 2471 ἑστᾶσι
1282 2422 1585 2492 κρατήσεως
1642 2422 1731 2470 καὶ
1783 2416 1841 2469 οῦ

242 2511 549 2580 κρατήσεως
620 2516 720 2558 τῶν
794 2515 960 2579 μονῶν
1020 2527 1033 2540 °

1136 2244 1269 2311 μήτε
1343 2241 1495 2311 ἔργῳ,
1560 2240 1679 2290 καθ’
1737 2238 1841 2290 οἷον

1110 2512 1200 2560 καὶ
1265 2511 1323 2560 τό
1390 2506 1503 2560 ὅλον
1547 2506 1724 2574 εἰπεῖν,
1776 2509 1845 2567 ὡς

244 2614 402 2667 μιμον
447 2598 687 2667 γενέσθαι
726 2601 817 2655 τὴν
878 2596 1153 2669 ὁμολογίαν
1204 2594 1296 2649 διὰ
1349 2605 1439 2657 τῆς
1467 2604 1568 2649 τῶν
1607 2595 1842 2648 ἐναντίων

243 2684 585 2757 ὑφελκύσεως,
669 2690 759 2739 καὶ
842 2694 942 2737 τῶν
1034 2687 1374 2758 ἐνισταμένων

241 2767 357 2828 Ἐπ’
404 2773 464 2826 ἂν
511 2771 569 2827 δὲ
619 2778 797 2849 καιρός
842 2774 934 2833 ἧκε
976 2782 1069 2827 τοῦ
1114 2776 1452 2847 ζητουμένοῦ,
1494 2778 1671 2827 καὶτὸ
1726 2776 1845 2846 ὀμο-

242 2864 459 2937 λογηθέν
511 2863 603 2917 οὐκ
657 2863 913 2926 ἰξηνύσθη
972 2864 1184 2917 ἐνώπιον
1225 2872 1359 2918 Θεοῦ
1396 2868 1485 2916 καὶ
1543 2864 1840 2938 ἀνθρώπων,

1477 2684 1840 2759 ἁντιπράξεως.

2018 1257 2374 1314 Nonnullam
2392 1259 2862 1317 consolationem
2885 1260 3045 1332 capit
3063 1261 3281 1317 animae
3303 1265 3503 1319 noster
3520 1262 3596 1319 de

1951 1346 2115 1401 vobis
2145 1348 2654 1404 reverendissimis
2678 1349 2944 1406 tristitia:
2993 1351 3040 1405 si
3066 1366 3275 1406 verum
3314 1355 3402 1407 est
3429 1350 3596 1423 quod

1951 1436 2287 1507 scripsistis,
2320 1442 2375 1491 et
2397 1438 2804 1509 praepositum
2837 1443 3129 1510 potestate
3157 1438 3382 1494 ceditis.
3426 1438 3598 1495 Nulla

1949 1525 2130 1593 enim,
2160 1526 2369 1592 amice,
2404 1528 2880 1597 persecutionem
2911 1528 3104 1599 passis
3130 1528 3480 1584 communio
3510 1532 3599 1584 est

1951 1630 2087 1669 cum
2120 1614 2209 1680 iis,
2236 1615 2337 1687 qui
2371 1617 2534 1687 passi
2560 1632 2680 1671 non
2709 1616 2963 1683 fuerunt,
2996 1618 3219 1690 quique
3257 1633 3380 1673 non
3415 1616 3597 1673 modo

1952 1704 2112 1773 passi
2142 1719 2262 1758 non
2290 1708 2445 1769 sunt,
2479 1705 2582 1758 sed
2624 1710 2678 1760 et
2713 1705 2806 1772 iis,
2856 1706 2958 1777 qui
2990 1706 3359 1761 insectnntur
3417 1704 3598 1761 tribu-

1951 1796 2075 1846 tum
2104 1793 2372 1863 pendunt
2404 1793 2788 1865 praesidentes
2840 1795 3216 1851 monasteriis
3239 1811 3374 1867 quae
3406 1795 3599 1867 possi-

1950 1880 2125 1937 dent:
2163 1882 2286 1937 nisi
2322 1882 2470 1939 forte
2497 1884 2747 1939 societas
2779 1883 2981 1956 aliqua
3031 1900 3159 1940 esse
3205 1884 3439 1940 dicatur
3482 1883 3597 1940 luci

1950 1970 2027 2025 ad
2060 1971 2333 2026 tenebras
2349 1973 2394 2006 ιδ
2420 1989 2432 2026 :
2466 1972 2779 2044 queenulla
2809 1989 2937 2029 esse
2964 1978 3178 2045 potest,
3199 1978 3263 2029 ut
3287 1988 3483 2029 sermo
3510 1990 3600 2029 sa-

1951 2076 2046 2114 cer
2084 2060 2359 2115 ostendit.
2391 2061 2562 2127 Quod
2592 2062 2750 2117 enim
2794 2062 3084 2118 hactenus
3118 2062 3397 2135 propensi
3427 2061 3603 2118 fueri-

1953 2165 2086 2204 mus
2105 2164 2248 2219 erga
2281 2150 2481 2221 lapsos
2512 2167 2619 2222 per
2649 2151 2945 2207 medicam
2972 2151 3405 2221 indulgentiam
3449 2168 3463 2219 ;
3507 2168 3600 2207 res

1950 2237 2064 2292 hoc
2100 2238 2281 2294 modo
2313 2244 2477 2309 gesta
2507 2244 2614 2308 est,
2637 2240 2801 2312 quod
2832 2241 3197 2313 promissum
3227 2240 3403 2296 nobis
3423 2245 3599 2306 esset,

1952 2326 2084 2382 illos
2116 2343 2311 2399 neque
2335 2328 2539 2393 verbo,
2564 2345 2759 2402 neque
2786 2331 2941 2385 facto
2964 2330 3225 2402 amplius
3251 2329 3600 2386 adhaesuros

1953 2416 2073 2472 ullo
2105 2417 2286 2473 modo
2316 2417 2715 2483 heterodoxis,
2764 2425 2819 2474 et
2851 2419 2921 2474 iis
2948 2419 3052 2491 qui
3088 2424 3370 2492 tanquam
3394 2418 3453 2475 in
3481 2433 3601 2474 me-

1953 2504 2053 2560 dio
2080 2506 2252 2577 positi
2275 2511 2464 2576 erant,
2492 2512 2555 2562 ut
2590 2522 2785 2579 neque
2806 2510 3169 2564 monasteria
3200 2507 3595 2580 possiderent,

1952 2611 2146 2666 neque
2174 2611 2293 2650 non
2324 2595 2718 2666 possiderent,
2751 2612 2820 2652 ac
2842 2597 3100 2669 denique
3140 2597 3221 2653 ita
3256 2602 3320 2654 ut
3341 2596 3603 2667 legitima

1955 2689 2108 2739 esset
2130 2685 2453 2750 concessio,
2488 2685 2898 2740 subtrahendo
2931 2702 2994 2740 se
3024 2685 3102 2741 ab
3140 2685 3521 2751 adversariis,
3546 2688 3603 2742 et

1955 2774 2447 2845 oppugnantibus
2469 2774 2815 2830 resistendo.
2846 2776 3167 2847 Postquam
3198 2790 3336 2831 vero
3362 2775 3602 2831 advenit

1955 2864 2036 2917 rei
2068 2863 2377 2932 postulatae
2411 2869 2668 2936 tempus,
2711 2869 2837 2919 tum
2876 2880 3016 2919 vero
3048 2864 3108 2919 id
3151 2864 3316 2937 quod
3356 2869 3600 2936 pactum

245 2936 376 3030 πρὸς
423 2952 793 3029 ἀκριϐεστέραν
849 2962 942 3017 τῆς
999 2958 1249 3030 προτέρας
1302 2936 1650 3015 ὑποπτὼσεως
1711 2952 1842 3015 ἐξία-

1957 2951 2163 3015 fuerat,
2190 2952 2490 3023 expletum
2505 2968 2625 3007 non
2655 2952 2763 3008 fuit
2794 2969 2997 3009 coram
3028 2956 3144 3009 Deo
3174 2936 3230 3008 et
3253 2953 3602 3010 hominibus

251 3063 336 3097 σιν
367 3061 381 3075 ·
417 3042 544 3095 ἀλλὰ
599 3043 753 3096 πάλιν
797 3042 1072 3116 ἀπαγωγὴ,
1098 3050 1187 3097 καὶ
1234 3044 1387 3096 πάλιν
1436 3042 1754 3112 ἀπόπτωσις,
1795 3045 1843 3094 ἕν

245 3151 300 3185 τε
326 3132 500 3204 λόγοις
546 3137 634 3185 καὶ
674 3135 837 3204 ἔργοις
870 3149 884 3162 ⁸
918 3135 983 3194 ὡς
1024 3132 1155 3185 αὐτὰ
1200 3135 1266 3185 τὰ
1312 3134 1596 3205 πράγματα
1648 3150 1845 3206 μαρτυ-

246 3229 345 3297 ρεῖ,
396 3220 497 3273 κάκ
539 3230 640 3274 τῶν
705 3218 919 3275 εἰδότων
959 3221 1254 3295 ἀκηκόαμεν
1304 3239 1317 3252 ·
1368 3227 1456 3274 καὶ
1512 3220 1665 3274 πάλιν
1720 3223 1844 3272 καθ-

248 3315 492 3383 ηγεμόνες
531 3309 971 3384 ἁπαρασάλευτοι,
1024 3309 1116 3364 διὰ
1159 3319 1252 3373 τῆς
1281 3313 1401 3384 ἄρτι
1446 3312 1545 3363 ὑπὸ
1590 3317 1683 3363 τοῦ
1721 3312 1844 3383 κρά⁸

246 3419 366 3460 τους
438 3396 712 3471 ὑποδοχῆς
786 3405 873 3453 καὶ
951 3399 1261 3462 ἀποστολῆς.
1338 3399 1395 3452 Ὀ
1450 3400 1597 3471 λόγος
1647 3396 1706 3451 δὲ
1760 3398 1843 3451 ἐπὶ

246 3491 453 3543 πάντων
510 3497 610 3541 τῶν
670 3489 834 3552 οὕτως
884 3494 1232 3564 πεπραχότων
1258 3507 1273 3522 ’
1324 3494 1415 3542 καὶ
1455 3490 1651 3560 γελοῖόν
1703 3488 1842 3541 ἐστιν

247 3580 368 3651 ἄρτι
424 3582 482 3630 τὸ
541 3577 799 3652 ἐπιτιμᾷν,
842 3579 1030 3649 μᾶλλον
1085 3576 1143 3631 δὲ
1189 3578 1552 3651 φρενοϐλάϐεια
1590 3586 1689 3630 τῶν
1731 3580 1845 3630 ἕπε-

246 3674 532 3741 τιμώντων,
572 3674 663 3720 καὶ
711 3667 1031 3741 σκινδαλμός
1073 3678 1171 3721 τῶν
1217 3668 1578 3733 εὐσεϐούντων,
1631 3671 1845 3740 σύγχυ-

251 3763 333 3818 σίς
369 3776 423 3810 τε
470 3762 559 3811 καὶ
614 3757 839 3829 ἀϐλεψία
888 3757 971 3811 ἐπὶ
1021 3766 1084 3831 τῇ
1140 3766 1374 3831 Χριστοῦ
1427 3758 1691 3831 ὁμολογίᾳ.
1735 3763 1844 3809 Δεῖν

246 3854 343 3901 τοῦ
369 3846 692 3901 Ἀποστόλου
734 3846 960 3900 ἀκοῦσαι
996 3847 1230 3918 λέγοντος
1258 3865 1270 3877 ⁶
1330 3847 1629 3900 Στέλλετε
1683 3848 1845 3918 ὑμᾶς

250 3936 370 3989 ἀπὸ
396 3940 633 3999 παντὸς
666 3932 948 4009 ἀδελφοῦ
980 3935 1264 3998 ἀτάκτως
1302 3943 1841 4009 περιπατοῦντος,

247 4031 479 4099 καὶμὴ
545 4029 712 4079 κατά
749 4030 868 4085 τὴν
929 4024 1324 4099 παράδοσιν,
1368 4025 1437 4085 ἣν
1474 4025 1844 4099 παρέλαϐον

247 4114 391 4189 παρ’
430 4118 605 4188 ἡμῶν
638 4137 651 4149 ο
684 4115 874 4187 μᾶλλον
902 4112 960 4168 δε
990 4116 1089 4167 ὑπὸ
1115 4122 1206 4167 τοῦ
1238 4123 1372 4168 Θεοῦ
1404 4112 1495 4167 διὰ
1524 4122 1615 4167 τοῦ
1639 4120 1845 4189 προφή-

249 4221 343 4255 του
393 4203 661 4277 βοῶντοςο
714 4204 1042 4267 Ἐξέλθετε
1099 4202 1162 4256 ἐκ
1201 4209 1397 4276 μέσου
1437 4205 1677 4268 αὐτῶν,
1737 4208 1844 4255 καὶ

1955 3042 2032 3096 ad
2072 3042 2511 3096 accnrationem
2541 3041 2809 3112 pristinae
2839 3041 3025 3097 ruinae
3051 3042 3421 3098 curationem
3454 3058 3468 3108 ;
3496 3041 3604 3098 sed

1953 3145 2192 3184 rursum
2225 3128 2530 3195 abductio,
2552 3144 2795 3184 rursum
2826 3130 3019 3185 ruina.
3063 3135 3118 3186 et
3140 3131 3200 3185 in
3231 3130 3432 3186 verbis
3457 3134 3515 3186 et
3540 3129 3602 3186 in

1954 3218 2141 3283 factis,
2178 3218 2328 3273 sicut
2351 3234 2446 3273 res
2473 3219 2617 3289 ipsae
2655 3223 2966 3287 testantur,
3007 3234 3241 3291 nosque
3279 3219 3358 3275 ab
3398 3219 3471 3275 iis
3499 3219 3602 3292 qui

1952 3307 2229 3363 viderunt
2270 3306 2646 3378 accepimus:
2678 3312 2734 3362 et
2789 3307 3091 3379 prrepositi
3123 3323 3364 3363 rursum
3394 3308 3600 3364 incon-

1952 3396 2133 3466 cussi,
2164 3401 2483 3468 postquam
2518 3402 2574 3452 et
2613 3397 2840 3467 accepti
2869 3397 3124 3467 benigne
3155 3413 3191 3453 a
3221 3396 3512 3471 principe,
3544 3400 3602 3453 et

1950 3485 2183 3541 remissi
2205 3484 2461 3541 fuerunt.
2480 3488 2557 3540 De
2570 3486 2853 3541 omnibus
2884 3502 3083 3542 sermo
3108 3491 3215 3555 est,
3244 3486 3442 3559 quisic
3469 3501 3602 3557 ege-

1949 3579 2088 3630 runt
2117 3591 2129 3630 :
2176 3590 2244 3630 ac
2276 3573 2592 3629 ridiculum
2627 3580 2713 3629 est
2748 3590 2990 3646 poenam
3023 3576 3204 3631 modo
3236 3577 3546 3648 imponere
3580 3592 3595 3631 :

1949 3664 2071 3720 imo
2103 3665 2162 3719 id
2188 3664 2313 3719 ﬁeri
2345 3679 2462 3718 non
2488 3664 2820 3735 potestsine
2846 3665 3282 3736 imponentium
3315 3660 3603 3732 amentia,

1953 3760 2008 3808 et
2026 3754 2261 3823 piorum
2287 3753 2451 3807 inani
2486 3752 2718 3822 argutia
2744 3757 2798 3809 et
2824 3754 3290 3824 perturbatione,
3316 3759 3373 3811 et
3397 3756 3602 3811 incon-

1952 3843 2276 3898 siderantia
2305 3843 2363 3896 in
2426 3842 2631 3896 Christi
2663 3841 3062 3898 confessione.
3120 3843 3339 3898 Audire
3369 3846 3603 3916 oportet

1955 3931 2302 4003 Apostolum
2333 3931 2774 4001 praecipientem
2805 3948 2817 3985 :
2846 3931 3297 3988 Subtrahitevos
3328 3933 3402 3989 ab
3441 3932 3602 3988 omni

1949 4022 2149 4090 fratre
2168 4020 2859 4076 ambulanteinordinale
2871 4025 2925 4076 et
2948 4035 3063 4076 non
3091 4022 3398 4077 secundum
3415 4022 3602 4077 tradi-

1956 4112 2190 4180 tionem,
2231 4125 2405 4181 quam
2457 4116 2813 4178 acceperunt
2839 4124 2875 4165 a
2922 4109 3088 4165 nobis
3115 4111 3209 4163 ιτς
3284 4110 3373 4165 vel
3406 4111 3601 4182 potius

1958 4201 2147 4258 Deum
2182 4201 2381 4270 ipsum
2440 4198 2542 4269 qui
2596 4215 2701 4269 per
2731 4199 3086 4269 prophetam
3119 4198 3341 4254 clamat
3374 4218 3386 4258 :
3427 4199 3603 4256 Exite

250 4296 673 4367 ἀφορίσθητε,
705 4300 811 4347 καὶ
842 4294 1214 4368 ἀκαθάρτου
1245 4298 1324 4366 μὴ
1353 4293 1668 4346 ἄπτεσθε⁸
1701 4292 1842 4364 κάγὼ

1954 4291 2025 4345 de
2050 4289 2238 4344 medio
2264 4303 2462 4344 eorum
2494 4294 2544 4343 et
2571 4287 2837 4353 recedite,
2854 4290 2907 4343 et
2932 4288 3231 4358 pollutum
3258 4289 3439 4343 nolite
3469 4294 3606 4345 tan-

251 4380 551 4455 εἰσδέξομαι
580 4385 735 4456 ὑμᾶς,
762 4387 879 4445 τοὺς
909 4383 1073 4444 οὕτως
1097 4380 1553 4455 διατι-τελλομένους
1581 4379 1842 4448 δηλονότι,

250 4477 342 4525 καὶ
393 4477 464 4544 μὴ
519 4476 841 4546 συγχέοντας
887 4478 980 4532 τὴν
1032 4473 1269 4545 Χριστοῦ
1318 4472 1612 4543 ὁμολογίαν.
1641 4476 1704 4524 Τί
1745 4474 1843 4546 γὰρ

251 4566 532 4636 φήσουσιν,
574 4560 613 4613 ὦ
659 4568 959 4635 τιμιώτατε,
1008 4564 1033 4615 ὅ
1085 4581 1138 4614 τε
1184 4571 1282 4613 τῶν
1322 4570 1505 4633 κωμῶν
1562 4563 1848 4633 ἡγούμενος

250 4657 340 4705 καὶ
370 4654 395 4705 ό
423 4660 513 4705 τοῦ
544 4652 820 4721 Γουλαίου,
864 4657 957 4705 σὺν
1000 4660 1110 4714 τοῖς
1146 4653 1335 4724 ὁμοίως
1372 4653 1492 4725 ἄρτι
1534 4647 1847 4723 διωχθεῖσιν

252 4740 301 4794 ἓν
350 4749 411 4814 τῇ
454 4743 693 4794 ἰνστάσει
725 4757 738 4770 ·
800 4744 937 4813 εἴπερ
982 4742 1173 4815 ὁρῶσιν
1225 4741 1358 4812 ὑμᾶς
1409 4742 1533 4800 τοὺς
1583 4736 1848 4811 προδοσίᾳ

251 4837 343 4891 τῆς
396 4829 636 4890 ἀληθείας
687 4834 1007 4902 κατέχοντας
1055 4832 1119 4881 τὰ
1170 4832 1518 4901 μοναστήρια,
1573 4832 1664 4879 καὶ
1711 4830 1849 4900 ἡμᾶς

250 4919 374 4991 ὑμῖν
420 4923 915 4991 συναπαγομένους;
957 4923 1008 4970 τί
1040 4915 1098 4970 δὲ
1136 4920 1184 4970 οἱ
1214 4916 1262 4969 ἐν
1300 4924 1410 4977 τοῖς
1463 4920 1605 4991 ὄρεσι
1652 4916 1849 4974 τληπα-

253 5010 459 5070 θοῦντες
509 5011 645 5060 κατὰ
696 5011 754 5060 τὸ
809 5004 901 5060 τοῦ
944 5005 1182 5079 διωγμοῦ
1238 5010 1684 5081 στενοχωρητικόν
1727 5023 1740 5072 ;
1792 5005 1849 5057 οῦ

254 5097 591 5161 στενάξουσιν
620 5113 635 5163 ;
663 5096 755 5149 οὐκ
778 5096 1091 5169 οἰμώξουσιν
1124 5112 1138 5163 ;
1166 5095 1271 5167 οὐχ
1300 5097 1595 5165 ἡγήσονται
1631 5092 1851 5147 παιδιὰν

328 5296 376 5330 ⁸⁸
403 5294 448 5349 ll
476 5294 606 5349 Cor.
644 5298 720 5361 vi,
750 5293 832 5349 14.
911 5295 959 5330 ⁴⁷
988 5299 1033 5351 II
1063 5293 1268 5352 Thess.
1308 5310 1388 5359 ιιι,
1419 5298 1474 5350 6.

1954 4394 2091 4450 gere
2120 4379 2166 4414 ⁴⁸
2197 4394 2210 4444 ;
2244 4384 2298 4433 et
2338 4393 2447 4446 ego
2479 4377 2761 4447 recipiam
2794 4392 2937 4442 vos;
2969 4393 3071 4431 eos
3104 4376 3376 4433 videlicet
3406 4377 3509 4449 qui
3541 4392 3603 4433 se

1953 4469 2069 4523 hoc
2096 4466 2277 4522 modo
2304 4464 2672 4530 subtrahunt,
2691 4471 2746 4520 et
2784 4465 3220 4521 confessionem
3254 4465 3460 4521 Christi
3483 4481 3604 4521 non

1956 4555 2349 4612 confundunt.
2368 4554 2514 4619 Quid
2533 4553 2689 4607 enim
2704 4553 2921 4619 dicent,
2950 4553 3458 4619 reverendissime,
3478 4560 3605 4610 tum

1956 4647 2224 4701 vicorum
2258 4643 2634 4716 praepositus,
2669 4648 2793 4698 tum
2825 4649 2879 4698 et
2908 4642 3111 4708 Gulaei,
3140 4658 3279 4697 cum
3311 4642 3439 4698 aliis
3478 4642 3602 4715 qui,

1957 4736 2118 4807 quod
2153 4735 2507 4800 resisterent,
2563 4732 2829 4787 similiter
2861 4732 3054 4787 vexati
3086 4731 3269 4787 modo
3325 4736 3465 4787 sunt
3498 4745 3512 4798 ;
3558 4731 3604 4787 si

1957 4825 2199 4879 videant
2230 4839 2332 4877 vos
2359 4824 2619 4876 veritatis
2677 4821 3010 4893 proditione
3068 4820 3428 4876 monasteria
3475 4821 3608 4876 reti-

1960 4929 2118 4977 nere,
2143 4919 2199 4967 et
2220 4928 2324 4966 nos
2348 4912 2657 4966 vobiscum
2691 4912 2910 4981 pariter
2930 4909 3123 4981 abripi
3153 4907 3181 4964 ?
3220 4909 3372 4974 Quid
3408 4916 3607 4965 autem

1960 5004 1997 5058 ii
2024 5002 2127 5073 qui
2154 5002 2211 5056 in
2238 4999 2543 5055 montibus
2568 5000 2720 5055 dura
2744 5000 3043 5070 patientur
3068 4997 3146 5053 ob
3179 4998 3607 5069 persecutionis

1963 5092 2356 5165 asperitatem
2384 5090 2548 5145 ‘?Non
2572 5089 2904 5159 lugebunt?
2919 5103 3037 5142 non
3056 5086 3346 5159 plangent
3372 5086 3608 5144 ?nonlu

1560 5295 1606 5329 "
1637 5293 1751 5349 Isa.
1774 5308 1866 5358 LII,
1899 5292 1978 5348 Η.

1818 5402 2039 5458 NOTAE.

339 5512 458 5585 (34)
487 5514 549 5569 1n
569 5512 707 5570 cod.
746 5514 885 5582 Reg.
920 5511 1053 5585 ρξγῖ

545 5637 784 5694 ΡΑτιιοι.
825 5634 930 5693 Gn.
971 5635 1172 5695 XCIX.
