4036 6276
486 233 624 292 1451

1768 230 1827 285 S.
1868 227 2236 286 THEODORI
2277 227 2604 284 STUDlT/E

3719 221 3750 276 1
3763 221 3896 276 452

477 357 707 413 dicram
729 358 1160 415 existimabunt
1189 356 1628 414 confessionem
1672 353 1936 412 Christi?
1976 352 2129 420 Quid

2248 357 2343 411 τὴν
2401 351 2676 424 ὁμολογίαν
2709 356 2797 402 τοῦ
2828 357 3062 425 Χριστοῦ
3092 367 3108 420 ς
3141 352 3205 402 Τί
3244 345 3303 402 δε
3347 350 3397 400 οἱ
3443 347 3892 419 ἠγουμενεύσαν-

481 461 623 502 vero
649 445 755 520 qui
778 447 1154 503 monasteriis
1185 452 1362 503 antea
1387 445 1774 515 praefuerunt,
1800 448 1856 499 et
1889 447 2131 515 propter

478 534 768 591 Christum
786 535 1104 592 nobiscum
1127 535 1360 608 expulsi
1377 540 1516 590 sunt
1539 533 1567 589 ‘I
1582 537 1785 590 Nonne
1806 531 2130 588 conﬁrma-

481 622 948 680 buntludicrum
981 625 1273 698 quiddam
1306 639 1438 679 esse
1495 623 1555 678 id
1601 621 1766 694 quod
1813 622 2075 693 patimur
2103 621 2131 676 ?

474 711 674 769 Nolite
701 728 920 776 errare,
957 715 1145 785 inquit
1195 711 1535 784 Apostolus,
1577 713 1731 768 Deus
1769 725 1889 766 non
1915 710 2132 766 irride-

475 802 672 856 tur“.
707 802 919 858 Christi
969 802 1264 858 confessio
1318 801 1634 873 profanata
1691 815 1813 855 non
1867 803 1969 862 est.
2025 798 2133 853 etsi

477 891 752 948 nonnulli
774 891 942 947 aliter
973 893 1187 947 sentire
1215 895 1270 947 et
1301 889 1464 962 loqui
1485 888 2130 954 existimantur.Quare

476 979 526 1033 si
552 978 659 1045 vis,
680 979 892 1036 dilecte
923 979 1118 1045 frater,
1149 980 1466 1036 nobiscum
1521 976 1852 1033 humilibus
1881 976 2129 1042 censeri,

476 1068 690 1124 secede
715 1085 750 1125 a
776 1069 1125 1125 monasterii
1149 1068 1556 1140 possessione,
1592 1067 1744 1122 sicut
1773 1065 2125 1136 promisisti:

475 1157 591 1213 hoc
616 1159 772 1212 enim
805 1164 856 1214 te
887 1159 1201 1214 hortamur
1228 1173 1240 1212 :
1275 1157 1354 1212 ob
1393 1156 1549 1212 hanc
1588 1170 1839 1210 causam
1863 1169 2129 1220 oramus,

481 1249 544 1301 ut
567 1246 720 1302 sicut
756 1246 1023 1315 interius,
1083 1246 1166 1302 ita
1217 1245 1398 1301 etiam
1465 1245 1720 1300 exterius
1792 1244 1871 1298 sis
1936 1243 2134 1298 ortho-

476 1334 688 1401 doxus,
739 1351 986 1392 servans
1036 1335 1361 1408 pretiosam
1407 1335 1675 1390 animam
1732 1338 1914 1397 tuam,
1946 1349 2132 1404 quam

477 1424 851 1496 aequiparare
881 1425 1023 1480 nihil
1047 1431 1236 1496 potest
1261 1440 1469 1480 eorum
1508 1439 1641 1496 quae
1669 1423 1856 1477 oculis
1885 1438 2134 1477 cernun-

477 1518 589 1570 tur.
627 1515 912 1570 Dominus
953 1514 1440 1586 archiepisc0pus
1494 1513 1823 1585 plurimum
1865 1517 1916 1567 te
1936 1513 2134 1566 nobis-

478 1618 617 1659 cum
645 1603 886 1669 salutat,
905 1603 1158 1659 salutem
1187 1608 1351 1659 tuam
1379 1617 1592 1658 amans
1621 1601 1890 1672 impense
1915 1619 1930 1669 ;
1962 1600 2128 1656 item-

479 1707 598 1764 que
627 1693 820 1748 caateri
843 1691 1071 1748 fratres.

802 1818 1036 1874 CXLIV.
1083 1849 1153 1858 —
1201 1816 1504 1874 Theodoro
1539 1816 1818 1886 patricio.

2240 461 2319 502 τες
2345 450 2442 494 τῶν
2489 444 2851 516 μοναστηρίων
2910 435 3185 513 ἆπαρχῆς,
3229 442 3318 490 καὶ
3373 433 3467 490 διὰ
3496 441 3732 510 Χριστόν
3773 431 3886 488 δε·-

2243 527 2522 603 διωγμένοι
2599 533 2692 583 σὺν
2768 531 2950 601 imis;
3031 528 3088 581 ού
3165 530 3702 601 κατασφραγίσονται,
3799 527 3889 586 ὡς

2241 617 2560 692 παιγνιῶδες
2606 639 2657 672 τι
2713 623 3026 691 πασχόντων
3084 619 3230 691 ἡμῶν
3271 633 3286 684 ;
3336 620 3430 676 Μή
3481 615 3883 679 πλανᾶσθε,

2241 714 2397 783 φησὶν
2436 708 2834 777 ὁἈπόστολος,
2875 711 3034 770 Θεὸς
3091 711 3158 760 ού
3211 706 3732 781 μυκτηρίζεται.
3809 702 3885 756 Ἦ

2241 799 2488 871 ὁμολογία
2537 805 2773 873 Χριστοῦ
2804 797 2863 851 ού
2894 802 3194 850 κεκοίνωται
3257 812 3269 826 ·
3317 797 3412 848 κᾶν
3443 813 3578 856 τινες
3636 797 3879 847 οἴωνται

2240 887 2400 948 ἄλλως
2447 895 2645 961 φρονεῖν
2701 891 2792 939 καὶ
2850 886 3036 958 λέγειν.
3091 884 3254 938 Ὠστε
3308 885 3354 937 εἰ
3407 882 3607 957 βούλει,
3661 879 3880 954 ἁδελφε

2241 976 2563 1049 ἠγαπημένε,
2613 975 2723 1049 μεθ’
2775 977 2920 1048 ἡμῶν
2973 983 3073 1028 τῶν
3123 982 3372 1027 ταπεινῶν
3420 973 3695 1044 τετάχθαι,
3733 972 3882 1024 {mo-

2241 1073 2493 1138 χώρησον
2541 1074 2634 1128 τῆς
2682 1073 2917 1138 κατοχῆς
2958 1072 3048 1118 τοῦ
3098 1067 3474 1138 μοναστηρίου,
3530 1063 3702 1124 καθὼς
3770 1067 3878 1115 καὶ

2586 1162 2735 1208 τοῦτο
2782 1157 2881 1229 γὰρ
2934 1159 3023 1207 καὶ
3074 1153 3472 1228 παρακαλοῦμεν
3501 1169 3514 1182 '
3572 1151 3643 1213 εἰς
3697 1159 3879 1204 τοῦτο

2900 1245 2982 1295 ἳνα
3036 1246 3100 1304 ὡς
3149 1246 3205 1296 τὸ
3254 1241 3409 1308 Meg,
3464 1239 3624 1301 οὕτως
3652 1245 3751 1292 καὶ
3809 1244 3876 1292 τό

2242 1156 2483 1227 ὑπέσχου
2517 1170 2531 1185 ⁸

2243 1249 2330 1297 καὶ
2380 1247 2792 1318 προσευχόμεθα
2825 1262 2837 1274 ·

2243 1333 2382 1395 ἐκτὸς
2434 1330 2717 1406 ὀρθόδοξος
2773 1334 3047 1406 ύπάρχης,
3120 1337 3214 1390 τὴν
3287 1337 3463 1404 τιμίαν
3518 1349 3612 1383 σου
3667 1329 3879 1401 ψυχὴν

2247 1424 2450 1489 σώζων,
2495 1424 2558 1483 ἧς
2588 1419 2738 1475 οὐδὲν
2791 1421 3026 1484 ἀντάξιον
3056 1430 3156 1474 τῶν
3212 1423 3507 1495 ὁρωμένων.
3559 1419 3617 1471 Ὀ
3676 1422 3877 1493 κύριος

2245 1512 2660 1584 ἁρχιεπίσκοπος
2737 1515 2830 1563 σὺν
2905 1513 3030 1584 ἡμῖν
3097 1510 3317 1563 πλεῖστα
3347 1511 3733 1584 προσαγορεύει
3788 1527 3873 1572 σε,

2244 1601 2399 1674 φιλῶν
2449 1606 2542 1662 τὴν
2594 1605 2854 1678 σωτηρίαν
2915 1619 3010 1653 σου
3063 1601 3218 1672 ἄγαν,
3269 1603 3384 1652 ἒπεὶ
3435 1603 3526 1652 καὶ
3577 1600 3627 1651 οἱ
3681 1597 3876 1650 λοιποὶ

2167 1707 2211 1762 Β
2249 1687 2483 1763 ἀδελφοί.

2355 1812 2502 1868 PMA'
2533 1813 2671 1884 (35).
2711 1843 2778 1856 —
2808 1808 3123 1889 Θεοδώρῳ
3161 1815 3516 1884 πατρικίῳ.
3553 1809 3745 1883 [ψκα’.]

1751 1923 2070 1974 Consolatur
2101 1923 2156 1972 in
2182 1921 2330 1973 obitu
2369 1923 2575 1973 uxoris.

554 2024 695 2080 Sera
724 2021 903 2078 nimis
932 2021 1183 2095 epistola
1211 2022 1504 2095 :sedquia
1534 2021 1723 2078 serius
1753 2020 2028 2076 nuntium
2065 2019 2142 2074 fe-

479 2112 669 2168 ralem
695 2111 1040 2184 accepimus
1067 2112 1140 2167 de
1174 2111 1510 2167 calamitate
1531 2127 1666 2184 quas
1681 2110 1926 2166 domino
1939 2113 2142 2164 nostro

481 2201 717 2257 accidit.
753 2203 794 2257 Ο
825 2200 1278 2272 gemebundam
1317 2201 1723 2256 narrationem
1752 2199 1765 2254 l
1825 2196 2145 2269 Dereliquit

480 2304 593 2344 nos
639 2288 1053 2344 desiderabilis
1109 2288 1413 2358 domina;
1462 2286 1709 2344 avulsus
1763 2286 1842 2342 ab
1902 2284 2143 2356 egregia

478 2378 736 2448 conjuge
774 2393 789 2441 ς
831 2377 1124 2449 abruptus
1165 2394 1198 2434 a
1228 2377 1477 2432 laudata
1511 2392 1709 2442 carne,
1750 2376 1903 2430 sicut
1942 2390 2140 2429 sermo

481 2482 652 2523 sacer
685 2466 949 2538 loquitur
987 2485 1000 2520 :
1031 2467 1228 2522 Erunt
1261 2466 1378 2522 duo
1404 2467 1466 2521 in
1506 2480 1685 2522 carne
1715 2479 1838 2520 una
1864 2466 1935 2521 ⁵ο.
1969 2463 2141 2529 Quod

483 2556 532 2610 si
559 2555 736 2627 plane
767 2571 908 2610 caro
949 2570 1092 2619 una,
1136 2554 1302 2610 haud
1337 2554 1518 2610 dubie
1568 2553 1870 2625 separatio
1911 2555 2139 2608 tantam

479 2644 722 2716 plagam
753 2644 924 2699 infert
955 2644 1024 2698 iis
1055 2644 1156 2715 qui
1172 2649 1552 2716 separantur,
1573 2646 1862 2715 quantam
1899 2640 2138 2712 gladius

481 2732 677 2801 efﬁcit,
707 2733 1013 2790 hominem
1040 2749 1227 2789 unum
1253 2734 1312 2788 in
1330 2733 1482 2788 duas
1497 2738 1694 2804 partes
1710 2747 1920 2787 secans
1935 2775 1947 2788 .
1970 2737 2138 2786 Acer-

483 2821 559 2877 ba
587 2837 830 2894 prorsus
855 2822 1069 2878 sectio:
1102 2820 1356 2894 ﬂuitque
1380 2821 1835 2893 quodammodo
1853 2822 1929 2876 ab
1947 2819 2135 2876 oculis

483 2911 698 2967 vestris
715 2911 992 2982 sanguis:
1009 2927 1116 2967 nec
1139 2917 1226 2966 est
1252 2910 1554 2980 malagma
1583 2911 1750 2982 quod
1769 2911 2134 2982 imponatur,

481 3014 592 3057 nec
621 2999 810 3056 fascia
839 3016 976 3073 quas
1002 2999 1386 3069 circumliget,
1420 3005 1715 3072 quantum
1735 2999 1808 3054 ad
1825 3014 2004 3071 opem
2031 2998 2138 3053 hu-

485 3105 730 3146 manam
744 3091 972 3146 attinet.
989 3093 1199 3146 Praeter
1213 3105 1398 3161 quam
1414 3089 1580 3160 quod
1594 3104 1730 3161 quae
1743 3088 2135 3158 obiit,conjux

481 3184 607 3236 erat
631 3194 753 3235 non
775 3179 1036 3248 vulgaris
1062 3178 1252 3250 pretii,
1288 3177 1394 3234 sed
1425 3178 1736 3234 laudanda
1755 3177 1927 3233 valde
1953 3183 2009 3233 et
2037 3177 2140 3234 ad-

2326 2016 2535 2094 Βραδύς
2580 2027 2670 2073 τοῦ
2719 2027 2906 2094 καιροῦ
2957 2023 3016 2072 τὸ
3062 2027 3436 2096 γραμματεῖον,
3477 2017 3584 2072 ἀλλ’
3641 2019 3723 2072 ὅτι
3771 2026 3873 2075 καὶ

2257 2106 2482 2181 βράδιον
2559 2109 2956 2182 ἠκουτίσθημεν
3011 2113 3106 2168 τὴν
3179 2110 3498 2162 ἀπευκταίαν
3553 2108 3713 2166 ἀκοὴν
3768 2115 3873 2169 τῆς

2254 2197 2576 2260 ἐπελθούσης
2637 2204 2908 2271 συμφορᾶς
2969 2207 3040 2269 τῷ
3092 2199 3321 2271 ἡμετέρῳ
3370 2195 3624 2271 δεσπότῃ,
3669 2201 3773 2250 Καὶ
3822 2197 3869 2249 ὦ

2252 2296 2347 2350 τῆς
2399 2296 2742 2350 στενακτικῆς
2790 2287 3110 2360 ἀπαγγελίας
3160 2288 3172 2342 i
3224 2286 3585 2342 ’Δπολίλοιπεν
3647 2288 3784 2359 ἡμᾶς
3828 2287 3862 2344 ἠ

2253 2379 2458 2436 ποθητὴ
2510 2381 2669 2452 κυρία
2700 2394 2712 2406 ·
2756 2376 2983 2449 ἐτμήθης
3021 2385 3115 2439 τῆς
3145 2375 3306 2438 καλῆς
3341 2377 3609 2449 ὁμοζύγου
3639 2391 3658 2410 ο
3693 2373 3861 2450 όιπερ-

2249 2467 2417 2540 ῥάγης
2466 2475 2562 2528 τῆς
2591 2465 2962 2538 ἐπαινουμένης
3013 2485 3228 2541 σαρκός,
3274 2462 3404 2541 ᾖπὲρ
3455 2485 3615 2538 φησιν
3653 2466 3678 2518 ὁ
3723 2467 3866 2538 ἱερὸς

2249 2554 2428 2625 λόγος·
2465 2553 2769 2608 Ἔσονται
2798 2557 2858 2608 οἱ
2889 2551 3004 2607 δύο
3035 2555 3125 2618 εἰς
3159 2574 3376 2629 σαρκα
3405 2559 3578 2622 μίαν.
3605 2554 3665 2608 Εἰ
3685 2550 3863 2627 δεμία

2253 2643 2386 2717 σὰρξ
2438 2643 2876 2716 ὁμολογουμένως,
2934 2640 3176 2702 δηλονότι
3214 2645 3241 2696 ὁ
3290 2641 3662 2716 διαχωρισμὸς
3709 2642 3863 2701 τηλι-

2249 2736 2449 2791 καύτην
2512 2737 2608 2791 τὴν
2681 2733 2878 2804 πληγὴν
2931 2734 3104 2791 ἑνίησι
3157 2741 3267 2795 τοίς
3317 2734 3686 2806 χωρισθεῖσιν,
3747 2732 3860 2785 οἷαν

2248 2831 2384 2876 ποιεῖ
2432 2824 2680 2899 μάχαιρα
2727 2827 2989 2894 τίμνουσα
3035 2823 3108 2886 εἰς
3151 2819 3247 2877 δύο
3301 2827 3395 2882 τὴν
3439 2824 3528 2876 ἕνα
3565 2824 3854 2898 ἄνθρωπον.

2249 2913 2486 2984 Ἀλγεινή
2521 2915 2551 2971 ἡ
2583 2916 2714 2985 τομὴ
2767 2910 2838 2984 τῷ
2869 2915 3000 2975 ὄντι,
3039 2917 3129 2964 καὶ
3160 2915 3217 2965 τό
3270 2912 3404 2984 αἷμα
3433 2913 3586 2966 οἱονεὶ
3633 2911 3714 2987 ῥεῖ
3738 2911 3854 2964 κατ’

2249 2999 2546 3074 ὀφθαλμοὺς
2591 3003 2733 3074 ὑμῶν
2765 3016 2780 3032 ⁶
2832 3006 2922 3054 καὶ
2973 3001 3068 3054 οὐκ
3117 3004 3232 3054 ἔστι
3282 3001 3536 3074 μάλαγμα
3581 2999 3840 3067 ἐπιθεῖναι,

2248 3087 2373 3144 οὐδὲ
2446 3088 2834 3163 καταδέσμους,
2895 3093 3017 3144 ὅσον
3081 3089 3136 3154 ἐξ
3191 3090 3512 3165 ἀνθρωπείας
3588 3089 3842 3164 βοηθειας.

2248 3179 2450 3242 ’Ἄλλως
2502 3182 2584 3233 ὅτι
2640 3185 2730 3233 καὶ
2774 3183 2804 3239 ὴ
2859 3178 3214 3249 ἀπολιποῦσα,
3259 3181 3366 3253 οὐχ
3424 3183 3494 3243 ὡς
3543 3183 3703 3252 ἔτυχε
3753 3187 3852 3231 τῶν

481 3268 781 3325 miranda.
816 3269 1077 3325 Primum
1105 3269 1350 3340 quidem
1409 3266 1548 3323 ﬁdei
1593 3267 1872 3338 pietatem
1903 3267 2135 3322 habens

2249 3270 2543 3341 ὁμοζύγων,
2601 3267 2729 3322 ἀλλὰ
2791 3273 2881 3322 καὶ
2954 3269 3069 3322 λίαν
3123 3270 3362 3328 ἐπαινετὴ
3419 3274 3510 3323 καὶ
3563 3271 3854 3341 θαυμασία.

477 3356 738 3424 ﬁrmam,
763 3358 992 3429 virique
1007 3373 1301 3424 amorem,
1316 3357 1364 3412 si
1387 3372 1522 3429 quae
1537 3355 1651 3412 alia
1675 3378 1686 3410 :
1705 3355 1870 3428 quod
1891 3361 2136 3411 sanctus

479 3447 796 3518 Apostolus
826 3451 964 3502 ante
985 3447 1192 3502 omnia
1221 3446 1466 3518 requirit
1496 3446 1554 3500 in
1582 3445 1881 3516 conjugiis
1907 3447 1974 3498 ⁵³.
1996 3444 2138 3499 lude

481 3540 538 3592 et
567 3551 676 3607 pro
706 3535 814 3591 viri
830 3536 1024 3608 capite
1056 3550 1262 3607 preces
1289 3535 1474 3606 ipsius
1500 3539 1556 3590 et
1583 3535 1883 3590 orationes
1917 3533 2139 3589 clamo-

481 3640 717 3696 resque,
755 3632 809 3680 et
838 3625 1162 3680 assiduitas
1189 3624 1353 3696 apud
1395 3624 1622 3690 Deum;
1660 3640 1800 3679 cum
1847 3628 2140 3679 nocturna

482 3715 692 3770 itinera
716 3714 891 3770 nudis
923 3713 1180 3786 pedibus
1209 3713 1380 3768 iniret
1405 3713 1583 3769 beata
1611 3712 1837 3776 mulier,
1886 3715 1948 3768 ut
1990 3714 2136 3768 Deus

487 3803 576 3859 his
598 3804 775 3859 rebus
787 3803 865 3859 ad
882 3803 1350 3858 misericordiam
1372 3803 1726 3858 ﬂecteretur.
1757 3802 1904 3867 Quid
1935 3808 2137 3857 autem

483 3909 627 3949 cura
657 3891 874 3948 domus
894 3892 921 3947 ?
945 3892 1091 3964 quid
1121 3892 1446 3947 liberorum
1475 3891 1751 3946 educatio
1775 3890 1804 3945 ‘i
1829 3891 1974 3962 quid
1998 3907 2138 3962 pro-

485 3983 659 4038 tectio
690 3997 1000 4037 servorum
1031 3980 1059 4034 ?
1091 3997 1326 4037 morum
1350 3980 1600 4048 candor,
1655 3984 1714 4035 et
1742 3981 1935 4051 gratia
1975 3980 2137 4052 apud

486 4071 712 4127 amicos
733 4071 760 4126 ?
775 4072 1004 4141 generis
1018 4069 1398 4126 conciliatio?
1417 4069 1580 4126 nulla
1607 4069 1895 4124 adversus
1911 4069 2137 4124 honore

483 4175 658 4232 pares
685 4159 912 4215 invidia
935 4160 963 4216 7
984 4159 1043 4214 in
1067 4159 1243 4214 rebus
1261 4164 1463 4214 autem
1492 4158 1775 4214 omnibus
1789 4158 2053 4228 gravitas
2082 4161 2140 4213 et

487 4250 781 4304 modestia
807 4248 983 4321 ?quaa
1004 4263 1107 4320 pro
1121 4247 1448 4303 monilibus
1461 4247 1682 4314 aureis,
1698 4246 2135 4318 ordinibusque

485 4338 968 4408 margaritarum,
1001 4337 1340 4392 etvestibus
1354 4337 1626 4407 pretiosis
1654 4335 2134 4392 laudatissimam

482 4425 770 4484 feminam
800 4442 1006 4482 revera
1030 4427 1345 4490 ornabant,
1385 4431 1442 4480 et
1482 4426 1650 4480 domi
1685 4429 2050 4486 manentem,
2081 4431 2136 4479 et

482 4515 644 4572 foras
677 4515 1124 4588 procedentem,
1153 4521 1207 4570 et
1232 4515 1444 4570 cumin
1475 4515 1646 4585 regiis
1671 4514 1904 4585 palatiis
1937 4528 2139 4569 cerne-

480 4606 958 4662 batur.Attamen
972 4605 1243 4660 abierunt
1258 4602 1889 4675 hiecomnia,factique
1904 4619 2135 4670 sumus,

488 4699 550 4751 ut
579 4711 649 4749 ex
682 4694 1010 4749 vehementi
1028 4691 1243 4749 affectu
1262 4692 1844 4766 loquar,semineces
1863 4697 1920 4747 et
1961 4692 2136 4748 abru-

489 4784 570 4856 pti
605 4783 736 4848 ;vel
763 4788 822 4838 ut
847 4799 982 4838 cuin
1015 4782 1265 4853 psalmis
1289 4783 1484 4853 potius
1517 4782 1908 4845 dicam,sicut
1937 4781 2136 4850 nycti-

487 4887 674 4929 corax
708 4872 773 4927 in
804 4872 1187 4937 domicilio,et
1212 4873 1366 4928 sicut
1395 4886 1602 4940 passer
1625 4870 1932 4926 solitarius
1960 4870 2024 4925 in
2053 4877 2134 4926 te-

486 4968 578 5017 cto
596 4962 657 5027 5’,
681 4961 932 5016 domum
949 4961 1382 5032 conspicientes
1396 4959 1648 5032 praeside
1665 4976 1776 5014 sua
1789 4960 2135 5016 destitutam

487 5055 666 5121 atque
696 5051 755 5104 in
781 5050 968 5106 oculis
996 5049 1200 5105 vestris
1232 5049 1470 5112 liberos,
1507 5047 1611 5119 qui
1631 5065 1732 5102 vos
1763 5048 2137 5120 amplectun-

489 5143 582 5195 tur
606 5144 662 5194 et
680 5155 836 5211 quos
869 5137 1321 5212 amplectimini,
1352 5152 1471 5192 non
1494 5135 1784 5192 habentes
1807 5137 1909 5192 ubi
1925 5153 2134 5194 eorum

571 5285 618 5318 ιθ
650 5282 839 5339 Galat.
879 5299 953 5352 v1,
985 5289 1038 5338 7.
1116 5283 1164 5318 ⁵ο
1193 5283 1332 5337 Gen.
1359 5295 1421 5350 ιι,
1450 5281 1538 5335 24.
1616 5281 1660 5315 ⁶¹
1696 5279 1800 5335 Tit.
1830 5297 1888 5346 ιι,
1919 5279 1972 5337 4.

2250 3365 2458 3433 Πρῶτον
2483 3361 2572 3431 μεν
2605 3355 2692 3410 οὖν
2741 3359 2948 3430 ἔχουσα
2977 3362 3033 3411 τὸ
3065 3357 3271 3422 εὐσεϐὲς
3302 3366 3364 3418 τῆ
3375 3379 3398 3420 ς
3447 3362 3672 3419 πίστεως
3713 3357 3858 3411 ἀκλι-

2246 3449 2347 3511 νὶς,
2379 3451 2437 3499 τό
2487 3443 2786 3522 φίλανδρον,
2819 3447 2864 3500 εἰ
2892 3452 2982 3500 καί
3012 3467 3092 3511 τις
3131 3447 3259 3506 ἄλλη
3297 3468 3309 3482 ·
3369 3449 3491 3521 ὅπερ
3525 3447 3738 3502 ἀπαιτεῖ
3759 3450 3861 3523 πρὸ

2248 3537 2450 3589 πάντων
2506 3536 2556 3588 ἐν
2613 3543 2729 3598 ταῖς
2781 3537 3066 3609 συζυγίαις
3120 3539 3146 3590 ὁ
3203 3540 3337 3610 ἱερὸς
3391 3536 3720 3598 Ἀπὸστολος.
3774 3536 3863 3600 Ἐξ

2248 3626 2309 3678 οὗ
2337 3631 2426 3679 καὶ
2474 3627 2600 3700 ὑπὲρ
2645 3633 2742 3689 τῆς
2793 3627 3014 3699 κεφαλῆς
3044 3624 3255 3689 δεήσεις
3290 3646 3343 3680 τε
3394 3631 3484 3680 καὶ
3533 3631 3857 3702 προσευχαὶ,

2249 3711 2461 3787 βοήσεις
2489 3734 2543 3768 ιε
2593 3720 2683 3768 καὶ
2734 3712 3052 3790 προσεδρίαι
3097 3724 3231 3787 Θεῷ,
3276 3712 3721 3789 γυμνοποδούσης
3767 3723 3860 3776 τῆς

2249 3809 2508 3878 μακαρίας
2582 3803 2632 3856 ἐν
2705 3813 2821 3868 ταῖς
2895 3811 3283 3878 νυκτοπορίαις,
3337 3809 3402 3867 ὡς
3451 3804 3512 3858 ἂν
3585 3807 3858 3859 κάντεῦθεν

2248 3895 2540 3965 κάμπτοιτο
2591 3897 2721 3969 πρὸς
2769 3895 2906 3947 ἔλεον
2968 3901 3117 3957 Θεός.
3164 3899 3229 3948 Τί
3281 3891 3340 3948 δε
3387 3898 3445 3948 τὸ
3497 3894 3733 3970 οἰκουρόν
3763 3910 3777 3957 ;
3806 3899 3858 3947 τί

2250 3978 2309 4035 δὲ
2366 3987 2423 4036 τὸ
2499 3988 2823 4058 τεκνοτρεφές
2866 4001 2880 4050 ;
2930 3989 2984 4036 τί
3042 3981 3102 4037 δε
3157 3988 3216 4036 τὸ
3269 3987 3400 4060 πρὸς
3454 3987 3577 4048 τοὺς
3637 3981 3858 4046 δούλους

2248 4077 2638 4146 περιποιητικόν
2680 4078 2781 4140 ;τό
2831 4092 2886 4126 τε
2943 4073 3138 4126 ἁπλοῦν
3187 4081 3278 4126 τοῦ
3324 4075 3501 4140 ἤθους,
3557 4077 3645 4126 καὶ
3673 4077 3855 4147 χαρίεν

2247 4166 2372 4236 πρὸς
2448 4167 2564 4225 τοὺς
2638 4163 2816 4235 φίλους
2868 4179 2882 4229 ;
2936 4168 3026 4215 καὶ
3103 4167 3422 4216 πναπτικόν
3479 4169 3572 4216 τοῦ
3619 4167 3852 4236 γένουςς

2246 4248 2466 4318 ἄφθονόν
2509 4267 2562 4300 τε
2617 4251 2749 4320 πρὸς
2793 4251 2886 4310 τὰς
2937 4247 3226 4314 ἰσοκλεείςς
3279 4253 3370 4301 καὶ
3426 4251 3484 4301 τὸ
3513 4252 3634 4321 περὶ
3694 4251 3856 4300 πάντα

2250 4339 2596 4410 σεμνοπρεπές
2637 4355 2689 4389 τε
2741 4340 2836 4388 καὶ
2881 4341 3149 4408 κόσμιον;
3204 4335 3334 4410 οἷπερ
3385 4337 3511 4412 ύπὶρ
3565 4334 3852 4408 ἑμπλοκίων

2246 4429 2489 4496 χρυσίων
2541 4429 2632 4478 καὶ
2687 4421 3094 4498 διακοσμήσεσιν
3143 4433 3500 4499 μαργαριτῶν,
3548 4429 3640 4478 καὶ
3696 4426 3856 4484 ἐσθήσ-

2245 4533 2343 4567 των
2395 4514 2704 4580 πολυτελῶν,
2767 4511 3040 4588 διεκόσμει
3079 4519 3237 4579 ὄντως
3280 4519 3375 4575 τὴν
3431 4511 3675 4588 ἀοίδιμον
3723 4512 3852 4568 ἐκεί-

2245 4622 2356 4667 νην,
2408 4608 2498 4656 καὶ
2549 4606 2684 4657 οἶκοι
2739 4608 3020 4676 μένουσαν,
3079 4609 3170 4658 καὶ
3216 4600 3480 4680 προόδους
3519 4607 3852 4676 ποιουμένην,

2246 4698 2334 4744 καὶ
2371 4695 2418 4744 ἓν
2450 4689 2735 4765 βασιλείοις
2766 4693 2944 4755 αὐλαῖς
2998 4695 3282 4767 ὁρωμένην.
3338 4692 3473 4748 Ἀλλ’
3527 4694 3668 4766 ὅμως
3715 4695 3855 4765 οἶχε·

2245 4801 2334 4834 ται
2381 4789 2550 4834 ταῦτα
2577 4784 2769 4850 πάντα,
2828 4789 2919 4836 καὶ
2966 4783 3261 4857 ἐγενόμεθα,
3317 4783 3621 4856 περιπαθῶς
3676 4781 3848 4852 εἰπεῖν,

2245 4872 2481 4942 ἡμιθνιῖς
2509 4876 2599 4924 καὶ
2625 4870 2976 4947 ἀπερῥωγότες
2999 4892 3013 4905 ο
3045 4872 3235 4946 μᾶλλον
3267 4869 3346 4938 δε,
3372 4870 3650 4944 ψαλμικῶς
3674 4869 3847 4937 εἰπεῖν,

2247 4961 2397 5012 ὡσεὶ
2437 4960 2840 5034 νυκτικόραξ
2892 4963 2950 5013 ἐν
2981 4958 3326 5034 οἰκοπίδῳ,
3364 4963 3444 5022 ὡς
3503 4962 3851 5035 στρουθίον

2245 5049 2531 5120 μονάζον
2570 5052 2673 5103 ἐπὶ
2733 5047 2988 5124 δώματι
3021 5068 3034 5082 ο
3072 5053 3290 5126 ὁρῶντες
3326 5054 3420 5110 τὴν
3470 5050 3638 5103 οἰκίαν
3665 5052 3849 5124 ἔρημον

2245 5146 2336 5198 τῆς
2388 5141 2793 5213 προστατούσης
2848 5156 2862 5170 '
2920 5142 2986 5194 τὰ
3038 5145 3193 5195 τέκνα
3238 5141 3339 5214 πρὸ
3391 5137 3667 5212 ὀφθαλμῶν
3712 5138 3850 5211 ὑμῶν

2050 5281 2097 5317 ⁵³
2124 5280 2269 5336 Psal.
2299 5297 2369 5347 cr,
2391 5281 2446 5336 7.

2073 5390 2115 5442 Ν
2122 5388 2296 5443 ΟΤᾸΒ.

568 5495 690 5568 (35)
719 5495 784 5552 In
818 5493 956 5550 cod.
988 5495 1128 5563 Reg.
1162 5491 1286 5566 ρξε’.
