4036 6276
250 286 391 344 1453

249 412 657 486 περικυκλοῦντα
703 416 793 465 καὶ
832 412 1295 486 περικυκλούμενα,
1345 413 1439 465 οὐκ
1496 416 1689 484 ἔχοντα
1747 421 1846 467 ποῦ
1882 417 1925 469 Α

252 501 539 576 ἀπερείσειε
600 506 695 565 τὰς
749 510 957 577 χεῖρας,
1011 505 1121 556 ὅθεν
1173 503 1374 556 λάϐοιεν
1422 508 1674 579 μητρικόν
1721 524 1852 557 ποπ-

246 596 476 663 πυσμὸν,
544 594 871 665 γαλουχικὸν
937 592 1286 665 ἐμψύχωμα·
1348 597 1531 663 στεγνὴ
1593 595 1623 651 ἡ
1681 594 1849 661 ἑστία,

249 680 405 734 οἱονεὶ
437 681 588 739 ἡλίου
622 682 783 741 αὐτὴν
827 679 1167 742 ἀπολιπόντος
1199 701 1212 714 ·
1247 678 1455 734 κελαδεί
1484 678 1542 734 δὲ
1593 679 1765 745 οὐδεὶς
1806 686 1853 735 ἓν

250 788 305 822 τε
334 777 445 832 τοῖς
490 775 590 824 ὠσὶ
647 778 744 824 σοῦ
795 790 849 823 τε
901 776 991 824 καὶ
1020 780 1118 823 τῶν
1166 775 1350 823 τέκνων
1392 775 1481 823 καὶ
1511 774 1712 824 πάντων
1757 781 1853 823 τῶν

247 859 592 932 ὑποχειρίων,
638 858 881 920 ἀπούσης
932 859 1123 920 ἐκείνης
1176 868 1269 921 τῆς
1318 864 1475 922 ὅντως
1504 860 1849 932 καλλοφώνου,

246 953 337 1000 καὶ
362 952 656 1023 τερπούσης
686 953 805 1011 τοὺς
852 948 1125 1011 ἕπαίοντας
1177 956 1239 1022 τῇ
1284 952 1353 1010 ὡς
1391 950 1599 1011 ἀληθῶς
1648 949 1855 1022 ἐμμελεῖ

249 1032 474 1101 διαλέξει
504 1057 558 1091 τε
608 1043 698 1091 καὶ
738 1040 1046 1097 ὑπαντήσει.
1081 1038 1298 1091 Ἐλεεινὰ
1343 1046 1509 1092 ταῦτα
1538 1043 1712 1109 ὅντως,
1747 1043 1836 1090 καὶ

250 1130 581 1194 στενακτικὰ,
632 1133 720 1181 καὶ
783 1130 1251 1201 τροπολογοῦμενα,
1319 1134 1409 1180 καὶ
1464 1126 1829 1200 ὃιανοούμενα,

321 1216 477 1269 Ἀλλὰ
534 1221 583 1269 τί
614 1219 875 1291 πάθωμεν,
936 1215 975 1268 ὦ
1017 1214 1294 1285 dicit-orat;
1345 1224 1477 1270 Θεοῦ
1529 1218 1850 1291 πρόσταγμά

241 1308 378 1371 ἔστι,
423 1304 612 1378 μᾶλλον
661 1303 721 1359 δέ
776 1305 1065 1378 ἀπόφασις,
1112 1303 1205 1358 διὰ
1234 1314 1325 1358 τοῦ
1353 1308 1484 1359 θείον
1519 1303 1684 1359 Δαυὶδ
1712 1303 1842 1377 ᾄδο-

253 1415 344 1468 μεν
380 1394 545 1447 Ὀὐκ
586 1397 762 1447 ἔστιν
806 1395 1141 1469 ἄνθρωπος
1170 1396 1231 1457 ὃς
1273 1395 1546 1456 ζήσεται
1584 1401 1691 1447 καὶ
1732 1396 1847 1447 οὐκ

246 1483 476 1555 ὄψεται
522 1486 814 1538 θάνατον.
859 1485 1010 1537 Οὕτω
1036 1491 1133 1546 πᾶς
1164 1505 1243 1546 τις
1268 1484 1368 1537 ἀπὸ
1395 1481 1572 1556 Ἀδάμ
1602 1493 1693 1536 τοῦ
1723 1504 1846 1558 προ-

246 1575 472 1647 πάτορος
552 1576 699 1645 ἡμῶν
752 1577 915 1647 μέχρι
992 1581 1084 1626 τοῦ
1143 1571 1296 1649 δεῦρο
1354 1573 1593 1626 εἰσελθών
1643 1574 1709 1633 εἰς
1757 1577 1843 1626 τόν

244 1667 441 1734 κόσμον
507 1659 600 1714 δ’ιὰ
650 1668 953 1734 γεννήσεως,
1004 1663 1157 1715 πάλιν
1218 1664 1377 1727 ἔξεισι
1430 1659 1503 1715 δι’
1553 1663 1843 1726 ἀναλύσεως

245 1752 315 1812 εἰς
360 1756 446 1804 τόν
478 1750 644 1805 ἐκεῖσε
696 1757 892 1824 κόσμον
917 1752 1236 1827 ὑψηλότερόν
1294 1772 1345 1805 τε
1392 1759 1481 1805 καὶ
1542 1750 1840 1805 θεοιὸέστε-
1884 1777 1928 1833 Β

245 1845 725 1915 ρον.Σπείρεται
752 1844 893 1917 γὰρ,
946 1845 1205 1914 φησὶν,ἑν
1246 1843 1465 1913 φθορᾷ,
1520 1843 1843 1914 ἐγείρεται

244 1927 304 1981 ἓν
346 1927 680 2002 ἀφθαρσίᾳ
708 1952 719 1962 ·
757 1936 1097 2005 σπείρεται
1136 1932 1193 1982 ἐν
1235 1929 1481 2002 ἀτιμίᾳ,
1518 1933 1832 2003 ἐγείρεται

244 2020 302 2070 ἓν
344 2015 536 2091 δόξῃ·
600 2024 941 2094 σπείρεται
980 2019 1036 2072 ἐν
1078 2019 1364 2092 ἁσθενεᾳ,
1408 2019 1731 2091 ἐγείρεται
1767 2023 1821 2071 ἔν

246 2104 551 2179 δυνάμει·
585 2113 930 2183 σπείρεται
966 2118 1145 2181 σῶμα
1181 2108 1839 2180 ψυχικὸν,ἒγείρεται

247 2204 427 2269 σῶμα
470 2202 924 2268 πνευματικόν.
970 2198 1260 2269 Ἰσάγγελοι
1310 2200 1411 2273 γὰρ
1460 2199 1705 2269 ἐσόμεθα,
1754 2202 1842 2250 καὶ

242 2287 349 2338 υἱοὶ
378 2295 474 2348 τῆς
499 2285 851 2353 ἀναστάσεως,
894 2294 985 2339 τοῦ
1017 2290 1205 2345 θνητοῦ
1235 2289 1333 2339 ὑπό
1374 2295 1468 2347 τῆς
1499 2287 1637 2348 ζωῆς
1673 2293 1844 2339 κατα-

243 2377 505 2440 ποθέντος.
528 2375 705 2449 Ὀρᾲς,
730 2375 769 2427 ὦ
796 2374 1052 2442 δέσποτα,
1083 2378 1163 2429 ὅτι
1184 2377 1228 2429 εἰ
1250 2382 1339 2429 καὶ
1360 2376 1689 2429 ἀπολέλοιπεν
1706 2380 1844 2447 ἡμᾶς

245 2466 275 2522 ἡ
322 2469 499 2538 κυρία,
555 2464 660 2517 ἀλλ’
713 2465 787 2528 εἰς
834 2473 936 2537 φῶς
980 2464 1272 2529 ἐξελήλυθεν
1321 2465 1423 2517 ἀπὸ
1480 2472 1718 2531 σκότους,
1752 2472 1841 2520 καὶ

244 2558 344 2606 από
395 2558 534 2617 ζωῆς
590 2553 841 2628 ἐπικήρου
891 2555 961 2616 εἰς
993 2555 1243 2608 ἀθάνατον
1282 2554 1428 2617 λῆξιν
1470 2575 1483 2624 ;
1525 2553 1626 2607 ἐκεῖ
1676 2554 1838 2614 αὐτὴν

243 2641 359 2713 ὄψει
412 2646 598 2716 μικρὸν
648 2643 883 2717 ὕστερον,
940 2643 1259 2716 μεταϐαίνων
1306 2649 1396 2697 καὶ
1464 2643 1634 2704 αὐτός.
1679 2642 1842 2697 ’Ὡστέ

241 2736 323 2804 μὴ
391 2731 737 2804 λυπώμιθα
796 2736 1003 2794 καθὼς
1066 2738 1173 2786 καὶ
1230 2736 1288 2786 οἱ
1350 2733 1568 2785 λοιποὶ
1626 2736 1682 2785 οἰ
1744 2740 1822 2805 μὴ

239 2822 501 2892 ἔχοντες
540 2818 802 2874 ἐλπίδα·
836 2821 1128 2885 ἐλπίζοντες
1148 2830 1208 2895 τῇ
1246 2821 1839 2895 ἁναστάσειβελτιωθῆ-

239 2929 324 2961 ναι
350 2908 421 2970 εἰς
450 2909 689 2982 ἀπήμονα
718 2910 878 2971 ζωήν.
926 2912 1010 2973 Εἰς
1060 2911 1274 2974 ἑαυτοὺς
1308 2911 1367 2964 δὲ
1394 2912 1604 2983 μᾶλλον,
1638 2913 1837 2984 ὑπομι-

238 3003 478 3071 μνήσκω,
510 3002 790 3071 γενώμεθα,
814 3005 904 3053 καὶ
932 3008 1024 3061 τῆς
1050 3001 1214 3062 οἰκίας
1236 3001 1594 3073 ἀντεχώμεθα,
1619 3006 1708 3052 καὶ
1736 3009 1836 3053 τῶν

236 3083 443 3140 παίδων
497 3094 867 3161 φροντίσωμεν,
927 3095 1015 3143 καὶ
1072 3094 1173 3166 πρό
1229 3110 1288 3161 γε
1337 3092 1557 3155 πάντων,
1613 3098 1707 3150 τῆς
1760 3090 1834 3142 oi-

234 3181 380 3237 κτίσις
450 3182 630 3249 τιμίας
690 3178 899 3251 ψυχῆς,
957 3179 1071 3232 κατ’
1123 3180 1320 3238 ἐκείνην
1395 3184 1488 3238 τὴν
1546 3183 1835 3252 μακαρίαν,

236 3262 445 3339 ἀρεταῖς
471 3269 841 3339 κοσμούμενοι,
894 3273 982 3321 καὶ
1038 3271 1207 3341 τούτῳ
1260 3273 1558 3342 χαίροντες,
1594 3269 1672 3320 ὅτι
1705 3287 1841 3341 παρ-

234 3352 534 3427 επέμψαμεν
591 3355 851 3429 ὀμόζυγον
912 3353 1118 3409 ἱκέτιδα
1177 3360 1308 3431 πρὸς
1351 3359 1501 3421 Θεὸν,
1562 3360 1652 3408 καὶ
1711 3357 1835 3408 ὑπό-

236 3439 432 3515 δειγμα
480 3443 638 3497 καλοῦ
687 3444 830 3517 βίου,
890 3447 1235 3518 ἐπαφήσασαν
1275 3447 1400 3519 ἡμῖν
1452 3465 1506 3499 τε
1551 3450 1640 3498 καὶ
1699 3450 1832 3498 πᾶσι

232 3537 338 3593 τοῖς
365 3537 671 3606 γνωρίμοις.
852 3544 860 3549 “

231 3647 379 3704 ΡΜΕ’
408 3650 545 3723 (36).
577 3681 647 3692 -
675 3656 756 3724 Τῇ
797 3657 1325 3727 Τουρμαρχίσσῃ
1367 3661 1481 3715 τῆς
1514 3650 1832 3715 Ἑλλάδος,

932 3740 1136 3816 [ψκβη

1537 288 2046 345 EPISTOLARUM
2098 289 2229 345 LIB.
2279 287 2340 342 ll.

3473 290 3614 346 1454

1964 430 2175 470 manus
2193 414 2541 480 innitantur,
2568 415 2726 470 unde
2743 416 2949 471 matris
2963 415 3189 487 oscula,
3212 415 3467 472 lacteum
3492 416 3623 473 vita

1960 504 2412 575 inspirationem
2430 504 2725 560 hauriant.
2755 507 2960 560 Maesta
2982 505 3218 575 domus,
3239 510 3504 577 utquam
3528 505 3618 562 sol

1960 593 2285 649 deseruerit
2318 610 2330 649 :
2367 610 2473 648 nec
2508 593 2660 649 ullus
2690 609 2840 649 sono
2873 594 3093 649 mulcet
3120 599 3249 650 tuas
3278 599 3379 650 aut
3409 595 3621 652 libero-

1960 699 2093 738 rum
2111 683 2484 738 subditorum
2497 698 2563 737 ve
2574 684 2845 739 omnium
2862 699 3054 747 aures,
3074 682 3318 739 absente
3335 684 3434 741 illa
3450 685 3621 755 cujus

1962 787 2075 826 vox
2112 788 2248 826 vere
2296 772 2603 842 praeclara,
2642 776 2698 827 et
2746 788 2881 845 quia
2930 772 3237 828 audientes
3281 772 3620 830 oblectabat

1962 861 2256 915 concinno
2304 876 2552 932 prorsus
2591 860 2828 933 eloquio
2862 866 2916 916 et
2947 876 3228 917 occursu.
3280 862 3614 919 Miseranda

1961 951 2208 1005 omnino
2228 949 2356 1005 haec
2386 950 2612 1017 omnia,
2645 957 2700 1005 et
2730 949 3200 1021 ingemiscenda,
3233 967 3340 1007 seu
3360 950 3613 1022 ﬁgurate

1960 1037 2259 1105 dicantur,
2291 1055 2397 1094 seu
2427 1039 2783 1108 cogitentur.

2034 1216 2145 1272 Sed
2171 1217 2314 1289 quid
2346 1217 2604 1287 agimus,
2637 1216 2882 1272 domine
2912 1216 2940 1271 ?
2973 1218 3068 1272 Dei
3110 1223 3196 1272 est
3225 1221 3615 1290 praeceptum,

1961 1311 2063 1361 aut
2104 1306 2299 1376 potius
2345 1307 2658 1371 sententia,
2695 1322 2798 1377 per
2836 1306 3107 1362 divinum
3142 1323 3385 1379 quoque
3426 1307 3613 1364 David

1959 1393 2277 1450 decantata
2305 1412 2317 1449 :
2351 1396 2482 1450 Non
2509 1399 2595 1450 est
2624 1396 2794 1451 homo
2825 1398 2929 1466 qui
2954 1396 3124 1463 vivet,
3157 1400 3210 1451 et
3250 1412 3369 1453 non
3400 1396 3616 1453 videbit

1958 1484 2281 1538 mortem”.
2324 1484 2416 1538 Sic
2466 1485 2812 1556 quicunque
2873 1484 2949 1539 ab
2994 1484 3185 1539 Adam
3242 1486 3620 1556 progenitore

1959 1577 2161 1627 nostro
2189 1573 2265 1627 ad
2295 1573 2451 1627 hanc
2472 1589 2660 1644 usque
2682 1572 2863 1638 diem,
2897 1574 3207 1628 nascendo
3234 1574 3293 1629 in
3319 1575 3614 1629 mundum

1958 1659 2305 1730 ingreditur,
2322 1677 2526 1715 rursus
2551 1676 2654 1733 per
2675 1663 2976 1717 interitum
2997 1663 3288 1732 migratin
3314 1666 3613 1719 mundum

1960 1748 2121 1803 illum
2147 1755 2201 1805 et
2227 1749 2638 1804 sublimiorem
2666 1754 2722 1805 et
2746 1752 3240 1821 praestantiorem.
3274 1751 3618 1808 Seminatur

1959 1837 2132 1902 enim,
2163 1838 2261 1903 ait,
2290 1838 2352 1893 in
2380 1838 2779 1909 corruptione,
2808 1841 3001 1910 surgit
3023 1840 3087 1895 in
3118 1840 3574 1910 incorruptione
3595 1859 3616 1898 :

1958 1929 2287 1983 seminatur
2307 1929 2366 1982 in
2383 1927 2778 1997 ignobilitate,
2803 1930 2997 1999 surgit
3021 1928 3082 1984 in
3104 1929 3342 2000 gloria:
3369 1932 3620 1988 semina-

1958 2022 2059 2070 tur
2080 2031 2293 2086 corpus
2315 2018 2598 2082 animule,
2622 2017 2813 2087 surgit
2841 2033 3056 2087 corpus
3083 2018 3397 2089 spirituate
3413 2021 3480 2073 ⁵⁸.
3507 2019 3617 2076 Pa-

1955 2121 2047 2161 res
2097 2106 2256 2160 enim
2306 2106 2538 2173 angelis
2599 2106 2841 2171 erimus,
2894 2112 2950 2162 et
2993 2107 3091 2161 ﬁlii
3148 2108 3615 2174 resurrectionis,

1955 2210 2094 2249 cum
2135 2195 2383 2251 mortale
2419 2195 2533 2250 hoc
2569 2194 2922 2267 absorptum
2954 2195 3131 2251 fuerit
3161 2214 3195 2252 a
3230 2197 3367 2253 vita.
3412 2197 3609 2268 Vides,

1955 2284 2219 2349 domine,
2263 2284 2427 2355 quod
2459 2284 2567 2339 etsi
2598 2284 2834 2356 reliquit
2874 2301 2984 2339 nos
3015 2285 3283 2351 domina,
3327 2286 3390 2341 in
3422 2286 3616 2343 lucem

1956 2376 2155 2427 tamen
2188 2371 2330 2427 abiit
2370 2389 2439 2427 ex
2474 2372 2751 2439 tenebris,
2782 2380 2836 2428 et
2863 2389 2932 2430 ex
2961 2374 3080 2429 vita
3114 2374 3348 2430 mortali
3379 2375 3456 2430 ad
3496 2391 3618 2432 sor-

1954 2465 2070 2516 tem
2090 2460 2535 2519 immortalem?
2555 2462 2638 2518 Ibi
2661 2462 2820 2519 illam
2842 2463 3235 2535 postmodum
3258 2464 3614 2536 conspicias,

1953 2550 2254 2619 emigrans
2276 2556 2331 2606 et
2352 2550 2499 2622 ipse.
2530 2553 2722 2617 Quare
2752 2569 2872 2608 non
2895 2552 3315 2609 contristemur
3330 2554 3481 2609 sicut
3508 2569 3613 2611 cz-

1953 2639 2065 2694 teri
2102 2639 2205 2710 qui
2242 2654 2400 2705 spem
2452 2657 2571 2695 non
2614 2641 2926 2707 habent";
2961 2658 3099 2696 cum
3150 2658 3463 2714 speremus
3508 2659 3617 2715 per

1950 2728 2465 2794 resurrectionem,
2490 2745 2600 2784 nos
2631 2729 2690 2784 in
2726 2730 3033 2785 meliorem
3064 2734 3288 2786 statum
3316 2732 3617 2801 migratu-

1950 2834 2048 2873 ros
2081 2817 2212 2873 vitae
2242 2818 2415 2873 nullis
2435 2818 2607 2873 malis
2638 2819 2937 2875 obnoxiae.
2965 2820 3114 2886 Quin
3143 2820 3222 2877 ad
3249 2837 3358 2875 nos
3389 2823 3610 2894 potius,

1952 2907 2198 2973 suadeo,
2216 2908 2528 2963 redeamus
2543 2950 2553 2973 ,
2567 2908 2886 2964 etdomum
2907 2915 3201 2975 tueamur,
3219 2909 3614 2967 etliberorum

1950 3012 2158 3052 curam
2190 3012 2491 3066 geramus,
2524 3001 2582 3051 et
2615 3013 2735 3068 prae
2764 2997 3047 3052 omnibus
3078 2998 3353 3068 pretiosas
3394 3000 3613 3057 animm

1951 3085 2232 3157 propriae,
2266 3085 2603 3150 virtutibus,
2637 3086 2715 3140 ad
2754 3086 2944 3141 beata
2977 3085 3129 3141 illius
3154 3088 3360 3154 instar,
3390 3088 3609 3156 ornati,

1951 3178 2008 3229 et
2038 3174 2152 3229 hoc
2184 3174 2430 3229 nomine
2462 3174 2815 3242 gaudentes,
2847 3174 3012 3247 quod
3045 3190 3291 3231 uxorem
3326 3176 3612 3249 praemisi-

1950 3279 2085 3318 mus
2099 3279 2233 3335 quae
2248 3263 2411 3334 apud
2429 3263 2610 3318 Deum
2628 3264 3149 3336 supplicet,etquae
3164 3264 3297 3321 vitae
3308 3266 3610 3338 praeclara

1951 3351 2294 3424 exemplum
2330 3352 2501 3408 nobis
2531 3356 2587 3408 et
2613 3352 2768 3409 notis
2800 3353 3085 3409 omnibus
3112 3354 3368 3427 reliquit.

2243 3655 2444 3712 CXLV.
2469 3685 2538 3698 -—
2574 3656 3008 3714 Turmachissm
3042 3656 3306 3714 Gracia.

1229 3839 1547 3890 Consolatur
1570 3839 1636 3889 de
1662 3844 1831 3891 morte
1864 3842 1980 3902 ﬁlii,
2010 3844 2065 3891 in
2097 3842 2235 3893 bello
2270 3843 2595 3907 interempti.

301 3924 462 3979 Ὀσον
523 3926 624 3979 ἀπὸ
706 3926 862 3999 λόγου
939 3926 1322 4000 ἀσυνοψίσεως,
1404 3930 1498 3981 οὐκ
1559 3931 1829 4001 ἐμέλλομεν

232 4011 544 4068 ἐπιστέλλειν
606 4024 669 4089 τῇ
727 4021 993 4089 τιμιότητί
1078 4036 1193 4083 σου,
1264 4020 1524 4090 ἄγνωστοι
1599 4018 1834 4083 ἀλλήλοις

230 4107 321 4155 καὶ
353 4103 650 4167 ἀσυνήθεις.
712 4106 853 4157 Ἀλλ⁹
899 4103 1080 4166 ἐπειδὴ
1133 4107 1188 4159 ἐκ
1242 4107 1507 4180 θεοφιλοῦς
1553 4115 1833 4182 προσώπου

230 4190 324 4244 κᾶὶ
376 4191 696 4267 ἐγνωσμένου
754 4197 902 4268 ἡμῖν,
949 4196 1080 4267 λέγω
1136 4193 1202 4255 δὴ
1254 4205 1345 4257 τῆς
1402 4196 1833 4269 ἀγχιστευούσης

233 4299 321 4334 σοι
365 4288 700 4356 πανεφγήμου
750 4289 1053 4358 Πατρικίας,
1105 4290 1194 4338 καὶ
1256 4293 1346 4346 τῆς
1404 4289 1594 4349 τούτης
1647 4293 1835 4361 κυρίας

232 4368 581 4443 εὐλογημένης
657 4374 937 4449 θυγατρὸς,
1004 4377 1034 4433 ἡ
1098 4379 1391 4450 προτροπὴ,
1443 4372 1553 4429 εἶτα
1630 4381 1720 4429 καὶ
1782 4376 1835 4439 ἐξ

230 4457 391 4511 αὐτοῦ
446 4469 534 4513 τοῦ
584 4468 1036 4536 γραμματηφόρου
1082 4461 1358 4535 Ἰγνατίου,
1408 4472 1499 4516 τοῦ
1545 4484 1831 4537 πνευματι-

228 4555 325 4600 κοῦ
385 4550 532 4621 ἠμῶν
584 4553 719 4622 υἱοῦ,
780 4554 806 4611 ὃ
870 4555 998 4628 πρὸς
1042 4555 1182 4624 ἡμᾶς
1237 4572 1331 4605 σου
1380 4556 1500 4615 τοὺς
1557 4558 1830 4616 ταπεινοὺς

228 4644 561 4711 προσηγορία
598 4638 817 4712 ἐγεγόνει
852 4658 864 4670 ·
913 4640 1208 4713 ἀναγκαίως
1246 4641 1465 4713 ἤλθομεν
1506 4641 1675 4694 ἐπὶτό
1705 4645 1827 4713 γρά-

227 4725 329 4795 ψαι
378 4726 525 4799 λόγον
564 4728 940 4801 παρακλήσεως
987 4738 1048 4803 τῇ
1091 4735 1456 4804 τετρυχωμένος)
1504 4750 1597 4782 σου
1645 4730 1827 4802 ψυχῇ,

229 4816 285 4867 ἐκ
334 4824 430 4868 τοῦ
476 4822 833 4889 συμπεσόντος
879 4819 1009 4891 αὐτῇ
1068 4823 1333 4879 τεθνεῶτος
1384 4822 1432 4871 ἓν
1486 4828 1557 4890 τῷ
1602 4821 1825 4892 πολέμῳ.

230 4903 385 4957 Ἀλλὰ
440 4913 587 4958 ποῖον
650 4906 710 4959 ἂν
758 4913 847 4960 καὶ
905 4908 1186 4981 ἐξευρεθείή
1258 4910 1527 4980 φάρμακον
1583 4928 1828 4983 παραμυ-

229 4994 346 5053 θίας
393 4993 465 5050 εἰς
514 4998 658 5047 ἴασιν
689 5004 779 5057 τῆς
812 4994 1071 5049 δυσιάτου
1125 4996 1331 5067 πληγῆς
1359 5014 1372 5063 ;
1403 4996 1471 5048 “ﬂ
1506 5004 1599 5058 τῆς
1639 5002 1727 5049 καὶ
1771 4998 1821 5048 ἐν

227 5080 356 5154 ἀκοῇ
407 5088 535 5156 μόνῃ
569 5084 987 5158 ἓξηγορουμένης
1027 5092 1293 5160 συμφορᾶς
1337 5086 1348 5139 l
1404 5090 1573 5158 ὤχετο
1627 5089 1826 5158 ἔντιμον

229 5175 458 5245 σπέρμα,
515 5182 756 5248 μητρῷος
812 5174 1093 5248 ὀφθαλμός,
1162 5171 1443 5250 ἐγκάρδιον
1501 5174 1823 5247 σπλάγχνον,

224 5257 418 5323 κλάδος
472 5261 680 5336 εὐφυὴς,
740 5263 854 5317 ὅλον
912 5260 987 5317 δι’
1018 5264 1136 5318 ὅλου
1186 5273 1283 5327 τῆς
1334 5266 1588 5325 τεκούσης
1615 5267 1673 5316 τό
1704 5272 1824 5337 φῶς,

2012 3933 2133 3988 Hoc
2164 3949 2259 3988 me
2284 3933 2639 3988 deteruisset
2658 3949 2694 3988 a
2722 3932 3042 3989 scribendo
3073 3932 3434 3989 excellentiae
3463 3938 3599 4000 tuae,

1943 4022 2105 4093 quod
2122 4022 2368 4078 invicem
2384 4022 2567 4091 ignoti
2583 4037 2776 4094 neque
2795 4038 3064 4095 unquam
3079 4024 3383 4093 congressi
3400 4024 3605 4081 simus.

1945 4111 2058 4167 Sed
2092 4116 2413 4183 postquam
2447 4128 2481 4165 a
2511 4112 2789 4181 religiosa
2823 4126 3079 4181 persona
3110 4112 3405 4183 nobisque
3438 4116 3602 4181 nota,

1942 4201 2305 4272 propinqua,
2337 4200 2607 4271 inquam,
2639 4206 2757 4269 tua,
2788 4200 3120 4255 clarissima
3150 4200 3419 4270 patricia,
3450 4204 3506 4255 et
3526 4200 3605 4256 ab

1944 4289 2124 4360 hujus
2143 4289 2405 4344 dominae
2426 4288 2545 4345 tilia
2572 4289 2901 4353 benedicta,
2939 4289 3316 4354 mandatum,
3343 4304 3411 4345 ac
3438 4289 3607 4345 dein-

1942 4377 2017 4433 de
2046 4393 2153 4449 per
2198 4379 2395 4448 ipsum
2437 4377 2539 4449 qui
2580 4378 2801 4433 litteras
2845 4376 3054 4443 attulit,
3090 4378 3384 4447 Ignatium
3436 4379 3606 4451 spiri-

1943 4467 2162 4523 tualem
2191 4466 2377 4522 ﬁlium
2410 4472 2707 4532 nostrum,
2743 4470 2843 4521 tua
2870 4465 3051 4522 simul
3077 4467 3407 4523 humilibus
3428 4466 3604 4524 nobis

1942 4555 2122 4611 allata
2163 4561 2250 4610 est
2281 4556 2590 4625 salutatio;
2626 4556 2964 4610 necessario
2999 4556 3240 4611 adducti
3276 4573 3484 4611 sumus
3526 4558 3603 4613 ad

1943 4644 2324 4700 scribendam
2359 4644 2828 4699 consolationem
2861 4645 3077 4698 animae
3106 4651 3217 4699 tuae
3249 4643 3481 4700 afﬂictae
3523 4646 3601 4702 ob

1941 4748 2274 4788 aerumnam
2307 4748 2438 4805 quae
2469 4733 2579 4803 ipsi
2615 4733 2879 4803 contigit,
2908 4748 2978 4788 ex
3009 4732 3165 4789 beati
3195 4732 3295 4788 ﬁlii
3327 4732 3516 4798 obitu,
3542 4734 3601 4789 in

1943 4820 2098 4876 bello
2132 4821 2487 4891 interempti.
2529 4822 2740 4875 Verum
2772 4820 3081 4891 quodnam
3123 4821 3365 4877 tandem
3408 4821 3603 4877 solatii

1940 4910 2273 4966 remedium
2320 4910 2572 4964 inveniri
2616 4916 2797 4981 queat
2829 4909 3105 4964 sanando
3144 4910 3394 4975 vulneri,
3430 4911 3602 4981 cujus

1939 4998 2292 5054 difﬁcillima
2322 5003 2409 5054 est
2439 4999 2666 5054 curatio
2696 4999 2723 5052 ?
2754 4999 2797 5055 Ο
2820 5014 2955 5070 quae
2987 4998 3077 5053 vel
3107 4999 3318 5053 auditu
3347 4998 3473 5054 solo
3495 4998 3603 5055 de-

1939 5087 2523 5143 claraturealamitas
2550 5087 2561 5141 ι
2588 5087 2974 5143 Periitsemen
2992 5087 3601 5153 honoratum,oculus

1938 5182 2266 5241 maternus,
2298 5192 2439 5248 pars
2463 5176 2661 5231 cordis
2682 5176 2914 5239 intima,
2945 5191 3149 5231 ramus
3166 5177 3485 5242 virescens,
3518 5182 3601 5233 to-

1936 5269 2064 5323 tum
2087 5280 2331 5337 prorsus
2346 5264 2552 5321 lumen
2570 5263 2892 5336 genitricis,
2911 5267 3196 5336 paternas
3221 5264 3277 5321 in
3302 5280 3363 5322 se
3386 5280 3601 5338 gerens

297 5387 343 5421 ⁵³
376 5386 532 5444 Psal.
566 5403 845 5454 Lxxxvm,
875 5388 965 5445 49.
1046 5388 1093 5423 ⁸·
1118 5389 1139 5443 Ι
1167 5389 1293 5445 Cor.
1326 5405 1413 5454 xv,
1447 5391 1536 5444 4'2.
1613 5389 1660 5423 ⁵⁵
1692 5387 1711 5440 Ι
1738 5388 1836 5442 Th!

1971 5404 2048 5454 ιν,
2093 5390 2170 5441 12.

677 5484 683 5489 ’
1802 5476 2019 5532 ΝΟΤίΕ.

297 5564 412 5637 (36)
437 5565 501 5621 In
525 5566 659 5623 cod.
690 5568 834 5638 Reg.
861 5566 1001 5641 ρλς·’.
