4036 6276
493 288 519 345 1
533 290 636 346 4ὅὸ

1758 283 1818 340 S.
1859 281 2226 340 THEODORI
2269 281 2596 339 STUDITAE

3714 273 3864 333 1456

487 419 680 484 notas,
705 421 761 471 et
775 413 1079 470 viduitatis
1095 412 1498 479 solitudinem,
1521 411 1726 484 quoad
1745 410 1870 467 ﬁeri
1893 414 2145 482 poterat,

2269 411 2405 482 γέρον
2471 411 2593 470 τούς
2638 413 2914 482 πατρῴους
2971 404 3019 458 έν
3098 405 3262 476 έαυτῷ
3318 411 3665 477 χαρακτῆρας
3697 420 3710 432 ·
3764 405 3866 454 καὶ

490 503 835 568 sublevans,
867 503 970 576 qui
998 503 1176 558 totius
1208 503 1340 556 vitae
1373 501 1652 557 solatium
1674 506 1819 566 erat,
1851 504 1974 556 tum
2007 515 2152 566 erga

487 593 795 666 propriam
827 592 1099 658 domum,
1131 596 1256 646 tum
1288 606 1431 660 erga
1456 588 1960 660 consanguineos.
1997 586 2148 653 Quid

488 688 690 738 autem
713 682 936 738 factum
964 685 1050 736 est
1078 679 1332 736 avolavit
1359 696 1431 736 ex
1449 679 1638 735 oculis
1663 678 1946 735 maternis
2001 676 2152 732 exci-

489 787 592 825 sus
633 776 724 826 est
761 787 797 826 a
825 770 989 826 bona
1019 770 1218 826 radice
1254 782 1266 821 :
1319 785 1388 825 ac
1431 784 1626 840 neque
1657 769 1712 823 in
1759 767 1944 823 oculis
1994 781 2154 821 mors

491 859 772 929 contigit;
798 858 957 914 unde
985 859 1460 915 consolationem
1489 873 1560 913 ex
1577 857 1928 913 novissimis
1957 853 2156 910 verbis

489 952 548 1004 et
569 964 641 1004 ex
660 953 869 1004 sancta
893 947 1201 1020 sepultura
1224 948 1470 1019 capiunt
1490 948 1592 1018 qui
1617 945 1984 1002 domesticos
2004 959 2159 1016 pras-

490 1037 750 1094 mittunt.
798 1040 962 1093 Nunc
1009 1052 1167 1100 vero,
1198 1043 1412 1108 praeter
1450 1036 1586 1102 alia,
1630 1036 1744 1091 hoc
1789 1036 1969 1090 etiam
2001 1034 2161 1089 leva-

494 1133 696 1183 mento
718 1127 911 1182 orbati
945 1142 1185 1192 sumus;
1219 1126 1438 1181 eximio
1467 1125 1706 1180 surculo
1738 1124 1951 1196 gladiis
1975 1123 2158 1178 hosti-

497 1216 654 1272 libus
675 1215 895 1271 exciso.
931 1217 973 1270 Ο
1007 1216 1412 1271 miserandam
1443 1214 1799 1284 tragoediam
1832 1213 1843 1268 l
1878 1229 1913 1268 ο
1945 1228 2156 1267 casum

492 1303 991 1361 inconsolabilem
1028 1307 1039 1360 ι
1077 1305 1348 1359 Fluctuat
1379 1320 1538 1358 nunc
1565 1305 1803 1358 animus
1831 1303 2154 1373 hasretque,

494 1410 830 1451 aerumnam
863 1394 1279 1463 considerans,
1309 1393 1411 1448 ubi
1438 1398 1492 1447 et
1524 1393 1836 1465 quomodo
1866 1409 1960 1446 res
1991 1397 2158 1461 gesta

496 1484 590 1555 sit,
623 1499 808 1554 quam
841 1483 900 1538 in
932 1484 1194 1554 corporis
1215 1488 1446 1554 partem
1479 1489 1724 1537 cruenta
1749 1498 1964 1536 manus
1993 1481 2157 1536 incu-

493 1573 706 1638 buerit,
744 1589 864 1644 quo
893 1572 1025 1628 loco
1058 1573 1182 1645 ipse
1213 1573 1437 1629 cadens
1471 1573 1738 1628 animam
1773 1570 1990 1627 eﬂlarit
2022 1591 2032 1629 :
2079 1587 2156 1627 an

495 1663 722 1728 subito;
752 1679 826 1718 an
862 1678 982 1717 uno
1013 1662 1091 1717 al)
1120 1662 1270 1727 ictu;
1311 1678 1388 1717 an
1420 1661 1735 1734 quidpiam
1765 1660 1997 1716 effatus.
2031 1661 2155 1716 Heu

2259 503 2350 556 τὴν
2393 497 2610 571 ἐρημίαν
2659 505 2750 557 τῆς
2806 500 3032 569 χηρείας
3083 495 3201 546 καθ’
3243 494 3366 546 ὅσον
3398 494 3502 546 οἷον
3555 511 3609 546 τε
3668 493 3869 544 ὑποτε-

2259 591 2524 659 μνόμενον,
2557 592 2648 639 καὶ
2694 585 2811 638 ὅλου
2869 592 2961 636 τοῦ
3017 583 3140 657 βίου
3172 583 3226 635 ὃν
3256 585 3605 658 παραμύθιον,
3641 582 3779 634 κατά
3804 598 3868 632 τε

2260 681 2353 734 τὴν
2407 675 2548 729 ἰδίαν
2601 677 2796 740 ἑστίαν,
2851 679 2941 727 καὶ
2989 677 3108 736 τοὺς
3139 672 3222 747 ἀφ’
3258 677 3492 746 αἵματος.
3540 677 3642 726 Καὶ
3693 675 3746 723 τί
3775 674 3870 742 γέ-

2259 785 2402 836 γονεν
2446 782 2460 832 ;
2515 767 2748 824 Ἀπέπτη
2797 773 2896 817 τῶν
2945 771 3211 837 μητρικῶν
3263 762 3559 836 ὅφθαλμῶν,
3638 759 3864 823 ὶξεκὸπη

2261 864 2358 916 τῆς
2397 855 2599 926 ἀγαθῆς
2649 855 2840 930 ῥίζης·
2882 859 2973 906 καὶ
3016 849 3141 906 οὐδὲ
3179 852 3293 905 κατ’
3340 852 3626 925 ὀφθαλμούς
3678 851 3703 902 6
3764 848 3872 901 θοὶ-

2263 964 2410 1006 νατος
2442 961 2455 975 ·
2511 945 2586 1017 ἐφ’
2721 949 2810 996 καὶ
2865 947 3191 1018 παρηγορίαν
3224 939 3319 995 διὰ
3363 950 3463 994 τῶν
3508 937 3718 1004 ἐξοδίων
3757 939 3867 1012 ῥη-

2266 1037 2464 1106 μάτων,
2523 1039 2614 1086 καὶ
2677 1041 2772 1094 τῆς
2827 1035 2973 1096 ὁσίας
3041 1041 3208 1105 ταφῆς
3273 1029 3597 1104 ἓρανίζοντάι
3642 1031 3691 1082 οἱ
3739 1032 3870 1090 τοὺς

2266 1125 2487 1186 οἰκείους
2543 1127 2946 1198 προπέμποντες.
3005 1129 3112 1175 Νῦν
3167 1118 3245 1192 δε,
3298 1123 3430 1192 μετά
3500 1128 3599 1172 τῶν
3672 1117 3866 1186 ἄλλων,

2269 1214 2596 1291 ἀφῃρέθημεν
2645 1218 2734 1266 καὶ
2787 1209 2954 1271 τῆσδε
3004 1221 3095 1272 τῆς
3140 1210 3535 1284 παρακλήσεως,
3587 1216 3680 1261 τοῦ
3730 1206 3870 1279 ἀγα-

2271 1307 2360 1357 θοῦ
2410 1307 2586 1377 ἔρνους
2645 1308 2894 1376 μαχαίρᾳ
2951 1301 3203 1374 πολεμικῇ
3278 1303 3585 1373 τμηθέντος,
3646 1297 3714 1350 Ὦ.
3768 1305 3870 1358 τῆς

2267 1394 2479 1455 ἐλεεινῆς
2535 1391 2872 1468 τραγῲδίαςῐ
2933 1392 2973 1443 ὣ
3029 1399 3122 1453 τῆς
3178 1389 3542 1463 ἀπαροκλήτου
3609 1391 3867 1460 συμπτώ-

2268 1485 2447 1544 σεωςι
2495 1483 2741 1536 Ἀστατεῐ
2796 1483 2918 1556 ἄρτι
2965 1482 2990 1532 6
3047 1488 3166 1539 νοῦς
3220 1479 3517 1554 ἀναθεωρῶν
3567 1480 3622 1530 τὸ
3674 1478 3868 1544 πάθος,

2265 1581 2365 1626 ποῦ
2421 1578 2512 1625 καὶ
2566 1580 2671 1634 πῶς
2711 1573 2984 1646 ύπήραθη,
3033 1572 3170 1622 κατά
3223 1576 3368 1621 ποῖον
3425 1567 3573 1641 μελος
3632 1568 3659 1625 ἡ
3714 1569 3872 1638 φονέα

2264 1667 2386 1735 χεὶρ
2443 1663 2622 1726 ἐτάθη,
2682 1663 2815 1712 κατά
2867 1665 2981 1712 τίνα
3030 1663 3185 1712 τόπον
3237 1662 3408 1710 πεσὼν
3448 1655 3658 1709 ἀπέπνει
3688 1671 3702 1685 ⁸
3761 1649 3874 1726 ἆρα

499 1750 944 1825 spectaculum!
979 1751 1130 1806 Proh
1161 1750 1372 1806 horam
1397 1750 1557 1806 illam
1583 1751 1595 1802 !
1626 1751 1990 1806 Thesaurum
2016 1767 2150 1805 cum

2269 1754 2452 1804 θᾶττον
2485 1771 2498 1784 ·
2530 1745 2632 1825 ἀρα
2679 1749 2734 1802 ἐκ
2783 1755 2908 1821 μιᾶς
2952 1748 3156 1820 πληγῆς
3187 1769 3198 1780 ·
3244 1742 3346 1822 ἆρά
3386 1766 3437 1799 τι
3483 1745 3723 1800 έπειπὼν.
3764 1750 3871 1797 Φεῦ

493 1840 660 1897 bona
677 1856 783 1913 spe
797 1840 1161 1906 dimisimus,
1185 1845 1241 1896 et
1263 1840 1488 1896 luctum
1508 1839 1948 1895 ineluctabilem
1977 1840 2155 1896 colle-

499 1945 723 2002 gimus.

573 2111 636 2164 Et
661 2108 797 2182 quis
812 2123 1146 2164 aerumnam
1176 2108 1522 2181 deplorans,
1542 2108 1795 2177 dignum
1817 2110 2153 2181 quidquam

500 2196 705 2269 eloqui
737 2198 926 2269 possit
954 2198 982 2254 7
1009 2198 1280 2254 Fortasse
1310 2205 1366 2253 et
1396 2197 1482 2253 sol
1511 2199 1638 2269 ipse
1668 2198 1955 2263 insuavis,
1979 2205 2036 2252 et
2060 2197 2152 2252 in-

500 2286 663 2341 visus
689 2301 810 2352 aer,
835 2293 891 2340 et
922 2302 1085 2342 mare
1108 2286 1529 2358 injucundum,
1560 2293 1617 2343 et
1651 2294 1803 2342 terra
1832 2303 1953 2342 non
1984 2294 2155 2359 opta-

499 2374 720 2440 bilis,et
734 2373 941 2430 cmlum
956 2375 1727 2441 odiosum,intellectualem
1745 2375 1974 2431 stellam
1991 2383 2154 2433 tuam

501 2479 623 2519 non
663 2462 915 2518 habens.
961 2466 1091 2518 Haec
1121 2470 1302 2535 atque
1341 2465 1432 2520 his
1473 2464 1645 2536 plura
1683 2466 1950 2520 animam
1992 2472 2154 2521 tuam

507 2552 930 2618 concutientia,
955 2568 1056 2608 cor
1083 2553 1571 2623 constringentia,
1605 2560 1660 2608 et
1683 2554 1942 2610 calentes
1969 2554 2158 2627 lacry-

507 2656 639 2697 mas
664 2639 998 2707 fundentia,
1027 2647 1084 2697 et
1104 2641 1364 2712 ejulatus
1382 2643 1634 2707 edentia,
1660 2649 1714 2698 et
1735 2643 1809 2698 ad
1835 2646 1966 2699 vitae
1988 2645 2156 2699 istius

509 2729 751 2786 taedium
791 2730 1138 2800 redigentia.
1173 2732 1392 2787 Verum
1437 2747 1566 2804 age,
1600 2733 1868 2797 domina,
1902 2749 2033 2803 age,
2072 2750 2158 2789 re-

505 2818 768 2886 valesce;
819 2825 1056 2890 tempus
1102 2826 1193 2876 est
1240 2827 1300 2876 ut
1354 2821 1627 2876 animum
1672 2822 1921 2877 reficias.
1981 2823 2158 2894 Aperi

503 2922 697 2972 aures,
724 2908 957 2964 divinas
978 2924 1150 2965 voces
1168 2910 1518 2965 exaudiens.
1543 2912 1726 2966 Homo
1748 2910 1899 2966 sicut
1916 2911 2159 2981 fenum:

502 2997 626 3054 dies
661 2999 787 3068 ejus
824 3001 1106 3070 tanquam
1150 2999 1260 3068 ﬂos
1305 3001 1462 3068 agri,
1504 2999 1586 3054 sic
1616 3000 1951 3069 deﬂorescet
1975 3001 2044 3055 ⁵⁸.
2091 3030 2158 3043 -—

503 3086 781 3182 Nouerit
814 3086 985 3182 {temo
1014 3088 1119 3158 qui
1149 3088 1322 3182 uiuet,
1352 3095 1402 3144 et
1430 3105 1548 3144 non
1579 3089 1796 3145 videbit
1825 3097 2071 3146 mortem
2087 3091 2155 3144 ⁸⁷.
2188 3123 2229 3182 Ο

503 3207 572 3216 -
595 3175 660 3231 Si
687 3175 984 3232 credimus
1009 3177 1168 3247 quod
1194 3177 1364 3233 Jesus
1399 3185 1668 3233 mortuus
1699 3183 1784 3234 est
1811 3185 1864 3235 et
1893 3194 2155 3235 resurre-

500 3264 594 3321 xit
605 3281 623 3331 ;
637 3265 723 3321 ita
737 3271 789 3321 et
806 3266 962 3321 Deus
987 3280 1080 3321 eos
1101 3265 1206 3337 qui
1217 3267 1590 3322 dormierunt
1601 3283 1713 3337 per
1724 3268 1943 3328 Iesum.
1968 3269 2157 3324 addu-

502 3358 590 3410 cet
619 3369 751 3410 cum
783 3354 929 3410 eo”.
966 3357 1090 3410 Non
1121 3355 1299 3425 igitur
1320 3372 1570 3427 prorsus
1595 3357 1908 3412 amisimus
1929 3357 2148 3425 ﬁlium;

503 3443 609 3497 sed
659 3443 843 3514 paulo
870 3450 1022 3514 post,
1072 3459 1212 3500 cum
1243 3445 1572 3501 insonuerit
1614 3447 1950 3502 novissima
1994 3447 2156 3512 tuba,

503 3537 770 3600 resurget
795 3532 854 3586 in
888 3548 1208 3588 occursum
1243 3535 1475 3590 Domini
1505 3534 1564 3590 in
1611 3551 1772 3599 aera,
1806 3542 1862 3591 et
1884 3535 1963 3590 ibi
1995 3535 2161 3592 illum

504 3619 846 3676 videbimus
864 3622 934 3673 ⁵³.
978 3621 1196 3678 Lethali
1230 3622 1412 3694 plaga
1437 3624 1567 3680 istic
1598 3640 1788 3681 caesus
1815 3630 1904 3681 est
1935 3642 1949 3680 :
1985 3629 2041 3681 at
2079 3625 2163 3681 ibi

506 3725 757 3765 maerore
786 3710 1151 3782 sempiterno
1177 3727 1298 3766 non
1318 3712 1628 3782 afﬁcietur,
1662 3714 1892 3770 Christo
1917 3714 2163 3770 indutus

505 3813 613 3870 per
632 3797 1030 3868 baptismum,
1053 3799 1356 3870 ﬁdemque
1372 3802 1771 3858 orthodoxam
1787 3802 2160 3874 complexus,

506 3902 578 3942 ac
599 3886 796 3942 saeculi
815 3886 998 3960 hujus
1021 3888 1427 3960 voluptatibus
1447 3890 1693 3946 vixdum
1716 3908 1954 3946 summo
1975 3891 2162 3962 digito

505 3975 951 4048 perjuvenilem
973 3982 1210 4033 aetatem
1231 3978 1578 4048 degustatis.
1596 3980 1788 4044 Quam
1814 3981 1893 4036 ob
1914 3997 2162 4037 causam

509 4063 812 4120 credimus
841 4064 1005 4121 illum
1031 4067 1266 4122 veniam
1297 4083 1526 4134 eorum,
1551 4083 1686 4137 quas
1717 4073 1779 4124 ut
1804 4070 1986 4126 homo
2017 4087 2164 4142 prae-

509 4153 760 4209 termisit
791 4153 883 4209 vel
925 4155 1189 4219 admisit,
1228 4173 1334 4227 per
1363 4156 1748 4213 immaturam
1782 4165 1838 4214 et
1876 4160 2161 4230 injustam

2262 1851 2353 1903 τῆς
2404 1843 2638 1913 ἱστορίας
2685 1843 2696 1897 l
2741 1837 2926 1893 Ἀϐάλε
2976 1845 3074 1900 τῆς
3126 1840 3258 1911 ὧρας
3310 1835 3549 1898 ἔκείνηςῑ
3590 1834 3872 1890 Ἀπεστεί-

2265 1931 2419 2004 λαμεν
2471 1929 2578 2002 μετ’
2639 1925 2847 1990 ἐλπίδος
2898 1934 3150 2003 χρηστῆς
3234 1929 3321 1979 τόν
3415 1927 3701 2000 θησαυρὸν,
3773 1927 3875 1976 καὶ

2263 2019 2452 2092 έτρυγή
2463 2038 2623 2091 σαμεν
2665 2017 3076 2093 ἀπαραμύθητον
3105 2012 3360 2091 ὀδυρμόν.

2333 2109 2436 2163 Καὶ
2477 2113 2527 2160 τί
2557 2109 2618 2160 ἄν
2671 2127 2753 2169 τις
2803 2111 2937 2159 εἴποι
2966 2105 3112 2169 ἄξιον
3166 2107 3385 2180 θρήνους
3410 2101 3756 2173 ὒ.εεινολογῶν
3801 2105 3868 2154 τὸ

2261 2200 2422 2258 πάθος
2455 2199 2654 2269 ;³Γάχα
2681 2215 2767 2248 σοι
2806 2200 2894 2248 καὶ
2917 2197 2942 2247 6
2975 2194 3122 2255 ἣλιος
3167 2197 3408 2265 στυγνὸς,
3440 2197 3530 2244 καὶ
3556 2193 3582 2244 6
3609 2190 3709 2263 ἀήρ
3741 2210 3875 2244 κατ-

2265 2291 2418 2359 ηφὴς,
2454 2291 2542 2338 καὶ
2570 2287 2600 2344 ἡ
2638 2283 2880 2338 θάλασσα
2909 2284 3016 2355 οὐχ
3064 2280 3241 2347 ἡδεῖα,
3275 2287 3364 2334 καὶ
3393 2283 3422 2340 ἡ
3456 2289 3522 2353 γῆ
3552 2280 3648 2334 οῦκ
3685 2283 3870 2352 ἑφετὴ,

2263 2380 2354 2428 καὶ
2404 2377 2430 2427 6
2480 2375 2690 2449 οὐρανὸς
2737 2373 3001 2444 ἐπαχθὴς.
3063 2371 3158 2425 οὐκ
3206 2374 3343 2444 ἔχων
3405 2389 3499 2423 σου
3551 2374 3640 2422 τὸν
3677 2372 3871 2428 νοητὸν

2265 2464 2478 2538 ἀστέρα,
2523 2470 2768 2516 Τοσαῦτα
2805 2469 2894 2515 καὶ
2945 2464 3019 2514 ἔτι
3073 2461 3230 2515 πλείω
3277 2462 3471 2513 τούτων
3521 2463 3588 2513 τά
3639 2455 3874 2534 κραδαί-

2262 2556 2415 2606 νοντά
2463 2573 2557 2605 σου
2607 2557 2700 2610 τὴν
2749 2551 2957 2623 ψυχὴν,
2999 2557 3091 2603 καὶ
3142 2554 3435 2622 συνέχοντα
3474 2555 3567 2609 τὴν
3613 2545 3869 2622 καρδίαν,

2264 2647 2355 2694 καὶ
2432 2646 2727 2715 προχέοντα
2806 2643 2872 2693 τὰ
2957 2641 3119 2713 θερμά
3187 2637 3414 2713 δάκρυα,
3482 2643 3571 2692 καὶ
3639 2637 3873 2709 ἀναπέμ-

2265 2721 2427 2784 ποντα
2474 2733 2565 2793 τὰς
2609 2730 2858 2802 οἰμωγὰς,
2899 2735 2988 2782 καὶ
3034 2729 3385 2804 έξαποροῦντα
3435 2733 3525 2781 καὶ
3566 2727 3729 2780 αὐτοῦ
3773 2736 3872 2780 τοῦ

2268 2822 2384 2893 ζῇν.
2419 2819 2576 2874 Ἀλλά
2606 2817 2782 2893 δεῦρο,
2824 2825 2999 2894 κυρία,
3038 2815 3212 2890 δεῦρο,
3258 2816 3611 2890 ἀναψύχησον
3644 2835 3657 2848 ·
3687 2822 3869 2890 καιρός

2264 2912 2366 2982 γὰρ
2397 2908 2725 2971 ἀνακλήσεως
2746 2927 2758 2940 ·
2787 2909 2989 2972 ἄνοιξον
3019 2927 3114 2962 σου
3139 2911 3204 2961 τά
3231 2906 3358 2973 ὦτα,
3374 2908 3741 2980 ἐπακροωμένη
3763 2915 3866 2958 τῶν

2269 3000 2415 3050 θείων
2441 3006 2634 3070 φωνῶν.
2660 2996 3034 3072 Ἀνθρωπος
3072 3000 3224 3050 ὡσεὶ
3262 3001 3497 3070 χόρτος
3529 2997 3593 3048 αἱ
3632 2997 3857 3067 ἡμέραι

2267 3086 2468 3138 αὐτοῦ
2498 3105 2509 3116 ·
2542 3090 2698 3139 ὡσεὶ
2739 3087 2923 3148 ἄνθος
2962 3094 3070 3139 τοῦ
3110 3085 3332 3158 ἀγροῦ,
3375 3085 3571 3146 οὕτως
3612 3084 3855 3148 ἐξανθή-

2268 3195 2386 3230 σει.
2438 3208 2505 3218 -
2549 3176 2678 3228 Ούκ
2716 3179 2894 3228 ἔστιν
2933 3177 3266 3250 ἄνθρωπος
3298 3175 3358 3235 ὃς
3397 3175 3697 3240 ζήσεται,
3731 3178 3861 3237 καὶ,

2267 3271 2379 3318 οῦκ
2413 3265 2648 3337 ὄψεται
2689 3265 3151 3320 θάνατον.-Εἰ
3188 3267 3581 3336 πιστεύομεν
3621 3265 3721 3316 ὅτι
3758 3263 3868 3322 Ἰη-

2269 3363 2416 3416 σοῦς
2456 3355 2728 3408 ἀπέθανε
2766 3360 2874 3408 καὶ
2935 3354 3192 3425 ἀνέστη,
3234 3355 3436 3417 οὕτως
3491 3359 3600 3406 καὶ
3638 3354 3664 3406 6
3705 3356 3869 3416 Θεὸς

2265 3449 2416 3507 τοὺς
2454 3447 2887 3517 κοιμηθέντας
2927 3441 3045 3496 διὰ
3108 3452 3221 3497 τοῦ
3261 3445 3477 3503 Ἰησοῦ
3544 3443 3688 3506 ἄξει
3753 3447 3869 3496 σὺν

2267 3535 2459 3604 αὐτῷ.
2501 3533 2576 3586 Ού
2613 3538 2781 3586 τοίνυν
2810 3533 2988 3586 λοιπὸν
3021 3533 3350 3606 ἀπολώλαμεν
3397 3537 3484 3586 τὸν
3534 3535 3645 3586 υἱόν
3674 3550 3689 3564 ⁶
3740 3531 3872 3585 ἀλλά

2266 3628 2452 3698 μικρὸν
2473 3623 2706 3697 ὕστερον,
2725 3625 2880 3681 ἡνίκα
2900 3626 2930 3682 ἠ
2964 3623 3169 3696 ἐσχάτη
3197 3623 3426 3696 σάλπιγξ
3447 3628 3584 3696 φωνό
3595 3642 3693 3688 σει,
3711 3622 3871 3677 ἀνασ-

2268 3718 2488 3770 τήσεται
2522 3711 2594 3773 εἰς
2619 3711 2911 3771 ἀπάντησιν
2936 3721 3029 3766 τοῦ
3075 3717 3268 3786 Κυρίου
3300 3713 3372 3774 εἰς
3402 3713 3529 3785 ἀέρα
3555 3729 3568 3741 °
3603 3710 3753 3764 κάκεῖ
3779 3711 3870 3765 6n}-

2267 3806 2354 3854 τὸν
2385 3801 2638 3873 ὀψόμεθα.
2672 3802 2905 3874 Ἐπλὴγη
2951 3808 3162 3876 καιρίαν
3215 3801 3438 3855 ἐνταῦθα
3484 3801 3712 3874 πληγὴν,
3760 3799 3868 3854 ἀλλ’

2268 3890 2433 3942 έκεῑσε
2499 3888 2645 3952 ἀνίας
2694 3891 2904 3944 αἰωνίου
2947 3891 3006 3944 ού
3054 3894 3450 3966 πειραθήσεται,
3507 3894 3738 3965 Χριστὸν
3791 3889 3872 3942 έν-

2270 3977 2551 4050 δεδυμένος
2609 3976 2704 4032 διὰ
2749 3988 2841 4032 τοῦ
2887 3978 3271 4054 βαπτίσματος,
3321 3985 3415 4040 τὴν
3462 3999 3516 4033 τε
3557 3984 3738 4033 πίστιν
3780 3978 3872 4054 ὀρ-

2272 4065 2487 4132 θόδοξον
2542 4069 2806 4142 ἐσχηκὼς,
2857 4075 2943 4124 καὶ
2993 4070 3138 4123 οὔπω
3195 4070 3514 4144 ἐμπλησθεὶς
3586 4077 3686 4122 τῶν
3738 4065 3872 4142 τῇδε

2269 4155 2460 4225 ἡδέων,
2492 4160 2612 4211 ὅσον
2636 4158 2778 4233 ἄκρῳ
2810 4167 2882 4230 τῷ
2927 4156 3171 4232 δακτύλῳ
3201 4159 3601 4230 ἀπογεύσασθαι
3632 4155 3667 4211 δ
3673 4161 3728 4211 ιὰ
3773 4162 3869 4218 τήν

507 4242 666 4298 hanc
701 4248 951 4298 mortem
991 4244 1470 4315 impetraturum.
1511 4246 1701 4314 Quam
1737 4248 1938 4303 multis
1977 4248 2157 4314 enim,

2269 4253 2500 4306 νεότητα.
2553 4249 2628 4300 Ού
2680 4251 2842 4322 χάριν
2881 4253 3192 4323 πιστεύομεν
3239 4250 3454 4303 καὶτῶν
3505 4253 3574 4310 ὡς
3614 4247 3872 4320 ἀνθρώπῳ

512 4330 782 4401 domina,
810 4331 870 4385 in
892 4347 1072 4387 carne
1097 4349 1368 4400 manens,
1397 4336 1766 4391 exercendus
1791 4337 1965 4392 malis
1989 4338 2163 4393 erat?

509 4422 722 4476 Annon
746 4419 848 4476 tibi
875 4421 1108 4477 videtur
1127 4422 1255 4478 haec
1278 4424 1390 4478 vita
1412 4425 1638 4480 homini
1672 4426 1746 4480 ad
1777 4427 2163 4482 tentationem

511 4508 793 4565 attributa
821 4509 850 4564 Τ
879 4511 1201 4584 conjugem
1241 4513 1532 4584 accipere,
1567 4513 1786 4569 liberos
1826 4530 2161 4585 procreare,

513 4599 721 4663 servis,
748 4598 1000 4671 aliisque
1031 4600 1209 4655 rebus
1235 4601 1313 4656 ad
1342 4602 1520 4658 vitam
1547 4603 1789 4658 utilibus
1808 4602 2120 4659 abundare
2144 4621 2158 4660 :

513 4687 844 4742 addiderim
879 4695 935 4743 et
975 4693 1212 4745 terrenae
1252 4689 1454 4759 gloriae
1488 4706 1894 4761 progressum.
1937 4693 2163 4757 Quibus

512 4776 796 4832 omnibus
819 4778 1148 4848 expeditus,
1182 4794 1467 4849 magnam
1489 4779 1804 4836 habiturus
1828 4787 1918 4835 est
1941 4781 2162 4838 animas

510 4865 865 4931 libertatem,
905 4870 1019 4922 Deo
1046 4868 1179 4940 conj
1193 4874 1425 4933 unctus,
1459 4879 1514 4924 et
1533 4869 1703 4924 salsis
1730 4871 1861 4924 vitae
1884 4868 2161 4927 ﬂuctibus

513 4955 781 5010 animam
809 4954 1012 5010 leviter
1042 4972 1346 5026 aspersus.

2270 4337 2410 4408 αύτῷ
2463 4343 2867 4412 παρεωραμένων
2935 4344 3025 4392 καὶ
3091 4339 3580 4412 πεπλμμελημένων,
3640 4334 3736 4391 διὰ
3780 4341 3871 4390 τόν

2269 4434 2501 4480 τοιοῦτον
2551 4428 2718 4499 ἄωρον
2761 4431 2850 4481 καὶ
2888 4424 3076 4481 ἄδικον
3131 4431 3347 4482 θάνατον
3402 4433 3752 4501 συγχώρησιν
3780 4426 3873 4486 λή-

2269 4514 2492 4586 ψεσθαι.
2535 4521 2721 4569 Πόσων
2750 4520 2852 4590 γὰρ
2897 4517 3118 4590 ἔμελλεν,
3175 4516 3214 4570 ὦ
3267 4522 3444 4592 κυρία,
3496 4518 3745 4590 ἐπιμένων
3803 4523 3867 4589 τῇ

2274 4611 2432 4677 σαρκὶ
2485 4604 2840 4681 έμφορηθῆναι
2871 4615 3043 4660 κακῶν
3074 4623 3088 4676 ;
3117 4608 3148 4667 ἢ
3181 4607 3240 4660 ού
3273 4603 3419 4660 δοκεί
3459 4627 3544 4660 σοι
3585 4608 3667 4660 ὅτι
3709 4608 3735 4658 6
3782 4613 3874 4678 τῇ·

2274 4691 2334 4747 δε
2393 4693 2508 4768 βίος
2555 4701 2890 4770 πειρατήριον
2945 4706 3017 4770 τῷ
3087 4697 3340 4771 ἀνθρώπῳ
3399 4699 3730 4763 καθέστηκε;
3781 4715 3876 4748 συ-

2273 4784 2435 4854 ζύγου
2471 4785 2650 4856 λῆψις,
2708 4791 2890 4839 τέκνων
2921 4796 3124 4853 κτῆσις,
3177 4784 3375 4841 δούλων
3415 4792 3505 4840 καὶ
3552 4786 3717 4840 ἄλλων
3769 4794 3872 4838 τῶν

2272 4876 2407 4925 κατά
2444 4877 2530 4926 τὸν
2563 4872 2677 4946 βίον
2723 4881 3157 4950 χρησιμευόντων
3205 4881 3488 4948 περιουσία
3516 4897 3530 4910 ·
3585 4877 3872 4952 προσθείην

2277 4958 2326 5014 δ’
2381 4960 2441 5014 ἀν
2515 4968 2604 5015 καὶ
2650 4964 2878 5035 ἐπιγείου
2951 4965 3124 5027 κλέους
3174 4963 3420 5038 πρόοδος.
3480 4966 3576 5018 Ὧν
3631 4963 3874 5018 ἀπάντων

514 5042 845 5114 ἀπαλλαγεὶς,
907 5044 1098 5103 πολλὴν
1146 5045 1243 5108 ἕξει
1305 5054 1400 5107 τῆς
1446 5046 1634 5118 ψυχῆς
1685 5052 1778 5106 τὴν
1831 5049 2138 5120 ἐλευθερίαν,
2186 5058 2257 5122 τῷ
2327 5059 2441 5124 Θεῷ
2493 5057 3016 5126 προσοικειούμενος·
3083 5061 3174 5109 καὶ
3228 5054 3382 5128 ὀλίγα
3458 5056 3757 5129 ῥαντισθείς
3816 5055 3876 5106 ἑκ

515 5139 607 5194 τῆς
647 5132 882 5205 ἁλμυρᾶς
907 5142 998 5186 τοῦ
1032 5131 1149 5206 βίου
1182 5140 1460 5208 τρικυμίας
1489 5140 1581 5194 τὴν
1608 5135 1814 5208 ψυχήν.

588 5222 733 5276 Hinc
750 5221 931 5292 igitur
961 5226 1188 5279 remitte
1221 5241 1290 5279 ac
1317 5226 1572 5296 depone,
1597 5226 1865 5291 domina,
1889 5228 2161 5283 inconso-

515 5309 754 5366 labilem
787 5311 1054 5367 dolorem
1084 5333 1094 5370 :
1133 5319 1318 5368 statue
1354 5315 1672 5372 terminum
1705 5332 1984 5371 aerumnae
2017 5334 2157 5373 con~

516 5406 824 5470 gruentem
845 5417 858 5454 :
882 5400 1132 5457 Immola
1155 5403 1275 5457 Deo
1293 5403 1542 5460 hostiam
1561 5405 1921 5461 laudationis
1937 5408 2005 5474 5°,
2021 5423 2156 5463 con-

589 5567 638 5604 ⁵⁵
665 5566 816 5624 Psal.
853 5583 941 5640 cn,
983 5569 1064 5624 15.
1144 5572 1188 5606 ⁸⁷
1224 5571 1378 5628 Psal.
1417 5589 1650 5640 Lxxxm,
1681 5577 1768 5630 49.

1845 5576 1893 5611 ⁸⁸
1924 5576 1945 5628 Ι
1971 5577 2168 5632 Thess.
2198 5594 2276 5644 1v,
2320 5583 2398 5634 l3.

2345 5231 2604 5286 Ἐντεῦθεν
2628 5241 2927 5308 τοιγαροῦν,
2957 5236 3093 5307 ἄνες,
3141 5236 3284 5308 ἄφες,
3332 5231 3608 5307 δέσποινα,
3634 5236 3694 5286 τὸ
3739 5231 3876 5286 ἅπα-

2269 5325 2558 5394 ρηγόρητον
2607 5323 2855 5396 λυπηρὸν,
2908 5324 3071 5387 πῆξον
3133 5326 3249 5400 ὅρον
3299 5333 3371 5396 τῷ
3423 5327 3575 5378 πάθει
3628 5319 3822 5396 διαρκῆ
3859 5363 3874 5375 .

2269 5417 2479 5462 Θῦσον
2518 5420 2599 5482 τῷ
2639 5419 2770 5465 Θεῶ
2812 5417 3048 5468 θυσίαν
3086 5411 3873 5486 αἰνέσως,ἀνθομολογήσεως.

2477 5581 2524 5615 ⁵⁹
2553 5579 2702 5637 lbid.
2745 5581 2826 5637 15.
2905 5582 2951 5620 ⁸ο
2979 5583 3313 5653 Psal.:ux,
3343 5586 3430 5641 14.
