4036 6276
232 296 393 387 4457⁸

231 463 360 519 Εἰπὲ
388 465 516 536 μετὰ
539 469 633 516 τοῦ
656 465 920 536 μακαρίου
946 461 1066 516 Ἰὼϐ
1087 479 1100 495 ο
1127 461 1188 515 Ὀ
1245 464 1478 537 Κύριος
1516 460 1772 529 ἔδωκεν,
1812 465 1839 514 ὁ
1868 463 1913 518 Α

232 554 465 627 Κύριος
495 551 787 624 ἀφείλετο
822 567 835 581 ⁸
871 554 950 612 ὡς
977 558 1057 622 τῷ
1101 556 1314 625 Κυρίῳ
1354 547 1595 617 ἔδοξεν,
1638 552 1839 604 οὕτως

231 646 341 695 καὶ
397 640 666 713 ἐγένετο.
722 640 943 712 Φθέγξαι
1005 642 1070 692 τὰ
1116 638 1328 693 Δαυῖδ·
1382 640 1833 713 Ἐπίστρεψον,

230 730 414 803 ψυχή
474 750 616 803 μου,
662 730 751 792 εἰς
798 735 902 789 τὴν
949 729 1321 782 ἆνάπαυσίν
1375 749 1506 784 σου.
1542 734 1699 802 Ψυχὴ
1732 732 1833 803 γάρ

235 839 352 886 σου,
383 822 413 878 ἡ
436 827 528 872 τοῦ
572 820 687 870 υἱοῦ
719 818 1003 879 ἀποϐίωσις
1032 836 1043 847 ·
1078 822 1204 892 πρὸς
1236 815 1295 871 δὲ
1325 823 1419 877 τὴν
1459 825 1686 893 χηρείαν
1715 819 1837 871 ἀνα-

233 908 495 962 ϐλέπουσα
526 910 687 980 [Βθε.
722 908 856 963 cod.
907 906 1325 981 ἁποϐλέπουσα],
1380 907 1687 982 ἀνάκραξον.
1724 910 1837 961 Κύ-

233 1018 375 1072 ριος
429 994 881 1071 ἕμοὶβοηθός·
938 998 997 1049 οὐ
1042 997 1505 1069 φοϐηθήσομαι
1560 1003 1617 1050 τί
1658 1004 1834 1056 ποιη-

236 1106 336 1141 σει
377 1106 491 1161 μοι
530 1088 892 1162 ἄνθρωπος.
926 1087 1078 1140 Οὕτω
1126 1089 1227 1160 γὰρ
1260 1084 1591 1159 διατιθεμένη
1626 1086 1833 1156 ἑαυτὴν,

234 1185 439 1250 πρῶτον
471 1180 560 1249 μεν
585 1180 707 1230 Θεὸν
740 1175 1002 1249 εὐφρανεῖς
1028 1179 1096 1238 ὡς
1121 1176 1437 1250 αὐθαιρέτως
1468 1178 1669 1247 θυσίαν,
1701 1179 1837 1228 κατὰ

238 1264 497 1338 Ἀϐραὰμ,
518 1267 606 1317 τὸν
633 1267 744 1318 υἱὸν
772 1268 1161 1339 προσφέρουσα.
1190 1262 1316 1318 Εἶτα
1340 1269 1429 1317 καὶ
1459 1269 1596 1337 αὐτῷ
1623 1274 1694 1337 τῷ
1726 1264 1835 1338 φιλ-

236 1356 377 1425 τάτῳ
406 1358 562 1425 τέκνῳ
591 1359 799 1427 χαρίση
822 1356 888 1406 τὰ
924 1363 1205 1428 κράτιστα,
1251 1356 1436 1427 ὁρῶντί
1491 1373 1548 1406 σε
1577 1354 1834 1429 εὐχαρίσ-

237 1462 340 1505 τως
366 1446 640 1516 φέρουσαν.
672 1449 793 1506 Τοῖς
819 1462 874 1495 τε
893 1442 1068 1506 ἄλλοις
1098 1443 1294 1496 ἅπασιν
1321 1440 1620 1515 ὑπόδειγμα
1642 1445 1836 1515 ὑπομο-

236 1539 330 1593 νῆς
360 1531 584 1604 ἀγαθῆς,
614 1536 1000 1592 καταστήσειας
1026 1531 1073 1583 ἐν
1106 1540 1321 1604 Χριστῷ
1350 1532 1527 1589 Ἰησοῦ
1558 1540 1628 1602 τῷ
1662 1536 1836 1607 Κυρίῳ

237 1623 384 1693 ἡμῶν
409 1638 421 1651 ⁸
445 1622 497 1673 ὃν
514 1621 779 1695 εὐχόμεθα
804 1621 1066 1694 ἁψάμενόν
1103 1623 1196 1674 σοῦ
1223 1629 1315 1682 τῆς
1343 1618 1568 1697 καρδίας
1596 1625 1654 1673 ἓν
1680 1620 1839 1673 ἐλέει

237 1715 349 1763 καὶ
390 1710 785 1784 οἰκτιρμοίς,
845 1713 1134 1783 ἒμποιῆσαί
1188 1731 1269 1763 σοι
1312 1719 1416 1784 φῶς
1472 1712 1838 1785 εὐπαρηγόρη-

241 1818 350 1865 τον,
380 1796 676 1853 διατελέσαι
723 1820 777 1853 τε
805 1805 900 1859 τὴν
940 1801 1079 1862 ζωήν
1132 1820 1226 1854 σου
1280 1801 1645 1876 εἰρηνεύουσαν
1672 1819 1683 1831 ·
1718 1798 1838 1852 κᾶν·
1873 1808 1916 1863 Β

240 1891 411 1943 ταῦθα
464 1888 722 1965 ἀραμένην
757 1890 953 1949 θεοτελῆ
1012 1889 1128 1963 βίον
1171 1890 1498 1955 καταξιῶσαι
1544 1898 1636 1953 τῆς
1667 1910 1721 1943 τε
1747 1899 1837 1943 τοῦ

240 1980 356 2031 υἱοῦ
388 1997 483 2032 σου
515 1979 861 2052 συνοψίσεως,
886 1983 971 2032 καὶ
1006 1979 1460 2051 συναγαλλιάσεως
1498 1979 1728 2033 αἰωνίου.

431 2106 564 2177 (37).
589 2112 756 2178 -Τῇ
791 2102 1187 2178 ἀδελφότητι
1221 2104 1611 2167 Πελεκὴτης.
1635 2104 1835 2179 [ψκς-’].

1365 2220 1430 2270 Ut
1459 2234 1596 2270 novo
1622 2221 1914 2284 preposito

315 2312 563 2383 Λυπηρὸν
611 2313 700 2382 μεν
748 2313 805 2361 τὸ
843 2308 1173 2382 συμϐεϐηκός
1231 2317 1293 2381 τῇ
1351 2314 1617 2381 τιμιότητι
1674 2311 1837 2383 ὑμῶν,

243 2396 457 2472 ἀδελφοὶ
510 2404 599 2451 καὶ
652 2402 888 2473 Πατέρες.
932 2406 1048 2461 Πῶς
1108 2401 1207 2471 γὰρ
1263 2402 1323 2450 οὔ
1375 2417 1387 2464 ;

242 2492 372 2561 μένα
424 2488 567 2560 ὑμῶν
620 2486 1027 2553 ἀποϐεϐλήκατε,
1064 2493 1152 2540 καὶ
1209 2490 1438 2559 ἐγένεσθε
1482 2490 1550 2549 ὡς
1604 2494 1840 2560 ποίμνιον

243 2578 588 2649 ἠπορημένον,
633 2581 723 2627 καὶ
768 2583 932 2629 ταῦτα
970 2574 1018 2627 ἓν
1053 2578 1271 2648 ἡμέραις
1324 2579 1606 2640 τοιαύταις,
1650 2578 1722 2649 ἐφ’
1762 2578 1841 2637 αἷς

1447 2398 1527 2450 ὃτι
1577 2402 1664 2451 τὸν
1721 2419 1840 2451 ποι-

242 2666 391 2718 λύκοι
448 2664 631 2738 βαρεῖς
678 2664 762 2717 έπὶ
806 2668 872 2717 τὰ
908 2670 1125 2737 ποίμνια
1179 2672 1271 2717 τοῦ
1328 2673 1562 2738 Χριστοῦ
1614 2664 1841 2738 ἐπερχό-

244 2773 409 2827 μενοι,
485 2759 575 2807 καὶ
650 2746 968 2825 συλαγωγεῖν
1047 2754 1228 2824 ψυχὰς
1285 2754 1635 2827 σοφιζόμενοι.
1706 2755 1839 2809 Ἀλλ’

244 2846 385 2916 ὅμως
437 2841 618 2902 ἐπειδὴ
668 2846 812 2916 παρὰ
864 2850 995 2897 Θεοῦ
1026 2847 1084 2895 τὸ
1118 2842 1341 2915 συμϐὰν,
1375 2848 1464 2895 καὶ
1506 2845 1629 2916 παρ’
1682 2844 1842 2897 αὐτοῦ

244 2933 579 3008 προσελήφθη
612 2934 638 2985 ὁ
668 2936 863 3004 ποιμὴν
913 2934 1075 3004 ὑμῶν,
1127 2932 1244 2984 καθ’
1285 2933 1339 2984 ὃν
1389 2938 1570 3007 καιρὸν
1617 2931 1737 3006 ᾖδει
1784 2938 1842 2986 τὸ

248 3026 507 3095 συμφέρον
558 3022 874 3095 ἀμφοτέρων,
909 3023 934 3073 ὁ
982 3024 1049 3073 τὰ
1104 3024 1274 3074 πάντα
1311 3024 1358 3074 ἓν
1401 3030 1463 3094 τῇ
1498 3024 1656 3074 αὑτοῦ
1687 3028 1846 3095 σοφίᾳ
1881 3058 1922 3115 C

247 3107 461 3165 διοικων
505 3114 695 3184 Κύριος
737 3130 749 3145 ·

247 3205 378 3255 τέον.
413 3200 580 3262 Αὐτὸς
616 3202 717 3272 γὰρ
751 3196 1008 3265 ἔδωκεν,
1041 3200 1197 3262 αὐτὸς
1242 3204 1331 3252 καὶ
1378 3200 1842 3273 προσελάϐετο,

246 3296 357 3343 καί
413 3292 495 3352 ὡς
548 3298 629 3361 τῷ
661 3293 871 3363 Κυρίῳ
920 3286 1157 3353 ἔδοξεν,
1212 3289 1408 3350 οὕτως
1437 3294 1545 3342 καὶ
1575 3290 1842 3361 έγένετο.

246 3384 311 3433 Τί
340 3376 429 3432 οὖν
458 3381 571 3432 ἔστι
623 3382 681 3430 τό
721 3378 1121 3451 ἐπιζητούμενον
1153 3394 1167 3444 ;
1213 3377 1325 3432 Ἰνα
1367 3378 1438 3440 εἰς
1490 3377 1700 3438 ἑαυτοὺς
1728 3379 1847 3452 ἄρτι

246 3469 469 3541 γένησθε
510 3487 524 3500 θ
581 3472 671 3520 καὶ
700 3470 872 3529 καθὼς
904 3469 1218 3540 ᾐρετίσασθε
1261 3466 1467 3520 ilicem
1512 3472 1731 3539 ποιμένα
1760 3470 1846 3519 τὸν

249 3560 428 3630 κύριον
454 3562 660 3629 Σέργιον
690 3560 777 3609 τὸν
811 3556 1182 3609 εὐλαϐέστατον
1211 3554 1429 3630 ἀδελφὸν
1472 3559 1618 3629 ἡμῶν
1661 3573 1673 3586 ·
1707 3559 1844 3629 εἰπερ

252 3651 324 3719 μή
358 3647 474 3699 έστί
504 3666 555 3699 τι
592 3649 724 3721 πρὸς
766 3649 854 3698 τὸν
908 3649 1086 3721 κύριον
1116 3648 1386 3719 Μακάριον
1436 3653 1523 3698 τὸν
1568 3664 1849 3717 πνευματι-

251 3740 341 3788 κόν
386 3739 533 3808 ἡμῶν
581 3740 787 3811 Πατέρα
826 3732 1130 3796 ἐνδοιάζον·
1188 3736 1480 3808 ἐπιμείνητε
1522 3736 1847 3808 εὐθυνόμενοι

797 3110 1221 3185 εῦχαριστητέον,
1253 3115 1343 3163 καὶ
1398 3111 1491 3162 οὐκ
1551 3110 1843 3183 ἀγανακτη-

249 3831 340 3879 καὶ
370 3825 655 3900 ἀρχόμενοι
684 3826 771 3877 ὑπ’
810 3825 988 3891 αὐτοῦ,
1048 3825 1108 3877 οὗ
1157 3825 1450 3888 ἓξελέξασθε
1496 3834 1847 3897 πνευματικοῦ

249 3919 464 3990 πατρὸς,
521 3915 591 3977 εἰς
652 3914 1002 3967 έπισύστασιν
1066 3915 1207 3987 ὑμῶν
1284 3917 1593 3980 θεόσωστον,
1638 3920 1728 3968 καὶ
1774 3916 1848 3977 εἰς

249 4003 639 4078 ἀποπεραίωσιν
665 4000 780 4076 βίου
811 4003 1098 4062 θεοκλινοῦς
1122 4020 1133 4033 ·
1190 4005 1259 4065 ὡς
1310 4005 1370 4055 ἄν
1400 4008 1493 4061 τὴν
1544 4003 1702 4066 ζάλην
1746 4013 1845 4057 τῶν

252 4096 521 4168 αἱρετικῶν
548 4095 848 4162 πνευμάτων
906 4089 1233 4164 διαφύγοιτε,
1283 4098 1372 4145 καὶ
1416 4092 1485 4154 εἰς
1522 4092 1702 4163 λιμένα
1747 4113 1847 4146 σω-

249 4187 437 4259 τηρίας
477 4181 851 4256 ἐμϐιϐάζοισθε
884 4200 895 4211 ·
932 4182 1001 4242 εἰς
1042 4186 1100 4233 τὸ
1146 4186 1217 4253 μη
1276 4180 1723 4254 βλασφημηθῆναι
1771 4179 1843 4234 δι’

250 4274 387 4344 ὑμᾶς
416 4275 474 4324 τὸ
506 4276 666 4345 ὄνομα
693 4278 785 4324 τοῦ
818 4278 971 4339 Θεοῦ,
1004 4269 1196 4343 μᾶλλον
1229 4267 1286 4322 δὲ
1315 4268 1635 4332 δοξασθῆναι
1672 4289 1683 4301 ·
1713 4274 1846 4323 κατὰ

249 4366 345 4420 τὴν
380 4366 824 4437 προκρατήσασαν
855 4360 1013 4431 εὐαγῆ
1071 4357 1339 4430 διαγωγὴν
1391 4368 1481 4420 τῆς
1508 4361 1648 4420 ζωῆς
1679 4361 1840 4432 ὑμῶν.

249 4456 318 4507 Σὺ
350 4449 429 4517 δε,
463 4448 645 4524 ἀδελφε
700 4449 954 4522 ἀγαπητε,
1003 4449 1098 4501 οὐκ
1147 4449 1241 4512 ἔξω
1282 4457 1374 4501 τοῦ
1414 4449 1611 4512 εἰκότος
1639 4455 1843 4522 πέπρα-

249 4561 374 4615 χας,
428 4541 505 4593 ἔπ’
569 4542 629 4592 οἶν
709 4541 867 4601 οὕτως
938 4541 1151 4610 ἐγένετο,
1234 4537 1594 4599 κατεληλυθὼς
1651 4538 1705 4590 ἐκ
1751 4547 1843 4600 τῆς

249 4631 383 4692 ὀπῆς
446 4638 538 4691 τῆς
618 4633 828 4705 πέτρας,
884 4633 974 4681 καὶ
1046 4630 1371 4700 ἡγησάμενος
1427 4637 1524 4680 τῶν
1587 4625 1838 4701 ἀδελφῶν.

252 4726 353 4775 Καὶ
403 4722 503 4794 γὰρ
567 4722 755 4794 Κύριος
808 4720 952 4791 ἡμῶν
1009 4718 1218 4780 Ἰησοῦς
1299 4722 1529 4790 Χριστὸς
1581 4736 1843 4788 συγκατα-

250 4810 402 4864 ϐάσει
439 4811 797 4885 χρησάμενος,
859 4811 913 4860 τὸ
970 4815 1064 4870 τῆς
1107 4807 1399 4879 οἰκονομίας
1453 4805 1699 4869 ἐξετέλεσε
1746 4828 1844 4879 μυ-

251 4904 466 4976 στήριον
533 4898 617 4951 ἐπὶ
661 4901 898 4970 σωτηρίᾳ
942 4905 1032 4950 τοῦ
1089 4902 1296 4957 παντός.
1349 4898 1507 4956 Στῆθι
1562 4893 1672 4965 οὖν,
1710 4900 1841 4950 καθὸ

247 4992 508 5063 κέκρικας,
558 4991 647 5039 καὶ
699 4990 935 5060 κέκριται
986 4988 1087 5038 ὑπὸ
1129 4995 1229 5038 τῶν
1286 4982 1539 5058 ἀδελφῶν,
1587 4986 1676 5046 ἕως
1718 4988 1843 5058 ἡμέ.

244 5096 338 5153 ρας
364 5073 670 5139 ἀναδείξεως
717 5083 808 5128 τοῦ
851 5077 986 5149 ἱεροῦ
1038 5077 1183 5148 ἡμῶν
1242 5074 1527 5148 ἀρχιερέως
1560 5089 1574 5104 ⁸
1608 5080 1697 5127 καὶ
1727 5079 1842 5128 τότε

246 5171 524 5240 γενήσεται
577 5166 601 5217 ὃ
642 5162 724 5217 δεῖ
768 5167 1006 5235 γενέσθαι
1047 5169 1394 5238 νομιμώτερόν
1450 5183 1503 5216 τε
1553 5169 1643 5217 καὶ
1691 5184 1841 5217 κανο-

246 5261 541 5329 νικώτερον.
590 5261 718 5313 Ἕως
793 5250 852 5306 δε
924 5253 984 5305 ἂν
1045 5258 1116 5326 μὴ
1203 5262 1342 5327 παρῇ
1407 5258 1592 5326 καιρὸς
1655 5252 1833 5315 έπιζη-

322 5415 365 5450 ⁸1
398 5411 513 5469 Job
542 5414 681 5478 i,'2t.
760 5394 806 5447 θ’
839 5410 986 5467 Psal.
1012 5426 1167 5480 cxiv,
1196 5412 1247 5465 Ἰ.
1326 5412 1372 5446 ⁸³
1406 5410 1560 5467 Psal.
1593 5426 1763 5475 cxvu,
1798 5416 1852 5467 6.

1509 328 2019 387 EPISTOLARUM
2060 330 2198 386 LIB.
2242 331 2311 387 II.

3458 331 3599 387 1458

1944 463 2237 521 fessionis.
2305 466 2404 521 Dic
2462 482 2599 522 cum
2646 466 2823 523 beato
2873 467 3025 522 Job:
3079 466 3368 523 Dominus
3417 466 3615 525 dedit!

1943 555 2231 610 Dominus
2259 556 2503 611 abstulit
2532 575 2552 621 ;
2582 558 2731 612 sicut
2766 558 3014 613 Domino
3044 557 3299 625 placuit,
3322 557 3407 612 ita
3433 560 3488 612 et
3503 558 3600 625 fa-

1943 650 2098 699 ctum
2114 651 2197 699 est
2230 646 2299 699 '1.
2323 644 2509 700 Effare
2527 646 2675 703 illud
2693 645 2930 700 Davidis
2954 646 3359 711 :Convertere,
3394 644 3599 701 anima

1942 748 2092 799 mea,
2124 733 2186 788 in
2218 736 2475 806 requiem
2498 742 2660 789 tuam
2683 736 2749 784 ει.
2782 735 2998 790 Anima
3020 735 3176 789 enim
3205 740 3325 799 tua,
3351 734 3455 788 ﬁlii
3476 732 3602 789 obi-

1944 828 2056 877 tus.
2092 823 2178 877 Ad
2207 823 2554 879 viduitatem
2588 840 2725 878 vero
2757 824 3105 895 respiciens,
3142 822 3415 878 exclama
3449 839 3462 875 :
3492 822 3602 877 Do-

1944 912 2137 966 minus
2167 912 2315 967 mihi
2342 912 2589 982 adjutor
2620 931 2635 966 :
2666 929 2785 968 non
2824 913 3034 968 timebo
3059 911 3206 983 quid
3234 912 3424 981 faciat
3453 911 3602 966 mihi

1945 999 2113 1055 homo
2162 1001 2228 1054 ⁵³.
2278 1000 2368 1056 Sic
2401 1002 2557 1055 enim
2605 1017 2975 1073 componens
3016 1003 3287 1072 teipsam,
3333 1001 3598 1072 primum

1942 1089 2184 1160 quidem
2209 1091 2391 1145 Deum
2408 1089 2759 1153 oblectabis,
2790 1096 3080 1161 tanquam
3115 1089 3447 1144 voluntarie
3484 1087 3601 1144 vic-

1942 1180 2175 1247 timam,
2208 1178 2363 1233 sicut
2395 1179 2719 1244 Abraham,
2752 1178 2941 1234 ﬁlium
2972 1178 3250 1235 offerens.
3291 1177 3514 1233 Deinde
3546 1182 3603 1233 et

1942 1266 2055 1339 ipsi
2077 1267 2428 1323 charissimo
2454 1267 2576 1324 ﬁlio
2590 1269 2995 1339 gratissimam
3015 1284 3142 1323 rem
3163 1267 3363 1332 facies,
3379 1282 3516 1322 cum
3548 1273 3601 1322 te

1942 1361 2110 1425 grato
2136 1357 2338 1410 animo
2354 1355 2642 1411 ferentem
2662 1356 2926 1428 aspiciet.
2944 1357 3179 1411 Casteris
3205 1356 3385 1411 etiam
3410 1354 3602 1411 omnia

1942 1444 2056 1500 bus
2073 1444 2413 1514 exemplum
2429 1450 2650 1501 sanctae
2664 1446 2964 1517 patientiae
2980 1444 3276 1517 praebebis
3288 1444 3347 1499 in
3370 1445 3601 1501 Christo

1942 1535 2078 1589 Jesu
2097 1534 2349 1589 Domino
2362 1542 2594 1600 nostro;
2615 1550 2795 1607 quem
2823 1550 3065 1591 oramus
3091 1539 3155 1589 ut
3172 1549 3275 1589 cor
3296 1542 3461 1589 tuum
3476 1539 3603 1590 tan-

1944 1638 2055 1692 gen
2066 1623 2165 1678 sin
2179 1624 2583 1680 misericordia
2597 1631 2649 1680 et
2663 1624 3138 1681 miserationibus
3153 1625 3222 1689 8‘,
3239 1623 3441 1679 lumen
3465 1638 3603 1679 con-

1945 1712 2253 1768 solationis
2277 1712 2378 1768 tibi
2406 1713 2700 1780 infundat,
2722 1729 2791 1769 ac
2816 1714 2997 1768 vitam
3017 1713 3400 1785 tranquillam
3427 1728 3597 1785 pera-

1946 1818 2081 1871 gere
2094 1802 2650 1874 concedat;vitaque
2662 1803 2774 1857 bac
2788 1802 3120 1858 secundum
3136 1805 3322 1857 Deum
3336 1806 3599 1873 peracta,

1946 1891 2047 1946 ﬁlii
2074 1891 2156 1946 tui
2187 1898 2568 1963 conspectus,
2602 1898 2658 1946 et
2689 1898 2924 1947 aeternae
2940 1908 3077 1947 cum
3096 1907 3166 1948 eo
3188 1890 3604 1947 exsultationis

1946 1985 2286 2052 compotem
2326 1981 2521 2037 faciat.

2209 2105 2436 2161 CXLVI.
2472 2136 2538 2147 —
2565 2104 2962 2162 Fraternitati
3000 2104 3311 2161 Pelecetes.

1943 2221 2041 2271 rite
2066 2222 2457 2286 obtemperent.

2020 2313 2203 2366 Triste
2256 2310 2400 2367 illud
2447 2311 2690 2382 quidem
2719 2310 2886 2383 quod
2926 2310 3096 2366 vobis
3140 2309 3372 2375 accidit,
3420 2309 3605 2365 hono-

1950 2400 2123 2456 randi
2152 2400 2359 2457 fratres
2381 2404 2720 2471 Patresque.
2761 2400 2869 2466 Qui
2900 2400 3060 2456 enim
3093 2415 3265 2454 secus
3286 2397 3316 2453 εἰ
3337 2414 3473 2454 cum
3502 2414 3607 2470 pa-

1952 2497 2171 2545 storem
2196 2495 2455 2545 vestruin
2480 2489 2816 2555 amiseritis,
2843 2489 3103 2561 factique
3125 2489 3249 2543 sitis
3274 2486 3433 2543 velut
3454 2486 3605 2543 ovile

1950 2580 2317 2643 destitutum,
2344 2579 2523 2650 idque
2548 2580 2606 2632 in
2630 2578 2721 2633 his
2747 2578 2984 2641 diebus,
3010 2594 3112 2648 per
3132 2593 3286 2649 quos
3306 2576 3429 2648 lupi
3452 2581 3607 2633 atro.

1953 2683 2047 2722 ces
2079 2667 2289 2723 Christi
2318 2668 2525 2723 caulas
2554 2667 2992 2737 ingrediuntur,
3033 2673 3088 2721 et
3118 2666 3351 2721 animas
3372 2665 3601 2736 deprae-

1952 2756 2083 2812 dari
2112 2761 2311 2812 avent.
2342 2761 2640 2822 Attamen,
2664 2758 2953 2828 quoniam
2973 2772 3009 2811 a
3036 2759 3153 2811 Deo
3178 2760 3264 2810 est
3283 2754 3446 2828 quod
3465 2769 3606 2809 con-

1956 2847 2101 2915 tigit,
2136 2846 2213 2901 ab
2252 2861 2443 2919 eoque
2482 2853 2830 2917 assumptus
2869 2851 2957 2900 est
2993 2850 3203 2916 pastor
3232 2850 3444 2909 vester,
3475 2858 3599 2914 quo

1953 2939 2222 3005 tempore
2263 2934 2525 3006 utrisque
2556 2934 2834 3006 eXpedire
2866 2938 3133 2999 noverat,
3175 2932 3279 3004 qui
3318 2932 3607 2987 omniain

1955 3023 2247 3093 sapientia
2269 3039 2381 3078 sua
2403 3023 2663 3093 disponit
2682 3023 2970 3078 Dominus
2997 3039 3009 3089 ;
3033 3022 3251 3092 gratias
3268 3036 3445 3091 agere
3469 3035 3607 3076 con-

1956 3115 2132 3175 venit,
2167 3127 2287 3167 non
2316 3127 2470 3181 aegre
2496 3111 2633 3167 fere.
2660 3112 2790 3182 Ipse
2821 3126 3084 3182 namque
3110 3110 3288 3175 dedit,
3317 3110 3443 3181 ipse
3473 3110 3606 3165 abs-

1955 3202 2095 3257 tulit
2128 3224 2146 3271 ,-
2174 3207 2229 3256 et
2258 3202 2409 3257 sicut
2438 3203 2681 3256 Domino
2706 3201 2937 3269 placuit
2968 3204 3054 3256 ita
3081 3209 3131 3255 et
3151 3201 3383 3269 factum
3409 3205 3492 3254 est
3523 3199 3598 3254 ⁸⁵.

1955 3292 2107 3355 Quid
2130 3306 2269 3360 ergo
2287 3296 2662 3361 exspectatur
2679 3290 2707 3344 ?
2727 3296 2787 3345 ut
2807 3290 3013 3344 ad'vos
3036 3288 3202 3360 ipsos
3224 3303 3384 3343 nunc
3404 3286 3609 3343 redea-

1957 3380 2028 3433 tis
2062 3396 2359 3451 :cumque
2383 3380 2549 3434 vobis
2582 3380 2773 3434 visum
2799 3379 2873 3433 sit
2912 3383 3213 3449 pastorem
3246 3376 3463 3447 eligere
3496 3375 3607 3431 do-

1958 3471 2183 3524 minum
2202 3468 2496 3537 Sergium,
2510 3467 2919 3537 religiosissim
2932 3484 3029 3523 um
3045 3467 3285 3522 fratrem
3302 3472 3570 3522 nostrum
3588 3460 3607 3530 ἐ

1955 3560 2068 3613 nisi
2084 3558 2473 3614 dubitationis
2488 3558 2758 3628 aliquida
2772 3556 3020 3612 domino
3032 3558 3288 3612 Macario
3315 3552 3607 3627 spirituali

1958 3648 2124 3703 Patre
2157 3654 2357 3703 nostro
2388 3648 2714 3703 intercedat
2747 3663 2759 3709 ;
2794 3646 3054 3717 pergatis
3097 3646 3173 3701 ab
3208 3644 3308 3700 illo
3341 3644 3517 3713 dirigi
3551 3647 3607 3700 et

1956 3736 2300 3806 gubernari,
2328 3753 2509 3808 quem
2549 3735 2916 3807 spiritualem
2954 3735 3181 3790 Patrem
3210 3733 3490 3804 elegistis,
3527 3733 3606 3788 ad

1955 3826 2274 3883 salutarem
2302 3827 2702 3881 constantiam
2735 3830 3018 3888 vestram,
3050 3828 3105 3879 et
3130 3822 3609 3900 consummatio-5

1956 3935 2092 3974 nem
2127 3917 2255 3972 vitae
2288 3918 2406 3971 Deo
2436 3916 2667 3971 devotae
2699 3932 2712 3981 ;
2739 3920 2801 3969 ut
2828 3913 3152 3985 procellam
3185 3913 3602 3968 haereticorum

1955 4007 2270 4078 spirituum
2312 4005 2600 4069 devitetis,
2643 4011 2697 4059 et
2736 4005 2795 4059 in
2836 4004 3041 4059 salutis
3076 4008 3317 4074 portum
3358 4001 3603 4056 inveha-

1956 4097 2097 4151 mini
2130 4112 2143 4149 :
2190 4111 2260 4149 ne
2302 4094 2748 4165 blasphemetur
2786 4098 3026 4165 propter
3066 4108 3169 4146 vos
3210 4106 3431 4145 nomen
3475 4090 3607 4156 Dei,

1954 4186 2056 4239 sed
2084 4185 2282 4256 potius
2304 4182 2869 4253 gloriﬁcetur,juxta
2890 4197 3022 4235 eam
3038 4196 3173 4251 quae
3201 4177 3597 4248 anteaviguit,

1956 4274 2085 4329 vitae
2112 4278 2314 4327 vestrae
2342 4275 2615 4325 sanctam
2640 4269 3088 4325 institutionem.
3116 4270 3198 4323 Tu
3231 4283 3393 4335 vero,
3412 4268 3602 4321 frater

1952 4363 2317 4429 charissime,
2354 4376 2472 4414 non
2514 4360 2839 4427 incongrue
2880 4357 3088 4423 fecisti,
3117 4355 3363 4428 quando
3398 4355 3478 4410 ita
3507 4371 3601 4410 res

1953 4454 2147 4514 cessit,
2178 4449 2341 4522 quod
2368 4465 2441 4504 ex
2467 4449 2636 4520 rupis
2664 4463 2915 4503 caverna
2933 4446 3225 4519 prodiisti,
3253 4461 3322 4498 ac
3349 4444 3599 4501 fratrum

1952 4541 2365 4611 praefecturam
2406 4538 2739 4609 suscepisti.
2781 4540 2929 4592 Nam
2963 4541 3019 4591 et
3068 4535 3355 4589 Dominus
3395 4537 3602 4589 noster

1950 4632 2120 4685 Jesus
2134 4629 2400 4685 Christus
2424 4626 2960 4683 condescendendo
2987 4622 3413 4680 incarnationis
3439 4639 3601 4694 mys-

1953 4720 2163 4776 terium
2189 4719 2265 4774 ad
2288 4717 2538 4773 salutem
2563 4718 2974 4771 universorum
3004 4714 3247 4783 peregit.
3268 4716 3369 4769 Sta
3398 4711 3593 4781 igitur,

1951 4807 2471 4881 quemadmodum
2499 4804 2827 4870 decrevisti,
2861 4804 3284 4874 decretumque
3315 4806 3401 4856 est
3423 4817 3459 4856 a
3484 4800 3598 4857 fra-

1952 4898 2160 4962 tribus,
2193 4896 2392 4968 quoad
2423 4895 2766 4963 designetur
2795 4897 3036 4948 sanctus
3066 4891 3307 4947 antistes
3349 4895 3547 4945 noster
3579 4906 3593 4957 ;

1952 4996 2006 5041 et
2046 4992 2182 5041 tunc
2222 4984 2486 5040 exactius
2517 4984 2659 5038 ﬁent
2688 4998 2820 5054 qua:
2849 4983 3015 5053 juxta
3044 4980 3203 5049 leges
3244 4985 3299 5034 et
3329 4994 3592 5034 canones

1951 5074 2293 5147 praestanda
2307 5075 2668 5128 sunt.Donec
2684 5088 2815 5127 vero
2830 5070 2983 5127 absit
2998 5077 3229 5140 tempus
3244 5068 3594 5140 expetitum,

1950 5170 2166 5237 praesto
2219 5162 2521 5225 fratribus,
2550 5167 2604 5216 et
2657 5175 3010 5231 prosperare
3071 5160 3129 5213 in
3165 5158 3433 5223 Domino,
3464 5161 3594 5212 tan-

1948 5270 2133 5325 quam
2164 5268 2269 5325 pro
2299 5251 2616 5307 animabus
2640 5250 2876 5305 illorum
2908 5248 3197 5304 rationem
3229 5245 3590 5311 redditurus,

1929 5410 1977 5444 “
2010 5408 2163 5464 Psal.
2194 5422 2292 5471 cu,
2325 5407 2382 5463 4.
2469 5407 2515 5441 ⁸⁵
2548 5403 2657 5461 Job
2690 5420 2727 5468 ι,
2761 5404 2854 5459 2t.

1810 5515 2036 5589 NQ'NE.

321 5627 439 5699 (37)
474 5631 534 5682 In
560 5626 700 5683 cod.
738 5628 880 5696 Reg.
919 5626 1021 5701 ρο’.
