4036 6276
437 310 571 367 M59
1688 302 1745 356 S.
1788 291 2156 353 THEODORI
2196 288 2518 346 STUDITE
3646 271 3796 329 1460

430 433 615 493 sedet
636 439 925 508 tanquam
947 434 1306 498 mercedem,
1337 446 1545 488 eorum
1577 443 1779 493 causa,
1809 425 2024 495 recepti

2202 419 2449 489 τούμενος,
2499 415 2633 484 ἡγοῦ
2687 417 2787 463 τῶν
2841 405 3094 480 ἀδελφῶν,
3143 408 3233 458 καὶ
3263 398 3556 457 κατευοδοῦ
3595 399 3647 453 ἐν
3686 399 3796 452 Κυ·

2460 503 2472 508 -
2678 501 2689 508 .
2781 496 2870 508 ...
3018 498 3030 508 .
3083 499 3091 508 .
3240 503 3261 508 _
3367 493 3378 508 .
3487 499 3507 508 -
3642 489 3654 506 ι
3707 497 3730 505 -

432 541 557 582 rus.
610 489 844 591 Quanto
886 524 1044 579 enim
1079 523 1273 594 majus
1321 526 1408 578 est
1447 521 1661 592 jugum
1693 515 2026 590 praefectura

2197 511 2306 578 οίῳ,
2353 509 2417 567 ὡς
2460 503 2611 575 λόγον
2663 496 2955 553 ἀποδώσων
3009 498 3135 570 ὑπὲρ
3196 503 3296 547 τῶν
3350 493 3544 565 ψυχῶν
3593 489 3791 552 αὐτῶν,

435 619 598 671 tanto
627 627 854 670 merces
879 611 1205 683 copiosior.

2196 595 2349 650 Ἀλλὰ
2399 597 2488 645 καὶ
2539 594 2608 654 ὡς
2658 593 2744 642 τὸν
2802 590 2928 662 ὑπὲρ
2978 586 3146 638 αὐτῶν
3206 585 3396 656 μισθὸν
3427 583 3790 652 κομιούμενος.

2193 686 2322 738 Καθ’
2353 685 2472 736 ὅσον
2527 682 2629 753 γὰρ
2685 683 2847 751 μέγας
2893 677 3051 748 ζυγὸς
3102 683 3198 734 τῆς
3248 674 3595 747 προστασίας,
3653 667 3800 720 κατὰ

2191 780 2438 826 τοσοῦτον
2463 774 2548 823 καὶ
2590 768 2934 840 πολῦμισθος.

505 880 758 934 Tantum
800 876 1006 932 oculos
1034 874 1188 932 habe
1223 880 1282 930 ut
1309 875 1534 940 videas,
1563 879 1620 930 et
1661 889 1834 930 aures
1864 875 2083 946 quibus

2262 867 2429 916 Μόνον
2486 863 2576 932 ἔχε
2657 857 2950 929 ὀφθαλμοὺς
3019 859 3111 905 τοῦ
3187 853 3332 924 όρᾷν,
3391 852 3482 901 καὶ
3535 848 3644 899 ὦτα
3697 850 3795 896 τοῦ

436 967 672 1035 audias,
713 981 815 1021 cor
851 964 1107 1034 vigilans
1147 971 1202 1020 et
1244 967 1428 1020 Deum
1467 979 1760 1035 quaerens,
1805 962 2030 1019 affectu:

2206 951 2416 1015 ἷικούειν,
2460 943 2684 1022 καρδίαν
2736 946 2999 1016 ἄγρυπνον
3036 945 3127 993 καὶ
3160 942 3491 1003 θεοζήτητον,
3542 935 3643 998 ἕξιν
3673 951 3800 987 ποι-

435 1054 822 1130 pastoralem,
841 1070 1181 1110 sermonem
1196 1060 1403 1125 aptum
1420 1053 1495 1108 ad
1511 1053 1871 1119 docendum,
1888 1068 2029 1107 mon

2209 1043 2468 1105 ιαντικὴν,
2525 1036 2672 1104 λόγον
2731 1031 2764 1086 δ
2771 1031 3129 1094 ιδασκαλικόν,
3202 1029 3456 1102 εὔρυθμον
3515 1025 3658 1089 ἦθος,
3716 1025 3803 1074 εῦ-

2675 1129 2679 1130 ,
2734 1121 2757 1130 Α
2787 1125 2796 1130 -
2977 1122 2990 1130 ρ
3026 1119 3043 1130 ι
3069 1123 3078 1130 .
3221 1114 3245 1130 Ω
3271 1118 3282 1130 ι
3330 1115 3369 1130 1"
3473 1115 3486 1130 ο
3546 1117 3556 1128 ι
3663 1119 3682 1128 -ι
3705 1111 3727 1130 Χ
3751 1115 3761 1124 ¹

437 1111 828 1216 compositos,
845 1149 1064 1200 statum
1079 1151 1134 1198 et
1150 1144 1447 1198 incessum
1461 1143 1660 1198 fausta
1675 1143 2031 1198 denotanten

2207 1149 2363 1201 τημον
2391 1131 2576 1180 στάσιν
2602 1129 2692 1177 καὶ
2724 1121 2884 1196 βάσιν
2922 1139 2934 1151 ⁸
2967 1122 2994 1172 ό
3026 1119 3178 1190 λόγος
3210 1114 3245 1170 δ
3251 1118 3282 1169 ι’
3323 1115 3442 1169 ὅλου
3464 1115 3564 1166 ὑπό
3593 1119 3684 1166 τοῦ
3705 1111 3801 1164 λό-

441 1235 789 1291 Sermonem
822 1233 986 1289 omni
1016 1249 1087 1288 ex
1113 1238 1280 1304 parte
1318 1233 1467 1288 ratio
1497 1233 1770 1287 observet
1799 1248 1868 1287 ac
1897 1246 2035 1301 rega

2209 1240 2289 1291 you
2353 1218 2760 1288 συντηρούμενος
2805 1215 2896 1263 καὶ
2955 1206 3363 1280 διευθυνόμενος.
3448 1209 3547 1258 Καὶ
3629 1201 3803 1274 μακά-

439 1323 522 1378 Ac
551 1323 762 1378 beatus
794 1337 881 1387 es,
912 1293 1310 1394 apostolicum
1353 1336 1505 1392 opus
1543 1336 1852 1391 peragens.
1888 1293 2033 1376 Dom

2211 1321 2308 1370 no;
2356 1304 2404 1360 εἷ
2445 1303 2788 1358 ἁποστολικόν
2827 1304 2972 1373 ἔργον
3004 1295 3280 1354 διατελῶν.
3342 1297 3445 1348 Καὶ
3498 1293 3654 1368 γὰρό
3699 1293 3805 1344 Κύ-

438 1425 556 1468 nus
598 1411 921 1483 siquidem,
955 1410 1314 1482 praecipuam
1349 1410 1570 1465 amoris
1596 1425 1737 1479 erga
1768 1410 1971 1481 ipsum
1993 1410 2028 1465 d

2216 1417 2303 1458 no;
2329 1391 2595 1456 ἀπόδειξιν
2649 1401 2740 1452 τῆς
2789 1390 2854 1450 εἰς
2889 1387 3044 1440 αὐτὸν
3102 1385 3272 1458 φιλίας
3321 1385 3663 1456 προῦχουσαν
3699 1380 3810 1430 ὑπ·-

439 1474 939 1557 monstrationem
957 1474 1114 1564 esse,
1137 1474 1303 1554 l’etro
1333 1499 1650 1571 coryphan
1666 1474 2026 1570 vapo-sloloru

2215 1485 2362 1548 ἔδειξε
2393 1485 2464 1554 τῷ
2516 1484 2783 1555 κορυφαίῳ
2831 1485 2930 1529 τῶν
2963 1474 3262 1528 ἀποστόλων
3302 1477 3495 1544 Πέτρῳ,
3541 1474 3633 1528 τὴν
3689 1486 3809 1520 ποι-

442 1588 724 1652 ostendit,
765 1589 990 1657 virgam
1043 1556 1402 1660 pastoralem
1483 1556 1552 1644 lSi
1597 1556 1797 1658 diligis
1845 1604 1955 1657 me,
2007 1589 2036 1642 i1

2213 1578 2454 1632 ιιαντικὴν
2478 1568 2714 1647 ῥάϐδον⁹
2762 1567 2831 1620 Εἰ
2879 1565 3086 1638 φιλεῖς
3138 1582 3210 1636 με
3237 1564 3363 1634 γὰρ,
3411 1564 3566 1660 φησὶ,
3614 1556 3807 1610 πλέον

443 1678 592 1751 quit,
605 1679 744 1747 plus
759 1677 867 1743 his,
901 1680 1422 1747 Petre.pasceoves
1450 1679 1686 1733 meas“.
1723 1678 2037 1746 Pasceigitt

2214 1667 2460 1727 τούτων,
2517 1664 2728 1733 Πέτρε,
2807 1659 3118 1727 ποίμαινε
3166 1654 3241 1704 τὰ
3321 1648 3608 1724 πρόϐατά
3660 1665 3808 1718 μου.

446 1782 584 1824 oves
618 1768 847 1822 Domini
878 1788 890 1832 ;
917 1773 1072 1822 tutas
1120 1766 1248 1822 illas
1280 1771 1570 1838 praestans
1610 1767 1669 1822 in
1715 1766 1970 1822 mandra
2000 1783 2034 1820 ο

2220 1759 2457 1826 Ἱοίμαινε
2483 1747 2570 1802 οὖν
2596 1750 2662 1800 τὰ
2699 1744 2936 1821 πρόϐατα
2965 1747 3180 1814 Κυρίου.
3202 1739 3640 1812 Ἀσφαλιςόμενος
3669 1735 3814 1787 αὐτὰ

444 1823 720 1912 thodoxae
765 1823 924 1921 ﬁdei,
963 1855 1230 1911 nutriens
1278 1823 1408 1910 illas
1468 1855 1738 1924 gramine
1782 1855 2038 1910 mandati

2222 1865 2251 1895 ν
2282 1823 2343 1914 τῇ
2376 1837 2586 1914 μάνδρᾳ
2634 1844 2728 1897 τῆς
2783 1831 3106 1910 ὁρθοδοξίας,
3166 1835 3256 1882 καὶ
3286 1828 3537 1903 ἐκτρέφων
3576 1823 3816 1924 aur-dific

445 1959 580 2001 rum
607 1945 754 2015 ejus,
783 1951 840 2000 et
868 1944 1169 2000 collocans
1203 1960 1388 2016 prope
1419 1960 1644 2016 aquam
1673 1945 1956 2016 requietis
1986 1962 2039 2000 ν(

2223 1932 2372 2005 ίλόην
2411 1938 2510 1982 τῶν
2563 1926 2770 1980 ἐντολῶν
2823 1923 3003 1987 αὐτοῦ,
3057 1925 3148 1973 καὶ
3177 1924 3518 1976 κατασκηνῶν
3567 1917 3652 1968 επὶ
3675 1909 3817 1966 ὓδα-

446 2005 694 2089 luntatis
721 2005 868 2104 ejus.
898 2032 1043 2088 Vide
1082 2047 1156 2088 ne
1187 2005 1289 2088 aut
1317 2005 1631 2103 abripiaris
1664 2005 1812 2103 ipse,
1845 2039 1948 2089 aut
1979 2033 2040 2087 ul}

2220 2043 2294 2084 ro;
2319 2020 2653 2076 ἀναπαύσεως
2685 2022 2772 2066 τοῦ
2815 2013 3105 2083 θελήματος
3154 2008 3334 2062 αὐτοῦ.
3393 2005 3550 2060 Βλέπε
3601 2009 3670 2076 μή
3705 2022 3814 2056 που

449 2122 653 2179 ovium
674 2091 938 2188 tuarum,
963 2122 1040 2177 ab
1061 2121 1350 2177 haereticis
1367 2091 1601 2176 belluis.
1627 2091 1940 2177 sufﬁciunt
1962 2139 2041 2194 qu

2220 2113 2517 2184 ὕφαρπαγῇς
2586 2109 2616 2164 ἦ
2675 2104 2851 2166 αὐτὸς,
2905 2105 2936 2159 ἧ
2999 2109 3098 2152 τῶν
3160 2103 3356 2150 σαυτοῦ
3408 2115 3461 2147 τι
3511 2091 3814 2158 προϐάτων,

449 2211 738 2268 hactenus
786 2213 1106 2280 contigere.
1153 2214 1318 2267 Nunc
1363 2226 1568 2265 secure
1612 2210 1992 2267 ambulemus

2223 2179 2435 2253 Βπό-τῶν
2464 2179 2756 2268 γαίρετικῶν
2827 2193 3015 2264 θηρῶν.
3065 2188 3242 2263 Ἀρκεῖ
3293 2188 3360 2238 τὰ
3400 2181 3730 2258 προλαϐόντα
3761 2179 3817 2232 ἐν

452 2299 577 2356 sine
602 2300 777 2371 lapsu
805 2319 816 2358 :
851 2275 993 2356 nulli
1023 2299 1103 2355 rei
1131 2306 1460 2370 parcentes,
1489 2301 1536 2354 si
1558 2316 1650 2355 res
1680 2300 1965 2372 postulat,
1992 2317 2046 2356 ne

2222 2296 2314 2350 τοῖς
2383 2283 2725 2361 προλαϐοῦσι.
2793 2288 2900 2334 Νῦν
2947 2275 3005 2332 δὲ
3053 2275 3295 2349 ἀσφαλῶς
3350 2276 3816 2346 περιπατήσωμεν,

452 2390 601 2462 ipsis
636 2390 814 2445 etiam
855 2388 1228 2460 corporibus,
1269 2389 1493 2444 nedum
1533 2389 1698 2444 alteri
1727 2390 1984 2461 cuipiam
2018 2407 2045 2444 ι-

2227 2383 2301 2431 cui
2351 2375 2693 2448 ἀνεμπτὼτως
2728 2388 2740 2401 ·
2785 2371 2955 2422 πάντα
3014 2363 3234 2438 δεύτερα
3271 2365 3574 2436 ἡγούμενοι,
3627 2365 3821 2432 καιροῦ

454 2449 838 2548 corruptibili,
877 2449 987 2549 pro
1021 2449 1335 2532 dilectione
1378 2478 1476 2532 Dei
1513 2494 1525 2544 ;
1557 2479 1730 2548 cujus
1755 2449 1870 2549 pax
1900 2495 2039 2550 rcgu

2229 2467 2510 2529 ιαλοῦντος,
2560 2466 2649 2514 καὶ
2696 2459 2831 2513 αὐτὰ
2885 2460 2951 2510 τὰ
3005 2461 3245 2530 σώματα,
3295 2459 3366 2527 μὴ
3400 2454 3480 2505 ὅτι
3508 2470 3568 2522 γε
3598 2449 3720 2502 ἄλλο
3762 2469 3823 2501 τι

453 2565 516 2624 in
554 2566 833 2622 cordibus
863 2567 1075 2622 vestris
1106 2570 1163 2620 et
1191 2567 1249 2621 in
1281 2567 1745 2635 cogitationibus
1778 2569 2010 2634 vestris,

2223 2564 2321 2608 τῶν
2353 2554 2714 2626 φθειρομένων,
2767 2549 2893 2620 ὑπὲρ
2941 2553 3033 2605 τῆς
3092 2543 3297 2616 ἀγάπης
3344 2548 3435 2594 τοῦ
3472 2545 3643 2595 Θεοῦ·
3679 2536 3741 2590 οὗ
3783 2539 3817 2595 ἡ

457 2653 673 2726 dirigat
685 2654 844 2712 viam
857 2660 1117 2712 vestram
1141 2654 1202 2711 in
1221 2630 1442 2712 Christo
1456 2657 1484 2710 J
1490 2671 1591 2713 esu
1606 2656 1858 2712 Domino
1879 2630 2051 2713 nostri

2233 2645 2400 2716 εἰρήνη
2473 2639 2752 2716 βραϐεύσει
2815 2638 2910 2697 τὰς
2960 2630 3184 2707 καρδίας
3239 2633 3402 2705 ὑμῶν,
3447 2634 3539 2682 καὶ
3591 2630 3657 2680 τὰ
3703 2631 3827 2684 νοό-

2225 2753 2365 2808 ματα
2394 2733 2536 2804 ὑμῶν
2571 2746 2583 2758 ·
2635 2730 2724 2780 καὶ
2766 2727 3078 2778 κατευθύναι
3125 2726 3218 2780 τὴν
3258 2717 3382 2774 ὁδὸν
3432 2721 3574 2792 ὑμῶν
3614 2722 3666 2771 ἐν
3695 2724 3830 2790 Χριο

2225 2831 2332 2894 στῷ
2365 2821 2542 2879 Ἰησοῦ
2568 2825 2640 2889 τῷ
2670 2819 2846 2888 Κυρίῳ
2868 2815 3032 2886 ἡμῶν.

570 2959 822 3016 CXLVII.
859 2990 925 3000 —-
959 2959 1334 3016 Catechetica
1363 2959 1444 3017 ad
1479 2975 1614 3016 suos
1642 2960 1990 3030 discipulos.
2091 3019 2100 3026 κ

2219 2949 2368 3008 PMZ'
2414 2947 2552 3020 (38).
2606 2975 2673 2987 —
2725 2943 3161 3014 Κατηχητικὸ
3203 2940 3363 3012 πρὸς
3398 2938 3548 2998 τοὺς
3589 2933 3813 2988 ἑαυτοῦ

2749 3031 3062 3105 μαθητάς.
3106 3025 3298 3101 [ψκθ¹.]

945 3132 1014 3182 Ut
1041 3131 1514 3198 Quadragesimam
1543 3137 1723 3184 sancte
1749 3137 2010 3198 peragant
2042 3149 2053 3182 :
2087 3149 2148 3186 ac
2187 3137 2457 3204 prmcipue
2488 3132 2779 3182 mulierum
2815 3127 3085 3191 colloquia
3114 3125 3348 3188 fugiant.

531 3223 791 3279 Instante
817 3237 987 3278 sacra
1009 3222 1502 3293 Quadragesima,
1531 3231 1937 3294 opportunum
1968 3225 2110 3280 duxi

2293 3234 2401 3288 Τῆς
2466 3227 2604 3296 ἱερᾶς
2645 3225 3087 3290 Τεσσαρακοστῆς
3139 3211 3245 3274 ἤδη
3289 3213 3557 3276 ἐπιούσης,
3588 3213 3823 3284 εὔκαιρον

461 3312 669 3384 paucis
687 3327 792 3367 vos
817 3311 1006 3380 affari,
1034 3312 1136 3367 ﬁlii
1175 3313 1536 3378 charissimi,
1564 3311 1896 3384 fratresque
1926 3315 2055 3369 lion«

2233 3317 2508 3389 ἡγησάμην
2565 3311 2778 3384 βραχέα
2816 3306 3141 3380 φθέγξασθαι
3186 3306 3312 3378 πρὸς
3369 3304 3522 3374 ὑμᾶς,
3577 3297 3617 3352 ὦ
3674 3302 3827 3352 τέκνα

460 3399 744 3458 ratissimi
777 3417 790 3456 :
819 3407 874 3456 et
904 3402 1146 3471 quidem
1192 3401 1269 3458 ab
1313 3401 1596 3473 Apostolo
1629 3402 1975 3458 admonitus
2005 3403 2054 3458 ο]

2232 3407 2558 3477 ἠγαπημένοι,
2627 3405 2716 3452 καὶ
2755 3394 2971 3468 ἀδελφοὶ
3020 3399 3330 3467 τιμιώτατοι
3363 3413 3376 3426 ·
3440 3394 3678 3461 καίτοιγε
3723 3389 3826 3439 ὑπὸ

464 3504 717 3555 secrare,
773 3504 1043 3559 arguere,
1097 3491 1426 3563 increpare,
1476 3499 1836 3562 opportune,
1886 3492 2058 3563 impo:

2235 3502 2316 3547 τοῦ
2369 3489 2690 3546 Ἀποστολον
2745 3483 3083 3559 παρακαλεῖν,
3135 3481 3385 3554 ἐλέγχειν.
3436 3478 3703 3549 ἐπιτιμᾷν,
3748 3474 3829 3528 εὐ-

463 3581 603 3633 tune
633 3579 702 3631 ⁸⁷.
729 3579 895 3632 Nunc
925 3593 1065 3633 vero
1090 3578 1301 3650 jejunii
1334 3584 1567 3649 tempus
1590 3594 1696 3649 per
1722 3579 1986 3650 seipsum
2011 3596 2057 3634 at

2233 3586 2438 3655 ιιαίρως,
2500 3579 2722 3651 ἀκαίρως
2771 3576 3198 3648 προτρεπόμενος.
3245 3577 3353 3624 Νῦν
3393 3565 3451 3621 δὲ
3499 3568 3525 3619 ὁ
3595 3573 3692 3626 τῆς
3737 3584 3827 3623 νη.

462 3665 861 3723 hortationem
879 3665 1078 3728 habet,
1092 3667 1316 3739 quippe
1333 3667 1496 3738 quod
1510 3667 1677 3722 novit
1693 3667 1871 3722 etiam
1893 3668 2056 3724 durm

2229 3676 2402 3732 στείας
2468 3671 2650 3740 καιρὸς
2710 3660 3097 3717 αὐτοδίδακτον
3151 3664 3267 3731 ἔχει
3319 3663 3411 3718 τὴν
3468 3655 3823 3730 παράκλησιν,

463 3770 535 3819 ac
578 3753 929 3826 praefactum
962 3771 1388 3827 compungere.
1437 3756 1729 3827 Suscipite
1761 3757 1954 3827 igitur,
2000 3757 2057 3813 fr.

2236 3761 2571 3814 ιατανύσσειν
2647 3752 2798 3816 εἰδὼς
2867 3757 2955 3804 καὶ
3028 3755 3115 3803 τὸν
3176 3750 3486 3824 ἀτεράμονα.
3543 3741 3830 3808 Ὑποδέξα-

2276 3841 2931 3854 -__....-

464 3843 817 3912 tres,libenti
834 3845 1037 3900 animo
1059 3845 1413 3900 dieslaatitiaa
1435 3861 1450 3911 ;
1471 3846 1885 3917 unusquisque
1910 3847 1967 3900 in
1993 3863 2058 3919 qr

2229 3851 2319 3904 σθε
2351 3849 2462 3914 οὖν,
2514 3848 2553 3898 ὦ
2607 3841 2841 3916 ἀδελφοὶ,
2897 3843 3114 3913 ἄσμενοι
3167 3841 3256 3900 τὰς
3307 3837 3532 3913 ἱλαρίους
3585 3838 3779 3908 ἡμέρας
3811 3853 3823 3866 ·

2229 3939 2241 3943 ι
2507 3935 2518 3943 ι
2638 3942 2642 3943 ,
2855 3931 2908 3943 ιι
3097 3929 3121 3943 ν
3178 3928 3204 3943 ν
3269 3927 3314 3943 σί.
3530 3927 3541 3940 \
3639 3923 3652 3933 ⁸
3704 3925 3755 3943 ﬂ!
3809 3942 3823 3943 η

465 3934 797 3990 diversorio
839 3934 1194 4005 hospitatur,
1235 3950 1371 4006 quae
1419 3936 1600 3990 moris
1639 3941 1777 3989 sunt
1819 3950 2059 4006 peraget

2235 3939 2442 4000 ἕκαστος
2499 3935 2546 3988 ἐν
2591 3942 2664 4005 τῷ
2721 3931 3046 4002 καταλύματι
3088 3929 3128 4000 ᾧ
3176 3927 3448 3992 ξενίζεται,
3488 3927 3555 3978 τὰ
3610 3923 3829 3976 εἰωθότα

2339 4029 2347 4032 -
2404 4023 2423 4032 ιι
2445 4029 2452 4032 .
2657 4024 2665 4032 ι
2790 4020 2807 4032 ι
2833 4029 2843 4032 -
2978 4021 2990 4031 ο
3100 4019 3121 4032 ιν
3192 4013 3215 4032 ﬁ
3251 4019 3261 4032 ι
3357 4023 3377 4032 α.
3475 4015 3486 4030 ε
3630 4017 3640 4028 ι
3809 4016 3819 4028 ν

464 4037 575 4096 pro
607 4022 849 4089 viribus,
876 4028 938 4079 ut
969 4039 1072 4094 per
1101 4023 1398 4078 silentium
1425 4024 1732 4094 victusque
1762 4025 2058 4095 parcitatel

2230 4029 2362 4080 κατὰ
2392 4023 2615 4096 δύναμιν
2646 4020 2887 4076 ἐπιτελῶν
2918 4039 2928 4050 ·
2965 4021 3036 4080 ὡς
3086 4019 3148 4070 οἶν
3181 4013 3276 4070 διὰ
3316 4023 3408 4076 τῆς
3465 4015 3702 4085 ἡσυχίας
3738 4016 3824 4064 καὶ

467 4127 570 4168 cor
594 4127 939 4182 purgemus,
967 4113 1237 4167 animam
1263 4112 1610 4178 evehamus,
1641 4113 1778 4168 vitia
1810 4113 2056 4168 conculc

2229 4117 2623 4190 μετριοτροφίας
2678 4111 2984 4183 καθάρωμεν
3041 4103 3287 4179 καρδίαν,
3338 4109 3683 4176 πτερώσωμεν
3725 4100 3823 4171 ψυ-

467 4217 623 4258 mus.
655 4201 775 4256 Hoc
803 4202 961 4256 enim
981 4201 1300 4272 jejunium,
1330 4201 1441 4256 hoc
1464 4200 1789 4272 silentium,
1815 4203 1928 4257 hoc
1952 4219 2061 4257 mal

2230 4210 2355 4278 χὴν,
2387 4207 2736 4278 πτερνίσωμεν
2762 4201 2928 4256 πάθη.
2959 4204 3122 4250 Τοῦτο
3158 4196 3260 4270 γὰρ
3303 4196 3334 4252 ἡ
3385 4195 3603 4251 νηστεία
3636 4208 3648 4220 ·
3676 4196 3824 4242 τοῦτο

468 4289 677 4346 datum
700 4289 910 4360 exigit:
939 4290 1053 4344 hoc
1071 4289 1278 4344 salutis
1311 4297 1528 4345 nostras
1550 4297 1839 4361 estcaput
1861 4310 1875 4360 ;
1897 4307 1967 4346 ex
1995 4307 2062 4363 qr

2232 4297 2440 4366 ἡσυχία
2469 4310 2483 4323 ’
2538 4299 2689 4345 τοῦτο
2719 4292 2748 4348 ἡ
2803 4287 2978 4346 ἐντολὴ
3012 4286 3339 4347 ἐπιζητοῦσα
3361 4303 3372 4316 ⁸
3429 4289 3584 4335 τοῦτο
3611 4287 3703 4342 τῆς
3729 4299 3826 4333 σω-

468 4385 525 4435 et
567 4379 644 4435 ad
696 4378 1113 4449 participanda
1165 4385 1542 4435 sacramenta
1571 4379 1761 4435 facilis
1805 4380 1979 4435 nobis
2009 4395 2062 4434 er

2231 4388 2410 4455 τηρίας
2466 4383 2610 4453 ἡμῶν
2655 4378 2926 4451 κεφάλαιον
2957 4393 2968 4405 ·
3023 4374 3076 4438 ἐξ
3119 4375 3179 4427 οὗ
3222 4375 3398 4425 καὶτὸ
3437 4375 3676 4443 μετέχειν
3728 4378 3825 4421 τῶν

2240 4472 2250 4476 -
2464 4474 2470 4476 .
2649 4471 2667 4476 ..
2752 4466 2770 4476 ,ι
2847 4468 2859 4476 ι
2920 4475 2935 4476 κν
3032 4465 3044 4476 ε
3137 4469 3145 4476 .
3426 4461 3499 4476 —\\
3610 4457 3644 4476 δ’
3693 4459 3720 4476 In
3774 4467 3792 4476 ο

469 4466 692 4533 aditus,
709 4473 886 4538 atque
903 4468 1055 4522 adeo
1085 4466 1220 4522 vitae
1238 4474 1472 4523 aeternas
1493 4469 1794 4524 viaticum.
1832 4469 1942 4534 Qui
1961 4470 2063 4524 eni.

2233 4472 2573 4543 ἁγιασμάτων
2624 4471 2700 4527 ε’ίη
2747 4466 2806 4520 ἂν
2838 4468 2962 4539 ἡμῖν
2995 4465 3323 4537 εὐπρόσιτον,
3375 4461 3566 4534 μᾶλλον
3597 4457 3657 4512 δὲ
3689 4459 3827 4519 ζωῆς

467 4557 856 4614 manducatet
875 4555 1016 4611 bibit
1031 4555 1294 4627 indigne,
1315 4557 1428 4612 hoc
1449 4564 1558 4622 est,
1584 4573 1702 4612 non
1734 4574 1897 4628 pure,
1913 4574 2061 4628 quoa

2231 4562 2436 4614 αἰωνίου
2469 4557 2694 4631 ἐφόδιον.
2746 4557 2804 4609 Ὀ
2847 4558 2966 4630 γὰρ
3017 4553 3243 4606 ἐσθίων
3288 4556 3397 4603 καὶ
3440 4555 3633 4604 πίνων
3692 4549 3825 4599 ἁνα-

2231 4651 2256 4656 _
2440 4650 2455 4656 ,
2678 4651 2687 4656 .
2811 4648 2829 4656 -
2921 4653 2938 4656 __
3036 4645 3055 4656 .
3201 4641 3212 4656 ,
3259 4638 3307 4656 ..
3431 4647 3438 4654 .
3541 4646 3562 4656 -
3801 4643 3821 4653 -

466 4645 682 4704 humili
707 4651 931 4701 naturas
955 4652 1171 4701 nostra;
1191 4645 1344 4712 licet,
1349 4647 1649 4717 judicium
1664 4647 2060 4703 sibimanduct

2229 4651 2392 4714 ξίως,
2435 4650 2596 4719 ἦγουν
2627 4651 2696 4718 μὴ
2734 4648 2995 4717 καθαρῶς,
3029 4645 3148 4696 ὅσον
3193 4638 3467 4713 ἐνδέχεται
3503 4646 3562 4711 τῇ
3611 4643 3822 4708 ταπεινῇ

471 4743 524 4794 et
553 4735 720 4804 bibit,
739 4735 908 4804 juxta
936 4737 1288 4791 sententiam
1312 4735 1725 4806 apostolicam,
1755 4751 1874 4791 non
1900 4736 2065 4807 dijud

2236 4741 2373 4811 ἣμῶν
2413 4741 2585 4810 φύσει,
2618 4743 2818 4810 κρῖμα
2849 4734 3055 4805 ἐαυτῷ
3085 4732 3299 4785 ἐσθίει
3329 4734 3436 4782 καὶ
3465 4733 3658 4788 πίνει,
3695 4728 3830 4778 κατὰ

471 4840 614 4883 cans
645 4839 859 4893 corpus
884 4824 1124 4880 Domini
1145 4826 1210 4878 6⁸.
1239 4825 1610 4894 Quapropter
1636 4825 1772 4880 eniti
1796 4825 2065 4880 debemu

2236 4831 2318 4885 τὴν
2349 4825 2699 4882 ἀποστολικην
2721 4822 3000 4894 ἀπόφασιν,
3030 4824 3111 4893 μὴ
3146 4816 3498 4892 διακρίνων
3537 4817 3606 4868 τὸ
3651 4822 3830 4886 σῶμα

469 4913 679 4971 fratres
704 4913 840 4978 mei,
869 4913 1021 4968 utab
1046 4913 1340 4968 indecenti
1364 4912 1680 4979 desiderio,
1710 4922 1765 4968 et
1792 4917 1868 4969 ab
1893 4914 2050 4968 invid

2235 4923 2337 4968 τοῦ
2389 4917 2652 4987 Κυρίου.
2683 4915 2780 4966 Διὰ
2809 4919 2961 4964 τοῦτο
2987 4909 3320 4981 ἀγωνιστέον,
3349 4902 3562 4978 ἀδελφοὶ
3588 4923 3710 4976 μου,
3739 4908 3829 4956 καὶ

470 5020 608 5078 quae
655 5002 919 5058 animam
971 5003 1184 5066 exedit,
1219 5008 1276 5056 et
1313 5001 1392 5057 ab
1423 5003 1667 5058 avaritia
1695 5019 1831 5073 qua:
1857 5012 2064 5058 mente]

2237 5003 2330 5058 Ξιπὸ
2381 5003 2658 5076 ἐπιθυμίας
2711 5002 2952 5067 ἐκτόπου,
3004 5004 3094 5052 καὶ
3153 4997 3251 5050 ἀπὸ
3310 4999 3496 5069 φθόνου
3529 4995 3831 5048 κατεσθίον-

473 5093 820 5163 submergit,
844 5091 987 5147 etab
1011 5092 1217 5147 acedia
1243 5107 1378 5162 quae
1408 5091 1623 5147 animae
1646 5091 1820 5146 oculo
1842 5094 2067 5148 tenebrz

2232 5115 2312 5157 τος
2361 5093 2562 5166 ψυχὴν,
2619 5097 2709 5145 καὶ
2759 5089 2858 5144 ἀπὸ
2906 5090 3250 5162 φιλαργυρίας
3305 5084 3630 5160 βυθιζούσης
3686 5090 3826 5150 νοῦν,

470 5181 743 5247 offundit,
786 5197 969 5253 puros
1011 5197 1119 5237 nos
1158 5180 1590 5247 custodiamus,
1635 5196 1870 5252 semper
1909 5198 2064 5253 exspt

2238 5189 2317 5236 ιιαὶ
2350 5184 2448 5236 ἀπὸ
2482 5179 2708 5243 ἆκηδίας
2762 5175 3404 5250 σκοτιζούσηςςόφθαλμόν
3425 5175 3632 5247 ψυχῆς,
3669 5175 3832 5227 καθα-

474 5277 698 5330 ctantes
737 5271 1003 5341 corporis
1039 5269 1284 5334 exitum,
1326 5285 1448 5340 quo
1478 5269 1619 5326 vitia
1661 5277 2031 5337 exarescunt,
2065 5298 2068 5321 ι

2237 5277 2347 5344 οοὺς
2400 5273 2616 5332 ἑαυτοὺς
2696 5267 2987 5344 διατηρεῖν,
3063 5263 3525 5341 προσδεχομένους
3601 5262 3680 5316 ἀεὶ
3737 5267 3831 5320 τὴν

543 5400 590 5435 ⁸⁸
627 5399 798 5454 Joan.
826 5412 947 5465 xxx,
986 5399 1066 5450 l5.
1145 5395 1188 5430 ⁸⁷
1224 5394 1272 5448 II
1302 5394 1448 5450 Tim.
1483 5409 1561 5465 ιν,
1592 5397 1652 5451 2.
1738 5395 1783 5429 ⁸⁸
1816 5395 1837 5448 l
1867 5396 1998 5451 Cor.
2022 5411 2099 5460 χι,
2129 5395 2223 5450 29.

1969 5482 2201 5540 ΝΟΤΛΕ.

577 5577 686 5648 (38)
718 5577 776 5629 In
809 5572 942 5629 cod.
979 5575 1114 5643 Reg.
1147 5570 1289 5646 poﬁ'.
