4036 6276
240 300 377 357 1461

1526 298 2035 357 EPISTOLARUM
2076 302 2212 357 LIB.
2257 304 2322 357 II.

3465 304 3607 361 1462

238 434 333 481 τοῦ
359 430 604 500 σώματος
647 422 845 492 ἔξοδον,
874 423 947 497 ἐφ’
1063 428 1278 484 τήκεται
1310 426 1392 478 τὰ
1418 427 1582 491 πάθη,
1613 430 1703 478 καὶ
1730 446 1831 479 νευ-

1952 428 2158 484 anima
2201 428 2641 485 corroboratur.
2690 429 2954 487 Claudite
2978 429 3217 486 auditus
3258 431 3539 486 vitiorum
3583 449 3597 486 :

236 523 423 591 ροῦται
447 515 627 588 ψυχή.
668 514 867 569 κλείετε
919 516 1008 575 τὰς
1038 511 1276 576 εἰσόδους
1320 523 1420 567 τῶν
1446 517 1623 567 παθῶν
1660 530 1673 542 ⁸
1726 518 1841 588 φεύ-

237 625 353 679 γετε
408 608 531 667 τοὺς
578 612 676 657 τῶν
731 605 1022 677 πτωμάτων
1070 608 1262 666 τόπους
1303 621 1316 634 ⁸
1347 607 1553 676 φεύγετε
1603 606 1696 665 τὰς
1748 624 1839 675 γυ-

237 699 469 757 ναικείας
507 693 708 766 ὀμιλιος
731 697 820 745 καὶ
875 690 1291 756 συνδιαιτήσεις.
1325 700 1438 754 Πῶς
1492 696 1590 768 γὰρ
1642 694 1703 745 άν
1751 696 1839 745 καὶ

237 789 310 858 μὴ
361 784 608 857 φλεχθείη
640 780 859 857 καρδία,
903 782 1093 856 μᾶλλον
1124 780 1184 836 δὲ
1235 786 1605 855 ἓμπυρισθείη,
1660 783 1838 854 λόγους

239 870 476 927 διδοῦσα
523 878 613 925 καὶ
651 871 990 944 λαμϐάνουσα
1045 875 1177 944 μετὰ
1204 875 1461 947 παρθένου
1494 890 1507 939 ;
1540 875 1671 944 μετὰ
1706 872 1836 944 ψαλ-

235 963 428 1025 λούσης
480 979 495 1029 ;
548 963 660 1035 μεθ’
717 963 826 1023 οῖας
883 958 1082 1021 δήποτε
1136 967 1438 1032 γυναικὸς;
1489 969 1619 1027 Πῶς,
1680 967 1832 1034 φησὶ,

239 1053 547 1125 θεολογικῶς
599 1052 775 1117 εἰπεῖν,
828 1056 990 1104 σώσει
1031 1053 1059 1109 ἡ
1114 1050 1359 1125 ἀλλοτρία
1409 1052 1462 1103 ὃν
1515 1050 1832 1111 ἀπώλεσενῆ

238 1139 356 1195 ἰδία
387 1158 402 1210 ;
429 1139 526 1194 κᾶν
548 1144 650 1215 γὰρ
697 1149 1077 1216 πραγματικῶς
1126 1137 1292 1204 δόξειέ
1316 1160 1399 1204 τις
1439 1141 1786 1214 φυλάττεσθαι
1819 1158 1833 1172 ο

234 1230 365 1285 ἀλλά
389 1251 449 1303 γε
504 1228 806 1305 καρδιακῶς
843 1230 902 1284 ού
951 1228 1219 1304 διασωθῇ,
1268 1233 1405 1284 κατὰ
1433 1236 1527 1290 τήν
1571 1233 1834 1304 ἀπόφασιν

237 1327 331 1375 τοῦ
355 1325 574 1394 Κυρίου.

301 1410 362 1464 Ὀ
392 1407 630 1482 διωγμὸς
685 1405 773 1462 οὖν
818 1408 877 1462 οὐ
933 1406 1007 1462 δι’
1055 1408 1330 1476 ἀπώλειαν,
1382 1408 1514 1463 ἀλλά
1544 1407 1638 1463 διὰ
1669 1429 1835 1468 σωτη-

230 1504 348 1573 ρίαν
382 1518 396 1532 ·
426 1497 552 1553 οὐδὲ
601 1501 830 1557 τοσαύτη
863 1498 1061 1571 ἀνάγκη
1094 1505 1478 1569 κατεπείγουσα
1527 1500 1599 1563 εἰς
1625 1503 1681 1553 τὸ
1717 1520 1834 1553 συν-

233 1587 545 1643 διαιτᾶσθαι
570 1608 800 1661 γυναικι,
828 1590 996 1649 καθὼς
1027 1592 1075 1641 ἓν
1106 1596 1210 1650 τοῖς
1234 1591 1474 1663 Πατράσι
1502 1593 1559 1642 τὸ
1586 1608 1831 1661 περιστα-

229 1683 373 1732 τικόν
425 1680 715 1750 ἠνάγκασεν
764 1679 864 1730 ὑπὸ
915 1680 1148 1752 παρθένῳ
1201 1681 1286 1730 τὸν
1319 1674 1564 1750 ἀοίδιμον
1615 1678 1832 1731 Ἀθανά-

1950 515 2351 573 offensionum
2373 517 2505 574 loca
2527 518 2739 591 fugite:
2761 518 2944 590 fugite
2967 519 3281 576 muliebria
3294 519 3595 591 colloquia

1949 613 2006 661 et
2035 606 2448 663 contubernia.
2478 609 2606 672 Quo
2628 608 2787 663 enim
2802 614 2978 679 pacto
3002 624 3121 664 non
3136 608 3342 664 ardeat
3364 625 3484 676 cor,
3508 608 3600 664 vel

1948 695 2145 766 potius
2167 711 2288 751 non
2308 696 2593 765 ignescet,
2616 702 2857 752 mutuos
2877 713 3187 753 sermones
3211 714 3347 753 cum
3373 698 3602 767 virgine

1947 784 2120 852 dans,
2149 785 2705 856 etaccipiens?cum
2727 785 3202 857 psallente?cum
3232 802 3601 859 quacunque

1946 872 2191 928 demum
2209 875 2453 930 muliere
2466 874 2843 946 ?Quomodo,
2863 881 2923 930 ut
2946 875 3204 945 theologi
3227 876 3421 931 verbis
3444 881 3596 943 utar,

1947 962 2205 1019 salvabit
2236 963 2449 1031 aliena,
2472 980 2654 1036 quem
2687 964 2928 1037 propria
2966 965 3282 1037 perdidit?
3315 965 3602 1032 Quamvis

1945 1051 2103 1106 enim
2121 1052 2321 1124 reipsa
2345 1053 2616 1110 videatur
2640 1054 2947 1126 quispiam
2974 1054 3089 1110 sibi
3114 1070 3319 1111 cavere
3338 1056 3603 1120 ;atcordi

1945 1140 2286 1197 consultum
2349 1141 2493 1198 satis
2551 1158 2673 1198 non
2740 1144 2866 1209 erit,
2927 1144 3099 1214 juxra
3167 1144 3401 1200 Domini
3458 1143 3604 1201 etfa-

1947 1235 2069 1286 tum
2102 1232 2170 1287 ⁸⁸.

2015 1420 2221 1490 Itaque
2262 1419 2596 1490 persecutio
2629 1434 2751 1475 non
2793 1419 2869 1475 ad
2900 1419 3166 1486 exitium,
3203 1419 3305 1476 sed
3334 1419 3412 1477 ad
3438 1419 3602 1476 salu-

1946 1513 2104 1563 tem:
2139 1523 2331 1579 neque
2360 1513 2523 1563 tanta
2564 1512 2653 1563 est
2701 1509 3044 1578 necessitas,
3087 1514 3149 1564 ut
3191 1524 3331 1565 cum
3378 1508 3604 1565 femina

1944 1597 2165 1652 versari
2192 1603 2387 1667 cogat,
2408 1598 2561 1652 sicut
2581 1598 2734 1652 inter
2754 1597 2957 1653 Patres
2987 1597 3315 1669 gloriosum
3344 1599 3603 1654 Athana-

1943 1686 2096 1739 sium
2126 1685 2457 1754 adegerunt
2479 1686 2865 1755 angustiaa,ut
2897 1692 3127 1758 septem
3150 1702 3343 1742 annos
3363 1686 3476 1741 sub
3491 1687 3603 1742 vir-

234 1787 346 1821 σιον
399 1767 717 1827 ἑπταετῆσαι
749 1783 762 1799 ·
799 1768 828 1827 ἦ
883 1764 1035 1819 τόνδε
1079 1771 1169 1819 καὶ
1197 1764 1349 1820 τόνδε
1399 1770 1486 1819 τὸν
1532 1767 1677 1838 ἅγιον
1731 1769 1831 1820 ύπὸ

1942 1774 2098 1844 ginis
2139 1790 2282 1830 cura
2302 1775 2689 1847 transigeret;
2725 1781 2825 1829 aut
2855 1776 3012 1831 hunc
3028 1774 3293 1830 velillum
3322 1780 3599 1832 sanctum

229 1860 475 1930 γυναικὸς
524 1855 990 1930 ἑξυπηρετηθῆναι.
1050 1855 1207 1911 Ἀλλὰ
1263 1863 1351 1907 νῦν
1383 1861 1472 1908 καὶ
1524 1856 1694 1918 πόλεις
1743 1862 1831 1910 καὶ

229 1954 408 2022 χῶραι
457 1948 516 1998 τὸ
563 1944 843 2019 ἐλευθέριον
877 1947 1087 2016 ἔχουσι,
1139 1953 1234 2007 τῆς
1277 1942 1628 2016 ἀσυνδυάστῲ
1656 1950 1831 2019 τρόπῳ

226 2035 435 2108 γυναιξὶ
462 2035 643 2099 ξενίας.
675 2039 741 2087 Σὺ
794 2030 853 2087 δὲ
907 2031 1065 2090 δῆθεν
1123 2034 1399 2106 ὁμολογίας
1446 2039 1537 2086 καὶ
1592 2032 1829 2107 διωγμοῦ

228 2132 320 2178 τοῦ
346 2126 472 2197 ὑπερ
523 2131 759 2197 Χριστοῦ
805 2126 942 2175 κατά
964 2130 1057 2176 τοῦ
1111 2131 1346 2196 Χριστοῦ
1395 2127 1690 2195 κινούμενος
1735 2124 1829 2177 οὐκ

228 2215 519 2287 ἓπαισθάνῃ
595 2211 804 2284 γυναιξὶ
878 2221 1086 2275 πυκνῶς
1165 2213 1356 2285 ὁμιλῶν
1421 2231 1433 2243 ·
1513 2212 1829 2286 συμψάλλων

225 2307 357 2364 ἴσως
386 2322 399 2336 ·
430 2305 576 2375 τάχα
604 2298 662 2355 δε
687 2307 778 2353 καὶ
812 2303 1097 2354 συνεσθίων
1130 2306 1160 2361 ἦ
1194 2307 1283 2355 καὶ
1317 2311 1565 2355 συνοικῶν
1600 2320 1613 2334 ·
1643 2305 1827 2356 ἐσθίων

226 2397 322 2451 τὴν
389 2390 507 2463 ὄψιν
563 2399 654 2451 τῆς
706 2394 968 2459 συνοίκου,
1018 2396 1106 2443 καὶ
1157 2391 1450 2464 ἐσθιόμενος
1502 2394 1601 2444 ὑπὸ
1654 2388 1820 2453 τῆσδε

227 2480 465 2555 ὀλεθρίως
510 2482 745 2553 ςψύγετε
791 2481 856 2541 ὡς
906 2478 1006 2531 ἀπὸ
1056 2483 1215 2551 πυρὸς
1272 2485 1362 2532 καὶ
1417 2483 1466 2533 οἱ
1495 2478 1681 2553 ἄνδρες
1713 2480 1812 2533 ἀπὸ

224 2578 504 2643 γυναικῶν,
536 2574 627 2622 καὶ
676 2571 730 2621 αἱ
771 2576 1015 2641 γυναῖκες
1070 2568 1170 2622 ἀπὸ
1219 2578 1318 2621 τῶν
1372 2567 1613 2645 ἀνδρῶν’
1670 2571 1713 2623 εί
1765 2568 1825 2624 δε

224 2663 314 2712 καὶ
346 2657 609 2730 σύμϐασιν
648 2653 732 2711 δεῖ
773 2660 1031 2729 γενέσθαι,
1090 2665 1335 2711 τοσοῦτον
1387 2660 1507 2711 ὅσον
1538 2662 1567 2718 ἠ
1622 2657 1821 2730 ἀνάγκη

223 2753 315 2802 καὶ
342 2751 372 2807 ἠ
400 2752 559 2820 χρεία
590 2746 859 2811 ἀπαιτοίη,
893 2743 1381 2820 διαδιδράσκοντες,
1415 2753 1505 2801 καὶ
1533 2752 1590 2801 τὸ
1621 2751 1819 2803 τιθέναι

224 2834 516 2891 σκάνδαλον
546 2837 732 2899 ἄλλοις.
779 2836 909 2889 Ἰνα
953 2842 1013 2889 τί
1054 2839 1233 2909 γὰρὴ
1280 2837 1618 2913 ἐλευθερία
1662 2860 1784 2911 μου

222 2931 373 2999 φησὶ,
405 2931 708 2999 κρίνεται
749 2927 867 2978 ὑπὸ
916 2925 1113 2987 ἄλλης
1158 2923 1639 2993 συνειδήσεως;
1686 2934 1801 2995 Καὶ,

219 3016 289 3070 Εἰ
330 3014 553 3090 βρῶμα
606 3011 1038 3076 σκανδαλίζει
1094 3018 1203 3067 τὸν
1247 3012 1522 3088 ἀδελφόν
1562 3036 1705 3089 μου,
1752 3018 1818 3071 οὐ

1943 1868 2004 1919 ut
2049 1863 2322 1918 muliebri
2373 1863 2704 1919 ministerio
2744 1870 3048 1919 uterentur
3080 1866 3149 1916 ⁷ο.
3186 1864 3298 1920 Sed
3344 1880 3507 1921 nunc
3546 1870 3602 1922 et

1941 1951 2117 2008 urbes
2148 1957 2203 2007 et
2233 1953 2507 2022 regiones
2548 1953 2805 2008 liberum
2837 1953 3106 2024 praebent
3133 1952 3483 2025 hospitium.
3518 1955 3600 2011 ita

1939 2046 2002 2097 ut
2025 2057 2271 2098 necesse
2301 2058 2421 2098 non
2449 2043 2521 2098 sit
2552 2059 2672 2099 una
2704 2059 2842 2098 cum
2870 2042 3219 2099 mulieribus
3248 2044 3491 2100 versari.
3515 2048 3600 2101 Tu

1939 2146 2079 2186 vero
2100 2147 2219 2195 non
2252 2132 2681 2187 animadvertis
2723 2131 2945 2187 scilicet
2982 2137 3036 2188 te
3077 2132 3518 2188 confessionem
3541 2138 3599 2189 et

1936 2220 2411 2290 persecutionem
2470 2236 2580 2291 pro
2639 2220 2892 2288 Christo,
2941 2220 3236 2276 adversus
3296 2222 3590 2279 Christum

1935 2316 2297 2375 convertere,
2329 2308 2829 2382 dumfrequenter
2841 2309 3198 2381 colloqueris
3217 2326 3354 2366 cum
3373 2309 3594 2366 mulie-

1933 2397 2129 2461 ribus;
2163 2414 2281 2453 una
2305 2398 2511 2469 psaltis
2530 2397 2803 2463 fortasse,
2827 2415 2897 2454 ac
2920 2398 3171 2454 fortasse
3195 2398 3373 2455 simul
3396 2415 3597 2456 come-

1933 2486 2045 2555 dis,
2076 2492 2131 2541 et
2175 2487 2352 2543 simul
2384 2488 2641 2553 habitas,
2672 2488 2806 2543 visu
2837 2492 2892 2543 et
2934 2504 3189 2560 pascens
3244 2488 3595 2560 hujusmodi

1932 2576 2397 2642 contubernalis,
2423 2594 2493 2634 ac
2523 2577 2687 2633 illam
2722 2577 3030 2633 obiectans
3063 2578 3313 2634 exitiose
3334 2580 3363 2631 ‘?
3389 2580 3596 2649 Fugite

1934 2671 2227 2737 tanquam
2259 2665 2336 2721 ab
2358 2667 2499 2737 igni,
2528 2672 2583 2722 et
2611 2666 2714 2721 viri
2745 2682 2781 2722 a
2815 2666 3185 2731 mulieribus,
3218 2673 3273 2723 et
3310 2667 3590 2724 mulieres

1932 2770 1969 2810 a
1999 2754 2156 2810 viris.
2191 2754 2360 2820 Quod
2411 2755 2457 2809 si
2490 2757 2805 2811 convenire
2844 2755 3165 2827 oportebit,
3197 2757 3255 2811 id
3300 2757 3593 2827 tantisper

1931 2841 2037 2897 ﬁat
2061 2848 2354 2914 quantum
2378 2860 2521 2899 usus
2556 2844 2820 2913 exigitac
2842 2845 3164 2900 necessitas
3188 2860 3200 2896 :
3226 2844 3592 2914 fugiendoid

1930 2946 2110 2985 omne
2140 2931 2304 3003 quod
2335 2931 2830 2988 aliisscandalum
2854 2932 3331 3004 praeberequeat.
3359 2934 3591 3005 thuid

1932 3020 2084 3075 enim
2114 3019 2352 3075 libertas
2377 3036 2506 3077 mea
2528 3021 2860 3092 judicatur,
2885 3021 3095 3094 inquit,
3125 3022 3198 3077 ab
3224 3020 3420 3078 aliena
3446 3038 3585 3078 con-

217 3110 300 3178 μὴ
332 3107 505 3178 φάγω
537 3109 697 3180 κρέα
725 3104 815 3166 εἰς
844 3108 951 3157 τὸν
984 3104 1201 3170 αἰῶνα,
1244 3106 1345 3158 ἵνα
1372 3111 1451 3178 μὴ
1486 3110 1591 3158 τὸν
1636 3104 1814 3160 ἀδελ-

1934 3109 2178 3164 scientia
2207 3110 2273 3163 τί.
2309 3112 2392 3175 Et,
2425 3110 2493 3166 Si
2508 3125 2640 3166 esca
2670 3110 3041 3166 scandalizat
3075 3112 3335 3179 fratrem
3369 3125 3583 3176 meum,

217 3199 326 3268 φόν
354 3214 477 3268 μου
529 3214 684 3247 σκαν
704 3191 947 3247 δαλίσω
1000 3192 1460 3257 Ἀσκανδαλίστως
1492 3192 1578 3247 οὖν
1605 3198 1810 3249 πολιτε-

214 3286 419 3346 τεύσθε,
444 3282 674 3349 ὧτικνα,
703 3288 814 3336 καὶ⁹
845 3282 1234 3357 ἀπροσκόπω
1255 3305 1297 3351 ς,
1331 3289 1435 3337 καὶ
1459 3282 1803 3347 Ἰουδαίοις

214 3377 323 3426 καὶ
353 3372 540 3432 ’Ἑλλη
566 3392 650 3440 σι,
678 3377 787 3425 καὶ
812 3380 882 3445 τῇ
916 3372 1266 3445 Ἐκκλησία
1294 3380 1403 3425 τοῦ
1433 3378 1605 3440 Θεοῦ,
1639 3377 1806 3437 καθως

212 3467 504 3536 γέγραπται
532 3480 545 3493 ·
573 3462 883 3523 ἐπινοοῦντες
903 3468 992 3515 καὶ
1015 3466 1072 3515 τὸ
1099 3459 1296 3521 ἄδηλον
1324 3470 1417 3515 τοῦ
1451 3465 1672 3515 θανάτου
1700 3461 1772 3522 ἥδ
1777 3484 1807 3523 η

215 3552 447 3625 παρῆλθε
500 3556 590 3604 καὶ
620 3552 646 3603 ὁ
690 3549 906 3624 ἀδελφὸς
958 3551 1125 3617 Σίλας,
1178 3557 1267 3604 καὶ
1322 3556 1422 3624 πρό
1451 3571 1511 3623 γε
1567 3556 1756 3605 τούτου
1788 3555 1813 3605 ὁ

212 3640 377 3704 ἀϐϐᾶς
428 3646 755 3704 Θεόσωστος,
807 3646 896 3693 καί
946 3660 1006 3712 γε
1037 3642 1062 3693 ὁ
1093 3637 1308 3711 ἀδελφὸς
1362 3646 1670 3714 Προκόπιος,
1716 3649 1809 3695 καὶ

213 3728 390 3793 οὐδεὶς
428 3729 669 3802 ἕπιμενεῖ.
728 3734 828 3783 Καὶ
886 3731 1139 3804 μακάρίος
1185 3731 1211 3781 ὁ
1261 3738 1448 3783 συνιῶν
1502 3732 1805 3802 ἁκαταγνώ-

215 3838 346 3881 στως
413 3819 683 3895 παρελθεῖν
740 3822 826 3871 τὸν
900 3814 1031 3891 τῇδε
1080 3815 1213 3891 βίον.
1275 3821 1643 3892 Προσεύχεσθε
1691 3826 1810 3894 περὶ

213 3910 359 3981 ἡμῶν
432 3915 531 3960 τῶν
630 3915 878 3961 ταπεινῶν
965 3906 1334 3973 ἀνεπιλήστως,
1430 3909 1514 3961 ἵνα
1616 3909 1800 3970 σωζοὶο

213 4000 367 4070 μεθα.

358 4124 514 4179 PMH'
546 4124 680 4197 (39)’
715 4154 779 4163 —
834 4127 1177 4199 Δημητρίῳ
1207 4125 1441 4196 ὑπάτῳ.
1479 4123 1667 4199 [ψλα’.]

1930 3213 2049 3253 ηοη
2079 3198 2446 3254 manducabo
2476 3214 2715 3255 carnem
2764 3200 2826 3255 in
2884 3208 3193 3263 aeternum,
3227 3215 3299 3255 ne
3319 3199 3584 3268 fratrem

1931 3301 2123 3342 meum
2145 3288 2541 3343 scandalizem
2566 3289 2635 3343 τ’.
2659 3287 2794 3343 Sine
2816 3286 3103 3343 seandalo
3128 3287 3310 3358 igitur
3333 3304 3577 3344 conver-

1931 3376 2171 3440 samini,
2200 3392 2235 3431 ο
2266 3377 2389 3438 ﬁlii,
2418 3381 2473 3432 et
2493 3376 2619 3433 sine
2643 3376 2981 3447 offensione,
3002 3383 3053 3433 et
3082 3377 3395 3443 Judaeis,et
3421 3378 3579 3433 Grae-

1928 3465 2031 3529 cis,
2064 3471 2118 3521 et
2148 3465 2430 3521 Ecclesiar
2460 3466 2585 3531 Dei,
2634 3466 2784 3521 sicut
2831 3467 3121 3536 scriptum
3160 3467 3311 3521 est"
3346 3488 3357 3532 ;
3395 3466 3580 3521 incer-

1929 3556 2055 3608 tum
2087 3569 2325 3625 quoque
2359 3554 2564 3609 mortis
2594 3560 2829 3625 tempus
2852 3556 3359 3626 reputantesJam
3383 3569 3580 3611 exces-

1929 3641 2002 3697 sit
2025 3649 2081 3697 et
2108 3645 2283 3698 frater
2316 3642 2482 3708 Silas,
2516 3648 2574 3697 et
2596 3648 2733 3698 ante
2766 3642 2929 3698 hunc
2968 3643 3160 3698 abbas
3199 3643 3583 3713 Theosostus,

1933 3731 2110 3787 frater
2137 3732 2339 3787 itidem
2375 3732 2694 3803 Procopius
2728 3747 2869 3787 :nec
2898 3730 3051 3787 ullus
3076 3730 3137 3787 in
3160 3731 3278 3787 vita
3299 3737 3586 3805 perpetuo

1933 3821 2218 3877 manebit.
2242 3824 2311 3875 At
2340 3821 2551 3877 beatus
2577 3821 2678 3892 qui
2701 3820 2866 3876 novit
2900 3822 3025 3875 sine
3063 3836 3223 3877 noxa
3255 3822 3583 3891 transigere

1929 3910 2085 3966 hanc
2125 3910 2329 3965 vitam.
2368 3913 2687 3981 Nunquam
2715 3909 3156 3965 obliviscamini
3177 3926 3585 3983 orareprono-

1928 3998 2021 4054 bis
2051 3998 2401 4066 humilibus,
2437 4002 2497 4053 ut
2522 3998 2667 4054 salvi
2695 3998 2905 4053 simus.

2277 4121 2545 4178 CXLVIII.
2570 4153 2639 4164 —
2674 4122 2963 4179 Demetrio
2985 4123 3235 4179 consuli.

1320 4222 1386 4271 Ut
1418 4223 1634 4286 gemino
1660 4223 1984 4287 magistratu
2007 4222 2172 4285 probe
2207 4220 2479 4283 fungatur.

281 4311 340 4365 Ἠ
382 4310 614 4365 ἀπουσία
660 4318 752 4364 τοῦ
808 4315 1049 4383 σώματος
1107 4316 1222 4363 τίνα
1258 4310 1414 4369 ἄλλην
1454 4312 1594 4385 εὖροι
1645 4332 1810 4388 παρα-

1992 4310 2279 4367 Absentia
2319 4309 2585 4381 corporis
2616 4324 2872 4381 ecquam
2912 4308 3387 4366 consolationem
3414 4310 3578 4366 inve-

209 4403 425 4476 μυθίαν,
473 4401 503 4460 ἡ
545 4405 639 4458 τήν
690 4397 784 4453 διὰ
810 4407 900 4452 τοῦ
953 4402 1261 4473 γράμματος
1310 4403 1587 4471 συνάφειαν
1622 4418 1635 4467 ;
1666 4404 1808 4454 Ταύ-

212 4511 274 4565 τῃ
336 4495 630 4564 τοίγαροῦν,
705 4486 744 4540 ὦ
802 4488 957 4560 φίλων
1009 4491 1211 4556 ἄριστε,
1292 4492 1657 4561 συναπτόμεθά
1714 4509 1808 4542 σου

208 4588 269 4653 τῇ
334 4578 511 4651 ἀγάπῃ
566 4580 614 4631 οἱ
665 4582 894 4631 ταπεινοὶ
948 4580 1006 4630 τὸ
1066 4582 1253 4652 παρὸν.
1312 4583 1810 4653 προσπτύσσομενοί

213 4689 271 4722 σε
304 4677 376 4739 τῷ
412 4671 686 4739 πνεύματι,
747 4672 836 4719 καὶ
885 4667 1221 4740 γνωρίζοντες
1266 4668 1345 4719 ὅτι
1390 4670 1518 4738 οὐχὶ
1562 4670 1591 4726 ἡ
1645 4667 1810 4720 ἀπου-

214 4762 307 4810 σία
369 4754 599 4819 διέςευξε
645 4763 738 4815 τὴν
802 4755 1010 4828 ἀγάπην
1043 4776 1055 4788 ·
1106 4756 1233 4808 ἀλλὰ
1282 4760 1369 4809 καὶ
1418 4756 1607 4828 μᾶλλον
1660 4760 1808 4812 ἑκκα-

207 4846 374 4899 λεῖται
426 4848 589 4903 αὐτὴν
644 4843 887 4916 διψῶσαν
939 4849 997 4897 τὸ
1051 4844 1279 4919 φίλτρον,
1338 4847 1567 4921 καθάπερ
1620 4848 1669 4899 οἱ
1726 4843 1805 4899 δι-

207 4934 410 5007 ψαλέως
486 4938 687 5006 ἔχοντες
743 4934 1087 5007 ἐπιτρέχουσι
1152 4938 1281 5007 πρὸς
1332 4937 1422 4995 τὰς
1482 4938 1653 5006 πηγὰς
1706 4944 1805 4987 τῶν

207 5020 439 5080 ὑδάτων.
493 5021 649 5074 Ἀλλὰ
689 5016 743 5074 τὸ
770 5026 859 5094 μὲν
911 5031 1006 5083 τῆς
1050 5022 1259 5093 ἀγάπης
1304 5020 1566 5075 δεικτικὸν
1624 5030 1805 5076 τοσοῦ-

204 5132 313 5166 τον.
350 5119 465 5174 Πῶς
496 5108 555 5164 δε
597 5114 749 5172 αὐτὸς
802 5109 1095 5171 διατελοίης
1143 5110 1190 5163 ἓν
1219 5132 1282 5185 τη
1339 5114 1677 5185 πιστευθείσῃ
1706 5131 1804 5164 πα-

203 5203 275 5274 ρὰ
303 5210 402 5253 τῶν
457 5197 712 5274 βασιλέων
770 5198 939 5272 ἀρχῇ,
999 5197 1275 5273 ἀγνοοῦμεν
1309 5221 1323 5235 ο
1375 5200 1563 5273 μᾶλλον
1605 5198 1663 5254 δὲ
1714 5207 1803 5254 καὶ

279 5326 325 5361 ⁸⁸
354 5324 554 5382 Matth.
584 5341 635 5390 v,
669 5326 762 5382 28.

206 5398 259 5433 ⁷³
291 5395 313 5451 Ι
339 5398 467 5454 Cor.
495 5412 555 5463 x,
585 5400 673 5453 32.

839 5325 884 5359 7°
910 5324 1217 5381 Sozomen.
1251 5322 1356 5381 lib.
1391 5341 1440 5392 v,
1472 5341 1605 5397 cap.
1631 5329 1660 5380 6
1694 5342 1708 5393 ;
1740 5331 1797 5382 et
1828 5324 2049 5383 Pallad.
2081 5324 2141 5381 in
2161 5324 2430 5382 Lausiac.

1920 4402 2283 4469 niat,pra2ter
2297 4414 2692 4469 congressum
2706 4398 3043 4469 perlitteras
3057 4399 3202 4455 ι21110
3222 4400 3416 4467 igitur,
3435 4401 3579 4456 ami-

1918 4506 2133 4544 corum
2148 4488 2517 4559 optime,tua3
2537 4504 2694 4543 nunc
2711 4489 2978 4545 charitati
2993 4488 3247 4544 humiles
3268 4489 3579 4559 conjungi-

1918 4594 2072 4644 mur,
2103 4578 2528 4647 amplectentes
2556 4582 2608 4632 te
2640 4576 2869 4647 spiritu,
2910 4583 2963 4631 et
3009 4578 3316 4633 certiorem
3356 4576 3578 4633 facien-

1920 4674 2023 4735 tes,
2054 4666 2404 4722 charitatem
2432 4665 2707 4720 absentia
2734 4681 2855 4721 non
2884 4681 3012 4720 esse
3040 4666 3422 4729 dissolutam,
3467 4665 3575 4721 sed

1918 4757 2114 4826 potius
2144 4755 2307 4809 illam
2332 4754 2624 4809 sitientem
2652 4754 2867 4808 attrahi
2892 4754 3106 4825 philtro
3136 4770 3147 4808 :
3180 4753 3573 4826 quemadmo-

1916 4844 2063 4899 dum
2077 4843 2179 4915 qui
2194 4844 2283 4898 siti
2302 4846 2574 4907 uruntur,
2618 4842 3025 4897 accurruntad
3044 4842 3237 4897 fontes
3251 4858 3569 4914 aquarum.

1917 4934 2135 4989 Verum
2179 4932 2467 4987 hactenus
2509 4932 2582 4987 de
2622 4931 2929 4986 eharitatis
2971 4930 3406 4987 testiﬁcatione.
3442 4932 3572 4997 Quo

1915 5028 2117 5078 autem
2132 5027 2307 5093 pacto
2320 5020 2747 5076 demandatam
2763 5019 2871 5076 tibi
2886 5020 2963 5076 ab
2984 5020 3445 5090 imperatoribus
3462 5036 3570 5092 pro

1913 5113 2174 5167 vinciam
2190 5127 2391 5179 gerere
2407 5111 2999 5182 pergas,ignoramus
3016 5114 3151 5181 μιαί
3181 5110 3379 5180 potius
3410 5110 3570 5167 anxii

1913 5207 1968 5257 et
1981 5200 2210 5258 solliciti
2225 5212 2433 5256 sUmus
2449 5216 2462 5252 :
2479 5200 2765 5271 quoniam
2781 5198 3210 5270 audimus,pra3
3220 5205 3303 5254 ter
3318 5198 3570 5270 priorem

2514 5325 2558 5359 τι
2591 5322 2612 5377 Ι
2640 5322 2843 5390 Cor.x,
2878 5326 2965 5377 29.
3041 5323 3089 5356 τ’
3116 5324 3135 5375 I
3161 5323 3288 5378 Cor.
3335 5326 3549 5389 vm,I3.

1766 5493 1987 5552 ΝΟΤιΕ.

278 5594 392 5665 (39)
433 5595 495 5650 In
519 5592 654 5651 cod.
688 5595 825 5664 Reg.
856 5590 984 5665 ρογ’.
