4036 6276
444 201 583 257 1463

444 414 624 481 ῑὶ,ἐεό
641 414 907 486 principe
922 415 1005 469 sic
1021 414 1270 485 jubente
1305 435 1316 474 :
1353 422 1450 486 atq
1465 432 1532 470 ue
1551 415 1873 485 hanc,cum
1893 415 2087 486 priore

444 505 536 569 sit,
567 504 851 559 remotior
881 503 1144 558 vininam
1159 521 1293 559 esse
1315 504 1630 571 Barbaris;
1657 505 1911 576 ideoque
1927 509 2087 559 metu

444 593 622 658 afﬁci,
642 599 705 648 ut
724 592 910 660 aiunt,
933 598 1317 664 praestantem
1348 593 1611 648 animam
1635 598 1798 649 tuam
1830 609 1842 647 :
1870 599 1932 648 ut
1952 609 2086 664 quae

445 697 556 738 nec
569 682 766 749 veluti,
783 698 892 737 nec
905 698 1202 754 propensa
1225 683 1296 737 sit
1320 683 1397 738 ad
1411 683 1770 753 gestandum
1796 681 2082 752 gladium,

443 770 790 843 bellumque
820 772 912 826 vel
942 771 1320 827 inferendum
1366 772 1457 827 vel
1485 771 1926 827 sustinendum.
1955 773 2088 826 Haec

444 861 650 916 omnia
680 876 789 915 nos
801 861 978 916 etiam
1002 866 1428 934 permoverunt
1443 863 1519 916 ad
1538 878 1745 933 preces
1765 862 2092 917 orationes-

443 965 561 1023 que
580 948 938 1020 fundendas,
972 951 1130 1006 utsis
1160 952 1220 1006 in
1249 957 1497 1023 utroque
1535 951 1882 1021 magistratu
1936 952 2095 1006 inco-

441 1037 642 1094 lumis.
679 1041 741 1094 Et
766 1055 904 1094 vero
934 1055 1248 1111 speramus
1289 1040 1524 1096 salvum
1583 1047 1636 1095 te
1669 1041 1814 1106 fore,
1867 1042 1910 1094 si
1968 1056 2090 1112 prae

442 1127 629 1184 oculis
655 1127 882 1184 habeas
897 1129 1170 1184 timorem
1204 1129 1391 1196 Dei,et
1411 1129 1573 1201 quod
1605 1131 1742 1185 inde
1765 1130 2094 1185 advocatur

447 1217 757 1274 auxilium.
791 1218 899 1274 Ubi
951 1219 1105 1273 enim
1157 1219 1307 1273 Dsus
1356 1219 1618 1290 adjutor,
1652 1219 1809 1275 illinc
1843 1220 2095 1275 facessat

446 1322 624 1363 omne
653 1306 898 1363 malum.
918 1308 1198 1364 Immittet
1230 1309 1390 1364 enim
1419 1310 1670 1379 angelus
1716 1309 1968 1373 Domini,
2000 1309 2096 1364 in-

445 1397 593 1469 quit,
624 1397 687 1452 in
719 1397 956 1453 circuiti
994 1397 1321 1453 timentium
1361 1413 1510 1468 eum,
1537 1405 1589 1454 et
1619 1399 1826 1467 eripiet
1883 1414 1975 1454 eos
2021 1400 2093 1452 ⁷⁸.

1694 200 1754 254 S.
1794 197 2162 260 THEODORI
2202 195 2529 253 STUDITAE

441 324 1166 397 provinciam,impositam
1182 325 1284 380 tibi
1298 324 1533 389 alteram
1548 325 1876 391 fuisse,non
1888 324 2088 380 volen-

2208 322 2516 396 ἑμμερίμνως
2590 323 2777 394 ἔχομεν
2821 337 2834 350 ·

3661 196 3807 253 1464

2912 315 3104 379 ἐπειδὴ
3155 323 3260 373 ’καὶ
3334 321 3654 392 μανθάνομεν
3730 328 3805 394 τῇ

2197 417 2424 486 προτέρᾳ
2479 411 2621 486 ἀρχῇ
2681 415 2770 462 καὶ
2825 410 2999 484 ἑτέραν
3069 409 3366 469 ἐπιτεθῆναί
3422 430 3504 463 σοι
3557 411 3650 463 οῦκ
3693 409 3808 464 ἐθέ-

2197 503 2356 567 λοντι,
2399 501 2524 553 ἀλλά
2570 502 2995 574 προστάσσοντος
3042 507 3132 551 τοῦ
3162 507 3472 570 κρατοῦντος
3504 521 3516 533 ·
3575 506 3662 553 καὶ
3718 502 3810 552 ὅτι

2199 591 2504 666 πορρωτέρω
2555 600 2648 652 τῆς
2704 595 2958 664 προτέρας
3013 585 3197 654 οὖσαν,
3255 592 3455 661 ἐγγίζει
3508 597 3612 650 τοίς
3663 587 3810 664 βαρ·-

2201 680 2375 755 ϐάροις
2406 698 2417 710 °
2470 678 2543 752 ἐφ’
2681 683 2771 730 καὶ
2819 675 2936 740 δέος
2994 677 3278 750 ἐσχηκέναι
3328 682 3418 736 τὴν
3470 683 3646 750 τιμίαν
3705 698 3806 731 σου

2199 769 2404 842 ψυχὴν,
2438 771 2506 830 ὦς
2559 788 2708 841 φασι,
2761 772 2892 840 μήτε
2947 767 3241 833 ἐθέλουσαν,
3282 773 3411 840 μήτε
3451 767 3811 842 ἐξηρτημένην

2204 861 2269 921 εἰς
2315 862 2373 912 τὸ
2423 865 2591 932 φορεῖν
2646 860 2941 932 μάχαιραν,
2991 862 3080 910 καὶ
3138 857 3372 929 πολεμεῖν
3417 863 3506 910 καὶ
3555 858 3815 930 πολεμεῖ-

2206 952 2350 1002 σθαι.
2399 955 2578 1001 Ταῦτα
2633 948 2834 1000 ἅπαντα
2899 951 3203 1005 συνεκίνησε
3257 951 3347 999 καὶ
3406 949 3546 1019 ἡμᾶς
3593 944 3813 1008 δεήσεις

2202 1044 2292 1093 καὶ
2337 1040 2637 1112 προσευχὰς
2693 1039 2958 1089 ποιεῖσθαι
3006 1038 3131 1110 ύπερ
3162 1044 3253 1088 τοῦ
3310 1035 3555 1109 ἀπήμονά
3610 1057 3667 1090 σε
3707 1057 3815 1109 φυ-

2202 1130 2480 1182 λάττεσθαι
2535 1127 2584 1178 ἐν
2648 1125 2959 1201 ἀμφοτέραις
3012 1133 3126 1188 ταῖς
3174 1125 3386 1200 ἀρχαῖς.
3447 1130 3546 1178 Καί
3602 1143 3662 1197 γε
3718 1144 3814 1177 πε-

2208 1220 2449 1290 στεύομεν
2476 1213 2510 1269 δ
2517 1217 2848 1288 ιατηρεῖσθαί
2879 1234 2936 1268 σε
2967 1224 3120 1281 σῶον,
3180 1217 3372 1286 ἔχοντα
3401 1218 3501 1287 πρρ
3533 1213 3816 1286 ὀφθαλμῶν

2205 1311 2292 1360 τόν
2349 1305 2501 1379 φόϐον
2564 1312 2654 1358 τοῦ
2714 1311 2868 1370 Θεοῦ,
2927 1308 3014 1356 καὶ
3065 1308 3159 1364 τὴν
3205 1303 3393 1357 ἐκεῖθεν
3429 1303 3817 1376 ἐκκαλουμένων

2207 1393 2471 1470 βοήθειαν.
2507 1394 2583 1446 Οὔ
2611 1395 2712 1466 γὰρ
2766 1395 2896 1456 Θεὸς
2945 1395 3234 1466 ἒπίκουρος,
3284 1392 3391 1445 ἐκεῖ
3427 1388 3660 1445 ἐκποδῶν
3709 1397 3820 1443 πᾶν

449 1489 608 1539 κακόν
654 1486 1311 1560 γίνοιτο.ῐῙαρεμϐαλεῖ
1357 1489 1458 1561 γὰρ
1508 1488 1779 1560 ἄγγελος
1819 1493 2079 1561 Κυρίου,
2115 1491 2267 1560 φησι,
2309 1485 2514 1555 κύκλῳ
2573 1492 2689 1536 τῶν
2740 1481 3143 1555 φοϐουμένων
3197 1481 3408 1549 αὐτόν,
3463 1486 3570 1534 καὶ
3628 1481 3823 1555 ῥύσει

446 1595 553 1628 ται
583 1578 846 1637 αυτούς.

517 1665 671 1721 Talis
693 1666 872 1735 igitur
901 1669 1029 1721 esto
1055 1670 1111 1720 et
1141 1669 1222 1732 tu,
1251 1666 1493 1722 domine
1520 1671 1720 1722 noster
1737 1667 2093 1732 desiderate,

2277 1662 2524 1724 Τοιοῦτος
2554 1657 2641 1715 οὖν
2673 1663 2760 1714 ἔσο
2813 1665 2899 1712 καὶ
2955 1660 3130 1724 αὐτὸς,
3181 1656 3414 1713 δέσποτα
3451 1661 3594 1732 ἡμῶν
3633 1657 3824 1712 ἑπιπὸσ

447 1769 554 1828 per
590 1754 868 1826 pietatem
912 1759 1079 1810 tuam
1117 1755 1400 1827 bonaque
1435 1771 1634 1826 opera,
1683 1755 1796 1811 sub
1833 1753 2096 1809 custodis

446 1843 579 1900 vita;
609 1847 726 1899 tuas
751 1843 948 1913 angeli
971 1843 1270 1914 praesidio.
1301 1844 1494 1915 Vigila
1523 1844 1583 1899 in
1601 1843 1990 1909 orationibus,
2017 1846 2100 1897 at-

445 1931 621 1989 tende
650 1933 947 2005 precibus,
960 1933 1189 2004 justum
1215 1933 1410 2004 profer
1436 1933 1752 2004 judicium,
1771 1933 2099 2002 benignum

446 2023 696 2095 pauperi
725 2021 966 2077 oculum
995 2022 1226 2087 exhibe,
1274 2022 1554 2078 defensor
1601 2029 1729 2078 esto
1762 2038 1969 2077 eorum
1997 2022 2098 2093 qui

445 2111 726 2182 injuriam
760 2111 1080 2182 patiuntur,
1099 2112 1155 2166 in
1178 2111 1313 2166 cibo
1327 2116 1590 2183 potuque
1615 2111 1865 2167 modum
1887 2111 2096 2165 retine:

450 2200 906 2271 intemperantia
935 2201 1160 2272 quippe
1202 2200 1495 2256 malorum
1549 2207 1756 2257 mater.
1797 2202 1852 2258 Si
1893 2201 2103 2256 ludant

449 2288 545 2346 alii
568 2295 622 2346 et
651 2289 920 2354 redeant,
954 2288 1197 2345 domine
1221 2290 2100 2360 mi,audiDominumomnium

448 2377 746 2434 dicentem
779 2394 791 2432 :
827 2379 924 2434 Vw
942 2378 1291 2444 ridentibus,
1325 2379 1468 2451 quia
1498 2379 1784 2449 lugebant
1821 2381 1892 2430 ⁷⁵.
1929 2379 2098 2437 Sialii

446 2466 648 2538 turpia
678 2465 1018 2538 loquantur,
1055 2472 1136 2535 tu,
1160 2467 1430 2532 obsecro,
1465 2485 1639 2524 aures
1663 2469 1784 2540 sepi
1820 2485 1832 2535 ;
1871 2485 2098 2524 sermo-

449 2571 555 2611 nes
581 2556 738 2610 enim
765 2555 842 2610 ad
862 2571 955 2610 res
986 2555 1151 2627 ipsas
1186 2556 1343 2611 viam
1359 2562 1647 2612 sternunt.
1679 2559 1731 2613 Si
1760 2557 1854 2612 alii
1889 2574 2099 2613 mune-

448 2643 633 2708 ribus,
669 2643 910 2700 dextras
948 2660 1082 2700 suas
1115 2645 1359 2716 implent
1385 2665 1401 2716 ;
1439 2653 1498 2701 ut
1527 2647 1630 2718 qui
1688 2649 1868 2702 Deum
1908 2663 2096 2712 amas,

449 2736 764 2789 contentus
791 2731 872 2787 sis
901 2732 1194 2798 obsoniis,
1220 2740 1282 2788 ut
1307 2736 1777 2806 cuszvangelio
1800 2735 2013 2808 loquar
2030 2737 2098 2806 ⁷⁸,

449 2837 588 2894 quin
617 2836 781 2876 more
809 2822 1058 2893 antiquo
1083 2821 1212 2878 dari
1244 2823 1452 2878 solent.
1479 2823 1534 2879 Si
1568 2823 1748 2895 impie
1772 2829 1952 2894 agant
1980 2823 2098 2890 alii,

452 2916 516 2968 tu
545 2909 680 2983 pius
709 2916 836 2966 esto
865 2929 879 2977 ;
911 2911 1254 2967 subducens
1294 2917 1366 2978 te,
1408 2913 1612 2984 quoad
1654 2913 1779 2968 ﬁeri
1824 2919 2038 2984 potest,
2066 2929 2102 2968 a

451 2998 692 3056 nefariis
713 2999 1084 3055 hominibus.
1115 3000 1274 3056 Nosti
1307 3002 1467 3056 enim
1499 3003 1798 3058 mundum
1829 3002 2105 3067 hunc,in-

454 3093 575 3145 star
600 3089 838 3154 somnii,
865 3088 1138 3160 decipere
1160 3089 1407 3162 illosqui
1425 3090 1538 3162 ipsi
1571 3092 1853 3146 serviunt.
1883 3091 2105 3158 thm’d

450 3177 712 3251 proderit
727 3177 1026 3242 homini,si
1040 3180 1321 3234 mundum
1333 3180 1439 3235 uni
1443 3195 1672 3236 versum
1687 3181 2103 3247 tucretur,ani-

453 3282 564 3323 mae
587 3281 722 3323 vero
749 3282 872 3323 suae
900 3267 1312 3323 detrimentum
1342 3268 1613 3336 patiatur
1633 3270 1677 3304 ⁷⁷
1710 3269 1739 3321 ‘2
1769 3270 1933 3334 Quod
1951 3270 2106 3324 absit

453 3358 530 3412 de
555 3355 899 3412 excellentia
953 3360 1056 3412 tua
1106 3357 1368 3426 cogitare
1402 3359 1432 3410 ‘I
1457 3374 1592 3428 quas
1644 3359 1880 3413 insitam
1926 3357 2106 3412 habet

455 3444 755 3511 virtutem,
799 3447 1037 3517 Deoque
1095 3447 1315 3502 servire
1360 3452 1544 3512 amat,
1574 3448 1676 3518 qui
1720 3463 1790 3502 ex
1823 3446 2007 3502 nihilo
2054 3455 2105 3501 te

457 3533 759 3606 produxit,
787 3549 857 3590 ac
889 3534 1070 3590 vitam
1099 3537 1315 3607 ipsam,
1338 3541 1393 3590 et
1418 3543 1669 3600 motum,
1695 3543 1749 3591 et
1767 3537 2102 3608 respiratio-

457 3639 598 3679 nem
627 3622 806 3678 dedit.
841 3622 1034 3691 Quare
1057 3623 1399 3694 depositum
1440 3625 1605 3695 quod
1651 3626 1948 3680 commisit
2000 3625 2107 3681 tibi

456 3727 564 3784 per
587 3711 873 3784 Spiritum
903 3719 1194 3783 sanctum,
1220 3712 1542 3784 ﬁdemque,
1575 3720 1628 3770 et
1659 3720 1879 3784 rectam
1902 3731 2108 3786 opera-

461 3803 705 3866 tionem,
737 3801 880 3863 vide,
917 3807 980 3857 ut
1018 3802 1250 3858 salvam
1283 3802 1360 3856 illi
1392 3803 1610 3858 reddas
1641 3804 1700 3858 in
1731 3804 1922 3858 exitus
1955 3811 2107 3858 tem-

459 3905 624 3962 pore,
659 3891 972 3946 auditurus
1005 3892 1083 3946 ab
1109 3893 1239 3963 ipso
1258 3908 1271 3946 :
1288 3892 1456 3960 Euge
1468 3908 1634 3948 serve
1649 3893 1792 3949 bone
1809 3899 1861 3949 et
1875 3893 2071 3960 ﬁdelis
2084 3909 2108 3959 ;

457 3995 636 4049 super
661 3995 857 4048 pauca
887 3981 1058 4049 fuisti
1083 3981 1276 4048 ﬁdelis
1308 3998 1324 4034 :
1360 3996 1541 4048 super
1582 3983 1771 4037 multa
1803 3988 1857 4037 te
1897 3983 2106 4037 consti-

459 4076 623 4125 tuam
649 4091 673 4140 ,-
697 4069 862 4125 intra
876 4069 1231 4137 ingaudium
1251 4069 1863 4141 Dominitui".Atque
1879 4072 2102 4126 utinam

461 4159 564 4215 tibi
591 4159 894 4228 contingat
923 4158 1080 4214 hanc
1096 4174 1299 4214 vocem
1319 4158 1547 4224 audire,
1567 4164 1774 4215 etcum
1791 4167 1910 4216 tota
1923 4161 2106 4217 domo

462 4247 697 4313 salvari,
731 4247 789 4303 in
813 4247 1039 4303 Christo
1068 4249 1205 4302 Jesu
1240 4249 1490 4304 Domino
1519 4255 1723 4304 nostro
1767 4251 1778 4304 !
1821 4252 2030 4305 Amen.

2209 1757 2351 1820 θητε,
2413 1750 2505 1806 διὰ
2535 1761 2630 1814 τῆς
2668 1750 2929 1813 εὐσεϐείας
2982 1770 3076 1803 σου
3123 1755 3212 1803 καὶ
3278 1748 3647 1824 ἀγαθοεργίας,
3709 1752 3825 1803 ὑπὸ

2206 1851 2298 1896 τοῦ
2352 1841 2574 1915 φύλακος
2625 1849 2714 1900 τῆς
2781 1844 2918 1902 ζωῆς
2975 1859 3069 1892 σου
3129 1838 3348 1911 ἀγγέλου
3409 1842 3821 1914 φρουρούμενος.

2208 1937 2461 2007 Γρηγόρει
2515 1931 2564 1984 ἐν
2610 1937 2952 2003 προσευχαῖς,
3018 1937 3144 2002 νῆφε
3197 1928 3246 1982 ἓν
3309 1925 3579 1996 δεήσεσιν,
3635 1931 3829 2003 ἔκφερε

2208 2024 2408 2076 ἔνδικον
2471 2027 2656 2095 κρῖμα,
2714 2016 3045 2072 ἑπιδείκνυσο
3115 2019 3316 2091 εύμενὶς
3365 2023 3510 2091 ὄμμα
3589 2026 3823 2090 πτωχῷ,

2208 2115 2579 2185 προασπιστής
2643 2116 2792 2180 γενοῦ
2876 2117 2975 2160 τῶν
3061 2104 3435 2180 ἀδικουμένων,
3501 2112 3828 2180 μετριότητα

2208 2211 2256 2260 ἓν
2309 2219 2363 2253 τε
2409 2197 2602 2273 βρώσει
2636 2204 2725 2251 καὶ
2753 2202 2906 2250 πόσει
2953 2200 3114 2270 φέρων
3141 2214 3152 2226 °
3207 2199 3238 2256 ἡ
3294 2199 3396 2269 γὰρ
3433 2195 3685 2270 ἀκρασία,
3715 2205 3828 2249 τῶν

2207 2299 2378 2342 κακῶν
2431 2294 2626 2364 μήτηρ.
2682 2291 2773 2342 ‘Av
2829 2287 2979 2339 ἄλλοι
3052 2290 3286 2350 παίζωσι
3339 2290 3429 2338 καὶ
3481 2285 3725 2358 γελῶσιν,
3795 2288 3824 2340 6

2207 2384 2387 2454 κύριός
2431 2398 2553 2450 μου,
2621 2379 2778 2430 ἄκουε
2845 2384 2938 2429 τοῦ
3000 2380 3194 2450 Κυρίου
3251 2376 3456 2428 πάντων
3511 2375 3742 2447 λέγοντος
3807 2393 3823 2408 ο

2210 2471 2379 2522 Ούαὶ
2429 2469 2485 2519 οἱ
2540 2466 2868 2537 γελῶντες,
2911 2467 3006 2518 ὅτι
3063 2465 3486 2518 κλαύσονται.
3527 2464 3620 2520 Ἂν
3669 2464 3826 2519 ἄλλοι

2210 2556 2654 2629 αἰσχρολογῶσιν,
2732 2555 2907 2621 αὐτὸς,
2983 2554 3292 2629 παρακαλῶ,
3370 2553 3682 2629 ἐπιφραξαιο
3757 2558 3826 2608 τὰ

2400 2641 2556 2706 Ὀδός
2589 2647 2690 2716 γὰρ
2745 2643 2828 2697 ἐπὶ
2875 2646 2938 2696 τὰ
2976 2645 3264 2717 πράγματα
3315 2646 3365 2696 οἱ
3415 2643 3561 2714 λόγοι
3611 2647 3828 2716 τυγχά-

2207 2755 2408 2790 νουσιν.
2452 2734 2543 2786 “Av
2574 2733 2720 2786 ἄλλοι
2765 2733 3005 2808 πληρῶσι
3057 2729 3240 2806 δώρων
3284 2736 3374 2794 τὰς
3419 2730 3592 2796 δεξιὰς
3625 2733 3824 2800 αὐτῶν,

2210 2827 2235 2878 6
2267 2824 2498 2896 φιλόθεός
2544 2843 2662 2896 μου,
2727 2821 3044 2897 ἀρκούμενος
3091 2825 3195 2884 εἴης
3242 2830 3348 2883 τοῖς
3405 2822 3672 2893 ὀψωνίοις,
3729 2823 3821 2875 εὖ·

2211 2914 2498 2986 αγγελικῶς
2572 2913 2750 2978 εἰπεῖν,
2828 2919 2932 2972 τοῖς
3006 2914 3142 2965 κατὰ
3219 2913 3495 2970 συνήθειαν
3586 2910 3813 2986 ἀρχικῶς

2210 2645 2318 2699 ὦτα
2329 2686 2342 2700 .

2136 3025 2176 3082 C
2213 3001 2528 3075 διδομένοις.
2579 3001 2672 3054 Ἂν
2701 3001 2847 3054 ἄλλοι
2899 3000 3180 3064 ἀσεϐῶσιν,
3227 3005 3382 3062 αὐτὸς
3412 3001 3614 3055 εῦσέϐει
3644 3021 3657 3033 ⁸
3688 3003 3808 3054 ὅσον

2212 3095 2317 3146 οἷόν
2392 3112 2446 3145 τε
2522 3091 2852 3162 στελλόμενος
2916 3098 3016 3143 τῶν
3093 3088 3401 3142 ἀτασθάλων
3431 3087 3660 3166 ἀνδρῶν.
3726 3088 3818 3143 Οἶ-

2215 3184 2318 3234 σθα
2353 3184 2454 3253 γὰρ
2513 3182 2593 3232 ὃτι
2624 3181 2648 3231 ὁ
2680 3177 2796 3252 βίος
2849 3179 2996 3240 οὗτος
3027 3178 3223 3252 ὀνείρου
3272 3174 3429 3235 δίκην
3487 3182 3826 3251 παραπέμπει

2212 3273 2334 3331 τοὺς
2389 3269 2806 3342 λειτουργοῦντας
2848 3267 3007 3337 αὐτῷ.
3069 3272 3186 3320 Καὶ
3251 3270 3313 3319 τί
3351 3266 3674 3338 ὠφελήσει
3727 3268 3825 3318 ἄν·

2216 3360 2486 3432 θρωπος,
2546 3359 2648 3409 ἐὰν
2701 3355 2840 3408 ὅλον
2879 3359 2984 3407 τὸν
3033 3359 3280 3427 κόσμον
3319 3351 3654 3428 κερδήσει,
3709 3358 3826 3413 τήν

2216 3444 2282 3499 δὲ
2321 3446 2540 3517 ψυχὴν
2581 3447 2776 3496 αὐτοῦ
2821 3445 3129 3516 ζημιωθῇ
3169 3443 3370 3516 ;”Οπερ
3404 3444 3555 3500 ἀπείη
3587 3447 3704 3517 περὶ
3733 3451 3826 3502 τῆς

2213 3539 2508 3607 τιμιότητος
2550 3553 2642 3586 σου
2675 3536 2854 3586 ἐννοεῖν
2888 3551 2900 3562 ⁸
2944 3532 3177 3604 ἐχούσης
3230 3534 3451 3605 ἔμφυτον
3489 3535 3548 3584 τὸ
3600 3531 3823 3604 ἀγαθὸν,

2215 3630 2299 3677 καὶ
2348 3624 2596 3696 φιλούσης
2636 3627 2762 3677 Θεὸν
2819 3625 3134 3695 θεραπεύειν,
3166 3625 3254 3675 τόν
3309 3621 3365 3673 ἐκ
3412 3629 3501 3674 τοῦ
3546 3626 3617 3693 μὴ
3681 3623 3826 3684 ὄντος

2217 3714 2288 3774 εὶς
2335 3717 2392 3765 τό
2437 3710 2566 3764 εἶναι
2617 3719 2990 3784 παραγαγόντα
3044 3730 3121 3776 σε,
3179 3716 3269 3763 καὶ
3320 3710 3445 3763 αὐτό
3500 3715 3559 3762 τό
3593 3711 3690 3782 ζῇν
3743 3707 3825 3763 δι-

2217 3801 2396 3866 δόντα,
2455 3806 2546 3854 καὶ
2601 3805 2659 3852 τὸ
2713 3802 2994 3868 κινεῖσθαι,
3055 3805 3144 3852 καὶ
3201 3799 3458 3852 ἀναπνεῖν.
3509 3798 3672 3852 Ὠστε
3729 3804 3822 3857 τὴν

2215 3895 2526 3964 παραθήκην
2579 3890 2640 3950 ἣν
2697 3892 2944 3965 παρέθετο
2998 3908 3082 3942 σοι
3137 3886 3230 3941 διὰ
3297 3891 3594 3961 Πνεύματος
3645 3889 3818 3961 ἁγίου,

2215 3986 2309 4040 τήν
2354 4001 2405 4034 τε
2450 3987 2629 4033 πίστιν
2659 3985 2748 4032 καὶ
2778 3984 2870 4038 τὴν
2938 3975 3114 4042 δεξιὰν
3165 3977 3352 4053 πρᾶξιν
3407 3978 3632 4050 φυλάξαι
3697 3977 3818 4030 ἀπο-

2219 4070 2401 4124 δοῦναι
2457 4071 2598 4142 αύτῷ
2652 4077 2790 4122 σώαν
2830 4068 2878 4120 ἐν
2930 4078 3093 4140 καιρῷ
3141 4065 3347 4132 ἐξόδου,
3404 4067 3643 4120 ἀκούσων
3697 4066 3816 4139 παρ’

2218 4165 2378 4213 αὑτοῦ
2411 4177 2422 4189 ·
2459 4156 2535 4213 Εὖ
2576 4156 2762 4211 δοῦλε
2814 4157 3013 4228 ἀγαθὲ
3071 4162 3176 4209 καὶ
3215 4159 3443 4224 πιστὶ,
3483 4160 3591 4210 ἐπὶ
3631 4155 3819 4227 ὀλίγα

2220 4247 2289 4312 ἧς
2315 4251 2566 4314 πιστὸς,
2597 4247 2696 4300 ἐπὶ
2727 4247 2978 4299 πολλῶν
3002 4265 3072 4299 σε
3098 4251 3387 4304 καταστή
3408 4263 3526 4298 σωσ
3555 4244 3822 4310 εἰσελθι

461 4337 554 4398 εἰς
617 4341 728 4395 τὴν
785 4339 994 4411 χαρὰν
1032 4344 1139 4390 τοῦ
1197 4342 1435 4410 Κυρίου
1482 4357 1615 4390 σου.
1676 4343 1774 4391 Καὶ
1829 4343 2026 4410 γένοιτό
2089 4359 2172 4394 σοι
2225 4342 2418 4400 ταύτης
2473 4345 2564 4398 τῆς
2629 4345 2772 4409 φωῆς
2817 4337 3135 4399 ὑπακοῦσαι,
3195 4340 3285 4388 καὶ
3330 4337 3564 4394 σωθῆναι
3615 4337 3821 4387 πανοικὶ

462 4429 512 4479 ἓν
543 4433 760 4500 Χριστῷ
792 4425 970 4484 Ἰησοῦ
1000 4435 1072 4498 τῷ
1106 4432 1280 4500 Κυρίῳ
1303 4429 1466 4500 ἡμῶν.
1504 4427 1694 4500 Ἀμην,

831 4553 1049 4608 CXLIX.
1079 4583 1146 4594 —
1179 4554 1426 4624 Lycosto
1459 4553 1706 4608 consuli.

2363 4551 2516 4609 ΡΜΘ¹
2547 4553 2687 4625 (40).
2726 4581 2796 4593 -
2827 4553 3148 4624 Λυκάστῳ
3187 4553 3435 4623 ύπατῳ.
3483 4547 3676 4625 [ψ).δ’.]

1337 4661 1653 4713 Consolatur
1682 4662 1746 4712 de
1773 4664 1970 4719 uxoris,
2009 4663 2109 4727 pia:
2147 4662 2440 4713 admodum
2470 4660 2724 4718 mulieris,
2763 4660 2928 4711 obitu.

536 4759 644 4825 Qui
693 4758 1194 4815 excellentiaetuas
1243 4759 1463 4814 litteras
1495 4759 1702 4825 attulit,
1729 4759 1885 4815 idem
1935 4760 2107 4816 nobis

2289 4758 2452 4820 Αὐτός
2518 4760 2542 4810 6
2600 4761 2658 4811 τό
2711 4759 3041 4833 γραμμάτιον
3100 4757 3461 4830 ἐπιφερόμενος
3517 4764 3580 4830 τῇ
3648 4760 3817 4828 τιμιό-

464 4847 863 4905 calamitatem
890 4865 1024 4921 quae
1059 4848 1158 4904 tibi
1213 4849 1510 4904 acciderat
1553 4850 1845 4904 nuntiavit
1881 4867 1897 4914 ;
1933 4865 2003 4905 ac
2026 4855 2106 4904 te-

464 4938 592 5008 tigit
618 4954 729 4994 nos
757 4937 1020 5009 profecto
1061 4938 1232 4993 dolor
1280 4941 1437 4992 tuus.
1485 4938 1641 4993 Tuus
1676 4940 1835 4993 enim
1868 4955 2023 5002 sum,
2056 4943 2112 4992 et

462 5028 864 5100 propinquus,
894 5033 949 5083 et
989 5027 1166 5082 simul
1197 5027 1477 5099 antiquus
1522 5027 1774 5094 amicus,
1811 5034 1867 5082 et
1896 5033 2113 5082 coaeta-

463 5132 613 5173 neus
641 5131 654 5172 :
688 5116 936 5188 ﬁerique
953 5131 1075 5170 non
1093 5121 1282 5187 potest
1309 5116 1454 5187 quin
1473 5115 1521 5171 is
1551 5117 1653 5187 qui
1680 5116 1905 5170 sincere
1927 5122 2110 5181 amat,

539 5281 588 5315 ⁷⁵
622 5280 770 5336 Psal.
797 5295 992 5345 xxxm,
1017 5281 1069 5334 8.
1171 5279 1220 5314 ⁷⁸
1249 5279 1389 5335 Luc.
1422 5295 1496 5343 vx,
1530 5279 1623 5335 25.

1699 5279 1747 5313 ⁷⁵
1791 5277 1928 5333 Luc.
1961 5294 2016 5342 x,
2051 5279 2105 5347 7,
2140 5280 2190 5333 8.

2218 4852 2338 4906 τητί
2371 4867 2486 4913 σου,
2538 4846 2844 4919 ἀπήγγειλεν
2894 4850 3017 4919 ημῖν
3056 4851 3148 4907 τὴν
3201 4845 3516 4899 ἐπελθοῦσαν
3550 4865 3633 4898 σοι
3684 4864 3822 4918 συμ-

2222 4940 2400 5009 φορὰν,
2433 4943 2521 4990 καὶ
2551 4946 2621 5009 τῷ
2652 4941 2759 4990 ὄντι
2807 4937 3084 5008 καθήψατο
3131 4938 3276 5010 ὴμῶν
3304 4938 3332 4995 ἠ
3385 4941 3504 5011 περὶ
3553 4939 3610 4988 σε
3658 4935 3818 4994 λύπη.

2221 5024 2388 5089 ’Ὶδιος
2434 5047 2532 5099 γαρ
2593 5046 2677 5079 σοι
2729 5031 2818 5079 καὶ
2867 5026 3222 5099 ἀγχιστέυων,
3265 5027 3395 5098 ὁμοῦ
3442 5045 3496 5078 τε
3543 5023 3682 5097 φίλος
3735 5023 3824 5100 ἀρ-

2223 5124 2382 5189 χαῖος
2411 5122 2496 5169 καὶ
2555 5116 2937 5178 συνηλικιώτης
2967 5133 2978 5145 ’
3025 5120 3113 5168 καὶ
3141 5115 3235 5168 ούκ
3287 5117 3398 5168 ἔστι
3455 5118 3539 5167 τὸν
3579 5113 3843 5186 φιλοῦντα,

2267 5280 2313 5314 ⁷⁷
2349 5279 2546 5336 Matth.
2575 5295 2688 5348 xw,
2712 5278 2800 5335 26.
2876 5279 2924 5313 ⁷⁸
2957 5277 3159 5334 Matth.
3192 5292 3326 5344 xxv,
3359 5277 3448 5331 23.

2032 5395 2274 5458 NOTAE...

547 5515 663 5585 (40)
696 5513 761 5568 In
794 5512 935 5568 Cod.
969 5514 1105 5582 Reg.
1137 5508 1271 5586 ροδ’.
