4036 6276
250 343 388 398 1465

248 472 478 541 γνησίως
515 472 587 541 μὴ
645 469 984 541 συμπάσχειν
1033 468 1104 539 τῷ
1134 467 1416 541 φιλουμένῳ
1451 486 1463 497 ·

248 559 400 611 παλιν
453 557 536 610 ἐπὶ
582 565 643 630 τῇ
711 565 879 631 χαρῇ.
932 558 1053 612 Ἀλλ
1084 558 1124 610 ὧ
1162 566 1258 621 τῆς
1315 557 1628 621 ἁπευκταίας
1690 558 1845 631 ἀγγε-

247 648 358 712 λιας
401 650 412 706 l
462 647 824 703 Ἀπολέλοιπεν
877 648 1018 720 ἡμᾶς
1046 650 1075 707 ἡ
1124 652 1283 719 κυρία
1340 649 1634 714 ύπάτισσα,
1671 652 1729 701 τὸ
1774 646 1842 709 δὴ

249 738 536 810 λεγόμενον,
612 741 741 808 γυνή
808 746 905 789 τῶν
995 736 1395 810 ἐπαινουμένων,
1451 740 1519 800 ὡς
1573 743 1662 791 καὶ
1723 739 1845 808 παρ’

250 828 412 880 ἄλλων
468 828 782 898 ἀκηκόαμεν,
842 832 931 878 καὶ
990 830 1139 878 αὐτοὶ
1197 828 1345 898 ἡμεῖς
1402 826 1685 900 ὀφθαλμοῖς
1754 829 1848 879 ύπ-

251 915 512 989 ελάϐομεν.
575 923 783 990 Πρῶτον
849 917 938 987 μὲν
1010 916 1086 967 ὅτι
1130 912 1453 989 φίλανδρος’
1507 916 1532 968 ὸ
1590 918 1689 969 ὑπὸ
1756 924 1848 968 τοῦ

250 1005 577 1061 Ἀποστόλον
615 1007 974 1058 ὑποτυποῦται
1011 1003 1285 1057 κάλλιστον
1329 1001 1458 1058 εἶναι
1488 1004 1535 1058 ἐν
1565 1006 1799 1078 συζυγίᾳ
1831 1024 1845 1037 ·

253 1101 519 1169 φρόνιμος,
572 1094 826 1166 οἰκουρὸς,
875 1094 1248 1159 εὐαπαντητος,
1302 1094 1703 1170 εὐπροσήγορος,
1737 1095 1851 1167 φιλ-

253 1182 489 1249 ευσεϐὴς,
552 1182 919 1255 φιλόπτωχος·
974 1187 1031 1235 τὸ
1081 1184 1281 1255 μεῖξον,
1345 1186 1654 1257 σωφροσύνῃ
1730 1204 1853 1236 κατ-

254 1273 595 1345 ηγλαῑσμένη,
626 1277 716 1325 καὶ
741 1269 1022 1347 ὁρθοδοξίᾳ
1048 1278 1511 1349 περιηργυρωμένη
1542 1290 1559 1308 ο
1587 1274 1645 1336 ἧς
1674 1279 1764 1327 καὶ
1804 1276 1853 1327 οἱ

251 1368 445 1435 καρποὶ
500 1364 567 1414 τὰ
611 1365 765 1414 τέκνα
818 1365 1104 1437 μαρτύριον
1173 1371 1267 1426 τῆς
1346 1362 1641 1436 ἀμοφτέρων
1710 1365 1852 1435 ὑμῶν

253 1451 492 1512 εὐζωίας,
544 1455 646 1504 Καὶ
673 1453 775 1525 γὰρ
841 1453 1015 1524 ὥσπερ
1070 1450 1124 1503 έκ
1170 1458 1261 1504 τοῦ
1298 1459 1502 1527 καρποῦ
1535 1456 1590 1505 τὸ
1636 1448 1851 1527 δένδρον

256 1544 677 1613 ἓπιγινώσκεται,
735 1539 901 1600 οὕτως
956 1539 1057 1591 κάκ
1114 1548 1214 1592 τῶν
1269 1538 1476 1594 παίδων
1522 1543 1570 1594 οἱ
1600 1544 1853 1614 φύσαντες

257 1632 428 1684 ὁποῖοί
479 1630 578 1683 εἰσι
627 1634 715 1682 καὶ
768 1629 964 1685 ἡλίκοι.
1030 1633 1131 1683 Καὶ
1188 1633 1329 1683 οὔπω
1376 1628 1590 1704 βαθεῖαν
1673 1638 1853 1705 πεῖραν

257 1720 498 1793 έσχηκὼς
550 1727 642 1780 τῆς
703 1724 969 1794 μακαρίας
1024 1718 1236 1790 ἐκείνης,
1297 1728 1404 1772 πῶν
1472 1720 1531 1773 ἆν
1592 1718 1852 1793 δυναίμην

1556 341 2062 401 EPISTULARUM
2103 344 2237 400 LIB.
2283 346 2346 400 ΙΙ.

1514 471 1582 532 ὡς
1632 473 1723 521 καὶ
1760 472 1845 542 ἔμ-
1876 471 1923 527 Α
1953 470 2006 526 ei
2046 486 2228 543 quem
2256 475 2421 527 amat
2444 471 2881 543 compatiatur:
2920 474 3224 539 utcontra,
3254 468 3303 524 si
3327 468 3385 524 in
3407 465 3610 522 laetitia

3478 343 3499 395 1
3510 338 3615 394 466

1953 561 2045 616 sit.
2078 561 2189 616 Sed
2220 576 2255 615 o
2280 560 2501 616 tristem
2528 560 2805 615 nuntium
2841 561 2852 615 l
2888 559 3203 631 Dereliquit
3228 573 3337 613 nos
3360 556 3612 612 domina

1953 649 2304 715 consulissa,
2344 649 2713 705 utfamaest:
2756 649 2967 705 mulier
2996 647 3343 711 laudabilis,
3378 646 3529 700 sicut
3559 649 3615 700 et

1954 738 2178 794 abaliis
2209 738 2571 804 audivimus,
2626 743 2681 793 et
2730 738 2843 810 ipsi
2900 737 3087 792 oculis
3162 734 3610 807 usurpavimus.

1952 828 2213 883 Primum
2236 827 2503 898 quidem,
2536 827 2681 900 quia
2731 827 2837 882 viri
2878 841 3119 890 amans,
3156 824 3319 897 quod
3365 824 3615 894 abApo-

1956 915 2109 972 stolo
2129 918 2178 951 7°
2194 922 2483 989 tanquam
2502 916 2938 988 pulcherrimus
2952 917 3011 971 in
3026 915 3157 985 conj
3171 914 3311 984 ugio
3327 912 3612 981 designa-

1958 1012 2051 1061 tur
2085 1022 2097 1060 :
2132 1006 2413 1077 prudens,
2444 1006 2663 1062 domus
2693 1023 2897 1062 curam
2930 1005 3183 1065 habens,
3222 1003 3432 1069 comis,
3468 1000 3614 1057 aﬂ‘a-

1956 1094 2114 1162 bilis,
2150 1095 2269 1166 pia,
2304 1110 2639 1167 pauperum
2672 1095 2963 1160 amatrix;
2993 1098 3068 1160 et,
3101 1092 3267 1165 quod
3295 1091 3496 1161 majus
3527 1094 3613 1146 est

1959 1184 2224 1240 castitate
2249 1184 2512 1251 illustris,
2547 1191 2602 1240 et
2632 1184 2968 1240 orthodoxa
2998 1182 3117 1238 ﬁde
3149 1185 3362 1237 ornata
3395 1198 3408 1248 ;
3440 1180 3611 1249 cujus

1928 1292 1929 1295 ‘
1961 1274 2138 1329 etiam
2170 1273 2609 1342 fructus,liberi,
2643 1279 2816 1330 rectas
2848 1273 3156 1344 utriusque
3187 1274 3447 1326 vesrtum
3476 1270 3610 1324 vitae

1960 1363 2143 1419 ﬁdem
2170 1363 2411 1419 faciunt.
2442 1364 2665 1418 Etenim
2692 1364 2842 1418 sicut
2865 1363 3040 1418 arbor
3077 1377 3148 1417 ex
3180 1359 3374 1415 fructu
3389 1372 3612 1427 cogno-

1961 1454 2163 1509 scitur.
2232 1452 2316 1507 sic
2366 1468 2435 1507 ex
2466 1452 2666 1507 liberis
2714 1456 3009 1524 parentes,
3043 1449 3251 1523 quales
3280 1448 3349 1522 {et
3400 1444 3611 1519 quanti

1962 1540 2094 1597 sint.
2114 1543 2259 1597 Cum
2284 1546 2483 1597 autem
2512 1541 2700 1596 beatae
2732 1540 2882 1595 illius
2913 1555 3033 1595 non
3064 1554 3355 1608 magnam
3383 1536 3610 1592 habue-

1961 1630 2074 1685 rim
2096 1629 2363 1685 notitiam
2398 1631 2537 1701 ;qui
2568 1629 2797 1701 possim
2830 1644 2922 1684 res
2960 1628 3088 1699 ejus
3114 1626 3393 1684 extollere
3420 1624 3611 1681 laudi-

1961 1718 2075 1774 bus
2122 1719 2150 1773 ?
2175 1719 2285 1774 nisi
2326 1719 2493 1791 quod
2538 1719 2630 1774 bis
2670 1723 2901 1775 tantum
2934 1717 3011 1773 ab
3042 1732 3115 1773 ea
3144 1722 3523 1787 conspectus,
3555 1719 3613 1771 et

256 1812 525 1863 ἑκθειάσαι
572 1812 637 1862 τὰ
688 1808 801 1861 κατ’
848 1808 1007 1866 αὐτὴν
1047 1825 1059 1875 ;
1106 1810 1136 1868 ἦ
1193 1813 1345 1881 μόνον
1400 1804 1481 1870 δὶς
1540 1809 1667 1881 αὐτῇ
1733 1829 1848 1861 συν·

1962 1807 2313 1874 collocutus,
2372 1808 2767 1865 animadverti
2812 1822 2849 1863 δ.
2898 1810 3016 1863 Deo
3048 1806 3253 1863 datam
3286 1804 3394 1860 tibi
3425 1803 3610 1859 fuisse

256 1899 514 1971 οψισθεὶς,
567 1902 656 1949 καὶ
691 1896 763 1960 εἰς
804 1895 1009 1969 ὁμιλίαν
1061 1895 1235 1962 έλθὼν,
1291 1899 1446 1967 ἔγνων
1504 1898 1586 1949 ὅτι
1626 1904 1853 1967 γυναῖκα

255 1986 550 2063 έχαρίσατό
592 2005 677 2039 σοι
720 1986 746 2037 6
800 1989 931 2048 Θεὸς
960 1993 1031 2056 τῷ
1077 1988 1184 2037 ὄντι
1236 1983 1428 2058 βοηθόν
1462 2005 1474 2018 ·
1504 1986 1563 2038 οὐ
1593 1988 1728 2038 κατά
1755 1990 1850 2045 τὴν

254 2077 416 2130 πάλαι
459 2080 783 2149 προμήτορα,
835 2072 1041 2135 ἀπάτης
1083 2074 1247 2137 αἰτία,
1302 2074 1430 2126 ἀλλά
1483 2093 1540 2146 γε
1587 2080 1851 2149 σωτηρίας

254 2168 502 2227 ὑπόθεσις
530 2165 809 2237 γενηθεῖσά
841 2183 922 2216 σοι
955 2160 1046 2215 διὰ
1073 2167 1265 2226 παντὸς
1294 2171 1385 2216 τοῦ
1418 2162 1564 2236 βίου.

326 2256 395 2308 Ὠ
422 2263 513 2315 τῆς
544 2259 813 2328 συμφορᾶς
847 2253 859 2307 l
901 2257 1071 2324 ᾤχετο
1098 2253 1230 2311 αὕτη
1262 2271 1275 2285 ’
1337 2251 1537 2312 ἁπέπτη
1571 2251 1625 2316 ἐξ
1666 2254 1852 2326 ὀφθαλ-

260 2354 368 2419 μῶν
434 2345 613 2416 ὑμῶν⁹
660 2341 987 2413 έγκατέλιπεν
1045 2343 1181 2413 ὑμᾶς
1239 2343 1475 2414 ἡμιθνεῖς
1538 2340 1852 2417 ἆπορῥαγέν-

256 2454 352 2496 τας
374 2440 469 2495 τῆς
492 2431 656 2492 καλῆς
702 2432 984 2503 ὁμοζύγου,
1035 2431 1145 2483 Οὐκ
1175 2434 1363 2504 ἔχομεν
1394 2431 1675 2504 ὀφθαλμοῖς
1728 2433 1851 2506 ὸρᾲν

256 2527 314 2576 τὸ
370 2525 495 2597 ὑπὲρ
546 2526 720 2573 πᾶσαν
774 2516 1038 2591 θυμηδίαν
1100 2522 1432 2593 παραμύθιον
1463 2537 1475 2550 ⁸

259 2611 467 2683 θλίψεσι
512 2608 845 2684 παράκλησιν
876 2625 889 2639 ·
935 2609 993 2660 οὐ
1037 2613 1129 2668 τὴν
1158 2609 1208 2661 έν
1265 2617 1558 2683 συμφοραῖς
1616 2630 1849 2685 παρηγοο

257 2706 411 2774 ρίαν’
453 2699 511 2752 οὐ
562 2703 654 2757 τὴν
710 2697 761 2750 έν
810 2698 984 2750 ἅπασι
1042 2705 1155 2761 τοῖς
1193 2698 1538 2771 ὀφειλομένοις
1598 2700 1852 2757 ύπόνησιν

255 2796 346 2843 καὶ
392 2791 653 2862 συνεργὸν,
707 2792 795 2840 καὶ
850 2788 1167 2860 σύμπραξιν.
1218 2787 1278 2841 Ὀ
1322 2788 1464 2850 ἣλιος
1521 2797 1616 2850 τῆς
1674 2789 1852 2851 ἑστίας

256 2877 350 2934 ἔδυ
384 2896 395 2909 ·
430 2883 509 2941 τίς
540 2880 565 2930 6
594 2879 907 2936 ὑπαντήσων
936 2894 950 2944 ;
979 2882 1059 2938 τίς
1084 2879 1109 2929 6
1156 2880 1508 2951 χαριούμενος
1541 2894 1553 2942 ;
1587 2882 1669 2941 τίς
1699 2880 1725 2930 6
1754 2899 1853 2931 πα-

254 2968 554 3044 ρακαλέσων
588 2985 600 3035 ;
632 2962 742 3026 ἤδη
800 2965 1110 3038 ἐγενήθημεν
1161 2969 1225 3027 ὡς
1282 2967 1427 3039 μόλις
1472 2966 1848 3040 ἀποκειραμένη

254 3062 341 3111 τὸν
392 3057 579 3118 ἑαυτῆς
635 3054 1002 3128 κόσμονοῺς
1062 3059 1403 3131 στρουθίον
1455 3058 1722 3129 μονάζον
1769 3061 1851 3111 ἰπὶ

1535 2521 1593 2573 οὗ
1643 2525 1735 2579 τὴν
1802 2520 1851 2574 ἓν

1961 1900 2283 1969 conjugem
2296 1899 2492 1969 reipsa
2506 1897 2879 1968 adjutricem,
2895 1912 3031 1969 quas
3050 1912 3191 1960 non,
3214 1900 3277 1950 ut
3306 1894 3404 1950 illa
3421 1909 3612 1965 quon-

1961 1987 2103 2043 dam
2124 1987 2319 2056 prima
2349 2003 2589 2059 parens,
2623 1988 2991 2060 deceptionis
3036 2001 3241 2055 causa,
3268 1984 3372 2039 sed
3406 1982 3612 2038 salutis

1962 2076 2066 2133 tibi
2093 2092 2198 2149 per
2220 2082 2402 2134 totam
2433 2077 2620 2134 vitam
2648 2078 2883 2134 occasio
2913 2075 3106 2133 fuerit.

2033 2256 2076 2312 Ο
2107 2254 2508 2311 calamitatem
2527 2255 2539 2310 ε
2557 2255 2705 2311 abiit
2724 2255 2854 2311 illa:
2880 2255 3072 2311 oculis
3095 2254 3304 2309 vestris
3325 2251 3612 2308 evolavit:

1961 2343 2198 2416 reliquit
2224 2360 2330 2399 vos
2344 2345 2782 2415 semimortuos,
2816 2343 2893 2400 ab
2909 2343 3148 2413 egregia
3162 2343 3416 2412 conjuge
3446 2340 3616 2397 abre-

1962 2435 2119 2503 ptos.
2151 2433 2281 2488 Jam
2309 2448 2429 2489 non
2461 2448 2782 2504 possumus
2813 2432 3000 2488 oculis
3032 2446 3270 2487 cernere
3291 2428 3435 2485 illud
3449 2428 3616 2485 omni

1963 2521 2255 2577 suavitate
2285 2522 2478 2593 majus
2493 2522 2771 2577 solatium
2788 2539 2807 2586 ;
2823 2536 2940 2576 non
2957 2536 3090 2576 eam
3113 2535 3248 2592 qua:
3262 2520 3318 2574 in
3334 2518 3617 2574 omnibus

1963 2610 2637 2667 mrumnislevamentum
2651 2616 2804 2676 erat;
2827 2626 2947 2666 non
2960 2625 3091 2665 eam
3107 2625 3242 2681 quae
3258 2607 3616 2663 calamitates

1960 2699 2240 2766 leniebat,
2256 2705 2313 2755 et
2336 2716 2470 2771 qua;
2487 2701 2545 2755 in
2564 2700 2872 2766 omnibus,
2900 2699 3240 2770 ubicunque
3262 2713 3415 2769 opus
3442 2696 3613 2760 foret,

1962 2788 2235 2855 consilio,
2270 2795 2325 2844 et
2342 2804 2547 2861 opera,
2571 2795 2628 2845 et
2652 2788 2825 2845 factis
2843 2787 3059 2844 auxilio
3084 2790 3229 2844 erat.
3247 2786 3343 2843 Sol
3372 2784 3616 2840 familiae

1962 2879 2209 2934 occidit:
2243 2879 2374 2951 quis
2405 2877 2633 2935 obviam
2659 2879 2966 2935 occurret?
2998 2877 3129 2949 quis
3152 2874 3615 2949 gratiﬁcabitur?

1961 2970 2090 3041 quis
2105 2967 2429 3025 hortabitur
2441 2968 2499 3024 Ἠ
2505 2986 2591 3024 am
2609 2968 2747 3025 facti
2763 2985 2961 3023 sumus
2977 2973 3038 3024 ut
3050 2968 3259 3023 civitas
3272 2970 3615 3022 ornamento

1964 3075 2075 3114 suo
2107 3058 2361 3130 spoliata
2392 3059 2589 3117 :Sicut
2604 3073 2817 3129 passer
2855 3056 3164 3114 solitarius
3194 3058 3257 3111 in
3291 3062 3438 3111 tecto
3452 3055 3521 3120 ⁸ο,
3553 3058 3618 3109 ut

255 3144 532 3219 δώματι,
567 3153 847 3206 Δαυῐτικῶς
900 3146 1078 3198 εἰπεῖν.
1112 3150 1175 3199 Τί
1205 3144 1295 3199 οὖν
1321 3163 1333 3213 ;
1386 3145 1695 3219 λυπηθῶμεν
1720 3152 1851 3223 πέρα

1961 3164 2099 3205 cum
2132 3147 2710 3221 Davideloquamur.
2745 3146 2895 3213 Quid
2916 3162 3060 3217 ergo
3087 3146 3115 3201 ?
3146 3161 3220 3201 an
3245 3142 3615 3199 tristabimur

253 3244 345 3289 τοῦ
395 3238 624 3310 μέτρου;
662 3239 752 3287 καὶ
798 3233 1217 3309 περιϐαλούμεθα
1270 3234 1684 3308 ἀπαραμύθητον
1742 3242 1852 3289 πέν-

256 3326 339 3386 θος
371 3341 385 3392 ;
418 3321 682 3396 Οὐδαμῶς
712 3319 820 3390 οὖν,
852 3319 1119 3395 οὐδαμῶς,
1154 3321 1193 3375 ὦ
1222 3326 1519 3396 τριπόθητε,
1571 3324 1678 3377 ἀλλ’
1716 3323 1853 3379 εἰδό-

252 3433 331 3474 τες
373 3415 453 3466 ὅτι
496 3414 521 3464 6
567 3410 690 3474 δούς
734 3414 859 3484 ἡμῖν
891 3412 1053 3470 αὐτὴν
1080 3417 1201 3474 Θεὸς
1248 3416 1314 3465 τὰ
1350 3422 1534 3488 πρῶτα
1563 3415 1637 3477 εἰς
1677 3434 1856 3467 κοινω-

251 3507 364 3555 νίαν
409 3501 552 3575 βίου,
605 3500 756 3561 αὐτός
805 3499 944 3552 ἐστιν
1001 3502 1027 3553 6
1078 3508 1164 3553 νῦν
1218 3502 1659 3575 προσλαϐόμενος,
1702 3506 1857 3556 οῖσω-

253 3612 343 3666 μεν
397 3592 732 3664 εὐχαρίστως
780 3594 837 3642 τὸ
899 3589 1122 3662 συμϐὰν,
1180 3595 1489 3665 μιμούμενοι
1541 3598 1634 3650 τὴν
1688 3612 1856 3665 μακα-

252 3687 370 3757 ρίαν
427 3685 621 3738 ἒκείνην
672 3685 860 3753 φωνὴν,
923 3681 983 3739 ἣν
1012 3680 1206 3742 ἐκεῖνος
1255 3681 1349 3733 οὐκ
1381 3680 1465 3734 ἐπὶ
1499 3680 1726 3754 ἀποϐολῇ
1759 3702 1856 3753 γυ-

252 3776 449 3836 ναικὸς,
522 3769 628 3822 ἀλλ’
686 3773 768 3823 ἐπὶ
836 3774 995 3821 παισὶ
1044 3766 1174 3822 δέκα
1233 3772 1361 3843 ὸμοῡ
1429 3773 1723 3835 τεθνηκόσι,
1760 3775 1865 3823 σὺν

253 3868 370 3923 ταῖς
426 3863 759 3935 προτεραίαις
811 3868 910 3911 τῶν
942 3859 1085 3920 ἐκτός
1124 3863 1328 3911 πάντων
1382 3859 1691 3934 ἀφαιρέσεσι
1724 3883 1737 3895 ”
1766 3866 1857 3914 καὶ

253 3951 384 4023 αὐτῇ
435 3956 498 4021 τῇ
553 3950 807 4021 ὑστεραίᾳ
835 3947 1011 4021 πληγῇ
1044 3956 1137 4000 τοῦ
1182 3954 1420 4021 σώματος
1454 3968 1466 3981 ·
1509 3950 1592 4002 ἐπὶ
1640 3955 1857 4026 κοπρίας

252 4043 278 4094 6
337 4044 459 4114 πρὶν
509 4037 764 4111 βασιλεὺς
808 4040 1116 4110 καθήμενος,
1167 4044 1256 4090 καὶ
1317 4039 1437 4101 ξέων
1484 4044 1605 4101 τοὺς
1655 4041 1856 4115 ἰχῶρας

251 4140 351 4184 τῶν
383 4129 567 4182 ἑαυτοῦ
611 4135 816 4199 σαρκῶν
872 4126 1090 4199 βῶλαξι,
1121 4124 1249 4179 τάδε
1293 4133 1451 4201 φησίν
1485 4146 1498 4159 ·
1520 4128 1579 4181 Ὀ
1616 4133 1854 4202 Κύριος

251 4217 508 4281 ἔδωκεν,
537 4219 562 4269 6
596 4220 841 4291 Κύριος
882 4215 1310 4288 ἀφείλετο·ὠς
1350 4227 1430 4288 τῷ
1473 4223 1680 4293 Κυρίῳ
1720 4217 1852 4272 ἔδο.

253 4306 373 4373 ξεν,
417 4306 612 4367 οὕτως
653 4310 759 4358 καὶ
798 4306 1074 4377 ἐγένετο.

1964 3237 2451 3301 ultramodum,et
2467 3252 2721 3293 mmrore
2736 3234 3155 3291 inconsolabili
3173 3232 3557 3289 conﬁciemur
3584 3231 3613 3286 7

1962 3329 2345 3399 Nequaquam
2378 3328 2598 3398 utique,
2622 3341 3019 3398 nequaquam,
3043 3321 3575 3381 odesideralissime
3602 3339 3615 3389 ;

1962 3415 2060 3469 sed
2081 3416 2332 3471 scientes
2362 3416 2679 3486 Deum,qui
2712 3416 2868 3470 banc
2895 3414 3061 3486 prius
3094 3414 3171 3468 ad
3206 3411 3336 3467 vitae
3359 3410 3617 3467 societa-

1962 3506 2080 3559 tem
2099 3505 2270 3559 nobis
2300 3505 2563 3569 dederat,
2597 3505 2795 3575 ipsum
2820 3519 2948 3559 esse
2976 3503 3079 3574 qui
3110 3502 3270 3557 hanc
3293 3516 3452 3555 nunc
3479 3499 3614 3555 abs-

1962 3592 2091 3648 tulit
2108 3611 2121 3659 ;
2141 3610 2277 3648 cum
2293 3593 2621 3663 gratiarum
2654 3593 2885 3648 actione
2907 3608 3117 3647 casum
3134 3591 3294 3646 hunc
3323 3589 3609 3653 feramus,

1963 3682 2421 3739 celeberrimum
2451 3681 2563 3738 Job
2589 3681 3281 3751 imitantes,beatamque
3306 3679 3470 3734 illam
3485 3679 3614 3749 ejus

1964 3787 2169 3827 vocem
2204 3776 2775 3844 usurpantes,quam
2812 3770 3056 3837 ille,non
3087 3769 3341 3839 conjuge
3360 3768 3607 3834 amissa,

1964 3860 2071 3915 sed
2103 3877 2237 3916 cum
2272 3861 2480 3916 decem
2507 3860 2610 3915 ﬁlii
2641 3876 2711 3916 ac
2742 3859 2876 3914 ﬁliai
2904 3858 3081 3914 simul
3122 3858 3495 3925 interiissent,
3520 3872 3612 3911 or-

1964 3948 2260 4021 batusque
2292 3960 2467 4005 antea
2495 3948 2667 4004 bonis
2684 3948 2964 4003 omnibus
2993 3947 3248 4002 externis
3279 3945 3508 4010 fuisset,
3541 3961 3613 4001 ac

1963 4038 2284 4093 novissime
2332 4039 2597 4108 corporis
2638 4037 2815 4109 plaga
2872 4051 3215 4107 oppressus,
3276 4036 3336 4090 in
3363 4035 3612 4106 sterqui-

1958 4125 2124 4191 linio,
2154 4127 2253 4198 qui
2288 4143 2391 4182 rex
2427 4132 2562 4181 ante
2606 4126 2816 4189 fuerat,
2844 4125 3086 4195 jaceret,
3129 4125 3480 4195 saniemque
3537 4139 3610 4178 ex

1960 4214 2259 4270 ulceribus
2292 4216 2414 4270 suis
2446 4219 2791 4269 manantem
2835 4216 2982 4268 testa
3022 4213 3272 4277 raderet,
3320 4211 3560 4284 protulit
3592 4228 3603 4265 :

1957 4305 2241 4361 Dominus
2274 4305 2456 4371 dedit,
2491 4304 2777 4359 Dominus
2806 4302 3055 4359 abstulit
3086 4318 3099 4354 :
3160 4302 3309 4358 sicut
3361 4300 3607 4356 Domino

1956 4395 2209 4464 placuit,
2240 4394 2321 4449 ita
2345 4394 2574 4463 factum
2600 4399 2682 4449 est
2723 4393 2790 4443 ⁸1.

325 4483 442 4537 Ἐὰν
485 4480 571 4536 οὖν
624 4491 812 4549 ταῦτα,
862 4482 901 4535 ὦ
959 4484 1192 4556 φιλότης,
1253 4483 1325 4557 ἐφ’
1353 4483 1553 4547 ἑαυτοῖς
1609 4491 1697 4539 καὶ
1730 4483 1846 4539 δια-

2029 4484 2083 4537 Si
2115 4499 2252 4555 ergo
2281 4483 2409 4539 haec
2440 4482 2602 4553 apud
2634 4497 2763 4545 nos,
2806 4496 2841 4536 ο
2866 4480 3079 4545 amice,
3112 4479 3606 4535 constituerimus

256 4575 463 4647 θώμεθα
535 4578 620 4625 καὶ
698 4573 1054 4645 φθεγξώμεθα,
1111 4574 1169 4625 οὐ
1243 4576 1449 4648 μακρὰν
1508 4578 1679 4647 εἴημεν
1754 4585 1847 4639 τῆς

252 4659 466 4736 μερίδος
514 4661 713 4715 ἐκείνων
745 4681 758 4695 ο
822 4661 948 4714 ἁλλὰ
1002 4665 1103 4736 γὰρ
1157 4666 1246 4714 καὶ
1302 4670 1363 4735 τῇ
1424 4668 1661 4737 μακαρίᾳ
1723 4666 1848 4717 ἐκεί-

250 4770 310 4823 νῃ
386 4760 540 4804 τοῦτο
614 4752 767 4804 καλὸν
836 4751 1102 4824 ἐπιτάφιον
1186 4755 1543 4825 ποιησαίμεθα
1584 4770 1597 4784 ⁸
1659 4754 1848 4817 αὐτούς

250 4859 306 4892 τε
354 4844 471 4901 τοὺς
525 4844 579 4893 ἑκ
630 4848 760 4895 Θεοῦ
794 4837 1036 4901 δοθέντας
1071 4842 1195 4912 ἡμῖν
1226 4837 1451 4903 κλάδους
1506 4842 1846 4896 ύποτυπωσό-

250 4932 384 5003 μεθα
414 4927 487 4982 δι’
532 4929 724 4982 ἑαυτῶν
775 4930 844 4992 εἰς
898 4930 1069 4983 εἰκόνα
1110 4932 1414 5002 θεοτερποῦς
1458 4929 1727 5003 βιωσεως’
1758 4938 1847 4985 καὶ

249 5021 419 5072 πάντα
473 5020 595 5090 ύμῖν
648 5020 868 5072 ἐντεῦθεν
927 5020 992 5080 εἰς
1039 5019 1191 5070 καλὸν
1246 5018 1566 5078 ἀπαντησοι.
1629 5020 1694 5074 Ἀ
1743 5025 1844 5097 γὰρ

250 5109 277 5160 6
334 5111 460 5168 Θεὸς
489 5109 515 5159 6
542 5108 748 5170 αἰώνιος
774 5110 799 5159 6
829 5116 927 5161 τῶν
987 5108 1226 5160 ἁπάντων
1278 5114 1546 5170 Δεσπότης
1602 5120 1761 5163 ποιῶν
1800 5111 1848 5163 ἐν

250 5200 376 5270 ἡμῖν
428 5198 620 5269 εὕροιεν
678 5198 896 5269 εὐμενῶς
950 5194 1309 5270 δεχομένους’
1367 5206 1477 5259 πῶς
1534 5199 1626 5251 οὐκ
1671 5200 1730 5251 ἂν
1758 5206 1848 5254 καὶ

249 5290 317 5340 τὰ
362 5288 595 5362 παρόντα
655 5288 780 5358 ἡμῖν
832 5283 885 5340 εὖ
932 5283 1207 5354 διάθηται,
1263 5294 1323 5359 τῇ
1356 5288 1720 5361 παρακαλήσει
1755 5298 1847 5343 τοῦ

248 5376 403 5448 ἁγίου
458 5376 618 5428 αὐτοῦ
680 5378 973 5448 Πνεύματος
1003 5394 1015 5406 ·
1066 5382 1156 5429 καὶ
1214 5378 1281 5429 τὰ
1341 5377 1589 5449 μέλλοντα
1641 5379 1845 5451 έτοιμά-

254 5484 384 5520 σειεν
442 5463 841 5542 ἀπολαυστήρια
869 5465 918 5519 έν
972 5467 1157 5519 αἰῶσιν
1187 5465 1448 5541 ἁπείροιος
1480 5484 1494 5535 ;
1525 5474 1703 5521 Ταῦτα
1749 5470 1845 5542 ἑγὼ
1890 5534 1891 5537 η

320 5639 367 5672 τ’
396 5636 500 5693 Tit.
527 5652 582 5704 ιι,
616 5636 668 5691 4.
747 5639 793 5672 ³ο
827 5636 975 5693 Psal.
1021 5652 1088 5703 c1,
1124 5640 1175 5693 3.
1254 5637 1297 5673 εί
1318 5636 1450 5694 Job.
1486 5653 1525 5703 ι,
1554 5636 1647 5692 21.

1958 4579 2013 4629 et
2037 4574 2363 4629 dixerimus
2395 4589 2408 4638 ;
2444 4572 2521 4627 ab
2547 4571 2781 4626 illorum
2810 4576 2964 4625 sorte
3005 4585 3128 4625 nou
3159 4568 3369 4641 procul
3412 4568 3607 4624 aberi-

1958 4680 2131 4733 mus;
2167 4662 2272 4718 sed
2293 4668 2348 4716 et
2383 4662 2572 4716 beatas
2602 4660 2685 4717 illi
2730 4660 3047 4732 pulchrum
3079 4658 3195 4715 hoc
3233 4657 3602 4729 epitaphium

1957 4750 2765 4821 confecerimuszipsosquea
2783 4748 2902 4804 Deo
2924 4748 3098 4803 datos
3130 4747 3305 4803 nobis
3335 4746 3605 4801 surculos

1958 4839 2420 4895 informabimus
2446 4854 2552 4911 per
2580 4853 2689 4893 nos
2718 4838 2881 4909 ipsos
2904 4836 2980 4892 ad
3003 4836 3331 4904 imaginem
3366 4837 3481 4890 Deo
3509 4850 3604 4890 ac-

1958 4936 2143 5002 ceptae
2176 4928 2306 4983 vitae
2338 4945 2352 4983 :
2380 4934 2435 4983 et
2460 4928 2666 4983 omnia
2688 4927 2825 4982 inde
2858 4926 3029 4982 vobis
3081 4940 3363 4996 prospere
3396 4940 3604 4980 succe-

1957 5024 2123 5075 dent.
2164 5019 2220 5074 Si
2264 5019 2420 5073 enim
2454 5018 2605 5072 Deus
2674 5022 2946 5079 aeternus,
2983 5015 3255 5070 omnium
3292 5015 3599 5079 Dominus,

1957 5124 2091 5181 quas
2125 5108 2296 5163 nobis
2318 5107 2537 5173 fecerit,
2578 5122 2648 5161 ea
2678 5106 2926 5161 libenter
2956 5107 3334 5174 acceptantes
3368 5102 3597 5168 viderit,

1957 5198 2262 5269 quomodo
2292 5212 2411 5251 non
2444 5201 2500 5251 et
2545 5196 2868 5266 praesentia
2899 5193 3073 5248 nobis
3103 5198 3257 5247 recte
3298 5192 3604 5263 dispertiet

1957 5285 2488 5343 interventusancti
2516 5285 2709 5356 ipsius
2733 5284 3004 5355 Spiritus,
3033 5288 3089 5337 et
3113 5282 3341 5337 futuras
3368 5281 3604 5353 parabit

1956 5377 2199 5433 delicias
2237 5376 2295 5430 in
2364 5374 2597 5430 saeculis
2653 5373 3044 5428 interminatis
3084 5372 3112 5427 ‘I
3160 5374 3287 5427 Haec
3335 5386 3465 5437 ego,
3495 5372 3602 5427 etsi

1956 5482 2171 5540 pauca,
2201 5469 2398 5521 tamen
2430 5468 2493 5519 ut
2524 5463 2733 5519 tuusin
2753 5460 3377 5533 charitate.etscripsi,
3418 5466 3472 5516 et
3493 5461 3599 5517 ad-
