4036 6276
457 277 594 332 1467

1712 278 1773 334 S.
1815 278 2181 337 THEODORI
2221 281 2546 337 STUDITA'Z

3672 284 3823 339 “68

452 403 724 460 hortatus
753 420 907 461 sum.
941 406 1022 461 Tu
1039 420 1201 471 vero,
1232 405 1500 471 Domine,
1524 406 1689 480 ipsos
1712 406 1931 462 liberos
1963 410 2090 463 tuos

2206 410 2295 480 μεν
2344 408 2388 461 εἰ
2429 412 2517 461 καὶ
2556 406 2785 482 βραχέα,
2831 410 2969 482 ὅμως
3016 411 3084 472 ὥς
3115 413 3208 471 σὸς
3253 411 3302 463 ἓν
3361 408 3535 484 ἀγάπῃ
3585 415 3673 463 καὶ
3713 414 3811 482 γέ-

454 494 774 565 praeclaros
807 494 1002 549 verbis
1032 496 1246 551 nostris
1277 496 1536 552 salutare
1571 512 1643 551 ne
1670 495 1950 567 graveris.

771 802 882 857 CL.
915 831 983 843 —
1004 801 1421 871 Euphrosynae
1451 801 1800 869 praepositae.

2205 516 2378 569 γραφα
2475 501 2562 549 καὶ
2641 498 2989 571 παρεκάλεσα.
3043 498 3214 560 Αὐτὸς
3298 496 3377 564 6's,
3450 497 3488 551 ὦ
3556 495 3812 564 δέσποτα,

2206 586 2343 639 αὐτὰ
2404 588 2471 639 τὰ
2535 589 2686 659 τίμιά
2753 607 2848 640 σου
2910 592 3065 641 τέκνα
3124 596 3424 662 προσειπεῖν
3492 593 3611 664 περὶ
3663 590 3819 663 ἡμῶν

2208 674 2460 739 ἀξίωσον.

2317 800 2419 855 PN’
2451 800 2586 872 (41).
2628 831 2695 840 -
2734 799 3110 875 Εὐφροσύνῃ
3144 803 3491 877 ἡγουμένῃ.
3524 801 3701 877 [ψλε’.]

1105 910 1168 960 Ut
1191 909 1680 959 sanctimonialium
1704 908 2079 973 praafecturam
2110 920 2218 973 qua
2242 921 2339 971 par
2367 911 2447 957 est
2482 907 2760 972 diligentia
2791 907 3153 959 administret.

521 1007 697 1074 Quod
731 1023 888 1064 curae
944 1009 1119 1064 nobis
1162 1010 1235 1065 sit
1264 1008 1596 1064 reverentia
1627 1014 1748 1074 tua,
1803 1009 1965 1063 testis
2007 1012 2096 1062 est

454 1102 659 1153 nostra
686 1097 814 1153 haec
840 1098 1034 1153 tenuis
1072 1098 1342 1169 epistola.
1398 1099 1540 1153 Cum
1580 1096 1742 1152 enim
1790 1097 1980 1152 beatas
2018 1094 2098 1151 illi

452 1192 797 1259 sanctasque
822 1187 995 1243 matri
1021 1187 1263 1259 polliciti
1289 1187 1475 1242 simus
1491 1186 1687 1242 verbis
1703 1187 1940 1251 nostris,
1975 1185 2098 1240 fore

452 1281 516 1332 ut
544 1277 1097 1348 dignitatemtuam,
1120 1277 1319 1349 quoad
1348 1277 1475 1333 ﬁeri
1505 1281 1723 1348 posset,
1760 1275 2098 1331 foveremus

452 1365 769 1435 visitando,
813 1367 936 1422 sive
961 1366 1220 1436 longius,
1251 1367 1376 1422 sive
1405 1366 1684 1437 proprius
1718 1365 2094 1433 abessemus;

450 1456 647 1511 fallere
670 1456 835 1511 nefas
874 1455 1065 1511 fuerit.
1110 1458 1174 1511 Et
1213 1470 1368 1519 vero,
1403 1455 1633 1511 etiamsi
1664 1454 1811 1511 ratio
1856 1470 1967 1510 nos
1998 1453 2099 1510 illa

451 1561 571 1600 non
605 1550 886 1610 moveret,
920 1546 1166 1616 ipsatua
1196 1545 1269 1599 de
1299 1545 1472 1600 nobis
1498 1543 1827 1599 humilibus
1852 1543 2092 1611 ﬁducia,

450 1641 671 1705 tuaque
685 1649 827 1703 erga
848 1650 958 1689 nos
972 1634 1185 1690 merita
1207 1634 1653 1705 persuaderent,
1683 1632 1858 1689 uttibi
1886 1648 2094 1687 curam

446 1738 554 1794 per
568 1723 1487 1794 litterasimpenderemus.,Salve
1506 1724 1698 1795 igitur,
1717 1722 1936 1777 femina
1953 1721 2095 1779 mihi

447 1812 931 1880 honoratissima,
951 1818 1006 1868 et
1036 1828 1299 1883 gregem,
1328 1828 1505 1883 quem
1525 1812 1629 1867 tibi
1651 1817 1858 1867 sancta
1885 1816 2090 1876 mater,

449 1909 551 1958 aut
571 1902 770 1973 potius
799 1904 949 1956 Deus
966 1901 1248 1972 perillam
1267 1902 1731 1970 commisit,rege
1762 1916 2096 1970 congruen-

448 1995 537 2046 ter
566 1993 682 2046 Deo
721 2007 791 2046 ac
834 1990 1098 2047 sollicite.
1153 1992 1307 2047 Scito
1339 1991 1669 2046 maximum
1698 2005 1829 2045 esse
1874 2005 2094 2045 munus

446 2080 805 2152 praefecturae
835 2096 1023 2151 quam
1069 2080 1407 2151 suscepisti.
1441 2083 1711 2149 Agnosce
1750 2079 2091 2133 animarum

444 2185 581 2241 quae
612 2169 724 2225 sub
739 2185 921 2225 manu
936 2175 1037 2225 tua
1050 2169 1619 2226 suntconditionem.
1636 2167 2093 2239 Receptaculum

445 2257 671 2330 quippe
702 2264 1170 2330 estsponsarum
1203 2260 1383 2330 Regis
1416 2258 1723 2323 caelorum,
1750 2257 1935 2313 solius
1965 2271 2097 2327 spe-

447 2347 591 2402 ciosi
617 2352 673 2403 et
703 2347 1055 2403 immortalis
1072 2346 1545 2417 SponsiChristi:
1574 2347 1675 2419 qui
1697 2362 1817 2401 non
1851 2345 2090 2401 unicam

447 2435 549 2491 tibi
578 2452 867 2508 sponsam
894 2436 1161 2501 credidit,
1182 2436 1241 2491 in
1266 2436 1426 2491 diem
1458 2435 1939 2507 desponsationis
1972 2450 2094 2490 sum

448 2540 553 2597 per
583 2525 1065 2590 coniunctionem
1096 2526 1155 2580 in
1203 2525 1421 2597 Spiritu
1447 2528 1655 2580 sancto
1683 2542 1701 2595 ;
1727 2523 1832 2579 sed
1865 2528 1949 2579 tot
1988 2540 2093 2578 nu-

449 2629 613 2669 mero
635 2619 779 2686 quot
805 2614 991 2669 habes
1024 2630 1199 2669 :cum
1233 2620 1292 2669 tu
1333 2616 1481 2685 ipsa,
1518 2614 1714 2685 prima
1753 2614 1833 2669 sis
1863 2628 2093 2684 sponsa

449 2702 788 2774 Despondet
806 2703 1144 2758 enimJesus
1157 2704 1334 2758 etiam
1349 2719 1485 2773 quae
1508 2702 1663 2758 sicut
1685 2708 1743 2758 tu
1776 2702 1851 2758 de
1874 2701 2091 2757 saeculo

444 2796 775 2857 venerunt;
811 2797 1099 2863 tanquam
1146 2791 1468 2848 multarum
1498 2796 1674 2863 atque
1723 2791 2092 2848 inﬁnitarum

449 2882 736 2953 Sponsus,
766 2896 1099 2952 omnesque
1126 2885 1252 2936 tum
1300 2881 1561 2936 virorum
1603 2886 1729 2937 tum
1773 2881 2092 2938 mulierum

448 2971 685 3027 animas
717 2970 980 3042 copulari
1011 2970 1121 3026 sibi
1177 2969 1526 3025 desiderans
1552 2988 1564 3025 :
1590 2972 1664 3026 ad
1717 2970 2094 3042 implendum

446 3075 773 3129 supernum
806 3059 1105 3124 conclave,
1138 3059 1337 3130 inquo
1383 3059 1582 3115 multas
1628 3060 1975 3115 mansiones
1996 3075 2092 3114 ve-

442 3148 529 3204 lut
559 3148 805 3204 thalami
831 3148 1079 3221 quidem
1113 3165 1147 3203 a
1170 3151 1333 3203 Patre
1367 3148 1557 3219 parati
1584 3149 1927 3214 animabus,
1955 3164 2092 3220 quas

442 3238 634 3309 dignae
665 3237 883 3293 habitas
912 3237 1127 3293 fuerint
1167 3253 1273 3309 per
1322 3238 1491 3294 vitam
1543 3253 1779 3308 puram,
1814 3242 1870 3293 et
1907 3237 2090 3293 ﬁdem

440 3326 754 3395 sinceram,
789 3331 865 3389 ut,
901 3325 1602 3395 cumtempusadventus
1638 3326 1851 3397 Sponsi
1878 3326 2087 3391 aderit,

438 3420 573 3485 post
609 3414 778 3469 illum
810 3420 1068 3479 currant,
1103 3420 1159 3469 et
1209 3414 1387 3469 simul
1427 3415 1641 3471 intrent
1673 3416 1727 3469 in
1782 3414 2086 3480 conclave,

436 3500 756 3574 laetitiaque
829 3502 928 3559 illa
993 3510 1217 3560 aeterna
1295 3504 1672 3575 perfruantur
1729 3505 1786 3560 in
1866 3503 2085 3559 saecula

439 3590 815 3647 saeculorum.

509 3768 655 3824 Ecce
676 3767 1153 3826 demonstratum
1180 3767 1285 3824 tibi
1309 3770 1398 3823 est
1426 3768 1822 3825 ministerium
1863 3769 2028 3841 quod
2053 3786 2090 3826 a

441 3858 694 3913 Domino
735 3857 1039 3930 accepisti,
1071 3864 1126 3912 et
1160 3872 1467 3927 magnum,
1500 3863 1556 3913 et
1596 3858 1780 3913 multa
1824 3858 1882 3913 in
1923 3858 2087 3915 caalis

442 3947 713 4003 mercede
761 3946 1324 4017 compensandum;
1356 3952 1418 4000 ut
1466 3962 1586 4001 non
1629 3952 1681 4002 te
1721 3946 1932 4013 solam,
1984 3948 2087 4004 sed

441 4036 661 4092 multas
676 4041 898 4092 aeterno
931 4037 1166 4106 Sponso
1190 4050 1446 4106 sponsas
1475 4034 1743 4091 adducas
1776 4054 1787 4091 ε
1826 4052 1931 4107 pro
1958 4038 2088 4108 qui-

440 4125 556 4181 bus
589 4130 817 4197 quanta
856 4130 912 4180 et
936 4124 1131 4195 qualis
1180 4123 1534 4180 retributio?
1577 4124 1898 4181 Collocabit
1928 4132 1982 4181 te
2004 4128 2089 4181 in-

440 4219 528 4270 ter
561 4214 960 4286 praecellentes
1000 4229 1274 4284 sponsas,
1304 4213 1454 4268 inter
1505 4212 1719 4269 electas
1745 4213 2086 4270 adolescen-

441 4305 595 4358 tulas
622 4318 635 4368 ;
659 4302 901 4357 monilia
918 4302 1017 4357 tibi
1040 4301 1361 4365 exhibebit,
1390 4302 1937 4373 perenniaSpiritus
1951 4303 2086 4359 cha-

441 4392 710 4457 rismata,
740 4390 1088 4446 vestimenta
1114 4390 1332 4457 lucida,
1356 4390 1907 4464 incorruptibilitate
1920 4408 2086 4447 coru-

442 4479 708 4535 scantia:
749 4479 1060 4535 coronabit
1107 4485 1159 4533 te
1189 4494 1412 4534 corona
1452 4480 1693 4550 justitiee
1737 4495 1749 4534 :
1802 4480 2085 4535 choream

443 4584 587 4638 ages
615 4567 1413 4639 indissolubilem,angelic:e
1439 4584 1664 4640 parem,
1684 4584 1818 4623 cum
1834 4568 2084 4624 exsulta-

442 4657 601 4712 tione
641 4658 1024 4727 sempiterna.
1052 4656 1222 4722 Quod
1253 4656 1547 4729 reliquum
1576 4663 1680 4723 est,
1721 4658 1873 4728 vide,
1895 4657 2085 4713 domi-

439 4762 537 4810 na,
617 4752 671 4802 et
724 4746 962 4801 attende
1012 4745 1156 4802 tibi:
1253 4746 1584 4818 Christique
1637 4761 1894 4817 sponsas
1945 4763 2085 4804 cum

443 4851 587 4890 cura
619 4835 850 4890 custodi
879 4835 1030 4894 :ciba
1060 4834 1187 4890 illas
1218 4850 1368 4906 puro
1402 4850 1555 4905 pane
1581 4835 1865 4891 doctrinm
1893 4836 2082 4891 ortho-

443 4924 615 4979 doxa:
652 4944 662 4983 :
702 4929 843 4995 pota
866 4923 1089 4979 ﬂuento
1113 4923 1287 4979 bonas
1313 4924 1674 4994 operationis
1702 4941 1715 4978 :
1744 4930 1805 4979 ut
1831 4925 2084 4997 pingues

445 5014 559 5069 sint
591 5019 644 5067 et
672 5013 981 5083 speciosa},
1004 5012 1077 5067 de
1091 5013 1307 5068 animas
1332 5011 1775 5083 pulchritudine
1807 5018 1863 5068 et
1892 5013 2087 5083 specie

441 5101 676 5173 loquor,
708 5118 890 5172 quam
920 5099 1308 5172 concupiscit,
1336 5103 1488 5155 sicut
1512 5100 1818 5172 pollicetur
1847 5108 2087 5157 sanctus

445 5190 652 5256 David,
688 5190 953 5247 Christus
994 5191 1149 5245 Deus
1172 5194 1388 5244 noster.
1417 5190 1508 5245 Sic
1540 5190 1699 5245 enim
1729 5190 1809 5245 ait
1850 5207 1862 5245 :
1905 5190 2083 5255 Audi,

441 5280 594 5349 ﬁlia,
620 5286 673 5336 et
703 5280 852 5346 vide,
884 5286 935 5336 et
960 5279 1191 5336 inclina
1220 5293 1423 5334 aurem
1448 5282 1643 5343 tuam;
1665 5282 1718 5336 et
1756 5278 2091 5337 obliviscere

2274 1004 2394 1059 Ὀτι
2435 1006 2575 1078 με’λει
2622 1008 2747 1079 ἡμῖν
2796 1012 2914 1080 περὶ
2952 1016 3044 1069 τῆς
3092 1012 3400 1081 πιμιότητός
3459 1028 3573 1075 σου,
3612 1013 3823 1084 μαρτύ-

2204 1115 2315 1168 ριον
2362 1098 2419 1148 τὸ
2454 1092 2584 1168 τῇδε
2634 1098 2776 1168 ἡμῶν
2830 1100 3068 1149 ταπεινὸν
3116 1100 3355 1170 γράμμα.
3409 1096 3549 1152 Ούδὲ
3594 1101 3697 1173 γὰρ
3757 1100 3823 1152 ὃν

2205 1183 2351 1255 λογον
2408 1185 2754 1256 ὑπεσχόμεθα
2800 1191 2860 1256 τῇ
2903 1190 3141 1258 μακαρίᾳ
3195 1188 3358 1259 ἐκείνῃ
3418 1191 3508 1239 καὶ
3554 1186 3685 1259 ἁγίᾳ
3713 1207 3820 1259 μη-

2205 1278 2309 1345 τρὶ,
2361 1274 2443 1326 ἐπὶ
2496 1276 2554 1325 τὸ
2606 1277 2862 1346 περιέπειν
2910 1275 3050 1345 ἡμᾶς
3099 1279 3193 1333 τὴν
3250 1278 3656 1348 σεμνοπρέπειαν
3713 1295 3820 1329 σου

2207 1360 2256 1414 ἐν
2287 1369 2344 1435 τῇ
2380 1359 2475 1415 διὰ
2502 1362 2659 1432 λόγου
2712 1361 3001 1434 ἐπισκέψει,
3035 1364 3151 1416 καθ’
3201 1365 3321 1417 ὅσον
3376 1365 3481 1418 οἷὸν
3511 1384 3586 1435 τε,
3615 1370 3823 1439 μακρό-

2210 1453 2288 1503 θεν
2326 1452 2356 1510 ἡ
2414 1451 2629 1523 ἐγγύθεν
2702 1454 2869 1516 ὄντας,
2951 1453 3095 1505 ὅσιον
3161 1449 3577 1524 διαψεύσασθαι.
3626 1459 3825 1508 Καίτοι

2204 1559 2264 1611 γε
2304 1540 2348 1592 εἰ
2374 1544 2466 1592 καὶ
2517 1544 2589 1613 μὴ
2641 1540 2828 1593 ἐκεῖθεν
2885 1544 3096 1613 εἴχομεν
3128 1544 3214 1594 τὸν
3261 1542 3436 1613 λόγον,
3492 1542 3590 1607 κάξ
3645 1544 3822 1606 αὐτῆς

2208 1648 2302 1681 σου
2351 1634 2508 1701 μόνης
2552 1638 2644 1691 τῆς
2700 1634 2816 1696 περὶ
2857 1630 2993 1701 ἡμᾶς
3037 1634 3160 1692 τοὺς
3208 1630 3423 1694 εὐτελεῖς
3456 1635 3823 1695 πεποιθήσεως

2204 1737 2258 1770 τε
2309 1723 2398 1770 καὶ
2446 1723 2824 1792 περιποιήσεως
2881 1717 3189 1792 ἐπειθὸμεθα
3240 1719 3302 1772 ἂν
3356 1717 3452 1774 διὰ
3500 1729 3591 1774 τοῦ
3640 1725 3823 1795 γράμ-

2204 1827 2367 1879 ματος
2424 1813 2729 1882 προσοίσειν
2790 1806 3099 1881 ἒπιμέλειαν.
3150 1814 3360 1881 Υγίαινε
3414 1818 3712 1884 τοιγαροῦν,
3776 1810 3822 1863 ὦ

2203 1899 2493 1968 τιμιωτάτη
2544 1916 2658 1969 μοι,
2711 1900 2800 1949 καὶ
2852 1898 3002 1968 οἶγοιο
3054 1900 3113 1950 τὸ
3164 1902 3431 1970 ποίμνιον,
3482 1899 3508 1951 ὁ
3560 1902 3821 1974 παρέθετο

2205 2004 2290 2039 σοι
2337 1987 2366 2045 ἡ
2415 1986 2542 2057 ἁγία
2598 1985 2796 2058 ἁμμὰς,
2845 1985 3036 2057 μᾶλλον
3067 1983 3127 2040 δὲ
3158 1983 3231 2039 δι’
3294 1987 3458 2050 αὐτῆς
3488 1990 3513 2040 6
3548 1992 3673 2050 Θεὸς
3705 1991 3821 2041 θεο-

2202 2083 2408 2149 πρεπῶς
2435 2080 2526 2128 καὶ
2575 2075 2847 2143 ἐπιμελῶς.
2904 2075 3049 2129 Ἵσθι
3078 2079 3148 2139 ὡς
3176 2080 3425 2149 μέγιστον
3467 2081 3526 2130 τὸ
3564 2086 3659 2141 τῆς
3686 2098 3819 2151 προ-

2205 2169 2430 2226 στασίας
2483 2184 2577 2217 σου
2638 2162 2962 2237 ἐγχείρημα.
3011 2167 3178 2218 Γνῶθι
3215 2174 3312 2217 τῶν
3365 2168 3466 2219 ύπὸ
3499 2169 3658 2241 χεῖρά
3714 2185 3817 2220 σου

2200 2252 2393 2324 ψυχῶν
2439 2256 2495 2306 τὸ
2529 2254 2774 2325 θεώρημα
2806 2270 2819 2283 ·
2855 2255 2936 2306 ὅτι
2976 2253 3499 2330 νυμφοφυλακτήριόν
3550 2253 3663 2309 ἐστι
3715 2264 3815 2309 τοῦ

2204 2340 2466 2414 βασιλέως
2520 2350 2619 2394 τῶν
2671 2343 2920 2415 οὐρανῶν,
2967 2351 3059 2396 τοῦ
3106 2346 3265 2416 μόνου
3318 2346 3513 2416 ὡραίου
3574 2350 3665 2398 καὶ
3712 2344 3817 2417 ἁφ-

2204 2433 2396 2505 θάρτου
2444 2435 2687 2503 Νυμφίου
2732 2439 2991 2504 Χριστοῦ.
3044 2432 3139 2495 Ὃς
3191 2432 3251 2485 ού
3309 2438 3433 2505 μίαν
3486 2436 3690 2508 νύμφην
3724 2454 3816 2487 σοι

2200 2523 2449 2596 παρέθετο
2500 2521 2571 2584 εἰς
2616 2524 2813 2594 ἡμέραν
2862 2524 3194 2594 νυμφεύσεως
3246 2524 3429 2590 αὐτοῦ,
3489 2520 3581 2576 6:6:
3631 2532 3727 2587 τῆς
3759 2523 3814 2577 ἐν

2201 2610 2334 2681 ἁγίῳ
2389 2613 2649 2683 Πνεύματι
2710 2615 2989 2682 συναφείας
3023 2626 3037 2641 ⁸
3088 2611 3216 2664 ἀλλὰ
3263 2615 3524 2674 τοσαύτας
3573 2614 3698 2674 ὅσας
3747 2632 3814 2684 γε

2200 2704 2291 2752 καὶ
2336 2702 2480 2770 ἔχοις
2514 2720 2525 2732 ·
2556 2707 2649 2752 σοῦ
2682 2719 2735 2753 τε
2778 2700 2937 2760 αὐτῆς
2991 2703 3375 2773 πρωτονύμφου
3405 2705 3808 2774 τυγχανούσης,

2200 2792 2527 2861 Νυμφεύεται
2576 2792 2674 2865 γὰρ
2738 2789 2946 2852 Ἰησοῦς
2999 2794 3088 2843 καὶ
3144 2792 3239 2853 τὰς
3287 2792 3359 2853 ὡς
3417 2794 3482 2843 σὺ
3537 2788 3633 2844 διὰ
3680 2791 3805 2865 βίου

2201 2877 2525 2942 ίληλυθυίας,
2582 2881 2647 2940 ὡς
2700 2878 3043 2952 πολύνυμφος,
3098 2884 3188 2932 καὶ
3264 2878 3664 2954 ἀπειρόνυμφος,
3717 2888 3805 2933 καί

2200 2969 2377 3030 πάσας
2430 2967 2612 3040 ψυχὰς
2670 2965 2874 3041 ἀνδρῶν
2927 2988 2981 3021 τε
3034 2973 3125 3021 καὶ
3178 2977 3437 3039 γυναικῶν
3474 2971 3602 3043 ἐρῶν
3646 2970 3794 3043 ἀρμο·

2203 3058 2410 3120 ζεσθαι,
2460 3057 2530 3119 εἰς
2581 3060 2638 3109 τὸ
2693 3057 2972 3131 πληρῶσαι
3027 3060 3115 3110 τὸν
3174 3059 3279 3111 ἅνω
3335 3067 3629 3131 νυμφῶνα;
3668 3062 3709 3111 εν
3752 3059 3793 3127 ᾧ

2201 3146 2385 3199 πολλαὶ
2422 3147 2476 3198 αἱ
2527 3150 2682 3217 μοναὶ
2714 3148 2799 3199 οἷά
2848 3165 2976 3207 τινες
3029 3145 3251 3219 θάλαμοι
3278 3150 3421 3221 παρά
3474 3155 3567 3200 τοῦ
3609 3150 3804 3219 Πατρὸς

2201 3237 2603 3307 ἡτοιμάσθησαν
2642 3243 2757 3297 ταῖς
2798 3235 3245 3308 ἀξιωθησομένους
3281 3235 3505 3309 ψυχαῖς,
3548 3234 3643 3290 διὰ
3683 3235 3806 3310 βίου

2199 3327 2431 3397 καθαροῦ
2490 3328 2578 3377 καὶ
2637 3328 2859 3384 πίστεως
2942 3324 3248 3398 εἰλικρινοῦς
3279 3342 3291 3355 ·
3330 3328 3485 3383 ἡνίκα
3540 3328 3727 3398 φθάσει
3779 3328 3808 3379 6

2199 3417 2377 3486 καιρὸς
2412 3421 2506 3475 τῆς
2557 3411 2932 3483 ἀποκαλύψεως
2987 3421 3079 3466 τοῦ
3131 3419 3396 3487 Νυμφίου,
3442 3414 3611 3467 ὀπίσω
3644 3415 3808 3468 αὐτοῦ

2201 3498 2418 3577 δραμεῖν
2472 3505 2557 3553 καὶ
2617 3500 2960 3553 συνεισελθεῖν
3018 3502 3068 3554 ἐν
3134 3510 3206 3573 τῷ
3260 3511 3512 3575 νυμφῶνι,
3567 3507 3658 3556 καὶ
3710 3511 3805 3565 τῆς

2200 3590 2484 3665 ἀπεράντου
2535 3596 2713 3663 χαρᾶς
2754 3592 2951 3652 ἐκείνης
3008 3589 3305 3645 ἀπολαῦσαι
3343 3591 3414 3654 εἰς
3454 3592 3642 3655 αἰῶνας
3683 3595 3805 3646 αἰω·

2198 3701 2317 3734 νων.

2267 3765 2411 3823 Ἰδοὺ
2464 3763 2836 3821 ὑποδίδεικταί
2897 3788 2992 3821 σου
3050 3771 3080 3827 ἡ
3117 3766 3360 3822 διακονία
3410 3770 3471 3829 ἣν
3520 3769 3804 3844 παρέλαϐες

2198 3860 2343 3933 παρά
2395 3861 2611 3930 Κυρίου.
2664 3857 2863 3929 μεγάλη
2917 3877 2990 3923 τε,
3040 3863 3130 3911 καὶ
3184 3858 3383 3911 πολλῶν
3436 3858 3691 3931 ἀμοιϐαία
3717 3880 3803 3931 μι-

2201 3949 2338 4000 σθῶν
2394 3946 2683 4019 οὐρανίων·
2720 3948 2788 4008 ὡς
2840 3951 2908 4018 μὴ
2961 3952 3115 4018 μόνον
3178 3951 3255 4012 σὲ,
3311 3946 3557 4001 ἀλλὰκαὶ
3609 3948 3801 4010 πολλὰς

2197 4039 2399 4108 νύμφας
2454 4043 2739 4108 προσοίσαι
2795 4044 2866 4106 τῷ
2927 4034 3165 4107 ἀθανάτῳ
3216 4042 3441 4109 Νυμφίῳ
3484 4055 3497 4067 ·
3546 4039 3674 4112 ὑπερ
3731 4039 3799 4090 ὧν

2198 4124 2297 4183 ὅση
2343 4129 2431 4177 καὶ
2479 4124 2633 4183 ἡλίκη
2693 4122 3045 4187 ἀνταπόδοσις
3079 4125 3091 4179 i
3122 4125 3385 4188 τετάξεταί
3432 4145 3488 4179 σε
3547 4126 3594 4179 ἒν
3642 4127 3799 4202 πρού-

2197 4217 2429 4286 χούσαις
2469 4216 2714 4285 νύμφαις,
2753 4213 2801 4265 ἐν
2833 4212 3094 4276 ἐκλεκταῖς
3135 4223 3358 4268 νεάνισιν
3386 4233 3400 4247 ⁸
3432 4214 3685 4287 ἕμπλὸκιά
3716 4235 3799 4269 σοι

2197 4305 2494 4377 παράσχοι,
2548 4305 2615 4354 τὰ
2666 4309 2756 4355 τοῦ
2790 4305 3082 4374 Πνεύματος
3127 4300 3280 4356 ἀίδια
3308 4308 3627 4377 χαρίσματα
3656 4327 3669 4338 ·
3693 4303 3797 4357 ἔπι·

2198 4389 2440 4462 ϐλήματα
2469 4387 2749 4463 φωτοειδῆ,
2789 4389 3085 4464 ἀφθαρσίαν
3114 4390 3508 4467 ἀστράπτοντα·
3539 4399 3794 4466 στεφανώ-

2199 4498 2279 4532 σει
2304 4499 2361 4531 σε
2390 4487 2462 4550 τῇ
2485 4486 2579 4541 τῆς
2605 4476 2952 4543 δικαιοσύνης
2985 4499 3215 4553 στεφάνῳ
3246 4499 3257 4509 ·
3287 4484 3561 4554 χορεύσείς
3584 4487 3798 4555 χορείαν

2194 4567 2399 4628 ἃλυτον.
2448 4572 2543 4620 ἶσα
2573 4574 2663 4621 καὶ
2716 4568 2972 4642 ἀγγελοις,
3034 4572 3127 4621 σύν
3181 4568 3487 4641 ἀγαλλιάσει
3546 4570 3791 4644 ἀκηράτῳ

2197 4658 2357 4732 food.
2392 4660 2530 4727 Reg.
2564 4656 2864 4732 ἀμηρύτῳ].
2902 4660 3054 4712 Βλέπε
3069 4659 3265 4725 λοιπὸν,
3296 4664 3473 4732 κυρία,
3510 4679 3601 4712 και
3631 4665 3793 4734 πρόσ-

2194 4766 2284 4819 εχε
2315 4754 2505 4814 σαῦτῆ,
2537 4752 2625 4800 καὶ
2655 4749 2746 4809 τὰς
2776 4750 2973 4820 νύμφας
3004 4754 3095 4800 τοῦ
3138 4755 3369 4819 Χριστοῦ
3393 4748 3668 4821 φυλάττοιο
3700 4768 3794 4802 πε-

2191 4842 2503 4910 ριμερίμνως
2538 4858 2549 4869 ·
2584 4841 2787 4911 τρέφοις
2838 4836 3001 4898 αύτὰς
3026 4845 3097 4907 τῷ
3126 4840 3338 4911 καθαρῷ
3393 4838 3536 4911 άρτῷ
3585 4847 3675 4899 τῆς
3706 4837 3793 4912 ὀρ-

2197 4922 2443 4988 θοδοξίας
2476 4942 2488 4955 ·
2525 4926 2755 4987 ποτίξοις
2799 4934 2870 4997 τῷ
2927 4928 3121 4997 νάματι
3151 4935 3246 4986 τῆς
3276 4926 3578 4999 εὐπραξίας,
3630 4929 3699 4988 ὡς
3730 4926 3791 4978 ἂν

2196 5011 2289 5066 εἶεν
2337 5018 2526 5078 πίονες,
2578 5011 2897 5087 ὡραιοειδείς
2929 5033 2941 5044 ’
2976 5018 3104 5088 πρὸς
3136 5018 3193 5069 τὸ
3244 5015 3429 5078 κάλλος
3470 5024 3566 5079 τῆς
3604 5015 3797 5087 ψυχῆς

2195 5103 2221 5154 6
2273 5101 2460 5173 λόγος’
2495 5103 2555 5155 οὗ
2625 5108 2714 5156 καὶ
2780 5103 3040 5175 ἐπιθυμεῖ,
3120 5107 3315 5169 καθὼς,
3376 5105 3713 5176 ύπισχνεῖναι
3768 5106 3795 5157 6

2196 5190 2342 5262 άγιος
2395 5188 2581 5260 Δαυίδ,
2616 5196 2846 5266 Χριστὸς
2878 5196 3001 5254 Θεὸς
3032 5196 3198 5265 ἡμῶν,
3232 5198 3369 5251 Φησὶ
3397 5196 3498 5266 γάρ
3522 5212 3536 5226 ·
3566 5192 3797 5248 Ἀκου-

2200 5299 2327 5347 σον,
2354 5284 2654 5357 θύγατερ,
2678 5286 2784 5335 καὶ
2812 5278 3055 5349 ῖδε,καὶ
3080 5283 3292 5336 κλῖνον
3322 5285 3389 5336 τὸ
3422 5278 3510 5345 οὖς
3541 5301 3658 5349 σου,
3683 5289 3800 5338 καὶ

1999 5454 2044 5509 Ν
2051 5450 2227 5509 ΟΤΛΕ.

514 5562 646 5633 (41).
678 5562 740 5617 In
769 5560 904 5618 cod.
942 5562 1079 5629 Reg.
1113 5558 1230 5631 ροε’.
