4036 6276
230 338 257 393 1
270 337 377 393 469

222 462 530 517 ῧπιλάθου

227 556 472 626 πατρός
517 572 650 619 σου,
692 558 795 606 καὶ
835 552 1228 629 ἐπιθυμήσει
1276 560 1301 610 ό
1364 556 1679 632 βασιλεὺς
1715 564 1826 610 τοῦ

217 641 495 704 κάλλους
534 659 687 695 σου⁹
715 645 812 695 ὅτι
854 645 1046 708 αύτός
1083 648 1225 700 ἑστι
1266 651 1504 722 Κύριός
1543 666 1679 715 σου,
1719 658 1834 707 καὶ

226 736 709 807 προσκυνήσεις
747 733 931 805 αύτῷ.
989 735 1142 810 Ὀρᾷς
1171 737 1251 788 ὅτι
1280 735 1329 789 ἐν
1359 745 1431 808 τῷ
1486 737 1834 791 ἕπιλαθὲσθαι

225 821 384 899 ὑμᾷς,
408 824 567 892 ἤγουν
583 820 946 885 ἀποτάξασθαι
964 832 1223 896 γονεῦσιν,
1242 823 1484 899 ἀδελφοῖς
1509 847 1562 879 τε
1586 832 1678 880 καὶ
1706 846 1833 898 συγ-

217 913 414 981 γενέσι,
448 909 614 981 φίλοις
640 930 693 963 τε
722 917 813 963 καὶ
843 919 975 965 πᾶσι
1000 922 1110 977 τοῖς
1135 917 1269 967 κατὰ
1286 918 1375 967 τὸν
1407 913 1541 989 βίον,
1568 915 1832 989 ἐπεθύμη-

222 1016 308 1051 σεν
338 999 478 1070 ὑμῶν
517 1001 543 1051 ὁ
575 998 823 1072 βασιλεὺς
859 1010 951 1055 τοῦ
982 1004 1199 1067 κάλλους
1225 1014 1323 1066 τῆς
1368 1005 1556 1076 ψυχῆς
1610 1006 1677 1066 εἰς
1705 1026 1834 1079 νυμ-

219 1089 447 1163 φίωσιν;
493 1091 562 1140 Τὸ
615 1085 694 1155 δὲ,
745 1090 951 1154 Αὐτός
1016 1093 1159 1145 ἐστι
1228 1097 1464 1168 Κύριός
1524 1113 1657 1166 σου,
1721 1100 1830 1149 καὶ

218 1181 705 1247 προσκυνήσεις
744 1180 933 1251 αὐτῷ,
986 1186 1263 1253 γενήσεται
1310 1185 1431 1257 ὑμῖν
1464 1187 1513 1237 ἓν
1558 1192 1620 1258 τῇ
1655 1187 1827 1259 ἡμέρᾳ

221 1270 325 1325 τῆς
353 1265 643 1337 ἑπιφανείας
672 1268 853 1324 αὑτοῦ.

299 1351 385 1418 Ὢ,
444 1355 505 1423 ὦ,
572 1358 677 1409 οἷον
729 1357 1047 1433 ἐφρονήσατε
1102 1362 1467 1436 ἔπιλαθόμεναι
1519 1372 1618 1417 τῶν
1671 1364 1831 1417 ἁπάν-

226 1441 361 1497 τωνῙ
398 1442 579 1512 Βαϐαῖ,
623 1443 801 1518 βαϐαὶ,
834 1450 945 1501 οἵου
971 1449 1248 1524 ἐπετύχετε
1274 1459 1516 1526 Νυμφίου
1552 1455 1564 1510 !
1601 1460 1828 1528 Κροτή·

224 1548 380 1619 σατε
443 1542 679 1609 χεῖρας
740 1536 1107 1602 ἁλαλάξατε
1188 1550 1269 1611 τῷ
1346 1530 1477 1614 Θεῷ
1539 1543 1634 1607 ἇνέ
1664 1554 1827 1619 φωνῇ

228 1616 508 1707 ᾇγαλλιά
526 1642 677 1685 σεως
696 1645 709 1658 ο
743 1628 823 1679 ὅτι
853 1629 975 1703 ὑπερ
1002 1631 1177 1691 πάσας
1206 1634 1300 1692 τὰς
1321 1630 1404 1683 ἐπὶ
1430 1642 1529 1703 γῆς
1561 1616 1832 1707 βασιλείας

230 1706 476 1795 ὑψώθητε
503 1728 515 1742 ·
550 1713 675 1785 ὑπὲρ
716 1723 884 1767 πάντα
914 1720 978 1768 τὰ
1030 1721 1198 1793 ὡραῖα
1245 1728 1338 1783 τῆς
1367 1729 1469 1793 ’γῆς
1497 1706 1821 1795 ὡραίσθητε.

1524 340 2037 398 EPISTOLARIJM
2076 342 2216 397 LIB.
2266 343 2335 399 II.

625 469 732 515 τοῦ
790 464 942 518 λαοῦ
982 484 1116 534 σου,
1184 472 1290 521 καὶ
1339 474 1447 521 τοῦ
1486 471 1665 521 οἴκου
1723 475 1820 521 τοί

1936 470 2220 539 populum
2244 475 2433 533 tuum,
2456 474 2509 526 et
2535 469 2772 525 domum
2796 466 2989 537 patris
3013 464 3121 529 tui,
3148 466 3201 520 et
3226 458 3602 530 concupiscet

3465 329 3605 388 1470

1941 573 2050 615 rex
2076 559 2335 615 decorem
2360 561 2525 613 tuum
2551 578 2568 610 .-
2591 558 2874 629 quoniam
2892 556 3017 627 ipse
3037 569 3117 610 εει
3141 551 3423 608 Dominus
3440 555 3598 611 tuus,

1943 654 1995 705 et
2035 649 2315 704 adorabis
2348 663 2477 705 eum
2511 650 2576 701 ⁸².
2612 648 2785 702 Vides
2831 646 3019 719 quod,
3062 644 3209 699 dum
3242 640 3444 696 oblitae
3490 653 3600 691 vos

1943 739 2106 803 estis,
2139 737 2255 792 hoc
2300 744 2409 801 est,
2450 736 2838 792 renuntiastis
2875 732 3250 806 parentibus,
3298 726 3603 783 fratribus-

1942 842 2059 899 que
2126 833 2181 882 et
2250 826 2546 896 cognatis,
2612 824 2943 897 amicisque
3001 828 3059 878 et
3127 819 3356 876 cunctis
3414 815 3601 887 hujus

1943 916 2144 972 seculi
2161 916 2358 983 rebus,
2375 915 2716 986 concupivit
2732 930 2833 969 rex
2847 910 3347 985 pulchritudinem
3382 904 3600 959 animae

1946 1011 2148 1061 vestras
2179 1005 2257 1061 ad
2296 1004 2834 1077 desponsationem
2863 1001 2891 1056 ?
2922 1000 3074 1057 Illud
3117 1013 3255 1054 vero
3292 1016 3304 1055 :
3340 995 3468 1064 Ipse
3515 998 3601 1049 est

1941 1094 2228 1150 Dominus
2266 1099 2423 1157 tuus,
2466 1100 2518 1149 et
2548 1091 2828 1149 adorabis
2868 1105 2999 1147 eum
3032 1090 3123 1155 3';
3174 1085 3370 1150 vobis,
3407 1083 3467 1137 in
3505 1081 3601 1137 die

1942 1183 2237 1239 adventus
2269 1184 2452 1255 ipsius
2482 1181 2786 1239 Obveniet.

2013 1362 2076 1427 Ο,
2092 1376 2129 1416 o
2141 1376 2324 1433 quam
2340 1360 2639 1433 sapienter
2649 1357 2851 1430 egistis
2866 1356 3282 1413 obliviscentes
3297 1350 3597 1409 omnium!

1941 1451 2138 1521 Papae,
2164 1464 2359 1521 papae,
2382 1448 2623 1521 qualem
2654 1450 2953 1519 Sponsum
2979 1445 3209 1516 adeptae
3237 1439 3404 1497 estis!
3426 1439 3601 1493 Plau-

1939 1539 2056 1594 dite
2085 1538 2373 1602 manibus,
2390 1537 2657 1609 jubilate
2680 1539 2794 1592 Deo
2826 1536 2887 1589 in
2912 1549 3050 1591 voce
3073 1528 3484 1589 exsultationis
3516 1526 3596 1580 8‘z

1941 1643 2011 1683 eo
2042 1627 2206 1698 quod
2239 1643 2419 1698 super
2449 1627 2658 1681 omnia
2691 1632 2854 1680 terrae
2892 1639 3077 1693 regna
3107 1622 3384 1677 exaltatm
3415 1616 3551 1673 estis
3583 1634 3594 1673 :

1942 1732 2121 1788 super
2151 1715 2355 1772 omnia
2386 1715 2655 1786 speciosa
2687 1721 2855 1770 terrm
2888 1713 3173 1784 speciosae
3219 1709 3387 1764 factae
3418 1705 3592 1763 estis.

228 1793 513 1852 Αἱδοῦνται
566 1802 702 1874 ὑμᾶς
756 1809 846 1856 καὶ
898 1806 1131 1877 ἄγγελοι,
1172 1814 1505 1883 περιέπουσιν
1564 1814 1696 1885 ὑμᾶς
1742 1817 1820 1866 κα]

1942 1809 2299 1861 Reverentur
2355 1821 2460 1859 vos
2509 1805 2685 1859 etiam
2719 1802 2936 1873 angeli,
2986 1801 3378 1857 circumstant
3407 1811 3514 1850 vos
3544 1805 3601 1857 et

219 1883 543 1982 διρχάγγελοι
576 1908 588 1922 ⁸
621 1898 960 1966 προῦχουσαι
1007 1898 1151 1968 ὑμεῖς
1180 1897 1457 1970 βασιλίδες
1486 1901 1534 1953 ἐν
1564 1883 1829 1982 οὑρανοίς)

219 1976 456 2050 ὑπεράνω
510 1991 693 2033 πασῶν
743 1988 978 2058 μητέρων
1051 1990 1140 2039 καὶ
1215 1990 1509 2064 θυγατέρων
1582 1976 1680 2045 τῶν
1731 1976 1831 2047 ἀπό

223 2071 417 2158 σαρκός
462 2068 777 2144 ἐρχομένων.
834 2074 1034 2126 Οὐκοῦν
1083 2082 1317 2150 χαίρετε,
1369 2085 1459 2132 καὶ
1509 2088 1831 2158 συγχαίρετε

217 2151 467 2218 ἀλλήλαις
514 2172 527 2186 ·
585 2162 650 2212 τὰ
697 2160 916 2215 ἐπίπονα
954 2166 1178 2218 ἑντεῡθεν
1243 2176 1337 2230 τῆς
1382 2151 1680 2241 ἀσκήσεως,
1716 2151 1816 2225 ἐἶτ’

220 2239 309 2295 οὖν
365 2245 747 2319 θαλαμεύσεως,
799 2255 1047 2326 φέρουσαι
1093 2254 1338 2327 εὐψύχως
1367 2277 1379 2289 ·
1423 2239 1676 2313 εἰδυῖαι
1715 2263 1814 2315 ὅτι

220 2337 399 2386 πᾶσα
439 2338 600 2410 σὰρξ
636 2343 934 2412 χόρτοςο
963 2348 1136 2395 πᾶσα
1177 2342 1335 2408 δόξα
1372 2345 1708 2421 ἀνθρώπου
1741 2356 1818 2416 ὡς

222 2421 415 2485 ἄνθος
451 2430 696 2499 χόρτου
727 2449 740 2461 ·
781 2436 950 2483 πᾶσαί
976 2450 1028 2483 τε
1063 2432 1336 2506 ἐπιθυμίαι
1366 2443 1457 2488 τοῦ
1481 2437 1666 2501 αἰῶνος
1694 2445 1815 2493 τού-

218 2528 310 2601 του
345 2510 398 2563 ἐκ
451 2515 642 2590 φθορᾶς
688 2522 775 2570 καὶ
832 2520 901 2581 εἰς
934 2523 1126 2593 φθορὰν
1183 2524 1581 2597 καταλήγουσαι
1614 2545 1627 2559 ⁸
1675 2535 1827 2601 μόνον

221 2594 281 2652 δὲ
334 2602 477 2673 ὑμῶν
510 2605 536 2655 ό
578 2606 699 2694 ἔρως
749 2612 836 2661 καὶ
882 2611 911 2668 ἡ
963 2608 1213 2683 ἐπιθυμία
1251 2594 1463 2688 ἄπειρος
1492 2621 1582 2669 καὶ
1622 2594 1825 2694 ἄφθαρ-

217 2706 334 2749 τος.
404 2695 602 2766 Μικρὸν
671 2693 846 2748 λοιπόν
912 2699 1033 2751 ὅσον
1114 2698 1437 2773 ἀναμείνατε,
1496 2693 1823 2779 ὑπομείνατε,

215 2783 648 2851 ὑποτασσόμεναι
703 2786 793 2855 μεν
850 2786 991 2858 ὑμεῖς
1033 2794 1095 2860 τῇ
1146 2794 1304 2863 κυρίᾳ
1357 2800 1418 2865 τῇ
1467 2798 1824 2870 πρωτονὺμφῳ

217 2866 539 2960 καλῶς’-καὶ
578 2871 823 2939 εὑηκόως,
874 2878 942 2928 τὰ
990 2885 1082 2930 τοῦ
1129 2884 1373 2952 Νυμφίου
1430 2890 1664 2954 Χριστοῦ
1703 2866 1827 2960 δρω-

222 2958 347 3008 τικᾰ
394 2953 657 3031 ἰδιώματα
709 2967 797 3015 καὶ
845 2963 1156 3038 φυλάγματα
1223 2967 1572 3045 ἑπιταττούσῃ
1602 2990 1615 3002 ·
1693 2953 1819 3034 αὑτὴ

225 3040 285 3097 δί
326 3050 486 3119 κυρία
522 3050 592 3111 ὡς
619 3058 988 3128 νυμφιοφόρος,
1020 3061 1108 3108 καὶ
1151 3062 1245 3116 τὴν
1282 3057 1468 3130 ψυχήν
1520 3040 1819 3136 προϊεμένη,

219 3137 291 3206 μή
352 3137 429 3188 ὅτι
468 3142 529 3208 γε
570 3158 623 3191 τι
670 3149 770 3193 τῶν
821 3143 1004 3206 ἄλλων,
1069 3145 1138 3207 εἰς
1182 3153 1518 3221 περιποίησιν
1573 3160 1670 3204 τῶν
1708 3173 1822 3207 νεα·
1850 3177 1891 3235 C

219 3219 397 3313 νίδων,
455 3228 515 3279 οὑ
566 3228 697 3301 λέγω
755 3230 942 3303 ψυχῆς
988 3238 1165 3306 μόνης,
1222 3219 1349 3290 ἆλλά
1398 3244 1486 3292 καὶ
1527 3247 1769 3313 σώματος
1802 3264 1815 3277 ·

216 3312 494 3389 πληροῦσα
540 3320 598 3370 τὸ
644 3321 744 3373 ὑπὸ
775 3329 866 3373 τοῦ
915 3322 1236 3377 ’Δποστόλου
1276 3326 1539 3401 εἰρημένον
1574 3344 1588 3360 '
1643 3330 1796 3402 Ἰμει

215 3408 478 3476 ρόμενοι
519 3404 912 3482 εὐδοκοῦμεν
949 3410 1357 3484 μεταδοῦναι
1390 3418 1558 3488 ὑμῖν,
1604 3420 1671 3472 οὑ
1711 3426 1819 3493 μό-

215 3511 315 3545 νον
353 3497 423 3546 τό
485 3495 882 3569 Εὑαγγέλιον
944 3509 1055 3554 τοῦ
1097 3510 1279 3572 Θεοῦ,
1336 3504 1494 3559 ἀλλὰ
1554 3514 1668 3561 καὶ
1707 3514 1818 3573 τὰς

216 3580 454 3635 ἑαυτῶν
492 3584 733 3658 ψυχὰς,
776 3586 824 3639 ἒν
869 3598 1083 3663 Χριστῷ
1118 3593 1293 3651 Ἰησοῦ
1318 3602 1388 3666 τῷ
1423 3602 1595 3670 Κυρίῳ
1626 3601 1772 3671 ἡμῶν
1803 3629 1815 3642 ο

215 3670 267 3723 ὃν
297 3677 384 3725 καὶ
414 3679 534 3747 περὶ
565 3677 710 3748 ἡμῶν
749 3677 978 3732 αἰτεῖσθε
1006 3684 1100 3739 τήν
1152 3688 1414 3757 σωτηρίαν
1455 3694 1552 3748 τῆς
1580 3670 1821 3752 ταπεινῆς

213 3762 356 3832 ἡμῶν
405 3762 597 3835 ψυχῆς
635 3782 646 3795 ·
682 3767 764 3819 ἰνα
803 3768 880 3829 οἷς
921 3768 1328 3844 ἓνουθετήσαμεν
1382 3777 1815 3850 νενουθετήμεθα,

211 3856 299 3903 καὶ
330 3852 636 3925 σωζοίμεθα
664 3857 849 3919 πάντες
882 3856 981 3910 ἀπὸ
1008 3866 1099 3911 τοῦ
1132 3867 1389 3934 Πονηροῦ.

210 3958 353 4012 ΡΝΑ¹
389 3959 533 4033 (42).
562 3992 630 4001 -
670 3970 1032 4038 Σευηριανῷ
1068 3969 1185 4038 υἱῷ
1223 3982 1643 4045 πνευματικῷ
1683 3974 1815 4047 (43).

1940 1893 2311 1965 archangeli:
2341 1893 2747 1966 praecellentes
2773 1892 2832 1946 in
2862 1890 3025 1947 caelis
3062 1889 3281 1958 reginae
3314 1901 3420 1941 vos
3452 1883 3596 1939 estis

1940 1999 2125 2054 supra
2169 1998 2381 2039 omnes
2430 1988 2648 2038 matres
2680 1997 2749 2037 ac
2790 1979 2943 2035 ﬁlias
2974 1994 3110 2051 quae
3141 1993 3215 2033 ex
3262 1989 3442 2031 carne
3486 1987 3598 2027 na-

1940 2078 2205 2128 scuntur.
2237 2073 2615 2143 Quapropter
2651 2070 2927 2140 gaudete,
2959 2073 3015 2123 et
3050 2064 3421 2135 congaudete
3451 2061 3597 2117 invi-

1939 2177 2067 2217 cem
2102 2183 2115 2217 :
2142 2160 2376 2216 labores
2408 2160 2545 2215 inde
2562 2159 2831 2215 asceticre
2858 2159 3010 2221 vitae,
3037 2163 3324 2227 tanquam
3349 2152 3449 2207 illa
3470 2151 3594 2205 tha-

1937 2250 2136 2307 lamus
2173 2249 2246 2305 sit
2284 2250 2478 2315 vobis,
2513 2250 2767 2304 ferentes
2802 2246 3110 2311 alacriier;
3145 2244 3397 2298 scientes
3427 2238 3595 2312 quod

1937 2340 2127 2396 omnis
2154 2354 2296 2396 caro
2323 2340 2535 2409 fenum
2557 2357 2577 2393 :
2598 2337 2787 2393 omnis
2806 2336 3005 2407 gloria
3028 2334 3281 2391 hominis
3310 2331 3461 2387 sicut
3483 2330 3593 2398 ﬂos

1931 2429 2063 2497 feni
2084 2431 2160 2500 3‘;
2190 2434 2245 2483 et
2268 2428 2480 2483 omnia
2504 2427 2683 2497 hujus
2710 2425 2909 2481 saeculi
2938 2424 3232 2480 desideria
3261 2437 3333 2476 ex
3354 2433 3595 2490 corrup-

1936 2518 2096 2573 tione
2113 2519 2169 2573 in
2186 2515 2627 2588 corruptionem
2642 2516 2922 2570 desinunt
2939 2512 3121 2580 ;solus
3135 2527 3275 2566 vero
3288 2524 3460 2566 amor
3472 2523 3595 2562 ves-

1937 2612 2021 2662 ter
2035 2614 2091 2662 et
2113 2607 2472 2663 desiderium
2489 2620 2699 2675 expers
2720 2604 2954 2660 estﬁnis
2975 2609 3031 2659 et
3044 2599 3459 2671 corruptionis.
3477 2598 3593 2651 Pu-

1936 2695 2136 2751 sillum
2152 2696 2316 2767 quod
2330 2698 2881 2765 restatexspectate,
2898 2691 3183 2747 sustinete
3200 2704 3328 2746 :vos
3345 2686 3591 2760 quidem

1934 2800 2070 2857 quas
2087 2786 2164 2841 ad
2179 2785 2382 2840 Christi
2401 2782 2616 2855 Sponsi
2633 2798 2901 2839 amorem
2916 2778 3361 2837 conciliandum
3381 2782 3436 2833 et
3449 2792 3592 2831 con-

1936 2874 2301 2931 servandum
2325 2872 2566 2938 faciunt,
2591 2873 2910 2944 imperanti
2933 2869 3281 2926 obedientes
3300 2874 3363 2922 ut
3383 2866 3587 2930 decet;

1933 2963 2072 3035 ipsa
2102 2978 2243 3019 vero
2279 2962 2549 3028 domina,
2591 2966 2653 3017 ut
2693 2964 2996 3032 Sponsum
3038 2961 3502 3030 reprtesentans,
3535 2959 3592 3010 et

1936 3053 2204 3108 animam
2235 3066 2564 3123 exponens,
2601 3067 2676 3107 ne
2705 3050 2824 3106 alia
2862 3050 3083 3115 dicam,
3136 3047 3213 3104 ad
3253 3044 3590 3118 puellarum

1933 3140 2394 3205 defensionem;
2437 3155 2632 3213 neque
2682 3140 2896 3195 animae
2952 3142 3203 3200 tantum,
3260 3133 3365 3190 sed
3409 3132 3589 3188 etiam

1931 3230 2201 3301 corporis
2238 3246 2249 3285 :
2286 3229 2541 3300 implens
2579 3228 2743 3297 quod
2784 3227 2925 3283 dicit
2963 3226 3285 3297 Apostolus
3319 3246 3331 3278 :
3368 3220 3591 3292 Cupide

1929 3320 2262 3376 volebamus
2311 3319 2549 3374 tradere
2584 3318 2764 3387 vobis,
2797 3333 2918 3373 non
2956 3317 3145 3371 solum
3190 3310 3589 3381 Evangelium

1930 3409 2055 3477 Dei,
2068 3409 2168 3464 sed
2186 3409 2362 3464 etiam
2385 3407 2616 3463 animas
2640 3413 2871 3461 nostras
2893 3407 2962 3471 ⁸⁸,
2992 3406 3049 3459 in
3070 3404 3296 3461 Christo
3314 3403 3450 3457 Jesn
3474 3400 3588 3453 Do-

1930 3497 2094 3553 mino
2115 3503 2350 3563 nostro;
2381 3513 2417 3552 a
2440 3511 2562 3568 quo
2588 3501 2643 3551 et
2665 3512 2771 3551 vos
2791 3511 2897 3566 pro
2915 3494 3092 3550 nobis
3121 3491 3373 3548 salutem
3391 3489 3590 3544 humi~

1929 3586 2001 3641 lis
2039 3586 2257 3642 anima:
2298 3591 2520 3641 nostrae
2560 3586 2743 3656 petite
2776 3601 2788 3639 :
2825 3588 2890 3638 ut
2918 3584 2992 3638 de
3018 3582 3240 3655 quibus
3273 3579 3422 3635 alios
3457 3594 3587 3633 mo-

1930 3676 2198 3741 nuimus,
2249 3690 2457 3730 eorum
2513 3673 2969 3737 meminerimus
3026 3671 3160 3743 ipsi,
3220 3674 3274 3725 et
3332 3684 3368 3723 a
3427 3666 3586 3723 malo

1934 3779 2146 3821 omnes
2177 3764 2527 3819 liberemur.

2148 3978 2279 4033 CLI.
2321 4007 2387 4017 —
2416 3976 2740 4033 Severiano
2784 3975 2907 4045 ﬁlio
2932 3974 3241 4046 spirituali
3268 3973 3363 4043 (⁸).

578 4059 729 4119 Quod
766 4076 937 4126 neque
963 4062 1201 4114 Christus
1232 4067 1285 4115 in
1318 4081 1416 4117 sua
1436 4069 1669 4134 imagine
1687 4073 1880 4124 colitur
1908 4074 2069 4125 latria
2095 4090 2106 4132 ;
2142 4088 2317 4139 neque
2338 4075 2515 4139 imago
2547 4074 2738 4125 Christi
2760 4074 2920 4125 latria
2940 4072 3189 4125 colenda.

278 4136 437 4192 Ὅσον
495 4143 734 4212 εὔφρανεν
788 4145 922 4215 ἡμᾶς
976 4146 1004 4203 ἠ
1055 4148 1219 4220 μικρὰ
1292 4148 1561 4217 ἐπιστολὴ,
1616 4157 1809 4222 τέκνον,

216 4236 457 4281 τοσοῦτον
501 4229 751 4288 ἐλύπησεν
806 4233 836 4289 ἡ
879 4233 1090 4305 μείζων,
1146 4234 1229 4297 Ὠς
1270 4239 1370 4311 γὰρ
1416 4244 1486 4311 μή
1539 4260 1617 4292 πω
1668 4248 1811 4301 κινή-

1993 4156 2227 4221 Quanto
2254 4171 2362 4210 nos
2390 4154 2610 4224 gaudio
2640 4154 2915 4210 atfecerai
2948 4154 3142 4209 brevis
3174 4151 3427 4224 epistola
3456 4154 3579 4206 tua»

1920 4243 2029 4309 ﬁli,
2064 4250 2295 4299 tantum
2322 4244 2543 4299 doloris
2575 4260 2647 4299 ex
2671 4243 2990 4315 prolixiore
3016 4244 3307 4314 cepimus.
3336 4239 3583 4297 Perinde

217 4322 398 4380 σαντός
459 4337 557 4371 σου
622 4319 773 4390 λόγον
824 4326 942 4397 περὶ
993 4330 1090 4374 τῶν
1143 4326 1192 4375 ἐν
1260 4326 1390 4399 αὐτῇ
1459 4327 1809 4404 ἐμφερομένων

1936 4334 2078 4388 enim
2113 4350 2181 4389 ac
2206 4335 2254 4389 si
2285 4334 2359 4390 de
2389 4334 2680 4388 contentis
2706 4333 2764 4388 in
2797 4349 2867 4389 ea
2894 4331 3404 4405 propositionibus
3437 4346 3582 4385 non-

212 4410 511 4480 προτάσεων
552 4422 564 4435 ⁸
622 4414 754 4480 μήτε
807 4409 1094 4474 ἀκηκοότος
1150 4418 1277 4487 πρὸς
1335 4417 1481 4488 ἡμῶν
1534 4421 1591 4470 τὸ
1646 4417 1760 4472 δέον
1792 4441 1807 4455 ·

216 4496 388 4566 ἧχθης
443 4504 535 4548 νῦν
590 4505 855 4569 προτεῖναι
910 4502 1002 4562 τὰς
1061 4504 1245 4573 φωνὰς,
1308 4500 1466 4563 δῆθεν
1524 4509 1613 4578 μὲν
1672 4509 1808 4581 οἷλλῳ

213 4604 508 4657 μαχόμενος
564 4593 847 4661 προσώπῳ,
908 4588 1096 4660 μᾶλλον
1157 4594 1247 4663 μὲν
1313 4588 1400 4645 οὖν
1464 4603 1524 4667 τῇ
1595 4595 1811 4670 ἀληθείᾳ

214 4671 744 4748 ἀντικαθιστάμενοςο
816 4682 986 4731 καίτοι
1046 4684 1117 4752 μή
1177 4680 1385 4754 ὀφείλων
1473 4681 1750 4739 διδάσκειν
1793 4709 1805 4721 ·

217 4762 273 4815 οὑ
322 4763 449 4836 λέγω
501 4773 747 4819 τοσοῦτον
780 4762 875 4819 διὰ
902 4772 959 4820 τό
1009 4770 1268 4843 ὑφειμένον
1311 4791 1367 4824 σε
1415 4769 1545 4825 εἶναι
1570 4792 1582 4804 ’
1624 4780 1713 4828 καί
1751 4796 1809 4848 γε

218 4856 327 4925 φέρε
356 4856 701 4927 μακροθύμως
732 4870 749 4888 ⁶
802 4856 927 4909 ἀλλὰ
981 4860 1079 4931 γὰρ
1128 4864 1217 4912 καὶ
1258 4856 1349 4913 διὰ
1405 4865 1462 4915 τὸ
1503 4867 1618 4924 τοὺς
1666 4864 1809 4917 ἁλόν-

216 4959 306 5003 τας
370 4951 428 5015 τῇ
484 4944 715 5017 αἰρετικῃ
767 4952 1027 5018 κοινωνίᾳ,
1074 4947 1128 5010 ἐξ
1180 4948 1247 4999 ὧν
1306 4951 1377 5011 εἷς
1418 4954 1505 5017 σὺ,
1550 4957 1623 5024 μή
1667 4956 1807 5025 ἔχειν

215 5029 504 5104 παρρησίαν
558 5030 780 5104 ἀνοίγειν
824 5038 883 5086 τὸ
936 5041 1106 5107 στόμα
1134 5057 1145 5068 ·
1189 5042 1355 5109 μένειν
1389 5035 1449 5092 δε
1498 5043 1547 5092 ἓν
1601 5044 1809 5115 ἠσυχίᾳ

220 5122 541 5193 καθηκούσῃ,
597 5127 684 5173 καὶ
758 5123 1021 5176 αἰτεῖσθαι
1095 5133 1408 5200 συγγνώμην
1474 5134 1639 5202 μέχρι
1688 5129 1807 5205 βίου

284 5217 328 5253 ⁸³
368 5217 512 5273 Psal.
547 5234 691 5285 xuv,
727 5225 811 5287 tl,
851 5226 934 5276 l2.
1012 5222 1058 5259 ⁸³
1100 5223 1250 5280 Ibid.
1284 5227 1372 5281 12.

1632 5317 1677 5372 Ν
1683 5318 1861 5375 OT/E.

288 5396 399 5528 ἔω)
439 5397 501 5451 In
530 5397 664 5481 cod.
698 5401 837 5469 Reg.
874 5396 981 5472 ρδ¹.

308 5468 391 5528 43)
405 5468 533 5524 Haec
543 5470 878 5528 emstola.et
888 5488 981 5528 au:

223 5536 272 5556 !_
288 5468 533 5556 (‘Haic
543 5468 1024 5556 epistola,et‘quae
1041 5478 1373 5556 sequ-untur
1387 5493 1579 5556 usque
1592 5478 1671 5535 ad
1688 5480 1807 5547 174,

220 5538 278 5617 in
309 5538 435 5594 cod.
467 5538 644 5607 Regio
673 5538 1003 5625 separatim
1022 5538 1254 5625 scripta:
1286 5552 1425 5625 sunt
1458 5538 1595 5625 ante
1635 5538 1807 5625 supe;

221 5615 394 5665 riores
418 5627 640 5679 omnes,
677 5620 855 5687 atque
881 5615 1107 5672 ibidem
1134 5615 1411 5676 dicuntur
1445 5623 1520 5677 ad
1569 5615 1801 5677 tertium

1921 4422 2065 4476 dum
2108 4422 2295 4478 verba
2338 4422 2569 4487 feceris,
2606 4438 2799 4494 neque
2830 4438 2866 4478 a
2890 4422 3065 4477 nobis
3099 4421 3262 4493 quod
3308 4436 3416 4491 par
3458 4425 3582 4475 erat

1921 4512 2225 4566 audiveris
2264 4528 2277 4577 ;
2309 4512 2367 4566 in
2400 4512 2545 4566 istas
2576 4526 2736 4566 nunc
2779 4527 2951 4566 voces
2983 4512 3273 4582 erumpis,
3302 4526 3407 4583 per
3445 4525 3581 4581 spe-

1921 4600 2071 4654 ciem
2105 4600 2351 4672 quidem
2386 4599 2561 4672 quasi
2591 4616 2727 4655 cum
2750 4598 2865 4655 alio
2899 4599 3216 4665 dimicans,
3252 4601 3448 4670 reipsa
3477 4615 3580 4653 au-

1924 4693 2042 4743 tem
2074 4688 2304 4744 veritati
2331 4704 2678 4760 repugnans
2712 4712 2724 4740 :
2759 4688 3036 4761 quamvis
3085 4688 3296 4744 docere
3329 4687 3577 4743 omnino

1920 4775 2026 4831 tibi
2051 4792 2173 4832 non
2201 4777 2393 4833 liceat.
2428 4781 2542 4834 Nec
2569 4776 2762 4833 solum
2792 4778 2871 4833 ob
2903 4779 3245 4833 tenuitatem
3278 4783 3442 4833 tuam
3462 4775 3576 4831 hoc

1917 4864 2074 4931 dico,
2095 4866 2385 4937 patienter
2414 4867 2655 4932 sustine,
2683 4866 2787 4921 sed
2810 4868 2951 4939 quia
2981 4867 3085 4938 qui
3117 4866 3396 4921 haeretica
3413 4881 3574 4920 com-

1920 4955 2205 5010 munione
2235 4954 2501 5011 obstricti
2544 4959 2839 5021 tenentur,
2872 4972 3131 5027 quorum
3169 4972 3200 5010 e
3232 4970 3484 5010 numero
3516 4959 3577 5008 tu

1921 5059 2079 5099 unus
2095 5060 2178 5109 es,
2199 5044 2317 5099 oris
2344 5044 2645 5101 reserandi
2669 5044 3012 5101 facultatem
3038 5060 3161 5099 non
3186 5044 3442 5100 habent:
3469 5042 3573 5097 sed

1918 5133 1979 5188 in
2005 5133 2384 5188 convenienti
2426 5133 2661 5189 silentio
2695 5149 2955 5198 manere,
3005 5150 3074 5189 ac
3106 5133 3346 5189 veniam
3375 5138 3572 5204 petere

1452 5228 1500 5263 ⁸⁴
1543 5229 1695 5285 Psal.
1726 5246 1881 5295 vax,
1910 5235 1963 5287 2.

2043 5232 2091 5267 ⁸⁵
2130 5233 2240 5287 lsa.
2268 5248 2361 5301 XL,
2395 5235 2445 5287 6.
2524 5233 2571 5267 ⁸⁸
2610 5231 2857 5288 lThess.
2891 5248 2951 5301 ιι,
2980 5234 3032 5287 8.

1926 5408 2219 5484 Theodori
2261 5408 2535 5465 exsilium
2575 5411 2887 5484 pertinere,
2936 5410 3280 5484 habentque
3338 5410 3571 5469 titulum

1924 5481 2106 5555 hunc,
2141 5480 2311 5553 ’Δρχή
2352 5488 2443 5555 τοῦ
2467 5479 2676 5555 πρώτου
2706 5479 2928 5555 βιϐλίου.

1993 5552 2060 5624 (⁵)
2092 5552 2441 5624 Dogmatica
2455 5596 2468 5610 .
