4036 6276
445 264 578 320 1471

1711 265 1771 322 S.
1813 264 2178 322 THEODORI
2217 265 2353 323 STU
2364 265 2547 322 [ΠΤᾹέ

3663 261 3839 316 14⁸12

441 389 567 444 tota
589 388 712 444 vita
740 387 978 444 debent.
1012 389 1267 457 Accedit,
1300 390 1464 462 quod
1489 405 1610 446 non
1642 394 1805 447 tanta
1834 390 2096 447 scientiae

2224 394 2418 452 ταντός.
2467 389 2708 457 Ἔπειτα,
2740 387 2864 444 ούδε
2894 392 3123 449 τοσαύτη
3163 409 3247 443 σοι
3291 390 3558 461 εύτεχνίας
3603 384 3840 460 δογμα-

439 478 798 547 dogmaticas
826 477 1038 549 peritia
1058 484 1149 534 est
1168 479 1292 544 tibi,
1317 484 1375 534 ut
1405 484 1679 535 accurate
1702 479 1865 552 loqui
1899 480 2055 535 scias
2079 496 2092 535 :

444 582 581 622 cum
600 582 709 622 nec
722 567 1174 637 grammaticam
1188 609 1200 628 ,
1217 583 1325 622 nec
1338 567 1783 640 philosophiam
1801 569 2090 638 attigeris:

441 671 701 728 cumque
731 657 769 710 ii
801 656 982 710 etiam
1013 656 1114 728 qui
1142 656 1200 711 in
1241 656 1332 712 his
1364 657 1638 729 apprime
1682 660 1897 713 versati
1932 662 2091 723 sunt,

443 744 517 800 de
551 746 668 800 Deo
700 745 1008 817 proprium
1032 745 1256 816 dogma
1290 745 1521 801 nullum
1554 744 1806 802 afferant
1831 746 1964 818 ipsi,
1990 746 2095 802 sed

441 834 786 890 divinorum
823 834 1085 890 virorum
1132 835 1392 905 vestigiis
1439 836 1728 892 insistant.
1783 836 2093 892 Undenam

444 937 585 995 ergo
619 923 740 988 tibi,
777 938 1006 995 quaeso,
1055 925 1234 980 subiit
1264 924 1461 979 dicere
1498 941 1509 978 :
1548 928 1650 979 Per
1683 925 2093 981 habitudinem

443 1027 566 1068 non
598 1012 882 1068 adoratur
903 1014 1102 1083 imago
1135 1013 1342 1070 Christi
1370 1015 1398 1070 7
1419 1015 1508 1068 An
1542 1015 1698 1069 nosti
1724 1015 1870 1088 quid
1894 1015 1965 1070 sit
1991 1015 2096 1070 ha-

441 1100 694 1158 bitudo?
725 1101 1019 1158 Habitudo
1051 1118 1255 1158 eorum
1289 1108 1378 1159 est
1407 1120 1542 1176 quae
1575 1109 1712 1159 sunt
1740 1105 1816 1160 ad
1835 1104 2091 1177 aliquid:

444 1191 522 1248 ad
548 1190 776 1263 aliquid
807 1207 942 1247 vero
975 1198 1386 1264 prototypum,
1420 1198 1477 1248 et
1501 1192 1668 1266 quod
1693 1194 1832 1250 inde
1857 1209 2100 1265 expres-

444 1291 578 1338 3um
616 1286 750 1335 est:
794 1280 954 1335 verbi
1006 1281 1217 1350 gratia,
1277 1282 1536 1337 Christus
1566 1290 1619 1338 et
1667 1281 1796 1352 ejus
1849 1283 2094 1352 imago:

443 1370 588 1441 quia
600 1370 994 1441 utrumquein
1020 1375 1268 1443 utroque
1290 1370 1564 1436 habetur,
1593 1387 1700 1426 nec
1722 1371 2095 1442 disjunctum

447 1463 537 1514 est
564 1458 653 1513 vel
674 1459 958 1530 potentia,
995 1459 1082 1514 vel
1113 1459 1322 1530 gloria.
1358 1463 1523 1526 Ecce,
1558 1461 1852 1532 imperite,
1882 1461 2094 1525 nescis,

445 1554 624 1618 atque
647 1546 760 1603 hoc
784 1563 1070 1620 usurpare
1088 1548 1222 1605 licet
1241 1565 1252 1602 :
1274 1549 1399 1604 Vidi
1421 1549 1795 1622 iniquitatem
1819 1549 1931 1606 sub
1952 1549 2096 1615 sole,

447 1637 638 1692 virum
670 1637 771 1709 qui
803 1636 916 1692 sibi
956 1652 1168 1708 sapere
1214 1638 1526 1695 videbatur
1559 1656 1571 1706 ;
1607 1644 1680 1704 et,
1723 1639 1888 1710 quod
1927 1639 2100 1710 pejus

452 1732 558 1792 est,
591 1725 743 1781 alios
774 1725 989 1782 docere
1021 1726 1382 1784 conabatur.

519 1814 723 1880 Qualis
756 1831 934 1886 porro
964 1820 1050 1872 est
1079 1816 1344 1872 secunda
1375 1821 1476 1872 tua
1503 1816 1831 1889 propositio
1857 1818 1882 1867 ?
1911 1817 2106 1873 Latria

448 1903 660 1960 colitur
686 1903 745 1958 in
773 1904 1036 1975 imagine
1071 1921 1180 1961 sua
1217 1906 1477 1962 Christus
1509 1923 1521 1962 :
1551 1907 1757 1979 itaque
1793 1906 1964 1963 latria
1991 1905 2104 1962 coli

450 1991 1055 2063 debetetiamimago.
1079 1993 1244 2050 Unde
1257 1994 1393 2050 vela
1422 2010 1543 2067 quo
1569 1994 1826 2051 didicisti
1849 1996 2106 2067 lstaqum

452 2081 636 2137 doces
669 2081 696 2135 ‘I
724 2084 870 2138 Nam
907 2087 1252 2139 sanctorum
1294 2083 1493 2139 nullus
1530 2084 1645 2141 hoc
1687 2083 1918 2151 dixerit,
1974 2085 2102 2151 sed,

452 2170 691 2228 adorari
726 2172 785 2227 in
827 2171 1090 2242 imagine
1131 2189 1240 2229 sua
1277 2173 1590 2240 Christum,
1637 2180 1689 2230 et
1729 2173 2102 2230 adorandam

452 2275 582 2316 esse
611 2260 960 2329 imaginem,
994 2261 1055 2316 id
1077 2266 1185 2326 est,
1210 2262 1652 2329 honorandam,
1683 2279 1786 2318 seu
1821 2279 2106 2320 veneran-

453 2348 595 2404 dam
627 2349 970 2420 (amborum
1003 2351 1163 2406 enim
1191 2350 1350 2406 idem
1379 2356 1465 2407 est
1491 2352 1730 2423 sensus)
1761 2357 1814 2406 et
1849 2351 2100 2408 merito:

455 2439 743 2510 quoniam
778 2439 964 2505 latria,
984 2439 1133 2495 sicut
1163 2447 1220 2496 et
1247 2440 1419 2507 ﬁdes,
1455 2441 1565 2496 soli
1597 2446 1817 2497 sanctae
1847 2442 2107 2498 Trinitati

456 2528 738 2598 competit
770 2543 782 2582 :
817 2527 930 2584 alia
961 2544 1101 2585 vero
1142 2530 1295 2596 aliis,
1329 2531 1488 2586 Matri
1519 2531 1642 2594 Dei,
1667 2536 1889 2586 sanctae
1923 2531 2103 2595 cruci,

457 2618 696 2681 sanctis,
713 2619 1068 2674 venerandae
1083 2620 1329 2690 imagini
1347 2619 1578 2684 Christi,
1597 2625 1651 2675 et
1665 2620 1794 2675 aliis
1820 2620 2106 2675 omnibus

458 2705 705 2761 sacratis
745 2706 1110 2777 imaginibus
1143 2726 1155 2763 :
1199 2717 1376 2781 atque
1411 2709 1470 2764 in
1514 2713 1765 2774 tantum,
1813 2713 2109 2782 quantum

459 2794 904 2866 supereminent
930 2803 1250 2869 prototypa
1276 2798 1346 2853 iis
1385 2813 1520 2870 quas
1561 2813 1633 2854 ex
1677 2797 1788 2854 illis
1825 2815 2112 2870 expressa

459 2887 617 2938 sunt.
645 2883 817 2952 Quod
847 2886 895 2940 si
926 2885 1094 2942 latria
1119 2887 1350 2952 colitur,
1381 2893 1444 2942 ut
1465 2887 1575 2952 ais,
1594 2887 1651 2941 in
1670 2887 1928 2960 imagine
1956 2887 2112 2943 Chri-

459 2977 585 3029 stus
620 2990 634 3028 :
669 2989 802 3028 cum
832 2975 1126 3031 Trinitatis
1151 2976 1461 3049 proprium
1485 2977 1557 3031 sit
1585 2975 1753 3032 latria
1784 2976 1918 3042 coli,
1943 2977 2114 3032 latria

2202 489 2349 541 τικῆς
2403 483 2691 553 ἐπιστήμη,
2767 484 2836 544 ὡς
2914 478 3106 534 εἰδέναι
3165 478 3392 554 ἀκριϐῶς
3462 479 3834 551 φθέγγεσθαι,

2203 575 2334 642 μήτε
2421 579 2808 642 γραμματικῆς,
2892 576 3025 642 μήτε
3103 570 3412 642 φιλοσοφίας
3491 568 3748 640 ἁψαμένῳ
3807 585 3826 599 ⁸

2202 660 2354 711 ὁπότε
2383 664 2473 712 καὶ
2516 662 2565 712 οἱ
2594 661 2784 712 τούτων
2833 658 3174 732 ἐπιστήμονες
3203 661 3338 712 κατὰ
3364 660 3492 712 Θεὸν
3542 657 3636 709 ούκ
3668 653 3833 708 ἴδιόν

2201 766 2252 799 τι
2292 744 2726 819 δογματίζουσιν,
2780 747 2885 800 ἀλλ’
2935 748 3188 822 ἑπομένως
3233 754 3343 810 τοῖς
3392 749 3676 820 θεοφόροις.
3711 748 3833 798 Πὸ-

2204 839 2283 890 θεν
2333 833 2421 890 οὖν
2470 857 2556 890 σοι
2605 837 2841 906 ἐπῆλθεν,
2891 837 3081 912 ἐρωτῶ,
3139 838 3302 908 λέγειν
3333 854 3345 866 ⁶
3396 836 3473 888 Ού
3537 843 3827 906 σχετικῶς

2201 934 2567 1000 προσκυνεῖται
2629 929 2658 985 ἠ
2719 927 2867 979 εἰκὼν
2920 935 3010 980 τοῦ
3070 934 3354 1000 Χριστοῦ;
3407 920 3560 986 οἶδας
3609 926 3716 996 γὰρ
3764 929 3834 976 τί

2201 999 2315 1068 ἒστι
2347 1019 2538 1087 σχέσις
2569 1033 2583 1081 ;
2618 1016 2676 1068 Ἠ
2702 1019 2893 1088 σχέσις
2922 1025 3020 1069 τῶν
3050 999 3178 1089 πρός
3208 1020 3260 1068 τί
3291 1014 3404 1068 ἔστι
3435 1031 3448 1044 ⁸
3490 1017 3612 1086 πρός
3641 1033 3693 1065 τι
3726 1009 3829 1078 δί,

2202 1107 2260 1156 τό
2294 1109 2628 1177 πρωτότυπον
2667 1110 2757 1158 καὶ
2804 1107 3118 1178 παράγωγον
3149 1121 3161 1135 °
3223 1108 3342 1163 ἦτοι
3395 1105 3421 1155 ό
3460 1104 3693 1174 Χριστὸς
3720 1107 3832 1154 καὶ

2205 1190 2234 1246 ἠ
2294 1188 2454 1240 αύτοῦ
2505 1189 2674 1255 εἰκὼν,
2725 1191 2802 1242 ὃτι
2840 1192 3023 1262 ἔχεται
3061 1191 3110 1242 ἓν
3150 1189 3372 1261 ἐκατέρῳ
3414 1188 3671 1259 ἑκάτερον,
3721 1190 3830 1239 καὶ

2205 1276 2300 1329 ούκ
2340 1277 2671 1350 ἀπέσχισται
2708 1281 2826 1331 οὔτε
2863 1286 2936 1350 τῷ
2965 1279 3169 1352 κράτει,
3219 1280 3336 1331 οὔτε
3365 1284 3423 1350 τῇ
3459 1272 3612 1347 δόξῃ.
3639 1271 3825 1340 Ἰδοὺ,

2209 1364 2528 1438 ἀμαθαίνων,
2569 1366 2627 1419 ού
2669 1365 2844 1434 οἶσθα,
2885 1372 2975 1419 καὶ
3021 1366 3189 1429 καλῶς
3229 1369 3368 1420 ἔστιν
3401 1365 3558 1418 έκεῖνο
3600 1363 3767 1416 εἰπεῖν
3805 1391 3822 1404 ο

2208 1453 2363 1509 Εἶδον
2391 1455 2610 1528 ἀνομίαν
2639 1458 2739 1509 ύπό
2771 1459 2855 1509 τὸν
2879 1455 3044 1527 ἣλιον,
3075 1453 3247 1531 ἄνδρα
3275 1453 3504 1519 δόξαντα
3535 1455 3658 1526 παρ’
3688 1452 3832 1506 ἑαν-

2209 1555 2282 1617 τῷ
2359 1549 2514 1618 σοφὸν
2569 1542 2719 1611 εἶναι,
2768 1550 2878 1611 καὶ,
2926 1545 2952 1598 ὃ
3007 1548 3193 1599 τούτου
3248 1545 3632 1618 χαλεπώτερον,
3682 1562 3828 1595 παι-

2213 1633 2381 1688 δεύειν
2406 1634 2586 1696 ἄλλους
2616 1634 3022 1708 φιλονεικοῦντα.

2285 1815 2407 1867 Οἶον
2449 1810 2508 1866 δέ
2559 1832 2653 1866 σου
2685 1817 2776 1866 καὶ
2821 1816 2878 1866 τὸ
2925 1809 3162 1887 δεύτερον
3206 1811 3485 1887 πρόϐλημα
3513 1830 3530 1884 ;
3563 1815 3830 1887 Λατρεύεα

2211 1923 2300 1955 ται
2351 1905 2376 1955 ό
2425 1906 2653 1975 Χριστὸς
2696 1902 2744 1955 έν
2791 1910 2851 1962 τῆ
2897 1902 3058 1957 αύτοῦ
3115 1902 3315 1956 εἰκόνι·
3351 1904 3486 1956 ὥστε
3528 1907 3616 1956 καὶ
3671 1904 3700 1960 ἡ
3754 1903 3832 1955 εἰσ

2212 1997 2313 2044 κὼν
2341 1991 2616 2066 λατρευτή.
2660 1993 2820 2044 Πόθεν
2877 1999 3031 2045 τοῦτο
3069 1991 3099 2050 ἦ
3158 1993 3302 2066 παρά
3338 1995 3474 2053 τίνος
3522 1991 3701 2062 μαθὼν
3728 1986 3832 2044 δο-

2212 2084 2486 2154 γματίζεις
2521 2097 2535 2148 ;
2577 2077 2753 2143 οὐδεὶς
2798 2083 2898 2155 γὰρ
2940 2101 3021 2134 πω
3065 2088 3163 2132 τῶν
3227 2079 3386 2152 ἁγίων
3444 2087 3592 2133 τοῦτο
3639 2085 3773 2152 φαίη
3810 2101 3826 2114 ·

2215 2169 2344 2237 ἀλλ’,
2393 2173 2472 2224 ὅτι
2528 2178 2899 2244 προσκυνεῖται
2937 2169 2986 2223 έν
3043 2178 3102 2243 τῇ
3162 2169 3323 2222 αύτοῦ
3372 2169 3529 2223 εἰκόνι
3567 2173 3828 2244 Χριστὸς,

2213 2265 2303 2313 καὶ
2341 2264 2679 2333 προσκυνητὴ
2721 2262 2751 2318 ἡ
2803 2259 2971 2325 εἰκών,
3005 2260 3097 2313 εἶτ’
3129 2255 3218 2312 οὖν
3266 2264 3543 2332 τιμητική,
3594 2261 3686 2312 εἶτ’
3730 2255 3829 2312 οὖν

2217 2348 2446 2408 σεϐαστή
2483 2370 2497 2382 ·
2543 2347 2808 2423 ἀμφότερα
2851 2352 2952 2424 γὰρ
2994 2348 3061 2409 εἰς
3117 2352 3305 2401 ταυτὸν
3337 2352 3476 2421 φέρει
3513 2352 3603 2402 τὸν
3655 2356 3780 2400 νοῦν
3811 2365 3826 2377 ·

2215 2445 2304 2492 καὶ
2334 2438 2580 2500 εἰκότως·
2636 2434 2819 2496 ἐπειδὴ
2853 2439 2883 2496 ἠ
2911 2436 3142 2510 λατρεία,
3188 2440 3361 2508 ὦσπιρ
3415 2443 3504 2491 καὶ
3545 2439 3571 2496 ἡ
3613 2442 3827 2505 πίστις,

2215 2536 2277 2601 τῇ
2321 2527 2449 2600 ἁγίᾳ
2493 2523 2686 2602 Τριάδι
2736 2531 2865 2600 μόνῃ
2923 2525 3227 2602 ἀναφέρεται
3259 2547 3271 2560 ·
3319 2530 3387 2580 τὰ
3436 2522 3488 2581 δ’
3535 2526 3667 2580 οἴλλα
3711 2535 3830 2589 τοῖς

2217 2617 2411 2683 ἄλλοις,
2456 2625 2518 2689 τῇ
2561 2617 2738 2690 Μητρὶ
2794 2623 2886 2668 τοῦ
2935 2622 3089 2682 Θεοῦ,
3135 2624 3208 2687 τῷ
3263 2615 3398 2688 ἁγίῳ
3439 2624 3672 2690 σταυρῶ,
3711 2624 3828 2678 τοῖς

2223 2707 2416 2778 ἁγίοῖς,
2446 2713 2509 2778 τῇ
2546 2713 2708 2778 σεπτῇ
2743 2704 2901 2758 εἰκόνι
2957 2713 3211 2779 Χριστοῦ,
3266 2711 3355 2758 καὶ
3402 2707 3601 2766 πάσαις
3644 2705 3830 2768 ἄλλαις

2222 2795 2525 2867 ἁγιωτικαῐς
2577 2794 2745 2847 εἰκόσι
2776 2810 2790 2824 ’
2848 2799 2938 2847 καὶ
2989 2802 3238 2847 τοσοῦτον
3287 2796 3407 2847 ὅσον
3462 2796 3708 2870 ὑπερέχει
3761 2798 3830 2848 τὰ

2223 2888 2538 2957 πρωτότυπα
2593 2891 2692 2935 τῶν
2741 2886 2876 2935 κατὰ
2955 2890 3123 2936 ταῦτα
3203 2889 3550 2959 παραγώγων.
3609 2884 3671 2937 Εἰ
3733 2880 3822 2936 οὖν

2222 2973 2542 3047 λατρεύεται,
2597 2974 2667 3034 ὡς
2717 2977 2832 3044 φὴς,
2883 2971 2932 3024 ἐν
2979 2980 3040 3044 τῇ
3097 2972 3254 3025 εἰκόνι
3308 2977 3542 3046 Χριστός
3574 2991 3586 3002 ·
3646 2971 3814 3030 ἐπειδή

459 3062 634 3118 simul
667 3063 877 3120 colitur
905 3064 965 3119 in
997 3065 1256 3135 imagine
1299 3072 1356 3121 et
1379 3066 1544 3122 Pater
1575 3072 1630 3121 et
1661 3065 1931 3139 Spiritus.
1961 3065 2109 3131 Quid

2226 3071 2320 3124 τῆς
2365 3059 2594 3136 Τριάδος
2641 3065 2700 3115 τό
2739 3062 3099 3137 λατρεύεσθαι,
3135 3062 3533 3136 συλλατρεύεται
3562 3065 3611 3116 ἓν
3665 3069 3716 3133 τῇ
3751 3061 3818 3114 εἰ·

461 3157 661 3209 autem
693 3153 832 3209 inde
863 3153 1174 3211 conﬁcitur
1201 3156 1230 3212 ?
1256 3157 1319 3210 Et
1338 3159 1566 3212 Patrem
1589 3163 1645 3212 et
1677 3155 1956 3228 Spiritum
1992 3171 2118 3212 car-

460 3255 596 3296 nem
625 3243 891 3298 induisse
909 3259 921 3299 :
938 3259 1060 3316 quo
1076 3243 1318 3316 quidem
1345 3244 1599 3317 impium
1624 3262 1815 3317 magis
1832 3245 1949 3300 dici
1973 3243 2118 3317 quid

460 3330 696 3401 possit?
724 3334 787 3386 Et
823 3348 1030 3387 rursus
1066 3351 1079 3388 :
1119 3333 1439 3399 Quoniam,
1472 3339 1534 3389 ut
1573 3335 1681 3398 ais,
1714 3334 1884 3389 latria
1915 3333 2118 3389 itidem

467 3419 717 3476 colenda
738 3427 826 3476 est
847 3422 1048 3492 imago
1075 3423 1282 3479 Christi
1299 3439 1312 3488 ;
1329 3439 1708 3495 consequens
1731 3427 1818 3478 est
1847 3428 1906 3477 ut
1925 3425 2118 3478 Tetra-

463 3507 592 3564 dita
643 3509 1131 3581 deprehenderis,
1188 3511 1363 3568 latria
1393 3512 1594 3568 colens
1640 3529 1778 3567 cum
1832 3511 2117 3568 Trinitate

463 3596 792 3669 imaginem
825 3599 1053 3655 Christi.
1089 3606 1157 3656 At
1186 3616 1323 3657 vero
1361 3601 1410 3656 si
1445 3602 1580 3673 quis
1610 3602 1949 3656 Trinitatem
1976 3601 2122 3656 ado-

463 3692 570 3754 ret,
603 3703 839 3743 necnon
881 3694 937 3744 et
968 3689 1315 3759 imaginem,
1359 3706 1481 3746 non
1517 3691 1678 3746 idem
1710 3696 1991 3761 sequetur
2019 3689 2121 3745 ab-

465 3775 736 3831 surdum.
757 3777 982 3833 Dictum
1008 3784 1095 3834 est
1120 3780 1300 3848 enim,
1328 3780 1618 3836 honorem
1637 3785 1690 3835 et
1707 3778 2122 3835 adorationem

468 3867 902 3922 communicari
935 3867 1111 3922 etiam
1144 3868 1376 3924 homini
1409 3868 1693 3940 simplici:
1728 3885 1849 3923 non
1889 3884 2028 3924 vero
2061 3867 2124 3921 ti-

466 3953 604 4008 dem
635 3959 693 4010 et
717 3954 970 4011 latriam.
998 3958 1520 4022 Quemadmodum
1546 3957 1704 4013 enim
1738 3957 2123 4013 solummodo

465 4044 525 4098 in
553 4047 782 4100 Patrem
801 4052 856 4101 et
873 4045 1077 4101 Filium
1094 4047 1442 4119 etSpiritum
1458 4056 1729 4103 sanctum
1749 4048 2118 4102 credimuus:

469 4134 553 4188 sic
583 4139 639 4189 et
666 4133 901 4190 latriam
930 4135 1304 4191 exhibemus.
1327 4137 1421 4192 His
1461 4152 1633 4191 aures
1663 4136 1939 4208 prmbens
1971 4153 2126 4194 rece-

470 4222 566 4287 de,
609 4223 807 4290 frater,
847 4240 973 4290 oro,
1015 4241 1045 4280 a
1088 4224 1432 4297 vaniloquio
1468 4225 1714 4281 haeresis
1753 4226 2069 4299 szcalicae
2103 4246 2117 4295 ;

471 4312 592 4367 sive
643 4312 1094 4383 Qentucladicm,
1135 4331 1270 4386 quas
1298 4332 1366 4371 ex
1400 4315 1692 4371 diametro
1722 4321 1951 4387 pugnat
1986 4333 2124 4372 cum

471 4402 945 4458 lconomachica.
981 4405 1080 4458 Sin
1112 4411 1334 4470 autem,
1363 4405 1526 4477 quod
1559 4405 1732 4472 absit,
1776 4405 2121 4477 perstiteris,

472 4492 616 4549 scito
642 4499 693 4548 te
725 4493 1065 4565 nobiscum,
1098 4494 1188 4549 vel
1220 4495 1418 4566 potius
1449 4510 1586 4551 cum
1614 4495 1898 4551 omnibus
1927 4495 2128 4552 ortho-

471 4582 662 4649 doxis,
703 4586 937 4654 partem
983 4598 1104 4637 non
1144 4582 1384 4640 habere.
1411 4585 1653 4640 Nonnisi
1686 4600 1837 4656 aegre
1863 4583 2019 4640 hanc
2050 4585 2128 4640 ad

475 4675 528 4727 te
558 4671 873 4743 epistolam
896 4670 1146 4728 dictavi.

797 4888 952 4946 CLII.
985 4919 1049 4929 —
1085 4888 1379 4945 Theodoro
1401 4889 1694 4945 monacho
1726 4890 1810 4961 (').

2227 3154 2340 3204 κόνι
2369 3153 2514 3204 καὶὸ
2548 3157 2750 3227 Πατὴρ,
2802 3155 2892 3204 καὶ
2937 3154 2993 3204 τὸ
3025 3158 3252 3222 Πνεῦμα,
3303 3157 3403 3205 Καὶ
3450 3155 3503 3204 τί
3553 3155 3612 3205 τό
3665 3154 3829 3204 ἐντεῦ-

2233 3243 2312 3294 θεν
2346 3242 2691 3313 συναγόμενον
2719 3257 2735 3307 ;
2769 3244 2846 3306 τὸ,
2890 3245 2980 3292 καὶ
3031 3244 3118 3292 τόν
3151 3243 3358 3312 Πατέρα
3389 3245 3479 3293 καὶ
3518 3244 3577 3293 τὸ
3620 3247 3834 3313 Πνεῦμα

2235 3333 2605 3405 σεσαρκῶσθαι
2637 3348 2649 3360 ·
2684 3331 2744 3382 οὗ
2790 3335 2842 3382 τί
2881 3329 2940 3382 ἂν
2969 3334 3168 3401 γίνοιτο
3216 3329 3555 3405 ἀσεϐίστερον
3589 3346 3604 3397 ;
3665 3330 3835 3383 Ἐπει-

2233 3417 2300 3479 δὴ
2350 3416 2409 3472 δὲ
2462 3416 2609 3480 αὖθις
2655 3424 2768 3492 φὴς,
2826 3423 3094 3493 Λατρευτή
3141 3423 3230 3471 καὶ
3272 3421 3302 3477 ἡ
3357 3425 3592 3491 Χριστοῦ
3647 3417 3830 3470 εἰκών·

2232 3511 2367 3562 κατὰ
2417 3512 2473 3562 τό
2527 3508 2827 3578 ἀκόλουθον,
2884 3504 3033 3561 οὐδὲν
3089 3507 3212 3560 ἄλλο
3251 3508 3281 3566 ᾖ
3323 3504 3650 3582 Τετραδίτης
3688 3508 3833 3581 εὑρε-

2235 3601 2395 3672 θήσῃ,
2453 3597 2710 3671 λατρεύων
2773 3600 2903 3670 μετὰ
2968 3606 3058 3658 τῆς
3126 3593 3351 3671 Τριάδος
3401 3601 3490 3650 καὶ
3559 3605 3620 3669 τῇ
3679 3596 3816 3650 εἰκόν

2235 3695 2492 3761 Χριστοῦ.
2543 3687 2618 3739 Ού
2657 3691 2782 3759 μὴν,
2824 3689 2905 3740 ὅτι
2951 3692 3038 3740 καὶ
3076 3694 3463 3760 προσκυνοῦντι
3500 3694 3564 3759 τῇ
3613 3681 3834 3760 Τριάδι,

2233 3774 2413 3835 ἐπειδὴ
2466 3781 2554 3829 καὶ
2607 3783 2668 3849 τῇ
2721 3775 2898 3842 εἰκόνι,
2941 3779 2997 3828 τὸ
3055 3776 3178 3829 αὐτὸ
3222 3775 3570 3833 ἀκολουθήσει
3615 3777 3832 3830 ἄτοπον.

2235 3869 2452 3939 Εἴρηται
2496 3867 2620 3938 γὰρ,
2671 3866 2752 3917 ὅτι
2799 3867 2828 3924 ἡ
2873 3870 2998 3937 τιμὴ
3048 3870 3136 3918 καὶ
3184 3866 3214 3924 ἡ
3266 3867 3622 3939 προσκύνησις
3669 3883 3836 3916 κοινο-

2233 3963 2504 4007 ποιοῦνται
2541 3959 2704 4027 μέχρι
2743 3958 2829 4006 καὶ
2869 3962 2958 4006 τοῦ
2999 3958 3255 4025 τυχόντος
3294 3951 3566 4028 ἀνθρώπου
3595 3972 3607 3984 ·
3639 3953 3697 4005 ού
3728 3958 3832 4025 μὴν

2235 4046 2264 4103 ἡ
2307 4048 2483 4105 πίστις
2535 4048 2624 4095 καὶ
2662 4044 2691 4100 ἡ
2745 4042 2981 4118 λατρεία.
3018 4041 3219 4114 Ὠσπερ
3251 4045 3352 4114 γὰρ
3398 4043 3710 4114 πιστεύομεν
3761 4041 3836 4104 εἰς

2238 4138 2443 4208 Πατέρα
2499 4139 2588 4186 καὶ
2634 4135 2758 4187 Ψὶὀν
2809 4137 2898 4185 καὶ
2970 4132 3118 4204 ἅγιον
3173 4139 3385 4204 Πνεῦμα
3434 4137 3590 4204 μόνον
3633 4149 3646 4161 ·
3697 4131 3834 4184 ούτω

2237 4226 2326 4274 καὶ
2377 4221 2706 4294 λατρεύομεν.
2745 4229 2926 4274 Ταῦτα
2976 4223 3265 4282 ἑνωτισθεὶς
3305 4219 3576 4292 ἀπόσχου,
3625 4217 3832 4293 αδελφε,

2237 4310 2535 4385 παρακαλῶ,
2594 4320 2683 4370 τῆς
2746 4315 3052 4382 κενοφωνίας
3109 4313 3194 4361 καὶ
3267 4308 3616 4373 Τζυκαλικῆς,
3673 4312 3834 4380 ἤγουν

2242 4396 2689 4461 Κεντουκλαδικῆς
2742 4402 3007 4475 αἱρέσεως,
3085 4400 3200 4459 ἣτις
3253 4397 3308 4450 ἐκ
3362 4394 3646 4472 διαμέτρου
3704 4400 3838 4469 πρὸς

2238 4493 2331 4548 τήν
2381 4488 2806 4561 Εἰκονομαχικήν
2849 4487 3190 4561 ἀντιφέρεται.
3231 4488 3292 4541 Εἰ
3343 4483 3419 4550 δὲ,
3477 4488 3597 4562 ὅπερ
3643 4491 3714 4544 μὴ
3743 4491 3834 4558 ’γέ-

2237 4598 2396 4651 νοιτο,
2452 4581 2723 4650 ἕπιμενείς,
2773 4582 2996 4649 γίνωσκε
3025 4582 3177 4652 μέρος
3229 4576 3340 4649 μεθ’
3373 4577 3519 4648 ἡμῶν
3550 4581 3622 4648 μὴ
3670 4578 3836 4647 ἔχειν,

2240 4667 2428 4741 μᾶλλον
2472 4663 2530 4719 δε
2567 4664 2706 4739 μηδὲ
2735 4669 2866 4740 μετὰ
2902 4669 3092 4728 παντὸς
3149 4662 3454 4740 ὁρθοδόξου.
3505 4668 3650 4718 Μετὰ
3675 4669 3836 4717 πόνου

2241 4777 2332 4832 μοι
2355 4759 2473 4828 περὶ
2504 4764 2597 4808 σοῦ
2628 4757 2958 4832 ύπηγορεύθη
2984 4757 3014 4814 ἡ
3047 4754 3291 4813 ἐπιστολὴ
3321 4755 3478 4812 αὕτη,

2352 4892 2479 4940 ΡΝΒ
2505 4887 2640 4954 (44).
2671 4915 2729 4926 -
2770 4880 3083 4958 Θεοδώρῳ
3119 4883 3494 4956 μονάζοντι.
3527 4879 3730 4956 [χκζᾘ

475 4996 549 5046 De
575 4994 943 5045 sacerdotibus
973 4999 1026 5045 et
1050 4996 1290 5046 diaconis
1323 4996 1489 5059 lapsis
1506 5009 1602 5060 per
1635 4995 2083 5108 subscriptione?
2117 4998 2171 5108 (ait
2194 4992 2630 5107 ccémutmnionem
2657 4991 2990 5041 haereticam:
3019 4993 3071 5040 et
3100 4989 3166 5040 de
3191 4989 3438 5040 Ecclesiis
3467 5003 3586 5052 quae
3616 4988 3685 5038 ab
3720 4987 3828 5038 hm-

1841 5073 1894 5108 re
1922 5073 2016 5108 lClS
2089 5071 2116 5108 e
2161 5071 2228 5108 ne
2269 5072 2336 5106 an
2364 5072 2449 5108 ur.

1841 5071 2016 5108 I‘GUCIS
2051 5071 2449 5111 (ιθιωθῠαηῑιιτ,

547 5174 862 5246 Voluptate
895 5191 1014 5232 non
1048 5175 1318 5232 molestia
1344 5190 1438 5230 me
1463 5174 1788 5231 affecerunt
1812 5191 1884 5231 ea
1907 5175 2129 5248 quibus

481 5280 574 5320 me
623 5265 1041 5337 perstrinxisti,
1084 5266 1172 5321 vir
1211 5265 1554 5321 reverende.
1611 5266 1736 5321 Non
1787 5266 1946 5321 enim
1994 5281 2128 5322 sum

2307 5171 2587 5239 Ἠδύνθην,
2641 5173 2734 5225 ούκ
2783 5168 3042 5245 ἐδάχθην,
3098 5169 3170 5244 ἐφ’
3200 5172 3278 5233 οἶς
3324 5169 3548 5242 καθήψω
3593 5188 3717 5240 μου,
3759 5189 3838 5222 τι·

2239 5270 2490 5338 μιώτατι.
2550 5260 2691 5316 osa“.
2742 5265 2844 5336 γὰρ
2885 5262 3049 5323 οὕτως
3100 5260 3442 5321 ἁνουθέτητός
3492 5258 3618 5332 εἰμι,
3671 5262 3738 5320 ὡς
3787 5257 3836 5311 ἕν

2049 5409 2275 5467 ΝΟΤιΕ.

555 5558 619 5631 (“)
652 5554 1026 5628 Dogmatica.

2310 5550 2426 5624 (44)
2457 5551 2519 5606 In
2549 5548 2682 5606 cod.
2710 5550 2852 5619 Reg,
2880 5547 2988 5621 ρξ’.
