4036 6276
255 270 391 334 1473
1532 268 1849 328 EPISTOLi

2018 270 2043 326 ll
2084 270 2217 327 LIB.
2260 272 2334 329 II.
3478 278 3612 332 14⁸14

251 410 363 465 ταῖς
417 401 773 473 ἁγαπητεκαῖς
826 400 1179 474 ὑποκρούσεσι
1235 394 1624 472 δυσχεραίνειν.
1684 397 1744 451 Εἰ
1794 396 1845 451 δὲ

2020 398 2111 453 leo
2161 397 2456 461 indocilis.
2499 403 2561 454 ut
2589 400 2815 457 amicas
2848 401 3302 472 objurgationes
3356 406 3614 473 graviter

251 489 511 564 ἕδάχθην,
558 490 617 542 οὐ
664 486 759 542 διὰ
786 493 879 547 τὴν
927 489 1243 560 ὑπόμνησιν,
1277 486 1404 539 ἀλλὰ
1461 485 1554 540 διὰ
1578 492 1671 546 τὴν
1732 487 1845 540 ἑκά-

2016 504 2166 543 ram.
2210 488 2381 553 Quod
2428 489 2477 543 si
2504 504 2627 561 qua
2656 489 2930 546 molestia
2974 490 3099 556 fuit,
3134 507 3204 546 ea
3244 507 3363 548 non
3405 493 3610 565 utique

253 602 378 636 στου
428 584 628 655 αἰρεσιν
661 596 673 610 ο
730 580 781 643 ἐξ
810 580 874 640 ἧς
901 582 1151 651 τέτμηται
1180 582 1236 631 τὸ
1278 586 1431 650 σῶμα
1472 586 1563 631 τοῦ
1616 584 1847 652 Χριστοῦ

2022 592 2037 632 )
2065 577 2615 641 commonitionem,
2640 578 2740 633 sed
2761 578 2838 634 ob
2861 578 3153 651 cujusque
3175 580 3466 647 haeresim,
3492 598 3616 653 qua

251 671 324 734 εἰς
368 676 558 744 μυρίας
612 666 771 732 δόξας
820 666 1202 741 διαιρούμενον.
1264 666 1394 737 Ἐγὼ
1442 672 1613 720 τοίνυν
1660 669 1742 720 ἶνα
1798 664 1845 718 ἐκ

2016 665 2172 721 hristi
2205 681 2421 738 corpus
2452 665 2762 733 scinditur,
2799 668 2991 724 varias
3022 670 3083 725 in
3115 672 3427 742 opiniones
3457 672 3610 727 divi-

252 756 509 834 βαλϐίδος
564 756 925 831 ἀφογήσωμαι
979 753 1091 827 (δεῖ
1142 758 1243 831 γάρ
1297 776 1359 828 με
1412 755 1846 828 ἀπολογήσασθαι

2020 771 2119 810 ιω.
2148 756 2357 811 Verum
2389 762 2451 811 ut
2482 772 2516 810 a
2538 756 2825 828 principio
2855 774 2981 813 rem
3008 774 3344 831 exponam;
3380 765 3614 831 oportet

253 848 610 922 ἑγκληθέντα),
675 844 795 908 δοὺς
848 845 1105 919 ἐπιτίμιον
1171 846 1689 916 καταναγκαζόμενος
1749 844 1847 897 ἀπὸ

2023 844 2124 900 lim
2170 850 2233 899 ut
2274 850 2590 901 accusatus
2638 845 2940 917 meipsum
2973 847 3330 915 defendam;
3369 848 3533 921 quod
3581 865 3617 905 a

254 945 456 1012 πρώτης
506 939 723 1009 ἡμέρας,
775 940 865 988 καὶ
893 943 1045 988 τοῦτο
1099 934 1199 987 ἀπὸ
1255 934 1484 1006 φυλακῆς
1538 929 1632 987 διὰ
1682 954 1848 1007 γραμ-

2019 934 2158 988 rima
2186 934 2284 989 die
2329 950 2540 1005 pmnas
2586 935 2846 1004 irrogare
2888 941 3133 992 coactus
3166 937 3269 1000 fui.
3326 939 3507 1010 idque
3543 955 3613 994 ex

256 1026 429 1101 μάτων
464 1049 476 1061 ·
527 1028 607 1080 ὃτι
659 1030 749 1078 καὶ
794 1022 888 1077 διὰ
942 1026 1249 1098 γράμματος
1292 1024 1321 1082 ἡ
1374 1023 1638 1086 ἆξαίτησις
1695 1042 1850 1095 μονα-

2019 1039 2195 1079 ιτοθι·θ
2219 1039 2325 1095 per
2353 1023 2604 1090 litteras;
2637 1026 2925 1096 quoniam
2959 1026 3178 1097 pariter
3194 1043 3297 1099 per
3326 1027 3613 1100 scriptum

259 1121 447 1181 ζόντων
494 1135 546 1171 τε
600 1121 689 1167 καὶ
721 1116 1041 1187 ἱερωμένωνο
1104 1116 1256 1165 τοῦτό
1314 1112 1598 1186 ἀπεκρίθην
1629 1114 1694 1173 ὡς
1750 1111 1853 1184 οὐχ

2028 1112 2244 1169 onachi
2275 1117 2331 1167 et
2358 1113 2697 1169 sacerdotes
2723 1129 2833 1185 pro
2855 1131 2916 1170 se
2942 1115 3240 1186 deprecati
3269 1121 3436 1186 sunt;
3472 1116 3619 1174 illud

256 1208 556 1280 ὀριστικῶς,
612 1204 737 1256 ἀλλὰ
770 1202 1224 1276 συμϐουλευτικὼς
1276 1205 1401 1276 πρός
1456 1201 1579 1274 ἐμοῦ
1633 1204 1688 1253 τό
1747 1201 1850 1253 ἐπι-

2020 1218 2074 1273 go
2106 1218 2227 1257 non
2252 1206 2538 1273 tanquam
2556 1202 2867 1260 deﬁnirem
2898 1204 3148 1276 aliquid,
3185 1206 3287 1261 sed
3325 1211 3614 1279 tanquam

256 1300 447 1367 τίμιον.
506 1297 600 1348 Διὰ
646 1299 735 1359 τί;
788 1295 869 1345 ὅτι
897 1293 1003 1363 οὐχ
1035 1294 1287 1366 ἱεράρχης
1340 1291 1459 1362 ἐγὼ,
1504 1290 1611 1344 ἁλλ’
1673 1290 1850 1363 ἱερεὺς,

2019 1291 2280 1347 )nsilium
2307 1293 2459 1347 dans
2476 1293 2758 1363 respondi
2787 1293 2940 1349 circa
2965 1310 3173 1365 poenas
3200 1312 3236 1351 a
3259 1312 3353 1351 me
3384 1296 3613 1366 irroga-

256 1388 386 1459 πρὸς
446 1387 535 1456 μὲν
582 1386 699 1443 τοὺς
758 1383 979 1444 οἰκείους
1032 1384 1272 1453 μαθητὰς
1331 1383 1637 1443 νουθετικῶς
1687 1377 1850 1452 [888.

2029 1401 2081 1437 s.
2119 1385 2231 1438 Cur
2251 1380 2375 1438 ita?
2396 1382 2685 1453 quoniam
2710 1398 2821 1451 ego
2839 1384 3161 1455 episcopus
3186 1400 3305 1440 non
3331 1402 3489 1455 sum,
3516 1386 3620 1442 sed

259 1474 391 1530 cod.
445 1471 808 1545 νομοθετικῶς]
860 1469 1103 1542 ἀγόμενος
1133 1488 1145 1500 °
1213 1474 1339 1544 πρός
1395 1467 1453 1523 δε
1513 1469 1697 1531 ἄλλους
1752 1469 1853 1540 οὐχ

2024 1473 2268 1536 ιρθτᾱοε,
2300 1473 2404 1541 qui
2437 1472 2707 1543 proprios
2738 1473 2984 1544 quidem
3015 1474 3341 1545 discipulos
3363 1474 3618 1544 castigo,

259 1563 417 1624 οὕτως
446 1580 458 1592 ·
520 1561 626 1614 ἁλλ’
678 1564 745 1623 ὡς
799 1564 1019 1634 εἴρηται,
1078 1559 1383 1630 ἀναθέμενος
1434 1563 1520 1613 τόν
1569 1558 1718 1631 λόγον
1768 1558 1853 1611 αὖ·

2029 1563 2117 1616 ios
2136 1577 2276 1616 vero
2303 1576 2421 1616 non
2453 1560 2616 1629 item,
2648 1561 2751 1615 sed
2775 1562 3150 1628 sententiam,
3180 1568 3239 1618 ut
3267 1563 3489 1619 dictum
3514 1569 3620 1629 est,

258 1660 363 1713 τοῖς
408 1652 502 1714 ἕως
556 1658 743 1726 καιροῦ
796 1650 1025 1725 εἰρήνης,
1051 1654 1141 1702 καὶ
1192 1652 1483 1708 τηνικαῦτα
1507 1651 1629 1721 ὅπερ
1688 1646 1852 1722 διορι-

2033 1650 2155 1705 sius
2191 1649 2476 1720 proposui
2509 1665 2697 1720 usque
2728 1650 2804 1706 ad
2836 1651 3002 1721 pacis
3031 1656 3289 1723 tempus,
3322 1658 3501 1724 atque
3531 1653 3626 1707 in-

261 1744 361 1814 σθῇ
393 1743 538 1815 παρὰ
591 1748 678 1793 τοῦ
710 1740 1004 1811 ἁγιωτάτου
1053 1740 1411 1813 πατριάρχου,
1464 1743 1557 1791 σὺν
1598 1737 1855 1812 ἐπικρίσει

2033 1740 2136 1794 rim
2169 1740 2229 1794 id
2253 1738 2567 1795 admittere
2597 1738 2761 1809 quod
2804 1755 2837 1795 a
2868 1741 3251 1797 sanctissimo
3283 1741 3627 1812 patriarcha

256 1840 353 1892 τῆς
379 1829 531 1902 ἁγίας
564 1825 807 1895 συνόδου,
859 1824 1198 1890 εἰσδέξασθαι
1231 1830 1329 1880 εἴτε
1381 1830 1667 1900 πρόσθεσιν
1710 1829 1850 1898 ἔχονε

2027 1827 2280 1883 ιίὶιιίιιιω
2327 1835 2412 1883 est
2462 1844 2599 1883 cum
2641 1832 2863 1884 sanctae
2904 1830 3120 1901 synodi
3166 1831 3621 1902 approbatione,

259 1939 342 1981 τος
370 1927 462 1973 τοῦ
492 1918 775 1992 ἐπιτιμίου,
829 1921 927 1970 εἶτε
984 1917 1183 1988 ὕφεσιν.
1244 1922 1341 1971 Καὶ
1381 1917 1474 1969 οὐκ
1517 1917 1632 1982 ἔξω,
1690 1913 1853 1989 οἶμαι,

2033 1934 2089 1973 ve
2104 1918 2271 1989 quod
2300 1932 2540 1988 pmnam
2568 1918 3001 1989 imponendum
3029 1924 3277 1991 spectat,
3313 1919 3437 1975 sive
3460 1920 3627 1991 quod

260 2015 352 2063 τοῦ
409 2008 600 2071 εἰκότος
654 2011 917 2065 πεποίηκα
948 2025 961 2038 ⁸
1020 2006 1200 2081 ὀρέξας
1263 2013 1423 2081 χεῖρα
1487 2013 1595 2067 τοῖς
1657 2025 1854 2058 πεπτω-

2039 2006 2413 2062 mittendam.
2432 2009 2632 2077 Neque
2654 2007 3011 2078 quidquam,
3040 2015 3267 2074 utreor,
3299 2012 3507 2080 praeter
3532 2012 3627 2079 jus

260 2104 383 2151 κόσι
430 2098 796 2171 φιλανθρώπως
826 2115 839 2127 ⁸
894 2097 951 2149 οὐ
1001 2101 1103 2169 μὴν
1149 2096 1217 2158 εἰς
1267 2094 1486 2167 ἐμαυτόν
1535 2100 1854 2170 περιστήσας

2033 2096 2125 2171 ci:
2156 2095 2339 2168 lapsis
2360 2095 2667 2151 dexteram
2690 2094 2948 2166 benigne
2974 2098 3358 2166 protendens,
3381 2113 3501 2153 non
3525 2114 3627 2154 au-

262 2191 321 2241 τὸ
345 2189 531 2262 κράτος
564 2204 576 2216 ’
633 2188 754 2258 ὅπερ
810 2189 1049 2241 ἔκτοπον.
1089 2190 1151 2238 Τί
1201 2181 1259 2237 δε
1312 2187 1369 2237 τὸ
1418 2184 1676 2256 ἐπιτίμιον
1703 2200 1716 2249 ;
1748 2204 1856 2236 ποι-

2035 2203 2092 2241 m
2144 2190 2493 2257 potestatem
2547 2185 2690 2241 mihi
2740 2201 3052 2256 arrogans,
3089 2188 3256 2260 quod
3300 2192 3456 2244 certe
3506 2203 3629 2244 non

261 2275 402 2329 κίλον
458 2275 542 2328 ἐπὶ
588 2275 845 2336 ποικίλοις
897 2281 1006 2336 τοῖς
1064 2274 1437 2349 ἁμαρτήμασιν
1493 2273 1647 2344 [cod.
1718 2276 1855 2342 Reg.

2030 2275 2192 2331 acuit.
2216 2276 2503 2341 Quasnam
2528 2280 2729 2332 autem
2761 2292 2941 2348 poena
2967 2275 3115 2335 illa?
3144 2277 3383 2333 diversa
3408 2293 3518 2349 pro
3540 2278 3624 2334 di-

262 2363 749 2439 παραπτώμασιν]·
806 2365 927 2437 ὅπερ
978 2367 1073 2415 οὐκ
1122 2363 1400 2425 ἐπιστολῆς
1449 2367 1632 2436 μέτρον
1686 2361 1856 2434 ἐξαγο-

2034 2366 2163 2421 :rsis
2199 2365 2457 2436 peccatis
2487 2382 2500 2419 :
2553 2363 2609 2419 id
2646 2366 2808 2437 quod
2840 2365 3107 2437 epistolas
3142 2366 3400 2422 brevitas
3430 2365 3628 2423 decla-

262 2457 421 2529 ρεύει.
479 2454 561 2507 Ἐν
617 2452 875 2525 κεφαλαίῳ
933 2448 992 2505 δὲ
1050 2452 1227 2519 εἰπεῖν,
1284 2456 1368 2505 τόν
1427 2455 1457 2511 ἤ
1518 2453 1793 2525 ὑπογραφῇ
1829 2454 1856 2510 ἤ

2036 2470 2104 2511 .re
2131 2469 2252 2509 non
2275 2453 2430 2509 sinit.
2456 2454 2520 2510 Ut
2538 2455 2883 2510 summatim
2908 2461 3108 2511 autem
3134 2455 3357 2521 dicam,
3383 2457 3630 2528 quicun-

264 2547 505 2615 κοινωνίᾳ
561 2544 792 2617 αἱρετικῇ
854 2541 1043 2595 ἁλόντα
1085 2543 1239 2616 ἱερέα,
1290 2545 1320 2599 ἦ
1394 2541 1567 2603 ἁπλῶς
1622 2537 1858 2594 διάκονον

2038 2559 2092 2598 1e
2124 2543 2426 2607 sacerdos,
2472 2550 2530 2597 ut
2566 2558 2743 2614 porro
2783 2543 3073 2600 diaconus
3108 2546 3417 2600 convictus
3457 2544 3632 2601 fuerit

268 2634 533 2705 εἴργεσθαι
582 2633 886 2684 παντάπασι
937 2639 1030 2694 τῆς
1077 2632 1369 2705 ἱερουργίας
1400 2651 1411 2663 ·
1448 2628 1576 2683 ἁλλὰ
1625 2633 1726 2705 γὰρ
1777 2635 1862 2682 καὶ

2034 2631 2431 2704 lbscriptionis
2479 2640 2585 2688 aut
2632 2634 3079 2689 communionis
3129 2650 3267 2690 cum
3310 2634 3628 2703 haereticis,

266 2728 361 2783 τῆς
381 2724 644 2781 κοινωνίας
673 2741 686 2753 ·
719 2722 848 2792 μετὰ
897 2716 955 2771 δε
1003 2722 1096 2776 τὴν
1126 2726 1220 2781 τῆς
1250 2722 1511 2792 ἐπιτιμίας
1556 2723 1860 2791 περαίωσιν,

2036 2737 2223 2776 'orsus
2244 2720 2405 2776 illum
2441 2737 2477 2777 a
2506 2721 2831 2777 ministerio
2858 2738 3032 2778 sacro
3064 2724 3274 2790 arceri,
3304 2723 3630 2795 quinetiam

267 2817 367 2861 τῶν
423 2811 512 2882 μεν
573 2808 914 2881 ἁγεασμάτων
976 2811 1235 2880 μετέχειν,
1294 2815 1389 2870 τῆς
1442 2804 1500 2860 δὲ
1545 2806 1861 2881 λειτουργίας

2035 2811 2460 2865 communione
2477 2826 2490 2865 :
2507 2816 2829 2882 postquam
2846 2815 3046 2867 autem
3071 2828 3281 2883 poenas
3295 2811 3628 2879 exsolverit,

269 2894 535 2971 οὐδαμῶς,
594 2900 682 2959 ἕως
734 2897 883 2969 ἁγίας
941 2894 1209 2949 συνόδουε
1254 2897 1476 2968 εὐλογεῖν
1522 2893 1580 2949 δὲ
1637 2900 1666 2955 ἣ
1721 2900 1863 2969 εῦχε-

2036 2905 2491 2954 ιοτιιωθῑιῐοτιιιιι
2539 2900 2783 2971 quidem
2833 2900 3179 2972 participem
3220 2901 3367 2967 ﬁeri,
3402 2906 3462 2957 at
3511 2917 3630 2957 non

272 2989 397 3040 σθαι
434 2989 503 3049 ὡς
552 2991 722 3039 κοινὸν
777 2989 1032 3059 μοναχὸν,
1084 2986 1190 3058 οὐχ
1246 2989 1310 3046 ὡς
1370 2988 1634 3059 ἱερωμένον
1665 3002 1678 3013 ⁸
1743 2985 1866 3038 ἀλλὰ

2037 2988 2289 3043 inisterii
2318 2987 2491 3053 sacri,
2528 3004 2708 3060 usque
2739 2988 2816 3043 ad
2850 2994 3118 3045 sanctam
3145 2990 3447 3061 synodum
3479 3007 3491 3046 :
3527 2990 3631 3046 sed

267 3081 358 3128 καὶ
417 3084 568 3129 τοῦτο
624 3078 757 3149 μετὰ
816 3075 1193 3150 συμπλήρωσιν
1238 3073 1627 3147 ἕπιτιμητικὴν.
1674 3078 1761 3137 Εἷς
1815 3094 1861 3128 τι

2033 3078 2331 3133 enedicere
2353 3081 2589 3132 etorare
2609 3083 2892 3150 tanquam
2921 3079 3285 3135 monachum
3313 3079 3627 3150 duntaxat,

268 3168 363 3228 τὰς
412 3166 511 3218 ὑπὸ
573 3168 841 3240 αἰρετικῶν
886 3168 1243 3238 κατεχομένας
1295 3163 1575 3227 ἐκκλησίας
1629 3169 1698 3236 μὴ
1760 3164 1862 3216 εἰσι

2038 3183 2102 3222 )ιι
2131 3172 2192 3223 ut
2208 3165 2579 3222 sacerdotem
2603 3179 2615 3218 :
2642 3166 2749 3222 sed
2766 3182 2960 3239 neque
2978 3168 3037 3222 id
3064 3169 3417 3241 priusquam
3444 3170 3632 3241 paeni-

274 3259 422 3322 ιίναι,
490 3261 622 3328 μήτε
687 3255 772 3308 ἐὰν
824 3258 948 3328 ἑαθῇ
1004 3258 1145 3321 ναός,
1197 3256 1507 3330 κρατεῖσθαι
1561 3255 1660 3307 ὑπὸ
1716 3253 1860 3327 ὀρθο-

2044 3257 2229 3312 ntiam
2248 3255 2601 3327 expleverit:
2633 3271 2827 3327 neque
2852 3256 3081 3326 ingredi
3103 3259 3162 3312 in
3194 3258 3475 3313 ecclesias
3496 3274 3631 3329 quas

273 3341 430 3408 δόξου
476 3348 608 3417 μετὰ
659 3348 715 3398 τό
764 3347 928 3398 ἐκεῖσε
981 3347 1245 3418 αἱρετικὰς
1295 3344 1555 3416 ἀναφορὰς
1606 3345 1866 3416 γενέσθαι,

2038 3363 2060 3400 )
2081 3345 2373 3400 ὶιωινθῐὶοἱε
2402 3349 2688 3408 tenentur.
2716 3361 2930 3419 neque,
2953 3346 3002 3401 si
3027 3346 3315 3418 templum
3346 3353 3481 3419 post
3504 3363 3632 3419 per-

270 3435 583 3509 λειτουργεῖν
608 3438 695 3488 τὸν
743 3431 1039 3509 ὀρθοδοξον,
1081 3435 1199 3488 ἄνευ
1249 3434 1444 3494 λύσεως
1474 3429 1864 3507 ὀρθοδοξοῦντός

2040 3439 2146 3490 :tas
2184 3434 2267 3490 ibi
2304 3434 2611 3490 haereticas
2649 3434 3004 3506 oblationes,
3042 3452 3077 3490 a
3117 3436 3407 3492 catholico
3449 3436 3634 3492 teneri

274 3524 583 3578 ἕπισκόπου.

2039 3524 2310 3595 mtingat,
2341 3523 2397 3578 in
2427 3539 2497 3578 eo
2529 3539 2699 3578 sacra
2724 3523 2917 3579 facere
2947 3523 3369 3591 orthodoxum,
3403 3524 3633 3597 absque

1984 3612 2281 3684 permisso
2309 3612 2572 3684 episcopi
2596 3613 2929 3669 orthodoxi.

350 3702 492 3756 Ἐπεὶ
551 3699 640 3755 οὖν
693 3697 910 3774 εὐδοκίᾳ
967 3709 1102 3756 Θεοῦ
1163 3700 1442 3775 ἁφείθημεν
1497 3709 1596 3754 τῶν
1640 3699 1874 3773 φυλακῶν

2057 3701 2309 3768 Quando
2347 3701 2545 3772 igitur,
2577 3702 2675 3757 Dei
2712 3701 3097 3771 benignitate,
3139 3702 3367 3759 dimissi
3398 3720 3470 3760 ex
3509 3719 3635 3760 car-

277 3798 366 3846 καὶ
417 3794 750 3863 συνήφθημεν
812 3799 885 3861 τῷ
944 3809 997 3844 τε
1052 3790 1327 3861 ἁγιωτάτῳ
1396 3792 1727 3865 πατριάρχῃ,
1785 3792 1871 3841 καὶ

2044 3807 2138 3854 are,
2167 3796 2225 3847 et
2252 3806 2390 3846 cum
2414 3790 2793 3847 sanctissimo
2821 3792 3161 3863 patriarcha
3187 3798 3243 3848 et
3271 3793 3491 3848 sanctis
3516 3792 3638 3863 epi-

277 3889 384 3942 τοῖς
435 3882 603 3952 ἁγίοις
656 3884 981 3947 ἐπισκόποις,
1036 3884 1168 3952 πρὸς
1225 3877 1284 3933 δε
1340 3885 1428 3932 καὶ
1485 3882 1655 3941 ὁσίοις
1718 3880 1871 3949 ἡγου-

2043 3879 2187 3951 :opis
2235 3880 2530 3935 conciliati
2588 3896 2816 3943 sumus.
2876 3885 3056 3953 atque
3108 3881 3353 3953 insuper
3411 3882 3637 3937 sanctis

276 3975 448 4044 μένοις
505 3970 783 4041 ἁνεθέμεθα
843 3973 958 4030 τοὺς
1032 3969 1238 4039 λόγους,
1302 3974 1392 4022 καὶ
1447 3969 1541 4021 οὐκ
1621 3967 1870 4041 ἐμέμφθη·

2043 3968 2322 4041 raspositis
2351 3970 2646 4025 rationem
2676 3968 3070 4035 reddidimus,
3103 3986 3297 4042 neque
3326 3970 3445 4026 ulla
3478 3971 3535 4025 in
3574 3986 3637 4025 re

277 4080 368 4133 μεν
428 4062 571 4133 παρά
648 4079 784 4121 τινος
841 4058 889 4110 ἐν
949 4056 1172 4112 οὐδενί·
1240 4061 1270 4117 ἤ
1352 4062 1504 4131 μόνον
1565 4061 1696 4131 πρὸς
1767 4057 1871 4118 ἑνὸς

2039 4075 2062 4114 e
2116 4058 2290 4113 nobis
2334 4058 2659 4130 quisquam
2713 4063 3077 4130 conquestus
3132 4065 3239 4126 est,
3296 4060 3407 4114 nisi
3476 4075 3633 4115 unus

279 4151 363 4202 ἰπὶ
418 4157 488 4219 τῷ
537 4149 795 4220 εὐλογείνο
852 4149 993 4219 ᾧτινι
1041 4147 1428 4221 ἀπεκρινάμεθα
1458 4165 1469 4177 ·
1530 4148 1611 4199 ὅτι
1662 4147 1706 4199 εἰ
1752 4167 1873 4219 μεμ-

2042 4169 2047 4199 ι
2079 4163 2149 4203 eo
2178 4146 2343 4219 quod
2376 4151 2609 4218 spectat
2636 4146 2713 4202 ad
2744 4146 3251 4214 benedictionem;
3283 4148 3375 4203 cui
3406 4148 3517 4203 hoc
3547 4164 3636 4204 re-

281 4240 463 4291 πτίον·
507 4238 846 4310 Ἐξενεχθῇ
892 4242 1033 4310 ὅρος
1073 4240 1243 4309 παρὰ
1281 4246 1393 4298 τῆς
1430 4237 1747 4308 κεφαλῆς’
1789 4240 1875 4289 καὶ

2046 4237 2347 4291 ιοῐιιίἰηιιιε
2373 4252 2386 4288 :
2414 4235 2470 4293 Si
2495 4235 2888 4291 oﬂensionem
2913 4235 3094 4292 habet
3114 4237 3307 4292 istud:
3348 4238 3512 4293 Mons
3539 4253 3640 4295 ex-

280 4329 429 4398 ἠμεῖς
495 4335 786 4399 σιωπῶμεν.
839 4325 1000 4379 Ὠστε
1063 4330 1112 4379 οἱ
1177 4326 1525 4398 ἐγκαλοῦντες,
1589 4330 1660 4396 μὴ
1730 4328 1874 4399 ἡμῖν,

2047 4342 2143 4381 sus
2167 4331 2250 4382 est
2265 4325 2338 4380 ab
2358 4326 2486 4395 ipso
2500 4326 2715 4381 vertice
2730 4326 2773 4360 ⁸⁷
2790 4325 2838 4361 ⁸⁸
2855 4342 2868 4392 ;
2885 4341 2995 4380 nos
3014 4341 3150 4381 vero
3172 4325 3506 4381 silebimus:
3544 4342 3641 4383 ac-

281 4415 410 4468 ἁλλὰ
468 4424 576 4479 τοῖς
637 4421 838 4490 κυρίοις
925 4417 1233 4477 ἐπισκόποις
1318 4415 1696 4486 ἐγκαλείτωσαν
1730 4432 1741 4445 ·
1809 4422 1875 4476 οῖς

2048 4423 2293 4471 isatores
2309 4415 2619 4484 igiturnon
2641 4414 2769 4484 jam
2785 4429 2913 4480 nos,
2939 4415 3042 4470 sed
3060 4415 3342 4471 dominos
3358 4420 3642 4473 accusent

281 4506 433 4578 ἡμεῖς
479 4508 528 4557 οὶ
567 4504 783 4567 εὐτελεῖς
833 4510 919 4557 καὶ
972 4506 1232 4577 ὑφειμένοι
1280 4504 1516 4576 ἑπόμενοι
1550 4524 1563 4537 ο
1618 4509 1709 4556 καὶ
1752 4504 1875 4576 παρ’

2041 4504 2332 4575 piscopos,
2363 4518 2517 4575 quos
2548 4503 2856 4573 sequimur
2879 4518 2988 4557 nos
3018 4503 3277 4559 humiles
3304 4509 3360 4560 et
3404 4504 3596 4561 infimi
3622 4525 3635 4561 :

281 4594 451 4647 αὐτῶν
508 4593 907 4666 ἁναγκαστικώς
993 4598 1399 4668 προτρεπόμενοι
1473 4600 1637 4668 μέχρι
1714 4597 1875 4665 σήμε-

2046 4608 2169 4665 que
2198 4593 2276 4648 ab
2307 4593 2380 4647 iis
2407 4593 2584 4664 quasi
2604 4607 2710 4663 per
2734 4592 2857 4649 vim
2882 4592 3128 4663 impulsi
3153 4593 3230 4649 ad
3259 4594 3418 4650 hunc
3450 4611 3640 4666 usque

280 4703 370 4760 ρον
447 4688 538 4736 καὶ
623 4680 889 4757 ἐδώκαμεν
969 4686 1208 4755 ἐπιτίμια
1285 4685 1421 4735 κατὰ
1509 4686 1594 4735 τόν
1679 4682 1874 4754 εἰρημέ-

2043 4683 2172 4747 iem,
2197 4687 2252 4737 et
2273 4697 2477 4752 paenas
2503 4682 2902 4752 imposuimus
2924 4698 2995 4738 eo
3012 4698 3193 4753 quem
3218 4684 3477 4739 diximus
3501 4684 3637 4750 ritu,

280 4792 365 4825 νον
443 4775 637 4847 εἱρμὸν,
722 4777 812 4826 καὶ
882 4769 1221 4844 ἐπιδιδοῦμεν
1299 4773 1452 4824 ὁπότε
1527 4774 1692 4844 τύχῃ.
1763 4778 1874 4823 Σκο-

2064 4788 2201 4826 οιιω
2223 4787 2379 4841 opus
2402 4775 2489 4826 est
2511 4772 2897 4841 imponimus.
2926 4771 3171 4827 Videant
3191 4777 3391 4828 autem
3413 4772 3641 4828 delato-

280 4865 539 4914 πείτωσαν
604 4858 663 4915 δὲ
720 4861 769 4914 οἱ
820 4861 1232 4933 φιλεγκλήμονες,
1288 4865 1468 4932 μήπως
1518 4863 1605 4912 τόν
1662 4865 1874 4912 κώνωπα

2045 4878 2086 4915 ιε
2114 4860 2215 4928 illi,
2257 4876 2330 4915 ne
2367 4860 2613 4915 culicem
2664 4861 3025 4926 excolantes,
3069 4861 3363 4916 camelum
3413 4862 3639 4918 incauti

286 4948 627 5016 διῦλίξοντες,
694 4949 942 5009 λελήθασι
995 4954 1087 5009 τήν
1162 4950 1393 5021 κάμηλον
1468 4954 1835 5011 καταπίνοντες
1864 4969 1879 4983 ο

2042 4949 2317 5019 eglutiant
2332 4949 2378 4984 ⁸ο
2400 4968 2413 5007 :
2441 4964 2589 5004 neve
2619 4947 2765 5004 dum
2794 4949 3088 5018 vestigant
3104 4949 3383 5017 festucas,
3405 4950 3636 5007 trabem

285 5043 467 5094 καὶτὰ
511 5042 681 5113 κάρφη
739 5039 1095 5110 ψηλαφῶντες,
1131 5040 1226 5091 οὐκ
1274 5039 1611 5091 αἰσθάνονται
1668 5043 1760 5098 τὴν
1794 5036 1879 5092 δο-

2048 5037 2368 5093 rcumferre
2408 5053 2471 5093 se
2515 5053 2637 5092 non
2669 5039 2945 5093 sentiant.
2980 5040 3097 5093 Nos
3131 5038 3325 5107 igitur,
3374 5037 3554 5094 frater
3601 5055 3636 5095 a

284 5133 375 5182 κόν
422 5146 794 5201 περεφιροντες.
841 5127 1012 5199 Ἡμεῖς
1059 5124 1146 5180 οὖν
1203 5128 1357 5193 οὕτω,
1421 5130 1686 5200 θεοτίμητε
1732 5126 1878 5181 ἁδελ-

2047 5144 2111 5183 eo
2140 5127 2454 5192 honorate,
2486 5127 2569 5182 sic
2590 5132 2880 5199 tanquam
2911 5127 3025 5182 sub
3052 5130 3167 5182 Deo
3196 5132 3338 5183 teste
3368 5143 3641 5198 perseve-

286 5223 365 5292 φε,
434 5220 497 5278 ὡς
554 5218 653 5270 ὑπὸ
706 5225 820 5285 Θεῷ
876 5219 1103 5291 μάρτυρι
1179 5214 1513 5290 διεγενόμεθα
1587 5220 1880 5291 συμπαθείᾳ

2043 5217 2258 5272 ινίῐηιιε
2288 5216 2348 5271 in
2388 5216 2712 5271 concordia
2749 5221 2806 5270 et
2848 5215 3212 5285 benignitate
3263 5217 3322 5271 in
3369 5215 3637 5282 fratrem,

286 5307 377 5361 κάὶ
406 5303 734 5379 φιλαδελφίᾳ,
781 5305 841 5358 οὐ
898 5309 1033 5359 κατὰ
1086 5307 1434 5379 πρόσκλησιν,
1478 5307 1507 5366 ἦ
1566 5326 1681 5359 τινα
1722 5307 1880 5366 ἄλλην

2047 5321 2111 5361 3n
2135 5305 2298 5375 juxta
2320 5304 2779 5375 propensionem
2810 5304 3014 5363 animi.
3041 5309 3141 5358 aut
3167 5304 3408 5359 alterius
3430 5305 3641 5362 huma-

288 5404 608 5471 περιπέτειαν
660 5395 1094 5467 ἁνθρωπίνην.“0
1168 5394 1235 5449 δὲ
1297 5399 1635 5470 ταράσσων
1698 5399 1880 5469 ἡμᾶς,

2045 5395 2322 5450 iatfectus
2352 5396 2765 5450 temeritatem.
2798 5393 2908 5460 Qui
2937 5397 3131 5449 autem
3162 5394 3481 5449 conturbat
3512 5410 3639 5461 nos,

289 5491 447 5559 φησὶν
477 5486 864 5551 όἈπόστολος,
895 5482 1221 5558 βαστάσει
1283 5489 1350 5539 τό
1416 5492 1643 5558 κρῖμα,
1706 5488 1882 5547 ὅστις

2055 5482 3358 5555 tApostolus,portabitjudicium,quicunque
3370 5490 3450 5540 est
3461 5483 3566 5539 ille
3578 5484 3640 5542 9°.

289 5577 361 5628 ἄν

360 5664 404 5699 ⁸⁷
426 5664 473 5700 ⁸⁸
506 5666 650 5720 Dan.
682 5680 742 5730 ιι,
777 5665 864 5720 34.
944 5664 991 5700 ⁸ο
1021 5663 1226 5721 Matth.
1256 5679 1353 5731 vn,
1383 5663 1447 5733 3;
1482 5679 1644 5730 χχιιι,
1688 5666 1778 5720 24.
1855 5666 1905 5701 9°

777 5665 864 5720 34.
944 5664 991 5700 ⁸⁸
1021 5663 1226 5721 Matth.
1256 5679 1353 5731 vn,
1383 5663 1447 5733 3;
1482 5679 1644 5730 χχιιι,
1688 5666 1778 5720 24.
1855 5666 1905 5701 9°
1956 5662 2145 5721 Galat.
2191 5677 2247 5733 v,
2282 5661 2368 5717 10.
