4036 6276
503 233 643 289 1475

869 359 1049 416 CLIII.
1085 388 1152 399 —
1185 357 1504 414 Laurentio
1528 357 1654 424 ﬁlio
1685 354 1770 428 (θ).

1775 228 1836 283 S.
1877 224 2236 283 THEODORI
2279 225 2598 284 STUDITE

3709 234 3825 290 1476

2325 352 2487 408 ΡΝΓ’,
2547 353 2677 425 (45),
2731 383 2797 394 -
2876 357 3245 426 Λαυρεντίῳ
3310 357 3519 426 τέκνῳ.

779 466 854 516 Ne
887 465 978 516 ﬁat
1011 464 1208 514 oblatio
1243 467 1296 513 et
1327 477 1410 513 res
1444 476 1597 514 sacra
1625 476 1719 527 pro
1750 461 1987 525 quodam
2017 459 2109 523 qui
2144 472 2200 509 se
2225 458 2418 524 laqueo
2449 460 2820 530 suspenderat,
2856 460 2952 511 sed
2982 461 3157 511 solum
3185 461 3542 525 eleemosyna.

565 564 654 620 Ad
683 579 859 620 aures
887 569 1120 618 nostras
1148 561 1417 634 pervenit
1446 561 1702 627 facinus,
1733 560 1816 615 ﬁli
1849 557 2141 626 Laurenti,
2179 559 2223 612 A

495 653 662 726 quod
718 652 859 708 mali
904 653 1197 708 daemonis
1240 652 1522 707 instinctu
1563 652 1628 706 in
1669 647 2142 704 Antisarensium

498 741 805 815 Comopoli
824 747 1124 814 patratum
1143 745 1258 807 est;
1284 741 1532 813 ejusque
1556 755 1738 795 causa
1765 739 2147 794 vehementer

490 831 920 901 ingemuimus,
942 835 1066 886 tum
1085 846 1156 885 ex
1172 830 1481 886 communi
1503 829 1630 898 lege
1653 829 1934 884 humanae
1953 826 2147 882 chari-

494 923 647 988 tatis,
684 927 803 977 tum
855 923 998 994 quia
1028 920 1191 976 fratri
1218 920 1543 976 Athanasio
1593 917 2142 992 protopresbytero,

493 1012 662 1081 cujus
699 1026 841 1081 ergo
881 1010 1176 1066 adductus
1204 1025 1339 1064 sum
1380 1015 1440 1064 ut
1473 1008 1818 1070 scriberem,
1850 1007 2146 1076 sanguine

487 1100 732 1172 junctus
753 1104 878 1155 erat
908 1099 956 1153 is
980 1098 1082 1171 qui
1109 1098 1373 1170 seipsum
1403 1097 1759 1169 praetocavit.
1785 1097 1827 1152 Ο
1856 1096 2145 1164 tragicum

491 1188 932 1262 spectaculum!
961 1187 1268 1242 hominem
1289 1187 1672 1253 honoratum,
1704 1185 1999 1255 indigenis
2030 1182 2143 1240 loci

486 1277 961 1343 antecellentem,
1002 1277 1095 1331 cui
1125 1275 1356 1332 affatim
1382 1276 1516 1331 vitae
1563 1274 1834 1330 subsidio
1865 1280 2146 1345 suppete-

485 1368 652 1434 bant,
673 1367 866 1422 virum
883 1366 1256 1437 prudentem,
1280 1366 1337 1419 in
1353 1363 1723 1420 orationibus
1749 1363 2143 1435 precibusque

485 1457 826 1524 assiduum,
859 1462 1038 1527 atque
1071 1456 1129 1510 in
1170 1455 1397 1526 reliquo
1428 1454 1557 1509 vita:
1588 1469 1767 1508 cursu
1798 1455 2139 1524 probatum,

483 1562 621 1602 cum
653 1545 800 1600 nihil
834 1544 1142 1600 accidisset
1171 1543 1391 1598 sinistri
1421 1547 1688 1608 eventus,
1715 1558 1852 1613 quae
1875 1556 2141 1614 persaepe

483 1651 666 1692 causa
696 1640 782 1689 est
810 1634 888 1688 ab
924 1631 1122 1688 ofﬁcio
1143 1631 1525 1696 deﬂectendi;
1557 1633 1640 1686 sic
1667 1632 1726 1686 in
1753 1631 1916 1687 nulla
1941 1647 2139 1686 rerum

483 1723 930 1796 perturbatione
958 1721 1012 1776 id
1036 1721 1272 1776 sceleris
1294 1721 1629 1786 admisisse,
1661 1726 1720 1776 ut
1742 1720 2025 1793 laqueum
2057 1720 2140 1774 in-

481 1814 708 1870 dueret.
743 1814 809 1878 0,
841 1816 896 1867 et
926 1811 1141 1866 iterum
1175 1811 1394 1876 dicam,
1427 1810 1844 1866 detestandam
1881 1825 2089 1865 vocem
2120 1811 2132 1865 l

2327 558 2610 612 Ἀκουστόν
2672 561 2793 631 ἡμῖν
2853 558 3067 630 ἐγένετο,
3132 563 3302 612 τέκνον
3361 564 3656 633 Λαυρέντιε,
3718 563 3822 638 ὅπερ

2256 647 2310 701 ἐκ
2337 656 2430 701 τοῦ
2480 657 2708 722 πονηροῦ
2740 645 2990 721 δαίμονος
3040 647 3276 707 ἐτελέσθη
3306 645 3485 722 δρᾶμα
3539 648 3586 701 έν
3638 658 3696 724 τῇ
3723 651 3826 706 Ἀν-

2255 739 2483 810 τισάρων
2547 738 2706 809 [cod.
2771 740 2909 808 Reg.
2970 736 3330 811 Ἀντιζάρχῳ]
3382 738 3705 810 κωμοπόλει⁶
3750 745 3825 794 καὶ

2256 825 2594 899 έστενάξαμεν
2641 825 2717 879 ἐπ’
2767 827 2905 898 αὐτῷ
2960 827 3216 899 μεγάλως,
3245 833 3335 879 καὶ
3372 830 3508 880 κατά
3544 831 3628 880 τόν
3673 832 3820 882 κοινόν

2253 921 2407 990 νόμον
2460 924 2551 979 τῆς
2609 915 2934 989 ἀνθρωπίνης
2995 917 3216 988 ἀγάπης,
3273 921 3362 969 καὶ
3419 915 3560 970 διότι
3622 916 3700 990 ἀφ’
3760 921 3823 971 αἱ·

2253 1026 2412 1079 ματος
2465 1013 2556 1059 τοῦ
2607 1003 2829 1079 ἀδελφοῦ
2874 1005 3188 1060 Ἀθανασίου
3248 1011 3339 1059 καὶ
3398 1006 3824 1081 πρωτοπρεσϐυτέ-

2253 1116 2346 1171 ρου
2371 1096 2481 1168 (ὑφ’
2534 1095 2595 1148 οὗ
2624 1100 2711 1148 καὶ
2765 1097 2991 1158 κινηθεὶς
3017 1095 3220 1168 γράφω)
3279 1094 3416 1148 ἐστὶν
3476 1097 3502 1148 6
3557 1095 3821 1168 ἀπαγχονι-

2256 1186 2416 1248 σθείς.
2445 1185 2516 1238 Ὠ
2553 1184 2769 1258 φοϐεροῦ
2811 1181 3224 1258 τραγῳδήματος
3255 1184 3268 1240 1
3318 1186 3587 1259 ἄνθρωπος
3616 1184 3662 1238 έν
3713 1187 3820 1258 τιμῇ

2253 1279 2342 1342 ὧν,
2387 1279 2791 1350 προφερέστερος
2823 1283 2919 1327 τῶν
2963 1273 3128 1327 ἐκεῖσε
3177 1274 3531 1346 αὐτοχθόνων,
3587 1274 3823 1347 αὐτάρκης

2252 1367 2387 1417 κατά
2432 1369 2520 1417 τὸν
2564 1361 2696 1437 βίον,
2747 1366 2877 1438 ἀνὴρ
2923 1366 3152 1429 συνετός,
3211 1371 3611 1438 προσκαρτερῶν
3661 1364 3821 1436 εὐχαῖς

2251 1473 2305 1506 τε
2332 1459 2422 1506 καὶ
2453 1450 2691 1518 δεήσεσι,
2719 1457 2810 1506 καὶ
2855 1460 2916 1525 τῇ
2944 1452 3097 1525 λοιπῇ
3130 1460 3225 1513 τῆς
3256 1452 3396 1514 ζωῆς
3425 1452 3602 1526 ἀγωγῇ
3657 1455 3820 1528 ἐμπρέ-

2251 1561 2358 1595 πων
2386 1562 2399 1575 ο
2433 1539 2655 1615 μηδενός
2705 1549 3077 1615 περιστατικοῦ
3127 1540 3537 1613 συμϐεϐηκότος,
3595 1541 3645 1604 ἐξ
3684 1543 3816 1615 οὗπερ

2251 1632 2495 1694 πολλάκις
2540 1634 2650 1684 ἔστι
2680 1633 3080 1705 περιτρέπεσθαι
3133 1639 3223 1683 τοῦ
3268 1627 3472 1692 δέοντος
3499 1632 3632 1682 κατά
3684 1651 3729 1684 τι
3749 1652 3820 1704 μι-

2247 1727 2369 1796 κρόν
2395 1740 2406 1751 ·
2437 1722 2597 1782 οὕτως
2625 1723 2672 1772 ἐν
2703 1719 2963 1793 ἀταραξίᾳ
2998 1722 3320 1793 πραγμάτων
3359 1720 3657 1778 τηλικοῦτον
3683 1723 3817 1772 κακὸν

2248 1810 2650 1884 ἀπεργάσασθαι
2675 1813 2879 1883 ἀγχόνῃ
2907 1811 3282 1884 χρησάμενοςῐ
3315 1808 3404 1876 Ὠ,
3432 1815 3524 1862 καὶ
3557 1807 3815 1884 αὖθιςέρῶ,

459 1960 461 1962 .
482 1903 650 1959 Tales
677 1907 816 1957 sunt
835 1900 1059 1956 diaboli
1086 1898 1577 1955 machinationes.
1612 1899 1725 1955 Ille
1745 1899 2044 1955 homicida
2061 1898 2127 1955 ab

2243 1910 2338 1963 τῆς
2395 1899 2654 1960 ἀπευκτῆς
2703 1907 2874 1972 φωνῆς
2915 1897 3077 1972 [cod.
3128 1901 3267 1968 Reg.
3325 1897 3560 1970 ἀκοῆς]ἰ
3615 1906 3815 1952 Τοιαῦτα

483 1991 675 2058 initio,
707 1991 873 2046 utait
902 1989 1270 2045 Dominus“.
1291 1987 1386 2044 Ille
1411 1989 1675 2061 primum
1694 1987 1940 2061 quidem
1973 1988 2136 2044 Achi-

482 2080 702 2152 tophel,
727 2079 942 2134 deinde
959 2079 1173 2134 Judam
1195 2078 1396 2149 adegit
1417 2077 1495 2133 ad
1517 2077 1909 2150 suspendium
1941 2093 1952 2131 :
1979 2083 2035 2133 et
2058 2077 2135 2134 ad

479 2170 639 2226 hanc
665 2183 858 2241 usque
890 2168 1050 2223 diem
1093 2182 1216 2222 non
1241 2172 1437 2223 cessat
1471 2167 1630 2223 idem
1671 2167 2032 2239 persuadere
2062 2166 2134 2222 iis

481 2255 1909 2331 quiipsiobtemperant.Duobusautem,opinor,
1938 2255 2133 2311 modis

478 2348 784 2404 hominem
807 2345 1128 2417 praedatur,
1146 2345 1295 2400 sicut
1317 2345 1678 2407 experientia
1697 2344 2126 2417 comperimus:

480 2444 586 2494 aut
614 2453 687 2492 ex
725 2435 930 2491 dolore
972 2435 1168 2489 cordis
1208 2433 1644 2501 inconsolabili,
1679 2440 1779 2490 aut
1812 2451 1880 2490 ex
1918 2434 2131 2490 insana

479 2525 830 2597 cupiditate,
879 2523 1156 2578 tenebras
1210 2521 1548 2588 otl‘unriens,
1594 2527 1651 2578 et
1704 2523 2127 2595 pessumdans.

479 2614 1003 2681 Quemadmodum
1019 2613 1175 2667 enim
1192 2612 1250 2666 in
1264 2612 1706 2678 homicidio,vel
1719 2613 1792 2668 ad
1803 2612 2127 2677 ulterio,vel

476 2703 538 2758 in
559 2701 789 2759 creteris
806 2700 1070 2771 ﬂagitiis,
1087 2701 1363 2756 tenebras
1383 2699 1620 2756 exhibet
1639 2701 1811 2774 quasi
1834 2702 2048 2769 lucem,
2072 2708 2129 2758 et

477 2808 756 2848 amarum
789 2797 852 2845 ut
874 2789 1077 2855 dulce;
1120 2804 1317 2861 neque
1347 2791 1529 2854 enim,
1559 2791 1671 2845 nisi
1698 2791 1780 2846 ita
1810 2793 2023 2848 sentire
2053 2793 2126 2848 de

474 2881 654 2936 rebus
678 2881 938 2944 doceret,
974 2879 1177 2933 venari
1208 2884 1264 2933 et
1295 2893 1507 2951 capere
1538 2895 1648 2935 nos
1679 2888 1879 2951 posset
1912 2898 1925 2935 :
1959 2882 2042 2936 sic
2071 2887 2128 2938 et

474 2971 530 3025 in
549 2967 1140 3041 suspendio,dulcem
1159 2967 1576 3038 fecitmortem,
1595 2969 1848 3024 tenebris
1865 2974 2124 3026 mentem

472 3059 740 3122 obduxit,
763 3055 1420 3129 peregitsuspendium.
1445 3056 1629 3113 Credo
1643 3057 1952 3130 equidem;
1978 3074 2126 3132 qua-

470 3148 542 3204 lis
571 3153 663 3205 est
688 3148 869 3202 draco
896 3146 1011 3212 ille,
1035 3150 1091 3200 et
1115 3161 1300 3217 quam
1334 3145 1536 3202 multis
1569 3147 1911 3218 prmstigiis;
1935 3148 2124 3204 homi-

469 3251 576 3292 nes
595 3236 816 3309 ubique
837 3235 1282 3301 interimet,hoc
1297 3237 1475 3291 istum
1492 3237 1695 3300 modo,
1723 3236 1906 3292 alium
1920 3237 2118 3312 aliter;
2157 3273 2196 3328 C

467 3340 577 3381 nec
606 3325 929 3397 quisquam
958 3329 1045 3380 est
1073 3325 1173 3394 qui
1207 3325 1335 3395 ejus
1359 3324 1602 3397 pedicas
1628 3325 1863 3395 evadat,
1890 3327 2121 3400 absque

469 3413 568 3469 Dei
599 3413 841 3482 auxilio,
874 3413 1040 3486 quod
1064 3413 1252 3470 aderit
1276 3413 1496 3469 viventi
1521 3413 1769 3471 ﬁdeliter
1792 3431 1931 3472 cum
1959 3423 2119 3476 metu

467 3507 523 3559 et
549 3506 824 3568 tremore,
850 3503 1022 3574 juxta
1048 3502 1236 3575 ipsius
1265 3503 1700 3560 mandatum".

539 3679 654 3737 Sed
687 3679 1118 3738 adinstitutum
1149 3680 1346 3737 veniat
1369 3681 1581 3738 oratio.
1609 3681 1961 3752 Signiﬁcasti
1991 3699 2118 3742 om-

465 3783 573 3825 nes
609 3769 723 3825 loci
750 3769 907 3824 illius
942 3767 1167 3824 incolas
1213 3769 1484 3826 aversari
1529 3770 1779 3826 domum
1810 3771 2019 3844 ipsius,
2060 3781 2117 3846 et

468 3874 738 3923 uxorem,
771 3863 827 3914 et
867 3858 1107 3926 liberos,
1156 3874 1352 3930 neque
1383 3864 1768 3927 contrectare,
1807 3862 1974 3930 velle,
2012 3869 2116 3922 aut

464 3948 749 4018 attingere
775 3947 1131 4020 quidquam,
1160 3963 1229 4002 ac
1268 3963 1342 4002 ne
1369 3964 1587 4019 panem
1626 3949 1870 4022 quidem
1906 3957 2114 4010 mutuo

465 4037 693 4093 datum.
729 4039 794 4092 Et
824 4035 1068 4109 quidem
1100 4037 1147 4091 si
1179 4036 1331 4106 ejus,
1359 4037 1463 4109 qui
1492 4054 1554 4093 se
1581 4039 1991 4111 strangulavit,
2024 4041 2115 4098 fa-

463 4126 726 4182 miliares
750 4126 957 4181 dicunt
983 4131 1138 4181 recte
1160 4125 1323 4181 illum
1353 4126 1579 4191 fecisse,
1607 4144 1788 4201 seque
1813 4136 2018 4202 optare
2051 4137 2113 4188 ut

465 4215 581 4270 sibi
630 4215 785 4270 idem
839 4214 1032 4270 exitus
1071 4215 1403 4284 contingat;
1458 4215 1665 4272 merito
1708 4217 2107 4290 reliquuntur;

461 4319 816 4376 quanquam
846 4319 1039 4374 neque
1066 4303 1122 4357 id
1148 4302 1370 4358 statim.
1404 4305 1726 4375 Oportebat
1755 4309 1913 4363 enim
1945 4309 2110 4381 prius

463 4408 566 4450 eos
604 4393 840 4460 docere,
871 4392 1230 4455 illuminare,
1261 4392 1483 4448 hortari
1521 4399 1582 4449 ut
1608 4393 1876 4465 fugerent
1916 4398 2110 4454 interi-

464 4489 588 4537 tum
622 4497 634 4537 :
687 4481 799 4536 hoc
838 4480 999 4536 enim
1049 4481 1515 4538 Christianorum
1551 4489 1636 4538 est
1678 4503 1690 4540 :
1744 4485 1859 4541 hoc
1901 4486 2110 4543 fratres

463 4571 822 4636 amantium;
863 4571 1006 4640 quia
1035 4574 1089 4625 et
1129 4569 1435 4634 Dominus,
1467 4588 1605 4628 cum
1647 4573 1822 4629 sciret
1851 4575 1996 4647 quid
2029 4577 2110 4632 fa-

460 4664 659 4715 cturus
707 4663 861 4714 esset
900 4657 1106 4724 Judas,
1140 4658 1338 4714 multis
1376 4660 1801 4716 benevolentite
1852 4662 2107 4727 indiciis,

460 4747 816 4820 idoneisque
850 4747 926 4801 ad
949 4747 1380 4818 correptionem
1403 4749 1890 4820 praedictionibus
1922 4752 2108 4808 deter-

458 4851 587 4892 rere
615 4836 781 4891 illum
809 4835 1157 4901 conabatur,
1190 4852 1276 4892 vae
1306 4838 1421 4909 ipsi
1449 4840 1828 4905 denuntians,
1863 4846 1918 4896 et
1940 4857 2108 4914 expe-

459 4925 584 4980 dire
606 4925 812 4981 dicens
844 4931 903 4980 ut
925 4931 1101 4982 natus
1123 4941 1244 4982 non
1271 4932 1426 4981 esset
1448 4927 1630 4983 homo
1653 4927 1745 4982 ille
1759 4931 1825 4983 ³³.
1851 4929 1961 4986 Sed
1985 4946 2107 4987 non

459 5013 738 5070 intellexit
779 5014 978 5070 miser.
1027 5015 1200 5080 Quod
1232 5017 1303 5084 si,
1352 5023 1413 5070 ut
1451 5016 1563 5081 ais,
1597 5022 1652 5071 et
1684 5016 1849 5073 illum
1903 5019 2107 5089 lugent

463 5103 567 5174 qui
593 5103 806 5160 eodem
839 5120 908 5161 ac
934 5104 1116 5161 ludas
1142 5105 1313 5161 exitio
1339 5105 1526 5176 periit,
1557 5109 1613 5161 et
1642 5105 1718 5162 ab
1748 5108 1910 5162 omni
1943 5103 2104 5164 Chri-

533 5272 576 5307 ⁰¹
614 5272 785 5329 Joan.
821 5289 942 5344 VIII,
989 5273 1076 5329 44.
1155 5275 1202 5310 θ’
1227 5272 1433 5345 Philip.
1467 5289 1530 5338 ιι,
1591 5275 1672 5328 12.

2244 1997 2334 2043 τοῦ
2351 1987 2599 2043 διαϐόλου
2613 1991 2679 2042 τά
2697 1993 3078 2062 μηχανήματα.
3097 1988 3334 2041 Ἐκεῖνο
3350 2008 3371 2050 ς
3401 1987 3470 2039 ἀν
3488 1990 3556 2060 θρ
3572 1993 3813 2040 ωποκτό-

2242 2099 2339 2142 νος
2379 2079 2484 2132 ἀπ’
2521 2078 2750 2151 ἀρχῆς,
2777 2080 2951 2139 καθὼς
2982 2080 3073 2150 ἔφη
3102 2078 3128 2129 6
3170 2079 3384 2151 Κύριος.
3415 2078 3632 2138 Ἐκεῖνος
3657 2085 3812 2151 πρῶτα

2242 2173 2332 2242 μὲν
2361 2171 2447 2221 τόν
2483 2166 2782 2240 ’Δχιτόφελ,
2837 2169 3015 2219 ἔπειτα
3044 2169 3129 2218 τὸν
3188 2162 3392 2219 Ἰούδαν
3452 2169 3648 2219 ἔπεισεν
3673 2165 3813 2236 ἀπάγ-

2243 2257 2436 2321 ξασθαι
2464 2274 2478 2288 ⁸
2531 2260 2581 2318 ὃς
2611 2257 2671 2309 ού
2718 2258 2938 2309 παύεται
2990 2260 3080 2308 καὶ
3120 2259 3284 2329 μέχρι
3332 2260 3560 2329 σήμερον
3605 2259 3660 2307 τό
3705 2255 3810 2307 αὐτὸ

2241 2345 2501 2400 ἀποτελεῖν
2542 2346 2588 2399 ἐν
2640 2353 2746 2407 τοῖς
2789 2347 3112 2418 πειθομένοις
3167 2345 3328 2415 αύτῴ.
3379 2341 3548 2417 Οἶμαι
3597 2341 3652 2398 δε
3697 2346 3809 2396 κατὰ

2241 2431 2338 2488 δύο
2387 2440 2614 2509 τρόπους
2674 2435 2834 2506 συλᾷν
2889 2439 2976 2486 τόν
3033 2435 3320 2507 ἄνθρωπον,
3358 2435 3424 2494 ὡς
3479 2437 3631 2506 πείρᾳ
3677 2435 3785 2504 ἔγνω

2239 2543 2328 2598 μεν
2362 2544 2375 2557 ·
2434 2525 2464 2583 ἦ
2521 2524 2621 2576 ἀπό
2673 2520 2862 2584 ὀδύνης
2916 2518 3146 2598 καρδίας
3195 2521 3590 2594 ἀπαρακλήτου,
3646 2526 3674 2581 ἣ
3723 2520 3804 2573 ἀπὸ

2238 2611 2451 2686 ἐφέσεως
2497 2613 2800 2684 ἀλογίστου,
2859 2617 3148 2677 σκοτὼσας,
3203 2617 3290 2664 καὶ
3365 2611 3688 2686 περιτρέψας.
3737 2610 3806 2670 Ὠς

2235 2704 2334 2776 γὰρ
2384 2705 2466 2756 επὶ
2511 2708 2682 2775 φόνου,
2713 2705 2743 2760 ἦ
2792 2706 3036 2774 μοιχείας
3087 2705 3177 2754 καὶ
3231 2709 3329 2754 τῶν
3376 2703 3571 2773 ὁμοίων
3622 2699 3803 2770 ἀσελγη·

2236 2793 2432 2865 μάτων,
2483 2788 2826 2843 ὑποδείκνυσι
2873 2795 2932 2842 τό
2988 2795 3174 2853 σκότος
3217 2798 3342 2863 φῶς,
3397 2795 3492 2843 καὶ
3543 2793 3599 2842 τό
3650 2791 3800 2861 πικρόν

2234 2881 2447 2952 γλύκιον
2494 2880 2576 2952 (ού
2601 2883 2702 2952 γάρ
2735 2881 2816 2946 ἄν,
2876 2880 2919 2932 εἰ
2949 2884 3021 2951 μὴ
3081 2882 3246 2940 οὕτως
3277 2877 3704 2951 ἀναστοιχειὼσει
3734 2876 3796 2928 λοι

2233 2971 2507 3042 γίσασθαι,
2564 2971 2705 3041 ἡμᾶς
2758 2969 2973 3043 εὑρίσκῃ
3035 2968 3349 3040 θηρεῦσαι)ο
3409 2969 3548 3021 οὕτω
3614 2972 3693 3020 καὶ
3733 2968 3791 3017 ἐπὶ

2233 3066 2323 3120 τῆς
2347 3061 2602 3131 ἀγχόνης,
2636 3055 2795 3118 ἣδυνε
2843 3061 2930 3110 τόν
2983 3059 3222 3123 θάνατον,
3283 3056 3514 3130 ἐζόφωσε
3565 3061 3650 3110 τόν
3688 3061 3783 3118 νοῦν,

2233 3147 2499 3201 ἀπετέλεσε
2528 3152 2621 3207 τὴν
2675 3145 2930 3219 ἀγχόνην.
2993 3143 3159 3220 Οἶμαι
3209 3145 3368 3219 [cod.
3427 3149 3569 3218 Reg.
3603 3149 3668 3199 Οῖ
3689 3139 3788 3216 per},

2232 3238 2333 3298 οἷός
2381 3238 2524 3290 ἐστιν
2555 3238 2580 3288 6
2640 3232 2870 3311 δράκων,
2924 3240 3014 3288 καὶ
3067 3235 3141 3308 ἐφ’
3199 3236 3344 3297 ὅσοις
3395 3237 3795 3308 μαγγανεύμασεν

2232 3326 2642 3402 ἀνθρωποκτονεῖ
2702 3327 2967 3379 ἑκάστοτε.
3025 3333 3219 3389 Τοῦτον
3286 3325 3471 3392 οὕτως,
3533 3325 3678 3378 ἄλλον
3725 3320 3798 3374 ἁλ-

2227 3415 2326 3479 λως
2354 3433 2367 3447 ·
2416 3420 2506 3468 καὶ
2553 3417 2647 3468 ούκ
2679 3418 2820 3469 ἔστιν
2863 3415 2914 3476 ὃς
2965 3414 3262 3488 ἐκφεύξεται
3292 3416 3384 3476 τὰς
3426 3417 3600 3488 πάγας
3648 3413 3796 3475 αὐτοῦ,

2227 3506 2345 3558 ἄνευ
2404 3503 2651 3578 βοηθείας
2704 3511 2796 3556 τοῦ
2847 3509 2996 3568 Θεοῦ,
3056 3506 3168 3564 ἣτις
3216 3506 3292 3562 εἴη
3347 3506 3483 3576 μετά
3538 3501 3688 3577 φόϐου
3727 3502 3801 3553 καὶ

2225 3599 2419 3671 τρόμου
2448 3603 2518 3665 τῷ
2542 3593 2655 3646 κατ’
2688 3593 2892 3652 ίντολην
2915 3593 3075 3646 αὐτοῦ
3107 3601 3302 3653 πιστῶς
3327 3589 3557 3666 βιοῦντι.

2298 3682 2439 3738 Ἀλλ’
2488 3681 2571 3736 ἐπὶ
2624 3685 2681 3735 τό
2736 3689 3038 3754 κατεπεῖγον
3091 3683 3116 3734 ό
3164 3681 3332 3754 λόγος.
3384 3677 3700 3750 Ἐδήλωσας,
3746 3680 3803 3739 ὡς

2226 3775 2275 3826 οἱ
2301 3780 2393 3825 τοῦ
2427 3776 2630 3844 χωρίου
2663 3773 2792 3845 ὁμοῦ
2831 3771 3053 3832 ἅπαντες
3101 3769 3483 3846 ἀποτρέπονται
3540 3779 3629 3831 τῆς
3654 3768 3801 3828 οἰκίας

2224 3861 2405 3930 αὐτοῦ,
2463 3865 2625 3933 ἤγουν
2693 3864 2955 3933 γυναικός.
3025 3865 3114 3914 καὶ
3186 3865 3395 3925 τέκνων,
3476 3865 3610 3934 μήτε
3660 3860 3800 3910 ἄπτε-

2227 3953 2369 4017 σθαι,
2398 3956 2530 4023 μήτε
2575 3953 2756 4022 θίγειν,
2795 3954 2960 4023 μέχρι
3002 3955 3092 4002 καὶ
3131 3946 3464 4022 μεταδόσεως
3522 3950 3676 4022 ἄρτου
3720 3942 3799 3999 δα·

2221 4047 2445 4095 νειακοῦ.
2528 4046 2630 4094 Καὶ
2706 4040 2750 4092 εἰ
2801 4038 3123 4111 ἐπιλέγουσιν
3185 4041 3235 4092 οἰ
3295 4045 3388 4091 τοῦ
3459 4038 3798 4110 ἀπαγξαμένου

2221 4129 2382 4188 καλὴν
2425 4126 2554 4181 εἶναι
2592 4133 2687 4188 τήν
2729 4128 2917 4204 πρᾶξιν
2969 4136 3060 4189 τῆς
3112 4127 3537 4200 ἀπαγχονίσεως,
3582 4133 3665 4179 καὶ
3720 4127 3798 4181 τὴν

2220 4219 2383 4278 αὐτὴν
2414 4219 2553 4289 αύτῷ
2601 4218 2760 4291 φιλεῖν
2795 4218 2996 4270 τελέσαι
3036 4216 3265 4270 κάκεῖνοι
3295 4235 3308 4247 ⁸
3345 4217 3515 4278 καλῶς
3569 4216 3800 4288 ἀφίσταν-

2219 4327 2306 4360 ται
2342 4326 2352 4338 ·
2413 4309 2564 4360 ὁπότε
2611 4304 2726 4359 οὐδ’
2759 4307 2922 4367 οὕτως
2963 4306 3133 4368 εὐθύς.
3193 4313 3302 4359 Δεῖν
3349 4308 3450 4380 γὰρ
3491 4315 3690 4380 πρῶτον
3733 4299 3798 4355 δι-

2221 4393 2399 4462 δάξαι,
2459 4400 2704 4469 φωτίσαι,
2756 4395 3116 4470 παρακαλέσαι
3165 4403 3342 4468 φυγεῖν
3400 4399 3487 4448 τόν
3573 4396 3795 4465 ΰεθρον·

2219 4493 2372 4556 τοῦτο
2417 4488 2519 4558 γὰρ
2569 4493 2897 4559 Χριστιανῶν
2925 4501 2939 4515 ⁸
2985 4493 3135 4538 τοῦτο
3186 4481 3504 4558 φιλαδελφων
3537 4501 3550 4515 ·
3596 4486 3674 4538 ὃτι
3723 4483 3796 4534 καὶ

2219 4575 2245 4634 ό
2297 4577 2482 4649 Κύριος
2510 4578 2599 4626 τόν
2644 4571 2849 4628 Ἰούδαν
2879 4574 3081 4635 πολλοῖς
3109 4577 3504 4648 χρηστεύμασι,
3548 4579 3634 4626 καὶ
3672 4568 3798 4643 διορο

2223 4667 2456 4725 θωτικοῖς
2537 4666 2987 4739 προφητεύμασιν,
3064 4661 3215 4724 εἰδὼς
3293 4665 3319 4716 ὃ
3393 4664 3562 4737 ἔμελλε
3629 4665 3796 4724 ποιεῖν,

2218 4753 2456 4827 ἕπειρᾶτο
2501 4752 2790 4806 ἀναπείθειν
2822 4773 2834 4786 ·
2894 4757 2951 4806 τό
3000 4753 3118 4806 ούαὶ
3169 4754 3308 4825 αύτῷ
3365 4756 3793 4826 ἐπιφθεγγόμενος,

2216 4847 2306 4898 καὶ
2335 4846 2414 4909 τό,
2445 4865 2473 4893 ‹‹
2525 4847 2789 4914 Συνέφερεν
2821 4843 2865 4896 εἰ
2903 4842 2996 4894 οὐκ
3027 4841 3270 4915 έγεννήθη
3304 4845 3328 4894 6
3383 4844 3652 4917 ἄνθρωπος
3685 4838 3793 4891 έκεῖο

2215 4953 2320 4999 νος,
2353 4952 2381 4984 »
2409 4932 2588 5004 λέγων,
2633 4935 2728 4984 κάν
2757 4932 2818 4984 ού
2869 4941 3085 4992 συνῆκεν
3117 4935 3142 4984 6
3172 4932 3350 4994 τάλας.
3404 4932 3462 4985 Εἰ
3494 4928 3572 4997 δὲ,
3601 4933 3668 4992 ὡς
3692 4932 3790 5002 φὴς,

2215 5026 2306 5074 καὶ
2335 5023 2721 5094 καταθρηνοῦσι
2763 5023 2850 5074 τόν
2882 5017 3310 5084 Ἰουδοτέλεστον,
3339 5026 3430 5074 καὶ
3490 5019 3793 5091 ἀπεύχονται

2217 5117 2312 5173 τῆς
2357 5107 2573 5184 μερίδος
2599 5109 2791 5173 ἐκείνης
2841 5112 3011 5164 πάντα
3036 5113 3376 5185 Χριστιανὸν,
3429 5114 3518 5164 καὶ
3564 5111 3792 5162 ἔκστασιν

1751 5274 1800 5310 ⁸³
1829 5275 2024 5332 Matth.
2061 5293 2219 5344 xxv1,
2254 5281 2343 5336 24.

2023 5399 2247 5460 NOTAE.

531 5523 598 5596 (“)
631 5524 1000 5596 Dogmatica.

2291 5529 2406 5600 (45)
2445 5527 2506 5583 In
2540 5526 2675 5584 cod.
2705 5530 2844 5600 Reg.
2870 5529 3002 5602 pwy'.
