4036 6276
257 237 392 293 M77

1525 231 2033 290 EPISTOLARUM
2064 233 2198 290 LIB.
2232 236 2297 290 Il.

3468 237 3617 292 1478

251 361 536 427 ἐξέστησαν
594 360 923 437 ἀναφορητου
957 359 1198 431 θλίψεως,
1249 362 1339 411 καὶ
1398 358 1623 420 ζητοῦσι
1685 358 1854 432 παροί-

1973 360 2154 416 stiano
2167 364 2383 416 sortem
2398 360 2560 418 illam
2569 360 2985 433 deprecantur,
2998 362 3389 421 intolerandae
3402 366 3605 420 autem

248 451 433 511 κλησιν
477 468 489 482 ·
550 456 603 504 τί
655 458 810 504 τοῦτο
869 451 991 525 ὅπερ
1039 445 1225 521 διηγῇ,
1282 450 1312 508 ἡ
1370 450 1451 501 ὅτι
1508 456 1578 519 τῷ
1636 453 1851 522 Χριστῷ

248 540 599 594 ἐναντιοῦνται
650 541 699 593 οἱ
741 546 992 615 χωρῖται,
1047 543 1137 591 καὶ
1201 546 1273 609 τῷ
1320 533 1549 608 διαϐόλῳ
1581 536 1854 608 ἀνοίγουσι

253 631 412 705 θύραν
437 629 693 690 ἀπωλείας
730 638 827 682 τῶν
864 626 1324 702 ἀξιοπαρακλήτων
1358 643 1372 694 ;
1424 626 1557 679 Οὐαὶ
1585 633 1695 688 τοῖς
1720 625 1854 678 οὕτω

248 726 511 785 ποιοῦσιν,
596 719 676 771 ὅτι
753 721 988 791 συνεργοί
1044 715 1148 769 εἰσι
1186 723 1278 769 τοῦ
1348 711 1617 769 διαϐόλου.
1680 714 1856 775 Καλῶς

248 804 338 861 οὖν
385 809 411 860 ὀ
450 809 627 880 κύριος
681 809 951 880 Μακάριος
988 811 1078 859 καὶ
1110 809 1460 877 πνευματικός
1504 809 1684 876 Πατὴρ
1724 822 1855 878 παρ-

253 897 461 951 εκάλεσε
491 901 611 958 τοὺς
667 898 937 958 τοιούτους
972 912 985 925 ’
1017 894 1188 956 καλῶς
1224 899 1314 947 καὶ
1353 893 1569 952 ἑστιαθη
1603 895 1652 945 ἐν
1690 895 1854 965 ἑκεινῃ

248 994 311 1060 τῇ
355 987 498 1059 οἰκίᾳ
524 1003 536 1016 ·
579 989 663 1038 καὶ
704 982 890 1058 μηδεὶς
937 988 1250 1058 Χριστιανός
1296 981 1600 1057 διακρινέτω
1633 986 1690 1035 τὸ
1731 981 1857 1035 αύτὸ

248 1083 434 1132 ποιεῖν.
490 1075 705 1133 Ἐπειδὴ
750 1072 809 1128 δὲ
859 1074 1011 1146 λόγος
1066 1079 1185 1147 περὶ
1250 1076 1512 1146 ἐπιτιμίου
1545 1090 1557 1103 ⁸
1619 1072 1724 1143 ούχ
1778 1073 1859 1124 ὅτι

251 1167 489 1218 ύπαίτιοι
548 1163 884 1237 (Ἕκαστος
933 1166 1072 1237 γὰρ,
1134 1167 1313 1236 φησὶν,
1362 1163 1420 1215 ἐν
1445 1171 1515 1235 τῇ
1575 1161 1859 1234 ἁμαρτίᾳ

258 1254 460 1307 αὐτοῦ
539 1252 994 1319 ἀποθανεῖται,
1054 1257 1162 1305 καὶ
1219 1253 1330 1305 οὐκ
1382 1250 1857 1304 ἀποθανοῦνται

251 1347 441 1396 τέκνα
493 1344 647 1415 ὑπὲρ
693 1346 1002 1415 πατέρων,
1074 1344 1142 1403 ὡς
1179 1346 1269 1393 καὶ
1325 1339 1586 1413 ἔμπαλιν),
1624 1342 1750 1414 πρὸς
1803 1335 1860 1391 δὲ

251 1436 603 1505 παρηγορίαν,
627 1437 726 1504 μιᾷ
743 1439 1154 1504 Τεσσαρακοστῇ
1176 1430 1485 1503 φυλάξονται
1512 1434 1858 1503 κρεωφαγίας,

254 1517 497 1579 δηλονότι
547 1526 638 1573 καὶ
686 1528 779 1573 τοῦ
817 1525 888 1593 μὴ
938 1524 1172 1592 μετέχειν
1225 1528 1324 1571 τῶν
1383 1518 1746 1590 ἁγιασμιίτων.
1779 1518 1862 1578 Εἰς

259 1606 318 1663 δε
347 1615 443 1669 τὴν
490 1608 769 1669 ἐκκλησίαν
829 1611 1130 1663 εἰσιέτωσαν
1197 1609 1492 1682 εὐχόμενοι,
1548 1613 1712 1682 μέχρι
1761 1615 1860 1658 τῶν

1961 448 2297 506 afﬂictionis
2329 450 2701 508 vehementia
2738 463 2901 509 extra
2924 469 2987 508 se
3020 453 3222 525 positi,
3248 452 3613 509 consolatio-

1963 556 2100 595 nem
2127 545 2399 611 quaerunt
2423 556 2439 606 ;
2462 542 2609 613 quid
2634 543 2743 596 hoc
2770 547 2858 597 est
2880 543 3036 613 quod
3059 557 3290 608 narras,
3318 539 3609 613 nisiquod

1965 630 2192 685 Christo
2234 629 2632 687 adversantur
2691 631 2902 696 vicani,
2964 638 3020 687 et
3058 631 3303 686 diabolo
3355 632 3610 702 januam

1964 718 2195 790 aperint
2218 720 2296 775 ad
2319 719 2631 790 perniciem
2648 736 2855 776 eorum
2883 721 2985 792 qui
3016 720 3429 777 consolatione
3447 720 3616 792 digni

1967 810 2165 866 sunt?
2196 810 2294 864 Vsa
2320 809 2391 864 iis
2423 809 2507 865 sic
2559 815 2765 880 agunt,
2824 811 2968 882 quia
3012 816 3430 882 cooperatores
3472 817 3616 867 sunt

1966 898 2210 954 diaboli.
2241 901 2409 955 Recte
2438 899 2614 968 igitur
2628 900 2910 955 dominus
2942 901 3225 956 Macarius
3256 905 3311 955 et
3339 901 3616 972 spiritua-

1964 987 2036 1043 lis
2070 988 2239 1043 Pater
2269 989 2416 1044 istos
2446 989 2791 1044 consolatus
2812 996 2901 1044 est
2932 994 3118 1055 ;recte
3141 995 3198 1045 et
3227 988 3401 1045 inilla
3431 990 3616 1045 domo

1966 1077 2169 1133 cibum
2211 1078 2465 1149 sumpsit
2496 1094 2639 1145 ;nec
2666 1078 2821 1133 ullus
2842 1078 3205 1134 Christianus
3238 1080 3399 1134 idem
3424 1078 3617 1135 facere

1968 1168 2589 1232 cunctetur.Quoniam
2603 1174 2793 1223 autem
2806 1167 2881 1223 de
2895 1167 3213 1223 indicenda
3234 1184 3414 1239 poena
3429 1183 3616 1224 sermo

1968 1261 2084 1323 est;
2118 1257 2414 1328 nonqnod
2431 1257 2869 1329 sintculpandi:
2903 1259 3310 1330 Unusquisque
3325 1258 3616 1325 enim,ait,

1969 1345 2031 1400 in
2046 1350 2281 1416 peccato
2304 1362 2411 1401 suo
2433 1348 2748 1417 morietur;
2772 1351 2825 1403 et
2859 1363 2976 1402 non
3012 1348 3345 1403 morientur
3371 1348 3485 1415 ﬁlii
3504 1362 3616 1415 pro

1965 1435 2239 1506 patribus
2261 1437 2328 1490 9".
2358 1437 2471 1491 Aut
2494 1436 2618 1491 vice
2641 1452 2849 1492 versa:
2883 1437 2985 1491 sed
3012 1437 3087 1491 ad
3106 1436 3615 1507 consolationem;

1971 1524 2673 1595 Quadragesimaunaab
2716 1541 2819 1581 esu
2848 1526 3119 1581 carnium
3142 1524 3539 1590 abstinebunt,
3565 1529 3622 1580 et

1971 1615 2174 1684 utique
2204 1616 2591 1669 sacramentis
2620 1630 2863 1686 quoque
2890 1630 3011 1670 non
3052 1614 3519 1686 participabnnt.
3556 1616 3619 1668 In

254 1704 672 1773 κατηχουμίνων
753 1698 1092 1772 ἐπιμένοντες,
1159 1694 1400 1752 δότωσαν
1474 1702 1565 1750 καὶ
1624 1701 1719 1755 τὴν
1780 1694 1861 1748 ἀν-

1974 1702 2510 1758 Ecclesiamautem
2541 1703 2951 1773 ingrediantur
2975 1704 3217 1767 oraturi,
3235 1704 3446 1759 tandiu
3472 1703 3618 1758 dum

254 1794 489 1848 ἠκουσαν
513 1796 700 1862 μοῖραν
732 1796 822 1841 τοῦ
853 1787 1032 1841 ἀθλίου
1085 1795 1195 1850 τοῖς
1233 1794 1467 1859 πτωχοῖς
1518 1788 1680 1858 [Reg.
1723 1785 1859 1841 cod.

253 1878 326 1941 εἰς
400 1878 691 1951 πτωχούς].
768 1881 1053 1952 Προσφορά
1116 1881 1204 1950 μεν
1260 1879 1359 1953 γὰρ
1409 1882 1498 1929 καὶ
1570 1875 1863 1947 λειτουργία

257 1968 386 2043 ὑπὲρ
418 1971 578 2020 αὗτοῦ
638 1967 697 2020 ού
759 1969 903 2039 θέμις
949 1969 1190 2038 γίνεσθαι
1244 1969 1408 2023 πάντη
1445 1983 1457 1995 ’
1505 1967 1535 2023 ἠ
1565 1961 1624 2017 δὲ
1654 1962 1859 2036 ἐλεημοι

258 2060 387 2117 σύνη
438 2060 661 2128 γινέσθω
691 2074 704 2088 °
753 2056 934 2129 ὠφελεῖ
976 2059 1077 2130 γὰρ
1156 2056 1287 2114 αὕτη
1344 2060 1435 2107 καὶ
1492 2054 1559 2115 εἰς
1611 2054 1859 2110 ἄπιστον,

255 2148 320 2207 ὦς
374 2165 532 2218 φησιν
576 2146 602 2198 ὁ
657 2150 1034 2218 Χρυσόστομος
1062 2162 1074 2175 ’
1127 2149 1216 2196 καὶ
1246 2143 1411 2206 ἄλλως
1450 2144 1532 2195 ὅτι
1567 2149 1657 2194 τοῦ
1686 2138 1865 2195 Ἰούδα

254 2238 320 2287 τά
376 2233 603 2306 ἀγκτικά
651 2233 881 2309 ἀργύρια
926 2234 994 2295 εἰς
1064 2238 1229 2306 ταφὴν
1292 2240 1403 2295 τοῖς
1466 2231 1620 2295 ξένοις
1667 2228 1855 2289 ἐδόθη.

258 2322 589 2387 Πηξάτωσαν
647 2327 737 2375 καὶ
789 2326 848 2375 τὸ
902 2330 1116 2395 σημεῖον
1166 2328 1258 2375 τοῦ
1315 2322 1574 2382 ζωοποιοῦ
1632 2327 1862 2393 σταυροῦ

256 2412 331 2475 εἰς
363 2415 450 2465 τὸν
490 2418 669 2482 τόπον,
710 2412 770 2464 οὗ
800 2414 830 2471 ἡ
879 2411 1082 2484 ἀγχόνη
1120 2429 1132 2444 ’
1164 2413 1244 2464 ὃτι
1272 2416 1362 2463 καὶ
1392 2411 1547 2472 αὐτὸς
1578 2411 1604 2462 ὁ
1636 2412 1865 2481 σταυρὸς

257 2500 308 2555 ἓν
336 2510 406 2573 τῷ
448 2506 671 2574 Κρανίου
702 2506 845 2572 τόπῳ
873 2506 1138 2572 πήγνυται
1158 2517 1170 2530 °
1202 2497 1344 2553 διότι
1372 2501 1476 2552 ἐκεῖ
1512 2506 1604 2551 τοῦ
1635 2497 1863 2571 ἀνθρωξο

256 2593 661 2653 ποκτονηθίντος
702 2592 717 2619 ⁷
730 2587 879 2663 Δδάμ
930 2593 986 2643 τό
1038 2594 1269 2663 κρανίον,
1316 2588 1402 2662 ἀφ’
1444 2588 1505 2640 οὗ
1545 2592 1636 2640 καὶ
1666 2588 1863 2659 ὠνόμα-

260 2700 405 2734 σται.
432 2687 679 2734 Τοσαῦτα
707 2682 896 2752 ἔχομεν
926 2677 1089 2751 λέγειν
1140 2680 1194 2730 ἑκ
1240 2687 1339 2730 τῶν
1370 2676 1418 2729 ἐν
1472 2684 1698 2752 Γραφαῖς
1726 2696 1738 2708 ·
1773 2680 1864 2728 καὶ

257 2772 381 2831 τούς
435 2772 526 2842 μεν
583 2776 735 2822 τοῦτο
793 2770 1050 2828 παθόντας
1101 2767 1520 2840 παρακαλοῦντες
1572 2765 1865 2829 καταλῆξαι

259 2866 350 2919 τῆς
377 2858 566 2920 πολλῆς
609 2858 799 2923 λύπης,
852 2863 942 2910 καὶ
983 2854 1054 2910 δι’
1112 2857 1453 2931 εὐχαριστίας
1477 2860 1565 2908 καὶ
1620 2854 1864 2928 ἀγαθοερ-

256 2952 374 3020 γίας
403 2943 772 3021 προσεδρεύειν
829 2955 902 3018 τῷ
950 2945 1132 3018 ἀγαθῷ
1191 2946 1327 3017 Θεῷ.
1368 2949 1500 3008 Τοὺς
1544 2941 1602 2997 δε
1627 2951 1719 2996 τοῦ
1750 2965 1868 3017 χω-

255 3041 372 3110 ρίου
432 3044 798 3113 παραινοῦντες
873 3035 1151 3109 ἀφεμένους
1218 3044 1310 3097 τῆς
1378 3040 1607 3108 πονηρᾶς
1660 3031 1867 3106 διακρί-

261 3145 407 3191 σεως,
490 3129 765 3187 κοινωνούς
823 3128 962 3198 ἔχειν
1045 3126 1112 3187 ὡς
1189 3129 1313 3199 πρὶν
1375 3126 1498 3184 τοὺς
1552 3131 1648 3183 τῆς
1698 3122 1865 3183 οἰκίας

258 3215 476 3283 ἐκείνης,
575 3215 624 3269 ἄν
700 3222 914 3291 Χριστῷ
1014 3218 1194 3273 Ἰησοῦ
1275 3222 1347 3285 τῷ
1423 3216 1597 3288 Κυρίῳ
1698 3213 1863 3283 ἡμῶν.

259 3304 445 3378 Ἀμήν.

409 3429 549 3483 PNA’
578 3430 710 3501 (46).
742 3459 811 3470 -
839 3432 1092 3501 Νικὴτᾳ
1130 3429 1484 3499 ἡγουμένῳ.
1522 3422 1723 3498 [χλβ’.]

1971 1792 2386 1848 catechumeni
2415 1792 2810 1857 dimittantur,
2864 1799 3321 1863 permanentes;
3385 1798 3618 1864 partem

1970 1882 2150 1938 etiam
2172 1897 2309 1954 quas
2330 1881 2407 1936 ad
2438 1881 2723 1936 miserum
2751 1880 2916 1936 illum
2945 1881 3297 1953 pertinebat,
3313 1882 3457 1937 dent
3474 1897 3621 1953 pan-

1973 1970 2235 2043 peribus.
2266 1970 2415 2026 Nam
2441 1970 2809 2025 oblationem
2831 1977 2888 2026 et
2908 1970 3208 2041 litnrgiam
3228 1986 3336 2043 pro
3368 1971 3463 2026 illo
3494 1971 3621 2026 ﬁeri

1971 2061 2221 2117 omnino
2250 2075 2372 2115 non
2399 2059 2533 2115 licet
2565 2075 2578 2115 :
2613 2059 2997 2131 eleemosyna
3023 2076 3163 2115 vero
3202 2060 3304 2115 ﬁat
3338 2077 3351 2114 :
3380 2061 3623 2132 prodest

1972 2150 2122 2206 enim
2152 2149 2468 2205 haecetiam
2496 2148 2744 2214 infideli,
2780 2155 2842 2205 ut
2870 2148 3014 2205 dicit
3043 2150 3499 2220 Chrysostomns
3524 2165 3542 2215 ;
3566 2152 3623 2205 et

1973 2239 2221 2295 exJndas
2249 2238 2468 2310 laqueo
2482 2237 2993 2307 nummiargentei
3026 2237 3104 2295 ad
3122 2237 3492 2309 sepulturam
3521 2252 3617 2308 pe-

1972 2329 2345 2398 regrinorum
2357 2328 2562 2383 donati
2584 2332 2740 2382 sunt.
2767 2328 3016 2397 Signum
3032 2329 3212 2383 etiam
3226 2326 3475 2383 viviﬁcaa
3490 2342 3626 2382 cru-

1972 2418 2056 2475 cis
2082 2418 2140 2473 in
2162 2434 2232 2472 eo
2246 2417 2377 2473 loco
2390 2417 2667 2489 deﬁgant,
2687 2416 2786 2472 ubi
2800 2416 3156 2488 praefocatus
3171 2416 3304 2471 fuit:
3324 2416 3624 2488 siquidem

1971 2522 2116 2564 crux
2148 2506 2281 2579 ipsa
2308 2506 2366 2561 in
2390 2506 2676 2561 Calvarim
2710 2505 2843 2561 loco
2872 2505 3069 2561 deﬁxa
3100 2505 3226 2573 fuit,
3254 2521 3325 2561 eo
3355 2504 3520 2578 quod
3542 2505 3622 2560 ibi

1972 2596 2236 2652 hominis
2266 2595 2484 2651 mortui
2536 2594 3068 2661 Adam,ca1varia:
3106 2596 3259 2650 unde
3315 2598 3372 2649 et
3403 2610 3627 2650 nomen

1972 2685 2105 2741 loco
2135 2685 2359 2742 datum.
2411 2686 2545 2741 Haec
2576 2684 2901 2741 habuimus
2926 2700 3052 2757 quae
3084 2700 3149 2740 ex
3188 2683 3509 2755 Scripturis
3541 2684 3625 2739 di-

1974 2791 2246 2832 ceremns
2273 2791 2423 2846 ;quo
2440 2773 2569 2830 illos
2592 2774 3203 2845 hortaremurquibns
3227 2773 3287 2828 id
3309 2773 3541 2839 accidit,
3561 2777 3625 2828 nt

1976 2881 2198 2934 magno
2237 2864 2429 2920 dolori
2458 2863 3002 2934 ﬁnemimponant,
3040 2868 3094 2918 et
3126 2878 3263 2918 cum
3297 2864 3624 2932 gratiarum

1975 2956 2230 3021 actione,
2263 2955 2427 3010 bona
2458 2969 2642 3024 opera
2681 2953 2838 3009 bono
2879 2955 2993 3008 Deo
3043 2952 3251 3007 sedulo
3283 2952 3622 3007 exhibeant.

1977 3046 2223 3099 Vicanos
2240 3059 2375 3098 vero
2407 3043 2828 3107 admonemus,
2863 3047 2925 3097 nt
2950 3056 3139 3113 pravo
3161 3039 3341 3096 aﬂetu
3354 3041 3627 3111 deposito

1976 3148 2112 3188 cum
2142 3132 2213 3187 iis
2241 3132 2423 3203 quiin
2463 3131 2647 3187 domo
2670 3131 2770 3187 illa
2809 3136 2967 3196 sunt,
2994 3130 3244 3202 pristino
3268 3145 3435 3185 more
3467 3145 3630 3184 com-

1976 3223 2301 3288 municent,
2329 3221 2389 3277 in
2430 3220 2653 3277 Christo
2687 3220 2821 3275 Jesu
2864 3219 3117 3275 Domino
3148 3226 3370 3275 nostro.
3401 3219 3615 3276 Amen.

2295 3417 2466 3473 CLIV.
2507 3447 2578 3459 --
2606 3416 2827 3473 Nicetw
2842 3415 3166 3488 praeposito
3196 3412 3279 3487 (‘).

254 3549 408 3615 Quod
437 3554 775 3619 participatio
796 3556 850 3604 et
877 3552 1186 3603 communio
1212 3551 1355 3602 idem
1394 3551 1535 3621 sint:
1572 3553 1733 3621 atque
1759 3547 1893 3598 adeo
1927 3544 2083 3619 panis
2107 3543 2501 3621 hmretioornm,
2538 3556 2662 3593 cum
2692 3542 3044 3608 participatur
3076 3541 3145 3591 ab
3176 3540 3467 3605 aliquibus,
3502 3553 3629 3589 cum

1477 3606 1739 3662 haereticis
1762 3606 2184 3660 comninicantes
2204 3606 2415 3656 efﬁciat.

340 3732 451 3786 Ούκ
503 3732 739 3807 ἄκαιρον,
808 3729 978 3803 οἶμαι,
1046 3734 1104 3784 τὸ
1174 3733 1337 3805 παρὸν
1393 3733 1748 3804 γραμματεῖον
1798 3733 1861 3799 τῇ

273 3830 497 3896 πατρικῇ
535 3841 629 3875 σου
654 3821 922 3894 ἁγιωσύνῃ
956 3837 969 3851 θ
1018 3820 1076 3873 ού
1122 3824 1275 3892 μόνον
1314 3821 1394 3872 ὅτι
1431 3821 1490 3871 τό
1537 3826 1633 3879 τῆς
1663 3816 1868 3889 ἀγάπης

274 3911 466 3985 πληροῖ
499 3928 511 3942 ⁶
545 3910 651 3963 ἀλλ’
693 3912 774 3962 ὃτι
822 3915 912 3962 καὶ
957 3909 1188 3984 λυπηρόν
1244 3929 1295 3961 τι
1350 3906 1575 3969 ἒνιξάνον
1627 3908 1771 3979 ἡμῶν
1802 3912 1863 3978 τῇ

264 4008 477 4073 ταπεινῇ
517 3999 697 4073 ψυχῇ,
748 4005 1091 4074 φανεροποιεῖ.
1145 4002 1266 4063 Καὶ,
1313 3997 1355 4049 εἰ
1407 3996 1643 4060 κελεύεις,
1702 4000 1866 4069 πρόσ-

260 4109 353 4164 χες
409 4097 513 4151 τοῖς
581 4090 893 4161 λεγομένοις.
956 4087 1081 4141 Μεθ’
1132 4088 1464 4159 ὑποστροφὴν
1539 4093 1634 4148 τῆς
1702 4087 1751 4137 ἓν
1794 4092 1865 4155 τῷ

262 4179 490 4251 Ἀκρίτα
545 4177 804 4249 συνόψεως
852 4179 998 4249 ἡμῶν
1045 4183 1145 4227 τῶν
1214 4174 1374 4246 ἀγίων
1424 4178 1688 4247 ΙΙατέρων,
1745 4192 1864 4226 συν-

260 4271 456 4339 ἔτυχον
486 4274 558 4337 τῷ
609 4268 839 4340 ἡμετέρῳ
894 4261 1099 4335 ἀδελφῷ
1152 4263 1475 4333 Ἀθανασίῳ,
1527 4258 1866 4333 διηγούμενος

260 4355 461 4409 ἕκαστα
489 4364 589 4408 τῶν
619 4358 668 4407 ἑν
707 4355 886 4429 Κυρίῳ
942 4350 1295 4425 διειλεγμένων
1333 4365 1347 4379 ⁸
1396 4354 1635 4417 ἐπειπὼν,
1668 4350 1749 4403 ὃτι
1777 4355 1866 4403 καὶ

261 4446 288 4497 ό
345 4451 438 4496 τοῦ
483 4440 774 4509 Μηδικίου,
838 4446 1117 4500 συνίστησι
1174 4444 1260 4493 τόν
1316 4439 1611 4512 Μαξιμίνου
1661 4438 1744 4492 ἐπὶ
1800 4446 1861 4512 τῇ

2047 3726 2172 3779 Non
2196 3723 2541 3794 importuna
2566 3720 2695 3787 erit,
2748 3721 2985 3793 opinor,
3029 3719 3160 3776 haec
3204 3719 3459 3792 epistola
3513 3735 3627 3792 pa-

1976 3818 2153 3870 ternas
2184 3812 2478 3869 sanctitati
2510 3815 2625 3866 tum
2659 3827 2674 3877 ;
2709 3826 2830 3866 non
2864 3810 3059 3865 solum
3090 3811 3235 3881 quia
3264 3809 3463 3865 officio
3493 3808 3627 3864 fun-

1974 3902 2130 3972 gitur
2167 3901 2469 3958 charitatis
2503 3915 2747 3965 ;verum
2762 3900 2939 3955 etiam
2965 3898 3107 3970 quia
3129 3900 3287 3954 triste
3310 3899 3628 3971 quiddam,

1974 3993 2133 4065 quod
2162 3993 2223 4046 in
2252 3989 2463 4045 humili
2516 3989 2720 4044 anima
2769 3994 2973 4046 nostra
3042 3988 3281 4053 insidet,
3317 3988 3621 4060 patefacit.

1974 4083 2060 4147 Et,
2092 4081 2138 4136 si
2171 4079 2375 4153 jubes,
2406 4078 2645 4134 attende
2674 4093 2809 4149 qua:
2840 4078 3064 4135 dicam.
3128 4081 3257 4134 Post
3286 4078 3548 4134 reditum
3594 4094 3630 4134 a

1973 4175 2295 4241 conspectu
2351 4173 2570 4224 sanctte
2633 4167 2999 4239 paternitatis
3038 4173 3245 4223 vestra:
3290 4168 3351 4221 in
3405 4167 3627 4232 Acrita,

1973 4274 2334 4331 congressus
2391 4272 2525 4312 sum
2582 4272 2719 4311 cum
2782 4255 2961 4312 fratre
3014 4261 3217 4312 nostro
3277 4256 3627 4325 Athanasio,

1981 4348 2218 4417 singula
2244 4361 2533 4402 enarrans
2575 4344 2650 4401 de
2689 4343 2904 4417 quibus
2934 4344 2995 4399 in
3028 4344 3281 4401 Domino
3324 4345 3625 4400 disserue-

1974 4452 2222 4493 ramus:
2266 4434 2497 4491 addens
2528 4434 2793 4505 insuper,
2838 4434 3002 4507 quod
3047 4434 3419 4490 Mediciensis
3468 4450 3629 4490 com-

267 4532 522 4606 καλλίστη
564 4531 817 4605 μεταϐολῇ
866 4531 1048 4596 αὐτοῦ,
1104 4531 1265 4602 ἦγουν
1310 4528 1567 4601 ἀπολογίᾳ
1604 4533 1693 4581 καὶ
1746 4530 1861 4600 ὀμο-

1977 4526 2219 4581 mendat
2248 4522 2633 4581 Maximinum
2690 4523 2751 4578 in
2790 4506 3195 4595 pulcherrima
3224 4523 3354 4594 ejus
3380 4538 3630 4578 conver-

259 4622 436 4694 λογίᾳ.
483 4621 543 4674 Ὀ
601 4619 661 4674 δε
711 4620 964 4688 ἀνένευσε,
1014 4625 1103 4673 καὶ
1161 4623 1255 4679 τὴν
1286 4619 1458 4671 αἰτίαν
1510 4627 1607 4678 τῆς
1658 4615 1864 4670 ἀνανεύ-

267 4729 439 4775 σεως·
472 4714 572 4783 ἐγὼ
626 4714 717 4784 μέν
767 4711 1020 4784 ἀπῃτουν,
1084 4708 1271 4769 ἐκεῖνος
1326 4704 1385 4760 δέ
1436 4726 1594 4779 φησιν
1624 4724 1636 4737 ·

260 4800 663 4873 Ἀπολογητικῷ
711 4802 832 4875 ὅπερ
870 4798 1257 4873 συνεγράψατο,
1307 4802 1396 4849 καὶ
1426 4796 1575 4857 αὐτὸς
1623 4795 1862 4867 ἀνέγνων,

257 4889 394 4962 λέγει
438 4888 741 4963 μεταλαϐεῖν
770 4904 785 4918 ⁸
834 4887 941 4941 ἀλλ’
992 4892 1118 4959 ούχὶ
1183 4893 1521 4953 κοινωνῆσαι,
1552 4889 1643 4937 καὶ
1674 4885 1866 4936 οἰκονο-

258 4982 388 5053 μίαν
418 4977 547 5032 εἶναι
589 4979 707 5031 κᾶθ’
742 4978 922 5050 ὕφεσιν
952 4975 1241 5050 ἀκριϐείας,
1302 4974 1409 5027 ἀλλ’
1459 4974 1552 5027 οὐκ
1608 4976 1865 5026 ἔκπτωσιν

260 5067 508 5130 ἀληθείας
560 5074 734 5122 τοῦτο.
785 5071 848 5120 Τί
886 5065 1074 5133 ταῦτα,
1125 5065 1163 5115 ὦ
1195 5063 1359 5138 Πάτερ
1388 5067 1710 5135 τιμιώτατε;
1743 5061 1866 5133 Ούχ

263 5155 530 5230 ὁμολογεῖ,
560 5159 628 5219 ὡς
668 5155 715 5207 ἐν
746 5157 891 5227 τύπῳ
936 5154 1114 5226 εἰπεῖν,
1168 5155 1248 5207 ὅτι
1305 5150 1480 5227 φειδοῖ
1525 5159 1619 5205 τοῦ
1645 5157 1864 5226 γὴρους,

1683 4707 1764 4759 Ἐν
1793 4714 1865 4778 τῷ

333 5329 382 5364 ’⁸
414 5329 577 5384 Deut.
607 5340 762 5392 εχιτ,
801 5328 881 5380 16.

1976 4614 2284 4680 sione,hoc
2296 4614 2467 4683 est,in
2484 4611 3348 4684 apologiaetconfessione.llle
3368 4628 3506 4667 vero
3520 4613 3628 4667 ab-

1972 4706 2103 4760 nuit
2122 4721 2136 4759 :
2152 4717 2400 4775 cumque
2412 4718 2649 4757 causam
2664 4717 2927 4771 rogarem
2942 4717 3047 4757 cur
3060 4702 3347 4757 abnueret
3366 4723 3379 4755 :
3397 4702 3461 4756 In
3476 4702 3623 4771 Apo-

1971 4792 2246 4862 logetico,
2265 4790 2662 4863 inquit,qnem
2687 4791 3055 4863 conscripsit,
3076 4797 3325 4862 etqnem
3340 4791 3469 4861 ipse
3485 4790 3627 4859 legi,

1976 4883 2058 4937 ait
2077 4881 2488 4953 participasse,
2522 4895 2640 4934 non
2673 4886 2871 4935 autem
2918 4881 3415 4945 communicasse,
3443 4884 3625 4951 atque

1974 4972 2087 5026 hoc
2116 4970 2627 5041 dispensationem
2656 4984 2805 5034 esse,
2836 4985 2956 5040 qua
2975 4969 3369 5040 exactumjus
3396 4969 3627 5023 emitta-

1976 5064 2086 5124 tur,
2103 5058 2315 5113 veritas
2342 5062 2541 5112 autem
2574 5058 3030 5112 nonamittatur.
3058 5056 3358 5125 Quidnam
3373 5057 3484 5112 hoc
3517 5061 3626 5122 est,

1973 5149 2143 5206 Pater
2171 5146 2671 5204 honoratissimo?
2692 5149 2900 5203 Annon
2916 5147 2998 5203 sic
3026 5146 3358 5211 conﬁtetur,
3384 5152 3444 5203 ut
3469 5162 3630 5202 sum-

2049 5320 2109 5391 (')
2137 5317 2506 5389 Dogmatica.

1833 5443 2064 5501 NOTJE.

336 5549 448 5621 (46)
476 5550 540 5605 In
567 5547 704 5605 cod.
730 5558 872 5619 apag.
900 5543 1030 5621 ριὸν.
