4036 6276
531 233 672 288 M79

532 358 738 413 matim
764 355 962 411 dicam
1001 370 1012 408 :
1052 351 1342 410 Senectuti
1372 365 1648 422 parcens,
1684 351 1951 406 animam
1978 366 2175 406 meam

530 442 1248 518 perdidi,communicans
1264 441 1319 495 in
1335 439 1932 509 negationeimaginis
1948 439 2175 503 Christi,

531 540 586 591 et
608 535 892 604 Deiparaa,
916 535 1379 600 sanctorumque
1391 527 1661 583 omnium
1688 544 1698 581 :
1721 529 1849 584 haec
1878 529 2038 584 enim
2058 530 2176 583 lco-

531 622 889 679 nomachica
934 625 1023 674 est
1060 618 1322 679 haeresis,
1366 622 1544 688 atque
1596 618 1650 672 in
1695 618 1806 673 hoc
1844 617 2044 688 impiis
2075 632 2174 687 ag-

533 716 813 784 gregatus
836 726 992 764 sum.
1033 706 1249 762 Deinde
1271 706 1347 762 ad
1374 706 1555 761 ﬁnem
1589 722 1778 777 usque
1804 707 1863 761 in
1888 713 2184 762 monaste-

534 804 622 859 rio
653 816 789 857 meo
826 796 1132 870 permensi
1161 795 1588 867 persecutionis
1623 811 1855 866 expers,
1883 811 2021 851 cum
2063 795 2184 865 agi-

534 897 753 950 taretur
783 887 1040 944 Ecclesia
1072 892 1297 941 nostra.
1327 891 1538 940 Annon
1558 886 1640 940 ita
1664 884 1979 941 conﬁtetur
2003 890 2059 940 et
2087 884 2183 939 de-

532 982 731 1054 plorat
750 978 779 1033 ?
807 980 1022 1032 Verum
1051 989 1243 1044 nugas
1274 973 1403 1029 illas
1428 974 1662 1039 occinit,
1692 980 1892 1045 atque,
1924 979 1985 1029 ut
2005 973 2184 1029 refert

535 1072 585 1126 is
606 1070 708 1142 qui
731 1067 874 1123 mihi
893 1063 1157 1121 narravit
1176 1062 1252 1118 ad
1278 1078 1452 1117 suam
1474 1060 1885 1118 defensionem
1907 1063 2181 1117 Dianium

531 1158 860 1233 quemdam
908 1171 939 1210 e
983 1152 1254 1208 Patribus
1284 1150 1579 1222 producit,
1611 1151 1715 1223 qui
1754 1151 1913 1207 idem
1960 1151 2177 1221 fecerit,

536 1255 593 1305 et
641 1265 676 1304 a
725 1250 930 1302 sancto
996 1240 1228 1305 Basilio,
1272 1246 1337 1295 ut
1389 1242 1487 1310 ait,
1535 1246 1847 1313 susceptus
1900 1241 2009 1308 sit;
2054 1246 2181 1298 tum

533 1340 710 1394 etiam
742 1342 971 1408 patrem
1006 1330 1263 1403 Gregorii
1285 1329 1585 1398 Theologi.

607 1430 649 1484 Ο
717 1428 946 1497 justam
1018 1420 1511 1489 indignationem,
1579 1423 1637 1473 et
1695 1420 1845 1475 sacri
1909 1419 2179 1475 antistitis

534 1516 739 1579 nostri,
776 1520 832 1569 et
871 1512 1051 1569 totius
1082 1508 1491 1565 confessorum
1532 1508 1735 1566 choril
1783 1510 1838 1565 Si
1864 1510 2024 1564 enim
2065 1509 2179 1565 hoc

533 1603 983 1663 communicare
1023 1615 1142 1655 non
1190 1603 1296 1663 est,
1343 1613 1537 1670 neque
1580 1598 1846 1668 prolabi;
1898 1600 2177 1669 quisnam

528 1697 756 1753 fructus
811 1696 899 1747 est
947 1694 1358 1759 susceptorum
1401 1687 1478 1742 ab
1526 1686 1638 1742 illis
1678 1688 2076 1743 certaminum
2125 1695 2179 1745 et

530 1785 896 1860 praeliorum,
926 1796 994 1835 ac
1025 1776 1336 1847 sanguinis
1376 1775 1599 1848 profusi
1632 1782 1688 1831 et
1716 1792 2118 1833 aerumnarum
2150 1779 2178 1836 ?

530 1891 636 1933 cur
660 1878 713 1929 et
738 1874 865 1945 ipse
892 1869 1195 1926 abscissus
1226 1870 1312 1921 est
1337 1866 1367 1918 ?
1405 1881 1511 1921 cur
1540 1867 1972 1921 monasterium
2001 1866 2173 1922 relin-

527 1964 707 2039 quit?
734 1977 838 2017 cur
866 1958 1167 2015 inhibetur
1191 1972 1224 2010 a
1246 1954 1537 2011 sacriﬁcio
1556 1955 1585 2007 ‘?
1606 1956 1672 2021 Ο,
1705 1960 1761 2009 et
1781 1955 1994 2011 iterum
2023 1955 2178 2023 dico,

531 2054 796 2111 divinam
826 2048 1301 2117 indignationem
1329 2062 1341 2098 :
1384 2043 1551 2115 quod
1584 2045 1893 2099 veritatem
1926 2044 1985 2098 in
2021 2044 2177 2116 inju-

531 2143 688 2200 stitia
725 2138 1080 2203 detinens”,
1125 2136 1283 2189 idem
1318 2133 1482 2205 quod
1512 2134 1639 2204 ipse
1678 2132 1832 2198 fecit,
1866 2136 2064 2189 Patres
2102 2134 2179 2191 le-

528 2234 680 2290 cisse
710 2229 1023 2286 existimat.
1054 2229 1175 2294 Age
1205 2239 1367 2295 ergo,
1400 2222 1806 2278 inconsultum
1836 2238 2177 2279 sermonem

530 2320 965 2392 expendamus.
983 2312 1460 2383 Participavi,sed
1474 2327 1593 2366 non
1610 2312 2073 2367 communicavi.
2090 2314 2180 2368 Ait

527 2414 728 2483 itaque
760 2407 994 2479 uspiam
1037 2403 1449 2471 theologorum
1489 2401 1953 2457 celeberrimus:
1996 2401 2182 2457 Parti-

527 2517 667 2573 ceps
698 2498 883 2554 factus
924 2509 1059 2549 snm
1105 2491 1405 2561 imaginis,
1449 2496 1504 2546 et
1532 2505 1654 2546 non
1681 2490 1998 2548 custodivi.
2043 2491 2178 2548 Par-

529 2592 711 2661 ticeps
742 2587 806 2642 ﬁt
836 2600 982 2641 meas
1006 2581 1389 2648 inﬁrmitatis,
1421 2583 1484 2634 ut
1521 2586 1577 2634 et
1606 2580 1928 2648 imaginem
1963 2585 2175 2649 servet,

528 2684 586 2737 et
628 2691 868 2733 carnem
918 2671 1091 2728 morti
1138 2669 1353 2725 tradat.
1391 2668 1668 2725 Secunda
1714 2683 1856 2739 ergo
1910 2684 2177 2725 commu-

528 2769 705 2824 nione
749 2760 1230 2823 communicavit,
1272 2774 1402 2831 qua:
1433 2756 1613 2829 priori
1644 2757 1820 2825 longe
1856 2757 2180 2815 admirabi-

526 2858 637 2913 lior
664 2861 769 2911 est.
798 2856 945 2908 Ecce
971 2865 1175 2905 vocem
1196 2848 1373 2913 hanc,
1401 2846 1781 2916 participavi,
1808 2849 2180 2904 communio-

530 2962 670 3003 nem
714 2942 1053 3012 signiﬁcare
1100 2943 1406 2995 ostensum
1434 2941 1539 2992 est.
1576 2936 1970 3004 Participatz’o
2018 2940 2177 2994 enim

530 3052 636 3091 seu
684 3030 992 3107 μετάληψις,
1040 3033 1096 3085 et
1136 3025 1625 3091 communicatio,
1667 3026 1823 3080 idem
1879 3032 2056 3093 sunt;
2098 3032 2181 3083 at-

526 3140 643 3198 que
692 3123 792 3179 illa
843 3120 1088 3192 quidem
1140 3118 1222 3172 sic
1266 3116 1424 3172 dicta
1461 3130 1532 3170 ex
1562 3130 1633 3170 eo
1681 3115 1843 3187 quod
1870 3122 1957 3171 est
2000 3117 2177 3177 simul

527 3213 769 3278 haberi;
800 3212 930 3267 haec
955 3213 1152 3263 autem
1185 3221 1258 3261 ex
1285 3220 1355 3260 eo
1385 3203 1552 3276 quod
1582 3204 1685 3275 qui
1713 3204 1890 3259 simul
1930 3205 2176 3274 habent,

521 3316 845 3360 commune
870 3298 1110 3354 faciant.
1146 3296 1208 3350 Et
1240 3294 1477 3350 divinus
1503 3293 1643 3348 item
1670 3293 1989 3363 Apostolus
2021 3312 2034 3351 :
2068 3298 2180 3353 Ca-

528 3394 616 3449 lix
632 3388 1050 3448 benedictionis
1064 3386 1160 3442 cui
1175 3382 1791 3446 benedicimus,nonne
1803 3386 2180 3444 communica-

522 3482 603 3536 tio
664 3480 974 3550 sanguinis
998 3477 1235 3534 Domini
1258 3488 1339 3535 est
1360 3480 1389 3533 i’
1413 3480 1590 3548 panis
1620 3492 1789 3550 quem
1812 3473 2178 3545 frangimus,

522 3584 719 3626 nonne
747 3569 1130 3638 participatio
1159 3570 1423 3638 corporis
1458 3567 1700 3624 Domini
1729 3572 1811 3623 est
1839 3566 1865 3620 ?
1894 3566 2179 3633 Quoniam

520 3674 675 3714 unus
702 3658 902 3729 panis,
930 3673 1117 3714 unum
1148 3673 1364 3729 corpus
1395 3658 1568 3713 multi
1590 3672 1816 3721 sumus,
1847 3671 2044 3712 omnes
2075 3657 2180 3727 qui

519 3748 592 3803 de
623 3762 742 3803 uno
773 3762 931 3816 pane
952 3748 1471 3817 participamus“.

596 3856 740 3909 Ecce
772 3854 869 3909 hic
902 3854 1081 3909 etiam
1112 3855 1211 3925 qui
1257 3854 1465 3909 mundi
1491 3853 1694 3909 lumen
1728 3852 1854 3917 fuit,
1893 3851 2171 3914 ostendit,

518 3943 1041 4015 participationem
1071 3944 1193 3999 sive
1231 3947 1467 4015 μετοχὴν
1495 3958 1623 3998 esse
1663 3943 2171 3999 communionem.

517 4034 705 4088 Nemo
749 4038 949 4087 autem
993 4032 1206 4087 mentis
1249 4048 1520 4105 compos,
1572 4032 1675 4103 qui
1729 4037 1903 4101 neget
1928 4036 2174 4107 psi-axi)»

520 4137 648 4176 esse
675 4121 982 4194 μετάληψιν.
1026 4122 1183 4178 Sicut
1208 4137 1349 4190 ergo
1389 4121 1629 4177 divinus
1662 4122 1838 4192 panis
1866 4120 1945 4175 ab
1977 4121 2174 4176 ortho-

522 4209 695 4265 doxis
740 4211 1151 4282 participatus,
1190 4226 1400 4266 omnes
1444 4210 1547 4283 qui
1577 4210 1938 4282 participant
1982 4225 2170 4264 unum

524 4314 741 4370 corpus
793 4299 989 4364 efﬁcit,
1042 4299 1123 4354 sic
1176 4298 1440 4372 profecto
1500 4305 1553 4354 et
1617 4299 1928 4355 haereticus
1997 4298 2171 4370 panis

520 4390 1056 4458 conjungensinter
1082 4405 1143 4443 se
1157 4404 1257 4443 eos
1279 4389 1557 4461 quiillum
1587 4389 2169 4461 participant,unum

525 4493 745 4549 corpus
787 4478 1132 4550 oppositum
1176 4478 1401 4534 Christo
1449 4479 1727 4534 exhibet:
1770 4484 1825 4534 et
1852 4477 1955 4550 qui
2005 4476 2171 4532 aliud

521 4565 729 4632 eﬂ‘utit,
777 4567 973 4640 inepte
1009 4573 1065 4622 et
1094 4567 1309 4623 frustra
1354 4567 1634 4641 loquitur.
1676 4567 1846 4635 Quod
1887 4567 1933 4621 si
1979 4581 2169 4632 mens,

520 4660 660 4711 tunc
675 4672 810 4712 cum
832 4656 958 4728 ipse
974 4657 1385 4729 participabat,
1411 4656 1566 4713 facto
1586 4673 1704 4712 non
1725 4656 2167 4721 consentiebat;

518 4744 635 4800 hoc
664 4744 857 4815 magis
887 4762 1106 4816 negare
1130 4753 1238 4813 est,
1261 4748 1329 4817 si,
1353 4762 1468 4802 non
1503 4747 1789 4816 ignorans
1820 4746 2081 4801 absurde
2106 4760 2167 4801 se

520 4849 717 4903 agere,
769 4837 827 4890 in
870 4835 1118 4891 scientia
1174 4841 1377 4892 tamen
1426 4835 1715 4908 peccavit,
1778 4852 1898 4891 non
1943 4836 2167 4892 veritus

522 4923 739 4992 Deum,
772 4926 873 4996 qui
908 4930 964 4980 et
1006 4926 1272 4981 animam
1305 4930 1361 4981 et
1399 4941 1615 4997 corpus
1659 4924 1892 4990 occidit,
1933 4927 2168 4981 mittens

520 5010 582 5067 in
623 5014 991 5082 gehennam;
1034 5014 1137 5069 sed
1176 5014 1343 5069 illum
1372 5013 1659 5069 reveritus
1689 5014 1790 5085 qui
1834 5030 2051 5086 corpus
2090 5015 2167 5070 ad

521 5106 759 5173 tempus
801 5104 992 5158 caedit.
1034 5104 1182 5169 Quid
1208 5103 1423 5173 juvant
1461 5118 1597 5174 quae
1629 5118 1747 5157 non
1776 5105 2169 5173 congruunt?

522 5190 676 5255 Quid
699 5190 964 5247 faventes
986 5192 1097 5247 sibi
1124 5197 1292 5263 putat
1315 5196 1574 5259 sanctos,
1599 5191 2169 5263 quicontradicunt?

521 5280 756 5335 Illorum
789 5282 1034 5352 judicio,
1078 5283 1359 5336 annuisse
1392 5282 1682 5337 duntaxat
1738 5281 1828 5336 vel
1859 5282 2162 5349 abnuissr,

519 5386 655 5425 cum
689 5369 763 5425 de
792 5371 1161 5426 confessione
1192 5375 1294 5426 aut
1332 5370 1649 5441 negatione
1676 5371 1889 5439 agitur,
1920 5372 2164 5441 perinde

592 5516 640 5550 ⁹⁶
676 5517 844 5571 Rom.
880 5530 917 5580 1,
954 5517 1035 5570 l8.
1114 5516 1163 5549 "
1191 5514 1237 5569 Il
1267 5516 1396 5571 Cor.
1438 5530 1495 5582 χ,
1527 5514 1707 5571 16-18.

1791 226 1850 281 S.
1893 222 2260 281 THEODORI
2302 224 2626 282 STUDITE

3738 230 3859 286 1480

2214 352 2257 406 Α
2293 350 2462 403 ὤλεσά
2499 370 2599 421 μου
2654 356 2747 410 τὴν
2776 351 2981 423 ψυχὴν,
3042 354 3361 414 κοινωνήσας
3412 353 3495 404 ini
3543 360 3606 424 τῇ
3668 352 3859 423 ἀρνήσει

2290 448 2384 500 τῆς
2414 440 2607 502 εἰκόνος
2662 448 2916 516 Χριστοῦ,
2975 449 3068 503 τῆς
3125 460 3179 493 τε
3234 445 3504 507 Θεοτόκου,
3551 447 3639 495 καὶ
3679 446 3857 496 πάντων

2295 528 2497 600 ἁγίων·
2557 537 2709 582 τοῦτο
2782 532 2883 603 γὰρ
2943 532 2973 588 ἡ
3031 530 3422 603 Εἰκονομαχικὴ
3485 532 3684 605 αἵρεσις
3720 547 3731 559 ⁸
3779 532 3857 584 κάν

2295 620 2460 689 τούτῳ
2494 619 2813 678 συνηλίσθην
2870 626 2979 681 τοῖς
3008 618 3267 673 ἀσεϐέσιν.
3303 621 3428 673 Εἶτα
3477 626 3564 673 καὶ
3595 622 3685 683 ἕως
3712 621 3859 684 τιλους

2296 706 2523 779 ἐνέμεινα
2565 711 2614 760 ἐν
2654 716 2724 778 τῷ
2754 714 3090 781 μοναστηρίῳ
3149 728 3250 780 μου
3283 705 3545 772 ἆὸίωπτος
3578 706 3859 782 δονουμένης

2294 804 2389 858 τῆς
2418 797 2535 849 καθ’
2594 800 2735 869 ἡμᾶς
2780 797 3092 859 Ἐκκλησίας
3138 798 3293 869 [cod.
3350 801 3486 868 Reg.
3541 798 3855 872 οἰκουμένης].

2296 884 2418 956 Οὐχ
2458 886 2621 947 οὕτως
2673 885 3056 959 ἐξομολογεῖται
3108 892 3198 939 καὶ
3249 886 3599 960 προσκ).αίει;
3641 887 3760 941 ἀλλὰ
3805 891 3858 942 τὰ

2294 970 2704 1049 βατταρίσματα
2753 974 2921 1029 ἐκεῖνα
2977 981 3121 1048 φαίη,
3171 982 3259 1028 καὶ
3312 978 3379 1039 ὦς
3433 996 3589 1049 φησιν
3620 979 3645 1029 6
3675 979 3857 1049 ἆξηγού-

2290 1083 2454 1135 μενος,
2489 1066 2567 1117 ὃτι
2597 1084 2657 1137 γε
2694 1070 2784 1118 καὶ
2816 1066 3034 1138 παράγει
3094 1065 3167 1127 εἰς
3225 1070 3532 1139 συνηγορίαν
3586 1066 3738 1120 αὐτοῦ
3762 1072 3856 1122 Διά-

2290 1156 2395 1205 νιόν
2443 1173 2559 1206 τινα
2588 1162 2689 1207 τῶν
2724 1158 2963 1229 Πατέρων
3014 1158 3172 1206 ταυτὸ
3226 1159 3568 1224 πεποιηκότα,
3602 1158 3672 1220 ὃν,
3702 1162 3852 1229 φησὶν,

2290 1239 2589 1306 εἰσεδέξατο
2634 1245 2659 1295 6
2711 1244 2858 1315 ἄγιος
2912 1243 3211 1306 Βασίλειος”
3268 1242 3377 1297 ἐπεὶ
3427 1251 3517 1298 καὶ
3566 1248 3651 1298 τὸν
3686 1251 3855 1319 πατέρα

2289 1336 2582 1406 Γρηγορίου
2614 1340 2704 1384 τοῦ
2728 1333 3003 1405 Θεολόγου.

2358 1420 2426 1473 Ὦ.
2457 1419 2669 1483 δικαίας
2700 1421 3118 1494 ἀγανακτήσεως,
3152 1432 3239 1477 τοῦ
3271 1443 3324 1477 τε
3366 1426 3502 1497 ἱεροῦ
3532 1426 3675 1496 ἡμῶν
3704 1423 3854 1499 ἀρχιε-

2286 1512 2430 1584 ρέως,
2481 1516 2570 1563 καὶ
2623 1516 2810 1574 παντὸς
2856 1520 2947 1565 τοῦ
2995 1513 3375 1586 ὀμολογητικοῦ
3401 1513 3743 1589 πληρώματος
3771 1523 3782 1570 l
3812 1514 3855 1566 Εἰ

2288 1602 2386 1673 γὰρ
2423 1602 2580 1652 έκεῖνο
2611 1602 2670 1653 οὐ
2708 1604 2967 1667 κοινωνία,
3003 1598 3126 1655 οὐδὲ
3181 1606 3440 1663 ἔκπτωσις
3469 1619 3484 1632 ·
3540 1607 3591 1654 τί
3618 1606 3674 1655 τὸ
3711 1602 3854 1674 ὄφελος

2208 1716 2249 1771 Β
2290 1697 2388 1740 τῶν
2414 1690 2617 1750 ἐκείνοις
2635 1689 2843 1762 ἀγώνων
2870 1711 2923 1743 τε
2943 1696 3030 1744 καὶ
3060 1692 3249 1758 ἄθλων,
3270 1695 3502 1766 αἱμάτων
3529 1712 3582 1745 τε
3602 1697 3689 1745 καὶ
3712 1692 3855 1744 τιιλιιι⁸

2288 1782 2667 1851 πωρημάτων;
2709 1785 2760 1832 τί
2814 1777 2873 1833 δε
2926 1786 3011 1833 καί
3072 1782 3233 1844 αὐτὸς
3265 1782 3506 1855 ἁπεμήθη
3555 1782 3708 1856 [cod.
3738 1784 3850 1851 Reg.

2290 1866 2606 1940 ἐπετιμήθη]
2632 1884 2646 1934 ;
2696 1873 2750 1921 τί
2780 1865 2839 1922 δὲ
2882 1874 2970 1922 καὶ
3002 1869 3191 1942 ἀφίησι
3220 1874 3277 1924 τὸ
3308 1876 3659 1945 μοναστήριον
3688 1887 3701 1938 ;
3730 1876 3772 1923 τί
3809 1867 3854 1922 δὲ

2288 1960 2379 2008 καὶ
2424 1960 2647 2029 εἴργεται
2705 1965 2803 2018 τῆς
2862 1960 3156 2034 ἱερουργίας
3199 1959 3335 2026 ;”Ω,
3392 1965 3482 2013 καὶ
3539 1960 3682 2021 αὖθις
3727 1959 3851 2031 λέγω,

2287 2053 2381 2105 τῆς
2419 2047 2559 2107 θείας
2589 2044 3028 2117 ἀγανακτήσεωςι
3084 2050 3164 2101 ὄτι
3194 2053 3281 2108 τὴν
3322 2049 3567 2107 ἀλήθειαν
3614 2052 3661 2101 ἐν
3700 2045 3853 2119 ἀδικίᾳ

2288 2138 2548 2207 κατέχων,
2600 2139 2763 2188 οἴεται
2808 2142 2898 2189 καὶ
2946 2141 3067 2199 τοὺς
3120 2144 3351 2214 Πατέρας
3402 2141 3740 2192 ταυτοπαθεῑν
3782 2137 3851 2189 αὖ·

2288 2232 2379 2276 τῶ.
2414 2229 2535 2298 Φέρε
2562 2222 2666 2291 οὖν,
2700 2223 2897 2298 ἴδωμεν
2924 2230 3011 2279 τὸν
3040 2227 3314 2300 ἀλόγιστον
3340 2228 3489 2301 λόγον
3521 2246 3535 2259 ⁸
3580 2226 3850 2294 Μετέλαϐον,

2289 2311 2395 2364 ἀλλ’
2449 2313 2543 2365 οὐκ
2602 2313 2936 2373 ἔκοινωνησα.
2987 2319 3137 2388 Λέγει
3186 2325 3460 2391 τοιγαροῦν
3508 2314 3616 2370 ὧδέ
3650 2336 3740 2370 που
3772 2322 3849 2367 τῶν

2290 2402 2535 2474 θεολόγων
2566 2404 2591 2454 6
2624 2400 2904 2465 διαϐόητος
2939 2421 2950 2436 ⁶
2999 2405 3283 2462 Μετέλαϐον
3314 2415 3409 2468 τῆς
3439 2407 3647 2471 εἰκόνος,
3675 2411 3753 2458 καὶ
3778 2403 3847 2456 οὐκ

2289 2491 2510 2563 ίφύ)αξα
2544 2508 2556 2520 '
2596 2493 2975 2565 μεταλαμϐάνει
3037 2503 3128 2556 τῆς
3181 2499 3307 2569 ἐμῆς
3347 2495 3635 2562 ἀσθενείας,
3689 2496 3847 2547 ἶνακαί

2287 2585 2379 2639 τὴν
2423 2581 2593 2634 εἰκόνα
2641 2588 2812 2655 σώσῃ,
2864 2588 2952 2635 καὶ
2996 2588 3090 2642 τὴν
3137 2588 3309 2660 σάρκα
3359 2586 3673 2660 ἁθανατίσῃ.
3706 2588 3846 2638 Δευτέ-

2288 2690 2382 2746 ραν
2428 2667 2514 2723 οὖν
2572 2677 2841 2723 κοινωνίαν
2889 2681 3140 2739 κοινωνεῖ,
3187 2679 3278 2727 καὶ
3333 2675 3461 2727 πολὺ
3492 2680 3589 2737 τὴς
3642 2678 3846 2748 προτέρας

2290 2757 2735 2836 παραδοξοτέραν.
2767 2758 2927 2827 Ἰδοὺ,
2958 2765 3037 2829 τὸ,
3090 2764 3462 2836 μετέλαϐον,
3502 2762 3844 2833 κοινωνιίν,ἐκ-

2289 2853 2570 2921 πέφασται.
2623 2850 3007 2922 Μετάληψις
3062 2854 3159 2925 γὰρ
3216 2859 3307 2906 καὶ
3358 2860 3601 2907 κοινωνία
3647 2857 3800 2906 ταυτὸν
3830 2868 3839 2881 ·

2290 2941 2320 2996 ἡ
2370 2943 2461 3012 μὲν
2511 2940 2568 2992 ἐκ
2605 2947 2695 2992 τοῦ
2747 2942 3065 3012 μετέχεσθαι
3106 2960 3120 2974 ’
3169 2944 3199 3001 ἡ
3256 2939 3315 2996 δὲ
3380 2942 3434 2995 ἔκ
3472 2951 3569 2996 τοῦ
3621 2946 3727 3003 τοὺς
3754 2959 3835 3013 μετ·

2217 3070 2256 3126 c
2292 3033 2511 3101 έχοντας
2558 3032 2986 3096 κοινοποιεῖσθαι,
3056 3032 3429 3104 ὀνομαζομένη.
3487 3038 3592 3086 Καὶ
3640 3029 3828 3084 τοίνννὸ

2298 3121 2568 3181 θεσπέσιος
2602 3118 2913 3179 Ἀπόστολος
2936 3134 2949 3149 ⁸
2979 3122 3057 3172 Τὸ
3096 3126 3407 3195 ποτήριον
3441 3128 3563 3185 τῆς
3604 3121 3832 3190 εὐλογίας

2293 3210 2319 3261 ὅ
2358 3207 2765 3280 εὐλογοῦμεν,
2809 3207 2963 3279 οὐχὶ
3001 3215 3306 3261 κοινωνία
3333 3217 3439 3263 τοῦ
3472 3211 3837 3284 αἵματοςτοῦ

2293 3299 2535 3372 Κυρίου
2566 3296 2745 3363 ﬁeri;
2788 3300 2891 3349 τὸν
2930 3298 3143 3371 ἄρτον,
3183 3300 3245 3352 ὃν
3276 3299 3540 3372 κλῶμεν,
3576 3301 3721 3372 οὑχὶ
3751 3313 3843 3347 κοι·

2291 3392 2483 3439 νωνία
2512 3395 2621 3440 τοῦ
2662 3392 2957 3458 σώματος
2991 3396 3100 3440 τοῦ
3143 3393 3379 3462 Κυρίου
3419 3389 3637 3454 ἐστίνς
3666 3384 3847 3443 ὅτιεῖς

2292 3478 2509 3552 ἄρτος,
2583 3479 2640 3529 ἓν
2724 3485 2904 3548 σῶμα
2982 3479 3037 3529 οἱ
3092 3477 3319 3531 πολλοί
3374 3480 3609 3551 ἔσμεν·
3660 3479 3712 3530 οἰ
3753 3476 3845 3547 γὰρ

2292 3567 2524 3630 πάντες
2554 3566 2621 3619 ἐκ
2649 3574 2758 3620 τοῦ
2790 3565 2925 3628 ἐνὸς
2962 3566 3157 3639 ἄρτου
3188 3571 3579 3641 μετέχομεν.

2358 3847 2499 3904 Ἰδοὺ
2549 3847 2763 3924 δέδιιχε
2813 3851 3082 3905 κάνταῦθα
3133 3856 3191 3905 τὸ
3242 3861 3350 3925 φῶς
3390 3860 3483 3905 τοῦ
3522 3856 3735 3924 κόσμου,
3785 3848 3847 3900 ὅτι

2285 3945 2527 3993 κοινωνία
2552 3944 2691 3994 ἐστὶν
2717 3942 2747 4001 ἠ
2776 3948 3021 4014 μετοχή

2285 4034 2373 4095 ὧν,
2404 4030 2532 4102 οὐχὶ
2586 4034 2679 4089 τὴν
2736 4037 3007 4103 μετοχὴ,
3072 4031 3439 4103 μετάληψιν
3492 4035 3643 4085 εἴποι.
3674 4030 3752 4090 Ὠς
3778 4023 3845 4078 οὖν

2285 4119 2309 4168 6
2344 4120 2475 4179 θεῖος
2506 4120 2662 4192 ἄρτος
2688 4121 2788 4172 ὑπὸ
2818 4129 2918 4172 τῶν
2969 4117 3261 4193 ὀρθοδοξων
3288 4124 3647 4193 μετεχόμενος,
3685 4119 3848 4175 πάντας

2283 4211 2399 4268 τοὺς
2428 4213 2688 4281 μετόχους
2714 4210 2761 4262 ἓν
2796 4218 2948 4281 σῶμα
2995 4210 3231 4263 ἀποτελεῖ
3256 4228 3266 4239 ·
3302 4210 3436 4262 οὕτω
3483 4206 3551 4269 δὴ
3593 4213 3677 4262 καὶ
3726 4208 3748 4259 6
3790 4204 3847 4256 αἱ·

3067 3958 3077 3968 ·
3119 3942 3211 3994 οὐκ
3238 3944 3299 3995 ἄν
3328 3962 3408 4003 τις
3453 3939 3516 3994 δε
3546 3950 3724 4015 φρενῶν
3751 3941 3848 3991 εἴσω

2283 4302 2479 4371 ρετικὸς
2532 4299 2690 4372 ἄρτος
2744 4302 3018 4361 κοινωνοὺς
3071 4303 3191 4362 τοὺς
3238 4299 3373 4351 οὕτω
3424 4298 3583 4352 αὐτοῦ
3638 4298 3846 4371 μετέχον-

2205 4426 2249 4479 D
2280 4411 2371 4453 τας
2423 4391 2650 4451 ἀλλήλων
2710 4392 3144 4466 ἀπεργαζόμενος,
3177 4394 3226 4445 ἓν
3269 4401 3421 4466 σῶμα
3452 4392 3707 4445 ἀντίθετον
3749 4394 3849 4461 Χρι-

2284 4490 2386 4553 στῷ
2428 4486 2765 4556 παρίστησι’
2826 4483 2915 4535 καί
2977 4484 3002 4534 6
3050 4482 3317 4554 κενολὸγος
3367 4486 3535 4549 μάτην
3609 4479 3846 4548 κενολογεί

2281 4570 2339 4623 Εἰ
2370 4566 2429 4622 δὲ
2461 4573 2544 4623 ὃτι
2601 4572 2627 4623 6
2690 4579 2832 4637 νοῦς,
2894 4572 3046 4625 ὁπότε
3092 4571 3486 4643 μετελάμϐανεν,
3532 4570 3590 4623 οὐ
3623 4564 3849 4622 συνδιετι·

2282 4661 2391 4712 θετο
2436 4668 2508 4730 τῷ
2568 4664 2921 4734 πραττομένῳ,
2977 4664 3129 4713 τοῦτό
3182 4663 3295 4713 ἐστι
3348 4664 3405 4713 τὸ
3450 4659 3638 4733 μᾶλλον
3680 4657 3846 4727 ἀναιρε-

2278 4753 2418 4800 τικόν
2450 4766 2462 4778 °
2510 4750 2584 4800 ὅτι
2630 4754 2815 4822 καίπερ
2865 4746 3015 4809 εἰδὼς
3063 4748 3449 4822 ἐκτοπουργεῖν,
3499 4750 3635 4822 ὅμως
3665 4745 3710 4799 ἰν
3736 4748 3849 4816 γνώ-

2281 4857 2359 4890 σει
2407 4839 2691 4911 ἡμάρτανε,
2750 4844 2822 4911 μὴ
2898 4838 3143 4911 φοϐηθεὶς
3215 4842 3303 4892 τὸν
3357 4841 3697 4891 άποκτένοντα
3749 4834 3848 4887 Θεὸν

2276 4931 2368 4978 καὶ
2420 4926 2606 4999 ψυχὴν
2654 4932 2744 4980 καὶ
2796 4936 2948 4999 σῶμα
3006 4925 3100 4980 διὰ
3150 4935 3247 4988 τῆς
3301 4926 3349 4979 ἐν
3417 4931 3585 5000 γεέννῃ
3638 4921 3846 4996 ἐμϐολῆς,

2278 5013 2409 5068 ἀλλὰ
2462 5020 2545 5069 τὸν
2587 5022 2915 5092 προσκαίρως
2969 5026 3121 5089 σῶμα
3172 5019 3451 5070 τύπτοντα.
3508 5021 3571 5069 Τί
3629 5014 3849 5083 συμφέρει

2276 5107 2340 5157 τὰ
2382 5103 2695 5177 ἀσύμϐατας
2750 5111 2798 5158 τί
2826 5110 2987 5159 οἴεται
3042 5112 3361 5181 συνηγόρους
3407 5110 3521 5168 τοὺς
3566 5103 3848 5175 ἁντηγόρους

2278 5194 2439 5247 αὑτοῦ
2477 5194 2699 5267 ἁγίους;
2750 5192 2857 5254 ἤδη
2898 5201 2987 5249 καὶ
3043 5200 3196 5267 μόνον
3239 5197 3545 5256 κατάνευσις
3592 5196 3621 5253 ἦ
3668 5191 3847 5243 ἀνάνευ-

2281 5305 2382 5349 σις,
2425 5283 2508 5337 ἐπί
2548 5304 2601 5337 τε
2631 5284 2907 5357 ὁμολογίας
2951 5291 3041 5337 καὶ
3092 5284 3373 5359 ἀρνήσεως,
3430 5288 3579 5358 ἔργον
3609 5281 3845 5355 πλήρωσις

2278 5374 2458 5436 αὐτοῖς
2514 5371 2858 5446 ὃοματίζεται
2889 5390 2903 5404 ⁸
2953 5380 3042 5427 καὶ
3092 5371 3217 5429 οὐδὲ
3263 5376 3538 5447 ὑπόκρισιν
3566 5372 3637 5433 εἰς
3664 5367 3839 5443 μαρτύ-
