4036 6276
245 260 373 321 M81

241 477 535 546 εἷδωλικοῡ,
567 479 673 531 ἀλλ’
706 476 830 532 οὐδὲ
862 478 1131 533 ἱδιοθύτου
1165 502 1178 515 ·
1214 488 1304 535 καὶ
1336 486 1401 535 τὰ
1430 481 1840 557 παραδείγματα

242 570 451 635 ἄπειρα.
481 574 546 623 Τί
597 566 664 628 δὴ
699 566 786 621 οὖν
817 569 938 623 ἄλλο
980 571 1010 629 ἣ
1052 580 1211 625 τούτο
1242 571 1355 631 ἐνῆν
1408 582 1476 644 τῷ
1530 574 1839 647 προλαϐόντι

242 654 505 731 3:!»ny;
551 658 610 711 Ὀ
644 660 776 730 ἱερὸς
814 662 1154 733 πατριάρχης
1202 665 1529 734 κατηνέχθη,
1584 663 1838 736 ἐξωστρα-

237 750 419 814 κίσθη,
469 750 789 822 περιωρίσθη
825 747 873 799 ἐν
924 748 1247 822 παραϐύστῳ
1299 755 1439 823 τόπῳ
1474 773 1485 785 ·

241 838 609 911 Χριστομάχος
650 854 663 867 ·
720 834 941 899 σύνοδος
996 836 1309 891 ἆθετούντων
1351 861 1364 873 ·

238 934 327 988 τῆς
376 926 424 978 έν
458 931 654 998 Νικαίᾳ
712 926 861 997 ἁγίας
918 925 1143 979 συνόδου
1176 947 1188 961 ο
1225 928 1512 1004 ἀνάρρησις
1541 939 1634 991 τῆς
1677 932 1839 984 πάλαι

1550 752 1840 827 ἀντίθρονος

1418 839 1841 914 ἁναθεματισμός

236 1014 725 1089 ἀντιχριστούσης·
778 1018 1050 1089 ύπερορίαι
1106 1025 1205 1069 τῶν
1231 1018 1390 1089 ἁγίων
1440 1022 1733 1072 ἐπισκόπων
1785 1040 1839 1073 τε

235 1110 325 1158 καὶ
404 1107 722 1177 ἡγουμένων,
786 1106 1113 1178 μοναζόντων
1165 1114 1255 1159 καὶ
1312 1110 1651 1179 μοναξουσών
1681 1131 1693 1142 ·
1761 1111 1838 1162 αἵ-

234 1214 375 1267 ματα
410 1198 657 1267 χεόμενα,
715 1196 926 1247 θάνατοι
982 1196 1164 1270 ἄωροι,
1226 1198 1447 1269 εἱρκταὶ,
1508 1199 1833 1270 λιμαγχονὴο

241 1302 368 1349 σεις,
418 1283 691 1343 λεηλασίαι
722 1300 735 1312 ·
787 1288 845 1336 τό
894 1283 1234 1358 φοϐερώτερον
1286 1292 1373 1338 καὶ
1436 1288 1688 1360 ὁρώμενον
1745 1293 1834 1341 καὶ

237 1372 625 1446 ἆκουομενον,ἡ
684 1378 876 1431 σεπτὴν
930 1374 1075 1426 εἰκὼν
1132 1382 1224 1426 τοῦ
1280 1382 1516 1447 Χριστοῦ
1574 1376 1834 1450 ἐνυϐριζό-

236 1466 383 1535 μένη,
439 1467 894 1535 καταπατουμένη,
958 1471 1053 1525 τῆς
1109 1469 1387 1529 Θεοτόκου,
1448 1474 1546 1518 τῶν
1594 1466 1830 1519 ἁπάντων

238 1552 396 1624 ἁγίων
429 1569 442 1581 ·
476 1553 601 1605 οἵτε
636 1558 749 1605 ναοὶ
777 1558 867 1605 καὶ
916 1554 980 1605 τὰ
1029 1555 1385 1629 θυσιαστήρια
1446 1557 1779 1629 ἓρειπούμενα
1811 1572 1828 1589 ⁶

236 1644 302 1693 τὰ
357 1641 484 1713 ἅγια
537 1639 909 1715 βεϐηλούμενα,
965 1648 1092 1718 πυρὶ
1150 1640 1570 1717 παραδιδόμενα.
1626 1648 1828 1697 Τούτων

236 1730 397 1793 οὕτως
426 1729 670 1802 ἐχόντων,
702 1730 759 1783 ού
793 1736 896 1793 πᾶς
948 1732 972 1783 6
1027 1737 1347 1794 κοινωνήσας
1402 1736 1563 1805 ἤγουν
1612 1734 1831 1805 μεταλα-
1862 1748 1900 1802 Β

234 1817 337 1870 ϐων
417 1827 508 1872 τοῦ
577 1818 777 1872 ἰοϐόλον
848 1821 1031 1893 ἄρτου,
1110 1820 1545 1895 ἁρνησίχριστος,
1608 1825 1824 1886 ἔκθετος,

234 1906 490 1971 ἀνόσιος·
539 1909 583 1961 εἰ
620 1914 751 1981 μήτε
805 1907 898 1962 διὰ
953 1916 1226 1983 μετανοίας
1280 1910 1591 1984 ἀνακληθῇ;
1649 1912 1828 1973 Οὕτως

232 1999 348 2069 ἔχει
390 1999 419 2055 ἡ
473 1997 725 2056 ἀλήθεια·
754 2004 843 2051 καὶ
872 2003 1033 2073 ταύτῃ
1085 1999 1483 2059 ἀπεκτάνθησαν
1527 2003 1576 2053 οἱ
1625 2004 1823 2075 μάρτυ-

232 2104 341 2160 ρες,
368 2091 458 2140 καὶ
498 2089 721 2141 ὑποῖσαν
770 2088 974 2141 ἅπαντα
1013 2093 1061 2143 οἱ
1091 2089 1445 2163 ἀντεχόμενοι.
1482 2096 1598 2143 Καὶ
1639 2094 1692 2143 εἴ
1730 2111 1828 2152 τις

230 2183 313 2247 τῷ
354 2181 574 2229 κανόνι
614 2180 811 2249 τούτῳ
854 2186 1132 2250 στοιχεῑ,
1163 2179 1827 2252 φησὶνόἈπόστολος,εὶο

230 2268 393 2337 ρῆνη
425 2265 516 2318 ἐπ’
542 2267 759 2334 αὐτὸν,
793 2274 898 2321 καὶ
932 2268 1115 2334 ἔλεος,
1155 2273 1261 2321 καὶ
1301 2268 1401 2322 ἐπὶ
1441 2272 1545 2321 τὸν
1577 2270 1827 2343 Ἰσραὴλ

230 2361 342 2405 τού
384 2362 563 2409 Θεοῦ.
605 2359 674 2409 T6
704 2359 806 2431 γὰρ
859 2366 949 2410 τοῦ
1000 2363 1226 2424 Διανίου,
1266 2364 1355 2411 καὶ
1384 2366 1475 2411 τοῦ
1508 2362 1707 2434 Πατρός
1736 2367 1826 2412 τοῦ

229 2443 514 2516 Θεολόγου,
572 2446 616 2497 εἴ
659 2465 709 2497 τι
752 2452 843 2498 καὶ
873 2454 1107 2500 τοιοῦτον
1136 2448 1304 2523 ἕτερον
1338 2466 1350 2480 ο
1384 2456 1627 2520 τεχνικοῦ
1663 2451 1831 2524 γράμ-

219 2550 396 2605 ματος
461 2534 561 2586 ύπὸ
636 2535 906 2607 αἱρετικὼν
988 2538 1397 2610 σκαιωρηθέντος
1458 2554 1470 2565 ·
1531 2536 1693 2595 κλοπὴ
1767 2534 1830 2597 ἦν

218 2619 517 2683 ἁπλότητος
562 2626 1069 2695 κατασοφισθέντων,
1102 2630 1192 2677 καὶ
1222 2625 1315 2677 ούκ
1369 2625 1422 2677 ἐκ
1476 2625 1635 2698 φόϐου
1667 2630 1825 2693 τινὸς,

220 2712 448 2781 ἄπαγεε
508 2712 920 2786 ὑπογραψάντων
978 2722 1077 2765 τῶν
1143 2713 1303 2786 ἁγίων
1365 2718 1584 2768 ἱκείνων.
1644 2721 1826 2791 Διόπερ

225 2798 409 2862 αὐτοῖς
455 2800 605 2861 εὐθὺς
652 2802 762 2874 ἅμα
790 2810 881 2855 τοῦ
911 2812 1102 2874 γνῶναι
1144 2808 1228 2855 τόν
1275 2801 1425 2856 δόλον
1474 2806 1503 2861 ἡ
1541 2803 1830 2867 ἀνάκτησις

222 2892 316 2940 καὶ
367 2889 398 2946 ἡ
457 2891 704 2965 εὔναρσος
754 2890 1025 2963 ἀπολογία.
1056 2893 1253 2956 Ταῦτα,
1288 2894 1450 2964 Πάτερ
1482 2893 1615 2963 οἷγιε,
1650 2896 1693 2945 εἴ
1744 2913 1828 2945 σοι

224 2979 457 3049 θεμιτὸν,
490 2977 910 3051 ἐκφερομύθησον
942 2988 1012 3051 τῷ
1042 2977 1216 3056 ἀνδρὶ,
1269 2982 1348 3033 ἵνα
1395 2978 1546 3042 εἰδὼς
1575 2987 1669 3039 τήν
1701 2980 1829 3040 ἁλή-

1524 266 2033 325 EPISTOLARUM
2077 270 2209 324 LIB.
2255 271 2319 325 ΙῙ.

240 410 351 465 ριον
396 396 753 466 προσήκαντο,
804 397 894 443 τοῦ
937 395 1091 463 μόνον
1141 392 1383 464 ἅψασθαι
1441 396 1690 466 θύματος,
1745 396 1829 447 οὐκ

1951 401 2038 451 est
2069 412 2139 451 ac
2170 412 2322 467 Opus
2350 398 2546 469 ipsum
2601 396 2921 468 perfecisse
2974 415 2987 452 :

3466 273 3603 329 1489

3046 412 3114 454 ac
3146 412 3219 452 ne
3277 397 3606 453 simulatio-

1949 500 2087 540 nem
2110 486 2353 555 quidem
2380 486 2702 541 admittunt
2739 486 3060 559 tangendae
3093 485 3371 555 victimae,
3406 500 3603 557 neque

1950 573 2145 628 solum
2171 574 2517 629 sacriﬁcatae
2544 575 2736 639 idolis,
2773 576 2877 629 sed
2909 591 3018 629 nec
3058 574 3339 645 privatim
3386 590 3555 630 caesae
3584 593 3598 634 :

1950 663 2285 732 cujusmodi
2318 662 2594 734 exempla
2620 670 2755 718 sunt
2776 668 3112 718 innumera.
3140 664 3279 728 Quae
3301 664 3459 719 enim
3485 664 3603 720 alia

1949 767 2133 824 quam
2166 752 2293 807 haec
2316 758 2484 807 erant
2514 754 2573 807 in
2604 753 2785 823 priori
2813 752 3226 824 persecutione
3248 752 3275 806 ?
3308 754 3482 827 Sacer
3500 769 3601 825 pa-

1949 844 2209 897 triarcha
2247 841 2519 895 detentus
2550 846 2652 908 est,
2688 842 2746 896 in
2779 842 3052 896 exsilium
3109 841 3336 912 pulsus,
3394 843 3455 897 in
3496 844 3600 898 ob-

1950 946 2193 986 scurum
2247 931 2446 985 locum
2487 930 2781 1001 relegatus
2832 946 2844 985 :
2895 932 2953 984 in
3000 930 3131 1000 ejus
3179 930 3317 985 sede
3370 930 3599 986 locatus

1948 1020 2133 1075 homo
2157 1020 2644 1075 Christomachus
2670 1019 3427 1089 :synodusabrogantium,
3455 1035 3598 1077 ana-

1949 1108 2349 1164 thematizatio
2390 1114 2611 1164 sanctae
2657 1109 2870 1179 synodi
2918 1108 3189 1173 Nicaenaa,
3246 1109 3597 1167 instauratio

1945 1198 2082 1253 belli
2110 1204 2317 1253 contra
2345 1197 2661 1263 Christum,
2685 1197 2889 1253 exsilia
2916 1202 3258 1253 sanctorum
3290 1197 3595 1271 episcopo-

1944 1302 2077 1343 rum
2098 1292 2153 1342 et
2169 1287 2653 1358 praepositorum,
2670 1287 3103 1342 monachorum
3120 1303 3190 1341 ac
3209 1286 3590 1345 monialium:

1946 1377 2195 1446 sanguis
2220 1375 2463 1438 effusus,
2494 1381 2713 1431 mortes
2751 1377 3107 1442 immaturae,
3157 1391 3445 1441 carceres,
3490 1377 3593 1433 bo-

1943 1468 2134 1522 mines
2164 1466 2321 1521 fame
2349 1467 2537 1520 enecti
2564 1482 2576 1518 :
2602 1465 3075 1537 depraedationes
3102 1470 3178 1536 et,
3206 1465 3369 1539 quod
3401 1466 3592 1524 oculis

1943 1557 2312 1628 auribusque
2336 1554 2723 1618 horrendum,
2757 1554 3184 1610 contumeliose
3211 1556 3433 1620 habita,
3458 1572 3592 1628 pro-

1941 1647 2193 1713 culcata,
2226 1647 2427 1714 imago
2466 1645 2678 1701 Christi
2723 1645 3079 1710 veneranda,
3142 1645 3429 1717 Deiparaa,
3460 1663 3587 1702 om-

1940 1736 2105 1791 nium
2136 1742 2479 1791 sanctorum
2511 1755 2522 1793 :
2570 1733 2790 1804 templa
2822 1738 2877 1788 et
2905 1734 3116 1789 altaria
3147 1736 3275 1791 solo
3324 1740 3582 1808 aequata,

1939 1829 2144 1880 sancta
2177 1824 2510 1896 profanata,
2542 1823 2784 1895 ignique
2808 1823 3042 1878 tradita.
3079 1824 3219 1889 Quae
3242 1840 3379 1880 cum
3402 1825 3484 1880 ita
3519 1841 3581 1881 se

1936 1914 2222 1979 habeant,
2283 1914 2628 1984 quicunque
2684 1912 3089 1967 communicat
3122 1928 3226 1967 seu
3262 1912 3587 1985 participat

1936 2006 2299 2058 venenatum
2341 2017 2581 2072 panem,
2632 2016 2833 2055 nonne
2884 2001 3090 2057 Christi
3148 2006 3232 2056 est
3290 2009 3578 2071 negator;

1936 2092 2180 2162 ejectus,
2213 2090 2448 2161 impius,
2480 2090 2592 2144 nisi
2640 2105 2746 2161 per
2770 2090 3182 2159 paenitentiam
3216 2091 3533 2162 resipiscat
3562 2089 3590 2146 ?

1937 2182 2030 2237 Sic
2042 2181 2221 2236 habet
2237 2180 2452 2234 veritas
2470 2196 2482 2234 :
2500 2186 2675 2249 etpro
2704 2179 2814 2234 hac
2842 2179 3019 2234 occisi
3035 2185 3174 2235 sunt
3192 2184 3505 2252 martyres,
3523 2186 3580 2237 et

1936 2270 2143 2328 omnia
2173 2285 2280 2340 pro
2306 2268 2463 2323 illius
2496 2267 2844 2323 defensione
2859 2270 3224 2338 pertulerunt
3253 2269 3355 2324 :Et
3384 2269 3435 2325 si
3458 2270 3591 2342 quis

1938 2361 2096 2416 hanc
2122 2359 2394 2428 regulam
2424 2364 2684 2413 secutum
2715 2357 2920 2426 fuerit,
2966 2357 3044 2412 ait
3082 2358 3430 2429 Apostolus,
3460 2374 3593 2429 pax

1936 2464 2114 2518 super
2138 2449 2348 2518 ipsum,
2381 2454 2432 2503 et
2464 2446 2961 2513 misericordia,et
2993 2447 3368 2514 superlsrael
3399 2450 3588 2504 Dei".

1940 2538 2110 2605 Quod
2144 2537 2302 2592 enim
2334 2536 2409 2591 de
2443 2536 2668 2601 Dianio,
2698 2540 2754 2590 et
2783 2536 2857 2590 de
2887 2535 3164 2605 Theologi
3196 2542 3384 2608 patre,
3443 2542 3500 2592 et
3543 2537 3591 2592 si

1937 2628 2082 2700 quid
2114 2627 2273 2682 aliud
2329 2625 2648 2696 ejusmodi,
2698 2626 3109 2681 haereticorum
3158 2625 3406 2682 artiﬁcio
3447 2626 3591 2681 scri-

1938 2723 2109 2789 ptum
2135 2721 2187 2771 et
2216 2716 2642 2784 excogitatum,
2675 2713 2835 2770 fraus
2868 2714 2975 2769 fuit
3007 2714 3084 2770 ad
3134 2714 3427 2771 fallendos
3455 2715 3592 2772 sim-

1938 2807 2232 2878 pliciores,
2266 2820 2387 2859 non
2429 2803 2592 2875 quod
2623 2804 2829 2859 timore
2861 2804 3086 2875 aliquo,
3118 2803 3291 2869 absit,
3322 2804 3588 2861 subscri-

1937 2895 2161 2968 pserint
2194 2894 2384 2948 sancti
2433 2892 2531 2947 illi.
2586 2891 2873 2957 Quocirca
2927 2891 3101 2951 simul
3150 2898 3329 2965 atque
3382 2893 3590 2950 dolum

1937 2988 2327 3056 agnoverunt,
2355 2986 2714 3036 revocarunt
2747 2997 2827 3046 se,
2853 2985 2909 3036 et
2936 2998 3071 3036 cum
3103 2981 3323 3038 ﬁducia
3350 2998 3593 3054 respon-

221 3069 389 3133 θειαν,
445 3067 698 3144 ἆπρρίψοι
741 3073 834 3128 τὴν
879 3067 1066 3122 ἄδικον
1116 3076 1424 3143 συγγραφὴν
1474 3070 1686 3137 ἐκείνην,
1737 3077 1826 3125 καὶ

1940 3074 2151 3130 derunt
2202 3075 2354 3133 Haec.
2382 3072 2554 3127 Pater
2573 3076 2797 3134 sancte,
2833 3071 2881 3124 si
2920 3070 3008 3125 fas
3041 3071 3169 3135 erit,
3211 3072 3339 3127 viro
3368 3086 3592 3128 renun-

214 3160 355 3230 μετὰ
414 3156 637 3209 εὐσεϐῶν
665 3161 905 3211 τάττοιτο
935 3176 947 3188 ·
986 3159 1063 3211 ἐπ’
1112 3158 1172 3211 ἂν
1226 3165 1315 3212 καὶ
1345 3164 1523 3232 γέρων,
1584 3166 1673 3212 καὶ
1719 3161 1828 3212 ἐπι-

215 3247 484 3318 τιμηθεὶς,
544 3252 635 3299 καὶ
676 3244 770 3300 διά
814 3268 894 3300 τοι
947 3255 1100 3301 τοῦτο
1150 3248 1306 3309 ἐάσας
1363 3254 1456 3307 τὴν
1514 3248 1825 3323 περιϐόητον

214 3340 404 3409 μονήν.
463 3336 524 3388 Εἰ
573 3333 631 3389 δε
661 3341 757 3407 μὴ,
812 3336 919 3389 ἀλλ’
949 3339 1074 3410 ἡμῖν
1115 3357 1174 3409 γε
1227 3335 1369 3401 εὖξαι
1408 3335 1671 3410 μηδεμίαν
1719 3360 1824 3392 κοι-

210 3430 406 3477 νωνίαν
455 3426 596 3497 ἔχειν
628 3427 677 3477 ἐν
706 3423 845 3497 τῷδε
890 3434 962 3498 τῷ
993 3431 1133 3501 μέρει
1162 3430 1293 3500 μετὰ
1322 3436 1413 3481 τοῦ
1445 3424 1655 3502 ἀνδρὸς,
1684 3431 1823 3501 εἰπερ

209 3519 301 3567 καὶ
332 3513 394 3567 ού
420 3514 781 3587 μεταμέλοιτο.

296 3818 445 3875 ΡΝΕ¹
478 3819 620 3891 (47).
648 3850 713 3859 -
746 3819 1032 3891 Θεοφίλῳ
1070 3828 1176 3881 τῆς
1216 3818 1495 3893 Ἐφέσου.
1533 3819 1726 3892 [χλθ¹.]

1225 3917 1377 3976 Quod
1404 3918 1682 3968 haereticos
1710 3917 1905 3976 doceri,

308 4007 513 4063 Ελαϐον
570 4006 655 4059 ἐπὶ
681 4014 863 4079 χεῖρας
914 4010 972 4058 τό
1003 4014 1377 4081 γραμματεῖον,
1429 4009 1549 4082 ὅπερ
1596 4006 1822 4059 ἐπέστει-

207 4100 289 4151 λεν
321 4100 352 4156 ἠ
410 4099 528 4170 ἱερά
563 4115 657 4147 σου
709 4100 904 4169 κορυφὴ
955 4096 1250 4167 Ἀθανασίῳ
1279 4104 1350 4166 τῷ
1398 4098 1628 4171 ἡμετέρῳ
1679 4094 1823 4148 ἁδελ-

205 4196 308 4260 φῷ,
369 4190 463 4239 καὶ
520 4183 777 4256 ἀναγνοὺς
829 4184 1108 4249 ἐλυπήθην,
1161 4189 1441 4256 τιμιώτατέ
1487 4205 1587 4256 μου
1637 4187 1820 4258 Πάτερ,

202 4276 379 4333 λύπην
440 4277 649 4332 ἱκανήν.
712 4281 922 4347 Πρῶτον
975 4277 1064 4346 μὲν
1116 4274 1195 4325 ὅτι
1249 4272 1296 4324 ἐν
1348 4275 1472 4346 ἡμῖν
1517 4274 1689 4334 αὐτοῖς
1720 4281 1823 4334 τοῖς

1938 3164 2055 3219 tia:
2119 3167 2182 3216 ut
2239 3160 2441 3230 agnita
2488 3160 2752 3225 veritate,
2814 3159 3108 3227 injustam
3165 3160 3588 3231 syngrapham

1938 3252 2101 3307 illam
2132 3250 2396 3321 abjiciat,
2426 3255 2479 3304 et
2510 3250 2570 3303 in
2601 3263 2921 3304 numerum
2962 3249 3197 3320 piorum
3231 3248 3586 3316 ascribatur,

1936 3338 2431 3412 quandoquidem
2487 3343 2541 3392 et
2592 3353 2789 3401 senex,
2821 3341 2877 3393 et
2906 3337 3327 3410 reprehensus,
3355 3341 3412 3393 et
3450 3353 3591 3410 pro-

1936 3436 2134 3501 pterea
2192 3428 2427 3499 reliquit
2476 3426 2934 3482 celeberrimum
2979 3427 3452 3495 monasterium;
3497 3429 3588 3484 sin

1935 3517 2136 3573 minus
2171 3535 2182 3571 :
2218 3520 2276 3570 at
2296 3531 2406 3587 pro
2432 3514 2604 3569 nobis
2635 3529 2763 3580 ora,
2793 3518 2855 3569 ut
2876 3514 3104 3570 nullam
3130 3530 3265 3571 cum
3292 3515 3419 3571 viro
3434 3530 3589 3571 com-

1937 3606 2286 3662 munionem
2327 3603 2662 3660 habeamus
2697 3604 2757 3659 in
2790 3603 2902 3660 hac
2945 3608 3132 3675 parte,
3171 3604 3283 3660 nisi
3314 3605 3589 3662 animum

1936 3699 2141 3751 mutet.

2285 3817 2436 3873 CLV.
2466 3849 2533 3858 —
2566 3817 2883 3886 Theophila
2914 3816 3137 3887 Ephesi
3162 3816 3251 3890 (‘).

1933 3931 2043 3967 non
2075 3915 2302 3966 interﬁci
2327 3919 2586 3978 oporteat.

2008 4008 2259 4077 Sumpta
2291 4006 2347 4060 in
2382 4020 2599 4059 manus
2626 4003 2877 4076 epistola
2904 4020 3089 4075 quam
3126 4020 3294 4061 sacra
3321 4004 3587 4060 sublimi-

1934 4102 2025 4151 tas
2058 4103 2159 4150 tua
2192 4095 2352 4149 fratri
2403 4100 2607 4148 nostro
2665 4094 2988 4148 Athanasio
3048 4093 3223 4160 misit,
3282 4093 3383 4149 ubi
3426 4095 3583 4150 hanc

1936 4185 2067 4253 legi,
2115 4184 2278 4254 gravi
2310 4183 2512 4238 dolore
2540 4182 2787 4237 affectus
2817 4199 2971 4246 sum,
3008 4185 3173 4238 Pater
3219 4184 3299 4238 mi
3330 4183 3582 4239 honora-

1934 4274 2160 4328 tissime
2192 4292 2206 4342 ;
2236 4272 2501 4343 primum
2532 4271 2774 4343 quidem
2832 4271 2996 4342 quod
3054 4271 3232 4327 etiam
3280 4272 3429 4327 inter
3474 4288 3582 4327 nos

203 4366 581 4439 ὀρθοτομοῦσι
640 4366 726 4415 τόν
777 4363 925 4436 λόγον
966 4371 1055 4423 τῆς
1108 4363 1351 4424 ἀληθείας
1406 4366 1541 4414 κατα
1596 4367 1689 4421 τὴν
1735 4371 1822 4414 νῦν

1940 4363 2115 4434 ipsos,
2145 4362 2248 4432 qui
2302 4361 2529 4416 furente
2563 4377 2721 4414 nunc
2754 4360 3289 4416 lconomachorum
3347 4360 3581 4427 haeresi,

201 4456 493 4508 λυττῶσαν
560 4453 761 4523 αἰρεσιν
807 4460 904 4504 τῶν
943 4452 1335 4523 Εἰκονομάχων,
1392 4450 1687 4526 ἐρεσχελίαι
1742 4457 1821 4522 γί-

202 4565 406 4610 νονται,
459 4548 555 4596 καὶ
614 4546 897 4614 σχίσματα
942 4541 1243 4614 ἐπιφύονται
1276 4558 1288 4571 ⁶
1324 4544 1496 4594 ἔπειτα
1539 4544 1618 4593 ὅτι
1667 4541 1826 4612 αναγ-

202 4638 447 4707 κάζομαι
509 4633 537 4684 6
588 4630 866 4703 ἐλάχιστος
913 4630 1238 4692 ἀντιθετικῶς
1285 4635 1378 4689 τὴν
1424 4628 1649 4693 διάλεξιν
1679 4636 1821 4689 ποιή-

208 4726 450 4778 σασθαι.
514 4720 681 4775 Ἀλλὰ
737 4725 1141 4793 συγγινωσκέτω
1198 4722 1228 4778 ἡ
1284 4720 1615 4791 μεγαλειότης
1680 4738 1771 4770 σου
1805 4738 1821 4755 ο

204 4826 331 4886 περι
379 4815 487 4888 γὰρ
552 4810 799 4873 ἀληθείας
847 4812 871 4861 6
906 4810 1057 4882 λόγος
1090 4828 1101 4840 ·
1140 4811 1205 4871 ἧς
1233 4806 1384 4862 οὐδὲν
1432 4813 1822 4883 προτιμότερον,

203 4902 339 4958 οὐδὲ
392 4898 815 4973 αἰδεσιμώτερον
871 4899 1025 4970 [cod.
1070 4903 1208 4969 Reg.
1252 4896 1729 4973 αἰδεστικωτερον].
1763 4902 1826 4950 Τί

206 4993 269 5049 δὲ
338 4997 404 5046 τὸ
472 4990 817 5062 ἐμφερόμενον
879 4988 925 5039 ἐν
982 4995 1087 5048 τοῖς
1137 4989 1432 5061 γράμμασι,
1496 4993 1611 5063 περὶ
1676 4988 1737 5039 οὗ
1792 4990 1820 5044 ἡ

202 5085 404 5148 λύπης
448 5079 653 5149 Ἡμεῖς,
732 5082 907 5149 φησὶν,
966 5077 1081 5128 οὔτε
1145 5078 1415 5128 κτένεσθαι
1488 5080 1607 5137 τοὺς
1663 5078 1827 5130 Μανι-

205 5178 439 5248 χαίους,
502 5170 625 5219 οὔτε
658 5170 729 5237 μὴ
770 5167 1058 5229 κτένεσθαι,
1112 5164 1606 5237 συνεϐουλεύσαμεν,
1672 5165 1726 5217 Εἰ
1768 5162 1827 5217 δὲ

203 5268 299 5318 καὶ
354 5253 744 5332 ἐπετρέψαμεν,
795 5262 894 5307 τῶν
933 5252 1219 5306 καλλίστων
1248 5256 1305 5307 τὸ
1336 5257 1584 5327 μέγιστον
1616 5256 1827 5326 εἴχομεν

283 5391 335 5425 97
372 5384 569 5443 Galat.
596 5396 675 5441 v1,
711 5380 797 5433 16.

1934 4468 2000 4507 ex
2032 4468 2243 4506 norma
2282 4451 2543 4505 veritatis
2574 4450 2899 4520 loquimur,
2922 4451 3085 4515 rixae,
3117 4451 3383 4505 oriantur
3409 4457 3465 4507 et
3488 4468 3583 4507 ex-

1936 4542 2150 4614 sistant
2180 4539 2503 4595 schismata
2537 4555 2549 4593 :
2583 4538 2798 4593 deinde
2830 4538 2994 4609 quod
3038 4553 3220 4607 cogar
3261 4554 3371 4611 ego
3412 4540 3583 4595 mini-

1937 4646 2070 4683 mus
2096 4629 2455 4684 contrariam
2489 4644 2556 4681 ex
2598 4628 2851 4682 adverso
2896 4626 3373 4683 dissertationem
3416 4628 3585 4683 insti-

1934 4727 2114 4773 tuere.
2159 4716 2275 4771 Sed
2325 4717 2595 4786 ignoscat
2641 4716 3081 4783 magnih‘centia
3121 4721 3221 4771 tua
3279 4732 3457 4781 ;cum
3508 4716 3583 4773 de

1936 4808 2177 4863 veritate
2209 4813 2438 4875 agatur,
2470 4821 2589 4874 qua
2618 4805 2761 4859 nihil
2794 4812 2879 4858 est
2921 4804 3170 4870 honore,
3224 4805 3370 4860 nihil
3414 4821 3586 4861 vene-

1935 4899 2162 4953 ratione
2189 4895 2446 4965 dignius.
2479 4893 2629 4961 Quid
2664 4900 2860 4948 autem
2891 4900 2975 4948 est
3021 4895 3077 4947 in
3120 4893 3323 4949 litteris
3353 4894 3421 4949 de
3464 4910 3585 4967 quo

1934 4987 2069 5057 ipsa
2095 4983 2345 5039 doleat?
2398 4986 2531 5048 Nos,
2593 4983 2813 5053 inquis,
2884 4998 3077 5053 neque
3120 4989 3180 5035 ut
3230 4983 3581 5039 occidantur

1936 5073 2259 5138 Mauichaai,
2294 5088 2488 5143 neque
2518 5076 2577 5125 ut
2607 5087 2725 5125 non
2760 5070 3125 5136 occidantur,
3145 5070 3463 5126 consilium
3488 5072 3587 5127 de-

1937 5163 2155 5218 dimus.
2216 5162 2279 5216 ld
2336 5176 2475 5216 vero
2528 5162 2575 5215 si
2630 5161 3126 5232 permitteremus,
3161 5160 3589 5231 pulcherrima-

1936 5268 2071 5310 rum
2103 5266 2299 5306 rerum
2334 5250 2660 5306 maximam
2706 5248 3063 5305 faceremus.
3110 5248 3259 5315 Quid
3299 5249 3405 5317 ais,
3436 5250 3527 5306 vir
3551 5265 3589 5307 a

1806 5467 2030 5523 NOT/E.

290 5575 415 5650 (47)
444 5573 510 5629 In
557 5567 703 5625 cod.
727 5570 864 5639 Reg.
888 5566 992 5641 ριζ¹

510 5667 758 5724 ΡΑτιιοι..
802 5664 903 5722 Gn.
944 5665 1125 5723 XCIX.

2064 5563 2123 5634 (')
2156 5561 2518 5633 Dogmatica.

3234 5660 3302 5715 47
