4036 6276
566 248 632 302 14
648 247 716 303 83
1833 244 1893 300 S.
1935 240 2160 299 ΤΗΕΟῈ

2341 238 2656 298 ΞΤΠΟΙΤᾸΞ
3785 243 3914 301 1484

560 374 680 428 Deo
708 371 999 428 honorate
1028 370 1056 425 ’τ
1088 371 1376 426 Dominus
1423 371 1481 426 in
1518 370 1856 440 Evangeliis
1880 370 2087 434 vetuit,
2120 368 2154 421 d

2315 366 2369 417 ἂν
2418 374 2659 424 ποιῆσαι,
2718 370 2782 417 Τί
2834 370 2952 437 φὴς,
3004 363 3044 417 ὦ
3077 366 3347 437 θεοτίμητε
3374 382 3389 431 ;
3416 366 3442 417 ὀ
3483 367 3669 441 Κύριος
3716 366 3909 440 ἀπηγό-

558 475 700 515 cens
727 475 739 514 :
767 460 927 523 Non,
960 474 1033 516 ne
1055 460 1215 527 forte
1240 461 1579 529 colligentes
1610 459 1859 524 zizania,
1893 458 2151 514 eradicet

2314 474 2488 528 ρευσεν
2519 458 2567 507 ἐν
2598 463 2703 516 τοῖς
2729 456 3063 526 Εύαγγελίοις
3084 463 3256 520 τοῦτο,
3282 455 3437 507 εἰπὼν
3470 475 3482 488 ·
3517 456 3599 507 Ού
3621 472 3631 485 ·
3668 460 3908 527 μήποτε

554 548 740 604 simul
768 564 898 604 cum
933 551 1011 603 eis
1067 548 1347 604 triticum.
1390 548 1581 603 Sinite
1605 562 1866 603 crescere
1911 561 2096 618 usque
2125 562 2148 600 ο

2319 543 2731 614 συλλέγοντες
2768 549 2837 601 τὴ
2881 544 3169 607 ζιζάνια,
3204 542 3620 616 έκρνζώσητε
3656 543 3791 613 ἃμα
3827 545 3907 596 αύ-

552 653 795 694 messem
814 639 883 692 ⁸⁸.
908 639 971 693 Et
992 642 1057 693 tu
1088 637 1623 708 pulcherrimarum
1652 653 1849 692 rerum
1874 637 2139 691 maxima

2314 641 2447 693 τοῖς
2485 636 2581 685 τὸν
2633 640 2833 687 σῖτον.
2864 631 3093 704 Ἀφετε
3146 632 3682 695 συναυξάνεσθαι
3720 638 3905 706 μέχρι

552 726 796 790 dixeris,
863 726 1325 783 eradicationem
1382 725 1770 798 permittere?
1821 724 1991 790 Quod
2044 725 2146 778 eni:

2313 728 2422 772 τοῦ
2462 723 2564 793 θερ
2585 741 2598 772 ι
2616 730 2798 793 σμοῦ.
2832 726 2929 775 Καὶ
2950 722 3107 784 αύτός
3130 730 3228 774 τῶν
3258 722 3546 774 καλλίστων
3576 724 3632 774 τὸ
3656 727 3896 793 μέγιστον

551 816 777 871 zizania
800 816 1028 871 vocarit
1067 815 1395 879 hmreticos,
1436 822 1558 869 tum
1596 830 1700 870 eos
1730 814 1836 886 qui
1881 820 2018 868 tunc
2040 828 2145 867 era

2314 814 2471 881 φαίης
2496 806 2646 877 εἶναι,
2673 816 2765 869 τὴν
2798 810 3080 886 ἐπιτροπὴν
3106 819 3202 872 τῆς
3227 810 3550 883 ἕκριξώσεως
3572 829 3586 878 ;
3614 812 3719 865 Καὶ
3746 814 3824 864 ὅτι
3848 815 3905 865 τὰ

550 903 841 968 videlicet,
902 908 1027 959 tum
1078 920 1291 959 omnes
1326 904 1429 976 qui
1492 911 1703 976 postea
1753 902 2144 957 orituriesser

2316 898 2528 958 ζιζάνια
2582 903 2697 960 τούς
2745 902 3033 971 αἰρετικούς
3091 902 3284 974 εἴρηκε,
3342 902 3463 961 τούς
3514 919 3568 951 τε
3625 908 3902 958 τηνικαῦτα

550 992 1047 1065 Chrysostomum
1089 993 1411 1049 audiamus
1444 993 1563 1048 hoc
1592 994 1788 1064 ipsum
1820 993 2136 1062 interpreta

2317 983 2580 1053 δηλονότι,
2613 993 2700 1041 καὶ
2742 993 2863 1049 τούς
2909 987 2989 1060 ὑφ’
3020 988 3223 1063 ἑτέρων,
3270 993 3432 1060 ἤγουν
3470 988 3721 1059 ἅπαντας,
3759 988 3902 1042 ἀκου-

548 1087 665 1137 tem
694 1081 786 1136 his
817 1082 1017 1136 verbis
1042 1084 1126 1137 0’:
1163 1104 1190 1131 «
1217 1081 1368 1147 Quid
1413 1097 1555 1151 ergo
1606 1085 1761 1135 vetat
1806 1080 2090 1135 Dominus
2118 1078 2142 1131 ό

2320 1078 2529 1147 σὼμεθα
2582 1086 2674 1129 τού
2736 1083 3121 1151 Χρυσοστόμου
3195 1078 3321 1130 αύτό
3394 1085 3547 1130 τοῦτο
3610 1078 3900 1151 ἑρμηνεύον-

553 1185 696 1226 cens
723 1188 735 1224 :
760 1171 848 1226 Ne
873 1170 1032 1239 forte
1062 1171 1375 1227 eradicetis
1405 1171 1587 1225 simul
1631 1186 1760 1226 cum
1793 1169 1878 1224 eis
1919 1169 2147 1223 triticuz

2318 1183 2404 1225 τος
2442 1183 2454 1194 ·
2514 1164 2585 1238 ἐφ’
2737 1164 2866 1219 τάδε
2917 1185 2928 1196 ·
2991 1186 3018 1218 ι(
3050 1172 3112 1219 Τί
3171 1163 3258 1218 οὖν
3315 1169 3341 1219 ὁ
3393 1171 3658 1230 Δεσπότης
3732 1168 3899 1221 κωλύει

554 1262 675 1315 Hoc
711 1274 847 1315 vero
880 1260 1099 1325 aiebat,
1127 1259 1285 1315 bella
1316 1267 1552 1325 vetans,
1579 1266 1632 1313 et
1660 1259 2011 1328 sanguinem
2042 1256 2141 1311 fun

2315 1252 2496 1323 λέγων,
2529 1260 2793 1313 Μήποτε
2831 1254 3230 1329 ἐκριζώσητε
3269 1256 3399 1328 ἅμα
3429 1256 3643 1316 αὐτοῖς
3684 1261 3786 1309 τόν
3824 1265 3894 1309 σί-

557 1354 615 1404 et
645 1348 837 1403 caedes
871 1349 1017 1403 ﬁeri.
1051 1351 1177 1403 Non
1232 1348 1390 1403 enim
1440 1352 1675 1418 oportet
1715 1347 2023 1401 haereticos
2052 1361 2151 1399 occ

2317 1361 2420 1393 τον
2442 1360 2463 1407 ;
2492 1350 2654 1397 Τοῦτο
2678 1340 2737 1396 δὲ
2764 1344 2921 1415 ἔλεγε,
2950 1343 3158 1395 κωλύων
3184 1344 3439 1416 πολέμους
3458 1346 3702 1415 γίνεσθαι
3723 1351 3805 1398 καὶ
3830 1349 3896 1398 αἰ-

552 1436 730 1503 dere;
763 1437 987 1508 alioqui
1047 1436 1270 1492 bellum
1328 1436 1710 1507 implacabile
1757 1437 1815 1490 in
1858 1435 2023 1490 terris
2048 1434 2146 1489 fut!

2316 1451 2459 1501 ματα
2487 1437 2572 1484 καὶ
2630 1436 2852 1505 σφαγάς.
2915 1433 2989 1484 Ού
3032 1434 3133 1505 γὰρ
3187 1430 3268 1485 δεῖ
3315 1433 3541 1507 ἀναιρεῖν
3571 1435 3886 1508 αἰρετικούς·

541 1542 675 1581 rum
707 1533 849 1581 erat.
879 1528 945 1581 Et
969 1533 1101 1597 post
1131 1526 1283 1581 alia:
1318 1527 1471 1591 Quid
1518 1541 1695 1597 porro
1732 1524 1919 1588 aliud,
1951 1527 2040 1581 Ne
2068 1542 2135 1581 er.

2322 1517 2425 1572 ἐπεὶ
2455 1523 2480 1573 ό
2537 1522 2754 1594 πόλεμος
2808 1520 3073 1583 ἄσπονδος
3125 1522 3321 1594 ἔμελλεν
3370 1523 3439 1585 εἰς
3476 1527 3569 1581 τὴν
3612 1523 3894 1596 οἰκουμένην

539 1615 750 1671 dicetis
782 1631 915 1671 cum
946 1618 1025 1670 eis
1053 1615 1334 1670 triticum.
1386 1631 1572 1687 quam
1604 1614 1717 1669 hoc
1766 1615 2001 1669 innuit?
2030 1616 2133 1679 Qm

2314 1611 2653 1683 εἰσάγεσθαι.
2690 1635 2718 1663 ››
2751 1617 2851 1665 Καὶ
2876 1613 2986 1684 μεθ’
3036 1615 3183 1685 ἔτερα
3211 1631 3223 1643 ·
3256 1632 3279 1662 ιι
3314 1616 3377 1665 Τί
3406 1609 3465 1665 δὲ
3490 1611 3638 1676 ἄλλο,
3674 1610 3767 1665 διὰ
3799 1621 3892 1677 τοῦ,

543 1703 596 1759 si
623 1719 794 1759 arma
824 1721 1061 1759 movere
1089 1704 1403 1775 caaperitis,
1435 1710 1489 1759 et
1510 1704 1821 1759 haereticos
1848 1704 2137 1759 interﬁcer

2335 1699 2439 1758 Μὴ
2483 1700 2870 1775 ἐκριζώσητε
2909 1702 3040 1774 οἶμα
3079 1702 3299 1762 αὐτοῖς
3336 1705 3447 1753 τόν
3489 1703 3890 1766 σῖτον,ἧτοῡτό

547 1792 768 1848 multos
798 1809 1043 1865 quoque
1073 1794 1146 1848 de
1167 1794 1394 1849 Sanctis
1412 1809 1533 1848 una
1550 1793 1736 1864 perire
1763 1809 2005 1848 necesse
2037 1801 2141 1848 est.

2313 1808 2491 1860 φησιν,
2540 1792 2616 1842 ὃτι
2655 1790 2714 1843 Εἰ
2750 1789 2975 1863 μέλλοιτε
3018 1799 3173 1843 κινεῖν
3213 1790 3364 1858 ὅπλα,
3411 1795 3502 1842 καὶ
3530 1794 3889 1863 κατασφάττειν

541 1882 711 1947 Quod
729 1886 784 1938 et
807 1882 1180 1954 temporibus
1202 1884 1424 1938 nostris
1441 1882 1673 1937 accidit.
1712 1884 1854 1938 Nam
1880 1889 1936 1937 et
1956 1899 2135 1953 sangr

2313 1879 2629 1951 αἰρετικούς,
2687 1878 2885 1950 ἀνάγκη
2941 1879 3161 1941 πολλοὺς
3211 1884 3297 1931 καὶ
3357 1888 3456 1931 τῶν
3509 1879 3671 1950 ἁγίων
3708 1900 3886 1950 συγκα-

545 1969 794 2040 effusus,
825 1978 882 2027 et
907 1972 1103 2027 caedes
1147 1972 1453 2040 regionem
1502 1977 1768 2026 nostram
1808 1972 2139 2042 complever

2309 1966 2676 2022 ταϐάλλεσθαι.
2755 1989 2782 2018 ››
2832 1966 2994 2041 Ὀπερ
3043 1974 3132 2020 καὶ
3206 1973 3410 2040 γέγονεν
3496 1966 3545 2019 έν
3594 1976 3709 2031 τοῖς
3786 1969 3884 2021 καθ’

538 2059 830 2132 multique
851 2060 927 2115 de
949 2075 1204 2116 numero
1235 2067 1583 2116 sanctorum
1603 2059 1780 2115 simul
1799 2059 2016 2115 sublati
2040 2077 2132 2115 sur

2309 2057 2446 2127 ἡμᾶς
2489 2063 2723 2131 χρόνοις.
2760 2061 2860 2110 Καὶ
2907 2060 3007 2131 γὰρ
3066 2059 3264 2129 αἳματα
3293 2061 3381 2109 καὶ
3438 2063 3643 2129 σφαγαὶ
3679 2057 3883 2130 ἐπλήρω-

536 2153 593 2203 et
623 2150 873 2203 verbum
908 2148 1144 2204 Domini
1170 2165 1303 2205 non
1340 2150 1597 2204 excidit:
1633 2149 1784 2204 sicut
1813 2153 2130 2204 testatum!

2312 2163 2407 2196 σαν
2448 2149 2542 2203 τὴν
2576 2146 2690 2198 καθ’
2726 2148 2868 2217 ἡμᾶς
2912 2146 3215 2218 οἰκουμένην
3248 2163 3260 2176 ’
3286 2150 3375 2198 καὶ
3404 2144 3583 2198 πολλοὶ
3614 2154 3712 2198 τῶν
3745 2146 3880 2218 ἁγίων

535 2236 700 2308 apud
728 2237 966 2293 multos.
994 2239 1146 2303 Quid
1178 2246 1375 2294 autem
1404 2237 1694 2304 dicimus,
1714 2254 1833 2293 non
1864 2239 2129 2309 permitte

2311 2235 2638 2294 συναπῆλθον
2671 2254 2683 2265 ·
2741 2241 2831 2288 καὶ
2886 2238 2911 2288 ὁ
2960 2236 3105 2307 λόγος
3166 2244 3257 2288 τοῦ
3316 2240 3510 2310 Κυρίου
3557 2236 3620 2288 ού
3651 2233 3876 2301 διέπεσεν,

534 2325 682 2381 dum
712 2332 773 2382 ut
798 2327 1151 2382 occidantur
1184 2327 1438 2383 haeretici
1466 2328 1495 2379 ‘2
1524 2326 1638 2382 illis
1693 2342 1768 2383 ne
1809 2327 2052 2398 quidem
2084 2328 2128 2382 ir

2306 2326 2369 2384 ὡς
2426 2325 2758 2396 ὡμολόγηται
2811 2328 2960 2399 παρὰ
3011 2325 3234 2386 πολλοῖς.
3292 2330 3394 2378 Καὶ
3448 2330 3500 2377 τί
3537 2324 3749 2399 λέγομεν
3782 2330 3874 2397 περὶ

536 2417 766 2486 precari
787 2431 1141 2471 concessum
1173 2416 1348 2472 nobis
1376 2421 1483 2471 est.
1520 2416 1857 2471 Audiamus
1888 2416 2047 2471 enim
2073 2433 2130 2471 ru

2303 2420 2394 2465 τοῦ
2462 2418 2535 2485 μὴ
2607 2413 2893 2488 ἐπιτρέπειν
2958 2416 3231 2467 κτένεσθαι
3290 2416 3625 2489 αἱρετικούς;
3679 2411 3792 2467 οὐδέ
3830 2432 3873 2484 γε

534 2520 635 2557 sus
668 2505 985 2559 Dominum
1018 2510 1227 2560 sancto
1260 2507 1470 2576 Carpo.
1510 2511 1572 2560 ut
1609 2504 2031 2577 sapientissimi
2065 2506 2128 2559 Di

2301 2505 2657 2574 κατεύχεσθαι
2706 2504 2880 2556 αὐτῶν
2942 2509 3352 2578 συγκεχώρηται
3420 2506 3566 2575 ἡμῖν.
3647 2503 3870 2556 Ἀκουσὼ·

532 2593 687 2665 nysii
743 2593 924 2649 verba
973 2594 1295 2655 insinuant.
1336 2596 1419 2650 sic
1468 2595 1815 2667 loquentem
1851 2611 1861 2649 :
1900 2614 1924 2645 α
1952 2598 2126 2650 Percu

2298 2594 2432 2662 μεθα
2458 2594 2559 2666 γὰρ
2604 2589 2751 2653 αὖθις
2798 2601 2888 2645 τοῦ
2930 2598 3127 2667 Κυρίου
3188 2595 3317 2666 πρὸς
3360 2595 3567 2665 Κάρπον
3610 2596 3695 2644 τὸν
3732 2592 3868 2663 ἅγιον,

533 2697 629 2737 me
648 2682 931 2755 deinceps
956 2704 968 2751 ;
1001 2689 1245 2755 paratus
1274 2684 1429 2739 enim
1466 2700 1602 2739 sum
1632 2700 1740 2755 pro
1766 2684 2079 2739 hominum
2098 2703 2125 2739 s

2297 2682 2364 2741 ὡς
2395 2677 2795 2739 ὑποδεδήλωται
2846 2679 2879 2733 δ
2889 2685 2941 2735 ιὰ
2971 2689 3136 2753 φωνῆς
3184 2686 3455 2734 Διονυσίου
3488 2690 3581 2734 τοῦ
3616 2687 3864 2753 πσνσόφου,

528 2767 648 2824 lute
674 2776 730 2825 et
755 2772 965 2826 iterum
1017 2772 1141 2843 pati
1166 2788 1182 2825 :
1212 2777 1557 2842 pergratum
1606 2770 1831 2843 quippe
1856 2771 1970 2827 hoc
1993 2772 2122 2827 mihi

2294 2768 2524 2841 λέγοντος
2574 2787 2586 2799 °
2642 2792 2669 2823 ιι
2732 2778 2866 2824 Παῖε
2944 2771 3060 2823 κατ’
3105 2771 3228 2843 ἐμοῦ
3279 2770 3456 2823 λοιπόν
3505 2772 3744 2843 ’ἕτοιμος
3788 2772 3862 2841 γάρ

530 2857 677 2914 dum
709 2859 807 2915 alii
840 2859 1116 2915 homines
1149 2876 1268 2916 non
1302 2866 1566 2932 peccent.
1609 2862 1895 2916 Caeterum
1938 2862 2073 2916 vide
2104 2878 2124 2917 ε

2293 2858 2398 2931 εἰμι
2448 2865 2537 2913 καὶ
2602 2857 2755 2923 αὖθις
2814 2862 2948 2933 ύπερ
3002 2859 3286 2935 ἀνθρώπων
3347 2859 3751 2934 ἀνασωζομένων
3790 2878 3860 2911 πα-

530 2953 747 3004 eretua
768 2949 860 3014 sit,
886 2948 1319 3005 habitationem
1350 2950 1408 3004 in
1426 2951 1709 3020 voragine
1734 2966 1871 3005 cum
1895 2957 2124 3021 serpent

2292 2950 2394 3001 θεῖν
2427 2968 2439 2981 ·
2480 2949 2761 3024 προσφιλές
2800 2969 2886 3021 μοι
2928 2957 3085 3002 τοῦτο
3127 2967 3139 2979 ·
3177 2954 3254 3022 μὴ
3302 2949 3464 3002 ἄλλων
3504 2952 3853 3025 ἁμαρτανόντων

529 3035 668 3103 bus,
700 3043 1040 3110 permutare
1070 3054 1204 3093 cum
1241 3038 1344 3094 illa
1391 3055 1521 3110 qum
1549 3054 1686 3093 cum
1718 3041 1834 3094 Deo
1864 3045 1954 3094 est
1982 3038 2122 3094 boni

2289 3036 2589 3111 ἀνθρωπων.
2645 3038 2794 3097 Πλὴν
2829 3041 2927 3112 ὅρα
2964 3038 3008 3092 εἰ
3055 3038 3224 3100 καλῶς
3274 3038 3387 3111 ἔχει
3417 3058 3520 3104 σοι,
3589 3045 3684 3099 τὴν
3722 3038 3757 3089 έν
3795 3042 3843 3103 τῷ

525 3140 643 3198 que
666 3132 720 3181 et
745 3125 1021 3182 homines
1075 3127 1421 3183 amantibus
1448 3128 1678 3198 angelis
1711 3129 1750 3180 ¹.
1790 3149 1814 3179 υ
1850 3127 2042 3192 Vides,
2090 3144 2119 3181 v

2286 3128 2533 3200 χάσματι
2598 3130 2730 3200 μετά
2782 3136 2881 3180 τῶν
2929 3130 3087 3200 ὄφεων
3144 3132 3304 3200 μονὴν
3356 3126 3846 3192 ἀνταλλάξασθαιτῆς

524 3214 1006 3286 prudentissime,
1024 3216 1289 3271 divinam
1307 3215 1808 3285 indignationem,
1822 3232 1893 3271 eo
1905 3216 2066 3289 quod
2084 3216 2118 3271 il

2284 3219 2413 3287 μετά
2484 3224 2619 3269 Θεοῦ
2666 3222 2756 3269 καὶ
2807 3225 2906 3269 τῶν
2955 3216 3163 3288 ἀγαθῶν
3211 3221 3299 3269 καὶ
3330 3216 3703 3292 φιλανθρώπων

524 3310 734 3359 contra
784 3304 1096 3360 haereticos
1150 3312 1511 3376 precaretur,
1568 3312 1628 3359 ut
1683 3321 1714 3359 e
1764 3306 1882 3361 vita
1924 3306 2118 3360 excedt

2297 3305 2415 3361 λων.
2477 3329 2504 3356 ››
2534 3306 2712 3381 Ὀρᾴς,
2770 3308 3053 3371 θεοσύνετε,
3102 3310 3199 3365 τὴν
3269 3308 3410 3358 θείαν
3452 3311 3793 3377 ἀγανάκτησιν
3838 3315 3846 3327 ·

522 3397 653 3448 rent
681 3408 692 3446 :
728 3397 782 3449 et
809 3409 931 3465 quo
954 3400 1127 3464 pacto
1155 3393 1611 3450 codemnandus
1643 3399 1769 3449 erat
1800 3395 1885 3448 vir
1909 3400 2116 3449 sanctu

2284 3392 2465 3453 ἒπειδή
2547 3399 2848 3468 κατηύχετο
2914 3404 3013 3448 τῶν
3064 3398 3331 3470 αἱρετικῶν
3403 3394 3755 3467 ἀπαλλαγῆναι
3787 3398 3854 3449 τῆς

523 3481 573 3536 si
599 3482 657 3536 in
708 3484 1016 3554 proposito
1080 3483 1452 3554 perstitisset.
1487 3485 1879 3555 Nequaquam
1915 3498 2078 3553 ergo,
2114 3502 2117 3534 ι

2288 3487 2425 3547 ζωῆς
2458 3504 2471 3517 ο
2501 3490 2588 3537 καὶ
2633 3488 2784 3546 ὅπως,
2833 3485 2878 3537 εἰ
2934 3484 3179 3556 ἐπιμένων
3211 3493 3273 3557 τῇ
3324 3481 3563 3538 διαθέσει
3613 3488 3758 3556 ταύτῃ
3783 3478 3845 3545 ἦν,

523 3572 741 3626 veritas
772 3571 1150 3636 monstravit,
1186 3572 1499 3643 imprecari
1532 3573 1620 3627 fas
1651 3579 1778 3628 est:
1810 3574 1931 3627 imo
1974 3572 2117 3644 potin

2283 3573 2485 3645 ἔμελλεν
2511 3576 2535 3625 ὁ
2566 3574 2716 3645 ἅγιος
2762 3571 3238 3635 καταδικάξεσθοιι.
3274 3574 3407 3627 Οὔτε
3444 3570 3556 3643 οὖν,
3610 3578 3677 3637 ὡς
3712 3568 3846 3625 δέδει-

523 3675 631 3732 pro
648 3660 741 3715 his
768 3662 1105 3716 orandum:
1141 3662 1290 3716 sicut
1320 3662 1748 3733 Dominusipse
1779 3678 1914 3717 cum
1945 3669 2117 3733 pater

2281 3681 2375 3733 χεν
2408 3664 2436 3721 ἡ
2524 3662 2759 3729 ἀλήθεια,
2800 3666 3158 3735 κατεύχεσθαι
3211 3659 3294 3715 δεῖ
3330 3662 3457 3725 ὅλως
3494 3680 3508 3694 ⁸
3558 3662 3741 3736 μᾶλλον

520 3754 641 3820 tur,
679 3752 904 3804 Patrem
964 3766 1139 3805 suum
1169 3750 1363 3805 oravit
1394 3750 1641 3805 dicens:
1694 3753 1892 3816 Pater,
1940 3751 2109 3806 dimil

2282 3747 2373 3802 οὖν
2424 3753 2814 3827 ύπερεύχεσθαι
2857 3767 2869 3779 '
2912 3756 2977 3813 ὡς
3029 3752 3183 3814 αύτός
3238 3754 3263 3804 ὀ
3319 3755 3508 3827 Κύριος
3540 3750 3787 3813 ὑπέδειξεν
3816 3750 3850 3799 ἓν

520 3837 641 3893 illis
664 3847 971 3904 peccatum
999 3861 1018 3896 :
1049 3856 1169 3895 non
1229 3840 1380 3895 enim
1436 3839 1630 3895 sciunt
1686 3841 1830 3911 quid
1852 3841 2092 3910 faciunt

2292 3848 2363 3910 τῷ
2426 3848 2516 3893 τοῦ
2561 3844 2758 3904 πάθους
2817 3849 3002 3914 καιρῷ,
3062 3842 3219 3912 λέγων
3260 3844 3389 3914 πρὸς
3420 3843 3506 3894 τὸν
3550 3841 3728 3894 ἑαυτοῦ
3763 3844 3848 3890 Πα-

518 3926 690 3991 Quod
745 3944 881 3983 vero
939 3928 1079 3983 dicit
1114 3929 1394 3984 sanctitas
1432 3936 1550 3994 tua,
1596 3928 1816 3984 habere
1844 3946 1903 3984 se
1930 3929 2112 4002 aliqut

2275 3932 2681 4006 τέρα’Πὰτερ,
2709 3932 2845 4002 ἄφες
2883 3931 3105 3993 αὐτοῖς
3146 3934 3257 3988 τὴν
3298 3928 3726 4005 άμαρτίαν·ού
3759 3926 3844 3998 γὰρ

517 4022 758 4071 sanctos
780 4017 885 4088 qui
910 4018 965 4072 in
980 4017 1193 4072 eadem
1224 4033 1293 4073 ac
1319 4024 1377 4071 tu
1400 4019 1690 4073 sententia
1716 4018 1870 4085 sint;
1901 4020 2106 4087 ignosc

2275 4015 2505 4071 οἴδασι
2543 4024 2605 4071 τί
2642 4028 2944 4072 ποιοῦσι.
2979 4024 3048 4072 Τό
3073 4016 3131 4072 δὲ
3153 4022 3307 4091 φάναι
3334 4038 3429 4072 σου
3463 4024 3558 4077 τὴν
3588 4019 3847 4090 ἁγιωσύνην

516 4108 700 4170 Pater,
721 4112 1068 4162 sanctorom
1089 4107 1271 4162 verba
1292 4122 1409 4161 non
1431 4113 1586 4162 recte
1609 4107 1960 4178 accipimus,
1986 4115 2110 4180 atqt

2274 4109 2412 4177 ἒχειν
2454 4108 2638 4170 αύτούς
2690 4116 3103 4181 συμφωνοῦντας
3149 4110 3197 4160 εν
3224 4115 3296 4179 τῷ
3343 4106 3674 4183 προϐλήματι
3719 4101 3842 4177 [cod-

511 4190 649 4248 inde
676 4195 1056 4263 intelligimur
1080 4195 1349 4250 Patribus
1382 4200 1436 4249 et
1485 4199 1599 4251 Deo
1642 4196 1751 4267 ipsi
1803 4213 2103 4267 repugnar

2274 4196 2411 4264 Reg.
2455 4194 2859 4269 προδηλώματι]
2922 4193 3118 4249 τούσδε
3163 4200 3282 4257 τοὺς
3317 4195 3494 4267 ἁγίους
3521 4212 3535 4226 ⁸
3594 4192 3840 4267 σύγγνωθι,

512 4282 757 4337 Divinus
787 4285 946 4339 enim
978 4283 1220 4355 Cyrillus
1266 4286 1323 4339 in
1354 4299 1532 4356 opere
1585 4290 1789 4341 contra
1834 4286 2106 4341 Julianun

2271 4286 2459 4357 Πάτερ,
2519 4285 2577 4337 ού
2629 4285 2795 4347 καλῶς
2836 4284 3226 4358 ἐκλαμϐάνομεν
3293 4288 3388 4345 τὰς
3436 4293 3535 4336 τῶν
3588 4283 3737 4355 ἁγίων
3764 4300 3839 4352 φω-

504 4371 673 4441 juxta
699 4370 758 4427 id
785 4373 950 4444 quod
983 4374 1123 4427 olim
1178 4373 1473 4428 sancitum
1523 4372 1732 4438 fuerat,
1767 4374 1997 4430 locutus
2033 4392 2094 4429 es

2266 4376 2368 4439 νὰς,
2450 4376 2720 4427 κάντεῡθεν
2792 4376 3149 4448 εὑρισκόμεθα
3213 4379 3612 4446 πατρομαχίαν,
3683 4368 3838 4444 μᾶλλον

506 4474 628 4515 non
658 4461 1101 4515 Testamentum
1137 4462 1308 4516 Vetus
1336 4477 1472 4515 cum
1526 4464 1689 4517 Novo
1738 4463 2100 4518 committens

2267 4458 2326 4514 δε
2382 4465 2669 4536 θεομαχίαν
2728 4464 3067 4537 εἰσφέροντες.
3110 4463 3169 4516 Ὀ
3216 4467 3316 4536 γάρ
3370 4483 3451 4515 τοι
3506 4465 3636 4525 θεῖος
3686 4455 3836 4533 Κύριλ·

506 4548 701 4614 absit;
737 4565 929 4621 neque
960 4550 1119 4604 enim
1169 4550 1491 4614 nesciebat,
1542 4566 1919 4621 quaecunque
1950 4552 2041 4606 lex
2073 4552 2100 4606 lt

2262 4550 2349 4614 λος
2401 4552 2451 4604 έν
2503 4561 2612 4614 τοῖς
2667 4556 2802 4606 κοιτά
2859 4553 3138 4607 Ἰουλιανόν
3196 4554 3328 4605 κατὰ
3382 4556 3440 4605 τὸ
3466 4552 3626 4605 πάλαι
3666 4563 3833 4618 νενομο-

504 4638 726 4709 quitur,
753 4639 822 4692 iis
848 4639 950 4710 qui
982 4639 1093 4693 sub
1129 4638 1257 4709 lege
1314 4644 1481 4694 erant
1535 4639 1734 4710 loqui:
1765 4656 1958 4711 neque
1990 4641 2098 4710 igni

2264 4643 2534 4714 θετημένον
2589 4646 2853 4717 προύτεινε
2912 4648 3005 4702 τήν
3049 4644 3208 4717 ῥῆσιν
3252 4657 3266 4673 ⁶
3321 4640 3416 4694 ούκ
3471 4638 3734 4714 ἕφάμιλλον
3784 4640 3828 4703 τῇ

501 4726 675 4781 rabat
698 4728 1209 4797 comparationem
1233 4743 1356 4799 qua
1375 4728 1540 4782 utitui
1558 4727 1848 4793 Salvator,
1871 4745 2005 4783 cum
2030 4730 2095 4785 ai‘

2257 4736 2365 4802 Νέᾳ
2411 4737 2503 4789 τὴν
2559 4732 2788 4784 Παλαιὰν
2844 4732 3157 4805 συμϐάλλων
3193 4746 3206 4761 ⁸
3253 4736 3326 4804 μὴ
3377 4734 3578 4803 γένοιτο
3606 4747 3618 4760 ’
3650 4727 3706 4781 ού
3749 4725 3826 4796 γὰρ

500 4815 734 4870 Dictum
757 4823 838 4871 est
869 4816 1028 4870 illud
1057 4816 1321 4887 antiquis
1354 4837 1375 4885 ,-
1403 4832 1507 4885 ego
1540 4820 1734 4871 autem
1766 4817 1874 4872 hoc
1896 4817 2027 4873 dico
2052 4834 2094 4872 υι

2256 4819 2464 4890 ἡθγνόει
2490 4822 2569 4873 ὅτι
2616 4824 2713 4874 ὅσα
2762 4824 2946 4894 ὀνόμος
2975 4822 3132 4893 λέγει,
3187 4827 3292 4881 τοῖς
3324 4820 3371 4873 έν
3414 4829 3485 4892 τῷ
3520 4824 3656 4891 νόμῳ
3682 4814 3820 4867 λαλεῖ.

499 4904 583 4959 bis
618 4906 660 4956 ³.
690 4907 903 4972 Quare,
932 4906 1082 4960 sicut
1114 4905 1467 4975 Demophilo
1502 4905 1739 4959 cuidam)
1789 4905 2029 4961 divinus
2063 4908 2093 4962 d

2257 4907 2395 4961 Ούδε
2426 4914 2518 4967 τὴν
2544 4918 2635 4962 τού
2666 4918 2904 4986 Σωτῆρος
2943 4914 3245 4983 σύγκρισιν,
3279 4908 3327 4961 ἓν
3420 4928 3576 4981 φησιν
3604 4927 3617 4939 ·
3651 4902 3824 4977 Ἐρρέ-

496 4993 573 5048 cit
617 4992 954 5065 Dionysius,
994 4994 1238 5049 minime
1269 4992 1646 5048 aemulandos
1700 4994 1957 5064 impetus
2014 5001 2090 5050 tm

2255 4998 2326 5054 θη
2370 5006 2503 5060 τοῖς
2532 4998 2850 5072 ἀρχαίοις
2878 4996 3053 5053 τόδε⁶
3080 4998 3198 5071 ἐγὼ
3231 4996 3298 5051 δε
3336 4997 3492 5069 λέγω
3523 4997 3665 5069 ύμῖν
3689 4986 3820 5046 τόδε-

493 5096 617 5136 non
639 5082 1135 5154 approbabimus,
1173 5082 1279 5137 etsi
1298 5082 1506 5136 millies
1533 5080 1797 5150 proferas
1820 5082 2067 5138 Phinees

2249 5084 2429 5151 Ὥστε,
2471 5090 2608 5139 καθά
2666 5108 2822 5160 φησιν
2862 5090 2887 5141 ό
2945 5091 3239 5163 θεοφάντωρ
3275 5090 3538 5147 Διονύσιος
3587 5087 3703 5157 πρός
3728 5094 3819 5131 τινα

494 5170 699 5226 Eliam.
733 5174 866 5226 Haec
893 5172 1052 5226 enim
1081 5188 1219 5226 cum
1251 5170 1483 5225 audiret
1530 5170 1719 5235 Iesus,
1751 5186 2088 5243 nequaqual

2251 5175 2561 5247 Δημόφιλον,
2594 5177 2687 5229 οὐκ
2712 5175 3071 5250 ἁποδεξόμεθοί
3099 5196 3191 5230 σου
3224 5178 3317 5238 τὰς
3333 5175 3630 5237 ἀζηλὼτους
3660 5169 3815 5243 ὁρμὰς,

492 5258 607 5330 ipsi
632 5260 1175 5330 placuerunthujus
1206 5258 1499 5314 mansueti
1532 5265 1585 5313 et
1612 5258 1749 5313 boui
1781 5260 2024 5329 spiritus
2046 5278 2086 5317 θ·

2246 5262 2341 5314 κᾶν
2364 5265 2406 5316 εἰ
2439 5265 2592 5336 [cod.
2615 5269 2752 5336 Reg.
2782 5263 2895 5320 οὐδ’
2924 5266 2992 5339 εἰ]
3022 5269 3267 5341 μυριάκις
3298 5262 3629 5321 ἓπαναλάϐοις
3652 5262 3729 5311 τόν
3750 5260 3816 5307 φι-

490 5354 685 5420 perles
706 5348 1002 5420 discipuli.
1035 5352 1179 5403 Nam
1204 5354 1261 5402 et
1281 5347 1694 5401 divinissimus
1718 5352 1921 5403 noster
1946 5366 2084 5406 sacri

2246 5360 2347 5415 νεες
2378 5359 2463 5406 καὶ
2492 5359 2577 5406 τόν
2617 5356 2813 5412 Ἠλίαν,
2853 5363 3032 5409 Ταῦτα
3069 5358 3170 5429 γὰρ
3202 5353 3458 5408 ἀκούοντα
3486 5357 3568 5406 τόν
3612 5351 3809 5407 Ἰησοῦν,

562 5456 609 5489 ’³
640 5455 841 5512 Matth.
873 5470 991 5520 xm,
1022 5458 1111 5509 29.
1191 5455 1237 5488 9°
1266 5454 1436 5507 Hom.
1469 5454 1535 5506 47
1569 5453 1625 5508 in
1655 5452 1854 5509 Matth.
1934 5456 1950 5489 ¹
1981 5457 2082 5528 Epi

488 5542 646 5587 xxm.
680 5530 767 5582 34.
848 5528 868 5560 ³
901 5526 1097 5583 Matth.
1140 5542 1192 5587 v,
1226 5529 1314 5587 2t,
1357 5528 1444 5578 22.

2205 5464 2238 5523 ν,
2297 5458 2375 5514 ad
2439 5459 2850 5531 Demophilum
2888 5461 3276 5529 monachum,
3309 5476 3477 5516 num.
3509 5463 3561 5515 6.
3636 5460 3655 5490 ³
3681 5453 3799 5508 Lue-

630 5570 646 5602 ἲ
680 5566 767 5582 υἶδ
901 5566 1097 5583 ιιιιιυιιιι
1148 5566 1192 5591 ν,
1228 5566 1314 5590 ,ι’
1358 5566 1444 5578 --ι
