4036 6276
263 339 401 397 1485

1530 338 2035 399 EPISTOLARUM
2068 344 2201 399 LIB.
2236 345 2301 400 ll.

3476 352 3611 410 1488

254 476 348 529 ούκ
398 480 617 543 ἤρεσκον
660 476 708 527 οἱ
736 483 829 526 τοῦ
857 478 1043 546 πραέος
1093 478 1278 527 τούτου
1328 480 1414 527 καὶ
1454 476 1654 542 ἀγαθοῦ
1716 483 1865 527 πνεῦ-

1990 492 2115 532 rum
2141 478 2437 533 institutor
2462 481 2519 534 iu
2562 483 3019 537 mansuetudine
3048 484 3217 540 docet
3250 501 3352 541 eos
3375 487 3476 559 qui
3508 487 3614 543 do-

261 585 423 639 ματος
460 563 713 637 ἁμέτοχοι
773 565 1026 635 μαθηταί.
1081 566 1185 619 Καὶ
1229 567 1329 637 γὰρ
1413 567 1530 617 καὶὸ
1611 566 1871 630 θειότατος

270 663 415 727 ημῶν
459 654 713 726 ἱεροθέτης
766 652 815 704 έν
870 659 1127 727 πραότητι
1180 649 1429 705 διδάσκει
1471 657 1591 714 τούς
1641 650 1872 705 ἀντιδια-

273 746 571 815 τιθεμένους
624 749 687 814 τῇ
759 738 1084 813 διδασκαλίᾳ
1157 749 1247 794 τοῦ
1305 749 1458 795 Θεοῦ.
1514 739 1871 795 Διδάσκεσθαι

280 834 399 905 γὰρ,
434 831 492 884 ού
546 832 891 905 τιμωρεῖσθαι
937 835 1046 903 χρὴ
1105 835 1227 892 τούς
1274 830 1600 901 ἀγνοοῦντας.
1660 830 1868 883 Ἠνωτί-

279 923 447 994 σμεθα
500 918 608 989 οὖν,
659 918 697 972 ὦ
741 922 938 994 μάκαρ,
994 918 1028 971 ἁ
1072 919 1247 992 λελεχε
1284 925 1373 972 καὶ
1406 922 1430 972 6
1464 923 1595 994 ἱερός
1646 920 1865 984 Παῦλος,

275 1012 301 1062 6
340 1010 484 1071 ἣλιος
521 1018 614 1072 τῆς
662 1011 733 1062 ύπ
779 1009 1015 1082 ούρανόν,
1063 1014 1209 1080 Λέγει
1256 1014 1425 1061 τοίνυν
1453 1014 1542 1061 καὶ
1572 1011 1597 1060 6
1631 1011 1868 1081 θεοφόρος

260 1098 522 1171 Ἰγνάτιος
554 1116 565 1128 ⁸
598 1103 731 1160 Τοὺς
772 1106 1055 1171 μισοῦντας
1100 1095 1185 1150 οὖν
1230 1102 1315 1150 τὸν
1356 1103 1482 1152 Θεὸν
1525 1107 1697 1170 μισεῖν
1732 1103 1865 1169 χρὴ,

1572 1192 1629 1239 ού
1663 1192 1765 1258 μὴν
1807 1184 1865 1239 δὲ

1348 1278 1580 1347 καθάπερ
1632 1279 1695 1327 τὰ
1749 1277 1866 1332 ἔθνη

259 1207 349 1240 και
379 1188 462 1241 ἐπὶ
514 1194 621 1250 τοῖς
674 1187 897 1259 ἐχθροῖς
938 1187 1093 1239 αὐτοῦ
1148 1187 1468 1245 έκτετηκέναι
1501 1203 1514 1216 ⁸

262 1273 470 1329 διώκειν
527 1277 663 1348 ἡμᾶς
710 1275 899 1337 αύτούς
955 1276 983 1334 ἦ
1038 1278 1246 1328 τύπτειν
1279 1297 1291 1309 ·

263 1368 329 1417 τὰ
358 1369 429 1437 μή
472 1361 653 1417 εἰδότα
691 1368 776 1416 τὸν
826 1369 971 1419 Θεόν.
1020 1364 1081 1418 Εἰ
1113 1362 1171 1417 δὲ
1215 1365 1273 1416 ού
1303 1369 1511 1417 τύπτειν
1544 1361 1644 1430 δεῖ,
1696 1364 1865 1436 σχολῇ

259 1462 385 1525 γοῦν
425 1454 613 1516 αύτούς
665 1458 876 1506 κτένειν.
934 1449 1149 1511 Ἐπειδὴ
1212 1451 1270 1506 δὲ
1320 1460 1409 1506 καὶ
1457 1458 1541 1506 τόν
1572 1454 1719 1525 οἷγιον
1769 1461 1867 1506 Συ-

261 1548 396 1616 μεὼν
439 1548 525 1596 τόν
581 1552 673 1596 τοῦ
736 1546 1042 1616 θαυμαστοῦ
1110 1547 1262 1617 ὅρους
1318 1544 1542 1615 εἴληφας,
1615 1541 1866 1607 δέσποτα,

265 1630 509 1706 συνᾴδειν
542 1652 626 1686 σοι
660 1650 673 1663 °
748 1638 817 1702 μή
852 1640 1001 1685 τοῦτο
1054 1635 1184 1697 οἵου,
1233 1635 1350 1707 ἱερε,
1384 1636 1450 1695 ὡς
1479 1635 1709 1705 μάχεται
1739 1641 1868 1704 Χρι-

266 1732 395 1794 στῷ,
437 1724 465 1782 ἢ
518 1730 628 1785 τοῖς
657 1724 783 1796 ὑπὲρ
824 1723 978 1774 αύτόν
1029 1718 1406 1782 διδασκάλοις.
1469 1722 1626 1776 Ἀλλὰ
1664 1727 1715 1774 τί
1744 1739 1756 1788 ;
1789 1722 1868 1775 ἐπὶ

1982 567 2183 621 ctrina
2224 567 2323 621 Dei
2355 569 2771 626 adversantur.
2829 572 3031 627 Doceri
3063 575 3221 629 enim
3255 591 3377 630 non
3424 578 3621 648 puniri

1980 661 2213 725 oportet
2236 657 2599 721 ignorantes.
2623 659 2976 715 Audivimus
2998 662 3193 733 igitur,
3223 680 3258 719 ο
3281 663 3627 737 beate,qua

1982 746 2126 800 dixit
2151 762 2317 801 sacer
2349 747 2582 815 Paulus,
2616 748 2703 803 sol
2722 749 2885 805 orbis
2920 751 3196 806 universi.
3223 753 3315 807 Ait
3344 760 3542 809 autem
3574 761 3630 812 et

1980 834 2443 903 deiferlgnatius
2460 837 2512 892 ιε
2543 837 2690 892 0dio
2708 838 2905 910 itaque
2919 840 3101 895 Deum
3117 840 3402 897 habentes
3416 858 3627 900 conve-

1980 924 2063 977 nit
2086 925 2225 979 odio
2256 924 2496 988 habere,
2529 932 2582 981 et
2610 942 2789 998 super
2820 928 3093 983 inimicos
3125 930 3253 999 ejus
3285 931 3624 1001 tabescere;

1980 1028 2100 1067 non
2122 1018 2319 1068 tamen
2335 1014 2465 1069 illos
2486 1016 2761 1087 persequi
2778 1022 2878 1072 aut
2897 1017 3230 1084 verberare,
3251 1018 3404 1075 sicut
3425 1025 3628 1092 gentes

1978 1118 2111 1173 qua
2144 1119 2263 1158 non
2293 1111 2588 1159 noverunt
2621 1105 2827 1161 Deum.
2858 1106 3027 1171 Quod
3070 1107 3113 1162 si
3146 1107 3461 1164 verberare
3504 1125 3626 1166 non

1980 1197 2231 1262 oportet,
2266 1193 2429 1247 nullo
2481 1194 2679 1265 utique
2720 1194 2903 1250 modo
2952 1195 3081 1250 illos
3121 1196 3413 1253 occidere.
3457 1198 3628 1264 Quod

1980 1287 2178 1336 autem
2213 1282 2268 1335 id
2301 1284 2629 1353 sumpsisti,
2672 1289 2943 1339 sanctum
2980 1300 3224 1357 quoque
3264 1287 3628 1354 Simeonem,

1979 1371 2080 1442 qui
2109 1370 2166 1424 in
2198 1370 2554 1426 admirando
2589 1377 2786 1427 monte
2810 1378 2914 1435 est,
2949 1378 3164 1440 tecum,
3191 1374 3453 1440 domine,
3490 1391 3629 1432 con-

1980 1459 2192 1513 sentire
2225 1476 2236 1513 :
2277 1458 2393 1514 noli
2426 1460 2537 1515 hoc
2583 1462 2938 1526 existimare,
2982 1463 3072 1517 vir
3101 1479 3289 1529 sacer,
3327 1464 3493 1537 quod
3534 1464 3627 1521 ille

1980 1548 2208 1602 Christo
2242 1557 2549 1618 repugnet,
2585 1555 2682 1604 aut
2723 1551 3019 1619 magistris
3060 1552 3396 1621 potioribus
3442 1569 3628 1626 quam

1980 1637 2106 1707 ipse
2140 1637 2231 1692 sit.
2270 1638 2378 1693 Sed
2421 1638 2565 1711 quid
2597 1638 2624 1692 ?
2656 1641 2859 1694 Sermo
2888 1639 2969 1694 illi
2997 1645 3122 1695 erat
3159 1641 3519 1698 hortatorius
3551 1644 3627 1699 ad

1980 1728 2133 1783 illius
2165 1728 2446 1797 temporis
2477 1728 2920 1799 imperatorem,
2955 1728 3027 1784 de
3060 1735 3230 1798 gente
3270 1747 3405 1803 qua
3440 1747 3629 1804 popu-

260 1814 391 1865 ἓθνει
453 1813 862 1885 τραυματίζοντι
913 1816 973 1863 τὸ
1047 1814 1372 1885 Χριστιανὸν
1430 1811 1580 1883 φῦλον
1646 1813 1671 1863 6
1727 1811 1872 1881 λόγος

1990 1818 2104 1872 lum
2125 1816 2521 1873 Christianum
2552 1816 2901 1872 infestabat:
2933 1833 3006 1872 ne
3028 1834 3063 1873 a
3091 1818 3400 1875 Samaritis
3429 1821 3629 1893 oppri-

268 1901 409 1971 αύτῷ
448 1909 539 1961 τῆς
567 1904 697 1976 πρὸς
752 1902 836 1953 τὸν
890 1908 1178 1958 τηνικαῦτα
1220 1898 1444 1971 βασιλέα
1480 1900 1871 1972 παρακλήσεως,

272 1992 341 2052 ὡς
372 1989 432 2042 ἆν
471 1993 542 2062 μὴ
600 1992 873 2063 πορθοῖντο
918 1991 1017 2042 ύπό
1066 1996 1395 2061 Σαμαρειτῶν
1452 1992 1500 2041 οἱ
1542 1993 1871 2061 Χριστιανοὶ.

274 2079 383 2134 Καὶ
421 2075 535 2151 εὖγε
584 2083 717 2152 ἔχει.
755 2084 854 2133 Καὶ
912 2086 999 2131 νῦν
1050 2082 1210 2131 ταυτό
1240 2086 1393 2131 τοῦτο
1431 2078 1827 2152 παρακαλοῦμεν
1858 2094 1871 2108 ·

279 2174 368 2221 καὶ
420 2170 620 2230 Σκύθας
648 2174 739 2221 καὶ
787 2167 1052 2243 ’Ἅρῥαϐας
1104 2169 1449 2230 θανατοῦντας
1500 2172 1586 2220 τὸν
1616 2168 1736 2219 λαὸν
1784 2174 1875 2219 τοῦ

265 2265 397 2312 Θεοῦ
462 2257 719 2330 πολεμεῖν,
778 2264 868 2309 καὶ
940 2263 1011 2330 μὴ
1082 2253 1356 2329 φείδεσθαι
1422 2261 1544 2317 τοὺς
1613 2256 1873 2330 βασιλέας¹

262 2346 422 2402 Ἀλλο
472 2355 647 2411 τοῦτο,
703 2348 910 2399 κάκεῖνο
955 2347 1121 2422 ἕτερον
1156 2362 1169 2376 ·
1201 2350 1259 2398 τὸ
1312 2349 1402 2418 μὲν
1434 2345 1516 2399 ἐπὶ
1574 2349 1690 2406 τοὺς
1733 2345 1877 2398 πολε-

265 2443 415 2511 μίους
455 2452 467 2465 ⁸
532 2440 590 2488 τὸ
643 2433 702 2488 δὲ
760 2438 842 2487 ἐπὶ
896 2440 1016 2497 τοὺς
1073 2438 1174 2488 ύπό
1231 2442 1391 2508 χεῖρα
1444 2437 1753 2508 αἰρετικούς.
1807 2438 1876 2487 T6

270 2529 370 2599 γάρ
412 2544 494 2577 τοι
532 2529 651 2597 περὶ
702 2532 793 2577 τοῦ
842 2531 1147 2581 Νηστευτοῦ
1180 2524 1418 2577 Ἰωάννου
1449 2531 1541 2577 τοῦ
1591 2534 1685 2586 τῆς
1737 2531 1879 2577 Κων-

281 2613 750 2673 σταντινουπόλεως
805 2610 1083 2685 προέδρου,
1146 2617 1206 2666 οῦ
1255 2633 1345 2684 μοι
1398 2618 1629 2685 φαίνεται
1670 2612 1873 2677 ἀληθὲς,

274 2702 558 2777 ἐπιτρέψαι
651 2702 1170 2761 ἀνασκολοπισθῆναι
1243 2706 1363 2764 τοὺς
1436 2709 1646 2774 γόητας,
1752 2701 1878 2755 ἀλλὰ

268 2796 803 2867 παρακεχωρηκέναι.
865 2798 1037 2853 Φονεῖς
1090 2794 1192 2863 γὰρ
1247 2792 1434 2844 καύτοί
1478 2810 1492 2824 ’
1554 2790 1627 2864 ἐφ’
1678 2790 1764 2853 οῦς
1817 2792 1875 2843 ού

270 2882 524 2935 κωλυτέον
580 2887 689 2942 τοῖς
768 2888 1023 2953 κρατοῦσι
1073 2882 1140 2932 τὰ
1189 2888 1288 2931 τῶν
1351 2880 1650 2951 Ῥωμαϊκῶν
1709 2886 1876 2952 νόμων

270 2969 423 3047 δρᾷν.
453 2970 537 3023 Ού
566 2972 687 3044 γὰρ
729 2969 888 3035 εἰκῆ,
920 2973 1070 3041 φησὶ,
1112 2972 1229 3026 τὴν
1268 2971 1619 3043 μάχαιραν
1659 2977 1877 3043 φοροῦ·

271 3079 376 3114 σιν
405 3080 418 3093 ·
461 3056 719 3113 ἓκδικοί
758 3059 898 3111 εἰσι
935 3056 1016 3129 τῷ
1054 3061 1119 3111 τὸ
1150 3062 1347 3110 κακὸν
1386 3060 1780 3129 πράσσοντι’
1816 3059 1875 3110 οῦ

651 2702 1170 2761 ἀνασκολοπισθῆναι
1243 2706 1363 2764 τοὺς
1436 2709 1646 2774 γόητας,

1984 1911 2285 1962 merentur
2307 1905 2639 1961 Christiani.
2674 1906 2843 1971 Quod
2868 1905 3018 1961 bene
3044 1907 3238 1963 habet.
3263 1911 3428 1964 Nunc
3449 1909 3626 1965 etiam

1985 1996 2247 2067 idipsum
2264 1996 2653 2063 obtestamur,
2679 2000 2740 2049 ut
2769 1995 3019 2066 Scythas
3043 2000 3095 2052 et
3116 1996 3366 2062 Arabas,
3392 1998 3497 2070 qui
3526 1998 3627 2055 Dei

1984 2083 2274 2157 populum
2318 2084 2639 2155 perimunt,
2673 2084 2825 2139 bello
2857 2090 3077 2155 petant,
3123 2101 3230 2141 nec
3269 2087 3347 2142 illi
3379 2092 3631 2159 parcant

1984 2175 2389 2246 imperatores.
2432 2172 2546 2229 Sed
2577 2178 2664 2228 est
2693 2174 2852 2228 istud
2892 2174 2970 2229 ab
3010 2174 3107 2230 illo
3141 2175 3477 2244 diversum;
3515 2179 3629 2233 hoc

1986 2264 2144 2318 enim
2178 2261 2470 2318 adversus
2494 2262 2713 2328 hostes,
2744 2261 2883 2316 illud
2912 2268 3115 2318 contra
3145 2264 3416 2321 subditos
3447 2264 3630 2321 hare-

1989 2354 2154 2407 ticos.
2192 2353 2406 2417 Quare,
2431 2352 2592 2422 quod
2623 2351 2695 2405 de
2716 2354 2942 2407 Joanne
2964 2352 3321 2423 jejunatore,
3348 2354 3629 2411 Constan-

1988 2441 2379 2512 tinopolitano
2411 2441 2668 2495 antistite
2701 2440 2914 2506 ferunt,
2960 2441 3278 2497 mandasse
3306 2447 3368 2499 ut
3406 2445 3630 2514 prasti-

1989 2532 2247 2603 giatores
2268 2531 2324 2585 in
2349 2545 2581 2585 crucem
2619 2537 2954 2600 agerentur,
2988 2530 3132 2585 mihi
3165 2547 3371 2587 verum
3405 2548 3523 2588 non
3550 2534 3627 2589 vi-

1986 2620 2177 2686 detur,
2213 2619 2317 2674 sed
2350 2619 2711 2690 permisisse.
2758 2619 3077 2675 Homicida
3108 2635 3371 2692 namque
3399 2627 3536 2678 sunt
3574 2628 3631 2678 et

1987 2711 2099 2782 ipsi
2128 2728 2140 2765 :
2183 2710 2257 2763 de
2287 2709 2508 2781 quibus
2541 2707 2865 2763 vetandum
2886 2724 3006 2763 non
3037 2714 3142 2774 est,
3176 2710 3503 2781 quominus
3527 2712 3630 2785 qui

1986 2816 2183 2855 rerum
2236 2798 2561 2870 potiuntur,
2606 2813 2676 2852 ex
2702 2796 2933 2867 legibus
2961 2798 3240 2853 Romanis
3285 2798 3629 2857 decernant.

1986 2890 2119 2945 Non
2170 2889 2321 2943 enim
2363 2889 2488 2942 sine
2530 2902 2735 2948 causa.
2780 2887 2994 2958 inquit,
3033 2888 3304 2957 gladium
3343 2893 3631 2961 portant,-

1987 2978 2248 3034 vindices
2278 2981 2415 3032 sunt
2440 2976 2612 3046 eiqui
2632 2976 2855 3030 malum
2886 2976 3011 3045 agit
3037 2976 3080 3010 ⁵⁷
3110 2992 3123 3041 ;
3164 2976 3267 3030 sed
3292 2992 3412 3032 non
3439 2978 3497 3032 in
3530 2992 3632 3034 eos

1987 3067 2060 3121 de
2088 3066 2306 3139 quibus
2336 3065 2619 3119 Dominus
2653 3063 2974 3136 prohibuit,
3007 3064 3343 3135 permittere
3377 3071 3628 3137 oportet.

266 3155 365 3223 μὴν
396 3149 471 3222 ἐφ’
503 3149 591 3211 οὓς
617 3150 642 3201 6
676 3150 861 3223 Κύριος
885 3146 1159 3213 ἐκωλυσεν,
1189 3146 1477 3221 ἐπιτρέπειν
1519 3152 1652 3220 χρὴ.
1700 3150 1872 3219 Σωμά-

1990 3156 2097 3224 Qui
2113 3156 2268 3210 enim
2298 3154 2647 3225 corporibus
2669 3158 2953 3224 prasunt,
2974 3152 3066 3207 his
3099 3152 3231 3208 licet
3256 3153 3507 3224 plectere
3527 3171 3633 3212 eos

272 3259 373 3293 των
402 3241 504 3313 γὰρ
533 3240 798 3312 ἄρχοντες,
824 3241 945 3299 τοὺς
975 3236 1021 3288 ἐν
1047 3244 1159 3298 τοῖς
1186 3244 1505 3309 σωματικοῖς
1530 3237 1741 3297 ἁλόντας
1768 3236 1875 3299 ἐξὸν

276 3329 456 3390 αύτοίς
494 3327 730 3388 κολάζειν
772 3345 784 3357 ·
821 3326 949 3399 ούχὶ
980 3330 1096 3385 τούς
1135 3324 1183 3377 ἔν
1216 3334 1318 3386 τοῖς
1348 3328 1485 3377 κατὰ
1520 3324 1707 3397 ψυχήν
1736 3343 1748 3355 ·
1780 3335 1876 3378 τῶν

266 3420 368 3491 γὰρ
398 3417 590 3490 ψυχῶν
638 3415 907 3489 ἀρχόντων
938 3423 1089 3468 τοῦτο
1130 3430 1142 3443 '
1200 3413 1266 3466 ὧν
1304 3418 1371 3466 τὰ
1400 3414 1745 3489 κολαστήρια,
1780 3414 1874 3486 ἀφ-

268 3511 502 3580 ορισμοὶ,
533 3511 622 3558 καὶ
650 3507 704 3557 αἱ
729 3506 908 3558 λοιπαὶ
935 3508 1219 3575 ἑπιτιμίαι,

342 3597 521 3658 Οὕτως
579 3591 686 3665 οὖν,
721 3592 760 3645 ὦ
804 3590 1053 3658 δέσποτα,
1108 3595 1254 3665 ἡμεῖς
1306 3596 1357 3645 οἱ
1407 3592 1618 3654 εὐτελεῖς
1668 3602 1878 3665 φρονοῦ.

267 3706 358 3760 μεν
388 3702 400 3714 ·
433 3689 525 3737 καί
554 3702 630 3756 γε,
693 3684 774 3735 ’ίνα
824 3682 870 3735 ἐν
925 3681 1190 3755 ἀφροσύνῃ
1243 3685 1490 3754 εἴποιμεν,
1544 3687 1629 3736 καὶ
1679 3682 1877 3758 παῤῥη-

274 3780 366 3848 σίᾳ
414 3773 764 3845 λελαλὴκαμεν
820 3780 889 3843 τῷ
938 3774 1025 3842 μὶν
1074 3773 1463 3845 μακαριωτάτῳ
1520 3774 1664 3844 ἡμῶν
1696 3792 1878 3845 πατρι-

274 3868 445 3939 άρχη,
505 3865 586 3916 ὅτι
636 3866 883 3935 μαχαίρᾳ
940 3862 966 3919 ἡ
1024 3860 1313 3919 Ἐκκλησία
1367 3861 1459 3913 οῦκ
1519 3858 1735 3926 ἓκδικεῖ,
1792 3861 1880 3913 καὶ

280 3956 555 4007 κατένευσε
583 3969 595 3981 ·
646 3957 753 4011 τοῖς
783 3946 841 4002 δε
892 3954 985 4008 τὴν
1022 3954 1228 4021 σφαγὴν
1280 3947 1519 4024 δράσασι
1562 3949 1840 4023 βασιλεῦσι
1865 3972 1875 3982 ·

272 4050 346 4114 τῷ
377 4046 467 4115 μὲν
523 4047 723 4115 πρώτῳ,
761 4041 841 4092 ὅτι
896 4038 1005 4091 Ούκ
1037 4038 1235 4111 ἠρέσθη
1270 4042 1399 4100 Θεὸς
1433 4037 1514 4091 ἐπὶ
1544 4046 1605 4111 τῇ
1662 4042 1877 4111 τοιαύτῃ

275 4131 537 4204 ἀναιρέσει
569 4150 581 4163 σ
644 4138 715 4200 τῷ
763 4125 821 4181 δὲ
881 4124 1105 4201 δευτέρῳ
1142 4126 1449 4179 ἀπαιτοῦντι
1504 4132 1597 4186 τὴν
1658 4148 1881 4200 συνηγο-

273 4225 391 4295 ρίαν
448 4228 545 4282 τῆς
605 4218 932 4293 ἀναιρέσεως,
1002 4219 1083 4269 ὅτι
1134 4223 1386 4291 Πρότερον
1440 4220 1469 4276 ἡ
1531 4216 1721 4289 κεφαλὴ
1780 4237 1879 4290 μου

273 4312 496 4383 αἴρεται,
528 4313 657 4383 ἥπερ
708 4308 991 4359 συνθέσθαι
1033 4326 1095 4379 με
1152 4309 1333 4380 τούτῳ.
1392 4313 1571 4359 Ταῦτα
1618 4303 1683 4365 δὴ
1734 4307 1855 4381 παρ’

272 4402 418 4471 ἡμῶν
470 4407 568 4451 τῶν
621 4396 956 4470 ἁμαρτωλῶν.
1012 4402 1162 4469 Υμεῖς
1197 4393 1275 4465 δὲ,
1327 4396 1630 4467 ἁγιώτατοι,
1678 4396 1720 4448 εἰ
1765 4396 1865 4448 ἓτε-

1987 3245 2091 3319 qui
2123 3245 2182 3299 in
2230 3242 2641 3314 corporalibus
2673 3242 2928 3297 convicti
2969 3241 3185 3297 fuerint
3218 3259 3229 3297 :
3268 3258 3388 3299 non
3426 3249 3632 3300 autem

1986 3351 2087 3391 eos
2119 3335 2219 3406 qui
2252 3334 2309 3387 in
2351 3331 2784 3402 spiritualibus;
2819 3332 2932 3385 hoc
2966 3332 3125 3386 enim
3168 3348 3377 3388 eorum
3407 3339 3493 3389 est
3529 3332 3635 3406 qui

1988 3424 2222 3480 animas
2248 3428 2488 3491 regunt;
2517 3437 2775 3493 quorum
2797 3420 3345 3476 animadversiones
3376 3428 3514 3478 sunt
3536 3438 3635 3478 ex-

1987 3511 2584 3575 communicationes,
2614 3516 2669 3564 et
2698 3509 2940 3581 reliqua
2967 3525 3179 3580 pana.

2063 3605 2153 3660 Sic
2179 3617 2337 3671 ergo.
2366 3600 2630 3663 domine,
2659 3615 2767 3654 nos
2796 3598 3051 3653 humiles
3075 3598 3397 3656 sentimus:
3427 3604 3483 3656 et
3507 3601 3635 3673 qui-

1989 3695 2148 3760 dem,
2172 3696 2232 3747 ut
2252 3691 2310 3745 in
2330 3689 2671 3761 insipientia
2694 3689 2988 3751 dicamus,
3014 3688 3193 3743 libere
3216 3688 3393 3744 locuti
3424 3706 3635 3746 sumus

1988 3782 2334 3838 beatissimo
2358 3777 2707 3850 patriarcha
2725 3782 2951 3843 nostro,
2976 3777 3138 3849 quod
3165 3777 3416 3834 Ecclesia
3433 3778 3635 3851 gladio

1991 3888 2109 3927 non
2153 3869 2433 3935 vindicet;
2467 3867 2569 3939 qui
2601 3865 2847 3938 quidem
2890 3866 3133 3932 annuit;
3174 3866 3635 3937 imperatoribus

1994 3977 2146 4029 vero,
2189 3959 2291 4030 qui
2328 3957 2547 4012 cadem
2587 3960 2919 4028 patrarunt,
2958 3955 3138 4026 priori
3170 3956 3436 4027 quidem,
3471 3954 3635 4028 quod

1989 4051 2111 4105 Deo
2142 4048 2276 4103 talis
2327 4045 2520 4101 cades
2562 4061 2678 4100 non
2721 4044 3034 4115 placuerit;
3080 4044 3394 4115 posteriori
3433 4050 3633 4100 autem

1992 4156 2129 4196 cum
2162 4136 2341 4192 cadis
2369 4135 2775 4191 defensionem
2818 4135 3091 4203 exigeret,
3126 4135 3292 4206 prius
3326 4134 3468 4190 mihi
3512 4133 3635 4189 adi-

1994 4227 2281 4283 mendum
2324 4231 2524 4297 caput,
2573 4240 2757 4296 quam
2789 4228 2850 4278 ut
2900 4223 2991 4278 his
3031 4224 3448 4279 con~entirem.
3502 4223 3637 4279 Hac

1992 4320 2189 4389 itaque
2212 4333 2245 4371 a
2271 4315 2446 4370 nobis
2468 4313 2899 4385 peccatoribus.
2921 4314 3033 4367 Vos
3058 4328 3214 4377 vero,
3243 4312 3634 4379 sanctissimi,

1991 4407 2037 4461 si
2058 4406 2219 4461 aliud
2238 4403 2615 4475 Evangelium
2633 4400 2877 4470 legistis,
2893 4401 3055 4473 quod
3074 4417 3180 4456 nos
3196 4417 3315 4457 non
3330 4401 3635 4465 novimus,

271 4506 362 4561 ρον
394 4485 705 4559 Εύαγγελιον
758 4484 1023 4555 ἀνέγνωτε,
1080 4485 1199 4557 ὅπερ
1242 4487 1393 4556 ἡμεῖς
1445 4484 1539 4536 ούκ
1603 4487 1772 4556 ἴσμεν,
1824 4480 1872 4535 εὖ

1990 4497 2137 4551 bene
2172 4492 2445 4558 habebit;
2485 4492 2575 4546 sin
2616 4490 2834 4559 minus,
2875 4490 3249 4545 considerate
3290 4488 3436 4562 quid
3477 4490 3636 4545 dicat

276 4576 339 4629 ἂν
370 4578 487 4649 ἔχοι
514 4593 526 4606 ⁸
562 4576 604 4629 εἰ
633 4572 691 4629 δε
715 4578 811 4648 μὴ,
868 4578 1171 4633 σκοπήσατε
1218 4580 1269 4627 τί
1307 4575 1332 4626 6
1363 4575 1679 4636 Ἀπόστολος
1733 4572 1854 4626 ἁπο-

280 4672 531 4741 φαίνοιτο.

275 4800 441 4875 PN:
492 4800 627 4873 (48).
688 4831 756 4841 -ο
811 4808 896 4874 Τῇ
951 4804 1096 4874 περὶ
1147 4802 1251 4852 τόν
1309 4803 1672 4873 Πατρίκιον
1734 4800 1875 4851 υἱὸν

865 4896 1276 4971 ἀδελφότητι.

1989 4584 2327 4658 Apostolus.

2063 4801 2235 4857 CLVI.
2252 4830 2315 4841 —
2341 4798 2657 4855 Fratribus
2679 4796 2927 4869 quicum
2948 4795 3215 4852 Patricio
3242 4794 3368 4864 ﬁlio
3391 4798 3532 4850 sunt
3553 4795 3632 4867 (').

738 4997 810 5047 De
833 4996 1139 5060 Theologia,
1171 5000 1223 5045 et
1245 4994 1310 5044 de
1337 4994 1683 5044 immaculata
1706 4995 1939 5058 imagine
1965 5004 2120 5041 sacra
2151 4987 2361 5038 Domini
2391 4990 2445 5035 et.
2468 4986 2559 5035 Dei
2594 4985 2762 5033 nostri
2796 4983 2924 5032 Jesu
2950 4982 3158 5032 Christi.

351 5083 596 5160 Ἀδελφοί
643 5091 732 5138 καὶ
778 5091 1021 5158 Πατέρες,
1076 5085 1430 5160 παρακληθεὶς
1471 5086 1613 5155 παρά
1649 5091 1741 5136 τοῦ
1772 5091 1875 5136 Πα-

275 5180 400 5248 τρός
451 5177 613 5248 ύμῶν,
664 5176 732 5235 ὡς
778 5178 957 5245 Πατὴρ
1003 5172 1264 5239 κάκείνου,
1316 5177 1405 5223 καὶ
1436 5173 1577 5243 ὑμῶν
1627 5168 1700 5223 δι’
1751 5174 1873 5224 ἐκεί.

274 5284 387 5329 νου,
430 5264 664 5317 λαλῶσαι
713 5264 835 5335 ύμῖν
862 5265 924 5314 τὰ
970 5265 1101 5336 πρὸς
1159 5266 1421 5333 σωτηρίαν
1451 5278 1463 5290 ·
1498 5266 1588 5313 καὶ
1634 5259 1879 5319 ἐπείσθην

277 5355 511 5419 εἰκότως,
566 5358 655 5406 καὶ
709 5354 1001 5425 φθέγγομαι
1032 5352 1057 5403 6
1106 5354 1344 5413 ταπεινός
1408 5352 1542 5403 ἔνθεν
1596 5348 1715 5402 ἑλών
1749 5367 1761 5379 ·
1821 5349 1879 5401 Ἦ

355 5464 377 5499 ⁴
412 5462 591 5535 Epist.
624 5461 984 5534 interpolata
1010 5460 1085 5517 ad
1118 5459 1486 5532 Philadelph.
1524 5476 1579 5513 ιι.
1613 5462 1663 5514 3.

1742 5460 1762 5493 ⁵
1796 5457 1948 5512 Psal.
1981 5470 2221 5518 Lxxvm,
2255 5454 2307 5507 6.

2058 5081 2288 5134 Fratres
2320 5077 2661 5145 Patresque,
2693 5079 2939 5142 rogatus
2972 5088 3005 5126 a
3050 5072 3217 5127 Patre
3247 5076 3465 5134 vestro,
3506 5076 3639 5126 tan-

1986 5184 2173 5242 quam
2213 5176 2269 5222 et
2301 5165 2456 5221 illius
2503 5169 2688 5235 pater,
2723 5168 2780 5217 et
2823 5166 3011 5215 vester
3038 5176 3141 5231 per
3172 5160 3392 5231 ipsum,
3441 5159 3519 5214 ad
3545 5175 3641 5215 sa-

1986 5257 2241 5315 lutarem
2260 5268 2597 5309 sermonem
2614 5251 2784 5306 vobis
2798 5249 3330 5322 impertiendum;et
3344 5249 3637 5320 acquievi,

1993 5352 2057 5402 ut
2094 5362 2205 5418 par
2234 5348 2379 5407 erat,
2428 5347 2485 5397 et
2510 5342 2649 5397 inde
2687 5340 2851 5411 loqui
2902 5338 3144 5394 humilis
3182 5337 3429 5409 incipio.
3472 5337 3642 5393 Salus

2394 5454 2463 5487 Μ
2497 5453 2663 5505 Rom.
2697 5464 2817 5512 xm,
2846 5449 2897 5501 4.

1847 5564 2073 5621 NOTAE.

354 5644 473 5716 (48)
501 5644 569 5701 In
600 5642 733 5700 cod.
756 5643 896 5714 Reg.
920 5640 1046 5715 ριη’.

2188 5632 2254 5702 (’)
2288 5629 2650 5699 Dogmatica.
