4036 6276
533 281 663 336 1487

1791 275 1851 331 S.
1893 272 2260 332 THEODORI
2303 273 2636 332 STUDITAZ

3738 272 3854 330 H88

525 409 748 469 nostra,
789 402 893 458 ﬁlii
933 399 1288 465 charissimi,
1328 405 1482 456 recte
1515 399 1757 456 credere
1797 401 1858 456 in
1899 405 2139 456 sanctan

2282 403 2520 475 σωτηρία
2575 402 2740 472 ἡμῶν,
2786 403 2937 451 τέκνα
2989 399 3302 471 ἡγαπημένα
3351 397 3513 472 [Βθε.
3562 397 3696 454 cod.
3741 397 3850 469 ἀγα-

523 492 891 556 Trinitatem,
912 497 969 546 et
994 505 1178 562 opera
1201 489 1396 547 facere
1415 505 1552 562 quas
1575 506 1610 544 a
1638 490 1860 545 sanctis
1884 489 1984 545 Dei
2007 504 2172 544 man-

523 582 678 638 datis
699 579 1107 637 testimonium
1141 579 1426 634 habeant.
1458 579 1529 634 In
1558 577 1796 634 Christo
1822 578 1974 634 enim
2005 580 2167 643 Jesu,

519 669 1040 744 quemadmodum
1079 667 1162 724 ait
1195 668 1536 739 Apostolus,
1579 682 1767 739 neque
1801 667 2169 723 circumcisio

519 759 752 832 aliquid
777 759 954 824 valet,
981 772 1169 828 neque
1188 757 1574 827 praeputium,
1607 757 1708 812 sed
1735 757 1878 825 ﬁdes
1904 771 2034 828 qua:
2061 770 2171 825 per

518 848 875 907 charitatem
914 848 1256 917 operatur”.
1301 846 1368 900 Et
1412 847 1548 900 ﬁdei
1605 846 1852 916 quidem
1895 845 2044 901 ratio
2089 844 2166 900 ad

515 938 741 1009 dogma
762 937 1131 992 orthodoxire
1149 954 1161 1003 ;
1177 935 1482 991 charitatis
1501 951 1660 1001 vero,
1678 935 1755 990 ad
1769 934 1942 990 bonae
1960 950 2166 1006 opera~

517 1027 692 1083 tionis
732 1025 1270 1082 considerationem
1313 1023 1634 1080 reducitur.
1685 1023 1988 1079 Credimus
2022 1038 2164 1092 ergo

513 1115 574 1172 in
605 1118 834 1171 Patrem
861 1121 917 1170 et
945 1115 1149 1170 Filium
1175 1119 1230 1170 et
1263 1113 1543 1184 Spiritum
1573 1117 2022 1183 sanctum,quaa
2050 1117 2164 1168 tres

512 1209 653 1260 sunt
695 1218 988 1276 personae,
1041 1208 1256 1258 natura
1295 1218 1436 1267 una,
1475 1219 1594 1258 una
1647 1206 1930 1274 potestas,
1976 1217 2162 1256 unum

511 1293 784 1350 omnium
815 1293 1094 1364 princeps
1133 1307 1408 1361 regnum,
1438 1292 1497 1346 in
1529 1308 1670 1356 uno,
1702 1297 1763 1346 ut
1796 1296 2032 1354 natura,
2077 1291 2162 1345 sic

510 1389 567 1438 et
601 1385 925 1439 voluntate.
968 1385 1023 1436 et
1062 1380 1411 1451 operatione
1455 1380 1772 1436 adoratum
1824 1379 2076 1450 imperio
2105 1385 2161 1434 et

509 1470 718 1540 gloria.
755 1469 1059 1525 Credimus
1098 1469 1264 1541 quod
1300 1486 1452 1524 unus
1490 1470 1562 1524 de
1605 1475 1812 1524 sancta
1849 1469 2150 1532 Trinitate,

509 1559 684 1616 Filius
731 1565 787 1615 et
818 1559 1076 1614 Verbum
1112 1560 1208 1614 Dei
1240 1566 1296 1614 et
1323 1559 1526 1625 Patris,
1572 1574 1678 1629 per
1717 1575 2020 1614 summam
2050 1558 2156 1614 bo-

505 1649 755 1704 nitatem
795 1646 1122 1702 exinanivit
1160 1648 1570 1719 semetipsum,
1613 1654 1668 1702 et
1703 1645 1958 1702 formam
2002 1647 2152 1703 servi

511 1736 761 1809 accepit,
793 1737 853 1792 in
883 1736 1075 1792 forma
1105 1741 1308 1791 nostra
1331 1742 1705 1807 conspectus.
1729 1738 1845 1791 Hoc
1872 1736 2030 1790 enim
2063 1740 2150 1792 est
2185 1762 2231 1818 Β

515 1825 679 1898 quod
711 1827 792 1881 ait
820 1825 1150 1895 Theologus
1171 1842 1184 1880 :
1207 1827 1281 1880 Et
1313 1826 1561 1881 Verbum
1589 1841 1728 1882 caro
1749 1826 1984 1895 factum
1997 1827 2146 1897 est’;

502 1921 558 1970 et
586 1913 752 1987 quod
792 1929 1048 1984 magnus
1078 1913 1396 1987 Apostolus
1428 1914 1569 1970 dicit
1611 1930 1622 1968 :
1671 1915 1824 1972 Deus
1862 1917 2149 1984 apparuit

500 2005 564 2059 in
591 2004 846 2060 carne".
889 2005 950 2058 Et
983 2018 1136 2059 unus
1178 2003 1459 2074 idemque
1494 2009 1583 2058 est
1609 2004 1666 2059 in
1701 2003 1938 2059 duabus
1973 2009 2150 2059 natu-

500 2092 607 2159 ris,
637 2092 930 2164 perfectus
955 2095 1130 2157 Deus,
1164 2099 1219 2148 et
1240 2093 1533 2163 perfectus
1557 2093 1740 2148 homo
1762 2112 1783 2147 :
1814 2099 1868 2148 et
1897 2094 1956 2148 in
1989 2099 2149 2148 utro-

499 2198 616 2255 que
638 2181 899 2253 perfecto
926 2183 1348 2253 proprietatem
1382 2181 1608 2237 nullam
1649 2197 1768 2237 non
1794 2182 2142 2254 assumpsit,

496 2271 727 2327 habens
773 2271 992 2326 scilicet
1026 2278 1083 2325 ut
1131 2273 1282 2326 Deus
1305 2271 1512 2326 omnia
1553 2287 1690 2342 qua:
1740 2271 1928 2327 Patris
1975 2278 2142 2337 sunt;

497 2364 628 2415 etut
652 2360 850 2425 homo,
877 2360 1084 2416 omnia
1108 2375 1244 2432 quae
1268 2359 1484 2426 Matris,
1514 2367 1801 2432 tanquam
1819 2375 2144 2429 germanus

494 2449 676 2504 ﬁlius.
702 2449 1228 2515 Quemadmodum
1255 2463 1396 2518 ergo
1426 2464 1497 2504 ex
1524 2449 1694 2504 Patre
1715 2448 2144 2504 incircumscri-

495 2544 654 2606 ptus,
709 2538 792 2592 sic
830 2553 903 2592 ex
946 2540 1120 2593 Matre
1165 2537 1673 2608 circumscriptus,
1723 2537 1837 2593 hoc
1887 2543 1992 2602 est,
2039 2537 2143 2609 qui

491 2627 958 2698 perimaginem,
975 2625 1219 2696 perinde
1233 2641 1301 2681 ac
1319 2632 1528 2694 mater,
1541 2627 1925 2697 exprimatur.
1947 2628 2140 2691 Quare

493 2715 894 2778 Iconomachi,
925 2714 1002 2770 ad
1022 2730 1175 2786 quos
1193 2715 1442 2786 pertinet
1460 2714 1589 2771 haec
1615 2715 1988 2786 disceptatio,
2020 2731 2138 2770 non

491 2803 846 2860 conﬁtentes
886 2803 1054 2859 illum
1104 2804 1535 2870 circumscribi,
1585 2803 1749 2860 haud
1803 2804 1984 2860 dubie
2030 2821 2140 2861 nec

491 2907 848 2962 germanum
873 2893 1070 2948 Matris
1089 2892 1276 2948 ﬁlium
1291 2893 1556 2949 conﬁteri
1585 2893 2137 2965 deprehenduntur,

490 2983 596 3038 sed
635 2982 898 3039 alienum
933 2982 1148 3053 potius.
1193 2982 1302 3047 Qui
1332 2981 1493 3037 enim
1527 2998 1904 3051 germanum.
1941 2991 2136 3038 etnon

490 3071 754 3130 alienum
785 3072 1042 3143 penitus,
1076 3070 1189 3127 nisi
1221 3071 1280 3126 in
1304 3072 1588 3127 omnibus
1621 3077 1842 3128 naturae
1874 3074 2139 3144 proprie-

489 3162 709 3217 tatibus
753 3159 1018 3230 genitrici
1048 3159 1240 3216 simile
1269 3161 1342 3216 sit
1382 3160 1545 3232 quod
1577 3176 1650 3215 ex
1694 3159 1796 3216 illa
1821 3160 2086 3230 genitum
2109 3162 2137 3218 ?

495 3251 562 3305 Ut
589 3250 748 3306 enim
789 3249 1120 3304 secundum
1161 3250 1771 3320 circumscriptionem
1811 3265 2135 3306 commune

488 3338 634 3394 nihil
658 3337 841 3394 habet
869 3354 1006 3394 cum
1040 3341 1225 3408 Patre,
1259 3337 1366 3393 sed
1407 3354 1541 3393 cum
1575 3338 1773 3406 Matre,
1808 3339 1888 3394 ita
1926 3355 2136 3395 secun-

486 3427 632 3483 dum
654 3426 1353 3498 incircumscriptionem,
1370 3427 1494 3483 vice
1517 3443 1676 3493 vera,
1694 3444 1832 3483 cum
1854 3427 2133 3486 Genitore

486 3515 833 3572 communio
860 3521 969 3579 est,
999 3530 1117 3570 non
1147 3531 1285 3570 cum
1318 3516 1626 3572 Genitrice.

558 3604 652 3659 Sic
681 3620 742 3660 se
770 3603 952 3667 habet
978 3613 1206 3659 rectum
1239 3605 1496 3660 veritatis
1527 3605 1788 3675 dogma:
1832 3605 1958 3661 haac
1989 3622 2132 3678 apo-

489 3692 693 3760 stolica
731 3693 880 3747 ﬁdes
911 3711 928 3746 ι
969 3693 1486 3764 circumscriptum
1526 3693 1792 3749 conﬁteri
1833 3695 2130 3751 Christum

483 3783 544 3839 in
576 3798 773 3838 carne.
808 3783 899 3838 Sic
919 3782 1080 3838 enim
1104 3797 1362 3852 magnus
1396 3782 1642 3838 Basilius
1669 3800 1730 3838 ιιι
1767 3784 2132 3856 Depingatur

487 3871 546 3927 in
577 3871 780 3928 tabula
813 3872 1205 3927 certaminum
1236 3887 1461 3943 praeses
1492 3872 1776 3930 Christus.
1808 3896 1827 3923 ι
1874 3876 1940 3928 Et
1969 3876 2129 3947 depi-

484 3967 642 4017 ctam
684 3961 1008 4031 imaginem
1041 3962 1331 4026 venerari,
1363 3967 1650 4034 tanquam
1682 3962 1930 4020 adorato
1969 3965 2030 4019 in
2061 3980 2130 4021 ea

483 4049 731 4107 Christo.
767 4050 828 4104 In
861 4050 1120 4119 imagine
1145 4051 1368 4122 quippe
1395 4050 1590 4106 videre
1617 4067 1678 4106 se
1700 4053 1981 4124 angelum
2014 4053 2128 4109 cla-

481 4145 606 4195 mat
630 4154 849 4194 aureus
880 4139 1355 4210 Chrysostomus.
1388 4141 1446 4194 Si
1474 4146 1673 4195 autem
1706 4140 2122 4212 incorporeum

478 4228 537 4283 in
553 4229 629 4282 im
640 4229 1067 4300 agine,quanto
1083 4229 1272 4298 magis
1285 4244 1531 4300 corpore
1546 4231 1822 4284 indutum
1839 4230 2127 4286 Verbum?

481 4317 652 4382 Quod
696 4317 742 4371 si
783 4316 962 4381 videt,
1009 4321 1236 4372 certum
1277 4323 1364 4373 est
1406 4319 1569 4390 quod
1601 4318 1780 4374 etiam
1825 4319 2032 4375 adoret
2061 4321 2122 4376 in

477 4404 740 4474 imagine
780 4405 1061 4474 angelum
1097 4421 1108 4460 :
1155 4405 1674 4477 quemadmodum
1704 4412 1761 4462 et
1799 4407 2118 4464 Christum.

473 4493 538 4547 In
570 4492 832 4565 imagine
861 4493 1021 4548 enim
1052 4493 1248 4548 videre
1276 4495 1587 4560 meruisse,
1621 4510 1731 4566 par
1761 4500 1852 4550 est
1880 4509 1950 4550 ac
1978 4495 2120 4552 ado-
2154 4483 2198 4538 Β

473 4597 605 4637 rare
632 4600 643 4637 :
671 4604 691 4630 ι
728 4581 1230 4653 Quandoquidem
1250 4582 1442 4639 honor
1467 4583 1746 4654 imaginis
1764 4584 1841 4639 ad
1863 4592 2121 4658 prototy-

476 4687 622 4743 pum
669 4672 894 4739 transit,
949 4693 975 4720 »
1028 4676 1090 4725 ut
1136 4687 1372 4726 rursum
1414 4672 1497 4727 ait
1540 4689 1795 4743 magnus
1846 4673 2116 4729 Basilius.

476 4761 797 4830 Negatores
814 4761 1015 4831 itaque
1032 4765 1169 4816 sunt
1187 4760 1418 4825 Christi,
1441 4761 1538 4832 qui
1557 4762 1968 4818 contumeliosi
1987 4769 2123 4820 sunt

473 4848 532 4902 in
566 4849 920 4918 imaginem:
957 4855 1134 4920 atque
1167 4849 1320 4905 hanc
1345 4861 1708 4924 spernentes,
1733 4854 2122 4923 contemptio-

473 4952 606 4991 nem
657 4937 715 4992 in
762 4938 956 5009 ipsum
1009 4937 1387 5002 transferunt,
1435 4939 1567 4994 licet
1626 4941 1924 4995 Christum
1982 4957 2120 4996 con-

472 5025 619 5080 ﬁteri
653 5042 714 5078 se
753 5027 953 5081 dicant
986 5043 997 5080 :
1046 5028 1356 5098 quomodo
1383 5027 1689 5082 daemones
1729 5028 1907 5083 etiam
1940 5029 2120 5084 conﬁ-

474 5117 747 5178 tentur“,
790 5117 1000 5187 inquit,
1048 5117 1364 5180 Christum,
1407 5115 1574 5170 factis
1628 5131 1764 5171 vero
1805 5122 2028 5187 negant
2051 5120 2115 5170 η.

472 5205 683 5271 Magna
701 5203 898 5272 igitur,
921 5205 1150 5269 fratres,
1176 5205 1450 5275 impietas
1473 5205 1731 5271 illorum,
1760 5207 2120 5277 etprteclara

470 5294 766 5348 confessio
807 5301 1030 5358 nostra,
1062 5294 1246 5349 nihilo
1287 5294 1532 5349 inferior
1558 5311 1744 5367 quam
1785 5302 2115 5366 martyrum

467 5385 874 5454 antiquorum.
908 5383 1067 5438 State
1105 5384 1283 5452 igitur
1320 5382 1567 5450 fortiter,
1610 5384 1952 5440 nullatenus
1985 5386 2113 5442 titu-

2277 488 2461 562 πητὰ],
2518 492 2779 542 πιστεύειν
2826 487 2985 561 ὀρθῶς
3041 489 3110 551 εἰς
3167 491 3261 547 τὴν
3319 489 3468 560 άγίαν
3517 483 3742 559 Τριάδα,
3779 493 3854 540 καὶ

2276 580 2401 651 ἔργα
2474 581 2612 650 ἔχειν
2660 580 3056 654 μαρτυρούμενα
3127 579 3226 630 ύπό
3283 585 3383 629 τῶν
3435 576 3594 649 ἁγίων
3663 575 3853 629 ἒντολῶν

2275 676 2366 720 τοῦ
2393 672 2540 722 Θεοῦ.
2599 667 2688 720 Ἐν
2726 671 2844 740 γαρ
2886 674 3148 740 Χριστῷ
3197 663 3278 725 Ἰη
3302 673 3435 733 σοῦ,
3463 667 3633 727 καθώς
3662 667 3853 739 φησινὸ

2275 756 2774 823 Ἀπόστολος,ού’τε
2803 760 3114 831 περιτομὴ
3151 755 3397 827 ἰσχύει,
3430 758 3582 808 οὔτε
3613 753 3852 830 ἁκροϐυ·

2276 851 2466 898 στία·
2510 845 2666 898 ἀλλὰ
2720 851 2945 906 πίστις
2998 842 3080 899 δι’
3137 844 3850 919 ἀγάπηςένεργουμένη·

2275 939 2375 988 Καὶ
2413 936 2438 986 ὁ
2468 939 2558 1008 μὲν
2604 943 2698 998 τῆς
2742 940 2964 996 πίστεως
3008 934 3177 1007 λόγος,
3219 934 3292 996 εἰς
3346 937 3403 988 τό
3448 943 3537 995 τῆς
3569 930 3852 1006 ὀρθοδοξίας

2273 1020 2449 1096 δόγμα
2483 1044 2498 1059 ο
2527 1026 2552 1076 ὁ
2585 1020 2644 1078 δι
2675 1033 2771 1087 τῆς
2821 1024 3044 1095 ἀγάπης,
3085 1023 3148 1085 εἰς
3178 1026 3237 1076 τὸ
3284 1033 3379 1086 τῆς
3428 1023 3710 1099 εὐπραξίας
3749 1025 3850 1076 θεώ-

2267 1131 2414 1184 ρημα
2479 1112 2802 1187 ἀναφέρεται.
2869 1118 3183 1186 Πιστεύομεν
3249 1109 3336 1166 οὖν
3399 1113 3468 1176 εὶς
3527 1117 3729 1188 Πατέρα
3775 1118 3849 1166 καὶ

2268 1204 2386 1255 Υὶόν
2425 1208 2510 1256 καὶ
2565 1203 2712 1276 ἅγιον
2765 1209 2973 1275 Πνεῦμα
3005 1220 3016 1232 ·
3073 1203 3200 1276 οἷπερ
3256 1202 3366 1256 ἐστὶ
3417 1206 3538 1275 τρία
3589 1207 3846 1278 πρόσωπα,

2267 1297 2362 1363 μία
2419 1295 2596 1364 φύσις,
2650 1297 2748 1364 μία
2799 1288 3037 1364 δύναμις,
3097 1297 3193 1364 μία
3239 1292 3440 1367 ἀρχικὴ
3497 1300 3599 1345 τῶν
3631 1292 3844 1345 ἁπάντων

2267 1377 2510 1452 βασιλεία
2541 1403 2553 1414 ·
2611 1380 2658 1433 iv
2713 1381 2801 1446 ἐνὶ,
2857 1384 2924 1443 ὡς
2956 1383 3127 1452 φύσει,
3179 1387 3265 1434 καὶ
3329 1381 3556 1446 θελήσει,
3591 1386 3680 1434 καὶ
3733 1380 3844 1454 ἐνερ-

2262 1474 2380 1541 γείᾳ
2429 1476 2855 1544 προσκυνουμένη
2937 1472 3115 1543 κράτει
3177 1477 3267 1524 καὶ
3331 1471 3483 1526 κλέει.
3547 1473 3844 1541 Πιστεύομεν

2263 1561 2332 1620 ὡς
2370 1561 2396 1611 6
2451 1561 2522 1622 εἷς
2577 1569 2671 1622 τῆς
2723 1560 2874 1631 ἁγίας
2921 1556 3164 1633 Τριάδος,
3206 1562 3231 1613 ὁ
3287 1563 3405 1622 Υἱός
3455 1564 3547 1612 καὶ
3579 1565 3744 1631 Λόγος
3768 1565 3842 1611 τοῦ

2263 1655 2396 1701 Θεοῦ
2453 1653 2544 1702 καὶ
2608 1652 2828 1724 Πατρός,
2905 1646 2979 1702 δι’
3046 1653 3209 1724 ἄκραν
3268 1649 3571 1722 ἀγαθότητα
3640 1654 3842 1710 κενώσας

2263 1734 2461 1802 ἑαυτόν,
2515 1742 2716 1812 μορφὴν
2768 1735 2956 1792 δούλου
3009 1739 3181 1792 ἔλαϐεν
3219 1738 3267 1792 iv
3297 1747 3369 1810 τῷ
3417 1739 3536 1791 καθ’
3568 1739 3705 1811 ἡμᾶς
3733 1733 3841 1788 εῖδει

2259 1825 2451 1899 ὀφθείς.
2501 1834 2666 1882 Τοῦτο
2717 1837 2818 1900 γαρ
2861 1831 3000 1881 ἐστιν
3030 1831 3056 1883 ὃ
3087 1849 3244 1902 φησιν
3271 1829 3296 1880 6
3324 1827 3582 1900 Θεολόγος
3610 1845 3622 1856 °
3676 1830 3781 1880 Καὶ
3819 1824 3838 1876 ὁ

2260 1921 2464 1988 Λόγος
2521 1917 2681 1991 σὰρξ
2719 1920 2963 1989 ἐγένετο
2993 1938 3005 1951 ·
3057 1919 3384 1991 καῖὸφησιν
3432 1918 3458 1969 6
3497 1920 3662 1990 μέγας
3704 1916 3837 1968 Ἀπό-

2261 2005 2439 2067 στολος
2473 2025 2484 2037 ·
2521 2010 2669 2068 Θεὸς
2708 2005 3071 2080 ἐφανερώθη
3113 2007 3169 2060 έν
3211 2011 3424 2080 σαρκί.
3470 2011 3575 2060 Καὶ
3625 2006 3755 2058 ἔστιν
3777 2002 3837 2063 εἷς

2256 2099 2346 2146 καὶ
2374 2096 2400 2146 6
2432 2095 2583 2156 αὐτὸς
2635 2094 2683 2146 iv
2714 2093 2842 2148 δυσὶ
2885 2100 3072 2169 φύσεσι
3121 2096 3309 2157 τέλειος
3361 2098 3506 2162 Θεὸς,
3563 2100 3653 2147 καὶ
3681 2093 3836 2153 τέλειος

2256 2184 2544 2256 ἄνθρωπος,
2613 2189 2702 2236 καὶ
2768 2187 2816 2237 ἓν
2894 2185 3114 2262 ἑκατέρῳ
3180 2185 3353 2257 τελείῳ
3433 2184 3542 2256 ούχ
3608 2185 3740 2256 ὑφεὶς
3792 2199 3832 2233 τι

2259 2267 2456 2344 ἰδίωμα
2487 2271 2873 2346 ἀπροσληπτον,
2936 2278 3072 2347 ἔχων
3132 2271 3410 2346 δὲμᾶλλον
3441 2275 3508 2326 τὰ
3552 2275 3716 2326 πάντα
3757 2277 3831 2322 τοῦ

2257 2364 2462 2436 Πατρός
2508 2364 2708 2424 θεῑκώς,
2760 2368 2849 2416 καὶ
2879 2367 3050 2417 πάντα
3086 2367 3178 2427 τὰς
3229 2373 3322 2426 τῆς
3361 2367 3577 2437 Μητρός
3605 2361 3830 2436 ἀνθρωπι-

2253 2455 2376 2514 κῶς,
2444 2452 2511 2512 ὡς
2586 2453 2699 2514 υίὸς
2770 2458 3010 2523 γνήσιος.
3075 2452 3165 2515 Ὠς
3219 2449 3307 2505 οὖν
3381 2451 3436 2504 ix
3487 2460 3581 2505 τοῦ
3656 2453 3828 2523 Πατρός

2254 2535 2656 2612 ἀπερίγραπτος,
2733 2542 2891 2602 οὕτως
2948 2541 3002 2594 ix
3055 2550 3145 2604 τῆς
3195 2545 3410 2614 Μητρός
3483 2542 3824 2616 περιγραπτός,

2252 2628 2413 2696 ἤγουν
2467 2627 2894 2702 ἐξεικονιζόμενος
2976 2635 3324 2706 μητρομοίως.
3381 2632 3448 2684 Οἱ
3507 2625 3598 2682 οὖν
3654 2630 3825 2683 Εἰκονοο

2249 2717 2440 2786 μάχοι,
2489 2723 2607 2792 περὶ
2640 2719 2707 2770 ὧν
2737 2724 2827 2771 καὶ
2873 2722 2932 2772 τό
2983 2727 3150 2773 ταῦτα
3197 2717 3562 2793 δογματίζειν,
3610 2723 3678 2792 μη
3723 2718 3823 2789 ὁμο-

2249 2802 2516 2874 λογοῡντες
2573 2807 2724 2860 αὐτόν
2789 2810 3226 2884 περιγράφεσθαι,
3291 2809 3627 2882 εὑρίσκονται
3687 2807 3819 2877 ἀσφα-

2248 2891 2348 2956 λῶς
2394 2893 2533 2965 μηδὲ
2565 2896 2828 2968 ὁμολογεῖν
2873 2897 3028 2950 αύτόν
3055 2902 3272 2969 γνήσιον
3302 2897 3414 2950 υἰόν
3445 2905 3546 2960 τῆς
3594 2899 3813 2970 Μητρός·

2247 2991 2348 3036 ποῦ
2379 2986 2476 3057 γὰρ
2521 2989 2575 3038 τό
2604 2991 2841 3057 γνήσιον,
2897 2991 2986 3039 καὶ
3015 2986 3074 3040 ού
3122 2989 3289 3045 πάντη
3321 2985 3516 3060 μᾶλλον
3568 2986 3805 3058 ἀλλότριον,

2247 3071 2308 3123 ἆν
2345 3078 2417 3144 μὴ
2459 3076 2595 3127 κατὰ
2635 3079 2729 3133 τὴν
2775 3080 3101 3148 γεννήσασαν
3150 3074 3198 3128 iv
3253 3081 3388 3128 πᾶσι
3445 3083 3560 3138 τοῖς
3613 3078 3801 3149 φυσικοῖς

2250 3158 2534 3235 ἰδιώμασιν
2577 3161 2670 3216 εἷεν
2723 3163 2782 3216 ἃν
2838 3169 2929 3218 καὶ
2975 3169 3034 3218 τό
3089 3168 3315 3237 γέννημα
3358 3181 3374 3231 ;
3419 3164 3504 3225 Ὠς
3557 3167 3659 3238 γὰρ
3709 3161 3805 3214 κατά

2245 3255 2338 3310 τὴν
2389 3257 2713 3328 περιγραφὴν
2788 3250 3033 3327 ούδεμίαν
3082 3260 3348 3307 κοινωνίαν
3406 3256 3523 3326 ἔχει
3583 3257 3702 3327 πρὸς
3747 3253 3809 3302 τὸν

2249 3343 2471 3415 Πατέρα,
2518 3341 2645 3394 ἀλλὰ
2695 3345 2823 3416 πρὸς
2870 3347 2965 3402 τὴν
3017 3345 3229 3418 Μητέρα
3260 3360 3271 3373 ·
3318 3341 3485 3406 οὕτως
3548 3339 3670 3396 οὐδὲ
3705 3339 3812 3392 κατὰ

2242 3434 2328 3486 τὴν
2379 3429 2636 3504 ἀγραφίαν
2681 3434 2738 3482 τό
2793 3431 3008 3503 ἔμπαλιν
3037 3448 3050 3461 ·
3093 3436 3218 3508 πρὸς
3255 3435 3344 3485 τόν
3389 3437 3708 3504 γεννήσαντα
3731 3430 3810 3500 γὰρ

2242 3519 2273 3575 ἠ
2306 3523 2565 3584 κοινωνία,
2599 3519 2656 3571 ού
2688 3522 2816 3591 πρὸς
2840 3525 2934 3578 τὴν
2961 3528 3233 3577 τεκοῦσαν.

2315 3608 2490 3668 Οὕτως
2535 3611 2591 3660 τό
2635 3607 2784 3681 ὀρθὸν
2826 3606 3000 3682 δόγμα
3028 3619 3119 3672 τῆς
3151 3609 3395 3672 ἀληθείας
3422 3627 3434 3639 ·
3493 3610 3625 3667 αὕτη
3656 3609 3684 3666 ἡ
3710 3603 3812 3657 almo

2243 3696 2452 3756 στολικὴ
2491 3703 2666 3758 πίστις
2697 3713 2710 3726 ·
2769 3703 3118 3774 περιγραπτόν
3175 3699 3439 3772 ὁμολογεῖν
3471 3703 3562 3753 τὸν
3612 3695 3812 3772 Χριστόν

2242 3785 2290 3838 έν
2339 3790 2511 3860 σαρκί.
2566 3787 2669 3842 Καὶ
2718 3795 2846 3860 γοῦν
2877 3789 2903 3840 ὁ
2932 3793 3091 3862 μέγας
3139 3789 3401 3850 Βασίλειος
3432 3805 3444 3818 ·
3505 3809 3537 3842 α
3565 3784 3815 3860 Ἐγγραφέι

2245 3877 2354 3927 σθω
2384 3883 2454 3945 τῷ
2511 3880 2692 3928 πίνακι
2746 3881 2835 3929 καὶ
2877 3879 2903 3928 6
2941 3885 3040 3930 τῶν
3089 3878 3466 3950 παλαισμάτων
3519 3876 3816 3949 ἀγωνοθέτης

2240 3969 2489 4037 Χριστός.
2522 3984 2551 4016 )›
2595 3971 2696 4018 Καὶ
2743 3970 2837 4024 τήν
2875 3965 3295 4040 ἐγγεγραμμένην
3335 3967 3506 4020 εἰκόνα
3547 3971 3716 4039 τιμᾲν,
3758 3962 3813 4020 ὡς

2239 4051 2287 4105 iv
2324 4054 2452 4126 αὐτῇ
2486 4059 2938 4129 προσκυνουμένου
2992 4064 3252 4130 Χριστοῦ.
3294 4057 3378 4110 Ἐν
3406 4059 3507 4131 γὰρ
3569 4063 3628 4128 τῇ
3681 4052 3815 4104 εἰκόνι

2239 4137 2340 4213 βοᾷ
2383 4143 2407 4193 ὁ
2446 4151 2682 4217 χρυσοῦς
2739 4149 3115 4220 Χρυσόστομος
3174 4142 3302 4200 ἰδεῖν
3348 4144 3591 4217 ἄγγελον.
3649 4145 3740 4195 Καὶ
3779 4134 3814 4188 εἰ

2235 4234 2322 4281 τόν
2353 4230 2630 4302 ἀσώματον
2678 4232 2726 4285 ἐν
2756 4234 2912 4286 εἰκόνι
2949 4251 2961 4264 ⁶
3015 4240 3164 4306 πόσῳ
3217 4231 3304 4287 οὖν
3334 4234 3526 4306 μᾶλλον
3551 4236 3636 4287 τόν
3677 4230 3812 4282 ἐνσώ-

2233 4339 2394 4392 ματον
2440 4325 2606 4392 Λόγον
2640 4340 2654 4391 ;
2689 4328 2788 4376 Καὶ
2837 4323 2880 4375 εἰ
2927 4324 3044 4397 ὁρᾷ,
3093 4320 3251 4383 δῆλον
3293 4325 3374 4377 ὃτι
3420 4327 3510 4376 καὶ
3562 4321 3816 4396 προσκυνεῖ

2232 4411 2282 4461 iv
2334 4409 2493 4462 εἰκόνι
2535 4414 2621 4462 τόν
2660 4411 2876 4483 ἄγγελον
2909 4429 2922 4442 ·
2980 4414 3154 4486 ὥσπερ
3207 4417 3297 4466 καὶ
3334 4415 3421 4466 τὸν
3477 4415 3721 4485 Χριστόν.
3755 4406 3810 4460 Τὸ

2229 4501 2329 4572 γὰρ
2383 4497 2668 4561 ἀξιωθῆναι
2709 4498 2838 4554 ἰδεῖν
2887 4501 2938 4554 iv
2992 4508 3194 4577 Γραφῇ,
3251 4505 3363 4554 ἴσον
3405 4501 3517 4554 ἐστὶ
3576 4507 3647 4572 τῷ
3674 4511 3814 4570 προσ·

2493 4608 2518 4638 (ι
2579 4588 2813 4665 Ἐπείπερ
2863 4593 2953 4642 καὶ
3007 4592 3036 4648 ἠ
3073 4599 3168 4653 τῆς
3224 4590 3419 4653 εἰκόνος
3475 4593 3616 4662 τιμὴ,
3667 4583 3812 4639 έπὶτὸ

2231 4695 2565 4747 πρωτοτυπον
2635 4677 2914 4743 ἀναϐαίνει,
2988 4699 3018 4732 )›
3095 4683 3166 4742 ὡς
3239 4679 3395 4732 πάλιν
3453 4684 3608 4752 φησὶν
3663 4677 3688 4728 6
3738 4673 3811 4742 μέ·

2230 4785 2329 4836 ’νας
2385 4764 2544 4837 Ῐοοάο
2604 4769 2741 4837 R88-
2794 4775 2918 4841 φαίη
2985 4771 3011 4822 ὁ
3063 4770 3212 4840 θεῖος]
3266 4768 3556 4830 Βασίλειος.
3589 4761 3812 4839 Ἀρνητιιὶ

2229 4862 2506 4928 τοιγαροῦν
2555 4855 2657 4907 εἰσι
2704 4863 2964 4928 Χριστοῦ,
3017 4859 3067 4909 οἱ
3121 4865 3213 4919 τῆς
3266 4858 3456 4918 εἰκόνος
3505 4855 3660 4908 αὐτοῦ
3688 4848 3812 4923 ὑϐρι-

2233 4948 2374 5008 σταὶ,
2419 4940 2513 4995 διὰ
2558 4952 2652 5005 τῆς
2691 4944 2766 4997 ἐπ’
2827 4948 2988 5008 αὐτῆς
3043 4944 3356 5011 ἀθετήσεως,
3413 4947 3481 5008 εἰς
3531 4944 3682 4997 αὐτὸν
3731 4941 3810 4994 τὴν

2230 5029 2497 5096 ἀθέτησιν,
2557 5032 2891 5108 ἀναφέροντες
2923 5055 2937 5069 ο
2991 5035 3088 5088 κᾶν
3136 5035 3354 5108 λέγωσιν
3404 5034 3664 5108 ὁμολογεῖν
3697 5035 3809 5098 Χρι-

2233 5125 2350 5172 στόν
2393 5139 2405 5150 ·
2438 5126 2546 5175 ἐπεὶ
2590 5127 2775 5177 καὶτὰ
2807 5121 3058 5199 δαιμόνια
3107 5125 3440 5198 ὁμολογοῦσι,
3491 5127 3641 5198 φησι,
3680 5119 3804 5177 Θεὸν,

2228 5218 2337 5272 τοῖς
2390 5208 2448 5264 δι
2508 5215 2680 5288 ἔργοις
2733 5213 3033 5287 ἀρνοῦνται.
3109 5219 3259 5286 Μέγα
3306 5211 3416 5282 οὖν,
3485 5209 3710 5284 ἀδελφοῖν
3757 5205 3806 5255 τὸ

2229 5297 2469 5372 ἀσέϐημα
2500 5301 2666 5354 αὐτῶν
2699 5319 2712 5332 ⁶
2747 5309 2836 5358 καὶ
2879 5305 3076 5378 μεγάλη
3106 5305 3136 5363 ἡ
3193 5303 3444 5378 ὁμολογία
3492 5305 3630 5374 ἡμῶν
3667 5313 3680 5326 ⁸
3729 5293 3802 5378 If}

2227 5389 2443 5443 ούτίπου
2483 5387 2784 5445 ἀποδέουσα
2837 5402 2935 5447 τῶν
2985 5393 3146 5448 πάλαι
3200 5396 3496 5470 μαρτύρων.
3543 5396 3692 5449 Στῆτε
3726 5377 3799 5435 οὖν

2229 4594 2397 4638 κυνεῖν
2431 4603 2448 4620 ⁶

542 5541 562 5576 ⁸
597 5541 782 5598 Galat.
816 5558 871 5612 ν,
901 5547 951 5596 6.
1035 5544 1056 5576 9
1087 5541 1259 5598 Joau.
1294 5543 1446 5611 ι,14.
1494 5546 1573 5630 ,ιο
1607 5548 1622 5600 l
1655 5547 1800 5602 Tim.
1832 5562 1912 5612 ιιι,
1943 5549 2035 5602 16.
2120 5549 2137 5583 ¹

2250 5566 2322 5605 ιο.
2352 5566 2410 5618 ιι,
2453 5556 2530 5606 l9.
2614 5554 2658 5588 ¹²
2690 5554 2776 5609 Tit
2806 5569 2843 5620 ι,
2879 5557 2968 5614 i6.
