4036 6276
283 340 422 398 1489

1562 340 2062 399 EPISTULARUM
2106 343 2239 399 LIB.
2286 344 2355 400 II.

3500 342 3640 403 1490

276 473 539 542 κραταιῶς
584 465 744 538 [cod.
796 468 935 537 Reg.
967 467 1224 540 κραταιοὶ]
1267 463 1514 539 μηδὸλως
1551 466 1874 529 ὄκλάζεοντες

1991 468 2201 524 bantes
2230 470 2290 524 in
2336 469 2429 524 his
2469 485 2606 541 quas
2631 484 2773 524 vera
2802 485 2937 526 esse
2966 469 3449 525 demonstratum
3480 474 3569 525 est
3604 489 3616 538 ;

272 562 390 629 περὶ
468 562 567 608 τῶν
650 551 758 614 ἤδη
830 552 1208 617 ἀποδεικτικῶς
1289 556 1688 629 ἠληθευμένων·
1742 556 1870 608 ἀλλὰ

276 647 440 718 ταύτῃ
500 652 561 718 τῇ
605 650 781 698 πίστει
819 649 1012 718 μέχρις
1052 647 1293 718 αἵματος,
1357 646 1400 699 εἰ
1437 646 1619 704 καλοίη
1671 649 1873 721 καιρὸς,

276 732 626 800 ὑποδυόμενοι
681 738 801 796 τοὺς
859 732 1083 805 ἀγῶνας.
1149 735 1406 788 Ἐντεῦθεν
1465 734 1718 787 ἀνατέλλει
1787 741 1874 787 καὶ

277 827 303 877 6
334 827 533 898 φαεινὸς
577 822 714 897 βίος,
744 822 796 886 ἐξ
829 824 977 882 ἡλίου
1008 841 1020 854 ⁸
1054 823 1257 896 ἐπείπερ
1314 826 1523 894 θάτερον
1552 828 1762 896 θατερον
1790 826 1880 876 θα-

275 919 424 989 τέρου
454 915 736 988 μαρτύριον
761 914 787 964 6
819 909 1121 984 ἀδελφόθεος
1150 909 1498 985 ἀποδέδειχεν
1529 911 1675 968 εἶναι.
1709 916 1883 985 Ἀγα-

278 1008 409 1056 πᾶτε
455 1006 543 1055 τὸν
590 1005 718 1055 Θεὸν
770 1000 822 1064 ἐξ
868 1001 1150 1074 ὁλοκλήρου
1219 1010 1318 1054 τῶν
1374 1010 1530 1075 τριῶν
1588 1000 1876 1075 δυνάμεων,

278 1094 454 1154 καθὼς
488 1094 519 1150 ἡ
554 1091 726 1150 ἕντολὴ
755 1090 963 1145 κελεύει.
996 1091 1258 1163 Ἀγαπάτε
1286 1096 1377 1144 καὶ
1406 1092 1619 1155 ἑαυτοὺς
1650 1096 1714 1153 ὡς
1744 1092 1869 1164 μέλη

277 1186 537 1256 Χριστοῦ.
577 1182 670 1234 Ἐν
708 1182 911 1251 τούτῳ
949 1182 1089 1253 γὰρ,
1134 1185 1283 1253 φησὶ,
1324 1187 1688 1252 γνώσονται
1734 1185 1880 1234 πάν-

278 1290 397 1336 τες,
464 1271 562 1323 ὃτι
629 1268 768 1341 ἓμοὶ
824 1271 1116 1341 μαθηταὶ
1205 1269 1362 1335 ἕστε,
1454 1270 1555 1323 ἰὰν
1623 1270 1878 1343 ἀγάπην

281 1361 467 1431 ῖχετε
556 1357 613 1410 ἕν
695 1357 1013 1419 ἀλλήλοις.

279 1450 671 1520 καθηγοῦμενον
743 1448 887 1519 ὑμῶν
944 1463 958 1477 ο

1098 1361 1192 1411 Διά
1274 1364 1498 1420 πίστεως
1570 1361 1720 1430 ἄγετε
1785 1364 1870 1414 τὸν

1039 1445 1227 1521 μηδεὶς
1303 1451 1434 1501 ἔστω
1491 1447 1883 1522 ἀνεξαγόρευτος

281 1538 423 1609 αὐτῷ
454 1555 472 1573 ⁸
504 1540 530 1591 6
558 1540 660 1611 γὰρ
699 1545 937 1599 τοιοῦτος
968 1537 1289 1611 ὀφιοτρόφος.
1342 1534 1546 1599 Μηδεὶς
1598 1539 1883 1613 χλιαρόπι-

285 1646 405 1690 στος
434 1645 448 1660 ο
481 1629 507 1680 6
543 1630 645 1702 γὰρ
692 1634 927 1688 τοιοῦτος
956 1626 1219 1700 ἀμέτοχος
1257 1635 1352 1689 τῆς
1397 1635 1486 1680 τοῦ
1527 1628 1678 1699 ἁγίου
1729 1632 1882 1681 Πνεῦ-

281 1735 447 1788 ματος
492 1717 699 1779 ζέσεως.
751 1712 958 1777 Μηδεὶς
1010 1722 1412 1789 κρυφιοκτήμων
1443 1739 1453 1749 -
1489 1718 1515 1769 6
1554 1720 1653 1789 γὰρ
1708 1726 1877 1769 τοιοῦ-

1992 559 2096 613 sed
2135 574 2244 629 pro
2272 559 2382 613 hac
2412 558 2529 612 fide
2560 560 2885 613 certamina
2910 573 3103 630 usque
3134 558 3211 613 ad
3245 559 3629 625 sanguinem,

1992 646 2039 701 si
2067 661 2161 701 res
2214 647 2429 718 exigat,
2496 662 2615 701 non
2667 646 3044 716 refugientes.
3103 648 3246 701 Hinc
3290 648 3553 703 exoritur
3584 653 3641 703 et

1992 735 2192 790 lucida
2222 735 2362 799 vita,
2389 751 2459 790 ex
2483 735 2606 790 sole
2634 735 2720 790 sol
2750 753 2763 801 ;
2798 734 3047 791 alterum
3073 735 3368 808 siquidem
3396 735 3638 792 alterius

1991 824 2281 880 indicium
2313 840 2439 879 esse
2473 825 2648 880 frater
2693 826 2925 879 Domini
2964 825 3380 896 comprobavit
3407 827 3475 880 1³.
3509 824 3640 881 Dili-

1993 915 2106 982 gite
2143 917 2325 967 Deum
2352 930 2424 968 ex
2456 914 2588 968 totis
2612 913 2801 968 tribus
2836 913 3221 969 facultatibus
3242 914 3641 986 quemadmo-

1993 1002 2137 1056 dum
2165 1003 2430 1074 praacipit
2460 1002 2814 1057 mandatum
2844 1003 2911 1053 1‘.
2947 1002 3177 1071 Diligite
3231 1008 3288 1058 et
3344 1019 3453 1057 vos
3477 1003 3641 1074 ipsos

1992 1092 2154 1147 velut
2186 1093 2457 1147 membra
2480 1091 2709 1146 Christi.
2743 1092 2813 1146 In
2838 1092 2947 1147 hoc
2972 1092 3128 1147 enim
3158 1092 3255 1156 ait,
3291 1099 3638 1161 cognoscent

1992 1196 2209 1249 omnes,
2245 1182 2385 1252 quia
2414 1180 2698 1251 discipuli
2733 1180 2847 1237 mei
2870 1180 3006 1236 estis
3049 1180 3100 1236 si
3128 1181 3499 1238 dilectionem
3531 1181 3641 1236 ha-

1993 1270 2238 1327 bueritis
2258 1271 2339 1326 ad
2365 1269 2614 1326 invicem
2646 1271 2716 1327 1⁵.
2756 1270 2957 1325 Fidem
3005 1269 3223 1326 habete
3273 1269 3636 1341 praeposito:

1994 1376 2173 1415 nemo
2205 1361 2279 1416 sit
2307 1360 2408 1431 qui
2456 1374 2520 1414 se
2570 1359 2650 1414 illi
2705 1375 2825 1415 non
2870 1360 3100 1431 aperiat
3130 1376 3143 1416 :
3176 1360 3277 1430 qui
3310 1358 3466 1413 enim
3505 1357 3639 1414 talis

1994 1454 2083 1502 est
2102 1454 2441 1519 serpentem
2454 1448 2874 1506 nutrit.Nullus
2892 1448 3150 1520 tepidam
3174 1448 3356 1503 ﬁdem
3383 1447 3636 1503 habeat:

1993 1538 2095 1610 qui
2129 1538 2287 1592 enim
2313 1537 2443 1593 talis
2474 1542 2577 1603 est,
2612 1537 2661 1590 is
2692 1538 2943 1608 Spiritus
2974 1538 3165 1593 sancti
3193 1537 3485 1592 fervorem
3517 1552 3637 1592 non

1994 1626 2329 1698 participat.
2366 1626 2567 1683 Nullus
2598 1626 2750 1682 clam
2780 1627 2941 1681 bona
2972 1626 3313 1697 possideat:
3346 1625 3449 1696 qui
3475 1625 3635 1681 enim

1996 1717 2124 1771 talis
2151 1721 2256 1784 est,
2289 1716 2554 1771 occultus
2580 1723 2663 1770 est
2684 1716 2887 1773 Judas.
2931 1715 3134 1771 Nullus
3177 1716 3433 1786 proprias
3460 1720 3641 1770 tenax

281 1823 365 1865 τος
394 1802 816 1867 Ἰουδοκλέπτης.
852 1801 1055 1867 Μηδεὶς
1098 1802 1405 1877 ἰδιόγνωμος
1432 1823 1445 1836 ·
1475 1808 1500 1858 6
1526 1808 1626 1879 γὰρ
1652 1814 1875 1869 τοιοῦτος

1997 1807 2301 1860 sententias
2332 1807 2441 1860 sit:
2476 1806 2577 1876 qui
2611 1806 2769 1860 enim
2789 1805 2925 1860 talis
2948 1811 3053 1868 est,
3078 1811 3242 1859 extra
3274 1805 3637 1859 monachum

283 1893 633 1967 ἓξωμόνάχος.
693 1892 898 1956 Μηδεὶς
938 1893 1353 1969 παῤῥησιοποιός
1384 1912 1396 1925 ⁸
1426 1896 1452 1947 6
1503 1898 1605 1968 γάρ
1654 1904 1883 1957 τοιοῦτος

281 1984 651 2058 φθορεργάτης.
722 1981 925 2046 Μηδεὶς
992 1984 1352 2056 κλεψιφάγος’
1413 1985 1438 2035 ὀ
1493 1986 1594 2058 γὰρ
1656 1992 1882 2045 τοιοῦτος

284 2067 819 2143 δουλόμοιος.Μηδεὶς
850 2072 908 2124 ἐν
951 2068 1183 2143 μηδενὶ
1223 2069 1449 2133 διδοὺς
1485 2080 1880 2146 προσκοπήν.

283 2161 388 2213 ἶνα
424 2165 504 2232 μὴ
537 2163 806 2235 μωμηθῇ
841 2163 869 2219 ἡ
906 2158 1232 2226 διακονία,
1257 2164 1324 2221 ὡς
1353 2162 1875 2233 βοᾷὸἊπὸστολος.

280 2246 407 2301 ἀλλ’
447 2252 505 2302 ἓν
538 2254 729 2302 παντὶ
787 2258 1116 2302 συνιστῶν
1156 2249 1384 2302 ἑαυτὸν
1424 2254 1501 2312 ὡς
1540 2259 1699 2303 Θεοῦ
1743 2248 1877 2304 διά-

276 2357 485 2403 κονον,
547 2338 605 2390 ἓν
670 2340 955 2411 ὑπομονῇ
1026 2338 1242 2404 πολλῆ,
1315 2338 1371 2390 ἂν
1435 2339 1759 2411 θλίψεσιν,
1825 2345 1881 2393 ἓν

278 2432 764 2499 στενοχωρίαις,
792 2432 879 2479 καὶ
901 2434 1010 2489 τοῖς
1048 2426 1264 2491 λοιποῖς,
1296 2428 1368 2488 οἷς
1394 2427 1551 2491 αὐτὸς
1580 2430 1867 2504 ἀπηριθμή-

275 2534 411 2568 σατο
439 2520 766 2591 καταρτίζων
797 2520 883 2569 τὸν
910 2516 1151 2574 ἀληθινὸν
1196 2519 1523 2591 Χριστιανὸν.
1562 2519 1620 2570 Εἰ
1652 2516 1710 2571 δὲ
1735 2522 1760 2571 ὁ
1781 2523 1876 2573 ῦπ-

273 2609 432 2666 ἠκοος
488 2606 651 2666 οὕτως
677 2622 690 2635 ·
742 2609 794 2657 τί
832 2610 922 2658 καὶ
961 2610 1123 2658 πόσον
1172 2603 1445 2658 ἀπαιτοῖτο
1487 2607 1512 2658 6
1547 2610 1880 2680 καθηγούμε-

271 2713 383 2760 νος,
416 2696 572 2755 τύπος
613 2692 806 2767 ἀγαθὸς
845 2696 911 2745 ὧν
949 2691 1199 2747 διδάσκει
1251 2695 1460 2767 ὀφείλων
1510 2700 1821 2769 προκεῖσθαι
1857 2716 1871 2765 ;

274 2786 457 2854 Μέγας
510 2784 537 2835 6
594 2782 731 2853 ἀγών
762 2801 773 2813 ·
830 2782 957 2836 ἀλλὰ
1000 2788 1088 2836 καὶ
1119 2785 1144 2836 6
1195 2787 1387 2856 μισθὸς
1444 2783 1871 2861 ἀπειροπλάσιος,

277 2868 523 2945 βασιλεία
559 2872 806 2945 οὐρανῶν,
857 2873 920 2935 ἧς
971 2872 1306 2945 ἀξιωθείημεν
1354 2878 1444 2926 καὶ
1495 2876 1750 2948 ἄρχοντες
1786 2881 1875 2929 καὶ

277 2959 584 3034 ἀρχόμενοι,
648 2962 795 3022 θείως
851 2958 1165 3034 βιοτένοντες
1209 2961 1256 3013 ἐν
1299 2964 1511 3035 Χριστῷ
1561 2964 1738 3021 Ἰησοῦ
1801 2973 1872 3036 τῷ

278 3053 456 3122 Κυρίῳ
503 3051 673 3121 ἡμῶν,
710 3050 780 3102 Ὦ
810 3052 841 3108 ἡ
877 3046 1007 3112 δόξα
1036 3055 1125 3103 καὶ
1163 3055 1220 3103 τὸ
1251 3053 1436 3123 κράτος
1468 3056 1561 3103 σὺν
1609 3060 1679 3123 τῷ
1712 3059 1876 3128 Πατρὶ

1994 1900 2100 1949 est.
2135 1894 2358 1949 Nullius
2392 1909 2587 1948 sermo
2618 1895 2690 1948 sit
2719 1894 3024 1959 licentior;
3057 1893 3159 1964 qui
3191 1893 3349 1948 enim
3382 1892 3511 1947 talis
3532 1900 3639 1962 est,

1994 1982 2319 2054 perniciem
2363 1989 2661 2053 operatur.
2710 1981 2914 2037 Nullus
2969 1982 3169 2037 furtim
3199 1982 3641 2054 comedat;qui

1994 2071 2156 2127 enim
2178 2071 2308 2127 talis
2338 2078 2445 2135 est,
2481 2088 2715 2127 servum
2743 2071 3023 2127 imitatur.
3083 2070 3285 2125 Nullus
3333 2071 3395 2125 in
3416 2070 3550 2126 ulla
3576 2085 3640 2127 re

1994 2163 2088 2217 det
2120 2161 2521 2231 offensionem,
2550 2168 2614 2216 ut
2644 2176 2763 2216 non
2819 2162 3185 2229 vituperetur
3222 2159 3636 2226 ministerium,

1995 2250 2144 2306 sicut
2174 2249 2393 2305 clamat
2424 2250 2778 2321 Apostolus;
2812 2249 2912 2305 sed
2940 2251 3002 2304 in
3054 2247 3321 2305 omnibus
3365 2248 3639 2305 exhibeat

1992 2341 2245 2407 seipsum
2278 2341 2429 2394 sicut
2457 2339 2932 2403 Deiministrum,
2966 2338 3028 2393 in
3044 2340 3233 2394 multa
3247 2337 3554 2406 patientia,
3571 2339 3634 2394 in

1992 2428 2502 2493 tribulationibus,
2533 2428 2597 2483 in
2655 2428 2949 2499 angustiis
2982 2430 3047 2495 ¹⁶,
3082 2432 3138 2483 et
3187 2426 3448 2498 reliquis,
3497 2441 3635 2498 quae

1991 2517 2147 2572 idem
2170 2522 2455 2581 recenset,
2478 2516 2786 2588 perficiens
2799 2532 3005 2573 verum
3030 2515 3447 2572 Christianum.
3464 2513 3637 2580 Quod

1995 2609 2041 2662 si
2076 2608 2204 2663 haec
2226 2624 2261 2662 a
2292 2607 2551 2668 subdito.
2586 2606 2799 2678 ecquid
2849 2612 2904 2660 et
2960 2613 3254 2677 quantum
3300 2604 3637 2675 requiratur

1995 2714 2030 2752 a
2062 2700 2404 2769 praeposito,
2434 2697 2537 2768 qui
2564 2696 2633 2751 iis
2663 2712 2816 2767 quos
2848 2696 3035 2758 docet,
3076 2699 3359 2765 tanquam
3402 2693 3639 2763 egregia

1996 2787 2187 2842 forma
2209 2785 2465 2857 proponi
2495 2785 2671 2841 debet
2700 2784 2728 2839 ‘l
2748 2787 3023 2855 Magnum
3076 2788 3376 2838 certamen
3401 2799 3417 2836 :
3448 2781 3552 2837 sed
3582 2786 3638 2838 et

1993 2890 2219 2930 merces
2252 2874 2503 2942 inﬁnita,
2534 2889 2786 2944 regnum
2810 2872 3095 2927 cmlorum
3122 2888 3135 2938 ;
3169 2887 3290 2943 quo
3323 2870 3553 2927 utinam
3583 2874 3639 2926 et

1992 2964 2279 3035 praesides
2306 2971 2361 3020 et
2386 2964 2604 3018 subditi
2647 2963 2959 3026 donemur,
3012 2964 3125 3016 Deo
3167 2961 3343 3032 digne
3371 2960 3638 3016 viventes

1991 3052 2049 3108 in
2080 3053 2305 3109 Christo
2330 3054 2470 3107 Jesu
2500 3052 2754 3107 Domino
2782 3056 3004 3116 nostro,
3038 3050 3131 3104 cui
3155 3049 3344 3119 gloria
3369 3053 3427 3104 et
3449 3050 3639 3120 impe-

272 3142 365 3190 καὶ
412 3145 484 3209 τῷ
546 3139 677 3211 ἁγίῳ
721 3142 1003 3211 Πνεῦματι,
1056 3147 1144 3192 νῦν
1183 3145 1272 3193 καὶ
1327 3139 1426 3205 ἀεὶ,
1487 3145 1576 3194 καὶ
1639 3142 1708 3204 εἰς
1758 3147 1875 3204 τοὺς

1991 3143 2141 3197 rium
2167 3158 2303 3197 cum
2332 3145 2495 3196 Patre
2527 3146 2583 3196 et
2611 3145 2817 3195 sancto
2842 3139 3060 3210 Spiritu
3095 3154 3255 3193 nunc
3283 3142 3337 3193 et
3368 3153 3625 3209 semper,

274 3227 467 3289 αἰῶνας
496 3236 595 3280 τῶν
625 3228 847 3285 αἰώνων.
882 3228 1070 3300 Ἀμήν.

272 3352 585 3425 ΡΝΖ’(49).
627 3384 692 3393 -
737 3352 1044 3425 Ἀντωνίῳ
1084 3361 1163 3424 τῷ
1203 3353 1605 3429 Δυιόῥοιχίου⁸
1657 3355 1882 3436 [xei-1.

1989 3236 2045 3285 et
2085 3230 2143 3286 in
2177 3230 2399 3313 saecula
2428 3229 2806 3285 saeculorum.
2842 3234 3046 3282 Amen.

2256 3356 2453 3412 CLVII.
2486 3387 2550 3396 —
2582 3355 2845 3411 Antonio
2881 3353 3250 3424 Dyrrhachii
3278 3354 3365 3424 (').

1438 3453 1509 3502 De
1538 3453 1805 3518 baptismo
1835 3456 1927 3519 qui
1946 3456 2005 3505 ﬁt
2039 3469 2103 3505 ex
2125 3455 2459 3506 necessitate.

336 3538 477 3610 Ὀψὲ
524 3543 613 3611 μὶν
673 3548 763 3593 τοῦ
812 3548 1018 3614 καιροῦ,
1069 3542 1206 3613 ὅμως
1264 3544 1342 3595 ὅτι
1389 3542 1732 3615 κατελάϐομεν
1778 3553 1878 3596 τῶν

254 3630 434 3683 πάλαι
471 3632 841 3702 γεγραμμένων
897 3630 1175 3689 επιστολὴν
1224 3635 1401 3703 τιμίαν
1450 3638 1542 3684 τοῦ
1585 3631 1878 3702 ἁγιωτάτου

259 3722 417 3791 ἡμῶν
466 3722 690 3792 Πατρός,
740 3726 876 3771 πάνυ
918 3721 1150 3790 ἦσθημεν
1207 3722 1256 3772 οἰ
1294 3726 1523 3773 ταπεινοί
1555 3738 1567 3750 '
1596 3718 1746 3774 οὐδὲν
1776 3725 1877 3795 γάρ

261 3809 433 3868 οὕτως
466 3803 675 3859 συνδεῖν
733 3803 871 3859 οἶδεν
922 3809 1133 3879 ἀγάπην
1182 3814 1267 3861 καὶ
1330 3806 1755 3863 ἀδιασκέδαστον
1788 3832 1878 3883 φυ·

258 3898 495 3960 λάττειν,
542 3897 610 3958 ὡς
663 3892 1032 3968 ἀντιδιδομὲνη
1080 3894 1340 3960 διάθεσις.
1383 3898 1537 3952 Ἀλλά
1579 3904 1630 3951 τί
1681 3901 1759 3952 ὄτι
1789 3901 1878 3952 οῦ-

257 4006 381 4050 τως,
442 3981 487 4036 ὦ
541 3981 795 4051 δέσποτα,
848 3981 963 4057 ηρες
1014 3992 1086 4038 τῶ
1144 3988 1545 4059 ἐγκωμιαστικῷ
1595 3987 1732 4059 λόγῳ
1784 3997 1878 4052 τῆς

255 4075 571 4145 πολυσόφου
637 4092 729 4126 σου
781 4073 1035 4143 γλώττης,
1096 4077 1162 4126 τά
1214 4076 1333 4127 καθ’
1376 4077 1517 4148 ἡμᾶς
1566 4081 1682 4139 τοὺς
1740 4075 1878 4149 μηδ’

255 4165 437 4217 ὁτιοῦν
501 4160 695 4232 ἀγαθὸν
749 4165 973 4233 ἔχοντας
1004 4180 1017 4229 ;
1050 4162 1115 4215 Ἦ
1172 4166 1369 4224 πάντως
1406 4166 1436 4222 ἡ
1491 4163 1669 4236 ἀγάπη
1711 4166 1873 4233 αἰτία,

251 4254 569 4306 κλέπτουσα
612 4250 653 4303 τ’
706 4250 897 4316 ἀληθῆ,
942 4254 1137 4304 καὶτὰ
1186 4256 1257 4324 μὴ
1311 4257 1432 4305 ὄντα
1476 4257 1538 4314 ὡς
1595 4258 1713 4306 ὄντα
1772 4264 1877 4316 τοῖς

250 4343 593 4417 φιλουμένοις
674 4338 1027 4406 ἀνάπτουσα;
1104 4340 1243 4399 Πλὴν
1323 4343 1403 4393 ὅτι
1460 4342 1508 4393 ἐν
1555 4347 1715 4414 τούτῳ
1784 4349 1875 4396 καὶ

249 4435 408 4506 ἡμεῖς
470 4431 659 4503 ἔχομεν
703 4429 991 4504 (εἰρήσεται
1047 4432 1195 4503 γὰρ),
1254 4430 1393 4502 εἰμὴ
1436 4430 1771 4502 ἀπατώμεθα,
1816 4436 1875 4485 τὸ

259 4527 503 4594 στέργειν
559 4523 650 4571 καὶ
703 4517 909 4589 ἀγαπᾷν
958 4522 1080 4581 τοὺς
1145 4516 1401 4592 ἀδελφοὺς
1453 4524 1543 4572 καὶ
1619 4525 1872 4594 Πατέρας,

258 4616 351 4663 καὶ
400 4629 462 4681 γε
503 4611 624 4669 τοὺς
682 4608 787 4669 οἷος
847 4611 913 4659 σὺ
964 4603 1027 4675 εἶ,
1082 4606 1235 4660 ἕλκων
1288 4616 1351 4681 τῇ
1401 4614 1733 4680 χρηστότητι
1780 4620 1875 4663 τῶν

260 4700 477 4771 ἀγαθῶν
533 4700 736 4767 τρόπων
800 4701 923 4770 πρὸς
1002 4696 1169 4769 φιλίαν
1246 4702 1336 4749 καὶ
1408 4702 1494 4749 τὸν
1556 4699 1875 4771 ἠγριωμένον

258 4792 401 4850 ἤθει.
465 4793 648 4840 Ταῦτα
694 4788 783 4857 μὶν
822 4781 909 4838 οὖν
957 4786 1081 4859 παρ’
1121 4785 1413 4861 ἀμφοτέρων
1452 4789 1598 4857 ἡμῶν
1650 4796 1712 4860 τῇ
1764 4791 1876 4861 ἱερᾷ

261 4899 360 4932 σου
435 4882 639 4948 κορυφῇ
723 4872 956 4947 βραχέσι
1032 4874 1309 4938 συλλαϐαῖς
1369 4874 1727 4948 ἀμειψαμένων
1780 4883 1873 4936 τὴν

259 4966 598 5037 πολύστιχον
651 4968 740 5015 καὶ
823 4962 1102 5015 πολύολϐον
1154 4962 1448 5023 ἐπιστολήν.
1526 4963 1587 5018 ⁴Α
1643 4963 1701 5018 δε
1746 4971 1873 5040 πρὸς

260 5060 416 5129 ἡμῶν
473 5052 546 5114 εἰς
586 5052 867 5124 ἀπολογίαν
922 5061 1013 5114 τὴς
1062 5057 1178 5124 περὶ
1223 5056 1307 5107 τὸν
1357 5050 1576 5125 ἀδελφὸν
1614 5061 1871 5127 Ἔραστον

260 5145 588 5216 ἓγκλὴσεως,
657 5140 705 5192 ἐν
778 5144 1003 5202 τούτοις.
1084 5140 1275 5212 Ἡμεῖς,
1360 5144 1618 5209 ἱερώτατε,
1683 5143 1726 5195 εἰ
1782 5150 1871 5198 καὶ

260 5235 436 5294 ἄλλως
498 5229 715 5291 εὐτελεῖς
792 5229 965 5303 ἐσμεν,
1018 5230 1075 5283 οῦ
1152 5235 1255 5302 μὴν
1328 5232 1491 5294 οὕτως
1543 5232 1779 5305 ἀμαθεῖς,
1836 5235 1865 5293 ἦ

338 5371 387 5407 ¹³
428 5370 553 5424 Jac.
587 5381 648 5433 ιι,
679 5365 762 5421 18.
843 5367 888 5401 ¹⁴
920 5365 1115 5422 Matth.
1144 5382 1278 5438 χιιι,
1302 5370 1396 5423 27.

1483 5370 1529 5403 1⁵
1554 5369 1720 5425 Joan.
1755 5385 1854 5440 xu,
1888 5368 1978 5426 35.

2062 3546 2202 3601 Sero
2233 3544 2501 3617 quidem,
2524 3543 2666 3615 quia
2698 3549 2898 3598 tamen
2922 3542 3155 3597 dudum
3183 3543 3463 3613 scriptam
3496 3556 3642 3596 san-

1990 3634 2232 3688 ctissimi
2265 3633 2443 3688 Patris
2479 3632 2663 3687 nostri
2694 3630 3006 3703 epistolam
3065 3631 3429 3702 accepimus,
3460 3629 3633 3684 valde

1989 3740 2099 3779 nos
2132 3723 2387 3778 humiles
2414 3721 2607 3791 gavisi
2638 3737 2868 3776 sumus.
2896 3719 3051 3776 Nihil
3081 3721 3238 3775 enim
3264 3720 3415 3775 adeo
3446 3718 3635 3774 chari-

1990 3818 2165 3867 tatem
2181 3809 3098 3881 colligare,indissolubilemque
3128 3824 3363 3864 servare
3386 3808 3551 3873 solet,
3567 3824 3634 3864 ac

1988 3902 2289 3972 reciproca
2302 3898 2790 3955 communicatio.
2814 3899 2926 3953 Sed
2949 3899 3093 3970 quid
3112 3897 3194 3954 ita
3209 3913 3340 3961 nos,
3364 3896 3631 3966 domine,

1986 3991 2088 4062 qui
2114 3990 2360 4045 omnino
2384 3989 2527 4044 nihil
2546 3988 2685 4043 boni
2702 3988 3019 4051 habemus,
3034 3986 3471 4042 encomiasticis
3486 3986 3634 4056 peri-

1989 4080 2230 4134 tissimus
2258 4077 2479 4147 linguae
2510 4082 2624 4133 ture
2656 4077 2848 4131 verbis
2880 4075 3186 4131 extulisti?
3206 4077 3298 4129 An
3325 4091 3510 4129 causa
3548 4078 3635 4130 est

1986 4183 2231 4239 prorsus
2263 4167 2543 4231 charitas,
2597 4182 2738 4221 vera
2795 4164 3203 4236 supprimens,
3256 4170 3310 4218 et
3339 4180 3469 4235 qua;
3510 4179 3631 4219 non

1986 4263 2141 4319 sunt,
2172 4273 2242 4311 ac
2273 4255 2320 4309 si
2384 4262 2603 4320 essent,
2667 4255 2877 4310 amicis
2936 4255 3233 4324 adaptans
3263 4254 3291 4309 ‘2
3317 4252 3437 4309 Nisi
3464 4251 3629 4325 quod

1986 4346 2282 4401 habemus
2333 4352 2389 4400 et
2439 4360 2551 4399 nos
2577 4344 2736 4399 istud
2765 4349 2917 4399 certe
2949 4342 3294 4414 (dicendum
3326 4346 3418 4397 est
3441 4341 3626 4411 enim)

1984 4435 2170 4507 quod,
2204 4435 2249 4487 si
2276 4449 2398 4489 non
2456 4433 2736 4496 fallimur,
2768 4432 2976 4487 fratres
3005 4438 3321 4503 patresque
3349 4447 3629 4486 amamus

1983 4531 2039 4578 et
2068 4523 2393 4592 diligimus,
2427 4538 2529 4577 eos
2558 4523 2885 4594 praesertim
2917 4521 3021 4593 qui
3076 4521 3300 4575 similes
3343 4526 3478 4576 sunt
3524 4520 3629 4589 tui,

1984 4613 2086 4684 qui
2118 4612 2357 4682 egregia
2389 4628 2624 4666 morum
2668 4610 2961 4682 probitate
3014 4612 3073 4664 in
3107 4625 3374 4666 amorem
3428 4610 3631 4665 trahas

1983 4704 2165 4756 etiam
2195 4700 2442 4771 agrestis
2492 4699 2714 4769 ingenii
2767 4700 3095 4755 hominem.
3157 4705 3345 4771 Atque
3382 4699 3507 4754 haec
3553 4698 3628 4753 de

1987 4796 2235 4862 utroque
2268 4796 2559 4856 nostrum,
2592 4805 2762 4845 sacro
2804 4790 3000 4845 vertici
3034 4796 3134 4845 tuo
3157 4805 3373 4860 pauca,
3393 4788 3468 4843 ad
3498 4804 3630 4859 pro-

1982 4878 2161 4933 lixam
2180 4884 2237 4933 et
2264 4878 2622 4949 locupletem
2645 4879 2959 4946 epistolam
2983 4879 3240 4934 breviter
3266 4876 3629 4947 responden-

1982 4972 2089 5022 tes.
2135 4969 2274 5033 Quae
2329 4983 2466 5022 vero
2514 4969 2587 5023 ad
2638 4968 2833 5023 fratris
2861 4968 3068 5031 Erasti,
3103 4982 3283 5037 quem
3313 4971 3619 5030 accusant,

1981 5056 2389 5112 defensionem
2422 5057 2739 5122 habemus,
2772 5058 2898 5112 haec
2957 5062 3111 5110 sunt.
3148 5058 3281 5118 Nos,
3316 5055 3403 5108 vir
3433 5069 3633 5125 sacras

1983 5147 2227 5211 tissime,
2259 5147 2366 5202 etsi
2400 5146 2542 5202 viles
2572 5146 2791 5218 alioqui
2825 5162 3054 5212 sumus,
3087 5160 3206 5200 non
3241 5150 3439 5199 tamen
3472 5143 3626 5200 adeo

1980 5235 2259 5305 imperiti,
2311 5244 2413 5291 aut
2464 5236 2803 5292 divinarum
2833 5234 3325 5290 constitutionum
3367 5239 3627 5289 contem-

2056 5373 2103 5406 ¹⁶
2134 5371 2152 5424 I
2180 5372 2310 5427 Cor.
2342 5387 2414 5436 vn,
2448 5376 2500 5437 3,
2528 5372 2580 5426 4.
2949 5360 2959 5385 ¹

1824 5504 2043 5560 NOTAE.

336 5628 459 5700 (b9)
501 5626 567 5681 In
596 5626 732 5683 cod.
757 5628 897 5699 Reg.
926 5628 1047 5699 ριθ’.

2087 5631 2154 5703 (⁸)
2182 5630 2529 5702 Dogmatica
