4036 6276
457 302 591 360 1491

1703 307 1762 361 S.
1807 304 2171 361 THEODORI
2211 304 2547 360 STUDlT/E

3670 301 3824 356 1492

455 433 676 501 ptores,
743 433 806 486 ut
849 429 1147 502 discipulo
1211 434 1438 496 nostro,
1479 436 1644 488 extra
1690 432 2091 488 sacerdotium

2218 439 2315 483 τῶν
2375 433 2521 485 θείων
2579 428 2846 504 διαταγῶν
2897 447 3305 505 καταφρονηται,
3357 429 3425 491 ὡς
3485 426 3826 481 meamea;

456 519 796 582 constituto.
827 520 1293 591 praeciperemus
1328 525 1391 575 ut
1411 537 1545 593 quae
1581 522 1909 577 sacerdotis
1942 527 2101 584 sunt,

457 607 700 678 aggredi
715 607 1040 663 auderetac
1056 608 1306 680 proinde
1322 611 1602 680 parvulos
1623 611 1943 682 baptizare.
1973 614 2103 666 Haec

456 695 615 750 enim
646 701 733 751 est
761 698 1085 752 accusatio.
1134 699 1306 764 Quod
1349 699 1396 753 si
1448 700 1813 755 necessitatis
1865 700 2014 755 ratio
2043 698 2104 755 id

457 783 821 853 exigebatiis
849 785 1079 851 diebus,
1141 787 1201 841 in
1256 789 1479 859 quibus
1536 788 1781 844 haeresis
1810 789 2101 861 populum

458 873 748 928 seducens
789 875 1214 943 grassabatur;
1252 876 1632 950 maximeque
1685 879 1744 933 in
1799 878 2102 949 praeteritis

457 961 1287 1034 deprtedationibus,quando
1301 966 1351 1020 ei
1373 967 1475 1038 qui
1503 967 1614 1022 sibi
1641 971 1881 1023 cautum
1910 966 2099 1030 vellet,

458 1065 570 1106 nec
594 1057 760 1106 extra
788 1052 1171 1108 domunculae
1194 1053 1454 1110 latebras
1479 1057 1822 1126 prospicere
1848 1056 2060 1111 licebat
2088 1072 2100 1122 ;

458 1154 580 1196 non
610 1155 880 1211 possum,
917 1157 1023 1212 pro
1054 1142 1267 1212 exigua
1315 1160 1448 1199 mea
1474 1144 1877 1216 intelligentia,
1913 1159 2103 1217 neque

458 1227 620 1284 hunc
647 1231 1035 1296 monachum,
1059 1247 1254 1304 neque
1273 1231 1454 1288 alium
1479 1234 1806 1301 damnare;
1839 1234 2107 1306 quando-

460 1317 705 1389 quidem
737 1335 806 1374 ex
859 1322 1226 1385 necessitate,
1257 1321 1404 1391 legis
1430 1339 1671 1395 quoque
1729 1324 1999 1380 mutatio.
2042 1323 2108 1379 Et

459 1405 707 1478 quidem
737 1407 947 1479 priscis
998 1410 1365 1481 temporibus
1401 1411 1541 1466 talia
1588 1412 1743 1467 facta
1769 1413 2102 1479 cernimus;

464 1500 644 1566 atque
661 1495 823 1551 hunc
845 1513 1027 1553 arena
1051 1498 1268 1564 infusa,
1297 1501 1356 1554 in
1381 1501 1634 1566 deserto,
1654 1517 1725 1556 eo
1757 1501 1916 1570 quod
1943 1517 2106 1556 mors

469 1583 735 1649 instaret,
780 1586 1117 1658 baptizasse
1161 1594 1214 1643 et
1243 1588 1607 1661 baptizatum
1641 1606 1790 1654 esse,
1820 1597 1876 1646 et
1921 1591 2106 1645 alium

461 1671 630 1728 aliter
655 1690 666 1726 :
702 1689 810 1729 nec
832 1690 973 1730 vero
1001 1675 1428 1747 perfectionem
1461 1684 1623 1734 tuam
1649 1679 1851 1745 latent,
1874 1696 2007 1752 qua:
2031 1681 2107 1735 ad

2215 523 2424 593 μαθητῇ
2480 523 2624 593 ἡμῶν
2681 521 2776 584 ἔξω
2838 523 3120 593 ἱερωσύνης
3177 518 3420 581 τελοῦντι,
3480 517 3822 588 κατατολμᾷν

2216 609 2470 684 ἐγχειρεῖν
2513 613 2580 663 τὰ
2650 617 2744 672 τῆς
2843 611 3140 683 ἱερωσύνης,
3208 607 3477 660 κάντεῦθεν
3534 605 3821 679 βαπτίζειν

2217 697 2408 752 παιδία
2443 720 2453 730 ⁸
2487 707 2638 752 τοῦτο
2670 702 2772 772 γὰρ
2806 702 2862 751 τό
2913 698 3168 770 ἔγκλημα.
3219 697 3277 749 Εἰ
3311 694 3368 750 δε
3411 698 3437 748 ὁ
3473 696 3625 768 λόγος
3654 697 3825 766 ἀνάγ-

2215 808 2307 849 κης
2373 787 2637 861 ἀπῄτησεν
2689 787 2736 840 ἐν
2795 791 3008 848 ταύταις
3035 793 3148 849 ταῖς
3200 789 3439 859 ἡμέραις,
3485 785 3534 836 ἓν
3587 785 3670 846 αἶς
3737 786 3825 835 αἰ-

2213 897 2356 951 ρεσις
2398 877 2697 943 λαοπλάνος,
2750 881 2840 929 καὶ
2895 877 3126 948 μάλιστα
3173 875 3222 927 ἐν
3269 883 3380 937 ταῖς
3432 872 3827 948 προλαϐούσαις

2213 966 2528 1031 λεηλασίαις,
2574 965 2648 1039 ἐφ’
2706 967 2788 1028 αῖς
2832 962 2955 1018 οὐδὲ
3003 967 3315 1038 προκύπτειν
3371 960 3430 1022 ἦν
3487 967 3572 1015 τόν
3619 961 3827 1035 φυλατ-

2215 1060 2422 1128 τόμενον
2467 1063 2558 1108 τοῦ
2606 1062 2898 1129 κρυπτικοῦ
2950 1051 3218 1126 δωματίου
3254 1075 3266 1086 ·
3305 1053 3397 1104 οὐκ
3445 1053 3552 1124 ἔχω
3591 1050 3826 1124 ἀποκρί-

2214 1164 2336 1209 νειν,
2376 1145 2510 1196 κατὰ
2555 1149 2649 1202 τὴν
2695 1143 2907 1196 ἐνοῦσάν
2953 1162 3044 1215 μοι
3097 1141 3358 1217 βραχεῖαν
3416 1143 3642 1206 σύνεσιν,
3699 1143 3828 1192 οὔτε

2215 1230 2366 1286 τόνδε
2433 1236 2522 1285 τόν
2588 1235 2902 1304 μόνάζοντα,
2957 1231 3065 1284 οὔτ’
3135 1227 3201 1284 αὖ
3258 1232 3459 1303 ,ἕτερον⁸
3525 1226 3705 1287 ἐπειδὴ
3763 1229 3826 1292 ἐξ

2215 1321 2440 1392 ἀνάγκης
2492 1327 2582 1374 καὶ
2631 1327 2790 1394 νόμου
2835 1323 3135 1393 μετάθεσις.
3199 1325 3360 1392 Καίγε
3397 1317 3666 1393 ὁρῶμενέν
3706 1325 3827 1378 τοῖς

2217 1412 2377 1464 πάλαι
2428 1416 2638 1483 χρόνοις
2676 1417 2896 1463 τοιαῦτα
2932 1414 3211 1482 γιγνόμενα
3242 1427 3256 1438 “
3310 1414 3400 1461 καὶ
3433 1408 3486 1460 ὃν
3513 1411 3602 1480 μὶν
3633 1407 3828 1480 ἀμμώ-

2220 1497 2301 1553 δει
2351 1500 2599 1572 έπιχύσει
2647 1501 2764 1553 κατ’
2820 1499 3057 1573 ἐρημίαν,
3109 1495 3290 1557 ἐπειδὴ
3349 1500 3566 1560 θάνατος
3619 1504 3823 1572 παρῆν,

2219 1587 2551 1663 βαπτίσαντα
2601 1595 2691 1642 καὶ
2733 1587 3110 1662 βαπτισθέντα,
3155 1593 3244 1641 καὶ
3281 1587 3430 1640 ἄλλον
3479 1585 3642 1648 ἄλλως
3673 1603 3688 1616 '
3723 1586 3827 1638 οὐκ

2218 1680 2313 1742 ἔξω
2345 1677 2404 1732 δὲ
2431 1685 2668 1751 γνώσεως
2698 1686 2760 1751 τῇ
2815 1679 3099 1737 τελειότητί
3131 1697 3225 1731 σου
3273 1680 3337 1730 τὰ
3365 1678 3500 1729 κατά
3541 1678 3627 1728 τὸν
3667 1675 3825 1746 ἅγιον

461 1767 736 1818 sanctum
780 1769 1048 1835 spectant
1095 1766 1514 1822 Athanasium.
1567 1770 1841 1824 Attamen
1870 1769 2105 1840 puerilis

2218 1768 2552 1823 Ἀθανάσιον.
2599 1767 2778 1840 Ὀμως
2834 1770 2864 1826 ἡ
2925 1765 3149 1826 παιδίκὴ
3182 1766 3372 1841 πρᾶξις
3411 1767 3660 1840 ὁραθεῖσα
3693 1767 3828 1839 πρὸς

461 1851 616 1907 actio
641 1867 677 1906 a
705 1850 1057 1909 beatissimo
1114 1854 1451 1911 Alexandro
1499 1865 1840 1930 conspecta,
1872 1865 2111 1930 recepta

463 1945 550 1994 est
580 1944 870 2012 tanquam
893 1941 1174 1997 divinitus
1205 1945 1396 2000 facta:
1433 1950 1488 2000 et
1516 1947 1619 2016 qui
1644 1946 1916 2011 initiavit,
1945 1947 2111 2002 habi-

464 2031 559 2084 tus
591 2044 698 2100 pro
722 2031 1028 2086 sacerdote
1057 2051 1069 2098 ;
1101 2038 1157 2088 et
1178 2034 1579 2105 quiinitiatus,
1606 2052 1713 2104 pro
1741 2043 2106 2107 regenerato,

464 2133 816 2191 quanquam
838 2120 1003 2177 nulla
1029 2127 1167 2178 tunc
1189 2129 1315 2178 erat
1345 2125 1689 2180 necessitas.
1726 2126 1837 2180 Sed
1869 2133 1917 2182 et
1945 2132 2112 2181 sexta

463 2207 732 2279 synodus
756 2209 816 2264 in
838 2209 1054 2265 divinis
1091 2212 1424 2268 canonibus
1449 2214 1733 2284 permittit
1755 2217 1823 2282 1⁷,
1853 2215 2110 2270 utlaicus

463 2311 530 2352 ex
559 2297 928 2364 necessitate,
954 2300 1001 2354 si
1029 2315 1146 2355 non
1177 2301 1340 2356 adsit
1366 2303 1670 2368 sacerdos,
1705 2303 1817 2358 sibi
1841 2303 1953 2374 ipsi
1976 2320 2111 2375 por-

462 2385 616 2455 rigat
662 2395 1074 2444 sacramenta:
1131 2390 1297 2462 quod
1327 2391 1571 2462 quidem
1625 2393 1768 2448 citra
1799 2398 2108 2465 urgentem

467 2475 759 2530 rationem
793 2491 912 2531 non
937 2481 1028 2532 est
1055 2473 1488 2549 recipiendum.

543 2564 736 2629 Quare
757 2564 804 2620 si
834 2565 947 2621 hoc
999 2567 1179 2622 modo
1227 2584 1320 2624 res
1369 2574 1537 2638 gesta
1568 2576 1695 2637 est;
1728 2571 1993 2642 ignosce,
2022 2571 2112 2626 vir

466 2651 956 2721 honoratissime,
982 2671 1101 2710 non
1133 2657 1426 2713 audemus
1469 2664 1678 2728 praeter
1701 2675 1771 2715 ea
1801 2676 1935 2731 quae
1958 2660 2112 2716 divi-

468 2740 680 2797 nitusa
709 2742 980 2798 Patribus
1007 2750 1342 2802 monstrata
1372 2754 1528 2812 sunt,
1553 2748 1748 2803 dicere
1773 2749 2106 2821 quidquam

469 2834 569 2886 aut
625 2831 1078 2902 reprehendere.
1113 2834 1477 2905 Comprobat
1507 2843 1704 2892 autem
1754 2837 1994 2895 fratrem
2026 2843 2110 2897 sic

466 2917 700 2987 fecisse,
734 2919 916 2992 idque
941 2938 1165 2993 magno
1191 2939 1328 2980 cum
1362 2927 1546 2980 animi
1574 2942 1818 2996 angore,
1846 2929 2108 2998 primum

467 3006 713 3079 quidem
736 3008 978 3081 ipsequi
1000 3011 1211 3081 coegit,
1243 3013 1492 3068 virinter
1517 3014 1780 3083 insignes
1795 3014 2010 3085 pietate
2040 3031 2110 3070 ac

465 3095 804 3168 prudentia,
843 3102 1021 3170 atque
1044 3100 1194 3155 inter
1219 3099 1494 3156 illustres.
1526 3101 1782 3158 Thomas
1814 3102 2025 3158 consul
2057 3109 2111 3158 et

469 3182 862 3241 chartularius
892 3202 905 3239 :
939 3187 1153 3244 deinde
1183 3190 1445 3246 Jacobus
1473 3191 1950 3263 religiosissimus
1977 3208 2109 3247 mo-
2141 3176 2181 3197 ’⁸

467 3273 718 3337 nachus,
768 3276 861 3330 cui
907 3292 1044 3348 pars
1099 3279 1262 3334 nulla
1291 3296 1430 3334 cum
1460 3279 1702 3336 haeresi:
1736 3286 1860 3336 tum
1897 3282 2111 3353 Euthy-

469 3362 653 3430 mius,
667 3366 964 3420 venerand
977 3382 1042 3420 us
1058 3367 1204 3422 alter
1224 3369 1558 3424 monachus
1571 3375 1623 3424 et
1637 3371 2108 3440 persecutionem

469 3464 707 3522 passus.
739 3453 807 3508 In
832 3453 1058 3510 duobus
1073 3457 1162 3511 vel
1189 3457 1379 3512 tribus
1412 3457 1647 3513 testibus
1674 3459 1871 3524 stabit,
1899 3459 2108 3530 inquit,

469 3554 636 3596 omne
656 3543 895 3597 verbum
929 3545 996 3597 η.
1020 3545 1136 3610 Ais,
1165 3545 1426 3612 domine,
1447 3561 1568 3601 non
1601 3547 1679 3601 ita
1706 3563 1830 3601 rem
1854 3547 2108 3614 habere;

469 3631 531 3684 tu
558 3630 803 3700 quidem
831 3633 1114 3688 omnibus
1169 3634 1330 3689 haud
1386 3634 1566 3691 dubie
1615 3635 1910 3690 illustrior.
1959 3635 2111 3702 Quid

467 3716 644 3787 igitur
666 3718 901 3786 faciam,
927 3721 984 3776 in
1015 3721 1211 3777 medio
1241 3728 1541 3778 tantorum
1565 3725 1798 3778 testium
1827 3725 2111 3780 constitu-

467 3809 562 3861 tus
581 3805 610 3861 ?
650 3807 707 3863 Si
734 3808 816 3865 ita
837 3825 930 3864 res
958 3810 1142 3866 habet
1168 3816 1229 3866 ut
1255 3812 1423 3876 dicis,
1456 3819 1633 3883 atque
1657 3812 1750 3868 ille
1773 3814 2109 3868 astantibus

464 3896 844 3967 presbyteris,
878 3898 1230 3954 dominandi
1289 3902 1485 3956 studio
1542 3901 1938 3957 sacerdotium
1999 3901 2106 3957 sibi

465 3982 848 4056 despondens
866 3987 978 4042 hoc
1004 3989 1138 4058 egit,
1165 4005 1478 4061 nunquam
1505 3991 1666 4062 apud
1688 4007 1797 4046 nos
1823 3992 1897 4046 ad
1919 3992 2109 4059 digni-

463 4077 643 4128 tatem
676 4075 988 4130 sacerdotii
1034 4078 1413 4147 provehetur,
1448 4087 1660 4149 praeter
1686 4080 1834 4134 alias
1873 4096 2107 4152 poenas.

467 4161 588 4216 Hoc
620 4163 778 4218 enim
802 4165 1050 4234 justum.
1079 4166 1177 4222 Sin
1206 4174 1405 4222 autem
1438 4175 1704 4235 coactus,
1760 4175 1820 4223 ut
1846 4176 2026 4225 testes
2055 4176 2111 4225 et

462 4249 714 4322 ipsemet
743 4259 1004 4319 narrant,
1031 4261 1086 4310 et
1111 4271 1246 4309 cum
1282 4256 1402 4311 duo
1434 4258 1743 4329 proposita
1773 4263 1986 4323 essent,
2007 4267 2109 4314 aut

463 4339 754 4395 infantem
794 4358 911 4397 non
941 4343 1236 4399 initiatum
1269 4347 1441 4410 mori,
1473 4348 1632 4417 quod
1665 4347 1723 4402 in
1747 4348 1983 4402 duobus
2005 4363 2107 4402 an-

465 4433 558 4486 tea
587 4430 808 4502 pueris,
831 4431 974 4503 quia
1025 4432 1438 4504 obtemperare
1492 4436 1700 4500 noluit,
1774 4437 2100 4504 acciderat;
2137 4428 2181 4481 D

463 4525 568 4575 aut
587 4519 878 4575 haereticis
896 4520 1071 4590 objici
1093 4537 1195 4577 eos
1228 4523 1330 4594 qui
1358 4524 1633 4594 pietatem
1658 4525 2056 4580 observabant
2091 4541 2102 4580 :

462 4609 608 4666 nihil
638 4608 830 4664 ausim
854 4624 964 4678 ego
987 4616 1264 4680 peccator
1286 4612 1616 4682 injungere,
1663 4617 1866 4684 quoad
1887 4613 2106 4670 beatis-

463 4699 650 4755 simus
679 4713 984 4754 sacrorum
1011 4700 1252 4756 antistes
1271 4708 1470 4756 noster
1492 4717 1551 4756 re
1574 4703 1952 4758 considerata
1975 4719 2105 4774 pro-

461 4787 609 4844 ferat
635 4787 1007 4843 sententiam.
1032 4790 1111 4844 Tu
1145 4804 1283 4845 vero
1313 4790 1595 4846 vilitatem
1624 4808 1840 4861 meam,
1868 4794 2101 4847 Patrum

460 4875 838 4941 amicissime,
873 4892 945 4930 ne
976 4876 1284 4949 deplores:
1325 4879 1428 4933 sed
1465 4879 1664 4950 potius
1695 4896 1820 4945 ora,
1859 4886 1920 4936 ut
1951 4882 2105 4938 intra

460 4965 776 5023 modulum
819 4969 1085 5020 nostrum
1144 4968 1564 5034 consistamus,
1625 4970 2101 5041 mendosamque

457 5055 638 5111 vitam
655 5055 1132 5126 corrigamus.De
1147 5057 1274 5111 aliis
1290 5061 1489 5111 autem
1505 5058 1730 5125 erratis,
1746 5075 2002 5128 quorum
2022 5061 2103 5114 iu-

455 5144 676 5201 dicium
701 5144 872 5200 nobis
894 5145 1139 5215 regligio
1171 5151 1268 5200 tua
1305 5150 1361 5200 et
1389 5146 1887 5214 significationem
1919 5149 2096 5213 dedit,

457 5233 624 5291 nullo
641 5235 820 5291 modo
837 5235 1038 5306 inique
1054 5235 1217 5290 illum
1239 5235 1430 5304 egisse
1462 5236 1934 5292 existimavimus
1960 5239 2094 5304 ;sed

453 5339 578 5381 rem
610 5322 1066 5394 laudedignam,
1092 5324 1160 5390 si,
1188 5324 1488 5396 quosdam
1519 5325 1804 5381 moechari
1823 5327 2097 5396 audiens,

449 5413 669 5470 veritus
698 5429 816 5471 non
861 5418 951 5468 est
996 5429 1124 5469 rem
1184 5413 1535 5469 denuntiare
1588 5415 1657 5469 iis
1687 5416 1790 5487 qui
1824 5415 2092 5474 inhibere

528 5595 570 5630 ¹⁷
605 5593 780 5650 Trull.
823 5609 955 5649 can.
991 5593 1076 5649 58.
1159 5594 1206 5629 1⁸
1237 5592 1404 5649 Deut.
1437 5609 1558 5659 xu,
1592 5595 1678 5650 15.

2221 1865 2311 1910 τοῦ
2367 1858 2770 1932 μακαριωτάτον
2825 1852 3194 1931 Ἀλεξάνδρου,
3251 1857 3480 1930 ἓνεκρίθη
3526 1857 3595 1916 ὡς
3647 1856 3827 1907 θεοτε-

2219 1946 2328 2011 λὴς,
2397 1952 2486 1998 καὶ
2542 1946 2784 2017 ἐλογίσθη
2827 1947 2851 1997 6
2900 1946 3110 2006 τελέσας
3162 1948 3225 2006 ὡς
3276 1945 3458 2018 ἱερεύς,
3512 1949 3604 1996 καὶ
3658 1945 3684 1995 ό
3736 1962 3830 2001 τε-

2219 2035 2438 2096 λειώσας
2486 2038 2549 2096 ὡς
2588 2034 2940 2106 ἀναγεννηθείς
2973 2053 2985 2065 ·
3027 2039 3212 2105 καίπερ
3271 2033 3365 2086 οὐκ
3412 2031 3464 2096 ἐξ
3513 2032 3743 2104 ἀνάγκης
3797 2034 3827 2084 6

2221 2129 2419 2197 καιρός.
2477 2131 2797 2198 Παραχωρεί
2848 2121 2906 2176 δὲ
2961 2129 3051 2176 καὶ⁵
3089 2126 3117 2182 ἡ
3174 2124 3294 2180 ἕκτη
3335 2117 3554 2185 σύνοδος
3607 2120 3655 2173 ἐν
3709 2128 3829 2184 τοίς

2225 2217 2379 2275 θείοις
2429 2218 2662 2280 κανόσιν,
2695 2213 2740 2265 εἰ
2769 2217 2840 2285 μὴ
2875 2214 3123 2286 πάρεστιν
3178 2215 3468 2285 ἱερωμένος,
3506 2211 3559 2274 εξ
3590 2208 3826 2281 ἀνάγκης

2219 2303 2396 2356 λαὶκὸν
2441 2302 2605 2372 ἐαυτῷ
2644 2299 2961 2374 μεταδοῦναι
3011 2310 3106 2354 τῶν
3156 2301 3498 2374 ἁγιασμάτων
3531 2320 3543 2333 ·
3602 2303 3723 2374 ὅπερ
3758 2299 3825 2352 ού

2223 2395 2447 2464 θεμιτὸν,
2477 2393 2595 2443 ἄνευ
2633 2398 3005 2463 περιστατικοῦ
3034 2390 3207 2462 λόγου.

2292 2569 2469 2630 Οὕτως
2509 2569 2596 2622 οὖν
2645 2569 2689 2621 εἰ
2734 2573 2937 2640 γέγονεν
2977 2570 3148 2640 ἡμεῖς,
3202 2568 3521 2638 σύγγυνωθι,
3572 2567 3818 2638 πάντιμε,

2221 2657 2278 2708 ού
2337 2657 2601 2729 τολμῶμεν
2654 2660 2797 2732 παρὰ
2857 2660 2922 2710 τὰ
2982 2654 3210 2719 θειωδῶς
3265 2664 3374 2718 τοῖς
3429 2658 3700 2731 Πατράσιν
3740 2655 3825 2708 ἔκ-

2221 2751 2521 2818 πεφασμένα
2549 2747 2704 2799 εἰπεῖν
2733 2767 2783 2800 τι
2829 2748 2859 2806 ἦ
2909 2747 3242 2818 ἐπιτιμῆσαι.
3300 2752 3585 2803 Συνίστησι
3632 2742 3693 2798 δε
3732 2748 3823 2797 τὸν

2224 2831 2440 2908 ἀδελφὸν
2497 2836 2631 2888 οὕτω
2683 2836 2968 2910 πράξαντα,
3015 2841 3105 2888 καὶ
3165 2837 3295 2908 μετά
3331 2835 3520 2896 πολλῆς
3574 2834 3819 2906 ἀγωνίας,

2219 2932 2421 2997 πρῶτον
2472 2927 2561 2994 μὲν
2635 2923 2785 2986 αὐτὸς
2838 2925 2863 2976 ό
2913 2923 3230 2994 ἀναγκάσας,
3299 2928 3385 2976 καὶ
3429 2925 3571 2975 ἔστιν
3617 2925 3643 2975 ό
3689 2923 3815 2995 ἀνὴρ

2219 3019 2318 3063 τῶν
2363 3011 2476 3063 λίαν
2527 3017 2616 3064 καὶ
2669 3012 2890 3065 εὐσεϐῶν
2942 3017 3030 3065 καὶ
3085 3012 3363 3088 ἐμφρόνων,
3405 3016 3555 3082 καίγε
3603 3029 3812 3084 1:39:91-

2217 3109 2337 3166 νῶν,
2393 3107 2583 3173 Θωμᾶς
2632 3102 2657 3152 ὀ
2711 3105 2908 3164 ὕπατός
2937 3121 2991 3154 τε
3031 3107 3118 3154 καὶ
3173 3101 3561 3175 χαρτουλάριος
3595 3118 3608 3130 ·
3645 3103 3805 3152 ἔπειτα

2221 3188 2463 3252 Ἰάκωϐος
2511 3191 2536 3241 ό
2587 3189 2954 3252 εὐλαϐέστατος
3012 3190 3270 3260 μονάζων,
3321 3194 3409 3242 καὶ
3449 3198 3544 3252 τῆς
3576 3191 3814 3264 αἱρέσεως

2219 3275 2504 3350 ἀμέτοχος.
2555 3277 2680 3331 Εἶτα
2717 3283 2799 3330 καὶ
2858 3279 3132 3350 Εύθύμιος,
3178 3278 3342 3354 ἕτερος
3394 3275 3670 3349 αἰδέσιμος
3721 3296 3820 3348 μο-

2216 3367 2404 3431 νάζων,
2436 3373 2525 3420 καὶ
2552 3364 2917 3440 δεδιωγμένος.
2961 3367 3093 3421 Ἐπὶ
3133 3363 3254 3420 δύο
3293 3372 3399 3420 καὶ
3437 3375 3628 3439 τριῶν
3668 3385 3818 3438 μαρ-

2218 3460 2420 3530 τύρων
2462 3459 2884 3523 σταθήσεται,
2930 3462 3079 3529 φησὶ,
3131 3462 3253 3509 πᾶν
3291 3458 3491 3531 ῥῆμα.
3554 3460 3758 3528 Λέγεις,
3793 3457 3819 3506 ὁ

2222 3542 2502 3615 δεσπότης,
2559 3545 2664 3616 οὑχ
2716 3545 2873 3605 οὕτως
2928 3548 3067 3617 ἔχειν
3097 3561 3110 3574 ·
3158 3549 3247 3598 καὶ
3278 3547 3682 3617 προφερέστερος
3721 3539 3821 3601 δη-

2220 3637 2386 3688 λονότι
2416 3643 2513 3686 τῶν
2553 3637 2756 3686 πάντων
2789 3650 2802 3662 '
2835 3639 2897 3686 Τί
2924 3642 3046 3705 γοῦν
3096 3639 3301 3692 ποιήσω
3351 3633 3447 3704 ἐγὼ
3500 3631 3818 3704 ἀπειλημμέ-

2217 3744 2303 3786 νος
2347 3723 2394 3775 ἐν
2438 3728 2578 3796 μέσῳ
2609 3726 2869 3776 τοσούτων
2899 3725 3174 3796 μαρτύρων
3211 3741 3224 3790 ;
3262 3722 3399 3792 Ἐὰν,
3425 3725 3490 3782 ὡς
3519 3721 3668 3783 αὐτὸς
3698 3727 3814 3795 φῇς,

2219 3816 2342 3886 ἔχη,
2402 3814 2481 3864 ὅτι
2540 3818 2804 3886 παρόντων
2865 3814 3050 3886 ἱερέων,
3112 3811 3368 3885 φιλαρχίᾳ
3424 3815 3820 3884 προμνηστευόο

2218 3922 2365 3975 μενος
2418 3902 2555 3971 αὐτῷ
2612 3903 2912 3976 ἱερωσύνην,
2967 3908 3117 3954 τοῦτο
3169 3901 3450 3975 εἰργάσατο
3484 3917 3495 3930 ⁶
3553 3903 3629 3958 εἴη
3688 3904 3816 3973 πρὸς

2218 3993 2362 4062 ἡμῶν
2397 3996 2597 4063 μήποτε
2650 3991 2722 4053 εἷς
2771 3994 2829 4042 τὸ
2861 3998 2955 4052 τῆς
3014 3993 3298 4063 ἱερωσύνης
3347 3989 3551 4060 ἀξίωμα
3596 3988 3815 4061 προϐαί-

2217 4103 2330 4146 νων,
2375 4083 2501 4152 μετὰ
2526 4085 2613 4132 καὶ
2657 4080 2835 4155 ἐτέρων
2867 4079 3137 4144 ἐπιτιμίων
3163 4095 3176 4110 ·
3211 4076 3414 4132 δίκαιον
3444 4082 3572 4151 γάρ.
3622 4078 3683 4132 Εἰ
3732 4076 3810 4143 δε,

2219 4175 2288 4232 ὡς
2340 4172 2388 4222 οἱ
2439 4172 2695 4243 μάρτυρες
2746 4173 2835 4220 καὶ
2877 4169 3032 4230 αὐτὸς
3099 4164 3386 4238 διηγεῖται,
3439 4167 3807 4238 ἀναγκασθεὶς,

2217 4265 2306 4311 καὶ
2356 4256 2502 4310 δυοῖν
2542 4261 2884 4332 προκειμένων
2916 4275 2926 4284 ·
2981 4259 3010 4317 ἣ
3064 4255 3293 4329 ἀμύητον
3340 4261 3395 4308 τὸ
3453 4253 3637 4330 βρέφος
3690 4255 3811 4308 ἀπο-

2558 4349 2678 4421 ὅπερ
2737 4349 2918 4399 ἔπαθεν
2971 4349 3018 4398 ἒν
3053 4343 3180 4399 δυσὶ
3218 4351 3463 4421 πρότερον
3499 4345 3557 4398 οὗ
3589 4347 3810 4404 πεισθεὶς

2216 4441 2397 4488 παισίν
2433 4454 2444 4464 ⁸
2481 4437 2509 4494 ἦ
2562 4437 2816 4507 προέσθαι
2861 4443 2965 4495 τοῖς
3015 4437 3294 4509 αἱρετικοῖς
3337 4439 3452 4495 τοὺς
3497 4434 3810 4507 φυλαττομέ-

2215 4349 2449 4400 τεθνάναι
2485 4363 2496 4374 ·

2215 4544 2334 4586 νους
2376 4530 2469 4583 τὴν
2515 4525 2773 4577 εὐσέϐειαν
2805 4544 2817 4557 ·
2863 4521 3012 4577 οὐδὲν
3062 4523 3160 4596 ἐγὼ
3209 4525 3234 4576 ό
3287 4523 3590 4597 ἁμαρτωλὸς
3641 4523 3809 4597 τολμῶ

2216 4613 2530 4685 ἐπισκῆψαι,
2581 4615 2674 4675 ἕως
2724 4613 2783 4666 ἂν
2838 4615 2862 4666 ὁ
2920 4620 3314 4689 μακαριώτατος
3367 4616 3512 4686 ἡμῶν
3579 4613 3810 4688 ἱεροτελε-

2219 4708 2348 4764 στὴς
2398 4703 2756 4778 ἐπιθεωρήσας
2807 4703 2998 4766 ἐξοίσει
3057 4708 3258 4774 κρίσιν.
3303 4697 3404 4756 καὶ
3449 4708 3520 4775 μή
3577 4722 3677 4774 μον
3722 4710 3809 4763 τῆς

2688 4795 2921 4866 Ηατέρων
3001 4792 3225 4864 φίλτατε,
3314 4791 3740 4856 καταστενάξειας
3793 4811 3804 4824 ο

2214 4880 2322 4933 ἀλλ’
2377 4882 2404 4939 ἣ
2480 4880 2667 4953 μᾶλλον
2722 4883 3023 4955 προσεύχου
3086 4883 3132 4933 ἐν
3204 4888 3314 4943 τοῖς
3380 4877 3539 4942 ἰδίοις
3605 4885 3809 4953 μέτροις

2854 4968 3164 5042 ἐσφαλμένον
3226 4969 3340 5044 βίον
3410 4967 3807 5044 διορθώσασθαι

2214 5060 2394 5133 ἡμᾶς,
2422 5063 2538 5130 Περὶ
2581 5055 2639 5111 δὲ
2689 5059 2867 5133 ἐτέρων
2911 5059 3244 5132 σφαλμάτων,
3299 5060 3366 5110 ὧν
3404 5055 3591 5112 ἔδωκεν
3642 5063 3806 5131 ἔμφα-

2215 4797 2583 4857 ταπεινώσεως,

2215 4970 2444 5035 ἕστάναι,
2519 4974 2601 5020 καὶ
2678 4974 2762 5022 τὸν

2215 5166 2296 5199 σιν
2351 5150 2378 5206 ἡ
2441 5147 2699 5200 θεοσέϐειά
2749 5167 2864 5213 σου,
2919 5154 3005 5201 καὶ
3075 5147 3415 5220 ἐξηγόρευσεν
3501 5151 3646 5220 ἡμῖν,
3720 5153 3808 5201 καὶ

2211 5235 2326 5289 οὐδ’
2395 5237 2522 5299 ὅλως
2603 5239 2946 5309 ἐπενοήσαμεν
3022 5240 3279 5310 ἐκθέσμως
3350 5237 3504 5290 αὐτόν
3592 5237 3805 5312 πρᾶξαι,

2211 5326 2316 5380 ἀλλ’
2373 5329 2401 5387 ἦ
2457 5334 2545 5381 καὶ
2602 5327 2808 5380 ἐπαίνου
2855 5327 3019 5396 ἄξιον,
3073 5328 3117 5381 εἰ
3171 5331 3522 5400 μοιχεύοντας
3581 5325 3804 5394 ἁκούων,

2210 5417 2313 5490 ούχ
2344 5417 2679 5471 ὑπεστείλατο
2717 5423 2789 5490 μὴ
2831 5417 2957 5489 οὐχὶ
2997 5417 3298 5490 ἀναγγεῖλαι
3342 5424 3451 5480 τοῖς
3498 5413 3809 5489 δυναμένοις
