4036 6276
279 342 414 399 1493

1538 337 2049 427 EPISTOLARUM
2089 339 2224 394 LIB.
2268 337 2337 393 Il.

3474 336 3617 392 1494

269 465 513 540 ἀπεῖρξαι
540 468 599 518 τὸ
657 464 898 538 ἀσέϐημα
937 464 1095 537 [cod.
1158 466 1298 535 Reg.
1347 464 1640 536 ἀσίλγημα]
1679 482 1690 494 ·
1736 468 1767 524 ἥ
1803 484 1847 516 τ‹

1982 468 2257 536 poterant
2294 463 2683 535 impietatem,
2720 468 2845 529 aut,
2883 478 3023 518 cum
3082 462 3165 517 uti
3207 461 3423 531 laqueo
3480 460 3632 516 velle

267 564 332 629 τῇ
381 560 667 628 κομιτίσση
727 557 1004 627 αἱρουμένη
1054 552 1259 627 ἀγχόνῃ
1315 556 1635 626 χρήσασθαι
1684 569 1696 580 ·
1741 550 1869 607 ἰδεῖν

265 648 334 699 τὰ
369 650 705 719 προσήκοντα
733 643 1140 717 ἓπιπράξασθαι.
1191 640 1332 695 Τάδε
1375 646 1477 716 γὰρ
1519 640 1656 695 οἶδεν
1698 644 1870 716 ὠφλη-

266 737 429 798 κέναι,
462 738 548 786 καὶ
606 733 700 786 οὐκ
740 733 863 784 ἄλλο
905 752 918 765 ·
976 737 1067 784 καὶ
1096 731 1285 792 πολλῆς
1327 731 1583 804 εὐφημίας
1614 736 1743 804 πρὸς
1766 740 1868 784 τῶν

265 823 503 899 ἀνωτέρω
556 820 890 881 δηλωθέντων
969 818 1194 897 ἀνδρῶν,
1253 824 1317 883 ὡς
1383 822 1636 882 αὐτήκοος
1702 821 1866 893 ἐγενό-

264 932 388 987 μην,
421 909 818 989 προωεδήσατο
848 912 874 963 ό
923 907 1138 984 ἀδελφὸς
1166 910 1421 983 Ἔραστος
1476 913 1737 972 ἐπαίνους.
1790 911 1865 964 Οὐ

262 1007 457 1069 τοίνυν,
509 1002 646 1073 ἅγιε,
689 997 783 1054 διά
830 1004 888 1053 τὸ
940 997 1261 1072 σκινδαλμὸν
1302 1000 1458 1053 αὐτὸν
1490 1000 1777 1071 ἐμποιῆσαι
1816 1002 1863 1053 ἓν

263 1099 374 1154 τοῖς
418 1091 622 1151 αὐτόθι,
656 1089 783 1143 ἀλλὰ
840 1086 932 1142 διὰ
959 1092 1026 1142 τὰ
1056 1086 1359 1163 ἀδιόρθωτα
1398 1085 1686 1159 σκάνδαλα,
1723 1088 1866 1163 εἶρξαι

263 1184 350 1234 τὸν
381 1177 601 1252 ἀδελφὸν
656 1187 749 1241 τῆς
787 1175 1105 1250 παλινῳδίας
1131 1197 1144 1211 ·
1194 1181 1263 1240 ὡς
1315 1180 1376 1230 ἄν
1423 1180 1648 1230 ἐντεῦθεν
1689 1176 1863 1231 ἀθωω-

264 1272 376 1329 θείη
434 1272 523 1341 μεν
581 1270 608 1321 ό
658 1270 1102 1341 κατηγορούμενος
1150 1276 1248 1319 τῶν
1304 1266 1641 1340 ἐγκλημάτων
1677 1284 1690 1298 ⁸
1725 1267 1861 1339 εἰρη·

261 1362 495 1413 νέύσειαν
576 1354 634 1410 δε
696 1358 746 1409 οἱ
834 1355 1253 1429 φιλεγκλήμονες,
1331 1361 1421 1408 καὶ
1501 1357 1856 1430 παθοπράται.

260 1446 327 1501 Ὀ
384 1466 438 1501 τε
485 1452 886 1519 μακαριώτατος
932 1448 1076 1518 ἡμῶν
1134 1450 1311 1520 Πατὴρ
1351 1447 1716 1510 ύπακουσθεὶς,
1750 1466 1857 1517 χα-

257 1541 382 1611 ρίσῃ
437 1538 562 1609 ἡμῖν
612 1538 705 1598 τὰς
753 1534 1022 1597 θεοκλινείς
1082 1553 1176 1587 σου
1229 1536 1555 1608 προσευχὰς,
1615 1533 1720 1587 επεὶ
1758 1538 1847 1587 καὶ

257 1634 330 1697 τῷ
360 1621 563 1698 ἀδελφῷ
596 1630 967 1697 συγχώρησιν.

490 1750 639 1805 PNH'
670 1750 803 1822 (50).
847 1781 915 1791 -
957 1749 1209 1822 Ἰωάννη
1250 1751 1616 1824 Σπαθαρίῳ.

1980 553 2296 618 comitissa,
2329 552 2527 607 videre
2554 552 2699 624 quid
2726 552 2880 608 facto
2908 556 3068 607 esset
3093 566 3266 622 opus.
3299 551 3432 606 Hac
3472 550 3633 605 enim

1978 651 2164 707 ofﬁcii
2202 651 2289 705 sui
2321 650 2503 706 fuisse
2542 652 2717 714 novit,
2751 655 2805 704 et
2839 666 2961 705 non
2997 649 3183 713 aliud,
3216 653 3272 703 et
3309 662 3565 717 magnas
3597 663 3634 702 a

1977 740 2117 794 viris
2163 755 2347 810 supra
2385 738 2751 808 memoratis,
2784 743 2847 793 ut
2876 739 3006 809 ipse
3038 737 3261 802 audivi,
3298 736 3504 791 laudes
3535 752 3629 791 re-

1976 829 2105 885 tulit
2130 830 2305 884 frater
2337 831 2597 884 Erastus.
2632 832 2758 884 Non
2803 828 2999 898 igitur,
3048 829 3136 881 vir
3185 830 3408 891 sancte,
3459 824 3628 898 quod

1974 917 2287 975 discordia
2320 918 2431 972 illis
2465 918 2522 972 in
2554 918 2697 973 locis
2726 918 2863 989 ipse
2895 921 3101 972 auctor
3130 914 3323 980 fuerit,
3357 913 3462 969 sed
3494 930 3628 987 pro-

1972 1014 2102 1079 pter
2133 1023 2407 1077 perversa
2438 1006 2743 1075 scandala,
2778 1005 2938 1061 vetui
2966 1021 3039 1060 ne
3059 1004 3235 1060 frater
3256 1003 3622 1076 palinodiam

1973 1102 2211 1153 caneret
2242 1115 2255 1163 ;
2291 1103 2349 1151 ut
2373 1102 2428 1151 et
2453 1100 2771 1151 accusatus
2795 1094 3147 1150 absolvatur
3173 1093 3545 1156 criminibus,
3571 1097 3627 1148 et

1970 1186 2285 1258 quiescant
2297 1185 2399 1257 qui
2413 1183 2861 1239 criminationes
2876 1187 3167 1248 amant,et
3182 1181 3321 1238 vitia
3337 1180 3621 1237 vendunt.

1971 1274 2177 1347 Tuque
2209 1274 2586 1330 beatissimus
2619 1276 2785 1328 Pater
2815 1280 3017 1328 noster
3041 1270 3136 1327 his
3165 1270 3383 1327 auditis
3416 1286 3625 1342 preces

1971 1369 2105 1419 tuas
2130 1364 2313 1418 Deum
2367 1361 2728 1418 inﬂectentes
2781 1361 3052 1432 largiaris
3106 1359 3305 1423 nobis,
3340 1363 3393 1415 et
3454 1358 3624 1415 fratri

1972 1451 2232 1508 veniam.

2279 1752 2498 1807 CLVIII.
2532 1783 2599 1793 —
2628 1752 2854 1808 Joanm‘
2875 1752 3201 1822 Spathario
3228 1752 3305 1824 (').

791 1856 863 1906 De
896 1856 1202 1919 Theologia,
1231 1859 1283 1906 et
1308 1855 1373 1905 de
1406 1856 1587 1906 divina
1620 1856 2005 1914 incarnatione,
2033 1861 2085 1907 et
2110 1858 2175 1907 de
2202 1860 2400 1909 sanctis
2425 1872 2487 1909 ac
2508 1860 2674 1909 sacris
2709 1859 3051 1923 imaginibus.

324 1952 394 2002 Τὸ
448 1946 759 2019 Εύαγγέλιον
841 1953 932 2007 τῆς
1017 1950 1277 2018 σωτηρίας
1335 1953 1426 1997 τοῦ
1511 1945 1847 2017 εύλογημίνου

2038 1950 2286 2002 Faustus
2340 1949 2413 2003 de
2455 1947 2641 2004 salute
2667 1948 2959 2004 benedicti
2987 1948 3215 2004 domini
3249 1948 3365 2003 mei
3405 1953 3462 2004 et
3488 1948 3613 2019 spi-

253 2056 355 2109 μου
387 2033 647 2090 δεσπότου
678 2039 767 2087 καὶ
823 2042 1174 2107 πνευματικοῦ
1225 2031 1449 2107 ἀδελφοῦ
1505 2039 1594 2086 καὶ
1624 2037 1723 2107 πρὸ
1762 2041 1853 2086 τοῦ

252 2128 563 2200 γράμματος
621 2123 964 2195 ἀπαγγελθὲν,
1022 2122 1208 2182 ἦδυνεν
1266 2126 1411 2196 ἡμῶν
1476 2126 1569 2185 τὰς
1611 2125 1854 2184 ταπεινὰς

252 2211 519 2289 καρδίας⁶
569 2211 677 2266 ἕπει
748 2208 807 2265 δε
860 2216 949 2265 καὶ
1002 2211 1320 2284 ἀνεγνώσθη,
1389 2212 1587 2274 τελείως
1639 2215 1853 2285 εὔφρανε

251 2309 342 2357 καὶ
371 2306 729 2379 ἐχαροποίησε
762 2318 773 2331 ⁸
834 2305 918 2353 καὶ
976 2300 1081 2373 οὐχ
1132 2303 1270 2374 ἡμᾶς
1320 2305 1508 2373 μόνους
1538 2304 1657 2363 τούς
1687 2301 1851 2375 ἀμαρ-

252 2391 463 2458 τωλοὺς,
518 2388 645 2443 ἀλλά
700 2394 790 2442 καὶ
868 2392 957 2451 τὰς
1015 2389 1292 2462 ἀγγελικάς
1347 2386 1592 2462 δυνάμεις
1631 2404 1645 2419 ⁶
1711 2392 1847 2463 εἴπερ

251 2482 326 2554 ἔφ’
358 2480 431 2535 ἑνὶ
462 2478 716 2553 ἀνθρώπῳ
747 2486 1081 2551 μετανοοῦντι
1122 2480 1274 2551 χαρὰ
1332 2477 1379 2530 ἐν
1419 2478 1657 2553 οὐρανοῖς
1704 2483 1848 2549 γίνε-

251 2588 361 2634 ται,
395 2570 530 2621 κατά
583 2569 650 2620 τά
703 2569 813 2640 ἱερά
864 2566 1040 2639 λόγια.
1095 2566 1227 2621 Ἀλλ’
1281 2566 1551 2639 εὐλογητὸς
1588 2568 1612 2619 ὁ
1644 2570 1769 2628 Θεὸς
1795 2567 1850 2629 ὃς

254 2658 349 2712 ούκ
378 2661 521 2711 εἴασε
577 2660 670 2715 τὴν
700 2658 980 2729 τιμιότητά
1007 2675 1100 2708 σου
1144 2657 1238 2718 ἕως
1289 2655 1458 2716 τέλους
1499 2658 1848 2730 συναπαχθῆ-

251 2768 337 2800 ναι
374 2755 437 2819 τῇ
471 2751 674 2821 πονηρᾷ
725 2747 921 2820 αἱρέσει
976 2753 1074 2797 τῶν
1122 2747 1516 2819 Χριστομάχων
1551 2762 1563 2774 ·
1598 2744 1727 2798 ἀλλὰ
1756 2741 1850 2797 διὰ

251 2845 343 2900 τῆς
372 2836 532 2899 καλῆς
571 2840 660 2887 καὶ
718 2840 980 2908 μακαρίας
1035 2836 1293 2908 θυγατρὸς
1348 2834 1653 2909 ἐπέστρεψεν
1684 2835 1751 2896 εἰς
1788 2837 1846 2886 τὸ

251 2935 353 2999 φῶς
409 2933 504 2986 τῆς
571 2922 833 2985 ἀληθείας.
898 2928 998 2977 Καὶ
1058 2924 1097 2974 ὦ
1150 2931 1240 2975 τοῦ
1296 2926 1577 2995 θαύματος,
1620 2929 1708 2976 καὶ
1758 2930 1846 2976 τοῦ

248 3017 613 3087 γεννήσαντος,
668 3017 758 3065 καὶ
812 3020 908 3072 τῆς
936 3012 1315 3083 γεννηθείσηςι
1356 3012 1423 3064 Ὢ
1452 3021 1543 3074 τῆς
1594 3021 1693 3065 τῶν
1752 3011 1847 3085 ἀμ-

249 3107 472 3176 φοτέρων
525 3102 829 3176 εἰλικρινοῦς
881 3100 1131 3172 ἀγάπηςῑ
1196 3098 1287 3163 τῆς
1347 3104 1436 3173 μεν
1492 3104 1847 3173 φροντισάσης

248 3191 326 3246 ἐπ’
365 3192 552 3253 αύταῖς
606 3198 722 3253 ταῖς
778 3190 1091 3252 τελευταίαις
1149 3188 1428 3252 ἀναπνοαῖς
1482 3194 1541 3242 τὸ
1594 3195 1844 3265 πατρικὸν

250 3289 484 3353 σῶσμα·
550 3286 647 3333 τοῦ
706 3276 764 3332 δε
814 3280 1081 3341 κλίναντος
1137 3282 1427 3352 θεοπρεπῶς
1476 3283 1534 3331 τὸ
1590 3277 1698 3345 οὖς,
1756 3285 1845 3333 καὶ

245 3374 610 3443 χαρισαμένου
686 3375 747 3441 τῇ
810 3368 1131 3441 αἰτησαμένη
1202 3368 1358 3421 καλὸν
1450 3371 1700 3441 ἐντάφιον,
1752 3374 1843 3427 τήν

245 3455 526 3530 ὄρθόδοξον
582 3458 920 3531 ἐπιστροφήν,
982 3457 1234 3515 Ἀπῆλθεν
1270 3459 1298 3515 ἠ
1349 3460 1439 3529 μιν
1471 3460 1674 3530 ἔχουσα
1715 3461 1846 3531 μετά

245 3556 335 3609 τῆς
384 3548 577 3609 οἰκείας
632 3546 1023 3617 καλοκαγαθίας
1068 3545 1228 3609 ξένιον
1289 3550 1502 3619 τερπνὸν
1560 3555 1844 3619 προσοῐσαι

244 3645 317 3708 τῷ
361 3645 495 3708 Θεῷ,
527 3639 584 3688 τὸ
614 3642 852 3707 πατρῷον
887 3640 1143 3708 σωτήριον
1174 3655 1186 3667 ·
1239 3636 1264 3687 ό
1315 3631 1373 3687 δὲ
1430 3634 1654 3708 ἐπέμεινε
1686 3639 1842 3707 θυγα-

241 3730 360 3801 τρὸς
420 3728 558 3799 ἱερᾶς
592 3723 790 3784 εὐσεϐὲς
859 3722 1279 3796 ὶγκαλλώπισμα,
1338 3728 1428 3776 καὶ
1476 3726 1680 3777 πάντων
1743 3733 1841 3777 τῶν

244 3811 539 3889 ὄρθοδόξων
570 3815 637 3876 ὡς
664 3810 865 3874 ἀληθῶς
890 3812 1280 3886 εύφραντὴριον.
1348 3817 1419 3866 Τί
1465 3816 1577 3886 γὰρ
1634 3811 1835 3881 οἶδας,

243 3909 396 3977 φησὶ,
427 3906 639 3975 γύναι,
674 3902 728 3955 εἰ
767 3908 870 3954 τὸν
907 3898 1117 3973 ἄνδρα
1157 3907 1392 3964 σώσεις
1426 3921 1438 3969 ;
1472 3906 1501 3961 ἣ
1543 3908 1601 3955 τί
1637 3899 1837 3967 οἶδας,

242 3991 409 4064 ἄνερ,
477 3990 529 4042 εἰ
576 3994 688 4048 τὴν
736 3996 1021 4061 γυναῖκα
1062 3994 1335 4055 σώσεις;
1394 3989 1543 4062 Ἡμῖν
1572 3988 1630 4043 δὲ
1654 3996 1840 4067 μικρὸν

241 4078 611 4142 ύπαλλακτέον,
651 4077 729 4130 ὃτι
761 4081 951 4130 ἔσωσεν
1003 4079 1032 4135 ἠ
1090 4080 1322 4153 θυγάτηρ
1374 4082 1459 4132 τὸν
1488 4084 1703 4154 πατέρα.
1740 4084 1839 4133 Καὶ

239 4172 478 4242 μακαρία
532 4166 693 4225 ἐκείνη
753 4168 783 4225 ἡ
837 4167 978 4232 ὁσία,
1035 4169 1287 4238 μακάριος
1322 4172 1410 4219 καὶ
1462 4171 1546 4233 σὺ,
1588 4166 1627 4220 ὦ
1657 4174 1841 4241 τριπό-

243 4259 384 4315 θητε.
420 4259 671 4328 Πείθομαι
699 4258 800 4329 γὰρ
827 4256 909 4307 ὃτι
960 4258 1053 4307 σύν
1088 4260 1169 4307 σοὶ
1200 4262 1285 4307 καὶ
1319 4257 1440 4313 ὅλην
1470 4257 1658 4323 οἰκίαν,
1692 4261 1839 4330 τάχα

241 4344 301 4401 δε
356 4352 444 4400 καὶ
492 4350 633 4417 γένος
685 4346 1030 4418 προσαγάγῃς
1092 4342 1403 4419 ὀρθοδοξοῦν
1466 4355 1537 4417 τῶ
1606 4355 1832 4423 Δεσπότῃ

238 4444 456 4511 Χριστῷ
480 4452 493 4465 ο
546 4436 627 4487 ἱνα
661 4433 716 4487 ἐκ
766 4434 963 4487 πολλῶν
1014 4440 1326 4507 προσώπων,
1376 4438 1434 4487 τὸ
1462 4436 1529 4498 εἰς
1562 4438 1695 4509 ὑμᾶς
1724 4441 1837 4510 χά-

236 4544 407 4602 ρισμα
452 4520 545 4575 διὰ
572 4522 771 4575 πολλῶν
818 4522 1183 4596 εὐχαριστηθῇ
1232 4525 1357 4593 ὑπὲρ
1393 4525 1558 4594 ὑμῶν.
1603 4530 1833 4585 Τοιαύτη

1962 2034 2191 2091 ritualis
2222 2037 2414 2092 fratris
2441 2038 2685 2093 nuntius
2713 2044 2848 2093 ante
2871 2036 3090 2093 litteras
3121 2036 3615 2101 allatus,humilia

1962 2125 2147 2180 corda
2173 2131 2379 2181 nostra
2419 2126 2757 2182 oblectabat
2784 2145 2797 2194 ;
2830 2133 2966 2197 post
2995 2126 3175 2182 lectas
3208 2141 3345 2181 vero
3384 2125 3612 2182 litteras

1960 2214 2133 2286 plene
2166 2231 2235 2270 ac
2267 2215 2521 2287 perfecte
2552 2215 2903 2271 exhilaravit
2932 2223 2986 2271 et
3011 2215 3209 2271 latitia
3239 2214 3436 2270 affecit
3464 2233 3477 2284 ;
3514 2230 3613 2271 ne-

1960 2318 2077 2375 que
2107 2319 2219 2359 nos
2255 2304 2448 2360 solum
2510 2310 2869 2376 peccatores,
2927 2305 3033 2361 sed
3085 2304 3388 2374 angelicas
3431 2304 3613 2360 etiam

1959 2392 2239 2449 virtutes:
2275 2394 2570 2466 siquidem
2622 2394 2697 2449 de
2739 2394 2983 2450 homine
3034 2409 3154 2450 uno
3202 2393 3611 2466 panitentiam

1959 2486 2173 2551 agente
2212 2483 2501 2553 gaudium
2515 2488 2602 2539 est
2629 2484 2688 2539 in
2704 2483 2886 2552 calis,
2898 2484 3069 2554 juxta
3091 2498 3260 2539 sacra
3283 2482 3523 2555 eloquia
3536 2483 3608 2549 1°,

1962 2572 2073 2629 Sed
2108 2572 2460 2628 benedictus
2496 2576 2672 2641 Deus,
2724 2573 2826 2643 qui
2874 2572 3392 2628 honoriﬁcentiam
3443 2578 3608 2628 tuam

1958 2677 2079 2717 non
2112 2663 2381 2733 permisit
2412 2678 2598 2735 usque
2628 2662 2689 2718 in
2719 2661 2903 2717 ﬁnem
2930 2662 3148 2717 abduci
3177 2677 3455 2733 perversa
3483 2660 3608 2717 διιε-

1957 2752 2071 2807 resi
2097 2752 2683 2809 Christomachorum
2715 2770 2727 2807 :
2758 2752 2862 2808 sed
2896 2767 2999 2824 per
3038 2750 3342 2822 egregiam
3383 2755 3440 2807 et
3463 2750 3607 2808 bea-

1958 2844 2079 2896 tam
2112 2841 2296 2897 ﬁliam
2328 2841 2617 2897 convertit
2645 2840 2722 2897 ad
2762 2840 2955 2896 lucem
2990 2839 3275 2897 veritatis.
3311 2842 3396 2908 Et,
3429 2855 3608 2895 orem

1959 2931 2192 2993 miram,
2215 2937 2339 2987 tum
2360 2929 2418 2985 in
2438 2932 2721 3000 genitore,
2756 2930 2958 2985 tumin
2987 2930 3185 3000 genita
3210 2928 3221 2983 !
3244 2945 3279 2985 o
3313 2929 3608 2985 sinceram

1957 3019 2269 3091 utriusque
2306 3021 2655 3076 charitatem
2688 3020 2699 3074 l
2730 3020 2910 3090 hujus
2935 3018 3206 3091 quidem,
3232 3018 3396 3090 quod
3423 3019 3483 3073 in
3512 3034 3608 3073 ex-

1958 3113 2145 3163 tremo
2173 3109 2308 3179 ipso
2339 3108 2549 3179 spiritu
2594 3116 2856 3179 paterna
2883 3108 3089 3162 salutis
3127 3122 3335 3163 curam
3382 3108 3560 3177 gessit
3591 3124 3605 3173 ;

1954 3197 2113 3252 illius
2140 3213 2277 3252 vero
2307 3198 2471 3269 quod
2503 3204 2701 3252 autem
2731 3196 2825 3268 pie
2861 3196 3253 3261 inclinaverit,
3280 3201 3337 3251 et
3374 3197 3606 3267 roganti

1955 3285 2237 3358 pulchras
2264 3286 2603 3358 exsequias,
2646 3285 2989 3358 persolverit
3023 3285 3478 3340 conversionem
3510 3300 3607 3340 or-

1955 3375 2303 3430 thodoxam.
2368 3375 2625 3431 Decessit
2679 3374 2782 3430 illa
2836 3373 3103 3447 quidem,
3154 3374 3411 3440 habens,
3467 3389 3605 3429 cum

1954 3464 2196 3535 propria
2225 3464 2554 3529 sanctitate,
2580 3463 2920 3534 jucundum
2948 3479 3169 3518 munus
3193 3463 3356 3534 quod
3396 3461 3606 3518 offerat

1958 3553 2091 3616 Deo,
2132 3557 2443 3623 paternam
2497 3552 2749 3607 salutem
2784 3552 2921 3617 ;hic
2951 3567 3091 3607 vero
3136 3554 3521 3623 exspectabat
3568 3567 3603 3607 a

1953 3656 2122 3696 sacra
2142 3641 2263 3696 ﬁlia
2291 3642 2457 3712 pium
2496 3647 2938 3705 ornamentum,
2967 3640 3362 3712 omniumque
3398 3655 3605 3696 revera

1952 3730 2421 3785 orthodoxorum
2445 3729 2917 3785 exsultationem.
2950 3731 3115 3786 Unde
3139 3729 3291 3785 enim
3332 3730 3604 3795 scis,mu-

1955 3819 2082 3883 tier,
2105 3819 2310 3891 inquit,
2337 3819 2387 3873 si
2417 3819 2610 3874 virum
2640 3820 2872 3875 salvum
2888 3818 3076 3888 facies
3112 3819 3261 3877 ?aut
3287 3818 3445 3874 unde
3462 3818 3599 3883 scis,

1951 3910 2067 3974 vz’r,
2096 3909 2147 3964 si
2174 3909 2477 3965 mulierem
2502 3910 2731 3963 salvam
2758 3909 2942 3975 facies
2969 3910 3016 3943 ²⁰
3036 3907 3064 3962 ?
3083 3908 3261 3962 Nobis
3286 3906 3599 3978 paululum

1948 3998 2413 4062 immutandum,
2447 3997 2588 4068 quia
2610 3996 3021 4066 salvavit;filia
3063 4002 3314 4067 patrem.
3347 3998 3410 4052 Et
3463 3996 3603 4051 felix

1951 4086 2051 4142 illa
2080 4093 2285 4142 sancta
2315 4103 2328 4140 :
2362 4093 2416 4140 et
2464 4090 2525 4139 tu
2579 4101 2822 4157 quoque
2882 4084 3115 4152 beatus,
3148 4101 3182 4139 o
3216 4084 3596 4140 charissima.

1947 4175 2297 4230 Persuasum
2331 4175 2489 4229 enim
2521 4174 2715 4230 habeo
2742 4174 2864 4229 fore
2898 4180 2958 4228 ut
2986 4179 3170 4229 totam
3203 4179 3395 4228 tecum
3429 4173 3599 4228 fami-

1950 4262 2115 4328 liam,
2131 4282 2199 4317 ac
2214 4264 2465 4318 fortasse
2479 4264 2916 4331 cognationem,
2933 4262 3330 4317 orthodoxam
3349 4261 3587 4327 reddas,

1948 4357 2005 4408 et
2029 4353 2106 4407 ad
2136 4352 2430 4407 Christum
2477 4352 2792 4405 Dominum
2823 4351 3092 4406 adducas
3126 4367 3139 4405 :
3175 4356 3237 4406 ut
3264 4367 3337 4406 ex
3395 4367 3601 4423 perso-

1943 4458 2159 4499 narum
2188 4456 2458 4506 numero,
2503 4440 2860 4496 beneﬁcium
2914 4440 3077 4511 quod
3128 4440 3440 4511 accepistis
3491 4454 3597 4512 per

1948 4530 2163 4586 multos
2191 4546 2330 4585 cum
2359 4531 2687 4599 gratiarum
2722 4530 2956 4584 actione
2988 4544 3096 4599 pro
3135 4528 3305 4584 vobis
3341 4529 3599 4584 celebre-

236 4616 268 4673 ἠ
318 4615 429 4666 θεία
466 4614 757 4687 προσφορὰ,
812 4616 898 4664 καὶ
953 4612 1203 4669 καλλίστη
1268 4633 1361 4665 σου
1403 4615 1432 4670 ἡ
1475 4612 1740 4685 ὁμολογία,
1775 4619 1836 4675 ἣν

1959 4628 2060 4677 tur.
2088 4619 2244 4674 Talis
2293 4625 2378 4674 est
2432 4618 2638 4673 divina
2660 4617 2905 4682 oblatio,
2938 4623 2994 4673 et
3049 4617 3448 4689 pulcherrima
3501 4622 3603 4673 tua

237 4705 287 4757 ἓν
351 4709 457 4763 τοῖς
501 4703 809 4774 γράμμασιν
863 4700 1207 4773 ὡμολόγησας
1281 4700 1491 4755 ἐνώπιον
1544 4708 1670 4756 Θεοῦ
1746 4711 1835 4759 καὶ

238 4790 541 4866 ἀνθρώπων.

311 4898 461 4950 Οὕτω
492 4899 591 4971 γὰρ
626 4899 655 4955 ἡ
688 4897 909 4955 ἀληθινὴ
951 4900 1126 4957 πίστις
1157 4904 1254 4949 τῶν
1288 4905 1615 4971 Χριστιανῶν
1650 4919 1662 4932 ·
1697 4903 1834 4954 κατα

234 4990 327 5062 μεν
378 4990 557 5046 τὸτῆς
612 4986 877 5057 θεολογίας
927 4982 1104 5055 δόγμα
1154 4989 1415 5039 πιστεύειν
1469 4988 1541 5050 εἰς
1602 4994 1829 5062 Πατέρα,

231 5081 323 5130 καὶ
357 5077 496 5141 Υἰόν,
538 5079 627 5127 καὶ
657 5076 802 5146 οἶγιον
836 5082 1045 5146 Πνεῦμα
1090 5091 1101 5103 ⁸
1135 5073 1182 5126 ἓν
1228 5076 1304 5136 οἷς
1338 5080 1425 5128 καὶ
1460 5081 1517 5128 τὸ
1550 5075 1830 5150 βάπτισμα

234 5170 329 5225 τήν
355 5164 616 5218 τελείωσιν
669 5166 782 5235 ἔχει
818 5181 830 5193 ·
868 5168 995 5216 Θεὸν
1037 5168 1124 5215 τὸν
1159 5168 1383 5234 Πατέρα,
1418 5169 1544 5218 Θεὸν
1573 5170 1658 5218 τὸν
1690 5170 1827 5230 Υἰὸν,

235 5258 364 5311 Θεὸν
402 5257 458 5308 τὸ
490 5260 699 5327 Πνεῦμα
725 5256 783 5306 τὸ
832 5254 980 5325 ἅγιον
1009 5270 1020 5283 ·
1051 5252 1120 5316 εἰς
1160 5254 1247 5307 ἕνα
1286 5258 1432 5320 Θεὸν,
1467 5260 1555 5308 καὶ
1583 5256 1640 5308 ού
1670 5264 1826 5332 τρεῖς,

308 5417 355 5453 ¹⁹
375 5415 513 5472 Luc.
543 5417 729 5487 xv,'.7.
805 5417 887 5470 ιοΙ
918 5415 1047 5472 Cor.
1085 5431 1179 5484 vn,
1204 5416 1291 5471 16.

1946 4708 2259 4777 confessio,
2288 4723 2475 4778 quam
2507 4723 2611 4779 per
2638 4706 2860 4762 litteras
2914 4706 3221 4762 confessus
3274 4722 3335 4761 es
3389 4721 3595 4762 coram

1947 4800 2064 4853 Deo
2094 4802 2149 4851 et
2179 4795 2556 4851 hominibus.

2016 4902 2107 4959 Sic
2138 4903 2295 4957 enim
2330 4917 2469 4958 vera
2509 4900 2659 4957 ﬁdes
2691 4900 3159 4958 Christianorum
3201 4919 3217 4970 ;
3261 4898 3596 4955 secundum

1944 4991 2260 5061 theologia
2292 4991 2537 5062 quidem
2575 4990 2821 5056 dogma,
2854 4989 3091 5045 credere
3150 4989 3208 5044 in
3264 4990 3516 5054 Patrem,
3543 4993 3600 5044 et

1944 5081 2176 5145 Filium,
2208 5086 2263 5135 et
2300 5079 2581 5148 Spiritum
2612 5085 2907 5146 sanctum,
2941 5078 2999 5132 in
3030 5077 3250 5150 quibus
3289 5083 3344 5133 et
3394 5078 3586 5149 bapti-

1941 5186 2073 5225 sma
2102 5168 2520 5241 perfectionem
2539 5167 2721 5223 habet
2747 5183 2760 5220 :
2792 5167 2976 5221 Deum
3007 5167 3259 5232 Patrem,
3292 5168 3476 5221 Deum
3508 5168 3590 5221 Fi-

1939 5258 2109 5322 lium,
2144 5260 2327 5313 Deum
2355 5256 2635 5328 Spiritum
2669 5261 2963 5325 sanctum,
2992 5254 3052 5310 in
3083 5270 3271 5311 unum
3307 5257 3512 5323 Deum,
3536 5261 3592 5314 et

1818 5516 2051 5573 NOTAE.

306 5619 419 5693 (50)
452 5618 518 5675 In
548 5619 680 5676 cod.
710 5620 849 5689 Reg.
877 5619 1019 5692 ρκς’.

2057 5622 2117 5693 (⁸)
2161 5622 2524 5694 Dogmatica.
