4036 6276
523 323 662 380 1495

1781 322 1819 375 S
1834 365 1846 377 .
1896 317 2264 374 THEODORI
2305 318 2631 375 STUDITE

3739 321 3856 376 H96

519 461 642 503 non
673 451 806 511 tres,
848 447 1003 502 absit
1039 465 1055 516 ;
1097 445 1386 517 quoniam
1425 461 1545 500 una
1569 444 1778 508 deitas,
1816 459 1934 499 non
1977 443 2165 498 divisa

2279 444 2448 514 ἄπαγε
2477 462 2488 475 ·
2527 441 2728 516 ἐπείπερ
2777 447 2875 514 μία
2930 445 2960 502 ἡ
3017 448 3235 511 Θεότης,
3276 444 3337 497 ού
3387 439 3724 518 διαιρουμένη
3753 453 3857 508 ταῖς

519 536 708 592 tribus
737 536 1188 608 bypostasibus,
1215 535 1318 589 sed
1353 540 1473 588 tota
1512 536 1572 588 in
1614 533 1862 602 singulis
1898 533 2169 604 personis

520 630 786 696 spectata
823 625 1126 679 indivisim
1162 641 1174 678 ε
1207 623 1374 694 quod
1402 623 1576 693 plane
1599 621 2047 691 intelligentiam
2073 636 2170 676 ex-

519 713 716 772 cedit:
753 715 937 768 Deum
984 713 1180 767 dicere
1240 727 1759 784 unumquemque,
1809 718 1862 766 et
1889 712 1946 766 in
1983 726 2169 764 unum

519 803 703 858 Deum
735 801 1077 872 recolligere
1122 801 1556 857 confessionem
1592 817 1605 852 :
1651 799 1982 854 secundum
2027 814 2169 853 vero

518 891 950 948 incarnationis
991 891 1235 960 dogma,
1277 905 1514 944 rursum
1556 889 1796 944 credere
1831 888 1995 960 quod
2044 887 2172 943 Ver-

521 980 655 1038 bum
681 995 822 1037 caro
847 980 1080 1049 factum
1111 985 1193 1036 est
1223 981 1290 1043 ²¹,
1325 979 1444 1034 sive
1487 994 1640 1033 unus
1670 979 1742 1033 de
1766 985 1974 1032 sancta
1994 976 2171 1031 Trini-

519 1075 637 1126 tate
700 1076 878 1124 natus
942 1075 1032 1124 est
1096 1085 1169 1124 ex
1220 1067 1604 1124 immaculata
1666 1067 1896 1137 virgine
1941 1065 2166 1129 Maria;

517 1174 768 1214 manens
792 1158 1040 1230 quidem
1081 1158 1142 1213 id
1173 1157 1338 1230 quod
1374 1162 1521 1221 erat,
1551 1161 1703 1212 Deus
1755 1155 2168 1220 immutabilis,

518 1256 574 1304 et
609 1250 757 1304 Patri
789 1253 1123 1303 coaeternus
1162 1266 1175 1314 ;
1209 1247 1313 1302 sed
1344 1253 1657 1318 assumpta
1700 1251 1913 1301 natura
1964 1249 2174 1300 nostra

515 1353 623 1410 per
653 1335 1003 1406 virginalem
1056 1336 1113 1390 in
1164 1336 1388 1407 Spiritu
1421 1342 1629 1391 sancto
1697 1334 2169 1404 generationem.

518 1429 736 1499 Estque
769 1425 924 1480 idem
959 1430 1116 1481 totus
1154 1429 1390 1490 Deus,et
1427 1431 1580 1480 totus
1601 1424 1783 1480 homo
1813 1440 1826 1478 :
1856 1430 2007 1478 totas
2043 1422 2172 1476 sine

515 1516 744 1572 defectu
805 1515 1038 1570 habens
1088 1515 1147 1570 in
1195 1514 1392 1586 seipso
1438 1517 1694 1569 duarum
1730 1519 2081 1568 naturarum
2107 1526 2174 1565 ex

515 1607 738 1680 quibus
760 1611 1010 1677 constat,
1041 1604 1274 1660 deitatis
1307 1603 1525 1659 scilicet
1555 1611 1734 1676 atque
1763 1602 2170 1666 humanitatis,

516 1696 576 1752 in
612 1711 731 1750 una
773 1694 1092 1766 hypostasi
1133 1694 1525 1765 proprietates
1561 1710 1574 1759 ;
1607 1693 2095 1763 circumscriptus
2119 1697 2174 1747 et

2278 537 2451 606 τρισὶν
2491 534 2864 603 ύποστοὶσεσιν,
2922 532 3028 585 ἀλλ’
3088 534 3178 592 ὁλη
3247 532 3320 606 ἐφ’
3371 533 3572 604 ἑκάστῳ
3611 541 3854 607 προσώπῳ

2282 623 2604 694 θεωρουμένη
2661 621 2956 697 ἀμερίστως
2989 643 3000 654 ·
3045 625 3071 676 ὅ
3121 627 3212 675 καὶ
3249 619 3548 697 παράδοξον
3587 638 3598 649 ·
3639 627 3762 677 Θεὸν
3790 624 3855 677 λέ-

2279 729 2387 781 γειν
2433 712 2670 777 ἕκαστον,
2724 717 2814 763 καὶ
2870 712 2942 774 εἰς
3004 714 3090 765 ἕνα
3149 715 3277 766 Θεὸν
3359 709 3758 784 ἀνακεφαλαιοῦν
3806 718 3855 766 τό

2281 799 2623 872 ὁμολόγημα·
2674 803 2808 853 κατά
2863 797 2922 854 δε
2972 804 3030 854 τὸ
3078 803 3168 862 τῆς
3225 801 3540 873 οἰκονομίας,
3597 802 3746 854 πάλιν
3780 822 3856 856 πι-

2283 891 2500 954 στεύειν,
2533 891 2613 941 ὃτι
2649 889 2707 942 Ὁ
2757 895 2965 962 Λόγος
3015 891 3178 964 σάρξ
3227 889 3480 962 ἐγένετο
3519 905 3532 917 ⁸

2281 986 2374 1040 τῆς
2429 979 2581 1050 ἁγίας
2637 977 2862 1052 Τριάδος
2943 979 3186 1052 ἐγεννήθη
3247 983 3303 1033 ἐκ
3358 987 3452 1042 τῆς
3503 983 3854 1053 παναχραντου

2280 1070 2535 1142 παρθένου
2589 1074 2793 1144 Μαρίας
2825 1087 2837 1100 ·
2897 1075 3070 1142 μείνας
3125 1073 3214 1141 μεν
3267 1070 3388 1142 ὅπερ
3422 1066 3502 1133 ἦν,
3563 1073 3689 1130 Θεὸς
3727 1069 3854 1122 ἀναλ-

2281 1158 2511 1222 λοίωτος,
2545 1163 2634 1211 καὶ
2690 1167 2759 1230 τῷ
2809 1165 2977 1232 Πατρὶ
3027 1155 3323 1227 συναίδιος,
3366 1157 3677 1232 προσλαϐὼν
3725 1155 3779 1211 δε
3804 1161 3851 1212 τὸ

2281 1249 2528 1320 ἡμέτερον
2586 1244 2680 1300 διὰ
2734 1257 2829 1310 τῆς
2893 1250 3208 1322 παρθενικῆς
3281 1251 3331 1300 ἓν
3404 1250 3669 1319 Πνεύματι
3743 1246 3853 1318 ἁγίῳ

2282 1341 2581 1408 γεννήσεως.
2619 1342 2717 1390 Καὶ
2756 1340 2896 1390 ἔστιν
2927 1338 3038 1400 ὅλος
3070 1341 3220 1402 Θεὸς,
3252 1342 3342 1390 καὶ
3387 1337 3500 1397 ὃλος
3552 1335 3806 1408 ἄνθρωπος
3833 1349 3851 1370 ⁸

2284 1426 2376 1478 ὅλα
2438 1429 2598 1500 φέρων
2647 1426 2919 1487 ἀνελλιπῶς
3002 1426 3048 1479 iv
3128 1427 3293 1498 ἐαυτῷ
3342 1429 3410 1479 τὰ
3461 1435 3562 1479 τῶν
3629 1425 3851 1498 ἑκατέρων

2285 1519 2484 1587 φύσεων
2515 1515 2567 1578 ἐξ
2595 1516 2662 1567 ὧν
2696 1519 2938 1574 συνετέθη
2973 1534 2986 1549 ο
3042 1518 3303 1580 θεότητος,
3344 1519 3498 1588 φημὶ,
3549 1521 3641 1569 καὶ
3687 1513 3854 1588 ἀνθρω-

2284 1610 2526 1670 πότητος,
2582 1604 2630 1657 iv
2695 1612 2794 1678 μιᾷ
2844 1607 3134 1658 ὑποστάσει
3175 1602 3437 1678 ἰδιώματα
3471 1625 3483 1638 ’
3525 1607 3852 1678 περιγραπτός

3573 895 3731 962 ἤγουν
3755 893 3777 943 ὁ
3796 893 3853 954 εἷς

2284 1699 2375 1747 καὶ
2405 1693 2463 1746 ού
2503 1699 2852 1769 περιγραπτός
2885 1713 2898 1725 ⁸
2956 1697 3011 1746 τὸ
3065 1697 3154 1767 μὲν
3215 1697 3348 1746 κατὰ
3406 1699 3500 1752 τὴν
3544 1695 3768 1758 θεότητα,
3804 1695 3849 1744 τό

515 1801 637 1842 non
686 1784 1174 1856 circumscriptus
1221 1803 1233 1850 ;
1284 1784 1397 1839 hoc
1459 1783 1702 1856 quidem
1764 1791 2003 1856 propter
2042 1782 2163 1837 dei-

2286 1779 2344 1836 δὲ
2373 1786 2507 1835 κατά
2555 1788 2646 1840 τὴν
2675 1783 3050 1856 ἀνθρωπότητα
3082 1804 3094 1816 ο
3130 1790 3296 1836 ταῦτα
3339 1785 3440 1855 γὰρ
3471 1784 3535 1835 τά
3568 1779 3846 1854 ἰδιώματα·

515 1879 718 1943 tatem,
790 1873 937 1929 illud
1008 1889 1150 1930 vero
1220 1880 1462 1944 propter
1531 1873 2020 1928 humanitatem:
2079 1871 2172 1926 htB

516 1969 654 2020 sunt
711 1963 871 2021 enim
932 1962 1326 2034 proprietates
1386 1986 1396 2016 :
1454 1968 1510 2017 et
1557 1978 1678 2032 qua
1739 1963 2172 2021 incircumscri-

514 2057 672 2124 ptus,
738 2068 894 2108 unus
948 2052 1238 2106 exsistens
1294 2051 1368 2106 de
1424 2058 1629 2106 sancta
1681 2051 1960 2107 Trinitate
1995 2071 2007 2118 ;
2049 2070 2172 2125 qua

515 2140 1028 2212 circumscriptus,
1098 2157 1254 2195 unus
1315 2139 1389 2195 de
1437 2139 1631 2195 nobis.
1674 2145 1864 2212 Atque
1928 2142 1988 2197 in
2058 2144 2170 2199 hoc

523 2229 785 2286 creditur
838 2229 1133 2286 mediator
1197 2229 1298 2285 Dei
1353 2235 1410 2285 et
1463 2229 1780 2284 hominum
1839 2230 2051 2297 factus,
2113 2238 2173 2288 ut

515 2319 619 2392 qui
701 2319 760 2375 in
836 2319 1030 2391 seipso
1105 2323 1369 2374 extrema
1417 2319 1765 2388 conjungat,
1814 2326 1870 2374 et
1926 2336 2031 2392 per
2086 2337 2171 2377 se-

520 2408 720 2479 ipsum
751 2407 971 2463 divinae
997 2412 1226 2464 naturae
1258 2408 1579 2479 participes
1619 2407 1833 2479 Deique
1865 2407 2023 2464 filios
2061 2427 2170 2465 nos

514 2496 731 2554 efﬁciat
765 2497 932 2567 quod
979 2496 1405 2552 admirandum
1438 2506 1493 2550 et
1543 2497 1709 2551 omni
1740 2497 1916 2552 laude
1949 2500 2166 2568 majus,

516 2586 637 2642 sive
685 2585 1002 2654 cogitatur,
1044 2586 1166 2640 sive
1225 2585 1458 2640 dicitur.
1489 2587 1597 2650 Qui
1662 2601 1803 2654 ergo
1871 2586 2039 2642 illum
2091 2589 2170 2643 ait

508 2689 630 2730 non
661 2673 1066 2729 circumscribi
1108 2673 1169 2728 in
1209 2689 1410 2738 carne,
1463 2679 1762 2744 quatenus
1821 2676 2028 2731 similis
2083 2681 2170 2732 est

511 2762 690 2819 nobis
723 2768 961 2831 ;negat,
993 2763 1303 2818 benedicte
1344 2763 1422 2817 mi
1455 2761 1654 2829 frater,
1683 2765 1869 2820 Deum
1902 2767 1960 2821 in
1993 2783 2170 2822 carne

518 2851 892 2926 apparuisse,
925 2851 1341 2907 contradicens
1371 2851 1690 2922 Evangelio
1725 2852 1954 2918 Christi,
1987 2861 2043 2909 et
2064 2872 2172 2926 par

518 2944 609 2996 est
637 2938 881 2996 Iudaeis.
932 2940 1036 2995 Ubi
1087 2940 1245 2994 enim
1294 2955 1503 2995 verum
1554 2942 1660 2996 erit
1713 2941 1876 3006 illud,
1916 2942 2170 2998 similem

521 3028 697 3085 nobis
727 3044 833 3101 per
855 3029 1060 3085 omnia
1098 3027 1320 3084 factum
1371 3045 1518 3096 esse,
1572 3031 1619 3084 si
1686 3031 1967 3100 imagine,
2008 3049 2170 3088 more

511 3125 738 3186 nostro,
769 3135 886 3176 non
935 3120 1307 3190 exprimatur
1333 3119 1361 3174 εἰ
1408 3119 1515 3175 Ubi
1565 3120 1708 3175 illud
1741 3123 2031 3192 :Palpale
2074 3139 2162 3180 me

509 3212 562 3266 et
595 3208 798 3274 videte,
825 3209 967 3280 quia
1005 3209 1254 3279 spiritus
1285 3225 1524 3264 carnem
1561 3219 1611 3265 et
1645 3225 1776 3265 ossa
1805 3227 1923 3266 non
1953 3212 2146 3268 habet.

510 3295 662 3353 sicut
709 3312 800 3354 me
847 3297 1060 3353 videtis
1112 3297 1326 3353 habere
1379 3303 1423 3332 "
1454 3298 1482 3350 ‘2
1513 3297 1618 3354 Ubi
1674 3307 1728 3352 et
1783 3298 1966 3355 illud:
2010 3301 2164 3366 Quid

515 3401 607 3442 me
634 3386 1179 3454 vuttisinterﬁcere,
1217 3385 1507 3442 hominem
1541 3387 1643 3457 qui
1676 3390 1979 3444 veritatem
2008 3391 2166 3446 vobis

513 3475 744 3532 locutus
800 3491 950 3540 sum,
1009 3490 1186 3545 quam
1253 3475 1461 3530 audivi
1525 3491 1560 3530 a
1611 3477 1792 3532 Patre
1844 3481 1887 3512 ²³
1951 3477 1978 3531 ?
2055 3481 2164 3544 Qui

513 3578 655 3632 erga
703 3579 822 3618 non
878 3564 1396 3625 circumscribitur,
1444 3579 1553 3619 nec
1606 3565 1812 3619 similis
1865 3565 2037 3621 nobis
2072 3573 2162 3622 est

510 3650 674 3706 haud
726 3651 928 3714 dubie,
985 3667 1092 3706 nec
1141 3650 1439 3723 palpatur,
1503 3668 1697 3723 neque
1761 3669 1938 3725 porro
2006 3656 2159 3710 occi-

512 3739 689 3796 ditur.
749 3740 921 3812 Atqui
988 3741 1222 3796 occisus
1284 3748 1390 3806 est,
1459 3747 1514 3796 et
1567 3741 1844 3813 palpatus
1914 3750 2047 3814 post
2071 3761 2157 3799 re-

514 3829 958 3884 surrectionem.
989 3832 1139 3898 Ergo
1170 3833 1225 3884 et
1272 3829 1678 3884 circumscribi
1724 3831 1871 3886 sicut
1923 3849 2031 3886 nos
2062 3849 2166 3904 per

520 3918 845 3991 imaginem
887 3925 1098 3989 potest.
1149 3917 1259 3975 Sed
1296 3924 1666 3975 evanuerunt
1705 3921 1766 3974 in
1801 3921 2166 3992 cogitationi-

518 4007 622 4064 bus
682 4008 802 4064 suis
869 4007 1275 4075 Iconomachi,
1337 4016 1388 4064 et
1447 4009 1826 4065 obscuratum
1880 4019 1961 4066 est
2024 4012 2166 4066 insi-

509 4099 678 4167 piens
707 4112 809 4153 σοι*
837 4112 1036 4152 eorum
1052 4097 1098 4132 ³⁸
1135 4113 1146 4150 :
1181 4114 1250 4152 ex
1284 4113 1351 4152 eo
1383 4097 1552 4169 quod
1585 4105 1806 4167 negant
1837 4099 2160 4170 imaginem

516 4187 743 4250 Christi,
767 4191 823 4240 et
844 4186 1129 4256 Deiparae,
1161 4190 1221 4240 et
1245 4187 1517 4242 omnium
1551 4195 1915 4253 sanctorum,
1942 4205 2164 4259 negan-

515 4279 602 4330 tes
653 4273 976 4329 salutarem
1031 4275 1574 4346 dispensationem;
1618 4284 1670 4331 et
1718 4277 2014 4333 Christum
2062 4295 2161 4333 ore

513 4361 763 4433 quidem
797 4362 1163 4424 conﬁtentes.
1195 4369 1348 4418 stcut
1387 4363 1711 4433 daemonia,
1742 4367 2024 4436 operibus
2062 4384 2161 4422 au-

2283 1876 2372 1924 xui
2417 1881 2488 1942 τῷ
2517 1875 2607 1944 μεν
2657 1871 3026 1946 ἀπεριγροὲπτῳ
3059 1869 3129 1934 εἷς
3172 1876 3239 1923 ὢν
3277 1880 3368 1933 τῆς
3399 1871 3554 1942 ἁγίας
3593 1867 3804 1946 Τριάδος
3837 1888 3847 1902 ’

2283 1970 2352 2032 τῷ
2381 1957 2439 2013 δὲ
2469 1970 2826 2036 περιγραπτῷ,
2878 1963 2944 2022 εἷς
2986 1966 3053 2013 ὧν
3106 1961 3161 2024 ἐξ
3211 1963 3373 2034 ἡμῶν.
3428 1959 3533 2014 Κάν
3590 1962 3747 2032 τούτῳ
3781 1978 3848 2011 πι-

2285 2060 2502 2102 στοῦται
2553 2057 2772 2122 μεσίτης
2827 2056 2954 2104 Θεοῦ
3007 2055 3096 2103 καὶ
3153 2050 3434 2123 ἀνθρώπων
3479 2054 3761 2122 γενόμενος,
3796 2052 3848 2108 ὡς

2283 2145 2555 2192 συνάπτων
2611 2141 2678 2192 τὰ
2707 2140 2842 2213 ἀρκα
2872 2143 2996 2213 πρὸς
3047 2139 3248 2207 ἑαυτὸν,
3280 2144 3369 2192 καὶ
3419 2134 3490 2192 δι’
3556 2138 3710 2190 αὐτοῦ
3739 2139 3849 2197 θείας

2281 2231 2481 2299 φύσεως
2545 2234 2818 2290 κοινωνοὺς
2856 2233 2946 2281 καὶ
2988 2237 3123 2283 Θεοῦ
3183 2231 3327 2291 υἱοὺς
3381 2230 3522 2302 ἡμᾶς
3575 2227 3846 2302 ἀπεργασά-

2279 2337 2427 2389 μενος
2462 2335 2472 2347 ’
2513 2322 2570 2370 τὸ
2613 2321 2912 2392 θαυμαστόν
2952 2324 3040 2370 καὶ
3087 2320 3434 2390 ὑπεραινετόν,
3467 2321 3561 2370 καὶ
3607 2318 3844 2389 νοούμενον

2278 2425 2369 2458 και
2421 2406 2708 2479 λεγόμενον.
2741 2407 2800 2461 Ὀ
2844 2404 2930 2460 οὖν
2986 2407 3144 2479 λέγων
3211 2406 3367 2459 αὐτὸν
3425 2412 3496 2479 μὴ
3561 2405 3842 2481 περιγράφε-

2281 2497 2406 2547 σθαι
2459 2499 2506 2548 ὲν
2563 2501 2719 2572 σαρκὶ
2769 2497 2885 2550 καθ’
2971 2499 3220 2569 ὁμοίωσιν
3296 2498 3576 2568 ἡμετέραν,
3629 2493 3838 2568 ἀρνεῖται,

2279 2585 2583 2656 εὐλογημένε
2613 2606 2712 2658 μου
2766 2583 2974 2657 ἀδελφε,
3015 2589 3144 2639 Θεὸν
3202 2584 3248 2636 iv
3313 2591 3469 2658 σαρκὶ
3496 2591 3652 2658 φᾶναι
3690 2601 3702 2614 ·
3733 2582 3840 2634 ἀντι·

2279 2681 2596 2746 τασσόμενος
2662 2683 2732 2746 τῷ
2784 2673 3085 2745 Εύαγγελίῳ
3147 2681 3238 2726 τοῦ
3294 2681 3554 2747 Χριστοῦ,
3605 2677 3688 2726 καὶ
3731 2674 3838 2724 ἔστιν

2280 2761 2563 2824 Ἰουδαίοις
2588 2767 2723 2824 ἶσος.
2781 2771 2888 2816 Ποῦ
2917 2767 3018 2836 γὰρ
3069 2762 3343 2820 ἀληθεύσει
3399 2767 3457 2814 τὸ
3521 2766 3692 2834 ὅμοιον
3742 2761 3836 2831 ἡμῖν

2279 2856 2412 2906 κατά
2458 2855 2626 2906 πάντα
2675 2857 2954 2924 γεγονέναι,
3014 2855 3150 2927 εἴπερ
3208 2857 3279 2924 μὴ
3340 2851 3694 2916 ἔξεικονίζοιτο
3749 2846 3838 2900 καθ’

2282 2945 2422 3014 ἡμᾶς
2462 2959 2475 3010 ;
2513 2949 2616 2994 Ποῦ
2649 2937 2706 2994 δὲ
2754 2946 2812 2993 τό
2843 2961 2856 2973 ο
2915 2941 3178 3013 Ψηλαφή
3208 2945 3360 2994 σατὲ
3411 2960 3483 3012 με
3535 2947 3631 2994 καὶ
3673 2935 3826 3000 ἴδετε,

2282 3033 2378 3084 ὅτι
2417 3039 2662 3104 πνεῦμα
2703 3033 2912 3104 σάρκα
2949 3035 3056 3082 καὶ
3087 3030 3279 3082 ὀστέα
3317 3030 3428 3082 οῦκ
3464 3033 3629 3103 ἔχει,
3669 3029 3823 3085 καθὼς

2210 3096 2251 3154 C
2282 3119 2386 3192 ἐμὲ
2445 3096 2740 3194 θεωρεῖτε
2779 3096 3065 3193 έχοντα;
3101 3129 3206 3174 Ποῦ
3229 3115 3288 3173 δὲ
3317 3125 3396 3186 τὸ,
3438 3096 3622 3193 τίημε
3673 3116 3822 3171 θέλετε

2283 3208 2668 3262 ἀποκτεῖναι
2707 3212 3038 3286 ἄνθρωπον
3077 3213 3144 3272 ὃς
3202 3216 3314 3270 τὴν
3380 3209 3686 3269 ἀλήθειαν
3719 3207 3829 3277 ὑμῖν

2278 3298 2616 3364 λελαληκα,
2679 3299 2745 3357 ἢν
2786 3305 3038 3357 ἤκουσα
3094 3303 3270 3374 παρὰ
3318 3307 3429 3352 τοῦ
3485 3292 3832 3373 Πατρός;ὀ

2280 3393 2449 3439 τοίνυν
2489 3393 2559 3460 μὴ
2591 3393 3043 3461 περιγραφόμενος,
3095 3389 3204 3441 οὔθ’
3248 3393 3420 3462 ὅμοιος
3450 3391 3579 3462 ἡμῖν
3610 3385 3833 3446 δηλονότι,

2279 3478 2386 3527 οὔτ’
2415 3473 2478 3528 αὖ
2509 3477 2838 3550 ψηλαφᾶται,
2883 3475 2998 3530 οὐδ’
3049 3478 3106 3530 ού
3162 3483 3266 3549 μὴν
3325 3477 3676 3531 ἀποκτένεται.
3708 3471 3837 3528 Ἀλλά

2278 3569 2379 3636 μὴν
2412 3565 2703 3623 ἀπεκτάνθη
2754 3571 2842 3617 καὶ
2891 3565 3197 3640 ᾧηλαφήθη
3239 3570 3367 3640 μετά
3413 3571 3510 3625 τὴν
3570 3566 3833 3619 ἀνάστασιν.

2278 3654 2478 3706 Οὐκοῦν
2532 3661 2619 3706 καί
2668 3647 3019 3727 περιγραπτός
3073 3664 3134 3728 τῇ
3189 3657 3302 3709 καθ’
3359 3659 3500 3728 ἡμᾶς
3559 3655 3835 3719 ἑξεικονίσει.

2275 3742 2416 3798 Ἀλλ’
2451 3741 2955 3815 ἐματαιώθησαν
3009 3743 3065 3796 iv
3101 3752 3238 3806 τοῖς
3278 3735 3838 3817 διαλογισμοῖςαῦ·

2275 3842 2387 3886 τῶν
2421 3819 2876 3904 οἱΕἷχονομοίχοι,
2928 3839 3031 3886 καὶ
3079 3833 3429 3892 ἐσκοτίσθη
3489 3836 3520 3893 ἡ
3581 3832 3838 3886 ἀσύνετος

2277 3923 2478 3974 αὐτῶν
2509 3942 2624 3995 καρ
2641 3918 2751 3974 δία
2773 3939 2785 3951 ⁸
2819 3921 2873 3973 ἐκ
2904 3931 2994 3974 τοῦ
3018 3922 3286 3996 ἀρνεῖσθαι
3310 3929 3400 3983 τὴν
3423 3923 3597 3976 εἰκόνα
3617 3922 3834 3996 Χριστοῦ,

2278 4017 2370 4065 σὺν
2401 4020 2496 4073 τῆς
2523 4016 2804 4079 Θεοτόκου,
2836 4016 2925 4063 xui
2947 4014 3184 4065 ἁπάντων
3214 4022 3310 4066 τῶν
3343 4013 3527 4085 ἁγίων,
3575 4012 3838 4086 ἀρνούμενοι

2275 4107 2366 4159 τὴν
2423 4107 2680 4175 σωτήριον
2731 4101 3049 4173 οἰκονομίαν,
3103 4107 3192 4154 xui
3267 4106 3498 4174 Χριστὸν
3549 4105 3636 4175 μὲν
3681 4094 3834 4171 ὁμολο-

2271 4193 2601 4261 γοῦντες,ως
2652 4192 2717 4241 τὰ
2758 4186 3028 4260 δαιμόνια,
3079 4197 3186 4253 τοῖς
3235 4187 3293 4244 δὲ
3350 4193 3518 4264 ἔργοις
3549 4189 3834 4262 ἀρνούμενοι.

2274 4279 2348 4332 Οῦ
2378 4280 2476 4353 γάρ
2505 4298 2582 4330 τοι
2609 4282 2841 4352 Χριστός
2870 4280 2894 4330 ὁ
2924 4283 3176 4354 Χριστὸς,
3225 4280 3269 4332 εἰ
3321 4284 3391 4352 μὴ
3445 4279 3792 4354 περιγράφοιτο
3822 4276 3832 4289 ⁸

2271 4365 2394 4420 οὐδὲ
2435 4375 2824 4439 προσκυνεῖται,
2896 4367 2940 4420 εἰ
2997 4373 3066 4440 μὴ
3128 4371 3432 4421 πιστεύεται
3481 4369 3533 4420 iv
3591 4374 3649 4439 τῇ
3706 4361 3833 4415 εἰκόνι

517 4456 633 4506 tem
663 4457 969 4519 negantes.
1018 4455 1216 4523 Neque
1253 4453 1409 4508 enim
1451 4455 1712 4509 Christus
1754 4455 2016 4511 Christus
2049 4464 2156 4518 est,

2276 4457 2430 4510 αὐτοῦ
2463 4460 2930 4531 προσκυνούμενος.

516 4537 563 4594 si
599 4554 721 4596 non
775 4540 1325 4609 circumscribatur;
1369 4559 1562 4615 neque
1609 4545 1911 4611 adoretur,
1945 4547 1992 4600 si
2040 4561 2158 4600 non

515 4628 773 4686 creditur
801 4629 860 4685 in
894 4628 1153 4700 imagine
1185 4646 1294 4685 sua
1320 4632 1577 4688 adorari.

587 4718 677 4775 Sic
717 4719 913 4789 igitur,
947 4735 979 4773 ο
1010 4717 1193 4774 homo
1230 4719 1346 4785 Dei,
1389 4737 1448 4775 se
1480 4721 1659 4777 habet
1690 4722 1898 4778 veritas
1933 4739 1944 4776 :
1980 4728 2159 4794 atque

513 4807 592 4864 ita
622 4807 952 4863 docuerunt
974 4813 1028 4863 et
1059 4809 1331 4880 apostoli,
1365 4816 1420 4864 et
1451 4811 1777 4882 prophetam
1808 4819 1862 4866 et
1893 4814 2006 4866 Deo
2041 4812 2159 4882 ple-

515 4897 574 4953 ni
603 4899 825 4966 Patres;
848 4896 897 4951 si
930 4913 1048 4952 non
1082 4896 1290 4952 iisdem
1313 4899 1531 4964 verbis,
1555 4907 1614 4954 at
1643 4906 1796 4955 certe
1822 4917 1928 4972 per
1956 4917 2158 4956 veram

515 5001 720 5041 eorum
738 5001 872 5056 quae
898 4985 974 5041 ab
997 4985 1107 5040 illis
1129 4985 1286 5042 dicta
1306 4993 1443 5042 sunt
1463 4989 1962 5060 explanationem.
1987 4993 2157 5059 Nam,

512 5073 670 5129 velut
700 5073 932 5128 semina
957 5074 1261 5145 quaedam,
1295 5076 1615 5146 propositae
1641 5083 1780 5130 sunt
1812 5094 2023 5132 omnes
2057 5079 2160 5133 do-

515 5162 787 5234 gmaticaa
815 5163 1119 5219 sententiae
1155 5164 1212 5218 in
1261 5164 1599 5220 divinorum
1635 5165 2007 5237 eloquiorum
2057 5183 2158 5221 no-

517 5251 778 5308 tionibus
807 5269 818 5306 :
863 5253 1116 5307 subinde
1149 5258 1346 5308 autem
1389 5254 1795 5309 exorientibus
1829 5255 2158 5311 haeresibus

512 5347 902 5414 opponuntur
917 5343 1146 5414 pietatis
1159 5342 1466 5410 dogmata,
1482 5343 1617 5398 inde
1634 5344 1878 5415 Spiritus
1893 5345 2156 5415 impulsu

514 5431 768 5500 exculta;
786 5431 1176 5504 etimpietatis
1192 5432 1416 5488 zizania
1437 5432 1769 5490 abolentur.
1787 5435 1878 5490 Sic
1891 5440 1946 5490 et
1961 5441 2017 5489 tu
2034 5452 2152 5492 cre-

585 5567 820 5642 ‘ann.
845 5601 881 5647 ι,
924 5586 1002 5638 14.
1079 5586 1116 5616 ²²
1149 5586 1280 5639 Luc.
1324 5600 1483 5653 xxw,
1517 5589 1603 5640 39.
1680 5590 1719 5621 ⁸³
1745 5587 1916 5643 Joan.
1950 5595 2062 5656 vnn,
2099 5591 2185 5645 40.

2339 4724 2514 4783 Οὕτως
2565 4743 2673 4790 ουν,
2723 4724 2761 4774 ὧ
2809 4724 3044 4800 ἄνθρωπε
3091 4731 3182 4777 τοῦ
3238 4725 3388 4791 Θεοῦ,
3422 4727 3451 4783 ἡ
3487 4722 3728 4782 ἀλήθεια·
3762 4715 3832 4767 καὶ

2267 4813 2428 4873 οὕτως
2459 4809 2878 4885 δεδογματισται
2934 4815 3076 4887 παρά
3122 4833 3176 4867 τε
3230 4812 3550 4878 ἀποστόλων,
3595 4814 3678 4863 καὶ
3723 4821 3831 4878 προ·

2269 4911 2460 4974 φυτῶν,
2519 4907 2608 4953 xui
2663 4904 2913 4975 θεοφόρων
2971 4907 3255 4976 Πατιίρων⁸
3321 4904 3416 4954 κάν
3513 4903 3604 4956 οὐκ
3674 4897 3828 4949 αὐταῖς

2266 4989 2479 5055 λέξεσιν,
2529 4990 2654 5042 ἀλλά
2692 5011 2750 5062 γε
2781 4989 2874 5044 διὰ
2911 5001 3003 5053 τῆς
3063 4991 3290 5054 ἀληθοῦς
3338 5000 3437 5044 τῶν
3473 4991 3559 5044 ὑπ’
3589 4993 3743 5042 αὐτῶν
3767 4981 3830 5032 λε·

3067 5083 3168 5133 Οἷα
3233 5084 3332 5156 γάρ
3397 5101 3513 5133 τινα
3566 5080 3826 5147 σπέρματαν

2267 5169 2640 5240 προϐέϐληνται
2681 5177 2848 5221 πᾶσαι
2898 5172 2951 5222 αἱ
3009 5166 3328 5242 δογματικαι
3377 5167 3617 5242 δυνάμεις
3659 5163 3704 5216 iv
3733 5162 3828 5214 ταῖς

2269 5267 2366 5310 τῶν
2400 5260 2544 5311 θείων
2573 5259 2755 5330 λογίων
2801 5263 3015 5318 νοήσεσι
3048 5277 3060 5288 '
3117 5267 3231 5322 ταῖς
3273 5256 3332 5312 δε
3369 5262 3501 5312 κατὰ
3529 5257 3699 5328 καιρόν
3726 5248 3825 5300 ἀνα·

2270 5351 2546 5420 φυομέναις
2603 5350 2861 5422 αἱρέσεσιν
2917 5347 3310 5422 ἀντεπεξάγεται
3347 5351 3413 5402 τὰ
3469 5344 3675 5403 εὐσεϐῶς
3723 5333 3826 5404 δ⁰7’

2269 5441 2610 5511 ματιζόμενα,
2715 5436 2902 5491 ἐκεῖθεν
3011 5442 3496 5512 πνευματοκινήτως
3593 5424 3821 5506 γεωργού-

2266 5079 2515 5151 λεγμένων
2573 5080 2985 5154 ἀναθεωρήσεως.

2262 5591 2302 5622 ’ί
2336 5592 2502 5645 Rom.
2539 5605 2576 5654 ι,
2606 5590 2694 5644 21.
