4036 6276
236 336 374 392 M97

234 481 363 535 μενα
420 466 509 517 καὶ
574 464 659 532 τὰ,

238 552 415 613 Οὕτως
461 556 551 605 καὶ
598 552 750 613 αὑτός
803 554 1082 619 πιστεύων,
1108 551 1305 627 ἒρῥωσο
1355 552 1403 604 ἐν
1446 558 1643 628 Κυρίῳ,
1675 574 1839 628 προσ-

233 650 398 693 κυνῶν
471 645 558 694 τόν
628 645 881 716 Χριστὸν,
956 651 1261 711 προσκυνῶν
1337 648 1426 695 καὶ
1500 648 1593 701 τὴν
1668 643 1841 697 εἰκόνα

235 730 393 782 αὑτοῦ
427 747 439 759 '
491 735 582 789 τὴν
638 735 911 797 Θεοτόκον,
960 735 1049 783 καὶ
1097 735 1187 789 τὴν
1241 731 1413 784 εἰκόνα
1469 732 1634 792 αὐτῆς
1667 749 1679 761 ⁸
1722 737 1839 793 τοὺς

235 817 438 890 ἁγίους,
471 824 559 871 καὶ
588 822 680 881 τάς
729 819 927 882 εἰκόνας
956 819 1124 872 αὐτῶν
1152 839 1165 852 ·
1223 819 1404 880 ἐπειδὴ
1434 819 1480 872 ἐν
1530 828 1643 881 ταῖς
1674 821 1839 873 εἰκόσι

235 910 303 961 τὰ
357 912 674 980 πρωτότυπα
722 911 1168 984 προσκεκύνηνται
1221 927 1232 940 ⁸
1285 915 1374 963 καὶ
1423 912 1453 969 η
1505 919 1599 971 τῆς
1648 911 1841 973 εἰκόνος

1536 336 2043 395 EPISTOLARUM
2084 341 2223 396 LIB.
2272 342 2341 396 ΙΙ.

736 470 830 525 τῆς
919 461 1158 526 ἀσεϐείας
1234 463 1447 527 ζιζάνια
1498 463 1833 519 ἕκτίλλονται.

1968 465 2122 535 iens,
2156 466 2289 523 vale
2320 467 2381 522 in
2417 467 2689 535 Domino,
2723 467 3021 524 Christum
3052 466 3334 533 adorans,
3368 469 3423 523 et
3465 464 3610 521 ade.

1948 571 2090 611 rans
2113 556 2439 625 imaginem
2458 556 2614 627 ejus;
2650 558 2984 628 Deiparam,
3012 561 3068 611 et
3091 556 3217 625 ejus
3246 556 3603 624 imaginem;

1950 651 2211 710 sanctos,
2269 651 2322 700 et
2372 661 2580 701 eorum
2615 645 2942 715 imagines;
3000 643 3506 717 quandoquidem
3548 645 3607 699 in

1948 734 2315 803 imaginibus
2365 740 2684 807 prototypa
2726 734 3080 802 adorantur;
3124 739 3178 789 et
3207 734 3400 789 honor
3452 732 3608 789 ima-

1951 823 2107 892 ginis
2171 822 2248 879 ad
2308 827 2693 897 prototypum
2734 823 3023 894 ascendit,
3084 829 3147 879 ut
3199 823 3280 878 ait
3345 837 3608 892 magnus

1954 912 2223 968 Basilius.

3465 340 3602 396 “98

234 1001 361 1070 τιμὴ
390 995 474 1050 ἐπὶ
522 1001 580 1050 1'6
610 1002 947 1074 πρωτότυπον
979 998 1266 1065 ἀναϐαίνει,
1325 1002 1394 1062 ὤς
1437 1019 1597 1072 φησιν
1627 1001 1652 1052 6
1682 1004 1846 1072 μέγας
1886 1002 2178 1065 Βασίλειος.

344 1112 495 1166 ΡΝΘ¹
522 1115 653 1185 (51).
686 1143 754 1158 -
786 1120 981 1187 Θωμᾷ
1032 1115 1511 1189 χαρτουλαρίῳ.
1549 1115 1728 1190 [χνε’.]

2214 1121 2384 1177 CLIX.
2414 1154 2477 1163 —
2507 1123 2739 1178 Thomas
2761 1120 3136 1177 chartulario
3167 1120 3256 1191 (’).

342 1210 494 1269 Quod
526 1212 617 1275 qui
647 1213 1032 1262 monasterium
1057 1213 1312 1271 condidit,
1342 1214 1385 1263 si
1420 1227 1614 1264 manus
1634 1215 1689 1264 in
1719 1214 1850 1264 illud
1872 1216 2091 1280 injiciat,
2124 1222 2410 1284 postquam
2436 1220 2722 1284 praeposito
2745 1219 2982 1275 tradidit,
3013 1218 3120 1267 Deo
3150 1231 3258 1267 non
3284 1217 3480 1281 placet.

310 1301 574 1373 Ἐντυχών
648 1309 753 1362 τοῖς
824 1304 1103 1375 γράμμασι
1176 1308 1478 1375 τιμιότητος
1555 1323 1671 1370 σου,
1740 1324 1809 1356 κα

241 1391 559 1460 καταμαθὼν
606 1391 685 1443 ὃτι
733 1391 965 1465 παρῆλθε
1002 1398 1092 1443 τοῦ
1154 1391 1277 1464 βίου
1326 1394 1356 1451 ἡ
1409 1398 1568 1468 κυρία
1614 1398 1703 1445 καὶ
1734 1395 1855 1465 όμό-

243 1479 426 1549 ζυγος,
486 1479 796 1551 συνήλγησα
855 1499 960 1546 σοι,
1030 1477 1281 1547 δέσποτα,
1338 1479 1493 1542 εἰδὼς
1539 1484 1660 1534 ὅσον
1712 1481 1853 1534 ἐστὶν

254 1567 483 1639 ἀλγεινὸν
526 1572 584 1621 1'6
639 1572 819 1630 πάθος.
850 1569 944 1622 “Ov
974 1573 1076 1643 γὰρ
1108 1578 1248 1623 ποιεῖ
1296 1574 1542 1644 μάχαιρα
1594 1574 1855 1644 τέμνουσα

247 1666 399 1728 σῶμα
436 1663 610 1726 πόνον,
661 1662 747 1711 τὸν
788 1658 943 1712 αὑτὸν
998 1665 1087 1711 καὶ
1119 1661 1145 1711 6
1197 1668 1288 1720 τῆς
1337 1661 1626 1733 ὁμοζυγίας
1680 1680 1855 1732 χωρι-

245 1750 395 1819 σμός.
439 1747 555 1801 Μία
578 1750 679 1821 γὰρ
712 1745 978 1801 κάνταῦθα
1034 1747 1188 1821 σάρξ,
1224 1753 1359 1801 κατὰ
1406 1754 1498 1808 τὴν
1528 1757 1618 1802 τοῦ
1653 1756 1851 1824 Κυρίου

2038 1309 2221 1364 Lectis
2279 1310 2481 1365 litteris
2531 1309 2999 1365 honoriﬁcentiee
3048 1313 3185 1373 tuae,
3246 1311 3309 1363 ut
3356 1304 3611 1379 cognovi

1964 1396 2276 1454 dominam
2308 1399 2627 1470 conjugem
2662 1405 2825 1454 tuam
2857 1414 2929 1453 ex
2955 1397 3073 1452 vita
3104 1396 3454 1461 excessisse,
3480 1396 3606 1462 tibi,

1963 1487 2226 1556 domine,
2258 1487 2562 1557 condolui,
2594 1503 2715 1543 non
2754 1488 3039 1559 ignorans
3080 1502 3265 1558 quam
3291 1486 3509 1542 acerba
3540 1486 3614 1540 sit

1963 1578 2091 1632 haec
2109 1593 2398 1633 aerumna.
2421 1579 2607 1644 Quem
2625 1578 2783 1632 enim
2803 1576 3070 1632 dolorem
3096 1577 3265 1631 infert
3290 1592 3507 1648 corpus
3526 1590 3612 1629 se-

1964 1682 2107 1722 cans
2143 1666 2399 1736 gladius,
2432 1667 2715 1722 eumdem
2753 1666 2951 1737 ipsum
2992 1665 3254 1736 conjugii
3287 1666 3607 1734 separatio.

1965 1757 2092 1811 Una
2122 1756 2279 1811 enim
2322 1756 2417 1811 hic
2449 1757 2626 1811 etiam
2654 1770 2815 1819 caro,
2854 1755 3019 1825 juxta
3055 1754 3285 1810 Domini
3320 1769 3521 1808 vocem
3538 1754 3608 1807 ³⁵.

242 1840 431 1907 φωνήν.
482 1836 617 1890 Ἀλλ’
691 1838 825 1910 ὅμως
874 1836 1090 1909 ἐγένετο,
1146 1843 1235 1889 καὶ
1288 1839 1584 1911 ὑπέστημεν
1639 1842 1697 1890 1'6
1747 1859 1852 1891 κοι-

1968 1847 2233 1899 Attamen
2267 1845 2326 1900 id
2375 1845 2607 1909 accidit,
2659 1850 2712 1899 et
2744 1858 3126 1898 communem
3174 1842 3456 1897 omnibus
3494 1841 3614 1897 dis-

240 1928 328 1977 τὸν
390 1931 550 1978 πᾶσιν
624 1930 879 1998 ἐπιτίμιον
955 1935 1047 1988 τῆς
1125 1924 1464 1990 διαζεύξεως.
1538 1932 1737 2003 Μικρὸν
1796 1925 1855 1981 δὲ

239 2013 454 2089 ὕστερον
502 2020 591 2068 καὶ
642 2018 793 2088 ἡμεῖς
832 2020 923 2075 τὴν
992 2014 1152 2074 αὐτὴν
1208 2013 1330 2069 ὀδόν
1384 2020 1764 2092 πορευσόμεθα,
1790 2021 1855 2080 ὡς

241 2101 401 2156 οἶσθα
433 2124 445 2136 ·
498 2109 588 2157 καὶ
645 2106 806 2167 οὑτως
846 2107 871 2156 6
929 2104 1061 2177 βίος,
1118 2106 1211 2158 οὑκ
1275 2105 1421 2167 ὄντας
1462 2110 1723 2178 γενέσθαι,
1765 2117 1854 2165 καὶ

239 2197 547 2264 γενομένους
623 2191 960 2252 ἀναλυθῆναι.
1031 2193 1392 2267 Ἐπηνέσαμεν
1451 2191 1509 2248 δὲ
1566 2199 1657 2253 τὴν
1715 2195 1855 2249 εὐσέ-

242 2279 384 2334 ϐειάν
419 2300 554 2352 σου,
612 2290 673 2354 τῇ
727 2279 993 2345 διαζεύξει
1041 2283 1410 2358 αἱρησαμένην
1467 2287 1714 2356 μονάσαι,
1763 2292 1853 2340 καὶ

239 2369 554 2430 κολληθῆναι
585 2370 637 2433 ἐξ
681 2370 963 2442 ὁλοκλήρου
1015 2380 1085 2443 τῷ
1121 2376 1327 2445 Κυρίῳ.
1384 2375 1550 2428 Τοῦτο
1579 2375 1679 2447 γὰρ
1731 2370 1855 2433 ἒδή-

240 2456 334 2512 λου
373 2462 429 2512 1'6
478 2464 698 2534 γράμμα
729 2478 743 2490 ³
797 2466 888 2513 καὶ
923 2463 1004 2513 ὅτι
1056 2458 1290 2533 ἀδελφός
1327 2481 1404 2522 τις
1458 2462 1854 2537 μοναζωνοπάρ-

242 2568 383 2601 εστιν
437 2550 508 2610 εἰς
559 2546 784 2621 όδηγίαν
858 2558 948 2602 τοῦ
1008 2549 1317 2609 τηλικούτου
1371 2549 1509 2624 βίου.
1554 2552 1646 2605 Ὃν
1705 2549 1854 2606 αὖθις

243 2637 509 2711 ἀπέκρινεν
568 2641 637 2701 ὡς
706 2637 977 2711 ἀδόκιμον,
1051 2636 1145 2692 διὰ
1229 2637 1539 2712 δηλώματος
1594 2648 1854 2718 Γεωργίου

243 2735 337 2780 τοῦ
382 2727 543 2781 καλοῦ
596 2724 807 2801 ἀνδρὸς,
857 2734 949 2781 xui.
1000 2728 1193 2781 οἰκείου
1260 2736 1521 2803 Νοταριου
1558 2730 1742 2784 ’ἄλλον
1797 2729 1856 2784 δὲ

249 2821 381 2890 πρὸς
454 2820 599 2889 ἡμῶν
675 2815 897 2877 δοθῆναι
971 2817 1161 2890 μᾶλλον
1236 2819 1477 2884 αἰτοῦσα,
1530 2823 1616 2871 τὸν
1670 2822 1857 2884 ἱκανῶς

245 2911 438 2981 ἔχοντα
488 2905 805 2979 κυϐερνῆσαι
835 2907 1036 2978 ψυχὰς,
1086 2912 1175 2959 καὶ
1206 2907 1327 2967 ὃλην
1376 2913 1536 2980 μονὴν
1583 2906 1857 2963 διασώσα·

247 2999 393 3051 σθαι.
450 2997 509 3049 Ὀ
557 3000 647 3068 μεν
702 2991 789 3048 οὑν
848 2998 1051 3059 ἔπαινος
1107 2998 1320 3059 εἰκότως
1350 3001 1474 3070 ἡμῖν
1525 3005 1852 3073 προείρηται,

240 3093 327 3140 Δεῖ
371 3082 428 3139 δε
480 3095 683 3158 πρῶτον
740 3087 922 3157 μαθεῖν
962 3087 1121 3159 ὑμᾶς,
1170 3092 1222 3138 τί
1259 3089 1316 3138 1'6
1371 3084 1658 3157 μοναδικόν
1698 3087 1855 3161 ὶπάγ-

1961 1932 2285 2002 jnnctionis
2305 1949 2546 2005 pmnam
2580 1932 2954 2004 pertulimus.
2988 1931 3380 1987 Postmodum
3410 1936 3613 1985 autem

1965 2021 2241 2077 eamdem
2274 2028 2330 2077 et
2352 2038 2481 2087 nos,
2517 2023 2734 2086 utscis,
2755 2023 2914 2077 viam
2947 2020 3378 2090 ingrediemur;
3403 2024 3458 2074 et
3484 2018 3614 2074 hac

1965 2117 2055 2166 est
2100 2112 2231 2166 vitae
2262 2111 2544 2176 conditio,
2579 2127 2679 2167 eos
2705 2112 2807 2183 qui
2848 2126 2967 2165 non
3001 2114 3158 2175 sunt,
3202 2110 3390 2174 nasci,
3424 2113 3479 2164 et
3511 2124 3617 2164 na-

1967 2200 2322 2255 tosinterire.
2340 2200 2743 2256 Laudavimus
2769 2215 2913 2255 sane
2930 2200 3212 2270 pietatem
3237 2203 3425 2266 tuam,
3448 2196 3615 2268 quod

1968 2289 2603 2360 postdisjunctionem,
2636 2289 3032 2344 monasticam
3065 2288 3245 2342 vitam
3270 2287 3535 2355 elegeris,
3560 2290 3616 2341 et

1968 2379 2219 2434 Domino
2245 2380 2481 2449 penitus
2499 2377 2916 2447 conglutinari.
2943 2380 3061 2432 Hoc
3087 2376 3473 2431 enimlitterae‘
3500 2382 3613 2431 tua:

1964 2467 2341 2534 indicabant;
2378 2468 2602 2539 tibique
2623 2467 2991 2523 monachum
3014 2466 3341 2538 quemdam
3369 2466 3609 2521 fratrem

1966 2562 2317 2627 praesentem
2368 2556 2582 2612 adesse
2622 2556 2698 2612 ad
2753 2556 2933 2627 hujus
2985 2556 3116 2610 vita:
3169 2554 3555 2610 directionem
3596 2570 3609 2606 :

1964 2661 2144 2717 quem
2220 2662 2463 2702 rursum
2529 2645 2778 2714 rejecisti
2846 2650 2906 2699 ut
2958 2644 3325 2715 improbum,
3390 2642 3615 2699 indicio

1966 2734 2219 2805 Georgii,
2252 2734 2357 2789 viri
2389 2734 2631 2804 egregii,
2673 2741 2728 2789 et
2775 2734 3088 2790 domestici
3114 2732 3334 2789 Notarii
3374 2752 3387 2787 :
3429 2731 3611 2788 alium

1965 2840 2106 2881 vero
2146 2841 2183 2879 a
2213 2824 2386 2879 nobis
2417 2824 2547 2879 dari
2597 2824 2841 2895 expetis,
2882 2823 2985 2894 qui
3017 2823 3273 2878 idoneus
3308 2822 3380 2876 sit
3423 2821 3499 2877 ad
3531 2837 3617 2876 re-

1968 2913 2195 2984 gendas
2221 2914 2476 2977 animas,
2501 2918 2557 2968 et
2588 2918 2776 2968 totum
2811 2912 3242 2968 monasterium
3261 2926 3616 2967 conservan-

1966 3004 2131 3059 dum.
2181 3005 2317 3059 Jure
2353 3017 2495 3070 ergo
2545 3019 2582 3056 a
2620 3002 2793 3057 nobis
2833 3008 2967 3057 ante
3008 3001 3287 3056 laudatus
3330 3016 3413 3056 es.
3460 3000 3616 3055 Scire

1966 3101 2164 3147 autem
2196 3092 2456 3164 primum
2483 3108 2585 3146 vos
2600 3095 2850 3162 oportet,
2877 3090 3020 3162 quid
3038 3091 3108 3144 sit
3130 3089 3618 3160 monasticapro-

239 3175 425 3249 γελμα,
458 3179 546 3227 καὶ
601 3176 722 3227 ὅσον
752 3179 810 3227 1'6
858 3182 948 3227 τοῦ
1006 3173 1128 3247 βίου
1162 3175 1289 3247 ὕψος
1331 3196 1343 3208 ·
1378 3176 1459 3228 ἵνα
1501 3181 1572 3248 μὴ
1630 3177 1852 3251 ἀπείρως

1968 3180 2165 3247 fessio,
2197 3161 2263 3236 et
2292 3188 2520 3252 quanta
2560 3161 2713 3234 illius
2746 3181 2877 3234 vitae
2898 3161 3271 3241 sublimitas.
3301 3193 3375 3233 ne
3414 3178 3617 3233 incon-

242 3265 595 3337 εἰσαχθέντες,
649 3261 1063 3336 κινδυνεύσωμεν
1120 3284 1239 3339 περι
1290 3268 1376 3317 τὸν
1431 3264 1609 3317 πλοῦν.
1640 3266 1698 3319 Ἠ
1730 3267 1856 3320 ἀπο-

243 3359 379 3427 ταγή
437 3350 587 3407 οὐδὲν
626 3354 746 3406 ἄλλο
795 3356 1139 3421 καθέστηκεν,
1173 3356 1218 3407 εἰ
1259 3359 1329 3427 μὴ
1391 3364 1619 3428 σταυροῦ
1652 3362 1741 3409 καὶ
1769 3360 1856 3410 θα-

246 3448 402 3497 νάτου
455 3442 755 3515 ἓπαγγελία.
811 3438 874 3496 Τί
923 3451 1081 3496 τοῦτο
1142 3462 1155 3508 ;
1241 3446 1385 3496 κατά
1433 3448 1517 3497 τὸν
1565 3445 1714 3517 λόγον
1765 3453 1855 3499 τοῦ

246 3537 465 3607 Κυρίου,
512 3539 645 3585 πᾶσι
702 3540 812 3595 τοῖς
862 3532 1048 3585 ἑαυτοῦ
1097 3534 1431 3605 ὑπάρχουσιν
1490 3535 1856 3597 ἀποτάξασθαι

238 3626 329 3675 τὸν
365 3620 695 3695 βουλόμενον,
748 3627 838 3674 καὶ
893 3623 1091 3695 ἄραντα
1144 3626 1229 3673 τόν
1261 3625 1507 3696 σταυρόν,
1560 3621 1856 3680 ἀκολουθεῖν

247 3712 418 3764 ὀπίσω
472 3711 650 3765 αὑτοῦ.
703 3707 919 3769 Ἐπειδὴ
966 3707 1024 3763 δὲ
1062 3715 1341 3783 πρόσωπον
1386 3714 1566 3784 ἐπέχει
1621 3720 1856 3785 Χριστοῦ

242 3807 347 3863 πᾶς
386 3799 625 3861 ἀληθινὸς
682 3802 966 3872 ἡγούμενος
993 3818 1004 3829 ’
1066 3808 1282 3875 Χριστῷ
1337 3796 1430 3852 διὰ
1457 3806 1619 3873 μέσου
1664 3803 1855 3856 ἐκείνου

252 3890 552 3944 ἀκολουθεῖν
604 3894 743 3943 ἔστιν
802 3887 1061 3961 ἀψευδῶς.
1118 3895 1217 3943 Καὶ
1276 3891 1435 3952 οὑτως
1476 3893 1773 3951 σωθήσεται
1799 3896 1856 3945 τὸ

252 3989 348 4040 τῆς
377 3981 578 4041 ivi-611');
600 3979 939 4051 ἀξιάγαστον.

319 4068 376 4122 Ὀ
430 4066 489 4121 δε
538 4073 609 4141 μὴ
664 4069 827 4129 οὑτως
885 4068 1139 4140 ὒόμενος,
1197 4067 1325 4121 ἀλλὰ
1369 4073 1563 4133 κτίζειν
1598 4077 1856 4141 μοναστὴ-

246 4178 359 4233 ριον
388 4157 434 4209 ὶν
466 4166 573 4218 τοῖς
630 4157 870 4225 οἰκείοις,
913 4162 1003 4209 καὶ
1061 4159 1367 4229 καθηγητὴν
1423 4158 1853 4231 προκαλούμενος,

242 4251 312 4309 ὡς
359 4246 419 4298 ἂν
478 4248 526 4298 ἐν
582 4254 695 4307 τοῖς
764 4246 925 4298 αὑτοῦ
985 4251 1074 4298 καὶ¹
1124 4248 1350 4319 μονάσῃ,
1406 4252 1495 4299 καὶ
1551 4250 1717 4320 σωθῇ,
1764 4253 1851 4300 καὶ

242 4333 486 4407 όδηγηθῇ
549 4353 560 4365 ·
619 4334 791 4407 ἀγνοεῖ
848 4336 927 4387 ὃτι
985 4335 1095 4393 εἰκῆ
1151 4339 1241 4388 καὶ
1300 4336 1469 4406 μάτην
1526 4342 1705 4407 κοπιᾷ,
1765 4343 1854 4391 καὶ

241 4424 372 4496 ἅπερ
414 4424 579 4490 ζητεῖ,
633 4424 740 4495 οὑχ
794 4425 1025 4497 εὑρήσει,
1076 4422 1206 4479 ἀλλὰ
1256 4427 1551 4477 τοὺναντὶον
1603 4427 1795 4479 ἔκτοπα
1836 4449 1849 4461 ·

1972 3270 2128 3325 sulto
2154 3269 2423 3335 admissi,
2451 3268 2783 3340 periculum
2809 3268 3097 3323 adeamus
3121 3267 3181 3322 in
3207 3267 3615 3337 navigatione.

1968 3359 2343 3415 Renuntiatio
2375 3357 2534 3411 aliud
2568 3356 2715 3412 nihil
2741 3362 2846 3417 est,
2878 3372 3062 3427 quam
3094 3356 3287 3410 crucis
3328 3363 3382 3410 et
3411 3355 3616 3410 mortis

1967 3446 2279 3518 professio.
2305 3446 2458 3511 Quid
2482 3448 2593 3501 hoc
2611 3444 2743 3501 est?
2764 3446 2932 3517 juxta
2952 3444 3403 3510 Dominiverba,
3428 3445 3620 3500 omni-

1967 3537 2080 3593 bus
2112 3536 2286 3591 bonis
2309 3538 2431 3588 suis
2460 3535 2798 3590 renuntiare
2820 3549 2958 3588 eum
2988 3533 3090 3606 qui
3120 3534 3235 3589 hoc
3256 3532 3405 3599 vult,
3441 3539 3618 3588 etsu--

1968 3625 2131 3681 blata
2161 3638 2334 3679 cruce
2365 3622 2532 3678 illum
2572 3622 2740 3695 sequi
2755 3623 2821 3676 ³⁸.
2856 3622 3149 3688 Quoniam
3179 3627 3377 3678 autem
3408 3622 3616 3679 Christi

1969 3730 2289 3787 personam
2321 3714 2572 3768 sustinet
2609 3712 2805 3767 omnis
2837 3728 3010 3766 verus
3055 3712 3432 3783 praepositus,
3464 3712 3618 3766 illius

1968 3804 2149 3858 ductu
2180 3802 2479 3857 Christum
2524 3802 2691 3873 sequi
2720 3800 2851 3856 licet
2879 3801 3111 3872 absque
3142 3800 3388 3857 fallaciae
3430 3807 3614 3857 metu.

1969 3896 2051 3948 ita
2078 3892 2414 3948 servabitur
2444 3888 2800 3946 admirabile
2829 3889 3204 3945 mandatum.

2042 4067 2151 4137 Qui
2183 4072 2383 4123 autem
2419 4083 2539 4122 non
2573 4064 2874 4121 constituit
2899 4064 2981 4120 sic
3009 4081 3204 4138 agere,
3249 4066 3351 4121 sed
3375 4067 3434 4121 in
3484 4082 3618 4139 pro-

1967 4159 2109 4229 priis
2147 4158 2574 4213 monasterium
2602 4162 2923 4220 exstruere,
2953 4161 3008 4210 et
3034 4155 3472 4211 moderatorem
3508 4156 3619 4212 ad-

1971 4263 2203 4311 vocare,
2235 4246 2337 4317 qui
2360 4246 2521 4317 apud
2556 4245 2754 4315 ipsum
2786 4243 3119 4298 monachus
3151 4243 3245 4309 sit,
3280 4259 3314 4297 a
3339 4260 3460 4316 quo
3483 4243 3622 4298 diri-

1972 4341 2164 4405 gatur,
2190 4340 2368 4407 atque
2393 4336 2471 4389 ita
2491 4333 2744 4389 salutem
2776 4338 3207 4403 consequatur;
3242 4333 3290 4387 is
3318 4349 3438 4388 non
3462 4333 3622 4389 videt

1969 4440 2031 4480 se
2071 4440 2291 4480 vanum
2321 4422 2590 4479 laborem
2630 4436 2884 4485 sumere,
2922 4425 2979 4476 et
3008 4421 3172 4493 quod
3204 4420 3436 4493 quaerit,
3492 4436 3613 4476 non

239 4509 421 4571 ἐπειδὴ
459 4517 517 4565 οὑ
571 4512 683 4565 κατ’
733 4512 930 4572 ἐντολὴν
993 4517 1187 4588 Κυρίου
1231 4516 1259 4572 ἡ
1308 4516 1526 4570 τοιαύτη
1580 4513 1850 4585 ἀποκαγὴ,

1969 4514 2373 4577 inventurum,
2395 4510 2499 4567 sed
2524 4526 2766 4582 prorsus
2792 4510 3111 4576 contraria,
3145 4512 3288 4583 quia
3310 4526 3433 4566 non
3450 4511 3620 4580 juxta

240 4603 428 4675 ὤφελον
484 4604 823 4674 γυμνωθῆναι
878 4604 1055 4661 πάσης
1128 4603 1277 4670 ὑλης,
1339 4607 1425 4656 καὶ
1500 4603 1679 4678 πορῥω
1752 4612 1852 4657 τῶν

244 4687 396 4744 ἰδίων
447 4693 709 4763 γενέσθαι,
759 4696 848 4743 καὶ
918 4693 1274 4764 καθηγεμόνος
1351 4699 1532 4764 τυχεῖν
1604 4691 1845 4766 ἀρίστου,

242 4784 334 4831 καὶ
376 4780 511 4832 οὑτω
588 4782 942 4852 περαιωθῆναι
1000 4784 1060 4832 1'6
1119 4784 1252 4852 μέγα
1307 4782 1525 4853 πέλαγος
1578 4790 1669 4835 τοῦ
1728 4781 1858 4856 τῇδε

242 4867 367 4940 βίου
418 4865 707 4930 ἀκινδύνως
737 4889 749 4903 ’
793 4869 898 4941 οὑχ
929 4871 1007 4922 ὅτι
1066 4866 1233 4940 μηδὲν
1269 4878 1368 4922 τῶν
1420 4876 1800 4946 προειρημένων
1839 4888 1850 4901 ·

245 4957 359 5009 ἀλλ’
409 4957 463 5009 ἐκ
511 4964 670 5029 μόνου
726 4967 816 5012 τοῦ
877 4955 1172 5029 οἰκοδομεῖν
1219 4964 1571 5033 μοναστήριον
1618 4966 1704 5012 xu‘:
1764 4966 1850 5013 τὸν

242 5050 373 5102 Θεὸν
423 5048 581 5119 [cod.
610 5051 747 5117 Reg.
803 5051 860 5101 1'6
888 5047 1062 5122 φαιὸν]
1117 5048 1485 5121 περιϐαλέσθαι
1514 5069 1526 5080 ·
1560 5054 1648 5102 καὶ
1692 5052 1851 5121 ἡγού-

240 5146 389 5210 μενον
421 5134 592 5189 δοκεῖν
644 5139 784 5207 ἔχειν
841 5140 961 5189 ὄντα
1011 5136 1201 5208 μᾶλλον
1260 5140 1553 5212 ἐπίτροπον,
1596 5143 1687 5190 καὶ
1720 5158 1854 5212 συμ-

238 5221 531 5287 ποδίζοντα
578 5230 665 5277 καὶ
722 5222 1172 5298 συμποδιζόμενον
1214 5242 1232 5259 ο
1278 5231 1367 5277 καὶ
1418 5230 1536 5279 οὒτε
1595 5228 1849 5292 σώζοντα,

240 5316 359 5367 οὔτε
416 5314 730 5387 σωζόμενον.
769 5312 1045 5380 Ἔξελθε,
1094 5319 1275 5386 φησὶν,
1315 5313 1378 5366 ἐκ
1436 5322 1551 5377 τῆς
1586 5322 1706 5387 γῆς
1740 5334 1851 5368 σου

316 5422 363 5455 ³⁵
394 5422 593 5477 Matth.
620 5436 739 5485 nx,
767 5424 817 5475 5.
896 5423 943 5456 ³⁸
972 5422 1108 5477 Luc.
1137 5437 1217 5489 ix,
1239 5424 1328 5477 23.

1968 4603 2201 4659 Domini
2217 4601 2569 4657 mandatum
2589 4606 2676 4655 est
2695 4600 2796 4669 huj
2811 4599 3050 4655 nsmodi
3071 4600 3451 4665 renuntiatio,
3477 4616 3618 4657 cum

1965 4692 2209 4747 deberet
2241 4690 2483 4763 spoliari
2511 4688 2889 4745 facultatibus
2920 4690 3226 4754 omnibus,
3258 4694 3316 4744 et
3346 4688 3553 4760 procul
3584 4704 3617 4745 a

1964 4780 2225 4853 propriis
2273 4781 2503 4847 abesse,
2531 4785 2587 4834 et
2630 4780 2924 4850 optimum
2976 4778 3283 4833 ductorem
3329 4778 3616 4845 nancisci,

1964 4876 2143 4941 atque
2175 4869 2253 4923 ita
2284 4884 2570 4941 magnum
2596 4867 2777 4938 hujus
2804 4866 2936 4922 vitae
2960 4866 3209 4938 pelagus
3238 4866 3366 4921 sine
3394 4866 3620 4937 pericu-

1965 4958 2019 5015 lo
2050 4959 2349 5029 trajicere;
2380 4973 2499 5013 non
2542 4963 2741 5012 autem
2766 4956 2980 5012 horum
3017 4972 3151 5029 quae
3185 4956 3343 5011 dicta
3373 4961 3506 5010 sunt
3537 4955 3621 5010 ni-

1964 5048 2045 5104 hil
2067 5064 2265 5118 agere,
2299 5046 2405 5102 sed
2433 5063 2501 5102 ex
2527 5046 2653 5102 sola
2683 5045 3027 5101 monasterii
3060 5045 3461 5100 exstructione
3484 5060 3617 5114 gra-

1965 5138 2104 5193 tiam
2139 5153 2174 5192 a
2202 5137 2320 5191 Deo
2347 5135 2494 5191 inire
2522 5135 2691 5199 velle,
2724 5140 2903 5205 atque
2934 5134 2992 5189 in
3024 5135 3285 5204 speciem
3316 5135 3613 5191 duntaxat

1969 5227 2357 5297 praepositum
2384 5225 2628 5289 habere,
2657 5225 2757 5296 qui
2786 5228 3132 5295 procurator
3164 5224 3240 5277 sit
3259 5224 3480 5294 potius,
3513 5225 3619 5296 qui

1965 5313 2140 5370 simul
2172 5312 2457 5385 impediat
2481 5317 2537 5368 et
2556 5313 2732 5368 simul
2749 5311 3128 5385 impediatur,
3158 5313 3260 5384 qui
3283 5328 3477 5384 neque
3499 5312 3620 5367 sal-

1788 5515 2016 5576 NOTIE.

318 5615 431 5686 (5t)
463 5617 523 5671 In
558 5616 687 5672 cod.
724 5618 861 5687 Reg.
896 5616 990 5689 ρλ’.

2029 5615 2093 5691 (ἦ)
2120 5614 2466 5687 Dogmatica
