4036 6276
464 326 603 382 1499
1719 326 1778 384 S.
1818 324 2058 384 ΤΗΕοοτ

2229 324 2549 382 STUDITE
3680 329 3823 385 1500

454 456 551 507 vet
576 466 772 524 neque
799 451 1080 508 salvetur.
1111 453 1436 525 Egredere,
1467 453 1681 525 inquit,
1709 453 1782 510 de
1811 457 1973 510 terra
2003 457 2048 508 ιι

2225 455 2325 503 καὶ
2363 450 2426 503 ἐκ
2465 459 2584 513 τῆς
2625 455 3013 523 συγγενείας
3052 449 3341 505 σουολάϐε
3363 454 3450 505 τόν
3479 451 3708 506 σταυδόν
3733 452 3819 506 ἐπ’

453 547 508 600 et
521 543 594 599 de
612 544 1006 613 congnatione
1022 551 1126 600 tua
1138 547 1182 580 ³⁷
1203 561 1216 611 ;
1238 546 1441 616 accipe
1459 561 1696 600 crucem
1721 545 1780 600 in
1797 545 2047 600 humero

2228 544 2366 612 ῧμων
2415 560 2534 610 σου,
2582 539 2932 611 ἓμπτύσθητι,
2969 540 3338 612 κολαφίσθητι,
3383 546 3469 594 πίε
3519 541 3646 606 ὄξος,
3682 562 3822 616 φρα-

452 647 805 704 conspuere,
837 633 1106 705 colaphis
1133 633 1391 700 caaditor,
1436 634 1576 691 bibe
1609 639 1866 699 acetum,
1898 633 2046 702 ﬂage

2221 629 2518 700 γελλῶθητι,
2577 631 2718 682 ᾱίνιθι
2774 628 2856 682 ἐπὶ
2909 633 2994 682 τόν
3079 633 3323 704 σταυρόν,
3379 634 3600 684 κίνωσον
3657 633 3815 703 αἷμα,

448 719 593 787 lare,
618 737 856 778 crucem
883 722 1159 789 ascende,
1185 725 1538 795 sanguinem
1564 723 1768 792 funde,
1791 724 1914 779 sive
1941 725 2042 779 intt

2227 717 2307 769 z't'r'
2338 713 2424 770 οὖν
2473 726 2688 784 νοητῶς,
2740 717 2830 771 εἶτ’
2862 715 2949 770 όῦν
2993 718 3275 780 αἰσθητῶς.
3313 719 3370 772 Εἰ
3417 717 3476 772 δε
3519 725 3588 791 μὴ
3640 725 3821 794 φέροις

449 809 621 876 lectu,
656 811 778 865 sive
811 827 1012 866 sensu.
1047 812 1218 877 Quod
1254 813 1301 867 si
1334 813 1463 868 haec
1496 829 1616 869 non
1649 812 1827 877 feras,
1864 813 2005 868 sede

2222 815 2398 874 ταῦτα,
2431 810 2594 860 κάθου
2646 807 2693 860 ἓν
2743 817 2812 879 τῷ
2865 811 2989 880 οἴκῳ
3032 827 3148 875 σου,
3193 817 3266 879 τῷ
3321 813 3661 882 ταπεινοτέρῳ

452 900 636 955 domo
670 904 786 964 tua,
824 900 1139 956 humiliore
1173 901 1288 957 vita
1319 902 1531 958 salvari
1571 902 1958 957 contendens.
2001 904 2043 957 N

2223 896 2575 970 ἰκϐιαζὸμενος
2624 898 2908 958 σώζεσθαι.
2961 894 3103 951 Οὐδὶ
3156 900 3257 972 γὰρ
3312 901 3534 951 ενταῦθα
3582 898 3817 972 ἀμογητὶ

451 1004 569 1060 que
597 989 757 1044 enim
779 989 906 1043 sine
929 989 1134 1045 labore
1163 991 1258 1046 hic
1283 990 1470 1056 salus,
1494 991 1597 1046 sed
1627 1006 1733 1061 per
1757 991 1974 1046 multas
2000 1007 2045 1045 a1

2216 991 2270 1040 τό
2323 995 2532 1059 σῶσμα,
2571 985 2700 1039 ἀλλὰ
2739 989 2838 1058 γὰρ
2889 992 2978 1040 καὶ
3032 984 3126 1039 διὰ
3173 987 3370 1039 πολλῶν
3419 987 3663 1059 θλίψεων.
3718 992 3810 1046 Μή

451 1077 698 1147 gustias.
722 1079 804 1133 Ne
832 1078 976 1134 mihi
1003 1079 1292 1135 hodierna
1314 1079 1586 1150 exempla
1609 1079 1899 1152 proferas.
1927 1081 2045 1145 Ollit

2221 1095 2300 1128 ιιοι
2335 1078 2399 1128 τὰ
2441 1083 2528 1126 νῦν
2581 1073 2986 1149 παραδείγματα
3035 1080 3324 1150 προσοίσης
3351 1096 3364 1110 ο
3425 1082 3526 1129 πᾶν
3567 1079 3688 1151 ὅπερ
3751 1077 3815 1130 οὐ

448 1165 596 1238 quid
626 1181 748 1222 non
781 1172 866 1222 est
897 1183 966 1222 ex
997 1168 1314 1234 mandato;
1349 1168 1719 1239 improbum,
1754 1167 1953 1230 inane,
1985 1168 2042 1239 pl

2222 1165 2325 1218 ιατ’
2383 1163 2589 1224 ἐντολήν
2624 1180 2638 1193 ’
2695 1162 2969 1237 ἀδόκιμον,
3027 1165 3198 1232 ἕωλον,
3259 1162 3648 1236 σκανδαλῶδες,
3718 1175 3816 1220 τοῦ

449 1268 596 1310 num
619 1254 906 1323 scandali,
934 1256 1063 1326 ejus
1085 1255 1187 1326 qui
1205 1256 1290 1311 sic
1311 1256 1663 1312 renuntiarit
1682 1273 1859 1328 opus,
1877 1273 1995 1312 non
2017 1257 2043 1312 ό

2222 1255 2372 1317 ιῦτως
2425 1254 2815 1326 ἀποταξαμίνου
2864 1257 3033 1328 ἔργον,
3088 1254 3194 1308 ἀλλ’
3246 1255 3305 1308 οὐ
3351 1258 3489 1310 θείου
3541 1258 3816 1332 προστάγ-

449 1342 573 1398 vini
588 1344 1065 1415 praeceptLQuod
1082 1346 1130 1399 si
1146 1346 1554 1402 monasterium
1569 1362 1785 1401 novum
1803 1352 2043 1401 exstrue

2220 1363 2400 1406 ιιατος.
2449 1343 2508 1397 Εἰ
2558 1340 2616 1396 δὲ
2668 1343 2789 1416 ἇρᾲς
2829 1351 3145 1416 νεουργῆσαι
3185 1349 3367 1416 μονὴν,
3428 1345 3521 1397 οὐκ
3576 1344 3673 1408 ἔξω
3717 1351 3814 1398 τοῦ

449 1433 649 1504 cupis;
695 1433 753 1488 id
782 1449 900 1488 non
938 1439 1024 1489 est
1071 1433 1332 1489 alienum
1387 1451 1423 1491 a
1453 1436 1724 1491 ratione:
1776 1435 1880 1490 sed
1925 1435 2035 1491 sim

2224 1432 2408 1494 εἰκότος
2440 1450 2452 1463 ·
2516 1432 2621 1485 ἀλλ’
2673 1431 2748 1485 ἐπ’
2795 1432 2854 1485 ἂν
2902 1430 3240 1507 παραδώσεις
3279 1434 3441 1492 αὐτὴν
3493 1431 3648 1508 ἀνδρὶ
3685 1436 3818 1488 καθ-

446 1535 516 1577 ac
536 1521 1059 1594 tradiderisipsum
1089 1524 1218 1578 viro
1241 1524 1344 1596 qui
1371 1530 1554 1594 regat,
1578 1540 1651 1580 ne
1683 1523 1943 1595 amplius
1971 1541 2040 1581 m:

2219 1526 2502 1594 ηγουμίνῳ,
2560 1525 2748 1596 μηκέτι
2823 1521 3078 1584 ἐπιϐαλεῖς
3136 1527 3226 1582 τὴν
3278 1531 3440 1598 χεῖρα
3512 1523 3590 1576 ἄπ’
3642 1523 3813 1593 αὐτῷ,

447 1623 594 1664 num
621 1609 873 1681 injicias,
900 1616 1187 1684 tanquam
1216 1612 1276 1668 in
1296 1628 1417 1668 rem
1442 1617 1607 1668 tuam
1633 1629 1644 1666 :
1675 1617 1732 1669 et
1758 1614 1876 1669 Deo
1894 1629 2041 1685 accc;

2225 1613 2442 1686 ιαθάπερ
2493 1613 2576 1664 επὶ
2606 1618 2706 1662 τῶν
2752 1611 2958 1663 οὐσῶν·
3013 1616 3102 1664 καὶ
3145 1619 3257 1683 Θεῷ
3323 1616 3380 1664 τό
3429 1618 3648 1686 πρᾶγμα
3698 1612 3819 1665 εὐά-

446 1702 574 1754 tum
605 1699 663 1753 id
708 1700 841 1766 erit;
881 1706 937 1756 et
967 1707 1237 1756 occurret
1280 1701 1382 1757 tibi
1414 1701 1473 1757 in
1507 1702 1833 1772 hospitium
1877 1718 2040 1774 semp

2223 1719 2390 1753 uarov
2420 1717 2431 1730 '
2465 1704 2556 1752 καὶ
2589 1698 2878 1758 ἀπαντήσει
2932 1719 3017 1753 σοι
3048 1700 3115 1761 εἰς
3162 1701 3327 1763 ξενίαν
3360 1705 3593 1756 αίώνιον.
3635 1700 3817 1773 Ἠμεῖς

446 1789 701 1842 ternum.
734 1787 863 1843 Non
895 1790 973 1843 ad
1000 1805 1136 1844 eum
1159 1789 1262 1860 qui
1288 1789 1370 1844 sic
1392 1789 1647 1859 eligitur,
1678 1789 1961 1845 addimus
1988 1790 2038 1845 fr

2220 1788 2292 1842 ἰπὶ
2339 1792 2426 1842 τὸν
2475 1789 2634 1850 οὕτως
2681 1791 2978 1862 αἱρούμενον
3023 1786 3359 1863 ἑπιδιδοῦμεν
3410 1787 3628 1863 ἀδελφὸν
3680 1789 3814 1844 ἐκεῖ·

445 1879 595 1932 trcm
622 1875 788 1932 illum
819 1892 1001 1949 quem
1031 1877 1270 1948 elegerit
1295 1878 1343 1932 is
1373 1878 1476 1950 qui
1508 1878 1774 1951 requirit,
1808 1894 1945 1934 cum
1971 1879 2039 1935 ali

2224 1898 2290 1932 νον
2342 1878 2396 1931 ὃν
2433 1877 2687 1949 ἑκλέγοιτο
2724 1881 2750 1930 6
2796 1879 3076 1945 ἐπιζητῶν,
3123 1881 3254 1951 μετά
3299 1884 3390 1932 καὶ
3441 1879 3618 1954 ἐτέρων
3673 1878 3818 1934 ἔννέα

444 1980 663 2020 novem
686 1965 964 2021 fratribus
986 1967 1089 2039 qui
1111 1969 1432 2038 praeposito
1447 1968 1660 2039 subjici
1683 1967 1908 2024 volunt.
1933 1971 2038 2024 Ecc

2218 1965 2440 2040 ἀδελφῶν
2529 1967 2798 2021 ἐθελόντων
2861 1970 3142 2022 τάττεσθαι
3215 1977 3285 2040 τῷ
3363 1974 3736 2043 προηγουμένῳ
3799 1986 3812 2002 ·

444 2052 602 2110 bone
644 2055 856 2121 amice,
900 2057 1180 2112 monachi
1227 2057 1495 2112 ofﬁcium
1527 2057 1781 2127 exposui
1823 2057 1970 2114 tibi:
2013 2076 2038 2111 s

2223 2054 2366 2123 Ιδοὺ,
2421 2057 2531 2130 φο.ε
2584 2057 2727 2123 καλε,
2777 2060 2834 2109 τὸ
2886 2053 3154 2130 δικαίωμα
3205 2065 3296 2110 τοῦ
3363 2066 3602 2132 μοναχοῦ
3655 2058 3817 2131 ἀνήγ-

444 2158 622 2215 agere
664 2144 968 2218 debetqui
1005 2145 1125 2201 vult
1167 2152 1468 2203 exstruere
1507 2147 1981 2204 monasterium:
2013 2166 2038 2202 s

2221 2146 2351 2216 γειλά
2408 2165 2494 2198 σοι
2520 2165 2536 2181 π
2569 2146 2594 2198 6
2634 2152 2824 2218 τρόπος
2874 2153 2965 2198 τοῦ
3015 2149 3406 2209 συνιστάνοντος
3448 2151 3507 2200 τὸ
3548 2154 3815 2220 μοναστή-

444 2231 788 2305 proticietis.
807 2235 976 2299 Quod
999 2241 1199 2300 restat,
1216 2236 1505 2292 Dominus
1521 2237 1596 2291 sit
1618 2237 1947 2293 consolatio
1973 2243 2032 2293 tu

2222 2255 2336 2302 ›ιον,
2386 2237 2416 2294 ἠ
2468 2236 2692 2309 ὑμετέρα
2762 2232 3024 2298 ἐπίδοσις.
3084 2240 3153 2290 Τὸ
3219 2236 3422 2302 λοιπόν,
3488 2239 3564 2296 εἴη
3623 2240 3816 2311 Κύριος

450 2321 728 2379 erudiens
756 2329 809 2378 te
837 2323 896 2379 in
923 2323 1207 2381 omnibus
1235 2325 1314 2382 ad
1345 2326 1619 2384 salutem.

2219 2326 2534 2400 ’παραμύθιόν
2609 2343 2732 2392 σου,
2820 2324 3100 2386 συνετίζων
3173 2345 3230 2379 σε
3305 2327 3442 2378 κατὰ
3515 2329 3686 2379 πάντα
3742 2327 3813 2390 εἰς

2209 2417 2496 2486 σωτηρίαν,

847 2556 995 2612 CLX.
1029 2587 1091 2596 -
1127 2556 1412 2628 Gregorio
1438 2557 1684 2641 ﬁliot').
2403 2563 2439 2609 P

2403 2556 2495 2610 pa"
2530 2557 2669 2628 (52).
2710 2587 2776 2596 —
2805 2561 3137 2631 Γρηγορίῳ
3177 2559 3395 2628 τέκνῳ.
3437 2557 3612 2632 [κεὀ]

876 2653 949 2703 De
980 2654 1159 2703 saeculi
1186 2655 1523 2705 restitutione
1548 2669 1559 2704 :
1588 2659 1641 2705 et
1665 2655 1880 2720 qualem
1909 2655 2156 2706 videlicet.
2173 2655 2317 2705 hanc
2351 2669 2469 2705 esse
2493 2654 2729 2704 futuram
2750 2668 2976 2719 magnus
2994 2655 3148 2705 Pater
3165 2654 3369 2705 doceat.

519 2742 660 2807 Quae
689 2741 749 2797 in
771 2743 966 2814 priore
993 2744 1243 2815 epistola
1273 2745 1347 2799 de
1367 2745 1744 2802 sanctissimo
1775 2745 2096 2802 Chalcedo-

2276 2744 2339 2799 Ἃ.
2381 2747 2470 2818 μὶν
2513 2739 2600 2797 οὖν
2649 2743 2697 2796 ἓν
2755 2752 2816 2817 τῇ
2867 2749 3097 2819 προτέρᾳ
3144 2743 3391 2818 ἐπιστολῇ
3425 2749 3543 2818 περὶ
3599 2753 3691 2799 τοῦ
3718 2755 3813 2810 τῆς

444 2829 538 2885 nis
568 2831 963 2902 metropolita,
996 2839 1054 2889 et
1070 2839 1234 2904 patre
1265 2840 1488 2902 nostro,
1518 2844 1805 2908 tanquam
1827 2837 1886 2892 in
1909 2841 2037 2892 tran

2221 2831 2547 2896 Χαλκηδόνος
2630 2833 2924 2905 ἁγιωτάτου
2995 2833 3402 2908 μητροπολίτου,
3459 2838 3550 2887 καὶ
3612 2840 3815 2904 πατρὸς

446 2933 628 2974 cursu
659 2920 818 2975 dicta
858 2927 1017 2988 sunt,
1059 2922 1301 2978 uberius
1333 2929 1388 2979 et
1435 2923 1784 2997 explicatius
1815 2940 1975 2980 nunc
2003 2925 2037 2978 d

2217 2925 2350 2995 ἡμῶν
2403 2927 2626 2998 εἴρηται,
2660 2925 2723 2984 ὡς
2761 2921 2808 2975 ἓν
2864 2919 3205 2999 παραδρομῇ,
3247 2929 3334 2974 νῦν
3392 2919 3451 2976 δε
3502 2920 3811 2987 διεξοδικώ-

452 3011 678 3064 centur.
706 3009 805 3065 Dic
820 3008 921 3076 illi,
936 3026 1058 3083 qua
1075 3018 1303 3084 patrem
1318 3011 1539 3084 alloqui
1561 3016 1734 3069 docet
1747 3013 2046 3068 reverentia

2203 3033 2346 3088 τερον
2414 3007 2704 3086 εἰρήσεται.
2772 3011 2891 3066 Elui
2949 3016 3086 3084 αὐτῷ
3141 3019 3496 3087 πατροπρεπεί
3561 3009 3797 3081 διαλέξει,

445 3095 590 3168 quid
609 3095 638 3150 ?
656 3098 818 3169 quod
837 3101 1107 3164 omnino,
1133 3102 1298 3171 iuxta
1311 3101 1532 3156 dictum
1553 3102 1854 3174 Apostoli:
1886 3102 2039 3160 Uniu

2204 3107 2256 3156 τί
2290 3119 2303 3170 ;
2331 3103 2410 3155 ὅτι
2441 3104 2663 3172 πάντως,
2695 3105 2832 3154 κατά
2865 3106 2960 3161 τὴν
3008 3109 3099 3154 τοῦ
3140 3100 3468 3157 Ἀποστόλου
3523 3101 3795 3176 ἀπόφασιν,

447 3187 738 3258 cujusque
769 3203 916 3258 opus
964 3191 1143 3260 quale
1184 3190 1258 3246 sit
1285 3191 1441 3260 ignis
1479 3191 1778 3262 probabit.
1817 3191 1881 3247 Si
1923 3193 2041 3261 cui:

2211 3178 2509 3245 ’Exaiarou
2547 3196 2612 3244 τό
2653 3195 2849 3266 ἔργον
2915 3193 3145 3244 ὁποῖόν
3185 3189 3321 3244 ἐστι
3363 3194 3432 3243 τό
3471 3199 3593 3265 πῦρ
3636 3189 3805 3245 δοκι-

448 3278 1602 3348 Opusmanseritquodsuperavdiﬂcavit,
1626 3281 1952 3337 mercedem
1977 3281 2094 3336 aci-
2203 3283 2502 3354 μάσει.Εἵ
2540 3301 2707 3341 τινος
2740 3284 2808 3333 τό
2840 3283 3029 3353 ἔργον
3067 3285 3242 3352 μένει
3273 3279 3298 3332 ὃ
3325 3277 3809 3353 ὶπῳκοδόμησι,

441 3365 587 3434 piet.
620 3363 685 3419 Si
708 3367 881 3435 cujus
911 3382 1057 3434 opus
1086 3367 1323 3435 arserit,
1355 3367 1769 3424 detrimentum
1792 3369 2035 3440 patietu:

2218 3372 2435 3422 κισθόν
2473 3369 2769 3440 λήψεται.
2812 3372 2882 3422 Εἰ
2937 3389 3124 3430 τινος
3162 3371 3227 3421 τὸ
3269 3371 3447 3441 ἔργον
3485 3375 3812 3429 κατακαή-

451 3451 580 3522 Ipse
599 3459 795 3509 autem
819 3456 1020 3511 salvus
1042 3456 1172 3522 erit,
1199 3456 1282 3512 sic
1303 3463 1498 3514 tamen
1516 3458 1803 3530 quasiper
1816 3458 2009 3529 ignem
2025 3460 2045 3494 ³

2213 3478 2412 3527 σεται,
2469 3460 2987 3530 ζημιωθήσεται
3017 3477 3031 3490 ⁸
3075 3457 3270 3520 αὐτὸς
3309 3454 3376 3510 δε
3416 3459 3807 3537 σωθήσεται,

449 3542 766 3597 Percontor
797 3544 998 3616 itaque
1031 3561 1044 3600 :
1075 3544 1241 3610 illud,
1275 3546 1512 3611 arserit,
1546 3545 1883 3601 absolutam
1916 3546 2043 3602 abol

2219 3550 2406 3610 ιῦτως
2439 3544 2505 3600 δι
2545 3551 2623 3608 ὡς
2663 3545 2778 3600 διὰ
2814 3553 3034 3621 πυρός.
3077 3548 3412 3619 Πυνθάνομαι
3450 3543 3558 3610 οὖν,
3588 3552 3668 3614 τό,
3709 3569 3813 3602 κα-

445 3629 667 3684 tionem
698 3631 962 3702 denotat,
992 3649 1194 3689 annon
1220 3634 1248 3690 ?
1281 3635 1336 3691 Si
1367 3634 1625 3706 primum
1662 3635 1896 3700 dicitur,
1939 3636 2039 3691 sict

2218 3641 2412 3694 τακαή
2432 3655 2633 3700 σεται,
2692 3635 2990 3709 ἑξαφάνισίς
3041 3634 3156 3688 ἐστι
3203 3635 3392 3702 τελεία,
3434 3635 3462 3694 ἦ
3520 3640 3582 3688 οὔ
3613 3653 3626 3703 ;
3660 3637 3720 3689 Εἰ
3753 3635 3812 3691 δι

453 3716 638 3772 Paulo
660 3719 1023 3776 cohaerenter
1049 3721 1129 3777 ait
1154 3721 1370 3778 alicubi
1396 3723 1730 3792 Theologus
1761 3725 2039 3795 Gregoriu

2219 3726 2628 3798 ὁμολογουμένως
2674 3729 2732 3777 τό
2762 3733 2962 3801 πρῶτον
3000 3743 3010 3755 ·
3040 3727 3177 3778 καθά
3207 3727 3304 3777 πού
3346 3744 3505 3798 φησιν
3552 3725 3813 3798 ἑπομένως

448 3803 620 3878 isque
653 3815 992 3878 postremus
1016 3815 1103 3865 est
1127 3810 1300 3882 ignis,
1325 3827 1447 3882 quo
1479 3819 1680 3867 nostra
1704 3814 1909 3868 omnia
1925 3813 2042 3868 dau

2218 3824 2282 3886 τῷ
2315 3814 2499 3887 Παύλῳ
2525 3819 2612 3867 καὶ
2643 3815 2668 3866 6
2691 3814 2942 3886 Θεολόγος
2973 3818 3254 3889 Γρηγόριος
3288 3831 3300 3843 ⁸
3324 3818 3411 3866 καὶ
3437 3817 3495 3866 τό
3521 3814 3812 3869 τελευταῖον

451 3901 674 3950 nantur
686 3896 774 3952 vel
793 3905 1142 3970 purgantur;
1157 3900 1300 3972 quid
1323 3906 1524 3955 estcur
1536 3901 1787 3956 audiens
1800 3902 2036 3973 quispia

2220 3912 2336 3980 πῦρ,
2478 3907 2646 3956 πάντα
2698 3909 3061 3979 κατακρίνεται
3123 3904 3152 3962 ἦ
3208 3905 3518 3979 καθαίρεται
3562 3905 3627 3956 τὰ
3678 3906 3814 3976 ἠμέ-

455 3985 749 4042 existimet
787 4003 906 4044 non
949 3995 1102 4044 recte
1150 3989 1370 4045 dixisse
1414 3997 1688 4046 sanctum
1724 3991 2040 4048 Maximum

2217 4013 2337 4068 τερα
2376 4013 2388 4026 ·
2450 3997 2502 4046 τί
2540 3996 2754 4046 ἓπισείει
2805 3996 2890 4046 τὸν
2929 3990 3045 4046 νοῦν
3096 4012 3187 4046 του
3226 3994 3502 4055 ἀκούοντος
3550 4009 3562 4021 ⁸
3610 3992 3706 4045 οὐκ
3756 3990 3811 4047 εὖ

453 4076 574 4127 tres
616 4090 748 4130 esse
799 4077 1200 4134 restitutiones
1240 4077 1298 4132 in
1348 4079 1688 4150 pristinum,
1747 4095 1900 4151 quas
1948 4096 2047 4135 no\

2215 4083 2472 4158 εἰρηκέναι
2518 4086 2600 4135 τόν
2664 4085 2797 4156 ἱερὸν
2847 4083 3106 4155 Μάξιμον,
3162 4090 3296 4156 τρεῖς
3347 4079 3475 4135 εἶναι
3529 4083 3617 4143 τὰς
3673 4080 3809 4135 ἀπο-

449 4163 710 4220 Ecclesia
741 4164 769 4220 ‘t
818 4168 1006 4222 Unam
1056 4167 1302 4240 quidem
1341 4169 1812 4240 uniuscujusque
1863 4185 1970 4242 pro
2011 4188 2043 4226 rt

2216 4175 2586 4239 καταστάσεις,
2636 4171 2696 4235 ἃς
2758 4168 2896 4225 οἶδεν
2949 4174 2977 4230 ἠ
3021 4171 3308 4229 Ἐκκλησία
3338 4188 3351 4239 ;
3383 4176 3520 4225 Μίαν
3573 4174 3664 4243 μὲν
3715 4175 3810 4230 τὴν

456 4251 616 4308 tione
648 4255 874 4310 virtutis
911 4273 921 4311 :
953 4257 1010 4310 in
1039 4273 1160 4329 qua
1193 4257 1514 4313 restituitur
1538 4259 1639 4330 qui
1666 4259 1893 4314 virtutis
1923 4277 2050 4333 que]

2215 4261 2436 4314 ἑκάστου
2475 4263 2610 4313 κατὰ
2656 4264 2741 4314 τόν
2789 4268 2884 4322 τῆς
2930 4260 3112 4336 ἀρετῆς
3165 4260 3338 4332 λόγον,
3382 4260 3429 4312 ἐν
3549 4259 3808 4314 ἀποκαθί-

459 4347 696 4412 poterat
732 4343 980 4400 modum
1014 4345 1296 4418 implevit.
1326 4345 1578 4402 Alteram
1605 4352 1832 4403 naturae
1877 4350 2048 4406 unive

2217 4370 2406 4403 σταται
2459 4353 2544 4402 τὸν
2594 4349 2670 4403 ἐπ’
2710 4351 2850 4421 αὐτῷ
2885 4350 3032 4422 λόγον
3084 4357 3181 4411 τῆς
3215 4347 3404 4423 ἀρετῆς
3432 4348 3799 4423 ἐκπληρώσας.

463 4446 564 4497 sm,
617 4431 674 4486 in
735 4434 1167 4490 resurrectione
1223 4451 1234 4488 :
1293 4435 1718 4492 restitutionem
1768 4437 1986 4494 scilicet
2041 4440 2056 4494 i

2218 4443 2459 4512 Δευτέραν
2492 4436 2550 4492 δε
2601 4447 2695 4502 τῆς
2726 4439 2848 4502 ὅλης
2879 4441 3078 4512 φύσεως
3116 4446 3174 4512 τῇ
3231 4437 3518 4490 ἀναστάσει
3546 4454 3559 4467 ’
3602 4442 3695 4496 τὴν
3737 4437 3812 4500 εἰς

450 4519 1084 4592 incorruptibilitatem
1142 4527 1198 4578 et
1248 4524 1772 4581 immortalitatem.
1826 4528 2044 4584 Tertiau

2215 4527 2525 4602 ἀφθαρσίανι
2581 4533 2669 4580 καὶ
2745 4526 3033 4581 ἀθανασίαν
3101 4527 3553 4582 ἀποκατάστασιν.
3613 4531 3809 4599 Τρίτην

447 4623 578 4681 qua
608 4609 974 4682 frequentius
999 4612 1177 4667 utitur
1197 4618 1436 4667 sanctus
1466 4614 1780 4684 Gregorius
1799 4617 2041 4688 Nyssenl

2217 4613 2292 4681 δὲ,
2350 4619 2382 4690 ᾖ
2449 4623 2538 4670 καὶ
2611 4616 2800 4690 μᾶλλον
2873 4621 3271 4690 κατακέχρηται
3345 4615 3392 4668 ἓν
3466 4622 3576 4677 τοῖς
3623 4615 3811 4669 ἑαυτοῦ

455 4696 514 4752 in
551 4699 938 4755 Sermonibus
957 4702 1141 4755 suis”
1166 4718 1178 4756 :
1213 4715 1318 4773 per
1334 4717 1518 4774 quam
1543 4703 1758 4758 animae
1786 4703 2049 4761 facultate

2211 4705 2377 4778 λόγοις
2409 4707 2434 4758 6
2463 4708 2511 4758 ἓν
2563 4705 2728 4778 ἁγίοις
2782 4713 3068 4780 Γρηγοριος
3117 4708 3354 4771 Νύσσης,
3406 4704 3548 4758 ἔστὶν
3588 4705 3742 4770 αὕτη,
3775 4706 3805 4764 ἦ

453 4801 560 4858 per
583 4793 891 4859 peccatum
924 4789 1220 4862 collapsas,
1246 4790 1302 4845 in
1330 4807 1466 4845 eum
1487 4807 1695 4846 rursus
1723 4797 1943 4848 statum
1976 4810 2047 4866 qu

2213 4802 2304 4848 τῶν
2365 4793 2612 4866 ψυχικῶν
2678 4791 2944 4867 δυνάμεων
2993 4803 3055 4868 τῇ
3115 4795 3348 4869 ἁμαρτίᾳ
3410 4795 3807 4858 ὑποπεσουσῶν,

452 4877 707 4932 conditae
757 4883 913 4943 sunt,
960 4879 1356 4934 restituentur.
1416 4880 1575 4936 Sicut
1613 4881 1772 4935 enim
1817 4883 2046 4938 univers

2214 4883 2280 4944 εἰς
2331 4884 2451 4955 ὅπερ
2498 4885 2833 4949 ἓκτίσθησαν,
2891 4883 3042 4937 πάλιν
3096 4883 3543 4946 ἀποκατάστασις.
3577 4890 3661 4936 Δεῖ
3705 4885 3808 4955 γὰρ

449 4971 666 5021 natura
706 4967 764 5021 in
800 4968 1247 5032 resurrectione,
1290 4969 1927 5039 incorruptabilitatem
1973 4988 2041 5027 ca

2215 4974 2380 5046 ὥσπερ
2409 4975 2500 5031 τὴν
2531 4972 2649 5031 ὅλην
2699 4975 2854 5046 φύσιν
2885 4972 2933 5024 ἓν
2963 4981 3024 5046 τῇ
3078 4975 3365 5026 ἀναστάσει
3396 4977 3490 5029 τὴν
3543 4979 3638 5036 τῆς
3682 4992 3809 5047 σαρ-

463 5053 556 5108 nis
601 5053 704 5108 diu
744 5062 1049 5126 speaatam
1082 5057 1351 5127 recipiet;
1384 5058 1462 5112 ita
1485 5061 1543 5113 et
1571 5059 1836 5114 animam
1867 5067 2057 5130 oportt

2213 5064 2296 5122 κός
2337 5059 2634 5133 ἀφθαρσίαν
2667 5066 2842 5136 χρόνῳ
2889 5061 3225 5133 ἐλπιζομίνην
3259 5060 3532 5114 ἀπολαϐεῖν
3572 5075 3585 5088 ·
3635 5060 3807 5123 οὕτως

443 5139 763 5197 facultates
779 5159 912 5214 quae
933 5143 1117 5213 longa
1130 5145 1488 5201 saeculorum
1507 5146 1822 5203 duratione
1837 5147 2035 5203 deﬂux

2211 5152 2431 5210 καὶτὰς
2482 5169 2915 5225 παρατραπεισας
2992 5159 3086 5213 τῆς
3167 5149 3355 5222 ψυχῆς
3441 5145 3685 5222 δυνάμεις
3741 5156 3805 5222 τῇ

450 5237 609 5296 runt,
655 5232 956 5304 recipere:
1009 5241 1063 5290 et
1110 5251 1244 5290 cum
1287 5235 1506 5290 saecula
1543 5237 1747 5292 omnia
1780 5237 2044 5294 transieri

2208 5240 2494 5313 παρατάσεί
2548 5248 2646 5291 τῶν
2695 5239 2888 5292 αἰώνων
2931 5238 3205 5292 ἀπολαϐεῖν
3270 5255 3283 5270 ⁸
3350 5243 3440 5290 καὶ
3496 5240 3802 5310 περάσασαν

449 5336 562 5378 nec
574 5325 791 5376 statum
809 5322 1119 5390 invenerit,
1135 5323 1211 5380 ad
1228 5327 1408 5380 Deum
1431 5325 1631 5381 venire
1653 5327 1756 5396 qui
1771 5325 1950 5382 ﬁdem
1975 5342 2043 5382 no

2212 5331 2328 5389 τοὺς
2363 5330 2558 5388 πάντας
2605 5328 2814 5395 αἰῶνας,
2865 5332 2956 5381 καὶ
2985 5331 3054 5402 μὴ
3084 5327 3430 5402 εὖρίσκουσαν
3489 5328 3698 5393 στάσιν,
3733 5326 3806 5388 εἰς

511 5446 555 5483 ⁸⁷
590 5446 732 5503 Gen.
763 5462 863 5514 xu,
891 5450 944 5506 1.
1018 5448 1106 5506 ³³1
1136 5449 1264 5507 Cor.
1296 5465 1375 5518 ιιι,
1412 5450 1494 5508 13.
1570 5450 1612 5488 ³³
1640 5451 1804 5509 Tom.
1839 5453 1879 5524 Ι,
1911 5467 1971 5525 p.
2000 5452 2105 5509 304

1655 5451 1804 5509 l‘om.
1839 5453 1879 5524 Ι,
1911 5467 1971 5525 p.
2000 5452 2124 5509 304.
2203 5457 2248 5489 ³ο
2277 5452 2407 5512 Lib.
2443 5455 2527 5511 De
2555 5453 2750 5526 opiﬁc.
2783 5452 2963 5525 hom.,
2995 5468 3130 5528 cap.
3162 5454 3249 5512 2t.

513 5660 588 5733 (’)
630 5661 1008 5732 Dosmaﬁca.
2004 5577 2357 5740 Nomas)
2388 5667 2454 5723 In
2484 5666 2616 5724 cod.
2642 5669 2786 5738 Reg.
2833 5663 2970 5742 ρλδ’.
