4036 6276
208 338 338 392 1501

201 464 290 514 τὸν
315 463 444 515 Θεὸν
478 460 637 514 ἐλθεῖν
683 463 767 513 τόν
794 464 865 534 μὴ
918 462 1113 532 ἔχοντα
1159 464 1320 535 πέρας
1358 477 1370 490 ’
1411 464 1501 513 καὶ
1534 464 1692 522 οὕτως
1740 468 1801 534 τῇ

202 550 498 624 ἐπιγνώσει,
555 551 612 603 ού
668 551 730 623 τῇ
804 551 1001 623 μεθέξει
1060 558 1158 602 τῶν
1232 549 1459 621 ἀγαθῶν,
1533 550 1807 604 ἀπολαϐεῖν

201 643 297 703 τὰς
350 637 613 712 δυνάμεις,
655 644 744 692 καὶ
791 640 862 699 εἰς
890 643 947 692 τό
1005 638 1230 715 ἀρχαῖον
1284 639 1804 701 ἀποκατασταθῆναι,

201 734 387 800 καὶμὴ
442 726 726 801 δειχθῆναι
778 732 864 781 τὸν
922 733 1247 805 Δημιουργόν
1280 732 1442 781 αἴτιον
1496 738 1591 791 τῆς
1642 729 1797 802 ἀμαρ-

202 838 339 881 τιας.

276 904 444 961 Οὐδὲν
467 904 553 959 οὖν
567 908 732 980 ἔτερόν
750 906 892 959 ἐστιν
918 906 1112 979 [abest
1132 909 1191 962 in
1213 906 1347 963 cod.
1374 909 1511 977 Reg.
1532 909 1697 981 ἔτερόν
1721 906 1803 960 έσ-

200 995 307 1070 τιν]
336 998 366 1054 ἡ
395 1000 541 1069 τρίτη
572 994 999 1057 ἀποκατάστασις
1027 1014 1040 1027 ο
1072 1000 1188 1071 περὶ
1212 999 1312 1068 γάρ
1335 1003 1441 1048 τοῖν
1470 992 1617 1048 δυοῖν
1646 996 1808 1068 ἀναμ.

201 1086 434 1158 φίλεκτον
460 1103 472 1115 ·
508 1090 537 1144 ἦ
571 1086 691 1158 ὅπερ
724 1082 1148 1157 δεδογμάτισται
1170 1094 1242 1156 τῷ
1277 1084 1597 1157 Ἀποστόλῳ,
1629 1093 1720 1138 τοῦ
1750 1088 1809 1137 τό

200 1174 556 1247 ἁμαρτητικόν
595 1177 741 1246 ἔργον
798 1182 1148 1239 κατακαῆναι,
1208 1178 1298 1227 καὶ
1350 1178 1435 1226 τόν
1496 1179 1811 1250 πεπραχότα

204 1265 436 1322 σωθῆναι
488 1261 887 1315 ἀκατάκαυστον
924 1281 936 1292 ·
996 1264 1164 1324 οὕτως
1204 1260 1263 1316 δε
1320 1267 1385 1325 ὡς
1414 1263 1475 1316 οὐ
1522 1267 1811 1336 μετέχοντα

202 1360 301 1406 τῶν
350 1352 576 1424 ἀγαθῶν,
628 1351 753 1404 ’ἀλλ’
814 1351 1227 1423 έπγιινώσκοντα
1282 1357 1375 1410 τὴν
1424 1356 1669 1426 στέρησιν
1714 1362 1811 1415 τῆς

200 1442 465 1515 μεθέξεως.
502 1447 602 1495 Καὶ
659 1441 798 1513 μάλα
824 1442 1035 1503 ,εἰκότως
1060 1445 1267 1517 εἴρηται
1314 1450 1386 1514 τῷ
1442 1447 1611 1514 Πατρί
1643 1458 1658 1474 ⁸
1720 1448 1809 1496 καὶ

200 1536 272 1603 μὴ
321 1528 603 1602 δειχθῆναι
650 1534 736 1583 τόν
787 1535 1115 1603 Δημιουργόν
1167 1535 1332 1585 αἰτιον
1381 1539 1472 1593 τῆς
1530 1532 1805 1606 ἁμαρτίας.

197 1626 263 1672 ‘0
439 1622 536 1695 γάρ
595 1623 739 1694 παρά
796 1627 951 1686 Θεοῦ,
984 1624 1147 1691 ἤγουν
1177 1623 1207 1680 ἠ
1265 1622 1381 1673 καθ’
1431 1623 1567 1693 ἡμᾶς
1629 1626 1806 1693 φύσις,

1490 334 1997 392 EPISTOLARUM
2041 336 2174 391 LIB.
2218 337 2279 391 ll.

3427 333 3451 388 1
3461 333 3561 388 502

1916 460 2132 532 habet;
2169 461 2443 535 atqueita
2472 476 2575 534 per
2599 461 3024 533 cognitionem,
3050 474 3172 516 non
3204 473 3307 531 per
3330 458 3563 531 partici-

1919 552 2223 624 pationem
2253 552 2572 617 bonorum,
2601 552 2861 623 recipere
2903 549 3234 615 facultates,
3268 553 3323 603 et
3352 548 3411 603 in
3446 547 3567 619 pri-

1920 640 2142 697 stinum
2170 641 2489 707 restitui,et
2515 640 2715 713 palam
2739 640 2864 695 ﬁeri
2896 639 3059 711 quod
3075 641 3313 695 Creator
3339 636 3565 710 peccati

1920 736 2126 786 auctor
2156 745 2275 786 non
2306 730 2402 785 sit.

1992 910 2165 967 Aliud
2215 911 2393 981 igitur
2438 910 2583 966 nihil
2634 913 2721 965 est
2773 908 2939 965 tertia
2971 906 3295 963 restitutio:
3331 904 3404 960 de
3440 903 3574 963 aliis

1920 1000 2078 1056 enim
2109 1000 2346 1056 duabus
2377 1015 2499 1056 non
2529 1004 2619 1054 est
2649 998 2940 1054 dubitatio
2988 1013 3171 1069 quam
3220 995 3382 1068 quod
3418 998 3572 1065 Apo-

1920 1089 2105 1145 stolus
2126 1090 2350 1158 docuit,
2380 1105 2533 1160 opus
2552 1089 2776 1160 peccati
2811 1087 3039 1151 ardere,
3060 1085 3227 1141 illum
3250 1089 3445 1141 autem
3466 1083 3573 1156 qui

1919 1178 2073 1244 fecit,
2108 1180 2326 1234 servari
2355 1178 2799 1234 incombustum
2832 1192 2845 1231 :
2880 1176 2965 1231 sic
3016 1180 3219 1231 autem
3275 1179 3570 1244 tanquam

1919 1269 2021 1341 qui
2054 1284 2175 1324 non
2200 1269 2272 1323 sit
2289 1268 2588 1341 particeps
2612 1268 2929 1330 bonorum,
2961 1265 3066 1321 sed
3088 1262 3573 1335 participationis

1918 1358 2318 1429 privationem
2350 1362 2659 1427 agnascat.
2714 1355 2995 1428 Apposite
3032 1369 3173 1409 vero
3225 1369 3260 1408 a
3288 1355 3454 1409 Patre
3484 1350 3571 1405 di-

1920 1451 2082 1501 ctum
2118 1452 2224 1513 est,
2286 1461 2480 1519 neque
2511 1445 2745 1501 ostendi
2797 1443 2962 1517 quod
2992 1445 3227 1499 Creator
3267 1442 3339 1496 sit
3361 1444 3574 1496 auctor

1918 1536 2166 1607 peccati.
2202 1535 2372 1601 Quod
2403 1536 2562 1591 enim
2592 1551 2626 1589 a
2678 1537 2792 1589 Deo
2824 1538 2930 1599 est,
2975 1532 3193 1587 scilicet
3223 1535 3437 1586 natura
3466 1545 3575 1585 no-

1920 1630 2043 1681 stra
2072 1641 2145 1680 ex
2181 1625 2364 1680 nihilo
2397 1624 2711 1695 producta,
2745 1625 2881 1693 igne
2913 1621 3011 1678 illo
3040 1620 3315 1677 consumi
3345 1618 3572 1690 nequit.

201 1712 272 1771 ὡς
326 1712 381 1762 ἐκ
430 1717 522 1762 τοῦ
574 1714 715 1772 ὄντος
797 1712 1159 1782 παραχθεῖσα,
1222 1710 1480 1772 ἀνάλωτος
1532 1719 1605 1782 τῷ
1680 1716 1805 1785 πυρὶ

1921 1714 2092 1779 Quod
2126 1730 2268 1770 vero
2297 1729 2417 1769 non
2455 1719 2542 1769 est
2592 1730 2625 1769 a
2661 1714 2799 1777 Deo,
2844 1717 3156 1783 peccatum
3185 1708 3423 1777 scilicet,
3466 1706 3573 1762 sed

200 1797 392 1870 ἕκείνῳ.
430 1798 497 1851 Ὀ
528 1796 587 1852 δε
611 1799 705 1851 οὐκ
756 1798 811 1851 έκ
844 1807 999 1865 Θεοῦ,
1033 1799 1150 1857 ἦτοι
1208 1802 1237 1857 ἡ
1292 1799 1544 1873 ἁμαρτία,
1590 1800 1717 1852 ἀλλά
1743 1808 1802 1873 τῇ

201 1895 294 1940 τοῦ
324 1887 613 1961 πράξαντος
655 1884 1116 1962 δημιουργηθεῖσα
1164 1893 1466 1961 προαιρέσει
1500 1907 1512 1920 ο
1550 1893 1619 1951 ὡς
1662 1894 1722 1941 οὔ
1758 1910 1808 1942 τι

200 1985 301 2030 τῶν
368 1981 522 2029 ὅντων
606 1974 757 2044 οὖσα,
818 1976 945 2030 ἀλλά
1029 1984 1431 2051 παρυφιστᾶσα,
1506 1979 1807 2050 οἰχήσεται,

202 2065 564 2127 ἀκατάτακτος
612 2063 745 2119 οὖσα
790 2073 900 2129 τοῖς
924 2064 1092 2121 οὖσιν.
1143 2068 1324 2128 Οὕτως
1385 2063 1491 2133 οὖν,
1545 2070 1640 2120 κᾶν
1672 2074 1809 2140 μήτε

202 2160 488 2230 Γρηγόροις
543 2158 567 2207 6
598 2160 899 2223 Νυσσαεύς,
955 2158 1051 2208 κᾶν
1104 2161 1237 2228 μήτε
1284 2157 1578 2229 Μάξιμοςό
1629 2162 1809 2233 Πατὴρ

201 2245 341 2316 λέγοι
373 2262 384 2274 ο
442 2243 568 2296 ἀλλά
618 2264 677 2316 γε
707 2246 733 2297 6
790 2246 951 2316 μέγας
1012 2245 1331 2307 Ἀπόστολος
1394 2244 1673 2318 ἀπέφησεν,
1734 2249 1811 2299 ὅτι

202 2333 418 2405 ἄμειψις
448 2330 706 2408 διάπυρος
761 2336 837 2392 εἴη
880 2342 974 2396 τῆς
1030 2334 1290 2408 ἁμαρτίας
1325 2352 1336 2363 '
1393 2337 1423 2393 ἠ
1478 2332 1538 2387 δε
1591 2338 1811 2408 ἔμφασίς

203 2424 340 2476 ἔστιν
393 2420 885 2484 ἀποκαταστάσεως,
945 2425 1015 2484 ὡς
1074 2426 1279 2497 εἴρηται
1336 2431 1409 2495 τῷ
1469 2430 1656 2497 Πατρὶ,
1716 2425 1810 2477 οὐκ

202 2511 623 2583 Ὠριγενιαστική
660 2528 672 2541 ·
714 2512 885 2582 ἄπαγε
917 2529 929 2541 ⁸
981 2508 1205 2583 οὐδεμία
1244 2513 1346 2584 γὰρ
1391 2517 1632 2565 κοινωνία
1678 2521 1807 2586 φωτὶ

200 2603 327 2673 πρὸς
375 2604 605 2661 σκότος’
662 2596 785 2653 οὐδε
850 2609 1193 2673 συμφώνησις
1251 2599 1423 2673 ἀγίοις
1468 2606 1598 2674 πρὸς
1662 2606 1805 2676 αἱρε-

203 2690 482 2761 σιάρχαςο
553 2692 683 2761 πρός
734 2688 823 2750 οῦς
879 2693 1330 2763 σφετεριζομένους
1385 2693 1451 2742 τά
1527 2699 1619 2743 τοῦ
1672 2694 1807 2745 θειο-

197 2780 357 2830 τάτου
432 2783 720 2853 Γρηγορίου
787 2780 893 2852 ἱερά
959 2776 1221 2851 δόγματα,
1294 2782 1427 2851 πρὸς
1498 2784 1591 2839 τὴν
1671 2790 1810 2854 σφῶν

197 2871 494 2931 κακόνοιαν,
553 2871 642 2920 καὶ
713 2869 743 2926 ἡ
799 2866 1071 2929 ἀνόθευτος
1142 2874 1231 2920 καὶ
1308 2869 1335 2920 ό
1412 2868 1807 2942 κλεπτέλεγχος,

200 2954 306 3007 ἀλλ’
363 2956 457 3008 οὐκ
495 2956 571 3008 ἐπ’
630 2954 892 3030 ἀνατροπῇ
946 2966 1044 3011 τῶν
1100 2962 1505 3029 προειρημένων,
1574 2961 1643 3021 ὡς
1687 2962 1811 3032 ἡμῖν

199 3050 450 3118 φαίνοιτο.
510 3046 568 3097 Εἰ
631 3042 690 3098 δε
742 3067 795 3099 τι
852 3045 1139 3119 βαθύτερον
1196 3046 1481 3119 έξευρεθείη
1537 3058 1609 3118 τῷ
1657 3048 1812 3120 ἀγιωο

196 3136 336 3206 τάτῳ
408 3135 789 3208 μητροπολίτη,
864 3135 1201 3208 ἀκουσόμεθα
1265 3136 1439 3190 πάλιν.
1515 3136 1653 3191 Ἐπεὶ
1723 3140 1811 3192 καὶ

196 3225 223 3275 ό
297 3226 568 3296 ἱερώτατος
644 3227 789 3296 ἡμῶν
868 3228 1205 3300 πατριάρχης
1277 3226 1520 3285 άκηκοως
1591 3230 1659 3279 τὰ
1731 3228 1809 3281 λε·

194 3314 394 3385 χθέντα
431 3321 504 3384 τῷ
532 3312 664 3386 ἁγίῳ
697 3313 938 3386 Μαξίμῳ,
970 3311 1121 3367 ούδεν
1160 3314 1478 3387 ἀπεμφαῖνον
1517 3324 1806 3374 τηνικαῦτα

196 3404 406 3475 ἔφησεν.

864 3134 1201 3208 ἀκουσόμεθα
1265 3136 1439 3190 πάλιν.

447 3526 588 3579 ΡΞΑ¹
626 3526 760 3599 (53).
793 3557 860 3568 -
891 3531 1142 3599 Νικήτᾳ
1181 3529 1543 3601 Σπαθαρίῳ.

1920 1802 2073 1858 illius
2101 1804 2205 1876 qui
2224 1803 2543 1867 commisit,
2578 1801 2820 1874 propria
2840 1802 3138 1856 voluntate
3160 1797 3431 1854 eﬂectum
3453 1801 3570 1862 est;

1920 1892 2143 1965 quippe
2166 1892 2330 1964 quod
2362 1891 2508 1947 nihil
2536 1896 2622 1946 est
2646 1906 2855 1945 eorum
2883 1906 3019 1961 quae
3061 1895 3217 1951 sunt,
3256 1886 3361 1941 sed
3391 1886 3572 1941 inhae-

1918 1986 2043 2048 ret;
2076 1981 2384 2048 exolescet,
2419 1995 2537 2035 nou
2569 1979 2771 2035 valens
2803 1978 2861 2033 in
2918 1994 3123 2034 eorum
3157 1992 3292 2048 qua:
3323 1980 3461 2029 sunt
3482 1989 3573 2028 or-

1920 2070 2058 2125 dine
2088 2070 2434 2124 consistere.
2467 2068 2557 2123 Sic
2590 2068 2793 2137 igitur,
2827 2067 3107 2138 quamvis
3138 2080 3333 2136 neque
3359 2065 3564 2132 Grego-

1921 2160 2045 2214 rius
2097 2161 2418 2231 Nyssenus,
2489 2172 2684 2229 neque
2756 2156 3045 2212 Maximus
3092 2157 3258 2209 Pater
3309 2152 3568 2218 diceret;

1922 2254 2184 2303 attamen
2201 2262 2458 2316 magnus
2479 2244 2802 2318 Apostolus
2829 2243 3260 2317 pronuntiavit,
3285 2241 3447 2313 quod
3467 2256 3573 2313 per

1919 2337 2117 2406 ignem
2138 2336 2242 2392 ﬁat
2269 2335 2527 2391 vindicta
2554 2334 2781 2406 peccati
2815 2336 2882 2388 ³1.
2911 2348 3047 2406 quae
3074 2330 3459 2387 restitutionis
3483 2333 3570 2385 est

1919 2440 2206 2498 expressa
2258 2423 2635 2495 signiﬁcatio,
2688 2423 2840 2478 sicut
2896 2440 2931 2478 a
2974 2424 3141 2477 Patre
3199 2420 3425 2475 dictum
3484 2421 3573 2473 est

1918 2516 2064 2585 (non
2114 2513 2496 2585 Origeniana,
2553 2511 2745 2567 absit:
2780 2510 2945 2567 nulla
3001 2510 3159 2565 enim
3219 2505 3570 2564 communio

1918 2603 2031 2659 luci
2064 2618 2204 2658 cum
2233 2602 2517 2670 tenebris,
2569 2616 2762 2673 neque
2815 2599 3037 2656 sanctis
3072 2598 3394 2654 consensio
3426 2611 3567 2652 cum

1918 2691 2334 2748 haeresiarchis
2363 2691 2447 2763 ³⁸),
2482 2696 2536 2746 et
2566 2689 2858 2745 adversus
2903 2704 3007 2744 eos
3054 2688 3158 2759 qui
3203 2684 3567 2742 divinissimi

1918 2782 2183 2853 Gregorii
2211 2796 2381 2836 sacra
2407 2780 2697 2849 dogmata
2719 2778 2832 2834 sibi
2859 2778 3159 2833 vindicant
3190 2792 3295 2849 per
3318 2790 3569 2847 pravam

1920 2886 2095 2926 suam
2134 2869 2585 2940 intelligentiam
2641 2883 2931 2939 germana
2970 2866 3393 2938 interpretatio,
3449 2878 3571 2936 qua

1920 2959 2013 3015 ille
2039 2960 2260 3015 furtum
2292 2974 2495 3013 eorum
2526 2957 2811 3030 coorguit,
2870 2956 2974 3011 sed
3037 2971 3156 3011 non
3199 2954 3405 3009 evertit
3434 2968 3568 3025 quae

1920 3049 2103 3104 modo
2128 3048 2287 3103 dicta
2345 3053 2503 3111 sunt,
2562 3051 2624 3101 ut
2664 3046 2837 3101 nobis
2868 3045 3120 3100 videtur.
3154 3042 3325 3110 Quod
3360 3042 3409 3096 si
3437 3055 3571 3111 pro-

1920 3135 2162 3192 fundius
2192 3136 2417 3208 aliquid
2475 3135 2872 3207 excogitatum
2902 3133 3073 3189 fuerit
3126 3148 3161 3188 a
3191 3129 3568 3186 sanctissimo

1920 3225 2540 3297 metropolita,iterum
2560 3224 2899 3279 audiemus.
2915 3225 3059 3278 Nam
3076 3226 3131 3276 et
3153 3218 3568 3275 sanctissimus

1921 3316 2257 3388 patriarcha
2290 3321 2487 3370 noster
2516 3313 2587 3369 iis
2608 3312 2829 3368 auditis
2854 3328 2987 3384 qua
3017 3328 3053 3367 a
3084 3315 3292 3366 sancto
3313 3307 3568 3365 Maximo

1921 3411 2059 3460 sunt
2087 3405 2265 3469 dicta,
2294 3403 2438 3458 nihil
2460 3402 2914 3458 dissentaneum
2949 3407 3089 3455 tunc
3121 3399 3288 3454 dixit.

2295 3528 2465 3585 CLXI.
2508 3528 2729 3583 Nic-em
2754 3525 3079 3595 Spat/tario
3109 3524 3195 3595 (').

199 3633 272 3683 De
284 3633 625 3683 sanctissima
645 3632 1077 3705 Christioisnagine
1102 3634 1643 3705 :_et_quod_idololatra
1675 3636 1743 3705 sit
1780 3637 2174 3705 quiimaginem
2198 3634 2566 3705 Christilatria
2601 3633 2743 3705 colit.
2756 3633 3002 3705 _Relativa
3018 3632 3160 3680 enim
3188 3631 3303 3695 ejus
3325 3630 3567 3679 adoratio

692 3699 741 3744 et
764 3696 855 3758 qui
890 3696 943 3744 in
963 3695 1025 3744 ea
1047 3695 1266 3745 relative
1288 3696 1543 3746 adoratur
1567 3695 1986 3749 Cbristus'latria
1999 3695 2213 3749 'colitur
2242 3712 2363 3747 cum
2391 3698 2542 3747 Patre
2574 3700 2624 3746 ct
2651 3701 2805 3745 santo
2836 3695 3059 3759 Spiritu.

268 3781 539 3843 Ἐδηλώθη
572 3803 662 3856 μοι
709 3785 809 3836 ύπὸ
872 3791 962 3837 τοῦ
1005 3784 1164 3837 καλοῦ
1197 3804 1290 3837 σου
1328 3781 1572 3858 ἀδελφοῦ,
1606 3786 1686 3838 ὁτι
1722 3807 1801 3849 τις

194 3882 294 3927 τῶν
322 3876 580 3949 ἡμετέρων
637 3873 892 3947 ἰεραρχών
951 3871 1212 3926 ἕνδιέϐαλέ
1241 3894 1303 3947 με
1336 3876 1421 3926 ἐπὶ
1479 3883 1567 3928 τοῦ
1624 3882 1800 3949 τιμίου

191 3971 476 4038 προσώπου
528 3972 620 4026 τῆς
678 3963 883 4036 ἀγάπης
956 3984 1072 4028 σου,
1141 3968 1209 4026 ὡς
1271 3967 1655 4037 θεοποιούμενον
1708 3972 1800 4026 τὴν

193 4062 428 4125 Χριστοῦ
475 4054 645 4106 εἰκόνα
677 4071 688 4082 ·
723 4058 813 4105 καὶ
867 4061 1020 4105 τοῦτο
1074 4056 1280 4106 κεῖσθαι
1340 4052 1387 4105 ἐν
1418 4063 1480 4125 τῆ
1534 4058 1663 4128 πρὸς
1714 4060 1800 4108 τὸν

190 4141 410 4215 ἀδελφόν
470 4144 783 4197 Ἀθανάσιον
840 4141 1086 4215 ἐπιστολῇ
1146 4162 1267 4214 μου.
1338 4143 1445 4215 Ἐφ’
1581 4142 1797 4217 διαϐολῇ

189 4232 437 4294 ἰστέναξα
486 4234 511 4283 6
571 4236 827 4299 ταπεινὸς,
890 4234 1213 4302 ἐννοούμενος
1264 4240 1370 4293 πῶς
1410 4234 1457 4285 οἱ
1512 4234 1803 4306 κατηγγελ-

188 4326 333 4396 μένοι
356 4326 445 4374 καὶ
474 4326 617 4395 περὶ
657 4319 857 4395 ἀργοῦ
894 4322 1183 4395 ῥήματος
1218 4317 1456 4374 δώσειν
1494 4322 1681 4395 λόγον
1743 4323 1801 4376 έν

1620 4417 1671 4464 τί
1701 4416 1800 4488 γὰρ

188 4499 368 4571 μεῖξον
426 4504 691 4564 πίστεως;
752 4498 922 4559 ἁπλῶς
979 4504 1067 4551 καὶ
1123 4498 1429 4571 ἀφυλάκτως
1469 4502 1799 4572 φθέγγονται,

188 4413 393 4483 ἡμέρᾳ
455 4415 751 4481 κρίσεως,
808 4412 891 4462 ἐπὶ
935 4418 1034 4462 τῶν
1085 4409 1219 4462 οὕτω
1251 4415 1513 4482 μεγίστων
1548 4430 1561 4443 θ

1987 3788 2205 3843 Certior
2218 3787 2408 3843 factus
2422 3802 2554 3841 sum
2569 3785 2646 3841 ab
2660 3784 2899 3854 egregio
2918 3785 3092 3839 fratre
3110 3782 3567 3855 tuo,quemdam

1911 3891 1984 3932 ex
1997 3876 2293 3947 episcopis
2310 3875 2529 3930 nostris
2544 3874 2912 3929 obtrectasse
2929 3872 3059 3927 mihi
3075 3888 3268 3927 coram
3283 3870 3569 3926 cbaritate

1912 3970 2128 4031 vestra,
2145 3965 2318 4037 quasi
2341 3980 2447 4036 pro
2467 3967 2582 4019 Deo
2596 3964 2850 4019 habeam
2874 3962 3199 4030 imaginem
3220 3959 3459 4026 Christi;
3479 3964 3571 4015 at-

1912 4070 2024 4127 que
2037 4054 2151 4111 hoc
2165 4059 2396 4109 exstare
2423 4054 2476 4107 in
2502 4052 2754 4125 epistola
2771 4067 2943 4124 quam
2959 4050 3035 4105 ad
3062 4050 3443 4105 Athanasium
3458 4048 3570 4103 fra-

1913 4148 2063 4199 trem
2081 4143 2310 4213 scripsi.
2330 4144 2521 4207 Quam
2540 4142 2618 4196 ob
2631 4139 2998 4195 calumniam
3016 4139 3260 4194 humilis
3281 4136 3567 4207 ingemui,

1913 4233 2115 4289 animo
2153 4237 2433 4303 reputans
2472 4235 2781 4302 quopacto
2818 4228 2855 4283 ii
2887 4228 3110 4301 quibus
3150 4226 3565 4282 denuntiatum

1911 4329 2019 4387 est,
2050 4322 2226 4375 etiam
2246 4321 2317 4376 de
2337 4319 2509 4376 verbo
2525 4320 2707 4374 otioso
2734 4318 3075 4374 reddituros
3089 4319 3379 4373 rationem
3395 4316 3457 4370 in
3474 4316 3569 4370 die

1902 4410 2124 4480 judicii
2148 4410 2217 4473 ³³,
2245 4408 2520 4463 maximis
2551 4408 2609 4463 in
2630 4406 2979 4479 rebus,quid
3003 4406 3160 4461 enim
3188 4406 3305 4460 ﬁde
3327 4404 3565 4476 majus?

1914 4500 2301 4555 adeotemere
2320 4503 2374 4552 et
2403 4498 2638 4552 incaute
2670 4497 3016 4568 loquantur,
3041 4494 3568 4565 criminationisja-

187 4594 507 4661 κατηγορίας
594 4588 733 4661 βέλει
815 4595 1190 4661 τιτρώσκοντες
1265 4593 1384 4651 τοὺς
1450 4590 1753 4652 ἀνευθύνους
1787 4613 1799 4624 ·

1919 4588 2048 4644 culo
2070 4586 2480 4643 confodientes
2505 4586 2812 4644 innoxios:
2836 4600 2906 4640 ac
2936 4600 3053 4640 non
3086 4584 3305 4657 potius,
3334 4584 3381 4638 si
3415 4584 3561 4654 quid

187 4683 277 4731 καὶ
303 4677 429 4750 ούχὶ
483 4677 693 4749 μᾶλλον,
736 4680 874 4751 εἴπερ
921 4682 1011 4729 καί
1072 4698 1123 4730 τι
1182 4676 1242 4750 ἦν
1281 4678 1615 4751 ἐσφαλμένον,
1677 4679 1804 4751 ἀγα-

188 4784 426 4827 πητικως
457 4768 779 4839 ὑπομνῆσαι,
814 4769 952 4819 κατά
992 4771 1049 4819 τό
1090 4772 1443 4843 γεγραμμένον
1469 4785 1482 4799 ⁶
1533 4768 1804 4842 Ἐλεγμῳ

189 4852 473 4925 έλέγξεις
537 4858 639 4907 τὸν
706 4854 985 4912 πλησίον
1053 4874 1188 4923 σου,
1230 4861 1339 4909 καὶ
1378 4855 1447 4909 ού
1506 4855 1679 4930 λήψῃ
1720 4843 1804 4909 δι¹

190 4941 384 4995 αὑτὸν
426 4943 767 5015 ἁμαρτίαν.
800 4946 868 4996 Τό
902 4941 950 4997 δ’
979 4942 1142 5005 οὓτως
1171 4942 1539 5006 ἐνδιαϐάλλων,
1565 4944 1623 4997 ού
1650 4950 1802 5017 μόνον

188 5030 301 5084 ἔστι
348 5040 444 5093 τῆς
474 5030 678 5092 ἐντολῆς
708 5031 1029 5106 ἀναιρετικὸν
1064 5050 1074 5061 ⁸
1136 5031 1263 5084 ἀλλά
1307 5035 1406 5105 γὰρ
1443 5038 1529 5085 καὶ
1572 5042 1641 5104 τῷ
1693 5034 1801 5087 ὀνό-

186 5140 317 5194 ματι
358 5128 452 5183 τῆς
501 5118 754 5183 διαϐολῆς
806 5122 958 5184 αὐτὸς
1018 5121 1198 5175 ἑαυτὸν
1252 5122 1395 5185 ἄξιον
1450 5122 1801 5194 ὀνομάζεσθαι

188 5207 505 5281 ἀποφαίνει·
569 5210 630 5262 οὖ
686 5214 737 5262 τί
781 5217 958 5281 χεῖρον
1019 5207 1113 5263 εἶεν
1173 5214 1221 5263 ἑν
1274 5211 1597 5285 ἀνθρώποις;
1664 5212 1797 5266 Ἀλλ’

188 5300 275 5352 ἰπὶ
337 5302 429 5357 τὴν
486 5299 729 5371 ἔγκλησιν
776 5300 801 5352 6
852 5299 1019 5371 λόγος.
1081 5307 1433 5367 Θεοποιείται,
1494 5305 1643 5373 φησὶ,
1705 5306 1799 5359 τὴν

265 5426 307 5459 ³1
346 5425 392 5478 ll
415 5426 613 5481 Thess.
650 5443 684 5493 ι,
719 5427 742 5480 1
782 5441 953 5499 seqq.
1032 5430 1073 5461 ³³
1105 5428 1126 5481 ι
1158 5427 1289 5484 Cor.
1322 5444 1403 5493 vn,
1440 5430 1522 5484 t4.

1602 5431 1648 5463 ³⁸
1672 5426 1874 5483 Matth.
1916 5442 2016 5492 ιιι,
2042 5430 2126 5483 36.

1913 4681 2172 4732 erratum
2202 4676 2368 4741 foret,
2393 4680 2664 4730 amanter
2698 4674 3086 4739 admoneant,
3114 4675 3286 4743 juxta
3308 4672 3367 4726 id
3398 4671 3561 4743 quod

1915 4765 2202 4835 scriptum
2217 4770 2336 4821 est:
2357 4764 2599 4820 Publice
2610 4778 2826 4833 argues
2840 4763 3179 4832 proximum
3196 4769 3361 4817 tuum
3376 4765 3562 4816 etnon

1913 4854 2150 4910 habebis
2177 4869 2359 4925 super
2388 4854 2494 4909 ι’ίιο
2521 4856 2830 4924 peccatum
2883 4853 2950 4906 3‘.
2984 4852 3092 4917 Qui
3125 4851 3209 4905 sic
3241 4849 3562 4905 calumnia-

1914 4947 2026 5007 tur,
2058 4959 2179 4998 non
2206 4942 2388 4999 modo
2422 4948 2783 5014 preeceptum
2819 4940 2964 4997 tollit
3016 4939 3091 4995 de
3119 4938 3336 4999 medio,
3371 4937 3475 4992 sed
3506 4941 3564 4992 et

1910 5032 2039 5102 ipse
2069 5031 2321 5101 dignum
2348 5047 2408 5086 se
2431 5030 2811 5103 ostenditqui
2835 5028 3282 5084 calumnatioris
3315 5025 3557 5081 nomine

1913 5119 2246 5192 appelletur
2267 5138 2279 5173 :
2299 5137 2420 5192 quo
2436 5119 2584 5192 quid
2604 5120 2773 5191 pejus
2803 5118 2952 5173 inter
2969 5116 3242 5173 homines
3272 5132 3404 5171 esse
3424 5131 3559 5187 pos-

1914 5210 2027 5264 sit?
2061 5212 2267 5265 Verum
2302 5210 2380 5264 ad
2410 5209 2855 5265 accusationem
2877 5207 3074 5261 veniat
3104 5206 3315 5261 oratio.
3348 5205 3559 5270 Deum,

1911 5298 2489 5371 inquit,facitChristi
2508 5297 3319 5369 imaginem.Nequaquam,o
3335 5293 3530 5351 charis
3544 5322 3559 5334 -

2205 5426 2252 5461 3‘
2282 5426 2458 5481 Levit.
2492 5440 2611 5490 xxx,
2641 5426 2728 5480 17.

1756 5532 1983 5590 NOTAE.

269 5620 382 5692 (53)
424 5623 484 5676 ln
519 5621 651 5678 cod.
680 5623 820 5693 Reg.
846 5621 954 5695 ρμ’.

1995 5620 2059 5691 (')
2086 5619 2448 5691 Dogmatica.
