4036 6276
494 325 627 380 1503

1734 325 1793 380 S.
1836 323 2199 380 THEODORI
2237 322 2566 379 STUDITAE

3700 326 3839 381 1504

490 448 659 517 sime,
693 450 808 506 hoc
860 450 917 505 in
950 450 1201 522 epistola
1248 466 1404 517 mea,
1447 450 1551 506 sed
1589 450 1750 522 quod
1805 450 1974 506 [atria
2014 448 2127 505 coli

2240 455 2471 523 Χριστοῦ
2506 448 2694 503 εἰκόνα.
2756 448 2989 502 Οὐτίπου
3036 454 3205 513 τοῦτο,
3242 446 3281 501 ὦ
3334 452 3635 524 τριπόθητε,
3682 451 3731 503 ἐν
3768 459 3835 524 τῇ

490 555 611 595 non
634 540 808 595 debet
858 540 1059 612 imago
1109 540 1339 606 Christi,
1386 540 1771 595 idolatrarum
1824 540 1980 595 enim
2032 539 2128 594 hic

488 634 572 685 est
598 646 832 694 sensus,
868 628 1161 701 siquidem
1194 629 1256 684 id
1288 629 1399 685 soli
1432 637 1649 685 sanctae
1679 629 1938 684 Trinitati
1970 628 2128 684 defe-

486 718 761 774 rendum.
795 721 856 773 Et
876 718 1039 791 quod
1065 718 1123 773 in
1143 724 1348 774 sancta
1376 719 1637 787 imagine
1654 718 1940 774 adoratus
1972 718 2126 774 Chri-

488 812 633 863 stus.
666 807 838 863 latria
870 807 1098 863 colatur
1150 825 1286 863 cum
1335 811 1499 864 Patre
1552 814 1607 863 et
1639 808 1889 880 Spiritu;
1925 808 2126 876 imago

485 900 685 952 autem
729 896 934 952 Christi
967 897 1280 953 adoranda
1335 897 1408 952 sit
1436 897 1788 953 adoratioue
1845 896 2123 964 relativa;

484 990 539 1041 et
565 986 727 1058 quod
756 986 911 1041 hanc
937 987 1271 1050 adorantes,
1307 987 1603 1043 Christum
1631 986 1972 1052 adoremus,
2005 1002 2128 1041 non

484 1075 831 1131 distinctum
860 1076 1193 1131 secundum
1214 1076 1615 1148 hypostasim,
1650 1076 1753 1131 sed
1784 1076 2131 1147 discrepan-

485 1176 605 1220 tem
632 1164 965 1219 secundum
998 1164 1288 1219 rationem
1320 1165 1609 1230 essentiae,
1644 1165 1808 1236 quod
1833 1169 1890 1221 et
1920 1180 2128 1220 verum

484 1257 592 1308 est.
622 1253 1025 1325 Archetypum
1048 1255 1205 1308 enim
1260 1252 1450 1309 elucet
1478 1254 1535 1308 in
1586 1253 1870 1323 imagine,
1904 1261 1960 1310 et
1985 1254 2128 1309 alte-

483 1356 617 1397 rum
643 1342 702 1396 in
734 1342 938 1407 altero,
963 1342 1294 1397 secundum
1321 1343 1590 1398 essentiaa
1621 1341 2040 1409 differentiam,
2069 1347 2131 1400 ut

490 1432 570 1487 ait
596 1431 1075 1502 sapientissimus
1103 1432 1436 1504 Dionysius.

551 1612 635 1676 Qu
649 1626 684 1665 ο
708 1611 883 1681 igitur
898 1615 1096 1682 pacto,
1126 1626 1261 1665 cum
1281 1609 1527 1681 epistola
1546 1609 1627 1664 sic
1648 1609 1887 1674 habeat,
1912 1609 2136 1665 calum-

486 1701 684 1756 niatur
714 1700 1110 1765 adversarius,
1151 1705 1208 1755 et
1239 1701 1501 1770 seipsum
1538 1700 1758 1755 sanctis
1790 1701 2134 1772 oppositum

485 1789 779 1845 ostendit?
798 1790 910 1846 Sed
951 1790 1097 1861 quid
1124 1805 1262 1845 eum
1282 1788 1428 1844 velle
1446 1804 1760 1844 censemus
1789 1789 1816 1845 ?
1838 1804 1912 1843 an
1930 1795 2133 1853 utnos,

484 1894 621 1934 cum
636 1878 958 1948 imaginem
971 1878 1180 1933 Christi
1198 1878 1542 1943 adoramus,
1569 1876 1747 1931 aliam
1762 1877 2134 1949 hypostasim

485 1967 736 2023 adorare
761 1967 1155 2023 conﬁteamur
1179 1968 1206 2022 ?
1238 1969 1280 2023 Ο
1315 1966 1755 2022 absurditatem
1791 1966 1802 2022 l
1839 1966 1950 2021 hoc
1976 1966 2136 2022 enim

483 2062 572 2112 est
620 2071 690 2111 ea
743 2072 877 2128 quae
931 2062 1070 2112 sunt
1116 2056 1393 2120 indivisa,
1426 2055 1716 2110 dividere.
1769 2060 1835 2109 At
1866 2056 1978 2111 hoc
2008 2055 2134 2113 ﬁeri

486 2160 609 2201 non
636 2150 868 2217 potest:
926 2160 1122 2218 neque
1179 2145 1497 2216 imperium
1552 2145 1777 2216 quippe
1823 2144 2129 2210 scinditur,

486 2250 678 2306 neque
709 2234 896 2303 gloria
926 2234 1227 2301 dividitur,
1261 2239 1325 2289 ut
1352 2250 1591 2289 rursum
1643 2233 1725 2289 ait
1757 2248 2012 2302 magnus
2034 2236 2135 2289 Ba-

483 2323 669 2379 silius.
696 2324 889 2388 Quare
916 2324 1167 2379 adorata
1197 2325 1475 2394 imagine,
1533 2323 1817 2378 adoratur
1847 2324 2129 2392 Christus,

481 2414 652 2484 cujus
683 2417 775 2469 est
804 2418 860 2468 et
891 2412 1213 2468 similitudo
1239 2429 1250 2468 :
1286 2428 1408 2468 non
1460 2419 1662 2469 autem
1720 2415 1967 2471 materia
1995 2430 2131 2486 qua:

490 2501 939 2558 similitudinem
964 2502 1184 2573 recepit
1206 2518 1218 2556 :
1238 2502 1756 2574 quemadmodum
1780 2509 1833 2561 et
1853 2505 1911 2559 in
1934 2503 2130 2574 efﬁgie

479 2592 672 2647 crucis
700 2591 1055 2647 ostenditur.
1119 2592 1226 2657 Qui
1288 2592 1447 2648 enim
1507 2594 1817 2649 materiam
1867 2598 2035 2665 putat
2068 2608 2130 2647 se

481 2681 754 2749 adorare,
790 2696 938 2752 puer
968 2686 1073 2746 est,
1101 2686 1156 2735 et
1181 2680 1428 2736 rationis
1463 2697 1688 2752 expers.
1727 2686 1928 2755 Neque
1953 2683 2131 2753 igitur

482 2770 751 2834 materia,
771 2769 827 2823 in
856 2785 978 2841 qua
1007 2777 1114 2838 est,
1148 2770 1373 2839 imago,
1397 2772 1720 2837 adoratur;
1752 2787 1946 2843 neque
1990 2771 2127 2836 alia,

480 2864 692 2930 praeter
717 2874 852 2913 eam
886 2858 1057 2928 cujus
1083 2859 1286 2927 imago
1307 2874 1588 2930 expressa
1620 2867 1727 2926 est,
1758 2860 2128 2932 hypostasis.

484 2950 591 3003 Par
648 2948 808 3003 enim
842 2947 900 3001 in
936 2947 1200 3018 utrisque
1246 2954 1334 3002 est
1357 2949 1573 3003 erroris
1628 2948 1927 3020 impietas.
1986 2952 2133 3004 Pro-

482 3040 685 3108 pterea
706 3036 906 3107 itaque
959 3041 1016 3091 et
1045 3034 1269 3106 eﬂ‘lgies
1297 3038 1509 3108 crucis,
1564 3053 1709 3093 crux
1763 3038 2131 3111 appellatur;

480 3131 534 3183 et
561 3126 763 3194 imago
824 3124 1056 3190 Christi,
1119 3125 1382 3180 Christus
1425 3126 1663 3197 dicitur,
1706 3142 1826 3183 non
1853 3129 2130 3200 proprias,
2171 3147 2212 3203 ρ

478 3214 584 3270 sed
616 3230 722 3286 per
748 3213 1161 3269 catachresim.
1198 3214 1253 3270 Si
1284 3230 1426 3284 ergo
1460 3216 1639 3271 nobis
1672 3216 1785 3271 hoc
1819 3232 2133 3289 persuase-

478 3304 779 3369 rit,crucis
810 3303 1064 3374 efﬁgiem
1114 3319 1352 3359 crucem
1372 3320 1491 3359 non
1527 3304 1839 3377 appellari,
1883 3322 2136 3377 persua-

480 3393 641 3449 debit
672 3392 849 3448 etiam
881 3392 1052 3448 nobis
1084 3392 1411 3462 imaginem
1443 3393 1657 3450 Christi
1681 3394 1977 3450 Christum
2010 3410 2132 3451 non

484 3481 790 3553 appellari.
822 3483 884 3536 Et
911 3498 1137 3547 rursus,
1173 3483 1216 3536 si
1247 3483 1302 3537 in
1339 3482 1556 3554 primo,
1583 3498 1701 3539 non
1728 3484 1983 3539 adorant
2005 3500 2132 3539 cru-

416 3580 417 3583 ‘
482 3568 1281 3641 cem,quiadorantefﬁgiem
1302 3587 1315 3637 ;
1340 3586 1468 3635 nec,
1486 3571 1543 3625 in
1577 3572 1861 3637 secundo,
1878 3572 2130 3627 adorare

483 3659 799 3727 Christum,
858 3658 960 3729 qui
1012 3657 1216 3714 Christi
1270 3659 1525 3714 adorant
1576 3661 1924 3729 imaginem.
1958 3661 2132 3732 Atqui

480 3747 742 3820 primum
770 3762 975 3802 verum
1000 3752 1107 3812 est,
1138 3748 1302 3818 quod
1334 3748 1576 3819 propria
1604 3749 1795 3804 crucis
1825 3748 2049 3820 efﬁgies
2073 3756 2131 3805 et

479 3842 861 3907 nuncupatur
913 3852 1073 3899 crux,
1126 3842 1182 3890 et
1229 3835 1529 3891 adoratur.
1584 3839 1799 3893 Verum
1852 3837 2027 3909 igitur
2074 3836 2129 3892 et

480 3923 833 3989 secundum,
869 3940 990 3996 quo
1041 3928 1096 3979 et
1148 3924 1407 3981 Christus
1460 3924 1695 3991 dicitur,
1726 3931 1780 3980 et
1821 3927 2126 3994 aduratur,

481 4013 721 4085 propria
742 4013 869 4083 ejus
900 4013 1138 4082 imago;
1173 4018 1227 4069 et
1254 4014 1558 4069 incassum
1614 4015 1815 4069 inania
1856 4014 2123 4081 blaterat,

480 4102 583 4174 qui
612 4102 748 4158 novi
770 4102 1087 4175 quidpiam
1112 4110 1323 4174 praeter
1350 4102 1477 4159 haec
1509 4103 1682 4159 sentit
1712 4108 1813 4158 aut
1843 4104 2125 4175 loquitur.

480 4191 613 4246 Haac
646 4190 872 4262 scripsi,
908 4194 1122 4261 partim
1155 4191 1397 4263 quidem
1434 4199 1493 4246 ut
1521 4198 1685 4247 extra
1726 4193 1965 4264 culpam
2000 4209 2128 4249 esse

482 4296 577 4335 me
602 4280 960 4351 probarem;
989 4279 1200 4351 partim
1222 4281 1395 4335 etiam
1412 4282 1841 4337 amantissime
1865 4282 2128 4337 eminen-

482 4369 577 4423 tiae
610 4374 722 4423 tuae
756 4369 1046 4424 rationem
1096 4369 1327 4427 habens
1353 4386 1365 4436 ;
1395 4374 1459 4425 ut
1503 4370 1682 4426 ﬁdem
1730 4372 2127 4427 orthodoxam

486 4456 900 4530 amplectatur,
925 4473 1034 4513 nec
1054 4456 1292 4514 alterius
1314 4457 1600 4514 doctrinae
1630 4460 2006 4515 sermonibus
2027 4461 2129 4516 ab-

481 4546 753 4602 ducatur.

761 4670 970 4727 CLXII.
1015 4700 1067 4713 -
1116 4672 1416 4728 Theodoro
1450 4673 1739 4729 monacho
1766 4673 1851 4744 (').

1215 4770 1288 4819 De
1322 4770 1547 4820 diversis
1579 4771 1942 4834 argumentis:
1974 4775 2134 4836 atque

555 4858 772 4929 Accepi
790 4858 1106 4929 epistolam
1126 4862 1465 4915 reverentiae
1490 4867 1623 4926 tuas,
1650 4876 1786 4931 qua:
1819 4860 1905 4915 sic
1927 4861 2129 4916 inscri-

492 4955 594 5019 pta
618 4953 764 5011 erat,
788 4947 1061 5018 Epistola
1091 4948 1394 5018 encyclica
1422 4948 1691 5003 videlicet
1724 4949 2124 5005 medicinalis:

492 5035 813 5107 statimque
845 5036 922 5091 ab
950 5036 1115 5091 initio
1138 5036 1438 5107 obstupui,
1489 5036 1684 5093 frater.
1711 5039 1961 5093 Ulterius
1990 5054 2129 5093 vero

486 5140 859 5195 progressus.
905 5132 1100 5180 mente
1134 5126 1572 5196 propemodum
1608 5126 1819 5191 excidi,
1849 5143 1957 5182 nec
1984 5127 2129 5199 quid

489 5212 818 5268 edisseram
847 5212 1103 5277 habens,
1158 5228 1267 5268 nec
1308 5214 1449 5281 quid
1499 5216 1547 5269 ei
1579 5230 1759 5285 quem
1792 5215 1963 5271 valde
1991 5231 2130 5271 amo

488 5302 909 5374 respondeam.
935 5305 1133 5374 Neque
1152 5307 1212 5355 tu
1236 5303 1489 5370 graviter
1511 5302 1683 5367 feras,
1699 5304 1802 5359 etsi
1827 5306 2132 5374 asperiora

488 5389 804 5446 videantur
823 5406 959 5462 quae
978 5406 1114 5445 sum
1136 5390 1403 5447 dicturus
1427 5406 1440 5447 :
1474 5407 1613 5448 cum
1641 5407 1940 5463 nequeam
1963 5391 2132 5450 aliter

2162 4502 2208 4557 D

2235 536 2482 609 ἱπιστολῇ
2512 558 2612 610 μου
2647 554 2661 569 ⁸
2720 537 2827 590 ἀλλ’
2855 538 2934 590 ὃτι
2960 545 3022 610 τῇ
3074 545 3309 612 Χριστοῦ
3340 540 3494 593 εἰκόνι
3540 542 3596 593 ού
3626 540 3841 615 λατρευ-

2235 631 2345 679 τίον
2377 643 2394 661 ο
2447 623 2840 701 εἰδωλολατρίας
2868 630 2969 702 γὰρ
3024 632 3263 702 φρόνημα
3316 636 3468 681 τοῦτο
3501 646 3515 660 ⁶
3574 636 3705 703 μόνη
3733 633 3838 705 γὰρ

2236 724 2297 789 τῇ
2341 716 2468 788 ἁγίᾳ
2510 712 2704 788 Τριάδι
2761 724 2913 768 τοῦτο
2972 715 3260 772 ἀναθετέον.
3320 723 3421 771 Καὶ
3465 718 3546 771 ὃτι
3591 721 3617 771 6
3666 718 3714 771 ἕν
3770 728 3836 792 τῇ

2237 805 2361 877 ἁγίᾳ
2415 806 2569 858 εἰκόνι
2612 805 2771 879 [cod.
2821 808 2961 875 Reg.
3006 806 3192 881 οἰκείᾳ]
3235 810 3677 882 προσκυνούμενος
3711 817 3842 883 Χρι-

2238 898 2377 959 στός,
2430 894 2731 968 λατρεύεται
2781 898 2875 947 σὺν
2927 901 3214 968 Πατρὶκαί
3269 899 3573 969 Πνεύματι·
3632 903 3725 956 τὴν
3780 895 3840 952 δι

2237 991 2469 1057 Χριστοῦ
2523 983 2693 1036 εἰκόνα
2747 988 3133 1055 προσκυνητίον
3189 994 3409 1058 σχετικῇ
3459 992 3836 1060 προσκυνήσει,

2235 1077 2325 1124 καὶ
2374 1072 2455 1124 ὃτι
2510 1076 2705 1131 ταύτην
2758 1080 3188 1147 προσκυνοῦντες,
3239 1078 3326 1126 τόν
3384 1078 3612 1149 Χριστόν
3677 1094 3840 1149 προσ-

2235 1168 2507 1232 κυνοῦμεν,
2576 1161 2633 1213 οὐ
2710 1158 3073 1236 διαιρούμενον
3145 1166 3280 1215 κατὰ
3356 1168 3451 1221 τὴν
3522 1164 3836 1230 ὑπόστασιν,

2239 1250 2365 1302 ἀλλὰ
2425 1248 2828 1322 διαφορούμενον
2898 1253 3034 1303 κατὰ
3098 1255 3182 1303 τόν
3242 1261 3337 1315 τῆς
3396 1252 3578 1313 ούσίας
3638 1253 3789 1325 λόγον
3814 1271 3829 1284 ο

2239 1340 2360 1411 ὅπερ
2413 1346 2503 1392 καὶ
2578 1338 2780 1400 ἀληθές.
2833 1343 2903 1393 T6
2975 1342 3074 1412 γὰρ
3152 1338 3461 1415 ἀρχέτυπον
3534 1344 3581 1394 ἰν
3660 1350 3721 1415 τῇ
3782 1342 3826 1395 εἰ

2239 1432 2350 1481 κόνι
2392 1426 2713 1500 ἰκφαίνεται·
2767 1433 2856 1480 καὶ
2908 1427 3144 1500 ἑκάτερον
3197 1427 3245 1481 ἓν
3299 1428 3545 1504 ἐκατέρῳ,
3598 1431 3733 1483 κατὰ
3779 1434 3839 1483 τό

2240 1526 2337 1579 τῆς
2359 1516 2545 1577 οὐσίας
2576 1513 2843 1591 διάφορον,
2874 1519 2943 1579 ὦς
2996 1537 3154 1589 φησιν
3186 1519 3212 1570 6
3237 1520 3503 1591 πάνσοφος
3533 1522 3829 1583 Διονύσιος.

2315 1611 2432 1666 Πῶς
2462 1601 2568 1669 οὖν,
2598 1606 2761 1667 οὕτως
2813 1606 3049 1678 ἐχούσης
3086 1614 3181 1669 τῆς
3227 1606 3525 1672 ἐπιστολῆς,
3566 1607 3844 1661 ἐνδιαϐάλ-

2241 1692 2317 1747 λει
2348 1695 2374 1746 6
2405 1690 2439 1746 δ
2446 1694 2479 1746 ι’
2509 1693 2758 1763 ἐναντίας,
2810 1700 2895 1748 καὶ
2929 1692 3299 1749 ἀποδείκνυσιν
3348 1698 3523 1750 ἑαυτὸν
3581 1697 3844 1751 ἀντίθετον

2176 1799 2216 1854 Β
2242 1790 2352 1845 τοῖς
2380 1783 2554 1855 ἁγίοις
2580 1801 2594 1851 ;
2649 1783 2805 1836 Ἀλλὰ
2833 1789 2882 1837 τί
2935 1782 3176 1858 βούλοιτο
3202 1803 3215 1852 ;
3256 1794 3676 1859 προσκυνοῦντας
3705 1789 3845 1859 ἡμᾶς

2245 1876 2338 1929 τὴν
2380 1879 2472 1924 τοῦ
2506 1880 2740 1946 Χριστοῦ
2780 1872 2969 1936 εἰκόνα,
3019 1874 3283 1947 ὁμολογεῖν
3328 1883 3637 1948 προσκυνεῖν
3683 1876 3845 1935 ἄλλην

2244 1960 2573 2028 ύπόστασιν;
2633 1968 2729 2015 (Im)
2786 1970 2881 2024 τῆς
2936 1961 3187 2024 ἁτοπίαςὶ
3248 1971 3401 2017 τοῦτο
3457 1967 3560 2037 γὰρ
3613 1969 3846 2039 μερίζειν

2244 2048 2357 2103 ἰστὶ
2386 2052 2448 2103 τὰ
2495 2049 2769 2123 ἀμέριστα,
2821 2049 2929 2103 ἀλλ’
2958 2052 3052 2103 οῦκ
3092 2048 3388 2125 ἐνδέχεται.
3440 2058 3572 2107 Οὔτε
3625 2056 3726 2129 γὰρ
3783 2058 3844 2107 τό

2242 2142 2432 2212 κράτος
2470 2143 2740 2212 σχίζεται,
2799 2144 2915 2193 οὔτε
2958 2142 2987 2199 ἠ
3052 2138 3183 2204 δόξα
3234 2143 3519 2214 μερίζεται,
3575 2147 3639 2205 ὡς
3694 2140 3847 2205 αὖθίς

2242 2248 2400 2301 φησιν
2467 2230 2492 2280 6
2549 2233 2710 2300 μέγας
2764 2228 3043 2290 Βασίλειος.
3102 2234 3189 2283 Διό
3243 2237 3333 2283 καὶ
3390 2238 3847 2307 προσκυνουμένης

2239 2327 2330 2380 τῆς
2387 2318 2601 2385 εἰκόνος,
2658 2319 2684 2369 6
2737 2322 2969 2390 Χριστὸς
3013 2328 3403 2393 προσκυνεῖται,
3466 2322 3527 2374 οὗ
3583 2325 3697 2375 ἔστι
3754 2327 3847 2375 καί

2239 2410 2486 2477 ὁμοιότης
2515 2424 2527 2437 '
2562 2411 2651 2459 καὶ
2680 2406 2809 2478 ούχί
2839 2409 2869 2465 ἡ
2900 2404 3259 2481 ὑποδεξαμένη
3282 2409 3377 2469 ύλη
3407 2416 3501 2469 τὴν
3532 2413 3844 2483 ὁμοιότητα,

2240 2500 2308 2559 ὡς
2332 2502 2419 2549 καὶ
2450 2496 2532 2548 ἰπὶ
2584 2504 2673 2548 τοῦ
2699 2499 2865 2548 τύπου
2918 2504 3008 2549 τοῦ
3076 2506 3307 2571 σταυροῦ
3338 2496 3722 2555 διαδείκνυται.
3778 2501 3845 2555 ιΟ

2237 2589 2337 2659 γὰρ
2414 2590 2506 2643 τὴν
2553 2585 2677 2643 ὓλην
2759 2582 2927 2637 δοκῶν
2974 2595 3304 2658 προσκυνεῖν,
3349 2595 3548 2653 νήπιος,
3632 2591 3844 2662 ἄλογος.

2241 2678 2374 2727 Οὔτε
2399 2671 2485 2727 οὖν
2532 2676 2562 2732 ἡ
2598 2673 2716 2738 ῦλη,
2775 2672 2846 2745 ἰφ⁹
2988 2677 3017 2733 ἡ
3075 2676 3245 2742 εἰκὼν,
3305 2687 3697 2751 προσκυνεῖται,
3727 2685 3847 2734 οὒτε

2240 2767 2383 2835 παρὰ
2432 2768 2525 2822 τὴν
2572 2770 2663 2815 τοῦ
2725 2763 3123 2835 εἰκονιζομίνου,
3179 2766 3305 2824 ἄλλη
3360 2769 3673 2829 ὑπόστασις.
3730 2770 3843 2822 Ἐπῗ

2242 2851 2548 2926 ἀμφοτέροις
2571 2854 2670 2925 γὰρ
2723 2851 2909 2914 ἐπίσης
2958 2854 2988 2911 ἠ
3016 2860 3325 2928 παρατροπὴ
3364 2859 3422 2908 τό
3467 2854 3643 2917 ἁσεςες
3696 2859 3834 2928 ἔχει,

2240 2948 2526 3015 Τοιγαροῦν
2559 2939 2653 2994 διὰ
2699 2949 2850 2993 τοῦτο
2874 2946 2961 2993 καὶ
2990 2943 3016 2993 6
3061 2946 3225 3004 τύπος
3261 2952 3353 2997 τοῦ
3406 2953 3638 3020 σταυροῦ
3679 2964 3843 2997 σταυ-

2240 3033 2332 3104 ρὸς
2408 3034 2630 3102 εἴρηται,
2688 3033 2778 3082 καὶ
2836 3031 2867 3087 ἡ
2923 3030 3070 3082 εἰκὼν
3149 3040 3241 3085 τοῦ
3307 3040 3544 3106 Χριστοῦ
3615 3036 3839 3109 Χριστός

2242 3122 2491 3189 εἶρηται’
2545 3120 2602 3171 ού
2659 3120 2869 3193 κυρίως,
2930 3116 3062 3171 ἀλλὰ
3108 3123 3242 3173 κατά
3294 3123 3657 3197 κατάχρησιν.
3723 3122 3839 3175 Ἐὰν

2242 3204 2329 3260 οὖν
2380 3216 2530 3261 τοῦτο
2576 3210 2713 3280 ἡμᾶς
2766 3210 2922 3278 πείσῃ
2979 3212 3051 3279 μὴ
3110 3213 3199 3262 τόν
3252 3212 3410 3263 τύπον
3465 3219 3557 3263 τοῦ
3611 3216 3843 3283 σταυροῦ

2243 3300 2465 3372 σταυρόν
2507 3297 2797 3370 ὀνομάζειν,
2849 3305 3068 3352 πείσειεν
3120 3301 3254 3371 ἡμᾶς
3342 3304 3472 3372 μήτε
3528 3304 3624 3359 τὴν
3673 3300 3846 3353 εἰκόνα

2239 3394 2329 3439 τοῦ
2395 3396 2630 3462 Χριστοῦ
2687 3394 2917 3465 Χριστόν
2966 3390 3257 3461 ὀνομάζειν.
3317 3394 3437 3456 Καὶ,
3507 3388 3590 3442 ἰὰν
3653 3392 3703 3442 ἐν
3769 3396 3844 3459 τῷ

2237 3482 2424 3550 πρώτῳ
2471 3480 2529 3528 τό
2576 3482 2647 3549 μὴ
2702 3486 3009 3553 προσκυνεῖν
3058 3482 3143 3530 τόν
3201 3480 3444 3552 σταυρόν,
3488 3485 3843 3548 προσκυνοῦν-

2238 3585 2330 3627 τας
2359 3570 2445 3617 τόν
2489 3568 2666 3630 τύπον,
2714 3564 2853 3640 μηδὲ
2880 3569 2928 3619 ἐν
2959 3576 3029 3638 τῷ
3062 3563 3287 3642 δευτέρῳ
3345 3575 3653 3638 προσκυνεῖν
3702 3575 3833 3641 Χρι-

3685 3656 3845 3712 Ἀλλὰ

2234 3748 2336 3815 μὴν
2363 3746 2419 3796 τό
2450 3753 2651 3817 πρῶτον
2700 3744 2908 3811 ἄληθες,
2958 3748 3039 3798 ὅτι
3072 3749 3296 3819 σταυρὸς
3331 3751 3419 3798 καὶ
3475 3745 3706 3799 λε”λεκται
3749 3753 3837 3800 καὶ

2238 3658 2377 3719 στόν,
2456 3664 2873 3730 προσκυνοῦντας
2944 3661 3036 3715 τὴν
3120 3664 3355 3728 Χριστοῦ
3406 3656 3594 3709 εἰκόνα.

2233 3837 2649 3905 προσκυνεῖταιό
2705 3836 2887 3897 οἰκεῖος
2946 3835 3103 3887 αύτοῦ
3163 3838 3343 3895 τύπος,
3397 3835 3598 3887 Οὐκοῦν
3654 3840 3841 3891 καὶτὸ

2237 3918 2474 3997 δεύτερον
2506 3922 2709 3994 ἀληθὲς,
2763 3926 2845 3978 ὃτι
2883 3929 3108 3998 Χριστὸς
3140 3929 3227 3976 καὶ
3276 3924 3507 3977 λέλεκται
3554 3930 3642 3977 καὶ
3672 3945 3840 3999 προσ-

2233 4019 2461 4063 κυνεῖται
2491 4015 2519 4070 ἠ
2574 4014 2738 4066 οἰκεία
2790 4013 2950 4066 αὐτοῦ
2987 4014 3135 4066 εἰκών
3168 4030 3180 4043 ο
3242 4018 3332 4065 καὶ
3375 4015 3541 4084 μάτην
3594 4014 3843 4067 εἰκαιο).ο-

2232 4108 2312 4171 γεῖ
2370 4103 2395 4153 6
2450 4106 2591 4174 παρὰ
2634 4111 2797 4155 ταῦτα
2849 4108 3143 4174 καινότερον
3199 4122 3250 4154 τι
3310 4111 3505 4175 φρονῶν
3568 4104 3597 4162 ἦ
3656 4102 3837 4175 λέγων.

2232 4196 2408 4242 Ταῦτα
2491 4196 2746 4267 γέγραφα,
2843 4195 2972 4264 ὁμοῦ
3025 4196 3114 4264 μεν
3187 4191 3368 4244 ἑαυτὸν
3476 4191 3571 4255 ἔξω

2234 4282 2433 4341 τιθείς·
2503 4282 2632 4351 ὁμοῦ
2699 4276 2756 4333 δε
2844 4286 2933 4333 καὶ
2990 4289 3084 4341 τῆς
3149 4288 3245 4343 σῆς
3341 4278 3635 4353 φειδόμενος
3713 4280 3841 4353 ἁγα-

2236 4377 2459 4429 πητικῆς
2510 4370 2773 4444 ὑπεροχῆς
2824 4390 2837 4404 ο
2904 4369 2971 4431 εἰς
3038 4372 3094 4422 τό
3163 4368 3548 4422 ἀντιποιεῖσθαι
3621 4368 3839 4445 ὀρθοδό-

2239 4458 2326 4520 ξου
2355 4464 2596 4522 πίστεως,
2629 4464 2718 4512 καὶ
2762 4463 2832 4530 μὴ
2864 4460 3263 4533 παρασύρεσθαι
3316 4458 3490 4530 λόγοις
3539 4457 3837 4532 ἑτεροδιδα-

3670 4192 3840 4256 αἰτίας

2243 4548 2431 4600 σκαλία
2440 4568 2479 4608 ς.

2471 4673 2602 4727 ΡΞΒ¹
2630 4674 2763 4743 (54).
2794 4670 3195 4748 -Θεοδώρω
3234 4674 3603 4745 μονάζοντι.

2170 4772 2223 4822 in
2256 4773 2381 4829 fine,
2414 4772 2479 4820 de
2507 4773 2708 4821 sanctis
2742 4771 3092 4835 imaginibus.

2310 4858 2598 4933 Ἐδεξάμην
2629 4866 2721 4919 τὴν
2776 4859 3049 4920 ἐπιστολὴν
3075 4868 3169 4924 τῆς
3225 4864 3527 4933 τιμιότητος
3574 4879 3671 4913 σου
3728 4860 3844 4915 ἔπι-

2237 4951 2559 5022 γράφουσαν,
2594 4952 2692 5021 Ἐγ
2711 4950 2973 5012 κύκλιος
3036 4950 3363 5015 ἐπιστολὴ,
3398 4951 3516 5009 ἢτοι
3542 4951 3843 5023 θεραπευτι-

2238 5058 2325 5096 κη.
2364 5044 2461 5091 Καὶ
2498 5039 2650 5100 εὐθὺς
2679 5039 2778 5091 ἀπὸ
2834 5035 3083 5112 βαλϐίδος
3140 5038 3370 5103 ἐξέστην,
3402 5036 3589 5111 ἁδελφέ
3616 5056 3628 5069 ·
3691 5040 3842 5092 ἐπελ-

2242 5130 2339 5179 θὼν
2375 5124 2433 5179 δὲ
2458 5135 2566 5190 τοῖς
2611 5128 2808 5200 ἐφεξῆς,
2839 5136 3028 5202 μικροῦ
3088 5133 3176 5180 καὶ
3233 5132 3350 5188 τοὺς
3404 5128 3688 5201 λογισμοὺς
3739 5128 3845 5182 ἀπ·-

2240 5216 2425 5281 ώλεσα,
2447 5221 2517 5288 μὴ
2548 5220 2683 5289 ἔχων
2713 5219 2739 5270 ὃ
2768 5238 2820 5269 τι
2843 5215 3237 5289 διαλογίσομαι,
3273 5221 3301 5277 ἦ
3328 5222 3380 5270 τί
3410 5216 3843 5292 ἀποκριθήσομαι

2238 5313 2311 5374 τῷ
2358 5306 2695 5378 ἠγαπημένῳ.
2754 5311 2855 5359 Καί
2890 5326 2977 5377 μοι
3007 5309 3353 5379 μακροθύμως
3384 5309 3581 5367 οἶσειας
3610 5325 3623 5338 ·
3667 5306 3712 5359 εἰ
3751 5313 3843 5361 καὶ

2239 5398 2536 5470 τραχύτερα
2581 5399 2647 5448 τὰ
2693 5395 3094 5470 λεχθησόμεναο
3145 5396 3239 5450 οὐκ
3291 5398 3468 5469 ἔχοντι
3512 5404 3618 5459 πῶς
3671 5396 3841 5461 ἄλλως

2047 5506 2087 5559 Ν
2095 5502 2272 5561 ΟΤΑΞ.

560 5610 664 5679 (54)
706 5610 767 5665 In
799 5608 930 5665 cod.
965 5610 1102 5678 Reg.
1130 5608 1248 5683 μρϐ¹

2312 5610 2375 5681 (⁸)
2410 5608 2774 5681 Dogmatica.
