4036 6276
208 268 350 327 1505

1486 270 1823 327 EPISTOLA
1834 271 1989 328 RUM
2034 271 2170 331 LIB.
2214 272 2282 327 ΙΙ.

3428 276 3562 333 1506

204 398 270 449 τὰ
318 396 655 468 ἐνσκήψαντα
707 405 768 471 τῇ
828 406 1041 470 ταπεινῇ
1093 417 1193 470 μου
1247 394 1444 470 καρδίᾳ
1483 399 1615 451 κατά
1643 402 1702 451 τό
1734 398 1794 450 εὶ-

1915 414 1985 454 ea
2006 413 2141 469 quas
2165 397 2388 453 humile
2419 403 2690 455 nostrum
2715 404 2922 472 pectus
2945 404 3216 470 gravant,
3239 401 3560 457 commode

203 488 292 546 κὸς
325 484 764 559 έκφερομυθῆσαι,
820 493 905 539 καὶ
954 485 1232 558 ἀναγκαῖον
1291 487 1470 541 εἰπεῖν.
1538 486 1677 561 Ἀρα
1730 493 1801 559 μή

203 592 305 639 τις,
368 574 625 646 ἀγαπητὴ,
684 580 742 628 τό
804 579 895 628 σόν
945 580 1223 650 πρόσωπον
1270 573 1470 638 ὑποδύς
1504 575 1574 637 εἰς
1616 585 1808 629 τοσοῦ-

202 682 291 715 τον
368 664 821 738 έξετραχηλιάσθη
905 669 1054 736 ὄγκον
1122 671 1465 737 φρονήματος,
1529 668 1663 719 ὥστε
1728 669 1807 718 ἐν·

201 761 393 812 νοῆσαι
421 756 487 806 τὰ
526 756 803 827 ὑπερνεφῆ,
853 759 942 806 καὶ
986 750 1184 830 δρᾶσαι
1239 757 1307 807 τὰ
1360 757 1760 827 καταράσσοντα
1784 772 1801 821 ;

200 840 344 916 Ἄρα
385 846 458 915 μή
530 842 681 896 αὐτοὶ
752 845 904 916 ἡμεῖς
961 844 1057 906 ἔξω
1128 846 1250 896 ποτε
1300 852 1489 917 φρενῶν
1544 849 1805 916 γενόμενοι

200 927 425 983 παιδιάν
477 952 593 985 τινα
646 933 1010 1007 προειλόμεθα,
1073 934 1487 1005 συγγράφεσθαι,
1518 936 1567 985 έν
1597 933 1657 985 ού
1686 953 1805 985 παι-

198 1027 361 1086 κτοῖς,
409 1020 539 1074 ἀλλά
587 1026 678 1075 καὶ
723 1022 838 1074 λίαν
867 1021 1117 1095 χαλεποῖς
1159 1022 1495 1094 τολμήμασι;
1526 1028 1590 1075 Τί
1617 1022 1803 1094 λέγεις,

200 1106 239 1160 ὦ
298 1116 437 1181 τᾶν;
471 1110 668 1173 ἔξεστιν
716 1113 841 1184 ἡμῖν
897 1118 1009 1172 τοῖς
1048 1116 1119 1183 μή
1180 1131 1296 1164 τινα
1344 1111 1532 1184 κλῆρον
1587 1114 1802 1186 ἱερωσύ-

200 1219 295 1260 νης
321 1202 560 1271 ἔχουσιν,
596 1204 626 1258 ἤ
669 1205 823 1272 μόνον
853 1200 902 1252 ἐν
931 1207 1189 1272 μοναχοῖς
1236 1199 1463 1266 τελοῦσι,
1515 1197 1654 1272 δίχα
1700 1221 1803 1252 κιν-

201 1284 516 1350 δυνευοίσης
588 1287 852 1355 ἀληθείας,
909 1289 1171 1361 ἀρπαγμῷ
1250 1291 1511 1361 ἱερατικοῦ
1578 1289 1804 1361 ἀξιώμα-

199 1396 287 1440 τος
344 1378 610 1450 ἰγκύκλιον
671 1378 949 1437 επιστολὴν
997 1378 1254 1431 ἰντάττειν
1287 1396 1301 1408 ·
1332 1384 1419 1431 καὶ
1464 1381 1628 1451 ταύτῃ
1682 1399 1805 1430 κατ-

199 1466 574 1529 εξανίστασθαι
647 1477 918 1542 τεραρχῶν
991 1487 1046 1520 τε
1110 1473 1200 1520 καὶ
1279 1471 1578 1540 ιερωμένων,
1651 1486 1807 1540 μονα-

200 1564 337 1608 στῶν
386 1575 440 1609 τε
480 1561 571 1609 καὶ
608 1559 1013 1629 καθηγουμένων
1044 1572 1058 1587 ’
1089 1557 1149 1609 ού
1183 1561 1285 1628 μὴν
1328 1556 1456 1609 ἀλλὰ
1492 1562 1581 1609 καὶ
1617 1562 1807 1629 νόμους

200 1642 404 1706 ἰδικοὺς
456 1644 694 1699 ἀποίσειν
727 1645 781 1709 ἐξ
813 1643 1106 1722 ἰδιοκρίτου
1156 1643 1382 1720 καρδίας
1411 1668 1424 1679 ·
1459 1650 1590 1721 πρὸς
1619 1643 1677 1699 δὲ
1715 1652 1805 1699 καὶ

194 1732 380 1807 ὕϐρεσι
428 1739 518 1787 καὶ
577 1732 826 1801 ὀνείδεσι,
883 1740 1231 1809 κατακρίσεσι
1283 1754 1336 1787 τε
1391 1740 1480 1787 καὶ
1536 1734 1805 1809 ἀλλοτριώ-

196 1840 340 1876 σεσιν
394 1823 699 1877 ὑποϐάλλειν
755 1828 814 1876 τό
866 1824 978 1877 ὅλον
1034 1826 1294 1899 πλήρωμα
1351 1832 1446 1886 τῆς
1499 1824 1805 1896 ὁμολογητι-

192 1920 293 1974 κῆς
351 1909 746 1982 ἀδελφότητος;
817 1914 977 1967 Οὗτοί
1044 1916 1167 1986 γὰρ,
1236 1916 1305 1974 ὡς
1361 1918 1478 1986 φὴς,
1533 1913 1627 1965 κᾶν
1678 1914 1807 1985 οὐχὶ⁵

195 2003 387 2063 πάντες
432 2004 481 2054 οἱ
530 2011 624 2064 τῆς
674 2002 917 2065 ἀληθείας
979 2005 1363 2056 ὑπασπισταί·
1406 2022 1464 2055 το
1523 2010 1613 2063 τῆς
1654 2022 1807 2075 μετα-

196 2094 344 2152 νοίας
393 2092 813 2164 ὑποκρινόμενοι,
872 2091 926 2143 ὃν
960 2096 1152 2166 τρόπον
1184 2093 1233 2143 οἱ
1282 2100 1373 2152 τῆς
1423 2091 1648 2154 ἐναντίας
1692 2097 1804 2164 μοί-

185 2198 286 2254 ρας
336 2183 394 2232 τό
440 2187 532 2242 τῆς
588 2180 860 2242 εὐσεϐείας
914 2184 1076 2253 ὄνομα
1134 2177 1342 2250 ψευδῶς
1394 2178 1803 2253 ύποδυσάμενοι,

184 2268 242 2331 ἑξ
300 2272 422 2322 ’ίσου
484 2270 805 2341 παγχάλεπα
854 2274 949 2328 τὴν
994 2268 1236 2328 ἀλήθειαν
1267 2274 1350 2322 καὶ
1394 2274 1487 2329 τὴν
1533 2274 1805 2343 μετάνοιαν

184 2354 465 2422 διέθηκαν,
532 2355 717 2418 δεινοῖς
764 2359 1082 2420 κατακοντίζ
1097 2378 1235 2419 οντες
1294 2358 1486 2431 λόγοις,
1536 2365 1623 2413 καὶ
1679 2379 1802 2434 συρ-

183 2451 338 2521 φετὸν
399 2447 587 2502 ἀθλίων
637 2448 1024 2520 εἰσκομίζοντες
1074 2448 1338 2521 λογισμῶν
1372 2466 1384 2478 ’
1443 2446 1799 2521 διχοστασίας

184 2537 484 2609 έγείροντες,
566 2541 660 2594 τὴν
744 2536 1027 2610 ἀμώμητον
1092 2541 1275 2590 πίστιν
1331 2533 1654 2605 ἀδικοῦντες,
1710 2542 1817 2591 τὸν

183 2626 429 2679 ἁπάντων
486 2628 705 2698 ἡνίοχον
745 2632 835 2679 καὶ
864 2626 1161 2685 ἐπιστάτην
1204 2631 1293 2678 καὶ
1324 2624 1648 2699 δημιουργὸν
1687 2626 1795 2681 ἀτι-

179 2713 461 2786 μάζοντες,
518 2713 753 2776 ἀλλήλοις
826 2715 1104 2788 ἐρίζοντες,
1173 2714 1456 2787 λημμάτων
1512 2719 1791 2789 ἡττώμενοι

178 2808 381 2877 πόρους
446 2803 781 2868 ἐπινοοῦντες,
838 2811 943 2863 τοῖς
1011 2805 1268 2879 ὁμόφροσι
1320 2813 1420 2856 τῶν
1491 2803 1789 2864 ἀσεϐησάν-

179 2910 283 2944 των
329 2893 494 2966 χάριν
563 2895 976 2965 προσκρούοντες
1042 2900 1140 2945 τῶν
1210 2892 1628 2965 όμολγησάντων,
1698 2899 1788 2947 καὶ

176 2989 278 3042 τῆς
345 2980 587 3042 ἀληθείας
665 2978 1134 3034 κεκινδυνευκότων
1180 3001 1193 3014 ο
1246 2986 1360 3043 τοὺς
1434 2987 1497 3035 τὰ
1565 2987 1789 3056 μέγιστα

174 3072 379 3128 ταύτην
434 3066 797 3132 ἀδικήσαντας
828 3075 917 3123 καὶ
972 3068 1262 3134 διώξαντας
1309 3080 1658 3144 προτιμῶντες
1698 3075 1787 3125 καὶ

173 3161 541 3234 προτιθέμενοι
570 3176 582 3190 ⁶
643 3160 722 3221 οἷς
773 3179 827 3213 τε
876 3156 1048 3235 δρῶσι
1083 3168 1144 3231 τῇ
1192 3159 1404 3233 ἀληθείᾳ
1445 3161 1790 3233 χαλεπαίνον-

173 3267 261 3309 τες
295 3266 308 3279 ⁶
342 3254 432 3301 καὶ
479 3253 535 3302 τό
574 3250 700 3323 ὑπερ
762 3256 997 3325 Χριστοῦ
1048 3252 1228 3303 παθεῖν
1266 3247 1418 3302 οὐδέν
1466 3252 1743 3324 ἡγούμενοι
1773 3277 1786 3290 ο

179 3346 358 3400 κακῶς
411 3334 629 3404 εἰδότες,
689 3343 781 3391 καὶ
832 3340 958 3413 ὑπερ
1001 3339 1068 3390 ὧν
1112 3334 1594 3401 κεκινδυνεύκασιν,
1640 3340 1794 3412 ὠμῶς

172 3433 265 3480 καὶ
330 3426 701 3489 ἀκαθηκόντως
759 3426 1242 3501 ἀμνημονήσαντες.
1304 3428 1517 3491 Ἐξέστη
1577 3430 1602 3481 ὁ
1641 3429 1790 3505 οὐρα·

169 3519 258 3577 νὸς
310 3515 402 3570 ἐπὶ
455 3518 619 3589 τούτῳ
648 3532 660 3547 ⁸
693 3521 782 3570 καὶ
828 3516 1010 3590 ἔφριξα
1040 3515 1124 3570 ἐπὶ
1179 3516 1347 3570 πλεῖον
1384 3516 1481 3589 ἐγὼ
1514 3518 1539 3570 6
1588 3519 1745 3579 τάλας
1772 3534 1786 3549 ’

169 3610 265 3659 καὶ
324 3604 373 3658 εἰ
429 3608 501 3677 μὴ
576 3613 677 3657 τῶν
745 3613 847 3657 σῶν
903 3613 1077 3677 φωνῶν
1149 3605 1366 3672 έπαῖειν,
1414 3606 1507 3658 οὐκ
1563 3606 1623 3658 ἆν
1681 3606 1791 3659 ini-

174 3713 381 3747 στευσα
405 3701 479 3765 τῷ
518 3690 947 3766 προδεδηλωκότι
971 3692 1249 3754 ἐπιστολὴν
1286 3698 1643 3767 συντετάχθαι
1688 3697 1788 3749 ύπό

170 3793 264 3845 τῆς
310 3788 615 3856 τιμιότητος
660 3802 755 3835 σου
802 3785 939 3835 κατά
986 3791 1079 3846 τῆς
1112 3792 1204 3837 τοῦ
1262 3793 1396 3839 Θεοῦ
1450 3785 1783 3848 Ἐκκλησίας.

173 3872 305 3926 Κατ’
374 3872 540 3935 αὐτῆς
596 3875 697 3944 γάρ
751 3871 885 3939 ἔστι,
939 3875 999 3925 τὸ
1048 3877 1161 3933 τοὺς
1213 3873 1442 3936 κλεινοὺς
1470 3879 1561 3927 καὶ
1611 3874 1790 3947 ὁμολο-

168 3964 340 4034 γητάς
396 3957 611 4035 ἄνδρας,
676 3960 725 4013 οἱ
784 3961 1134 4035 περιῆλθον
1196 3962 1244 4015 έν
1291 3962 1544 4023 ποικίλοις
1608 3984 1785 4036 πειρα-

172 4059 333 4123 σμοῖς
357 4052 864 4124 ὑστερούμενοι,
908 4049 1298 4124 θλιϐόμενοι,
1348 4056 1790 4125 κακουχούμε-

167 4160 292 4208 νοι,
337 4137 760 4212 διωκόμενοι,
800 4142 858 4191 ἓν
898 4141 1202 4213 ἐρημίαις
1230 4142 1646 4215 πλανώμενον,
1677 4147 1784 4196 καὶ

175 4233 375 4302 ὄρεσι
420 4232 533 4280 καὶ
568 4235 713 4290 ταῖς
750 4235 858 4289 τῆς
896 4236 1048 4298 γῆς·
1094 4230 1172 4280 ὧν
1210 4234 1322 4282 οὐκ
1361 4230 1539 4293 ἄξιος
1579 4232 1605 4282 6
1643 4236 1783 4284 κόσ-

167 4338 245 4390 μο
262 4340 306 4383 ς,
342 4316 704 4379 ἁποστολικῶς
731 4317 916 4369 εἰπεῖν·
933 4322 1297 4391 καταγορεύειν
1323 4321 1388 4371 τὰ
1415 4327 1635 4372 τοιαῦτα
1660 4319 1785 4393 βατ-

173 4413 498 4481 ταρίσματα
531 4424 541 4435 ·

167 4516 296 4572 τερα
324 4500 426 4549 καὶ
454 4494 914 4569 ἀπανθρωπότερα.

242 4586 437 4659 Τολμᾷ
478 4604 573 4651 τις,
626 4588 817 4659 ἐρωτῶ,
865 4584 914 4636 ἐν
962 4593 1071 4648 τοῖς
1127 4592 1474 4660 στρατιώταις
1527 4588 1787 4661 κατειλεγ-

168 4678 340 4748 μένος,
416 4671 677 4749 βασιλικῷ
746 4682 1121 4748 συγγράμματι
1181 4675 1578 4743 έξαυθεντήσας,
1634 4686 1786 4732 τοῦτο

172 4764 393 4817 κάκεῖνο
452 4759 796 4835 διαγορεύειν,
861 4768 950 4814 καὶ
1004 4768 1121 4825 τοὺς
1179 4763 1227 4816 έν
1289 4766 1573 4838 ὑπεροχαῖς
1627 4769 1787 4819 καθυ-

175 4850 405 4924 ϐρίζειν,
480 4853 548 4913 ὡς
613 4850 844 4912 ἀτάκτως
888 4857 977 4904 καὶ
1033 4852 1141 4912 εἰκῆ
1206 4858 1551 4926 φερομένους;
1615 4855 1673 4907 Εἰ
1722 4852 1782 4908 δὲ

174 4950 332 4995 τοῦτο
399 4942 660 5016 φωραθείη
721 4946 1031 5006 πεποιηκὼς,
1096 4940 1428 5017 ἀνάρπαστος
1490 4944 1642 5004 εὐθὺς
1695 4949 1784 4996 καὶ

600 4412 690 4458 καὶ
743 4410 887 4458 οὔπω
938 4406 1257 4480 ἐκπέφασται
1308 4411 1374 4462 τὰ
1431 4409 1784 4481 αἰτιολογικώ-

176 5033 449 5107 ἀγώγιμος
522 5036 592 5095 ὡς
664 5032 992 5095 έπιθανάτιος
1036 5050 1049 5062 ·
1112 5038 1161 5085 τί
1212 5040 1301 5086 καὶ
1354 5035 1412 5086 ού
1475 5040 1711 5088 πείσεται
1760 5037 1785 5087 6

178 5121 356 5185 ἁπλῶς
403 5126 666 5194 μοναστὴς
713 5122 814 5174 ὑπὸ
868 5130 960 5175 τοῦ
1016 5129 1111 5183 τῆς
1153 5123 1464 5184 Ἐκκλησίας
1511 5130 1783 5197 κριτηρίου

177 5210 554 5285 παραπλήσιον
592 5208 764 5282 ἐκείνῳ
808 5212 1134 5282 τετολμηκώς
1164 5227 1178 5278 ;
1206 5216 1291 5270 Μὴ
1323 5215 1447 5285 γὰρ
1486 5213 1598 5264 οὐκ
1637 5215 1659 5264 ἕ
1673 5232 1780 5285 χο-

179 5319 291 5372 μεν
360 5298 676 5373 ἀρχιερέα
752 5303 854 5352 τόν
919 5296 1273 5373 δυνάμενον
1344 5302 1785 5373 συμπαθῆσαι

180 5396 330 5452 ταῖς
370 5387 761 5454 ἀσθενείαις,
790 5391 985 5461 ἡμῶν,
1018 5393 1152 5441 κατὰ
1182 5394 1239 5441 τό
1269 5394 1619 5465 γεγραμμένον
1642 5408 1653 5421 ·
1691 5410 1787 5463 με·

258 5558 304 5592 "
336 5556 512 5614 Hebr.
539 5573 595 5621 ιι,
626 5556 715 5624 37,
748 5558 835 5613 38.
915 5559 961 5592 "
990 5556 1162 5614 Hebr.
1186 5573 1264 5623 ιν,
1296 5563 1379 5615 15.

1916 486 2209 558 explicare
2236 504 2251 553 ;
2276 492 2331 543 et
2360 503 2455 543 me
2485 504 2557 544 ea
2585 488 2784 560 eloqui
2815 504 3053 544 necesse
3083 490 3181 544 sit.
3214 492 3366 545 Num
3396 490 3557 562 quis,

1915 576 2312 643 dilectissime,
2370 593 2690 649 personam
2744 581 2910 633 tuam
2957 577 3209 633 induens
3242 581 3300 634 in
3329 584 3559 635 tantum

1918 682 1981 721 se
2012 666 2197 722 animi
2221 672 2513 721 tumorem
2538 666 2758 732 extulit,
2796 671 2857 722 ut
2885 666 3036 723 adeo
3069 667 3332 739 superba
3353 669 3559 725 animo

1916 754 2236 810 meditatus
2268 754 2361 823 sit,
2392 759 2634 826 tamque
2651 755 3020 813 exsecranda
3041 756 3378 827 peregerit?
3401 760 3563 812 Nun-

1914 843 2062 915 quid
2090 859 2199 898 nos
2229 843 2341 915 ipsi
2380 843 2705 915 aliquando
2732 849 2927 899 mente
2970 845 3151 917 capti,
3183 845 3394 901 ludum
3426 862 3560 902 esse

1915 933 2282 996 censuimus,
2316 948 2535 987 nomen
2567 931 2938 988 subscribere
2968 949 3089 989 non
3109 934 3169 989 in
3196 933 3371 989 rebus
3404 934 3560 991 ludi-

1916 1022 2054 1087 cris,
2087 1021 2191 1076 sed
2221 1021 2279 1076 in
2310 1020 2675 1077 difﬁcillimis
2692 1023 2944 1092 negotiis
2977 1022 3005 1077 ?
3028 1023 3180 1089 Quid
3213 1024 3321 1089 ais,
3343 1025 3436 1079 vir
3457 1040 3561 1097 op-

1915 1111 2053 1166 time
2075 1109 2103 1165 ?
2128 1113 2215 1165 Au
2247 1110 2420 1167 nobis
2458 1110 2613 1176 licet,
2646 1110 2747 1183 qui
2793 1110 2957 1167 nullo
3007 1129 3215 1168 sumus
3246 1113 3561 1170 sacerdotii

1916 1200 2139 1255 honore
2172 1201 2458 1269 insignes,
2483 1199 2800 1272 solumque
2824 1200 2977 1256 inter
2999 1201 3330 1257 monachos
3361 1218 3562 1259 cense-

1916 1305 2067 1353 mur,
2102 1289 2217 1343 nisi
2247 1288 2610 1360 periclitetur
2653 1291 2888 1357 veritas,
2937 1290 3289 1346 sacerdotali
3323 1296 3559 1364 arrepto

1915 1393 2179 1442 munere,
2213 1378 2574 1450 encyclicam
2605 1378 2979 1450 interponere
3000 1380 3336 1451 epistolam,
3371 1382 3428 1436 in
3456 1398 3557 1438 ea-

1913 1483 2030 1538 que
2060 1466 2349 1522 adversus
2395 1468 2707 1539 episcopos
2754 1474 2811 1522 et
2836 1468 3194 1534 sacerdotes,
3231 1470 3561 1526 monachos

1915 1556 2393 1628 praepositusque
2423 1557 2619 1612 invehi
2647 1574 2659 1611 :
2683 1558 3015 1629 quinetiam
3037 1563 3092 1613 et
3121 1559 3379 1630 privatas
3400 1559 3560 1630 leges

1914 1661 1984 1699 ex
2012 1644 2311 1715 insipienti
2361 1650 2601 1717 pectore
2656 1646 2961 1716 proferre:
2996 1648 3262 1717 ingerere
3307 1649 3385 1703 ad
3432 1650 3559 1705 haec

1913 1734 2305 1789 contumelias
2335 1751 2405 1789 ac
2434 1734 2749 1806 vituperia,
2801 1736 3091 1791 damnare
3123 1753 3192 1791 ac
3224 1753 3332 1809 pro
3364 1738 3560 1794 alieno

1912 1822 2133 1878 habere
2174 1824 2517 1879 universum
2561 1823 2811 1881 fratrum
2869 1824 3408 1898 confessorumque
3446 1843 3560 1884 cae-

1916 1918 2038 1967 tum
2059 1910 2087 1966 7
2108 1913 2171 1967 Hi
2196 1914 2376 1980 enim,
2409 1918 2474 1968 ut
2491 1914 2577 1968 ais
2597 1913 2727 1984 (etsi
2762 1928 2881 1968 non
2917 1929 3129 1969 omnes
3144 1917 3403 1971 veritatis
3422 1932 3559 1988 pro-

1912 2002 2321 2071 pugnatores),
2337 2002 2747 2072 paenitentiam
2764 2002 3140 2069 simulantes;
3165 2006 3561 2076 quemadmo-

1911 2089 2057 2143 dum
2074 2089 2179 2161 qui
2210 2105 2282 2144 ex
2306 2089 2561 2146 adversa
2580 2095 2745 2161 parte
2772 2091 3010 2162 pietatis
3038 2108 3257 2148 nomen
3276 2093 3563 2151 fallaciter

1913 2184 2305 2249 usurparunt;
2329 2178 2592 2234 veritatis
2609 2178 3045 2235 confessionem
3061 2197 3130 2236 ac
3144 2183 3556 2253 paenitentiam

1911 2267 2453 2338 exaequodifticiles
2468 2267 2795 2333 reddidere,
2824 2269 3106 2339 gravibus
3135 2271 3558 2342 impugnantes

1911 2356 2124 2423 verbis,
2157 2361 2213 2413 et
2236 2357 2614 2429 quisquillias
2658 2356 2980 2413 infelicium
3025 2359 3323 2415 rationum
3356 2361 3559 2416 obtru-

1906 2443 2403 2511 dentes,dissidia
2425 2447 2800 2511 suscitantes,
2818 2446 3183 2518 inculpatam
3226 2448 3407 2505 fidem
3436 2450 3558 2505 vio-

1902 2532 2115 2601 lantes,
2149 2550 2345 2591 rerum
2376 2537 2649 2592 omnium
2680 2534 3142 2606 gubernatorem
3171 2553 3240 2593 ac
3266 2544 3555 2595 rectorem

1902 2622 2362 2697 eﬂ'ectoremque
2414 2625 2631 2697 injuria
2679 2624 3026 2691 afﬁcientes,
3061 2625 3360 2697 litigantes
3402 2632 3555 2685 inter

1900 2714 2203 2778 sese,lucri
2217 2716 2536 2786 cupiditate
2549 2715 3080 2787 devicti,parandae
3096 2718 3365 2787 pecunia:
3380 2733 3551 2775 exco-

1897 2804 2154 2872 gitantes
2196 2806 2486 2861 rationem
2519 2821 2590 2861 ac
2627 2805 2805 2868 viam,
2840 2804 3227 2861 adversantes
3256 2807 3326 2860 iis
3362 2807 3547 2879 quiut

1895 2894 2092 2965 impiis
2114 2894 2538 2964 gratiﬁcentur,
2570 2896 2626 2949 in
2662 2910 2845 2950 unam
2873 2896 3294 2966 conspiravere
3317 2903 3551 2953 senten-

1895 2983 2038 3038 tiam
2055 2998 2125 3038 ex
2139 2983 2603 3051 confessoribus,
2617 2988 2672 3039 et
2684 2999 2755 3039 ex
2767 2984 2838 3037 iis
2851 2984 2953 3055 qui
2973 2982 3244 3055 pericula
3278 2985 3553 3043 adierunt

1894 3088 2004 3144 pro
2036 3072 2274 3127 Veritate
2299 3088 2311 3126 :
2346 3072 2722 3142 praeferentes
2754 3088 2823 3127 ac
2846 3072 3035 3143 pluris
3058 3074 3424 3130 aastimantes
3443 3091 3556 3131 eos

1897 3160 2001 3233 qui
2036 3162 2289 3216 maxime
2322 3159 2483 3215 illam
2506 3159 2709 3217 laesere
2735 3167 2913 3231 atque
2969 3160 3398 3232 impugnavere
3423 3183 3434 3222 :
3460 3164 3552 3219 his

1898 3250 2000 3322 qui
2018 3249 2245 3305 veritati
2268 3248 2984 3321 patrocinanturinfensi:
3020 3249 3140 3321 pati
3168 3266 3277 3322 pro
3322 3251 3554 3308 Christo

1898 3336 2401 3409 ﬂoccipendentes
2419 3354 2601 3410 prave
2623 3339 2813 3409 gnari,
2834 3343 2892 3393 et
2912 3355 3168 3410 quorum
3200 3356 3378 3395 causa
3407 3342 3556 3413 peri-

1900 3427 2082 3483 clitati
2095 3429 2459 3492 sint,nefarie
2473 3433 2528 3484 et
2542 3427 2788 3499 turpiter
2801 3426 2984 3483 obliti.
3000 3428 3320 3500 Obstupuit
3335 3430 3553 3488 caelum

1900 3532 2080 3586 super
2108 3517 2241 3584 hoc,
2266 3522 2447 3589 atque
2472 3533 2583 3589 ego
2610 3516 2811 3572 infelix
2845 3516 3081 3588 penitus
3114 3519 3407 3574 exhorrui
3438 3531 3451 3572 :
3482 3536 3553 3577 ac

1901 3605 2012 3660 nisi
2040 3606 2225 3662 verba
2256 3612 2357 3662 tua
2408 3620 2822 3676 agnoscerem,
2878 3622 3001 3662 non
3033 3608 3335 3663 crederem
3362 3609 3415 3664 ei
3449 3609 3552 3681 qui

1898 3696 2064 3767 prius
2093 3696 2448 3766 signiﬁcavit
2479 3697 2911 3753 concinnatam
2969 3712 3003 3752 a
3062 3699 3394 3755 reverentia
3450 3703 3554 3756 tua

1895 3786 2081 3841 fuisse
2135 3785 2450 3857 epistolam
2508 3786 2798 3841 adversus
2864 3785 3187 3843 Ecclesium
3232 3787 3367 3842 Dei:
3405 3803 3551 3844 nam

1897 3874 2183 3931 adversus
2211 3875 2533 3930 Ecclesiam
2555 3880 2663 3940 est,
2698 3875 2757 3929 in
2780 3876 2935 3930 viros
2962 3874 3218 3946 inclytos
3240 3881 3298 3930 et
3322 3876 3550 3933 confes-

1896 3979 2081 4031 sores,
2109 3965 2212 4035 qui
2243 3964 2607 4019 circ-uiarum
2630 3965 2689 4019 in
2708 3964 2889 4019 variis
2914 3964 3362 4031 tentationibus,
3380 3980 3550 4035 egen-

1897 4053 2618 4123 tes,angustiati,afﬂicti,
2652 4052 2877 4117 vexati,
2902 4052 2966 4108 in
3008 4053 3432 4109 solitudinibus
3458 4069 3547 4111 er-

1896 4142 2507 4209 rantes,etmontibus,
2525 4148 2579 4197 et
2595 4142 2866 4198 cavernis
2883 4149 3087 4197 terrae:
3103 4142 3313 4213 quibus
3326 4143 3546 4212 dignus

1898 4247 2017 4286 non
2047 4236 2178 4288 erat
2204 4231 2464 4287 mundus
2498 4232 2567 4299 ³⁵,
2596 4237 2660 4285 ut
2689 4230 2887 4285 verbis
2906 4231 3172 4302 Apostoli
3203 4235 3369 4298 utar;
3398 4233 3545 4289 tales

1896 4319 2123 4375 effutire
2153 4336 2347 4390 nugas
2372 4336 2385 4374 :
2416 4335 2525 4374 nec
2547 4336 2681 4392 quae
2708 4320 2984 4391 graviora
3010 4324 3149 4376 sunt
3170 4320 3369 4377 adhuc
3389 4328 3545 4379 retu-

1893 4409 2094 4476 limus,
2126 4414 2180 4465 et
2210 4409 2520 4466 acerbiora
2553 4408 2889 4465 maledicta.

1965 4589 2207 4644 Ausitne
2232 4588 2470 4661 aliquis,
2509 4587 2751 4654 amabo,
2775 4588 2962 4659 quiin
2995 4588 3249 4643 militum
3282 4604 3532 4645 numero

1897 4678 1989 4744 sit,
2022 4678 2185 4746 regio
2210 4676 2410 4733 libello
2439 4677 2611 4732 veluti
2638 4692 2746 4748 pro
2790 4682 3075 4748 potestate
3106 4677 3395 4745 confecto,
3427 4679 3543 4733 hoc

1899 4766 1989 4821 vel
2010 4766 2153 4821 illud
2184 4767 2494 4831 mandare,
2524 4772 2575 4822 et
2604 4768 2674 4822 iis
2706 4767 2807 4838 qui
2839 4766 3225 4839 magistratus
3247 4767 3537 4834 obtinent,

1896 4854 2157 4911 dedecus
2192 4872 2262 4910 ac
2292 4862 2496 4910 notam
2530 4855 2781 4926 inurere,
2803 4858 3093 4927 tanquam
3122 4864 3338 4912 temere
3360 4861 3544 4926 agant

1897 4948 1953 4999 et
1997 4944 2332 4999 inconsulto
2361 4943 2390 4998 ?
2430 4945 2601 5009 Quod
2654 4945 2720 5013 si,
2776 4945 2878 5015 qui
2919 4945 3330 5015 deprehensus
3377 4947 3449 5000 sit
3482 4946 3542 5001 id

1897 5033 2111 5102 egisse,
2165 5035 2394 5104 rapitur
2444 5033 2779 5097 confestim,
2838 5049 2906 5087 ac
2964 5034 3137 5088 morti
3200 5034 3539 5090 addicitur:

1896 5137 2081 5193 quam
2110 5137 2354 5193 pinnam
2406 5122 2483 5178 ab
2515 5121 2786 5177 Ecclesiae
2842 5121 2968 5177 foro
2999 5129 3254 5177 meretur
3286 5123 3542 5195 simplex

1897 5211 2250 5276 monachus,
2295 5212 2397 5283 qui
2438 5210 2608 5265 fuerit
2656 5212 2825 5281 paria
2858 5225 3041 5266 ausus
3072 5211 3100 5267 i’
3126 5214 3339 5266 Annon
3385 5213 3538 5270 enim

1898 5299 2180 5355 habemus
2203 5300 2540 5365 Pontiﬁcem
2570 5301 2678 5371 qui
2690 5299 3146 5369 possitcompati
3172 5300 3538 5368 inﬁrmitati-

1900 5391 2002 5446 bus
2030 5392 2268 5456 nostris,
2298 5392 2448 5444 sicut
2473 5392 2755 5461 scriptum
2784 5397 2869 5445 est
2903 5391 2983 5454 36;
3015 5396 3069 5446 et
3098 5393 3202 5461 qui
3225 5392 3541 5451 condolere
