4036 6276
456 270 590 327 1507

1719 263 1776 319 S.
1820 261 2185 320 THEODORI
2225 262 2550 320 STUDITAE

3665 261 3806 321 1508

443 395 631 465 possit
644 392 716 448 iis
742 392 846 465 qui
865 393 1148 462 ignorant
1167 395 1221 447 et
1244 394 1452 447 errant
1476 391 1522 425 ³⁷
1547 406 1562 456 ;
1596 405 1627 447 a
1649 404 1770 461 quo
1792 388 2091 459 encyclica

2206 391 2589 465 τριοπαθεῐν
2628 408 2690 441 τε
2754 384 3115 460 δυνάμενον
3173 396 3305 449 τοῖς
3346 387 3657 459 ἀγνοοῦσι
3695 392 3801 440 καὶ

447 481 698 554 epistola
757 481 1023 536 mittatur
1079 480 1409 535 secundum
1439 480 1645 534 datam
1694 478 1744 533 ei
1800 495 1836 532 a
1877 478 2099 548 Spiritu

444 574 799 643 potestatem
825 568 854 622 ?
879 570 1001 641 qui,
1027 570 1072 623 si
1092 569 1235 641 quid
1268 569 1322 623 in
1348 568 1436 623 his
1461 585 1595 641 quae
1624 572 1928 638 geruntur,
1953 582 2099 639 prte-

446 668 530 716 ter
560 660 649 715 fas
667 675 735 715 ac
758 673 879 713 non
907 674 979 714 ex
997 675 1109 713 usu
1133 674 1262 713 esse
1292 657 1665 727 intelligeret,
1691 656 1941 712 omnino
1964 672 2097 728 quas

444 765 554 822 par
579 753 666 804 est
693 748 1051 820 loqueretur.
1103 748 1214 803 Sed
1276 763 1413 802 cum
1448 748 1869 819 przevalescere
1909 746 2099 801 hiero-

444 840 578 902 sim,
623 844 677 892 et
727 837 1036 906 angustias
1093 837 1356 909 undique
1410 836 1627 892 instare
1666 835 1886 891 videat:
1919 839 2099 890 recte-

443 928 533 983 vir
563 926 740 999 plane
772 926 1007 980 divinus
1039 926 1171 995 egit,
1207 942 1342 980 cum
1377 926 1509 980 sivit.
1537 942 1747 981 omnes
1780 924 2095 997 quimaxi-

443 1030 686 1087 mopere
701 1020 1001 1086 cuperent,
1029 1020 1203 1086 prout
1231 1014 1486 1086 quisque
1518 1020 1738 1086 posset,
1773 1012 2098 1083 ingruenti-

442 1104 557 1159 bus
572 1104 795 1159 morbis
821 1103 1065 1159 mederi.
1086 1106 1168 1159 Ita
1199 1103 1501 1176 nequelex
1526 1118 1809 1173 suprema
1836 1100 2097 1173 promul-

444 1198 603 1263 gata,
638 1198 961 1248 nectamen
983 1191 1215 1263 absque
1246 1191 1524 1247 remediis
1539 1191 1738 1247 relicta
1766 1196 1852 1247 est
1871 1191 2094 1253 anima,

442 1299 553 1355 pro
566 1298 689 1353 qua
701 1281 960 1337 Christus
975 1286 1062 1335 est
1078 1286 1379 1336 mortuus:
1405 1287 1457 1335 et
1474 1281 1584 1335 hoc
1608 1281 1889 1335 nimirum
1906 1295 2096 1351 usque

444 1371 518 1426 ad
537 1371 837 1443 synodum
859 1369 1256 1425 orthodoxam
1280 1385 1292 1421 :
1314 1385 1434 1441 quo
1451 1376 1714 1440 tempore
1727 1374 1928 1441 etquae
1943 1373 2096 1424 recte

443 1464 639 1531 coepta
657 1460 1026 1523 fuerint,com
1037 1458 1478 1529 probabuntur:
1502 1464 1704 1530 etquae
1720 1473 1888 1513 secus
1906 1463 2092 1528 gesta,

442 1549 800 1620 rejicientur.
835 1548 898 1603 Et
951 1554 1036 1603 est
1059 1547 1187 1603 haec
1236 1547 1386 1603 ratio
1434 1548 1491 1602 in
1522 1547 1729 1619 primis
1759 1550 1874 1602 Deo
1903 1552 2091 1616 grata,

442 1638 546 1710 qui
575 1636 699 1691 vult
719 1637 915 1691 salvos
964 1636 1087 1691 ﬁeri
1116 1652 1359 1691 omnes:
1394 1644 1621 1708 quanto
1649 1636 1840 1705 magis
1870 1651 1969 1691 eos
1991 1634 2092 1707 qui

443 1727 520 1782 ad
544 1725 905 1797 pmnitentiaa
932 1726 1260 1780 remedium
1288 1730 1609 1781 accurrunt
1634 1727 1662 1783 7
1683 1726 1785 1797 qui
1809 1724 1894 1780 fer
1914 1740 2094 1795 opem

442 1831 565 1871 una
596 1831 731 1870 cum
765 1830 836 1869 eo
861 1814 961 1885 qui
1004 1814 1263 1869 fraterno
1318 1814 1531 1870 aﬂectu
1589 1830 1836 1869 manum
1867 1813 2092 1871 tendit:

440 1905 545 1977 qui
577 1903 907 1960 collaborat
937 1903 988 1958 ei
1019 1904 1120 1975 qui
1150 1904 1444 1974 iacentem
1500 1903 1693 1972 erigit.
1741 1902 1901 1957 Illius
1934 1903 2092 1958 enim

442 2009 512 2049 ea
539 2008 650 2048 vox
693 1997 813 2047 est:
849 1992 1276 2056 Consotamini,
1316 1992 1708 2048 consolamini
1737 1992 2089 2056 sacerdotes,

436 2083 727 2152 populum
759 2097 989 2137 meum:
1024 2081 1338 2152 loquimini
1363 2081 1445 2138 ad
1472 2097 1648 2138 aures
1666 2081 1998 2137 Jerusalem
2022 2082 2088 2133 ³⁸.

442 2170 596 2237 Quid
625 2174 713 2225 est
742 2169 905 2226 aliud
935 2185 1114 2241 porro
1148 2170 1503 2235 consolatio,
1545 2186 1729 2242 quam
1763 2169 2094 2225 aversario-

440 2275 575 2315 rum
599 2257 989 2321 conservatio,
1046 2262 1100 2313 et
1126 2273 1330 2312 eorum
1362 2259 1463 2330 qui
1492 2258 1566 2313 de
1598 2258 1698 2314 via
1726 2256 2090 2322 deﬂ'exerint,

442 2362 549 2419 per
575 2347 981 2417 poenitentiam
1038 2347 1377 2402 emendatio
1398 2348 1426 2402 ?
1481 2346 1698 2402 Deinde
1756 2346 1831 2401 ad
1854 2362 1957 2402 eos
1989 2345 2092 2417 qui

441 2442 766 2508 peccarunt
799 2451 811 2487 :
853 2435 999 2491 Cum
1031 2450 1301 2493 reversus
1359 2437 1692 2507 igemueris,
1730 2443 1872 2492 tunc
1892 2436 2093 2492 salvus

442 2527 578 2590 eris,
610 2531 663 2581 et
690 2526 837 2581 scies
852 2525 952 2580 ubi
972 2524 1167 2594 fueris
1195 2527 1263 2577 ³⁸.
1282 2528 1341 2580 Et
1368 2541 1611 2580 rursum
1637 2541 1649 2579 :
1679 2524 1895 2580 Adhuc
1914 2524 2095 2579 verba

442 2630 693 2687 precum
718 2615 993 2685 loquente
1023 2621 1095 2679 te,
1115 2615 1267 2670 dicet
1295 2632 1311 2669 :
1343 2615 1495 2671 Ecce
1509 2615 1719 2670 adsum
1743 2616 1809 2668 ⁸ο.
1836 2616 1899 2669 Et
1925 2614 2095 2670 auxi-

444 2704 617 2759 liator
648 2709 734 2758 est
766 2719 971 2759 eorum
1032 2704 1133 2775 qui
1192 2708 1617 2759 convertuntur
1643 2721 1679 2759 a
1705 2705 1799 2758 via
1822 2702 1980 2758 mala
2005 2708 2095 2758 :et

443 2808 617 2847 ovem
669 2791 1042 2863 deperditam
1094 2792 1360 2849 humeris
1406 2792 1552 2851 tollit
1580 2811 1592 2849 :
1622 2798 1678 2848 et
1705 2792 1891 2850 donec
1922 2791 2095 2849 hodie

443 2880 902 2951 cognominatur
938 2882 1008 2947 ‘1,
1059 2882 1426 2954 poenitentiae
1473 2882 1913 2937 medicamenta
1938 2897 2091 2954 prte-

442 2970 583 3028 bet:
617 2975 674 3025 et
704 2969 995 3025 latronem
1047 2976 1351 3026 momento
1396 2972 1680 3041 temporis
1738 2970 1810 3025 ad
1855 2970 2093 3041 paradi-

2205 478 2688 551 πλανωμένοις⁶
2722 478 2840 536 οῦή
2896 476 3158 550 ἐγκύκλιος
3217 477 3459 536 ἐπιστολὴ
3522 480 3656 530 κατὰ
3712 482 3805 535 τήν

2206 564 2491 641 δεδομένην
2513 569 2653 639 αύτῷ
2680 567 2919 631 ἐξουσίαν
2944 570 3045 620 ὑπὸ
3068 576 3159 620 τοῦ
3190 570 3479 640 ιίνεύματος
3505 590 3515 631 ς
3544 569 3595 628 ὃς
3621 566 3662 619 εἰ
3685 563 3806 625 ἤδει

2206 656 2254 708 ἐν
2304 665 2413 720 τοίς
2462 662 2745 729 γινομένοις
2809 659 3057 729 ἓκθεσμόν
3110 677 3160 709 τι
3213 662 3303 709 καὶ
3354 661 3413 709 ού
3474 656 3794 722 λυσιτελοῦν,

2208 749 2404 808 πάντως
2460 744 2528 802 δὴ
2583 745 2862 820 ἐφθέγξατο
2914 749 2975 799 τὰ
3028 747 3218 799 εἰκότα.
3279 746 3416 798 Ἀλλ’
3466 742 3647 804 ἐπειδὴ
3702 746 3804 818 όρᾷ

2204 836 2584 909 ἐπικρατοῦσαν
2652 840 2745 894 την
2813 837 3033 910 αἰρεσιν,
3096 842 3185 888 καὶ
3240 838 3393 888 στενὰ
3446 834 3803 907 ἀμφοτέρωθεν

2204 928 2567 998 παριστάμενα
2596 942 2610 956 ⁸
2662 929 2829 978 εἴασεν
2885 925 3115 988 ἅπαντας
3174 929 3293 987 τοὺς
3344 926 3806 998 προθυμουμένους

2207 1015 2390 1067 ἰᾶσθαι
2435 1018 2499 1067 τὰ
2550 1019 2885 1087 συμπεσόντα
2934 1019 3237 1087 νοσήματα,
3303 1017 3373 1076 ὡς
3422 1015 3640 1075 ἕκαστος
3691 1016 3807 1084 ἔχει

2205 1101 2493 1177 δυνάμεως,
2556 1101 2609 1157 εὖ
2674 1112 2835 1157 ποιῶν
2913 1105 2938 1156 ό
3008 1106 3441 1164 θεσπεσιὼτατος.
3522 1102 3604 1163 Ὡς
3673 1107 3805 1175 μήτε

2202 1195 2507 1264 νομοθεσίαν
2569 1190 2693 1245 εἶναι
2756 1196 2813 1245 τό
2865 1192 3181 1266 τελούμενον,
3236 1198 3365 1265 μήτε
3417 1197 3520 1264 μὴν
3578 1191 3804 1263 ἀσθερά-

2202 1301 2386 1335 πευτον
2442 1282 2627 1354 ψυχὴν
2684 1283 2809 1355 ὑπερ
2865 1282 2927 1345 ἧς
2984 1286 3212 1357 Χριστὸς
3264 1281 3500 1348 ἀπέθανε,
3552 1279 3803 1352 καταλιμ-

2202 1373 2458 1425 πάνεσθαι
2489 1390 2501 1400 ·
2558 1377 2649 1423 καὶ
2726 1378 2877 1424 τοῦτο
2950 1367 3158 1429 δηλαδὴ
3248 1376 3439 1445 μέχρις
3520 1367 3803 1443 όρθοδόξου

2204 1458 2429 1514 συνόδου
2463 1478 2474 1490 ⁶
2507 1462 2732 1519 ὁπηνίκα
2758 1466 2848 1513 καὶ
2874 1462 2937 1513 τὰ
2962 1460 3134 1523 καλῶς
3160 1462 3471 1535 ὑπηργμένα
3501 1459 3712 1531 ἐγκριθή
3725 1478 3807 1511 σε·

2202 1570 2289 1602 ται
2313 1569 2324 1581 ·
2359 1555 2447 1602 καὶ
2477 1552 2542 1602 τὰ
2571 1549 2734 1611 ἄλλως
2765 1552 2954 1621 ἓχοντα
2994 1546 3562 1622 ἀποδοκιμασθησεται
3596 1568 3607 1580 ·
3634 1552 3721 1600 καὶ
3747 1551 3805 1599 τό

2202 1646 2418 1712 πρᾶγμα
2478 1647 2592 1710 Θεῷ
2642 1639 2923 1713 προσφιλὲς
2980 1641 3060 1692 ὅτι
3093 1639 3346 1712 μάλιστα,
3382 1638 3438 1700 ὃς
3462 1641 3555 1711 ἐρᾷ
3608 1640 3807 1698 πάντας

2133 1735 2172 1789 Β
2205 1738 2470 1799 σώζεσθαι
2504 1754 2515 1767 ⁸

2200 1829 2351 1899 μάκῳ
2439 1830 2860 1902 προστρέχοντας
2892 1843 2905 1892 ;

2201 1913 2523 1989 φιλαδέλφως
2595 1924 2755 1991 χεῖρα
2835 1914 3093 1986 ὀρέγοντι,
3162 1919 3252 1967 καὶ
3329 1919 3675 1971 συνανίστησι
3732 1920 3807 1983 τῷ

2204 2010 2549 2080 συνεγείροντι
2597 2007 2683 2056 τὸν
2728 2008 3006 2076 κόμνοντα.
3078 2002 3247 2057 Λύτοῦ
3304 2005 3404 2075 γὰρ
3450 2008 3586 2075 φωνή
3640 2004 3756 2055 ἐστι
3790 2017 3803 2029 ·

2201 2094 2610 2168 Παρακαλείτ
2629 2113 2668 2161 ε,
2700 2093 3149 2168 παρακαλεῖτε,
3175 2094 3232 2145 οἱ
3270 2092 3483 2166 ἱεροῖς,
3515 2095 3618 2143 τὸν
3656 2090 3808 2142 λαόν

2200 2203 2317 2256 μου
2347 2200 2359 2214 ⁸
2410 2182 2737 2241 λαλήσατε
2768 2181 2861 2244 εἰς
2898 2184 2973 2234 τὰ
3011 2178 3138 2233 ὦτα
3174 2180 3613 2255 Ἰερουσαλήμ.
3647 2184 3711 2231 Τί
3752 2174 3806 2231 δ’

2200 2271 2261 2324 ἂν
2334 2272 2454 2326 ἄλλο
2538 2275 2615 2331 εἴη
2696 2274 2725 2331 ἡ
2798 2270 3150 2343 παράκλησις,
3215 2271 3244 2330 ἢ
3301 2272 3331 2328 ἡ
3396 2277 3495 2322 τῶν
3554 2268 3807 2327 ἀνθέστη·

2201 2368 2362 2416 κότων
2422 2366 2767 2433 συντήρησις,
2827 2365 2917 2413 καὶ
2964 2369 3064 2412 τῶν
3122 2358 3472 2433 ἆκτραπέντων
3505 2355 3596 2411 διὰ
3650 2377 3806 2430 μετα-

2201 2456 2339 2513 νοίας
2394 2450 2787 2523 ἐπανόρθωσις;
2839 2446 2965 2503 Εἶτα
3013 2452 3143 2521 πρὸς
3204 2451 3324 2509 τούς
3378 2450 3753 2522 ἡμαρτηκότας
3788 2464 3802 2479 ⁸

2203 2541 2395 2594 Ὀταν
2444 2539 2888 2613 ἀποστραφεὶς
2940 2539 3275 2610 στενάξῃς,
3331 2543 3478 2590 τότε
3520 2539 3803 2608 σωθήσῃ,

2201 2636 2308 2683 καὶ
2344 2635 2557 2702 γνώσῃ
2604 2635 2723 2681 ποῦ
2788 2626 2983 2687 ἦσθα.
3014 2629 3119 2683 Καὶ
3156 2624 3338 2688 αὖθις·
3392 2629 3528 2682 ’Ἑτι
3578 2646 3690 2679 σου
3731 2629 3807 2678 τὰ

2200 2721 2456 2795 ῥήματα
2492 2719 2606 2781 τῆς
2643 2726 3028 2793 προσευχῆς
3065 2717 3431 2783 λαλοῦντος,
3463 2715 3624 2791 ἐρεῖ·
3658 2712 3806 2769 Ιδυὶ

2202 2810 2312 2882 πάρ
2328 2827 2478 2880 ειμι.
2512 2810 2611 2860 Καὶ
2643 2804 2835 2879 βοηθός
2855 2808 2968 2858 ἑστι
2984 2814 3084 2858 τῶν
3099 2804 3523 2880 ἀποστρεφόντων
3546 2803 3647 2857 ἀπὸ
3674 2799 3806 2857 ὁδοῦ

2554 2901 2645 2949 καὶ
2706 2900 2764 2949 τὸ
2814 2894 3205 2968 πεπλανημένον
3256 2894 3515 2971 πρόϐατον
3566 2897 3650 2947 ἐπὶ
3707 2902 3805 2946 τῶν

2567 1742 2638 1810 μή
2701 1738 2782 1789 ὅτι
2836 1756 2896 1808 γε
2946 1740 3062 1797 τοὺς
3106 1744 3176 1807 τῷ
3226 1744 3318 1797 τῆς
3369 1740 3639 1808 μετανοίας
3673 1754 3810 1807 φαρ-

2988 1826 3041 1888 ὃς
3132 1830 3221 1878 καὶ
3295 1832 3655 1899 συνεπικουρεῖ
3733 1831 3807 1893 τῷ

2201 2918 2329 2957 πονη
2336 2918 2429 2960 ρας
2484 2915 2496 2927 ⁸

2201 2918 2429 2972 πονηρας
2484 2918 2496 2927 ’
2554 2918 2645 2949 και
2706 2918 2764 2949 το
2814 2918 3205 2968 πεπλανημενον
3256 2918 3515 2971 προοατον
3566 2918 3650 2947 επι
3707 2918 3799 2946 των

2201 2993 2351 3061 ὤμων
2383 2989 2553 3061 αἴρει·
2589 2990 2678 3038 καὶ
2710 2987 2910 3058 ἄχρις
2947 2986 3017 3038 οὗ
3056 2988 3123 3038 τὸ
3166 2990 3445 3056 σήμερον
3483 2983 3799 3036 καλεῖται,

444 3074 579 3114 sum
608 3059 846 3115 admisit
872 3076 883 3112 :
915 3065 971 3114 et
1002 3074 1292 3129 magnum
1327 3060 1581 3123 Petrum,
1610 3060 1708 3132 qui
1742 3074 1877 3114 eum
1908 3074 2091 3129 nega-

2200 3059 2264 3130 τόι
2312 3084 2402 3137 τῆς
2442 3059 2731 3148 μετανοίας
2774 3078 3022 3149 φάρμακα
3063 3075 3386 3149 προστίθησι
3426 3087 3439 3100 ·
3475 3078 3566 3127 καὶ
3601 3076 3686 3126 τὸν
3707 3073 3801 3144 λῃ-

440 3154 550 3213 rat,
576 3153 713 3220 post
738 3164 1011 3206 amarum
1038 3148 1242 3203 ﬂetum
1272 3149 1523 3221 recepit:
1550 3164 1620 3203 ac
1645 3149 1870 3219 Davidi,
1902 3148 2091 3220 perin-

439 3236 514 3292 de
545 3254 613 3293 ac
646 3237 695 3292 si
724 3236 867 3293 nihil
898 3242 1222 3309 peccasset,
1258 3238 1584 3309 prophetiae
1615 3237 1827 3292 iterum
1863 3237 2091 3292 donum

438 3326 737 3398 impertiit.
774 3326 1071 3391 Quorsum
1106 3343 1242 3381 vero
1298 3326 1502 3381 attinet
1552 3325 1725 3397 plura
1774 3340 2091 3395 suggerere

438 3414 736 3487 exempla,
771 3431 839 3469 ac
862 3430 1200 3471 sermonem
1252 3415 1599 3487 protrahere
1628 3415 1655 3471 ‘2
1682 3414 1980 3483 Benignus
2006 3416 2093 3467 est

439 3506 500 3561 in
558 3520 662 3559 eos
710 3503 813 3575 qui
874 3520 1016 3575 erga
1075 3519 1403 3559 conservos
1455 3519 1596 3558 suos
1623 3503 1899 3573 benigni:
1933 3508 1989 3557 et
2031 3502 2090 3556 in

437 3609 540 3649 eos
576 3608 816 3647 severus
838 3594 938 3664 qui
959 3595 1034 3647 im
1049 3591 1461 3648 misericordes
1498 3592 1843 3648 exstiterint.
1876 3592 2091 3657 Quam~

437 3682 643 3737 obrem
668 3696 863 3753 pmnaa
883 3697 1017 3753 quae
1046 3680 1104 3735 in
1130 3682 1410 3752 prtesenti
1436 3681 1800 3752 penduntur,
1824 3680 2091 3737 remedia

438 3776 611 3827 sunt:
641 3786 763 3825 non
793 3776 854 3825 ut
882 3771 1210 3827 reverentia
1250 3776 1350 3826 tua
1382 3771 1539 3826 male
1561 3773 1767 3841 jocata
1793 3774 1902 3836 est,
1934 3769 2092 3826 absit

437 3860 594 3916 enim
643 3859 756 3915 tale
810 3859 1183 3919 convicium:
1219 3874 1413 3931 neque
1465 3875 1537 3916 ea
1587 3876 1723 3931 quae
1782 3863 2086 3929 geruntur,

438 3948 863 4005 scandalorum
886 3948 1070 4013 initia,
1093 3949 1196 4004 sed
1215 3965 1366 4003 verre
1402 3949 1707 4005 charitatis
1733 3954 2091 4017 argumenta

435 4044 593 4093 sunt.
622 4038 711 4093 Ait
742 4038 900 4092 enim
936 4038 1252 4092 Dominus:
1292 4039 1491 4094 Talem
1537 4037 1889 4094 charitatem
1921 4052 2089 4093 nemo

437 4127 633 4193 habet,
653 4133 717 4182 ut
732 4127 995 4184 animam
1016 4142 1185 4183 suam
1194 4134 1380 4197 ponat
1394 4126 1524 4199 quis
1534 4142 1647 4197 pro
1658 4127 1861 4184 amicis
1874 4127 1995 4182 suis
2017 4128 2084 4178 ⁴ι.

2205 3170 2334 3225 στὴν
2382 3165 2430 3217 ἐν
2474 3171 2572 3238 μιᾷ
2596 3172 2781 3240 καιροῦ
2831 3165 2966 3238 ῥοπῇ
3031 3171 3118 3216 τοῦ
3170 3160 3498 3239 παραδείσου
3557 3163 3791 3227 ἠξίωσε⁸

2200 3260 2291 3308 καὶ
2341 3259 2428 3308 τόν
2468 3258 2629 3327 μέγαν
2662 3259 2851 3329 Πέτρον
2907 3253 3262 3329 ἀρνησάμενον
3306 3262 3377 3324 τῷ
3404 3261 3577 3325 πικρῷ
3615 3252 3808 3305 κλαυθ-

2200 3354 2281 3418 μῷ
2358 3349 2661 3419 προσήκατο
2716 3360 2728 3373 ⁸
2806 3348 2894 3395 καὶ
2948 3350 3020 3414 τῷ
3082 3341 3270 3411 Δαυῖδ,
3331 3346 3394 3404 ὡς
3448 3338 3577 3413 μηδ’
3632 3343 3805 3393 ὁτιοῦν

2202 3434 2587 3508 ἁμαρτήσαντι,
2647 3431 2799 3484 πάλιν
2854 3435 2912 3484 τό
2962 3441 3053 3493 τῆς
3081 3436 3398 3507 προφητείας
3427 3433 3598 3489 ἐνίησι
3646 3432 3806 3504 χάρι-

2203 3542 2330 3596 σμα.
2389 3527 2487 3575 Καὶ
2521 3526 2572 3573 τί
2619 3517 2700 3573 δεῖ
2742 3522 2813 3573 τὰ
2854 3520 3016 3573 πολλὰ
3046 3518 3448 3595 παραδείγματα
3476 3522 3800 3593 ὑποφαίνειν,

2200 3617 2289 3664 καὶ
2346 3613 2592 3683 μηκύνειν
2650 3612 2736 3662 τόν
2782 3609 2969 3681 λόγον;
3001 3615 3089 3662 καὶ
3140 3615 3383 3684 χρηστός
3430 3608 3568 3662 ἐστιν
3612 3607 3660 3661 ἓν
3693 3616 3805 3671 τοῖς

2200 3704 2326 3774 πρὸς
2386 3703 2506 3760 τοὺς
2577 3695 2893 3772 ὁμοδούλους
2944 3704 3408 3773 χρηστευομένοις,
3465 3704 3554 3751 καὶ
3614 3698 3801 3752 ἀπότο-

2199 3810 2295 3862 μος
2344 3788 2391 3840 ἓν
2440 3795 2551 3849 τοῖς
2605 3786 2995 3860 ἁσυμπαθέσιν.
3061 3788 3137 3841 Οὖ
3186 3790 3353 3842 εἵνεκα
3380 3790 3435 3841 αἱ
3484 3788 3727 3861 ἰατρεῖαι,
3752 3790 3807 3841 αἱ

2201 3878 2464 3951 ἐπιτιμίαι
2511 3879 2647 3929 κατὰ
2676 3880 2763 3929 τὸν
2817 3882 3046 3949 παρόντα
3095 3882 3287 3949 χρόνον
3326 3878 3623 3950 τελούμεναι
3657 3893 3671 3907 ⁶
3701 3877 3806 3949 οὐχ

2199 3969 2267 4029 ὡς
2294 3968 2324 4025 ἡ
2364 3970 2605 4039 τιμιότης
2648 3985 2742 4018 σου
2783 3963 3186 4039 κεκωμῴδηκεν,
3242 3967 3412 4039 ἄπαγε
3442 3974 3535 4026 τῆς
3567 3962 3803 4038 βλασφη-

2198 4061 2339 4129 μίας,
2398 4052 2523 4109 ούδε
2579 4052 2885 4108 σκανδάλων
2944 4060 3200 4131 παραίτια
3252 4058 3318 4109 τὰ
3375 4061 3639 4129 γινόμενα,
3697 4053 3805 4106 ἀλλ’

2199 4145 2444 4206 ἀληθινῆς
2508 4143 2719 4216 ἀγάπης
2801 4150 3084 4218 τεκμήρια.
3165 4151 3303 4205 Φησὶ
3357 4148 3458 4220 γὰρ
3519 4147 3545 4196 ό
3596 4147 3801 4219 Κύριος,

2195 4238 2516 4292 Τοιαύτην
2555 4232 2807 4305 ἀγάπην
2849 4232 3073 4298 οὐδεὶς
3109 4235 3274 4308 ἔχει,
3306 4236 3400 4287 ἵνα
3435 4254 3528 4294 τις
3566 4238 3670 4293 τὴν
3702 4234 3806 4304 ψυ-

2196 4329 2323 4398 χὴν
2363 4324 2560 4376 αὐτοῦ
2602 4325 2672 4395 θῇ
2717 4325 2868 4396 ύπερ
2910 4332 3027 4375 τῶν
3085 4325 3273 4397 φίλων
3313 4324 3528 4377 αὐτοῦ.

512 4428 760 4484 Posuere
787 4427 964 4499 igitur
997 4429 1231 4485 animas
1263 4444 1404 4485 suas
1432 4428 1650 4485 medici
1703 4445 1810 4501 pro
1852 4429 1924 4485 iis
1983 4429 2085 4501 qui

2272 4433 2517 4487 Τιθέασιν
2557 4427 2644 4482 οὖν
2687 4433 2778 4492 τὰς
2832 4431 3018 4504 ψυχὰς
3048 4432 3217 4484 αὐτῶν
3272 4433 3399 4506 ὑπὲρ
3432 4440 3531 4484 τῶν
3567 4449 3803 4504 ιατρευο·

435 4519 692 4589 egebant
720 4519 1050 4587 curatione,
1096 4518 1266 4589 juxta
1314 4535 1524 4574 verum
1572 4534 2086 4574 sermonemznec

436 4606 655 4662 divinae
673 4606 1142 4678 dispensationis
1169 4614 1565 4663 mercaturam
1598 4607 1860 4663 fecerunt
1878 4607 2086 4663 Christi

436 4697 854 4766 negotiatores.
887 4697 967 4751 Ac
998 4695 1259 4768 populus
1281 4696 1382 4751 Dei
1403 4695 1668 4769 quotidie
1689 4702 2045 4767 repurgatur
2069 4716 2080 4755 :

434 4790 493 4841 et
517 4785 736 4840 domus
778 4784 916 4840 Saul
945 4785 1294 4841 decrescens
1346 4785 1662 4841 imminuta
1715 4793 1834 4844 est:
1867 4786 2085 4841 domus

437 4878 634 4930 autem
666 4874 851 4929 David
886 4874 1079 4944 major
1107 4874 1316 4930 effecta
1350 4880 1403 4929 et
1431 4874 1815 4945 ampliﬁcata,
1851 4890 2087 4947 semper

436 4963 495 5018 in
551 4962 766 5017 melius
800 4963 1143 5033 proﬁciente
1197 4964 1450 5019 sanitate
1473 4965 1541 5018 ⁴⁸.
1596 4964 1706 5020 Sed
1748 4964 1908 5019 enim
1939 4965 2086 5036 quid

435 5057 631 5122 optas,
664 5051 753 5106 vir
783 5053 1037 5121 egregie,
1080 5052 1171 5107 his
1203 5052 1571 5123 temporibus
1625 5054 2086 5125 praevalescente

434 5140 671 5208 haeresi,
693 5156 761 5195 ac
779 5140 985 5196 divino
1004 5145 1289 5212 pereunte
1312 5141 1569 5212 opiﬁcio,
1596 5142 1825 5197 nullum
1847 5144 2085 5214 uspiam

435 5229 742 5285 medicum
773 5229 1024 5285 inveniri
1055 5228 1083 5283 ?
1110 5229 1332 5285 nullam
1365 5247 1499 5286 esse
1536 5231 1814 5287 medendi
1847 5237 2033 5289 artem
2056 5233 2084 5290 ?

436 5333 556 5372 non
577 5318 828 5390 praeberi
859 5336 1014 5374 caeco
1044 5335 1293 5375 manum
1313 5318 1340 5374 ?
1375 5337 1493 5375 non
1523 5320 1722 5375 sanari
1751 5323 2084 5390 aegrotum?

436 5407 699 5462 nonindi
727 5408 953 5463 vulneri
982 5408 1388 5463 lineamentun
1421 5410 1448 5464 ?
1478 5425 1598 5464 non
1630 5410 1912 5465 claudum
1939 5412 2083 5480 erigi

508 5497 551 5529 ³⁷
586 5497 758 5552 Hebr.
792 5513 847 5566 v,
886 5502 931 5551 1.
1013 5499 1058 5533 ³⁸
1088 5498 1200 5554 Isa.
1233 5513 1326 5560 XL,
1364 5503 1379 5551 t
1422 5516 1488 5552 ex
1533 5500 1675 5554 LXX.

440 5582 523 5637 1n,
552 5570 639 5624 t3.
720 5570 765 5603 "
790 5570 959 5625 Joan.
989 5584 1085 5639 xv,
1116 5569 1202 5625 13.
1282 5570 1329 5604 ⁴³
1362 5569 1408 5623 ΙΙ
1440 5572 1577 5641 Reg.
1611 5586 1691 5637 ιιι,
1728 5575 1777 5627 t.

1754 5499 1800 5533 ³9
1840 5499 1952 5556 Isa.
1985 5517 2125 5566 xxx,
2191 5507 2252 5558 15
2297 5519 2370 5559 ex
2423 5502 2574 5558 LXX.

2196 4525 2357 4594 μένων
2412 4522 2460 4572 οἱ
2523 4519 2824 4592 ἀκέστορες,
2895 4524 3031 4573 κατὰ
3086 4524 3172 4575 τόν
3229 4521 3393 4579 ἁληθῆ
3446 4521 3596 4593 λόγον
3633 4539 3647 4552 ο
3711 4520 3804 4572 ούκ

2197 4611 2601 4683 ἐμπορευόμενοι
2665 4613 2759 4668 τὴν
2815 4612 3074 4685 θεόκριτον
3136 4611 3432 4682 οἰκονομίαν
3484 4612 3548 4670 ὡς
3602 4617 3801 4683 Χριστ·

2196 4705 2432 4773 ἐμποροι,
2490 4702 2591 4751 Καὶ
2638 4700 2663 4750 ὀ
2715 4698 2838 4761 λαός
2886 4707 2979 4752 τοῦ
3021 4707 3153 4753 Θεοῦ
3202 4701 3460 4775 ὁσημέραι
3519 4698 3800 4751 ἀνακαθαί-

2198 4807 2347 4863 ρεται
2380 4803 2391 4815 ·
2434 4793 2523 4840 καὶ
2582 4787 2607 4840 ὀ
2662 4785 2805 4851 οἶκος
2834 4789 2997 4841 Σαούλ
3029 4788 3254 4842 ἀσθενῶν
3309 4788 3609 4847 ἠλάττωται
3642 4810 3653 4821 ·
3685 4789 3712 4840 ὁ
3746 4784 3803 4841 δὲ

2195 4874 2331 4939 οἶκος
2392 4874 2559 4930 Δαυῖδ
2617 4877 3023 4950 μεγαλυνόμενος
3099 4878 3392 4941 ἐπηύξηται
3426 4897 3439 4910 ο
3496 4876 3551 4929 ἐκ
3612 4880 3801 4930 τούτου

2195 4967 2267 5030 εἰς
2362 4975 2511 5020 τοῦτο
2609 4972 2985 5039 μεταττομένου
3060 4975 3154 5019 τοῦ
3215 4966 3547 5040 ἁνοσήματος
3633 4966 3801 5039 [Cod.

2194 5059 2336 5125 Reg.
2396 5055 2799 5129 ἂνασήλαντος].
2863 5054 3021 5111 Ἀλλὰ
3054 5061 3104 5108 τί
3137 5055 3368 5129 βούλοιο,
3397 5054 3436 5108 ὦ
3477 5057 3743 5128 θαυμάσιε
3782 5072 3795 5086 ”

2194 5148 2244 5197 ἓν
2304 5148 2569 5206 τοσούτοις
2648 5151 2859 5219 χρόνοις
2924 5144 3307 5218 ἐπικρατούσης
3379 5152 3475 5207 τῆς
3531 5148 3800 5217 αἱρέσεως,

2199 5239 2289 5287 καὶ
2344 5234 2624 5307 όλλυμένου
2677 5242 2771 5287 τοῦ
2829 5236 2965 5288 θείου
3005 5234 3331 5308 πλάσματος,
3377 5239 3447 5307 μὴ
3481 5233 3806 5294 ὀπτανθῆναι

2200 5323 2374 5396 ἰατρόν
2431 5329 2483 5377 τί
2537 5344 2635 5376 που
2689 5341 2703 5391 ;
2760 5328 2830 5396 μὴ
2887 5320 3015 5376 εἶναι
3072 5326 3449 5398 θεραπευτικὰς
3497 5320 3803 5395 μεθόδους;

2196 5418 2267 5485 μὴ
2348 5415 2820 5488 χειραγωγηθῆναι
2856 5413 3276 5485 τυφ)ώττοντα;
3337 5417 3409 5484 μὴ
3483 5413 3805 5483 ὑγιασθῆναι

2651 5502 2839 5559 “Isa.
2901 5518 3053 5569 LVIII,
3110 5508 3141 5560 9
3198 5518 3271 5558 ex
3321 5504 3465 5558 LXX.
3544 5502 3589 5536 ⁴¹
3622 5500 3802 5557 Hebr.
