4036 6276
240 252 378 312 1509

236 380 681 453 νοσηλεύομενον;
759 387 832 454 μὴ
923 384 1222 455 μοτωθῆναι

234 473 309 541 μὴ
368 467 735 542 ὀρθοποδῆσαι
799 471 1140 543 χωλεύοντα;
1210 477 1281 543 μὴ
1351 470 1844 546 καταδεσμευθῆναι

237 558 635 632 συντριϐόμενον
697 580 710 628 ;
770 566 840 633 μὴ
893 564 1280 635 ἐπιστραφῆναι
1330 563 1652 635 πλανώμενον
1696 583 1708 631 ;
1769 566 1839 634 μὴ

234 651 371 700 κατὰ
429 654 531 700 πᾶν
580 652 751 702 ὁτιοῦν
801 656 1009 722 νόσημα
1054 653 1281 704 καθόσον
1333 653 1438 704 οἶόν
1483 671 1536 704 τε
1587 650 1845 723 έπαγωνί-

242 738 442 789 σασθαι
492 740 579 790 τὸν
629 742 1080 813 προαιρούμενον;
1124 745 1369 812 Καίτοιγε
1422 742 1616 813 ὁρῶμεν
1648 739 1696 793 ἐν
1734 747 1845 801 τοῖς

239 832 342 877 τῶν
402 829 656 899 σωμάτων
709 828 907 903 ἰατροῖς
972 828 1167 888 πολλὴν
1224 834 1317 888 τὴν
1384 828 1689 901 ἐπιμέλειαν,
1754 833 1843 881 καὶ

235 914 403 967 πολλὰ
427 917 492 967 τὰ
521 916 734 990 ὶατὴρια
772 935 785 948 ·
843 923 932 970 καὶ
980 921 1034 980 ὃς
1063 921 1154 991 μὲν
1202 915 1370 984 τόνδε,
1415 918 1467 980 ὃς
1499 915 1557 971 δε
1585 915 1734 971 τόνδε
1763 916 1838 970 έκ-

232 1008 569 1078 κεχείρισται
621 1008 953 1078 θεραπεύειν·
1004 1011 1095 1059 καὶ
1149 1004 1273 1060 ούδε
1334 1009 1359 1059 ὁ
1404 1006 1450 1059 έν
1488 1007 1629 1071 τάξει
1668 1006 1839 1080 [(ῖοό.

234 1092 377 1161 Reg.
446 1092 658 1166 στάσει]
712 1095 973 1168 ὑπηρέτου
1040 1098 1480 1168 κατατεταγμένος
1557 1094 1842 1150 κεκώλυται

232 1189 540 1254 χειραπτεῖν
587 1185 721 1236 κατὰ
777 1188 873 1242 τὴν
931 1182 1145 1237 ένοῦσαν
1192 1185 1372 1246 αὐτοῖς
1431 1186 1668 1259 ἰατρικὴν
1729 1188 1844 1238 ἐπι-

235 1274 466 1342 στήμην,
512 1272 541 1330 ἣ
598 1276 964 1345 προύχουσαν,
1020 1277 1050 1332 ἤ
1094 1275 1449 1346 ὑφισταμένην
1487 1275 1651 1345 [C0d.
1684 1275 1830 1343 Reg.

232 1358 563 1433 ὑφειμένην].
660 1367 759 1415 Καὶ
826 1364 1156 1420 καθεκάστην
1206 1365 1254 1414 οἱ
1300 1366 1697 1433 συγκύπτοντες,
1751 1364 1842 1414 καὶ

233 1446 450 1521 πλήρεις
481 1452 535 1501 αἱ
573 1453 784 1512 τούτους
834 1448 1223 1524 ὑποδεχόμεναι
1274 1452 1448 1505 ἑστίαι
1481 1466 1495 1479 ⁸
1548 1457 1637 1504 καὶ
1666 1448 1843 1513 οὐδεὶς

233 1539 545 1609 κατεγκαλεῖ
614 1544 709 1598 τήν
765 1540 1055 1613 ἐπιμέλειαν
1089 1560 1102 1573 ·
1167 1538 1291 1593 οὐδε
1365 1547 1698 1593 καταιτιᾶται
1756 1544 1841 1592 τὸν

202 1631 355 1701 ,περὶ
408 1632 501 1686 τὴν
572 1629 796 1702 ἰατρεῖαν
876 1627 1472 1703 σπουδαιολογούμενον,
1540 1630 1699 1685 Ἀλλὰ
1751 1632 1837 1681 καὶ

1502 254 2007 315 EPISTOLAHUM
2052 257 2187 314 LIB.
2234 258 2303 315 ΙῙ.

1316 383 1791 458 τραυματιζόμενον
1828 401 1836 449 ς

1955 388 2016 439 ut
2069 389 2230 440 recto
2278 386 2429 457 pede
2493 385 2785 442 incedat?
2832 402 2954 443 non
3004 386 3171 459 quod
3225 386 3596 443 confractum

3465 261 3599 317 1510

1953 477 2039 528 est
2065 473 2331 544 colligari
2358 477 2386 530 ‘I
2408 490 2531 530 non
2573 480 2781 531 contra
2808 475 3139 548 quemlibet
3177 476 3457 531 morbum
3489 492 3598 548 pro

1954 562 2098 617 virili
2125 563 2425 619 decertare
2450 580 2588 619 eum
2610 565 2713 636 qui
2739 565 2931 620 facere
2952 565 3009 620 id
3038 565 3271 637 possit?
3302 568 3366 620 Et
3397 566 3598 637 utique

1952 652 2011 706 in
2042 652 2289 708 medicis
2321 668 2640 724 corporum
2674 654 3002 710 maximam
3026 654 3394 723 diligentiam
3428 655 3600 711 adhi-

1951 740 2187 807 bemus,
2216 757 2286 797 ac
2318 742 2759 798 medicamenta
2812 742 3089 815 plurima.
3142 746 3207 798 Et
3231 743 3325 798 hic
3351 743 3597 814 quidem

1953 828 2155 895 istum,
2177 830 2358 886 alium
2388 832 2496 886 iste
2518 832 2854 887 curandum
2877 833 3161 905 suscipit:
3194 848 3388 904 neque
3415 833 3515 904 qui
3538 834 3598 888 in

1952 918 2159 974 ordine
2191 920 2599 975 ministrorum
2655 926 2952 987 censetur,
2981 922 3303 977 admovere
3346 938 3599 977 manum

1953 1008 2321 1078 prohibetur,
2346 1010 2516 1079 juxta
2569 1026 2702 1065 eam
2756 1026 2945 1082 quam
2989 1010 3161 1066 callet
3186 1016 3371 1066 artem
3402 1011 3597 1066 medi-

1951 1096 2150 1161 candi,
2182 1097 2302 1153 sive
2331 1098 2739 1167 excellentem,
2783 1099 2906 1155 sive
2955 1100 3313 1155 inferiorem.
3356 1103 3422 1155 Et
3460 1104 3599 1155 sunt

1950 1186 2215 1257 quotidie
2235 1188 2339 1259 qui
2362 1188 2607 1243 vulnera
2635 1189 2970 1261 inspiciant,
3009 1194 3063 1244 et
3093 1189 3280 1260 plenae
3306 1193 3443 1244 sunt
3462 1205 3597 1261 quas

1948 1273 2057 1329 hos
2088 1276 2568 1347 excipiuutaades
2601 1293 2614 1330 :
2645 1293 2753 1332 nec
2770 1278 3092 1351 quisquam
3121 1278 3489 1348 diligentiam
3511 1294 3598 1333 re-

1951 1364 2281 1435 prehendit,
2306 1371 2407 1421 aut
2433 1370 2832 1422 accusateum
2863 1368 2964 1440 qui
2985 1366 3231 1423 medica:
3264 1368 3370 1423 arti
3402 1367 3594 1440 perdi-

1951 1453 2188 1508 scendae
2209 1454 2315 1510 dat
2345 1470 2612 1527 operam.
2642 1456 2755 1512 Sed
2785 1464 2841 1510 et
2880 1459 3178 1528 principes
3214 1472 3283 1511 ac
3311 1456 3596 1528 praecipui

1952 1542 2345 1608 medicorum,
2364 1549 2419 1599 et
2441 1545 2793 1613 mediocres,
2817 1544 3096 1611 etinﬁmi,
3123 1545 3367 1616 plenum
3383 1546 3595 1601 huma-

1950 1632 2147 1687 uitatis
2170 1632 2532 1705 obsequium
2564 1634 2855 1689 deferunt.
2883 1635 3051 1699 Quod
3081 1636 3129 1689 si
3162 1638 3240 1690 ita
3267 1652 3328 1690 se
3352 1651 3447 1690 res
3477 1635 3595 1690 illic

234 1722 574 1790 πρώταρχοι,
605 1724 694 1773 καὶ
734 1718 1047 1793 ἁρχιητροὶ,
1084 1725 1173 1773 καὶ
1204 1724 1376 1792 μέσοι,
1409 1724 1499 1772 καὶ
1533 1720 1836 1785 τελευταῖοι,

1946 1719 2166 1776 habet:
2200 1721 2390 1777 multo
2443 1722 2633 1778 verius
2692 1724 2895 1795 utique
2944 1724 3001 1778 in
3035 1723 3106 1778 iis
3139 1739 3273 1796 quae
3326 1725 3593 1779 animam

234 1809 331 1864 την
394 1807 751 1881 φιλάνθρωπον
815 1806 1033 1883 δρῶντες
1120 1809 1438 1882 οἰκονομίαν.
1498 1809 1559 1861 Εἰ
1634 1806 1692 1862 δὲ
1738 1808 1842 1862 ἐκεῖ

236 1895 402 1959 οὕτως
438 1914 449 1925 ·
481 1897 649 1969 πολλῷ
690 1895 950 1957 δήπουθεν
1009 1898 1058 1951 ἐν
1104 1907 1210 1959 τοῖς
1257 1901 1392 1951 κατὰ
1445 1899 1653 1971 ψυχὴν,
1705 1900 1841 1951 κατὰ

236 1987 296 2037 τὸ
338 1983 607 2056 ἀνάλογον,
668 1990 837 2041 πάντα
883 1993 972 2041 καὶ
1025 1990 1208 2062 ὁρᾶται
1259 1994 1348 2040 καὶ
1415 1988 1597 2061 ὀφείλει
1673 1992 1840 2059 γίγνε-

236 2075 384 2129 σθαι.
418 2081 516 2128 Καὶ
557 2078 582 2127 ὁ
620 2077 886 2142 κωλύσων,
933 2078 1128 2150 λυμεὼν
1176 2097 1257 2140 τις
1301 2082 1391 2129 καὶ
1439 2080 1608 2138 κοινός
1652 2076 1840 2150 ἐχθρὸς

235 2170 331 2215 τοῦ
359 2168 558 2235 γένους,
605 2169 674 2227 ὡς
712 2174 782 2237 τῷ
832 2166 921 2218 ἀπ’
980 2166 1151 2239 ἀρχῆς
1201 2165 1604 2239 ἁνθρωποκτόνῳ
1665 2185 1839 2240 συνερ-

226 2260 342 2323 γῶν
370 2252 763 2326 λογισθήσεται.
817 2262 913 2319 Οὐ,
970 2260 1121 2328 φησὶ,
1177 2263 1408 2308 τοιοῦτον
1444 2258 1501 2308 τὸ
1550 2257 1834 2328 ἡμέτερον

222 2339 346 2393 ἀλλ’
388 2341 546 2396 έκεῖνο
590 2346 935 2417 πυνθάνομαι,
987 2344 1067 2397 ὃτι
1106 2344 1150 2397 εἰ
1201 2346 1225 2397 ὁ
1295 2347 1485 2417 Κύριος
1544 2348 1639 2403 τὴν
1679 2346 1835 2417 μετά-

224 2449 382 2483 νοιαν
411 2437 752 2505 παρατροπὴν
808 2430 969 2486 οὖσαν
1014 2441 1103 2495 τῆς
1152 2441 1243 2486 τοῦ
1302 2431 1512 2486 δικαίου
1572 2432 1837 2507 ἀκριϐείας

235 2514 337 2571 διὰ
385 2524 444 2573 τό
501 2521 697 2592 ἀγαθόν
744 2523 804 2575 ού
858 2522 1142 2597 τεθάρῥηκε
1181 2519 1486 2597 δωρεῖσθαι,
1515 2528 1636 2596 πρὶν
1662 2528 1837 2576 πᾶσαν

234 2606 567 2681 ὀφειλομένην
607 2617 716 2673 τοῖς
772 2619 861 2664 τοῦ
923 2609 1134 2664 δικαίου
1193 2613 1445 2684 σταθμοῖς
1495 2631 1551 2665 τε
1613 2617 1703 2664 καὶ
1748 2612 1838 2673 ζυ-

230 2704 371 2768 γοῖς,
429 2696 501 2751 δι’
549 2699 734 2753 ἑαυτοῦ
790 2703 1112 2754 καταθέσθαι
1169 2697 1382 2753 δικαίαν
1411 2705 1701 2776 τιμωρίαν
1759 2706 1836 2763 τίς

229 2786 493 2864 τολμηρὸς
539 2794 629 2841 καὶ
677 2791 1020 2864 ὑπερήφανος,
1074 2791 1125 2850 ὃς
1202 2788 1463 2863 ἐπιτρέψει
1522 2790 1687 2861 ἑαυτῷ
1744 2810 1837 2862 με-

228 2879 448 2929 τάνοιαν
489 2879 791 2952 καθαρίζειν
868 2887 968 2931 τῶν
1035 2877 1402 2951 ἀρνησαμένων
1456 2887 1547 2932 τοῦ
1599 2887 1837 2952 Σωτῆρος

226 2966 385 3038 ἡμῶν
435 2974 668 3041 Χριστοῦ
714 2970 780 3020 τὰ
844 2969 970 3043 ὑπὲρ
1016 2969 1162 3036 ἡμῶν
1213 2970 1499 3041 παθήματα
1540 2985 1552 2998 ·
1599 2973 1669 3042 μὴ
1710 2973 1837 3042 πρό-

225 3074 380 3129 τερον
409 3055 618 3109 ἅπασαν
664 3058 861 3110 ἔκτισιν
909 3053 1199 3110 ἀποδοῦναι
1227 3065 1289 3130 τῇ
1323 3065 1414 3111 τοῦ
1445 3055 1657 3110 δικαίου
1698 3056 1837 3110 ἁπα-

224 3143 450 3218 ραϐάτω
490 3145 771 3221 αύστηρίᾳ.

303 3239 406 3287 Φεῦ
452 3242 543 3287 τοῦ
614 3235 875 3310 τολμηροῦ
939 3240 1028 3289 καὶ
1103 3234 1352 3289 ἀσυνέτου
1433 3234 1832 3309 προϐλήματοςί

226 3327 369 3376 Πότε
420 3324 588 3378 ὦπται
662 3327 687 3377 ὁ
734 3328 960 3401 Χριστὸς
1022 3330 1113 3384 τὴν
1171 3326 1446 3397 μετάνοιαν
1503 3324 1835 3395 εὐαγγελιζό-

221 3430 412 3484 μενοςς
476 3418 600 3467 πότε
647 3422 720 3485 τῷ
766 3413 1100 3487 ποραλυτικῷ
1154 3416 1327 3486 εἴρηκε
1361 3434 1373 3447 ·
1436 3415 1703 3486 Θάρσει,
1744 3416 1838 3466 τέ-

220 3520 401 3568 κνον,
434 3502 754 3576 ἀφέωνταί
809 3522 912 3556 σοι
951 3505 1013 3556 αἱ
1064 3503 1382 3575 ἁμαρτίαι
1423 3522 1535 3555 σου
1567 3522 1580 3569 ;
1613 3506 1741 3555 Πότε
1770 3510 1833 3575 τῇ

222 3587 492 3667 δακρύοις
522 3590 793 3668 βρεχούση
852 3597 1015 3666 πόρνῃ
1052 3596 1176 3653 τούς
1221 3594 1385 3653 θείους
1416 3590 1585 3654 πόδας
1622 3594 1652 3650 η
1699 3591 1831 3650 αὑτὴ

221 3687 588 3755 συγχώρησις
663 3678 981 3756 δεδώρηται,
1050 3680 1441 3739 ἐπιπλήττουσα
1497 3686 1702 3754 Σίμωνα
1748 3684 1834 3733 τὸν

214 3770 559 3846 έστιάτορα;
607 3778 740 3826 Πότε
802 3780 876 3842 τῷ
928 3770 978 3823 ἐν
1056 3769 1295 3823 ἁσθενεία
1380 3775 1729 3843 κατακειμένῳ
1784 3771 1834 3822 ἓν

211 3863 514 3933 τριάκοντα
567 3866 659 3912 καὶ
709 3860 844 3912 ὀκτώ
913 3862 1078 3912 ἔτεσιν
1143 3861 1346 3933 εῖρηται
1386 3876 1399 3890 °
1466 3856 1554 3911 Ἰδ
1565 3878 1587 3912 ε
1644 3860 1835 3929 ὑγιὴς

207 3953 789 4022 γέγονας,.μηκέτι
849 3947 1173 4022 ἁμάρτανε
1202 3965 1214 3977 '
1259 3949 1358 4000 ἱνα
1386 3952 1467 4019 μὴ
1500 3952 1722 4020 χεῖρόν
1774 3952 1835 4000 τί

209 4056 320 4091 σοι
378 4042 657 4110 γένηται
685 4056 697 4069 ’
732 4041 797 4099 ὡς
826 4038 878 4101 ἐξ
903 4038 1160 4111 ἁμαρτίας
1202 4032 1411 4095 δηλαδὴ
1443 4044 1538 4098 τῆς
1568 4035 1835 4098 ἀσθενείας

203 4125 653 4198 έπισκηψάσης;
711 4127 839 4180 ἀλλὰ
902 4127 1035 4180 ἄττα
1085 4127 1182 4179 ούκ
1250 4129 1489 4199 εὔκαιρον
1536 4127 1833 4198 ὑποφαίνειν

207 4214 597 4290 ἁνελιττομένῳ
671 4218 981 4289 θεοσημείας
1063 4218 1227 4290 ἔργον
1307 4219 1521 4290 πότερον
1577 4218 1678 4288 πρὸ
1740 4222 1833 4267 τοῦ

207 4308 449 4373 πάθους,
497 4306 527 4366 ἣ
559 4308 691 4378 μετὰ
730 4310 787 4358 τό
840 4308 1043 4370 πάθος;
1085 4304 1144 4358 Εἰ
1195 4301 1254 4357 δι
1281 4310 1444 4356 πᾶσιν
1489 4301 1708 4361 εὔδηλον
1746 4304 1832 4356 καὶ

208 4395 662 4469 ὁμολογούμενον,
715 4394 795 4447 ὃτι
871 4397 973 4467 πρὸ
1052 4400 1144 4445 τοῦ
1215 4395 1435 4459 πάθους,
1514 4395 1686 4467 ὥσπερ
1743 4398 1832 4446 καὶ

206 4491 340 4550 τοὺς
399 4486 644 4559 μαθητὰς
693 4483 1031 4544 ἀπεσταλκὼς
1114 4479 1340 4536 δίδωσιν
1386 4482 1649 4551 ἐξουσίαν,
1718 4489 1833 4536 πᾶ-

206 4594 330 4629 σαν
363 4579 561 4628 νόσον
592 4578 699 4626 καὶ
728 4578 938 4626 πᾶσαν
976 4571 1299 4645 μαλακίαν
1344 4573 1717 4645 θεραπεύειν
1752 4589 1763 4601 ·
1799 4570 1829 4630 ἢ

205 4684 293 4727 τις
336 4660 441 4717 διὰ
469 4670 563 4724 τῆς
600 4670 701 4715 τῶν
726 4665 1163 4735 προσεχυομένων
1224 4659 1392 4732 [C0d.
1434 4659 1581 4730 Reg.
1608 4679 1833 4736 προσερ-

200 4751 489 4828 χομένων]
558 4756 828 4825 μετανοίας
901 4755 991 4803 καὶ
1080 4752 1425 4811 ύποπτώσεως
1489 4747 1788 4822 έδεδὼρητο
1816 4766 1828 4779 ·

199 4848 283 4904 τίς
333 4846 367 4902 ἡ
431 4842 671 4917 τολμηρὰ
715 4841 933 4914 γλῶσσα
978 4842 1383 4913 ἑπιφθεγγομένη
1454 4842 1525 4911 μὴ
1584 4838 1834 4914 τεθαρῥη-

196 4939 352 4986 κέναι
385 4935 646 5005 Χριστὸν,
693 4934 794 5004 πρὸ
843 4938 936 4983 τοῦ
984 4935 1105 5000 πρὶν
1156 4934 1333 4981 πᾶσαν
1364 4927 1693 5001 ὀφειλομένην
1723 4936 1834 4990 τοῖς

196 5030 295 5078 τοῦ
334 5019 559 5075 δικαίου
614 5022 862 5093 σταθμοῖς
889 5038 944 5072 τε
989 5023 1079 5071 καὶ
1138 5018 1324 5089 ζυγοῖς
1379 5014 1451 5069 δι’
1501 5016 1687 5070 ἑαυτοῦ
1736 5037 1832 5069 κα-

197 5113 474 5167 ταθέσθαι
553 5106 765 5163 δικαίαν
861 5112 1116 5181 τιμωρίαν
1149 5126 1161 5139 ·
1232 5104 1505 5159 κάντεῦθεν
1588 5108 1831 5178 έπιτιμᾷν

197 5209 321 5263 τοῖς
378 5208 483 5261 τῆς
536 5204 810 5271 μετανοίας
862 5193 1261 5270 ἁναδεξαμένοις
1329 5199 1417 5253 τὴν
1484 5194 1780 5267 οἰκονομίαν
1812 5214 1825 5227 θ

199 5294 269 5353 ὡς
342 5289 611 5360 τολμηρός
663 5292 753 5340 καὶ
801 5288 1144 5361 ὑπερηφάνοις
1210 5302 1223 5313 ⁶
1275 5288 1347 5355 μὴ
1393 5289 1642 5357 πρότερον
1691 5284 1831 5337 ἅπα-

198 5400 302 5434 σαν
332 5379 635 5432 ἀποτίσασι
673 5382 766 5435 τὴν
820 5384 911 5428 τοῦ
943 5373 1155 5428 δικαίου
1205 5373 1496 5445 αὐστηρίαν
1530 5391 1543 5440 ;
1586 5376 1616 5431 ἦ
1669 5369 1827 5431 δῆλον

839 5546 887 5581 ⁴⁵
922 5547 1054 5601 Luc.
1084 5558 1184 5608 vn,
1217 5544 1305 5597 4-4.
1384 5543 1430 5577 ⁸⁸
1453 5544 1621 5599 Joan.
1650 5557 1709 5609 v,
1732 5541 1822 5598 14.

277 5552 330 5587 ⁸⁸
362 5547 572 5606 Matth.
602 5562 679 5613 ix,
710 5545 762 5600 2.

1950 1816 2242 1881 spectant,
2274 1814 2656 1884 proportione
2710 1812 2833 1867 ﬁeri
2888 1813 3092 1868 omnia
3146 1819 3203 1867 et
3233 1813 3510 1868 videntur
3538 1817 3596 1868 et

1947 1913 2188 1955 necesse
2218 1904 2321 1955 est.
2355 1906 2435 1955 Ac
2460 1902 2506 1955 si
2537 1902 2672 1973 quis
2717 1901 3104 1973 prohibuerit,
3140 1903 3385 1957 humani
3417 1916 3592 1972 gene-

1947 1988 2025 2043 ris
2046 1989 2141 2043 ille
2171 1989 2358 2060 pestis
2395 1990 2675 2061 quaedam
2706 1995 2763 2046 et
2800 1990 3138 2046 communis
3170 1991 3362 2046 hostis
3393 2003 3595 2046 cense-

1950 2075 2129 2147 bitur,
2188 2083 2480 2150 tanquam
2532 2080 2582 2134 ei
2632 2079 2736 2152 qui
2789 2079 2866 2135 ab
2918 2079 3081 2135 initio
3130 2079 3434 2135 homicida
3463 2078 3592 2144 fuit,

1949 2168 2346 2222 consentiens.
2381 2169 2506 2223 Non
2566 2168 2671 2233 sic,
2704 2169 2926 2241 inquis,
2960 2174 3176 2225 nostra
3207 2185 3299 2224 res
3328 2168 3591 2233 habent;

1949 2254 2051 2310 sed
2082 2254 2224 2311 illud
2257 2271 2405 2327 rogo
2431 2273 2445 2311 :
2471 2257 2517 2312 si
2554 2257 2838 2313 Dominus
2866 2258 3300 2331 paenitentiam,
3335 2273 3469 2330 quas
3493 2256 3593 2312 de-

1947 2342 2120 2399 fectio
2150 2349 2240 2400 est
2260 2345 2337 2400 ab
2369 2350 2579 2401 exacta
2599 2346 2831 2418 justitia
2860 2351 2918 2402 et
2950 2346 3176 2409 virtute,
3208 2346 3591 2419 quantumvis

1948 2434 2433 2490 commendanda
2460 2436 2556 2503 sit,
2606 2451 2726 2491 non
2749 2452 2932 2492 ausus
2960 2441 3046 2490 est
3074 2438 3320 2508 praemio
3341 2435 3588 2501 donare,

1947 2528 2270 2593 antequam
2287 2523 2553 2579 debitam
2579 2524 2802 2581 meritis
2820 2540 3062 2596 poenam
3084 2541 3329 2581 omnem
3350 2524 3590 2595 adjuris

1945 2614 2001 2664 et
2028 2611 2182 2683 aequi
2212 2612 2493 2668 trutinam
2521 2628 2591 2668 ac
2617 2618 2896 2669 stateram
2925 2630 3031 2686 per
3061 2630 3125 2669 se
3154 2613 3281 2686 ipse
3302 2613 3588 2669 solveret:

1944 2699 2081 2770 quis
2105 2700 2305 2757 audax
2334 2700 2486 2757 adeo
2530 2717 2600 2757 ac
2644 2703 3012 2766 temerarius,
3045 2704 3146 2775 qui
3179 2703 3293 2759 hoc
3318 2702 3431 2757 sibi
3462 2702 3592 2773 ipse

1945 2794 2200 2858 arroget,
2230 2795 2291 2845 ut
2332 2790 2745 2862 paenitentiam
2805 2791 3007 2847 tollere
3060 2792 3199 2848 velit
3228 2808 3457 2857 eorum,
3487 2791 3591 2864 qui

1944 2876 2226 2933 toleratos
2257 2895 2292 2934 a
2314 2880 2546 2935 Christo
2607 2882 2916 2937 Servatore
2971 2886 3174 2937 nostro
3213 2886 3454 2953 propter
3480 2897 3590 2936 nos

1945 2967 2246 3022 cruciatus
2260 2973 2582 3039 negarunt;
2616 2970 2725 3025 nisi
2744 2969 2906 3042 prius
2927 2969 3383 3026 omnedehitum
3408 2970 3591 3025 exsol-

1945 3055 2151 3119 verint,
2182 3055 2259 3111 ad
2290 3062 2563 3113 exactam
2613 3063 2668 3113 et
2717 3058 3116 3115 inviolabilem
3177 3059 3397 3113 summi
3439 3058 3590 3128 juris

1945 3142 2136 3214 legem
2157 3144 2185 3198 ?

2017 3234 2168 3290 Proh
2215 3234 2412 3291 audax
2467 3239 2523 3291 et
2574 3234 2924 3291 inconsultae
2966 3236 3180 3292 mentis
3218 3237 3535 3308 qumsitum
3572 3236 3585 3289 l

1945 3321 2341 3387 Quandonam
2358 3323 2519 3377 visus
2532 3328 2618 3377 est
2636 3324 2903 3381 Christus
2916 3326 3326 3395 paenitentiam
3357 3340 3588 3380 annun-

1944 3410 2100 3465 tians
2131 3413 2158 3467 ?
2183 3412 2581 3476 Quandonam
2613 3412 2946 3484 paralytico
2969 3414 3117 3469 dixit
3141 3432 3153 3469 :
3191 3414 3451 3483 Conﬁde,
3473 3413 3586 3482 ﬁli.

1942 3500 2451 3557 remittunturtibi
2460 3510 2705 3570 peccata
2720 3509 2824 3559 tua
2838 3503 2886 3538 “
2916 3503 2945 3555 ‘2
2975 3502 3227 3568 Quando
3267 3504 3319 3558 ei
3343 3502 3587 3574 quasia-

1944 3588 2168 3660 crymis
2190 3590 2428 3645 divinos
2460 3589 2644 3662 pedes
2673 3590 2908 3662 rigavit,
2927 3591 3136 3647 eadem
3160 3599 3388 3648 asserta
3417 3590 3589 3647 venia

1943 3684 2052 3743 est,
2069 3694 2204 3733 cum
2219 3677 2681 3749 reprehensione
2692 3679 2949 3736 Simonis
2980 3679 3369 3752 quiconvivio
3390 3680 3589 3751 ipsum

1943 3772 2257 3839 exceperat
2286 3768 2334 3803 ‘5
2354 3766 2383 3821 ?
2412 3768 2667 3833 Quando
2697 3769 2750 3824 ei
2793 3770 2895 3841 qui
2952 3777 3073 3825 erat
3100 3769 3442 3825 inﬁrmitate
3487 3784 3590 3840 po-

1945 3858 2093 3912 situs
2123 3857 2201 3913 ab
2232 3859 2406 3913 annis
2435 3863 2569 3913 octo
2602 3864 2657 3913 et
2704 3858 2968 3927 triginta,
3019 3858 3239 3913 dictum
3290 3865 3377 3913 est
3400 3874 3411 3912 :
3437 3858 3593 3915 Ecce

1942 3961 2125 4002 sanus
2143 3946 2344 4015 factus
2365 3961 2442 4011 es,
2467 3950 2599 4016 jam
2632 3947 2759 4003 noli
2784 3962 3032 4015 peccare
3056 3968 3075 4004 :
3102 3962 3175 4003 ne
3203 3947 3462 4003 deterius
3484 3946 3590 4003 tibi

1942 4035 2175 4107 aliquid
2186 4036 2493 4105 contingat
2522 4036 2569 4070 ⁴⁶
2595 4051 2607 4090 :
2644 4042 2928 4107 tanquam
2944 4042 3073 4091 orta
3088 4035 3436 4091 videlicetex
3456 4051 3592 4107 pec-

1943 4131 2076 4180 cato
2102 4123 2450 4195 aegritudine
2477 4124 2504 4178 ‘I
2536 4127 2776 4192 Caetera,
2831 4139 2966 4196 quae
2993 4124 3470 4196 intempestivum
3517 4125 3590 4180 sit

1942 4227 2195 4282 suggere
2223 4211 2437 4267 divinis
2492 4212 2720 4267 virtutis
2761 4228 2946 4284 opera
2975 4213 3344 4283 pervolventi
3393 4218 3589 4267 utrum

1942 4308 2077 4357 ante
2110 4301 2450 4372 passionem
2496 4305 2661 4371 gesta
2704 4305 2857 4365 sunt,
2901 4317 2977 4357 an
3010 4306 3144 4373 post
3190 4300 3589 4373 passionem?

1942 4390 2111 4455 Quod
2144 4391 2192 4445 si
2222 4390 2610 4445 manifestum
2657 4389 2940 4445 omnibus
2984 4389 3446 4463 confessumque
3471 4394 3582 4457 est,

1940 4486 2074 4536 ante
2091 4479 2433 4549 passionem
2461 4484 2630 4548 gesta
2659 4494 2670 4533 :
2698 4477 3217 4550 quemadmodum
3240 4486 3293 4534 et
3315 4479 3585 4551 discipu-

1937 4567 2010 4624 lis
2034 4584 2188 4640 quos
2232 4568 2414 4632 misit,
2446 4567 2608 4623 dedit
2665 4573 3113 4637 potestatem,ut
3144 4574 3430 4625 curarent
3460 4584 3585 4625 om-

1939 4672 2070 4713 nem
2086 4659 2433 4727 languorem
2452 4663 2504 4713 et
2524 4670 2753 4713 omnem
2768 4655 3270 4725 inﬁrmitatem":
3294 4673 3429 4729 quas
3448 4672 3581 4728 pro~

1939 4754 2068 4818 pter
2123 4746 2493 4818 precantium
2543 4746 2955 4815 paenitentiam
2989 4762 3059 4802 ac
3117 4745 3583 4802 submissionem

1938 4836 2078 4892 data
2109 4842 2195 4890 est
2218 4851 2230 4890 :
2253 4842 2481 4907 quanta
2510 4834 2764 4890 audacia
2795 4840 2881 4890 est
2914 4834 3134 4905 linguae
3167 4835 3438 4903 dicentis,
3462 4850 3584 4890 non

1939 4940 2153 4981 ausum
2181 4940 2311 4979 esse
2341 4924 2661 4991 Christum,
2713 4930 3039 4996 antequam
3071 4924 3334 4979 debitam
3366 4923 3587 4978 meritis

1939 5029 2182 5085 pcenam
2210 5027 2455 5068 omnem
2479 5011 2557 5067 ad
2579 5013 2728 5082 juris
2767 5013 3050 5068 trutinam
3080 5018 3135 5067 et
3169 5018 3451 5067 stateram
3480 5028 3587 5084 per

1940 5120 2001 5159 se
2026 5103 2279 5175 quisque
2300 5101 2586 5159 solveret:
2621 5106 2798 5173 atque
2822 5101 3042 5157 idcirco
3071 5101 3146 5154 iis
3169 5103 3271 5172 qui
3294 5101 3588 5172 poeniten-

1941 5194 2083 5250 tiam
2116 5192 2456 5256 admittunt,
2512 5190 3019 5261 dispensationem
3041 5191 3422 5262 exprobrare,
3455 5194 3586 5247 tan-

1939 5298 2127 5355 quam
2152 5281 2486 5337 audacibus
2517 5296 2589 5335 ac
2640 5280 2938 5351 superbis,
2990 5280 3107 5335 nisi
3147 5295 3386 5335 omnem
3416 5280 3583 5349 prius

1934 5373 2085 5441 juris
2116 5370 2370 5439 rigorem
2419 5368 2829 5440 expleverint?
2850 5371 3053 5424 Nonne
3086 5370 3213 5424 haec
3273 5367 3584 5427 manifeste

1898 5541 1941 5575 ν’
1975 5539 2172 5596 Matth.
2205 5554 2264 5608 κ,
2302 5543 2349 5593 1.
