4036 6276
501 236 626 291 1511

1740 230 1799 286 S.
1840 228 2209 287 THEODORI
2249 228 2575 287 STUDITE

3688 238 3808 296 1512

488 358 840 415 Pharisaicaa
872 358 1085 413 mentis
1130 357 1490 428 objurgatio,
1521 373 1591 413 ac
1629 358 1972 415 Novationae
1995 373 2125 413 cru-

2245 356 2325 409 ὃτι
2377 364 2702 431 Φαρισαῖκῆς
2749 355 2983 419 διανοίας
3038 358 3068 416 ἦ
3111 356 3398 427 ἐπίπληξις,
3430 363 3518 413 καὶ
3565 369 3809 421 Ναυατια..

488 447 745 503 delitatis
767 447 1087 520 prohibitio
1119 452 1203 501 est
1233 446 1261 500 (Ρ
1287 447 1426 502 Vide
1458 447 1652 517 igitur,
1679 464 1715 504 ο
1743 448 1846 513 vir,
1880 454 1962 512 ut,
1999 453 2050 502 te
2073 447 2132 502 in

490 537 748 593 sublime
774 535 1045 601 efferens,
1096 535 1155 591 in
1200 536 1595 606 praecipitium
1627 536 1943 601 corrueris,
1969 543 2135 591 extra

490 626 768 699 proprios
795 626 943 681 ﬁnes
973 631 1028 681 et
1058 623 1355 680 cancellos
1417 641 1712 695 egressus,
1755 642 1861 681 nec
1889 640 2133 681 servans

492 732 630 771 eum
651 732 774 787 quo
798 715 1079 786 praeditus
1093 730 1155 769 es
1180 714 1484 783 dignitatis
1509 714 1765 784 gradum
1790 714 1818 769 ?
1848 717 1974 770 Non
2002 714 2136 785 legi-

494 806 564 860 sti
594 820 837 860 omnem
855 805 1203 876 episcopum
1241 804 1397 858 sedis
1428 803 1635 859 alienae
1659 805 2020 868 invasorem,
2041 819 2136 859 ex-

492 894 1003 949 communicatum
1059 893 1233 949 esse?
1256 894 1394 949 Non
1437 894 1736 949 mittebam
1774 909 1889 961 eos,
1921 893 2134 965 inquit,

491 990 545 1040 et
598 984 711 1053 ipsi
735 983 1175 1053 prophetabant
1207 984 1275 1035 ⁸⁸.
1303 985 1396 1038 Et:
1434 983 1555 1039 Nec
1581 983 1895 1054 quisquam
1955 984 2132 1045 sumit

491 1072 603 1128 sibi
632 1075 932 1137 honorem,
966 1072 1068 1128 sed
1107 1074 1210 1143 qui
1238 1076 1488 1128 vocatur
1515 1088 1552 1127 a
1583 1073 1720 1128 Deo.
1754 1072 1850 1127 Sic
1880 1080 1932 1127 et
1964 1071 2131 1127 Chri-

488 1170 612 1218 stus
628 1178 747 1217 non
775 1163 1143 1229 semetipsum
1172 1162 1527 1229 ctarz'ﬁcavit
1557 1165 1622 1215 ut
1642 1161 2094 1230 Pontifex/teret
2114 1180 2135 1217 :

489 1250 1008 1324 quemadmodum
1039 1250 1325 1320 scriptum
1375 1255 1484 1318 est,
1531 1251 1631 1306 sed
1661 1251 1765 1321 qui
1797 1251 2027 1306 loculus
2053 1255 2137 1306 est

488 1340 568 1396 ad
580 1356 708 1396 eum
738 1357 753 1393 :
791 1340 873 1393 Tu
898 1354 955 1395 es
968 1339 1242 1394 sacerdos
1254 1338 1315 1394 in
1335 1345 1618 1395 aeternum
1643 1340 1961 1395 secundum
1977 1338 2135 1394 ordi-

488 1444 617 1485 nem
650 1428 1079 1485 Melchisedech
1110 1429 1177 1481 ‘9.
1210 1429 1283 1482 Te
1319 1444 1477 1496 vero,
1502 1427 1850 1500 frater,quis
1878 1427 2133 1494 vocavit,

489 1518 751 1590 autquis
784 1516 1181 1587 legislatorem
1238 1516 1545 1571 constituit
1592 1516 1651 1571 in
1710 1516 1965 1573 Ecclesia
2016 1517 2134 1585 Dei,

489 1608 593 1679 qui
623 1622 815 1678 neque
840 1621 1049 1677 parere
1079 1604 1224 1660 forte
1266 1604 1525 1660 didicisti
1558 1604 1585 1659 ‘P
1612 1607 1692 1660 Ac
1721 1606 1970 1676 proinde
1998 1621 2136 1661 cum

2242 455 2392 509 νικῆς
2448 446 2819 522 ἀπανθρωπίας
2883 450 2913 506 ἡ
2977 446 3376 523 ἀπαγόρευσις;
3450 447 3581 524 Ὀρα
3626 450 3687 512 δὴ
3735 453 3812 509 οὖν

2244 537 2442 602 λοιπόν,
2508 534 2547 588 ὦ
2604 536 2741 612 ἆνερ,
2800 538 2904 590 οἷον
2986 536 3447 611 ἀπομετεωρισθείς
3501 552 3814 616 κατεκρημνί·

2248 628 2399 691 σθης,
2455 634 2551 678 τῶν
2595 627 2794 680 οἰκείων
2838 631 3035 699 μέτρων
3086 629 3295 692 ἐκστὰς,
3336 632 3423 680 καὶ
3474 633 3543 700 μὴ
3592 649 3815 693 συντετη-

2245 722 2421 791 ρηκὼς
2472 715 2638 786 ἐαυτῷ
2688 719 2744 769 τό
2793 715 2897 768 ἐνόν
2949 736 3033 768 σοι
3088 715 3292 789 ἀξίωμα
3326 715 3434 784 ;”Η
3482 717 3573 770 οὐκ
3622 718 3815 793 ἀνέγνως

2246 809 2314 866 ὡς
2372 812 2473 867 πᾶς
2529 804 3059 880 ἀλλοτριοεπίσκοπος
3112 806 3429 879 ἐκκήρυκτος
3473 823 3486 873 ;
3540 813 3651 861 Καὶ
3717 812 3815 863 οὐκ

2245 894 2636 948 ἀπέστελλον
2694 895 2949 963 αὐτοὺς,
3004 900 3155 967 φησὶ,
3221 899 3328 948 καὶ
3384 902 3811 969 προεφήτευον.

2249 989 2368 1049 Καὶ,
2399 984 2535 1057 Ούχ
2566 985 2770 1055 ἑαυτῷ
2812 1004 2905 1045 τις
2944 989 3053 1043 τήν
3092 989 3284 1057 τιμὴν
3335 983 3657 1057 λαμϐάνει,
3705 987 3815 1040 ἀλλ’

2246 1074 2272 1125 ὁ
2301 1072 2688 1146 καλούμενος
2728 1075 2970 1126 ὑπὸτοῦ
3002 1081 3181 1128 Θεοῦ.
3218 1074 3427 1134 Οὕτως
3457 1078 3563 1127 καὶ
3591 1077 3817 1149 όΧρισ-

2246 1162 2502 1235 τὸςούχ
2532 1162 2758 1216 ἑαυτὸν
2808 1158 3082 1224 ἐδόξασε
3128 1164 3432 1233 γενέσθαι
3474 1162 3772 1238 ἀρχιερέα
3804 1181 3815 1193 ·

2245 1252 2455 1304 κατὰτὸ
2480 1255 2830 1324 γεγραμμένον
2852 1271 2863 1283 ·
2901 1250 3025 1304 ἀλλ’
3052 1252 3077 1303 ὁ
3108 1251 3397 1313 λαλήσας
3420 1254 3537 1324 πρὸ
3559 1273 3579 1313 ς
3611 1252 3815 1304 αὐτόν’

2247 1344 2324 1392 Σὺ
2382 1342 2584 1413 ἱερεύς
2642 1337 2701 1392 εἶ
2736 1340 2822 1400 εἰς
2872 1343 2981 1392 τὸν
3050 1339 3255 1391 αἰῶνα
3313 1342 3476 1393 κατὰ
3531 1341 3818 1403 τήντάξιν

2247 1427 2683 1501 Μελχισεδέκ.
2751 1432 2809 1482 Σε
2857 1425 2916 1482 δὲ
2959 1433 3037 1491 τίς
3090 1429 3349 1493 κέκληκεν,
3410 1425 3613 1501 ἀδελφε,
3663 1434 3734 1490 τίς
3770 1426 3821 1481 δέ

2251 1522 2543 1576 κατέστησε
2571 1520 2848 1590 νομοθέτην
2895 1516 2978 1570 ἐπὶ
3019 1525 3111 1579 τῆς
3144 1518 3459 1579 Ἐκκλησίας
3488 1525 3577 1570 τοῦ
3603 1525 3744 1583 Θεοῦ,
3775 1520 3822 1577 ὃς

2251 1604 2389 1679 μηδὲ
2432 1606 2699 1681 ἄρχεσθαι
2754 1610 2917 1679 τυχὸν
2982 1608 3347 1680 μεμαθηκώς;
3392 1605 3503 1660 Κάκ
3558 1609 3729 1660 τούτου
3758 1610 3820 1678 μή

487 1697 648 1751 visus
671 1694 942 1750 nondum
965 1694 1046 1748 sis
1087 1693 1370 1766 cuiquam
1405 1694 1698 1765 imperare
1726 1711 1737 1749 :
1767 1694 1957 1766 legem
1986 1694 2135 1750 acci-

2248 1696 2433 1771 ἄρχειν
2461 1700 2600 1759 τινὸς
2626 1699 2846 1771 τεθεωρη
2854 1700 3023 1769 μένος,
3056 1695 3273 1769 ὀφείλεις
3293 1698 3679 1768 νομοθετεῖσθαι
3706 1696 3824 1767 μᾶ).-

486 1800 627 1857 pere
644 1791 695 1841 te
710 1785 903 1839 verius
931 1789 1018 1839 est
1045 1799 1228 1855 quam
1251 1783 1581 1854 imponere,
1611 1800 1793 1839 manu
1808 1785 1931 1853 regi
1950 1801 2133 1856 quam

485 1888 710 1943 regere,
757 1872 950 1927 lucem
1007 1872 1265 1926 mutuari
1316 1888 1501 1944 quam
1558 1872 1864 1944 impertiri,
1908 1873 2136 1927 discere

487 1978 668 2035 quam
693 1962 905 2017 docere
932 1977 943 2013 :
974 1964 1031 2015 et
1052 1977 1121 2015 ex
1151 1960 1233 2015 rei
1263 1960 1478 2032 prioris
1509 1960 1915 2033 experimento
1952 1961 2029 2016 ad
2057 1959 2136 2016 al-

487 2058 675 2107 teram
706 2050 957 2120 gradum
994 2050 1185 2105 facere
1208 2066 1220 2104 :
1245 2050 1767 2120 quemadmodum
1798 2052 1906 2106 fert
1935 2050 2136 2106 divina

485 2140 1065 2212 lex,egregiedivinis
1078 2139 1468 2210 humanisque
1482 2140 1785 2195 sententiis
1800 2140 2131 2195 constituta.

558 2232 757 2301 Neque
788 2229 945 2284 enim
977 2228 1058 2282 sic
1089 2228 1516 2289 existimemus,
1550 2244 1585 2284 o
1618 2229 1830 2293 amice,
1861 2228 1907 2282 si
1940 2229 2043 2300 qui
2064 2244 2135 2283 ex

484 2318 716 2375 insulsa
733 2317 1024 2390 sapientia
1052 2318 1243 2373 sciant
1265 2317 1512 2389 aliquid,
1538 2334 1607 2373 ac
1636 2317 1927 2373 nefarium
1951 2317 2136 2373 incul-

486 2413 619 2463 cent
646 2422 1006 2469 sermonem,
1039 2422 1109 2461 ea
1140 2422 1199 2460 re
1232 2405 1435 2475 legum
1472 2406 1690 2462 latores
1721 2405 1873 2461 efﬁci
1909 2418 1921 2457 :
1955 2405 2135 2478 siqui-

485 2499 625 2553 dem
651 2503 706 2552 et
736 2496 1002 2552 Moabitis
1031 2501 1086 2551 et
1125 2496 1483 2551 Ammonitis
1512 2496 1709 2551 aditus
1759 2496 1834 2551 ad
1867 2496 2136 2552 divinum

487 2587 671 2642 altare
703 2601 822 2640 non
853 2586 1041 2655 patuit
1068 2601 1079 2639 :
1115 2585 1220 2640 sed
1242 2600 1396 2656 quos
1428 2585 1637 2641 Christi
1686 2584 1968 2640 imitatrix
2000 2586 2138 2640 obe-

486 2674 712 2731 dientia
738 2674 1093 2745 probaverit,
1126 2689 1281 2744 quos
1308 2674 1588 2729 diuturna
1618 2674 1903 2746 patientia
1933 2674 2132 2745 explo-

487 2764 720 2828 raverit,
766 2778 921 2835 quos
975 2762 1320 2832 evangelica
1373 2762 1645 2818 doctrina
1704 2763 2044 2835 perfecerit:
2089 2763 2136 2818 si

489 2868 627 2909 vero
645 2853 823 2907 etiam
846 2857 1087 2907 externa
1106 2852 1285 2917 adsit,
1307 2867 1427 2907 non
1451 2851 1791 2924 asperanda
1817 2870 1829 2907 :
1865 2853 1914 2907 si
1939 2857 2136 2907 tamen

485 2942 823 2998 humilitate
854 2946 947 2996 est
972 2947 1279 3006 exornata,
1341 2942 1391 2995 si
1442 2940 1797 3009 evangelicae
1852 2941 2137 2997 doctrina)

486 3031 819 3102 subjicitur,
861 3046 971 3085 nec
994 3029 1250 3102 propriis
1282 3030 1514 3102 placitis
1546 3030 1878 3086 insolescit:
1912 3029 2137 3101 quibus

484 3122 587 3193 qui
622 3120 974 3189 gloriantur,
1003 3125 1295 3191 tanquam
1324 3119 1656 3175 arundineo
1679 3118 1865 3175 innixi
1898 3120 2133 3189 baculo,

486 3210 696 3265 merito
710 3214 955 3280 accepta
972 3207 1151 3280 plaga
1167 3208 1642 3277 confringuntur.
1661 3208 1896 3273 Verum,
1913 3209 2135 3280 inquis,

483 3300 606 3355 zelo
661 3300 886 3357 zelatus
917 3313 1045 3353 sum
1077 3313 1185 3366 pro
1214 3298 1464 3353 Domino
1524 3299 1591 3363 ⁵ο,
1647 3313 1754 3352 nec
1807 3297 2139 3353 tolerabilia

484 3394 623 3444 sunt
679 3404 749 3444 ea
790 3404 924 3459 qua;
964 3387 1257 3442 videntur.
1321 3392 1389 3441 At
1424 3386 1522 3442 ubi
1552 3386 1748 3452 nobis,
1774 3387 1858 3442 vir
1891 3387 2135 3458 optime,

482 3478 813 3549 prophetiae
837 3477 1065 3531 donum
1088 3476 1117 3532 ?
1151 3475 1249 3530 ubi
1288 3491 1463 3531 mons
1505 3476 1851 3531 Carmelus?
1885 3476 1985 3531 ubi
2005 3476 2137 3532 C(Ell

484 3565 722 3623 claves?
747 3566 843 3621 ubi
862 3564 1111 3637 pallium
1137 3565 1459 3620 Jordanem
1484 3564 1777 3631 dividens,
1808 3564 1973 3638 quod
2001 3580 2138 3620 cum

485 3658 650 3713 dono
666 3655 906 3726 spiritus
927 3652 1181 3726 duplicis
1214 3653 1419 3709 Elisaao
1441 3653 1653 3724 obtigit
1678 3656 1721 3691 ⁸¹
1737 3654 1765 3709 ?
1790 3654 1968 3711 Nobis
1997 3668 2138 3709 vero

485 3745 834 3802 etsidonum
867 3742 1296 3815 aliquodinest,
1340 3742 1881 3817 cuirelinquemus,
1909 3744 2137 3817 quinec

487 3832 851 3905 discipulum
905 3832 1200 3887 habemus
1221 3830 1250 3885 ?
1296 3833 1429 3887 Jam
1460 3832 1659 3904 itaque
1689 3834 2025 3897 videamus,
2058 3849 2137 3889 ne

488 3925 722 3994 majora
750 3921 978 3977 viribus
1012 3924 1380 3992 appetentes,
1411 3936 1448 3975 a
1471 3922 1652 3991 justis
1680 3923 1855 3977 etiam
1890 3937 1959 3978 ac
1991 3922 2139 3994 legi-

492 4013 649 4069 timis
681 4011 1030 4067 excidamus
1057 4026 1069 4064 :
1097 4024 1244 4064 neve
1266 4009 1516 4065 culicem
1537 4009 1896 4077 excolantes,
1926 4010 2135 4079 glutia-

490 4119 625 4159 mus
651 4100 945 4157 camelum
975 4100 1052 4151 5’:
1084 4105 1188 4154 aut
1239 4100 1530 4155 festucam
1562 4115 1632 4155 ex
1663 4100 1851 4155 oculis
1886 4099 2133 4155 fratrum

490 4191 690 4248 tollere
720 4194 1030 4253 tentantes,
1057 4188 1171 4259 ipsi
1223 4188 1452 4243 trabem
1507 4190 1565 4243 in
1599 4189 1806 4254 oculis,
1866 4195 1927 4244 ut
1959 4189 2138 4259 vulgo

488 4280 719 4345 dicitur,
736 4284 964 4349 gestare
979 4277 1293 4333 videamur
1314 4279 1360 4313 ⁵³
1386 4295 1397 4332 :
1433 4283 1746 4351 propterea
1776 4278 1943 4349 quod
1966 4278 2061 4334 hic
2082 4284 2138 4334 et

488 4367 606 4425 illic
634 4382 1063 4424 conversamur
1120 4374 1175 4420 et
1222 4367 1633 4431 convivamur,
1676 4367 1811 4437 jure
1842 4367 2133 4423 damnati.

489 4477 520 4512 ‹
558 4463 626 4514 Αι
656 4457 773 4519 ille,
806 4455 1016 4527 inquit,
1050 4455 1184 4510 ﬁcte
1241 4456 1636 4528 simulataque
1686 4455 1998 4512 confessus
2026 4462 2130 4526 est,

489 4553 659 4619 turpe
691 4544 921 4600 facinus
955 4560 1132 4599 suum
1195 4544 1538 4600 occultans:
1574 4545 1726 4601 alius
1766 4546 2135 4617 impietatem

488 4635 709 4701 celans,
739 4634 854 4690 alia
881 4649 988 4705 pro
1010 4632 1137 4688 aliis
1170 4638 1371 4689 narrat
1396 4650 1408 4689 :
1439 4650 1561 4706 quo
1587 4636 1786 4706 itaque
1813 4639 1991 4706 pacto
2020 4651 2136 4690 me-

485 4725 657 4782 dicus
672 4727 971 4780 asseveret
985 4723 1311 4778 sanationis
1331 4723 1440 4779 hos
1456 4738 1585 4778 esse
1600 4729 1910 4794 compotes
1931 4723 1990 4778 ‘2»
2009 4726 2134 4779 Non

484 4814 670 4869 ﬁdem
697 4813 832 4881 hoc,
875 4828 910 4866 o
944 4812 1098 4866 bone
1129 4812 1235 4881 vir,
1285 4812 1385 4866 sed
1420 4827 1619 4868 acrem
1651 4811 2134 4881 objurgationem

485 4907 763 4958 meretur.
820 4903 1020 4971 Neque
1067 4900 1225 4955 enim
1272 4900 1599 4972 quisquam
1650 4900 1725 4954 ad
1765 4902 2136 4956 curationem

487 4991 640 5045 ultro
670 5006 732 5043 se
748 4988 1031 5053 conferat,
1054 4988 1157 5059 qui
1177 5004 1295 5044 non
1328 4993 1588 5057 relegere
1606 4988 1918 5060 proprium
1942 4989 2135 5045 scelus

487 5080 708 5151 cupiat.
752 5081 955 5134 Utrum
980 5093 1119 5134 vero
1150 5083 1205 5133 et
1244 5077 1470 5132 sincere
1502 5093 1774 5148 semper;
1809 5094 1925 5133 non
1950 5078 2137 5134 nostri

482 5168 685 5240 judicii
747 5173 854 5231 est,
886 5167 989 5221 sed
1042 5166 1411 5238 inspicientis
1472 5166 1589 5221 Dei.
1644 5166 1736 5221 Ait
1763 5168 1920 5221 enim
1951 5183 1963 5219 :
1996 5169 2138 5232 Quae

485 5257 732 5329 quidem
760 5261 986 5329 patent,
1014 5258 1130 5310 Deo
1156 5272 1223 5311 ac
1250 5256 1423 5311 nobis
1453 5273 1465 5310 :
1496 5271 1631 5327 quas
1654 5254 1856 5320 latent,
1884 5257 2135 5312 Domino

484 5347 605 5403 Deo
628 5352 729 5401 tuo
743 5349 810 5400 δ”.
834 5348 917 5401 Τα
932 5361 1068 5402 vero
1082 5345 1228 5417 quid
1229 5346 1477 5413 judicas
1497 5345 1754 5414 fratrem
1769 5353 1928 5402 tuum
1948 5344 1975 5399 ?
1991 5347 2138 5418 quid

560 5454 606 5487 ιδ
634 5453 844 5508 Jerem.
889 5467 1048 5517 mu,
1075 5455 1163 5505 2t.
1243 5452 1288 5485 ‘9
1343 5450 1515 5505 Hebr.
1548 5468 1601 5516 ν,
1634 5454 1688 5517 4,

487 5525 535 5561 ⁸³
557 5524 756 5580 Matth.
794 5539 892 5589 vn,
926 5526 976 5577 3.
1057 5523 1105 5557 ⁸⁴
1146 5522 1167 5575 Ι
1210 5524 1344 5592 Reg.
1374 5538 1485 5587 XVI,
1518 5522 1570 5576 7.

2168 4341 2213 4396 D

1848 5454 1896 5488 ⁵ο
1919 5452 1983 5507 ΙΙΙ
2017 5454 2153 5523 Reg.

2245 1786 2331 1839 λον
2366 1787 2395 1846 ᾖ
2438 1787 2729 1858 νομοθετεῖν
2756 1806 2769 1818 ⁸
2825 1788 3277 1858 χειραγωγεῖσθαι
3302 1784 3493 1858 μᾶλλον
3519 1786 3547 1844 ἡ
3580 1803 3826 1857 χειραγω-

2246 1882 2354 1947 γεῖν
2389 1893 2401 1905 ·
2456 1875 2775 1948 φωτίζεσθαι
2831 1876 2860 1933 ἢ
2907 1875 3146 1947 φωτίζειν
3175 1892 3187 1905 ⁸
3267 1871 3624 1927 διδάσκεσθαι
3673 1877 3701 1931 ἦ
3752 1870 3821 1925 δι-

2252 1962 2466 2018 δάσκειν
2496 1982 2508 1995 ·
2568 1962 2669 2016 κάκ
2716 1972 2813 2026 τῆς
2850 1972 2938 2017 τοῦ
2982 1968 3232 2039 προτέρου
3275 1968 3459 2037 πείρας
3512 1963 3596 2015 ἐπὶ
3642 1965 3698 2014 τὸ
3724 1958 3828 2014 δεύ·

2246 2073 2390 2126 τερον
2451 2052 2645 2106 ἀνιέναι
2675 2070 2690 2083 ·
2746 2055 2919 2125 ὥσπερ
2972 2049 3040 2110 δὴ
3099 2055 3228 2113 θεῖος
3271 2057 3427 2125 νόμος
3479 2057 3566 2104 καὶ
3595 2050 3826 2103 κάλλιστα

2247 2146 2384 2215 ἔχων
2412 2144 2507 2194 κάν
2532 2150 2641 2203 τοῖς
2674 2144 2851 2208 θείοις,
2894 2142 2989 2194 κάν
3042 2150 3151 2204 τοῖς
3190 2141 3534 2213 ἀνθρωπίνοις
3563 2140 3824 2212 ἀξιώμασι.

2318 2237 2404 2291 Μή
2437 2234 2538 2306 γὰρ
2592 2232 2837 2305 οἰώμεθα,
2894 2232 2933 2282 ὦ
2982 2231 3112 2304 φίλε,
3168 2235 3224 2284 τὸ
3278 2230 3331 2283 ἐκ
3361 2239 3459 2293 τῆς
3492 2232 3828 2305 μωρανθείσης

2248 2326 2431 2393 σοφίας
2484 2318 2677 2374 εἰδέναι
2734 2341 2783 2373 τι
2841 2323 3175 2394 φθέγγεσθαι,
3235 2325 3324 2373 καὶ
3371 2319 3668 2393 ἐπίτριπτον
3692 2318 3826 2388 λόγον

2249 2410 2652 2477 συνεισϐάλλειν,
2702 2418 2854 2463 τοῦτο
2903 2412 3193 2468 καθίστησι
3244 2412 3526 2482 νομοθέτας
3559 2410 3707 2462 ’ἐπεὶ
3748 2412 3826 2459 καὶ

2245 2498 2554 2560 Μωαϐίταις
2601 2504 2691 2552 καὶ
2750 2502 3092 2571 Ἀμμανίταις
3139 2499 3233 2552 ούκ
3273 2499 3537 2558 εἰσιτητόν
3566 2499 3827 2553 θυσιαστὴ-

2246 2609 2355 2663 ριον
2389 2607 2401 2619 ·
2447 2588 2553 2640 ἀλλ’
2585 2588 2668 2649 ούς
2707 2590 2912 2647 ὑπακοή
2964 2593 3393 2662 χριστομίμητος
3426 2586 3722 2660 ἐδοκίμασε,
3749 2588 3826 2636 καὶ

2246 2677 2594 2751 πολυχρόνιος
2654 2679 2887 2749 ὑπομονὴ
2942 2676 3288 2752 ἐμαρτύρησε,
3362 2683 3456 2730 καὶ
3522 2673 3827 2747 εύαγγελικὸς

2245 2766 2398 2838 λόγος
2449 2766 2736 2820 ἐτελείωσεν
2778 2786 2791 2799 ·
2843 2766 2885 2819 εἰ
2950 2764 3009 2819 δὲ
3078 2772 3166 2819 καὶ
3225 2766 3527 2841 ἐξωτερικός
3578 2766 3825 2837 πάρεστιν,

2248 2856 2340 2908 οῦκ
2391 2858 2585 2928 ἄχαρις
2617 2876 2629 2888 ⁸
2682 2859 2782 2928 ε’ίγε
2831 2857 2931 2908 ύπό
2984 2859 3463 2930 ταπεινοφροσύνης
3509 2870 3823 2925 κεκόσμηται,

2248 2950 2337 2997 καὶ
2376 2947 2477 2997 ύπό
2508 2953 2598 2997 τοῦ
2631 2944 2964 3017 εύαγγελικοῦ
3004 2947 3367 3019 ἡγεμονεύοιτο
3403 2963 3415 2975 ⁸
3470 2944 3596 2997 ἀλλά
3631 2947 3697 3015 μὴ
3738 2947 3828 2999 τοῖς

2178 3008 2218 3064 C
2249 3031 2458 3091 οἰκείοις
2520 3029 2812 3102 ἀξιώμασιν
2870 3029 3246 3105 ἐναϐρύνεται·
3303 3032 3379 3092 οἷς
3431 3032 3479 3082 οἱ
3520 3028 3827 3101 ἐναϐρυνόμε-

2246 3138 2346 3187 νοι,
2402 3122 2469 3180 ὡς
2523 3118 2606 3171 ἐπὶ
2663 3118 2923 3193 καλαμίνῃ
2968 3116 3151 3194 ῥάϐδῳ
3206 3116 3609 3193 ἐπερειδόμενοι,
3642 3116 3829 3171 εἰκότως

2247 3213 2655 3282 τιτρωσκόμενοι
2695 3212 3142 3283 καταράσσονται.
3199 3208 3376 3274 Ἀλλὰ,
3432 3212 3584 3281 φησὶ,
3641 3204 3825 3265 ζηλῶν

2250 3298 2539 3358 ἐζήλωκα
2593 3306 2674 3367 τῷ
2730 3303 2960 3370 Κυρίῳ,
2992 3303 3082 3350 καὶ
3122 3298 3216 3351 οὐκ
3262 3297 3452 3350 ἀνεκτά
3488 3300 3553 3350 τὰ
3596 3297 3824 3369 ὁρώμενα.

2251 3392 2351 3441 Καὶ
2397 3395 2499 3440 ποῦ
2534 3388 2658 3459 ἡμῖν
2711 3390 2768 3439 τὸ
2817 3396 2912 3449 τῆς
2940 3393 3261 3462 προφητείας
3315 3390 3587 3463 χάρισμα,
3639 3385 3676 3434 ὦ
3721 3380 3826 3455 βίλ-

2247 3495 2429 3546 τιστε;
2487 3481 2577 3529 καὶ
2634 3482 2733 3529 ποῦ
2762 3480 2818 3529 τὸ
2863 3477 3163 3550 Καρμήλιον
3214 3480 3377 3552 ὅρος;
3436 3482 3526 3529 καὶ
3554 3481 3653 3529 ποῦ
3682 3468 3833 3524 αἱού-

2247 3568 2419 3642 ράνιαι
2461 3566 2597 3628 κλεῖς
2630 3570 2761 3634 ςκαὶ
2810 3573 2911 3619 ποῦ
2950 3568 2979 3625 ἠ
3038 3562 3397 3638 διατέμνουσα
3444 3568 3531 3619 τὸν
3575 3557 3830 3636 Ἰορδάνην

2249 3655 2484 3728 μηλωτὴ,
2535 3658 2584 3707 ἐν
2642 3651 2812 3726 διπλῷ
2860 3657 3163 3729 χραίσματι
3200 3663 3273 3726 τῷ
3327 3654 3615 3724 Ἐλισσαίῳ
3650 3650 3831 3722 ἐπιφοι-

2248 3749 2499 3811 τήσασα;
2535 3746 2661 3816 ἡμῖν
2720 3741 2779 3797 δὲ
2831 3745 2874 3798 εἰ
2930 3750 3020 3797 καί
3064 3765 3115 3797 τι
3169 3748 3392 3817 πάρεστι
3432 3746 3695 3817 χάρισμα,
3743 3742 3830 3789 τίνι

2249 3834 2611 3886 καταληπτέον
2640 3850 2653 3863 ⁸
2690 3830 2829 3905 μηδέ
2868 3838 3119 3906 φοιτητὴν
3149 3836 3369 3906 ἔχουσιν
3395 3853 3413 3906 ;
3463 3833 3614 3886 Ὅθεν
3645 3832 3832 3883 σκοπῶ-

2249 3942 2337 3994 μεν
2398 3919 2506 3980 ἤδη
2559 3926 2746 3994 μήπως
2804 3930 2902 3974 τῶν
2946 3925 3071 3996 ὑπὲρ
3140 3920 3361 3995 δύναμιν
3430 3923 3695 3994 ἐφιέμενοι,
3752 3918 3831 3968 καὶ

2248 4020 2348 4064 τῶν
2401 4015 2616 4084 μετρίων
2670 4011 3023 4084 ἀποτύχοιμεν
3051 4029 3065 4042 ’
3124 4008 3262 4073 μηδὲ
3292 4015 3379 4064 τὸν
3418 4018 3641 4065 κώνωπα
3682 4004 3831 4059 διῦλί-

3343 4102 3373 4160 ἦ
3436 4105 3526 4153 καὶ
3559 4101 3622 4151 τὰ
3671 4097 3825 4166 κάρφη

2246 4191 2303 4242 ἑκ
2354 4198 2454 4241 τῶν
2501 4189 2776 4262 ὀφθαλμῶν
2828 4198 2926 4242 τῶν
2974 4186 3205 4262 ἀδελφῶν
3263 4190 3481 4264 ἐξαίρειν
3537 4184 3830 4258 δοκιμάζων

2246 4298 2347 4341 τες,
2387 4278 2535 4330 αὐτοὶ
2584 4282 2678 4336 τήν
2733 4275 2886 4331 δοκὸν
2943 4278 3025 4331 ἐπὶ
3081 4288 3180 4331 τῶν
3211 4278 3488 4351 ὀφθαλμῶν
3519 4281 3589 4348 μὴ
3638 4272 3831 4328 δοκοῦν·

2702 4370 2759 4419 τό
2819 4363 2886 4426 δὴ
2938 4367 3205 4439 λεγόμενον
3238 4385 3250 4397 ·
3307 4366 3357 4430 ἐξ
3403 4368 3472 4419 ὧν
3505 4375 3828 4432 συναναστρε-

2247 4459 2448 4529 φόμεθα
2484 4462 2576 4509 καὶ
2616 4459 2957 4528 συνεσθίομεν
3016 4454 3120 4509 ὧδε
3170 4456 3396 4517 κάκεῖσε,
3453 4450 3830 4524 καταγινωσκό·

3084 4543 3295 4617 ψευδῶς
3351 4545 3675 4617 ἐξηγόρευκε,
3724 4538 3829 4610 κρύ·

2245 4654 2384 4688 πτων
2433 4636 2491 4686 τὸ
2536 4634 2763 4706 αἰσχρὸν
2802 4634 2962 4687 αὐτοῦ
3002 4634 3292 4708 ἁμάρτημα
3321 4655 3333 4668 ·
3387 4639 3479 4687 καὶ
3530 4631 3679 4691 ἄλλος
3724 4626 3831 4698 κρύ-

2245 4723 2347 4793 ψας
2399 4726 2456 4773 τὸ
2499 4720 2748 4793 ἀσεημα,
2814 4722 2969 4797 ἓτερα
3022 4721 3131 4774 ἀνθ’
3190 4724 3369 4797 ἐτέρων
3426 4722 3706 4793 ἐξηγεῖται.
3741 4715 3829 4767 Καὶ

2244 4820 2350 4871 πῶς
2399 4812 2425 4862 ὁ
2492 4808 2654 4870 δῆθεν
2720 4812 2968 4885 ἰατρεύων
3053 4808 3273 4864 δύναται
3344 4813 3502 4884 φάναι
3583 4806 3833 4883 θεραπείας

2252 4105 2443 4166 ζοντες,
2485 4105 2579 4159 τὴν
2617 4100 2850 4173 κάμηλον
2888 4106 3248 4173 καταπίνωμεν
3282 4121 3294 4134 ’

2244 4387 2343 4436 τες,
2373 4372 2597 4441 φέρωμεν
2631 4383 2644 4397 ⁸

2246 4565 2408 4619 μενοι.
2470 4564 2498 4595 ‹‹
2529 4544 2587 4597 Ὀ
2640 4542 2802 4612 δεῖνα,
2855 4550 3001 4617 φησὶ,

2245 4897 2441 4953 τούσδε
2474 4905 2865 4972 τετυχηκέναι;
2906 4919 2937 4953 ›
2989 4900 3064 4952 Οὐ
3119 4905 3442 4969 πιστευτέον,
3477 4900 3515 4950 ὦ
3553 4904 3678 4950 τοῖν⁸
3719 4890 3834 4944 ἀλλὰ

2245 4994 2335 5042 καὶ
2368 4989 2482 5041 λίαν
2535 4993 2942 5064 κατηγορητέον.
3005 4986 3199 5051 Οὐδεὶς
3248 4992 3349 5065 γὰρ
3404 4989 3718 5062 αὐθαιρέτως
3756 4981 3833 5031 ἰὼν

2246 5082 2375 5151 πρὸς
2429 5080 2569 5131 ἴασιν
2641 5083 2713 5149 μὴ
2766 5079 2895 5151 οὐχὶ
2971 5077 3300 5151 ἀπογυμνοῦν
3342 5082 3399 5131 τὸ
3454 5078 3638 5130 οἰκεῖον
3687 5071 3835 5127 πάθος

2248 5170 2545 5243 αἱρήσεται.
2580 5168 2639 5221 Εἰ
2693 5163 2753 5221 δὲ
2805 5173 2896 5220 καὶ
2944 5186 3035 5221 ποι
3084 5168 3292 5236 ἀληθὲς,
3337 5168 3443 5239 οὐχ
3474 5170 3618 5239 ἡμῶν
3652 5165 3706 5214 τὸ
3734 5159 3836 5232 κρί-

2246 5276 2369 5318 νειν,
2429 5257 2556 5310 ἀλλὰ
2611 5265 2745 5311 Θεοῦ
2792 5264 2883 5310 τοῦ
2923 5257 3225 5333 ἐφορῶντος.
3284 5262 3420 5315 Φησὶ
3462 5258 3563 5327 γάρ
3604 5268 3617 5281 ·
3652 5251 3726 5303 Τὰ
3752 5250 3834 5320 μὲν

2250 5348 2459 5421 φανερὰ,
2509 5355 2623 5417 Θεῷ
2673 5352 2763 5399 καὶ
2807 5349 2932 5420 ἡμῖν
2962 5364 2975 5378 °
3031 5350 3095 5399 τά
3155 5344 3214 5400 δὲ
3268 5348 3497 5420 κρυπτὰ,
3554 5344 3723 5416 Κυρίῳ
3770 5343 3834 5405 τῷ

2219 5469 2339 5517 χιχ,
2409 5456 2489 5509 to.
2568 5455 2611 5489 ⁸1
2645 5456 2709 5509 IV
2735 5457 2875 5525 Reg.
2949 5471 3007 5521 ιι,
3075 5454 3128 5508 8.
3209 5456 3251 5492 δι
3283 5453 3480 5510 Matth.
3544 5447 3819 5513 xxm,24.
