4036 6276
223 249 363 306 1513
1491 245 1817 305 ΕΡΙΞΤΟΙΛ

1982 247 2009 303 li
2050 248 2187 304 LIB.
2232 250 2301 306 ΙΙ.
3437 252 3576 310 1514

222 382 337 446 Θεῷ
370 393 487 430 σου.
529 378 603 427 Σὺ
643 371 711 428 δὲ
749 379 809 427 τί
846 378 1094 453 κρίνεις
1129 377 1233 428 τὸν
1273 372 1546 447 ἀδελφόν
1589 392 1744 441 σου;
1795 375 1816 432 ἦ

1989 374 2241 431 ιοάίοοω
2271 376 2501 447 spernis
2514 379 2561 413 ⁵⁵
2582 379 2610 433 ?
2642 379 2944 436 Stabimus
2974 386 3172 436 autem
3211 395 3408 437 omnes
3446 382 3583 436 ante

217 469 326 517 καὶ
370 468 443 516 σὺ
481 469 542 517 τί
578 464 937 527 ἐξουθενεῖς
976 468 1084 516 τόν
1132 465 1407 539 ἰητῆρα;
1442 467 1673 524 Πάντες
1710 464 1811 534 γὰρ

1985 463 2446 521 ’ίόαηαιϐἠνίετὶ
2457 485 2477 522 :
2492 469 2589 538 qui
2609 472 2663 524 et
2681 469 3049 525 illuminabz‘t
3062 469 3409 526 abscondita
3430 473 3579 526 tene-

216 554 802 627 παραστησόμεθα
845 561 929 622 τῷ
971 552 1224 626 βήματι
1262 561 1372 606 τοῦ
1409 556 1714 626 Χριστοῦ,
1768 550 1810 602 ὃς

1984 569 2204 620 rarum,
2234 560 2287 609 et
2314 557 2717 625 manifestabit
2740 559 2991 615 consilia
3020 560 3288 615 cordium
3308 576 3326 613 :
3354 566 3405 616 et
3438 562 3578 615 tunc

217 647 330 704 καὶ
362 646 634 714 φωτίσει
663 644 739 694 τὰ
767 644 1022 710 κρυπτά
1048 650 1160 695 τοῦ
1194 646 1484 707 σκότους,
1514 646 1622 693 καὶ
1656 660 1811 713 φανει

1281 646 1344 694 ότ
1360 662 1426 694 ου
1446 664 1484 707 ς,
1514 646 1622 693 καὶ
1656 660 1826 713 φανε-
1938 642 2072 698 laus
2101 644 2212 699 erit
2239 644 2558 716 unicuique
2587 662 2625 702 α
2662 648 2780 703 Deo
2800 648 2866 701 ⁵⁵.

216 737 413 805 ρώσει
474 733 588 792 τὰς
624 729 863 801 βουλὰς
911 739 1028 783 τῶν
1080 729 1369 806 καρδιῶν
1403 747 1414 759 ·
1470 735 1576 783 καὶ
1626 734 1761 782 τότε
1799 730 1824 780 ό

217 822 482 881 ἔπαινος
509 822 859 889 γενήσεται
898 819 1149 890 ἑκάστῳ
1181 821 1301 871 ἀπὸ
1332 824 1509 873 Θεοῦ.

300 928 328 960 α
386 910 602 973 Πάντες,
660 913 840 981 φησὶν,
901 908 1250 981 ὑπερϐάθμιον
1306 908 1595 961 ἐπιτείνουσι
1658 904 1820 973 πόδα,

2005 928 2036 960 κ
2059 909 2301 976 Omnes,
2333 910 2541 983 inquit,
2570 911 2721 968 ultra
2749 928 2935 984 quam
2967 912 3057 969 fas
3080 918 3168 970 est
3194 914 3411 986 pedem
3442 914 3586 971 infe-

218 1002 313 1050 καὶ
341 1006 438 1049 τῶν
489 997 548 1050 οῦ
579 1002 1101 1072 παρακεχωρημένων
1148 998 1537 1070 κατατολμῶσι,
1584 1001 1673 1049 καὶ
1715 1003 1812 1058 τοῖς

1991 1001 2089 1062 int,
2123 1003 2178 1053 et
2202 1014 2270 1055 ea
2303 1000 2594 1056 invadunt
2621 1017 2751 1073 quae
2791 1008 2930 1058 sunt
2957 1003 3202 1075 propria
3234 1018 3440 1059 eorum
3480 1004 3585 1075 qui

218 1086 558 1159 ὑψηλοτέροις
630 1087 1022 1142 ἐπεκτείνονται.
1069 1109 1091 1137 ι
1169 1093 1291 1148 Τοῖς
1363 1087 1567 1147 οἰκείοις
1668 1085 1812 1139 ἑάλωε

1992 1100 2055 1141 )n
2087 1095 2477 1156 secesserunt,
2497 1093 2553 1144 et
2573 1089 2651 1145 ad
2674 1090 3022 1147 sublimiora
3043 1092 3368 1148 enituntur.
3394 1111 3423 1145 »
3453 1095 3586 1149 Pro-

216 1182 451 1247 πτεροῖς,
483 1178 549 1239 ὦς
606 1178 706 1229 πού
747 1196 821 1237 τις
864 1178 956 1248 ἔφη
990 1184 1090 1228 τῶν
1120 1176 1215 1240 ἔξω
1239 1194 1252 1207 ’
1288 1174 1371 1249 ἀφ’
1421 1176 1483 1228 οὗ
1512 1180 1601 1227 καὶ
1631 1176 1660 1233 ἡ
1694 1179 1810 1247 πρό-

1988 1175 2077 1229 riis
2125 1176 2254 1247 ipse
2295 1176 2403 1232 alis
2446 1177 2689 1248 periisti,
2727 1184 2787 1233 ut
2831 1180 3081 1251 quidam
3124 1180 3416 1252 profanus
3450 1182 3535 1237 ait
3568 1200 3582 1242 :

219 1269 376 1326 τασίς
431 1284 547 1319 σου.
604 1269 741 1327 Ποὺς
796 1267 897 1338 γὰρ
956 1269 1289 1337 τεταγμένος,
1354 1264 1421 1325 εἰς
1495 1264 1717 1336 κεφαλήν
1774 1264 1813 1327 ἐξ

1991 1280 2115 1336 ;que
2144 1264 2284 1320 inde
2315 1267 2643 1337 propositio
2666 1273 2785 1323 tua.
2812 1270 2961 1323 Nam
2991 1285 3129 1324 cum
3157 1270 3238 1324 sis
3264 1269 3434 1342 pedis
3455 1270 3585 1329 loco

223 1350 509 1414 αὐθαδείας
538 1355 722 1427 ᾖρθης.
776 1361 904 1415 Ταῖς
934 1355 1112 1417 ἄλλαις
1169 1351 1296 1407 δυσὶ
1354 1366 1643 1427 προτάσεσι
1685 1374 1817 1428 περι-

1990 1353 2313 1418 institutus,
2338 1369 2409 1409 ex
2427 1356 2771 1425 arrogantia
2790 1356 2990 1412 locum
3012 1358 3227 1429 capitis
3250 1360 3584 1431 occupasti.

220 1448 423 1517 παρεὶς,
480 1443 519 1494 ὠ
569 1451 787 1515 γενναῖε,
846 1444 992 1516 ἑτέρα
1036 1443 1189 1496 πάλιν
1242 1443 1490 1514 ἕγκλησις
1520 1459 1533 1471 ⁸
1579 1465 1607 1493 ι(
1640 1446 1814 1501 Πάντες

1992 1442 2183 1497 uabus
2231 1442 2359 1498 aliis
2401 1444 2912 1516 propositionibus
2962 1446 3078 1501 tuis
3125 1447 3438 1514 confossis,
3500 1449 3586 1504 vir

223 1531 427 1595 ἑαυτοῖς
482 1532 816 1608 ἐπιτρέπουσι
875 1538 943 1585 τὰ
991 1535 1118 1605 ὑπὲρ
1170 1530 1414 1606 δύναμιν,
1472 1537 1563 1585 καὶ
1612 1535 1817 1594 ἣττονας

1992 1532 2193 1601 gregie,
2226 1548 2468 1587 rursum
2500 1533 2682 1588 altera
2718 1534 2847 1589 haec
2879 1534 3211 1591 criminatio
3248 1554 3261 1588 :
3293 1556 3321 1587 ιι
3366 1537 3586 1593 Omnes

221 1622 475 1692 ἡγοῦνται
525 1626 649 1686 τούς
702 1622 889 1685 ἄλλους
930 1640 942 1653 ·
999 1628 1090 1675 καὶ
1144 1632 1217 1694 τῷ
1275 1622 1411 1675 λύειν
1478 1627 1568 1674 καὶ
1618 1618 1815 1694 δεσμεῖπ

1994 1619 2056 1675 bi
2079 1620 2313 1691 majora
2336 1621 2558 1676 viribus
2581 1628 2881 1694 arrogant,
2906 1622 3174 1695 aliosque
3195 1624 3501 1681 inferiores
3523 1640 3585 1682 se

224 1710 467 1782 ἀσχέτως
505 1715 594 1764 καὶ
643 1710 874 1773 ἀκλήτως
917 1713 1262 1785 ἐπιτρέχουσι
1301 1728 1314 1741 ‘
1370 1717 1460 1764 καὶ
1520 1714 1711 1772 πάντας
1752 1730 1818 1783 φι·

1990 1708 2337 1765 νὺὶίτοηιιιτε
2371 1715 2426 1765 et
2473 1709 2551 1764 ad
2577 1710 2933 1766 solvendum
2979 1712 3415 1787 ligandumque
3459 1714 3584 1771 sine

218 1798 513 1853 λονεικοῦσι
540 1803 669 1873 πρὸς
697 1804 813 1861 τοὺς
860 1800 1082 1864 οἰκείους
1136 1801 1294 1854 ἕλκειν
1345 1797 1511 1861 πόδας
1544 1820 1556 1832 ·
1590 1805 1679 1852 καὶ
1729 1820 1812 1872 μη·

1989 1796 2121 1852 ιοάο
2152 1797 2291 1862 ullo,
2325 1799 2450 1854 sine
2479 1803 2698 1854 vocatu
2730 1799 3048 1856 convolant
3076 1817 3091 1855 :
3123 1806 3180 1857 et
3204 1817 3418 1858 omnes
3452 1818 3583 1874 per-

222 1884 346 1941 δένα
374 1889 539 1962 ἕτερον
570 1893 655 1941 τὸν
693 1890 886 1942 λύοντα
911 1891 940 1949 ἢ
995 1886 1145 1956 εἶναι,
1180 1891 1209 1950 ή
1238 1890 1548 1962 νομίζεσθαι
1578 1889 1783 1942 θέλουσι
1810 1908 1816 1921 ε

1993 1886 2169 1941 ahere
2190 1892 2327 1941 ante
2353 1888 2624 1959 proprios
2640 1889 2823 1959 pedes
2849 1888 3228 1946 obnituntur:
3264 1905 3373 1947 nec
3398 1891 3584 1948 alium

220 1982 311 2029 καὶ
342 1980 589 2049 φθονοῦσι
625 1985 735 2040 τοῖς
782 1980 847 2031 τὰ
876 1976 1059 2031 τοιάδε
1088 1981 1387 2052 πράττουσι
1428 1998 1441 2011 ·
1486 1983 1575 2030 καὶ
1619 1981 1814 2031 τούτου‹

1990 1990 2307 2047 uemquam
2334 1975 2535 2032 volunt
2570 1982 2673 2031 aut
2701 1993 2833 2032 esse
2854 1982 2954 2033 aut
2982 1979 3307 2036 existimari
3336 1982 3442 2052 qui
3472 1982 3584 2038 sol-

219 2071 411 2137 μόνους
460 2063 737 2139 δέχεσθαι,
795 2066 885 2127 οὓς
933 2067 1083 2119 αὐτοὶ
1136 2066 1383 2119 λελύκασι
1414 2084 1427 2096 ·
1469 2070 1592 2129 τοὺς
1636 2064 1695 2119 δὲ
1742 2068 1808 2139 ὑφ

1992 2068 2071 2119 it:
2108 2065 2375 2119 invident
2396 2065 2465 2119 iis
2490 2066 2589 2137 qui
2618 2065 2719 2121 illa
2740 2072 2960 2137 agunt:
2996 2072 3175 2139 atque
3196 2070 3348 2125 adeo
3373 2069 3586 2126 admit-

222 2154 403 2227 ἐτέρων
478 2159 830 2227 τετυχηκότες
914 2154 1283 2227 ἐπιτιμήσεως,
1385 2154 1816 2229 ἀποστρέφεσθαι,

1989 2160 2065 2207 ιω
2097 2169 2197 2208 eos
2245 2153 2557 2219 duntaxat,
2586 2171 2738 2226 quos
2767 2157 2882 2227 ipsi
2913 2157 3214 2213 solverunt
3245 2174 3257 2212 :
3292 2159 3397 2230 qui
3446 2174 3583 2215 vero

220 2248 313 2296 καὶ
380 2244 612 2316 ἐγκαλεῖν
645 2261 658 2274 ·
711 2243 819 2297 ἐπεὶ
879 2249 950 2316 μή
1017 2248 1149 2316 πρὸς
1200 2245 1385 2306 αὐτοὺς
1430 2242 1814 2319 δεδραμήκασι,

1993 2247 2071 2298 Int
2090 2242 2169 2298 ab
2193 2242 2321 2298 aliis
2340 2243 2418 2299 ad
2451 2243 2861 2313 paenitentiam
2884 2244 3152 2311 admissi,
3185 2246 3263 2301 ad
3277 2246 3388 2302 hos
3414 2263 3587 2303 accu-

219 2337 311 2385 καὶ
369 2333 493 2406 παρ’
541 2332 707 2384 αὐτῶν
760 2334 1025 2405 ᾐτήσαντο
1091 2338 1187 2391 τήν
1234 2335 1438 2406 ἄφεσιν.
1487 2355 1515 2383 ››
1575 2333 1813 2387 Ἀιαπλά·

1992 2332 2161 2387 indos
2186 2348 2245 2387 se
2277 2338 2631 2388 convertunt
2656 2350 2668 2386 :
2699 2333 2987 2407 quoniam
3009 2335 3087 2389 ad
3108 2335 3270 2407 ipsos
3302 2352 3425 2391 non
3450 2352 3586 2393 con-

220 2440 404 2490 σματα
479 2418 717 2481 διανοίας
792 2417 1177 2494 δαιμονιώδους
1249 2425 1316 2474 τὰ
1387 2427 1814 2496 κατηγορήματα,

1986 2419 2232 2486 alarunt,
2266 2437 2375 2476 nec
2404 2422 2483 2477 ab
2514 2422 2659 2493 ipsis
2698 2422 3127 2478 relaxationem
3156 2422 3522 2494 ﬂagitarunt.
3555 2445 3580 2478 υ

215 2514 309 2561 καὶ
373 2510 426 2562 ἐκ
485 2512 734 2582 φθονερᾶς
806 2507 1032 2583 καρδίας
1106 2513 1171 2563 τὰ
1243 2510 1587 2584 προϐλήματα
1654 2527 1665 2539 ·
1751 2510 1809 2563 οἷς

1988 2509 2245 2578 igmenta
2270 2526 2480 2566 sensus
2519 2511 2798 2567 diabolici
2829 2517 2966 2566 sunt
2994 2512 3085 2567 hae
3117 2513 3582 2581 criminationes,

212 2597 542 2669 ἕπιγελάσειέ
615 2618 696 2660 τις
771 2599 977 2661 εἰκότως
1059 2602 1128 2660 ὡς
1200 2596 1424 2661 παιδιάς
1494 2620 1658 2665 τινας,
1735 2620 1802 2651 κα

1990 2641 1991 2649 χ
2020 2598 2205 2654 invidi
2250 2600 2436 2655 animi
2460 2601 2733 2672 quaesita,
2763 2616 2900 2672 qum
2929 2602 3185 2673 quisque
3214 2603 3424 2658 merito
3455 2602 3584 2659 irri-

209 2687 430 2752 ὗθλους,
483 2693 571 2741 καὶ
630 2687 952 2761 ἀθύρματα·
1008 2689 1037 2748 ἣ
1096 2688 1307 2761 μᾶλλον,
1361 2687 1577 2751 τάληθὲς
1644 2689 1801 2742 εἰπεῖν

1987 2693 2073 2743 eat
2102 2693 2392 2760 tanquam
2408 2689 2711 2762 quosdam
2727 2690 2921 2761 jocos,
2948 2696 3003 2745 et
3026 2706 3238 2760 nugas,
3264 2691 3581 2764 lususque:

208 2775 326 2828 ἐπεὶ
385 2773 571 2848 μηδεὶς
626 2778 749 2848 ἡμῖν
797 2776 851 2839 ἑξ
904 2776 1155 2840 ἀπιστίας
1213 2779 1239 2830 ό
1298 2782 1640 2853 προστρέχων
1692 2798 1802 2830 κατι

1986 2776 2028 2831 el
2049 2779 2265 2849 potius,
2295 2783 2358 2833 ut
2376 2794 2507 2833 vere
2529 2778 2748 2843 dicam,
2770 2780 3037 2850 quando,
3056 2780 3134 2836 ob
3162 2780 3580 2849 difﬁdentiam,

204 2862 379 2936 λῆψιν
428 2864 791 2938 ἐπιτιμήσεως,
841 2868 1149 2937 μαινόμεθα,
1209 2870 1341 2940 πρὸς
1387 2870 1505 2927 τοὺς
1552 2866 1605 2918 ἐκ
1649 2886 1798 2919 πεποι

1987 2882 2115 2922 emo
2137 2866 2215 2921 ad
2236 2882 2348 2923 nos
2365 2866 2609 2924 advolat
2625 2868 2700 2923 ad
2714 2868 3129 2939 accipiendam
3150 2869 3581 2940 pmnitentiam,

205 2957 418 3015 θήσεως
469 2963 568 3006 τῶν
615 2960 935 3028 προσιόντων
994 2956 1391 3029 θεραπεύοντας,
1452 2952 1721 3027 δαιμόνιον
1775 2976 1799 3007 τ

1990 2956 2271 3011 .sanimus
2292 2956 2584 3011 adversus
2612 2972 2713 3012 eos
2739 2956 2841 3027 qui
2865 2962 3079 3012 sanant
3102 2957 3390 3013 adeuntes
3423 2958 3497 3014 ad
3522 2975 3584 3015 se

207 3044 388 3105 πάθος
412 3044 732 3115 πάσχοντες,
763 3049 853 3096 καὶ
883 3051 995 3107 τοῖς
1044 3044 1429 3117 Εἰκονομάχοις
1458 3048 1524 3097 τὰ
1570 3049 1664 3097 ἶσα
1708 3049 1800 3097 τοῦ

1990 3060 2073 3099 1m
2103 3044 2348 3111 ﬁducia,
2381 3044 2681 3100 diabolica
2710 3045 2943 3116 abrepti
2971 3045 3111 3101 vitio
3141 3045 3431 3118 quodam,
3454 3048 3584 3120 pari

218 3129 351 3190 αἰδή
359 3151 521 3204 μονας
548 3131 748 3206 καθυϐρ
756 3133 968 3196 ίζοντες.

1993 3134 2266 3190 nominia
2312 3134 2467 3190 viros
2514 3134 2736 3205 probos
2764 3138 2943 3206 atque
2992 3136 3424 3193 lconomachos
3456 3136 3587 3193 afﬁ-

1933 3224 2175 3278 cientes.

292 3328 322 3362 α
353 3314 438 3375 Τί,
496 3315 649 3383 φησὶ,
682 3313 741 3363 τό
794 3308 1044 3385 διάφορον
1099 3319 1195 3374 τῆς
1238 3315 1589 3387 προαιρέσεως
1630 3314 1823 3372 ταύτης

2011 3334 2032 3361 ι
2065 3311 2401 3377 Quodnam,
2426 3312 2636 3383 inquit,
2659 3311 2983 3368 discrimen
3000 3318 3174 3369 sectm
3202 3313 3385 3385 hujus
3408 3331 3445 3371 a
3467 3315 3583 3371 Ma-

213 3402 351 3473 πρὸς
378 3403 465 3452 τὸν
495 3404 871 3472 Μανιχαῐσμόν
904 3420 918 3469 ;
965 3400 1108 3473 Οὐχὶ
1145 3403 1283 3454 κατὰ
1316 3408 1657 3473 Μανιχαῑκῆς
1690 3402 1807 3473 αἰρέι

1996 3400 2204 3456 chaica
2221 3401 2250 3456 Τ
2266 3404 2469 3456 Nonne
2494 3404 2701 3457 contra
2718 3402 3145 3458 Manichaicam
3164 3402 3442 3459 haeresim
3464 3420 3586 3459 ser-

216 3506 345 3548 σεως
403 3489 739 3560 ἠγωνίσμεθα
784 3494 874 3541 καὶ
913 3489 1086 3561 λόγοις
1113 3495 1203 3543 καὶ
1232 3493 1401 3565 ἔργοις
1433 3507 1447 3558 ;
1490 3496 1579 3543 καὶ
1634 3488 1810 3549 δηλοῦ·

1986 3504 2109 3545 ιοηο
2140 3495 2197 3545 et
2223 3505 2402 3562 opere
2439 3489 2878 3546 decertavimus
2906 3491 2933 3545 ?
2971 3493 3169 3547 Testes
3201 3497 3339 3548 sunt
3379 3493 3580 3565 scripti

213 3595 271 3629 σι
320 3578 388 3629 τά
446 3579 682 3653 ἕγγραφα
734 3581 1077 3650 συντάγματα
1104 3589 1204 3631 τῶν
1269 3580 1384 3632 κατ’
1429 3580 1594 3641 αὐτῆς
1641 3578 1807 3651 ἀγωνιι

1983 3595 2139 3633 )rum
2166 3579 2600 3637 commentarii.
2641 3579 2743 3651 qui
2773 3584 2981 3636 contra
3011 3580 3169 3636 hanc
3198 3581 3577 3639 dimicarunt.

210 3670 476 3737 σαμένων,
532 3666 580 3718 ἐν
638 3668 713 3729 οἷς
769 3666 1211 3741 ἀπαραλογίστοις
1275 3668 1668 3741 συλλογισμοῖς,
1736 3688 1804 3720 κα

1985 3690 1989 3721 ι
2017 3666 2240 3738 quibus
2269 3668 2501 3722 invictis
2531 3669 2898 3738 argumentis
2924 3677 2980 3725 et
3009 3669 3579 3742 inexpugnabilibus

206 3753 583 3830 ἀκαθαιρέτοις
621 3752 949 3819 ἀποδείξεσιν
989 3754 1265 3821 ἀπέδειξαν
1298 3778 1311 3791 ο
1355 3758 1400 3810 εἰ
1450 3763 1540 3809 και
1584 3766 1671 3809 νῦν
1711 3757 1799 3810 ἐαυ

1990 3756 2220 3827 :emplis
2248 3756 2307 3811 id
2340 3756 2746 3822 ostenderunt,
2778 3773 3129 3830 quanquam
3159 3774 3321 3814 nunc
3353 3767 3489 3814 sunt
3525 3765 3584 3816 et

199 3852 300 3897 τῶν
369 3848 471 3896 καὶ
543 3852 645 3896 τῶν
705 3844 906 3897 οἰκείων
969 3848 1354 3918 ὑπομνημάτων
1414 3845 1793 3918 ἀμνημονοῦσιν

1987 3846 2027 3899 ιί
2040 3847 2332 3916 ipsorum,
2347 3846 2792 3917 etpropriorum
2808 3852 3332 3903 monumentorum
3348 3849 3537 3904 obliti.
3554 3870 3581 3899 υ

196 3935 450 4003 ’Ἔοικα-ις,
527 3931 567 3984 ὦ
656 3933 849 4006 ἑταῖρε,
926 3934 1319 4007 ἀσυλλογίστως
1395 3935 1790 4006 συλλογίζεσθαι

1988 3934 2179 3999 ideris,
2207 3948 2243 3989 ο
2259 3933 2416 3989 bone
2437 3933 2540 3999 vir,
2559 3934 2830 4004 imperite
2852 3936 3220 3999 ratiocinari,
3240 3951 3311 3991 ac
3334 3937 3582 4006 privatis

202 4028 299 4076 καὶ
334 4020 501 4084 ἰδίοις
553 4023 829 4094 λογισμοῖς
879 4023 956 4076 ἐπ’
1008 4024 1254 4082 ἀθετήσει
1305 4023 1550 4087 ἀληθείας
1581 4026 1796 4097 στηρίζε

1988 4021 2261 4078 itionibus
2291 4021 2370 4076 ad
2398 4022 2851 4091 abrogationem
2884 4023 3145 4079 veritatis
3183 4025 3350 4080 inniti
3382 4041 3396 4077 :
3444 4040 3582 4081 cum

212 4115 342 4165 σθαι
375 4132 388 4145 ·
426 4116 497 4184 μή
530 4107 685 4174 εἰδὼς
714 4114 795 4164 ὃτι
846 4115 913 4165 τὰ
955 4109 1365 4186 παραδείγματα
1408 4122 1515 4175 τοῖς
1560 4117 1806 4185 πρωτοτύ-

1990 4112 2164 4166 ascias
2190 4111 2464 4182 exempla
2492 4113 2827 4183 prototypis
2847 4112 3062 4168 collata
3092 4131 3105 4180 ;
3139 4128 3260 4169 non
3290 4113 3420 4185 ipsa
3450 4129 3584 4170 esse

206 4221 331 4263 ποις
407 4200 863 4274 παραϐαλλόμενα,
918 4202 1011 4254 οῦκ
1062 4202 1197 4254 αὑτὰ
1243 4202 1410 4255 ἐκεῖνα
1462 4200 1554 4255 εἷεν
1608 4206 1671 4254 τὰ
1738 4203 1800 4276 ἀρ

1988 4200 2299 4272 remplaria
2336 4199 2435 4255 illa
2478 4200 2883 4270 primigenia:
2926 4202 3030 4256 sed
3078 4201 3300 4258 habere
3347 4207 3582 4258 tantum

205 4294 428 4363 χέτυπα
459 4306 472 4318 ·
506 4288 636 4342 ἀλλὰ
686 4298 937 4343 τοσοῦτον
975 4294 1168 4364 ἔχοντα
1197 4295 1255 4343 τὸ
1305 4296 1428 4367 πρὸς
1479 4292 1675 4351 ἄλληλα
1703 4312 1799 4345 ταυ

1990 4289 2337 4345 militudinis
2365 4288 2515 4343 inter
2553 4305 2637 4355 se,
2668 4294 2965 4361 quantum
2991 4305 3063 4345 ea
3093 4306 3229 4361 quas
3262 4307 3584 4348 commune

205 4383 318 4444 τόν,
370 4381 501 4431 ὅσον
548 4382 606 4430 τὸ
662 4381 796 4431 κατὰ
842 4382 1071 4443 τοῦνομα
1120 4383 1290 4433 κοινὸν
1322 4388 1427 4442 τοῖς
1478 4382 1645 4442 ἄλλοις
1683 4381 1799 4443 ἑξαλ

1991 4395 2152 4434 )men
2180 4379 2422 4443 habent,
2442 4394 2578 4433 cum
2601 4379 2828 4433 caeteris
2847 4379 3024 4434 rebus
3053 4378 3349 4435 differant.
3377 4380 3441 4435 Et
3467 4379 3585 4437 alia

205 4467 491 4523 λάττοντοι.
547 4472 647 4520 Καὶ
690 4470 756 4519 τὰ
801 4472 891 4539 μὲν
941 4474 1130 4543 κυρίως
1176 4470 1480 4543 ὠνόμασται
1513 4487 1526 4498 ·
1582 4473 1646 4522 τὰ
1677 4467 1736 4522 δι
1766 4489 1799 4521 οη

1991 4468 2177 4522 iidem
2203 4436 2440 4539 proprie
2466 4466 2766 4538 appellata
2803 4473 2964 4533 sunt,
2996 4467 3113 4523 alia
3133 4473 3336 4524 autem
3364 4469 3585 4541 impro-

204 4562 406 4631 κυρίως
450 4573 462 4587 ·
513 4561 603 4608 καὶ
640 4558 706 4608 τά
749 4560 838 4628 μὲν
880 4561 1015 4610 κατά
1064 4560 1401 4632 κατάχρησιν
1451 4558 1680 4611 λε’λεκται
1715 4580 1728 4591 ·
1760 4578 1798 4611 τι

1988 4558 2055 4614 rie
2083 4573 2095 4612 :
2125 4556 2240 4612 alia
2270 4556 2604 4611 secundum
2621 4556 2983 4612 abusionem
3014 4556 3193 4622 dicta,
3230 4557 3346 4613 alia
3374 4574 3582 4614 secun-

204 4642 266 4697 δὲ
307 4647 460 4698 κατὰ
501 4643 766 4713 ἀλήθειαν,
815 4647 921 4698 οἷον
953 4651 1067 4720 φέρε
1119 4648 1297 4714 εἰπεῖν,
1356 4647 1439 4700 ἐπὶ
1489 4657 1581 4708 τῆς
1638 4648 1798 4700 εἰκόνο

1988 4663 2078 4702 1m
2100 4646 2427 4701 veritatem.
2452 4643 2716 4715 Exempli
2749 4646 2955 4714 gratia,
2981 4645 3040 4699 in
3074 4646 3336 4716 imagine
3363 4646 3582 4702 Christi

203 4741 453 4807 Χριστοῦ
491 4738 581 4786 καὶ
607 4733 767 4787 αὐτοῦ
801 4742 1034 4807 Χριστοῦ
1060 4751 1076 4768 ⁹
1111 4738 1190 4789 ὅτι
1222 4738 1247 4789 ό
1274 4741 1364 4810 μὲν
1414 4740 1549 4790 κατά
1578 4736 1797 4794 ἀλήθεια

1985 4736 2146 4806 .ipso
2182 4734 2433 4798 Christo,
2462 4732 2571 4787 iste
2603 4732 2847 4804 quidem
2891 4736 3226 4790 secundum
3271 4737 3579 4791 veritatem

206 4828 448 4897 Χριστὸς
480 4826 571 4874 καὶ
620 4825 733 4875 ἔστι
780 4829 870 4876 καὶ
910 4824 1220 4897 ὀνομάζεται
1249 4844 1261 4855 ·
1304 4827 1334 4883 ή
1383 4822 1441 4878 δὲ
1485 4826 1619 4877 κατά
1660 4828 1800 4878 κατά-

1988 4826 2196 4880 aristus
2218 4828 2274 4879 et
2294 4828 2378 4878 est
2393 4829 2449 4877 et
2474 4824 2852 4878 nominatur:
2876 4821 3005 4878 haec
3025 4829 3224 4879 autem
3251 4825 3582 4879 secundum

209 4931 418 4985 χρησιν
472 4914 596 4969 ἤτοι
647 4914 964 4983 ὁμωνυμίαν.
1018 4913 1159 4966 Ἐπεὶ
1215 4920 1305 4966 καὶ
1355 4914 1555 4976 Παῦλος
1610 4917 1635 4966 ό
1693 4918 1803 4987 ἱερὸι

1986 4913 2307 4978 Jusionem,
2325 4912 2439 4967 hoc
2464 4918 2552 4967 est
2571 4911 3050 4983 homonymiam.
3079 4912 3580 4985 Quandoquidem

211 4999 530 5065 ἀπόστολος,
604 5004 700 5058 τὴν
774 5000 1137 5075 φιλαργυρίαν,
1224 5000 1470 5077 δευτέραν
1544 5000 1805 5057 εἰδωλολα-

1994 5009 2237 5057 sanctus
2250 5000 2560 5073 apostolus
2574 5000 2788 5056 Paulus
2808 5000 3119 5055 avaritiam
3136 5016 3334 5055 nuncu
3346 5001 3554 5070 pavit“
3571 5041 3584 5067 ,

205 5094 385 5161 τρείαν
465 5088 795 5155 ἀπεκάλεσεν,
852 5091 1224 5163 αἰτιολογικῶς,
1282 5112 1372 5144 και
1426 5095 1564 5145 κατὰ
1630 5094 1799 5166 ἀναφο

1990 5090 2327 5146 ololatriam
2386 5089 2660 5153 alteram,
2720 5104 2972 5144 causam
3042 5089 3178 5143 dicti
3228 5089 3584 5159 subjiciens,

203 5180 306 5252 ρᾰν
334 5181 735 5251 όμοιωματικὴγ
782 5186 879 5242 τῆς
924 5182 1091 5242 οὔσης
1146 5177 1596 5254 εἰδωλολατρείας.
1630 5183 1715 5247 Ἐξ
1756 5184 1797 5236 οἱ

1986 5180 2259 5236 ιουηὰιιω
2288 5178 2634 5233 relationem
2676 5177 2947 5233 videlicet
2996 5177 3406 5232 similitudinis
3438 5193 3580 5234 cum

205 5263 338 5321 ούδὶ
410 5266 743 5340 ἑπιτιμητέον
802 5275 911 5332 τοῖς
983 5269 1336 5344 φιλαργύροις,
1401 5273 1470 5333 ὡς
1543 5268 1798 5327 εἰδωλολα

1989 5286 2152 5343 ιιιιιεο
2172 5284 2308 5324 vere
2327 5266 2665 5323 idololatria
2685 5270 2791 5321 est.
2815 5268 3006 5330 Quare
3029 5281 3151 5321 non
3167 5266 3381 5321 eadem
3405 5281 3583 5336 ροεῐιιι

206 5376 359 5432 τραις
388 5374 404 5388 ο
462 5355 572 5410 ἐπεὶ
608 5358 713 5431 ἄρα
762 5357 1022 5432 ὀφείλομεν
1076 5359 1130 5412 ἐκ
1176 5367 1270 5413 τοῦ
1321 5364 1525 5433 κόσμου
1574 5361 1800 5424 ἐξελθεῖν.

1994 5360 2125 5417 raris
2140 5355 2528 5431 imponenda,
2553 5371 2687 5428 quin
2703 5354 3065 5411 idololatris:
3093 5354 3316 5426 alioqui
3342 5354 3588 5411 debere-

207 5453 322 5502 Νῦν
380 5443 445 5500 δὲ
494 5445 673 5500 πολλοὶ
702 5447 1029 5523 φιλάργυροι,
1078 5454 1169 5502 καὶ
1223 5450 1391 5508 πάντη
1441 5451 1801 5524 ἀνεπιτίμητοι

1999 5464 2126 5505 use
2174 5445 2403 5503 mundo
2451 5446 2729 5515 migrare.
2778 5445 2850 5498 At
2878 5458 3040 5498 nunc
3086 5442 3251 5500 avari
3286 5443 3475 5509 multi,
3526 5446 3584 5500 et

285 5546 338 5581 ⁸⁸
362 5547 539 5601 Rom.
568 5560 690 5612 xiv,
715 5544 805 5601 10.
880 5547 930 5583 ⁵⁸
960 5552 981 5603 ι
1010 5548 1138 5604 Cor.
1168 5563 1251 5615 xv,
1281 5551 1337 5616 5,
1360 5549 1421 5604 ϐ.
1497 5550 1541 5585 ⁸⁷
1578 5549 1738 5623 Ephe
1770 5568 1821 5607 ε.
1851 5565 1910 5620 v,
1933 5553 1990 5607 5.

508 5642 747 5702 Ρετιιοι..
785 5642 892 5701 Gn.
929 5644 1110 5703 XCIX
1130 5690 1147 5707 .

2542 5656 2547 5657 '
3245 5640 3316 5700 48
