4036 6276
529 229 667 288 1515

1793 228 1853 286 s.
1893 216 2256 286 THEODORI
2298 216 2620 286 STUDI’I‘E

3745 224 3886 290 1816

524 357 768 430 quidem
817 356 1046 428 absque
1094 355 1316 412 indicta
1344 355 1493 428 ipsis
1547 339 1893 426 paenitentia
1921 371 2152 427 prorsus

2282 358 2690 429 παρεωραμένοι.
2734 360 2800 408 Τί
2865 353 2953 410 οὖν
3005 353 3209 429 ἀπᾷδον
3253 356 3539 428 κάνταῦθα,
3586 357 3630 410 εί
3679 359 3886 414 Εἰκονο-

522 447 728 502 relicti.
754 445 905 510 Quid
924 445 1099 514 igitur
1117 449 1171 500 et
1192 445 1285 499 hic
1307 444 1631 509 absonum,
1653 445 1698 499 si
1720 444 2174 500 Iconomachica

522 535 766 590 haeresis
787 550 922 588 cum
953 532 1315 591 Manichaica
1336 539 1752 605 componatur,
1785 539 2078 606 quantum
2095 533 2172 588 ad

521 624 805 694 imaginis
820 640 889 678 ac
903 623 1205 694 prototypi
1217 623 1508 678 rationem
1524 639 1536 678 :
1567 622 1846 695 quamvis
1869 623 2174 679 etNicaana

519 713 785 768 secunda
805 713 1176 768 mcumenica
1197 716 1254 767 et
1280 717 1486 768 sancta
1508 713 1776 783 synodus
1806 728 1909 768 eos
1938 712 2042 782 qui
2067 727 2172 783 per

517 803 674 858 hanc
702 802 980 857 haeresim
1013 802 1333 873 perierant,
1374 817 1494 857 non
1531 811 1816 874 tanquam
1847 800 2169 857 Manichai-

482 897 717 947 'zantes
758 890 1060 946 damnans
1099 889 1437 948 curaverit;
1481 896 1538 946 et
1573 905 1961 962 nequaquam
2000 889 2169 945 obliti

518 981 639 1036 sint
667 981 701 1035 ii
726 981 829 1052 qui
857 995 1105 1052 operam
1139 995 1312 1034 suam
1342 982 1632 1034 adversus
1655 977 2010 1034 Manichaaos
2031 993 2167 1034 con-

518 1069 802 1134 tulerunt,
830 1086 891 1124 se
917 1072 974 1124 et
999 1083 1273 1124 sermone
1303 1073 1358 1123 et
1375 1084 1553 1139 opere
1575 1071 1783 1123 contra
1809 1068 1972 1139 ipsos
1996 1067 2167 1122 dimi-

515 1173 706 1213 casse.
741 1157 997 1214 Omnino
1028 1157 1290 1228 teipsum
1314 1156 1624 1226 ignorasti,
1656 1171 1791 1228 quae
1821 1155 2013 1227 culpae
2042 1171 2165 1211 non

512 1249 833 1304 mediocris
865 1264 934 1303 ac
966 1247 1226 1318 stuporis
1251 1247 1634 1320 reprehensio
1663 1253 1770 1301 est.

584 1337 799 1394 Vellem
833 1338 1030 1409 itaque
1061 1343 1116 1391 et
1141 1336 1585 1408 propositiones
1615 1335 1764 1391 alias
1802 1334 1980 1392 libelli
2009 1334 2165 1391 mul-

509 1432 703 1483 tarum
720 1425 1167 1498 paginarum,in
1183 1426 1402 1497 quibus
1415 1424 1626 1479 eadem
1643 1425 1852 1479 iterum
1869 1430 2048 1496 atque
2062 1423 2164 1479 ite-

507 1533 637 1572 rum
653 1515 1304 1587 repetuntur,superius
1319 1512 1807 1569 commemoratis
1823 1513 2160 1579 adnectere;

507 1612 561 1663 et
591 1607 756 1678 quod
789 1603 1024 1676 penitus
1046 1610 1206 1659 recta
1225 1604 1453 1659 ratione
1483 1602 1804 1659 confutata;
1831 1602 1948 1658 sint
1968 1608 2161 1657 osten-

2282 449 2491 516 μαχική
2552 447 2754 518 αἱρεσις
2807 453 2869 518 τῇ
2930 452 3240 520 Μανιχαῑκῇ
3299 445 3700 520 παραϐάλλοιτο,
3759 451 3883 502 ὅσον

2281 536 2396 586 κατ’
2443 534 2636 597 εἰκόνος
2673 539 2762 586 καὶ
2821 538 3161 608 πρωτοτύπου
3214 535 3364 608 λογον
3399 553 3411 565 ⁸
3462 539 3594 589 καθὸ
3632 542 3721 590 καὶ
3751 540 3780 596 ἠ
3833 539 3883 590 έν

2279 628 2477 696 Νικαίᾳ
2533 627 2591 676 τὸ
2651 621 2886 696 δεύτερον
2934 625 3262 697 οἰκουμενικη
3313 644 3368 678 τε
3421 631 3511 678 καὶ
3568 626 3696 698 ἁγία
3763 629 3884 679 σύν-

2280 708 2420 780 όδος,
2451 716 2567 773 τοὺς
2600 711 2648 765 ἐν
2688 715 2850 786 ταύτῃ
2904 713 3214 778 ἑαλωκότας,
3262 718 3357 766 οὐκ
3407 716 3476 777 ὡς
3513 719 3883 787 Μανιχαίσαν-

2279 820 2374 863 τας
2420 801 2762 865 έπεξελθοῡσα
2833 805 3174 877 τεθεράπευκε
3228 823 3242 835 ·
3301 808 3393 856 καὶ
3446 805 3662 857 ούτίπου
3715 805 3883 877 ἠμνη-

2278 897 2568 961 μονήκασιν
2625 893 2674 944 οἱ
2720 893 2787 944 τὰ
2840 896 2957 966 περὶ
3014 891 3178 953 αὐτῆς
3228 897 3506 964 πονήματα
3559 893 3884 947 καταϐαλλό-

2277 998 2420 1051 μενοι
2449 996 2462 1010 ⁶
2496 985 2586 1032 καὶ
2609 980 2783 1052 λόγοις
2807 985 2897 1033 καὶ
2940 983 3110 1054 ἔργοις
3158 981 3270 1034 κατ’
3319 982 3480 1043 αὐτῆς
3526 981 3881 1055 ἀνταγωνισά-

2275 1087 2417 1140 μενοι
2465 1087 2478 1137 ;
2527 1069 2812 1141 Ἥγνόηκας
2862 1065 2911 1122 δ’
2966 1069 3120 1132 αὐτὸς
3169 1074 3322 1131 ὄντως
3367 1071 3566 1140 ἑαυτὸν,
3619 1071 3645 1124 ὃ
3685 1071 3879 1134 πολλῆς

2276 1155 2390 1210 ἔστι
2415 1163 2734 1232 κατηγορίας
2763 1163 2852 1212 καὶ
2881 1157 3192 1233 ἀϐελτηρίας
3229 1161 3484 1232 ἔγκλημα.

2343 1335 2665 1409 Ἐϐουλόμην
2715 1333 2804 1390 οὖν
2859 1342 2949 1390 καὶ
3005 1337 3180 1412 ἐτέρας
3234 1340 3516 1413 προτάσεις
3569 1359 3660 1392 του
3716 1339 3875 1392 πολυ-

2277 1421 2505 1497 σχιδοῦς
2556 1431 2646 1479 καὶ
2702 1426 3141 1499 ταυτολογούντος
3195 1434 3558 1501 γραμματείου
3616 1437 3878 1482 συνεισοί-

2275 1533 2365 1568 σαι
2388 1523 2491 1577 τοῖς
2536 1516 2893 1590 προλεχθεῖσι,
2949 1522 3038 1570 καὶ
3087 1515 3364 1581 ἀποδεῖξαι
3416 1521 3582 1577 πάντη
3626 1517 3680 1582 ἐξ
3717 1518 3876 1594 ὀρθοῦ

2269 1602 2425 1676 λόγου
2477 1604 2811 1677 έληλεγμένας
2841 1625 2853 1638 ·
2913 1605 3039 1659 ἀλλὰ
3085 1607 3141 1668 ἃς
3190 1611 3279 1679 μεν
3311 1611 3376 1669 ὡς
3424 1607 3736 1669 ἀλυσιτελείς
3784 1613 3877 1661 καὶ

506 1695 674 1751 dere:
701 1694 805 1750 sed
827 1693 975 1749 alias
992 1692 1237 1764 quidem
1261 1696 1555 1764 tanquam
1573 1690 1809 1746 inutiles
1823 1692 2152 1763 etineptas;

2271 1692 2660 1769 ἀσυναρτήτους
2693 1713 2706 1724 ·
2757 1693 2816 1757 ἃς
2851 1692 2908 1749 δε
2946 1698 3012 1757 ὧς
3061 1696 3271 1750 αύτόθεν
3328 1698 3554 1769 ἐχούσας
3601 1701 3687 1750 τὸν
3737 1697 3878 1769 ἔλεγ-

505 1785 653 1841 alias
698 1799 840 1839 vero
895 1788 958 1838 ut
1003 1797 1138 1854 quae
1191 1781 1419 1852 seipsas
1463 1779 1733 1836 refellant
1773 1797 1787 1835 :
1837 1780 2158 1836 nonnullas

503 1879 705 1930 autem
753 1877 1045 1942 tanquam
1099 1870 1388 1926 obscuras
1436 1874 1492 1925 et
1547 1868 1863 1941 oppositas
1909 1869 2154 1936 veritati,

502 1963 731 2036 procul,
773 1960 948 2016 veluti
973 1959 1035 2015 in
1064 1959 1302 2014 Vulcani
1344 1958 1569 2027 ignem,
1601 1958 1890 2028 ablegans
1916 1973 1986 2013 ac
2017 1973 2157 2030 pro-

494 2053 733 2124 jiciens,
779 2066 849 2107 ac
888 2049 1070 2105 tinem
1119 2048 1354 2104 dicendi
1395 2047 1647 2111 faciens,
1694 2048 1846 2102 istud
1893 2047 2148 2118 adjicio;

500 2141 686 2215 quod,
729 2140 777 2195 si
807 2139 1053 2211 quidem
1088 2138 1325 2193 veniam
1366 2153 1708 2208 poscamus,
1740 2137 1907 2209 quod
1938 2136 2152 2192 incon-

477 2231 755 2287 ‘siderate
780 2233 839 2284 et
865 2228 943 2284 ad
966 2225 1340 2283 iracundiam
1372 2226 1559 2280 Deum
1587 2227 1907 2294 movimus,
1927 2231 1983 2280 et
2011 2227 2150 2282 San-

498 2325 623 2376 ctos
644 2317 977 2389 ignominia
1007 2315 1341 2381 aﬁ'ecimus,
1369 2320 1426 2370 et
1446 2313 1820 2370 confessores
1837 2315 2150 2372 damnavi-

498 2425 653 2474 mus,
685 2413 741 2464 et
773 2405 1096 2462 Ecclesiam
1119 2404 1572 2472 infamavimus;
1594 2409 1803 2473 agetur
1832 2419 1976 2459 sane
2003 2420 2150 2476 prae-

497 2499 676 2554 clare.
726 2497 825 2553 Sin
864 2495 1087 2559 minus,
1138 2500 1200 2550 at
1241 2509 1352 2549 nos
1391 2499 1544 2548 certe
1587 2491 1842 2548 humiles
1895 2509 2147 2549 manum

497 2588 583 2642 ori
601 2585 1080 2648 admovebimus,
1094 2597 1204 2638 nec
1225 2582 1594 2638 sanctitatem
1623 2588 1786 2637 tuam
1805 2581 1883 2637 ad
1900 2581 2147 2639 alteram

495 2675 880 2747 scriptionem
909 2672 1278 2729 exarandam
1305 2671 1790 2742 provocabimus.

788 2796 1010 2854 CLXIII.
1042 2828 1111 2838 —
1149 2795 1453 2854 Theodoro
1474 2795 1730 2864 panicio
1761 2794 1851 2869 (⁸).

2266 1803 2367 1855 χον
2400 1801 2412 1814 ·
2462 1783 2606 1845 ἀνίας
2659 1781 2719 1837 δὲ
2774 1787 2838 1846 ὡς
2897 1787 3165 1848 σκοτεινὰς
3210 1791 3300 1838 καὶ
3359 1786 3656 1849 ἀντιθέτους
3705 1785 3872 1858 [Cod.

2266 1874 2406 1942 Reg.
2441 1869 2766 1946 ἀντιδόξους]
2820 1881 2881 1946 τῇ
2915 1872 3150 1947 ἀληθείᾳ,
3207 1874 3381 1949 πόρῥω
3419 1894 3520 1928 που
3575 1874 3877 1951 ἀποῤῥιψά-

2263 1979 2407 2032 μενος
2468 1963 2534 2023 ὡς
2583 1962 2650 2022 εἰς
2701 1958 2803 2035 πῦρ
2865 1961 3148 2035 Ἡφαίστου
3183 1981 3194 1994 ·
3255 1963 3338 2016 ἐπὶ
3385 1963 3514 2017 τέλει
3566 1973 3659 2016 τοῦ
3713 1964 3874 2036 λόγου

2264 2049 2422 2103 έκεῖνο
2475 2051 2854 2124 ἐπιφθέγγομαι
2896 2068 2910 2082 ⁸
2971 2053 3049 2106 ὅτι
3096 2053 3140 2105 εἰ
3189 2057 3280 2126 μὲν
3341 2053 3584 2126 αἰτοῦμεν
3635 2061 3874 2125 συγγνώ-

2261 2158 2385 2212 μην,
2455 2139 2527 2212 ἐφ’
2597 2141 2674 2202 οἷς
2732 2149 2997 2213 προπετῶς
3073 2146 3165 2194 καί
3243 2146 3372 2195 Θεὸν
3431 2148 3869 2217 παρωργίσαμεν,

2259 2234 2351 2280 καὶ
2403 2228 2587 2300 ἁγίους
2660 2229 3012 2302 ἠτίμησαμεν,
3095 2235 3186 2283 καὶ
3245 2236 3338 2290 τὴν
3418 2231 3694 2304 ὁμολογίαν
3745 2251 3872 2284 κατ-

2259 2319 2612 2391 ητιασάμεθα,
2671 2323 2759 2371 καὶ
2816 2324 2910 2377 τὴν
2966 2319 3284 2378 Ἐκκλησίαν
3358 2317 3866 2394 δεδυσφημήκαμεν,

2259 2403 2312 2464 εὖ
2356 2407 2416 2458 ἂν
2446 2411 2560 2478 ἕχον
2597 2427 2610 2439 ·
2645 2407 2688 2460 εἰ
2737 2404 2796 2460 δι
2837 2412 2934 2479 μὴ,
2968 2407 3074 2460 ἀλλ’
3125 2411 3276 2480 ἡμεῖς
3323 2429 3383 2481 γε
3412 2413 3461 2462 οὶ
3503 2415 3733 2463 ταπεινοὶ
3782 2410 3869 2463 ἐπὶ

2261 2502 2482 2568 στόματι
2556 2503 2715 2568 χεῖρα
2786 2495 3120 2569 ἐπιθήσομεν,
3193 2503 3266 2569 μη
3337 2497 3700 2572 ίκκαλούμενοί
3767 2519 3865 2552 σου

2257 2589 2349 2642 τὴν
2425 2587 2682 2643 ὁσιότητα
2733 2585 2800 2646 εἰς
2869 2583 3115 2662 δευτέραν
3187 2593 3562 2660 γραμματικὴν
3619 2594 3865 2661 προσφώ-

2256 2691 2431 2731 νησιν.

2363 2797 2496 2850 ΡΞΓ¹
2703 2828 2770 2841 -
2805 2795 3120 2876 Θεοδώρῳ
3157 2805 3504 2874 πατρικίῳ.

1841 2905 1915 2954 De
1949 2908 2152 2956 sanctis
2179 2907 2524 2972 imaginibus.

567 3010 648 3064 Ex
687 3006 1056 3064 honorandis
1093 3004 1298 3062 litteris
1335 3003 1762 3076 conspeximus
1801 3003 2147 3061 laudatissi-
2181 3005 2222 3063 C

473 3114 663 3153 -mam
697 3095 1082 3152 eminentiam
1114 3099 1303 3162 tuam,
1338 3109 1411 3148 ex
1437 3093 1741 3149 auditione
1773 3109 1912 3150 vero
1946 3109 2146 3149 rerum

496 3203 652 3260 quas
680 3184 1124 3256 signiﬁcabant,
1154 3184 1456 3254 egregiam
1481 3181 1748 3237 animam
1770 3188 1934 3237 tuam
1965 3197 2148 3252 agno-

495 3277 715 3331 vimus.
744 3274 914 3340 Quod
940 3273 1098 3329 enim
1120 3287 1263 3342 erga
1279 3287 1389 3327 nos
1410 3277 1752 3343 peccatores
1777 3277 1897 3326 tam
1911 3272 2149 3328 honori-

495 3365 624 3420 ﬁcis
649 3363 846 3420 verbis
877 3379 1020 3418 usus
1053 3377 1133 3430 es,
1165 3361 1450 3434 quodque
1478 3360 1766 3416 humilem
1799 3359 2012 3417 faciem
2046 3377 2148 3418 no-

495 3459 685 3510 stram
726 3452 925 3507 videre
963 3450 1288 3519 desideras,
1321 3463 1392 3504 ac
1433 3448 1756 3504 salutarem
1785 3449 2004 3505 deinde
2033 3465 2149 3506 ser-

495 3559 740 3598 monem
773 3540 1011 3604 audire;
1053 3539 1315 3594 hominis
1343 3542 1432 3593 est
1470 3553 1606 3593 vere
1631 3553 1669 3593 a
1697 3540 1816 3594 Deo
1846 3537 2050 3606 afﬂati,
2092 3545 2150 3596 et

494 3631 711 3686 animae
722 3631 908 3685 Deum
921 3627 1620 3699 concupiscentis.Quam
1638 3626 1935 3682 mirabilia
1947 3635 2144 3684 autem

494 3735 682 3792 opera
721 3718 926 3789 magni
970 3725 1027 3773 et
1056 3716 1239 3772 solius
1282 3715 1468 3770 nostri
1509 3715 1979 3772 Christianorum
2023 3718 2142 3773 Dei:

491 3809 656 3882 quod
687 3813 740 3864 te
765 3807 839 3862 de
871 3814 1041 3876 gente
1069 3820 1187 3860 non
1220 3809 1428 3860 sancta
1457 3805 1515 3859 in
1549 3806 1953 3861 venerandam
1980 3809 2148 3877 agni-

493 3899 712 3953 tionem
744 3897 998 3952 veritatis
1019 3911 1140 3950 suas
1172 3895 1403 3950 vocavit
1427 3893 1528 3950 tali
1561 3895 1767 3964 modo,
1793 3895 1854 3950 in
1881 3895 2145 3966 speciem

491 3988 736 4059 quidem
759 3987 1002 4041 minime
1016 3983 1376 4048 voluntario,
1402 3983 1507 4038 sed
1522 3983 1718 4054 reipsa
1734 3983 1936 4039 liberas
1957 4001 2144 4056 quam

493 4079 754 4132 maxime
799 4074 1142 4139 voluntatis,
1172 4088 1293 4127 una
1337 4087 1474 4127 cum
1524 4072 1793 4140 cognatis
1816 4074 1918 4144 qui
1965 4073 2143 4129 simul

492 4165 736 4222 adducti
780 4170 918 4218 sunt
948 4163 961 4218 l
993 4165 1117 4218 Non
1165 4161 1334 4217 aliter
1373 4161 1531 4216 enim
1577 4176 1686 4216 vos
1726 4160 1802 4215 ab
1843 4162 2144 4234 impietate

494 4253 718 4325 eripere
764 4252 954 4307 visum
983 4258 1069 4306 est
1113 4249 1332 4305 divinae
1375 4249 1828 4321 dispensationi.
1876 4251 1918 4306 Ο
1969 4253 2144 4308 mira-

2327 3006 2457 3060 Ἀπό
2515 3013 2607 3059 τοῦ
2654 3010 2832 3078 τιμίου
2887 3026 2982 3060 σου
3033 3010 3345 3082 γράμματος
3395 3005 3601 3082 εῖδομεν
3634 3028 3731 3063 σου
3769 3016 3862 3070 τὴν

2255 3099 2585 3169 πανεύφημον
2635 3097 2924 3172 ὑπεροχὴν,
2979 3102 3068 3150 καὶ
3117 3097 3217 3151 ἀπὸ
3276 3097 3575 3171 ἀκροάσεως
3621 3108 3723 3152 τῶν
3764 3119 3859 3160 ση-

2255 3190 2574 3258 μαινομένων
2642 3183 2927 3258 έπέγνωμέν
2990 3205 3084 3239 σου
3158 3192 3245 3246 τὴν
3306 3188 3466 3246 καλὴν
3514 3187 3721 3260 ψυχήν.
3787 3195 3862 3244 Τό

2254 3277 2356 3348 γὰρ
2415 3278 2546 3350 πρὸς
2589 3277 2726 3346 ἡμᾶς
2779 3279 2897 3327 tot):
2951 3275 3289 3348 ἁμαρτωλούς
3338 3281 3597 3340 τοιούτοις
3647 3284 3862 3351 χρήσα-

2259 3366 2382 3416 σθαι
2431 3371 2728 3436 τιμητικοῖς
2775 3363 2969 3436 λόγοις,
3011 3363 3278 3438 ἐπιθυμεῖν
3331 3386 3385 3420 τε
3431 3369 3576 3440 ἡμῶν
3631 3365 3761 3421 ἰδεῖν
3801 3373 3861 3422 τὸ

2257 3453 2445 3514 εύτελὶς
2498 3457 2797 3525 πρόσωπον,
2848 3449 2958 3506 εἶτα
2996 3459 3087 3507 καὶ
3146 3454 3525 3516 ἀκουτισθῆναι
3567 3457 3716 3529 λογον
3759 3476 3862 3511 σω-

2256 3547 2454 3614 τήριον,
2499 3538 2689 3615 ἀνδρός
2735 3540 2874 3594 ἔστιν
2932 3545 3088 3604 ὄντως
3141 3545 3334 3610 ένθέου,
3386 3549 3477 3598 καὶ
3524 3544 3714 3618 ψυχῆς
3751 3545 3862 3599 έπι-

2255 3633 2518 3690 ποθούσης
2570 3635 2718 3684 Θεόν.
2778 3637 2877 3684 Καὶ
2920 3632 2996 3694 ὡς
3023 3633 3304 3706 θαυμαστά
3353 3637 3420 3686 τὰ
3472 3637 3598 3708 ἔργα
3625 3643 3718 3688 τοῦ
3771 3655 3856 3706 με·

2253 3719 2415 3791 γάλου
2467 3724 2556 3772 καὶ
2603 3720 2760 3791 μόνου
2817 3727 2950 3772 Θεοῦ
3007 3722 3153 3792 ἡμῶν
3202 3730 3304 3775 τῶν
3361 3724 3689 3797 Χριστιανῶν
3730 3741 3744 3755 ·
3778 3727 3860 3778 ὅτι

2255 3808 2463 3861 ἐκάλεσέ
2503 3827 2560 3860 σε
2607 3807 2660 3870 ἐξ
2689 3810 2860 3869 ἔθνοός
2889 3809 2995 3881 οὐχ
3051 3810 3200 3862 ὁσίου
3256 3811 3326 3874 είς
3357 3817 3450 3870 την
3500 3817 3693 3871 σεπτὴν
3742 3812 3860 3866 έπί-

2252 3917 2446 3968 γνωσιν
2501 3906 2596 3960 τῆς
2650 3896 2890 3961 ἀληθείας
2943 3898 3106 3951 αὐτοῦ
3163 3905 3338 3972 τρόπῳ
3403 3901 3712 3974 τηλικούτῳ,
3769 3900 3857 3956 δο-

2253 3995 2429 4040 κοῦντι
2475 3990 2562 4058 μεν
2599 3985 2849 4058 ἀκουσίῳ,
2891 3987 3178 4061 αὐθαιρέτῳ
3228 3985 3277 4042 δ’
3325 3990 3405 4041 ὅτι
3453 3990 3707 4061 μαλιστα,
3760 3995 3856 4044 σὺν

2251 4084 2362 4138 τοῖς
2413 4075 2798 4138 συνεξελθούσιν
2871 4075 3207 4149 ἀρχιερεῦσιν
3268 4076 3436 4149 [Cod.
3492 4079 3628 4151 Reg.
3696 4079 3857 4153 ἀγχι-

2255 4163 2484 4237 στεῦσιν]
2523 4183 2534 4194 ·
2569 4165 2772 4236 ἐπείπερ
2819 4163 2978 4225 ἄλλως
3019 4164 3078 4216 ού
3112 4162 3502 4237 δεδοκίμασται
3544 4176 3606 4241 τῇ
3642 4170 3757 4241 θεία
3783 4169 3855 4222 oi-

2251 4259 2468 4326 κονομίᾳ
2538 4251 2847 4325 ἀφαρπάσαι
2911 4253 3046 4326 ὑμᾶς
3103 4261 3200 4315 τῆς
3273 4253 3571 4318 ἀθεότητος.
3650 4255 3722 4310 Ὠ
3765 4265 3856 4318 τῆς

493 4343 672 4397 bilem
705 4342 1080 4396 vocationem
1110 4339 1123 4394 ἰ
1157 4355 1192 4394 o
1221 4337 1590 4394 laudandam
1622 4339 2096 4412 redemptionem
2126 4359 2140 4410 ;

2263 4344 2563 4414 θαυμαστῆς
2621 4339 2898 4402 κλήσεωςι
2967 4341 3006 4392 ὦ
3071 4348 3162 4402 τῆς
3223 4340 3492 4406 ἕπαινετῆς
3551 4343 3857 4418 ἀπολυτρώ-

491 4431 831 4486 Translatus
873 4445 936 4484 es
970 4428 1045 4484 de
1087 4427 1342 4482 tenebris
1391 4427 1452 4482 in
1496 4427 1914 4483 admirabilem
1953 4428 2143 4500 ipsius

491 4519 717 4575 lucem:
751 4525 964 4574 exutus
991 4517 1172 4572 veteri
1197 4516 1461 4583 homine,
1493 4531 1632 4572 cum
1653 4516 1934 4572 absurdis
1957 4519 2142 4575 ethni-

492 4609 695 4680 cisque
747 4606 1214 4675 cogitationibus
1271 4611 1328 4661 et
1384 4604 1644 4670 actibus;
1701 4605 1996 4661 Christum
2050 4608 2141 4664 in-

490 4698 695 4762 duisti,
736 4697 1100 4751 Christianus
1131 4695 1328 4766 reipsa
1358 4709 1466 4765 pro
1501 4694 1757 4760 ethnico,
1792 4694 1949 4750 ﬁlius
1990 4695 2140 4752 lucis

490 4792 547 4843 et
579 4787 695 4841 diei
720 4802 830 4858 pro
869 4784 994 4839 ﬁllo
1037 4785 1419 4840 tenebrarum
1449 4788 1506 4838 et
1544 4782 1732 4838 noctis
1779 4785 2136 4856 impietatis;

489 4891 677 4929 unum
717 4874 903 4928 Deum
943 4873 1165 4938 colens,
1209 4871 1312 4944 qui
1345 4872 1404 4925 in
1437 4872 1602 4926 Patre
1646 4878 1704 4927 et
1731 4873 1873 4927 Filio
1914 4877 1969 4928 et
2016 4875 2140 4946 Spi-

486 4963 602 5018 ritu
634 4967 838 5016 sancto
868 4961 1182 5028 adoratur;
1214 4959 1606 5016 multitudinis
1636 4959 1886 5016 deorum
1918 4967 1973 5017 et
2005 4962 2140 5016 Bul-

486 5052 701 5121 garicaa
727 5050 1076 5106 idololatriae
1099 5050 1332 5122 fugiens
1351 5047 1564 5104 falsam
1590 5047 1936 5118 religionem
1962 5071 1972 5102 :
2001 5067 2138 5106 con-

484 5140 659 5195 ﬁtens
705 5140 923 5195 deinde
965 5155 1152 5194 unum
1207 5139 1280 5194 de
1329 5145 1536 5193 sancta
1583 5138 1878 5202 Trinitate,
1931 5139 2136 5196 Filium

487 5229 685 5302 ipsum
726 5241 777 5285 et
822 5232 1073 5284 Verbum
1130 5228 1226 5284 Dei
1266 5243 1366 5300 per
1406 5243 1708 5283 summam
1752 5243 1894 5299 erga
1943 5244 2134 5298 genus

2255 4429 2422 4493 σεωςῑ
2474 4431 2706 4501 ὴνέχθης
2753 4432 2808 4482 ἐκ
2843 4431 3058 4491 σκότους
3109 4430 3176 4492 εἰς
3226 4434 3284 4484 τὸ
3337 4435 3640 4505 θαυμαστὸν
3694 4435 3855 4488 αὐτοῦ

2252 4529 2352 4592 φῶς
2390 4535 2403 4547 ⁸
2441 4515 2865 4591 ἀπεκδυσάμενος
2894 4522 2982 4572 τόν
3033 4519 3253 4571 παλαιὸν
3297 4521 3590 4594 ἄνθρωπον,
3624 4527 3720 4574 σὺν
3745 4531 3853 4585 τοῖς

2251 4607 2463 4666 ἀτόποις
2536 4611 2625 4658 καὶ
2699 4606 2914 4668 ἐθνικοίς
2985 4606 3253 4680 λογισμοῖς
3309 4627 3367 4661 τε
3423 4615 3514 4663 καὶ
3579 4612 3851 4687 πράξεσιν,

2249 4693 2476 4750 ἓνεδύσω
2520 4699 2613 4748 τόν
2657 4699 2911 4768 Χριστὸν,
2944 4700 3267 4769 Χριστιανός
3305 4695 3413 4750 ἀντ’
3466 4701 3671 4752 ἓθνικοῦ
3717 4721 3853 4777 χρη·

2249 4786 2517 4858 ματίζων’
2574 4787 2684 4846 υἱὸς
2742 4788 2905 4858 φωτός
2960 4789 3055 4838 καὶ
3107 4787 3325 4859 ἡμέρας,
3385 4786 3498 4840 ἀνθ’
3556 4791 3675 4842 υἱοῦ
3732 4797 3854 4845 σχό-

2248 4894 2369 4937 τους
2423 4879 2510 4927 καὶ
2556 4877 2741 4935 νυκτός
2797 4872 3040 4937 ἀσεϐείας
3069 4891 3083 4905 ⁶
3115 4875 3202 4927 ἕνα
3257 4878 3385 4928 Θεὸν
3437 4875 3619 4943 σέϐων,
3671 4882 3760 4930 τὸν
3806 4879 3852 4932 ἄν

2251 4969 2418 5036 Πατρὶ
2469 4969 2559 5016 καὶ
2603 4965 2708 5035 Υἱῷ
2751 4968 2841 5016 καὶ
2872 4963 3002 5035 ἁγίῳ
3061 4966 3322 5036 Πνεύματι
3352 4969 3804 5039 προσκυνούμενον
3837 4985 3850 4999 °

2247 5059 2512 5124 πεφευγὼς
2577 5062 2670 5115 τῆς
2741 5053 3012 5114 πολυθείας
3079 5057 3171 5106 καὶ
3222 5054 3576 5127 Βουλγαρικῆς
3642 5053 3854 5111 εἰδωλο-

2248 5143 2484 5215 λατρείας
2511 5147 2606 5202 τὴν
2649 5140 2961 5196 δυσσέϐειαν
3003 5159 3019 5174 ·
3075 5139 3191 5196 εἶτα
3219 5148 3309 5196 καὶ
3341 5143 3602 5217 ὁμολογῶν
3651 5150 3741 5198 τόν
3766 5147 3854 5214 ἕνα

2247 5241 2342 5295 τῆς
2389 5232 2537 5304 ἁγίας
2599 5228 2845 5306 Τριάδος,
2893 5231 3051 5285 αὐτὸν
3105 5236 3194 5286 τὸν
3247 5235 3366 5286 Υίὸν
3414 5238 3504 5287 καί
3559 5238 3727 5306 Λόγον
3759 5242 3852 5289 τοῦ

2052 5373 2273 5430 NOTAE.

562 5498 627 5574 (’)
655 5497 1020 5570 Dogmatica.

2294 5501 2416 5578 (55)
2444 5501 2508 5558 In
2537 5501 2678 5560 cod.
2705 5504 2847 5578 Reg.
2877 5499 3040 5580 ppu".
