4036 6276
231 276 369 339 1317

1519 270 2028 331 EPISTOLARUM
2068 268 2205 326 LIB.
2249 268 2321 325 Il.

3453 264 3592 321 1518

233 411 382 473 Θεοῦ,
438 402 512 458 δι’
568 403 883 476 ὑπερϐάλλον
940 400 1076 463 ἔλεος
1107 407 1201 454 τοῦ
1256 400 1376 454 καθ’
1432 401 1573 472 ἡμᾶς
1634 403 1832 470 γένους,

1982 403 2210 453 ostrum
2224 393 2697 450 misericordiam
2710 390 3019 448 hominem
3041 407 3170 447 esse
3196 390 3423 446 factum
3436 390 3597 446 simi-

231 499 500 570 ἄνθρωπον
529 496 841 567 γεγενῆσθαι
899 495 1074 565 ὅμοιον
1133 494 1257 564 ἡμῖν
1298 494 1433 543 κατὰ
1481 492 1669 554 πάντα,
1707 490 1838 561 μετὰ

234 590 324 639 καὶ
389 592 479 637 τοῦ
532 581 663 637 εἶναι
709 587 795 635 τὸν
854 582 1009 634 αὐτὸν
1065 585 1193 635 Θεὸν
1240 580 1443 633 τέλειον.
1503 582 1622 638 Θεὸς
1678 581 1778 650 γὰρ
1812 578 1837 628 6

237 678 441 750 Πατὴρ,
496 676 625 734 Θεὸς
678 678 766 725 καὶ
817 672 842 723 6
901 673 1037 735 Υἱὸς,
1104 674 1230 731 Θεὸς
1278 674 1365 721 καὶ
1422 672 1480 721 τὸ
1523 675 1732 738 Πνεῦμα
1778 670 1837 717 τὸ

236 764 385 837 ἅγιον
417 783 429 795 ·
479 764 550 825 εἷς
584 764 740 829 Θεὸς,
773 761 832 813 οὐ
871 768 1002 833 τρεῖς
1054 762 1177 823 θεοὶ,
1226 758 1395 829 ἆπαγε
1429 775 1441 788 ·
1503 760 1560 809 τὸ
1601 758 1711 828 μιν,
1747 751 1840 807 διὰ

236 856 331 911 τὴν
369 856 494 923 μίαν
528 852 745 908 θεότητα
778 867 791 879 ⁸
815 853 873 902 τὸ
922 845 979 902 δὲ
1011 844 1103 901 διὰ
1141 851 1204 900 τὰ
1240 853 1359 919 τρία
1389 850 1664 918 πρόσωπα.
1696 844 1837 901 Αὕτη

236 943 267 1000 ἡ
308 940 525 998 ἀληθινὴ
579 944 761 1001 πίστις
812 947 913 991 τῶν
954 945 1305 1012 Χριστιανῶν,
1356 942 1694 1010 καταργοῦσα
1746 938 1844 986 πᾶ-

243 1050 338 1084 σαν
363 1030 560 1088 πλάνην
589 1034 677 1082 καὶ
708 1030 933 1102 αἰρεσιν.

312 1115 527 1177 Ἐπειδὴ
583 1115 643 1170 δε
697 1113 914 1179 διπλοῦς
964 1117 989 1169 6
1039 1118 1286 1190 Χριστὸς,
1315 1116 1444 1166 καθὸ
1478 1117 1606 1174 Θεὸς
1631 1111 1838 1177 τελειος,

239 1212 331 1261 καὶ
381 1208 647 1281 ἄνθρωπος
690 1206 877 1268 τελειος
909 1227 921 1238 ·
982 1208 1038 1257 τὸ
1107 1207 1196 1276 μὲν
1272 1204 1340 1265 ὡς
1393 1201 1447 1255 ἐκ
1486 1210 1577 1255 τοῦ
1640 1203 1843 1269 Πατρός

240 1298 499 1370 γεννηθεὶς
551 1300 651 1371 πρὸ
716 1295 932 1361 αἰώνων,
976 1297 1040 1355 ὡς
1094 1294 1146 1356 ἕξ
1206 1291 1355 1353 ἡλίου
1389 1292 1749 1363 ἀπαύγασμασ
1785 1293 1841 1341 τὸ

246 1381 304 1437 δε
360 1383 414 1435 ἐκ
463 1392 557 1445 τῆς
596 1387 797 1458 μητρὸς
849 1384 927 1436 ἐπ’
990 1383 1236 1455 ἐσχάτων
1290 1388 1391 1433 τῶν
1429 1384 1655 1454 χρόνων,
1712 1380 1838 1440 ὡςὴ

244 1473 363 1525 καθ’
417 1475 555 1545 ἡμᾶς
603 1477 860 1544 γέννησις,
917 1472 1108 1543 μᾶλλον
1198 1467 1256 1523 δὲ
1310 1475 1398 1522 καὶ
1455 1470 1580 1542 ὑπὲρ
1660 1470 1841 1539 ἡμᾶς·

249 1558 430 1619 ἱπειδὴ
490 1562 738 1634 παρθένος
792 1563 822 1619 ἡ
874 1568 1121 1629 τεκοῦσα,
1198 1563 1286 1611 καὶ
1358 1562 1499 1633 πρὶν,
1550 1562 1639 1609 καὶ
1692 1556 1738 1607 ἐν
1778 1564 1847 1627 τῷ

247 1655 458 1715 τίκτειν,
506 1655 596 1703 καὶ
640 1652 772 1722 μετὰ
820 1654 879 1702 τὸ
932 1654 1123 1701 τίκτειν
1158 1669 1170 1681 ·
1224 1647 1299 1720 ἐφ’
1329 1648 1402 1708 οἷς
1448 1651 1537 1699 καὶ
1596 1649 1848 1702 Θεοτόκος

1940 486 2057 540 lem
2089 485 2266 540 nobis
2295 499 2401 555 per
2430 481 3112 552 omnia,cumidemipse
3129 479 3425 550 perfectus
3439 481 3598 535 esset

1944 574 2120 629 Deus.
2151 576 2305 629 Deus
2355 572 2516 627 enim
2565 573 2749 634 Pater,
2796 572 3048 640 Deus_et
3100 568 3301 631 Filius,
3344 569 3497 623 Deus
3541 574 3599 624 et

1946 664 2194 735 Spiritus
2224 667 2465 717 sanctus
2500 679 2514 727 ;
2550 676 2700 715 unus
2734 662 2907 727 Deus,
2941 663 3224 728 nonjtres
3258 656 3363 725 Dii,
3390 657 3547 712 absit
3580 676 3594 716 :

1944 753 2058 808 hoc
2087 751 2359 823 quidem,
2393 754 2636 822 propter
2661 764 2845 804 unam
2885 747 3166 803 deitatem
3201 764 3215 814 ;
3248 745 3393 800 illud
3436 760 3596 817 vero,

1944 847 2188 913 propter
2234 845 2350 894 tres
2399 853 2716 911 personas.
2750 839 2885 892 Haec
2932 851 3071 892 vera
3101 839 3192 891 est
3247 834 3399 891 ﬁdes
3441 835 3600 891 Chri-

1946 930 2299 992 stianorum,
2334 927 2584 984 abolens
2621 941 2881 982 errorem
2928 940 3173 981 omnem
3203 928 3260 980 et
3298 924 3599 981 haeresim.

2021 1126 2314 1190 Quoniam
2346 1128 2546 1179 autem
2572 1121 2794 1193 duplex
2832 1124 2925 1176 est
2966 1121 3251 1186 Christus,
3302 1126 3601 1193 quatenus

1950 1217 2102 1269 Deus
2116 1212 2411 1284 perfectus
2422 1217 2477 1267 et
2490 1212 2673 1266 homo
2688 1208 2984 1281 perfectus
3003 1231 3013 1273 ;
3032 1208 3174 1264 illud
3202 1208 3452 1281 quidem
3479 1216 3605 1265 tan-

1947 1318 2135 1374 quam
2160 1317 2232 1356 ex
2263 1302 2430 1355 Patre
2454 1305 2630 1355 natus
2655 1306 2792 1354 ante
2821 1297 3519 1368 saecula.sicutsplendor
3532 1314 3605 1354 ex

1951 1391 2107 1457 sole;
2132 1392 2287 1445 istud
2301 1406 2441 1445 vero
2455 1405 2525 1444 ex
2541 1389 2813 1454 matre,in
2837 1386 3184 1443 novissimis
3208 1387 3602 1457 temporibus,

1952 1486 2016 1535 ut
2044 1479 2317 1535 nativitas
2343 1486 2427 1533 est
2456 1485 2679 1542 nostra,
2714 1480 2804 1531 vel
2840 1477 3038 1548 potius
3068 1492 3254 1547 supra
3286 1481 3556 1531 nostram
3590 1491 3604 1542 ;

1952 1569 2471 1641 quandoquidem,
2502 1573 2557 1622 et
2577 1572 2733 1634 ante,
2762 1567 2894 1621 etin
2917 1570 3112 1637 partu,
3133 1570 3190 1621 et
3211 1569 3348 1636 post
3368 1571 3607 1636 partum

1956 1659 2123 1727 virgo
2171 1663 2425 1727 estquae
2482 1655 2678 1727 ipsum
2718 1658 2989 1726 peperit:
3025 1670 3212 1726 quare
3262 1660 3318 1709 et
3358 1654 3610 1725 Deipara

248 1742 317 1802 ὡς
370 1738 572 1801 ἀληθῶς
602 1744 689 1792 καὶ
716 1744 951 1796 νενόηται
1000 1744 1088 1790 καὶ
1119 1742 1559 1811 προσηγόρευται.
1605 1736 1699 1787 Διὰ
1737 1740 1851 1785 τοῦ·

1979 1747 2266 1801 rerissime
2305 1751 2360 1799 et
2394 1744 2739 1813 intelligitur
2775 1751 2829 1798 et
2860 1743 3214 1815 appellatur.
3258 1746 3606 1815 Eapropter,

247 1848 326 1895 το,
377 1831 550 1903 ὥσπερ
614 1831 750 1882 κατὰ
805 1832 891 1880 τὸν
950 1832 1156 1903 Πατέρα
1228 1827 1633 1899 ἀπερίγραπτος,
1689 1824 1852 1884 οὕτως

248 1923 339 1971 καὶ
415 1920 550 1971 κατὰ
608 1923 702 1977 τὴν
763 1920 962 1993 μητέρα
1014 1917 1064 1969 ἐν
1126 1922 1307 1969 πίνακι
1370 1920 1849 1988 περιγραφόμενος.

251 2013 339 2060 καὶ
394 2009 423 2066 ἡ
484 2011 775 2082 περιγραφὴ
836 2011 996 2059 αὐτοῦ
1046 2006 1164 2065 ἦτοι
1201 2008 1231 2064 ἡ
1282 2005 1451 2071 εἰκὼν,
1515 2006 1850 2078 προσκυνητὴ

253 2103 345 2149 καὶ
392 2094 644 2162 σεϐαστὴ,
687 2094 734 2147 ἐν
877 2093 1116 2168 βλέπεται
1142 2093 1225 2167 ὑφ’
1279 2096 1422 2165 ἡμῶν
1454 2102 1553 2145 τῶν
1604 2101 1854 2166 Χριστια-

254 2194 351 2237 νῶν
410 2186 521 2238 οῖαν
579 2188 782 2259 μορφὴν
845 2183 1053 2236 ἀνέλαϐε
1084 2199 1097 2213 ⁸
1179 2188 1268 2235 καὶ
1338 2179 1742 2254 δεδοξολόγηται
1792 2182 1855 2241 ὡς

254 2274 434 2347 ὃμοιος
491 2276 615 2345 ἡμῖν
672 2275 809 2325 κατὰ
873 2275 1042 2325 πάντα
1097 2276 1321 2344 γεγονὼς
1371 2271 1496 2330 πλὴν
1554 2271 1850 2342 ἁμαρτίας’

254 2368 594 2437 καταργήσας
650 2368 752 2415 πᾶν
806 2358 1075 2414 εὶδωλικὸν
1131 2363 1387 2434 ὁμοίωμα,
1446 2361 1519 2432 ἐφ’
1664 2360 1856 2410 ὤλλυτο

254 2452 523 2526 λατρεῦον,
580 2451 635 2514 ἐξ
698 2453 900 2523 ἡμερῶν
961 2450 1159 2516 αἰῶνος,
1215 2453 1273 2501 τὸ
1319 2453 1461 2520 γένος
1516 2457 1614 2500 τῶν
1665 2447 1857 2521 ἀνθρώ-

258 2562 390 2596 πων.
426 2540 484 2593 Ὁ
534 2548 660 2613 γοῦν
699 2544 772 2609 μὴ
808 2535 1233 2612 καταδεχόμενος
1284 2539 1437 2590 αὐτὸν
1490 2538 1853 2605 εἰκονίζεσθαι,

260 2628 301 2681 ὧ
362 2628 482 2682 καλὲ
562 2629 694 2701 φίλε,
772 2627 1109 2681 ἀπαναίνεται
1172 2627 1344 2688 αὐτοῖς
1412 2628 1711 2702 πράγμασι,
1761 2627 1857 2677 κᾶν

260 2718 399 2789 λόγῳ
441 2719 916 2789 συγκατατίθηται,
975 2718 1215 2788 γενέσθαι
1270 2720 1353 2768 τόν
1418 2718 1536 2769 Υἰὸν
1583 2724 1675 2768 τοῦ
1731 2720 1857 2768 Θεοῦ

263 2808 532 2880 ἄνθρωπον
564 2822 576 2834 ·
637 2812 727 2859 καὶ
764 2808 789 2859 6
844 2811 914 2877 μὴ
946 2814 1250 2881 προσκυνῶν
1290 2806 1449 2857 αὐτοῦ
1479 2811 1563 2863 τὴν
1604 2806 1756 2877 ἁγίαν
1786 2806 1859 2857 εἰ-

265 2902 409 2961 κόνα,
450 2900 522 2968 μὴ
588 2902 896 2969 προσκυνεῖν
954 2895 1110 2947 αὐτὸν
1158 2892 1550 2957 ἀποδέδεικται,
1596 2897 1691 2947 κᾶν
1740 2897 1860 2967 ὁμο-

264 2984 389 3057 λογῇ
455 2991 783 3058 προσκυνεῖν.
847 2983 904 3037 Ἠ
957 2987 1057 3059 γὰρ
1116 2991 1212 3045 τῆς
1272 2984 1462 3045 εἰκόνος
1511 2984 1669 3036 αὐτοῦ
1732 2987 1855 3055 τιμὴ

266 3077 352 3126 ἰπὶ
382 3077 440 3125 τὸ
472 3078 808 3149 πρωτὸτυπον
842 3070 1101 3126 διαϐαίνει
1134 3094 1145 3105 ·

269 3167 437 3225 αὐτῆς
466 3162 536 3225 εἰς
577 3162 731 3215 αὐτὸν
784 3166 877 3221 τήν
935 3164 1154 3234 ἄρνησιν
1206 3161 1511 3233 ἀναπέμπει.
1557 3162 1695 3214 Ἐπεὶ
1751 3161 1860 3227 οὖν,

267 3254 333 3313 ὡς
398 3253 662 3325 μανθάνω,
712 3252 880 3313 οὕτως
955 3256 1046 3303 καὶ
1100 3254 1257 3312 αὐτὸς
1305 3253 1577 3313 πέποιθας,
1636 3256 1725 3303 καὶ
1772 3247 1865 3302 διὰ

266 3348 423 3393 τοῦτο
465 3341 644 3414 στέλλῃ
672 3349 765 3403 τῆς
794 3345 1061 3401 κοινωνίας
1112 3349 1212 3392 τῶν
1244 3340 1613 3412 Εἰκονομάχων
1647 3356 1659 3370 ·
1690 3345 1866 3414 χαίρω

270 3434 361 3483 καὶ
390 3434 671 3502 συγχαίρω
706 3449 809 3494 σοι,
870 3429 1174 3504 εὐχαριστῶ
1204 3434 1293 3481 καὶ
1321 3436 1720 3503 συνευχαριστῶ
1760 3446 1863 3493 σοι,

271 3519 354 3571 ὅτι
406 3519 532 3592 ὁρᾷς
590 3522 683 3576 τὴν
738 3517 998 3583 ἀλήθειαν,
1064 3521 1153 3569 καί
1208 3537 1289 3569 τοι
1333 3515 1595 3590 ὀψιμαθὴς
1634 3521 1721 3581 ὧν,
1779 3521 1869 3567 καὶ

271 3604 644 3682 ἆρτιγέννητος
690 3608 799 3667 υἱὸς
852 3614 1005 3661 Θεοῦ.
1064 3611 1163 3659 Καὶ
1215 3610 1287 3679 μὴ
1330 3626 1410 3659 τοι
1459 3608 1737 3679 θαυμάσῃς
1789 3608 1869 3658 ὅτι

273 3702 364 3749 καὶ
424 3700 475 3749 ἓν
538 3703 877 3772 Χριστιανοῖς
926 3695 1223 3769 εἰσέρχεται
1278 3695 1466 3769 πλάνη.
1509 3702 1675 3748 Ὅπου
1706 3698 1805 3768 γὰρ
1839 3696 1868 3752 ἠ

278 3789 536 3859 σωτηρία,
588 3783 693 3837 ἐκεῖ
740 3789 917 3857 τρέχει
976 3785 1001 3836 6
1073 3781 1280 3857 δράκων
1352 3781 1597 3845 διάϐολος
1653 3792 1876 3842 ποιῆσαι

277 3872 533 3927 ἀπώλειαν
572 3890 584 3903 ·
616 3878 706 3926 καὶ
748 3881 900 3926 τοῦτο
946 3870 1020 3925 δι’
1059 3871 1167 3932 ἐνὸς
1207 3875 1479 3947 ανθρώπου
1519 3882 1609 3925 του
1642 3872 1877 3936 ἐξουσιά-

278 3964 478 4025 ζοντος.
511 3961 673 4034 Ἀρτι
707 3964 808 4037 γὰρ
863 3965 892 4020 ἡ
950 3960 1114 4020 πλάνη
1149 3961 1281 4020 αὕτη
1336 3964 1634 4033 ἐπεισήχθη
1689 3960 1737 4013 ἐν
1769 3970 1877 4024 τοῖς

278 4059 637 4127 Χριστιανοῐς.
698 4052 837 4105 Ἐπεὶ
891 4050 944 4114 ἐξ
995 4050 1178 4111 αἰῶνος
1224 4053 1253 4109 ἡ
1306 4059 1540 4123 Χριστοῦ
1589 4052 1754 4117 εἰκὼν,
1784 4059 1880 4114 τῆς

279 4160 337 4195 τε
362 4146 642 4207 Θεοτόκου,
680 4145 770 4194 καὶ
790 4148 889 4193 τῶν
920 4140 1082 4212 ἁγίων
1106 4141 1288 4197 αὐτοῦ,

351 4318 528 4369 Ταῦτά
582 4335 686 4383 σοι,
768 4313 1001 4370 δέσποτα
1068 4320 1368 4389 τιμιώτατε,
1425 4318 1493 4378 ὡς
1546 4318 1688 4389 παρὰ
1749 4324 1882 4369 Θεοῦ

279 4408 526 4475 κινηθεὶς,
581 4407 677 4457 κᾶν
755 4405 1061 4478 ἁμαρτωλός
1141 4406 1267 4477 εἰμι,
1360 4404 1683 4478 ἐφθεγξάμην
1759 4409 1884 4479 πρὸς

285 4493 570 4570 βεϐαίωσιν
618 4503 709 4557 τῆς
741 4500 969 4558 πίστεώς
1001 4515 1095 4548 σου
1128 4511 1144 4529 ⁶
1181 4490 1360 4553 ἐπειδὴ
1409 4490 1627 4567 ἁδελφὸς
1668 4498 1733 4546 σὺ
1763 4496 1885 4566 ἡμέ-

282 4604 453 4657 τερος,
485 4588 577 4636 καὶ
625 4584 682 4637 οὐ
713 4584 866 4650 ξένος,
920 4587 1093 4646 καθὼς
1128 4586 1353 4658 εἴρηκας.
1416 4584 1479 4638 Εἰ
1532 4580 1591 4635 δὲ
1621 4583 1756 4646 ξένος
1796 4590 1886 4635 τοῦ

282 4678 511 4745 κόσμου,
545 4668 599 4725 εὖ
655 4674 715 4725 ἄν
746 4675 891 4745 ἔχοι.
948 4678 1048 4726 Καὶ
1104 4675 1249 4744 ἡμεῖς
1307 4674 1406 4746 γὰρ
1463 4673 1509 4724 οἱ
1562 4678 1791 4725 ταπεινοὶ
1830 4676 1887 4724 τὸ

285 4763 417 4816 αὐτὸ
475 4764 661 4835 ἔχομεν
687 4774 699 4789 ⁵
759 4768 849 4815 καὶ
903 4758 995 4815 διὰ
1037 4767 1189 4814 τοῦτό
1228 4760 1378 4832 ἐσμεν
1420 4760 1789 4836 ἀπερριμμένοι
1818 4761 1892 4813 ἐν·

287 4853 461 4904 τηῦθα
501 4848 594 4904 διὰ
634 4856 720 4904 τὸν
767 4850 919 4923 λόγον
984 4858 1074 4904 τοῦ
1126 4858 1283 4905 Θεοῦ.
1319 4854 1418 4902 Καὶ
1449 4853 1701 4923 μακάριος
1741 4850 1785 4903 εἰ
1809 4872 1890 4903 πι-

292 4942 488 4993 στεύων
520 4940 591 5001 εὶς
634 4944 867 5014 Χριστὸν
921 4939 1107 5014 ὀρθῶς,
1164 4943 1252 4991 καὶ
1306 4940 1471 4991 πάντα
1520 4937 1739 5011 δεύτερα
1764 4942 1890 5015 ὑπὲρ

294 5032 458 5081 αὑτοῦ
496 5029 803 5101 ἡγούμενος.
837 5025 1072 5083 Ἰδέα-θαι
1114 5024 1171 5080 δὲ
1211 5026 1458 5090 ἀλλήλους
1510 5025 1765 5081 δύσκολον
1799 5026 1892 5082 διὰ

292 5122 389 5176 τὴν
419 5117 655 5180 ἐξουσίαν
692 5134 705 5146 ·
763 5118 807 5170 εἰ
862 5122 933 5190 μή
990 5137 1041 5170 τι
1071 5121 1202 5179 Θεὸς
1255 5117 1443 5169 κελεύει
1466 5117 1582 5170 καθ’
1609 5117 1662 5169 ὃν
1700 5119 1893 5171 οἰκονο-

296 5212 459 5281 μήσει
504 5212 713 5282 τρόπον.
760 5209 1075 5280 Μεμνῆσθαι
1127 5204 1187 5260 δέ
1246 5226 1339 5259 σου
1388 5206 1447 5259 οὗ
1490 5204 1885 5280 διαλειψόμεθα,

298 5302 390 5349 καὶ
415 5295 621 5368 ἀγαπᾶν
656 5315 713 5349 σε
768 5299 837 5358 ὡς
874 5293 1093 5369 ἀδελφὸν
1146 5296 1290 5367 ἡμῶν
1325 5313 1337 5325 ·
1363 5297 1417 5349 ὃν
1448 5315 1571 5349 ποτε
1607 5296 1701 5348 οὐκ
1734 5297 1893 5370 ἐγνω-

295 5389 520 5460 ρίσαμεν
553 5384 654 5439 ἀπὸ
709 5389 899 5460 σαρκὸς
945 5390 1035 5438 καὶ
1086 5386 1310 5458 αἶματος
1341 5404 1355 5419 ο
1404 5392 1491 5438 νῦν
1544 5383 1603 5438 δὲ
1660 5385 1759 5438 ἀπὸ
1800 5392 1891 5440 τοῦ

298 5474 452 5547 ἁγίου
479 5464 772 5547 Πνεύματος
802 5478 992 5548 ἔχομεν
1043 5476 1114 5537 ὡς
1166 5477 1418 5547 σύγγονον
1452 5492 1466 5505 ·
1523 5475 1892 5546 ἀποτεχθέντες

298 5563 583 5640 ἀμφότεροι
640 5562 697 5616 ἐκ
738 5568 937 5638 μητρὸς
1005 5570 1100 5626 τῆς
1162 5565 1474 5631 υίοθετικῆς,
1532 5564 1896 5641 κολυμϐήθρας

1959 1834 2479 1907 quemadmodum
2542 1833 3086 1903 incircumscriptus
3134 1838 3221 1886 est
3268 1831 3607 1887 secundum

1961 1924 2215 1992 Patrem,
2256 1924 2337 1978 sic
2377 1927 2435 1977 et
2473 1922 2799 1977 secundum
2857 1926 3111 1976 matrem
3160 1921 3223 1975 in
3272 1920 3481 1976 tabula
3513 1921 3613 1976 de-

1964 2013 2256 2077 scribitur,
2284 2017 2341 2065 et
2374 2011 2691 2080 descriptio
2722 2011 2851 2080 ejus
2884 2010 3006 2064 sive
3035 2010 3262 2077 imago,
3297 2009 3615 2065 adoranda

1963 2108 2020 2159 et
2052 2101 2391 2156 veneranda
2417 2119 2430 2169 ;
2456 2102 2516 2153 in
2545 2115 2668 2170 qua
2699 2100 2955 2153 cernitur
2981 2114 3015 2153 a
3042 2098 3218 2153 nobis
3270 2098 3613 2153 Christianis

1963 2190 2204 2264 qualem
2247 2188 2507 2244 formam
2543 2187 2945 2257 assumpserit
2966 2205 2984 2257 ;
3028 2193 3083 2241 et
3139 2187 3479 2242 declaratus
3526 2192 3616 2243 est

1965 2279 2176 2335 similis
2209 2277 2382 2333 nobis
2409 2277 2600 2332 factus
2634 2292 2736 2348 per
2764 2276 2968 2330 omnia
3004 2281 3217 2347 praeter
3253 2283 3564 2347 peccatum
3598 2292 3611 2330 :

1965 2367 2216 2424 abolens
2244 2381 2469 2421 omnen
2506 2366 2793 2420 idolicam
2821 2363 3488 2435 similitudinem,quam
3521 2380 3618 2420 co-

1965 2457 2092 2512 lens
2118 2454 2289 2527 periit
2320 2455 2632 2509 hominum
2659 2469 2849 2523 genus
2906 2470 2941 2508 a
2993 2452 3211 2507 diebus
3245 2453 3469 2509 saeculi.
3506 2454 3615 2517 Qui

1966 2561 2109 2615 ergo
2148 2544 2314 2599 illum
2362 2543 2624 2613 imagine
2651 2542 3059 2613 repraesentari
3091 2557 3211 2596 non
3256 2541 3532 2608 admittit,
3574 2558 3611 2597 ο

1966 2636 2124 2691 bone
2142 2633 2330 2689 amice
2340 2633 2371 2703 ,j
2382 2633 2576 2687 udicio
2589 2631 2865 2689 contendi
2878 2632 3153 2700 t,tametsi
3168 2630 3351 2686 verbo
3365 2639 3610 2697 annuat,

1968 2725 2175 2781 Filium
2220 2722 2325 2777 Dei
2368 2722 2677 2777 hominem
2726 2719 2951 2775 factum
3001 2720 3180 2775 fuisse
3220 2737 3233 2774 :
3276 2724 3334 2774 et
3357 2721 3461 2791 qui
3487 2722 3616 2791 ejus

1970 2819 2241 2869 sanctam
2260 2812 2586 2881 imaginem
2600 2826 2722 2865 non
2750 2810 2981 2874 adorat,
3005 2810 3206 2881 ipsum
3220 2825 3340 2865 non
3364 2810 3617 2866 adorare

1970 2902 2277 2959 convictus
2308 2907 2416 2966 est,
2449 2899 2583 2954 licet
2622 2899 2875 2953 adorare
2912 2914 2975 2952 se
3018 2898 3387 2968 proﬁteatur.
3418 2898 3621 2954 Honor

1969 2994 2129 3047 enim
2159 2990 2441 3059 imaginis
2461 2989 2590 3059 ejus
2615 2987 2694 3043 ad
2720 2994 3127 3058 propotypum
3166 2988 3403 3041 transit:
3437 3003 3622 3058 quem

1202 3074 1373 3146 ὥσπερ
1423 3078 1512 3125 καὶ
1568 3074 1597 3130 ἡ
1646 3074 1861 3148 οἰρνησις

1979 3080 2302 3137 admodum
2335 3082 2390 3132 et
2441 3076 2724 3146 imaginis
2768 3076 2956 3147 ipsuis
3006 3075 3245 3145 negatio
3298 3075 3376 3131 ad
3420 3076 3622 3146 ipsum

1972 3168 2253 3227 transfert
2301 3166 2702 3237 negationem.
2758 3167 2902 3221 Cum
2954 3179 3115 3233 ergo,
3176 3170 3238 3218 ut
3295 3164 3496 3230 audio,
3542 3164 3625 3219 sic

1974 3259 2153 3315 etiam
2184 3257 2314 3327 ipse
2343 3271 2703 3327 persuasum
2746 3253 2991 3323 habeas,
3030 3252 3288 3324 ideoque
3315 3252 3392 3308 ab
3424 3256 3627 3308 lcono-

1978 3346 2328 3403 machorum
2362 3343 2789 3399 communione
2830 3348 2883 3397 te
2912 3342 3233 3397 subtrahas
3269 3342 3545 3411 ;gaudeo
3575 3346 3632 3398 et

1978 3436 2330 3507 congaudeo
2356 3438 2552 3489 tecum
2584 3449 2600 3498 ;
2635 3432 2857 3502 gratias
2892 3446 3030 3501 ago,
3057 3437 3115 3487 et
3146 3436 3249 3487 tua
3272 3448 3459 3488 causa
3499 3446 3633 3501 gra-

1980 3528 2092 3583 tias
2117 3540 2251 3595 ago,
2293 3522 2457 3594 quod
2485 3538 2697 3576 cernas
2731 3521 3055 3585 veritatem,
3091 3521 3325 3576 tametsi
3341 3536 3472 3575 sero
3493 3519 3633 3575 edo-

1982 3620 2131 3678 ctus,
2157 3611 2392 3667 utﬁlius
2434 3611 2535 3665 Dei
2575 3625 2766 3681 nuper
2815 3611 3071 3678 genitus.
3113 3611 3229 3664 Nec
3280 3625 3420 3664 vero
3462 3608 3633 3664 mire-

1982 3704 2060 3759 ris
2086 3701 2253 3774 quod
2282 3700 2464 3755 etiam
2508 3700 2659 3754 inter
2717 3699 3083 3755 Christianos
3133 3713 3297 3753 error
3358 3699 3632 3769 obrepat.

1986 3791 2092 3847 Ubi
2123 3790 2280 3845 enim
2307 3795 2396 3844 est
2427 3788 2604 3857 salus,
2632 3803 2702 3842 eo
2742 3787 2999 3843 accurrit
3036 3787 3220 3842 draco
3251 3786 3523 3842 diabolus
3568 3793 3629 3842 ut

1986 3880 2197 3936 inferat
2223 3878 2467 3934 exitium
2502 3893 2514 3931 :
2559 3882 2737 3949 atque
2784 3874 2897 3930 hoc
2938 3891 3044 3945 per
3072 3875 3383 3930 hominem
3424 3892 3635 3940 unum,

1989 3985 2169 4041 penes
2200 3984 2381 4040 quem
2412 3973 2500 4021 est
2545 3969 2829 4037 potestas.
2863 3967 3063 4034 Nuper
3119 3963 3276 4019 enim
3335 3965 3430 4018 hic
3474 3979 3639 4019 error

1988 4058 2139 4113 inter
2170 4056 2532 4113 Christianos
2563 4056 2829 4109 invectus
2865 4056 2973 4107 est.
3006 4055 3156 4108 Nam
3192 4053 3269 4107 ab
3292 4052 3460 4108 omni
3511 4068 3639 4107 me-

1990 4146 2183 4202 moria
2206 4145 2408 4213 imago
2438 4142 2674 4207 Christi,
2730 4146 2789 4197 et
2838 4142 3119 4212 Deiparaa,
3173 4148 3230 4196 et
3293 4147 3639 4197 sanctorum

1990 4237 2143 4308 ejus.

2066 4327 2192 4379 Haec
2223 4337 2334 4391 ego
2364 4319 2486 4384 tibi,
2512 4319 2755 4373 domine
2784 4317 3266 4386 honoratissime,
3297 4324 3586 4390 tanquam
3610 4333 3646 4374 ο.

1998 4415 2114 4468 Deo
2143 4411 2457 4483 impulsus,
2486 4407 2620 4463 licet
2669 4414 2946 4478 peccator
2977 4409 3109 4473 sim,
3144 4406 3486 4477 prolocutus
3512 4422 3649 4462 sum

1997 4501 2077 4557 ad
2124 4498 2643 4555 conﬁrmationem
2689 4494 2826 4550 ﬁdei
2872 4502 2984 4550 tua!
3044 4511 3056 4549 :
3123 4497 3412 4567 quoniam
3470 4494 3651 4551 frater

2001 4597 2063 4647 tu
2112 4594 2363 4653 noster;
2414 4601 2536 4641 non
2620 4584 2970 4655 peregrinus
3038 4590 3098 4638 ut
3184 4585 3403 4639 dixisti.
3483 4584 3654 4651 Quod

2001 4683 2049 4735 si
2078 4677 2427 4751 peregrinus
2460 4690 2522 4730 es
2564 4673 2830 4737 mundis,
2874 4672 3027 4728 bene
3059 4673 3255 4729 habet.
3282 4674 3401 4728 Nos
3429 4678 3655 4745 quippe

2002 4766 2259 4824 humiles
2308 4765 2422 4820 hoc
2469 4763 2669 4834 ipsum
2729 4778 2940 4817 sumus
2978 4780 2990 4816 :
3023 4769 3079 4817 et
3133 4767 3442 4834 propterea
3487 4763 3657 4832 ejecti

2004 4858 2121 4914 huc
2153 4870 2362 4910 sumus
2420 4859 2660 4925 propter
2704 4851 2956 4906 verbum
3024 4852 3142 4906 Dei.
3190 4854 3270 4905 Ac
3322 4853 3533 4906 beatus
3592 4869 3656 4906 es

2008 4946 2111 5017 qui
2162 4953 2316 4998 recte
2377 4942 2435 4996 in
2487 4942 2675 4995 Deum
2719 4940 2933 5006 credis,
2986 4947 3042 4995 et
3091 4941 3296 4995 omnia
3343 4940 3427 4995 illi
3496 4947 3661 5012 post-

2010 5032 2294 5107 ponenda
2322 5032 2509 5087 ducis.
2556 5030 2764 5085 Videre
2811 5036 3011 5085 autem
3052 5044 3162 5083 nos
3221 5029 3479 5084 invicem
3506 5029 3665 5085 difﬁ-

2012 5124 2121 5180 cile
2159 5126 2271 5189 est,
2300 5119 2650 5191 prohibente
2713 5119 2776 5173 id
2814 5117 3118 5190 principe:
3168 5117 3278 5171 nisi
3330 5121 3482 5173 Deus
3540 5119 3669 5173 dis-

2016 5217 2199 5285 ponat
2222 5226 2343 5282 quo
2381 5208 2493 5279 ipsi
2523 5208 2705 5263 modo
2758 5207 3071 5261 videbitur.
3122 5207 3239 5263 Tui
3273 5222 3413 5264 vero
3458 5208 3668 5263 memi-

2017 5284 2180 5356 nisse
2199 5314 2323 5354 non
2364 5284 2736 5360 desinemus,
2769 5303 2825 5350 et
2852 5310 3054 5351 amare
3088 5298 3144 5350 te
3178 5300 3241 5350 ut
3274 5295 3512 5351 fratrem
3566 5312 3678 5352 no-

2018 5395 2228 5457 strum,
2256 5402 2439 5459 quem
2481 5400 2603 5441 non
2649 5399 2909 5456 usquam
2959 5384 3239 5439 novimus
3283 5400 3355 5439 ex
3406 5400 3587 5439 carne
3616 5391 3674 5441 et

2022 5478 2335 5547 sanguine,
2368 5491 2529 5531 nunc
2569 5488 2710 5530 vero
2764 5479 2825 5528 ut
2866 5481 3197 5542 cognatum
3245 5473 3540 5549 habemus
3602 5490 3676 5529 ex

2025 5568 2495 5640 Spiritusancto;
2522 5563 2703 5635 geniti
2735 5560 2918 5618 ambo
2939 5577 3013 5617 ex
3033 5567 3225 5618 matre
3254 5562 3649 5636 adoptiva,sci
