4036 6276
514 257 654 320 1319

1779 256 1841 319 S.
1883 261 2249 320 THEODORI
2289 258 2615 320 STUDITE

3727 261 3869 326 l520

507 388 645 444 licet
674 389 904 460 piscina
932 387 1330 459 baptismatis.
1362 389 1478 443 Pax
1501 387 1623 452 tibi,
1667 390 1856 444 amice
1882 393 1937 444 et
1977 387 2139 445 irate]

2265 396 2356 440 τοῦ
2407 386 2790 462 βαπτίσματος.
2840 391 3032 465 Είρῆνῆ
3093 405 3201 460 σοι,
3253 394 3362 466 φίλε
3411 398 3496 447 καὶ
3547 391 3735 468 ἀδελφε
3779 408 3864 456 καὶ

511 485 566 534 et
593 478 856 533 domine.
885 477 1004 532 Pax
1043 481 1098 531 et
1135 476 1340 532 domui
1374 481 1510 541 tute,
1552 482 1610 532 et
1638 477 1920 532 omnibus
1949 477 2053 549 qui
2079 477 2156 533 ad

509 572 565 624 te
614 567 928 638 pertinent,
983 583 1019 622 a
1057 569 1238 632 Patre,
1275 573 1331 622 et
1361 565 1526 630 Filio,
1560 571 1616 622 et
1673 566 1893 637 Spiritu
1926 572 2153 622 sancto.

507 662 716 713 Amen.

723 781 942 837 CLXIV.
973 810 1037 820 —-
1054 779 1562 836 Archimandritae
1576 779 1827 836 Gotthiz
1849 780 1943 851 (¹).

2267 474 2525 534 δέσποτα.
2575 479 2768 553 Εἰρήνη
2814 485 2904 533 καὶ
2959 489 3030 552 τῷ
3077 485 3202 555 οἴκῳ
3259 503 3375 556 σου,
3427 488 3517 536 καὶ
3563 491 3695 538 πᾶσι
3762 493 3867 546 τοῖς

2268 563 2579 642 διαφέρουσί
2637 587 2743 633 σοι,
2797 567 2899 623 ἀπὸ
2941 578 3033 624 τοῦ
3079 575 3282 645 Πατρός
3339 577 3428 625 καὶ
3478 579 3570 626 τοῦ
3607 575 3732 627 Υὶοῦ
3773 576 3868 627 καὶ

2265 664 2356 709 τοῦ
2385 656 2538 728 ἁγίου
2571 661 2836 731 Πνεύματο
2845 680 2885 722 ς.

2337 779 2467 833 ΡΞΔ¹
2495 782 2634 852 (56).
2669 813 2734 823 -
2765 780 3291 858 Ἀρχιμανδρίτῃ
3334 787 3624 848 Γοτθίας.

1837 886 1910 935 De
1930 885 2231 936 monastico
2251 886 2516 936 instituto.

577 989 834 1046 Gratiam
860 988 1157 1044 habemus
1183 993 1393 1043 sancto
1423 989 1560 1054 Deo,
1588 987 1752 1060 quod
1778 986 1942 1056 digni
1967 985 2152 1042 habiti

505 1096 715 1134 sumus
745 1077 846 1150 qui
874 1077 1100 1133 amicas
1126 1075 1452 1132 sanctitatis
1470 1082 1584 1131 tua:
1611 1074 1832 1130 litteras
1860 1075 2152 1146 accipere-

506 1167 783 1223 mus.Nec
812 1181 952 1222 vero
977 1165 1269 1221 tarditatis
1290 1166 1676 1220 excusatione
1691 1163 1866 1219 nobis
1883 1169 1975 1218 est
1993 1179 2149 1234 opus

505 1259 760 1323 Quinam
786 1257 946 1310 enim
965 1271 1171 1310 sumus
1196 1270 1305 1310 nos
1331 1255 1609 1309 homines
1638 1253 1840 1308 tantilli
1864 1254 2004 1308 ‘Iaut
2029 1268 2150 1324 qua

502 1347 575 1402 de
609 1361 792 1402 causa
813 1362 921 1400 vos
955 1343 1250 1400 ullatenus
1280 1343 1354 1398 de
1368 1343 1617 1413 negotiis
1636 1341 1844 1396 vestris
1875 1341 2150 1396 maximis

501 1437 578 1491 ad
643 1435 986 1490 tenuitatem
1039 1439 1301 1487 nostram
1338 1432 1600 1487 referatis
1626 1429 1654 1485 ?
1681 1433 1956 1486 Attamen
2004 1429 2150 1502 quia

499 1525 735 1581 modice
762 1523 836 1578 de
855 1521 1030 1578 vobis
1070 1521 1412 1586 sentientes,
1446 1521 1634 1576 nostis
1659 1521 1835 1575 etiam
1870 1520 2149 1574 minimos

499 1613 811 1685 complecti
838 1629 850 1666 :
881 1613 1243 1667 conveniens
1284 1609 1392 1665 fuit
1417 1615 1473 1664 et
1499 1626 1604 1665 vos
1634 1609 1912 1674 scribere,
1959 1614 2014 1663 et
2040 1623 2148 1664 nos

497 1704 748 1768 discere,
773 1717 893 1756 non
924 1700 1116 1756 solum
1133 1716 1269 1771 quae
1296 1699 1547 1771 epistola
1567 1700 2143 1763 continebat,verum

2331 987 2498 1059 Χάριν
2547 985 2893 1059 ὁμολογοῦμεν
2946 994 3020 1058 τῷ
3070 987 3200 1062 ἁγίῳ
3253 993 3381 1061 Θεῷ,
3431 989 3511 1042 ὁτι
3565 989 3858 1062 ἠξιώθημεν

2261 1070 2515 1137 δέξασθαι
2543 1076 2830 1148 γράμματα
2885 1074 3188 1148 ἀγαπητικὰ
3210 1087 3305 1141 τῆς
3351 1067 3627 1140 ὁσιότητος
3676 1081 3820 1151 ὑμῶν
3842 1095 3855 1108 ·

2258 1163 2316 1216 οὐ
2345 1169 2448 1235 μὴν
2477 1163 2748 1237 χρῄζομεν
2778 1162 3064 1237 ἀπολογίας
3093 1163 3188 1219 διὰ
3223 1172 3311 1226 τὴν
3341 1164 3674 1243 βραδυτῆτα.
3715 1173 3859 1228 Τίνες

2256 1254 2357 1324 γὰρ
2419 1254 2564 1325 ἡμεῖς
2620 1256 2669 1305 οἱ
2715 1253 2925 1314 εὐτελεῖς
2949 1273 2968 1325 ;
3026 1258 3057 1312 ἣ
3111 1261 3247 1319 τίνος
3301 1257 3458 1310 ἕνεκεν
3512 1256 3636 1318 ὅλως
3683 1261 3741 1309 τό
3792 1265 3852 1329 τῇ

2257 1344 2482 1416 ἡμετέρᾳ
2527 1342 2824 1400 οὐθενότητι
2872 1341 3136 1418 ἀναφέρειν
3197 1346 3328 1418 ὑμᾶς
3387 1351 3504 1420 περὶ
3563 1355 3663 1398 τῶν
3726 1365 3856 1418 συγ-

2255 1433 2530 1483 κινούντων
2557 1432 2694 1504 ὑμᾶς
2733 1431 3026 1503 ἀναγκαίων
3063 1449 3077 1500 ;
3117 1431 3295 1505 Ὀμως
3329 1431 3510 1493 ἐπειδὴ
3543 1439 3854 1510 μετριόφρο-

2255 1538 2335 1580 νες
2375 1521 2722 1592 τυγχάνοντες
2759 1517 2938 1573 οἴδατε
2975 1526 3064 1574 καὶ
3103 1529 3212 1583 τοῖς
3250 1522 3559 1596 ἐλαχίστοις
3598 1542 3854 1598 συμπερι-

2260 1611 2504 1682 φέρεσθαι
2533 1627 2545 1638 ’
2603 1609 2808 1670 εἰκότως
2858 1615 2948 1662 καὶ
3005 1610 3153 1664 αὐτοὶ
3213 1613 3525 1685 γεγράφατε,
3576 1617 3664 1666 καὶ
3705 1614 3857 1686 ἡμεῖς

2256 1695 2643 1771 ἐδιδάχθημεν,
2687 1699 2745 1751 οὐ
2785 1703 2937 1772 μόνον
2967 1701 3067 1752 ὅσα
3095 1701 3125 1758 ἡ
3159 1700 3424 1766 ἓπιστολὴ,
3469 1701 3705 1755 ἀλλὰκαὶ
3756 1704 3859 1755 ὅσα

497 1793 680 1850 etiam
703 1807 839 1864 quin
853 1789 1326 1846 reverendissimi
1341 1787 1552 1844 fratres
1568 1805 1636 1844 ac
1655 1795 1852 1860 patres
1866 1788 2139 1852 docuere,

2256 1790 2305 1839 οἱ
2358 1790 2553 1846 ταύτην
2609 1790 2960 1862 ἐπιφερόμενοι
3012 1786 3425 1862 αἰδεσιμὼτατοι
3485 1788 3701 1864 ἀδελφοὶ
3763 1796 3856 1844 καὶ

2258 1881 2390 1889 ._.
2526 1873 2707 1889 ...αν
2847 1877 3257 1889 _--.-..

496 1881 603 1954 qui
634 1897 738 1936 eas
769 1878 1111 1936 attulerunt.
1145 1879 1362 1934 Contra
1406 1893 1541 1949 quae
1571 1876 1779 1932 omnia
1809 1877 1963 1931 Dens
2013 1892 2146 1948 pro-

497 1975 680 2027 tector
699 1973 921 2033 noster,
945 1974 1002 2023 et
1028 1965 1464 2022 inconsiderate
1477 1966 1847 2036 objectarum
1871 1965 2146 2021 crimina-

497 2063 729 2115 tionum
758 2056 1064 2129 depulsor.
1099 2054 1480 2111 Conferemus
1513 2062 1710 2110 autem
1743 2061 1798 2110 et
1819 2071 1928 2109 nos
1949 2053 2144 2109 humi-

495 2149 601 2214 les,
627 2149 674 2204 si
707 2146 956 2220 quando
981 2145 1202 2200 incidat
1229 2160 1446 2209 sermo,
1488 2160 1625 2215 quae
1655 2143 1712 2198 in
1748 2143 1921 2198 nobis
1947 2150 2138 2210 erunt,

496 2239 658 2310 apud
689 2252 792 2292 eos
812 2236 913 2307 qui
939 2233 1234 2289 voluerint
1257 2232 1611 2288 calumniari
1645 2248 1659 2298 ;
1687 2247 1804 2287 non
1827 2248 1949 2303 quo
1970 2233 2145 2289 bene-

497 2327 694 2382 ﬁcium
713 2322 1319 2394 vobisrependamus,
1344 2323 1448 2376 sed
1477 2321 1720 2392 utquod
1751 2321 2144 2378 charitatide-

494 2417 686 2480 betur,
702 2415 1071 2485 expleamus.
1088 2413 1278 2476 Quam
1301 2411 1379 2466 ob
1393 2427 1640 2465 causam
1669 2411 1926 2465 scribere
1952 2412 2141 2467 coacti

494 2505 718 2560 fuimus
747 2503 842 2558 Dei
874 2499 1288 2557 amantissimo
1322 2501 1469 2554 Patri
1503 2503 1559 2554 et
1590 2498 1851 2570 pontiﬁci
1891 2500 2140 2557 domino

495 2593 786 2649 Pbilareto
820 2607 831 2645 :
876 2591 922 2644 si
939 2589 1112 2662 λοι-ιθ
1144 2594 1420 2659 suscepta
1456 2587 1629 2642 fuerit
1669 2588 1907 2642 humilis
1939 2594 2142 2646 nostra

494 2680 859 2744 intercessio,
876 2679 951 2732 ad
970 2677 1454 2748 componendam
1482 2691 1715 2746 pacem,
1732 2676 1872 2748 quia
1888 2677 2032 2732 nihil
2057 2685 2144 2734 est

493 2767 950 2830 conducibilius,
979 2772 1036 2820 et
1059 2780 1183 2837 qua
1214 2763 1421 2819 Christi
1443 2763 1740 2835 discipuli,
1776 2766 1876 2836 qui
1909 2768 1986 2821 ab
2009 2766 2140 2839 ipso

493 2858 686 2913 vocati
719 2863 875 2922 sunt,
894 2854 1166 2924 insigniri
1196 2852 1433 2908 debent.
1466 2854 1600 2908 Haec
1624 2854 1783 2908 velut
1809 2856 1868 2909 in
1899 2873 2141 2912 summa

491 2947 567 3002 de
593 2947 663 3001 iis
694 2963 829 3018 quae
861 2949 1088 3014 urgent.
1126 2946 1205 2998 De
1246 2941 1377 2996 aliis
1411 2959 1547 2997 vero
1579 2959 1870 3014 quorsum
1901 2962 1936 3000 a
1965 2946 2138 3001 nobis

489 3037 808 3108 quaesitum
850 3040 935 3090 est
958 3039 1017 3088 ut
1041 3029 1554 3104 respondeamus?
1573 3047 1709 3086 cum
1734 3048 1836 3087 vos
1861 3032 2140 3090 divinitus

491 3124 682 3180 edocti
714 3123 935 3178 librum
966 3121 1170 3191 magni
1226 3119 1442 3175 Basiliii
1472 3137 1507 3175 a
1550 3123 1664 3175 Deo
1696 3128 2006 3177 exaratum
2038 3123 2140 3178 ha-

2256 1881 2471 1949 Πατέρες
2518 1873 2790 1940 ἐδίδαξαν,
2847 1879 2974 1930 Καθ’
3029 1878 3096 1928 ὧν
3149 1877 3387 1931 ἁπάντων
3440 1881 3467 1933 ὁ
3515 1884 3644 1943 Θεὸς
3707 1883 3857 1953 ἡμῶν

2253 1966 2651 2038 ὑπερασπιστὴς
2680 1986 2693 1999 ·
2778 1970 2867 2018 καὶ
2944 1974 3043 2018 τῶν
3119 1969 3490 2043 ἐπιφερομένων
3565 1967 3858 2041 ἀλογίστως

2258 2054 2580 2128 αἰτιαμάτων
2627 2052 2963 2116 διαλλακτὴς.
3014 2061 3408 2128 Συνεισοίσομεν
3461 2054 3519 2111 δὲ
3573 2063 3662 2110 καὶ
3704 2059 3858 2131 ἡμεῖς

2254 2145 2302 2196 οἱ
2340 2149 2590 2208 ταπεινοὶ,
2624 2147 2820 2196 εἴποτε
2872 2144 3024 2215 λόγος
3050 2149 3248 2216 γένοιτο
3285 2149 3352 2199 τὰ
3373 2146 3496 2221 παρ’
3536 2147 3749 2213 ἑαυτῶν,
3804 2147 3857 2200 ἐν

2253 2240 2362 2294 τοῖς
2416 2233 2706 2306 φθάζουσιν
2754 2229 3125 2301 ἐνδιαϐάλλειν,
3188 2237 3247 2286 οὐ
3295 2237 3456 2310 χάριν
3506 2236 3626 2307 ὑμῖν
3695 2256 3858 2290 κατα-

2251 2321 2570 2394 ϐαλλόμενοι,
2615 2321 2745 2374 ἀλλὰ
2780 2325 2838 2373 τὸ
2890 2327 3345 2395 κεχρεωστημένον
3389 2332 3451 2396 τῇ
3501 2323 3681 2395 ἀγάπη
3730 2323 3857 2379 ἀπο-

2250 2411 2630 2486 πληρώσοντες.
2703 2409 2781 2462 Οὗ
2853 2411 3016 2482 χάριν
3085 2411 3490 2484 ἠναγκάσθημεν
3563 2413 3856 2466 ἕπιστεῖλαι

2250 2505 2339 2552 καὶ
2369 2508 2438 2571 τῷ
2479 2499 2849 2572 θεοφιλεστάτῳ
2892 2504 3061 2571 Πατρὶ
3102 2504 3188 2552 καὶ
3247 2499 3486 2574 ἀρχιερεί
3537 2507 3702 2578 κυρίῳ
3737 2504 3854 2557 Φιλ-

2251 2593 2416 2662 αρέτῳ
2466 2609 2478 2621 ·
2539 2591 2642 2658 εἴγε
2698 2592 2789 2639 καὶ
2832 2585 3192 2660 προσδεχθείη
3247 2591 3276 2647 ἡ
3334 2590 3665 2664 παράκλησις
3705 2594 3852 2664 ἡμῶν

2249 2687 2348 2730 τῶν
2388 2685 2657 2743 ταπεινῶν,
2716 2673 3011 2728 συνδέουσα
3060 2681 3125 2728 τὰ
3148 2681 3282 2752 πρὸς
3312 2679 3538 2746 εἰρήνην,
3582 2680 3646 2743 ἧς
3699 2677 3852 2734 οὐδὲν

2248 2765 2685 2838 λυσιτελέστερον,
2740 2769 2831 2817 καὶ
2872 2765 2946 2838 ἐφ’
3085 2773 3320 2840 Χριστοῦ
3367 2771 3604 2838 μαθηταὶ
3660 2769 3709 2822 οἰ
3761 2767 3850 2822 ἀπ’

2251 2855 2410 2908 αὐτοῦ
2448 2854 2766 2926 κεκλημένοι,
2803 2853 3068 2927 ὀφείλουσι
3107 2858 3624 2932 χαρακτηρίζεσθαι.
3675 2865 3853 2912 Ταῦτα

2251 2946 2315 3006 ὡς
2363 2945 2413 2996 ἐν
2469 2945 2727 3016 κεφαλαίῳ
2785 2949 2898 3016 περὶ
2949 2952 3048 2995 τῶν
3105 2952 3531 3018 κατεπειγόντων.
3578 2945 3730 3019 Ὑπὲρ
3792 2944 3852 3001 δε

2248 3041 2347 3086 τῶν
2372 3033 2555 3098 ἄλλων,
2609 3037 2662 3085 τί
2693 3037 2782 3084 καὶ
2835 3031 3223 3106 ἐπεζητήθημεν
3272 3034 3395 3096 ὅλως
3451 3034 3846 3110 ἀποκριθῆναι;

2249 3121 2474 3194 ἑχόντων
2505 3123 2644 3194 ὑμῶν
2697 3130 2796 3173 τῶν
2829 3117 3182 3174 θεοδιδοὶκτων
3213 3127 3301 3181 τὴν
3353 3125 3710 3198 θεοχάρακτον
3768 3123 3852 3199 βί-

489 3214 704 3279 beatis,
736 3213 1050 3268 docentem
1078 3226 1214 3284 qum
1267 3215 1613 3264 monasticae
1640 3227 1746 3264 seu
1778 3211 2139 3268 ccenobiacm

2249 3211 2364 3264 ϐλον
2389 3219 2480 3264 τοῦ
2535 3211 2760 3282 μεγαλου
2802 3209 3097 3282 βασιλείου,
3143 3208 3510 3266 διδάσκουσαν
3539 3221 3633 3266 τοῦ
3692 3234 3850 3286 μονα-

490 3304 620 3358 vitae
633 3302 916 3358 salutaria
931 3306 1067 3354 sunt
1086 3305 1142 3354 et
1169 3298 1332 3354 utilia
1359 3314 1370 3352 :
1393 3298 1621 3370 absque
1635 3315 1755 3369 quo
1789 3315 1895 3353 nec
1926 3301 2138 3370 guber-

491 3407 633 3446 nare
673 3391 855 3459 digne
886 3389 1007 3444 Deo
1038 3388 1228 3460 possit
1277 3401 1516 3457 praeses,
1551 3402 1658 3442 nec
1686 3388 1898 3444 utiliter
1926 3389 2138 3458 guber-

490 3481 621 3534 nari
647 3480 941 3534 subditus.
961 3478 1057 3533 Ille
1085 3478 1156 3531 de
1173 3476 1437 3548 quolibet
1466 3481 1522 3530 et
1555 3483 1909 3545 argumento
1940 3484 2138 3535 etma-

489 3569 632 3624 teria
657 3585 841 3623 sacris
875 3569 1006 3622 vitae
1034 3565 1395 3622 ccenobiacae
1442 3566 1681 3636 propria
1709 3566 2133 3639 interrogatus,

487 3675 592 3729 per
622 3658 900 3729 Spiritum
931 3663 1206 3711 sanctum
1239 3655 1562 3725 respondet
1595 3674 1606 3712 :
1641 3659 1705 3709 ut
1733 3656 1832 3727 qui
1867 3658 1996 3726 ejus
2029 3658 2136 3714 du-

483 3753 646 3802 ctum
692 3747 978 3818 sequitur,
1011 3745 1257 3799 ductum
1290 3750 1574 3814 sequatur
1616 3743 1868 3814 Spiritus
1901 3747 2088 3802 sancti
2117 3765 2128 3800 :

483 3836 586 3907 qui
619 3837 667 3890 ei
689 3850 807 3889 non
839 3833 1043 3896 credit,
1068 3833 1296 3886 Christo
1326 3831 1430 3904 qui
1462 3847 1566 3902 per
1595 3847 1733 3887 eum
1763 3832 1996 3888 locutus
2019 3842 2130 3906 est,

483 3940 605 3980 non
638 3925 858 3979 credat.
891 3923 1188 3991 Quaaergo
1221 3923 1628 3992 perincuriam
1663 3921 1944 3978 fratribus
1967 3925 2134 3980 obre-

485 4019 635 4085 punt
664 4013 897 4076 delicta,
939 4028 1010 4067 ea
1058 4026 1162 4082 per
1195 4011 1381 4065 laicos
1408 4011 1681 4066 homines
1703 4011 1956 4081 judicari
2009 4005 2157 4069 non“

482 4103 659 4159 licere
691 4119 858 4157 sacer
887 4103 1015 4172 ipse
1034 4101 1254 4156 clamat
1283 4101 1602 4170 Apostolus
1634 4117 1645 4155 :
1685 4101 1878 4157 Audet
1910 4103 2130 4174 aliquis

485 4198 739 4247 vestrum
761 4189 980 4245 habens
992 4188 1283 4258 negotium
1296 4189 1580 4244 adversus
1593 4189 2130 4260 atterum,judicari

481 4280 646 4349 apud
677 4279 904 4349 iniquos
929 4282 1116 4333 etnon
1141 4277 1703 4347 apudsanctos".”.
1729 4277 1792 4332 Et
1816 4285 1948 4348 post
1973 4279 2122 4336 alia:

481 4369 576 4424 Sic
603 4383 722 4423 non
745 4368 1104 4422 estintervos
1128 4368 1363 4437 sapiens
1379 4366 1712 4437 quisquam,
1733 4366 1807 4422 sit
1821 4367 2005 4437 possit
2027 4369 2124 4438 ju-

481 4458 685 4513 dicare
715 4459 870 4512 inter
891 4457 1142 4526 fratrem
1164 4471 1336 4510 suum
1360 4468 1380 4524 ,'
1404 4456 1504 4511 sed
1530 4456 1733 4524 frater
1763 4472 1894 4512 cum
1924 4457 2128 4526 fratre

480 4545 856 4610 contendit,el
869 4545 974 4601 hoc
987 4545 1151 4613 apud
1164 4545 1427 4613 inﬁdeles
1440 4546 1487 4578 ⁶⁰
1501 4545 1528 4601 9
1544 4545 1784 4599 Perinde
1799 4551 1996 4600 autem
2011 4553 2120 4612 est,
2157 4533 2199 4588 ί)

479 4651 549 4690 ac
571 4635 618 4689 si
650 4635 813 4706 apud
842 4634 1108 4690 infideles
1125 4633 1250 4699 ﬁat,
1276 4635 1441 4705 apud
1469 4634 1652 4689 laicos
1687 4633 2119 4691 monachorum

478 4724 737 4794 negotia,
764 4723 1116 4789 examinari,
1148 4729 1202 4779 et
1225 4723 1439 4794 janum
1473 4723 1541 4777 iis
1570 4723 1818 4793 aperire,
1851 4739 2003 4795 quos
2027 4739 2124 4778 ne-

476 4813 568 4869 fas
598 4819 684 4869 est
726 4829 819 4868 res
868 4819 1102 4868 nostras
1131 4813 1457 4884 inspicere:
1510 4812 1962 4884 absurdumque
2007 4813 2123 4870 hoc

475 4917 720 4975 prorsus
750 4901 1188 4959 etdamnosum
1220 4909 1276 4959 et
1302 4901 1574 4958 Ecclesiis
1603 4900 1725 4956 Dei.

543 5238 667 5276 ιο-ιο
700 5236 721 5295 ι
751 5239 886 5298 Cor.
916 5241 1106 5310 “.11.
1188 5239 1398 5298 «Ibid.
1433 5242 1489 5298 ε.

2249 3298 2422 3366 δικοῡ,
2477 3299 2566 3352 εἴτ’
2597 3296 2683 3351 οὖν
2736 3298 3064 3352 κοινοϐιακοῡ
3096 3297 3214 3372 βίου
3246 3303 3312 3353 τὰ
3338 3307 3576 3375 σωτήρια
3612 3308 3702 3356 καὶ
3732 3303 3852 3362 ὀνη-

2247 3399 2438 3466 σίφορα
2465 3409 2478 3422 ·
2508 3390 2569 3451 ἧς
2616 3392 2786 3461 χωρὶς
2815 3387 2910 3440 οὐκ
2966 3390 3103 3441 ἔστιν
3158 3392 3274 3442 οὔτε
3311 3387 3686 3464 καθοδηγῆσαι
3743 3395 3852 3446 θεο-

2245 3487 2473 3553 πρεπῶς,
2525 3480 2641 3529 οὔτε
2673 3474 3106 3548 καθοδηγηθῆναι
3141 3477 3438 3549 λυσιτελῶς,
3476 3485 3565 3533 καὶ
3611 3481 3854 3553 ἄρχοντα

2244 3575 2334 3620 καὶ
2382 3567 2689 3641 ἀρχόμενον.
2747 3566 2969 3628 Ἐκεῖνος
3019 3569 3339 3640 ἓρωτώμενος
3387 3571 3471 3620 ἐπὶ
3527 3571 3672 3642 πάσῃ
3723 3573 3851 3624 ὑπο-

2247 3659 2382 3710 θέσει
2425 3662 2514 3708 καὶ
2549 3655 2755 3728 ἀφορμῇ
2805 3663 2900 3717 τῆς
2956 3660 3004 3707 ἐν
3057 3655 3296 3729 κοινοϐίῳ
3343 3659 3482 3730 ἱερᾶς
3535 3659 3693 3726 ζωῆς,
3755 3656 3854 3714 διὰ

2245 3748 2540 3818 Πνεύματος
2576 3744 2724 3815 ἁγίου
2755 3743 3093 3818 ἀποκέκριται
3131 3763 3144 3776 ⁵
3179 3750 3268 3798 καὶ
3298 3748 3324 3798 ό
3354 3745 3528 3819 ἐκείνῳ
3588 3758 3848 3820 στοιχῶν,

2242 3833 2530 3906 ἐστοίχησε
2575 3842 2646 3905 τῷ
2691 3833 2826 3905 ἁγίῳ
2879 3837 3180 3906 Πνεύματι·
3235 3836 3261 3886 ό
3308 3832 3358 3888 δ’
3399 3836 3540 3907 αὐτῷ
3599 3835 3848 3908 ἀπειθῶν,

2241 3924 2495 3983 ἠπείθησε
2548 3930 2616 3993 τῷ
2645 3923 2693 3974 ἓν
2751 3921 2891 3992 αὐτῷ
2934 3922 3255 3994 φθεγξαμένῳ
3309 3931 3546 3998 Χριστῷ.
3596 3930 3676 3978 Τὰ
3721 3935 3849 3998 γοῦν

2242 4015 2609 4082 συμπίπτοντα
2655 4009 2707 4072 ἑξ
2749 4009 3065 4084 ἀπροσεξίας
3102 4017 3209 4072 τοίς
3256 4007 3500 4083 ἀδελφοῖς
3541 4012 3845 4086 σφάλματα,

2238 4100 2332 4152 οὐκ
2380 4098 2488 4162 ἐξὸν
2518 4098 2601 4150 ἐπὶ
2639 4099 2829 4150 λαῐκῶν
2879 4104 3172 4173 προσώπων
3230 4101 3521 4173 κρίνεσθαι,
3569 4106 3660 4154 καὶ
3688 4101 3851 4166 αὐτὸς

2237 4190 2263 4241 ό
2297 4191 2428 4263 ἱερος
2455 4187 2770 4248 Ἀπόστολος
2799 4185 2940 4259 βοᾷ·
2972 4187 3189 4259 Τολμᾷ
3225 4207 3324 4250 τις
3363 4190 3531 4261 ὑμῶν
3579 4196 3848 4265 πρᾶγμα

2236 4280 2399 4350 ἔχων
2465 4279 2808 4352 κρίνεσθαι
2873 4279 2976 4330 επὶ
3016 4284 3133 4329 τῶν
3199 4273 3459 4344 ἀδίκων,
3525 4283 3632 4332 καὶ
3691 4279 3848 4353 οὐχὶ

2235 4365 2336 4419 ἐπὶ
2374 4374 2491 4418 τῶν
2529 4365 2758 4438 ἁγίων;
2795 4365 3211 4440 Καὶμεθ’ἕτερα·
3246 4367 3467 4430 Οὕτως
3504 4370 3616 4420 οὐκ
3655 4371 3745 4422 ἔνι
3786 4369 3845 4423 ἓν

2235 4457 2381 4528 ὑμῖν
2423 4458 2615 4528 σοφὸς
2654 4451 2806 4508 οὐδε
2845 4455 2955 4520 εἰς,
2996 4455 3064 4518 ὅς
3105 4445 3468 4514 δυνήσεται
3498 4456 3847 4534 ἀνακρῖναι

2234 4545 2349 4597 ὄινὰ
2385 4552 2575 4618 μέσον
2611 4551 2722 4597 τοῦ
2761 4541 3049 4618 ἀδελφοῦ
3093 4547 3324 4598 αὐτοῦ’
3376 4544 3532 4598 ἀλλὰ
3571 4543 3845 4621 ἁδελφός

2232 4638 2390 4708 μετὰ
2429 4632 2704 4708 ἀδελφοῦ
2742 4639 3067 4708 κρίνεται,
3111 4640 3220 4688 καὶ
3280 4643 3470 4690 τοῦτο
3509 4635 3612 4690 ἐπὶ
3651 4638 3846 4694 ἀπίσ-

2232 4744 2369 4779 των.
2425 4723 2568 4779 Ἴσον
2595 4722 2654 4778 δε
2673 4732 2772 4776 τῶν
2803 4723 3036 4778 ἀπιστων
3079 4723 3194 4778 ἄστὶ
3222 4727 3279 4777 τὸ
3305 4723 3390 4777 ἐπὶ
3415 4733 3514 4777 τῶν
3552 4725 3750 4779 λαῐκῶν
3780 4731 3847 4781 τὰ

2231 4822 2332 4866 τῶν
2392 4822 2638 4887 μοναχῶν
2699 4813 3050 4882 ἐξετάζεσθαι,
3118 4819 3209 4867 καὶ
3265 4812 3489 4885 ἀνοίγειν
3544 4817 3709 4890 θύραν
3768 4818 3848 4881 οἷς

2201 4975 2203 4978 γ
2231 4901 2472 4976 ἀθέμιτον
2501 4905 2857 4977 παρακύπτειν
2887 4902 2958 4966 εἰς
3010 4904 3078 4956 τὰ
3109 4904 3335 4977 ἡμέτερα
3369 4920 3381 4933 ·
3432 4907 3524 4957 καὶ
3549 4911 3706 4958 τοῦτο
3747 4905 3849 4960 απ-

2231 4988 2360 5065 ᾴδον
2411 4991 2524 5046 ἐστὶ
2573 4994 2878 5048 παντάπασι
2922 4995 3012 5047 καὶ
3065 4990 3368 5068 ἀσύμφορον
3423 5000 3487 5067 τῇ
3550 4993 3848 5071 Ἐκκλησία

2230 5087 2324 5134 τοῦ
2353 5088 2509 5140 Θεοῦ.

2035 5377 2080 5436 Ν
2086 5375 2260 5437 ΟΤΕ.

541 5540 612 5616 (‘)
647 5541 1018 5617 Dogmatica.

2331 5544 2446 5621 (56)
2474 5547 2542 5604 In
2569 5545 2706 5605 cod.
2741 5546 2884 5618 Reg.
2907 5539 3048 5622 pwi’.
