  <div class='ocr_page' id='page_1' title='image "/cluster/home/n/w/nwhite01/storage/ocr_20150623/99/mdp.39015005675577/766.png"; bbox 0 0 4036 6276; ppageno 0'>
   <div class='ocr_carea' id='block_1_1' title="bbox 236 305 378 362">
    <p class='ocr_par' dir='ltr' id='par_1_1' title="bbox 236 305 378 362">
     <span class='ocr_line' id='line_1_1' title="bbox 236 305 378 362; baseline 0.007 -1"><span class='ocrx_word' id='word_1_1' title='bbox 236 305 378 362; x_wconf 60' lang='grc' dir='ltr'>ιῦἥ</span> 
     </span>
    </p>
   </div>
   <div class='ocr_carea' id='block_1_2' title="bbox 1513 306 2320 367">
    <p class='ocr_par' dir='ltr' id='par_1_2' title="bbox 1513 306 2320 367">
     <span class='ocr_line' id='line_1_2' title="bbox 1513 306 2320 367; baseline 0.002 -2"><span class='ocrx_word' id='word_1_2' title='bbox 1513 306 2031 367; x_wconf 65' lang='grc' dir='ltr'>ΕΡῘΒΤΟῙΛΗΗΜ</span> <span class='ocrx_word' id='word_1_3' title='bbox 2063 309 2205 367; x_wconf 70' lang='lat' dir='ltr'>LIB.</span> <span class='ocrx_word' id='word_1_4' title='bbox 2245 310 2320 367; x_wconf 90' lang='lat' dir='ltr'>II.</span> 
     </span>
    </p>
   </div>
   <div class='ocr_carea' id='block_1_3' title="bbox 3454 308 3605 369">
    <p class='ocr_par' dir='ltr' id='par_1_3' title="bbox 3454 308 3605 369">
     <span class='ocr_line' id='line_1_3' title="bbox 3454 308 3605 369; baseline 0.02 -3"><span class='ocrx_word' id='word_1_5' title='bbox 3454 308 3605 369; x_wconf 63' lang='lat'>1523‘</span> 
     </span>
    </p>
   </div>
   <div class='ocr_carea' id='block_1_4' title="bbox 307 430 1834 510">
    <p class='ocr_par' dir='ltr' id='par_1_4' title="bbox 307 430 1834 508">
     <span class='ocr_line' id='line_1_4' title="bbox 307 430 1834 508; baseline 0.001 -23"><span class='ocrx_word' id='word_1_6' title='bbox 307 436 432 505; x_wconf 85' lang='grc' dir='ltr'><strong>Περὶ</strong></span> <span class='ocrx_word' id='word_1_7' title='bbox 465 430 734 505; x_wconf 81' lang='grc' dir='ltr'><strong>ἀποταγῆς</strong></span> <span class='ocrx_word' id='word_1_8' title='bbox 764 439 851 487; x_wconf 83' lang='grc' dir='ltr'>καὶ</span> <span class='ocrx_word' id='word_1_9' title='bbox 901 433 1260 508; x_wconf 84' lang='grc' dir='ltr'><strong>ἀποκάρσεως,</strong></span> <span class='ocrx_word' id='word_1_10' title='bbox 1292 430 1473 494; x_wconf 69' lang='grc' dir='ltr'><strong>ἔπειδή</strong></span> <span class='ocrx_word' id='word_1_11' title='bbox 1518 439 1608 487; x_wconf 83' lang='grc' dir='ltr'>καὶ</span> <span class='ocrx_word' id='word_1_12' title='bbox 1650 436 1834 487; x_wconf 86' lang='grc' dir='ltr'><strong>τούτου</strong></span> 
     </span>
    </p>
   </div>
   <div class='ocr_carea' id='block_1_5' title="bbox 1946 430 3596 510">
    <p class='ocr_par' dir='ltr' id='par_1_5' title="bbox 2019 436 3596 510">
     <span class='ocr_line' id='line_1_5' title="bbox 2019 436 3596 510; baseline 0.001 -19"><span class='ocrx_word' id='word_1_13' title='bbox 2019 438 2096 491; x_wconf 94' lang='lat' dir='ltr'>De</span> <span class='ocrx_word' id='word_1_14' title='bbox 2127 436 2561 493; x_wconf 88' lang='lat' dir='ltr'>renuntiatione</span> <span class='ocrx_word' id='word_1_15' title='bbox 2589 441 2645 493; x_wconf 91' lang='lat' dir='ltr'>et</span> <span class='ocrx_word' id='word_1_16' title='bbox 2672 441 2943 501; x_wconf 83' lang='lat' dir='ltr'>tonsura,</span> <span class='ocrx_word' id='word_1_17' title='bbox 2982 437 3483 510; x_wconf 82' lang='lat' dir='ltr'>quandoquidem</span> <span class='ocrx_word' id='word_1_18' title='bbox 3520 436 3596 492; x_wconf 84' lang='lat' dir='ltr'>de</span> 
     </span>
    </p>
   </div>
   <div class='ocr_carea' id='block_1_6' title="bbox 230 518 1832 595">
    <p class='ocr_par' dir='ltr' id='par_1_6' title="bbox 230 518 1832 595">
     <span class='ocr_line' id='line_1_6' title="bbox 230 518 1832 595; baseline 0.001 -23"><span class='ocrx_word' id='word_1_19' title='bbox 230 518 403 591; x_wconf 87' lang='grc' dir='ltr'><strong>λόγος,</strong></span> <span class='ocrx_word' id='word_1_20' title='bbox 464 525 582 575; x_wconf 74' lang='grc' dir='ltr'><strong>οὔτε</strong></span> <span class='ocrx_word' id='word_1_21' title='bbox 635 527 692 576; x_wconf 90' lang='grc' dir='ltr'>τὸ</span> <span class='ocrx_word' id='word_1_22' title='bbox 748 524 1090 577; x_wconf 73' lang='grc' dir='ltr'>ἀποσείεσθαι</span> <span class='ocrx_word' id='word_1_23' title='bbox 1147 520 1422 576; x_wconf 79' lang='grc' dir='ltr'><strong>ἀκίνδυνον</strong></span> <span class='ocrx_word' id='word_1_24' title='bbox 1460 540 1473 554; x_wconf 87' lang='grc'>⁶</span> <span class='ocrx_word' id='word_1_25' title='bbox 1525 528 1657 595; x_wconf 83' lang='grc' dir='ltr'>φησί</span> <span class='ocrx_word' id='word_1_26' title='bbox 1707 526 1832 595; x_wconf 83' lang='grc' dir='ltr'><strong>γὰρ,</strong></span> 
     </span>
    </p>
   </div>
   <div class='ocr_carea' id='block_1_7' title="bbox 231 608 1831 686">
    <p class='ocr_par' dir='ltr' id='par_1_7' title="bbox 231 608 1831 686">
     <span class='ocr_line' id='line_1_7' title="bbox 231 608 1831 686; baseline 0.001 -25"><span class='ocrx_word' id='word_1_27' title='bbox 231 612 349 661; x_wconf 88' lang='grc' dir='ltr'><strong>Τὸν</strong></span> <span class='ocrx_word' id='word_1_28' title='bbox 406 608 772 685; x_wconf 73' lang='grc' dir='ltr'>ἐρχόμενον</span> <span class='ocrx_word' id='word_1_29' title='bbox 820 618 979 686; x_wconf 84' lang='grc' dir='ltr'><strong>πρὸς</strong></span> <span class='ocrx_word' id='word_1_30' title='bbox 1016 632 1115 685; x_wconf 85' lang='grc' dir='ltr'>με,</span> <span class='ocrx_word' id='word_1_31' title='bbox 1164 613 1232 666; x_wconf 86' lang='grc' dir='ltr'>ού</span> <span class='ocrx_word' id='word_1_32' title='bbox 1272 617 1352 685; x_wconf 87' lang='grc' dir='ltr'><strong>μὴ</strong></span> <span class='ocrx_word' id='word_1_33' title='bbox 1395 611 1635 665; x_wconf 74' lang='grc' dir='ltr'><strong>ἐκϐάλω</strong></span> <span class='ocrx_word' id='word_1_34' title='bbox 1673 611 1785 674; x_wconf 80' lang='grc' dir='ltr'><strong>ἔξω</strong></span> <span class='ocrx_word' id='word_1_35' title='bbox 1819 628 1831 640; x_wconf 90' lang='grc'><strong>·</strong></span> 
     </span>
    </p>
   </div>
   <div class='ocr_carea' id='block_1_8' title="bbox 231 700 1835 774">
    <p class='ocr_par' dir='ltr' id='par_1_8' title="bbox 231 700 1835 774">
     <span class='ocr_line' id='line_1_8' title="bbox 231 700 1835 774; baseline 0.001 -25"><span class='ocrx_word' id='word_1_36' title='bbox 231 700 351 750; x_wconf 76' lang='grc' dir='ltr'><strong>οὔτε</strong></span> <span class='ocrx_word' id='word_1_37' title='bbox 375 701 433 751; x_wconf 88' lang='grc' dir='ltr'>τὸ</span> <span class='ocrx_word' id='word_1_38' title='bbox 462 703 780 773; x_wconf 80' lang='grc' dir='ltr'>προσίεσθαι</span> <span class='ocrx_word' id='word_1_39' title='bbox 810 701 985 764; x_wconf 80' lang='grc' dir='ltr'><strong>ἁπλῶς</strong></span> <span class='ocrx_word' id='word_1_40' title='bbox 1004 707 1090 755; x_wconf 80' lang='grc' dir='ltr'><strong>καὶ</strong></span> <span class='ocrx_word' id='word_1_41' title='bbox 1120 704 1184 762; x_wconf 80' lang='grc' dir='ltr'><strong>ὡς</strong></span> <span class='ocrx_word' id='word_1_42' title='bbox 1214 704 1369 773; x_wconf 84' lang='grc' dir='ltr'><strong>ἔτυχε</strong></span> <span class='ocrx_word' id='word_1_43' title='bbox 1396 718 1409 731; x_wconf 83' lang='lat'><strong><em>°</em></strong></span> <span class='ocrx_word' id='word_1_44' title='bbox 1432 706 1522 754; x_wconf 82' lang='grc' dir='ltr'><strong>καὶ</strong></span> <span class='ocrx_word' id='word_1_45' title='bbox 1548 700 1835 774; x_wconf 74' lang='grc' dir='ltr'>ἀποκείρειν</span> 
     </span>
    </p>
   </div>
   <div class='ocr_carea' id='block_1_9' title="bbox 234 785 1837 866">
    <p class='ocr_par' dir='ltr' id='par_1_9' title="bbox 234 785 1837 866">
     <span class='ocr_line' id='line_1_9' title="bbox 234 785 1837 866; baseline 0.002 -29"><span class='ocrx_word' id='word_1_46' title='bbox 234 785 681 860; x_wconf 85' lang='grc' dir='ltr'><strong>ἀνεπιστημόνως,</strong></span> <span class='ocrx_word' id='word_1_47' title='bbox 734 792 897 845; x_wconf 84' lang='grc' dir='ltr'><strong>ὅσιον.</strong></span> <span class='ocrx_word' id='word_1_48' title='bbox 939 791 997 844; x_wconf 86' lang='grc' dir='ltr'><strong>Εἰ</strong></span> <span class='ocrx_word' id='word_1_49' title='bbox 1028 794 1129 866; x_wconf 86' lang='grc' dir='ltr'>γὰρ</span> <span class='ocrx_word' id='word_1_50' title='bbox 1158 788 1377 851; x_wconf 75' lang='grc' dir='ltr'><strong>οὐδεὶς</strong></span> <span class='ocrx_word' id='word_1_51' title='bbox 1419 794 1837 866; x_wconf 88' lang='grc' dir='ltr'><strong>στρατευόμε-</strong></span> 
     </span>
    </p>
   </div>
   <div class='ocr_carea' id='block_1_10' title="bbox 227 877 1835 955">
    <p class='ocr_par' dir='ltr' id='par_1_10' title="bbox 227 877 1835 955">
     <span class='ocr_line' id='line_1_10' title="bbox 227 877 1835 955; baseline -0.001 -25"><span class='ocrx_word' id='word_1_52' title='bbox 227 894 332 937; x_wconf 76' lang='grc' dir='ltr'>νος</span> <span class='ocrx_word' id='word_1_53' title='bbox 376 878 765 948; x_wconf 78' lang='grc' dir='ltr'>ἐμπλέκεται</span> <span class='ocrx_word' id='word_1_54' title='bbox 803 887 945 942; x_wconf 89' lang='grc' dir='ltr'><strong>ταῖς</strong></span> <span class='ocrx_word' id='word_1_55' title='bbox 1006 888 1117 933; x_wconf 83' lang='grc' dir='ltr'><strong>τοῦ</strong></span> <span class='ocrx_word' id='word_1_56' title='bbox 1160 877 1309 953; x_wconf 82' lang='grc' dir='ltr'><strong>βίου</strong></span> <span class='ocrx_word' id='word_1_57' title='bbox 1352 882 1835 955; x_wconf 73' lang='grc' dir='ltr'>πραγματείαις,</span> 
     </span>
    </p>
   </div>
   <div class='ocr_carea' id='block_1_11' title="bbox 233 964 1831 1042">
    <p class='ocr_par' dir='ltr' id='par_1_11' title="bbox 233 964 1831 1042">
     <span class='ocr_line' id='line_1_11' title="bbox 233 964 1831 1042; baseline 0.001 -26"><span class='ocrx_word' id='word_1_58' title='bbox 233 964 337 1017; x_wconf 82' lang='grc' dir='ltr'><strong>ἶνα</strong></span> <span class='ocrx_word' id='word_1_59' title='bbox 364 974 448 1036; x_wconf 82' lang='grc' dir='ltr'><strong>τῷ</strong></span> <span class='ocrx_word' id='word_1_60' title='bbox 479 968 1091 1040; x_wconf 78' lang='grc' dir='ltr'>στρατολογήσαντι</span> <span class='ocrx_word' id='word_1_61' title='bbox 1123 967 1831 1042; x_wconf 69' lang='grc' dir='ltr'><strong>ἀρέση,καθὰγέγραπται·</strong></span> 
     </span>
    </p>
   </div>
   <div class='ocr_carea' id='block_1_12' title="bbox 233 1050 1835 1131">
    <p class='ocr_par' dir='ltr' id='par_1_12' title="bbox 233 1050 1835 1131">
     <span class='ocr_line' id='line_1_12' title="bbox 233 1050 1835 1131; baseline 0.002 -26"><span class='ocrx_word' id='word_1_62' title='bbox 233 1057 382 1125; x_wconf 87' lang='grc' dir='ltr'><strong>πόσῳ</strong></span> <span class='ocrx_word' id='word_1_63' title='bbox 432 1050 497 1113; x_wconf 77' lang='grc' dir='ltr'>δὴ</span> <span class='ocrx_word' id='word_1_64' title='bbox 528 1057 615 1108; x_wconf 82' lang='grc' dir='ltr'><strong>οὖν</strong></span> <span class='ocrx_word' id='word_1_65' title='bbox 663 1057 852 1129; x_wconf 86' lang='grc' dir='ltr'><strong>μᾶλλον</strong></span> <span class='ocrx_word' id='word_1_66' title='bbox 879 1057 959 1111; x_wconf 75' lang='grc' dir='ltr'>ἐπὶ</span> <span class='ocrx_word' id='word_1_67' title='bbox 994 1055 1123 1130; x_wconf 77' lang='grc' dir='ltr'><strong>τῇδε</strong></span> <span class='ocrx_word' id='word_1_68' title='bbox 1174 1066 1236 1131; x_wconf 78' lang='grc' dir='ltr'><strong>τῇ</strong></span> <span class='ocrx_word' id='word_1_69' title='bbox 1272 1057 1515 1129; x_wconf 81' lang='grc' dir='ltr'><strong>θεολέκτῳ</strong></span> <span class='ocrx_word' id='word_1_70' title='bbox 1570 1062 1835 1131; x_wconf 72' lang='grc' dir='ltr'><strong>στρατιᾷ,</strong></span> 
     </span>
    </p>
   </div>
   <div class='ocr_carea' id='block_1_13' title="bbox 234 1142 1834 1219">
    <p class='ocr_par' dir='ltr' id='par_1_13' title="bbox 234 1142 1834 1219">
     <span class='ocr_line' id='line_1_13' title="bbox 234 1142 1834 1219; baseline 0.003 -25"><span class='ocrx_word' id='word_1_71' title='bbox 234 1148 405 1195; x_wconf 84' lang='grc' dir='ltr'><strong>Πᾶσιν</strong></span> <span class='ocrx_word' id='word_1_72' title='bbox 433 1142 796 1209; x_wconf 81' lang='grc' dir='ltr'><strong>ἀποτάξασθαι</strong></span> <span class='ocrx_word' id='word_1_73' title='bbox 823 1144 925 1212; x_wconf 83' lang='grc' dir='ltr'><strong>δεῖ,</strong></span> <span class='ocrx_word' id='word_1_74' title='bbox 976 1150 1180 1200; x_wconf 88' lang='grc' dir='ltr'><strong>πάντων</strong></span> <span class='ocrx_word' id='word_1_75' title='bbox 1226 1146 1668 1219; x_wconf 80' lang='grc' dir='ltr'><strong>ἀπογυμνωθῆναι</strong></span> <span class='ocrx_word' id='word_1_76' title='bbox 1699 1150 1834 1219; x_wconf 85' lang='grc' dir='ltr'><strong>χρὴ,</strong></span> 
     </span>
    </p>
   </div>
   <div class='ocr_carea' id='block_1_14' title="bbox 233 1233 1834 1310">
    <p class='ocr_par' dir='ltr' id='par_1_14' title="bbox 233 1233 1834 1310">
     <span class='ocr_line' id='line_1_14' title="bbox 233 1233 1834 1310; baseline 0.001 -26"><span class='ocrx_word' id='word_1_77' title='bbox 233 1233 438 1285; x_wconf 85' lang='grc' dir='ltr'><strong>πάντων</strong></span> <span class='ocrx_word' id='word_1_78' title='bbox 484 1233 845 1310; x_wconf 72' lang='grc' dir='ltr'><strong>ἀπορραγῆναι</strong></span> <span class='ocrx_word' id='word_1_79' title='bbox 878 1233 1013 1304; x_wconf 81' lang='grc' dir='ltr'><strong>δέον,</strong></span> <span class='ocrx_word' id='word_1_80' title='bbox 1047 1242 1137 1289; x_wconf 83' lang='grc' dir='ltr'>καὶ</span> <span class='ocrx_word' id='word_1_81' title='bbox 1181 1241 1437 1309; x_wconf 78' lang='grc' dir='ltr'>σχέσεων,</span> <span class='ocrx_word' id='word_1_82' title='bbox 1481 1241 1570 1288; x_wconf 83' lang='grc' dir='ltr'><strong>καὶ</strong></span> <span class='ocrx_word' id='word_1_83' title='bbox 1614 1235 1834 1293; x_wconf 79' lang='grc' dir='ltr'><strong>οἰκείων,</strong></span> 
     </span>
    </p>
   </div>
   <div class='ocr_carea' id='block_1_15' title="bbox 234 1320 1836 1397">
    <p class='ocr_par' dir='ltr' id='par_1_15' title="bbox 234 1320 1836 1397">
     <span class='ocr_line' id='line_1_15' title="bbox 234 1320 1836 1397; baseline 0.002 -26"><span class='ocrx_word' id='word_1_84' title='bbox 234 1324 323 1372; x_wconf 82' lang='grc' dir='ltr'><strong>καὶ</strong></span> <span class='ocrx_word' id='word_1_85' title='bbox 355 1320 532 1392; x_wconf 87' lang='grc' dir='ltr'><strong>φίλων,</strong></span> <span class='ocrx_word' id='word_1_86' title='bbox 563 1329 653 1376; x_wconf 85' lang='grc' dir='ltr'>καὶ</span> <span class='ocrx_word' id='word_1_87' title='bbox 712 1333 995 1396; x_wconf 73' lang='grc' dir='ltr'>συγγενῶν,</span> <span class='ocrx_word' id='word_1_88' title='bbox 1027 1330 1117 1378; x_wconf 88' lang='grc' dir='ltr'><strong>καὶ</strong></span> <span class='ocrx_word' id='word_1_89' title='bbox 1160 1334 1252 1378; x_wconf 81' lang='grc' dir='ltr'><strong>τοῦ</strong></span> <span class='ocrx_word' id='word_1_90' title='bbox 1298 1329 1596 1397; x_wconf 79' lang='grc' dir='ltr'><strong>σύμπαντος</strong></span> <span class='ocrx_word' id='word_1_91' title='bbox 1634 1329 1836 1394; x_wconf 84' lang='grc' dir='ltr'><strong>κόσμου</strong></span> 
     </span>
    </p>
   </div>
   <div class='ocr_carea' id='block_1_16' title="bbox 234 1406 1841 1486">
    <p class='ocr_par' dir='ltr' id='par_1_16' title="bbox 234 1406 1841 1486">
     <span class='ocr_line' id='line_1_16' title="bbox 234 1406 1841 1486; baseline 0.002 -26"><span class='ocrx_word' id='word_1_92' title='bbox 234 1410 372 1461; x_wconf 87' lang='grc' dir='ltr'>κατά</span> <span class='ocrx_word' id='word_1_93' title='bbox 414 1406 652 1464; x_wconf 84' lang='grc' dir='ltr'><strong>διάθεσιν</strong></span> <span class='ocrx_word' id='word_1_94' title='bbox 693 1413 993 1481; x_wconf 83' lang='grc' dir='ltr'><strong>ξενωθῆναι,</strong></span> <span class='ocrx_word' id='word_1_95' title='bbox 1049 1420 1135 1467; x_wconf 87' lang='grc' dir='ltr'>τόν</span> <span class='ocrx_word' id='word_1_96' title='bbox 1184 1434 1242 1486; x_wconf 91' lang='grc' dir='ltr'>γε</span> <span class='ocrx_word' id='word_1_97' title='bbox 1291 1418 1355 1475; x_wconf 84' lang='grc' dir='ltr'><strong>ὡς</strong></span> <span class='ocrx_word' id='word_1_98' title='bbox 1387 1413 1587 1473; x_wconf 83' lang='grc' dir='ltr'><strong>ἀληθῶς</strong></span> <span class='ocrx_word' id='word_1_99' title='bbox 1625 1412 1841 1465; x_wconf 87' lang='grc' dir='ltr'><strong>ἀκολου-</strong></span> 
     </span>
    </p>
   </div>
   <div class='ocr_carea' id='block_1_17' title="bbox 239 1499 1837 1577">
    <p class='ocr_par' dir='ltr' id='par_1_17' title="bbox 239 1499 1837 1577">
     <span class='ocr_line' id='line_1_17' title="bbox 239 1499 1837 1577; baseline 0.003 -28"><span class='ocrx_word' id='word_1_100' title='bbox 239 1499 342 1550; x_wconf 86' lang='grc' dir='ltr'><strong>θεῖν</strong></span> <span class='ocrx_word' id='word_1_101' title='bbox 375 1499 628 1571; x_wconf 66' lang='grc' dir='ltr'><strong>μελλοντα</strong></span> <span class='ocrx_word' id='word_1_102' title='bbox 655 1511 729 1573; x_wconf 84' lang='grc' dir='ltr'><strong>τῷ</strong></span> <span class='ocrx_word' id='word_1_103' title='bbox 756 1511 970 1577; x_wconf 85' lang='grc' dir='ltr'><strong>Χριστῷ</strong></span> <span class='ocrx_word' id='word_1_104' title='bbox 999 1525 1011 1538; x_wconf 81' lang='grc' dir='ltr'><strong><em>ο</em></strong></span> <span class='ocrx_word' id='word_1_105' title='bbox 1045 1503 1140 1557; x_wconf 87' lang='grc' dir='ltr'><strong>εἶθ’</strong></span> <span class='ocrx_word' id='word_1_106' title='bbox 1172 1504 1334 1564; x_wconf 73' lang='grc' dir='ltr'><strong>οὕτως</strong></span> <span class='ocrx_word' id='word_1_107' title='bbox 1367 1506 1719 1575; x_wconf 74' lang='grc' dir='ltr'><strong>ποιχηθῆναι</strong></span> <span class='ocrx_word' id='word_1_108' title='bbox 1748 1506 1837 1554; x_wconf 86' lang='grc' dir='ltr'>καὶ</span> 
     </span>
    </p>
   </div>
   <div class='ocr_carea' id='block_1_18' title="bbox 238 1584 1839 1664">
    <p class='ocr_par' dir='ltr' id='par_1_18' title="bbox 238 1584 1839 1664">
     <span class='ocr_line' id='line_1_18' title="bbox 238 1584 1839 1664; baseline 0.002 -25"><span class='ocrx_word' id='word_1_109' title='bbox 238 1584 633 1649; x_wconf 83' lang='grc' dir='ltr'><strong>διαπλασθῆναι</strong></span> <span class='ocrx_word' id='word_1_110' title='bbox 679 1597 773 1651; x_wconf 83' lang='grc' dir='ltr'><strong>τὴν</strong></span> <span class='ocrx_word' id='word_1_111' title='bbox 809 1595 1091 1664; x_wconf 84' lang='grc' dir='ltr'><strong>θεοστοιχῆ</strong></span> <span class='ocrx_word' id='word_1_112' title='bbox 1144 1600 1234 1645; x_wconf 79' lang='grc' dir='ltr'><strong>καὶ</strong></span> <span class='ocrx_word' id='word_1_113' title='bbox 1275 1592 1587 1646; x_wconf 84' lang='grc' dir='ltr'><strong>θεόπλαστον</strong></span> <span class='ocrx_word' id='word_1_114' title='bbox 1618 1588 1839 1663; x_wconf 76' lang='grc' dir='ltr'><strong>μοναδι-</strong></span> 
     </span>
    </p>
   </div>
   <div class='ocr_carea' id='block_1_19' title="bbox 235 1678 1839 1756">
    <p class='ocr_par' dir='ltr' id='par_1_19' title="bbox 235 1678 1839 1756">
     <span class='ocr_line' id='line_1_19' title="bbox 235 1678 1839 1756; baseline 0.004 -29"><span class='ocrx_word' id='word_1_115' title='bbox 235 1681 332 1734; x_wconf 75' lang='grc' dir='ltr'><strong>κὴν</strong></span> <span class='ocrx_word' id='word_1_116' title='bbox 389 1678 492 1740; x_wconf 75' lang='grc' dir='ltr'><strong>ἕξιν</strong></span> <span class='ocrx_word' id='word_1_117' title='bbox 527 1697 537 1708; x_wconf 93' lang='grc'>·</span> <span class='ocrx_word' id='word_1_118' title='bbox 573 1685 661 1732; x_wconf 80' lang='grc' dir='ltr'>καὶ</span> <span class='ocrx_word' id='word_1_119' title='bbox 712 1688 892 1752; x_wconf 87' lang='grc' dir='ltr'><strong>πεῖραν</strong></span> <span class='ocrx_word' id='word_1_120' title='bbox 926 1678 1087 1734; x_wconf 84' lang='grc' dir='ltr'><strong>δόντα</strong></span> <span class='ocrx_word' id='word_1_121' title='bbox 1141 1687 1231 1735; x_wconf 87' lang='grc' dir='ltr'><strong>καὶ</strong></span> <span class='ocrx_word' id='word_1_122' title='bbox 1262 1680 1492 1756; x_wconf 83' lang='grc' dir='ltr'><strong>βάσανον</strong></span> <span class='ocrx_word' id='word_1_123' title='bbox 1519 1680 1726 1756; x_wconf 85' lang='grc' dir='ltr'><strong>ἀρετῆς,</strong></span> <span class='ocrx_word' id='word_1_124' title='bbox 1755 1681 1839 1733; x_wconf 85' lang='grc' dir='ltr'><strong>ού-</strong></span> 
     </span>
    </p>
   </div>
   <div class='ocr_carea' id='block_1_20' title="bbox 1945 524 3592 597">
    <p class='ocr_par' dir='ltr' id='par_1_20' title="bbox 1945 524 3592 597">
     <span class='ocr_line' id='line_1_20' title="bbox 1945 524 3592 597; baseline 0.001 -18"><span class='ocrx_word' id='word_1_125' title='bbox 1945 524 2059 580; x_wconf 90' lang='lat' dir='ltr'>hoc</span> <span class='ocrx_word' id='word_1_126' title='bbox 2106 526 2286 581; x_wconf 87' lang='lat' dir='ltr'>etiam</span> <span class='ocrx_word' id='word_1_127' title='bbox 2336 542 2577 581; x_wconf 90' lang='lat' dir='ltr'>sermo:</span> <span class='ocrx_word' id='word_1_128' title='bbox 2607 542 2715 581; x_wconf 92' lang='lat' dir='ltr'>nec</span> <span class='ocrx_word' id='word_1_129' title='bbox 2747 526 3009 597; x_wconf 90' lang='lat' dir='ltr'>periculo</span> <span class='ocrx_word' id='word_1_130' title='bbox 3059 533 3232 582; x_wconf 88' lang='lat' dir='ltr'>vacat</span> <span class='ocrx_word' id='word_1_131' title='bbox 3274 525 3592 596; x_wconf 84' lang='lat' dir='ltr'>repellere:</span> 
     </span>
    </p>
   </div>
   <div class='ocr_carea' id='block_1_21' title="bbox 1945 612 3593 685">
    <p class='ocr_par' dir='ltr' id='par_1_21' title="bbox 1945 612 3593 685">
     <span class='ocr_line' id='line_1_21' title="bbox 1945 612 3593 685; baseline 0.002 -19"><span class='ocrx_word' id='word_1_132' title='bbox 1945 612 2228 669; x_wconf 88' lang='lat' dir='ltr'>aitenim:</span> <span class='ocrx_word' id='word_1_133' title='bbox 2256 616 2407 669; x_wconf 85' lang='lat' dir='ltr'>Eum</span> <span class='ocrx_word' id='word_1_134' title='bbox 2429 615 2532 685; x_wconf 81' lang='lat' dir='ltr'>qui</span> <span class='ocrx_word' id='word_1_135' title='bbox 2544 617 2794 671; x_wconf 79' lang='lat' dir='ltr'>venitad</span> <span class='ocrx_word' id='word_1_136' title='bbox 2815 632 2922 681; x_wconf 88' lang='lat' dir='ltr'>me,</span> <span class='ocrx_word' id='word_1_137' title='bbox 2938 632 3056 670; x_wconf 85' lang='lat' dir='ltr'>non</span> <span class='ocrx_word' id='word_1_138' title='bbox 3074 616 3305 685; x_wconf 85' lang='lat' dir='ltr'>ejiciam</span> <span class='ocrx_word' id='word_1_139' title='bbox 3331 617 3500 684; x_wconf 82' lang='lat' dir='ltr'>foras</span> <span class='ocrx_word' id='word_1_140' title='bbox 3516 616 3593 669; x_wconf 73' lang='lat' dir='ltr'>“L</span> 
     </span>
    </p>
   </div>
   <div class='ocr_carea' id='block_1_22' title="bbox 1948 704 3596 774">
    <p class='ocr_par' dir='ltr' id='par_1_22' title="bbox 1948 704 3596 774">
     <span class='ocr_line' id='line_1_22' title="bbox 1948 704 3596 774; baseline 0.001 -19"><span class='ocrx_word' id='word_1_141' title='bbox 1948 718 2141 774; x_wconf 89' lang='lat' dir='ltr'>neque</span> <span class='ocrx_word' id='word_1_142' title='bbox 2169 710 2386 759; x_wconf 83' lang='lat' dir='ltr'>temere</span> <span class='ocrx_word' id='word_1_143' title='bbox 2414 720 2483 758; x_wconf 90' lang='lat' dir='ltr'>ac</span> <span class='ocrx_word' id='word_1_144' title='bbox 2504 704 2746 759; x_wconf 85' lang='lat' dir='ltr'>fortuito</span> <span class='ocrx_word' id='word_1_145' title='bbox 2778 705 3108 770; x_wconf 80' lang='lat' dir='ltr'>admittere,</span> <span class='ocrx_word' id='word_1_146' title='bbox 3138 710 3191 759; x_wconf 90' lang='lat' dir='ltr'>et</span> <span class='ocrx_word' id='word_1_147' title='bbox 3221 704 3465 759; x_wconf 87' lang='lat' dir='ltr'>tondere</span> <span class='ocrx_word' id='word_1_148' title='bbox 3490 704 3596 757; x_wconf 88' lang='lat' dir='ltr'>im-</span> 
     </span>
    </p>
   </div>
   <div class='ocr_carea' id='block_1_23' title="bbox 1948 794 3596 862">
    <p class='ocr_par' dir='ltr' id='par_1_23' title="bbox 1948 794 3596 862">
     <span class='ocr_line' id='line_1_23' title="bbox 1948 794 3596 862; baseline 0.001 -17"><span class='ocrx_word' id='word_1_149' title='bbox 1948 794 2149 862; x_wconf 84' lang='lat' dir='ltr'>perite,</span> <span class='ocrx_word' id='word_1_150' title='bbox 2175 801 2448 847; x_wconf 91' lang='lat' dir='ltr'>sanctum</span> <span class='ocrx_word' id='word_1_151' title='bbox 2473 799 2582 849; x_wconf 87' lang='lat' dir='ltr'>est.</span> <span class='ocrx_word' id='word_1_152' title='bbox 2600 796 2748 848; x_wconf 89' lang='lat' dir='ltr'>Nam</span> <span class='ocrx_word' id='word_1_153' title='bbox 2765 795 2813 847; x_wconf 88' lang='lat' dir='ltr'>si</span> <span class='ocrx_word' id='word_1_154' title='bbox 2839 808 3008 849; x_wconf 84' lang='lat' dir='ltr'>nemo</span> <span class='ocrx_word' id='word_1_155' title='bbox 3026 794 3299 849; x_wconf 80' lang='lat' dir='ltr'>militans</span> <span class='ocrx_word' id='word_1_156' title='bbox 3324 794 3596 861; x_wconf 78' lang='lat' dir='ltr'>implicat</span> 
     </span>
    </p>
   </div>
   <div class='ocr_carea' id='block_1_24' title="bbox 1946 882 3594 953">
    <p class='ocr_par' dir='ltr' id='par_1_24' title="bbox 1946 882 3594 953">
     <span class='ocr_line' id='line_1_24' title="bbox 1946 882 3594 953; baseline 0 -18"><span class='ocrx_word' id='word_1_157' title='bbox 1946 882 2194 951; x_wconf 78' lang='lat' dir='ltr'>negotiis</span> <span class='ocrx_word' id='word_1_158' title='bbox 2216 882 2627 948; x_wconf 72' lang='lat' dir='ltr'>saecularibus,</span> <span class='ocrx_word' id='word_1_159' title='bbox 2645 887 2709 938; x_wconf 84' lang='lat' dir='ltr'>ut</span> <span class='ocrx_word' id='word_1_160' title='bbox 2728 884 2780 938; x_wconf 86' lang='lat' dir='ltr'>ei</span> <span class='ocrx_word' id='word_1_161' title='bbox 2790 885 3027 953; x_wconf 79' lang='lat' dir='ltr'>placeat</span> <span class='ocrx_word' id='word_1_162' title='bbox 3041 884 3139 938; x_wconf 84' lang='lat' dir='ltr'>cui</span> <span class='ocrx_word' id='word_1_163' title='bbox 3153 898 3211 938; x_wconf 89' lang='lat' dir='ltr'>se</span> <span class='ocrx_word' id='word_1_164' title='bbox 3228 883 3505 953; x_wconf 79' lang='lat' dir='ltr'>probavit</span> <span class='ocrx_word' id='word_1_165' title='bbox 3525 883 3594 947; x_wconf 80' lang='lat'>&quot;,</span> 
     </span>
    </p>
   </div>
   <div class='ocr_carea' id='block_1_25' title="bbox 1949 968 3598 1044">
    <p class='ocr_par' dir='ltr' id='par_1_25' title="bbox 1949 968 3598 1044">
     <span class='ocr_line' id='line_1_25' title="bbox 1949 968 3598 1044; baseline 0.001 -21"><span class='ocrx_word' id='word_1_166' title='bbox 1949 968 2101 1025; x_wconf 90' lang='lat' dir='ltr'>sicut</span> <span class='ocrx_word' id='word_1_167' title='bbox 2122 972 2405 1041; x_wconf 87' lang='lat' dir='ltr'>scriptum</span> <span class='ocrx_word' id='word_1_168' title='bbox 2434 979 2540 1037; x_wconf 90' lang='lat' dir='ltr'>est,</span> <span class='ocrx_word' id='word_1_169' title='bbox 2572 978 2800 1044; x_wconf 90' lang='lat' dir='ltr'>quanto</span> <span class='ocrx_word' id='word_1_170' title='bbox 2823 973 3015 1041; x_wconf 87' lang='lat' dir='ltr'>magis</span> <span class='ocrx_word' id='word_1_171' title='bbox 3038 971 3094 1027; x_wconf 90' lang='lat' dir='ltr'>in</span> <span class='ocrx_word' id='word_1_172' title='bbox 3120 972 3234 1027; x_wconf 89' lang='lat' dir='ltr'>hac</span> <span class='ocrx_word' id='word_1_173' title='bbox 3257 988 3291 1026; x_wconf 88' lang='lat' dir='ltr'>a</span> <span class='ocrx_word' id='word_1_174' title='bbox 3322 974 3437 1027; x_wconf 89' lang='lat' dir='ltr'>Deo</span> <span class='ocrx_word' id='word_1_175' title='bbox 3458 986 3598 1025; x_wconf 86' lang='lat' dir='ltr'>con-</span> 
     </span>
    </p>
   </div>
   <div class='ocr_carea' id='block_1_26' title="bbox 1948 1059 3598 1130">
    <p class='ocr_par' dir='ltr' id='par_1_26' title="bbox 1948 1059 3598 1130">
     <span class='ocr_line' id='line_1_26' title="bbox 1948 1059 3598 1130; baseline 0.001 -19"><span class='ocrx_word' id='word_1_176' title='bbox 1948 1059 2149 1113; x_wconf 86' lang='lat' dir='ltr'>stituta</span> <span class='ocrx_word' id='word_1_177' title='bbox 2181 1059 2382 1115; x_wconf 90' lang='lat' dir='ltr'>militia</span> <span class='ocrx_word' id='word_1_178' title='bbox 2398 1059 2426 1114; x_wconf 66' lang='lat'>‘2</span> <span class='ocrx_word' id='word_1_179' title='bbox 2452 1060 2742 1116; x_wconf 85' lang='lat' dir='ltr'>Omnibus</span> <span class='ocrx_word' id='word_1_180' title='bbox 2772 1061 3111 1116; x_wconf 86' lang='lat' dir='ltr'>renuntiare</span> <span class='ocrx_word' id='word_1_181' title='bbox 3133 1065 3384 1130; x_wconf 89' lang='lat' dir='ltr'>oportet,</span> <span class='ocrx_word' id='word_1_182' title='bbox 3405 1060 3598 1114; x_wconf 89' lang='lat' dir='ltr'>omni-</span> 
     </span>
    </p>
   </div>
   <div class='ocr_carea' id='block_1_27' title="bbox 1946 1146 3595 1219">
    <p class='ocr_par' dir='ltr' id='par_1_27' title="bbox 1946 1146 3595 1219">
     <span class='ocr_line' id='line_1_27' title="bbox 1946 1146 3595 1219; baseline 0.001 -18"><span class='ocrx_word' id='word_1_183' title='bbox 1946 1146 2061 1202; x_wconf 88' lang='lat' dir='ltr'>bus</span> <span class='ocrx_word' id='word_1_184' title='bbox 2086 1147 2324 1219; x_wconf 89' lang='lat' dir='ltr'>spoliari</span> <span class='ocrx_word' id='word_1_185' title='bbox 2348 1164 2586 1204; x_wconf 89' lang='lat' dir='ltr'>necesse</span> <span class='ocrx_word' id='word_1_186' title='bbox 2618 1154 2720 1213; x_wconf 87' lang='lat' dir='ltr'>est,</span> <span class='ocrx_word' id='word_1_187' title='bbox 2755 1149 2833 1203; x_wconf 91' lang='lat' dir='ltr'>ab</span> <span class='ocrx_word' id='word_1_188' title='bbox 2864 1149 3150 1205; x_wconf 91' lang='lat' dir='ltr'>omnibus</span> <span class='ocrx_word' id='word_1_189' title='bbox 3182 1148 3350 1203; x_wconf 86' lang='lat' dir='ltr'>avelli</span> <span class='ocrx_word' id='word_1_190' title='bbox 3382 1165 3595 1203; x_wconf 88' lang='lat' dir='ltr'>conve-</span> 
     </span>
    </p>
   </div>
   <div class='ocr_carea' id='block_1_28' title="bbox 1949 1236 3594 1306">
    <p class='ocr_par' dir='ltr' id='par_1_28' title="bbox 1949 1236 3594 1306">
     <span class='ocr_line' id='line_1_28' title="bbox 1949 1236 3594 1306; baseline 0.001 -16"><span class='ocrx_word' id='word_1_191' title='bbox 1949 1236 2051 1301; x_wconf 91' lang='lat' dir='ltr'>nit,</span> <span class='ocrx_word' id='word_1_192' title='bbox 2081 1244 2132 1291; x_wconf 81' lang='lat' dir='ltr'>et</span> <span class='ocrx_word' id='word_1_193' title='bbox 2175 1236 2504 1301; x_wconf 75' lang='lat' dir='ltr'>affectibus,</span> <span class='ocrx_word' id='word_1_194' title='bbox 2537 1245 2593 1294; x_wconf 90' lang='lat' dir='ltr'>et</span> <span class='ocrx_word' id='word_1_195' title='bbox 2631 1238 2991 1306; x_wconf 85' lang='lat' dir='ltr'>domesticis,</span> <span class='ocrx_word' id='word_1_196' title='bbox 3037 1246 3093 1293; x_wconf 89' lang='lat' dir='ltr'>et</span> <span class='ocrx_word' id='word_1_197' title='bbox 3134 1238 3361 1293; x_wconf 84' lang='lat' dir='ltr'>amicis.</span> <span class='ocrx_word' id='word_1_198' title='bbox 3411 1244 3466 1292; x_wconf 90' lang='lat' dir='ltr'>et</span> <span class='ocrx_word' id='word_1_199' title='bbox 3497 1254 3594 1291; x_wconf 90' lang='lat' dir='ltr'>co-</span> 
     </span>
    </p>
   </div>
   <div class='ocr_carea' id='block_1_29' title="bbox 1947 1326 3597 1396">
    <p class='ocr_par' dir='ltr' id='par_1_29' title="bbox 1947 1326 3597 1396">
     <span class='ocr_line' id='line_1_29' title="bbox 1947 1326 3597 1396; baseline 0 -17"><span class='ocrx_word' id='word_1_200' title='bbox 1947 1327 2166 1394; x_wconf 82' lang='lat' dir='ltr'>gnatis,</span> <span class='ocrx_word' id='word_1_201' title='bbox 2195 1332 2248 1380; x_wconf 92' lang='lat' dir='ltr'>et</span> <span class='ocrx_word' id='word_1_202' title='bbox 2279 1343 2314 1380; x_wconf 88' lang='lat' dir='ltr'>a</span> <span class='ocrx_word' id='word_1_203' title='bbox 2339 1327 2565 1381; x_wconf 90' lang='lat' dir='ltr'>mundo</span> <span class='ocrx_word' id='word_1_204' title='bbox 2598 1327 2877 1381; x_wconf 86' lang='lat' dir='ltr'>universo</span> <span class='ocrx_word' id='word_1_205' title='bbox 2904 1327 3207 1382; x_wconf 84' lang='lat' dir='ltr'>voluntate</span> <span class='ocrx_word' id='word_1_206' title='bbox 3228 1326 3597 1396; x_wconf 83' lang='lat' dir='ltr'>peregrinari</span> 
     </span>
    </p>
   </div>
   <div class='ocr_carea' id='block_1_30' title="bbox 1947 1416 3597 1487">
    <p class='ocr_par' dir='ltr' id='par_1_30' title="bbox 1947 1416 3597 1487">
     <span class='ocr_line' id='line_1_30' title="bbox 1947 1416 3597 1487; baseline 0.001 -19"><span class='ocrx_word' id='word_1_207' title='bbox 1947 1430 2106 1479; x_wconf 92' lang='lat' dir='ltr'>eum,</span> <span class='ocrx_word' id='word_1_208' title='bbox 2139 1416 2241 1487; x_wconf 88' lang='lat' dir='ltr'>qui</span> <span class='ocrx_word' id='word_1_209' title='bbox 2296 1431 2429 1470; x_wconf 83' lang='lat' dir='ltr'>vere</span> <span class='ocrx_word' id='word_1_210' title='bbox 2469 1423 2781 1470; x_wconf 87' lang='lat' dir='ltr'>secuturus</span> <span class='ocrx_word' id='word_1_211' title='bbox 2822 1417 2894 1470; x_wconf 89' lang='lat' dir='ltr'>sit</span> <span class='ocrx_word' id='word_1_212' title='bbox 2924 1416 3216 1471; x_wconf 84' lang='lat' dir='ltr'>Christum</span> <span class='ocrx_word' id='word_1_213' title='bbox 3251 1432 3264 1470; x_wconf 91' lang='lat'><strong>:</strong></span> <span class='ocrx_word' id='word_1_214' title='bbox 3309 1420 3485 1485; x_wconf 91' lang='lat' dir='ltr'>atque</span> <span class='ocrx_word' id='word_1_215' title='bbox 3518 1417 3597 1470; x_wconf 89' lang='lat' dir='ltr'>ita</span> 
     </span>
    </p>
   </div>
   <div class='ocr_carea' id='block_1_31' title="bbox 1947 1503 3596 1576">
    <p class='ocr_par' dir='ltr' id='par_1_31' title="bbox 1947 1503 3596 1576">
     <span class='ocr_line' id='line_1_31' title="bbox 1947 1503 3596 1576; baseline 0.001 -19"><span class='ocrx_word' id='word_1_216' title='bbox 1947 1503 2169 1558; x_wconf 81' lang='lat' dir='ltr'>institui</span> <span class='ocrx_word' id='word_1_217' title='bbox 2186 1510 2242 1559; x_wconf 91' lang='lat' dir='ltr'>et</span> <span class='ocrx_word' id='word_1_218' title='bbox 2268 1505 2505 1560; x_wconf 82' lang='lat' dir='ltr'>formari</span> <span class='ocrx_word' id='word_1_219' title='bbox 2530 1505 2931 1560; x_wconf 86' lang='lat' dir='ltr'>monasticam</span> <span class='ocrx_word' id='word_1_220' title='bbox 2956 1504 3397 1576; x_wconf 88' lang='lat' dir='ltr'>professionem</span> <span class='ocrx_word' id='word_1_221' title='bbox 3421 1521 3456 1559; x_wconf 91' lang='lat' dir='ltr'>a</span> <span class='ocrx_word' id='word_1_222' title='bbox 3477 1504 3596 1559; x_wconf 90' lang='lat' dir='ltr'>Deo</span> 
     </span>
    </p>
   </div>
   <div class='ocr_carea' id='block_1_32' title="bbox 1946 1593 3598 1664">
    <p class='ocr_par' dir='ltr' id='par_1_32' title="bbox 1946 1593 3598 1664">
     <span class='ocr_line' id='line_1_32' title="bbox 1946 1593 3598 1664; baseline 0 -17"><span class='ocrx_word' id='word_1_223' title='bbox 1946 1593 2283 1648; x_wconf 87' lang='lat' dir='ltr'>conditam:</span> <span class='ocrx_word' id='word_1_224' title='bbox 2315 1608 2575 1664; x_wconf 88' lang='lat' dir='ltr'>eumque</span> <span class='ocrx_word' id='word_1_225' title='bbox 2605 1597 2776 1663; x_wconf 81' lang='lat' dir='ltr'>cujus</span> <span class='ocrx_word' id='word_1_226' title='bbox 2807 1594 2989 1648; x_wconf 89' lang='lat' dir='ltr'>virtus</span> <span class='ocrx_word' id='word_1_227' title='bbox 3009 1600 3275 1663; x_wconf 86' lang='lat' dir='ltr'>spectata</span> <span class='ocrx_word' id='word_1_228' title='bbox 3297 1598 3476 1664; x_wconf 91' lang='lat' dir='ltr'>atque</span> <span class='ocrx_word' id='word_1_229' title='bbox 3494 1608 3598 1647; x_wconf 85' lang='lat' dir='ltr'>ex-</span> 
     </span>
    </p>
   </div>
   <div class='ocr_carea' id='block_1_33' title="bbox 1946 1682 3594 1753">
    <p class='ocr_par' dir='ltr' id='par_1_33' title="bbox 1946 1682 3594 1753">
     <span class='ocr_line' id='line_1_33' title="bbox 1946 1682 3594 1753; baseline 0.001 -17"><span class='ocrx_word' id='word_1_230' title='bbox 1946 1688 2113 1753; x_wconf 89' lang='lat' dir='ltr'>perta</span> <span class='ocrx_word' id='word_1_231' title='bbox 2142 1682 2336 1747; x_wconf 87' lang='lat' dir='ltr'>fuerit,</span> <span class='ocrx_word' id='word_1_232' title='bbox 2381 1682 2465 1737; x_wconf 90' lang='lat' dir='ltr'>sic</span> <span class='ocrx_word' id='word_1_233' title='bbox 2499 1682 2791 1737; x_wconf 90' lang='lat' dir='ltr'>introduci</span> <span class='ocrx_word' id='word_1_234' title='bbox 2826 1683 2938 1737; x_wconf 91' lang='lat' dir='ltr'>sub</span> <span class='ocrx_word' id='word_1_235' title='bbox 2978 1682 3299 1737; x_wconf 89' lang='lat' dir='ltr'>multorum</span> <span class='ocrx_word' id='word_1_236' title='bbox 3331 1682 3594 1738; x_wconf 85' lang='lat' dir='ltr'>testimo-</span> 
     </span>
    </p>
   </div>
   <div class='ocr_carea' id='block_1_34' title="bbox 233 1768 1834 1846">
    <p class='ocr_par' dir='ltr' id='par_1_34' title="bbox 233 1768 1834 1846">
     <span class='ocr_line' id='line_1_34' title="bbox 233 1768 1834 1846; baseline 0.001 -26"><span class='ocrx_word' id='word_1_237' title='bbox 233 1785 329 1827; x_wconf 87' lang='grc' dir='ltr'>τως</span> <span class='ocrx_word' id='word_1_238' title='bbox 384 1768 702 1840; x_wconf 84' lang='grc' dir='ltr'><strong>εἰσαχθῆναι</strong></span> <span class='ocrx_word' id='word_1_239' title='bbox 756 1779 815 1843; x_wconf 74' lang='grc' dir='ltr'><strong>τῇ</strong></span> <span class='ocrx_word' id='word_1_240' title='bbox 843 1777 1109 1846; x_wconf 79' lang='grc' dir='ltr'><strong>μαρτυρίᾳ</strong></span> <span class='ocrx_word' id='word_1_241' title='bbox 1137 1781 1236 1823; x_wconf 88' lang='grc' dir='ltr'>τῶν</span> <span class='ocrx_word' id='word_1_242' title='bbox 1288 1771 1486 1824; x_wconf 79' lang='grc' dir='ltr'><strong>πολλῶν</strong></span> <span class='ocrx_word' id='word_1_243' title='bbox 1530 1772 1599 1833; x_wconf 86' lang='grc' dir='ltr'>εἰς</span> <span class='ocrx_word' id='word_1_244' title='bbox 1630 1776 1721 1829; x_wconf 76' lang='grc' dir='ltr'><strong>τὴν</strong></span> <span class='ocrx_word' id='word_1_245' title='bbox 1748 1789 1834 1842; x_wconf 86' lang='grc' dir='ltr'><strong>μο-</strong></span> 
     </span>
    </p>
   </div>
   <div class='ocr_carea' id='block_1_35' title="bbox 1946 1768 3597 1846">
    <p class='ocr_par' dir='ltr' id='par_1_35' title="bbox 1947 1770 3597 1842">
     <span class='ocr_line' id='line_1_35' title="bbox 1947 1770 3597 1842; baseline 0.001 -17"><span class='ocrx_word' id='word_1_246' title='bbox 1947 1771 2045 1825; x_wconf 89' lang='lat' dir='ltr'>nio</span> <span class='ocrx_word' id='word_1_247' title='bbox 2078 1772 2153 1826; x_wconf 90' lang='lat' dir='ltr'>ad</span> <span class='ocrx_word' id='word_1_248' title='bbox 2186 1772 2597 1826; x_wconf 84' lang='lat' dir='ltr'>monachicam</span> <span class='ocrx_word' id='word_1_249' title='bbox 2618 1770 3061 1842; x_wconf 81' lang='lat' dir='ltr'>perfectionem,</span> <span class='ocrx_word' id='word_1_250' title='bbox 3093 1777 3149 1826; x_wconf 90' lang='lat' dir='ltr'>et</span> <span class='ocrx_word' id='word_1_251' title='bbox 3177 1787 3355 1826; x_wconf 90' lang='lat' dir='ltr'>unam</span> <span class='ocrx_word' id='word_1_252' title='bbox 3377 1770 3506 1826; x_wconf 87' lang='lat' dir='ltr'>ﬁeri</span> <span class='ocrx_word' id='word_1_253' title='bbox 3524 1771 3597 1826; x_wconf 88' lang='lat' dir='ltr'>de</span> 
     </span>
    </p>
   </div>
   <div class='ocr_carea' id='block_1_36' title="bbox 233 1858 1840 1935">
    <p class='ocr_par' dir='ltr' id='par_1_36' title="bbox 233 1858 1840 1935">
     <span class='ocr_line' id='line_1_36' title="bbox 233 1858 1840 1935; baseline 0.004 -31"><span class='ocrx_word' id='word_1_254' title='bbox 233 1860 463 1925; x_wconf 81' lang='grc' dir='ltr'><strong>ναχικην</strong></span> <span class='ocrx_word' id='word_1_255' title='bbox 517 1858 795 1925; x_wconf 82' lang='grc' dir='ltr'><strong>τελείωσιν,</strong></span> <span class='ocrx_word' id='word_1_256' title='bbox 852 1865 939 1913; x_wconf 82' lang='grc' dir='ltr'><strong>καὶ</strong></span> <span class='ocrx_word' id='word_1_257' title='bbox 986 1863 1074 1913; x_wconf 80' lang='grc' dir='ltr'><strong>ἕνα</strong></span> <span class='ocrx_word' id='word_1_258' title='bbox 1121 1863 1366 1932; x_wconf 88' lang='grc' dir='ltr'><strong>γενέσθαι</strong></span> <span class='ocrx_word' id='word_1_259' title='bbox 1419 1869 1517 1912; x_wconf 89' lang='grc' dir='ltr'>τῶν</span> <span class='ocrx_word' id='word_1_260' title='bbox 1568 1868 1661 1912; x_wconf 84' lang='grc' dir='ltr'><strong>τοῦ</strong></span> <span class='ocrx_word' id='word_1_261' title='bbox 1710 1867 1840 1935; x_wconf 84' lang='grc' dir='ltr'><strong>Χρι-</strong></span> 
     </span>
    </p>
   </div>
   <div class='ocr_carea' id='block_1_37' title="bbox 239 1945 1838 2021">
    <p class='ocr_par' dir='ltr' id='par_1_37' title="bbox 239 1945 1838 2021">
     <span class='ocr_line' id='line_1_37' title="bbox 239 1945 1838 2021; baseline 0.005 -28"><span class='ocrx_word' id='word_1_262' title='bbox 239 1951 366 1994; x_wconf 84' lang='grc' dir='ltr'><strong>στοῦ</strong></span> <span class='ocrx_word' id='word_1_263' title='bbox 450 1945 744 2018; x_wconf 81' lang='grc' dir='ltr'><strong>προϐάτων.</strong></span> <span class='ocrx_word' id='word_1_264' title='bbox 819 1950 1099 2020; x_wconf 83' lang='grc' dir='ltr'><strong>Ἀμυήτως</strong></span> <span class='ocrx_word' id='word_1_265' title='bbox 1175 1946 1235 2002; x_wconf 61' lang='grc' dir='ltr'><strong>δι</strong></span> <span class='ocrx_word' id='word_1_266' title='bbox 1315 1953 1405 2002; x_wconf 83' lang='grc' dir='ltr'><strong>καὶ</strong></span> <span class='ocrx_word' id='word_1_267' title='bbox 1462 1947 1694 2021; x_wconf 88' lang='grc' dir='ltr'><strong>ἀμαθῶς,</strong></span> <span class='ocrx_word' id='word_1_268' title='bbox 1768 1951 1838 2012; x_wconf 83' lang='grc' dir='ltr'><strong>ὡς</strong></span> 
     </span>
    </p>
   </div>
   <div class='ocr_carea' id='block_1_38' title="bbox 237 2031 1281 2111">
    <p class='ocr_par' dir='ltr' id='par_1_38' title="bbox 237 2031 1281 2111">
     <span class='ocr_line' id='line_1_38' title="bbox 237 2031 1281 2111; baseline 0.008 -30"><span class='ocrx_word' id='word_1_269' title='bbox 237 2031 566 2103; x_wconf 71' lang='grc' dir='ltr'><strong>ἀπήγγελται</strong></span> <span class='ocrx_word' id='word_1_270' title='bbox 667 2037 815 2108; x_wconf 81' lang='grc' dir='ltr'><strong>ἡμῖν,</strong></span> <span class='ocrx_word' id='word_1_271' title='bbox 887 2036 1281 2111; x_wconf 84' lang='grc' dir='ltr'><strong>ἀποκείρεσθαι,</strong></span> 
     </span>
    </p>
   </div>
   <div class='ocr_carea' id='block_1_39' title="bbox 238 2118 1832 2199">
    <p class='ocr_par' dir='ltr' id='par_1_39' title="bbox 238 2118 1832 2199">
     <span class='ocr_line' id='line_1_39' title="bbox 238 2118 1832 2199; baseline 0.007 -29"><span class='ocrx_word' id='word_1_272' title='bbox 238 2118 623 2194; x_wconf 84' lang='grc' dir='ltr'><strong>ὀλεθριώτατον,</strong></span> <span class='ocrx_word' id='word_1_273' title='bbox 691 2130 780 2178; x_wconf 83' lang='grc' dir='ltr'><strong>καὶ</strong></span> <span class='ocrx_word' id='word_1_274' title='bbox 859 2134 930 2197; x_wconf 84' lang='grc' dir='ltr'><strong>τῷ</strong></span> <span class='ocrx_word' id='word_1_275' title='bbox 984 2130 1259 2199; x_wconf 78' lang='grc' dir='ltr'><strong>κειρομένῳ</strong></span> <span class='ocrx_word' id='word_1_276' title='bbox 1323 2131 1413 2179; x_wconf 80' lang='grc' dir='ltr'>καὶ</span> <span class='ocrx_word' id='word_1_277' title='bbox 1464 2134 1537 2198; x_wconf 81' lang='grc' dir='ltr'><strong>τῷ</strong></span> <span class='ocrx_word' id='word_1_278' title='bbox 1588 2131 1832 2198; x_wconf 86' lang='grc' dir='ltr'><strong>κείροντι.</strong></span> 
     </span>
    </p>
   </div>
   <div class='ocr_carea' id='block_1_40' title="bbox 239 2207 1836 2288">
    <p class='ocr_par' dir='ltr' id='par_1_40' title="bbox 239 2207 1836 2288">
     <span class='ocr_line' id='line_1_40' title="bbox 239 2207 1836 2288; baseline 0.004 -26"><span class='ocrx_word' id='word_1_279' title='bbox 239 2207 395 2262; x_wconf 85' lang='grc' dir='ltr'><strong>Ἀλλὰ</strong></span> <span class='ocrx_word' id='word_1_280' title='bbox 451 2214 552 2287; x_wconf 84' lang='grc' dir='ltr'><strong>γὰρ</strong></span> <span class='ocrx_word' id='word_1_281' title='bbox 611 2219 702 2266; x_wconf 85' lang='grc' dir='ltr'><strong>καὶ</strong></span> <span class='ocrx_word' id='word_1_282' title='bbox 754 2214 1217 2288; x_wconf 81' lang='grc' dir='ltr'><strong>ἀποσχηματίζειν</strong></span> <span class='ocrx_word' id='word_1_283' title='bbox 1256 2218 1511 2288; x_wconf 85' lang='grc' dir='ltr'><strong>μοναχὸν,</strong></span> <span class='ocrx_word' id='word_1_284' title='bbox 1554 2218 1670 2268; x_wconf 86' lang='grc' dir='ltr'><strong>ἶσον</strong></span> <span class='ocrx_word' id='word_1_285' title='bbox 1723 2215 1836 2268; x_wconf 74' lang='grc' dir='ltr'><strong>ἐστὶ</strong></span> 
     </span>
    </p>
   </div>
   <div class='ocr_carea' id='block_1_41' title="bbox 239 2297 1833 2377">
    <p class='ocr_par' dir='ltr' id='par_1_41' title="bbox 239 2297 1833 2377">
     <span class='ocr_line' id='line_1_41' title="bbox 239 2297 1833 2377; baseline 0.005 -28"><span class='ocrx_word' id='word_1_286' title='bbox 239 2306 311 2369; x_wconf 76' lang='grc' dir='ltr'><strong>τῷ</strong></span> <span class='ocrx_word' id='word_1_287' title='bbox 371 2297 766 2364; x_wconf 80' lang='grc' dir='ltr'><strong>ἀποϐαπτίζειν.</strong></span> <span class='ocrx_word' id='word_1_288' title='bbox 825 2302 988 2364; x_wconf 82' lang='grc' dir='ltr'><strong>Ὀλως</strong></span> <span class='ocrx_word' id='word_1_289' title='bbox 1042 2304 1296 2377; x_wconf 84' lang='grc' dir='ltr'><strong>τολμᾶται</strong></span> <span class='ocrx_word' id='word_1_290' title='bbox 1351 2312 1497 2357; x_wconf 85' lang='grc' dir='ltr'><strong>τοῦτο</strong></span> <span class='ocrx_word' id='word_1_291' title='bbox 1549 2306 1833 2375; x_wconf 71' lang='grc' dir='ltr'><strong>γίνεσθαι*</strong></span> 
     </span>
    </p>
   </div>
   <div class='ocr_carea' id='block_1_42' title="bbox 240 2389 1835 2464">
    <p class='ocr_par' dir='ltr' id='par_1_42' title="bbox 240 2389 1835 2464">
     <span class='ocr_line' id='line_1_42' title="bbox 240 2389 1835 2464; baseline 0.005 -26"><span class='ocrx_word' id='word_1_292' title='bbox 240 2393 451 2459; x_wconf 79' lang='grc' dir='ltr'><strong>φρικτόν</strong></span> <span class='ocrx_word' id='word_1_293' title='bbox 510 2389 624 2442; x_wconf 78' lang='grc' dir='ltr'><strong>ἔστι</strong></span> <span class='ocrx_word' id='word_1_294' title='bbox 679 2396 768 2444; x_wconf 85' lang='grc' dir='ltr'><strong>καὶ</strong></span> <span class='ocrx_word' id='word_1_295' title='bbox 800 2391 1127 2463; x_wconf 82' lang='grc' dir='ltr'><strong>ἀκουόμενον.</strong></span> <span class='ocrx_word' id='word_1_296' title='bbox 1185 2395 1245 2447; x_wconf 86' lang='grc' dir='ltr'>Εἰ</span> <span class='ocrx_word' id='word_1_297' title='bbox 1289 2391 1347 2447; x_wconf 69' lang='grc' dir='ltr'>δὲ</span> <span class='ocrx_word' id='word_1_298' title='bbox 1393 2397 1523 2464; x_wconf 83' lang='grc' dir='ltr'><strong>μετὰ</strong></span> <span class='ocrx_word' id='word_1_299' title='bbox 1567 2401 1659 2445; x_wconf 81' lang='grc' dir='ltr'><strong>τοῦ</strong></span> <span class='ocrx_word' id='word_1_300' title='bbox 1693 2390 1835 2446; x_wconf 85' lang='grc' dir='ltr'><strong>δεόν-</strong></span> 
     </span>
    </p>
   </div>
   <div class='ocr_carea' id='block_1_43' title="bbox 237 2475 1835 2554">
    <p class='ocr_par' dir='ltr' id='par_1_43' title="bbox 237 2475 1835 2554">
     <span class='ocr_line' id='line_1_43' title="bbox 237 2475 1835 2554; baseline 0.006 -29"><span class='ocrx_word' id='word_1_301' title='bbox 237 2494 340 2537; x_wconf 88' lang='grc' dir='ltr'><strong>τως</strong></span> <span class='ocrx_word' id='word_1_302' title='bbox 397 2475 690 2552; x_wconf 86' lang='grc' dir='ltr'><strong>ἀποκεῖραι,</strong></span> <span class='ocrx_word' id='word_1_303' title='bbox 747 2477 927 2539; x_wconf 71' lang='grc' dir='ltr'><strong>ἐπειδὴ</strong></span> <span class='ocrx_word' id='word_1_304' title='bbox 988 2483 1339 2535; x_wconf 83' lang='grc' dir='ltr'><strong>ύπονοστοῦσί</strong></span> <span class='ocrx_word' id='word_1_305' title='bbox 1408 2502 1541 2544; x_wconf 89' lang='grc' dir='ltr'><strong>τινες</strong></span> <span class='ocrx_word' id='word_1_306' title='bbox 1587 2485 1712 2554; x_wconf 89' lang='grc' dir='ltr'><strong>πρὸς</strong></span> <span class='ocrx_word' id='word_1_307' title='bbox 1768 2485 1835 2535; x_wconf 85' lang='grc' dir='ltr'>τά</span> 
     </span>
    </p>
   </div>
   <div class='ocr_carea' id='block_1_44' title="bbox 236 2568 1832 2643">
    <p class='ocr_par' dir='ltr' id='par_1_44' title="bbox 236 2568 1832 2643">
     <span class='ocr_line' id='line_1_44' title="bbox 236 2568 1832 2643; baseline 0.006 -28"><span class='ocrx_word' id='word_1_308' title='bbox 236 2568 460 2637; x_wconf 85' lang='grc' dir='ltr'><strong>χείρονα</strong></span> <span class='ocrx_word' id='word_1_309' title='bbox 488 2584 500 2595; x_wconf 82' lang='grc'><em>’</em></span> <span class='ocrx_word' id='word_1_310' title='bbox 533 2571 651 2630; x_wconf 84' lang='grc' dir='ltr'><strong>τοὺς</strong></span> <span class='ocrx_word' id='word_1_311' title='bbox 706 2572 971 2632; x_wconf 83' lang='grc' dir='ltr'><strong>τοιούτους</strong></span> <span class='ocrx_word' id='word_1_312' title='bbox 1023 2570 1353 2642; x_wconf 78' lang='grc' dir='ltr'><strong>ἐπιμένοντας</strong></span> <span class='ocrx_word' id='word_1_313' title='bbox 1399 2579 1461 2643; x_wconf 76' lang='grc' dir='ltr'><strong>τῇ</strong></span> <span class='ocrx_word' id='word_1_314' title='bbox 1517 2576 1696 2643; x_wconf 83' lang='grc' dir='ltr'><strong>κακίᾳ,</strong></span> <span class='ocrx_word' id='word_1_315' title='bbox 1743 2576 1832 2624; x_wconf 80' lang='grc' dir='ltr'>καὶ</span> 
     </span>
    </p>
   </div>
   <div class='ocr_carea' id='block_1_45' title="bbox 237 2653 1829 2735">
    <p class='ocr_par' dir='ltr' id='par_1_45' title="bbox 237 2653 1829 2735">
     <span class='ocr_line' id='line_1_45' title="bbox 237 2653 1829 2735; baseline 0.004 -31"><span class='ocrx_word' id='word_1_316' title='bbox 237 2657 311 2723; x_wconf 77' lang='grc' dir='ltr'><strong>μὴ</strong></span> <span class='ocrx_word' id='word_1_317' title='bbox 342 2653 581 2725; x_wconf 80' lang='grc' dir='ltr'><strong>ἰωμένους</strong></span> <span class='ocrx_word' id='word_1_318' title='bbox 616 2656 831 2719; x_wconf 77' lang='grc' dir='ltr'><strong>ἑαυτούς</strong></span> <span class='ocrx_word' id='word_1_319' title='bbox 859 2657 907 2710; x_wconf 80' lang='grc' dir='ltr'><strong>ἐν</strong></span> <span class='ocrx_word' id='word_1_320' title='bbox 942 2666 1048 2719; x_wconf 90' lang='grc' dir='ltr'><strong>τοῖς</strong></span> <span class='ocrx_word' id='word_1_321' title='bbox 1086 2658 1343 2731; x_wconf 76' lang='grc' dir='ltr'><strong>ψυχικοῖς</strong></span> <span class='ocrx_word' id='word_1_322' title='bbox 1392 2659 1829 2735; x_wconf 76' lang='grc' dir='ltr'><strong>ἀρρωστήμασιν,</strong></span> 
     </span>
    </p>
   </div>
   <div class='ocr_carea' id='block_1_46' title="bbox 234 2739 1831 2821">
    <p class='ocr_par' dir='ltr' id='par_1_46' title="bbox 234 2739 1831 2821">
     <span class='ocr_line' id='line_1_46' title="bbox 234 2739 1831 2821; baseline 0.005 -29"><span class='ocrx_word' id='word_1_323' title='bbox 234 2739 584 2797; x_wconf 76' lang='grc' dir='ltr'><strong>ἓκκόπτεσθαι</strong></span> <span class='ocrx_word' id='word_1_324' title='bbox 644 2751 753 2817; x_wconf 80' lang='grc' dir='ltr'><strong>χρὴ</strong></span> <span class='ocrx_word' id='word_1_325' title='bbox 820 2754 912 2807; x_wconf 86' lang='grc' dir='ltr'><strong>τῆς</strong></span> <span class='ocrx_word' id='word_1_326' title='bbox 977 2745 1347 2821; x_wconf 62' lang='grc' dir='ltr'><strong>ἀδελφότητος,</strong></span> <span class='ocrx_word' id='word_1_327' title='bbox 1402 2749 1521 2801; x_wconf 88' lang='grc' dir='ltr'><strong>καθ’</strong></span> <span class='ocrx_word' id='word_1_328' title='bbox 1581 2750 1831 2820; x_wconf 86' lang='grc' dir='ltr'><strong>ὁμοίωσιν</strong></span> 
     </span>
    </p>
   </div>
   <div class='ocr_carea' id='block_1_47' title="bbox 235 2836 1832 2911">
    <p class='ocr_par' dir='ltr' id='par_1_47' title="bbox 235 2836 1832 2911">
     <span class='ocr_line' id='line_1_47' title="bbox 235 2836 1832 2911; baseline 0.007 -31"><span class='ocrx_word' id='word_1_329' title='bbox 235 2838 338 2882; x_wconf 89' lang='grc' dir='ltr'>τῶν</span> <span class='ocrx_word' id='word_1_330' title='bbox 395 2840 696 2891; x_wconf 86' lang='grc' dir='ltr'><strong>σεσηπότων</strong></span> <span class='ocrx_word' id='word_1_331' title='bbox 753 2836 935 2907; x_wconf 83' lang='grc' dir='ltr'><strong>μελῶν,</strong></span> <span class='ocrx_word' id='word_1_332' title='bbox 994 2840 1059 2898; x_wconf 84' lang='grc' dir='ltr'><strong>ὡς</strong></span> <span class='ocrx_word' id='word_1_333' title='bbox 1106 2837 1166 2889; x_wconf 82' lang='grc' dir='ltr'><strong>ἂν</strong></span> <span class='ocrx_word' id='word_1_334' title='bbox 1211 2843 1282 2910; x_wconf 78' lang='grc' dir='ltr'><strong>μὴ</strong></span> <span class='ocrx_word' id='word_1_335' title='bbox 1324 2846 1384 2909; x_wconf 72' lang='grc' dir='ltr'><strong>τῇ</strong></span> <span class='ocrx_word' id='word_1_336' title='bbox 1437 2843 1685 2911; x_wconf 81' lang='grc' dir='ltr'><strong>συνεχείᾳ</strong></span> <span class='ocrx_word' id='word_1_337' title='bbox 1742 2842 1832 2891; x_wconf 82' lang='grc' dir='ltr'><strong>καὶ</strong></span> 
     </span>
    </p>
   </div>
   <div class='ocr_carea' id='block_1_48' title="bbox 234 2921 1833 3001">
    <p class='ocr_par' dir='ltr' id='par_1_48' title="bbox 234 2921 1833 3001">
     <span class='ocr_line' id='line_1_48' title="bbox 234 2921 1833 3001; baseline 0.014 -32"><span class='ocrx_word' id='word_1_338' title='bbox 234 2922 294 2970; x_wconf 90' lang='grc' dir='ltr'>τὸ</span> <span class='ocrx_word' id='word_1_339' title='bbox 349 2921 485 2992; x_wconf 73' lang='grc' dir='ltr'><strong>ύγιες</strong></span> <span class='ocrx_word' id='word_1_340' title='bbox 537 2921 844 2995; x_wconf 84' lang='grc' dir='ltr'><strong>βλάπτοιτο.</strong></span> <span class='ocrx_word' id='word_1_341' title='bbox 880 2930 1017 2984; x_wconf 82' lang='grc' dir='ltr'><strong>Φησὶ</strong></span> <span class='ocrx_word' id='word_1_342' title='bbox 1045 2929 1145 2998; x_wconf 84' lang='grc' dir='ltr'><strong>γὰρ</strong></span> <span class='ocrx_word' id='word_1_343' title='bbox 1168 2928 1193 2979; x_wconf 98' lang='lat'>6</span> <span class='ocrx_word' id='word_1_344' title='bbox 1226 2929 1413 3000; x_wconf 78' lang='grc' dir='ltr'><strong>Κύριος</strong></span> <span class='ocrx_word' id='word_1_345' title='bbox 1445 2946 1459 2959; x_wconf 86' lang='grc'><strong><em>⁸</em></strong></span> <span class='ocrx_word' id='word_1_346' title='bbox 1514 2930 1833 3001; x_wconf 80' lang='grc' dir='ltr'><strong>Συμφερές</strong></span> 
     </span>
    </p>
   </div>
   <div class='ocr_carea' id='block_1_49' title="bbox 239 3010 1830 3087">
    <p class='ocr_par' dir='ltr' id='par_1_49' title="bbox 239 3010 1830 3087">
     <span class='ocr_line' id='line_1_49' title="bbox 239 3010 1830 3087; baseline 0.009 -29"><span class='ocrx_word' id='word_1_347' title='bbox 239 3026 347 3059; x_wconf 91' lang='grc' dir='ltr'>σοι</span> <span class='ocrx_word' id='word_1_348' title='bbox 386 3010 487 3063; x_wconf 82' lang='grc' dir='ltr'>ἵνα</span> <span class='ocrx_word' id='word_1_349' title='bbox 524 3010 582 3064; x_wconf 84' lang='grc' dir='ltr'><strong>ἓν</strong></span> <span class='ocrx_word' id='word_1_350' title='bbox 635 3022 753 3064; x_wconf 88' lang='grc' dir='ltr'>τῶν</span> <span class='ocrx_word' id='word_1_351' title='bbox 810 3014 1014 3086; x_wconf 87' lang='grc' dir='ltr'><strong>μελῶν</strong></span> <span class='ocrx_word' id='word_1_352' title='bbox 1056 3034 1171 3067; x_wconf 91' lang='grc' dir='ltr'>σου</span> <span class='ocrx_word' id='word_1_353' title='bbox 1231 3014 1552 3087; x_wconf 79' lang='grc' dir='ltr'><strong>ἀποκοπῇ,</strong></span> <span class='ocrx_word' id='word_1_354' title='bbox 1603 3019 1830 3087; x_wconf 80' lang='grc' dir='ltr'><strong>καὶμὴ</strong></span> 
     </span>
    </p>
   </div>
   <div class='ocr_carea' id='block_1_50' title="bbox 1364 2034 1838 2091">
    <p class='ocr_par' dir='ltr' id='par_1_50' title="bbox 1364 2034 1838 2091">
     <span class='ocr_line' id='line_1_50' title="bbox 1364 2034 1838 2091; baseline 0.004 -2"><span class='ocrx_word' id='word_1_355' title='bbox 1364 2034 1662 2090; x_wconf 75' lang='grc' dir='ltr'><strong>ἰπικίδυνον</strong></span> <span class='ocrx_word' id='word_1_356' title='bbox 1749 2042 1838 2091; x_wconf 86' lang='grc' dir='ltr'><strong>καὶ</strong></span> 
     </span>
    </p>
   </div>
   <div class='ocr_carea' id='block_1_51' title="bbox 1944 1858 3597 1916">
    <p class='ocr_par' dir='ltr' id='par_1_51' title="bbox 1944 1858 3597 1916">
     <span class='ocr_line' id='line_1_51' title="bbox 1944 1858 3597 1916; baseline 0.001 -3"><span class='ocrx_word' id='word_1_357' title='bbox 1944 1860 2157 1914; x_wconf 89' lang='lat' dir='ltr'>ovibus</span> <span class='ocrx_word' id='word_1_358' title='bbox 2189 1861 2415 1916; x_wconf 86' lang='lat' dir='ltr'>Christi.</span> <span class='ocrx_word' id='word_1_359' title='bbox 2448 1860 2931 1915; x_wconf 88' lang='lat' dir='ltr'>Sineinitiatione</span> <span class='ocrx_word' id='word_1_360' title='bbox 2959 1863 3159 1915; x_wconf 90' lang='lat' dir='ltr'>autem</span> <span class='ocrx_word' id='word_1_361' title='bbox 3185 1864 3239 1915; x_wconf 91' lang='lat' dir='ltr'>et</span> <span class='ocrx_word' id='word_1_362' title='bbox 3267 1860 3394 1914; x_wconf 89' lang='lat' dir='ltr'>sine</span> <span class='ocrx_word' id='word_1_363' title='bbox 3414 1858 3597 1914; x_wconf 80' lang='lat' dir='ltr'>scien-</span> 
     </span>
    </p>
   </div>
   <div class='ocr_carea' id='block_1_52' title="bbox 1946 1948 3597 2020">
    <p class='ocr_par' dir='ltr' id='par_1_52' title="bbox 1946 1948 3597 2020">
     <span class='ocr_line' id='line_1_52' title="bbox 1946 1948 3597 2020; baseline 0.001 -17"><span class='ocrx_word' id='word_1_364' title='bbox 1946 1950 2045 2013; x_wconf 85' lang='lat' dir='ltr'>tia,</span> <span class='ocrx_word' id='word_1_365' title='bbox 2077 1954 2137 2002; x_wconf 89' lang='lat' dir='ltr'>ut</span> <span class='ocrx_word' id='word_1_366' title='bbox 2153 1948 2328 2003; x_wconf 91' lang='lat' dir='ltr'>nobis</span> <span class='ocrx_word' id='word_1_367' title='bbox 2348 1948 2763 2004; x_wconf 85' lang='lat' dir='ltr'>denuntiatum</span> <span class='ocrx_word' id='word_1_368' title='bbox 2781 1948 2909 2014; x_wconf 89' lang='lat' dir='ltr'>fuit,</span> <span class='ocrx_word' id='word_1_369' title='bbox 2933 1949 3165 2003; x_wconf 84' lang='lat' dir='ltr'>tonderi</span> <span class='ocrx_word' id='word_1_370' title='bbox 3186 1948 3597 2020; x_wconf 88' lang='lat' dir='ltr'>periculosum</span> 
     </span>
    </p>
   </div>
   <div class='ocr_carea' id='block_1_53' title="bbox 1944 2036 3599 2109">
    <p class='ocr_par' dir='ltr' id='par_1_53' title="bbox 1944 2036 3599 2109">
     <span class='ocr_line' id='line_1_53' title="bbox 1944 2036 3599 2109; baseline 0 -17"><span class='ocrx_word' id='word_1_371' title='bbox 1944 2042 2049 2102; x_wconf 88' lang='lat' dir='ltr'>est,</span> <span class='ocrx_word' id='word_1_372' title='bbox 2082 2053 2151 2093; x_wconf 88' lang='lat' dir='ltr'>ac</span> <span class='ocrx_word' id='word_1_373' title='bbox 2181 2036 2751 2109; x_wconf 88' lang='lat' dir='ltr'>perniciosissimum</span> <span class='ocrx_word' id='word_1_374' title='bbox 2783 2041 2838 2093; x_wconf 89' lang='lat' dir='ltr'>et</span> <span class='ocrx_word' id='word_1_375' title='bbox 2870 2042 3042 2093; x_wconf 89' lang='lat' dir='ltr'>tonso</span> <span class='ocrx_word' id='word_1_376' title='bbox 3073 2042 3128 2093; x_wconf 90' lang='lat' dir='ltr'>et</span> <span class='ocrx_word' id='word_1_377' title='bbox 3159 2037 3449 2095; x_wconf 88' lang='lat' dir='ltr'>tondenti.</span> <span class='ocrx_word' id='word_1_378' title='bbox 3482 2036 3599 2093; x_wconf 92' lang='lat' dir='ltr'>Sed</span> 
     </span>
    </p>
   </div>
   <div class='ocr_carea' id='block_1_54' title="bbox 1944 2125 3600 2199">
    <p class='ocr_par' dir='ltr' id='par_1_54' title="bbox 1944 2125 3600 2199">
     <span class='ocr_line' id='line_1_54' title="bbox 1944 2125 3600 2199; baseline 0.001 -18"><span class='ocrx_word' id='word_1_379' title='bbox 1944 2130 1999 2181; x_wconf 92' lang='lat' dir='ltr'>et</span> <span class='ocrx_word' id='word_1_380' title='bbox 2023 2125 2295 2182; x_wconf 90' lang='lat' dir='ltr'>habitum</span> <span class='ocrx_word' id='word_1_381' title='bbox 2323 2125 2634 2181; x_wconf 86' lang='lat' dir='ltr'>detrahere</span> <span class='ocrx_word' id='word_1_382' title='bbox 2659 2126 2978 2192; x_wconf 89' lang='lat' dir='ltr'>monacho,</span> <span class='ocrx_word' id='word_1_383' title='bbox 3008 2126 3257 2199; x_wconf 91' lang='lat' dir='ltr'>perinde</span> <span class='ocrx_word' id='word_1_384' title='bbox 3287 2130 3376 2182; x_wconf 89' lang='lat' dir='ltr'>est</span> <span class='ocrx_word' id='word_1_385' title='bbox 3404 2141 3473 2182; x_wconf 90' lang='lat' dir='ltr'>ac</span> <span class='ocrx_word' id='word_1_386' title='bbox 3494 2125 3600 2182; x_wconf 88' lang='lat' dir='ltr'>ba-</span> 
     </span>
    </p>
   </div>
   <div class='ocr_carea' id='block_1_55' title="bbox 1943 2214 3601 2287">
    <p class='ocr_par' dir='ltr' id='par_1_55' title="bbox 1943 2214 3601 2287">
     <span class='ocr_line' id='line_1_55' title="bbox 1943 2214 3601 2287; baseline 0.001 -18"><span class='ocrx_word' id='word_1_387' title='bbox 1943 2214 2161 2286; x_wconf 89' lang='lat' dir='ltr'>ptismo</span> <span class='ocrx_word' id='word_1_388' title='bbox 2182 2214 2458 2286; x_wconf 87' lang='lat' dir='ltr'>spoliare.</span> <span class='ocrx_word' id='word_1_389' title='bbox 2492 2216 2751 2271; x_wconf 90' lang='lat' dir='ltr'>Omnino</span> <span class='ocrx_word' id='word_1_390' title='bbox 2772 2230 2843 2271; x_wconf 90' lang='lat' dir='ltr'>eo</span> <span class='ocrx_word' id='word_1_391' title='bbox 2869 2215 3209 2287; x_wconf 87' lang='lat' dir='ltr'>proceditur</span> <span class='ocrx_word' id='word_1_392' title='bbox 3240 2214 3509 2270; x_wconf 81' lang='lat' dir='ltr'>audaciae</span> <span class='ocrx_word' id='word_1_393' title='bbox 3535 2219 3601 2271; x_wconf 90' lang='lat' dir='ltr'>ut</span> 
     </span>
    </p>
   </div>
   <div class='ocr_carea' id='block_1_56' title="bbox 1942 2303 3599 2375">
    <p class='ocr_par' dir='ltr' id='par_1_56' title="bbox 1942 2303 3599 2375">
     <span class='ocr_line' id='line_1_56' title="bbox 1942 2303 3599 2375; baseline 0.001 -17"><span class='ocrx_word' id='word_1_394' title='bbox 1942 2305 2098 2358; x_wconf 90' lang='lat' dir='ltr'>istud</span> <span class='ocrx_word' id='word_1_395' title='bbox 2139 2303 2264 2368; x_wconf 88' lang='lat' dir='ltr'>ﬁat,</span> <span class='ocrx_word' id='word_1_396' title='bbox 2297 2304 2624 2359; x_wconf 91' lang='lat' dir='ltr'>orrendum</span> <span class='ocrx_word' id='word_1_397' title='bbox 2657 2309 2744 2359; x_wconf 90' lang='lat' dir='ltr'>est</span> <span class='ocrx_word' id='word_1_398' title='bbox 2772 2304 2867 2359; x_wconf 88' lang='lat' dir='ltr'>vel</span> <span class='ocrx_word' id='word_1_399' title='bbox 2905 2304 3133 2359; x_wconf 90' lang='lat' dir='ltr'>auditu.</span> <span class='ocrx_word' id='word_1_400' title='bbox 3170 2305 3226 2360; x_wconf 94' lang='lat' dir='ltr'>Si</span> <span class='ocrx_word' id='word_1_401' title='bbox 3262 2319 3402 2359; x_wconf 89' lang='lat' dir='ltr'>vero</span> <span class='ocrx_word' id='word_1_402' title='bbox 3436 2307 3599 2375; x_wconf 86' lang='lat' dir='ltr'>post-</span> 
     </span>
    </p>
   </div>
   <div class='ocr_carea' id='block_1_57' title="bbox 1941 2392 3602 2465">
    <p class='ocr_par' dir='ltr' id='par_1_57' title="bbox 1941 2392 3602 2465">
     <span class='ocr_line' id='line_1_57' title="bbox 1941 2392 3602 2465; baseline -0.001 -16"><span class='ocrx_word' id='word_1_403' title='bbox 1941 2410 2127 2465; x_wconf 90' lang='lat' dir='ltr'>quam</span> <span class='ocrx_word' id='word_1_404' title='bbox 2178 2398 2426 2448; x_wconf 89' lang='lat' dir='ltr'>tonsura</span> <span class='ocrx_word' id='word_1_405' title='bbox 2478 2393 2587 2449; x_wconf 92' lang='lat' dir='ltr'>rite</span> <span class='ocrx_word' id='word_1_406' title='bbox 2616 2392 2774 2448; x_wconf 86' lang='lat' dir='ltr'>facta</span> <span class='ocrx_word' id='word_1_407' title='bbox 2817 2392 3012 2462; x_wconf 89' lang='lat' dir='ltr'>fuerit,</span> <span class='ocrx_word' id='word_1_408' title='bbox 3055 2392 3134 2448; x_wconf 91' lang='lat' dir='ltr'>ad</span> <span class='ocrx_word' id='word_1_409' title='bbox 3172 2393 3467 2449; x_wconf 88' lang='lat' dir='ltr'>deteriora</span> <span class='ocrx_word' id='word_1_410' title='bbox 3512 2407 3602 2447; x_wconf 80' lang='lat' dir='ltr'>re&#39;</span> 
     </span>
    </p>
   </div>
   <div class='ocr_carea' id='block_1_58' title="bbox 1941 2481 3599 2553">
    <p class='ocr_par' dir='ltr' id='par_1_58' title="bbox 1941 2481 3599 2553">
     <span class='ocr_line' id='line_1_58' title="bbox 1941 2481 3599 2553; baseline -0.001 -16"><span class='ocrx_word' id='word_1_411' title='bbox 1941 2483 2121 2537; x_wconf 89' lang='lat' dir='ltr'>deant</span> <span class='ocrx_word' id='word_1_412' title='bbox 2152 2481 2357 2553; x_wconf 88' lang='lat' dir='ltr'>aliqui,</span> <span class='ocrx_word' id='word_1_413' title='bbox 2401 2482 2559 2553; x_wconf 88' lang='lat' dir='ltr'>iique</span> <span class='ocrx_word' id='word_1_414' title='bbox 2588 2482 2908 2552; x_wconf 86' lang='lat' dir='ltr'>persistant</span> <span class='ocrx_word' id='word_1_415' title='bbox 2940 2484 3001 2536; x_wconf 88' lang='lat' dir='ltr'>in</span> <span class='ocrx_word' id='word_1_416' title='bbox 3052 2481 3459 2553; x_wconf 86' lang='lat' dir='ltr'>improbitate,</span> <span class='ocrx_word' id='word_1_417' title='bbox 3489 2496 3599 2537; x_wconf 91' lang='lat' dir='ltr'>nec</span> 
     </span>
    </p>
   </div>
   <div class='ocr_carea' id='block_1_59' title="bbox 1941 2570 3601 2637">
    <p class='ocr_par' dir='ltr' id='par_1_59' title="bbox 1941 2570 3601 2637">
     <span class='ocr_line' id='line_1_59' title="bbox 1941 2570 3601 2637; baseline -0.001 -10"><span class='ocrx_word' id='word_1_418' title='bbox 1941 2572 2159 2627; x_wconf 71' lang='lat' dir='ltr'>animae</span> <span class='ocrx_word' id='word_1_419' title='bbox 2191 2588 2315 2626; x_wconf 67' lang='lat' dir='ltr'>sua:</span> <span class='ocrx_word' id='word_1_420' title='bbox 2338 2571 2581 2627; x_wconf 91' lang='lat' dir='ltr'>morbos</span> <span class='ocrx_word' id='word_1_421' title='bbox 2611 2575 2844 2637; x_wconf 87' lang='lat' dir='ltr'>curent;</span> <span class='ocrx_word' id='word_1_422' title='bbox 2874 2570 3144 2626; x_wconf 82' lang='lat' dir='ltr'>exscindi</span> <span class='ocrx_word' id='word_1_423' title='bbox 3170 2570 3391 2626; x_wconf 85' lang='lat' dir='ltr'>debent</span> <span class='ocrx_word' id='word_1_424' title='bbox 3419 2587 3455 2626; x_wconf 92' lang='lat' dir='ltr'>a</span> <span class='ocrx_word' id='word_1_425' title='bbox 3484 2570 3601 2625; x_wconf 89' lang='lat' dir='ltr'>fra-</span> 
     </span>
    </p>
   </div>
   <div class='ocr_carea' id='block_1_60' title="bbox 1938 2659 3600 2731">
    <p class='ocr_par' dir='ltr' id='par_1_60' title="bbox 1938 2659 3600 2731">
     <span class='ocr_line' id='line_1_60' title="bbox 1938 2659 3600 2731; baseline -0.001 -16"><span class='ocrx_word' id='word_1_426' title='bbox 1938 2661 2097 2715; x_wconf 87' lang='lat' dir='ltr'>trum</span> <span class='ocrx_word' id='word_1_427' title='bbox 2131 2668 2306 2729; x_wconf 78' lang='lat' dir='ltr'>cretu,</span> <span class='ocrx_word' id='word_1_428' title='bbox 2339 2660 2491 2715; x_wconf 90' lang='lat' dir='ltr'>sicut</span> <span class='ocrx_word' id='word_1_429' title='bbox 2520 2661 2711 2715; x_wconf 90' lang='lat' dir='ltr'>solent</span> <span class='ocrx_word' id='word_1_430' title='bbox 2735 2659 2979 2731; x_wconf 89' lang='lat' dir='ltr'>putrida</span> <span class='ocrx_word' id='word_1_431' title='bbox 3013 2659 3308 2723; x_wconf 87' lang='lat' dir='ltr'>membra,</span> <span class='ocrx_word' id='word_1_432' title='bbox 3343 2674 3416 2713; x_wconf 91' lang='lat' dir='ltr'>ne</span> <span class='ocrx_word' id='word_1_433' title='bbox 3456 2674 3600 2714; x_wconf 91' lang='lat' dir='ltr'>con-</span> 
     </span>
    </p>
   </div>
   <div class='ocr_carea' id='block_1_61' title="bbox 1939 2748 3593 2821">
    <p class='ocr_par' dir='ltr' id='par_1_61' title="bbox 1939 2748 3593 2821">
     <span class='ocr_line' id='line_1_61' title="bbox 1939 2748 3593 2821; baseline -0.002 -16"><span class='ocrx_word' id='word_1_434' title='bbox 1939 2749 2279 2821; x_wconf 87' lang='lat' dir='ltr'>tactuquod</span> <span class='ocrx_word' id='word_1_435' title='bbox 2293 2765 2508 2804; x_wconf 87' lang='lat' dir='ltr'>sanum</span> <span class='ocrx_word' id='word_1_436' title='bbox 2534 2748 2905 2804; x_wconf 71' lang='lat' dir='ltr'>estlmdatur.</span> <span class='ocrx_word' id='word_1_437' title='bbox 2928 2748 3069 2803; x_wconf 88' lang='lat' dir='ltr'>Dicit</span> <span class='ocrx_word' id='word_1_438' title='bbox 3089 2748 3252 2803; x_wconf 89' lang='lat' dir='ltr'>enim</span> <span class='ocrx_word' id='word_1_439' title='bbox 3274 2748 3593 2803; x_wconf 90' lang='lat' dir='ltr'>Dominus:</span> 
     </span>
    </p>
   </div>
   <div class='ocr_carea' id='block_1_62' title="bbox 1947 2837 3600 2909">
    <p class='ocr_par' dir='ltr' id='par_1_62' title="bbox 1947 2837 3600 2909">
     <span class='ocr_line' id='line_1_62' title="bbox 1947 2837 3600 2909; baseline -0.002 -14"><span class='ocrx_word' id='word_1_440' title='bbox 1947 2842 2197 2895; x_wconf 69' lang='lat' dir='ltr'>Praestat</span> <span class='ocrx_word' id='word_1_441' title='bbox 2227 2855 2413 2894; x_wconf 86' lang='lat' dir='ltr'>unum</span> <span class='ocrx_word' id='word_1_442' title='bbox 2436 2839 2510 2894; x_wconf 88' lang='lat' dir='ltr'>de</span> <span class='ocrx_word' id='word_1_443' title='bbox 2538 2839 2814 2894; x_wconf 79' lang='lat' dir='ltr'>membris</span> <span class='ocrx_word' id='word_1_444' title='bbox 2846 2838 2961 2893; x_wconf 79' lang='lat' dir='ltr'>tuis</span> <span class='ocrx_word' id='word_1_445' title='bbox 2987 2837 3277 2904; x_wconf 81' lang='lat' dir='ltr'>abscindi,</span> <span class='ocrx_word' id='word_1_446' title='bbox 3308 2853 3485 2909; x_wconf 87' lang='lat' dir='ltr'>quam</span> <span class='ocrx_word' id='word_1_447' title='bbox 3509 2844 3600 2891; x_wconf 86' lang='lat' dir='ltr'>to-</span> 
     </span>
    </p>
   </div>
   <div class='ocr_carea' id='block_1_63' title="bbox 1943 2927 3595 2997">
    <p class='ocr_par' dir='ltr' id='par_1_63' title="bbox 1943 2927 3595 2997">
     <span class='ocr_line' id='line_1_63' title="bbox 1943 2927 3595 2997; baseline -0.001 -13"><span class='ocrx_word' id='word_1_448' title='bbox 1943 2936 2066 2984; x_wconf 83' lang='lat' dir='ltr'>tum</span> <span class='ocrx_word' id='word_1_449' title='bbox 2097 2942 2310 2995; x_wconf 85' lang='lat' dir='ltr'>corpus</span> <span class='ocrx_word' id='word_1_450' title='bbox 2341 2934 2507 2983; x_wconf 82' lang='lat' dir='ltr'>tuum</span> <span class='ocrx_word' id='word_1_451' title='bbox 2533 2929 2691 2983; x_wconf 77' lang='lat' dir='ltr'>mitti</span> <span class='ocrx_word' id='word_1_452' title='bbox 2716 2927 2780 2981; x_wconf 81' lang='lat' dir='ltr'>in</span> <span class='ocrx_word' id='word_1_453' title='bbox 2810 2928 3145 2997; x_wconf 84' lang='lat' dir='ltr'>gehennam</span> <span class='ocrx_word' id='word_1_454' title='bbox 3171 2928 3328 2996; x_wconf 86' lang='lat' dir='ltr'>ignis</span> <span class='ocrx_word' id='word_1_455' title='bbox 3344 2928 3413 2980; x_wconf 75' lang='grc'>⁸³.</span> <span class='ocrx_word' id='word_1_456' title='bbox 3452 2929 3595 2982; x_wconf 82' lang='lat' dir='ltr'>Eum</span> 
     </span>
    </p>
   </div>
   <div class='ocr_carea' id='block_1_64' title="bbox 1944 3014 3593 3088">
    <p class='ocr_par' dir='ltr' id='par_1_64' title="bbox 1944 3014 3593 3088">
     <span class='ocr_line' id='line_1_64' title="bbox 1944 3014 3593 3088; baseline -0.002 -15"><span class='ocrx_word' id='word_1_457' title='bbox 1944 3024 2142 3073; x_wconf 89' lang='lat' dir='ltr'>autem</span> <span class='ocrx_word' id='word_1_458' title='bbox 2173 3018 2275 3088; x_wconf 89' lang='lat' dir='ltr'>qui</span> <span class='ocrx_word' id='word_1_459' title='bbox 2304 3017 2591 3071; x_wconf 90' lang='lat' dir='ltr'>rescissus</span> <span class='ocrx_word' id='word_1_460' title='bbox 2620 3022 2727 3082; x_wconf 90' lang='lat' dir='ltr'>est,</span> <span class='ocrx_word' id='word_1_461' title='bbox 2752 3016 2829 3071; x_wconf 89' lang='lat' dir='ltr'>ab</span> <span class='ocrx_word' id='word_1_462' title='bbox 2856 3015 3042 3071; x_wconf 86' lang='lat' dir='ltr'>altero</span> <span class='ocrx_word' id='word_1_463' title='bbox 3073 3014 3593 3085; x_wconf 90' lang='lat' dir='ltr'>suscipihumani-</span> 
     </span>
    </p>
   </div>
   <div class='ocr_carea' id='block_1_65' title="bbox 237 3096 1834 3184">
    <p class='ocr_par' dir='ltr' id='par_1_65' title="bbox 237 3096 1834 3176">
     <span class='ocr_line' id='line_1_65' title="bbox 237 3096 1834 3176; baseline 0.006 -29"><span class='ocrx_word' id='word_1_464' title='bbox 237 3096 378 3148; x_wconf 83' lang='grc' dir='ltr'><strong>ὅλον</strong></span> <span class='ocrx_word' id='word_1_465' title='bbox 418 3102 485 3151; x_wconf 91' lang='grc' dir='ltr'>τό</span> <span class='ocrx_word' id='word_1_466' title='bbox 529 3104 713 3173; x_wconf 85' lang='grc' dir='ltr'><strong>σῶμά</strong></span> <span class='ocrx_word' id='word_1_467' title='bbox 752 3121 864 3155; x_wconf 90' lang='grc' dir='ltr'>σου</span> <span class='ocrx_word' id='word_1_468' title='bbox 906 3101 1114 3176; x_wconf 78' lang='grc' dir='ltr'><strong>βληθῇ</strong></span> <span class='ocrx_word' id='word_1_469' title='bbox 1158 3104 1248 3165; x_wconf 84' lang='grc' dir='ltr'>εἰς</span> <span class='ocrx_word' id='word_1_470' title='bbox 1281 3109 1392 3162; x_wconf 78' lang='grc' dir='ltr'><strong>τὴν</strong></span> <span class='ocrx_word' id='word_1_471' title='bbox 1431 3107 1687 3175; x_wconf 82' lang='grc' dir='ltr'><strong>γέενναν</strong></span> <span class='ocrx_word' id='word_1_472' title='bbox 1724 3112 1834 3157; x_wconf 88' lang='grc' dir='ltr'><strong>τοῦ</strong></span> 
     </span>
    </p>
   </div>
   <div class='ocr_carea' id='block_1_66' title="bbox 1946 3096 3600 3184">
    <p class='ocr_par' dir='ltr' id='par_1_66' title="bbox 1946 3103 3600 3176">
     <span class='ocr_line' id='line_1_66' title="bbox 1946 3103 3600 3176; baseline -0.002 -14"><span class='ocrx_word' id='word_1_473' title='bbox 1946 3107 2079 3162; x_wconf 88' lang='lat' dir='ltr'>tatis</span> <span class='ocrx_word' id='word_1_474' title='bbox 2105 3105 2315 3176; x_wconf 89' lang='lat' dir='ltr'>gratia,</span> <span class='ocrx_word' id='word_1_475' title='bbox 2349 3120 2465 3159; x_wconf 90' lang='lat' dir='ltr'>non</span> <span class='ocrx_word' id='word_1_476' title='bbox 2500 3115 2585 3159; x_wconf 89' lang='lat' dir='ltr'>est</span> <span class='ocrx_word' id='word_1_477' title='bbox 2618 3110 2832 3174; x_wconf 61' lang='lat' dir='ltr'>praeter</span> <span class='ocrx_word' id='word_1_478' title='bbox 2874 3103 2963 3158; x_wconf 84' lang='lat' dir='ltr'>fas</span> <span class='ocrx_word' id='word_1_479' title='bbox 2995 3108 3050 3159; x_wconf 87' lang='lat' dir='ltr'>et</span> <span class='ocrx_word' id='word_1_480' title='bbox 3096 3103 3442 3175; x_wconf 72' lang='lat' dir='ltr'>aaquum;si</span> <span class='ocrx_word' id='word_1_481' title='bbox 3475 3118 3600 3158; x_wconf 92' lang='lat' dir='ltr'>mo-</span> 
     </span>
    </p>
   </div>
   <div class='ocr_carea' id='block_1_67' title="bbox 240 3188 1832 3268">
    <p class='ocr_par' dir='ltr' id='par_1_67' title="bbox 240 3188 1832 3268">
     <span class='ocr_line' id='line_1_67' title="bbox 240 3188 1832 3268; baseline 0.006 -32"><span class='ocrx_word' id='word_1_482' title='bbox 240 3190 457 3260; x_wconf 87' lang='grc' dir='ltr'><strong>πυρός.</strong></span> <span class='ocrx_word' id='word_1_483' title='bbox 493 3188 610 3242; x_wconf 87' lang='grc' dir='ltr'><strong>Ἐἀν</strong></span> <span class='ocrx_word' id='word_1_484' title='bbox 633 3188 692 3243; x_wconf 70' lang='grc' dir='ltr'>δὲ</span> <span class='ocrx_word' id='word_1_485' title='bbox 724 3190 855 3263; x_wconf 66' lang='grc' dir='ltr'><strong>ἄλλῳ</strong></span> <span class='ocrx_word' id='word_1_486' title='bbox 894 3189 1116 3245; x_wconf 78' lang='grc' dir='ltr'><strong>δυνατὸν</strong></span> <span class='ocrx_word' id='word_1_487' title='bbox 1144 3190 1172 3265; x_wconf 77' lang='grc' dir='ltr'>ᾖ</span> <span class='ocrx_word' id='word_1_488' title='bbox 1206 3196 1293 3246; x_wconf 90' lang='grc' dir='ltr'>τὸν</span> <span class='ocrx_word' id='word_1_489' title='bbox 1324 3193 1604 3246; x_wconf 79' lang='grc' dir='ltr'><strong>ἐκκοπέντα</strong></span> <span class='ocrx_word' id='word_1_490' title='bbox 1634 3199 1832 3268; x_wconf 78' lang='grc' dir='ltr'><strong>προσή-</strong></span> 
     </span>
    </p>
   </div>
   <div class='ocr_carea' id='block_1_68' title="bbox 236 3278 1833 3355">
    <p class='ocr_par' dir='ltr' id='par_1_68' title="bbox 236 3278 1833 3355">
     <span class='ocr_line' id='line_1_68' title="bbox 236 3278 1833 3355; baseline 0.006 -30"><span class='ocrx_word' id='word_1_491' title='bbox 236 3278 433 3328; x_wconf 85' lang='grc' dir='ltr'><strong>κασθαι</strong></span> <span class='ocrx_word' id='word_1_492' title='bbox 460 3281 593 3331; x_wconf 88' lang='grc' dir='ltr'>κατά</span> <span class='ocrx_word' id='word_1_493' title='bbox 621 3278 1008 3354; x_wconf 78' lang='grc' dir='ltr'><strong>φιλανθρωπίας</strong></span> <span class='ocrx_word' id='word_1_494' title='bbox 1031 3286 1242 3355; x_wconf 87' lang='grc' dir='ltr'><strong>τρόπον,</strong></span> <span class='ocrx_word' id='word_1_495' title='bbox 1267 3283 1360 3334; x_wconf 75' lang='grc' dir='ltr'><strong>οὐκ</strong></span> <span class='ocrx_word' id='word_1_496' title='bbox 1382 3282 1476 3345; x_wconf 80' lang='grc' dir='ltr'>ἔξω</span> <span class='ocrx_word' id='word_1_497' title='bbox 1498 3289 1589 3334; x_wconf 86' lang='grc' dir='ltr'><strong>τοῦ</strong></span> <span class='ocrx_word' id='word_1_498' title='bbox 1615 3283 1833 3343; x_wconf 69' lang='grc' dir='ltr'><strong>εἰκότος*</strong></span> 
     </span>
    </p>
   </div>
   <div class='ocr_carea' id='block_1_69' title="bbox 237 3366 1834 3445">
    <p class='ocr_par' dir='ltr' id='par_1_69' title="bbox 237 3366 1834 3445">
     <span class='ocr_line' id='line_1_69' title="bbox 237 3366 1834 3445; baseline 0.006 -31"><span class='ocrx_word' id='word_1_499' title='bbox 237 3366 283 3415; x_wconf 84' lang='grc' dir='ltr'><strong>εἰ</strong></span> <span class='ocrx_word' id='word_1_500' title='bbox 313 3384 371 3435; x_wconf 90' lang='grc' dir='ltr'>γε</span> <span class='ocrx_word' id='word_1_501' title='bbox 421 3367 650 3440; x_wconf 84' lang='grc' dir='ltr'><strong>εὑρεθείη</strong></span> <span class='ocrx_word' id='word_1_502' title='bbox 704 3368 1243 3445; x_wconf 72' lang='grc' dir='ltr'><strong>ἐπιστημονικὼτερος</strong></span> <span class='ocrx_word' id='word_1_503' title='bbox 1276 3371 1548 3444; x_wconf 84' lang='grc' dir='ltr'><strong>ἰατρεύειν,</strong></span> <span class='ocrx_word' id='word_1_504' title='bbox 1606 3371 1734 3423; x_wconf 82' lang='grc' dir='ltr'><strong>ἀλλὰ</strong></span> <span class='ocrx_word' id='word_1_505' title='bbox 1761 3376 1834 3443; x_wconf 79' lang='grc' dir='ltr'><strong>μὴ</strong></span> 
     </span>
    </p>
   </div>
   <div class='ocr_carea' id='block_1_70' title="bbox 233 3450 1838 3535">
    <p class='ocr_par' dir='ltr' id='par_1_70' title="bbox 233 3450 1838 3535">
     <span class='ocr_line' id='line_1_70' title="bbox 233 3450 1838 3535; baseline 0.006 -31"><span class='ocrx_word' id='word_1_506' title='bbox 233 3450 598 3535; x_wconf 76' lang='grc' dir='ltr'><strong>ἀπολλυμένων</strong></span> <span class='ocrx_word' id='word_1_507' title='bbox 650 3464 1168 3532; x_wconf 80' lang='grc' dir='ltr'><strong>συμπεριφερόμενος.</strong></span> <span class='ocrx_word' id='word_1_508' title='bbox 1215 3462 1281 3512; x_wconf 81' lang='grc' dir='ltr'><strong>Οἱ</strong></span> <span class='ocrx_word' id='word_1_509' title='bbox 1337 3457 1397 3512; x_wconf 74' lang='grc' dir='ltr'><strong>δε</strong></span> <span class='ocrx_word' id='word_1_510' title='bbox 1448 3459 1609 3521; x_wconf 82' lang='grc' dir='ltr'><strong>ἄλλως</strong></span> <span class='ocrx_word' id='word_1_511' title='bbox 1655 3465 1838 3532; x_wconf 86' lang='grc' dir='ltr'><strong>κουφό-</strong></span> 
     </span>
    </p>
   </div>
   <div class='ocr_carea' id='block_1_71' title="bbox 231 3542 1842 3625">
    <p class='ocr_par' dir='ltr' id='par_1_71' title="bbox 231 3542 1842 3625">
     <span class='ocr_line' id='line_1_71' title="bbox 231 3542 1842 3625; baseline 0.004 -31"><span class='ocrx_word' id='word_1_512' title='bbox 231 3561 384 3594; x_wconf 84' lang='grc' dir='ltr'><strong>τατοι</strong></span> <span class='ocrx_word' id='word_1_513' title='bbox 439 3542 809 3609; x_wconf 83' lang='grc' dir='ltr'><strong>ἀποπηδῶντες</strong></span> <span class='ocrx_word' id='word_1_514' title='bbox 835 3556 926 3601; x_wconf 81' lang='grc' dir='ltr'><strong>τοῦ</strong></span> <span class='ocrx_word' id='word_1_515' title='bbox 979 3554 1261 3614; x_wconf 72' lang='grc' dir='ltr'><strong>κοινοϐίου,</strong></span> <span class='ocrx_word' id='word_1_516' title='bbox 1295 3546 1648 3625; x_wconf 83' lang='grc' dir='ltr'><strong>ἀπρόσδεκτοι</strong></span> <span class='ocrx_word' id='word_1_517' title='bbox 1676 3552 1842 3601; x_wconf 82' lang='grc' dir='ltr'><strong>ἔστω-</strong></span> 
     </span>
    </p>
   </div>
   <div class='ocr_carea' id='block_1_72' title="bbox 233 3634 1835 3711">
    <p class='ocr_par' dir='ltr' id='par_1_72' title="bbox 233 3634 1835 3711">
     <span class='ocr_line' id='line_1_72' title="bbox 233 3634 1835 3711; baseline 0.005 -28"><span class='ocrx_word' id='word_1_518' title='bbox 233 3649 337 3683; x_wconf 85' lang='grc' dir='ltr'>σαν</span> <span class='ocrx_word' id='word_1_519' title='bbox 384 3640 500 3695; x_wconf 89' lang='grc' dir='ltr'><strong>ταῖς</strong></span> <span class='ocrx_word' id='word_1_520' title='bbox 546 3634 723 3696; x_wconf 82' lang='grc' dir='ltr'><strong>ἄλλαις</strong></span> <span class='ocrx_word' id='word_1_521' title='bbox 779 3634 1132 3709; x_wconf 75' lang='grc' dir='ltr'><strong>ἀδελφότησιν</strong></span> <span class='ocrx_word' id='word_1_522' title='bbox 1167 3656 1179 3667; x_wconf 84' lang='lat'>&#39;</span> <span class='ocrx_word' id='word_1_523' title='bbox 1237 3639 1320 3690; x_wconf 77' lang='grc' dir='ltr'><strong>ἵνα</strong></span> <span class='ocrx_word' id='word_1_524' title='bbox 1377 3643 1746 3711; x_wconf 84' lang='grc' dir='ltr'><strong>συνασπισμὸς</strong></span> 
     </span>
    </p>
   </div>
   <div class='ocr_carea' id='block_1_73' title="bbox 226 3724 1840 3797">
    <p class='ocr_par' dir='ltr' id='par_1_73' title="bbox 226 3724 1840 3797">
     <span class='ocr_line' id='line_1_73' title="bbox 226 3724 1840 3797; baseline 0.005 -26"><span class='ocrx_word' id='word_1_525' title='bbox 226 3724 327 3771; x_wconf 84' lang='grc' dir='ltr'>καὶ</span> <span class='ocrx_word' id='word_1_526' title='bbox 358 3727 632 3793; x_wconf 76' lang='grc' dir='ltr'><strong>συμφωνία</strong></span> <span class='ocrx_word' id='word_1_527' title='bbox 671 3727 806 3776; x_wconf 87' lang='grc' dir='ltr'>κατά</span> <span class='ocrx_word' id='word_1_528' title='bbox 854 3727 1023 3777; x_wconf 85' lang='grc' dir='ltr'><strong>πάντα</strong></span> <span class='ocrx_word' id='word_1_529' title='bbox 1058 3732 1168 3787; x_wconf 90' lang='grc' dir='ltr'><strong>τοῖς</strong></span> <span class='ocrx_word' id='word_1_530' title='bbox 1198 3732 1332 3778; x_wconf 85' lang='grc' dir='ltr'><strong>πᾶσι</strong></span> <span class='ocrx_word' id='word_1_531' title='bbox 1365 3744 1377 3755; x_wconf 94' lang='grc'><strong>·</strong></span> <span class='ocrx_word' id='word_1_532' title='bbox 1408 3732 1497 3778; x_wconf 82' lang='grc' dir='ltr'>καὶ</span> <span class='ocrx_word' id='word_1_533' title='bbox 1528 3730 1599 3797; x_wconf 82' lang='grc' dir='ltr'><strong>μὴ</strong></span> <span class='ocrx_word' id='word_1_534' title='bbox 1637 3726 1723 3778; x_wconf 82' lang='grc' dir='ltr'><strong>ὑπ’</strong></span> <span class='ocrx_word' id='word_1_535' title='bbox 1755 3725 1840 3779; x_wconf 87' lang='grc' dir='ltr'>ἀλ-</span> 
     </span>
    </p>
   </div>
   <div class='ocr_carea' id='block_1_74' title="bbox 224 3807 1838 3887">
    <p class='ocr_par' dir='ltr' id='par_1_74' title="bbox 224 3807 1838 3887">
     <span class='ocr_line' id='line_1_74' title="bbox 224 3807 1838 3887; baseline 0.006 -29"><span class='ocrx_word' id='word_1_536' title='bbox 224 3807 400 3866; x_wconf 82' lang='grc' dir='ltr'><strong>λήλων</strong></span> <span class='ocrx_word' id='word_1_537' title='bbox 438 3813 505 3862; x_wconf 88' lang='grc' dir='ltr'>τά</span> <span class='ocrx_word' id='word_1_538' title='bbox 560 3810 790 3870; x_wconf 77' lang='grc' dir='ltr'><strong>ἀλλήλων</strong></span> <span class='ocrx_word' id='word_1_539' title='bbox 821 3813 1165 3876; x_wconf 89' lang='grc' dir='ltr'><strong>καταλύοντες</strong></span> <span class='ocrx_word' id='word_1_540' title='bbox 1213 3812 1608 3887; x_wconf 82' lang='grc' dir='ltr'><strong>σπουδάσματα</strong></span> <span class='ocrx_word' id='word_1_541' title='bbox 1638 3830 1652 3846; x_wconf 88' lang='grc'><strong><em>⁸</em></strong></span> <span class='ocrx_word' id='word_1_542' title='bbox 1687 3815 1740 3879; x_wconf 80' lang='grc' dir='ltr'><strong>ἐξ</strong></span> <span class='ocrx_word' id='word_1_543' title='bbox 1769 3817 1838 3868; x_wconf 85' lang='grc' dir='ltr'><strong>ὧν</strong></span> 
     </span>
    </p>
   </div>
   <div class='ocr_carea' id='block_1_75' title="bbox 225 3900 1843 3978">
    <p class='ocr_par' dir='ltr' id='par_1_75' title="bbox 225 3900 1843 3978">
     <span class='ocr_line' id='line_1_75' title="bbox 225 3900 1843 3978; baseline 0.005 -29"><span class='ocrx_word' id='word_1_544' title='bbox 225 3901 292 3950; x_wconf 83' lang='grc' dir='ltr'>ού</span> <span class='ocrx_word' id='word_1_545' title='bbox 327 3900 515 3971; x_wconf 74' lang='grc' dir='ltr'><strong>κεφαλὴ</strong></span> <span class='ocrx_word' id='word_1_546' title='bbox 550 3902 575 3951; x_wconf 92' lang='lat'>6</span> <span class='ocrx_word' id='word_1_547' title='bbox 620 3905 873 3975; x_wconf 83' lang='grc' dir='ltr'><strong>Χριστός,</strong></span> <span class='ocrx_word' id='word_1_548' title='bbox 906 3905 931 3955; x_wconf 91' lang='grc' dir='ltr'>ό</span> <span class='ocrx_word' id='word_1_549' title='bbox 961 3912 1021 3976; x_wconf 74' lang='grc' dir='ltr'><strong>τῇ</strong></span> <span class='ocrx_word' id='word_1_550' title='bbox 1074 3904 1250 3978; x_wconf 78' lang='grc' dir='ltr'><strong>εἰρήνῃ</strong></span> <span class='ocrx_word' id='word_1_551' title='bbox 1288 3902 1517 3957; x_wconf 83' lang='grc' dir='ltr'><strong>συνδέων</strong></span> <span class='ocrx_word' id='word_1_552' title='bbox 1542 3908 1609 3957; x_wconf 81' lang='grc' dir='ltr'><strong>τὰ</strong></span> <span class='ocrx_word' id='word_1_553' title='bbox 1644 3907 1843 3971; x_wconf 77' lang='grc' dir='ltr'><strong>πάντα,</strong></span> 
     </span>
    </p>
   </div>
   <div class='ocr_carea' id='block_1_76' title="bbox 226 3986 1837 4066">
    <p class='ocr_par' dir='ltr' id='par_1_76' title="bbox 226 3986 1837 4066">
     <span class='ocr_line' id='line_1_76' title="bbox 226 3986 1837 4066; baseline 0.006 -28"><span class='ocrx_word' id='word_1_554' title='bbox 226 3986 368 4039; x_wconf 85' lang='grc' dir='ltr'>ἀλλά</span> <span class='ocrx_word' id='word_1_555' title='bbox 416 4006 530 4052; x_wconf 89' lang='grc' dir='ltr'><strong>τις;</strong></span> <span class='ocrx_word' id='word_1_556' title='bbox 588 3989 898 4044; x_wconf 88' lang='grc' dir='ltr'><strong>ἀπευκταῖον</strong></span> <span class='ocrx_word' id='word_1_557' title='bbox 940 3997 1029 4045; x_wconf 80' lang='grc' dir='ltr'><strong>καὶ</strong></span> <span class='ocrx_word' id='word_1_558' title='bbox 1095 3993 1277 4065; x_wconf 79' lang='grc' dir='ltr'><strong>λέγειν.</strong></span> <span class='ocrx_word' id='word_1_559' title='bbox 1337 3994 1522 4045; x_wconf 87' lang='grc' dir='ltr'><strong>Δοῦλον</strong></span> <span class='ocrx_word' id='word_1_560' title='bbox 1580 3992 1638 4047; x_wconf 65' lang='grc' dir='ltr'>δὲ</span> <span class='ocrx_word' id='word_1_561' title='bbox 1697 3997 1837 4066; x_wconf 84' lang='grc' dir='ltr'><strong>ἔχειν</strong></span> 
     </span>
    </p>
   </div>
   <div class='ocr_carea' id='block_1_77' title="bbox 226 4078 1835 4153">
    <p class='ocr_par' dir='ltr' id='par_1_77' title="bbox 226 4078 1835 4153">
     <span class='ocr_line' id='line_1_77' title="bbox 226 4078 1835 4153; baseline 0.006 -27"><span class='ocrx_word' id='word_1_562' title='bbox 226 4080 474 4149; x_wconf 86' lang='grc' dir='ltr'><strong>μοναχὸν</strong></span> <span class='ocrx_word' id='word_1_563' title='bbox 517 4078 589 4140; x_wconf 83' lang='grc' dir='ltr'>εἰς</span> <span class='ocrx_word' id='word_1_564' title='bbox 641 4086 1015 4153; x_wconf 77' lang='grc' dir='ltr'><strong>μοναστὴριον,</strong></span> <span class='ocrx_word' id='word_1_565' title='bbox 1058 4089 1307 4134; x_wconf 82' lang='grc' dir='ltr'><strong>τοσοῦτον</strong></span> <span class='ocrx_word' id='word_1_566' title='bbox 1359 4082 1493 4145; x_wconf 84' lang='grc' dir='ltr'><strong>ξένον</strong></span> <span class='ocrx_word' id='word_1_567' title='bbox 1520 4086 1589 4145; x_wconf 85' lang='grc' dir='ltr'><strong>ὡς</strong></span> <span class='ocrx_word' id='word_1_568' title='bbox 1629 4089 1719 4135; x_wconf 84' lang='grc' dir='ltr'>καὶ</span> <span class='ocrx_word' id='word_1_569' title='bbox 1777 4088 1835 4136; x_wconf 92' lang='grc' dir='ltr'>τὸ</span> 
     </span>
    </p>
   </div>
   <div class='ocr_carea' id='block_1_78' title="bbox 227 4169 1837 4247">
    <p class='ocr_par' dir='ltr' id='par_1_78' title="bbox 227 4169 1837 4247">
     <span class='ocr_line' id='line_1_78' title="bbox 227 4169 1837 4247; baseline 0.004 -28"><span class='ocrx_word' id='word_1_570' title='bbox 227 4169 381 4238; x_wconf 79' lang='grc' dir='ltr'><strong>ἔχειν</strong></span> <span class='ocrx_word' id='word_1_571' title='bbox 419 4176 646 4237; x_wconf 88' lang='grc' dir='ltr'><strong>γυναῖκα</strong></span> <span class='ocrx_word' id='word_1_572' title='bbox 684 4187 696 4200; x_wconf 87' lang='grc'><strong>·</strong></span> <span class='ocrx_word' id='word_1_573' title='bbox 752 4169 1018 4246; x_wconf 83' lang='grc' dir='ltr'><strong>ἀμφότερα</strong></span> <span class='ocrx_word' id='word_1_574' title='bbox 1069 4174 1172 4243; x_wconf 83' lang='grc' dir='ltr'><strong>γὰρ</strong></span> <span class='ocrx_word' id='word_1_575' title='bbox 1223 4180 1320 4233; x_wconf 84' lang='grc' dir='ltr'><strong>τῆς</strong></span> <span class='ocrx_word' id='word_1_576' title='bbox 1373 4182 1641 4245; x_wconf 82' lang='grc' dir='ltr'><strong>παρακοῆς</strong></span> <span class='ocrx_word' id='word_1_577' title='bbox 1694 4175 1837 4247; x_wconf 88' lang='grc' dir='ltr'><strong>εύρέ-</strong></span> 
     </span>
    </p>
   </div>
   <div class='ocr_carea' id='block_1_79' title="bbox 225 4256 1831 4335">
    <p class='ocr_par' dir='ltr' id='par_1_79' title="bbox 225 4256 1831 4335">
     <span class='ocr_line' id='line_1_79' title="bbox 225 4256 1831 4335; baseline 0.005 -29"><span class='ocrx_word' id='word_1_578' title='bbox 225 4274 380 4327; x_wconf 86' lang='grc' dir='ltr'><strong>ματα</strong></span> <span class='ocrx_word' id='word_1_579' title='bbox 409 4273 419 4284; x_wconf 90' lang='grc'><strong>·</strong></span> <span class='ocrx_word' id='word_1_580' title='bbox 453 4262 542 4309; x_wconf 78' lang='grc' dir='ltr'>καὶ</span> <span class='ocrx_word' id='word_1_581' title='bbox 587 4264 696 4319; x_wconf 90' lang='grc' dir='ltr'><strong>τοῖς</strong></span> <span class='ocrx_word' id='word_1_582' title='bbox 726 4258 796 4320; x_wconf 89' lang='grc' dir='ltr'>εἰς</span> <span class='ocrx_word' id='word_1_583' title='bbox 833 4263 889 4311; x_wconf 91' lang='grc' dir='ltr'>τὸ</span> <span class='ocrx_word' id='word_1_584' title='bbox 928 4261 1041 4312; x_wconf 87' lang='grc' dir='ltr'><strong>κατ’</strong></span> <span class='ocrx_word' id='word_1_585' title='bbox 1074 4259 1247 4331; x_wconf 79' lang='grc' dir='ltr'><strong>ἀρχὰς</strong></span> <span class='ocrx_word' id='word_1_586' title='bbox 1289 4256 1607 4335; x_wconf 78' lang='grc' dir='ltr'><strong>ἀναδραμεῖν</strong></span> <span class='ocrx_word' id='word_1_587' title='bbox 1634 4260 1831 4333; x_wconf 78' lang='grc' dir='ltr'><strong>ἐφιεμέ-</strong></span> 
     </span>
    </p>
   </div>
   <div class='ocr_carea' id='block_1_80' title="bbox 224 4340 1835 4421">
    <p class='ocr_par' dir='ltr' id='par_1_80' title="bbox 224 4340 1835 4421">
     <span class='ocr_line' id='line_1_80' title="bbox 224 4340 1835 4421; baseline 0.003 -24"><span class='ocrx_word' id='word_1_588' title='bbox 224 4364 347 4406; x_wconf 86' lang='grc' dir='ltr'><strong>νοις</strong></span> <span class='ocrx_word' id='word_1_589' title='bbox 378 4340 471 4396; x_wconf 78' lang='grc' dir='ltr'><strong>διά</strong></span> <span class='ocrx_word' id='word_1_590' title='bbox 521 4353 614 4407; x_wconf 81' lang='grc' dir='ltr'><strong>τῆς</strong></span> <span class='ocrx_word' id='word_1_591' title='bbox 663 4344 953 4419; x_wconf 82' lang='grc' dir='ltr'><strong>μοναδικῆς</strong></span> <span class='ocrx_word' id='word_1_592' title='bbox 1001 4348 1279 4414; x_wconf 89' lang='grc' dir='ltr'><strong>πολιτείας,</strong></span> <span class='ocrx_word' id='word_1_593' title='bbox 1311 4354 1401 4401; x_wconf 80' lang='grc' dir='ltr'><strong>καὶ</strong></span> <span class='ocrx_word' id='word_1_594' title='bbox 1446 4354 1540 4407; x_wconf 76' lang='grc' dir='ltr'><strong>τὴν</strong></span> <span class='ocrx_word' id='word_1_595' title='bbox 1595 4349 1835 4421; x_wconf 79' lang='grc' dir='ltr'><strong>ἀπήμονα</strong></span> 
     </span>
    </p>
   </div>
   <div class='ocr_carea' id='block_1_81' title="bbox 223 4431 1834 4509">
    <p class='ocr_par' dir='ltr' id='par_1_81' title="bbox 223 4431 1834 4509">
     <span class='ocr_line' id='line_1_81' title="bbox 223 4431 1834 4509; baseline 0.002 -22"><span class='ocrx_word' id='word_1_596' title='bbox 223 4440 328 4487; x_wconf 83' lang='grc' dir='ltr'>τοῦ</span> <span class='ocrx_word' id='word_1_597' title='bbox 398 4431 724 4507; x_wconf 80' lang='grc' dir='ltr'><strong>παραδείσου</strong></span> <span class='ocrx_word' id='word_1_598' title='bbox 785 4437 923 4497; x_wconf 82' lang='grc' dir='ltr'><strong>ζωὴν</strong></span> <span class='ocrx_word' id='word_1_599' title='bbox 970 4440 1249 4509; x_wconf 89' lang='grc' dir='ltr'><strong>μιμεῖσθαι</strong></span> <span class='ocrx_word' id='word_1_600' title='bbox 1309 4438 1647 4505; x_wconf 77' lang='grc' dir='ltr'><strong>ἑζηλωκόσιν,</strong></span> <span class='ocrx_word' id='word_1_601' title='bbox 1708 4437 1834 4491; x_wconf 84' lang='grc' dir='ltr'><strong>ἀπό-</strong></span> 
     </span>
    </p>
   </div>
   <div class='ocr_carea' id='block_1_82' title="bbox 226 4521 1834 4599">
    <p class='ocr_par' dir='ltr' id='par_1_82' title="bbox 226 4521 1834 4599">
     <span class='ocr_line' id='line_1_82' title="bbox 226 4521 1834 4599; baseline 0.004 -26"><span class='ocrx_word' id='word_1_602' title='bbox 226 4521 405 4579; x_wconf 64' lang='grc' dir='ltr'><strong>ϐλητα</strong></span> <span class='ocrx_word' id='word_1_603' title='bbox 454 4525 518 4574; x_wconf 84' lang='grc' dir='ltr'>τὰ</span> <span class='ocrx_word' id='word_1_604' title='bbox 571 4530 934 4599; x_wconf 81' lang='grc' dir='ltr'><strong>προειρημένα.</strong></span> <span class='ocrx_word' id='word_1_605' title='bbox 988 4533 1166 4579; x_wconf 86' lang='grc' dir='ltr'><strong>Ταῦτα</strong></span> <span class='ocrx_word' id='word_1_606' title='bbox 1219 4526 1315 4579; x_wconf 84' lang='grc' dir='ltr'>ούκ</span> <span class='ocrx_word' id='word_1_607' title='bbox 1367 4528 1585 4592; x_wconf 79' lang='grc' dir='ltr'><strong>οἴκοθεν,</strong></span> <span class='ocrx_word' id='word_1_608' title='bbox 1645 4526 1751 4579; x_wconf 88' lang='grc' dir='ltr'><strong>ἀλλ’</strong></span> <span class='ocrx_word' id='word_1_609' title='bbox 1780 4528 1834 4591; x_wconf 75' lang='grc' dir='ltr'><strong><em>ἓξ</em></strong></span> 
     </span>
    </p>
   </div>
   <div class='ocr_carea' id='block_1_83' title="bbox 228 4609 1831 4688">
    <p class='ocr_par' dir='ltr' id='par_1_83' title="bbox 228 4609 1831 4688">
     <span class='ocr_line' id='line_1_83' title="bbox 228 4609 1831 4688; baseline 0.004 -26"><span class='ocrx_word' id='word_1_610' title='bbox 228 4609 302 4663; x_wconf 81' lang='grc' dir='ltr'><strong>ὧν</strong></span> <span class='ocrx_word' id='word_1_611' title='bbox 363 4613 412 4663; x_wconf 87' lang='grc' dir='ltr'>οἰ</span> <span class='ocrx_word' id='word_1_612' title='bbox 469 4614 703 4685; x_wconf 84' lang='grc' dir='ltr'><strong>θεοφόροι</strong></span> <span class='ocrx_word' id='word_1_613' title='bbox 766 4618 986 4687; x_wconf 78' lang='grc' dir='ltr'><strong>Πατέρες</strong></span> <span class='ocrx_word' id='word_1_614' title='bbox 1064 4617 1382 4687; x_wconf 81' lang='grc' dir='ltr'><strong>φθέγγοντες,</strong></span> <span class='ocrx_word' id='word_1_615' title='bbox 1464 4616 1831 4688; x_wconf 87' lang='grc' dir='ltr'><strong>συνειληχότες</strong></span> 
     </span>
    </p>
   </div>
   <div class='ocr_carea' id='block_1_84' title="bbox 227 4701 1833 4777">
    <p class='ocr_par' dir='ltr' id='par_1_84' title="bbox 227 4701 1833 4777">
     <span class='ocr_line' id='line_1_84' title="bbox 227 4701 1833 4777; baseline 0.004 -25"><span class='ocrx_word' id='word_1_616' title='bbox 227 4701 633 4771; x_wconf 85' lang='grc' dir='ltr'><strong>ύπομνηστικῶς</strong></span> <span class='ocrx_word' id='word_1_617' title='bbox 673 4702 1026 4774; x_wconf 69' lang='grc' dir='ltr'><strong>ἐφθεγξάμεθα</strong></span> <span class='ocrx_word' id='word_1_618' title='bbox 1067 4721 1079 4734; x_wconf 89' lang='grc'><strong>·</strong></span> <span class='ocrx_word' id='word_1_619' title='bbox 1158 4704 1453 4776; x_wconf 85' lang='grc' dir='ltr'><strong>αἰτούμενοι</strong></span> <span class='ocrx_word' id='word_1_620' title='bbox 1512 4706 1647 4777; x_wconf 79' lang='grc' dir='ltr'><strong>ὑμᾶς</strong></span> <span class='ocrx_word' id='word_1_621' title='bbox 1712 4710 1833 4768; x_wconf 84' lang='grc' dir='ltr'><strong>τοὺς</strong></span> 
     </span>
    </p>
   </div>
   <div class='ocr_carea' id='block_1_85' title="bbox 229 4793 1833 4867">
    <p class='ocr_par' dir='ltr' id='par_1_85' title="bbox 229 4793 1833 4867">
     <span class='ocr_line' id='line_1_85' title="bbox 229 4793 1833 4867; baseline 0.003 -25"><span class='ocrx_word' id='word_1_622' title='bbox 229 4793 505 4863; x_wconf 74' lang='grc' dir='ltr'><strong>πανιίρους</strong></span> <span class='ocrx_word' id='word_1_623' title='bbox 570 4793 961 4863; x_wconf 86' lang='grc' dir='ltr'><strong>προσεύχεσθαι</strong></span> <span class='ocrx_word' id='word_1_624' title='bbox 1012 4797 1083 4863; x_wconf 80' lang='grc' dir='ltr'><strong>μὴ</strong></span> <span class='ocrx_word' id='word_1_625' title='bbox 1152 4798 1305 4865; x_wconf 87' lang='grc' dir='ltr'><strong>μόνον</strong></span> <span class='ocrx_word' id='word_1_626' title='bbox 1361 4793 1524 4865; x_wconf 80' lang='grc' dir='ltr'><strong>λέγειν</strong></span> <span class='ocrx_word' id='word_1_627' title='bbox 1573 4795 1709 4867; x_wconf 77' lang='grc' dir='ltr'><strong>ἡμᾶς</strong></span> <span class='ocrx_word' id='word_1_628' title='bbox 1764 4799 1833 4847; x_wconf 83' lang='grc' dir='ltr'><strong>τὰ</strong></span> 
     </span>
    </p>
   </div>
   <div class='ocr_carea' id='block_1_86' title="bbox 227 4876 1245 4956">
    <p class='ocr_par' dir='ltr' id='par_1_86' title="bbox 227 4876 1245 4956">
     <span class='ocr_line' id='line_1_86' title="bbox 227 4876 1245 4956; baseline 0.007 -28"><span class='ocrx_word' id='word_1_629' title='bbox 227 4877 388 4946; x_wconf 84' lang='grc' dir='ltr'><strong>καλὰ,</strong></span> <span class='ocrx_word' id='word_1_630' title='bbox 422 4876 551 4931; x_wconf 83' lang='grc' dir='ltr'><strong>ἀλλὰ</strong></span> <span class='ocrx_word' id='word_1_631' title='bbox 578 4883 665 4931; x_wconf 81' lang='grc' dir='ltr'>καὶ</span> <span class='ocrx_word' id='word_1_632' title='bbox 691 4881 937 4954; x_wconf 86' lang='grc' dir='ltr'><strong>πράττειν</strong></span> <span class='ocrx_word' id='word_1_633' title='bbox 966 4883 1015 4933; x_wconf 76' lang='grc' dir='ltr'><strong>ἓν</strong></span> <span class='ocrx_word' id='word_1_634' title='bbox 1048 4886 1245 4956; x_wconf 84' lang='grc' dir='ltr'><strong>Κυρίῳ.</strong></span> 
     </span>
    </p>
   </div>
   <div class='ocr_carea' id='block_1_87' title="bbox 416 5002 1648 5080">
    <p class='ocr_par' dir='ltr' id='par_1_87' title="bbox 416 5002 1648 5080">
     <span class='ocr_line' id='line_1_87' title="bbox 416 5002 1648 5080; baseline 0.006 -24"><span class='ocrx_word' id='word_1_635' title='bbox 416 5002 547 5057; x_wconf 81' lang='grc' dir='ltr'>ΡΞΕ¹</span> <span class='ocrx_word' id='word_1_636' title='bbox 574 5004 704 5076; x_wconf 78' lang='grc'>(57).</span> <span class='ocrx_word' id='word_1_637' title='bbox 762 5034 827 5049; x_wconf 87' lang='lat'>—-</span> <span class='ocrx_word' id='word_1_638' title='bbox 858 5010 1189 5079; x_wconf 84' lang='grc' dir='ltr'><strong>Γρηγορίῳ</strong></span> <span class='ocrx_word' id='word_1_639' title='bbox 1226 5005 1648 5080; x_wconf 78' lang='grc' dir='ltr'><strong>τέκνῳ.</strong></span> 
     </span>
    </p>
   </div>
   <div class='ocr_carea' id='block_1_88' title="bbox 1945 3193 3594 3265">
    <p class='ocr_par' dir='ltr' id='par_1_88' title="bbox 1945 3193 3594 3265">
     <span class='ocr_line' id='line_1_88' title="bbox 1945 3193 3594 3265; baseline -0.002 -15"><span class='ocrx_word' id='word_1_640' title='bbox 1945 3196 2091 3250; x_wconf 91' lang='lat' dir='ltr'>dum</span> <span class='ocrx_word' id='word_1_641' title='bbox 2135 3194 2376 3265; x_wconf 88' lang='lat' dir='ltr'>peritior</span> <span class='ocrx_word' id='word_1_642' title='bbox 2408 3193 2676 3248; x_wconf 90' lang='lat' dir='ltr'>medicus</span> <span class='ocrx_word' id='word_1_643' title='bbox 2707 3193 3045 3248; x_wconf 88' lang='lat' dir='ltr'>inveniatur</span> <span class='ocrx_word' id='word_1_644' title='bbox 3077 3193 3180 3263; x_wconf 93' lang='lat' dir='ltr'>qui</span> <span class='ocrx_word' id='word_1_645' title='bbox 3229 3208 3368 3247; x_wconf 92' lang='lat' dir='ltr'>eum</span> <span class='ocrx_word' id='word_1_646' title='bbox 3402 3197 3594 3255; x_wconf 88' lang='lat' dir='ltr'>sanet,</span> 
     </span>
    </p>
   </div>
   <div class='ocr_carea' id='block_1_89' title="bbox 1948 3281 3593 3353">
    <p class='ocr_par' dir='ltr' id='par_1_89' title="bbox 1948 3281 3593 3353">
     <span class='ocr_line' id='line_1_89' title="bbox 1948 3281 3593 3353; baseline -0.002 -14"><span class='ocrx_word' id='word_1_647' title='bbox 1948 3299 2055 3339; x_wconf 89' lang='lat' dir='ltr'>nec</span> <span class='ocrx_word' id='word_1_648' title='bbox 2085 3300 2121 3338; x_wconf 92' lang='lat' dir='ltr'>a</span> <span class='ocrx_word' id='word_1_649' title='bbox 2151 3282 2541 3353; x_wconf 89' lang='lat' dir='ltr'>pereuntibus</span> <span class='ocrx_word' id='word_1_650' title='bbox 2567 3281 2745 3336; x_wconf 91' lang='lat' dir='ltr'>simul</span> <span class='ocrx_word' id='word_1_651' title='bbox 2774 3281 3126 3343; x_wconf 88' lang='lat' dir='ltr'>abducatur,</span> <span class='ocrx_word' id='word_1_652' title='bbox 3164 3281 3452 3335; x_wconf 82' lang='lat' dir='ltr'>Caeterum</span> <span class='ocrx_word' id='word_1_653' title='bbox 3487 3281 3593 3352; x_wconf 91' lang='lat' dir='ltr'>qui</span> 
     </span>
    </p>
   </div>
   <div class='ocr_carea' id='block_1_90' title="bbox 1948 3370 3600 3444">
    <p class='ocr_par' dir='ltr' id='par_1_90' title="bbox 1948 3370 3600 3444">
     <span class='ocr_line' id='line_1_90' title="bbox 1948 3370 3600 3444; baseline -0.001 -17"><span class='ocrx_word' id='word_1_654' title='bbox 1948 3389 2052 3444; x_wconf 88' lang='lat' dir='ltr'>per</span> <span class='ocrx_word' id='word_1_655' title='bbox 2097 3372 2397 3427; x_wconf 90' lang='lat' dir='ltr'>levitatem</span> <span class='ocrx_word' id='word_1_656' title='bbox 2447 3377 2503 3426; x_wconf 89' lang='lat' dir='ltr'>et</span> <span class='ocrx_word' id='word_1_657' title='bbox 2554 3371 2829 3426; x_wconf 79' lang='lat' dir='ltr'>ccenobio</span> <span class='ocrx_word' id='word_1_658' title='bbox 2861 3370 3148 3432; x_wconf 88' lang='lat' dir='ltr'>resiliunt,</span> <span class='ocrx_word' id='word_1_659' title='bbox 3182 3370 3260 3425; x_wconf 92' lang='lat' dir='ltr'>ab</span> <span class='ocrx_word' id='word_1_660' title='bbox 3306 3370 3438 3424; x_wconf 87' lang='lat' dir='ltr'>aliis</span> <span class='ocrx_word' id='word_1_661' title='bbox 3485 3370 3600 3425; x_wconf 83' lang='lat' dir='ltr'>fra-</span> 
     </span>
    </p>
   </div>
   <div class='ocr_carea' id='block_1_91' title="bbox 1949 3459 3600 3530">
    <p class='ocr_par' dir='ltr' id='par_1_91' title="bbox 1949 3459 3600 3530">
     <span class='ocr_line' id='line_1_91' title="bbox 1949 3459 3600 3530; baseline -0.001 -14"><span class='ocrx_word' id='word_1_662' title='bbox 1949 3462 2319 3517; x_wconf 87' lang='lat' dir='ltr'>ternitatibus</span> <span class='ocrx_word' id='word_1_663' title='bbox 2346 3459 2509 3515; x_wconf 89' lang='lat' dir='ltr'>nullo</span> <span class='ocrx_word' id='word_1_664' title='bbox 2541 3467 2723 3515; x_wconf 87' lang='lat' dir='ltr'>modo</span> <span class='ocrx_word' id='word_1_665' title='bbox 2756 3460 3118 3530; x_wconf 87' lang='lat' dir='ltr'>recipiantur</span> <span class='ocrx_word' id='word_1_666' title='bbox 3147 3476 3159 3513; x_wconf 91' lang='lat'>:</span> <span class='ocrx_word' id='word_1_667' title='bbox 3194 3466 3258 3513; x_wconf 90' lang='lat' dir='ltr'>ut</span> <span class='ocrx_word' id='word_1_668' title='bbox 3282 3464 3492 3514; x_wconf 91' lang='lat' dir='ltr'>mutua</span> <span class='ocrx_word' id='word_1_669' title='bbox 3524 3459 3600 3514; x_wconf 92' lang='lat' dir='ltr'>sit</span> 
     </span>
    </p>
   </div>
   <div class='ocr_carea' id='block_1_92' title="bbox 1948 3547 3599 3618">
    <p class='ocr_par' dir='ltr' id='par_1_92' title="bbox 1948 3547 3599 3618">
     <span class='ocr_line' id='line_1_92' title="bbox 1948 3547 3599 3618; baseline -0.001 -13"><span class='ocrx_word' id='word_1_670' title='bbox 1948 3549 2186 3605; x_wconf 86' lang='lat' dir='ltr'>dilectio</span> <span class='ocrx_word' id='word_1_671' title='bbox 2217 3555 2273 3605; x_wconf 92' lang='lat' dir='ltr'>et</span> <span class='ocrx_word' id='word_1_672' title='bbox 2319 3549 2636 3604; x_wconf 88' lang='lat' dir='ltr'>concordia</span> <span class='ocrx_word' id='word_1_673' title='bbox 2666 3548 2942 3603; x_wconf 92' lang='lat' dir='ltr'>omnium</span> <span class='ocrx_word' id='word_1_674' title='bbox 2981 3547 3037 3602; x_wconf 91' lang='lat' dir='ltr'>in</span> <span class='ocrx_word' id='word_1_675' title='bbox 3071 3547 3382 3618; x_wconf 80' lang='lat' dir='ltr'>omnibus;</span> <span class='ocrx_word' id='word_1_676' title='bbox 3419 3553 3478 3602; x_wconf 92' lang='lat' dir='ltr'>et</span> <span class='ocrx_word' id='word_1_677' title='bbox 3523 3562 3599 3604; x_wconf 84' lang='lat' dir='ltr'>ne</span> 
     </span>
    </p>
   </div>
   <div class='ocr_carea' id='block_1_93' title="bbox 1950 3636 3595 3708">
    <p class='ocr_par' dir='ltr' id='par_1_93' title="bbox 1950 3636 3595 3708">
     <span class='ocr_line' id='line_1_93' title="bbox 1950 3636 3595 3708; baseline -0.002 -15"><span class='ocrx_word' id='word_1_678' title='bbox 1950 3638 2048 3693; x_wconf 88' lang='lat' dir='ltr'>alii</span> <span class='ocrx_word' id='word_1_679' title='bbox 2080 3638 2329 3694; x_wconf 91' lang='lat' dir='ltr'>aliorum</span> <span class='ocrx_word' id='word_1_680' title='bbox 2357 3638 2612 3692; x_wconf 89' lang='lat' dir='ltr'>invicem</span> <span class='ocrx_word' id='word_1_681' title='bbox 2645 3637 2746 3708; x_wconf 90' lang='lat' dir='ltr'>pia</span> <span class='ocrx_word' id='word_1_682' title='bbox 2775 3636 2973 3692; x_wconf 90' lang='lat' dir='ltr'>studia</span> <span class='ocrx_word' id='word_1_683' title='bbox 2993 3636 3334 3701; x_wconf 90' lang='lat' dir='ltr'>destruant;</span> <span class='ocrx_word' id='word_1_684' title='bbox 3368 3651 3440 3691; x_wconf 83' lang='lat' dir='ltr'>ex</span> <span class='ocrx_word' id='word_1_685' title='bbox 3465 3636 3595 3708; x_wconf 89' lang='lat' dir='ltr'>qui-</span> 
     </span>
    </p>
   </div>
   <div class='ocr_carea' id='block_1_94' title="bbox 1948 3724 3593 3797">
    <p class='ocr_par' dir='ltr' id='par_1_94' title="bbox 1948 3724 3593 3797">
     <span class='ocr_line' id='line_1_94' title="bbox 1948 3724 3593 3797; baseline -0.001 -14"><span class='ocrx_word' id='word_1_686' title='bbox 1948 3727 2062 3783; x_wconf 90' lang='lat' dir='ltr'>bus</span> <span class='ocrx_word' id='word_1_687' title='bbox 2088 3728 2171 3792; x_wconf 85' lang='lat' dir='ltr'>ﬁt,</span> <span class='ocrx_word' id='word_1_688' title='bbox 2219 3733 2280 3781; x_wconf 94' lang='lat' dir='ltr'>ut</span> <span class='ocrx_word' id='word_1_689' title='bbox 2309 3732 2490 3797; x_wconf 89' lang='lat' dir='ltr'>caput</span> <span class='ocrx_word' id='word_1_690' title='bbox 2513 3742 2635 3781; x_wconf 92' lang='lat' dir='ltr'>non</span> <span class='ocrx_word' id='word_1_691' title='bbox 2666 3730 2742 3781; x_wconf 81' lang='lat' dir='ltr'>sit</span> <span class='ocrx_word' id='word_1_692' title='bbox 2781 3724 3066 3789; x_wconf 89' lang='lat' dir='ltr'>Christus,</span> <span class='ocrx_word' id='word_1_693' title='bbox 3091 3725 3193 3796; x_wconf 90' lang='lat' dir='ltr'>qui</span> <span class='ocrx_word' id='word_1_694' title='bbox 3232 3740 3338 3796; x_wconf 90' lang='lat' dir='ltr'>per</span> <span class='ocrx_word' id='word_1_695' title='bbox 3380 3740 3593 3796; x_wconf 90' lang='lat' dir='ltr'>pacem</span> 
     </span>
    </p>
   </div>
   <div class='ocr_carea' id='block_1_95' title="bbox 1948 3813 3593 3887">
    <p class='ocr_par' dir='ltr' id='par_1_95' title="bbox 1948 3813 3593 3887">
     <span class='ocr_line' id='line_1_95' title="bbox 1948 3813 3593 3887; baseline 0.001 -17"><span class='ocrx_word' id='word_1_696' title='bbox 1948 3816 2168 3886; x_wconf 82' lang='lat' dir='ltr'>colligit</span> <span class='ocrx_word' id='word_1_697' title='bbox 2188 3816 2494 3881; x_wconf 88' lang='lat' dir='ltr'>universa;</span> <span class='ocrx_word' id='word_1_698' title='bbox 2523 3814 2628 3869; x_wconf 89' lang='lat' dir='ltr'>sed</span> <span class='ocrx_word' id='word_1_699' title='bbox 2657 3815 2789 3887; x_wconf 91' lang='lat' dir='ltr'>quis</span> <span class='ocrx_word' id='word_1_700' title='bbox 2811 3816 2838 3870; x_wconf 88' lang='lat'><strong>?</strong></span> <span class='ocrx_word' id='word_1_701' title='bbox 2858 3813 3280 3869; x_wconf 88' lang='lat' dir='ltr'>detestandum</span> <span class='ocrx_word' id='word_1_702' title='bbox 3304 3821 3389 3868; x_wconf 89' lang='lat' dir='ltr'>est</span> <span class='ocrx_word' id='word_1_703' title='bbox 3406 3813 3593 3872; x_wconf 90' lang='lat' dir='ltr'>dictu.</span> 
     </span>
    </p>
   </div>
   <div class='ocr_carea' id='block_1_96' title="bbox 1950 3902 3598 3970">
    <p class='ocr_par' dir='ltr' id='par_1_96' title="bbox 1950 3902 3598 3970">
     <span class='ocr_line' id='line_1_96' title="bbox 1950 3902 3598 3970; baseline -0.002 -11"><span class='ocrx_word' id='word_1_704' title='bbox 1950 3905 2120 3970; x_wconf 89' lang='lat' dir='ltr'>Quod</span> <span class='ocrx_word' id='word_1_705' title='bbox 2143 3910 2337 3959; x_wconf 91' lang='lat' dir='ltr'>autem</span> <span class='ocrx_word' id='word_1_706' title='bbox 2372 3920 2609 3959; x_wconf 91' lang='lat' dir='ltr'>servum</span> <span class='ocrx_word' id='word_1_707' title='bbox 2639 3904 2863 3959; x_wconf 85' lang='lat' dir='ltr'>habeat</span> <span class='ocrx_word' id='word_1_708' title='bbox 2911 3902 3243 3957; x_wconf 87' lang='lat' dir='ltr'>monachus</span> <span class='ocrx_word' id='word_1_709' title='bbox 3273 3903 3333 3957; x_wconf 90' lang='lat' dir='ltr'>in</span> <span class='ocrx_word' id='word_1_710' title='bbox 3382 3917 3598 3956; x_wconf 88' lang='lat' dir='ltr'>mona-</span> 
     </span>
    </p>
   </div>
   <div class='ocr_carea' id='block_1_97' title="bbox 1947 3990 3597 4062">
    <p class='ocr_par' dir='ltr' id='par_1_97' title="bbox 1947 3990 3597 4062">
     <span class='ocr_line' id='line_1_97' title="bbox 1947 3990 3597 4062; baseline -0.002 -14"><span class='ocrx_word' id='word_1_711' title='bbox 1947 3994 2143 4058; x_wconf 88' lang='lat' dir='ltr'>sterio,</span> <span class='ocrx_word' id='word_1_712' title='bbox 2176 3992 2235 4047; x_wconf 91' lang='lat' dir='ltr'>id</span> <span class='ocrx_word' id='word_1_713' title='bbox 2271 4008 2389 4048; x_wconf 95' lang='lat' dir='ltr'>non</span> <span class='ocrx_word' id='word_1_714' title='bbox 2423 3994 2619 4048; x_wconf 89' lang='lat' dir='ltr'>minus</span> <span class='ocrx_word' id='word_1_715' title='bbox 2655 3993 2916 4047; x_wconf 92' lang='lat' dir='ltr'>alienum</span> <span class='ocrx_word' id='word_1_716' title='bbox 2955 3998 3046 4046; x_wconf 92' lang='lat' dir='ltr'>est</span> <span class='ocrx_word' id='word_1_717' title='bbox 3074 4006 3258 4062; x_wconf 88' lang='lat' dir='ltr'>quam</span> <span class='ocrx_word' id='word_1_718' title='bbox 3296 3991 3341 4043; x_wconf 89' lang='lat' dir='ltr'>si</span> <span class='ocrx_word' id='word_1_719' title='bbox 3374 3990 3597 4046; x_wconf 90' lang='lat' dir='ltr'>habeat</span> 
     </span>
    </p>
   </div>
   <div class='ocr_carea' id='block_1_98' title="bbox 1949 4078 3585 4154">
    <p class='ocr_par' dir='ltr' id='par_1_98' title="bbox 1949 4078 3585 4154">
     <span class='ocr_line' id='line_1_98' title="bbox 1949 4078 3585 4154; baseline -0.001 -18"><span class='ocrx_word' id='word_1_720' title='bbox 1949 4083 2284 4147; x_wconf 86' lang='lat' dir='ltr'>mulierem;</span> <span class='ocrx_word' id='word_1_721' title='bbox 2305 4088 2551 4154; x_wconf 88' lang='lat' dir='ltr'>utraque</span> <span class='ocrx_word' id='word_1_722' title='bbox 2564 4082 2721 4136; x_wconf 90' lang='lat' dir='ltr'>enim</span> <span class='ocrx_word' id='word_1_723' title='bbox 2738 4082 2980 4136; x_wconf 86' lang='lat' dir='ltr'>inventa</span> <span class='ocrx_word' id='word_1_724' title='bbox 2994 4078 3585 4135; x_wconf 71' lang='lat' dir='ltr'>suntinobedientiaa:</span> 
     </span>
    </p>
   </div>
   <div class='ocr_carea' id='block_1_99' title="bbox 1946 4166 3591 4242">
    <p class='ocr_par' dir='ltr' id='par_1_99' title="bbox 1946 4166 3591 4242">
     <span class='ocr_line' id='line_1_99' title="bbox 1946 4166 3591 4242; baseline -0.002 -17"><span class='ocrx_word' id='word_1_725' title='bbox 1946 4177 2000 4226; x_wconf 91' lang='lat' dir='ltr'>et</span> <span class='ocrx_word' id='word_1_726' title='bbox 2028 4170 2098 4225; x_wconf 90' lang='lat' dir='ltr'>iis</span> <span class='ocrx_word' id='word_1_727' title='bbox 2125 4171 2230 4242; x_wconf 91' lang='lat' dir='ltr'>qui</span> <span class='ocrx_word' id='word_1_728' title='bbox 2259 4170 2335 4224; x_wconf 88' lang='lat' dir='ltr'>ad</span> <span class='ocrx_word' id='word_1_729' title='bbox 2367 4170 2784 4241; x_wconf 89' lang='lat' dir='ltr'>primigeniam</span> <span class='ocrx_word' id='word_1_730' title='bbox 2828 4168 3222 4237; x_wconf 79' lang='lat' dir='ltr'>integritatem</span> <span class='ocrx_word' id='word_1_731' title='bbox 3253 4166 3445 4223; x_wconf 89' lang='lat' dir='ltr'>redire</span> <span class='ocrx_word' id='word_1_732' title='bbox 3486 4183 3591 4239; x_wconf 90' lang='lat' dir='ltr'>per</span> 
     </span>
    </p>
   </div>
   <div class='ocr_carea' id='block_1_100' title="bbox 1944 4256 3589 4328">
    <p class='ocr_par' dir='ltr' id='par_1_100' title="bbox 1944 4256 3589 4328">
     <span class='ocr_line' id='line_1_100' title="bbox 1944 4256 3589 4328; baseline -0.002 -13"><span class='ocrx_word' id='word_1_733' title='bbox 1944 4260 2359 4315; x_wconf 89' lang='lat' dir='ltr'>monachicam</span> <span class='ocrx_word' id='word_1_734' title='bbox 2386 4259 2905 4314; x_wconf 90' lang='lat' dir='ltr'>conversationem</span> <span class='ocrx_word' id='word_1_735' title='bbox 2937 4257 3202 4328; x_wconf 89' lang='lat' dir='ltr'>cupiunt,</span> <span class='ocrx_word' id='word_1_736' title='bbox 3237 4262 3293 4311; x_wconf 91' lang='lat' dir='ltr'>et</span> <span class='ocrx_word' id='word_1_737' title='bbox 3324 4256 3463 4310; x_wconf 92' lang='lat' dir='ltr'>mali</span> <span class='ocrx_word' id='word_1_738' title='bbox 3491 4272 3589 4311; x_wconf 86' lang='lat' dir='ltr'>ex-</span> 
     </span>
    </p>
   </div>
   <div class='ocr_carea' id='block_1_101' title="bbox 1944 4345 3590 4420">
    <p class='ocr_par' dir='ltr' id='par_1_101' title="bbox 1944 4345 3590 4420">
     <span class='ocr_line' id='line_1_101' title="bbox 1944 4345 3590 4420; baseline 0 -17"><span class='ocrx_word' id='word_1_739' title='bbox 1944 4352 2170 4420; x_wconf 86' lang='lat' dir='ltr'>pertem</span> <span class='ocrx_word' id='word_1_740' title='bbox 2202 4349 2463 4420; x_wconf 88' lang='lat' dir='ltr'>paradisi</span> <span class='ocrx_word' id='word_1_741' title='bbox 2494 4347 2675 4402; x_wconf 88' lang='lat' dir='ltr'>vitam</span> <span class='ocrx_word' id='word_1_742' title='bbox 2705 4347 2923 4401; x_wconf 86' lang='lat' dir='ltr'>imitari</span> <span class='ocrx_word' id='word_1_743' title='bbox 2954 4345 3211 4411; x_wconf 89' lang='lat' dir='ltr'>student,</span> <span class='ocrx_word' id='word_1_744' title='bbox 3246 4345 3590 4416; x_wconf 82' lang='lat' dir='ltr'>respuenda</span> 
     </span>
    </p>
   </div>
   <div class='ocr_carea' id='block_1_102' title="bbox 1944 4434 3590 4509">
    <p class='ocr_par' dir='ltr' id='par_1_102' title="bbox 1944 4434 3590 4509">
     <span class='ocr_line' id='line_1_102' title="bbox 1944 4434 3590 4509; baseline -0.002 -17"><span class='ocrx_word' id='word_1_745' title='bbox 1944 4444 2081 4492; x_wconf 91' lang='lat' dir='ltr'>sunt</span> <span class='ocrx_word' id='word_1_746' title='bbox 2104 4453 2240 4509; x_wconf 60' lang='lat' dir='ltr'>quae</span> <span class='ocrx_word' id='word_1_747' title='bbox 2269 4437 2410 4492; x_wconf 80' lang='lat' dir='ltr'>dixi.</span> <span class='ocrx_word' id='word_1_748' title='bbox 2445 4439 2574 4492; x_wconf 60' lang='lat' dir='ltr'>Haec</span> <span class='ocrx_word' id='word_1_749' title='bbox 2596 4452 2718 4491; x_wconf 93' lang='lat' dir='ltr'>non</span> <span class='ocrx_word' id='word_1_750' title='bbox 2743 4436 2908 4491; x_wconf 89' lang='lat' dir='ltr'>domi</span> <span class='ocrx_word' id='word_1_751' title='bbox 2941 4440 3103 4500; x_wconf 88' lang='lat' dir='ltr'>nata,</span> <span class='ocrx_word' id='word_1_752' title='bbox 3122 4435 3229 4489; x_wconf 91' lang='lat' dir='ltr'>sed</span> <span class='ocrx_word' id='word_1_753' title='bbox 3260 4450 3332 4489; x_wconf 83' lang='lat' dir='ltr'>ex</span> <span class='ocrx_word' id='word_1_754' title='bbox 3359 4434 3428 4488; x_wconf 90' lang='lat' dir='ltr'>iis</span> <span class='ocrx_word' id='word_1_755' title='bbox 3453 4450 3590 4506; x_wconf 68' lang='lat' dir='ltr'>quae</span> 
     </span>
    </p>
   </div>
   <div class='ocr_carea' id='block_1_103' title="bbox 1943 4523 3594 4595">
    <p class='ocr_par' dir='ltr' id='par_1_103' title="bbox 1943 4523 3594 4595">
     <span class='ocr_line' id='line_1_103' title="bbox 1943 4523 3594 4595; baseline -0.003 -14"><span class='ocrx_word' id='word_1_756' title='bbox 1943 4526 2125 4581; x_wconf 90' lang='lat' dir='ltr'>divini</span> <span class='ocrx_word' id='word_1_757' title='bbox 2154 4527 2354 4581; x_wconf 88' lang='lat' dir='ltr'>Patres</span> <span class='ocrx_word' id='word_1_758' title='bbox 2379 4526 2596 4580; x_wconf 89' lang='lat' dir='ltr'>docent</span> <span class='ocrx_word' id='word_1_759' title='bbox 2623 4524 2838 4580; x_wconf 90' lang='lat' dir='ltr'>collata</span> <span class='ocrx_word' id='word_1_760' title='bbox 2857 4523 3245 4595; x_wconf 86' lang='lat' dir='ltr'>protulimus;</span> <span class='ocrx_word' id='word_1_761' title='bbox 3285 4523 3594 4593; x_wconf 86' lang='lat' dir='ltr'>postulan-</span> 
     </span>
    </p>
   </div>
   <div class='ocr_carea' id='block_1_104' title="bbox 1942 4610 3592 4677">
    <p class='ocr_par' dir='ltr' id='par_1_104' title="bbox 1942 4610 3592 4677">
     <span class='ocr_line' id='line_1_104' title="bbox 1942 4610 3592 4677; baseline -0.002 -8"><span class='ocrx_word' id='word_1_762' title='bbox 1942 4620 2031 4670; x_wconf 88' lang='lat' dir='ltr'>tes</span> <span class='ocrx_word' id='word_1_763' title='bbox 2058 4621 2118 4670; x_wconf 90' lang='lat' dir='ltr'>ut</span> <span class='ocrx_word' id='word_1_764' title='bbox 2153 4631 2255 4670; x_wconf 88' lang='lat' dir='ltr'>vos</span> <span class='ocrx_word' id='word_1_765' title='bbox 2287 4613 2641 4668; x_wconf 87' lang='lat' dir='ltr'>sanctissimi</span> <span class='ocrx_word' id='word_1_766' title='bbox 2668 4613 2868 4677; x_wconf 85' lang='lat' dir='ltr'>oretis,</span> <span class='ocrx_word' id='word_1_767' title='bbox 2897 4617 2960 4668; x_wconf 95' lang='lat' dir='ltr'>ut</span> <span class='ocrx_word' id='word_1_768' title='bbox 2998 4628 3110 4667; x_wconf 92' lang='lat' dir='ltr'>nos</span> <span class='ocrx_word' id='word_1_769' title='bbox 3150 4612 3313 4666; x_wconf 92' lang='lat' dir='ltr'>bona</span> <span class='ocrx_word' id='word_1_770' title='bbox 3350 4626 3472 4666; x_wconf 94' lang='lat' dir='ltr'>non</span> <span class='ocrx_word' id='word_1_771' title='bbox 3505 4610 3592 4665; x_wconf 93' lang='lat' dir='ltr'>di-</span> 
     </span>
    </p>
   </div>
   <div class='ocr_carea' id='block_1_105' title="bbox 1944 4700 3339 4769">
    <p class='ocr_par' dir='ltr' id='par_1_105' title="bbox 1944 4700 3339 4769">
     <span class='ocr_line' id='line_1_105' title="bbox 1944 4700 3339 4769; baseline -0.001 -10"><span class='ocrx_word' id='word_1_772' title='bbox 1944 4720 2153 4759; x_wconf 88' lang='lat' dir='ltr'>camus</span> <span class='ocrx_word' id='word_1_773' title='bbox 2180 4703 2381 4769; x_wconf 90' lang='lat' dir='ltr'>modo,</span> <span class='ocrx_word' id='word_1_774' title='bbox 2416 4702 2520 4757; x_wconf 87' lang='lat' dir='ltr'>sed</span> <span class='ocrx_word' id='word_1_775' title='bbox 2552 4707 2609 4757; x_wconf 92' lang='lat' dir='ltr'>et</span> <span class='ocrx_word' id='word_1_776' title='bbox 2645 4701 2939 4758; x_wconf 88' lang='lat' dir='ltr'>faciamus</span> <span class='ocrx_word' id='word_1_777' title='bbox 2968 4702 3027 4757; x_wconf 89' lang='lat' dir='ltr'>in</span> <span class='ocrx_word' id='word_1_778' title='bbox 3057 4700 3339 4757; x_wconf 88' lang='lat' dir='ltr'>Domino.</span> 
     </span>
    </p>
   </div>
   <div class='ocr_carea' id='block_1_106' title="bbox 2368 5004 3157 5077">
    <p class='ocr_par' dir='ltr' id='par_1_106' title="bbox 2368 5004 3157 5077">
     <span class='ocr_line' id='line_1_106' title="bbox 2368 5004 3157 5077; baseline 0 -16"><span class='ocrx_word' id='word_1_779' title='bbox 2368 5007 2560 5063; x_wconf 86' lang='lat' dir='ltr'>CLXV.</span> <span class='ocrx_word' id='word_1_780' title='bbox 2588 5036 2655 5051; x_wconf 89' lang='lat'>--</span> <span class='ocrx_word' id='word_1_781' title='bbox 2698 5005 2984 5077; x_wconf 80' lang='lat' dir='ltr'>Gregorio</span> <span class='ocrx_word' id='word_1_782' title='bbox 3010 5004 3157 5074; x_wconf 85' lang='lat' dir='ltr'>ﬁlio.</span> 
     </span>
    </p>
   </div>
   <div class='ocr_carea' id='block_1_107' title="bbox 1564 5104 2266 5169">
    <p class='ocr_par' dir='ltr' id='par_1_107' title="bbox 1564 5104 2266 5169">
     <span class='ocr_line' id='line_1_107' title="bbox 1564 5104 2266 5169; baseline 0 -16"><span class='ocrx_word' id='word_1_783' title='bbox 1564 5105 1635 5154; x_wconf 93' lang='lat' dir='ltr'>De</span> <span class='ocrx_word' id='word_1_784' title='bbox 1672 5104 1895 5156; x_wconf 83' lang='lat' dir='ltr'>diversis</span> <span class='ocrx_word' id='word_1_785' title='bbox 1915 5106 2266 5169; x_wconf 85' lang='lat' dir='ltr'>argumentis.</span> 
     </span>
    </p>
   </div>
   <div class='ocr_carea' id='block_1_108' title="bbox 306 5200 1829 5275">
    <p class='ocr_par' dir='ltr' id='par_1_108' title="bbox 306 5200 1829 5275">
     <span class='ocr_line' id='line_1_108' title="bbox 306 5200 1829 5275; baseline 0.003 -23"><span class='ocrx_word' id='word_1_786' title='bbox 306 5200 543 5274; x_wconf 85' lang='grc' dir='ltr'><strong>Ἐχάρην</strong></span> <span class='ocrx_word' id='word_1_787' title='bbox 608 5202 692 5252; x_wconf 74' lang='grc' dir='ltr'><strong>ἐπὶ</strong></span> <span class='ocrx_word' id='word_1_788' title='bbox 745 5208 817 5272; x_wconf 85' lang='grc' dir='ltr'><strong>τῷ</strong></span> <span class='ocrx_word' id='word_1_789' title='bbox 868 5202 1142 5274; x_wconf 81' lang='grc' dir='ltr'><strong>γράμματι</strong></span> <span class='ocrx_word' id='word_1_790' title='bbox 1188 5221 1305 5271; x_wconf 91' lang='grc' dir='ltr'><strong>σου,</strong></span> <span class='ocrx_word' id='word_1_791' title='bbox 1330 5207 1500 5255; x_wconf 82' lang='grc' dir='ltr'><strong>τέκνον</strong></span> <span class='ocrx_word' id='word_1_792' title='bbox 1556 5202 1829 5275; x_wconf 67' lang='grc' dir='ltr'><strong>ἠγαπημέ-</strong></span> 
     </span>
    </p>
   </div>
   <div class='ocr_carea' id='block_1_109' title="bbox 2009 5196 3588 5269">
    <p class='ocr_par' dir='ltr' id='par_1_109' title="bbox 2009 5196 3588 5269">
     <span class='ocr_line' id='line_1_109' title="bbox 2009 5196 3588 5269; baseline -0.004 -11"><span class='ocrx_word' id='word_1_793' title='bbox 2009 5201 2258 5259; x_wconf 81' lang='lat' dir='ltr'>Gavisus</span> <span class='ocrx_word' id='word_1_794' title='bbox 2285 5216 2421 5257; x_wconf 90' lang='lat' dir='ltr'>sum</span> <span class='ocrx_word' id='word_1_795' title='bbox 2459 5201 2665 5257; x_wconf 88' lang='lat' dir='ltr'>litteris</span> <span class='ocrx_word' id='word_1_796' title='bbox 2698 5200 2835 5265; x_wconf 87' lang='lat' dir='ltr'>tuis,</span> <span class='ocrx_word' id='word_1_797' title='bbox 2882 5198 3092 5254; x_wconf 88' lang='lat' dir='ltr'>dilecte</span> <span class='ocrx_word' id='word_1_798' title='bbox 3121 5196 3204 5253; x_wconf 90' lang='lat' dir='ltr'>ﬁli</span> <span class='ocrx_word' id='word_1_799' title='bbox 3233 5213 3245 5252; x_wconf 95' lang='lat'><strong>:</strong></span> <span class='ocrx_word' id='word_1_800' title='bbox 3286 5196 3453 5269; x_wconf 92' lang='lat' dir='ltr'>quod</span> <span class='ocrx_word' id='word_1_801' title='bbox 3491 5211 3588 5252; x_wconf 90' lang='lat' dir='ltr'>ur-</span> 
     </span>
    </p>
   </div>
   <div class='ocr_carea' id='block_1_110' title="bbox 231 5285 1834 5364">
    <p class='ocr_par' dir='ltr' id='par_1_110' title="bbox 231 5287 1828 5364">
     <span class='ocr_line' id='line_1_110' title="bbox 231 5287 1828 5364; baseline 0.003 -23"><span class='ocrx_word' id='word_1_802' title='bbox 231 5308 340 5353; x_wconf 85' lang='grc' dir='ltr'><strong>νον,</strong></span> <span class='ocrx_word' id='word_1_803' title='bbox 374 5289 452 5341; x_wconf 86' lang='grc' dir='ltr'><strong>ὅτι</strong></span> <span class='ocrx_word' id='word_1_804' title='bbox 482 5294 571 5341; x_wconf 90' lang='grc' dir='ltr'><strong>καὶ</strong></span> <span class='ocrx_word' id='word_1_805' title='bbox 602 5289 786 5342; x_wconf 90' lang='grc' dir='ltr'><strong>ἀστεία</strong></span> <span class='ocrx_word' id='word_1_806' title='bbox 829 5291 859 5349; x_wconf 83' lang='grc' dir='ltr'>ἡ</span> <span class='ocrx_word' id='word_1_807' title='bbox 912 5287 1036 5351; x_wconf 75' lang='grc' dir='ltr'><strong>ὁδὸς</strong></span> <span class='ocrx_word' id='word_1_808' title='bbox 1080 5301 1177 5344; x_wconf 93' lang='grc' dir='ltr'>τῶν</span> <span class='ocrx_word' id='word_1_809' title='bbox 1222 5292 1269 5343; x_wconf 86' lang='grc' dir='ltr'>ἐν</span> <span class='ocrx_word' id='word_1_810' title='bbox 1300 5293 1449 5345; x_wconf 80' lang='grc' dir='ltr'><strong>ἄστει</strong></span> <span class='ocrx_word' id='word_1_811' title='bbox 1481 5313 1493 5326; x_wconf 71' lang='grc'><strong><em>⁸</em></strong></span> <span class='ocrx_word' id='word_1_812' title='bbox 1517 5297 1607 5345; x_wconf 84' lang='grc' dir='ltr'>καὶ</span> <span class='ocrx_word' id='word_1_813' title='bbox 1651 5293 1828 5364; x_wconf 84' lang='grc' dir='ltr'><strong>ύγείαν</strong></span> 
     </span>
    </p>
   </div>
   <div class='ocr_carea' id='block_1_111' title="bbox 1946 5285 3581 5364">
    <p class='ocr_par' dir='ltr' id='par_1_111' title="bbox 1946 5285 3581 5360">
     <span class='ocr_line' id='line_1_111' title="bbox 1946 5285 3581 5360; baseline -0.005 -13"><span class='ocrx_word' id='word_1_814' title='bbox 1946 5292 2092 5347; x_wconf 90' lang='lat' dir='ltr'>bane</span> <span class='ocrx_word' id='word_1_815' title='bbox 2124 5297 2179 5347; x_wconf 90' lang='lat' dir='ltr'>et</span> <span class='ocrx_word' id='word_1_816' title='bbox 2202 5292 2449 5348; x_wconf 90' lang='lat' dir='ltr'>honeste</span> <span class='ocrx_word' id='word_1_817' title='bbox 2489 5307 2550 5346; x_wconf 91' lang='lat' dir='ltr'>se</span> <span class='ocrx_word' id='word_1_818' title='bbox 2580 5293 2791 5360; x_wconf 83' lang='lat' dir='ltr'>gerant</span> <span class='ocrx_word' id='word_1_819' title='bbox 2819 5287 2919 5360; x_wconf 93' lang='lat' dir='ltr'>qui</span> <span class='ocrx_word' id='word_1_820' title='bbox 2962 5290 3101 5341; x_wconf 89' lang='lat' dir='ltr'>sunt</span> <span class='ocrx_word' id='word_1_821' title='bbox 3129 5287 3187 5341; x_wconf 93' lang='lat' dir='ltr'>in</span> <span class='ocrx_word' id='word_1_822' title='bbox 3222 5285 3387 5351; x_wconf 90' lang='lat' dir='ltr'>urbe,</span> <span class='ocrx_word' id='word_1_823' title='bbox 3415 5285 3581 5357; x_wconf 91' lang='lat' dir='ltr'>quod</span> 
     </span>
    </p>
   </div>
   <div class='ocr_carea' id='block_1_112' title="bbox 313 5398 1444 5465">
    <p class='ocr_par' dir='ltr' id='par_1_112' title="bbox 313 5398 1444 5465">
     <span class='ocr_line' id='line_1_112' title="bbox 313 5398 1444 5465; baseline -0.001 -13"><span class='ocrx_word' id='word_1_824' title='bbox 313 5398 355 5432; x_wconf 81' lang='grc'>⁶¹</span> <span class='ocrx_word' id='word_1_825' title='bbox 399 5398 571 5453; x_wconf 86' lang='lat' dir='ltr'>Joan.</span> <span class='ocrx_word' id='word_1_826' title='bbox 608 5416 675 5463; x_wconf 78' lang='lat' dir='ltr'>v1,</span> <span class='ocrx_word' id='word_1_827' title='bbox 710 5399 797 5456; x_wconf 87' lang='lat'>37.</span> <span class='ocrx_word' id='word_1_828' title='bbox 876 5398 925 5437; x_wconf 80' lang='grc'>⁸³</span> <span class='ocrx_word' id='word_1_829' title='bbox 952 5401 995 5455; x_wconf 86' lang='lat' dir='ltr'>ll</span> <span class='ocrx_word' id='word_1_830' title='bbox 1020 5398 1270 5456; x_wconf 85' lang='lat' dir='ltr'>Timoth.</span> <span class='ocrx_word' id='word_1_831' title='bbox 1305 5418 1360 5465; x_wconf 81' lang='grc' dir='ltr'>ιι,</span> <span class='ocrx_word' id='word_1_832' title='bbox 1392 5400 1444 5454; x_wconf 79' lang='grc'><strong>4.</strong></span> 
     </span>
    </p>
   </div>
   <div class='ocr_carea' id='block_1_113' title="bbox 1524 5400 2000 5465">
    <p class='ocr_par' dir='ltr' id='par_1_113' title="bbox 1524 5400 2000 5465">
     <span class='ocr_line' id='line_1_113' title="bbox 1524 5400 2000 5465; baseline -0.006 -7"><span class='ocrx_word' id='word_1_833' title='bbox 1524 5403 1570 5436; x_wconf 78' lang='grc'>⁸³</span> <span class='ocrx_word' id='word_1_834' title='bbox 1602 5400 1798 5457; x_wconf 86' lang='lat' dir='ltr'>Matth.</span> <span class='ocrx_word' id='word_1_835' title='bbox 1831 5417 1885 5465; x_wconf 75' lang='grc' dir='ltr'><strong>γ,</strong></span> <span class='ocrx_word' id='word_1_836' title='bbox 1911 5403 2000 5455; x_wconf 82' lang='grc'><strong>29.</strong></span> 
     </span>
    </p>
   </div>
   <div class='ocr_carea' id='block_1_114' title="bbox 1801 5497 2024 5554">
    <p class='ocr_par' dir='ltr' id='par_1_114' title="bbox 1801 5497 2024 5554">
     <span class='ocr_line' id='line_1_114' title="bbox 1801 5497 2024 5554; baseline 0 -2"><span class='ocrx_word' id='word_1_837' title='bbox 1801 5497 2024 5554; x_wconf 65' lang='lat' dir='ltr'>NOTAE.</span> 
     </span>
    </p>
   </div>
   <div class='ocr_carea' id='block_1_115' title="bbox 314 5603 1026 5681">
    <p class='ocr_par' dir='ltr' id='par_1_115' title="bbox 314 5603 1026 5681">
     <span class='ocr_line' id='line_1_115' title="bbox 314 5603 1026 5681; baseline -0.007 -20"><span class='ocrx_word' id='word_1_838' title='bbox 314 5606 430 5678; x_wconf 85' lang='lat'>(57)</span> <span class='ocrx_word' id='word_1_839' title='bbox 457 5608 520 5661; x_wconf 85' lang='lat' dir='ltr'>In</span> <span class='ocrx_word' id='word_1_840' title='bbox 548 5605 681 5663; x_wconf 86' lang='lat' dir='ltr'>cod-</span> <span class='ocrx_word' id='word_1_841' title='bbox 715 5607 854 5676; x_wconf 82' lang='lat' dir='ltr'>Reg.</span> <span class='ocrx_word' id='word_1_842' title='bbox 882 5603 1026 5681; x_wconf 86' lang='grc' dir='ltr'><strong>ρμζ’.</strong></span> 
     </span>
    </p>
   </div>
  </div>
