4036 6276
422 288 560 346 1523
1686 289 1745 346 S.
1791 289 2077 346 THEODO

2201 289 2523 346 STUDITE
3642 292 3787 348 1524

416 412 826 470 valetudinem
848 430 982 469 cum
1011 413 1189 470 fratre
1219 416 1456 472 Zosima
1486 415 1777 488 receperis
1801 431 1904 488 per
1933 431 2068 471 san-

2189 414 2502 488 ττροσελείϐου
2528 414 2638 488 ἅμα
2673 423 2743 486 τῷ
2793 413 2998 489 ἀδελφῷ
3027 423 3248 490 Ζωσιμᾷ
3298 414 3391 470 διὰ
3416 425 3511 480 τῆς
3553 417 3784 492 ἁφαιμοὶο

418 503 614 572 guinis
645 503 1071 558 detractionem
1113 509 1168 559 et
1197 504 1362 576 quod
1391 505 1508 560 alia
1541 505 1713 560 vobis
1759 521 1830 560 ex
1864 505 2068 559 animo

2189 505 2334 567 Ξεως·
2368 510 2457 558 καὶ
2504 505 2666 557 τᾶλλα
2708 506 2829 577 ὑμῖν
2877 508 2956 558 ὅτι
3005 510 3140 559 κατὰ
3193 510 3386 560 σκοπὸν
3439 505 3626 566 ἀπέϐη.
3666 508 3785 561 Ἐπὶ

418 591 825 647 successerint.
852 593 928 646 De
947 593 1283 648 Xenodochi
1307 599 1506 648 autem
1534 593 2066 665 propositionibus,

2189 591 2239 646 δε
2287 600 2399 655 ταῖς
2453 597 2597 669 παρὰ
2653 603 2744 647 τοῦ
2775 592 3072 667 Ξενοδόχου
3120 597 3429 668 προτάσεσι,
3476 601 3528 648 τί
3557 598 3631 649 ὃτι
3659 595 3786 671 παρ’

419 680 582 751 quod
608 681 806 735 adhuc
836 681 1064 736 anobis
1093 681 1563 737 declarationem
1591 682 1900 753 ﬂagitasti;
1930 698 2070 737 cum

2189 685 2325 755 ἡμῶν
2405 682 2736 746 ἐπεζήτησας
2836 687 2909 738 ἔτι
2983 681 3334 758 διασάφησιν,
3413 689 3793 758 ἔγκεκριμένως

417 769 604 840 probe
632 769 711 825 illi
742 785 810 824 ex
841 769 1185 825 divinorum
1226 771 1458 826 Patrum
1508 770 1776 826 doctrina
1813 785 2066 840 respon-

2189 773 2477 845 Ξιποκριθεὶς
2531 777 2671 843 αύτῷ
2744 777 2876 826 κατὰ
2944 778 3038 833 τὴν
3083 783 3182 827 τῶν
3238 776 3494 848 θεοφόρων
3544 779 3786 850 Πατέρων

419 857 598 923 deris,
636 857 779 913 nihil
804 858 1124 928 habemus,
1173 859 1335 931 quod
1363 861 1438 914 ad
1485 861 1907 930 responsiones
1936 866 2068 915 tuas

2189 859 2533 915 διδασκαλίαν
2589 859 2741 916 οὐδὲν
2796 869 3169 939 περισσότερον
3229 866 3418 936 ἔχομεν
3467 863 3631 936 λέγειν
3683 867 3810 916 raw:

421 945 562 1000 addi
610 948 819 1017 possit.
852 949 1091 1002 Temere
1136 955 1334 1003 autem
1369 949 1660 1017 garriunt.
1698 953 1761 1002 ut
1799 953 2066 1019 apparet,

2189 960 2285 1004 σῶν
2339 950 2859 1026 ἀντιπαραστάσεων.
2910 953 3313 1024 Εἰκαιολογοῦσι
3376 949 3454 1018 δὲ,
3515 956 3584 1015 ὡς
3629 955 3784 1021 ἔοικε,

421 1051 530 1090 nec
551 1035 779 1090 discere
806 1037 1072 1106 cupiunt,
1097 1038 1199 1108 qui
1222 1037 1608 1105 interrogant.
1630 1043 1900 1093 Attamen
1927 1038 2071 1109 quia

2189 1046 2267 1093 tati
2310 1041 2368 1092 ού
2423 1041 2798 1113 φιλομαθοῦσιν
2848 1043 2897 1094 οἱ
2942 1041 3287 1116 ἐπερωτῶντες
3319 1043 3457 1113 ὅμως
3487 1038 3667 1101 ἐπειδὴ
3703 1046 3786 1112 νέ-

421 1125 704 1195 scriptum
721 1130 838 1180 est:
859 1126 1071 1182 Parati
1085 1127 1166 1181 ad
1177 1127 1644 1196 satisfactionem
1661 1127 1821 1182 omni
1827 1142 2072 1197 poscen-

2189 1149 2412 1204 γραπται
2439 1129 2765 1201 ’Ἐτοιμοι
2793 1134 2972 1192 ὄντες
3001 1134 3161 1204 πρὸς
3199 1129 3350 1184 ἀπο)
3375 1134 3560 1202 ογίαν
3590 1135 3786 1184 παντὶ

423 1216 472 1270 ti
508 1230 607 1270 vos
634 1216 925 1271 rationem
965 1216 1038 1271 de
1075 1231 1144 1272 ea
1185 1232 1316 1287 quae
1342 1219 1403 1270 in
1435 1217 1595 1272 vobis
1640 1225 1720 1272 est
1753 1232 1854 1286 spe
1875 1219 1943 1282 ⁸⁸,
1988 1232 2074 1271 re-

423 1303 860 1372 spondebimus
883 1310 936 1359 et
965 1320 1076 1359 nos
1094 1304 1222 1359 ista.
1250 1305 1674 1360 Monachorum
1697 1305 1934 1360 habitus
1965 1305 2072 1359 vir-

421 1393 683 1461 ginita-is
733 1397 822 1446 est
850 1394 1212 1465 progressio,
1261 1400 1317 1448 et
1347 1394 1701 1466 mysterium
1745 1401 1835 1449 est
1866 1409 2074 1449 mona-

422 1480 604 1536 chicae
647 1480 1043 1552 perfectionis,
1082 1481 1430 1554 utloquitur
1477 1482 1714 1538 divinus
1754 1489 1808 1538 et
1839 1483 2073 1554 sapien-

421 1570 684 1626 tissimus
700 1570 1036 1643 Dionysius.
1068 1571 1308 1642 thuod
1329 1578 1607 1642 quaerunt
1629 1571 1898 1627 nonnulli
1925 1591 1936 1630 :
1963 1574 2073 1628 Un-

2180 1227 2259 1270 τῶ
2297 1219 2592 1272 αἰτοῦντι
2633 1221 2800 1292 ύμᾶς
2836 1218 3028 1291 λόγον
3067 1224 3218 1293 περὶ
3257 1229 3376 1282 τῆς
3415 1218 3472 1271 έν
3510 1221 3661 1292 ὑμῖν
3701 1220 3786 1272 ἕλ-

2181 1304 2298 1360 πίδ
2311 1326 2371 1368 ος
2398 1325 2411 1339 ο
2467 1306 2888 1380 ἀποκρινούμεθα
2915 1313 3004 1360 καὶ
3035 1310 3185 1380 ἡμεῖς
3212 1305 3359 1362 τάδε.
3390 1312 3460 1361 Τὸ
3496 1316 3595 1360 τῶν
3629 1328 3789 1381 μονα-

2181 1405 2294 1468 χῶν
2351 1405 2563 1470 σχῆμα,
2595 1400 2872 1471 παρθενίας
2921 1398 3058 1450 ἐστὶν
3091 1397 3410 1470 ἓπάγγελμα,
3463 1403 3554 1450 καὶ
3581 1403 3788 1472 μυστή-

2180 1490 2291 1560 ριόν
2347 1489 2460 1539 ἔστι
2511 1494 2813 1559 μοναχικῆς
2874 1486 3201 1551 τελειώσεως,
3267 1489 3402 1540 κατὰ
3459 1491 3553 1545 τὴν
3614 1491 3788 1558 φωνην

2183 1582 2274 1628 τοῦ
2334 1577 2470 1628 θείου
2514 1580 2604 1628 καὶ
2633 1580 2902 1648 πανσόφου
2952 1580 3244 1628 Διονυσίου.
3277 1580 3379 1629 Καὶ
3410 1579 3468 1628 τό
3518 1574 3684 1646 λέγειν
3708 1595 3788 1628 τι-

423 1659 641 1714 denam
673 1665 802 1714 orta
850 1659 1103 1729 traditio,
1137 1676 1260 1731 qua
1290 1660 1474 1716 homo
1505 1661 1805 1715 renuntiat
1834 1661 2070 1725 smeulo,

2189 1666 2273 1726 νὰς
2322 1668 2398 1730 τό,
2463 1667 2622 1718 Πόθεν
2677 1661 2943 1738 παρεδόθη
2977 1667 3034 1717 τὸ
3063 1665 3481 1724 ἁποτάσσεσθαι,
3533 1669 3623 1717 καὶ
3649 1669 3789 1736 γίνε-

424 1754 480 1804 et
509 1747 1121 1815 ﬁtmonachus,aliud
1142 1748 1286 1804 nihil
1315 1750 1822 1821 respondendum,
1849 1766 2062 1822 quam:

2189 1756 2310 1806 σθαι
2355 1759 2628 1826 μοναχόν;
2663 1750 2814 1807 οὐδὲν
2869 1755 3038 1829 ἕτερόν
3069 1752 3210 1806 ἐστιν
3261 1754 3438 1820 εἰπάν,
3485 1755 3516 1813 ἢ
3550 1757 3651 1819 ὅτι,
3687 1758 3791 1807 [16-

425 1835 736 1892 Undenam
759 1841 888 1893 orta
923 1836 1151 1892 traditio
1177 1853 1298 1909 qua
1326 1838 1692 1895 Christianus
1722 1839 1788 1892 tit
1813 1838 2029 1911 aliquis
2048 1837 2077 1894 ‘l

2189 1844 2264 1895 θεν
2312 1839 2577 1916 παρεδόθη
2632 1845 2872 1914 γίνεσθαί
2928 1861 3044 1894 τινα
3100 1848 3417 1918 Χριστιανὸν
3452 1842 3540 1909 ςὈ
3598 1845 3701 1918 γὰρ
3727 1847 3788 1896 τὸ

425 1926 534 1992 Qui
560 1926 717 1981 enim
747 1926 909 1997 prius
930 1927 1124 1982 sanxit
1148 1928 1478 1997 apostolica
1510 1927 1846 1995 traditione,
1881 1933 2071 1998 poste-

2189 1936 2427 2003 πρότερον
2491 1933 2880 2005 θεσμοθετήσας
2938 1929 3255 2004 ἁποστολικῇ
3307 1928 3628 2005 παραδόσει,
3694 1937 3790 1985 καὶ

423 2015 548 2071 rius
591 2016 771 2070 etiam
823 2016 1007 2071 edidit
1043 2016 1183 2087 (57‘)
1225 2033 1326 2072 sex
1375 2017 1662 2088 mysteria
1707 2018 2067 2072 instituens:

2189 2024 2238 2072 τὸ
2319 2017 2553 2095 δεύτερον
2623 2017 2886 2084 ἐξέδωκεν,
2960 2019 3014 2083 ἓξ
3092 2026 3363 2094 μυστήρια
3440 2020 3736 2083 ἕκτεθεικώς
3771 2039 3785 2051 ·

421 2104 685 2176 primum
709 2104 782 2160 de
814 2104 1171 2177 baptismate
1200 2123 1213 2160 :
1250 2107 1607 2172 secundum,
1629 2106 1703 2162 de
1730 2106 1941 2178 synaxi
1966 2122 2070 2160 seu

2189 2117 2402 2177 πρῶτον,
2451 2115 2568 2182 περὶ
2625 2115 2954 2182 φωτίσματος
2983 2129 2996 2142 ·
3033 2106 3292 2184 δεύτερον,
3337 2115 3456 2183 περὶ
3503 2110 3786 2176 συνάξεως,

426 2194 881 2251 communione:
914 2195 1171 2260 tertium,
1195 2195 1269 2250 de
1283 2195 1733 2252 consecratione
1750 2195 2070 2265 unguenti:

2189 2195 2272 2251 εἶτ’
2327 2195 2414 2251 οὖν
2468 2203 2738 2260 κοινωνίας
2771 2217 2784 2231 ο
2819 2203 2992 2273 τρίτον
3051 2204 3168 2274 περὶ
3220 2199 3421 2260 τελετῆς
3451 2202 3618 2272 μύρου
3651 2217 3665 2230 ⁸
3703 2205 3793 2252 τέ-

424 2287 729 2354 quartum,
744 2283 818 2338 de
831 2284 1300 2340 sacerdotalibus
1313 2284 2070 2356 initiationibuszquintum,

2189 2300 2388 2363 ταρτον,
2447 2293 2565 2362 περὶ
2631 2289 2899 2360 ἱερατικῶν
2954 2286 3260 2340 τελειώσεων
3299 2305 3314 2319 ο

423 2371 499 2426 de
533 2372 886 2428 monachica
906 2372 1266 2444 perfectione
1293 2393 1304 2432 :
1340 2380 1594 2442 sextum,
1617 2375 1692 2429 de
1719 2380 1923 2429 sancte
1941 2374 2075 2428 dor-

427 2461 772 2516 mientibus.
804 2461 956 2529 Quid
985 2478 1126 2531 ergo
1161 2462 1220 2516 in
1251 2463 1343 2517 his
1373 2463 1694 2517 dicendum
1716 2463 1746 2515 ε)
1774 2463 1944 2530 Quod
1972 2463 2076 2534 qui

429 2549 504 2604 de
532 2550 897 2606 unodubitat
926 2567 996 2606 ex
1019 2551 1090 2605 iis
1117 2567 1252 2622 quin
1270 2552 1430 2606 dicta
1458 2557 1616 2617 sunt,
1638 2553 1885 2619 ambigit
1911 2551 2075 2606 haud

430 2638 679 2694 dubieet
705 2640 779 2694 de
795 2639 945 2704 aliis,
974 2645 1169 2695 utrum
1199 2640 1450 2696 adivina
1477 2641 1788 2696 traditione
1811 2641 2076 2696 habean-

431 2732 554 2792 tur;
585 2735 639 2783 et
668 2744 790 2784 uno
819 2728 1072 2794 sublato,
1123 2729 1300 2784 simul
1329 2730 1666 2785 necessario
1700 2731 1989 2785 tolluntur
2018 2735 2076 2785 et

430 2816 682 2889 reliqua,
707 2821 764 2872 et
787 2833 981 2888 neque
1008 2818 1329 2889 baptisma,
1359 2835 1554 2890 neque
1582 2818 1847 2890 synaxis,
1881 2833 2075 2889 neque

429 2907 700 2961 divinum
733 2912 1126 2974 unguentum,
1158 2923 1350 2980 neque
1381 2908 1763 2963 sacerdotalis
1796 2907 2073 2971 initiatio,

428 3011 624 3067 neque
655 3001 857 3050 sancte
898 2996 1325 3051 dormientium
1357 2997 1669 3068 dispositio
1702 2999 1808 3051 erit
1854 2997 1996 3060 ulla,
2028 2996 2073 3050 si

429 3100 548 3140 non
577 3084 733 3140 adsit
764 3085 1118 3141 monachica
1149 3085 1460 3157 perfectio;
1496 3092 1551 3140 et
1591 3086 1670 3140 uti
1704 3085 1950 3158 gentiles
1981 3102 2073 3141 sa-

429 3175 648 3247 pimus,
682 3179 739 3229 et
775 3174 931 3230 athei
959 3191 1169 3230 sumus
1197 3176 1256 3230 in
1290 3174 1751 3246 mundo.neque
1779 3192 1947 3246 spem
1973 3175 2076 3230 ha-

427 3265 663 3318 bemus.
693 3264 844 3319 Talis
869 3268 959 3317 est
985 3264 1086 3336 qui
1119 3265 1589 3336 propositionem
1625 3264 1778 3318 hanc
1813 3264 2034 3335 profert
2062 3306 2073 3318 .

428 3352 740 3408 Undenam
787 3357 1096 3425 sumptum
1145 3353 1218 3408 sit
1247 3353 1410 3424 quod
1454 3352 1672 3425 aliquis
1719 3352 1822 3408 fiat
1870 3369 2077 3408 mona-

428 3443 596 3497 chus.
620 3446 698 3497 Ac
718 3442 988 3497 nondum
1012 3441 1147 3497 dico
1181 3441 1584 3512 prmcelleutes
1611 3458 1816 3497 omnes
1840 3442 2078 3497 divinos

431 3535 648 3597 Patres,
680 3537 734 3588 et
767 3531 1095 3587 monachos
1126 3532 1325 3598 fuisse,
1349 3537 1404 3588 et
1427 3533 1842 3588 monachicam
1874 3533 2076 3596 vitam,

429 3619 589 3674 velut
613 3619 968 3687 angelicam,
993 3621 1209 3674 divinis
1227 3621 1507 3676 laudibus
1531 3620 1767 3679 efferre:
1798 3637 1832 3676 a
1857 3621 2079 3694 quibus

430 3713 487 3765 et
512 3709 587 3764 de
616 3725 800 3763 sacrae
833 3710 969 3763 vitae
999 3709 1276 3764 institutis
1300 3709 1521 3780 scripta
1551 3715 1788 3764 exstant
1820 3709 2077 3764 volumi-

429 3812 529 3852 na.
563 3798 734 3864 Quod
761 3799 810 3852 si
839 3797 974 3868 quis
1005 3798 1275 3852 animum
1313 3798 1603 3861 advertat,
1651 3798 1906 3852 inveniet
1933 3797 2080 3852 divi-

428 3901 576 3940 num
604 3885 798 3956 ipsum
815 3885 1189 3957 Dionysium,
1213 3885 1289 3939 ad
1306 3886 1490 3940 instar
1501 3887 1908 3953 angelicorum
1923 3885 2080 3940 ordi-

429 3988 596 4036 num,
631 3979 688 4028 et
718 3973 1119 4028 sacerdotales
1149 3973 1392 4042 gradus,
1432 3979 1487 4029 et
1517 3989 1619 4028 eos
1650 3975 1752 4044 qui
1785 3981 1947 4028 extra
1988 3990 2078 4028 sa-

431 4061 783 4126 cerdotium,
799 4062 926 4132 pari
955 4077 1207 4116 numero
1234 4067 1347 4116 tres
1365 4062 1422 4116 in
1436 4061 1677 4116 ordines
1693 4061 2075 4127 distribuere;

432 4152 692 4222 primum
707 4151 902 4206 adhuc
916 4149 1349 4221 incipientium,
1367 4167 1470 4205 seu
1485 4151 2074 4214 catechumenorum;

433 4239 684 4294 alterum
714 4239 1182 4308 baptizatorum;
1219 4240 1453 4294 tertium
1496 4239 1849 4294 monachica
1890 4240 2081 4310 perfe-

431 4327 624 4382 ctione
649 4327 1032 4399 praaditorum
1067 4346 1082 4383 :
1117 4329 1188 4383 iis
1219 4334 1418 4383 autem
1441 4344 1575 4399 quae
1593 4327 1910 4384 manifesta
1942 4333 2082 4382 sunt

431 4431 786 4488 repugnare,
819 4433 999 4472 sensu
1028 4418 1356 4472 carentium
1389 4424 1495 4483 est,
1528 4423 1630 4472 aut
1657 4417 1903 4472 minime
1929 4417 2084 4489 bap-

432 4481 744 4560 tiz-atorum
758 4481 779 4561 .7
1482 4481 1488 4483 ﬁ
2015 4481 2027 4489 I
2115 4481 2160 4535 D

506 4593 781 4651 Secunda
822 4594 1173 4666 propositio,
1221 4594 1295 4649 de
1325 4593 1655 4650 infantibus
1687 4611 1700 4650 :
1735 4596 1900 4666 quod
1945 4611 2080 4650 san-

434 4688 562 4739 ctus
591 4684 834 4739 Basilius
863 4683 923 4738 in
952 4683 1187 4752 Regulis
1216 4683 1542 4754 praecipiat,
1576 4690 1636 4738 ut
1660 4685 1760 4753 qui
1790 4685 1864 4739 ad
1898 4683 2082 4754 legiti-

433 4787 598 4827 mam
616 4773 882 4843 pervenit
913 4776 1170 4837 mtatem,
1191 4773 1237 4826 si
1257 4772 1562 4840 virginalis
1577 4773 1934 4843 vitaajugum
1961 4788 2082 4828 non

433 4861 598 4920 ferat.
629 4861 838 4916 habitu
882 4861 1196 4932 spolietur,
1230 4876 1351 4915 non
1383 4867 1470 4916 est
1514 4863 1615 4926 ita,
1651 4862 1754 4916 sed
1787 4862 1992 4916 omnia
2025 4864 2083 4915 in

431 4949 713 5006 omnibus
741 4950 945 5005 divino
967 4950 1206 5021 Spiritu,
1234 4959 1291 5004 et
1312 4955 1651 5023 opportune
1675 4951 1748 5004 ad
1769 4951 1976 5005 mundi
1996 4967 2087 5006 sa-

431 5039 615 5096 lutem
644 5038 966 5094 constituit.
1000 5041 1062 5093 Et
1090 5055 1162 5093 ne
1214 5039 1305 5093 cui
1337 5041 1533 5094 veniat
1584 5039 1645 5094 in
1679 5044 1938 5095 mentem
1968 5056 2087 5095 me-

433 5127 548 5182 lius
585 5126 806 5198 aliquid
841 5143 990 5193 esse,
1035 5127 1423 5199 quantumvis
1464 5126 1708 5183 meliora
1741 5127 2086 5199 insipientes

435 5216 687 5289 quidam
720 5221 976 5272 statuere
1018 5220 1327 5284 conentur,
1364 5216 1490 5288 ipse
1521 5217 1594 5272 de
1629 5215 1740 5270 illis
1773 5216 1951 5272 etiam
1983 5220 2089 5290 qui

510 5353 558 5390 ⁸⁴
588 5352 612 5407 Ι
640 5355 787 5409 Petr.
837 5369 917 5417 Ill,
954 5356 1040 5407 l5.

3370 2292 3618 2360 πέμπτον,
3671 2293 3791 2364 περὶ

2181 2384 2481 2449 μοναχικῆς
2536 2375 2844 2438 τελειώσεως
2884 2397 2898 2410 ο
2960 2377 3122 2442 ἕκτον,
3182 2381 3300 2448 περὶ
3351 2385 3452 2429 τῶν
3512 2379 3660 2452 ἱερῶς
3705 2397 3790 2430 κε-

2181 2470 2522 2537 κοιμημένων.
2582 2467 2646 2521 Τί
2701 2461 2788 2517 οὖν
2841 2467 2982 2517 ἔστιν
3039 2465 3196 2518 εἰπεῖν
3248 2463 3298 2517 ἓν
3349 2467 3589 2530 τούτοις;
3621 2466 3702 2518 ὅτι
3761 2468 3789 2520 ὁ

2183 2553 2524 2626 ἀμφισϐητῶν
2600 2559 2718 2627 περὶ
2771 2553 2880 2615 ἑνὸς
2937 2562 3036 2606 τῶν
3111 2555 3409 2629 εἰρημένων,
3476 2553 3792 2627 ἀμφιϐάλλει

2184 2641 2424 2699 δηλονότι
2497 2647 2586 2694 καὶ
2655 2648 2773 2714 περὶ
2839 2649 2938 2694 τῶν
2997 2641 3180 2707 ἄλλων,
3240 2648 3311 2715 μὴ
3389 2640 3790 2716 θεοπαραδότως

2183 2735 2323 2804 ἔχειν
2374 2749 2388 2762 ο
2435 2736 2524 2784 καὶ
2578 2732 2642 2804 τῇ
2695 2739 2786 2784 τοῦ
2838 2731 2948 2793 ἐνὸς
3013 2729 3270 2804 ἀναιρέσει
3334 2737 3690 2807 συνανῄρηται
3735 2733 3791 2798 ἐξ

2185 2821 2470 2893 ἀναγκαίου
2519 2826 2609 2872 καὶ
2657 2823 2722 2873 τὰ
2749 2820 2906 2873 ’λοιποί
2938 2842 2950 2854 ·
2984 2825 3074 2872 καὶ
3110 2822 3230 2874 οὔτε
3293 2823 3525 2894 ἱερατικὴ
3585 2821 3791 2876 τελείω-

2188 2929 2291 2976 σις,
2348 2913 2464 2962 οὔτε
2520 2918 2619 2960 τὼν
2670 2909 2816 2982 ὶερῶς
2868 2914 3251 2982 κεκοιμημένων
3308 2906 3634 2971 διατύπωσις
3692 2907 3790 2963 εἶεν

2185 3001 2266 3064 ἄν,
2319 3002 2455 3072 εἴπερ
2515 3003 2586 3071 μὴ
2644 3001 2894 3071 πάρεστιν
2946 3001 2974 3058 ἡ
3031 3005 3297 3071 μοναχικὴ
3356 2999 3620 3062 τελείωσις
3654 3018 3665 3029 ’
3700 3004 3792 3051 καί

2187 3083 2338 3156 ἐσμεν
2388 3083 2698 3156 ἐθνόφρονες,
2755 3085 2897 3136 οἰθεοι
2957 3087 3092 3144 ὄντες
3143 3085 3191 3135 ἐν
3222 3093 3294 3154 τῷ
3350 3089 3552 3156 κόσμῳ,
3585 3088 3674 3136 καὶ
3715 3084 3792 3136 ἑλ-

2184 3168 2284 3225 πίδ
2289 3192 2322 3223 α
2371 3176 2442 3244 μη
2505 3174 2734 3244 ἔχοντες.
2770 3177 3010 3233 Τοιοῦτός
3058 3171 3197 3224 ἔστιν
3224 3173 3250 3224 ὁ
3280 3177 3374 3230 τὴν
3403 3176 3661 3247 πρότασιν
3685 3172 3794 3225 εἰσ-

2185 3263 2345 3332 άγων,
2430 3264 2487 3312 τὸ
2562 3263 2716 3314 πόθεν
2773 3262 3124 3336 παρείληπται
3197 3261 3438 3332 μονάζειν
3494 3262 3790 3335 ἄνθρωπον,

2190 3354 2288 3403 Καὶ
2337 3349 2479 3402 ούπω
2517 3349 2669 3418 λέγω,
2701 3351 2782 3402 ὃτι
2827 3354 2910 3401 καὶ
2941 3353 3128 3412 πάντες
3167 3353 3216 3402 οἱ
3257 3349 3436 3422 ἔξοχοι
3464 3359 3562 3403 τῶν
3617 3353 3788 3424 θεοφό-

2183 3459 2288 3514 ρων
2345 3441 2605 3511 Πατέρων,
2665 3445 2754 3490 καὶ
2783 3444 3042 3510 μονασταὶ
3067 3443 3331 3510 γεγόνασι,
3367 3443 3456 3491 καὶ
3501 3443 3588 3492 τὸν
3635 3459 3794 3511 μονα-

2186 3533 2342 3599 χικόν
2373 3525 2505 3600 βίον,
2565 3529 2636 3588 ὡς
2686 3526 2978 3598 ἀγγελικόν,
3013 3527 3344 3589 ἐπιθειάζουσι
3377 3548 3390 3561 ο
3429 3531 3556 3602 πρὸς
3603 3529 3671 3580 ὧν
3700 3532 3794 3580 καὶ

2185 3619 2250 3669 τὰ
2279 3613 2642 3668 διατυπωτικὰ
2666 3623 2756 3676 τῆς
2789 3618 2925 3689 ἱερᾶς
2973 3617 3114 3678 ζωῆς
3156 3620 3564 3690 συγγράμματα.
3617 3616 3678 3669 Εἰ
3735 3613 3798 3669 δέ

2186 3725 2288 3757 τινι
2339 3712 2457 3766 νοῦς
2507 3705 2751 3778 πάρεστι,
2807 3706 3007 3765 πάντως
3057 3706 3287 3779 εὑρήσει,
3351 3710 3439 3757 καὶ
3495 3705 3651 3758 αὐτὸν
3708 3708 3798 3757 τὸν

2191 3796 2324 3846 θεῖον
2381 3795 2670 3858 Διονύσιον,
2730 3803 2840 3855 πῶς
2895 3797 3031 3846 κατὰ
3087 3799 3209 3856 τοὺς
3264 3793 3566 3866 ἁγγελικούς
3614 3790 3800 3846 διακό-

2190 3901 2374 3954 σψιους,
2424 3887 2513 3934 καὶ
2561 3886 2682 3943 τοὺς
2737 3884 3027 3956 ἰερατικούς
3077 3881 3339 3955 βαθμοὺς,
3393 3888 3482 3936 καὶ
3537 3886 3652 3943 τοὺς
3701 3882 3800 3945 ἔξω

2191 3972 2487 4045 ἱερωσύνης,
2578 3971 2892 4044 ἰσαρίθμους
2978 3991 3125 4046 τρισι
3211 3971 3420 4034 τάξεσιν
3509 3970 3794 4044 ἀπένειμεο

2187 4065 2400 4133 πρώτην
2458 4064 2548 4111 καὶ
2591 4059 2963 4132 εἰσαγωγικὴν,
2996 4068 3097 4112 τῶν
3149 4062 3225 4112 ἔτι
3276 4065 3644 4133 μαιευομένων,
3677 4063 3799 4119 ἦτοι

2188 4154 2596 4221 κατηχουμένων
2627 4165 2640 4178 ·
2716 4145 2962 4221 δευτέραν
3034 4156 3134 4200 τῶν
3211 4153 3634 4221 πεφωτισμένων,
3707 4155 3799 4203 καὶ

2187 4243 2364 4312 τρίτην
2429 4247 2526 4289 τῶν
2595 4245 2902 4308 μοναχικῶς
2967 4237 3326 4308 τελειουμένων
3366 4251 3382 4268 ⁶
3434 4241 3523 4289 καὶ
3572 4241 3631 4288 τό
3685 4243 3800 4297 τοῖς

2190 4325 2426 4401 ἐναργέσι
2483 4328 2776 4399 μαχεσθαι,
2847 4325 3174 4384 ἀναισθήτων
3247 4324 3410 4393 ἐστὶν,
3477 4326 3506 4385 ἣ
3575 4324 3800 4378 ἀϐαπτί-

2193 4434 2349 4470 στων.

2261 4596 2329 4646 Τὸ
2364 4589 2599 4665 δεύτερον
2628 4591 2927 4667 πρόϐλημα,
2959 4597 3076 4668 περὶ
3133 4600 3231 4645 τῶν
3287 4597 3504 4658 νηπίων,
3537 4593 3638 4657 ὅτι,
3695 4612 3801 4665 φη-

2195 4686 2298 4746 σὶν,
2333 4683 2358 4734 ό
2391 4681 2538 4754 ἅγιος
2589 4683 2852 4744 Βασίλειος
2899 4681 2947 4734 ἓν
2997 4689 3106 4744 τοῖς
3140 4686 3363 4736 Κανόσιν
3394 4685 3652 4756 επιτρέπει
3709 4682 3799 4757 έρ-

2193 4775 2394 4844 χο’μενα
2445 4772 2516 4833 εἰς
2571 4776 2664 4830 τὴν
2712 4775 2916 4843 ἔννομον
2969 4771 3196 4836 ἡλικίαν,
3252 4771 3296 4824 εἰ
3344 4776 3414 4843 μὴ
3477 4775 3672 4844 φέροιεν
3709 4774 3798 4824 τὸν

2195 4861 2352 4931 ζυγὸν
2429 4857 2523 4922 τῆς
2592 4858 2640 4912 ἓν
2693 4863 2948 4932 παρθενίᾳ
2995 4863 3153 4923 ζωῆς,
3229 4859 3792 4933 ἁποσχηματίζεσθαι,

2194 4948 2300 5021 οὐχ
2347 4949 2507 5010 οὕτως
2541 4966 2554 4979 ο
2589 4947 2717 5001 ἀλλὰ
2759 4951 3110 5022 νομοθετήσας
3161 4951 3332 5002 πάντα
3379 4952 3428 5002 ἐν
3485 4954 3619 5002 πᾶσι
3677 4949 3796 5019 θείῳ

2197 5041 2474 5110 Πνεύματι,
2523 5043 2613 5091 καὶ
2663 5043 2936 5111 σωτηρίως
2987 5046 3060 5108 τῷ
3093 5043 3302 5110 κόσμῳ,
3341 5043 3440 5091 Καὶ
3491 5040 3558 5099 ὡς
3609 5037 3704 5090 ούκ
3734 5037 3796 5089 ἂν

2197 5125 2528 5194 ἐπινοηθεῖεν,
2603 5125 2936 5201 βελτιώτερόν
3014 5147 3064 5180 τι
3141 5129 3399 5200 γίνεσθαι,
3481 5127 3578 5178 κᾶν
3662 5145 3795 5188 τινες

2201 5216 2559 5292 ἀφρονεύοντες
2627 5226 2900 5292 πειρῶνται
2979 5218 3045 5268 τὰ
3126 5221 3392 5290 κρείττονα
3452 5217 3745 5289 νομοθετεῖν
3775 5232 3791 5247 ·

2004 5462 2046 5516 Ν
2054 5461 2229 5519 OTIE.

513 5565 650 5640 (57')
673 5567 838 5623 Hanc
860 5566 1123 5640 Dionysii
1151 5572 1206 5626 et
1233 5566 1524 5625 Theodori
1550 5568 1903 5626 sententiam
1933 5569 2191 5643 explicat
2219 5571 2329 5626 Leo
2355 5568 2598 5625 Allatius
2626 5567 2730 5625 lib.
2763 5583 2826 5625 ιιι
2855 5569 2942 5626 De
2971 5583 3283 5635 consensu,
3312 5582 3446 5642 cap.
3473 5565 3559 5624 16.
