4036 6276
234 293 381 350 i525

1499 292 2016 350 EPISTOLARUM
2055 294 2194 351 LIB.
2232 294 2305 351 II.

3456 292 3595 348 1526

234 419 393 482 αὐτὸς
418 424 508 472 καὶ
540 422 657 490 περὶ
695 426 792 471 τῶν
842 417 942 472 ἀπὸ
1001 424 1207 493 πρώτης
1261 419 1469 482 ἡλικίας
1524 439 1816 495 προσερχο-

1940 420 2368 491 aprimatetate
2382 421 2967 495 veniunt,quomodo
2978 419 3228 491 regendi
3242 420 3377 484 sint,
3390 418 3586 485 legem

232 514 415 582 μένων,
466 514 573 570 τοῖς
631 505 1082 581 ἀναδεδεγμένοις,
1136 512 1221 561 τὸν
1267 516 1361 571 τῆς
1417 511 1696 582 ἡγεμονίας
1755 513 1832 563 θε-

236 600 367 668 σμὸν
421 599 783 668 νενομοθέτηκε
813 614 824 626 ·
857 603 945 649 καὶ
987 598 1017 656 ἡ
1054 595 1231 671 βίϐλος
1276 594 1449 663 δηλοῖ,
1477 603 1566 650 καὶ
1606 602 1663 651 τὸ
1715 599 1829 650 κατ’

232 689 347 747 ἔπος
402 686 561 758 λέγειν
623 685 845 739 ἇνταῦθα
914 690 1007 739 οὐκ
1068 690 1303 759 ἐπαρκές.
1365 687 1504 747 Πλὴν
1568 689 1648 740 ὅτε
1703 691 1831 759 μετὰ

229 781 322 833 τὴν
369 775 748 850 συμπλήρωσιν
806 783 898 828 τοῦ
949 776 1126 847 λόγου,
1166 780 1328 847 ἤγουν
1375 776 1476 829 ἀπὸ
1529 773 1829 830 ἑκκαιδεκα-

231 870 383 929 ετίας,
416 869 680 939 καὶπρὸς,
734 864 844 937 μεθ’
899 866 966 915 ὧν
994 870 1084 917 καὶ
1111 870 1265 937 τιμαὶ
1301 870 1391 918 καὶ
1443 870 1712 937 τιμωρίαι,
1763 868 1832 927 ὦς

234 973 393 1026 φησιν
424 954 575 1014 αὐτὸς
604 996 615 1009 .
666 959 783 1027 περὶ
824 954 992 1005 αὐτῶν
1035 952 1361 1027 ἐκκρίνεσθαι
1405 951 1532 1021 δεῖν,
1564 960 1650 1007 καὶ
1713 974 1832 1007 συν-

232 1045 487 1097 άπτεσθαι
535 1051 644 1104 ταῖς
675 1040 994 1116 ἀδελφότησι
1038 1040 1132 1095 διὰ
1172 1051 1266 1106 τῆς
1305 1052 1601 1116 μοναχικῆς
1631 1043 1830 1096 τελειώ-

233 1152 363 1195 σεως
412 1137 745 1206 προστέταχε
777 1152 790 1165 ·
851 1138 941 1185 καὶ
996 1135 1167 1185 ἔκτοτε
1222 1136 1646 1205 μετατιθεμένους
1700 1137 1828 1205 πρὸς

226 1225 315 1275 τὸν
342 1225 634 1274 κοινωνικὸν
667 1220 804 1293 βίον,
838 1221 890 1284 ἐξ
942 1221 1239 1296 ἀκατροπῆς
1291 1228 1542 1295 πονηρᾶς,
1575 1219 1714 1293 μηδὲ
1742 1224 1827 1274 θύη

225 1330 322 1385 ραν
370 1309 668 1382 ἀνοίγεσθαι
697 1311 869 1372 αὐτοῖς
926 1314 1061 1363 κατά
1087 1310 1245 1381 ψιλὴν
1306 1308 1604 1381 παράδοσιν
1659 1311 1824 1382 [(ἷοά.

228 1402 371 1469 Reg.
413 1395 676 1474 περίοδον]
728 1399 783 1462 ἐξ
825 1400 891 1450 ὧν
940 1398 1244 1457 ἀπέστησαν
1288 1398 1593 1453 κεκέλευκεν.
1644 1396 1828 1452 Ἐνδο-

229 1490 311 1541 θεν
365 1486 424 1541 δὲ
460 1496 550 1540 τοῦ
607 1492 980 1561 προειρημένου
1041 1491 1202 1554 ἔτους,
1257 1488 1299 1541 εὶ
1352 1492 1422 1560 μὴ
1491 1491 1828 1561 αἱρουμένους

225 1581 315 1630 τὸν
361 1576 409 1629 έν
445 1579 698 1650 παρθενίᾳ
730 1575 871 1649 βίον,
930 1578 958 1636 ἦ
1014 1582 1104 1629 καὶ
1160 1578 1513 1650 αἱρουμένους,
1570 1577 1701 1630 ἀλλὰ
1752 1583 1822 1649 μὴ

226 1667 465 1729 θέλοντας
517 1668 934 1738 καταρτισθῆναι
990 1670 1119 1740 πρὸς
1174 1670 1267 1725 τὴν
1316 1671 1613 1739 μοναχικὴν
1662 1668 1821 1732 ζωὴν,

1938 511 2299 582 ρτωεοτὶρείι
2338 512 2405 566 iis
2443 513 2545 584 qui
2586 512 2747 583 ipsos
2787 512 3116 583 receperint
3157 528 3169 565 :
3213 510 3394 581 idque
3445 508 3595 564 liber

1940 599 2217 670 explicat,
2251 606 2306 655 et
2340 606 2397 655 ut
2438 601 2674 670 singula
2712 602 2806 656 hic
2847 602 2921 655 ad
2963 600 3209 656 verbum
3254 599 3589 663 recitentur,

1940 694 2177 758 tempus
2198 689 2609 745 nonsufticiat.
2636 692 2945 757 Caeterum,
2973 688 3264 759 ubiplane
3281 692 3591 756 compotes

1940 776 2183 832 rationis
2207 778 2336 847 jam
2371 784 2525 844 sunt,
2560 779 2673 834 hoc
2703 784 2791 834 est
2830 779 2905 834 ab
2937 794 3097 834 anno
3138 776 3327 832 aetatis
3356 775 3592 830 decimo

1942 872 2108 922 sexto
2139 874 2193 920 et
2224 866 2394 933 ultra,
2435 873 2573 922 tunc
2613 884 2751 922 cum
2791 875 2846 922 et
2872 868 3130 922 honores
3170 872 3224 919 et
3268 880 3456 936 paenae
3499 863 3590 919 lo-

1940 971 2076 1009 cum
2118 955 2358 1019 habent,
2395 959 2459 1009 ut
2500 958 2625 1026 ipse
2662 958 2761 1021 ait,
2800 956 2874 1010 de
2909 955 3019 1010 illis
3057 955 3254 1018 statui,
3299 959 3356 1008 et
3391 952 3591 1007 frater-

1941 1041 2106 1096 nitati
2132 1041 2294 1113 ipsos
2321 1059 2422 1114 per
2441 1044 2860 1100 monachicam
2888 1043 3311 1114 perfectionem
3341 1041 3437 1111 adj
3451 1041 3591 1109 ungi

1934 1130 2102 1200 jubet
2126 1147 2137 1184 :
2167 1148 2239 1186 ex
2260 1147 2450 1203 eoque
2475 1138 2760 1204 tempore,
2783 1134 2829 1187 si
2856 1148 2958 1204 per
2977 1131 3319 1202 improbam
3342 1146 3592 1185 conver-

1940 1221 2169 1274 sionem
2201 1220 2376 1275 velint
2406 1222 2484 1276 ad
2507 1237 2892 1277 communem
2916 1222 3101 1276 vitam
3128 1218 3455 1283 transferri,
3480 1234 3589 1273 nec

1931 1309 2181 1379 januam
2206 1309 2336 1375 illis,
2363 1311 2538 1365 etiam
2574 1311 2825 1365 minimo
2872 1314 3003 1381 post
3035 1314 3327 1379 tempore,
3371 1307 3589 1378 aperiri

1938 1396 2120 1452 voluit
2151 1404 2210 1451 ut
2237 1398 2313 1451 ad
2340 1414 2411 1453 ea
2448 1397 2697 1454 redeant
2734 1415 2869 1471 quae
2906 1398 3291 1469 reliquerunt.
3320 1398 3474 1451 Intra
3505 1396 3593 1451 di-

1936 1492 2097 1540 ctum
2135 1492 2334 1541 autem
2372 1503 2623 1552 annum,
2655 1488 2759 1559 qui
2793 1503 2915 1541 non
2945 1486 3230 1555 elegerint
3259 1485 3438 1539 vitam
3474 1485 3591 1539 vir-

1935 1576 2219 1643 ginalem,
2248 1583 2349 1630 aut
2379 1575 2661 1644 elegerint
2684 1575 2954 1647 quidem,
2979 1575 3083 1630 sed
3116 1578 3192 1630 ad
3222 1575 3353 1628 vitae
3388 1589 3589 1628 mona-

1935 1663 2116 1717 chicae
2148 1663 2569 1733 perfectionem
2602 1665 2791 1719 nolint
2819 1663 3199 1723 contendere,
3225 1663 3337 1717 hos
3365 1662 3589 1717 secerni

225 1753 618 1830 ἀποκρίνεσθαι,
676 1760 765 1807 καὶ
819 1754 1221 1827 ἀποπέμπεσθαι
1270 1754 1335 1815 εἰς
1388 1759 1478 1807 τὸν
1529 1760 1816 1808 κοινωνικὸν

1930 1752 2097 1821 jubet
2124 1759 2180 1807 et
2210 1752 2287 1808 ad
2314 1769 2700 1808 communem
2726 1753 2910 1807 vitam
2938 1752 3273 1817 amandari,
3307 1767 3381 1807 ne
3403 1766 3588 1806 sacrae

225 1841 377 1916 βίον·
464 1847 528 1905 ὡς
592 1848 662 1915 μὴ
723 1839 896 1901 ὀνείδη
972 1841 1295 1895 ἀνάπτεσθαι
1356 1851 1427 1913 τῷ
1499 1846 1614 1917 ἱερῷ
1698 1843 1823 1917 βίῳ.

222 1931 392 2005 [(3οά.
421 1936 560 2002 Reg.
585 1932 907 1989 ἀνάπτεσθαι
930 1939 1045 1995 ταῖς
1070 1930 1391 2004 ἀποτυχίαις
1420 1940 1492 2002 τῷ
1520 1934 1637 2007 ἱερῷ
1668 1932 1820 2006 βίῳ].

222 2028 403 2074 Ταῦτα
432 2018 490 2075 δὲ
530 2020 638 2074 ἐπεὶ
669 2021 727 2074 οὐ
774 2023 980 2083 πάντως
1008 2025 1241 2092 γίνονται
1291 2023 1341 2073 ἕν
1369 2041 1480 2073 τισι
1530 2024 1705 2083 καθὼς
1751 2020 1824 2073 ἐν·

223 2110 483 2177 τίταλται,
535 2109 663 2162 ἀλλά
725 2108 1064 2181 ἀποκείρουσι
1115 2110 1355 2167 νηπιόθεν
1385 2127 1397 2140 ·
1460 2109 1489 2167 ἦ
1549 2115 1638 2162 καὶ
1690 2112 1825 2162 κατά

224 2196 430 2254 ἠλικίαν
477 2200 700 2267 ἔννομον,
754 2195 862 2247 ἀλλ’
913 2195 972 2247 οὐ
1024 2200 1277 2267 νομίμως,
1326 2201 1415 2247 καὶ
1473 2201 1824 2269 κατηρτισμέ-

224 2306 317 2347 νως
345 2304 359 2319 ·
394 2283 489 2338 διὰ
539 2293 692 2337 τοῦτο
745 2287 813 2336 τά
840 2285 946 2336 ἄνω
999 2286 1140 2336 κάτω
1168 2304 1181 2316 ο
1206 2289 1293 2337 καὶ
1355 2287 1514 2357 ἱερεὺς
1566 2294 1656 2338 και
1699 2305 1823 2358 προ-

225 2379 389 2446 φήτης
433 2373 738 2441 ἐξέστησαν,
779 2374 914 2424 κατά
964 2376 1022 2424 τὸ
1073 2376 1425 2446 γεγραμμένον
1452 2390 1464 2402 ·
1495 2377 1585 2424 καὶ
1640 2380 1821 2447 μυριό-

223 2460 373 2525 δοξος
418 2458 736 2535 παράδοσις,
778 2465 868 2513 καὶ
924 2460 1227 2534 αὐτόκριτος
1267 2463 1566 2532 νομοθεσία,
1628 2462 1686 2513 οὐ
1730 2459 1824 2515 διὰ

223 2551 416 2617 φιλίαν,
454 2550 583 2602 ἀλλά
628 2547 721 2602 διὰ
766 2550 1108 2624 φιλαργυρίαν
1141 2566 1153 2579 ·
1213 2546 1337 2602 οὐδὲ
1386 2546 1480 2602 διὰ
1532 2556 1817 2623 σωτηρίαν,

222 2638 351 2691 ἀλλά
407 2637 501 2692 διὰ
552 2636 898 2712 φιλοκερδίαν.
950 2643 1049 2692 Καὶ
1092 2641 1219 2711 πρὸς
1265 2646 1429 2691 ταῦτα
1478 2637 1623 2709 ἐγώὁ
1667 2640 1821 2699 τάλας

220 2727 589 2801 ἀποκρίνεσθαι
628 2727 721 2780 οὐκ
764 2730 893 2800 ἔχω,
940 2728 969 2786 ἣ
1027 2731 1216 2779 στένειν
1267 2731 1356 2779 καὶ
1402 2728 1817 2800 σκυθρωπάζειν,

215 2822 306 2869 καὶ
335 2821 423 2877 τας
452 2820 643 2869 ἑαυτῶν
698 2816 951 2890 ἁμαρτίας
981 2815 1278 2869 ἀποκλαίειν
1312 2834 1324 2846 ’
1388 2819 1453 2869 σὺ
1481 2813 1541 2869 δὲ
1579 2820 1816 2885 σωθείης,

218 2910 391 2959 τέκνον
422 2906 774 2978 ἠγαπημένον.

347 3038 524 3115 ΡΞς.
557 3039 671 3112 (58)
703 3070 769 3082 -
799 3043 1175 3112 Θεοκτίστῳ
1215 3039 1490 3114 ἐρημίτῃ
1523 3036 1684 3112 [ψδ’.]

1937 1841 2069 1896 vitae
2086 1841 2392 1897 infamiam
2411 1842 2819 1907 inurant.Qure
2835 1842 3123 1913 quoniam
3146 1842 3205 1895 in
3222 1838 3588 1912 quibusdam

1932 1944 2055 1985 non
2073 1931 2153 1985 ita
2174 1945 2421 2002 prorsus
2442 1931 2591 1985 fiunt
2621 1936 2681 1985 ut
2710 1936 3011 2001 praecepta
3029 1934 3186 1996 sunt,
3212 1929 3317 1984 sed
3342 1928 3587 1983 tonden-

1933 2025 2025 2073 tur
2053 2019 2130 2074 ab
2162 2019 2411 2074 infantia
2440 2036 2453 2084 ;
2487 2023 2589 2075 aut
2617 2018 2666 2073 si
2689 2018 2952 2088 legitima
2981 2024 3174 2085 astate,
3206 2024 3266 2073 at
3295 2033 3416 2072 non
3446 2016 3587 2087 legi-

1932 2107 2072 2163 time
2101 2113 2155 2162 et
2185 2107 2440 2179 perfecte
2476 2125 2489 2173 ;
2528 2113 2837 2178 prOpterea
2869 2122 3090 2179 susque
3129 2108 3324 2179 deque
3351 2104 3582 2171 omnia,

1930 2202 1987 2253 et
2016 2197 2297 2252 sacerdos
2329 2203 2385 2252 et
2418 2199 2710 2269 prepheta
2733 2202 2930 2253 mente
2961 2197 3208 2253 alienati
3239 2202 3397 2262 sunt,
3432 2196 3585 2251 sicut

1930 2286 2218 2357 scriptum
2262 2292 2351 2341 est
2408 2288 2475 2351 ‘5,
2518 2293 2575 2341 et
2608 2302 2860 2341 numero
2908 2286 3139 2341 infinita
3185 2284 3422 2341 traditio
3473 2300 3581 2355 pro

1930 2375 2172 2430 arbitrio
2194 2376 2506 2446 cujusque,
2532 2380 2589 2429 et
2611 2390 2796 2446 quam
2817 2390 2925 2429 suo
2950 2374 3207 2445 quisque
3225 2372 3452 2444 judicio
3473 2371 3585 2426 ﬁn-

1931 2465 2010 2533 git
2039 2463 2349 2533 legislatio,
2384 2480 2503 2519 non
2544 2480 2614 2518 ex
2654 2462 2989 2528 dilectione,
3019 2463 3123 2517 sed
3163 2478 3235 2517 ex
3274 2461 3523 2517 avaritia
3564 2480 3577 2516 :

1930 2568 2122 2624 neque
2155 2552 2377 2617 salutis,
2410 2553 2513 2608 sed
2545 2553 2691 2607 lucri
2723 2551 2941 2607 studio.
2976 2554 3039 2606 Et
3067 2552 3141 2607 ad
3166 2551 3298 2607 haec
3327 2565 3437 2621 ego
3473 2550 3581 2605 mi-

1930 2624 2022 2696 s'er
2050 2640 2196 2713 quid
2218 2642 2615 2712 respondeam
2640 2657 2759 2696 non
2791 2640 3007 2701 habeo,
3040 2640 3153 2695 nisi
3173 2646 3231 2695 ut
3262 2645 3505 2709 gemant
3525 2646 3583 2695 et

1930 2730 2247 2793 tristentur,
2273 2735 2329 2785 et
2355 2747 2464 2786 sua
2488 2732 2760 2800 ipsorum
2789 2733 3036 2801 peccata
3063 2728 3322 2785 deﬂeant
3354 2746 3366 2783 :
3394 2734 3456 2783 tu
3487 2742 3582 2782 ve-

1928 2834 1996 2874 ro
2038 2817 2237 2874 salvus
2271 2819 2374 2886 sis,
2408 2819 2490 2874 ﬁli
2521 2819 2753 2874 dilecte.

2249 3050 2479 3104 CLXVI.
2512 3080 2579 3089 —
2615 3050 2941 3105 Theoctisto
2980 3048 3257 3105 eremitai.

1046 3156 1119 3204 De
1148 3155 1374 3204 diversis
1409 3156 1741 3219 argumentis
1768 3170 1779 3203 :
1812 3158 1865 3204 et
1893 3155 1949 3203 in
1983 3155 2089 3203 fine
2115 3154 2180 3204 de
2216 3156 2382 3205 sacris
2403 3156 2750 3219 imaginibus.

287 3255 565 3326 Δεξάμενος
627 3257 686 3306 τὸ
739 3262 1089 3327 γραμματεῖον
1156 3262 1247 3315 τῆς
1318 3259 1620 3327 τιμιότητός
1693 3275 1808 3322 σου,
1845 3255 1885 3311 C

209 3351 304 3397 καί
361 3344 610 3415 ἀναγνοὺς
666 3344 736 3405 εἰς
792 3347 1008 3403 ἐπήκοον
1058 3351 1150 3396 τοῦ
1204 3344 1598 3416 θεοφιλεστάτου
1650 3343 1813 3417 ἀρχι-

210 3438 501 3486 επισκὸπου
531 3437 621 3485 καὶ
674 3429 896 3504 ἀδελφοῦ
921 3452 1043 3504 μου,
1076 3431 1185 3504 ἅμα
1233 3439 1340 3493 τοῖς
1373 3440 1619 3484 συνοῦσιν
1663 3429 1809 3483 ἀδελ-

209 3530 328 3595 φοῖς
356 3540 368 3553 ’
414 3522 846 3596 ηὐχαρίστησαὸ
895 3525 1131 3582 ταπεινὸς
1178 3530 1250 3591 τῷ
1313 3526 1506 3596 Κυρίῳ,
1545 3524 1600 3583 ὃς
1651 3522 1810 3574 ἔκλινε

207 3616 304 3670 τὴν
334 3608 558 3684 καρδίαν
614 3630 707 3662 σου
738 3609 945 3681 γράψαι
993 3610 1159 3684 ὀρθῶς
1181 3614 1240 3662 τὸ
1269 3619 1362 3673 τῆς
1420 3616 1647 3674 πίστεως
1680 3614 1807 3683 σύμ-

209 3698 379 3755 ϐολον,
424 3703 492 3752 Τὸ
538 3702 639 3771 γάρ
693 3698 959 3769 ὁμολογεῖν
999 3695 1256 3769 δέχεσθαι
1304 3704 1398 3757 τὴν
1448 3700 1677 3752 Παλαιὰν
1719 3706 1808 3752 και

207 3792 343 3842 Νέαν
370 3790 653 3852 Διαθήκην,
710 3792 799 3839 καὶ
823 3790 995 3839 πάντα
1045 3790 1111 3839 τὰ
1166 3788 1265 3839 ὑπὸ
1298 3797 1395 3840 τῶν
1435 3789 1595 3861 ἁγίων
1650 3792 1805 3841 Πατέ-

205 3897 308 3951 ρων
332 3872 735 3950 παραδεδομένα
762 3883 823 3947 τῇ
886 3874 1169 3947 Ἐκκλησία
1196 3884 1286 3928 τοῦ
1325 3881 1473 3937 Θεοῦ,
1525 3876 1805 3947 κεφαλαιω-

210 3962 366 4026 δώςή
421 3964 643 4038 ὀρθότης
672 3963 787 4016 ἐστὶ
835 3971 928 4025 τῆς
957 3967 1201 4025 πίστεως.
1254 3961 1465 4023 Ἐπειδὴ
1501 3961 1560 4016 δὲ
1618 3967 1806 4039 αἱρετι-

205 4062 316 4115 κοῖς
373 4056 486 4106 ἔστι
537 4060 703 4105 ταῦτα
754 4051 939 4123 λέγειν,
996 4052 1055 4104 οὐ
1124 4058 1226 4123 μὴν
1281 4053 1617 4125 εόρίσκεσθαι
1672 4056 1806 4106 κατά

205 4146 328 4203 τοὺς
376 4141 555 4213 λόγους
625 4141 793 4194 αὐτῶν
855 4140 1265 4214 ὀρθοτομοῦντας
1331 4146 1417 4194 τὸν
1494 4142 1643 4212 λόγον
1710 4150 1803 4203 τῆς

204 4229 445 4291 ἀληθείας
474 4248 485 4260 ·
535 4228 629 4283 διὰ
649 4238 802 4283 τοῦτο
852 4233 997 4305 παρά
1039 4239 1137 4283 τῶν
1189 4234 1513 4304 πεμφθέντων
1550 4227 1801 4303 ἀδελφῶν,

204 4324 297 4372 καὶ
346 4319 580 4391 μάλιστα
620 4322 764 4393 παρὰ
792 4327 883 4372 τοῦ
918 4318 1053 4372 ἀϐϐοἱ
1080 4322 1420 4391 Σωσιπάτρου
1473 4323 1805 4383 ἐπεζητήσα-

204 4428 296 4480 μεν
341 4412 397 4461 τὸ
441 4407 670 4483 ἀκριϐὲς,
714 4410 851 4461 καθά
892 4414 980 4461 καὶ
1023 4408 1285 4472 ἐζήτησας
1321 4409 1368 4461 ἐν
1414 4415 1519 4469 τοῖς
1564 4411 1804 4481 γράμμα-

207 4517 264 4551 σι
287 4517 305 4529 δ
358 4494 449 4550 διὰ
478 4502 534 4549 τὸ
573 4502 644 4571 μὴ
676 4499 847 4550 πάντα
882 4496 1132 4571 ἐγχωρεῖν
1189 4497 1524 4569 ἀπαγγέλλειν
1567 4502 1659 4556 τὴν
1695 4496 1802 4550 ἐπι-

206 4586 388 4644 στολήν
416 4604 427 4616 ·
479 4590 569 4638 καὶ
611 4586 820 4661 εὕρομεν
859 4589 1045 4659 χάριτι
1090 4594 1343 4658 Χριστοῦ,
1392 4584 1799 4658 ἀπαγγέλλοντας
1836 4609 1880 4663 D
1910 4588 1969 4643 la
2010 4605 2021 4643 :

204 4676 395 4737 αὐτοὺς
440 4674 758 4749 ὁρθοφρὸνως
822 4677 887 4727 τὰ
936 4677 1077 4749 παρὰ
1129 4683 1225 4728 σοῦ
1272 4676 1451 4737 αὐτοῖς
1494 4677 1801 4747 πάρατιθέν-

201 4785 284 4819 τα.
316 4768 445 4817 Τίνα
484 4761 542 4817 δὲ
590 4772 796 4828 ταῦτα;
848 4760 955 4817 δεῖν
996 4763 1042 4815 ἐν
1095 4764 1391 4837 κεφαλαίοις
1442 4764 1802 4836 ἐπισημανθῆ-

196 4873 303 4906 ναι.
330 4860 536 4927 Πρῶτον
573 4859 804 4925 περὶτῆς
857 4852 1008 4924 ἁγίας
1036 4858 1293 4906 Θεοτὸκου
1318 4873 1330 4885 ·
1384 4858 1514 4924 φασὶ
1556 4856 1657 4929 γὰρ
1716 4854 1796 4905 λέ-

196 4961 308 5014 γειν
369 4960 443 5010 σε,
506 4942 583 4993 ὄτι
646 4946 746 5014 πρὸ
798 4950 897 4993 τῶν
955 4942 1150 4993 αἰώνων
1208 4944 1237 5001 ἡ
1294 4945 1571 5014 Παρθένος.
1636 4948 1800 4995 Τοῦτο

198 5027 384 5088 ἐπειδὴ
431 5028 656 5105 ἀρνῆσαι
706 5036 830 5103 μήτε
886 5030 1069 5101 λέγειν,
1132 5036 1263 5102 μήτε
1308 5027 1366 5083 δὲ
1415 5038 1631 5103 φρονεῖν,
1692 5030 1798 5083 ἀλλ’

200 5119 466 5192 ὁμολογεῖν
519 5119 571 5181 ἐξ
617 5115 807 5193 ἀνδρὸς
854 5125 942 5172 καὶ
980 5125 1224 5190 γυναικὸς
1268 5120 1508 5192 Ἰωακεὶμ
1544 5128 1631 5171 καὶ
1681 5120 1799 5171 Ἀν-

195 5227 291 5268 νης
318 5210 576 5279 τετάχθαι
623 5208 807 5276 αὐτὴν,
858 5206 910 5260 εὖ
964 5210 1025 5260 ἄν
1058 5211 1196 5280 ἔχοι.
1228 5212 1487 5281 Δεύτερον,
1539 5215 1656 5280 περὶ
1709 5218 1799 5261 τοῦ

200 5302 418 5371 Κυρίου,
474 5299 552 5350 ὁτι
603 5297 695 5350 οὐκ
751 5296 1079 5369 ἐσταυρώθη.
1132 5296 1345 5356 Ἐπειδὴ
1416 5294 1474 5350 δε
1540 5298 1799 5369 ὁμολογεῖς

274 5407 321 5441 ⁸⁵
352 5407 465 5462 Isa.
494 5420 701 5476 xxvni,
740 5410 796 5459 7.

1997 3258 2238 3311 Brevem
2296 3257 2612 3329 epistolam
2662 3256 3004 3311 reverentiae
3058 3261 3173 3310 tuae
3221 3271 3360 3311 cum
3408 3270 3578 3310 acce-

1921 3344 2167 3414 pissem,
2189 3345 2586 3418 legissemque
2618 3345 2895 3400 audiente
2921 3345 3021 3399 Dei
3048 3344 3466 3399 amantissimo
3490 3360 3575 3398 ar-

1919 3432 2298 3505 chiepiscopo
2338 3440 2394 3490 et
2422 3434 2601 3489 fratre
2644 3450 2802 3501 meo,
2837 3449 2957 3488 una
2982 3450 3121 3488 cum
3157 3432 3435 3487 fratribus
3474 3432 3579 3503 qui

1919 3522 2169 3577 aderant
2197 3543 2211 3587 ς
2244 3525 2492 3578 Domino
2523 3523 2767 3578 humilis
2802 3538 2911 3592 ego
2951 3522 3173 3591 gratias
3204 3523 3317 3591 egi,
3348 3521 3447 3592 qui
3478 3536 3580 3575 cor

1921 3614 2087 3665 tuum
2111 3611 2352 3676 inflexit,
2378 3620 2434 3666 ut
2454 3612 2587 3667 ﬁdei
2608 3611 2952 3682 symbolum
2982 3615 3135 3665 recte
3160 3610 3573 3681 perscriberes.

1917 3699 2087 3763 Quod
2112 3700 2273 3755 cnim
2317 3700 2617 3755 conﬁteris
2657 3704 2710 3754 te
2753 3702 2924 3753 Vetus
2964 3701 3317 3771 Novumque
3371 3700 3567 3753 Testa-

1918 3795 2189 3844 mentum
2218 3790 2498 3859 recipere,
2536 3789 2835 3860 simulque
2875 3788 3081 3844 omnia
3110 3804 3246 3860 quae
3288 3804 3322 3843 a
3353 3788 3573 3843 sanctis

1918 3878 2186 3931 Patribus
2221 3876 2433 3931 tradita
2459 3882 2595 3931 sunt
2628 3876 2895 3931 Ecclesiae
2931 3876 3047 3941 Dei,
3082 3880 3242 3931 recta
3272 3880 3359 3931 est
3393 3882 3569 3945 atque

1915 3966 2122 4021 omnia
2168 3966 2421 4021 breviter
2479 3965 2882 4035 complectens
2929 3964 3066 4019 ﬁdei
3101 3964 3413 4035 professio.
3459 3963 3573 4020 Sed

1912 4057 2056 4127 quia
2096 4054 2350 4109 haeretici
2386 4056 2562 4108 etiam
2594 4054 2723 4109 haec
2744 4054 2940 4108 dicere
2981 4054 3190 4117 solent,
3232 4069 3339 4108 nec
3369 4058 3570 4108 tamen

1914 4152 2088 4208 recte,
2126 4150 2185 4198 ut
2208 4142 2321 4213 ipsi
2340 4144 2594 4214 jactant,
2621 4142 2882 4198 veritatis
2905 4141 3244 4207 doctrinam
3276 4141 3572 4212 explicare

1912 4232 2440 4303 deprehenduntur
2493 4248 2506 4286 :
2551 4230 2770 4286 idcirco
2826 4229 2904 4284 ab
2946 4230 3013 4284 iis
3058 4229 3161 4301 qui
3215 4229 3378 4285 missi
3434 4234 3572 4284 sunt

1913 4322 2212 4384 fratribus,
2248 4322 2626 4392 maximeque
2644 4319 2721 4374 ab
2747 4320 2968 4375 abbate
2994 4320 3299 4389 Sosipatro
3323 4334 3448 4372 rem
3474 4334 3567 4373 ex~

1912 4411 2289 4482 quisivimus,
2308 4408 2827 4480 quemadmodum
2852 4409 3102 4479 ipselper
3121 4407 3345 4463 litteras
3368 4412 3569 4478 postu-

1911 4499 2068 4555 laras
2092 4515 2103 4552 :
2126 4515 2194 4552 eo
2211 4499 2371 4569 quod
2406 4497 2611 4552 omnia
2636 4498 2946 4552 enuntiare
2972 4512 3091 4552 non
3122 4503 3322 4568 posset
3345 4497 3567 4567 episto-

2066 4587 2393 4659 Christique
2435 4586 2725 4642 beneﬁcio
2765 4586 3195 4658 comperimus,
3229 4586 3563 4641 orthodoxe

1910 4677 1988 4732 ab
2015 4677 2156 4747 ipsis
2187 4676 2385 4731 referri
2413 4692 2549 4747 quae
2590 4682 2649 4729 tu
2678 4674 2788 4730 illis
2823 4676 3239 4730 commiseras.
3274 4676 3563 4740 Quasnam

1907 4766 2037 4821 haec
2066 4771 2205 4820 sunt
2230 4766 2259 4817 ?
2285 4781 2524 4819 necesse
2545 4764 2706 4819 enim
2730 4771 2816 4819 est
2840 4771 2901 4819 ut
2931 4780 3001 4819 ea
3026 4763 3400 4834 capitulatim
3414 4764 3565 4817 desi-

1907 4859 2185 4925 gnentur.
2220 4855 2500 4912 Primum.
2535 4854 2609 4909 de
2651 4858 2825 4908 santa
2850 4853 3104 4923 Deipara
3136 4868 3149 4906 :
3187 4853 3355 4907 aiunt
3395 4853 3561 4907 enim

1906 4942 2102 4997 dicere
2146 4947 2223 5004 te,
2256 4943 2553 5010 Virginem
2609 4948 2744 4998 ante
2807 4942 3026 4996 saecula
3067 4940 3384 4996 exstitisse.
3443 4941 3564 4995 Hoc

1906 5032 2050 5101 quia
2082 5046 2265 5098 negas
2297 5038 2349 5086 te
2382 5031 2471 5084 vel
2501 5030 2695 5085 dicere
2731 5030 2820 5084 vel
2849 5029 3087 5093 sentire,
3123 5028 3228 5083 sed
3255 5028 3555 5085 confiteris

1906 5119 2071 5175 illam
2094 5136 2165 5174 ex
2194 5121 2317 5174 viro
2339 5125 2394 5174 et
2421 5120 2662 5183 femina,
2690 5118 2958 5174 Joachim
2988 5120 3253 5181 etAnna,
3288 5120 3565 5188 progeni-

1908 5215 2053 5274 tam,
2097 5210 2247 5262 bene
2292 5208 2493 5263 habet.
2540 5207 2905 5271 Secundum,
2967 5206 3041 5261 de
3093 5207 3362 5274 Domino,
3394 5207 3561 5279 quod

1908 5298 2225 5353 cruciﬁxus
2248 5314 2365 5352 non
2397 5298 2522 5352 fuit.
2549 5297 2845 5363 Quoniam
2879 5301 3075 5351 autem
3107 5295 3403 5350 confiteris
3431 5311 3562 5350 cru-

1767 5493 1991 5549 NOTAE.

273 5590 391 5665 (58)
429 5592 493 5648 In
533 5592 671 5649 cod.
710 5594 852 5662 Reg.
882 5591 1016 5667 ρνη’.
