4036 6276
511 284 538 340 1
547 286 650 340 52⁸7

1774 283 1836 342 S.
1878 283 2254 342 THEODORI‘
2286 285 2602 346 STUDI‘IE

3719 294 3861 355 ιω

509 409 754 465 ciﬁxum
786 407 972 464 fuisse
1001 409 1336 466 secundum
1378 411 1729 483 Scripturas,
1760 411 1914 468 bene
1937 411 2145 470 habet.

2268 415 2632 488 ἓσταυρῶσθαι
2681 414 2838 469 αὐτόν
2900 418 3036 470 κατὰ
3089 420 3184 481 τάς
3230 421 3455 494 Γραφάς,
3513 417 3568 473 εὖ
3616 419 3674 473 ἀν
3718 425 3847 494 ἔχοι,

506 497 788 564 Tertium,
833 499 908 554 de
970 499 1201 570 angelis
1243 505 1299 556 et
1335 499 1716 556 dmmonibus
1750 517 1761 555 :
1797 501 1960 574 quod
2023 504 2160 573 post

502 587 797 659 judicium
827 587 1027 642 futura
1048 593 1135 642 est
1159 588 1372 644 iterum
1404 589 1692 645 restitutio
1723 590 1781 644 in
1813 591 2154 662 pristinum,

503 679 723 748 ﬁetque
753 693 930 732 unum
963 677 1134 743 ovile,
1176 682 1230 733 et
1257 693 1412 733 unus
1438 685 1650 749 pastor
1675 681 1742 734 ⁸⁸.
1783 681 1845 735 Et
1875 679 2020 750 quia
2043 680 2158 735 hoc

506 781 715 836 negas,
734 765 1053 837 faterisque
1076 771 1360 822 aeternam
1378 767 1502 822 fore
1531 775 1656 823 tum
1678 768 2154 837 damnationem,

507 860 636 911 tum
667 869 919 923 regnum
952 855 1260 920 caelorum,
1305 856 1456 911 bene
1488 857 1686 913 habet.
1729 859 2038 923 Quartum,
2081 857 2156 913 de

509 943 814 999 monacho
855 958 1242 1015 unoquoque,
1275 945 1439 1016 quod
1472 945 1668 1015 possit
1691 946 1884 1016 poenis
1907 944 2157 1000 liberare

506 1037 746 1087 centum
772 1031 1209 1104 quinquaginta
1247 1032 1589 1090 damnatos.
1623 1037 1686 1090 Et
1722 1038 2013 1106 quoniam
2043 1034 2158 1090 hoc

508 1135 716 1190 negas,
743 1126 799 1176 et
827 1121 974 1176 dicis
997 1136 1106 1176 nec
1137 1122 1545 1192 paenitentiam
1565 1139 1694 1178 esse
1727 1128 1860 1194 post
1880 1129 2156 1188 mortem,

509 1225 617 1266 nec
640 1226 1010 1283 quemquam
1037 1211 1140 1282 qui
1172 1213 1358 1281 possit
1383 1211 1462 1266 ab
1487 1211 1725 1267 inﬂictis
1754 1228 1789 1268 a
1815 1213 1933 1268 Deo
1964 1214 2158 1283 poenis

509 1315 739 1365 eruere,
773 1299 926 1354 bene
957 1300 1152 1354 habet.
1187 1299 1492 1365 Quintum,
1526 1300 1598 1355 de
1625 1299 1796 1364 libro,
1823 1302 1922 1372 qui
1945 1302 2160 1357 dicitur

508 1388 745 1444 Antonii
781 1403 795 1453 ;
827 1388 992 1460 quod
1017 1404 1155 1443 eum
1194 1388 1362 1443 dicas
1399 1390 1606 1444 merito
1635 1390 2064 1460 recipiendum,
2097 1390 2158 1445 in

505 1493 629 1550 quo
650 1476 837 1532 multa
867 1477 1374 1548 suntblasphema
1408 1494 1421 1542 ;
1453 1479 1607 1532 sicut
1633 1478 1743 1550 ipsi
1777 1478 2038 1548 legentes
2063 1495 2161 1534 co—

508 1567 853 1637 gnovimus.
876 1567 1239 1637 thuoniam
1267 1566 1469 1622 fateris
1495 1573 1546 1622 te
1572 1569 1730 1622 hunc
1762 1568 2005 1638 rejicere
2036 1575 2160 1624 tan-

505 1672 688 1728 quam
715 1655 975 1710 alienum
999 1655 1076 1712 ab
1110 1655 1366 1710 Ecclesia
1398 1656 1517 1724 Dei,
1551 1671 1660 1712 nec
1694 1656 1955 1727 amplius
1981 1657 2160 1712 habe-

2263 506 2465 574 Τρίτον,
2533 508 2650 576 περὶ
2713 513 2811 557 τῶν
2867 504 3096 577 ἀγγέλων
3148 511 3237 560 καὶ
3293 517 3393 560 τῶν
3449 505 3726 580 δαιμόνων,
3775 513 3852 564 ὃτι

2264 593 2394 659 μετά
2440 596 2533 650 τὴν
2582 597 2754 666 κρίσιν
2805 593 3240 657 ἀποκατάστασις
3297 599 3444 649 ἔσται
3496 597 3649 650 πάλίν
3683 615 3697 628 ·
3752 606 3850 654 καὶ

2263 685 2608 751 γενήσεται
2645 687 2761 754 μία
2811 689 3073 756 ποίμνη,
3115 685 3207 746 εἷς
3253 691 3518 758 ποιμήν.
3557 692 3657 740 Καὶ
3685 685 3852 748 ἔπειδή

2265 777 2417 822 τοῦτο
2468 769 2789 844 ἀπαρνῆσαι,
2857 777 2948 826 καὶ
3014 773 3284 846 ὁμολογεῖς
3341 775 3546 828 αἰώνιον
3604 773 3730 828 εἶναι
3771 796 3853 844 καὶ

2264 864 2358 918 τὴν
2407 864 2582 932 κρίσιν
2628 861 2718 913 καὶ
2770 865 2866 920 τὴν
2921 859 3184 936 βασιλείαν
3241 872 3341 916 τῶν
3391 864 3640 940 οὐρανῶν,
3691 861 3743 918 εὖ
3799 866 3853 918 ἀν

2265 950 2402 1020 ἔχοι.
2455 953 2707 1023 Τέταρτον
2753 955 2866 1025 περὶ
2910 960 3149 1024 μοναχοῦ
3201 952 3327 1019 ἐνὸς,
3373 954 3454 1006 ὅτι
3493 950 3714 1006 δύναται
3769 963 3855 1016 τῆς

2265 1037 2518 1099 κολάσεως
2580 1039 2847 1113 ῥύσασθαι
2897 1040 3076 1093 ἑκατὸν
3133 1047 3450 1100 πεντήκοντα
3515 1047 3852 1115 κρινομένους.

2268 1133 2369 1179 Καὶ
2405 1123 2586 1186 ἐπειδὴ
2639 1136 2793 1181 τοῦτο
2825 1128 3146 1204 ἀπαρνῆσαι,
3177 1135 3265 1183 καὶ
3317 1130 3501 1202 λέγεις,
3549 1136 3676 1203 μήτε
3712 1137 3852 1203 μετά-

2265 1233 2405 1266 νοιαν
2444 1212 2572 1268 εἶναι
2624 1220 2754 1288 μετὰ
2802 1219 3039 1284 θάνατον,
3092 1223 3224 1291 μήτε
3272 1222 3389 1271 τινα
3433 1223 3523 1272 τὸν
3583 1217 3852 1291 δυνάμενον

2267 1302 2526 1366 ἐξελέσθαι
2555 1303 2657 1358 ἀπὸ
2706 1313 2798 1366 τῆς
2847 1305 2901 1358 ἐκ
2951 1314 3044 1359 τοῦ
3094 1314 3228 1360 Θεοῦ
3287 1307 3702 1380 ἀπονεμηθείσης
3745 1308 3858 1360 ἐκά-

2269 1411 2376 1464 στῳ
2421 1393 2699 1458 κολάσεως,
2776 1391 2829 1447 εὖ
2878 1394 2937 1446 ἀν
2985 1398 3123 1467 ἔχοι.
3177 1400 3415 1468 Πέμπτον
3482 1402 3604 1471 περὶ
3663 1395 3854 1470 βιϐλίου

2263 1487 2353 1534 τοῦ
2401 1480 2758 1554 ἐπιλεγομένου
2801 1490 2891 1536 τοῦ
2943 1485 3224 1538 Ἀντωνίου
3256 1501 3268 1514 ⁸
3321 1486 3404 1537 ὅτι
3469 1484 3635 1556 λέγεις
3685 1485 3858 1538 εύαπὸ-

2268 1567 2448 1623 δεκτον
2501 1569 2629 1624 εἶναι
2685 1571 2734 1623 έν
2866 1573 3029 1625 πολλὰ
3077 1571 3384 1647 βλάσφημα,
3416 1577 3489 1635 ὡς
3526 1576 3680 1644 ἡμεῖς
3717 1574 3855 1627 αὐτοὶ

2266 1660 2565 1732 ἀναγνόντες
2600 1663 2840 1733 ἔγνωμεν.
2917 1667 3016 1714 Καὶ
3094 1671 3251 1714 τοῦτο
3324 1665 3531 1735 ἐπείπερ
3607 1662 3857 1734 ὁμολογεῖς

507 1760 570 1800 re
626 1750 728 1800 aut
760 1743 953 1814 legere
994 1761 1007 1799 :
1051 1759 1246 1816 neque
1284 1749 1357 1810 te,
1408 1759 1602 1817 neque
1633 1744 1764 1800 illos
1805 1745 1908 1815 qui
1961 1753 2156 1802 tecum

2268 1748 2649 1802 ἀποϐάλλεσθαι
2730 1753 2799 1812 ὡς
2883 1749 3143 1824 ἀλλότριον
3208 1759 3304 1812 τῆς
3382 1751 3698 1812 Ἐκκλησίας
3771 1759 3855 1804 τοῦ

509 1838 647 1890 sunt
699 1851 712 1898 ;
759 1833 912 1889 bene
951 1832 1151 1890 habet.
1205 1833 1670 1906 Benedictusque
1725 1835 1800 1890 sit
1837 1835 2016 1900 Deus,
2058 1836 2155 1906 qui

507 1923 809 1998 praedictis
836 1923 1138 1980 scandalis
1169 1939 1275 1980 vos
1313 1925 1591 1996 purgavit
1629 1942 1641 1980 :
1684 1929 1742 1980 et
1774 1925 2156 1982 benedictum

505 2029 729 2070 nomen
769 2012 970 2083 gloria:
1021 2013 1172 2084 ejus,
1215 2013 1380 2086 quod
1422 2016 1718 2086 persuasit
1751 2021 1812 2070 ut
1846 2016 2073 2070 diceres
2104 2021 2157 2070 te

502 2102 792 2159 rusticum
830 2118 957 2158 esse
1006 2106 1184 2176 atque
1227 2103 1592 2176 imperitum,
1634 2119 2067 2176 cessurumque
2097 2105 2156 2159 in

505 2191 811 2257 omnibus,
861 2195 916 2247 et
966 2191 1520 2264 obtemperaturum
1571 2193 1765 2248 verbis
1808 2192 2157 2249 humilitatis

511 2297 683 2338 meae.

583 2479 705 2546 Ego
735 2491 874 2561 vero
894 2475 1042 2532 nihil
1072 2481 1284 2549 printer
1314 2493 1385 2533 ea
1421 2493 1558 2549 quas
1591 2493 1627 2534 a
1657 2478 1876 2534 sanctis
1924 2481 2162 2549 aposto-

520 2565 598 2620 lis
623 2565 996 2639 ctprOphetis
1022 2569 1078 2621 et
1095 2565 1361 2622 Patribus
1380 2565 1664 2622 divinitus
1677 2567 1982 2622 enuntiata
2003 2569 2164 2636 sunt,

523 2653 795 2710 suadebo
829 2653 922 2709 vel
963 2654 1346 2726 praescribam
1399 2671 1412 2710 :
1455 2655 1559 2710 sed
1607 2655 1721 2710 hoc
1759 2656 1978 2726 ipsum,
2016 2657 2165 2713 sicut

516 2743 821 2814 scripsisti.
867 2747 925 2798 ut
956 2742 1163 2798 credas
1202 2742 1262 2796 in
1301 2747 1572 2798 sanctam
1611 2744 1975 2810 Trinitatem,
2004 2744 2162 2799 indi-

504 2831 698 2887 visam
728 2831 1006 2897 essentia,
1035 2831 1291 2887 divisam
1325 2831 1769 2887 characteribus
1805 2850 1817 2888 :
1846 2834 1904 2888 in
1929 2834 2160 2889 Patrem

507 2925 566 2976 et
619 2920 826 2976 Filium
874 2925 930 2975 et
991 2920 1271 2993 Spiritum
1327 2926 1604 2976 sanctum
1659 2941 1672 2990 ;
1727 2937 1914 2976 unum
1952 2925 2157 2988 Deum,

505 3025 694 3064 unum
729 3011 1086 3066 Dominum:
1123 3010 1275 3065 sicut
1303 3014 1360 3065 et
1399 3026 1518 3065 una
1551 3010 1718 3064 ﬁdes.
1758 3011 1853 3065 Est
1878 3016 2078 3066 autem
2103 3016 2160 3067 et

505 3101 672 3154 Pater
717 3099 889 3165 Deus,
931 3104 986 3154 et
1006 3098 1180 3154 Filius
1201 3099 1374 3163 Deus,
1416 3103 1473 3154 et
1495 3099 1744 3169 Spiritus
1787 3103 1936 3154 Deus
1977 3119 1993 3171 ;

509 3191 628 3242 tres
663 3187 765 3253 dii,
799 3188 955 3244 absit
987 3187 998 3242 l
1033 3187 1136 3243 sed
1168 3203 1323 3242 unus
1352 3191 1522 3252 Deus,
1556 3189 2075 3259 quemadmodum
2104 3194 2158 3244 et

510 3276 819 3332 Dominus.
851 3279 968 3333 Hoc
986 3283 1072 3332 est
1104 3275 1415 3346 theologias
1433 3277 1676 3347 dogma.
1711 3280 1786 3332 De
1818 3278 2157 3333 oeconomia

508 3374 711 3422 autem
743 3367 1000 3430 credere,
1045 3382 1233 3421 unum
1269 3366 1343 3421 de
1386 3373 1590 3422 sancta
1623 3366 1924 3432 Trinitate,
1974 3367 2156 3424 Patris

504 3453 895 3525 beneplacito,
928 3460 982 3511 et
1012 3455 1434 3525 cooperatione
1455 3455 1640 3510 sancti
1673 3455 1941 3527 Spiritus,
1973 3457 2159 3512 incar-

514 3549 722 3599 natum
739 3560 871 3598 esse
895 3544 970 3598 de
1001 3549 1208 3599 sancta
1230 3544 1502 3614 Deipara,
1532 3545 1986 3614 superveniente
2018 3546 2072 3600 in
2099 3545 2158 3600 il-

507 3630 628 3686 lam
661 3631 880 3702 Spiritu
912 3637 1214 3698 sanclo,et
1237 3633 1316 3688 ita
1345 3632 2162 3689 obumbranteAltissimivir-

509 3724 650 3784 tute,
686 3719 838 3775 sicut
867 3720 1032 3775 estin
1066 3721 1382 3789 Evangelio
1411 3723 1456 3756 ⁸⁷
1490 3739 1503 3789 ;
1538 3738 1609 3777 ex
1635 3739 1756 3793 qua
1782 3727 1837 3777 et
1869 3729 2046 3778 natus
2075 3727 2163 3778 est

508 3808 692 3863 homo
719 3809 1013 3879 perfectus
1044 3809 1298 3865 simulet
1315 3812 1464 3865 Deus
1497 3810 1787 3880 perfectus
1821 3829 1834 3876 ;
1870 3827 2023 3866 unus
2054 3812 2160 3882 hy-

510 3897 758 3968 postasi,
791 3897 1010 3969 duplex
1034 3903 1284 3962 natura;
1318 3899 1837 3970 quemadmodum
1859 3900 2040 3956 divini
2064 3907 2161 3956 Pa-

512 3987 646 4051 tres,
679 3991 976 4058 etseptem
999 3991 1220 4042 sanctae
1237 3989 1622 4043 cacumenicaa
1645 3989 1856 4060 synodi
1874 4005 2162 4060 exposue-

510 4082 666 4128 runt.
725 4075 1000 4130 Conﬁteri
1053 4075 1232 4131 etiam
1295 4077 1584 4145 virginem
1659 4078 1968 4149 Deiparam
2005 4095 2160 4146 esse,

511 4163 795 4218 omnibus
824 4163 1234 4220 sublimiorem
1263 4170 1320 4220 et
1345 4165 1790 4221 honoratiorem
1825 4184 1839 4233 ;
1871 4183 2007 4238 quae
2037 4184 2161 4223 ma-

515 4256 680 4306 terno
709 4252 840 4322 jure
872 4253 1034 4324 apud
1069 4253 1276 4308 Filium
1310 4271 1485 4309 suum
1523 4270 1592 4309 ac
1623 4255 1937 4310 Dominum
1972 4257 2164 4326 possit

514 4355 622 4411 pro
654 4341 929 4396 universo
956 4342 1184 4397 mundo
1216 4343 1596 4398 intercedere.
1620 4344 1876 4415 Angelos
1893 4343 2160 4400 conﬁteri

509 4443 753 4500 quoque
787 4434 849 4484 ut
877 4431 1269 4502 angelos,qui
1291 4437 1348 4487 et
1377 4433 1487 4503 ipsi
1511 4449 1874 4504 magnopere
1906 4450 2012 4503 pro
2038 4450 2164 4489 om-
2201 4462 2242 4516 D

513 4516 691 4572 nibus
717 4518 1067 4574 hominibus
1095 4519 1507 4592 deprecentur.
1539 4525 1760 4578 Horum
1803 4529 2002 4578 autem
2025 4539 2161 4578 con-

515 4606 694 4661 sortio
721 4621 912 4676 genus
939 4607 1284 4664 daamonum
1331 4610 1637 4666 exclusum
1678 4627 1806 4666 esse
1848 4612 1904 4665 in
1945 4611 2163 4667 saecula

512 4697 895 4766 sempiterna,
920 4697 1284 4770 eosdemque
1306 4700 1547 4770 proprio
1573 4700 1876 4754 domicilio
1897 4716 2003 4772 per
2020 4716 2159 4772 apo-

515 4787 756 4841 stasiam
797 4787 1035 4857 ejectos,
1082 4793 1260 4860 atque
1300 4805 1335 4843 a
1377 4791 1492 4844 Deo
1541 4788 1617 4843 ad
1653 4789 1812 4858 justa
1867 4789 2163 4860 supplicia

514 4873 857 4930 damnatos.
901 4876 1168 4931 Conﬁteri
1209 4878 1387 4932 etiam
1440 4883 1679 4932 sanctos
1728 4893 1958 4943 omnes,
2003 4877 2160 4933 velut

515 4962 772 5017 famulos
798 4964 913 5029 Dei,
949 4981 1058 5035 pro
1100 4965 1288 5020 salute
1321 4970 1522 5020 nostra
1560 4981 1739 5036 posse
1781 4967 1942 5036 apud
1977 4969 2158 5020 Deum

515 5049 899 5106 intercedere.
943 5053 1217 5108 Conﬁteri
1252 5058 1534 5124 praeterea
1573 5058 1813 5108 sanctas
1842 5053 2158 5124 imagines,

515 5143 570 5194 et
599 5139 784 5210 ipsius
809 5142 1043 5197 Domini
1067 5143 1247 5198 nostri
1281 5144 1418 5196 Jesu
1441 5141 1668 5209 Christi,
1697 5149 1752 5196 et
1779 5143 1985 5196 matris
2010 5143 2159 5214 ejus,

514 5229 995 5302 Angelorumque
1021 5247 1090 5286 ac
1110 5237 1453 5286 sanctorum
1478 5230 1772 5294 omnium,
1803 5235 1858 5284 et
1884 5231 2152 5290 adorare.

516 5322 573 5374 et
609 5319 930 5390 suscipere,
965 5321 1132 5391 iuxta
1161 5321 1221 5375 id
1252 5320 1412 5393 quod
1445 5325 1531 5376 est
1563 5321 1618 5374 in
1639 5318 1874 5374 Nicaana
1895 5321 2159 5375 secunda

518 5407 754 5478 synodo
769 5409 1156 5466 constitutum
1181 5425 1194 5477 ;
1223 5414 1278 5466 et
1293 5408 1790 5466 anathematizare
1807 5423 2016 5464 omnes
2036 5409 2159 5465 hae-

589 5569 637 5605 θο
666 5570 840 5628 Joan.
881 5588 938 5638 ι,
971 5575 1057 5628 16.
1161 5573 1205 5607 ⁸⁷
1233 5572 1372 5628 Luc.
1401 5587 1440 5638 1,
1472 5575 1561 5628 35.

2267 1845 2421 1906 Θεοῦ,
2471 1845 2560 1891 καὶ
2630 1844 2818 1912 μηκέτι
2873 1845 3006 1912 μήτε
3069 1843 3209 1912 ἔχειν
3281 1846 3415 1912 μήτε
3470 1839 3853 1913 ἀναγινώσκειν,

2265 1933 2398 2001 μήτε
2423 1931 2499 1993 σε,
2534 1933 2666 2000 μήτε
2716 1932 2838 1990 τοὺς
2865 1929 2996 2002 μετά
3025 1936 3142 1999 σοῦ,
3175 1925 3228 1982 εύ
3275 1931 3336 1981 ἄν
3391 1933 3536 2001 ἔχοι,
3580 1934 3678 1984 Καὶ
3722 1929 3853 1982 εύλο-

2265 2021 2426 2090 γητὸς
2478 2019 2504 2069 ὸ
2558 2021 2689 2080 Θεὸς
2731 2019 2757 2070 ὸ
2785 2020 3139 2089 ποιησάμενος
3176 2020 3508 2091 καθαρισμὸν
3539 2018 3588 2070 έν
3625 2020 3742 2090 ύμῖν
3765 2027 3855 2070 τῶν

2265 2111 2645 2180 προειρημένων
2686 2103 2990 2160 σκανδάλων
3022 2126 3032 2136 ·
3081 2112 3168 2160 καὶ
3213 2107 3553 2180 εύλογημένον
3602 2111 3660 2160 τό
3707 2111 3855 2179 ὄνομα

2266 2205 2360 2259 τῆς
2392 2192 2554 2259 δόξης
2599 2195 2781 2262 αὑτοῦ,
2813 2199 2872 2250 τὸ
2919 2199 3098 2250 πεῑσάν
3131 2215 3188 2249 σε
3243 2197 3400 2250 εἰπεῖν
3453 2200 3688 2272 χωρικόν
3737 2195 3857 2249 εἶναι

2267 2290 2357 2338 καὶ
2414 2284 2614 2357 ἀμαθῆ,
2669 2290 2759 2338 καὶ
2801 2288 2953 2338 εἷκειν
2982 2287 3118 2339 κατὰ
3145 2288 3315 2339 πάντα
3365 2291 3456 2339 καὶ
3485 2287 3756 2339 πείθεσθαι
3791 2293 3854 2355 τῷ

2267 2379 2401 2452 λόγῳ
2424 2388 2516 2440 τῆς
2539 2383 2895 2441 ταπεινώσεως
2914 2399 3038 2453 μου.

2341 2470 2476 2540 Ἐγὼ
2525 2466 2584 2522 δὲ
2622 2466 2772 2522 ούδὶν
2810 2472 2953 2543 παρά
2994 2471 3060 2522 τὰ
3107 2466 3333 2531 θειωδῶς
3360 2468 3718 2542 ἒκπεφασμένα
3761 2473 3853 2526 τοῖς

2271 2559 2435 2630 ἁγίοις
2493 2558 2802 2622 ἀποστόλοις
2852 2564 2942 2612 καὶ
2979 2563 3270 2632 προφήταις
3302 2563 3393 2612 καὶ
3431 2560 3694 2633 Πατράσι,
3725 2575 3851 2628 παρ-

2273 2653 2460 2700 αινέσω
2489 2651 2518 2706 ἦ
2555 2645 2876 2701 διατυπὼσω
2901 2665 2916 2679 ⁸
2951 2647 3060 2700 ἀλλ’
3098 2648 3224 2700 αύτὸ
3263 2655 3437 2712 τοῦτο,
3473 2649 3647 2708 καθὼς
3676 2650 3850 2718 γέγρα-

2273 2757 2389 2809 φας,
2447 2739 2709 2788 πιστεύειν
2755 2755 2812 2788 σε
2864 2735 2934 2797 εἰς
2985 2739 3074 2795 τὴν
3108 2736 3264 2807 ἁγίαν
3303 2733 3514 2808 Τριάδα
3560 2739 3652 2794 τὴν
3700 2732 3849 2804 ἀμερῆ

2273 2826 2387 2879 κατ’
2435 2825 2640 2890 οὐσίαν,
2675 2823 3044 2901 διαιρουμένην
3087 2821 3147 2878 δε
3185 2833 3294 2887 τοῖς
3338 2831 3712 2897 χαρακτῆρσιν
3739 2839 3750 2852 '
3792 2820 3853 2881 εἰς

2274 2919 2479 2989 Πατέρα
2527 2919 2617 2967 καὶ
2669 2916 2788 2967 Υἱὸν
2835 2919 2924 2966 καὶ
2970 2913 3116 2986 ἅγιον
3159 2920 3388 2984 Πνεῦμα,
3451 2914 3542 2966 ἕνα
3585 2915 3732 2974 Θεὸν,
3779 2910 3851 2961 ἕνα

2271 3009 2482 3080 Κύριον,
2539 3005 2670 3057 καθὸ
2724 3009 2814 3057 καὶ
2856 3008 2954 3076 μία
2978 3007 3177 3064 πίστις.
3215 3002 3370 3056 Ἐστι
3402 3000 3462 3056 δὲ
3490 3007 3603 3079 καὶ.
3630 3003 3656 3054 6
3685 3003 3848 3070 Πατήρ

2039 3116 2156 3155 non
2195 3115 2234 3170 ρ
2270 3098 2412 3157 Θεὸς,
2447 3098 2536 3146 καὶ
2573 3095 2598 3145 ό
2638 3095 2752 3153 Υἱός
2790 3096 2933 3158 Θεὸς,
2969 3097 3058 3145 καὶ
3100 3096 3158 3144 τό
3195 3098 3402 3162 Πνεῦμα
3431 3095 3583 3156 Θεὸς,
3634 3091 3691 3142 οὐ
3733 3094 3856 3162 τρεῖς

2269 3191 2412 3248 Θεοὶ,
2445 3189 2514 3256 μὴ
2568 3187 2766 3254 γένοιτο
2799 3181 2812 3235 !
2870 3180 2976 3233 ἀλλ’
3029 3182 3101 3242 εἷς
3132 3184 3280 3244 Θεὸς,
3314 3183 3485 3252 ὥσπερ
3524 3185 3615 3232 καὶ
3663 3181 3850 3252 Κύριος.

2265 3282 2430 3328 Τοῦτο
2477 3281 2572 3334 τῆς
2609 3271 2872 3342 θεολογίας
2927 3273 2983 3322 1'6
3024 3267 3219 3341 δόγμα.
3278 3274 3400 3342 Περὶ
3430 3278 3530 3332 τῆς
3577 3268 3854 3337 οἰκονομίας

2267 3365 2550 3425 πιστεύειν,
2605 3362 2685 3412 ὅτι
2731 3361 2756 3412 ὸ
2807 3361 2874 3420 εἰς
2922 3366 3017 3421 τῆς
3054 3356 3299 3431 Τριάδος,
3355 3355 3576 3430 εὐδοκία
3625 3363 3713 3408 τοῦ
3757 3360 3854 3406 Πα-

2267 3456 2408 3528 τρός,
2448 3455 2538 3503 καὶ
2588 3452 2834 3523 συνεργίᾳ
2881 3454 2971 3500 τοῦ
3019 3447 3170 3519 ἁγίου
3228 3449 3546 3519 Πνεύματος,
3596 3443 3850 3516 έσαρκώθη

2269 3541 2324 3593 ἐκ
2376 3549 2466 3600 τῆς
2521 3538 2672 3610 ἁγίας
2717 3540 2984 3601 Θεοτὸκου,
3030 3535 3528 3608 προεισεληλυθὸτος
3580 3541 3672 3588 τοῦ
3719 3531 3853 3603 ἁγίου

2273 3632 2567 3700 Πνεύματος
2623 3626 2670 3678 έν
2729 3629 2883 3698 αὐτῇ,
2944 3629 3033 3677 καὶ
3094 3624 3257 3686 οὕτως
3317 3627 3721 3681 ἐπισκιάσαντος
3769 3625 3854 3676 τῆς

2269 3726 2362 3771 τοῦ
2388 3717 2636 3788 Ὑψίστου
2686 3711 2975 3786 δυνάμεως,
3028 3716 3164 3766 κατά
3202 3717 3259 3766 τό
3305 3713 3620 3786 Εὗαγγέλιον
3653 3728 3666 3741 ο
3725 3707 3774 3770 ἐξ
3799 3706 3855 3765 ἧς

2270 3813 2359 3860 καὶ
2389 3807 2580 3877 ἐτέχθη
2613 3803 2902 3878 ἅνθρωπος,
2957 3802 3146 3864 τέλειος
3193 3804 3260 3853 ὦν
3292 3801 3340 3853 ἐν
3370 3803 3544 3873 ταύτῷ
3593 3804 3684 3852 καὶ
3736 3797 3853 3854 Θεὸς

2269 3897 2450 3956 τέλειος
2481 3910 2496 3924 ⁸
2545 3895 2615 3955 εἶς
2645 3901 2705 3966 τῇ
2761 3893 3072 3959 ὑποστάσει,
3122 3888 3340 3954 διπλοῦς
3369 3899 3431 3964 τῇ
3465 3894 3616 3964 φύσει
3637 3909 3649 3921 ο
3697 3886 3853 3943 καθὼς

2270 3989 2318 4039 οἱ
2369 3988 2601 4060 θεοφόροι
2650 3987 2891 4058 Πατέρες,
2935 3987 3024 4034 καὶ
3055 3984 3108 4033 αἱ
3157 3981 3286 4034 ἐπτά
3318 3981 3465 4054 ἃγιαι
3520 3977 3852 4050 οἰκουμενικαὶ

2273 4071 2487 4129 σύνοδοι
2519 4074 2740 4136 ἐξέθεντο
2768 4089 2780 4102 ·
2830 4094 2858 4121 (ι
2896 4071 3193 4142 Ὀμολογείν
3221 4090 3274 4123 τε
3304 4075 3397 4129 τὴν
3440 4072 3694 4144 Παρθένον
3736 4073 3852 4117 Θεο-

2270 4169 2437 4226 τόκον,
2496 4164 2700 4215 πάντων
2758 4157 2918 4213 οὖσαν
2984 4160 3308 4232 ὑψηλοτέραν
3372 4164 3463 4212 καὶ
3512 4159 3806 4231 τιμιωτέραν
3836 4165 3847 4177 ⁸

2274 4252 2562 4326 δυναμένην
2623 4270 2677 4303 τε
2736 4249 3035 4325 πρεσϐεύειν
3095 4257 3366 4324 μητρικῶς
3426 4257 3498 4319 τῷ
3566 4246 3720 4305 αὐτῆς
3760 4243 3849 4292 Υίῶ

2272 4347 2360 4395 καὶ
2419 4345 2593 4416 Κυρίῳ
2640 4341 2765 4414 ύπερ
2807 4341 3000 4400 παντὸς
3053 4345 3142 4390 τοῦ
3195 4343 3418 4410 κόσμου.
3470 4335 3758 4409 Ὀμολογείν
3804 4342 3850 4377 τε

2272 4435 2390 4491 τοὺς
2437 4415 2704 4502 ἀγγέλους,
2747 4424 3129 4500 ύπερδεομένων
3181 4431 3269 4478 καὶ
3319 4426 3487 4478 αὐτῶν
3537 4425 3733 4478 πάντων
3778 4415 3848 4466 ἀν-

2277 4523 2506 4592 θρώπων.
2542 4522 2611 4571 T6
2663 4536 2718 4569 τε
2757 4513 3025 4588 δαιμόνιον
3057 4515 3208 4588 φῦλον
3262 4517 3442 4587 ἀμιγὲς
3467 4512 3596 4568 εἶναι
3643 4509 3712 4570 εἰς
3739 4505 3846 4558 αἰῶ-

2272 4629 2362 4670 νας
2416 4606 2798 4671 ἀτελευτήτους,
2858 4608 2987 4680 πρὸς
3036 4604 3222 4666 αύτούς
3279 4608 3337 4656 τὸ
3388 4601 3531 4656 ’ίδιον
3574 4600 3848 4664 οἰκητήριον

2274 4695 2346 4750 δι’
2397 4696 2724 4748 ἀποστασίαν
2770 4694 3139 4759 ἀπολιπόντας,
3186 4698 3274 4745 καὶ
3328 4687 3851 4757 καταδεδικασμένους

2271 4788 2371 4838 ὑπὸ
2417 4793 2549 4840 Θεοῦ
2581 4781 2804 4844 ἐνδίκοις
2855 4783 3154 4837 κολάσεσιν.
3195 4782 3492 4854 Ὀμολογεῖν
3531 4799 3584 4833 τε
3628 4774 3714 4828 καὶ
3747 4771 3851 4827 τοὺς

2273 4876 2456 4947 ἀγίους
2511 4878 2705 4934 πάντας
2759 4877 2824 4934 ὡς
2885 4875 3203 4948 θεράποντας
3249 4880 3402 4939 Θεοῦ,
3458 4866 3745 4945 πρεσϐεύειν
3788 4861 3850 4925 τῷ

2273 4973 2385 5035 Θεῷ
2435 4961 2750 5036 δυναμένους
2800 4963 2872 5024 είς
2919 4967 3185 5034 σωτηρίαν
3236 4964 3400 5034 ἡμῶν.
3447 4960 3561 5014 "En
3607 4950 3850 5027 ὁμολογεῖν

2273 5057 2359 5114 τὰς
2399 5053 2552 5124 ἁγίας
2608 5054 2826 5119 εἰκόνας,
2861 5051 3021 5104 αὐτοῦ
3067 5070 3119 5104 τε
3171 5059 3262 5103 τοῦ
3292 5056 3488 5123 Κυρίου
3529 5041 3848 5124 ἡμῶνΊησοιξ

2272 5151 2527 5216 Χριστοῦ,
2583 5150 2674 5203 τῆς
2733 5161 2787 5195 τε
2854 5141 3014 5194 αὐτοῦ
3071 5143 3303 5214 Μητρὸς,
3371 5139 3596 5212 ἀγγέλων
3661 5149 3711 5183 τε
3770 5123 3846 5222 ﬂ}

2269 5235 2468 5285 πάντων
2518 5230 2698 5303 ἁγίων,
2748 5237 3053 5306 προσκυνεῖν
3081 5249 3134 5282 τε
3185 5233 3272 5281 καὶ
3303 5225 3680 5300 ἀποδέχεσθαι,
3725 5227 3846 5306 fa?“

2267 5324 2323 5374 1'6
2373 5318 2722 5392 δογματισθεν
2779 5328 2840 5392 ’ιῇ
2896 5318 2942 5370 ἓν
2989 5323 3184 5389 Νικαίᾳ
3216 5322 3271 5370 τό
3323 5314 3557 5389 δεύτερον
3610 5299 3799 5372 συνόδῳ
3829 5311 3842 5328 ⁸

2268 5409 2660 5483 ἀναθεματίζειν
2714 5427 2768 5460 τε
2817 5409 3010 5469 πάντας
3063 5410 3350 5483 αἱρετικοὺς
3429 5409 3546 5467 τοὺς
3598 5399 3692 5452 ὑπὸ
3754 5408 3842 5441 των
