4036 6276
304 293 453 350 1529⁵

301 414 536 471 συνόδων
614 417 1147 491 ἀναθεματιζομένους
1178 437 1191 451 ·

300 511 412 568 τοὺς
461 505 771 582 ὀρθοδόξους
827 509 949 581 παρ’
993 507 1163 559 αὐτῶν
1211 506 1652 581 εὐφημουμένους.
1686 509 1831 567 Αύτη
1868 512 1893 568 ὂ

302 595 516 655 ἀληθινή
551 595 713 671 [C0d.
746 600 885 667 Reg.
938 595 1244 671 εἰλικρινὴς]
1274 601 1454 659 πίστις
1499 606 1598 649 τῶν
1649 600 1895 670 Χριστια-

297 693 393 737 νῶν
428 704 439 716 ·
490 694 643 739 τοῦτο
708 690 766 738 τὸ
817 689 1101 759 μαρτύριον
1162 694 1259 747 τῆς
1318 694 1551 762 Χριστοῦ
1594 687 1893 760 ὁμολογίας.

299 777 447 848 Παρὰ
476 782 639 828 ταῦτα
665 776 691 827 ὁ
722 783 917 849 φρονῶν
965 776 1074 834 ἤτω
1113 773 1345 847 ἀνάθεμα
1397 774 1498 828 ἀπὸ
1527 784 1618 829 τοῦ
1672 781 1893 849 Πατρός,

296 868 385 917 καὶ
413 871 502 916 τοῦ
530 866 675 930 Υἰοῦ,
734 869 825 916 καὶ
851 871 941 917 τοῦ
995 863 1151 935 ἁγίου
1184 867 1477 938 Πνεύματος
1512 883 1524 895 ·
1570 868 1708 918 καθοὶ
1736 886 1895 938 φησιν

297 953 322 1004 ὁ
352 951 643 1014 ἀπόστολος
674 952 920 1015 Παῦλος·
958 951 1097 1005 Ὀτι
1135 954 1248 1004 κᾶν
1287 955 1495 1025 ἡμεῖς,
1550 955 1578 1014 ή
1619 953 1895 1025 ἅγγελος

294 1040 357 1104 ἐξ
412 1042 686 1116 ούρανοῦ
730 1042 1246 1115 εύαγγελίξηται
1283 1044 1433 1115 ύμῖν
1472 1044 1612 1119 παρ’
1652 1045 1678 1096 ὃ
1717 1044 1894 1117 εὐηγ-

291 1130 718 1204 γελισάμεθα,
776 1129 1072 1203 ἀνάθεμα
1126 1133 1308 1187 ἔστω.
1357 1131 1448 1193 Ὠς
1502 1138 1887 1208 προείρηκα,

291 1224 403 1272 xui
446 1220 643 1273 πάλιν
672 1220 842 1291 λέγω
874 1238 886 1250 ⁸
930 1224 1003 1273 ΕΖ
1040 1240 1134 1280 τις
1174 1221 1337 1293 ύμας
1388 1222 1891 1294 εὐαγγελίζεται

289 1308 428 1382 παρ’
486 1310 512 1360 ὃ
566 1307 986 1383 παρελάϐετε,
1038 1308 1526 1381 ἁνάθεμαῖστω.
1600 1310 1742 1363 Ἐπεὶ
1800 1320 1888 1365 οῦν

289 1396 441 1457 αὐτὸς
484 1397 811 1469 λεπτομεροῦς
836 1405 1004 1450 ταῦτα
1038 1397 1356 1469 ἐξεκάλυψας
1385 1398 1433 1451 ἐν
1480 1406 1585 1460 τοῖς
1609 1403 1888 1473 γράμμασί

294 1504 387 1538 σου
422 1503 434 1516 ·
471 1482 588 1539 δέον
624 1495 771 1541 πᾶσα
800 1491 999 1561 ἀνάγκη
1033 1489 1357 1561 ὁμολογῆσαί
1406 1507 1465 1541 σε
1498 1489 1632 1540 οὕτω
1665 1497 1883 1562 φρονεῖν.

285 1580 450 1627 Τοῦτο
480 1571 539 1628 δε
563 1579 712 1629 ἔσται
738 1586 848 1638 πῶς
881 1596 894 1641 ;
932 1579 1013 1630 ἵνα
1039 1577 1087 1630 ἓν
1119 1586 1191 1648 τῷ
1224 1577 1534 1649 ηληρώματι
1563 1586 1657 1639 τῆς
1682 1578 1887 1631 ἐπιστο-

284 1663 379 1724 λῆς
408 1667 606 1726 ταύτης
629 1667 947 1739 ὑπογράψης
970 1670 1105 1720 κατά
1142 1670 1199 1719 τὸ
1227 1665 1563 1740 ἰμφερόμενον
1595 1670 1883 1719 πιττάκιον.

1590 292 2105 351 EPISTOLABUM
2141 294 2280 352 LIB;
2318 295 2381 351 II.

1272 417 1639 493 ἀνακηρύττειν
1702 420 1873 472 πάντα

2011 420 2227 476 reticos
2254 421 2359 493 qui
2377 436 2411 476 a
2424 421 2667 493 synodis
2681 419 3160 478 anathematizati
3176 419 3658 490 sunt,prmdicare

3516 292 3667 349 1530

2008 525 2109 565 eos
2134 525 2344 565 omnes
2360 526 2513 581 quos
2529 510 2754 565 easdem
2778 515 2841 565 ut
2866 509 3233 565 orthodoxos
3257 507 3538 563 laudibus
3558 522 3654 562 ex-

2006 599 2287 655 tulerunt.
2321 602 2452 655 Haec
2496 616 2637 654 vera
2665 607 2747 654 est
2787 598 3253 655 Christianorum
3301 597 3448 652 ﬁdes
3492 615 3504 652 :
3538 596 3653 652 hoc

2006 689 2412 745 testimonium
2461 688 2843 744 confessionis
2892 687 3116 743 Christi.
3144 686 3344 742 .Extra
3374 686 3502 741 haec
3544 685 3651 758 qui

2005 778 2198 843 sentit,
2256 778 2580 833 anathema
2631 777 2706 832 sit
2747 793 2784 833 a
2832 777 3014 836 Patre.
3050 781 3107 831 et
3147 775 3310 843 Filio,
3344 780 3399 829 et
3434 774 3652 845 Spiritu

2003 872 2208 922 sancto
2238 884 2249 921 :
2296 866 2445 921 sicut
2473 866 2683 922 Paulus
2713 867 3020 938 apostolus
3054 865 3165 920 ait:
3202 864 3355 920 Licet
3387 879 3513 929 nos,
3542 870 3650 919 aut

1999 958 2251 1027 angelus
2276 957 2347 1013 de
2368 957 2513 1013 creto
2529 955 2884 1025 evangelizet
2898 955 3058 1011 vobis
3073 960 3472 1024 praeterquam
3492 953 3652 1023 quod

1998 1045 2563 1116 evangelizavimus,
2591 1046 2914 1101 anathema
2938 1044 3034 1099 sit.
3069 1044 3239 1099 Sicut
3273 1042 3559 1112 przdizi,
3592 1047 3649 1097 et

1999 1150 2155 1190 nunc
2180 1134 2393 1191 iterum
2414 1134 2544 1190 dico
2574 1156 2592 1186 .-
2618 1134 2685 1189 Si
2709 1134 2838 1205 quis
2866 1133 3022 1188 vobis
3045 1132 3407 1201 evangetizet
3425 1137 3648 1199 praater

1996 1226 2151 1294 quod
2165 1223 2493 1291 accepistis,
2516 1222 2839 1279 anathema
2856 1223 2931 1277 sit
2958 1224 3025 1273 ⁸⁸.
3047 1221 3345 1286 Quoniam
3367 1235 3508 1290 ergo
3522 1219 3647 1275 haec

1999 1312 2342 1383 singillatim
2394 1311 2716 1384 exposuisti
2748 1312 2808 1366 in
2846 1310 3052 1366 litteris
3095 1309 3248 1365 tuis:
3286 1323 3526 1364 necesse
3556 1312 3650 1363 est.

1995 1418 2238 1474 prorsus
2291 1400 2627 1456 conﬁtearis
2679 1405 2735 1456 te
2784 1400 2866 1455 ita
2914 1398 3151 1454 sentire.
3188 1400 3304 1453 Hoc
3356 1412 3497 1452 vero
3540 1395 3646 1468 qui

1994 1490 2094 1547 ﬁet
2109 1490 2137 1546 ‘i
2159 1492 2213 1546 Si
2229 1491 2303 1547 ad
2323 1492 2505 1546 ﬁnem
2523 1489 2790 1561 epistolae
2811 1488 2990 1559 hujus
3015 1486 3361 1542 subscribas
3378 1486 3646 1556 juxtain—

1996 1584 2223 1635 sertum
2251 1580 2310 1634 in
2332 1594 2403 1634 ea
2434 1578 2762 1650 pittacium.
2788 1580 2978 1649 Atque
3008 1578 3090 1632 ita
3109 1590 3234 1645 pax
3266 1576 3388 1640 Dei,
3424 1590 3556 1645 qua?
3570 1589 3644 1631 ex

1993 1674 2232 1738 superat
2246 1683 2473 1724 omnem
2487 1666 3026 1731 sensum,custodiet
3045 1667 3114 1727 5°,
3132 1664 3495 1735 praemioque
3516 1663 3643 1718 afﬁ-

290 1758 391 1805 Kui
417 1752 580 1816 οὕτως
625 1756 656 1813 ἠ
712 1755 937 1827 εἰρήνη
990 1763 1101 1808 τοῦ
1158 1762 1322 1809 Θεοῦ
1380 1756 1410 1813 ή
1458 1756 1873 1828 ὑπερέχουσι

1994 1758 2107 1811 ciet
2145 1773 2252 1811 nos
2308 1763 2361 1810 et
2414 1772 2521 1810 vos
2560 1756 2619 1810 in
2655 1771 2774 1809 uno
2810 1754 3017 1825 spiritu
3057 1758 3113 1809 et
3167 1768 3289 1808 uno
3345 1752 3543 1818 corde,
3581 1756 3645 1806 ut

284 1843 491 1915 πάντα
518 1851 682 1915 νοῦν,
715 1849 1097 1919 φρουρήσει,
1127 1850 1216 1897 καὶ
1249 1842 1529 1918 βραϐεύσει
1552 1846 1689 1916 ἡμᾶς
1713 1864 1767 1897 τε
1794 1851 1884 1899 καὶ

282 1930 418 2001 ὑμᾶς
449 1929 497 1982 έν
523 1929 593 1984 ivi
622 1934 879 2005 πνεύματι
904 1938 993 1985 καὶ
1020 1938 1119 2004 μιᾷ
1147 1929 1367 2007 καρδίᾳ,
1395 1935 1659 1985 πιστεύειν
1682 1938 1771 1985 καὶ
1797 1934 1882 1986 λα-

281 2021 478 2090 τρεύειν
539 2028 601 2093 τῇ
660 2020 789 2094 ἁγίᾳ
840 2019 1033 2095 Τριάδι
1090 2020 1174 2075 ἐπὶ
1247 2026 1484 2096 σωτηρίᾳ
1549 2030 1648 2073 τῶν
1700 2042 1753 2075 τε
1811 2023 1884 2075 οἰ-

280 2113 428 2161 κείων
480 2107 691 2182 ψυχῶν,
731 2114 820 2163 καὶ
873 2118 965 2164 τοῦ
1021 2107 1369 2185 διαιρεθέντος
1408 2110 1534 2163 λαοῦ
1568 2111 1640 2173 εἰς
1670 2108 1769 2164 δύο
1797 2116 1883 2185 μέ-

279 2216 346 2270 ρη
381 2217 394 2231 ·
427 2196 673 2251 ἀπέναντι
723 2207 816 2253 τοῦ
846 2206 1008 2272 κυροῦ
1039 2201 1359 2254 ’Ῑωαννικίου
1400 2207 1491 2253 τοῦ
1529 2208 1881 2273 πνευματικοῦ

1993 1846 2337 1913 credamus,
2362 1845 2755 1916 colamusque
2777 1847 3047 1899 sanctam
3066 1842 3429 1905 Trinitatem,
3452 1840 3528 1896 ad
3552 1856 3643 1896 sa-

1993 1934 2177 1989 lutem
2200 1939 2540 1989 nostrarum
2571 1934 2931 1996 animarum,
2954 1938 3008 1986 et
3030 1929 3235 2002 populi
3255 1929 3313 1984 in
3336 1929 3489 1983 duas
3506 1944 3643 1999 par-

1995 2028 2079 2078 tes
2109 2021 2366 2089 dissecti,
2397 2038 2601 2077 coram
2631 2020 2858 2076 domno
2886 2018 3195 2076 Joannicio
3226 2016 3518 2089 spirituali
3538 2032 3640 2088 pa-

1992 2116 2078 2167 tre
2107 2116 2332 2178 nostro,
2366 2117 2539 2183 teque
2565 2116 2621 2166 et
2644 2116 2809 2182 patre
2836 2113 2891 2164 et
2910 2107 3086 2165 fratre
3110 2112 3314 2164 nostro
3338 2107 3639 2162 honoran-

1994 2201 2073 2257 do
2096 2201 2253 2272 (58').

281 2288 428 2358 ἡμῶν
469 2289 694 2359 Πατρός,
736 2292 826 2341 καὶ
880 2295 975 2340 σοῦ
1031 2296 1123 2341 τοῦ
1182 2294 1360 2362 τιμίου
1418 2293 1508 2341 καὶ
1549 2293 1747 2363 πατρὸς
1789 2294 1881 2343 καὶ
1922 2285 2145 2361 ἀδελφοῦ
2167 2291 2332 2363 ἡμῶν.

494 2393 633 2446 ΡΞΖ¹
663 2393 801 2466 (59).
847 2424 913 2435 -
955 2398 1238 2466 Διογένει
1279 2395 1663 2470 ἀσηκρῆτις.

2274 2397 2520 2454 CLXVII.
2552 2429 2621 2438 —
2653 2396 2905 2467 Diogeni
2923 2393 3241 2452 secretario
3260 2393 3346 2464 (').

765 2500 839 2550 De
870 2502 1208 2552 sanctissima
1237 2503 1469 2568 imagine
1498 2504 1708 2563 Christi,
1745 2508 1798 2555 et
1826 2506 1970 2569 quod
2001 2506 2212 2556 adorari
2237 2506 2455 2556 relative
2484 2506 2671 2555 debeai
2701 2504 3000 2555 non‘latria
3030 2502 3150 2553 coli.

913 2604 1245 2653 ΕΡΩΤΗΣΙΣ.

280 2708 418 2765 Πῶς
450 2699 549 2756 δεῖ
586 2703 800 2778 καλεῖν
838 2708 951 2763 τήν
994 2713 1285 2778 Χριστοῦ
1323 2707 1556 2777 εἰκόνα,
1602 2715 1708 2763 καὶ
1753 2719 1876 2772 πῶς

689 2774 885 2835 αὐτὴν
926 2774 1314 2851 προσκυνεῖν
1352 2786 1504 2854 χρή.

880 2883 1259 2939 ΑΠΟΚΡΙΣΙΣ.

345 2984 403 3038 Ἡ
424 2988 677 3059 ἐρώτησις
708 2984 899 3049 διπλῆν
932 2995 1025 3049 τήν
1073 2990 1354 3067 ἀπόκρισιν
1401 2996 1534 3066 ἔχει,
1590 2998 1748 3066 ἤγουν
1780 3001 1873 3056 τήν

2542 2603 3080 2662 INTERROGATIO.

1988 2710 2284 2779 Quomodo
2335 2712 2705 2781 appellanda
2770 2712 2844 2766 sit
2888 2712 3083 2779 imago
3121 2707 3363 2771 Christi,
3397 2712 3452 2762 et
3490 2720 3631 2777 quo-

2316 2784 2487 2839 modo
2516 2784 2689 2839 illam
2715 2787 2981 2853 oporteat
3011 2782 3288 2836 adorare.

2600 2889 3012 2947 RESPONSIO.

2056 2999 2441 3066 Interrogatio
2467 2998 2769 3070 duplicem
2797 2996 2977 3052 habet
3006 2992 3486 3066 responsionem,
3510 2989 3633 3045 sive

272 3074 477 3133 κλῆσιν.
535 3081 758 3148 Λέγεται
787 3081 886 3154 γὰρ
924 3084 1013 3133 xui
1060 3086 1277 3155 κυρίως,
1334 3088 1422 3135 xui
1469 3083 1527 3135 ού
1585 3090 1776 3159 κυρίως
1814 3089 1873 3138 τό

1987 3087 2471 3157 appellationem.
2522 3087 2739 3142 Dicitur
2805 3085 2961 3141 enim
2998 3090 3054 3139 et
3105 3083 3356 3155 proprie,
3409 3085 3463 3134 et
3510 3094 3631 3134 non

270 3161 348 3215 ἐπ’
380 3163 511 3237 αὐτῇ
556 3165 954 3239 ὀνομαζόμενον.
1003 3174 1210 3244 Κυρίως
1262 3174 1352 3243 μεν
1402 3174 1525 3246 γὰρ,
1572 3174 1721 3225 εἰκὼν
1750 3183 1875 3247 Χρι.

271 3260 399 3304 στοῦ
431 3256 655 3325 εἴρηται,
684 3257 713 3314 ἡ
750 3256 899 3308 εἰκὼν
928 3261 1089 3310 αὐτοῦ
1120 3280 1131 3291 ·
1166 3259 1224 3311 οὐ
1251 3264 1444 3333 κυρίως
1469 3259 1548 3326 δὲ,
1572 3264 1693 3314 ὅταν
1716 3264 1874 3324 καλῆ-

267 3360 354 3393 ται
387 3347 636 3415 Χριστός,
688 3344 815 3397 ἀλλὰ
857 3349 989 3399 κατὰ
1017 3349 1353 3420 κατάχρησιν
1384 3352 1454 3412 ὡς
1502 3352 1637 3422 ἔχει.
1676 3351 1790 3405 Ἐπί
1820 3374 1875 3412 τι

266 3438 360 3482 τοῦ
390 3431 649 3493 ζωοποιοῦ
684 3442 915 3508 σταυροῦ
937 3440 1026 3488 καὶ
1067 3444 1158 3489 τοῦ
1182 3440 1350 3490 τύπου
1383 3439 1565 3509 αὐτοῦ,
1590 3440 1873 3513 ὁμολογοῦν

266 3522 325 3570 τό
386 3522 655 3594 θεώρημα,
696 3522 968 3586 Ὡσαύτως
1014 3530 1103 3577 xui
1161 3528 1244 3579 ἐπὶ
1297 3535 1391 3590 τῆς
1448 3534 1868 3603 προσκυνήσεως,

263 3610 645 3684 παραπλησίως
694 3621 766 3683 τῷ
820 3616 963 3686 τύπῳ
1020 3623 1111 3668 τοῦ
1142 3625 1392 3692 σταυροῦ,
1434 3620 1463 3677 ἡ
1492 3623 1868 3693 προσκύνησις.

265 3704 489 3769 Σχετική
520 3703 643 3772 γὰρ,
701 3704 766 3763 ὡς
795 3711 894 3753 τῶν
948 3708 1074 3777 πρός
1123 3724 1172 3756 τι
1225 3709 1402 3771 ὅντων,
1444 3710 1787 3780 πρωτοτύπου
1818 3730 1872 3764 τε

262 3791 354 3839 καὶ
400 3787 615 3853 εἰκόνος,
653 3792 790 3843 κατά
833 3796 927 3849 τὴν
957 3797 1126 3864 φωνὴν
1168 3802 1260 3846 τοῦ
1289 3795 1515 3867 μεγάλου
1566 3797 1865 3854 Βασιλείου.

258 3874 321 3929 Ἠ
367 3878 470 3950 γὰρ
526 3883 652 3950 τιμὴ
710 3880 806 3941 τῆς
857 3880 1051 3943 εἰκόνος
1108 3880 1191 3935 ἐπὶ
1239 3887 1297 3936 τό
1352 3889 1690 3959 πρωτότυπον
1740 3887 1867 3940 ἀνα-

263 3964 428 4019 ϐαίνει
457 3983 469 3996 ·
520 3969 634 4020 ἔστι
686 3978 786 4021 τῶν
825 3968 1123 4044 ἀμφοτέρων
1182 3976 1280 4043 μία
1307 3975 1338 4032 ἠ
1371 3978 1729 4047 προσκύνησις
1762 4000 1774 4011 ·
1808 3979 1866 4031 ού

268 4055 590 4127 σχιζομένη,
645 4055 769 4111 οὐδὲ
809 4056 1172 4132 διαιρουμένη,
1208 4060 1315 4113 ἀλλ’
1366 4066 1450 4116 ἐπὶ
1495 4067 1584 4136 μεν
1614 4074 1703 4119 τοῦ
1730 4087 1867 4141 πρω-

263 4146 492 4197 τοτύπου
520 4143 792 4207 οὐσιωδῶς
822 4165 834 4177 ·
888 4148 973 4203 ἐπὶ
1021 4146 1080 4202 δὲ
1130 4159 1221 4203 τοῦ
1250 4158 1571 4225 παραγωγου
1606 4166 1866 4227 σχετικῶς

262 4234 632 4304 ὑπάρχουσα⁸
688 4237 862 4311 ὥσπερ
918 4243 1008 4291 καὶ
1053 4242 1110 4291 τό
1160 4237 1303 4302 εἶδος
1352 4248 1448 4303 τῆς
1492 4252 1697 4317 μορφῆς
1738 4263 1749 4275 ·
1785 4246 1865 4298 ὁτι

261 4320 367 4374 ἐκεῖ
413 4326 502 4394 μεν
550 4334 805 4396 φυσικῶς,
856 4328 1076 4380 ἐνταῦθα
1107 4325 1166 4381 δὲ
1195 4331 1447 4400 μεθεκτῶς
1496 4334 1764 4406 πάρεστιν.
1806 4334 1863 4387 Ὀ

1984 3175 2242 3246 preprie,
2297 3176 2356 3231 id
2395 3176 2559 3247 quod
2616 3177 2677 3231 in
2718 3192 2790 3231 ea
2842 3174 3206 3229 nominatur.
3274 3169 3530 3240 Proprie,
3578 3166 3630 3223 si

1983 3280 2200 3335 nempe
2231 3264 2431 3335 imago
2470 3265 2696 3335 Christi,
2748 3264 2877 3335 ejus
2929 3264 3128 3329 imago
3190 3260 3421 3314 dicatur
3464 3272 3628 3323 ;non

1983 3357 2221 3426 proprie
2253 3361 2475 3418 autem,
2508 3354 2551 3408 si
2587 3354 2847 3409 Christus
2872 3350 3219 3424 appelletur,
3255 3347 3359 3402 sed
3393 3362 3495 3418 per
3534 3361 3628 3400 ca-

1983 3443 2323 3499 tachresim.
2408 3445 2471 3498 In
2533 3443 2727 3499 viviﬁa
2803 3443 2941 3497 item
3010 3455 3206 3507 cruce,
3270 3443 3325 3492 et
3376 3438 3435 3491 in
3493 3435 3622 3506 ejus

1981 3532 2192 3601 efﬁgie,
2253 3548 2364 3606 par
2414 3538 2502 3589 est
2568 3534 2741 3591 ratio.
2804 3532 2893 3588 Sic
2950 3529 3129 3585 etiam
3176 3530 3233 3582 in
3278 3524 3625 3581 adoratione

1982 3622 2260 3691 imaginis
2341 3622 2605 3678 similiter
2680 3628 2858 3692 atque
2916 3620 2974 3674 in
3052 3618 3242 3673 crucis
3295 3614 3510 3684 efﬁgie,
3560 3627 3622 3668 se

1981 3710 2163 3766 habet
2189 3712 2478 3767 adoratio.
2536 3710 2797 3767 Relativa
2828 3710 2987 3765 enim
3032 3712 3133 3772 est,
3191 3711 3479 3777 tanquam
3527 3717 3630 3757 eo-

1978 3816 2112 3855 rum
2144 3817 2280 3872 qua:
2312 3800 2389 3855 ad
2431 3799 2657 3873 aliquid
2685 3805 2843 3866 sunt,
2895 3794 3197 3870 prototypi
3238 3799 3295 3849 et
3324 3791 3623 3863 imaginis,

1970 3890 2145 3961 juxta
2175 3889 2420 3945 eﬁ'atum
2448 3890 2650 3958 magni
2680 3889 2876 3945 Basilii
2925 3889 2992 3941 ⁷ο.
3043 3889 3240 3941 Honor
3287 3884 3445 3937 enim
3477 3882 3623 3936 ima-

1977 3978 2130 4049 ginis
2154 3979 2438 4034 ascendit.
2463 3981 2537 4034 ad
2562 3984 2947 4050 prototypum
2970 3996 2982 4032 :
3010 3991 3127 4030 una
3148 3973 3373 4046 quippe
3390 3975 3477 4024 est
3497 3986 3623 4025 am-

1976 4069 2192 4121 borum
2227 4068 2517 4133 adoratio,
2552 4084 2670 4122 non
2700 4070 2903 4131 scissa,
2940 4079 3131 4135 neque
3158 4060 3352 4117 divisa
3384 4079 3397 4127 ;
3433 4058 3536 4114 sed
3562 4058 3621 4111 in

1977 4161 2293 4227 prototypo
2324 4156 2567 4228 quidem
2595 4154 2986 4210 essentialiter
3011 4152 3316 4215 exsistens,
3343 4149 3401 4204 in
3427 4145 3623 4214 efﬁgie

1975 4260 2116 4300 vero
2146 4261 2447 4316 expressa,
2480 4245 2744 4302 relative.
2777 4241 3299 4309 Quemadmodum
3326 4244 3382 4292 et
3411 4236 3620 4291 formas

1978 4334 2233 4404 species,
2266 4334 2381 4389 illic
2417 4334 2662 4406 quidem
2693 4331 3063 4399 naturaliter,
3093 4328 3191 4384 hic
3217 4343 3358 4382 vero
3392 4324 3623 4398 partici-

259 4418 385 4482 γοῦν
447 4422 752 4485 προσκυνῶν
781 4419 875 4474 τήν
924 4416 1095 4469 εἰκόνα
1124 4418 1442 4490 οὑτινοσοῦν,
1477 4424 1576 4473 εἶτε
1605 4428 1860 4494 Χριστοῦ,

1987 4423 2235 4493 satione.
2261 4423 2369 4489 Qui
2401 4439 2537 4495 ergo
2565 4422 2776 4478 adorat
2819 4420 3141 4493 imaginem
3186 4417 3615 4487 cujuscunque,

261 4500 362 4552 εἶτε
391 4509 481 4561 τῆς
512 4507 791 4570 Θεοτόκου,
844 4508 943 4558 εἴτε
981 4505 1153 4578 ἁγίου,
1210 4511 1310 4561 εἴτε
1359 4509 1531 4571 ἁπλῶς
1583 4508 1859 4587 βασιλέως,

259 4592 361 4641 εἶτε
422 4591 700 4664 ἄρχοντος,
764 4595 863 4645 εἶτε
911 4596 1181 4667 ὑφειμένου
1258 4596 1550 4671 ἀνθρώπου,
1593 4599 1643 4651 έν
1694 4603 1858 4674 ταύτῃ

258 4681 619 4751 προσεκύνησε
662 4684 748 4733 τόν
787 4678 943 4757 οὗπερ
1025 4689 1156 4744 αὕτη
1214 4690 1465 4759 τυγχάνει
1518 4688 1663 4741 εἰκών
1698 4710 1709 4722 ’
1772 4696 1862 4743 καὶ

260 4766 395 4819 οὕτω
449 4778 754 4841 προσκυνῶν
810 4771 869 4823 ού
928 4774 1208 4845 σφάλλεται
1256 4775 1363 4827 ἀλλ’
1412 4774 1703 4849 ὀρθοδόξως
1729 4778 1861 4852 ἐρει-

259 4852 497 4926 δόμενος,
573 4861 689 4918 τοὺς
736 4858 810 4931 ἐφ’
870 4860 1086 4935 ἑκάτερᾳ
1134 4872 1195 4936 τῇ
1256 4863 1473 4938 ἀληθείᾳ
1526 4865 1860 4920 ἀντιπίπτον-

256 4964 372 5010 τας,
405 4942 615 5007 ἐνδίκως
647 4946 1013 5023 ἀποκρούεται.
1046 4957 1187 5013 Τίνες
1236 4950 1295 5006 δε
1327 4951 1471 5006 οὗτοι
1499 4975 1512 5023 ;
1566 4957 1615 5007 οἶ
1652 4976 1705 5009 τε
1757 4956 1859 5010 απ-

257 5040 581 5107 αναινόμενοι
631 5047 939 5112 προσκυνεῖν
992 5043 1085 5103 τὰς
1144 5047 1339 5105 σεπτὰς
1393 5044 1591 5106 εἰκόνας
1625 5063 1637 5074 ·
1689 5052 1776 5099 καὶ
1808 5049 1857 5099 οἱ

256 5122 305 5175 ἰν
362 5132 423 5196 τῇ
496 5132 853 5199 προσκυνήσει
916 5128 1163 5200 λέγοντες,
1221 5132 1354 5184 αύτά
1419 5136 1485 5185 τὰ
1540 5139 1857 5206 πρωτότυπα

322 5240 370 5274 ⁸⁸
400 5241 586 5307 Galat,
627 5258 665 5307 ι,
743 5245 795 5309 8,
822 5244 876 5297 9.
954 5246 1001 5280 ⁶⁹
1031 5245 1236 5318 Philip.
1262 5248 1351 5314 IV,
1381 5254 1438 5304 7.

1971 4513 2091 4566 sive
2114 4512 2341 4577 Christi,
2375 4513 2497 4567 sive
2525 4511 2811 4583 Deiparce,
2842 4512 2960 4565 sive
2992 4510 3200 4576 sancti,
3240 4506 3364 4561 sive
3396 4502 3618 4574 simpli-

1972 4602 2111 4657 citer
2131 4602 2306 4671 regis,
2349 4602 2468 4656 sive
2496 4599 2798 4673 principis,
2832 4599 2953 4654 sive
2982 4597 3273 4653 inferioris
3298 4592 3561 4649 hominis
3598 4609 3612 4659 ;

1969 4692 2028 4745 in
2058 4690 2171 4746 hac
2203 4691 2473 4746 adoravit
2501 4690 2666 4745 illum
2700 4690 2870 4760 cujus
2901 4689 3031 4760 ipsa
3056 4692 3140 4742 est
3172 4686 3372 4753 imago
3406 4700 3420 4751 ;
3452 4685 3511 4737 et
3537 4680 3617 4737 ita

1969 4779 2231 4835 adorans
2281 4795 2402 4835 non
2442 4784 2616 4845 errat,
2651 4778 2757 4833 sed
2805 4777 3135 4833 orthodoxe
3179 4775 3477 4835 ﬁrmatus,
3512 4786 3615 4825 eos

1968 4870 2069 4942 qui
2103 4870 2329 4924 veritati
2357 4868 2700 4924 alterutram
2723 4870 2782 4923 in
2813 4872 3035 4939 partem
3061 4864 3378 4929 obsistunt,
3404 4859 3614 4916 merito

1966 4958 2219 5030 repellit.
2258 4958 2515 5023 Quinam
2538 4974 2677 5013 vero
2700 4959 2755 5013 hi
2786 4962 2922 5011 sunt
2949 4956 3118 5011 itum
3146 4953 3185 5007 ii
3208 4951 3311 5024 qui
3330 4964 3612 5005 veneran-

1966 5048 2076 5103 das
2100 5048 2391 5119 imagines
2414 5047 2665 5103 adorare
2691 5047 2999 5111 abnuunt;
3033 5049 3155 5099 tum
3191 5042 3227 5096 ii
3251 5039 3352 5113 qui
3376 5040 3437 5094 in
3470 5038 3611 5095 ado-

1966 5137 2193 5192 ratione
2215 5137 2437 5203 dicunt,
2470 5142 2785 5209 prototypa
2812 5136 2940 5207 ipsa
2966 5149 3027 5189 se
3049 5131 3294 5206 physice
3316 5129 3568 5185 adorare
3596 5143 3610 5183 :

1524 5251 1571 5285 ⁷⁰
1604 5253 1768 5306 Tom.
1802 5254 1866 5315 ll,
1902 5254 1980 5308 De
2010 5254 2248 5321 Spiritu
2273 5261 2502 5324 sancto,
2535 5270 2592 5309 c.
2645 5256 2729 5319 18,
2765 5268 2824 5324 ρ.
2862 5252 2988 5308 189.

1820 5349 2049 5406 NOT/E.

325 5435 458 5516 (53')
500 5436 910 5516 Baroniusqui
926 5440 1165 5516 ad_ann.
1181 5444 1302 5516 825,
1320 5459 1377 5516 n.
1394 5444 1481 5514 68,
1496 5444 1654 5502 hanc
1668 5446 1843 5516 epist.

250 5509 477 5573 recitat,
511 5511 680 5564 notat
705 5509 974 5567 ultimam
995 5512 1247 5570 fortasse
1272 5509 1504 5573 fuissea
1532 5509 1843 5575 Theodoro

252 5576 481 5647 datam,
508 5579 803 5651 siquidem
834 5598 995 5640 anno
1025 5586 1295 5658 sequenti
1325 5601 1359 5643 e
1387 5588 1534 5644 vivis
1566 5590 1834 5647 excessit.

2030 5449 2142 5523 (59)
2172 5450 2236 5505 In
2265 5449 2402 5507 cod.
2433 5452 2572 5522 Reg.
2614 5449 2757 5523 μηθ’.

2023 5521 2097 5592 (θ)
2131 5523 2502 5592 Dogmatica.
